  <div class='ocr_page' id='page_1' title='image "/cluster/home/n/w/nwhite01/storage/ocr_20150623/32/hvd.32044048207401/473.png"; bbox 0 0 4054 6228; ppageno 0'>
   <div class='ocr_carea' id='block_1_1' title="bbox 558 314 662 371">
    <p class='ocr_par' dir='ltr' id='par_1_1' title="bbox 558 314 662 371">
     <span class='ocr_line' id='line_1_1' title="bbox 558 314 662 371; baseline -0.029 0"><span class='ocrx_word' id='word_1_1' title='bbox 558 314 662 371; x_wconf 71' lang='lat' dir='ltr'>93B</span> 
     </span>
    </p>
   </div>
   <div class='ocr_carea' id='block_1_2' title="bbox 1902 284 3837 365">
    <p class='ocr_par' dir='ltr' id='par_1_2' title="bbox 1902 284 3837 365">
     <span class='ocr_line' id='line_1_2' title="bbox 1902 284 3837 365; baseline 0.001 -11"><span class='ocrx_word' id='word_1_2' title='bbox 1902 284 1993 355; x_wconf 73' lang='lat' dir='ltr'>&#39;s.</span> <span class='ocrx_word' id='word_1_3' title='bbox 2032 290 2283 351; x_wconf 83' lang='lat' dir='ltr'>BASILII</span> <span class='ocrx_word' id='word_1_4' title='bbox 2319 290 2539 349; x_wconf 86' lang='lat' dir='ltr'>MAGNI</span> <span class='ocrx_word' id='word_1_5' title='bbox 3748 312 3837 365; x_wconf 63' lang='lat'>933</span> 
     </span>
    </p>
   </div>
   <div class='ocr_carea' id='block_1_3' title="bbox 560 412 2204 508">
    <p class='ocr_par' dir='ltr' id='par_1_3' title="bbox 560 422 2204 508">
     <span class='ocr_line' id='line_1_3' title="bbox 560 422 2204 508; baseline -0.012 -15"><span class='ocrx_word' id='word_1_6' title='bbox 560 438 789 508; x_wconf 82' lang='lat' dir='ltr'>septem</span> <span class='ocrx_word' id='word_1_7' title='bbox 822 444 946 487; x_wconf 89' lang='lat' dir='ltr'>non</span> <span class='ocrx_word' id='word_1_8' title='bbox 966 429 1208 485; x_wconf 87' lang='lat' dir='ltr'>exactos</span> <span class='ocrx_word' id='word_1_9' title='bbox 1239 428 1649 484; x_wconf 85' lang='lat' dir='ltr'>annos.Erant</span> <span class='ocrx_word' id='word_1_10' title='bbox 1678 427 1875 481; x_wconf 85' lang='lat' dir='ltr'>autem</span> <span class='ocrx_word' id='word_1_11' title='bbox 1900 422 2085 478; x_wconf 91' lang='lat' dir='ltr'>duces</span> <span class='ocrx_word' id='word_1_12' title='bbox 2104 434 2204 475; x_wconf 90' lang='lat' dir='ltr'>eo-</span> 
     </span>
    </p>
   </div>
   <div class='ocr_carea' id='block_1_4' title="bbox 2314 412 3847 508">
    <p class='ocr_par' dir='ltr' id='par_1_4' title="bbox 2320 412 3847 493">
     <span class='ocr_line' id='line_1_4' title="bbox 2320 412 3847 493; baseline 0.01 -28"><span class='ocrx_word' id='word_1_13' title='bbox 2320 412 2513 484; x_wconf 76' lang='grc' dir='ltr'>ἐγένετο</span> <span class='ocrx_word' id='word_1_14' title='bbox 2570 417 2684 489; x_wconf 84' lang='grc'>(46)</span> <span class='ocrx_word' id='word_1_15' title='bbox 2738 420 2836 492; x_wconf 87' lang='grc' dir='ltr'>πρὸ</span> <span class='ocrx_word' id='word_1_16' title='bbox 2882 416 3011 472; x_wconf 88' lang='grc' dir='ltr'>δέκα</span> <span class='ocrx_word' id='word_1_17' title='bbox 3069 423 3157 471; x_wconf 89' lang='grc' dir='ltr'>καὶ</span> <span class='ocrx_word' id='word_1_18' title='bbox 3224 419 3347 474; x_wconf 82' lang='grc' dir='ltr'>ἑπτὰ</span> <span class='ocrx_word' id='word_1_19' title='bbox 3411 420 3511 493; x_wconf 66' lang='grc' dir='ltr'>οὐχ</span> <span class='ocrx_word' id='word_1_20' title='bbox 3562 422 3672 474; x_wconf 64' lang='grc' dir='ltr'>ῶων</span> <span class='ocrx_word' id='word_1_21' title='bbox 3723 426 3847 481; x_wconf 80' lang='grc' dir='ltr'>ἑτῶν.</span> 
     </span>
    </p>
   </div>
   <div class='ocr_carea' id='block_1_5' title="bbox 558 510 2207 594">
    <p class='ocr_par' dir='ltr' id='par_1_5' title="bbox 558 510 2207 594">
     <span class='ocr_line' id='line_1_5' title="bbox 558 510 2207 594; baseline -0.01 -14"><span class='ocrx_word' id='word_1_22' title='bbox 558 540 716 592; x_wconf 87' lang='lat' dir='ltr'>rum,</span> <span class='ocrx_word' id='word_1_23' title='bbox 767 520 873 594; x_wconf 87' lang='lat' dir='ltr'>qui</span> <span class='ocrx_word' id='word_1_24' title='bbox 920 517 1054 574; x_wconf 90' lang='lat' dir='ltr'>illos</span> <span class='ocrx_word' id='word_1_25' title='bbox 1118 516 1473 589; x_wconf 90' lang='lat' dir='ltr'>deposuere,</span> <span class='ocrx_word' id='word_1_26' title='bbox 1528 514 1846 583; x_wconf 84' lang='lat' dir='ltr'>Eudoxius,</span> <span class='ocrx_word' id='word_1_27' title='bbox 1904 510 2207 582; x_wconf 85' lang='lat' dir='ltr'>Evippius,</span> 
     </span>
    </p>
   </div>
   <div class='ocr_carea' id='block_1_6' title="bbox 563 600 2210 679">
    <p class='ocr_par' dir='ltr' id='par_1_6' title="bbox 563 600 2210 679">
     <span class='ocr_line' id='line_1_6' title="bbox 563 600 2210 679; baseline -0.01 -11"><span class='ocrx_word' id='word_1_28' title='bbox 563 610 870 679; x_wconf 81' lang='lat' dir='ltr'>Georgius,</span> <span class='ocrx_word' id='word_1_29' title='bbox 930 606 1182 662; x_wconf 86' lang='lat' dir='ltr'>Aeacius</span> <span class='ocrx_word' id='word_1_30' title='bbox 1234 609 1290 660; x_wconf 91' lang='lat' dir='ltr'>et</span> <span class='ocrx_word' id='word_1_31' title='bbox 1342 605 1439 661; x_wconf 85' lang='lat' dir='ltr'>alii</span> <span class='ocrx_word' id='word_1_32' title='bbox 1481 603 1655 659; x_wconf 83' lang='lat' dir='ltr'>vobis</span> <span class='ocrx_word' id='word_1_33' title='bbox 1692 602 1898 672; x_wconf 91' lang='lat' dir='ltr'>ignoti.</span> <span class='ocrx_word' id='word_1_34' title='bbox 1933 600 2043 664; x_wconf 85' lang='lat' dir='ltr'>Qui</span> <span class='ocrx_word' id='word_1_35' title='bbox 2072 612 2210 652; x_wconf 87' lang='lat' dir='ltr'>vero</span> 
     </span>
    </p>
   </div>
   <div class='ocr_carea' id='block_1_7' title="bbox 559 690 2209 761">
    <p class='ocr_par' dir='ltr' id='par_1_7' title="bbox 559 690 2209 761">
     <span class='ocr_line' id='line_1_7' title="bbox 559 690 2209 761; baseline -0.01 -3"><span class='ocrx_word' id='word_1_36' title='bbox 559 717 722 758; x_wconf 90' lang='lat' dir='ltr'>nunc</span> <span class='ocrx_word' id='word_1_37' title='bbox 760 702 821 754; x_wconf 88' lang='lat' dir='ltr'>in</span> <span class='ocrx_word' id='word_1_38' title='bbox 850 696 1126 753; x_wconf 86' lang='lat' dir='ltr'>Ecclesiis</span> <span class='ocrx_word' id='word_1_39' title='bbox 1182 693 1591 759; x_wconf 86' lang='lat' dir='ltr'>dominantur,</span> <span class='ocrx_word' id='word_1_40' title='bbox 1626 708 1835 748; x_wconf 88' lang='lat' dir='ltr'>eorum</span> <span class='ocrx_word' id='word_1_41' title='bbox 1870 690 2039 761; x_wconf 81' lang='lat'>387</span> <span class='ocrx_word' id='word_1_42' title='bbox 2075 703 2209 742; x_wconf 92' lang='lat' dir='ltr'>suc-</span> 
     </span>
    </p>
   </div>
   <div class='ocr_carea' id='block_1_8' title="bbox 561 776 2211 851">
    <p class='ocr_par' dir='ltr' id='par_1_8' title="bbox 561 776 2211 851">
     <span class='ocr_line' id='line_1_8' title="bbox 561 776 2211 851; baseline -0.008 -5"><span class='ocrx_word' id='word_1_43' title='bbox 561 804 829 846; x_wconf 90' lang='lat' dir='ltr'>cessores</span> <span class='ocrx_word' id='word_1_44' title='bbox 869 789 1026 851; x_wconf 92' lang='lat' dir='ltr'>sunt,</span> <span class='ocrx_word' id='word_1_45' title='bbox 1077 783 1174 840; x_wconf 89' lang='lat' dir='ltr'>alii</span> <span class='ocrx_word' id='word_1_46' title='bbox 1227 782 1463 840; x_wconf 90' lang='lat' dir='ltr'>illorum</span> <span class='ocrx_word' id='word_1_47' title='bbox 1514 781 1647 838; x_wconf 92' lang='lat' dir='ltr'>loco</span> <span class='ocrx_word' id='word_1_48' title='bbox 1698 780 1980 849; x_wconf 88' lang='lat' dir='ltr'>ordinati,</span> <span class='ocrx_word' id='word_1_49' title='bbox 2001 777 2099 835; x_wconf 90' lang='lat' dir='ltr'>alii</span> <span class='ocrx_word' id='word_1_50' title='bbox 2131 776 2211 834; x_wconf 88' lang='lat' dir='ltr'>ab</span> 
     </span>
    </p>
   </div>
   <div class='ocr_carea' id='block_1_9' title="bbox 560 873 1057 952">
    <p class='ocr_par' dir='ltr' id='par_1_9' title="bbox 560 873 1057 952">
     <span class='ocr_line' id='line_1_9' title="bbox 560 873 1057 952; baseline -0.012 -16"><span class='ocrx_word' id='word_1_51' title='bbox 560 879 706 952; x_wconf 88' lang='lat' dir='ltr'>ipsis</span> <span class='ocrx_word' id='word_1_52' title='bbox 737 873 1057 933; x_wconf 84' lang='lat' dir='ltr'>constituti.</span> 
     </span>
    </p>
   </div>
   <div class='ocr_carea' id='block_1_10' title="bbox 636 1044 2209 1121">
    <p class='ocr_par' dir='ltr' id='par_1_10' title="bbox 636 1044 2209 1121">
     <span class='ocr_line' id='line_1_10' title="bbox 636 1044 2209 1121; baseline -0.006 -11"><span class='ocrx_word' id='word_1_53' title='bbox 636 1060 689 1112; x_wconf 91' lang='lat'>3.</span> <span class='ocrx_word' id='word_1_54' title='bbox 728 1057 894 1109; x_wconf 89' lang='lat' dir='ltr'>Nunc</span> <span class='ocrx_word' id='word_1_55' title='bbox 924 1049 1104 1119; x_wconf 85' lang='lat' dir='ltr'>igitur</span> <span class='ocrx_word' id='word_1_56' title='bbox 1128 1048 1233 1121; x_wconf 87' lang='lat' dir='ltr'>qui</span> <span class='ocrx_word' id='word_1_57' title='bbox 1274 1064 1387 1104; x_wconf 89' lang='lat' dir='ltr'>nos</span> <span class='ocrx_word' id='word_1_58' title='bbox 1421 1063 1624 1119; x_wconf 61' lang='lat' dir='ltr'>pravae</span> <span class='ocrx_word' id='word_1_59' title='bbox 1655 1047 1938 1103; x_wconf 75' lang='lat' dir='ltr'>doctrinae</span> <span class='ocrx_word' id='word_1_60' title='bbox 1964 1044 2209 1101; x_wconf 89' lang='lat' dir='ltr'>nomine</span> 
     </span>
    </p>
   </div>
   <div class='ocr_carea' id='block_1_11' title="bbox 562 1133 2207 1209">
    <p class='ocr_par' dir='ltr' id='par_1_11' title="bbox 562 1133 2207 1209">
     <span class='ocr_line' id='line_1_11' title="bbox 562 1133 2207 1209; baseline -0.007 -10"><span class='ocrx_word' id='word_1_61' title='bbox 562 1144 865 1206; x_wconf 86' lang='lat' dir='ltr'>incusant,</span> <span class='ocrx_word' id='word_1_62' title='bbox 897 1137 1309 1207; x_wconf 88' lang='lat' dir='ltr'>dicantnobis,</span> <span class='ocrx_word' id='word_1_63' title='bbox 1332 1136 1642 1209; x_wconf 91' lang='lat' dir='ltr'>quomodo</span> <span class='ocrx_word' id='word_1_64' title='bbox 1672 1134 1934 1192; x_wconf 74' lang='lat' dir='ltr'>haeretici</span> <span class='ocrx_word' id='word_1_65' title='bbox 1962 1133 2207 1206; x_wconf 89' lang='lat' dir='ltr'>quidem</span> 
     </span>
    </p>
   </div>
   <div class='ocr_carea' id='block_1_12' title="bbox 565 1224 2208 1299">
    <p class='ocr_par' dir='ltr' id='par_1_12' title="bbox 565 1224 2208 1299">
     <span class='ocr_line' id='line_1_12' title="bbox 565 1224 2208 1299; baseline -0.007 -11"><span class='ocrx_word' id='word_1_66' title='bbox 565 1230 864 1294; x_wconf 85' lang='lat' dir='ltr'>fuerintii,</span> <span class='ocrx_word' id='word_1_67' title='bbox 896 1243 1158 1299; x_wconf 91' lang='lat' dir='ltr'>quorum</span> <span class='ocrx_word' id='word_1_68' title='bbox 1188 1227 1494 1281; x_wconf 89' lang='lat' dir='ltr'>decretum</span> <span class='ocrx_word' id='word_1_69' title='bbox 1546 1225 1621 1279; x_wconf 91' lang='lat' dir='ltr'>de</span> <span class='ocrx_word' id='word_1_70' title='bbox 1669 1224 2039 1296; x_wconf 88' lang='lat' dir='ltr'>depositione</span> <span class='ocrx_word' id='word_1_71' title='bbox 2084 1237 2208 1277; x_wconf 89' lang='lat' dir='ltr'>non</span> 
     </span>
    </p>
   </div>
   <div class='ocr_carea' id='block_1_13' title="bbox 561 1310 2207 1390">
    <p class='ocr_par' dir='ltr' id='par_1_13' title="bbox 561 1310 2207 1390">
     <span class='ocr_line' id='line_1_13' title="bbox 561 1310 2207 1390; baseline -0.007 -14"><span class='ocrx_word' id='word_1_72' title='bbox 561 1316 962 1390; x_wconf 86' lang='lat' dir='ltr'>receperunt?</span> <span class='ocrx_word' id='word_1_73' title='bbox 992 1314 1302 1387; x_wconf 91' lang='lat' dir='ltr'>quomodo</span> <span class='ocrx_word' id='word_1_74' title='bbox 1343 1328 1485 1368; x_wconf 85' lang='lat' dir='ltr'>vero</span> <span class='ocrx_word' id='word_1_75' title='bbox 1512 1312 1831 1367; x_wconf 86' lang='lat' dir='ltr'>orthodoxi</span> <span class='ocrx_word' id='word_1_76' title='bbox 1855 1312 1968 1376; x_wconf 87' lang='lat' dir='ltr'>isti,</span> <span class='ocrx_word' id='word_1_77' title='bbox 1996 1310 2099 1383; x_wconf 90' lang='lat' dir='ltr'>qui</span> <span class='ocrx_word' id='word_1_78' title='bbox 2129 1310 2207 1365; x_wconf 87' lang='lat' dir='ltr'>ab</span> 
     </span>
    </p>
   </div>
   <div class='ocr_carea' id='block_1_14' title="bbox 562 1400 2208 1470">
    <p class='ocr_par' dir='ltr' id='par_1_14' title="bbox 562 1400 2208 1470">
     <span class='ocr_line' id='line_1_14' title="bbox 562 1400 2208 1470; baseline -0.005 -6"><span class='ocrx_word' id='word_1_79' title='bbox 562 1409 676 1465; x_wconf 92' lang='lat' dir='ltr'>illis</span> <span class='ocrx_word' id='word_1_80' title='bbox 700 1404 1003 1461; x_wconf 90' lang='lat' dir='ltr'>constituti</span> <span class='ocrx_word' id='word_1_81' title='bbox 1043 1407 1201 1470; x_wconf 91' lang='lat' dir='ltr'>sunt,</span> <span class='ocrx_word' id='word_1_82' title='bbox 1226 1406 1281 1457; x_wconf 90' lang='lat' dir='ltr'>et</span> <span class='ocrx_word' id='word_1_83' title='bbox 1310 1400 1587 1456; x_wconf 87' lang='lat' dir='ltr'>eamdem</span> <span class='ocrx_word' id='word_1_84' title='bbox 1623 1400 1981 1455; x_wconf 89' lang='lat' dir='ltr'>sententiam</span> <span class='ocrx_word' id='word_1_85' title='bbox 2015 1415 2085 1455; x_wconf 92' lang='lat' dir='ltr'>ac</span> <span class='ocrx_word' id='word_1_86' title='bbox 2107 1415 2208 1469; x_wconf 89' lang='lat' dir='ltr'>pa-</span> 
     </span>
    </p>
   </div>
   <div class='ocr_carea' id='block_1_15' title="bbox 562 1488 2205 1559">
    <p class='ocr_par' dir='ltr' id='par_1_15' title="bbox 562 1488 2205 1559">
     <span class='ocr_line' id='line_1_15' title="bbox 562 1488 2205 1559; baseline -0.005 -8"><span class='ocrx_word' id='word_1_87' title='bbox 562 1502 680 1552; x_wconf 91' lang='lat' dir='ltr'>tres</span> <span class='ocrx_word' id='word_1_88' title='bbox 705 1493 797 1548; x_wconf 91' lang='lat' dir='ltr'>sui</span> <span class='ocrx_word' id='word_1_89' title='bbox 824 1491 1221 1547; x_wconf 82' lang='lat' dir='ltr'>conservant?</span> <span class='ocrx_word' id='word_1_90' title='bbox 1252 1493 1401 1545; x_wconf 85' lang='lat' dir='ltr'>Nam</span> <span class='ocrx_word' id='word_1_91' title='bbox 1431 1491 1478 1543; x_wconf 86' lang='lat' dir='ltr'>si</span> <span class='ocrx_word' id='word_1_92' title='bbox 1501 1489 1872 1544; x_wconf 83' lang='lat' dir='ltr'>orthodoxus</span> <span class='ocrx_word' id='word_1_93' title='bbox 1906 1488 2205 1559; x_wconf 86' lang='lat' dir='ltr'>Evippius,</span> 
     </span>
    </p>
   </div>
   <div class='ocr_carea' id='block_1_16' title="bbox 561 1576 2210 1656">
    <p class='ocr_par' dir='ltr' id='par_1_16' title="bbox 561 1576 2210 1656">
     <span class='ocr_line' id='line_1_16' title="bbox 561 1576 2210 1656; baseline -0.004 -19"><span class='ocrx_word' id='word_1_94' title='bbox 561 1580 872 1656; x_wconf 89' lang='lat' dir='ltr'>quomodo</span> <span class='ocrx_word' id='word_1_95' title='bbox 902 1595 1027 1635; x_wconf 89' lang='lat' dir='ltr'>non</span> <span class='ocrx_word' id='word_1_96' title='bbox 1057 1579 1246 1634; x_wconf 83' lang='lat' dir='ltr'>laicus</span> <span class='ocrx_word' id='word_1_97' title='bbox 1277 1577 1758 1648; x_wconf 86' lang='lat' dir='ltr'>Eustathius,qui</span> <span class='ocrx_word' id='word_1_98' title='bbox 1781 1576 1859 1632; x_wconf 91' lang='lat' dir='ltr'>ab</span> <span class='ocrx_word' id='word_1_99' title='bbox 1884 1593 1954 1633; x_wconf 90' lang='lat' dir='ltr'>eo</span> <span class='ocrx_word' id='word_1_100' title='bbox 1976 1576 2210 1648; x_wconf 82' lang='lat' dir='ltr'>deposi-</span> 
     </span>
    </p>
   </div>
   <div class='ocr_carea' id='block_1_17' title="bbox 562 1665 2210 1738">
    <p class='ocr_par' dir='ltr' id='par_1_17' title="bbox 562 1665 2210 1738">
     <span class='ocr_line' id='line_1_17' title="bbox 562 1665 2210 1738; baseline -0.006 -9"><span class='ocrx_word' id='word_1_101' title='bbox 562 1678 659 1729; x_wconf 90' lang='lat' dir='ltr'>tus</span> <span class='ocrx_word' id='word_1_102' title='bbox 688 1670 821 1727; x_wconf 83' lang='lat' dir='ltr'>est?</span> <span class='ocrx_word' id='word_1_103' title='bbox 863 1670 962 1726; x_wconf 89' lang='lat' dir='ltr'>Sin</span> <span class='ocrx_word' id='word_1_104' title='bbox 993 1673 1190 1723; x_wconf 88' lang='lat' dir='ltr'>autem</span> <span class='ocrx_word' id='word_1_105' title='bbox 1224 1667 1320 1722; x_wconf 90' lang='lat' dir='ltr'>ille</span> <span class='ocrx_word' id='word_1_106' title='bbox 1346 1667 1682 1734; x_wconf 63' lang='lat' dir='ltr'>haereticus,</span> <span class='ocrx_word' id='word_1_107' title='bbox 1714 1665 2023 1738; x_wconf 84' lang='lat' dir='ltr'>quomodo</span> <span class='ocrx_word' id='word_1_108' title='bbox 2048 1681 2210 1720; x_wconf 90' lang='lat' dir='ltr'>nunc</span> 
     </span>
    </p>
   </div>
   <div class='ocr_carea' id='block_1_18' title="bbox 562 1755 2204 1828">
    <p class='ocr_par' dir='ltr' id='par_1_18' title="bbox 562 1755 2204 1827">
     <span class='ocr_line' id='line_1_18' title="bbox 562 1755 2204 1827; baseline -0.005 -9"><span class='ocrx_word' id='word_1_109' title='bbox 562 1761 1044 1818; x_wconf 88' lang='lat' dir='ltr'>communicator</span> <span class='ocrx_word' id='word_1_110' title='bbox 1069 1757 1375 1825; x_wconf 85' lang='lat' dir='ltr'>Eustathii,</span> <span class='ocrx_word' id='word_1_111' title='bbox 1398 1756 1502 1827; x_wconf 88' lang='lat' dir='ltr'>qui</span> <span class='ocrx_word' id='word_1_112' title='bbox 1528 1757 1657 1825; x_wconf 90' lang='lat' dir='ltr'>ejus</span> <span class='ocrx_word' id='word_1_113' title='bbox 1681 1771 1868 1810; x_wconf 92' lang='lat' dir='ltr'>manu</span> <span class='ocrx_word' id='word_1_114' title='bbox 1897 1755 2204 1810; x_wconf 90' lang='lat' dir='ltr'>ordinatus</span> 
     </span>
    </p>
   </div>
   <div class='ocr_carea' id='block_1_19' title="bbox 2314 1755 3170 1828">
    <p class='ocr_par' dir='ltr' id='par_1_19' title="bbox 2321 1755 3170 1828">
     <span class='ocr_line' id='line_1_19' title="bbox 2321 1755 3170 1828; baseline 0.006 -26"><span class='ocrx_word' id='word_1_115' title='bbox 2321 1755 2512 1803; x_wconf 87' lang='grc' dir='ltr'>ἐκείνου</span> <span class='ocrx_word' id='word_1_116' title='bbox 2592 1758 2775 1825; x_wconf 82' lang='grc' dir='ltr'>χειρὸς</span> <span class='ocrx_word' id='word_1_117' title='bbox 2844 1758 3170 1828; x_wconf 75' lang='grc' dir='ltr'>προαχθείςς</span> 
     </span>
    </p>
   </div>
   <div class='ocr_carea' id='block_1_20' title="bbox 563 1842 2211 1916">
    <p class='ocr_par' dir='ltr' id='par_1_20' title="bbox 563 1842 2211 1916">
     <span class='ocr_line' id='line_1_20' title="bbox 563 1842 2211 1916; baseline -0.004 -12"><span class='ocrx_word' id='word_1_118' title='bbox 563 1849 698 1904; x_wconf 79' lang='lat' dir='ltr'>est?</span> <span class='ocrx_word' id='word_1_119' title='bbox 762 1846 875 1903; x_wconf 89' lang='lat' dir='ltr'>Sed</span> <span class='ocrx_word' id='word_1_120' title='bbox 911 1846 971 1900; x_wconf 91' lang='lat' dir='ltr'>hi</span> <span class='ocrx_word' id='word_1_121' title='bbox 1019 1850 1158 1899; x_wconf 90' lang='lat' dir='ltr'>sunt</span> <span class='ocrx_word' id='word_1_122' title='bbox 1184 1844 1330 1910; x_wconf 90' lang='lat' dir='ltr'>ludi,</span> <span class='ocrx_word' id='word_1_123' title='bbox 1362 1860 1518 1916; x_wconf 89' lang='lat' dir='ltr'>quos</span> <span class='ocrx_word' id='word_1_124' title='bbox 1549 1849 1757 1899; x_wconf 88' lang='lat' dir='ltr'>contra</span> <span class='ocrx_word' id='word_1_125' title='bbox 1796 1842 2082 1897; x_wconf 86' lang='lat' dir='ltr'>Ecclesias</span> <span class='ocrx_word' id='word_1_126' title='bbox 2112 1842 2211 1897; x_wconf 89' lang='lat' dir='ltr'>Dei</span> 
     </span>
    </p>
   </div>
   <div class='ocr_carea' id='block_1_21' title="bbox 561 1931 2212 2000">
    <p class='ocr_par' dir='ltr' id='par_1_21' title="bbox 561 1931 2212 2000">
     <span class='ocr_line' id='line_1_21' title="bbox 561 1931 2212 2000; baseline -0.003 -9"><span class='ocrx_word' id='word_1_127' title='bbox 561 1936 777 1992; x_wconf 86' lang='lat' dir='ltr'>ludunt</span> <span class='ocrx_word' id='word_1_128' title='bbox 800 1952 813 2000; x_wconf 90' lang='lat'>;</span> <span class='ocrx_word' id='word_1_129' title='bbox 847 1934 925 1989; x_wconf 93' lang='lat' dir='ltr'>ad</span> <span class='ocrx_word' id='word_1_130' title='bbox 948 1949 1125 1988; x_wconf 90' lang='lat' dir='ltr'>suam</span> <span class='ocrx_word' id='word_1_131' title='bbox 1138 1932 1450 1988; x_wconf 87' lang='lat' dir='ltr'>utilitatem</span> <span class='ocrx_word' id='word_1_132' title='bbox 1468 1936 1522 1986; x_wconf 93' lang='lat' dir='ltr'>et</span> <span class='ocrx_word' id='word_1_133' title='bbox 1542 1946 1823 1987; x_wconf 83' lang='lat' dir='ltr'>accusare</span> <span class='ocrx_word' id='word_1_134' title='bbox 1854 1931 2132 1985; x_wconf 90' lang='lat' dir='ltr'>homines</span> <span class='ocrx_word' id='word_1_135' title='bbox 2156 1932 2212 1986; x_wconf 89' lang='lat' dir='ltr'>et</span> 
     </span>
    </p>
   </div>
   <div class='ocr_carea' id='block_1_22' title="bbox 561 2018 2211 2091">
    <p class='ocr_par' dir='ltr' id='par_1_22' title="bbox 561 2018 2211 2091">
     <span class='ocr_line' id='line_1_22' title="bbox 561 2018 2211 2091; baseline -0.003 -12"><span class='ocrx_word' id='word_1_136' title='bbox 561 2040 769 2080; x_wconf 90' lang='lat' dir='ltr'>rursus</span> <span class='ocrx_word' id='word_1_137' title='bbox 786 2022 1210 2077; x_wconf 87' lang='lat' dir='ltr'>commendare</span> <span class='ocrx_word' id='word_1_138' title='bbox 1224 2020 1659 2091; x_wconf 87' lang='lat' dir='ltr'>aggredientes.</span> <span class='ocrx_word' id='word_1_139' title='bbox 1677 2018 1948 2075; x_wconf 88' lang='lat' dir='ltr'>Basilidis</span> <span class='ocrx_word' id='word_1_140' title='bbox 1962 2018 2211 2090; x_wconf 84' lang='lat' dir='ltr'>Paphla-</span> 
     </span>
    </p>
   </div>
   <div class='ocr_carea' id='block_1_23' title="bbox 562 2108 2209 2183">
    <p class='ocr_par' dir='ltr' id='par_1_23' title="bbox 562 2108 2209 2183">
     <span class='ocr_line' id='line_1_23' title="bbox 562 2108 2209 2183; baseline -0.004 -15"><span class='ocrx_word' id='word_1_141' title='bbox 562 2113 737 2183; x_wconf 89' lang='lat' dir='ltr'>gonis</span> <span class='ocrx_word' id='word_1_142' title='bbox 764 2112 976 2167; x_wconf 89' lang='lat' dir='ltr'>altaria</span> <span class='ocrx_word' id='word_1_143' title='bbox 1005 2110 1211 2166; x_wconf 84' lang='lat' dir='ltr'>evertit</span> <span class='ocrx_word' id='word_1_144' title='bbox 1240 2110 1537 2165; x_wconf 88' lang='lat' dir='ltr'>transiens</span> <span class='ocrx_word' id='word_1_145' title='bbox 1582 2125 1688 2181; x_wconf 90' lang='lat' dir='ltr'>per</span> <span class='ocrx_word' id='word_1_146' title='bbox 1735 2108 2209 2180; x_wconf 84' lang='lat' dir='ltr'>Paphlagoniam</span> 
     </span>
    </p>
   </div>
   <div class='ocr_carea' id='block_1_24' title="bbox 560 2196 2211 2271">
    <p class='ocr_par' dir='ltr' id='par_1_24' title="bbox 560 2196 2211 2271">
     <span class='ocr_line' id='line_1_24' title="bbox 560 2196 2211 2271; baseline -0.004 -13"><span class='ocrx_word' id='word_1_147' title='bbox 560 2200 927 2269; x_wconf 87' lang='lat' dir='ltr'>Eustathius,</span> <span class='ocrx_word' id='word_1_148' title='bbox 976 2215 1046 2255; x_wconf 92' lang='lat' dir='ltr'>ac</span> <span class='ocrx_word' id='word_1_149' title='bbox 1096 2199 1156 2253; x_wconf 90' lang='lat' dir='ltr'>in</span> <span class='ocrx_word' id='word_1_150' title='bbox 1186 2198 1445 2271; x_wconf 90' lang='lat' dir='ltr'>propriis</span> <span class='ocrx_word' id='word_1_151' title='bbox 1472 2198 1695 2253; x_wconf 90' lang='lat' dir='ltr'>mensis</span> <span class='ocrx_word' id='word_1_152' title='bbox 1716 2196 2071 2253; x_wconf 82' lang='lat' dir='ltr'>sacriﬁcavit</span> <span class='ocrx_word' id='word_1_153' title='bbox 2104 2218 2116 2251; x_wconf 92' lang='lat'><strong>:</strong></span> <span class='ocrx_word' id='word_1_154' title='bbox 2154 2200 2211 2252; x_wconf 87' lang='lat' dir='ltr'>et</span> 
     </span>
    </p>
   </div>
   <div class='ocr_carea' id='block_1_25' title="bbox 561 2287 2209 2362">
    <p class='ocr_par' dir='ltr' id='par_1_25' title="bbox 561 2287 2209 2362">
     <span class='ocr_line' id='line_1_25' title="bbox 561 2287 2209 2362; baseline -0.004 -14"><span class='ocrx_word' id='word_1_155' title='bbox 561 2307 725 2348; x_wconf 90' lang='lat' dir='ltr'>nunc</span> <span class='ocrx_word' id='word_1_156' title='bbox 757 2289 1011 2362; x_wconf 82' lang='lat' dir='ltr'>supplex</span> <span class='ocrx_word' id='word_1_157' title='bbox 1044 2294 1133 2344; x_wconf 89' lang='lat' dir='ltr'>est</span> <span class='ocrx_word' id='word_1_158' title='bbox 1174 2288 1431 2357; x_wconf 90' lang='lat' dir='ltr'>Basilidi,</span> <span class='ocrx_word' id='word_1_159' title='bbox 1456 2293 1521 2343; x_wconf 89' lang='lat' dir='ltr'>ut</span> <span class='ocrx_word' id='word_1_160' title='bbox 1547 2287 1888 2358; x_wconf 87' lang='lat' dir='ltr'>recipiatur.</span> <span class='ocrx_word' id='word_1_161' title='bbox 1926 2288 2209 2357; x_wconf 90' lang='lat' dir='ltr'>Segrega-</span> 
     </span>
    </p>
   </div>
   <div class='ocr_carea' id='block_1_26' title="bbox 560 2374 2209 2450">
    <p class='ocr_par' dir='ltr' id='par_1_26' title="bbox 560 2374 2209 2450">
     <span class='ocr_line' id='line_1_26' title="bbox 560 2374 2209 2450; baseline -0.004 -15"><span class='ocrx_word' id='word_1_162' title='bbox 560 2380 644 2435; x_wconf 88' lang='lat' dir='ltr'>vit</span> <span class='ocrx_word' id='word_1_163' title='bbox 662 2378 959 2450; x_wconf 80' lang='lat' dir='ltr'>Elpidium</span> <span class='ocrx_word' id='word_1_164' title='bbox 984 2376 1498 2446; x_wconf 88' lang='lat' dir='ltr'>religiosissimum</span> <span class='ocrx_word' id='word_1_165' title='bbox 1522 2376 1764 2431; x_wconf 85' lang='lat' dir='ltr'>fratrem</span> <span class='ocrx_word' id='word_1_166' title='bbox 1786 2374 1865 2431; x_wconf 90' lang='lat' dir='ltr'>ob</span> <span class='ocrx_word' id='word_1_167' title='bbox 1887 2374 2041 2429; x_wconf 89' lang='lat' dir='ltr'>illius</span> <span class='ocrx_word' id='word_1_168' title='bbox 2069 2391 2209 2430; x_wconf 91' lang='lat' dir='ltr'>cum</span> 
     </span>
    </p>
   </div>
   <div class='ocr_carea' id='block_1_27' title="bbox 560 2464 2213 2536">
    <p class='ocr_par' dir='ltr' id='par_1_27' title="bbox 560 2464 2213 2536">
     <span class='ocr_line' id='line_1_27' title="bbox 560 2464 2213 2536; baseline -0.004 -11"><span class='ocrx_word' id='word_1_169' title='bbox 560 2466 1011 2525; x_wconf 81' lang='lat' dir='ltr'>Amasiensibus</span> <span class='ocrx_word' id='word_1_170' title='bbox 1028 2465 1515 2535; x_wconf 89' lang='lat' dir='ltr'>conjunctionem</span> <span class='ocrx_word' id='word_1_171' title='bbox 1540 2483 1552 2519; x_wconf 91' lang='lat'><strong>:</strong></span> <span class='ocrx_word' id='word_1_172' title='bbox 1583 2470 1639 2521; x_wconf 91' lang='lat' dir='ltr'>et</span> <span class='ocrx_word' id='word_1_173' title='bbox 1658 2480 1821 2520; x_wconf 90' lang='lat' dir='ltr'>nunc</span> <span class='ocrx_word' id='word_1_174' title='bbox 1850 2464 2101 2536; x_wconf 90' lang='lat' dir='ltr'>supplex</span> <span class='ocrx_word' id='word_1_175' title='bbox 2124 2468 2213 2520; x_wconf 91' lang='lat' dir='ltr'>est</span> 
     </span>
    </p>
   </div>
   <div class='ocr_carea' id='block_1_28' title="bbox 558 2553 2212 2626">
    <p class='ocr_par' dir='ltr' id='par_1_28' title="bbox 558 2553 2212 2626">
     <span class='ocr_line' id='line_1_28' title="bbox 558 2553 2212 2626; baseline -0.003 -13"><span class='ocrx_word' id='word_1_176' title='bbox 558 2556 1037 2623; x_wconf 83' lang='lat' dir='ltr'>Amasiensibus,</span> <span class='ocrx_word' id='word_1_177' title='bbox 1069 2570 1348 2626; x_wconf 72' lang='lat' dir='ltr'>quaerens</span> <span class='ocrx_word' id='word_1_178' title='bbox 1370 2570 1581 2609; x_wconf 90' lang='lat' dir='ltr'>eorum</span> <span class='ocrx_word' id='word_1_179' title='bbox 1611 2555 2120 2624; x_wconf 89' lang='lat' dir='ltr'>conjunctionem.</span> <span class='ocrx_word' id='word_1_180' title='bbox 2145 2553 2212 2609; x_wconf 90' lang='lat' dir='ltr'>ll-</span> 
     </span>
    </p>
   </div>
   <div class='ocr_carea' id='block_1_29' title="bbox 559 2642 2213 2716">
    <p class='ocr_par' dir='ltr' id='par_1_29' title="bbox 559 2642 2213 2716">
     <span class='ocr_line' id='line_1_29' title="bbox 559 2642 2213 2716; baseline -0.004 -13"><span class='ocrx_word' id='word_1_181' title='bbox 559 2645 675 2703; x_wconf 89' lang='lat' dir='ltr'>lius</span> <span class='ocrx_word' id='word_1_182' title='bbox 723 2649 927 2700; x_wconf 88' lang='lat' dir='ltr'>autem</span> <span class='ocrx_word' id='word_1_183' title='bbox 970 2644 1259 2700; x_wconf 88' lang='lat' dir='ltr'>adversus</span> <span class='ocrx_word' id='word_1_184' title='bbox 1304 2644 1625 2716; x_wconf 86' lang='lat' dir='ltr'>Evippium</span> <span class='ocrx_word' id='word_1_185' title='bbox 1673 2642 2131 2715; x_wconf 67' lang='lat' dir='ltr'>praedicationes</span> <span class='ocrx_word' id='word_1_186' title='bbox 2156 2647 2213 2698; x_wconf 89' lang='lat' dir='ltr'>et</span> 
     </span>
    </p>
   </div>
   <div class='ocr_carea' id='block_1_30' title="bbox 560 2730 2211 2805">
    <p class='ocr_par' dir='ltr' id='par_1_30' title="bbox 560 2730 2211 2805">
     <span class='ocr_line' id='line_1_30' title="bbox 560 2730 2211 2805; baseline -0.002 -16"><span class='ocrx_word' id='word_1_187' title='bbox 560 2750 670 2789; x_wconf 82' lang='lat' dir='ltr'>vos</span> <span class='ocrx_word' id='word_1_188' title='bbox 696 2733 809 2805; x_wconf 90' lang='lat' dir='ltr'>ipsi</span> <span class='ocrx_word' id='word_1_189' title='bbox 840 2730 999 2789; x_wconf 89' lang='lat' dir='ltr'>scitis</span> <span class='ocrx_word' id='word_1_190' title='bbox 1019 2748 1203 2804; x_wconf 91' lang='lat' dir='ltr'>quam</span> <span class='ocrx_word' id='word_1_191' title='bbox 1233 2736 1431 2788; x_wconf 91' lang='lat' dir='ltr'>essent</span> <span class='ocrx_word' id='word_1_192' title='bbox 1453 2732 1789 2787; x_wconf 70' lang='lat' dir='ltr'>horrendae.</span> <span class='ocrx_word' id='word_1_193' title='bbox 1818 2735 1882 2787; x_wconf 85' lang='lat' dir='ltr'>Et</span> <span class='ocrx_word' id='word_1_194' title='bbox 1910 2748 2072 2787; x_wconf 88' lang='lat' dir='ltr'>nunc</span> <span class='ocrx_word' id='word_1_195' title='bbox 2105 2731 2211 2804; x_wconf 89' lang='lat' dir='ltr'>qui</span> 
     </span>
    </p>
   </div>
   <div class='ocr_carea' id='block_1_31' title="bbox 561 2820 2211 2894">
    <p class='ocr_par' dir='ltr' id='par_1_31' title="bbox 561 2820 2211 2894">
     <span class='ocr_line' id='line_1_31' title="bbox 561 2820 2211 2894; baseline -0.001 -16"><span class='ocrx_word' id='word_1_196' title='bbox 561 2822 791 2894; x_wconf 86' lang='lat' dir='ltr'>Evippii</span> <span class='ocrx_word' id='word_1_197' title='bbox 819 2821 1178 2877; x_wconf 86' lang='lat' dir='ltr'>sententiam</span> <span class='ocrx_word' id='word_1_198' title='bbox 1208 2825 1426 2892; x_wconf 87' lang='lat' dir='ltr'>tenent,</span> <span class='ocrx_word' id='word_1_199' title='bbox 1444 2837 1547 2876; x_wconf 93' lang='lat' dir='ltr'>eos</span> <span class='ocrx_word' id='word_1_200' title='bbox 1573 2820 1859 2876; x_wconf 88' lang='lat' dir='ltr'>laudibus</span> <span class='ocrx_word' id='word_1_201' title='bbox 1884 2821 1963 2877; x_wconf 95' lang='lat' dir='ltr'>ob</span> <span class='ocrx_word' id='word_1_202' title='bbox 1984 2826 2211 2877; x_wconf 90' lang='lat' dir='ltr'>rectam</span> 
     </span>
    </p>
   </div>
   <div class='ocr_carea' id='block_1_32' title="bbox 557 2910 2210 2979">
    <p class='ocr_par' dir='ltr' id='par_1_32' title="bbox 557 2910 2210 2979">
     <span class='ocr_line' id='line_1_32' title="bbox 557 2910 2210 2979; baseline -0.003 -10"><span class='ocrx_word' id='word_1_203' title='bbox 557 2912 894 2969; x_wconf 86' lang='lat' dir='ltr'>doctrinam</span> <span class='ocrx_word' id='word_1_204' title='bbox 928 2910 1172 2979; x_wconf 79' lang='lat' dir='ltr'>extollit,</span> <span class='ocrx_word' id='word_1_205' title='bbox 1214 2912 1398 2968; x_wconf 91' lang='lat' dir='ltr'>modo</span> <span class='ocrx_word' id='word_1_206' title='bbox 1442 2916 1505 2965; x_wconf 92' lang='lat' dir='ltr'>ut</span> <span class='ocrx_word' id='word_1_207' title='bbox 1536 2912 1612 2966; x_wconf 88' lang='lat' dir='ltr'>ad</span> <span class='ocrx_word' id='word_1_208' title='bbox 1644 2911 1797 2965; x_wconf 92' lang='lat' dir='ltr'>illius</span> <span class='ocrx_word' id='word_1_209' title='bbox 1827 2911 2210 2967; x_wconf 88' lang='lat' dir='ltr'>restitutionis</span> 
     </span>
    </p>
   </div>
   <div class='ocr_carea' id='block_1_33' title="bbox 554 3000 2208 3072">
    <p class='ocr_par' dir='ltr' id='par_1_33' title="bbox 554 3000 2208 3072">
     <span class='ocr_line' id='line_1_33' title="bbox 554 3000 2208 3072; baseline -0.002 -15"><span class='ocrx_word' id='word_1_210' title='bbox 554 3001 846 3070; x_wconf 89' lang='lat' dir='ltr'>studium,</span> <span class='ocrx_word' id='word_1_211' title='bbox 879 3016 1127 3072; x_wconf 86' lang='lat' dir='ltr'>operam</span> <span class='ocrx_word' id='word_1_212' title='bbox 1161 3003 1403 3055; x_wconf 82' lang='lat' dir='ltr'>navent.</span> <span class='ocrx_word' id='word_1_213' title='bbox 1442 3002 1558 3055; x_wconf 87' lang='lat' dir='ltr'>Nos</span> <span class='ocrx_word' id='word_1_214' title='bbox 1592 3004 1792 3055; x_wconf 88' lang='lat' dir='ltr'>autem</span> <span class='ocrx_word' id='word_1_215' title='bbox 1818 3000 2208 3067; x_wconf 88' lang='lat' dir='ltr'>traducimur,</span> 
     </span>
    </p>
   </div>
   <div class='ocr_carea' id='block_1_34' title="bbox 2318 501 3852 583">
    <p class='ocr_par' dir='ltr' id='par_1_34' title="bbox 2318 501 3852 583">
     <span class='ocr_line' id='line_1_34' title="bbox 2318 501 3852 583; baseline 0.002 -28"><span class='ocrx_word' id='word_1_216' title='bbox 2318 502 2486 556; x_wconf 83' lang='grc' dir='ltr'>Ἧσαν</span> <span class='ocrx_word' id='word_1_217' title='bbox 2528 501 2585 556; x_wconf 71' lang='lat'>6“:</span> <span class='ocrx_word' id='word_1_218' title='bbox 2640 508 2688 558; x_wconf 83' lang='grc' dir='ltr'>οἱ</span> <span class='ocrx_word' id='word_1_219' title='bbox 2736 507 2953 580; x_wconf 81' lang='grc' dir='ltr'>ἓξαρχοι</span> <span class='ocrx_word' id='word_1_220' title='bbox 3017 516 3116 559; x_wconf 85' lang='grc' dir='ltr'>τῶν</span> <span class='ocrx_word' id='word_1_221' title='bbox 3169 510 3475 562; x_wconf 73' lang='grc' dir='ltr'>καθελόντων</span> <span class='ocrx_word' id='word_1_222' title='bbox 3530 512 3711 583; x_wconf 52' lang='grc' dir='ltr'>αὖτοὺς,</span> <span class='ocrx_word' id='word_1_223' title='bbox 3766 518 3852 569; x_wconf 65' lang='lat' dir='ltr'>E5-</span> 
     </span>
    </p>
   </div>
   <div class='ocr_carea' id='block_1_35' title="bbox 2322 589 3853 670">
    <p class='ocr_par' dir='ltr' id='par_1_35' title="bbox 2322 589 3853 670">
     <span class='ocr_line' id='line_1_35' title="bbox 2322 589 3853 670; baseline 0.008 -26"><span class='ocrx_word' id='word_1_224' title='bbox 2322 589 2517 659; x_wconf 82' lang='grc' dir='ltr'>δόξιος,</span> <span class='ocrx_word' id='word_1_225' title='bbox 2575 595 2844 663; x_wconf 65' lang='grc' dir='ltr'>Εὐίππιος,</span> <span class='ocrx_word' id='word_1_226' title='bbox 2897 603 3166 670; x_wconf 83' lang='grc' dir='ltr'>Γεώργιος,</span> <span class='ocrx_word' id='word_1_227' title='bbox 3204 596 3457 667; x_wconf 54' lang='grc' dir='ltr'>Ἀκάκιος,</span> <span class='ocrx_word' id='word_1_228' title='bbox 3490 606 3572 651; x_wconf 80' lang='grc' dir='ltr'>καὶ</span> <span class='ocrx_word' id='word_1_229' title='bbox 3626 605 3668 652; x_wconf 80' lang='grc' dir='ltr'>οἱ</span> <span class='ocrx_word' id='word_1_230' title='bbox 3708 603 3853 657; x_wconf 72' lang='grc' dir='ltr'>λοιποὶ</span> 
     </span>
    </p>
   </div>
   <div class='ocr_carea' id='block_1_36' title="bbox 2319 684 3855 763">
    <p class='ocr_par' dir='ltr' id='par_1_36' title="bbox 2319 684 3855 763">
     <span class='ocr_line' id='line_1_36' title="bbox 2319 684 3855 763; baseline 0.007 -30"><span class='ocrx_word' id='word_1_231' title='bbox 2319 691 2416 734; x_wconf 80' lang='grc' dir='ltr'>τῶν</span> <span class='ocrx_word' id='word_1_232' title='bbox 2448 686 2567 755; x_wconf 80' lang='grc' dir='ltr'>ὑμῖν</span> <span class='ocrx_word' id='word_1_233' title='bbox 2595 685 2707 755; x_wconf 78' lang='grc'>(47)</span> <span class='ocrx_word' id='word_1_234' title='bbox 2731 685 3101 759; x_wconf 75' lang='grc' dir='ltr'>ἀγνοουμένων.</span> <span class='ocrx_word' id='word_1_235' title='bbox 3162 689 3227 738; x_wconf 84' lang='grc' dir='ltr'>Οἱ</span> <span class='ocrx_word' id='word_1_236' title='bbox 3264 684 3318 739; x_wconf 72' lang='grc' dir='ltr'>δὲ</span> <span class='ocrx_word' id='word_1_237' title='bbox 3348 698 3432 739; x_wconf 76' lang='grc' dir='ltr'>νυν</span> <span class='ocrx_word' id='word_1_238' title='bbox 3459 698 3738 763; x_wconf 62' lang='grc' dir='ltr'>κρατοῦντες</span> <span class='ocrx_word' id='word_1_239' title='bbox 3765 694 3855 763; x_wconf 67' lang='grc'>(48)</span> 
     </span>
    </p>
   </div>
   <div class='ocr_carea' id='block_1_37' title="bbox 2320 772 3855 850">
    <p class='ocr_par' dir='ltr' id='par_1_37' title="bbox 2320 772 3855 850">
     <span class='ocr_line' id='line_1_37' title="bbox 2320 772 3855 850; baseline 0.007 -27"><span class='ocrx_word' id='word_1_240' title='bbox 2320 779 2418 824; x_wconf 86' lang='grc' dir='ltr'>τῶν</span> <span class='ocrx_word' id='word_1_241' title='bbox 2445 772 2783 842; x_wconf 78' lang='grc' dir='ltr'>Ἐκκλησιῶν,</span> <span class='ocrx_word' id='word_1_242' title='bbox 2831 777 3028 828; x_wconf 75' lang='grc' dir='ltr'>ἐκείνων</span> <span class='ocrx_word' id='word_1_243' title='bbox 3069 776 3171 828; x_wconf 83' lang='grc' dir='ltr'>εἰσὶ</span> <span class='ocrx_word' id='word_1_244' title='bbox 3231 774 3508 847; x_wconf 64' lang='grc' dir='ltr'>διάδοχον</span> <span class='ocrx_word' id='word_1_245' title='bbox 3549 781 3593 830; x_wconf 81' lang='grc' dir='ltr'>οἱ</span> <span class='ocrx_word' id='word_1_246' title='bbox 3621 784 3721 850; x_wconf 74' lang='grc' dir='ltr'>μὲν,</span> <span class='ocrx_word' id='word_1_247' title='bbox 3768 780 3855 834; x_wconf 75' lang='grc' dir='ltr'>ἀντ’</span> 
     </span>
    </p>
   </div>
   <div class='ocr_carea' id='block_1_38' title="bbox 2320 861 3857 937">
    <p class='ocr_par' dir='ltr' id='par_1_38' title="bbox 2320 861 3857 937">
     <span class='ocr_line' id='line_1_38' title="bbox 2320 861 3857 937; baseline 0.007 -25"><span class='ocrx_word' id='word_1_248' title='bbox 2320 861 2488 913; x_wconf 80' lang='grc' dir='ltr'>αὐτῶν</span> <span class='ocrx_word' id='word_1_249' title='bbox 2547 866 3010 937; x_wconf 78' lang='grc' dir='ltr'>χειροτονηθέντες,</span> <span class='ocrx_word' id='word_1_250' title='bbox 3078 868 3126 917; x_wconf 76' lang='grc' dir='ltr'>οἱ</span> <span class='ocrx_word' id='word_1_251' title='bbox 3191 863 3268 935; x_wconf 70' lang='grc' dir='ltr'>δὲ,</span> <span class='ocrx_word' id='word_1_252' title='bbox 3335 866 3417 919; x_wconf 71' lang='grc' dir='ltr'>ὑπ’</span> <span class='ocrx_word' id='word_1_253' title='bbox 3492 865 3678 920; x_wconf 80' lang='grc' dir='ltr'>ἐκείνων</span> <span class='ocrx_word' id='word_1_254' title='bbox 3720 869 3857 923; x_wconf 71' lang='grc' dir='ltr'>αὐτῶν</span> 
     </span>
    </p>
   </div>
   <div class='ocr_carea' id='block_1_39' title="bbox 2318 953 2690 1024">
    <p class='ocr_par' dir='ltr' id='par_1_39' title="bbox 2318 953 2690 1024">
     <span class='ocr_line' id='line_1_39' title="bbox 2318 953 2690 1024; baseline 0.003 -22"><span class='ocrx_word' id='word_1_255' title='bbox 2318 953 2690 1024; x_wconf 77' lang='grc' dir='ltr'>προαχθέντες.</span> 
     </span>
    </p>
   </div>
   <div class='ocr_carea' id='block_1_40' title="bbox 2388 1037 3859 1117">
    <p class='ocr_par' dir='ltr' id='par_1_40' title="bbox 2388 1037 3859 1117">
     <span class='ocr_line' id='line_1_40' title="bbox 2388 1037 3859 1117; baseline 0.004 -22"><span class='ocrx_word' id='word_1_256' title='bbox 2388 1044 2442 1095; x_wconf 88' lang='grc'>3.</span> <span class='ocrx_word' id='word_1_257' title='bbox 2483 1046 2590 1092; x_wconf 84' lang='grc' dir='ltr'>Νῦν</span> <span class='ocrx_word' id='word_1_258' title='bbox 2641 1037 2728 1093; x_wconf 83' lang='grc' dir='ltr'>οὖν</span> <span class='ocrx_word' id='word_1_259' title='bbox 2788 1044 2835 1094; x_wconf 85' lang='grc' dir='ltr'>οἱ</span> <span class='ocrx_word' id='word_1_260' title='bbox 2885 1044 3009 1114; x_wconf 76' lang='grc' dir='ltr'>ἡμῖν</span> <span class='ocrx_word' id='word_1_261' title='bbox 3068 1049 3159 1101; x_wconf 68' lang='grc' dir='ltr'>τὴν</span> <span class='ocrx_word' id='word_1_262' title='bbox 3222 1040 3531 1107; x_wconf 75' lang='grc' dir='ltr'>κακοδοξίαν</span> <span class='ocrx_word' id='word_1_263' title='bbox 3581 1045 3859 1117; x_wconf 76' lang='grc' dir='ltr'>ἐγκαλοῦντες</span> 
     </span>
    </p>
   </div>
   <div class='ocr_carea' id='block_1_41' title="bbox 2319 1126 3859 1205">
    <p class='ocr_par' dir='ltr' id='par_1_41' title="bbox 2319 1126 3859 1205">
     <span class='ocr_line' id='line_1_41' title="bbox 2319 1126 3859 1205; baseline 0.005 -26"><span class='ocrx_word' id='word_1_264' title='bbox 2319 1126 2613 1181; x_wconf 80' lang='grc' dir='ltr'>εἰπάτωσαν</span> <span class='ocrx_word' id='word_1_265' title='bbox 2675 1132 2818 1203; x_wconf 83' lang='grc' dir='ltr'>ἡμῖν,</span> <span class='ocrx_word' id='word_1_266' title='bbox 2878 1140 2989 1193; x_wconf 85' lang='grc' dir='ltr'>πῶς</span> <span class='ocrx_word' id='word_1_267' title='bbox 3030 1136 3119 1204; x_wconf 68' lang='grc' dir='ltr'>μὲν</span> <span class='ocrx_word' id='word_1_268' title='bbox 3177 1138 3426 1205; x_wconf 73' lang='grc' dir='ltr'>κὲρετικοὶ</span> <span class='ocrx_word' id='word_1_269' title='bbox 3493 1132 3619 1192; x_wconf 73' lang='grc' dir='ltr'>ἦσαν</span> <span class='ocrx_word' id='word_1_270' title='bbox 3692 1135 3859 1203; x_wconf 79' lang='grc' dir='ltr'>ἐκεῖνοι,</span> 
     </span>
    </p>
   </div>
   <div class='ocr_carea' id='block_1_42' title="bbox 2318 1216 3863 1298">
    <p class='ocr_par' dir='ltr' id='par_1_42' title="bbox 2318 1216 3863 1298">
     <span class='ocr_line' id='line_1_42' title="bbox 2318 1216 3863 1298; baseline 0.007 -32"><span class='ocrx_word' id='word_1_271' title='bbox 2318 1216 2384 1267; x_wconf 83' lang='grc' dir='ltr'>ὧν</span> <span class='ocrx_word' id='word_1_272' title='bbox 2427 1222 2519 1275; x_wconf 83' lang='grc' dir='ltr'>τὴν</span> <span class='ocrx_word' id='word_1_273' title='bbox 2550 1220 2851 1291; x_wconf 83' lang='grc' dir='ltr'>καθαίρεσιν</span> <span class='ocrx_word' id='word_1_274' title='bbox 2888 1220 2981 1272; x_wconf 74' lang='grc' dir='ltr'>οὐκ</span> <span class='ocrx_word' id='word_1_275' title='bbox 3032 1218 3307 1288; x_wconf 78' lang='grc' dir='ltr'>ἐδέξαντο;</span> <span class='ocrx_word' id='word_1_276' title='bbox 3368 1232 3475 1284; x_wconf 82' lang='grc' dir='ltr'>πῶς</span> <span class='ocrx_word' id='word_1_277' title='bbox 3528 1219 3584 1275; x_wconf 68' lang='grc' dir='ltr'>δι</span> <span class='ocrx_word' id='word_1_278' title='bbox 3631 1223 3863 1298; x_wconf 81' lang='grc' dir='ltr'>ὀρθοὸοξοι</span> 
     </span>
    </p>
   </div>
   <div class='ocr_carea' id='block_1_43' title="bbox 2315 1306 3862 1382">
    <p class='ocr_par' dir='ltr' id='par_1_43' title="bbox 2315 1306 3862 1382">
     <span class='ocr_line' id='line_1_43' title="bbox 2315 1306 3862 1382; baseline 0.006 -26"><span class='ocrx_word' id='word_1_279' title='bbox 2315 1306 2457 1357; x_wconf 83' lang='grc' dir='ltr'>οὗτοι</span> <span class='ocrx_word' id='word_1_280' title='bbox 2510 1310 2558 1359; x_wconf 83' lang='grc' dir='ltr'>οἱ</span> <span class='ocrx_word' id='word_1_281' title='bbox 2622 1308 2744 1382; x_wconf 84' lang='grc' dir='ltr'>παρ’</span> <span class='ocrx_word' id='word_1_282' title='bbox 2838 1308 3034 1361; x_wconf 84' lang='grc' dir='ltr'>ἐκείνων</span> <span class='ocrx_word' id='word_1_283' title='bbox 3106 1314 3476 1382; x_wconf 76' lang='grc' dir='ltr'>προαχθέντες,</span> <span class='ocrx_word' id='word_1_284' title='bbox 3528 1316 3610 1363; x_wconf 84' lang='grc' dir='ltr'>καὶ</span> <span class='ocrx_word' id='word_1_285' title='bbox 3657 1318 3709 1365; x_wconf 87' lang='grc' dir='ltr'>τὸ</span> <span class='ocrx_word' id='word_1_286' title='bbox 3762 1315 3862 1365; x_wconf 68' lang='grc' dir='ltr'>αὐτὸ</span> 
     </span>
    </p>
   </div>
   <div class='ocr_carea' id='block_1_44' title="bbox 2317 1397 3866 1475">
    <p class='ocr_par' dir='ltr' id='par_1_44' title="bbox 2317 1397 3866 1475">
     <span class='ocr_line' id='line_1_44' title="bbox 2317 1397 3866 1475; baseline 0.006 -30"><span class='ocrx_word' id='word_1_287' title='bbox 2317 1399 2555 1468; x_wconf 80' lang='grc' dir='ltr'>φρόνημα</span> <span class='ocrx_word' id='word_1_288' title='bbox 2603 1404 2705 1457; x_wconf 89' lang='grc' dir='ltr'>τοῖς</span> <span class='ocrx_word' id='word_1_289' title='bbox 2762 1402 3022 1470; x_wconf 76' lang='grc' dir='ltr'>πατράσιν</span> <span class='ocrx_word' id='word_1_290' title='bbox 3079 1401 3245 1451; x_wconf 65' lang='grc' dir='ltr'>αὐτῶν</span> <span class='ocrx_word' id='word_1_291' title='bbox 3274 1397 3657 1468; x_wconf 80' lang='grc' dir='ltr'>διασώζοντες;</span> <span class='ocrx_word' id='word_1_292' title='bbox 3703 1403 3756 1453; x_wconf 81' lang='grc' dir='ltr'>Εἰ</span> <span class='ocrx_word' id='word_1_293' title='bbox 3795 1408 3866 1475; x_wconf 74' lang='grc' dir='ltr'>μὲν</span> 
     </span>
    </p>
   </div>
   <div class='ocr_carea' id='block_1_45' title="bbox 2315 1482 3865 1562">
    <p class='ocr_par' dir='ltr' id='par_1_45' title="bbox 2315 1482 3865 1562">
     <span class='ocr_line' id='line_1_45' title="bbox 2315 1482 3865 1562; baseline 0.006 -27"><span class='ocrx_word' id='word_1_294' title='bbox 2315 1486 2415 1555; x_wconf 78' lang='grc' dir='ltr'>γὰρ</span> <span class='ocrx_word' id='word_1_295' title='bbox 2450 1482 2723 1559; x_wconf 81' lang='grc' dir='ltr'>ὀρθὸδοξος</span> <span class='ocrx_word' id='word_1_296' title='bbox 2749 1486 3022 1555; x_wconf 76' lang='grc' dir='ltr'>Εὐίππιος,</span> <span class='ocrx_word' id='word_1_297' title='bbox 3054 1498 3162 1550; x_wconf 81' lang='grc' dir='ltr'>πῶς</span> <span class='ocrx_word' id='word_1_298' title='bbox 3215 1490 3338 1561; x_wconf 67' lang='grc' dir='ltr'>οὐχὶ</span> <span class='ocrx_word' id='word_1_299' title='bbox 3387 1489 3560 1551; x_wconf 79' lang='grc' dir='ltr'>).αίκὸς</span> <span class='ocrx_word' id='word_1_300' title='bbox 3593 1491 3865 1562; x_wconf 57' lang='lat' dir='ltr'>samem,</span> 
     </span>
    </p>
   </div>
   <div class='ocr_carea' id='block_1_46' title="bbox 2319 1573 3866 1653">
    <p class='ocr_par' dir='ltr' id='par_1_46' title="bbox 2319 1573 3866 1653">
     <span class='ocr_line' id='line_1_46' title="bbox 2319 1573 3866 1653; baseline 0.006 -30"><span class='ocrx_word' id='word_1_301' title='bbox 2319 1573 2344 1623; x_wconf 86' lang='grc' dir='ltr'><strong><em>ὁ</em></strong></span> <span class='ocrx_word' id='word_1_302' title='bbox 2405 1573 2528 1645; x_wconf 86' lang='grc' dir='ltr'>παρ’</span> <span class='ocrx_word' id='word_1_303' title='bbox 2582 1573 2772 1626; x_wconf 79' lang='grc' dir='ltr'>ἐκείνου</span> <span class='ocrx_word' id='word_1_304' title='bbox 2827 1578 3217 1649; x_wconf 68' lang='grc' dir='ltr'>καθῃρημένος;</span> <span class='ocrx_word' id='word_1_305' title='bbox 3272 1578 3315 1630; x_wconf 90' lang='grc' dir='ltr'>εἰ</span> <span class='ocrx_word' id='word_1_306' title='bbox 3391 1575 3449 1630; x_wconf 77' lang='grc' dir='ltr'>δὲ</span> <span class='ocrx_word' id='word_1_307' title='bbox 3506 1582 3745 1653; x_wconf 83' lang='grc' dir='ltr'>αἱρετικὸς</span> <span class='ocrx_word' id='word_1_308' title='bbox 3767 1579 3866 1632; x_wconf 77' lang='grc' dir='ltr'>ἐκεῖ·</span> 
     </span>
    </p>
   </div>
   <div class='ocr_carea' id='block_1_47' title="bbox 2319 1666 3870 1739">
    <p class='ocr_par' dir='ltr' id='par_1_47' title="bbox 2319 1666 3870 1739">
     <span class='ocr_line' id='line_1_47' title="bbox 2319 1666 3870 1739; baseline 0.006 -26"><span class='ocrx_word' id='word_1_309' title='bbox 2319 1681 2422 1727; x_wconf 90' lang='grc' dir='ltr'>νος,</span> <span class='ocrx_word' id='word_1_310' title='bbox 2482 1683 2589 1725; x_wconf 90' lang='grc' dir='ltr'>πως</span> <span class='ocrx_word' id='word_1_311' title='bbox 2629 1669 2921 1726; x_wconf 77' lang='grc' dir='ltr'>κοινωνικὸς</span> <span class='ocrx_word' id='word_1_312' title='bbox 2975 1667 3267 1719; x_wconf 69' lang='grc' dir='ltr'>Εὑσταοίου</span> <span class='ocrx_word' id='word_1_313' title='bbox 3336 1675 3424 1719; x_wconf 76' lang='grc' dir='ltr'>νῦν</span> <span class='ocrx_word' id='word_1_314' title='bbox 3453 1671 3581 1739; x_wconf 78' lang='grc'>(49),</span> <span class='ocrx_word' id='word_1_315' title='bbox 3625 1671 3647 1721; x_wconf 85' lang='grc' dir='ltr'>ὁ</span> <span class='ocrx_word' id='word_1_316' title='bbox 3692 1666 3773 1721; x_wconf 74' lang='grc' dir='ltr'>διὰ</span> <span class='ocrx_word' id='word_1_317' title='bbox 3796 1680 3870 1730; x_wconf 73' lang='grc' dir='ltr'>τῆς</span> 
     </span>
    </p>
   </div>
   <div class='ocr_carea' id='block_1_48' title="bbox 3246 1755 3870 1827">
    <p class='ocr_par' dir='ltr' id='par_1_48' title="bbox 3246 1755 3870 1827">
     <span class='ocr_line' id='line_1_48' title="bbox 3246 1755 3870 1827; baseline 0.005 -20"><span class='ocrx_word' id='word_1_318' title='bbox 3246 1756 3403 1808; x_wconf 69' lang='grc' dir='ltr'>Ἀλλὰ</span> <span class='ocrx_word' id='word_1_319' title='bbox 3462 1755 3669 1809; x_wconf 80' lang='grc' dir='ltr'>παιδιαὶ</span> <span class='ocrx_word' id='word_1_320' title='bbox 3726 1760 3870 1827; x_wconf 74' lang='grc' dir='ltr'>αὗται,</span> 
     </span>
    </p>
   </div>
   <div class='ocr_carea' id='block_1_49' title="bbox 2320 1842 3871 1919">
    <p class='ocr_par' dir='ltr' id='par_1_49' title="bbox 2320 1842 3871 1919">
     <span class='ocr_line' id='line_1_49' title="bbox 2320 1842 3871 1919; baseline 0.006 -29"><span class='ocrx_word' id='word_1_321' title='bbox 2320 1843 2456 1891; x_wconf 85' lang='grc' dir='ltr'>κατὰ</span> <span class='ocrx_word' id='word_1_322' title='bbox 2501 1849 2598 1893; x_wconf 87' lang='grc' dir='ltr'>τῶν</span> <span class='ocrx_word' id='word_1_323' title='bbox 2649 1842 2971 1900; x_wconf 77' lang='grc' dir='ltr'>Ἐκκλησιών</span> <span class='ocrx_word' id='word_1_324' title='bbox 3026 1853 3116 1895; x_wconf 72' lang='grc' dir='ltr'>του</span> <span class='ocrx_word' id='word_1_325' title='bbox 3163 1853 3298 1897; x_wconf 78' lang='grc' dir='ltr'>Θεοῦ</span> <span class='ocrx_word' id='word_1_326' title='bbox 3348 1847 3871 1919; x_wconf 79' lang='grc' dir='ltr'>παιζόμεναι,πρὸςτὸ</span> 
     </span>
    </p>
   </div>
   <div class='ocr_carea' id='block_1_50' title="bbox 2320 1928 3868 2007">
    <p class='ocr_par' dir='ltr' id='par_1_50' title="bbox 2320 1928 3868 2007">
     <span class='ocr_line' id='line_1_50' title="bbox 2320 1928 3868 2007; baseline 0.005 -27"><span class='ocrx_word' id='word_1_327' title='bbox 2320 1928 2512 1980; x_wconf 84' lang='grc' dir='ltr'>ἑαυτῶν</span> <span class='ocrx_word' id='word_1_328' title='bbox 2558 1930 2669 2001; x_wconf 88' lang='grc'>(50)</span> <span class='ocrx_word' id='word_1_329' title='bbox 2728 1936 3007 2004; x_wconf 73' lang='grc' dir='ltr'>συμφέρον,</span> <span class='ocrx_word' id='word_1_330' title='bbox 3077 1939 3167 1985; x_wconf 83' lang='grc' dir='ltr'>καὶ</span> <span class='ocrx_word' id='word_1_331' title='bbox 3243 1930 3542 1986; x_wconf 69' lang='grc' dir='ltr'>διαϐάλλειν</span> <span class='ocrx_word' id='word_1_332' title='bbox 3594 1934 3868 2007; x_wconf 72' lang='grc' dir='ltr'>ἀνθρωπονς,</span> 
     </span>
    </p>
   </div>
   <div class='ocr_carea' id='block_1_51' title="bbox 2318 2017 3869 2093">
    <p class='ocr_par' dir='ltr' id='par_1_51' title="bbox 2318 2017 3869 2093">
     <span class='ocr_line' id='line_1_51' title="bbox 2318 2017 3869 2093; baseline 0.005 -25"><span class='ocrx_word' id='word_1_333' title='bbox 2318 2022 2407 2069; x_wconf 85' lang='grc' dir='ltr'>καὶ</span> <span class='ocrx_word' id='word_1_334' title='bbox 2456 2017 2606 2069; x_wconf 81' lang='grc' dir='ltr'>πάλιν</span> <span class='ocrx_word' id='word_1_335' title='bbox 2676 2027 2924 2090; x_wconf 83' lang='grc' dir='ltr'>συνιστᾷν</span> <span class='ocrx_word' id='word_1_336' title='bbox 2993 2025 3422 2093; x_wconf 66' lang='grc' dir='ltr'>ἐπιχειρούντων.</span> <span class='ocrx_word' id='word_1_337' title='bbox 3479 2026 3552 2075; x_wconf 79' lang='grc' dir='ltr'>Τὰ</span> <span class='ocrx_word' id='word_1_338' title='bbox 3611 2022 3869 2076; x_wconf 69' lang='grc' dir='ltr'>Βασιλείὸον</span> 
     </span>
    </p>
   </div>
   <div class='ocr_carea' id='block_1_52' title="bbox 2318 2104 3869 2187">
    <p class='ocr_par' dir='ltr' id='par_1_52' title="bbox 2318 2104 3869 2187">
     <span class='ocr_line' id='line_1_52' title="bbox 2318 2104 3869 2187; baseline 0.004 -30"><span class='ocrx_word' id='word_1_339' title='bbox 2318 2114 2410 2158; x_wconf 80' lang='grc' dir='ltr'>τοῦ</span> <span class='ocrx_word' id='word_1_340' title='bbox 2463 2106 2795 2178; x_wconf 72' lang='grc' dir='ltr'>Παφλαγόνος</span> <span class='ocrx_word' id='word_1_341' title='bbox 2847 2104 3502 2187; x_wconf 47' lang='grc' dir='ltr'>θυσιαστήριαὶάνέτρεψε</span> <span class='ocrx_word' id='word_1_342' title='bbox 3568 2115 3673 2185; x_wconf 80' lang='grc'>(51)</span> <span class='ocrx_word' id='word_1_343' title='bbox 3707 2120 3869 2185; x_wconf 75' lang='grc' dir='ltr'>παριὼν</span> 
     </span>
    </p>
   </div>
   <div class='ocr_carea' id='block_1_53' title="bbox 2319 2195 3869 2277">
    <p class='ocr_par' dir='ltr' id='par_1_53' title="bbox 2319 2195 3869 2277">
     <span class='ocr_line' id='line_1_53' title="bbox 2319 2195 3869 2277; baseline 0.003 -31"><span class='ocrx_word' id='word_1_344' title='bbox 2319 2200 2412 2254; x_wconf 79' lang='grc' dir='ltr'>τὴν</span> <span class='ocrx_word' id='word_1_345' title='bbox 2446 2195 2804 2267; x_wconf 70' lang='grc' dir='ltr'>Παφλαγονίαν</span> <span class='ocrx_word' id='word_1_346' title='bbox 2830 2198 3136 2265; x_wconf 70' lang='grc' dir='ltr'>Εὐστάθιος,</span> <span class='ocrx_word' id='word_1_347' title='bbox 3178 2206 3269 2252; x_wconf 83' lang='grc' dir='ltr'>καὶ</span> <span class='ocrx_word' id='word_1_348' title='bbox 3323 2204 3409 2253; x_wconf 84' lang='grc' dir='ltr'>ἐπὶ</span> <span class='ocrx_word' id='word_1_349' title='bbox 3475 2198 3620 2253; x_wconf 84' lang='grc' dir='ltr'>ἰδίων</span> <span class='ocrx_word' id='word_1_350' title='bbox 3649 2206 3869 2277; x_wconf 75' lang='grc' dir='ltr'>τραπεζῶν</span> 
     </span>
    </p>
   </div>
   <div class='ocr_carea' id='block_1_54' title="bbox 2320 2283 3871 2358">
    <p class='ocr_par' dir='ltr' id='par_1_54' title="bbox 2320 2283 3871 2358">
     <span class='ocr_line' id='line_1_54' title="bbox 2320 2283 3871 2358; baseline 0.003 -22"><span class='ocrx_word' id='word_1_351' title='bbox 2320 2283 2623 2358; x_wconf 67' lang='grc' dir='ltr'>ἐλειτούργει</span> <span class='ocrx_word' id='word_1_352' title='bbox 2657 2306 2669 2317; x_wconf 76' lang='grc' dir='ltr'><strong>ο</strong></span> <span class='ocrx_word' id='word_1_353' title='bbox 2730 2290 2817 2337; x_wconf 85' lang='grc' dir='ltr'>καὶ</span> <span class='ocrx_word' id='word_1_354' title='bbox 2857 2295 2944 2338; x_wconf 77' lang='grc' dir='ltr'>νῦν</span> <span class='ocrx_word' id='word_1_355' title='bbox 2999 2290 3165 2348; x_wconf 80' lang='grc' dir='ltr'>ἱκέτης</span> <span class='ocrx_word' id='word_1_356' title='bbox 3230 2292 3350 2341; x_wconf 85' lang='grc' dir='ltr'>ἐστὶ</span> <span class='ocrx_word' id='word_1_357' title='bbox 3405 2288 3722 2356; x_wconf 72' lang='grc' dir='ltr'>Βασιλείδου;</span> <span class='ocrx_word' id='word_1_358' title='bbox 3765 2293 3871 2341; x_wconf 75' lang='grc' dir='ltr'>ὥστε</span> 
     </span>
    </p>
   </div>
   <div class='ocr_carea' id='block_1_55' title="bbox 2321 2368 3872 2450">
    <p class='ocr_par' dir='ltr' id='par_1_55' title="bbox 2321 2368 3872 2450">
     <span class='ocr_line' id='line_1_55' title="bbox 2321 2368 3872 2450; baseline 0.003 -25"><span class='ocrx_word' id='word_1_359' title='bbox 2321 2368 2603 2442; x_wconf 75' lang='grc' dir='ltr'>δεχθῆναι.</span> <span class='ocrx_word' id='word_1_360' title='bbox 2652 2373 2909 2448; x_wconf 71' lang='grc' dir='ltr'>Ἀφώρισε</span> <span class='ocrx_word' id='word_1_361' title='bbox 2974 2379 3060 2427; x_wconf 86' lang='grc' dir='ltr'>τὸν</span> <span class='ocrx_word' id='word_1_362' title='bbox 3129 2376 3505 2430; x_wconf 67' lang='grc' dir='ltr'>εὐλαϐέστατον</span> <span class='ocrx_word' id='word_1_363' title='bbox 3558 2376 3755 2450; x_wconf 72' lang='grc' dir='ltr'>ἀδελφὸν</span> <span class='ocrx_word' id='word_1_364' title='bbox 3789 2377 3872 2429; x_wconf 73' lang='grc' dir='ltr'>Ἐλ-</span> 
     </span>
    </p>
   </div>
   <div class='ocr_carea' id='block_1_56' title="bbox 2323 2458 3871 2539">
    <p class='ocr_par' dir='ltr' id='par_1_56' title="bbox 2323 2458 3871 2539">
     <span class='ocr_line' id='line_1_56' title="bbox 2323 2458 3871 2539; baseline 0.003 -27"><span class='ocrx_word' id='word_1_365' title='bbox 2323 2458 2498 2513; x_wconf 87' lang='grc' dir='ltr'>πίδιον</span> <span class='ocrx_word' id='word_1_366' title='bbox 2526 2458 2617 2513; x_wconf 74' lang='grc' dir='ltr'>διὰ</span> <span class='ocrx_word' id='word_1_367' title='bbox 2647 2467 2741 2521; x_wconf 83' lang='grc' dir='ltr'>τὴν</span> <span class='ocrx_word' id='word_1_368' title='bbox 2770 2468 2897 2536; x_wconf 88' lang='grc' dir='ltr'>πρὸς</span> <span class='ocrx_word' id='word_1_369' title='bbox 2927 2468 3047 2526; x_wconf 79' lang='grc' dir='ltr'>τοὺς</span> <span class='ocrx_word' id='word_1_370' title='bbox 3088 2469 3136 2517; x_wconf 86' lang='grc' dir='ltr'>ἐν</span> <span class='ocrx_word' id='word_1_371' title='bbox 3159 2466 3427 2539; x_wconf 79' lang='grc' dir='ltr'>’Λμασεία</span> <span class='ocrx_word' id='word_1_372' title='bbox 3460 2470 3721 2539; x_wconf 70' lang='grc' dir='ltr'>συνάφειαι</span> <span class='ocrx_word' id='word_1_373' title='bbox 3748 2489 3759 2500; x_wconf 75' lang='grc' dir='ltr'><strong>ο</strong></span> <span class='ocrx_word' id='word_1_374' title='bbox 3804 2472 3871 2518; x_wconf 74' lang='grc' dir='ltr'>καὶ</span> 
     </span>
    </p>
   </div>
   <div class='ocr_carea' id='block_1_57' title="bbox 2318 2552 3871 2625">
    <p class='ocr_par' dir='ltr' id='par_1_57' title="bbox 2318 2552 3871 2625">
     <span class='ocr_line' id='line_1_57' title="bbox 2318 2552 3871 2625; baseline 0.002 -25"><span class='ocrx_word' id='word_1_375' title='bbox 2318 2557 2405 2602; x_wconf 80' lang='grc' dir='ltr'>νῦν</span> <span class='ocrx_word' id='word_1_376' title='bbox 2436 2552 2606 2612; x_wconf 83' lang='grc' dir='ltr'>ἱκέτης</span> <span class='ocrx_word' id='word_1_377' title='bbox 2636 2560 2734 2602; x_wconf 84' lang='grc' dir='ltr'>τῶν</span> <span class='ocrx_word' id='word_1_378' title='bbox 2770 2553 3035 2623; x_wconf 86' lang='grc' dir='ltr'>Ἀμασέων</span> <span class='ocrx_word' id='word_1_379' title='bbox 3058 2556 3191 2625; x_wconf 77' lang='grc'>(52),</span> <span class='ocrx_word' id='word_1_380' title='bbox 3213 2559 3479 2618; x_wconf 83' lang='grc' dir='ltr'>ἐπιζητῶν</span> <span class='ocrx_word' id='word_1_381' title='bbox 3503 2556 3661 2607; x_wconf 68' lang='grc' dir='ltr'>αὐτῶν</span> <span class='ocrx_word' id='word_1_382' title='bbox 3681 2560 3760 2613; x_wconf 71' lang='grc' dir='ltr'>τήν</span> <span class='ocrx_word' id='word_1_383' title='bbox 3782 2573 3871 2605; x_wconf 85' lang='grc' dir='ltr'>σνν-</span> 
     </span>
    </p>
   </div>
   <div class='ocr_carea' id='block_1_58' title="bbox 2319 2641 3872 2719">
    <p class='ocr_par' dir='ltr' id='par_1_58' title="bbox 2319 2641 3872 2719">
     <span class='ocr_line' id='line_1_58' title="bbox 2319 2641 3872 2719; baseline 0.003 -30"><span class='ocrx_word' id='word_1_384' title='bbox 2319 2641 2517 2711; x_wconf 69' lang='grc' dir='ltr'>άφειαν.</span> <span class='ocrx_word' id='word_1_385' title='bbox 2575 2643 2651 2692; x_wconf 79' lang='grc' dir='ltr'>Τὰ</span> <span class='ocrx_word' id='word_1_386' title='bbox 2707 2644 2842 2692; x_wconf 83' lang='grc' dir='ltr'>κατὰ</span> <span class='ocrx_word' id='word_1_387' title='bbox 2872 2641 3125 2695; x_wconf 75' lang='grc' dir='ltr'>Εὑιππίου</span> <span class='ocrx_word' id='word_1_388' title='bbox 3184 2648 3506 2719; x_wconf 75' lang='grc' dir='ltr'>κηρύγματα</span> <span class='ocrx_word' id='word_1_389' title='bbox 3524 2647 3631 2717; x_wconf 88' lang='grc'>(53)</span> <span class='ocrx_word' id='word_1_390' title='bbox 3658 2650 3737 2697; x_wconf 86' lang='grc' dir='ltr'>καὶ</span> <span class='ocrx_word' id='word_1_391' title='bbox 3763 2646 3872 2715; x_wconf 73' lang='grc' dir='ltr'>ὑμεῖς</span> 
     </span>
    </p>
   </div>
   <div class='ocr_carea' id='block_1_59' title="bbox 2320 2728 3873 2804">
    <p class='ocr_par' dir='ltr' id='par_1_59' title="bbox 2320 2728 3873 2804">
     <span class='ocr_line' id='line_1_59' title="bbox 2320 2728 3873 2804; baseline 0.003 -23"><span class='ocrx_word' id='word_1_392' title='bbox 2320 2730 2464 2781; x_wconf 72' lang='grc' dir='ltr'>αὐτοὶ</span> <span class='ocrx_word' id='word_1_393' title='bbox 2522 2732 2806 2782; x_wconf 82' lang='grc' dir='ltr'>ἐπίστασθε</span> <span class='ocrx_word' id='word_1_394' title='bbox 2860 2732 2997 2793; x_wconf 84' lang='grc' dir='ltr'>ὅπως</span> <span class='ocrx_word' id='word_1_395' title='bbox 3041 2728 3101 2789; x_wconf 79' lang='grc' dir='ltr'>ἧν</span> <span class='ocrx_word' id='word_1_396' title='bbox 3148 2736 3366 2804; x_wconf 74' lang='grc' dir='ltr'>φρικτά.</span> <span class='ocrx_word' id='word_1_397' title='bbox 3424 2739 3524 2786; x_wconf 81' lang='grc' dir='ltr'>Καὶ</span> <span class='ocrx_word' id='word_1_398' title='bbox 3568 2743 3650 2785; x_wconf 73' lang='grc' dir='ltr'>νῦν</span> <span class='ocrx_word' id='word_1_399' title='bbox 3686 2736 3788 2793; x_wconf 69' lang='grc' dir='ltr'>τοὺς</span> <span class='ocrx_word' id='word_1_400' title='bbox 3823 2734 3873 2781; x_wconf 76' lang='grc' dir='ltr'>τὰ</span> 
     </span>
    </p>
   </div>
   <div class='ocr_carea' id='block_1_60' title="bbox 2318 2820 3870 2896">
    <p class='ocr_par' dir='ltr' id='par_1_60' title="bbox 2318 2820 3870 2896">
     <span class='ocr_line' id='line_1_60' title="bbox 2318 2820 3870 2896; baseline 0.002 -27"><span class='ocrx_word' id='word_1_401' title='bbox 2318 2822 2509 2870; x_wconf 80' lang='grc' dir='ltr'>ἐκείνου</span> <span class='ocrx_word' id='word_1_402' title='bbox 2564 2828 2873 2893; x_wconf 72' lang='grc' dir='ltr'>φρονοῦντας</span> <span class='ocrx_word' id='word_1_403' title='bbox 2913 2824 2995 2872; x_wconf 85' lang='grc' dir='ltr'>ἐπὶ</span> <span class='ocrx_word' id='word_1_404' title='bbox 3055 2820 3305 2895; x_wconf 74' lang='grc' dir='ltr'>ὀρθότητι</span> <span class='ocrx_word' id='word_1_405' title='bbox 3360 2822 3706 2896; x_wconf 72' lang='grc' dir='ltr'>ἀποσεμνύνει,</span> <span class='ocrx_word' id='word_1_406' title='bbox 3751 2826 3870 2893; x_wconf 78' lang='grc' dir='ltr'>μόνον</span> 
     </span>
    </p>
   </div>
   <div class='ocr_carea' id='block_1_61' title="bbox 2318 2906 3870 2974">
    <p class='ocr_par' dir='ltr' id='par_1_61' title="bbox 2318 2906 3870 2974">
     <span class='ocr_line' id='line_1_61' title="bbox 2318 2906 3870 2974; baseline -0.001 -16"><span class='ocrx_word' id='word_1_407' title='bbox 2318 2911 2400 2959; x_wconf 71' lang='grc' dir='ltr'>ἐὰν</span> <span class='ocrx_word' id='word_1_408' title='bbox 2455 2908 2520 2967; x_wconf 85' lang='grc' dir='ltr'>εἱς</span> <span class='ocrx_word' id='word_1_409' title='bbox 2577 2913 2669 2966; x_wconf 83' lang='grc' dir='ltr'>τὴν</span> <span class='ocrx_word' id='word_1_410' title='bbox 2727 2918 2823 2970; x_wconf 83' lang='grc' dir='ltr'>τῆς</span> <span class='ocrx_word' id='word_1_411' title='bbox 2896 2908 3384 2974; x_wconf 80' lang='grc' dir='ltr'>ἀποκαταστάσεως</span> <span class='ocrx_word' id='word_1_412' title='bbox 3446 2913 3602 2963; x_wconf 70' lang='grc' dir='ltr'>αὐτοῦ</span> <span class='ocrx_word' id='word_1_413' title='bbox 3674 2906 3870 2964; x_wconf 70' lang='grc' dir='ltr'>σπονδὴν</span> 
     </span>
    </p>
   </div>
   <div class='ocr_carea' id='block_1_62' title="bbox 2320 2993 3868 3071">
    <p class='ocr_par' dir='ltr' id='par_1_62' title="bbox 2320 2993 3868 3071">
     <span class='ocr_line' id='line_1_62' title="bbox 2320 2993 3868 3071; baseline 0 -23"><span class='ocrx_word' id='word_1_414' title='bbox 2320 3001 2540 3070; x_wconf 77' lang='grc' dir='ltr'>συνεργή</span> <span class='ocrx_word' id='word_1_415' title='bbox 2554 3016 2735 3051; x_wconf 89' lang='grc' dir='ltr'>σωσιν.</span> <span class='ocrx_word' id='word_1_416' title='bbox 2762 2997 2937 3069; x_wconf 80' lang='grc' dir='ltr'>Ἡμεῖς</span> <span class='ocrx_word' id='word_1_417' title='bbox 2956 2995 3013 3050; x_wconf 70' lang='grc' dir='ltr'>δὲ</span> <span class='ocrx_word' id='word_1_418' title='bbox 3033 2996 3429 3071; x_wconf 73' lang='grc' dir='ltr'>διαϐαλλόμεθα</span> <span class='ocrx_word' id='word_1_419' title='bbox 3459 3002 3591 3071; x_wconf 78' lang='grc'>(54),</span> <span class='ocrx_word' id='word_1_420' title='bbox 3609 2999 3695 3051; x_wconf 75' lang='grc' dir='ltr'>οὐκ</span> <span class='ocrx_word' id='word_1_421' title='bbox 3722 2993 3868 3054; x_wconf 71' lang='grc' dir='ltr'>ἐπειδὴ</span> 
     </span>
    </p>
   </div>
   <div class='ocr_carea' id='block_1_63' title="bbox 562 3082 2204 3169">
    <p class='ocr_par' dir='ltr' id='par_1_63' title="bbox 562 3088 2204 3163">
     <span class='ocr_line' id='line_1_63' title="bbox 562 3088 2204 3163; baseline -0.002 -16"><span class='ocrx_word' id='word_1_422' title='bbox 562 3107 684 3147; x_wconf 88' lang='lat' dir='ltr'>non</span> <span class='ocrx_word' id='word_1_423' title='bbox 717 3090 861 3163; x_wconf 89' lang='lat' dir='ltr'>quia</span> <span class='ocrx_word' id='word_1_424' title='bbox 884 3089 1026 3144; x_wconf 90' lang='lat' dir='ltr'>mali</span> <span class='ocrx_word' id='word_1_425' title='bbox 1054 3088 1389 3160; x_wconf 88' lang='lat' dir='ltr'>quidquam</span> <span class='ocrx_word' id='word_1_426' title='bbox 1421 3088 1817 3155; x_wconf 89' lang='lat' dir='ltr'>admittimus,</span> <span class='ocrx_word' id='word_1_427' title='bbox 1849 3089 1953 3144; x_wconf 90' lang='lat' dir='ltr'>sed</span> <span class='ocrx_word' id='word_1_428' title='bbox 1982 3089 2126 3161; x_wconf 88' lang='lat' dir='ltr'>quia</span> <span class='ocrx_word' id='word_1_429' title='bbox 2149 3088 2204 3143; x_wconf 88' lang='lat' dir='ltr'>id</span> 
     </span>
    </p>
   </div>
   <div class='ocr_carea' id='block_1_64' title="bbox 2314 3082 3872 3169">
    <p class='ocr_par' dir='ltr' id='par_1_64' title="bbox 2317 3082 3872 3161">
     <span class='ocr_line' id='line_1_64' title="bbox 2317 3082 3872 3161; baseline 0.001 -26"><span class='ocrx_word' id='word_1_430' title='bbox 2317 3087 2463 3156; x_wconf 87' lang='grc' dir='ltr'>ἡμεῖς</span> <span class='ocrx_word' id='word_1_431' title='bbox 2504 3082 2784 3158; x_wconf 77' lang='grc' dir='ltr'>ἀδικοῠμέν</span> <span class='ocrx_word' id='word_1_432' title='bbox 2842 3107 2911 3156; x_wconf 80' lang='grc' dir='ltr'>τι,</span> <span class='ocrx_word' id='word_1_433' title='bbox 2968 3086 3073 3139; x_wconf 80' lang='grc' dir='ltr'>ἀλλ’</span> <span class='ocrx_word' id='word_1_434' title='bbox 3126 3085 3313 3147; x_wconf 82' lang='grc' dir='ltr'>ἐπειδὴ</span> <span class='ocrx_word' id='word_1_435' title='bbox 3358 3096 3512 3141; x_wconf 75' lang='grc' dir='ltr'>τοῦτο</span> <span class='ocrx_word' id='word_1_436' title='bbox 3542 3092 3756 3161; x_wconf 85' lang='grc' dir='ltr'>ἐνόμισεν</span> <span class='ocrx_word' id='word_1_437' title='bbox 3805 3085 3872 3136; x_wconf 69' lang='grc' dir='ltr'>εὖ·</span> 
     </span>
    </p>
   </div>
   <div class='ocr_carea' id='block_1_65' title="bbox 554 3176 2210 3249">
    <p class='ocr_par' dir='ltr' id='par_1_65' title="bbox 554 3176 2210 3249">
     <span class='ocr_line' id='line_1_65' title="bbox 554 3176 2210 3249; baseline -0.001 -15"><span class='ocrx_word' id='word_1_438' title='bbox 554 3178 919 3235; x_wconf 75' lang='lat' dir='ltr'>existimavit</span> <span class='ocrx_word' id='word_1_439' title='bbox 941 3177 1057 3233; x_wconf 87' lang='lat' dir='ltr'>sibi</span> <span class='ocrx_word' id='word_1_440' title='bbox 1085 3176 1330 3232; x_wconf 91' lang='lat' dir='ltr'>laudem</span> <span class='ocrx_word' id='word_1_441' title='bbox 1353 3176 1803 3232; x_wconf 86' lang='lat' dir='ltr'>conciliaturum</span> <span class='ocrx_word' id='word_1_442' title='bbox 1818 3178 1982 3249; x_wconf 89' lang='lat' dir='ltr'>apud</span> <span class='ocrx_word' id='word_1_443' title='bbox 2008 3178 2210 3232; x_wconf 85' lang='lat' dir='ltr'>Antio-</span> 
     </span>
    </p>
   </div>
   <div class='ocr_carea' id='block_1_66' title="bbox 554 3266 2211 3338">
    <p class='ocr_par' dir='ltr' id='par_1_66' title="bbox 554 3266 2211 3338">
     <span class='ocr_line' id='line_1_66' title="bbox 554 3266 2211 3338; baseline -0.001 -14"><span class='ocrx_word' id='word_1_444' title='bbox 554 3269 800 3324; x_wconf 89' lang='lat' dir='ltr'>chenos.</span> <span class='ocrx_word' id='word_1_445' title='bbox 826 3269 987 3332; x_wconf 88' lang='lat' dir='ltr'>Quos</span> <span class='ocrx_word' id='word_1_446' title='bbox 1010 3270 1212 3322; x_wconf 89' lang='lat' dir='ltr'>autem</span> <span class='ocrx_word' id='word_1_447' title='bbox 1242 3282 1402 3322; x_wconf 90' lang='lat' dir='ltr'>anno</span> <span class='ocrx_word' id='word_1_448' title='bbox 1441 3267 1737 3338; x_wconf 62' lang='lat' dir='ltr'>praeterito</span> <span class='ocrx_word' id='word_1_449' title='bbox 1764 3282 1836 3321; x_wconf 89' lang='lat' dir='ltr'>ex</span> <span class='ocrx_word' id='word_1_450' title='bbox 1860 3266 2085 3323; x_wconf 86' lang='lat' dir='ltr'>Galatia</span> <span class='ocrx_word' id='word_1_451' title='bbox 2108 3283 2211 3323; x_wconf 89' lang='lat' dir='ltr'>ac—</span> 
     </span>
    </p>
   </div>
   <div class='ocr_carea' id='block_1_67' title="bbox 552 3355 2213 3429">
    <p class='ocr_par' dir='ltr' id='par_1_67' title="bbox 552 3355 2213 3429">
     <span class='ocr_line' id='line_1_67' title="bbox 552 3355 2213 3429; baseline -0.003 -16"><span class='ocrx_word' id='word_1_452' title='bbox 552 3358 868 3424; x_wconf 79' lang='lat' dir='ltr'>cersivere,</span> <span class='ocrx_word' id='word_1_453' title='bbox 891 3360 956 3412; x_wconf 89' lang='lat' dir='ltr'>ut</span> <span class='ocrx_word' id='word_1_454' title='bbox 992 3355 1266 3425; x_wconf 90' lang='lat' dir='ltr'>idoneos,</span> <span class='ocrx_word' id='word_1_455' title='bbox 1308 3370 1416 3427; x_wconf 90' lang='lat' dir='ltr'>per</span> <span class='ocrx_word' id='word_1_456' title='bbox 1455 3372 1611 3429; x_wconf 90' lang='lat' dir='ltr'>quos</span> <span class='ocrx_word' id='word_1_457' title='bbox 1626 3355 1882 3412; x_wconf 88' lang='lat' dir='ltr'>liberam</span> <span class='ocrx_word' id='word_1_458' title='bbox 1901 3357 2213 3429; x_wconf 91' lang='lat' dir='ltr'>episcopa.</span> 
     </span>
    </p>
   </div>
   <div class='ocr_carea' id='block_1_68' title="bbox 625 3550 2211 3623">
    <p class='ocr_par' dir='ltr' id='par_1_68' title="bbox 625 3550 2211 3623">
     <span class='ocr_line' id='line_1_68' title="bbox 625 3550 2211 3623; baseline 0 -16"><span class='ocrx_word' id='word_1_459' title='bbox 625 3552 737 3623; x_wconf 80' lang='grc'>(46)</span> <span class='ocrx_word' id='word_1_460' title='bbox 779 3550 1123 3623; x_wconf 64' lang='grc' dir='ltr'>Ἐγένεταῐιει</span> <span class='ocrx_word' id='word_1_461' title='bbox 1154 3550 1471 3606; x_wconf 60' lang='grc' dir='ltr'>Μοάὶορειιε</span> <span class='ocrx_word' id='word_1_462' title='bbox 1505 3550 1695 3607; x_wconf 82' lang='lat' dir='ltr'>codex</span> <span class='ocrx_word' id='word_1_463' title='bbox 1723 3567 1860 3607; x_wconf 90' lang='lat' dir='ltr'>cum</span> <span class='ocrx_word' id='word_1_464' title='bbox 1890 3551 2035 3608; x_wconf 91' lang='lat' dir='ltr'>alio.</span> <span class='ocrx_word' id='word_1_465' title='bbox 2061 3551 2211 3607; x_wconf 83' lang='lat' dir='ltr'>Editi</span> 
     </span>
    </p>
   </div>
   <div class='ocr_carea' id='block_1_69' title="bbox 553 3641 802 3677">
    <p class='ocr_par' dir='ltr' id='par_1_69' title="bbox 553 3641 802 3677">
     <span class='ocr_line' id='line_1_69' title="bbox 553 3641 802 3677; baseline -0.004 0"><span class='ocrx_word' id='word_1_466' title='bbox 553 3641 802 3677; x_wconf 78' lang='grc' dir='ltr'>ε’γενοντο.</span> 
     </span>
    </p>
   </div>
   <div class='ocr_carea' id='block_1_70' title="bbox 578 3642 2208 3766">
    <p class='ocr_par' dir='ltr' id='par_1_70' title="bbox 578 3642 2208 3766">
     <span class='ocr_line' id='line_1_70' title="bbox 578 3642 2208 3766; baseline 0 -16"><span class='ocrx_word' id='word_1_467' title='bbox 578 3642 940 3766; x_wconf 33' lang='grc' dir='ltr'>γῗίζῖοῆμῖν.</span> <span class='ocrx_word' id='word_1_468' title='bbox 976 3692 1068 3766; x_wconf 87' lang='lat' dir='ltr'>Sic</span> <span class='ocrx_word' id='word_1_469' title='bbox 1098 3692 1248 3748; x_wconf 87' lang='lat' dir='ltr'>Med.</span> <span class='ocrx_word' id='word_1_470' title='bbox 1302 3696 1357 3748; x_wconf 91' lang='lat' dir='ltr'>et</span> <span class='ocrx_word' id='word_1_471' title='bbox 1405 3692 1578 3766; x_wconf 69' lang='lat' dir='ltr'>Qoisl.</span> <span class='ocrx_word' id='word_1_472' title='bbox 1622 3692 1851 3764; x_wconf 91' lang='lat' dir='ltr'>primus</span> <span class='ocrx_word' id='word_1_473' title='bbox 1915 3709 2055 3750; x_wconf 91' lang='lat' dir='ltr'>cum</span> <span class='ocrx_word' id='word_1_474' title='bbox 2086 3709 2208 3750; x_wconf 92' lang='lat' dir='ltr'>uno</span> 
     </span>
    </p>
   </div>
   <div class='ocr_carea' id='block_1_71' title="bbox 556 3763 1671 3836">
    <p class='ocr_par' dir='ltr' id='par_1_71' title="bbox 556 3763 1671 3836">
     <span class='ocr_line' id='line_1_71' title="bbox 556 3763 1671 3836; baseline -0.004 -14"><span class='ocrx_word' id='word_1_475' title='bbox 556 3782 629 3822; x_wconf 81' lang='lat' dir='ltr'>ex</span> <span class='ocrx_word' id='word_1_476' title='bbox 656 3763 868 3835; x_wconf 80' lang='lat' dir='ltr'>Regiis,</span> <span class='ocrx_word' id='word_1_477' title='bbox 895 3764 1106 3819; x_wconf 89' lang='lat' dir='ltr'>melius</span> <span class='ocrx_word' id='word_1_478' title='bbox 1136 3780 1323 3836; x_wconf 86' lang='lat' dir='ltr'>quam</span> <span class='ocrx_word' id='word_1_479' title='bbox 1356 3763 1496 3819; x_wconf 87' lang='lat' dir='ltr'>editi</span> <span class='ocrx_word' id='word_1_480' title='bbox 1527 3763 1671 3835; x_wconf 67' lang='grc' dir='ltr'>ἡμῖν.</span> 
     </span>
    </p>
   </div>
   <div class='ocr_carea' id='block_1_72' title="bbox 630 3834 2209 3909">
    <p class='ocr_par' dir='ltr' id='par_1_72' title="bbox 630 3834 2209 3909">
     <span class='ocr_line' id='line_1_72' title="bbox 630 3834 2209 3909; baseline 0.002 -21"><span class='ocrx_word' id='word_1_481' title='bbox 630 3840 743 3902; x_wconf 78' lang='grc'>(48)</span> <span class='ocrx_word' id='word_1_482' title='bbox 786 3841 891 3888; x_wconf 69' lang='lat' dir='ltr'>NW</span> <span class='ocrx_word' id='word_1_483' title='bbox 922 3834 1248 3909; x_wconf 56' lang='grc' dir='ltr'>κρατορνξες.</span> <span class='ocrx_word' id='word_1_484' title='bbox 1286 3837 1451 3909; x_wconf 74' lang='grc' dir='ltr'>Ἡδεο</span> <span class='ocrx_word' id='word_1_485' title='bbox 1517 3834 1701 3909; x_wconf 85' lang='lat' dir='ltr'>verba</span> <span class='ocrx_word' id='word_1_486' title='bbox 1750 3834 1833 3909; x_wconf 79' lang='lat' dir='ltr'>sic</span> <span class='ocrx_word' id='word_1_487' title='bbox 1877 3834 2046 3909; x_wconf 86' lang='lat' dir='ltr'>reddi</span> <span class='ocrx_word' id='word_1_488' title='bbox 2074 3852 2209 3909; x_wconf 83' lang='lat' dir='ltr'>pos-</span> 
     </span>
    </p>
   </div>
   <div class='ocr_carea' id='block_1_73' title="bbox 557 3907 2207 3977">
    <p class='ocr_par' dir='ltr' id='par_1_73' title="bbox 557 3907 2207 3977">
     <span class='ocr_line' id='line_1_73' title="bbox 557 3907 2207 3977; baseline -0.002 -14"><span class='ocrx_word' id='word_1_489' title='bbox 557 3914 707 3975; x_wconf 88' lang='lat' dir='ltr'>sent,</span> <span class='ocrx_word' id='word_1_490' title='bbox 734 3909 840 3977; x_wconf 81' lang='lat' dir='ltr'>qui</span> <span class='ocrx_word' id='word_1_491' title='bbox 871 3907 1034 3962; x_wconf 72' lang='lat' dir='ltr'>nunc</span> <span class='ocrx_word' id='word_1_492' title='bbox 1064 3907 1358 3963; x_wconf 80' lang='lat' dir='ltr'>Ecclesias</span> <span class='ocrx_word' id='word_1_493' title='bbox 1388 3913 1626 3977; x_wconf 73' lang='lat' dir='ltr'>regunt.</span> <span class='ocrx_word' id='word_1_494' title='bbox 1675 3907 1787 3962; x_wconf 87' lang='lat' dir='ltr'>Sed</span> <span class='ocrx_word' id='word_1_495' title='bbox 1827 3908 2004 3961; x_wconf 87' lang='lat' dir='ltr'>credo</span> <span class='ocrx_word' id='word_1_496' title='bbox 2055 3907 2207 3961; x_wconf 81' lang='lat' dir='ltr'>Basi-</span> 
     </span>
    </p>
   </div>
   <div class='ocr_carea' id='block_1_74' title="bbox 554 3976 2208 4050">
    <p class='ocr_par' dir='ltr' id='par_1_74' title="bbox 554 3976 2208 4050">
     <span class='ocr_line' id='line_1_74' title="bbox 554 3976 2208 4050; baseline -0.001 -16"><span class='ocrx_word' id='word_1_497' title='bbox 554 3978 702 4034; x_wconf 89' lang='lat' dir='ltr'>lium</span> <span class='ocrx_word' id='word_1_498' title='bbox 719 3976 1013 4050; x_wconf 74' lang='lat' dir='ltr'>respicere</span> <span class='ocrx_word' id='word_1_499' title='bbox 1044 3977 1122 4050; x_wconf 86' lang='lat' dir='ltr'>ad</span> <span class='ocrx_word' id='word_1_500' title='bbox 1143 3978 1466 4050; x_wconf 83' lang='lat' dir='ltr'>violentam</span> <span class='ocrx_word' id='word_1_501' title='bbox 1497 3976 1659 4050; x_wconf 80' lang='lat' dir='ltr'>illam</span> <span class='ocrx_word' id='word_1_502' title='bbox 1716 3977 2071 4050; x_wconf 83' lang='lat' dir='ltr'>Arianorum</span> <span class='ocrx_word' id='word_1_503' title='bbox 2094 3978 2208 4050; x_wconf 88' lang='lat' dir='ltr'>do-</span> 
     </span>
    </p>
   </div>
   <div class='ocr_carea' id='block_1_75' title="bbox 556 4048 2207 4120">
    <p class='ocr_par' dir='ltr' id='par_1_75' title="bbox 556 4048 2207 4120">
     <span class='ocr_line' id='line_1_75' title="bbox 556 4048 2207 4120; baseline -0.001 -15"><span class='ocrx_word' id='word_1_504' title='bbox 556 4048 1098 4120; x_wconf 78' lang='lat' dir='ltr'>minationem,qui</span> <span class='ocrx_word' id='word_1_505' title='bbox 1128 4063 1234 4118; x_wconf 91' lang='lat' dir='ltr'>per</span> <span class='ocrx_word' id='word_1_506' title='bbox 1263 4048 1352 4120; x_wconf 83' lang='lat' dir='ltr'>fas</span> <span class='ocrx_word' id='word_1_507' title='bbox 1401 4052 1457 4101; x_wconf 92' lang='lat' dir='ltr'>et</span> <span class='ocrx_word' id='word_1_508' title='bbox 1504 4048 1672 4120; x_wconf 63' lang='lat' dir='ltr'>nefas</span> <span class='ocrx_word' id='word_1_509' title='bbox 1696 4049 2082 4120; x_wconf 88' lang='lat' dir='ltr'>episcopatus</span> <span class='ocrx_word' id='word_1_510' title='bbox 2113 4049 2207 4102; x_wconf 91' lang='lat' dir='ltr'>in-</span> 
     </span>
    </p>
   </div>
   <div class='ocr_carea' id='block_1_76' title="bbox 554 4115 2204 4188">
    <p class='ocr_par' dir='ltr' id='par_1_76' title="bbox 554 4115 2204 4188">
     <span class='ocr_line' id='line_1_76' title="bbox 554 4115 2204 4188; baseline -0.001 -13"><span class='ocrx_word' id='word_1_511' title='bbox 554 4119 884 4175; x_wconf 83' lang='lat' dir='ltr'>vadebant.</span> <span class='ocrx_word' id='word_1_512' title='bbox 925 4115 1067 4173; x_wconf 81' lang='lat' dir='ltr'>Hinc</span> <span class='ocrx_word' id='word_1_513' title='bbox 1114 4115 1176 4171; x_wconf 75' lang='lat' dir='ltr'>in</span> <span class='ocrx_word' id='word_1_514' title='bbox 1224 4118 1393 4188; x_wconf 91' lang='lat' dir='ltr'>epist.</span> <span class='ocrx_word' id='word_1_515' title='bbox 1429 4120 1532 4188; x_wconf 66' lang='grc'>244</span> <span class='ocrx_word' id='word_1_516' title='bbox 1566 4115 2204 4179; x_wconf 46' lang='lat' dir='ltr'>(inmoratam-domina-</span> 
     </span>
    </p>
   </div>
   <div class='ocr_carea' id='block_1_77' title="bbox 556 4187 2206 4258">
    <p class='ocr_par' dir='ltr' id='par_1_77' title="bbox 556 4187 2206 4258">
     <span class='ocr_line' id='line_1_77' title="bbox 556 4187 2206 4258; baseline -0.001 -12"><span class='ocrx_word' id='word_1_517' title='bbox 556 4193 773 4246; x_wconf 77' lang='lat' dir='ltr'>tionem</span> <span class='ocrx_word' id='word_1_518' title='bbox 805 4194 977 4244; x_wconf 81' lang='lat' dir='ltr'>vocat</span> <span class='ocrx_word' id='word_1_519' title='bbox 1005 4188 1415 4258; x_wconf 86' lang='lat' dir='ltr'>episcopalem</span> <span class='ocrx_word' id='word_1_520' title='bbox 1436 4187 1673 4242; x_wconf 91' lang='lat' dir='ltr'>illorum</span> <span class='ocrx_word' id='word_1_521' title='bbox 1706 4189 2079 4256; x_wconf 89' lang='lat' dir='ltr'>dignitatem.</span> <span class='ocrx_word' id='word_1_522' title='bbox 2116 4191 2206 4246; x_wconf 86' lang='lat' dir='ltr'>Ait</span> 
     </span>
    </p>
   </div>
   <div class='ocr_carea' id='block_1_78' title="bbox 553 4259 2202 4332">
    <p class='ocr_par' dir='ltr' id='par_1_78' title="bbox 553 4259 2202 4332">
     <span class='ocr_line' id='line_1_78' title="bbox 553 4259 2202 4332; baseline -0.001 -15"><span class='ocrx_word' id='word_1_523' title='bbox 553 4262 615 4317; x_wconf 89' lang='lat' dir='ltr'>in</span> <span class='ocrx_word' id='word_1_524' title='bbox 651 4262 821 4332; x_wconf 83' lang='lat' dir='ltr'>epist.</span> <span class='ocrx_word' id='word_1_525' title='bbox 877 4264 977 4332; x_wconf 76' lang='lat'>223</span> <span class='ocrx_word' id='word_1_526' title='bbox 1028 4259 1396 4313; x_wconf 83' lang='lat' dir='ltr'>Eustathium</span> <span class='ocrx_word' id='word_1_527' title='bbox 1429 4264 1670 4329; x_wconf 88' lang='lat' dir='ltr'>captare</span> <span class='ocrx_word' id='word_1_528' title='bbox 1693 4262 1943 4325; x_wconf 79' lang='lat' dir='ltr'>gratiam</span> <span class='ocrx_word' id='word_1_529' title='bbox 1969 4276 2202 4327; x_wconf 90' lang='lat' dir='ltr'>eorum,</span> 
     </span>
    </p>
   </div>
   <div class='ocr_carea' id='block_1_79' title="bbox 599 4331 2201 4401">
    <p class='ocr_par' dir='ltr' id='par_1_79' title="bbox 599 4331 2201 4401">
     <span class='ocr_line' id='line_1_79' title="bbox 599 4331 2201 4401; baseline -0.001 -15"><span class='ocrx_word' id='word_1_530' title='bbox 599 4332 655 4386; x_wconf 91' lang='lat' dir='ltr'>ui</span> <span class='ocrx_word' id='word_1_531' title='bbox 685 4331 848 4386; x_wconf 70' lang='lat' dir='ltr'>hunc</span> <span class='ocrx_word' id='word_1_532' title='bbox 874 4331 1281 4395; x_wconf 78' lang='lat' dir='ltr'>dominantur,</span> <span class='ocrx_word' id='word_1_533' title='bbox 1307 4336 1406 4401; x_wconf 75' lang='grc' dir='ltr'>τὼν</span> <span class='ocrx_word' id='word_1_534' title='bbox 1436 4337 1521 4379; x_wconf 84' lang='grc' dir='ltr'>νῦν</span> <span class='ocrx_word' id='word_1_535' title='bbox 1554 4333 1895 4401; x_wconf 72' lang='grc' dir='ltr'>κρατούντων,</span> <span class='ocrx_word' id='word_1_536' title='bbox 1920 4334 2201 4386; x_wconf 83' lang='lat' dir='ltr'>Euzoium</span> 
     </span>
    </p>
   </div>
   <div class='ocr_carea' id='block_1_80' title="bbox 552 4347 2201 4479">
    <p class='ocr_par' dir='ltr' id='par_1_80' title="bbox 552 4347 2201 4479">
     <span class='ocr_line' id='line_1_80' title="bbox 599 4347 2201 4401; baseline -0.001 -15"><span class='ocrx_word' id='word_1_537' title='bbox 599 4348 655 4386; x_wconf 84' lang='lat' dir='ltr'>Ul</span> <span class='ocrx_word' id='word_1_538' title='bbox 685 4347 848 4386; x_wconf 82' lang='lat' dir='ltr'>nunc</span> <span class='ocrx_word' id='word_1_539' title='bbox 874 4347 1281 4395; x_wconf 85' lang='lat' dir='ltr'>aommanmr,</span> <span class='ocrx_word' id='word_1_540' title='bbox 1307 4348 1406 4379; x_wconf 82' lang='grc' dir='ltr'>των</span> <span class='ocrx_word' id='word_1_541' title='bbox 1436 4350 1521 4379; x_wconf 89' lang='grc' dir='ltr'>νυν</span> <span class='ocrx_word' id='word_1_542' title='bbox 1554 4349 1895 4401; x_wconf 81' lang='grc' dir='ltr'>κρατονντων,</span> <span class='ocrx_word' id='word_1_543' title='bbox 1920 4347 2201 4386; x_wconf 66' lang='lat' dir='ltr'>uuzonum</span> 
     </span>
     <span class='ocr_line' id='line_1_81' title="bbox 552 4347 2201 4479; baseline -0.002 -21"><span class='ocrx_word' id='word_1_544' title='bbox 552 4347 903 4479; x_wconf 55' lang='lat' dir='ltr'>aesignans.</span> <span class='ocrx_word' id='word_1_545' title='bbox 934 4404 1308 4479; x_wconf 79' lang='lat' dir='ltr'>Demonstrat</span> <span class='ocrx_word' id='word_1_546' title='bbox 1330 4399 1386 4477; x_wconf 81' lang='lat' dir='ltr'>in</span> <span class='ocrx_word' id='word_1_547' title='bbox 1414 4401 1586 4479; x_wconf 86' lang='lat' dir='ltr'>epist.</span> <span class='ocrx_word' id='word_1_548' title='bbox 1618 4403 1745 4469; x_wconf 64' lang='grc'>243,</span> <span class='ocrx_word' id='word_1_549' title='bbox 1778 4417 1836 4479; x_wconf 85' lang='lat' dir='ltr'>n.</span> <span class='ocrx_word' id='word_1_550' title='bbox 1866 4404 1929 4479; x_wconf 10' lang='grc'>4,,</span> <span class='ocrx_word' id='word_1_551' title='bbox 1952 4403 2201 4456; x_wconf 80' lang='lat' dir='ltr'>Arianos</span> 
     </span>
    </p>
   </div>
   <div class='ocr_carea' id='block_1_81' title="bbox 553 4470 2199 4541">
    <p class='ocr_par' dir='ltr' id='par_1_81' title="bbox 553 4470 2199 4541">
     <span class='ocr_line' id='line_1_82' title="bbox 553 4470 2199 4541; baseline 0.001 -14"><span class='ocrx_word' id='word_1_552' title='bbox 553 4470 759 4528; x_wconf 87' lang='lat' dir='ltr'>omnia</span> <span class='ocrx_word' id='word_1_553' title='bbox 785 4470 1189 4526; x_wconf 78' lang='lat' dir='ltr'>ecclesiastica</span> <span class='ocrx_word' id='word_1_554' title='bbox 1220 4471 1426 4525; x_wconf 87' lang='lat' dir='ltr'>munia</span> <span class='ocrx_word' id='word_1_555' title='bbox 1447 4470 1506 4525; x_wconf 90' lang='lat' dir='ltr'>in</span> <span class='ocrx_word' id='word_1_556' title='bbox 1535 4486 1708 4525; x_wconf 90' lang='lat' dir='ltr'>suam</span> <span class='ocrx_word' id='word_1_557' title='bbox 1744 4478 2098 4541; x_wconf 87' lang='lat' dir='ltr'>potestatem</span> <span class='ocrx_word' id='word_1_558' title='bbox 2130 4490 2199 4529; x_wconf 84' lang='lat' dir='ltr'>ac</span> 
     </span>
    </p>
   </div>
   <div class='ocr_carea' id='block_1_82' title="bbox 554 4542 1388 4611">
    <p class='ocr_par' dir='ltr' id='par_1_82' title="bbox 554 4542 1388 4611">
     <span class='ocr_line' id='line_1_83' title="bbox 554 4542 1388 4611; baseline -0.005 -14"><span class='ocrx_word' id='word_1_559' title='bbox 554 4543 843 4597; x_wconf 85' lang='lat' dir='ltr'>ditionem</span> <span class='ocrx_word' id='word_1_560' title='bbox 870 4542 1136 4611; x_wconf 81' lang='lat' dir='ltr'>redigere</span> <span class='ocrx_word' id='word_1_561' title='bbox 1164 4542 1388 4595; x_wconf 90' lang='lat' dir='ltr'>conari.</span> 
     </span>
    </p>
   </div>
   <div class='ocr_carea' id='block_1_83' title="bbox 626 4612 2205 4681">
    <p class='ocr_par' dir='ltr' id='par_1_83' title="bbox 626 4612 2205 4681">
     <span class='ocr_line' id='line_1_84' title="bbox 626 4612 2205 4681; baseline 0.005 -19"><span class='ocrx_word' id='word_1_562' title='bbox 626 4613 733 4681; x_wconf 83' lang='grc'>(49)</span> <span class='ocrx_word' id='word_1_563' title='bbox 775 4616 1081 4671; x_wconf 77' lang='grc' dir='ltr'>Κοινωνικός</span> <span class='ocrx_word' id='word_1_564' title='bbox 1103 4612 1394 4663; x_wconf 70' lang='grc' dir='ltr'>Εὑσταθίου</span> <span class='ocrx_word' id='word_1_565' title='bbox 1421 4619 1525 4667; x_wconf 82' lang='grc' dir='ltr'>νῦν.</span> <span class='ocrx_word' id='word_1_566' title='bbox 1592 4612 1681 4667; x_wconf 87' lang='lat' dir='ltr'>Sic</span> <span class='ocrx_word' id='word_1_567' title='bbox 1733 4612 1969 4668; x_wconf 83' lang='lat' dir='ltr'>codices</span> <span class='ocrx_word' id='word_1_568' title='bbox 2019 4615 2205 4671; x_wconf 88' lang='lat' dir='ltr'>nostri</span> 
     </span>
    </p>
   </div>
   <div class='ocr_carea' id='block_1_84' title="bbox 554 4682 2201 4744">
    <p class='ocr_par' dir='ltr' id='par_1_84' title="bbox 554 4682 2201 4744">
     <span class='ocr_line' id='line_1_85' title="bbox 554 4682 2201 4744; baseline 0.001 -7"><span class='ocrx_word' id='word_1_569' title='bbox 554 4698 698 4737; x_wconf 85' lang='lat' dir='ltr'>mss.</span> <span class='ocrx_word' id='word_1_570' title='bbox 730 4698 969 4737; x_wconf 87' lang='lat' dir='ltr'>summo</span> <span class='ocrx_word' id='word_1_571' title='bbox 1000 4697 1317 4737; x_wconf 89' lang='lat' dir='ltr'>consensu.</span> <span class='ocrx_word' id='word_1_572' title='bbox 1354 4682 1499 4737; x_wconf 72' lang='lat' dir='ltr'>Editi</span> <span class='ocrx_word' id='word_1_573' title='bbox 1530 4686 1770 4744; x_wconf 86' lang='grc' dir='ltr'>κοινωνὸς</span> <span class='ocrx_word' id='word_1_574' title='bbox 1811 4685 2079 4736; x_wconf 68' lang='grc' dir='ltr'>Εὑσταοίω</span> <span class='ocrx_word' id='word_1_575' title='bbox 2120 4684 2201 4744; x_wconf 74' lang='grc' dir='ltr'>ἦν.</span> 
     </span>
    </p>
   </div>
   <div class='ocr_carea' id='block_1_85' title="bbox 629 4744 2204 4826">
    <p class='ocr_par' dir='ltr' id='par_1_85' title="bbox 629 4744 2204 4826">
     <span class='ocr_line' id='line_1_86' title="bbox 629 4744 2204 4826; baseline 0.003 -17"><span class='ocrx_word' id='word_1_576' title='bbox 629 4754 738 4823; x_wconf 85' lang='grc'>(50)</span> <span class='ocrx_word' id='word_1_577' title='bbox 776 4752 1137 4826; x_wconf 41' lang='grc' dir='ltr'>ξεαυτώνηιῐδτ</span> <span class='ocrx_word' id='word_1_578' title='bbox 1167 4753 1340 4807; x_wconf 89' lang='lat' dir='ltr'>Coisl.</span> <span class='ocrx_word' id='word_1_579' title='bbox 1368 4754 1599 4826; x_wconf 90' lang='lat' dir='ltr'>primus</span> <span class='ocrx_word' id='word_1_580' title='bbox 1645 4761 1702 4810; x_wconf 90' lang='lat' dir='ltr'>et</span> <span class='ocrx_word' id='word_1_581' title='bbox 1751 4756 1897 4811; x_wconf 84' lang='lat' dir='ltr'>Med.</span> <span class='ocrx_word' id='word_1_582' title='bbox 1922 4744 2061 4812; x_wconf 80' lang='lat' dir='ltr'>cum</span> <span class='ocrx_word' id='word_1_583' title='bbox 2083 4774 2204 4814; x_wconf 91' lang='lat' dir='ltr'>uno</span> 
     </span>
    </p>
   </div>
   <div class='ocr_carea' id='block_1_86' title="bbox 552 4824 1268 4895">
    <p class='ocr_par' dir='ltr' id='par_1_86' title="bbox 552 4824 1268 4895">
     <span class='ocr_line' id='line_1_87' title="bbox 552 4824 1268 4895; baseline -0.01 -15"><span class='ocrx_word' id='word_1_584' title='bbox 552 4841 627 4880; x_wconf 86' lang='lat' dir='ltr'>ex</span> <span class='ocrx_word' id='word_1_585' title='bbox 650 4825 865 4895; x_wconf 83' lang='lat' dir='ltr'>Regiis.</span> <span class='ocrx_word' id='word_1_586' title='bbox 898 4824 1047 4878; x_wconf 83' lang='lat' dir='ltr'>Editi</span> <span class='ocrx_word' id='word_1_587' title='bbox 1080 4824 1268 4880; x_wconf 67' lang='grc' dir='ltr'>αὐτῶν,</span> 
     </span>
    </p>
   </div>
   <div class='ocr_carea' id='block_1_87' title="bbox 651 4894 2201 4968">
    <p class='ocr_par' dir='ltr' id='par_1_87' title="bbox 651 4894 2201 4968">
     <span class='ocr_line' id='line_1_88' title="bbox 651 4894 2201 4968; baseline 0.003 -17"><span class='ocrx_word' id='word_1_588' title='bbox 651 4894 749 4961; x_wconf 83' lang='grc'>51)</span> <span class='ocrx_word' id='word_1_589' title='bbox 776 4894 1057 4968; x_wconf 50' lang='grc' dir='ltr'>’ᾼνέτρεψετ</span> <span class='ocrx_word' id='word_1_590' title='bbox 1091 4897 1210 4968; x_wconf 67' lang='lat' dir='ltr'>Sic</span> <span class='ocrx_word' id='word_1_591' title='bbox 1261 4895 1709 4968; x_wconf 21' lang='lat' dir='ltr'>Coisltprimus</span> <span class='ocrx_word' id='word_1_592' title='bbox 1769 4902 1825 4952; x_wconf 93' lang='lat' dir='ltr'>et</span> <span class='ocrx_word' id='word_1_593' title='bbox 1881 4899 2025 4953; x_wconf 83' lang='lat' dir='ltr'>Med.</span> <span class='ocrx_word' id='word_1_594' title='bbox 2067 4917 2201 4955; x_wconf 90' lang='lat' dir='ltr'>cum</span> 
     </span>
    </p>
   </div>
   <div class='ocr_carea' id='block_1_88' title="bbox 552 4966 2113 5043">
    <p class='ocr_par' dir='ltr' id='par_1_88' title="bbox 552 4966 2113 5043">
     <span class='ocr_line' id='line_1_89' title="bbox 552 4966 2113 5043; baseline 0.002 -21"><span class='ocrx_word' id='word_1_595' title='bbox 552 4966 742 5043; x_wconf 82' lang='lat' dir='ltr'>tribus</span> <span class='ocrx_word' id='word_1_596' title='bbox 773 4966 1102 5043; x_wconf 76' lang='lat' dir='ltr'>aliis._Editi</span> <span class='ocrx_word' id='word_1_597' title='bbox 1129 4966 1424 5043; x_wconf 62' lang='grc' dir='ltr'>ἐπέστρεψε.</span> <span class='ocrx_word' id='word_1_598' title='bbox 1452 4966 1681 5043; x_wconf 84' lang='lat' dir='ltr'>Ibidem</span> <span class='ocrx_word' id='word_1_599' title='bbox 1714 4969 1874 5023; x_wconf 89' lang='lat' dir='ltr'>Med.</span> <span class='ocrx_word' id='word_1_600' title='bbox 1906 4976 2113 5043; x_wconf 76' lang='grc' dir='ltr'>περιών.</span> 
     </span>
    </p>
   </div>
   <div class='ocr_carea' id='block_1_89' title="bbox 626 5037 2203 5161">
    <p class='ocr_par' dir='ltr' id='par_1_89' title="bbox 626 5037 2203 5161">
     <span class='ocr_line' id='line_1_90' title="bbox 626 5037 2203 5161; baseline 0.003 -70"><span class='ocrx_word' id='word_1_601' title='bbox 626 5038 737 5161; x_wconf 82' lang='grc'>(52)</span> <span class='ocrx_word' id='word_1_602' title='bbox 774 5045 884 5089; x_wconf 83' lang='grc' dir='ltr'>Τῶν</span> <span class='ocrx_word' id='word_1_603' title='bbox 944 5037 1229 5109; x_wconf 77' lang='grc' dir='ltr'>’Λμασέων.</span> <span class='ocrx_word' id='word_1_604' title='bbox 1284 5037 1737 5093; x_wconf 64' lang='grc' dir='ltr'>Ἀωᾶδὶθηεὶυω</span> <span class='ocrx_word' id='word_1_605' title='bbox 1801 5037 2044 5095; x_wconf 78' lang='lat' dir='ltr'>nomine</span> <span class='ocrx_word' id='word_1_606' title='bbox 2116 5042 2203 5097; x_wconf 84' lang='lat' dir='ltr'>in-</span> 
     </span>
     <span class='ocr_line' id='line_1_91' title="bbox 655 5106 2197 5161; baseline 0 0"><span class='ocrx_word' id='word_1_607' title='bbox 655 5109 754 5161; x_wconf 67' lang='lat' dir='ltr'>icit</span> <span class='ocrx_word' id='word_1_608' title='bbox 777 5106 1050 5161; x_wconf 74' lang='lat' dir='ltr'>Basilius.</span> <span class='ocrx_word' id='word_1_609' title='bbox 1073 5124 1196 5161; x_wconf 90' lang='lat' dir='ltr'>non</span> <span class='ocrx_word' id='word_1_610' title='bbox 1223 5109 1383 5161; x_wconf 77' lang='lat' dir='ltr'>cives</span> <span class='ocrx_word' id='word_1_611' title='bbox 1400 5110 1801 5161; x_wconf 74' lang='lat' dir='ltr'>Amasim.sed</span> <span class='ocrx_word' id='word_1_612' title='bbox 1828 5112 2005 5161; x_wconf 87' lang='lat' dir='ltr'>huius</span> <span class='ocrx_word' id='word_1_613' title='bbox 2029 5113 2197 5161; x_wconf 83' lang='lat' dir='ltr'>urbis</span> 
     </span>
    </p>
   </div>
   <div class='ocr_carea' id='block_1_90' title="bbox 551 5106 2197 5179">
    <p class='ocr_par' dir='ltr' id='par_1_90' title="bbox 551 5106 2197 5179">
     <span class='ocr_line' id='line_1_92' title="bbox 551 5106 2197 5179; baseline 0.002 -16"><span class='ocrx_word' id='word_1_614' title='bbox 551 5106 754 5177; x_wconf 81' lang='lat' dir='ltr'>telligit</span> <span class='ocrx_word' id='word_1_615' title='bbox 777 5106 1050 5174; x_wconf 74' lang='lat' dir='ltr'>Basilius,</span> <span class='ocrx_word' id='word_1_616' title='bbox 1073 5124 1196 5163; x_wconf 91' lang='lat' dir='ltr'>non</span> <span class='ocrx_word' id='word_1_617' title='bbox 1223 5109 1383 5163; x_wconf 75' lang='lat' dir='ltr'>cives</span> <span class='ocrx_word' id='word_1_618' title='bbox 1400 5110 1801 5177; x_wconf 71' lang='lat' dir='ltr'>Amasim,sed</span> <span class='ocrx_word' id='word_1_619' title='bbox 1827 5112 2005 5179; x_wconf 86' lang='lat' dir='ltr'>hujus</span> <span class='ocrx_word' id='word_1_620' title='bbox 2029 5113 2197 5167; x_wconf 91' lang='lat' dir='ltr'>urbis</span> 
     </span>
    </p>
   </div>
   <div class='ocr_carea' id='block_1_91' title="bbox 550 5179 2198 5261">
    <p class='ocr_par' dir='ltr' id='par_1_91' title="bbox 550 5179 2198 5261">
     <span class='ocr_line' id='line_1_93' title="bbox 550 5179 2198 5261; baseline 0.002 -27"><span class='ocrx_word' id='word_1_621' title='bbox 550 5180 927 5261; x_wconf 74' lang='lat' dir='ltr'>episcopum.</span> <span class='ocrx_word' id='word_1_622' title='bbox 961 5181 1088 5259; x_wconf 49' lang='lat' dir='ltr'>Iﬁon</span> <span class='ocrx_word' id='word_1_623' title='bbox 1111 5180 1270 5259; x_wconf 78' lang='lat' dir='ltr'>enim</span> <span class='ocrx_word' id='word_1_624' title='bbox 1297 5179 1537 5249; x_wconf 88' lang='lat' dir='ltr'>populis</span> <span class='ocrx_word' id='word_1_625' title='bbox 1576 5180 1955 5261; x_wconf 78' lang='lat' dir='ltr'>supplicabat</span> <span class='ocrx_word' id='word_1_626' title='bbox 2000 5186 2198 5261; x_wconf 52' lang='lat' dir='ltr'>bustaf</span> 
     </span>
    </p>
   </div>
   <div class='ocr_carea' id='block_1_92' title="bbox 548 5250 2198 5331">
    <p class='ocr_par' dir='ltr' id='par_1_92' title="bbox 548 5250 2198 5331">
     <span class='ocr_line' id='line_1_94' title="bbox 548 5250 2198 5331; baseline 0.002 -26"><span class='ocrx_word' id='word_1_627' title='bbox 548 5251 731 5331; x_wconf 77' lang='lat' dir='ltr'>thius,</span> <span class='ocrx_word' id='word_1_628' title='bbox 755 5250 861 5331; x_wconf 78' lang='lat' dir='ltr'>sed</span> <span class='ocrx_word' id='word_1_629' title='bbox 892 5250 1209 5331; x_wconf 83' lang='lat' dir='ltr'>episcopis,</span> <span class='ocrx_word' id='word_1_630' title='bbox 1232 5266 1493 5331; x_wconf 70' lang='lat' dir='ltr'>quorum</span> <span class='ocrx_word' id='word_1_631' title='bbox 1520 5250 1775 5331; x_wconf 73' lang='lat' dir='ltr'>gratiam</span> <span class='ocrx_word' id='word_1_632' title='bbox 1798 5253 2103 5331; x_wconf 75' lang='lat' dir='ltr'>ambiebat</span> <span class='ocrx_word' id='word_1_633' title='bbox 2128 5259 2198 5331; x_wconf 76' lang='lat' dir='ltr'>ut</span> 
     </span>
    </p>
   </div>
   <div class='ocr_carea' id='block_1_93' title="bbox 547 5321 2192 5393">
    <p class='ocr_par' dir='ltr' id='par_1_93' title="bbox 547 5321 2192 5393">
     <span class='ocr_line' id='line_1_95' title="bbox 547 5321 2192 5393; baseline 0.002 -18"><span class='ocrx_word' id='word_1_634' title='bbox 547 5322 970 5393; x_wconf 85' lang='lat' dir='ltr'>episcopatum</span> <span class='ocrx_word' id='word_1_635' title='bbox 1002 5321 1295 5375; x_wconf 86' lang='lat' dir='ltr'>retineret.</span> <span class='ocrx_word' id='word_1_636' title='bbox 1332 5321 1653 5393; x_wconf 87' lang='lat' dir='ltr'>Sedpaulo</span> <span class='ocrx_word' id='word_1_637' title='bbox 1703 5329 1837 5393; x_wconf 86' lang='lat' dir='ltr'>post</span> <span class='ocrx_word' id='word_1_638' title='bbox 1858 5323 1949 5377; x_wconf 86' lang='lat' dir='ltr'>his</span> <span class='ocrx_word' id='word_1_639' title='bbox 1979 5324 2192 5390; x_wconf 80' lang='lat' dir='ltr'>verbis,</span> 
     </span>
    </p>
   </div>
   <div class='ocr_carea' id='block_1_94' title="bbox 544 5392 2189 5464">
    <p class='ocr_par' dir='ltr' id='par_1_94' title="bbox 544 5392 2189 5464">
     <span class='ocr_line' id='line_1_96' title="bbox 544 5392 2189 5464; baseline 0.005 -22"><span class='ocrx_word' id='word_1_640' title='bbox 544 5396 673 5464; x_wconf 87' lang='grc' dir='ltr'>πρὸς</span> <span class='ocrx_word' id='word_1_641' title='bbox 704 5392 825 5453; x_wconf 70' lang='grc' dir='ltr'>τοὺς</span> <span class='ocrx_word' id='word_1_642' title='bbox 852 5397 902 5464; x_wconf 79' lang='grc' dir='ltr'>έν</span> <span class='ocrx_word' id='word_1_643' title='bbox 932 5392 1248 5462; x_wconf 77' lang='grc' dir='ltr'>’Λντιοχείᾳ,</span> <span class='ocrx_word' id='word_1_644' title='bbox 1293 5392 1575 5464; x_wconf 72' lang='lat' dir='ltr'>Euzoium</span> <span class='ocrx_word' id='word_1_645' title='bbox 1607 5392 1883 5461; x_wconf 70' lang='lat' dir='ltr'>designat</span> <span class='ocrx_word' id='word_1_646' title='bbox 1923 5395 2189 5450; x_wconf 81' lang='lat' dir='ltr'>Basilius.</span> 
     </span>
    </p>
   </div>
   <div class='ocr_carea' id='block_1_95' title="bbox 545 5461 2193 5534">
    <p class='ocr_par' dir='ltr' id='par_1_95' title="bbox 545 5461 2193 5534">
     <span class='ocr_line' id='line_1_97' title="bbox 545 5461 2193 5534; baseline 0.002 -17"><span class='ocrx_word' id='word_1_647' title='bbox 545 5461 609 5534; x_wconf 76' lang='lat' dir='ltr'>in</span> <span class='ocrx_word' id='word_1_648' title='bbox 658 5463 909 5534; x_wconf 88' lang='lat' dir='ltr'>epistola</span> <span class='ocrx_word' id='word_1_649' title='bbox 948 5466 1053 5517; x_wconf 78' lang='grc'><strong>244</strong></span> <span class='ocrx_word' id='word_1_650' title='bbox 1102 5461 1547 5534; x_wconf 77' lang='lat' dir='ltr'>Nicopolitanos</span> <span class='ocrx_word' id='word_1_651' title='bbox 1598 5470 1768 5518; x_wconf 86' lang='lat' dir='ltr'>vocat</span> <span class='ocrx_word' id='word_1_652' title='bbox 1822 5464 2193 5521; x_wconf 89' lang='lat' dir='ltr'>Theodotum</span> 
     </span>
    </p>
   </div>
   <div class='ocr_carea' id='block_1_96' title="bbox 544 5532 2192 5605">
    <p class='ocr_par' dir='ltr' id='par_1_96' title="bbox 544 5532 2192 5605">
     <span class='ocr_line' id='line_1_98' title="bbox 544 5532 2192 5605; baseline 0.004 -20"><span class='ocrx_word' id='word_1_653' title='bbox 544 5532 842 5603; x_wconf 81' lang='lat' dir='ltr'>Nicopolis</span> <span class='ocrx_word' id='word_1_654' title='bbox 870 5535 1246 5605; x_wconf 88' lang='lat' dir='ltr'>episcopum,</span> <span class='ocrx_word' id='word_1_655' title='bbox 1292 5532 1731 5588; x_wconf 85' lang='lat' dir='ltr'>Sebastenosin</span> <span class='ocrx_word' id='word_1_656' title='bbox 1750 5534 1924 5605; x_wconf 91' lang='lat' dir='ltr'>epist.</span> <span class='ocrx_word' id='word_1_657' title='bbox 1961 5541 2055 5592; x_wconf 76' lang='grc'>129</span> <span class='ocrx_word' id='word_1_658' title='bbox 2089 5540 2192 5592; x_wconf 78' lang='lat' dir='ltr'>Eu-</span> 
     </span>
    </p>
   </div>
   <div class='ocr_carea' id='block_1_97' title="bbox 547 5604 2192 5677">
    <p class='ocr_par' dir='ltr' id='par_1_97' title="bbox 547 5604 2192 5677">
     <span class='ocr_line' id='line_1_99' title="bbox 547 5604 2192 5677; baseline 0.007 -23"><span class='ocrx_word' id='word_1_659' title='bbox 547 5605 833 5660; x_wconf 84' lang='lat' dir='ltr'>stathium</span> <span class='ocrx_word' id='word_1_660' title='bbox 866 5604 1283 5663; x_wconf 72' lang='lat' dir='ltr'>Sébastenum.</span> <span class='ocrx_word' id='word_1_661' title='bbox 1313 5606 1434 5659; x_wconf 87' lang='lat' dir='ltr'>lluc</span> <span class='ocrx_word' id='word_1_662' title='bbox 1463 5605 1710 5671; x_wconf 85' lang='lat' dir='ltr'>accedit,</span> <span class='ocrx_word' id='word_1_663' title='bbox 1760 5604 1926 5677; x_wconf 82' lang='lat' dir='ltr'>quod</span> <span class='ocrx_word' id='word_1_664' title='bbox 1947 5610 2192 5667; x_wconf 83' lang='lat' dir='ltr'>Amasia</span> 
     </span>
    </p>
   </div>
   <div class='ocr_carea' id='block_1_98' title="bbox 2320 3168 3872 3252">
    <p class='ocr_par' dir='ltr' id='par_1_98' title="bbox 2320 3168 3872 3252">
     <span class='ocr_line' id='line_1_100' title="bbox 2320 3168 3872 3252; baseline -0.001 -27"><span class='ocrx_word' id='word_1_665' title='bbox 2320 3170 2605 3247; x_wconf 79' lang='grc' dir='ltr'>ὃοκίμησιν</span> <span class='ocrx_word' id='word_1_666' title='bbox 2633 3175 2772 3246; x_wconf 69' lang='grc' dir='ltr'>αὐτῷ</span> <span class='ocrx_word' id='word_1_667' title='bbox 2805 3180 2969 3251; x_wconf 77' lang='grc' dir='ltr'>φέρειν</span> <span class='ocrx_word' id='word_1_668' title='bbox 3020 3180 3164 3252; x_wconf 83' lang='grc' dir='ltr'>παρὰ</span> <span class='ocrx_word' id='word_1_669' title='bbox 3206 3186 3320 3240; x_wconf 86' lang='grc' dir='ltr'>τοῖς</span> <span class='ocrx_word' id='word_1_670' title='bbox 3350 3183 3398 3230; x_wconf 89' lang='grc' dir='ltr'>έν</span> <span class='ocrx_word' id='word_1_671' title='bbox 3428 3178 3731 3250; x_wconf 77' lang='grc' dir='ltr'>Ἀντιοχείᾳ.</span> <span class='ocrx_word' id='word_1_672' title='bbox 3761 3168 3872 3225; x_wconf 69' lang='grc' dir='ltr'>Οὐδὲ</span> 
     </span>
    </p>
   </div>
   <div class='ocr_carea' id='block_1_99' title="bbox 2317 3258 3871 3338">
    <p class='ocr_par' dir='ltr' id='par_1_99' title="bbox 2317 3258 3871 3338">
     <span class='ocr_line' id='line_1_101' title="bbox 2317 3258 3871 3338; baseline 0 -23"><span class='ocrx_word' id='word_1_673' title='bbox 2317 3268 2534 3335; x_wconf 84' lang='grc' dir='ltr'>πέρυσιν</span> <span class='ocrx_word' id='word_1_674' title='bbox 2591 3268 2640 3316; x_wconf 87' lang='grc' dir='ltr'>ἐν</span> <span class='ocrx_word' id='word_1_675' title='bbox 2714 3273 2806 3326; x_wconf 75' lang='grc' dir='ltr'>τῆς</span> <span class='ocrx_word' id='word_1_676' title='bbox 2861 3265 3116 3326; x_wconf 76' lang='grc' dir='ltr'>Γαλατίας</span> <span class='ocrx_word' id='word_1_677' title='bbox 3194 3266 3609 3338; x_wconf 85' lang='grc' dir='ltr'>μετεστείλαντο,</span> <span class='ocrx_word' id='word_1_678' title='bbox 3680 3267 3742 3325; x_wconf 80' lang='grc' dir='ltr'>ὡς</span> <span class='ocrx_word' id='word_1_679' title='bbox 3815 3258 3871 3312; x_wconf 77' lang='grc' dir='ltr'>δι’</span> 
     </span>
    </p>
   </div>
   <div class='ocr_carea' id='block_1_100' title="bbox 2320 3350 3873 3430">
    <p class='ocr_par' dir='ltr' id='par_1_100' title="bbox 2320 3350 3873 3430">
     <span class='ocr_line' id='line_1_102' title="bbox 2320 3350 3873 3430; baseline -0.001 -27"><span class='ocrx_word' id='word_1_680' title='bbox 2320 3353 2486 3404; x_wconf 74' lang='grc' dir='ltr'>αὐτῶν</span> <span class='ocrx_word' id='word_1_681' title='bbox 2518 3350 2795 3427; x_wconf 80' lang='grc' dir='ltr'>δυνάμενοι</span> <span class='ocrx_word' id='word_1_682' title='bbox 2836 3359 2930 3414; x_wconf 75' lang='grc' dir='ltr'>τὴν</span> <span class='ocrx_word' id='word_1_683' title='bbox 2983 3354 3286 3430; x_wconf 75' lang='grc' dir='ltr'>παρρησίαν</span> <span class='ocrx_word' id='word_1_684' title='bbox 3336 3364 3433 3417; x_wconf 83' lang='grc' dir='ltr'>τῆς</span> <span class='ocrx_word' id='word_1_685' title='bbox 3480 3359 3751 3415; x_wconf 77' lang='grc' dir='ltr'>ἐπισκοπῆς</span> <span class='ocrx_word' id='word_1_686' title='bbox 3775 3350 3873 3403; x_wconf 81' lang='grc' dir='ltr'>ἁπο-</span> 
     </span>
    </p>
   </div>
   <div class='ocr_carea' id='block_1_101' title="bbox 2319 3546 3869 3613">
    <p class='ocr_par' dir='ltr' id='par_1_101' title="bbox 2319 3546 3869 3613">
     <span class='ocr_line' id='line_1_103' title="bbox 2319 3546 3869 3613; baseline -0.003 -11"><span class='ocrx_word' id='word_1_687' title='bbox 2319 3547 2525 3603; x_wconf 81' lang='lat' dir='ltr'>civitas</span> <span class='ocrx_word' id='word_1_688' title='bbox 2556 3553 2686 3605; x_wconf 92' lang='lat' dir='ltr'>erat</span> <span class='ocrx_word' id='word_1_689' title='bbox 2715 3548 3023 3605; x_wconf 76' lang='lat' dir='ltr'>catholicae</span> <span class='ocrx_word' id='word_1_690' title='bbox 3053 3548 3195 3604; x_wconf 87' lang='lat' dir='ltr'>ﬁdei</span> <span class='ocrx_word' id='word_1_691' title='bbox 3226 3546 3869 3613; x_wconf 87' lang='lat' dir='ltr'>retinentissima,etiam</span> 
     </span>
    </p>
   </div>
   <div class='ocr_carea' id='block_1_102' title="bbox 2318 3613 3869 3701">
    <p class='ocr_par' dir='ltr' id='par_1_102' title="bbox 2318 3613 3869 3701">
     <span class='ocr_line' id='line_1_104' title="bbox 2318 3613 3869 3701; baseline -0.004 -28"><span class='ocrx_word' id='word_1_692' title='bbox 2318 3619 2431 3701; x_wconf 81' lang='lat' dir='ltr'>sub</span> <span class='ocrx_word' id='word_1_693' title='bbox 2444 3620 2673 3701; x_wconf 81' lang='lat' dir='ltr'>Ariano</span> <span class='ocrx_word' id='word_1_694' title='bbox 2692 3622 2998 3701; x_wconf 79' lang='lat' dir='ltr'>episcopo,</span> <span class='ocrx_word' id='word_1_695' title='bbox 3012 3637 3216 3701; x_wconf 85' lang='lat' dir='ltr'>quem,</span> <span class='ocrx_word' id='word_1_696' title='bbox 3234 3622 3419 3701; x_wconf 85' lang='lat' dir='ltr'>pulso</span> <span class='ocrx_word' id='word_1_697' title='bbox 3438 3620 3678 3701; x_wconf 30' lang='lat' dir='ltr'>Eulalio‘,</span> <span class='ocrx_word' id='word_1_698' title='bbox 3709 3613 3869 3701; x_wconf 34' lang='lat' dir='ltr'>{tri-ani</span> 
     </span>
    </p>
   </div>
   <div class='ocr_carea' id='block_1_103' title="bbox 2314 3688 3866 3747">
    <p class='ocr_par' dir='ltr' id='par_1_103' title="bbox 2314 3688 3866 3747">
     <span class='ocr_line' id='line_1_105' title="bbox 2314 3688 3866 3747; baseline -0.004 -3"><span class='ocrx_word' id='word_1_699' title='bbox 2314 3688 2873 3745; x_wconf 77' lang='lat' dir='ltr'>intruserant.llunc</span> <span class='ocrx_word' id='word_1_700' title='bbox 2886 3688 3189 3746; x_wconf 79' lang='lat' dir='ltr'>hominem</span> <span class='ocrx_word' id='word_1_701' title='bbox 3204 3688 3291 3747; x_wconf 82' lang='lat' dir='ltr'>Sic</span> <span class='ocrx_word' id='word_1_702' title='bbox 3303 3699 3578 3747; x_wconf 89' lang='lat' dir='ltr'>aversata</span> <span class='ocrx_word' id='word_1_703' title='bbox 3591 3688 3866 3745; x_wconf 80' lang='lat' dir='ltr'>estcivitas,</span> 
     </span>
    </p>
   </div>
   <div class='ocr_carea' id='block_1_104' title="bbox 2318 3758 3868 3833">
    <p class='ocr_par' dir='ltr' id='par_1_104' title="bbox 2318 3758 3868 3833">
     <span class='ocr_line' id='line_1_106' title="bbox 2318 3758 3868 3833; baseline -0.005 -18"><span class='ocrx_word' id='word_1_704' title='bbox 2318 3766 2381 3815; x_wconf 89' lang='lat' dir='ltr'>ut</span> <span class='ocrx_word' id='word_1_705' title='bbox 2401 3761 2635 3815; x_wconf 90' lang='lat' dir='ltr'>rediens</span> <span class='ocrx_word' id='word_1_706' title='bbox 2667 3762 2929 3816; x_wconf 86' lang='lat' dir='ltr'>Eulalius</span> <span class='ocrx_word' id='word_1_707' title='bbox 2974 3768 3109 3833; x_wconf 87' lang='lat' dir='ltr'>post</span> <span class='ocrx_word' id='word_1_708' title='bbox 3153 3778 3374 3833; x_wconf 90' lang='lat' dir='ltr'>pacem</span> <span class='ocrx_word' id='word_1_709' title='bbox 3404 3768 3639 3817; x_wconf 87' lang='lat' dir='ltr'>mortuo</span> <span class='ocrx_word' id='word_1_710' title='bbox 3675 3758 3868 3833; x_wconf 73' lang='lat' dir='ltr'>Valente</span> 
     </span>
    </p>
   </div>
   <div class='ocr_carea' id='block_1_105' title="bbox 2317 3829 3869 3904">
    <p class='ocr_par' dir='ltr' id='par_1_105' title="bbox 2317 3829 3869 3904">
     <span class='ocr_line' id='line_1_107' title="bbox 2317 3829 3869 3904; baseline -0.005 -18"><span class='ocrx_word' id='word_1_711' title='bbox 2317 3848 2690 3900; x_wconf 88' lang='lat' dir='ltr'>concessam,</span> <span class='ocrx_word' id='word_1_712' title='bbox 2715 3848 2836 3887; x_wconf 91' lang='lat' dir='ltr'>non</span> <span class='ocrx_word' id='word_1_713' title='bbox 2855 3829 3057 3904; x_wconf 73' lang='lat' dir='ltr'>plures</span> <span class='ocrx_word' id='word_1_714' title='bbox 3083 3829 3303 3887; x_wconf 54' lang='lat' dir='ltr'>cex—tota</span> <span class='ocrx_word' id='word_1_715' title='bbox 3323 3834 3493 3895; x_wconf 84' lang='lat' dir='ltr'>urbe,</span> <span class='ocrx_word' id='word_1_716' title='bbox 3537 3848 3711 3904; x_wconf 84' lang='lat' dir='ltr'>quam</span> <span class='ocrx_word' id='word_1_717' title='bbox 3733 3829 3869 3899; x_wconf 89' lang='lat' dir='ltr'>quin-</span> 
     </span>
    </p>
   </div>
   <div class='ocr_carea' id='block_1_106' title="bbox 2316 3903 3867 3972">
    <p class='ocr_par' dir='ltr' id='par_1_106' title="bbox 2316 3903 3867 3972">
     <span class='ocr_line' id='line_1_108' title="bbox 2316 3903 3867 3972; baseline -0.005 -17"><span class='ocrx_word' id='word_1_718' title='bbox 2316 3903 2604 3972; x_wconf 85' lang='lat' dir='ltr'>quaginta</span> <span class='ocrx_word' id='word_1_719' title='bbox 2625 3903 2925 3969; x_wconf 88' lang='lat' dir='ltr'>homines,</span> <span class='ocrx_word' id='word_1_720' title='bbox 2949 3920 3085 3958; x_wconf 90' lang='lat' dir='ltr'>cum</span> <span class='ocrx_word' id='word_1_721' title='bbox 3101 3904 3381 3959; x_wconf 76' lang='lat' dir='ltr'>haeretico</span> <span class='ocrx_word' id='word_1_722' title='bbox 3399 3903 3867 3958; x_wconf 82' lang='lat' dir='ltr'>communicantes</span> 
     </span>
    </p>
   </div>
   <div class='ocr_carea' id='block_1_107' title="bbox 2314 3973 3865 4038">
    <p class='ocr_par' dir='ltr' id='par_1_107' title="bbox 2314 3973 3865 4038">
     <span class='ocr_line' id='line_1_109' title="bbox 2314 3973 3865 4038; baseline -0.004 -11"><span class='ocrx_word' id='word_1_723' title='bbox 2314 3974 2766 4029; x_wconf 73' lang='lat' dir='ltr'>inveneritJliec</span> <span class='ocrx_word' id='word_1_724' title='bbox 2784 3974 3076 4029; x_wconf 88' lang='lat' dir='ltr'>discimus</span> <span class='ocrx_word' id='word_1_725' title='bbox 3089 3990 3160 4028; x_wconf 87' lang='lat' dir='ltr'>ex</span> <span class='ocrx_word' id='word_1_726' title='bbox 3180 3973 3645 4034; x_wconf 62' lang='lat' dir='ltr'>Sozomenodil).</span> <span class='ocrx_word' id='word_1_727' title='bbox 3663 3984 3865 4038; x_wconf 84' lang='lat' dir='ltr'>vu,cap.</span> 
     </span>
    </p>
   </div>
   <div class='ocr_carea' id='block_1_108' title="bbox 2314 4045 3863 4116">
    <p class='ocr_par' dir='ltr' id='par_1_108' title="bbox 2314 4045 3863 4116">
     <span class='ocr_line' id='line_1_110' title="bbox 2314 4045 3863 4116; baseline -0.004 -18"><span class='ocrx_word' id='word_1_728' title='bbox 2314 4050 2365 4099; x_wconf 89' lang='lat'>2.</span> <span class='ocrx_word' id='word_1_729' title='bbox 2385 4046 2577 4109; x_wconf 87' lang='lat' dir='ltr'>Quare</span> <span class='ocrx_word' id='word_1_730' title='bbox 2601 4045 2808 4116; x_wconf 85' lang='lat' dir='ltr'>Elpidii</span> <span class='ocrx_word' id='word_1_731' title='bbox 2834 4062 2971 4100; x_wconf 91' lang='lat' dir='ltr'>cum</span> <span class='ocrx_word' id='word_1_732' title='bbox 2996 4046 3454 4100; x_wconf 80' lang='lat' dir='ltr'>Amasiensibus</span> <span class='ocrx_word' id='word_1_733' title='bbox 3482 4046 3707 4116; x_wconf 83' lang='lat' dir='ltr'>civibus</span> <span class='ocrx_word' id='word_1_734' title='bbox 3734 4054 3863 4094; x_wconf 78' lang='grc' dir='ltr'>οοω-</span> 
     </span>
    </p>
   </div>
   <div class='ocr_carea' id='block_1_109' title="bbox 2313 4114 3863 4187">
    <p class='ocr_par' dir='ltr' id='par_1_109' title="bbox 2313 4114 3863 4187">
     <span class='ocr_line' id='line_1_111' title="bbox 2313 4114 3863 4187; baseline -0.005 -16"><span class='ocrx_word' id='word_1_735' title='bbox 2313 4132 2370 4171; x_wconf 88' lang='lat' dir='ltr'>m</span> <span class='ocrx_word' id='word_1_736' title='bbox 2382 4117 2521 4170; x_wconf 92' lang='lat' dir='ltr'>unio</span> <span class='ocrx_word' id='word_1_737' title='bbox 2535 4114 2889 4187; x_wconf 82' lang='lat' dir='ltr'>reprehendi</span> <span class='ocrx_word' id='word_1_738' title='bbox 2904 4132 3023 4171; x_wconf 92' lang='lat' dir='ltr'>non</span> <span class='ocrx_word' id='word_1_739' title='bbox 3038 4122 3273 4187; x_wconf 88' lang='lat' dir='ltr'>poterat</span> <span class='ocrx_word' id='word_1_740' title='bbox 3297 4135 3309 4171; x_wconf 89' lang='lat'><strong>:</strong></span> <span class='ocrx_word' id='word_1_741' title='bbox 3333 4116 3461 4171; x_wconf 90' lang='lat' dir='ltr'>sola</span> <span class='ocrx_word' id='word_1_742' title='bbox 3476 4132 3610 4170; x_wconf 90' lang='lat' dir='ltr'>cum</span> <span class='ocrx_word' id='word_1_743' title='bbox 3626 4114 3863 4187; x_wconf 78' lang='lat' dir='ltr'>episcopo</span> 
     </span>
    </p>
   </div>
   <div class='ocr_carea' id='block_1_110' title="bbox 2313 4184 3863 4257">
    <p class='ocr_par' dir='ltr' id='par_1_110' title="bbox 2313 4184 3863 4257">
     <span class='ocr_line' id='line_1_112' title="bbox 2313 4184 3863 4257; baseline -0.006 -16"><span class='ocrx_word' id='word_1_744' title='bbox 2313 4187 2478 4241; x_wconf 90' lang='lat' dir='ltr'>urbis</span> <span class='ocrx_word' id='word_1_745' title='bbox 2508 4184 2852 4242; x_wconf 84' lang='lat' dir='ltr'>communio</span> <span class='ocrx_word' id='word_1_746' title='bbox 2866 4184 3113 4242; x_wconf 77' lang='lat' dir='ltr'>causam</span> <span class='ocrx_word' id='word_1_747' title='bbox 3141 4188 3452 4242; x_wconf 86' lang='lat' dir='ltr'>Eustathio</span> <span class='ocrx_word' id='word_1_748' title='bbox 3466 4188 3653 4257; x_wconf 87' lang='lat' dir='ltr'>potuit</span> <span class='ocrx_word' id='word_1_749' title='bbox 3672 4184 3863 4257; x_wconf 69' lang='lat' dir='ltr'>afferre.</span> 
     </span>
    </p>
   </div>
   <div class='ocr_carea' id='block_1_111' title="bbox 2386 4253 3863 4331">
    <p class='ocr_par' dir='ltr' id='par_1_111' title="bbox 2386 4253 3863 4331">
     <span class='ocr_line' id='line_1_113' title="bbox 2386 4253 3863 4331; baseline -0.004 -20"><span class='ocrx_word' id='word_1_750' title='bbox 2386 4260 2497 4327; x_wconf 83' lang='lat'>(53)</span> <span class='ocrx_word' id='word_1_751' title='bbox 2538 4262 2879 4331; x_wconf 66' lang='grc' dir='ltr'>Κηρνγματα.</span> <span class='ocrx_word' id='word_1_752' title='bbox 2912 4258 3191 4331; x_wconf 77' lang='lat' dir='ltr'>Videntur</span> <span class='ocrx_word' id='word_1_753' title='bbox 3219 4253 3483 4331; x_wconf 84' lang='lat' dir='ltr'>indicari</span> <span class='ocrx_word' id='word_1_754' title='bbox 3512 4253 3863 4331; x_wconf 69' lang='lat' dir='ltr'>celeberrime</span> 
     </span>
    </p>
   </div>
   <div class='ocr_carea' id='block_1_112' title="bbox 2314 4326 3861 4399">
    <p class='ocr_par' dir='ltr' id='par_1_112' title="bbox 2314 4326 3861 4399">
     <span class='ocr_line' id='line_1_114' title="bbox 2314 4326 3861 4399; baseline -0.005 -17"><span class='ocrx_word' id='word_1_755' title='bbox 2314 4326 2426 4383; x_wconf 70' lang='lat' dir='ltr'>illa:</span> <span class='ocrx_word' id='word_1_756' title='bbox 2460 4326 2742 4383; x_wconf 77' lang='lat' dir='ltr'>Eustathii</span> <span class='ocrx_word' id='word_1_757' title='bbox 2768 4329 2992 4394; x_wconf 66' lang='lat' dir='ltr'>litterae,</span> <span class='ocrx_word' id='word_1_758' title='bbox 3051 4330 3107 4382; x_wconf 92' lang='lat' dir='ltr'>in</span> <span class='ocrx_word' id='word_1_759' title='bbox 3140 4329 3364 4399; x_wconf 85' lang='lat' dir='ltr'>quibus</span> <span class='ocrx_word' id='word_1_760' title='bbox 3403 4344 3542 4382; x_wconf 89' lang='lat' dir='ltr'>cum</span> <span class='ocrx_word' id='word_1_761' title='bbox 3576 4326 3861 4398; x_wconf 70' lang='lat' dir='ltr'>Eudoxiurn</span> 
     </span>
    </p>
   </div>
   <div class='ocr_carea' id='block_1_113' title="bbox 2314 4399 3863 4470">
    <p class='ocr_par' dir='ltr' id='par_1_113' title="bbox 2314 4399 3863 4470">
     <span class='ocr_line' id='line_1_115' title="bbox 2314 4399 3863 4470; baseline -0.006 -17"><span class='ocrx_word' id='word_1_762' title='bbox 2314 4400 2563 4470; x_wconf 89' lang='lat' dir='ltr'>ejusque</span> <span class='ocrx_word' id='word_1_763' title='bbox 2613 4400 2883 4467; x_wconf 86' lang='lat' dir='ltr'>gregales</span> <span class='ocrx_word' id='word_1_764' title='bbox 2934 4400 3218 4455; x_wconf 87' lang='lat' dir='ltr'>acerrime</span> <span class='ocrx_word' id='word_1_765' title='bbox 3258 4401 3609 4468; x_wconf 80' lang='lat' dir='ltr'>exagitaret,</span> <span class='ocrx_word' id='word_1_766' title='bbox 3656 4399 3863 4470; x_wconf 31' lang='lat' dir='ltr'>utest‘in</span> 
     </span>
    </p>
   </div>
   <div class='ocr_carea' id='block_1_114' title="bbox 2241 4458 3867 4550">
    <p class='ocr_par' dir='ltr' id='par_1_114' title="bbox 2241 4458 3867 4550">
     <span class='ocr_line' id='line_1_116' title="bbox 2241 4458 3867 4550; baseline -0.023 4"><span class='ocrx_word' id='word_1_767' title='bbox 2241 4458 2283 4511; x_wconf 65' lang='grc' dir='ltr'>Β</span> <span class='ocrx_word' id='word_1_768' title='bbox 2314 4458 2484 4550; x_wconf 41' lang='lat' dir='ltr'>abisti</span> <span class='ocrx_word' id='word_1_769' title='bbox 2512 4458 2961 4550; x_wconf 15' lang='lat' dir='ltr'>212.6VS’EViiPPiUm</span> <span class='ocrx_word' id='word_1_770' title='bbox 2979 4472 3273 4550; x_wconf 71' lang='lat' dir='ltr'>prmcipiie</span> <span class='ocrx_word' id='word_1_771' title='bbox 3288 4458 3528 4550; x_wconf 28' lang='lat' dir='ltr'>vidkemr</span> <span class='ocrx_word' id='word_1_772' title='bbox 3540 4458 3697 4550; x_wconf 74' lang='lat' dir='ltr'>aceto</span> <span class='ocrx_word' id='word_1_773' title='bbox 3710 4462 3867 4550; x_wconf 63' lang='lat' dir='ltr'>pertu-</span> 
     </span>
    </p>
   </div>
   <div class='ocr_carea' id='block_1_115' title="bbox 2314 4532 3865 4614">
    <p class='ocr_par' dir='ltr' id='par_1_115' title="bbox 2314 4532 3865 4614">
     <span class='ocr_line' id='line_1_117' title="bbox 2314 4532 3865 4614; baseline -0.003 -19"><span class='ocrx_word' id='word_1_774' title='bbox 2314 4532 2491 4614; x_wconf 82' lang='lat' dir='ltr'>disse.</span> <span class='ocrx_word' id='word_1_775' title='bbox 2527 4532 2627 4614; x_wconf 71' lang='lat' dir='ltr'>illa</span> <span class='ocrx_word' id='word_1_776' title='bbox 2652 4532 2815 4596; x_wconf 72' lang='lat' dir='ltr'>enim</span> <span class='ocrx_word' id='word_1_777' title='bbox 2833 4532 3144 4614; x_wconf 63' lang='grc' dir='ltr'>κηρῦγματα</span> <span class='ocrx_word' id='word_1_778' title='bbox 3162 4532 3298 4595; x_wconf 74' lang='grc' dir='ltr'>’δὶνθ</span> <span class='ocrx_word' id='word_1_779' title='bbox 3318 4532 3865 4614; x_wconf 60' lang='grc' dir='ltr'>ρι’ωᾱὶοδιίοῃοεόἰξ-</span> 
     </span>
    </p>
   </div>
   <div class='ocr_carea' id='block_1_116' title="bbox 2312 4607 3867 4735">
    <p class='ocr_par' dir='ltr' id='par_1_116' title="bbox 2312 4607 3867 4735">
     <span class='ocr_line' id='line_1_118' title="bbox 2312 4607 3867 4679; baseline -0.008 -13"><span class='ocrx_word' id='word_1_780' title='bbox 2312 4613 2501 4679; x_wconf 83' lang='lat' dir='ltr'>tingui</span> <span class='ocrx_word' id='word_1_781' title='bbox 2517 4612 2735 4669; x_wconf 88' lang='lat' dir='ltr'>debent</span> <span class='ocrx_word' id='word_1_782' title='bbox 2758 4629 2791 4667; x_wconf 88' lang='lat' dir='ltr'>a</span> <span class='ocrx_word' id='word_1_783' title='bbox 2813 4607 3119 4678; x_wconf 80' lang='lat' dir='ltr'>concione,</span> <span class='ocrx_word' id='word_1_784' title='bbox 3175 4607 3867 4666; x_wconf 63' lang='lat' dir='ltr'>uamlﬁustathiushabuis</span> 
     </span>
     <span class='ocr_line' id='line_1_119' title="bbox 2314 4628 3863 4735; baseline -0.006 0"><span class='ocrx_word' id='word_1_785' title='bbox 2314 4700 2376 4735; x_wconf 89' lang='lat' dir='ltr'>se</span> <span class='ocrx_word' id='word_1_786' title='bbox 2402 4684 2616 4735; x_wconf 90' lang='lat' dir='ltr'>dicitur</span> <span class='ocrx_word' id='word_1_787' title='bbox 2655 4685 2715 4735; x_wconf 90' lang='lat' dir='ltr'>in</span> <span class='ocrx_word' id='word_1_788' title='bbox 2766 4685 2939 4735; x_wconf 80' lang='lat' dir='ltr'>epist.</span> <span class='ocrx_word' id='word_1_789' title='bbox 2968 4688 3096 4735; x_wconf 62' lang='grc'>244.</span> <span class='ocrx_word' id='word_1_790' title='bbox 3128 4628 3202 4735; x_wconf 56' lang='grc' dir='ltr'>ίΙιη</span> <span class='ocrx_word' id='word_1_791' title='bbox 3235 4699 3306 4735; x_wconf 85' lang='lat' dir='ltr'>ea</span> <span class='ocrx_word' id='word_1_792' title='bbox 3338 4684 3495 4735; x_wconf 87' lang='lat' dir='ltr'>enim</span> <span class='ocrx_word' id='word_1_793' title='bbox 3528 4696 3641 4735; x_wconf 86' lang='lat' dir='ltr'>non</span> <span class='ocrx_word' id='word_1_794' title='bbox 3665 4676 3863 4731; x_wconf 82' lang='lat' dir='ltr'>videtur</span> 
     </span>
    </p>
   </div>
   <div class='ocr_carea' id='block_1_117' title="bbox 2314 4676 3863 4754">
    <p class='ocr_par' dir='ltr' id='par_1_117' title="bbox 2314 4676 3863 4754">
     <span class='ocr_line' id='line_1_120' title="bbox 2314 4676 3863 4754; baseline -0.006 -16"><span class='ocrx_word' id='word_1_795' title='bbox 2314 4700 2376 4738; x_wconf 88' lang='lat' dir='ltr'>se</span> <span class='ocrx_word' id='word_1_796' title='bbox 2402 4676 2616 4739; x_wconf 87' lang='lat' dir='ltr'>dicitur</span> <span class='ocrx_word' id='word_1_797' title='bbox 2655 4685 2715 4738; x_wconf 90' lang='lat' dir='ltr'>in</span> <span class='ocrx_word' id='word_1_798' title='bbox 2766 4685 2939 4754; x_wconf 89' lang='lat' dir='ltr'>epist.</span> <span class='ocrx_word' id='word_1_799' title='bbox 2968 4676 3113 4737; x_wconf 44' lang='lat'>244.</span> <span class='ocrx_word' id='word_1_800' title='bbox 3142 4676 3202 4737; x_wconf 67' lang='lat' dir='ltr'>in</span> <span class='ocrx_word' id='word_1_801' title='bbox 3235 4699 3306 4738; x_wconf 88' lang='lat' dir='ltr'>ea</span> <span class='ocrx_word' id='word_1_802' title='bbox 3338 4684 3495 4738; x_wconf 85' lang='lat' dir='ltr'>enim</span> <span class='ocrx_word' id='word_1_803' title='bbox 3528 4696 3641 4735; x_wconf 86' lang='lat' dir='ltr'>non</span> <span class='ocrx_word' id='word_1_804' title='bbox 3665 4676 3863 4754; x_wconf 57' lang='lat' dir='ltr'>ridetur</span> 
     </span>
    </p>
   </div>
   <div class='ocr_carea' id='block_1_118' title="bbox 2314 4749 3862 4810">
    <p class='ocr_par' dir='ltr' id='par_1_118' title="bbox 2314 4749 3862 4810">
     <span class='ocr_line' id='line_1_121' title="bbox 2314 4749 3862 4810; baseline -0.01 -1"><span class='ocrx_word' id='word_1_805' title='bbox 2314 4759 2435 4809; x_wconf 88' lang='lat' dir='ltr'>tam</span> <span class='ocrx_word' id='word_1_806' title='bbox 2466 4749 2847 4810; x_wconf 77' lang='lat' dir='ltr'>vehementer</span> <span class='ocrx_word' id='word_1_807' title='bbox 2898 4756 2957 4808; x_wconf 93' lang='lat' dir='ltr'>in</span> <span class='ocrx_word' id='word_1_808' title='bbox 3000 4755 3309 4809; x_wconf 67' lang='lat' dir='ltr'>haereticos</span> <span class='ocrx_word' id='word_1_809' title='bbox 3370 4756 3638 4808; x_wconf 81' lang='lat' dir='ltr'>invectus</span> <span class='ocrx_word' id='word_1_810' title='bbox 3670 4749 3862 4803; x_wconf 83' lang='lat' dir='ltr'>fuisse:</span> 
     </span>
    </p>
   </div>
   <div class='ocr_carea' id='block_1_119' title="bbox 2314 4821 3864 4897">
    <p class='ocr_par' dir='ltr' id='par_1_119' title="bbox 2314 4821 3864 4897">
     <span class='ocr_line' id='line_1_122' title="bbox 2314 4821 3864 4897; baseline -0.005 -18"><span class='ocrx_word' id='word_1_811' title='bbox 2314 4827 2420 4880; x_wconf 90' lang='lat' dir='ltr'>sed</span> <span class='ocrx_word' id='word_1_812' title='bbox 2448 4843 2623 4881; x_wconf 89' lang='lat' dir='ltr'>suum</span> <span class='ocrx_word' id='word_1_813' title='bbox 2646 4827 2772 4895; x_wconf 87' lang='lat' dir='ltr'>ipse</span> <span class='ocrx_word' id='word_1_814' title='bbox 2806 4832 3116 4897; x_wconf 87' lang='lat' dir='ltr'>peccatum</span> <span class='ocrx_word' id='word_1_815' title='bbox 3146 4823 3448 4897; x_wconf 83' lang='lat' dir='ltr'>plorabat,</span> <span class='ocrx_word' id='word_1_816' title='bbox 3480 4821 3638 4894; x_wconf 89' lang='lat' dir='ltr'>quod</span> <span class='ocrx_word' id='word_1_817' title='bbox 3660 4828 3864 4897; x_wconf 68' lang='lat' dir='ltr'>compo-</span> 
     </span>
    </p>
   </div>
   <div class='ocr_carea' id='block_1_120' title="bbox 2313 4884 3862 4968">
    <p class='ocr_par' dir='ltr' id='par_1_120' title="bbox 2313 4884 3862 4968">
     <span class='ocr_line' id='line_1_123' title="bbox 2313 4884 3862 4968; baseline -0.006 -19"><span class='ocrx_word' id='word_1_818' title='bbox 2313 4898 2441 4952; x_wconf 67' lang='lat' dir='ltr'>sitae</span> <span class='ocrx_word' id='word_1_819' title='bbox 2498 4898 2575 4951; x_wconf 88' lang='lat' dir='ltr'>ab</span> <span class='ocrx_word' id='word_1_820' title='bbox 2620 4884 2734 4951; x_wconf 80' lang='lat' dir='ltr'>illis</span> <span class='ocrx_word' id='word_1_821' title='bbox 2766 4884 3037 4951; x_wconf 69' lang='lat' dir='ltr'>idrmulae</span> <span class='ocrx_word' id='word_1_822' title='bbox 3076 4884 3545 4968; x_wconf 42' lang='lat' dir='ltr'>subscripsis&#39;se‘t.</span> <span class='ocrx_word' id='word_1_823' title='bbox 3575 4884 3862 4968; x_wconf 36' lang='grc' dir='ltr'>ΛΜΗ-βρίθ-</span> 
     </span>
    </p>
   </div>
   <div class='ocr_carea' id='block_1_121' title="bbox 2309 4961 3858 5038">
    <p class='ocr_par' dir='ltr' id='par_1_121' title="bbox 2309 4961 3858 5038">
     <span class='ocr_line' id='line_1_124' title="bbox 2309 4961 3858 5038; baseline -0.007 -15"><span class='ocrx_word' id='word_1_824' title='bbox 2309 4969 2583 5023; x_wconf 86' lang='lat' dir='ltr'>berrimis</span> <span class='ocrx_word' id='word_1_825' title='bbox 2640 4969 2865 5034; x_wconf 89' lang='lat' dir='ltr'>litteris,</span> <span class='ocrx_word' id='word_1_826' title='bbox 2924 4984 3076 5038; x_wconf 90' lang='lat' dir='ltr'>quas</span> <span class='ocrx_word' id='word_1_827' title='bbox 3136 4966 3212 5021; x_wconf 88' lang='lat' dir='ltr'>ad</span> <span class='ocrx_word' id='word_1_828' title='bbox 3261 4961 3476 5038; x_wconf 77' lang='lat' dir='ltr'>omnes</span> <span class='ocrx_word' id='word_1_829' title='bbox 3508 4961 3858 5038; x_wconf 59' lang='lat' dir='ltr'>fraternitatc§</span> 
     </span>
    </p>
   </div>
   <div class='ocr_carea' id='block_1_122' title="bbox 2309 5026 3858 5110">
    <p class='ocr_par' dir='ltr' id='par_1_122' title="bbox 2309 5026 3858 5110">
     <span class='ocr_line' id='line_1_125' title="bbox 2309 5026 3858 5110; baseline -0.005 -16"><span class='ocrx_word' id='word_1_830' title='bbox 2309 5040 2487 5107; x_wconf 84' lang='lat' dir='ltr'>misit,</span> <span class='ocrx_word' id='word_1_831' title='bbox 2521 5056 2644 5107; x_wconf 91' lang='lat' dir='ltr'>eos,</span> <span class='ocrx_word' id='word_1_832' title='bbox 2685 5054 2721 5093; x_wconf 86' lang='lat' dir='ltr'>a</span> <span class='ocrx_word' id='word_1_833' title='bbox 2773 5026 2995 5110; x_wconf 72' lang='lat' dir='ltr'>quibus</span> <span class='ocrx_word' id='word_1_834' title='bbox 3036 5037 3605 5110; x_wconf 6' lang='lat' dir='ltr'>depositusjfuerat,</span> <span class='ocrx_word' id='word_1_835' title='bbox 3637 5026 3858 5110; x_wconf 52' lang='lat' dir='ltr'>negabitt</span> 
     </span>
    </p>
   </div>
   <div class='ocr_carea' id='block_1_123' title="bbox 2307 5108 3853 5182">
    <p class='ocr_par' dir='ltr' id='par_1_123' title="bbox 2307 5108 3853 5182">
     <span class='ocr_line' id='line_1_126' title="bbox 2307 5108 3853 5182; baseline -0.005 -17"><span class='ocrx_word' id='word_1_836' title='bbox 2307 5111 2627 5182; x_wconf 90' lang='lat' dir='ltr'>episcopos</span> <span class='ocrx_word' id='word_1_837' title='bbox 2685 5108 2838 5178; x_wconf 83' lang='lat' dir='ltr'>esse,</span> <span class='ocrx_word' id='word_1_838' title='bbox 2912 5108 3509 5182; x_wconf 22' lang='lat' dir='ltr'>utpoteihtrrcticos,</span> <span class='ocrx_word' id='word_1_839' title='bbox 3568 5108 3853 5182; x_wconf 73' lang='lat' dir='ltr'>eorumun</span> 
     </span>
    </p>
   </div>
   <div class='ocr_carea' id='block_1_124' title="bbox 2306 5175 3852 5252">
    <p class='ocr_par' dir='ltr' id='par_1_124' title="bbox 2306 5175 3852 5252">
     <span class='ocr_line' id='line_1_127' title="bbox 2306 5175 3852 5252; baseline -0.01 -16"><span class='ocrx_word' id='word_1_840' title='bbox 2306 5175 2898 5247; x_wconf 79' lang='lat' dir='ltr'>communionem,ut</span> <span class='ocrx_word' id='word_1_841' title='bbox 2925 5175 3245 5252; x_wconf 82' lang='lat' dir='ltr'>perniciem</span> <span class='ocrx_word' id='word_1_842' title='bbox 3280 5179 3635 5252; x_wconf 78' lang='lat' dir='ltr'>animarum,</span> <span class='ocrx_word' id='word_1_843' title='bbox 3663 5175 3852 5252; x_wconf 57' lang='lat' dir='ltr'>fugieti-</span> 
     </span>
    </p>
   </div>
   <div class='ocr_carea' id='block_1_125' title="bbox 2304 5244 3849 5319">
    <p class='ocr_par' dir='ltr' id='par_1_125' title="bbox 2304 5244 3849 5319">
     <span class='ocr_line' id='line_1_128' title="bbox 2304 5244 3849 5319; baseline -0.01 -13"><span class='ocrx_word' id='word_1_844' title='bbox 2304 5254 2449 5308; x_wconf 90' lang='lat' dir='ltr'>dam</span> <span class='ocrx_word' id='word_1_845' title='bbox 2505 5253 2779 5308; x_wconf 86' lang='lat' dir='ltr'>docebat.</span> <span class='ocrx_word' id='word_1_846' title='bbox 2806 5244 3173 5306; x_wconf 30' lang='lat' dir='ltr'>&#39;Ref&#39;erenda:</span> <span class='ocrx_word' id='word_1_847' title='bbox 3225 5265 3368 5319; x_wconf 87' lang='lat' dir='ltr'>ergo</span> <span class='ocrx_word' id='word_1_848' title='bbox 3413 5248 3491 5302; x_wconf 87' lang='lat' dir='ltr'>ad</span> <span class='ocrx_word' id='word_1_849' title='bbox 3521 5248 3623 5301; x_wconf 88' lang='lat' dir='ltr'>has</span> <span class='ocrx_word' id='word_1_850' title='bbox 3662 5244 3849 5297; x_wconf 83' lang='lat' dir='ltr'>litteras</span> 
     </span>
    </p>
   </div>
   <div class='ocr_carea' id='block_1_126' title="bbox 2302 5319 3826 5393">
    <p class='ocr_par' dir='ltr' id='par_1_126' title="bbox 2302 5319 3826 5393">
     <span class='ocr_line' id='line_1_129' title="bbox 2302 5319 3826 5393; baseline -0.007 -14"><span class='ocrx_word' id='word_1_851' title='bbox 2302 5323 2617 5379; x_wconf 70' lang='lat' dir='ltr'>horrendae</span> <span class='ocrx_word' id='word_1_852' title='bbox 2650 5325 2709 5378; x_wconf 90' lang='lat' dir='ltr'>in</span> <span class='ocrx_word' id='word_1_853' title='bbox 2735 5322 3071 5393; x_wconf 83' lang='lat' dir='ltr'>Evippium,</span> <span class='ocrx_word' id='word_1_854' title='bbox 3105 5319 3577 5393; x_wconf 63' lang='lat' dir='ltr'>praedicationes.</span> <span class='ocrx_word' id='word_1_855' title='bbox 3633 5384 3642 5392; x_wconf 31' lang='grc' dir='ltr'><em>Π</em></span> <span class='ocrx_word' id='word_1_856' title='bbox 3794 5374 3826 5393; x_wconf 39' lang='grc' dir='ltr'><strong>Β</strong></span> 
     </span>
    </p>
   </div>
   <div class='ocr_carea' id='block_1_127' title="bbox 2376 5374 3847 5466">
    <p class='ocr_par' dir='ltr' id='par_1_127' title="bbox 2376 5374 3847 5466">
     <span class='ocr_line' id='line_1_130' title="bbox 2376 5374 3847 5466; baseline -0.012 -16"><span class='ocrx_word' id='word_1_857' title='bbox 2376 5374 3163 5466; x_wconf 53' lang='grc' dir='ltr'>(’ξξ4)’ῖὶέᾶϐἆῡοῐμέὃᾶ.’Ῑῖάιὶίζ</span> <span class='ocrx_word' id='word_1_858' title='bbox 3216 5395 3464 5466; x_wconf 76' lang='lat' dir='ltr'>excepta</span> <span class='ocrx_word' id='word_1_859' title='bbox 3526 5384 3692 5466; x_wconf 75' lang='lat' dir='ltr'>Paris.</span> <span class='ocrx_word' id='word_1_860' title='bbox 3737 5374 3847 5466; x_wconf 43' lang='lat' dir='ltr'>sui:</span> 
     </span>
    </p>
   </div>
   <div class='ocr_carea' id='block_1_128' title="bbox 2304 5447 3847 5537">
    <p class='ocr_par' dir='ltr' id='par_1_128' title="bbox 2304 5447 3847 5537">
     <span class='ocr_line' id='line_1_131' title="bbox 2304 5447 3847 5537; baseline -0.014 -16"><span class='ocrx_word' id='word_1_861' title='bbox 2304 5447 2540 5533; x_wconf 51' lang='lat' dir='ltr'>tione&#39;2,</span> <span class='ocrx_word' id='word_1_862' title='bbox 2588 5448 2955 5537; x_wconf 69' lang='lat' dir='ltr'>praemittunt</span> <span class='ocrx_word' id='word_1_863' title='bbox 2994 5466 3075 5530; x_wconf 79' lang='grc' dir='ltr'>ἀν,</span> <span class='ocrx_word' id='word_1_864' title='bbox 3116 5447 3260 5537; x_wconf 68' lang='lat' dir='ltr'>qua:</span> <span class='ocrx_word' id='word_1_865' title='bbox 3306 5447 3632 5537; x_wconf 72' lang='lat' dir='ltr'>conjunctio</span> <span class='ocrx_word' id='word_1_866' title='bbox 3658 5447 3847 5537; x_wconf 45' lang='lat' dir='ltr'>melius</span> 
     </span>
    </p>
   </div>
   <div class='ocr_carea' id='block_1_129' title="bbox 2302 5518 3846 5608">
    <p class='ocr_par' dir='ltr' id='par_1_129' title="bbox 2302 5518 3846 5608">
     <span class='ocr_line' id='line_1_132' title="bbox 2302 5518 3846 5608; baseline -0.01 -17"><span class='ocrx_word' id='word_1_867' title='bbox 2302 5518 2559 5592; x_wconf 39' lang='lat' dir='ltr'>a‘éé‘s&#39;tih</span> <span class='ocrx_word' id='word_1_868' title='bbox 2592 5518 2989 5608; x_wconf 54' lang='lat' dir='ltr'>Ebiéifpriihq</span> <span class='ocrx_word' id='word_1_869' title='bbox 3021 5518 3333 5589; x_wconf 76' lang='lat' dir='ltr'>etduobus</span> <span class='ocrx_word' id='word_1_870' title='bbox 3358 5518 3508 5608; x_wconf 65' lang='lat' dir='ltr'>aliis.</span> <span class='ocrx_word' id='word_1_871' title='bbox 3540 5524 3706 5582; x_wconf 85' lang='lat' dir='ltr'>Paulo</span> <span class='ocrx_word' id='word_1_872' title='bbox 3735 5518 3846 5589; x_wconf 54' lang='lat' dir='ltr'>p05!</span> 
     </span>
    </p>
   </div>
   <div class='ocr_carea' id='block_1_130' title="bbox 2302 5604 3756 5678">
    <p class='ocr_par' dir='ltr' id='par_1_130' title="bbox 2302 5604 3756 5678">
     <span class='ocr_line' id='line_1_133' title="bbox 2302 5604 3756 5678; baseline -0.014 -12"><span class='ocrx_word' id='word_1_873' title='bbox 2302 5610 2648 5666; x_wconf 85' lang='lat' dir='ltr'>addidimus</span> <span class='ocrx_word' id='word_1_874' title='bbox 2670 5604 2881 5666; x_wconf 74' lang='lat' dir='ltr'>vocem</span> <span class='ocrx_word' id='word_1_875' title='bbox 2902 5604 3241 5678; x_wconf 63' lang='grc' dir='ltr'>εὐδοκίμησιν</span> <span class='ocrx_word' id='word_1_876' title='bbox 3273 5620 3346 5659; x_wconf 82' lang='lat' dir='ltr'>ex</span> <span class='ocrx_word' id='word_1_877' title='bbox 3376 5606 3595 5672; x_wconf 87' lang='lat' dir='ltr'>septem</span> <span class='ocrx_word' id='word_1_878' title='bbox 3623 5608 3756 5650; x_wconf 85' lang='lat' dir='ltr'>mss.</span> 
     </span>
    </p>
   </div>
  </div>
