4054 6228
465 246 574 311 939

1778 249 1850 318 Si
1886 244 2136 306 BASILH
2172 246 2395 304 MAGNI

3716 250 3829 313 940

465 387 610 431 mus
634 372 702 431 in
736 372 906 443 justo
932 370 1175 431 Domini
1195 371 1389 429 nostri
1413 374 1554 429 Jesu
1581 372 1798 429 Christi
1828 372 1950 442 die,
1981 385 2100 427 cun

2232 369 2347 422 ἐστι
2361 373 2553 432 ταύτης
2581 378 2671 427 καὶ
2696 372 3061 451 ἀδιαστρόφου
3080 371 3555 437 διδασκαλίας.Ὦν
3569 381 3661 429 καὶ
3680 377 3836 450 ἡμεῖς

465 462 666 518 veniet
713 460 1039 535 unicuique
1086 463 1363 520 nostrum
1414 461 1750 520 secundum
1794 475 1984 534 opera
2010 474 2100 516 Sllt

2231 459 2500 531 εὐχόμεθα
2524 470 2617 524 τῆς
2646 468 2916 527 κοινωνίας
2967 469 3039 539 μή
3098 467 3354 535 ἐκπεσεῖν,
3405 470 3499 519 καὶ
3548 467 3671 539 ὑμῖν
3716 468 3837 538 (62)

464 550 754 613 daturus.

975 838 1318 896 EPISTOLA
1353 838 1575 894 CCLII‘.

2230 554 2602 624 συνευχόμεθα
2630 558 2724 612 τὴν
2749 552 2944 629 μερίδα
2987 554 3158 609 λαϐεῖν
3196 556 3250 614 ἄη
3292 564 3355 631 τῇ
3397 558 3569 630 ἡμέρᾳ
3603 564 3696 610 τοῦ
3724 563 3836 611 Κυ-

2228 644 2346 711 ρίου
2376 641 2523 711 ἡμῶν
2547 641 2724 700 Ἰησοῦ
2745 652 2981 717 Χριστοῦ
3004 653 3068 719 τῇ
3102 642 3311 718 δικαίᾳ,
3340 648 3468 699 ὄντα
3494 645 3617 717 ﬁer)
3650 642 3835 699 δοῦναι

2230 726 2439 800 ἑκάστῳ
2474 733 2612 784 κατὰ
2638 736 2736 790 τήν
2762 734 2952 805 πρᾶξιν
2981 734 3166 790 αὐτοῦ.

2753 845 3094 895 ΕΠΙΣΤΟΛΗ
3141 840 3297 895 ZNB"

462 960 684 1020 Invitat
714 962 987 1022 Basilius
1022 963 1307 1022 Ecclesiae
1332 979 1456 1021 suae
1478 962 1740 1031 nomine,
1767 966 1833 1017 ut
1864 964 2100 1088 conesget

1921 1047 1957 1085 r
2033 1046 2097 1085 ιη

2226 973 2344 1087 ξιτ
2388 963 2670 1023 veniendi
2704 964 2786 1022 ad
2810 966 2965 1022 diem
3004 965 3234 1035 festum
3276 967 3478 1027 sancti
3504 966 3836 1041 Eupsychﬁ

840 1150 1112 1208 Ponticae
1139 1151 1405 1208 diwcesis
1435 1149 1741 1221 cpiscOpis.

527 1256 855 1329 Martyrum
882 1257 1145 1315 honores
1182 1256 1468 1314 omnibus
1504 1256 1755 1329 quidem
1804 1254 1868 1310 in
1920 1251 2116 1309 Domi-

2408 1149 2739 1215 Ἐπισκόποις
2766 1160 2863 1216 τῆς
2892 1160 3147 1216 Ποντικῆς
3169 1155 3287 1227 (63)
3316 1152 3352 1209 δ
3357 1159 3652 1218 ιοικήσεως.

2296 1259 2585 1331 Μαρτύρων
2649 1266 2800 1334 τιμαὶ
2861 1267 2996 1314 πᾶσι
3213 1259 3668 1338 περισπούδαστοι
3716 1272 3833 1326 τοῖς

454 1358 607 1400 num
633 1345 1038 1417 sperantibus,
1065 1361 1309 1403 summo
1330 1345 1532 1402 studio
1557 1360 1692 1401 esse
1713 1343 1972 1411 debent;
2008 1340 2100 1399 sed

2226 1342 2308 1397 ἰπὶ
2350 1348 2539 1421 Κύριον
2601 1348 2903 1421 ὴλπικόσιν,
2956 1349 3230 1426 ἐξαιρέτως
3286 1348 3347 1405 δ⁸ε
3391 1354 3533 1425 ὑμῖν,
3574 1359 3678 1413 τοὶς
3716 1351 3834 1426 ἀρε-

453 1432 761 1506 praecipue
787 1435 958 1492 vobis
983 1435 1217 1493 virtutis
1244 1434 1597 1503 cultoribus,
1620 1433 1727 1505 qui
1754 1437 1953 1489 vestra
1972 1446 2100 1502 erga

2226 1442 2319 1496 τῆς
2375 1434 2839 1511 ἀντιποιουμένοις,
2896 1439 2946 1493 οἱ
2994 1437 3090 1493 διὰ
3137 1449 3230 1502 τῆς
3282 1444 3411 1516 πρὸς
3446 1445 3568 1504 τοὺς
3623 1439 3835 1494 εὐδοκί-

449 1528 648 1586 claros
695 1544 769 1585 ac
813 1526 1082 1583 celebres
1133 1540 1455 1581 conservos
1484 1522 1813 1580 voluntatis
1847 1537 2113 1594 propen-

448 1616 623 1676 sione
649 1632 922 1675 amorem
940 1616 1004 1673 in
1023 1629 1415 1673 communem
1436 1613 1763 1669 Dominum
1778 1610 2109 1668 ostenditis:

2222 1543 2354 1595 μους
2400 1534 2499 1578 τῶν
2536 1524 2837 1599 ὁμοδούλων
2876 1525 3161 1593 διαθέσεως
3209 1535 3305 1591 τήν
3345 1533 3473 1604 πρὸς
3515 1534 3600 1583 τὸν
3655 1536 3831 1583 κοινὸν

2221 1618 2487 1673 Δεσπότην
2553 1621 2752 1670 εὔνοιαν
2809 1614 3172 1672 ἕπιδείκνυσθε
3204 1641 3219 1654 ·
3259 1620 3429 1682 ἄλλως
3481 1640 3538 1673 τε
3586 1625 3675 1673 καὶ
3732 1618 3836 1673 δια

446 1718 509 1769 et
531 1706 992 1780 maxime,quod
1007 1703 1237 1777 aliquid
1257 1702 1565 1760 affinitatis
1588 1700 1813 1795 habeat
1830 1703 2100 1795 accurata

2226 1706 2281 1795 τὸ
2322 1710 2567 1776 συγγενίς
2616 1725 2669 1758 τι
2697 1710 2837 1779 ἔχειν
2876 1712 2965 1760 τὸν
3014 1707 3066 1761 έν
3109 1707 3348 1783 ἀκριϐείᾳ
3400 1708 3517 1783 βίον
3545 1714 3671 1785 πρὸς
3709 1716 3833 1773 τοὺς

453 1798 698 1858 vivendi
725 1796 876 1854 ratio
902 1810 1043 1851 cum
1088 1793 1162 1849 iis
1192 1792 1297 1861 qui
1327 1807 1435 1865 per
1464 1790 1653 1848 animi
1701 1788 2100 1847 fortitudinem

2226 1787 2318 1845 διὰ
2354 1800 2622 1870 καρτερίας
2676 1796 3048 1859 τελειωθέντας.
3109 1798 3250 1853 Ἐπεὶ
3307 1795 3398 1852 οὖν
3449 1798 3837 1873 ἐπισημότατοι

449 1885 860 1948 consummati
876 1883 1195 1941 sunt.Cum
1213 1881 1395 1954 igitur
1413 1879 1787 1938 celeberrimi
1813 1879 1931 1935 sint
1958 1893 2116 1935 mar-

443 1984 612 2052 tyres
634 1973 1013 2049 Eupsychius
1037 1976 1097 2030 et
1118 1976 1344 2029 Damas
1371 1985 1705 2043 eorumque
1725 1970 2114 2042 chorus,qu0'

442 2083 582 2125 rum
609 2063 907 2137 memoria
933 2061 1261 2137 quotannis
1291 2058 1371 2117 ab
1392 2058 1542 2116 urbe
1565 2061 1773 2116 nostra
1801 2062 1859 2115 et
1875 2062 2002 2115 tota
2028 2056 2114 2114 vi-

442 2156 606 2213 cinia
661 2154 1021 2222 celebratur,
1062 2149 1352 2208 admonet
1396 2164 1529 2217 vos,
1563 2147 1877 2220 proprium
1933 2161 2113 2203 suum

441 2245 652 2311 decus,
684 2241 970 2309 Ecclesia,
1000 2255 1072 2298 ac
1112 2242 1321 2296 nostra
1352 2236 1531 2308 389
1556 2252 1704 2292 voce
1733 2236 2110 2309 adhortatur,

439 2336 510 2390 ut
536 2334 854 2407 antiquam
881 2327 1205 2387 resumatis
1251 2325 1538 2383 visitandi
1584 2324 2108 2384 consuetudinem.

436 2424 649 2496 Itaque
691 2425 757 2479 ut
788 2434 1015 2490 magno
1039 2420 1280 2491 quaestu
1307 2415 1481 2472 vobis
1508 2415 1816 2488 proposito
1844 2415 1907 2470 in
1936 2414 2110 2488 plebe

436 2527 580 2584 quae
629 2528 668 2570 a
721 2511 899 2570 vobis
934 2507 1221 2566 mdiﬁcari
1276 2505 1463 2577 cupit,
1512 2509 1695 2578 atque
1731 2507 1798 2562 ut
1842 2505 2108 2577 praemiis

437 2601 665 2662 honori
700 2604 1042 2671 martyrum
1069 2594 1367 2669 repositis,
1404 2594 1489 2651 ita
1518 2597 1794 2651 nostram
1824 2594 2106 2667 suscipite

439 2692 931 2755 adhortationem
954 2690 1012 2744 et
1038 2685 1180 2744 huic
1210 2683 1460 2743 annuite
1478 2682 1770 2757 petitioni,
1812 2698 2106 2757 magnum

438 2785 622 2845 nobis
647 2778 1014 2840 beneﬁcium
1040 2790 1169 2833 non
1186 2774 1378 2832 multo
1405 2772 1615 2831 labore
1653 2772 2007 2831 tribuentes.

940 2901 1277 2959 EPISTOLA
1332 2899 1603 2956 CCLlll".

2222 1885 2497 1957 μαρτύρων
2538 1884 2815 1957 Εὐψύχιος
2868 1891 2959 1939 καὶ
3016 1888 3211 1960 Δάμας,
3262 1893 3356 1940 καὶ
3406 1890 3436 1940 ὁ
3484 1893 3602 1963 περὶ
3641 1889 3837 1951 αὐτοὺς

2221 1974 2402 2042 χορὸς,
2434 1972 2503 2023 ὧν
2546 1974 2577 2032 ἠ
2610 1979 2783 2047 μνήμη
2826 1971 2902 2027 δι’
2949 1976 3097 2037 ἔτους
3132 1978 3277 2051 παρὰ
3312 1984 3410 2037 τῆς
3445 1975 3631 2037 πόλεως
3677 1979 3837 2050 ἡμῶν

2219 2065 2312 2113 καὶ
2370 2069 2467 2124 τῆς
2518 2060 2838 2135 περιοικίδος
2900 2066 3080 2127 πάσης
3128 2065 3367 2135 τελεῖται,
3443 2068 3837 2140 ὑπομιμνήσκει

2219 2150 2376 2223 ὑμᾶς,
2434 2155 2520 2205 τόν
2578 2149 2719 2206 ἴδιον
2775 2154 2963 2216 ἑαυτῆς
3015 2159 3235 2229 κόσμον,
3295 2158 3327 2214 ἠ
3384 2156 3686 2227 Ἐκκλησία,
3731 2154 3835 2212 διὰ

2217 2247 2315 2301 τῆς
2352 2242 2603 2317 ἡμετέρας
2632 2252 2797 2315 φωνῆς
2814 2244 3213 2318 παρακαλοῦσα,
3245 2248 3339 2305 τὴν
3378 2245 3608 2321 ἀρχαίαν
3631 2245 3829 2301 ἀπολα-

2218 2328 2323 2382 ϐεῖν
2360 2338 2457 2393 τῆς
2508 2329 2822 2403 ἐπισκεψεως
2878 2335 3019 2407 ὑμῶν
3078 2337 3355 2393 συνήθειαν
3411 2337 3545 2407 (64).
3602 2335 3689 2399 Ὧς
3734 2334 3832 2390 οὖν

2215 2427 2468 2495 ἐργασίας
2505 2423 2734 2493 μεγάλης
2762 2428 3101 2498 προκειμνης
3132 2428 3245 2497 (65)
3281 2428 3403 2498 ὑμῖν
3432 2425 3481 2479 ἐν
3510 2426 3614 2498 λαῷ
3639 2426 3833 2488 ἐπιζη-

2215 2516 2387 2562 τοῦντι
2412 2515 2505 2569 την
2535 2512 2659 2585 παρ’
2698 2512 2842 2585 ὑμῶν
2873 2510 3172 2587 οἰκοδομὴν,
3202 2519 3292 2567 καὶ⁵
3317 2518 3507 2587 μισθὸν
3526 2514 3574 2567 ἐν
3593 2523 3655 2589 τῇ
3690 2524 3826 2590 τιμῇ

2213 2606 2313 2650 τῶν
2351 2602 2629 2675 μαρτύρων
2679 2600 3033 2674 ἀποκείμενον,
3066 2600 3288 2665 δέξασθε
3339 2606 3485 2677 ἡμῶν
3514 2611 3607 2664 τὴν
3653 2610 3832 2679 παρά.

2211 2686 2419 2757 κλησιν,
2459 2694 2550 2741 καὶ
2596 2688 2898 2744 ἐπινεύσατε
2944 2695 3074 2768 πρὸς
3123 2698 3217 2751 τὴν
3264 2696 3428 2767 χάριν
3483 2703 3651 2769 μικρῷ
3680 2715 3835 2767 πονε-ι

2212 2775 2438 2848 μεγάλην
2467 2779 2592 2850 ἡμῖν
2618 2779 2915 2856 εὐεργεσίαν
2938 2785 3293 2857 παρεχόμενοι
3325 2784 3459 2854 (66).

2749 2908 3079 2959 ΕΠΙΣΤΟΓΗ
3126 2912 3207 2959 ΣΝ
3212 2905 3283 2960 Γ’.

437 3036 711 3098 Basilius
737 3046 815 3090 ex
835 3030 946 3101 his,
961 3041 1094 3100 qua:
1121 3025 1369 3083 audient
1395 3022 1760 3101 Antiocheni
1783 3023 2181 3101 presbyteria
2207 3024 2618 3101 Sanctissimo,
2633 3043 2837 3101 eorum
2863 3029 3331 3087 sollicitudinem
3349 3033 3578 3101 partim
3606 3035 3834 3093 sedan-

1505 3097 1645 3153 dam
1670 3110 1809 3167 esse,
1834 3098 2067 3167 partim
2104 3098 2439 3156 acuendam
2460 3100 2733 3156 nuntiat.

882 3225 1260 3297 Presbyteri:
1284 3220 1647 3280 Antiochiae.

510 3333 1003 3399 Sollicitudinem,
1025 3346 1215 3405 quam
1249 3344 1363 3403 pro
1408 3327 1511 3384 Dei
1544 3326 1820 3383 Ecclesiis
1842 3326 2102 3396 habetis,

437 3428 663 3505 partim
682 3424 932 3499 quidem
956 3419 1197 3477 sedabit
1211 3416 1761 3475 desideratissimus
1786 3433 1857 3473 ac
1870 3416 2105 3487 religio~

440 3518 719 3577 sissimus
746 3514 929 3570 frater
955 3513 1158 3567 noster
1190 3506 1618 3567 Sanctissimus
1661 3506 1994 3579 presbyter,
2020 3511 2107 3563 to-

438 3610 560 3667 tius
581 3603 919 3664 Occidentis
933 3614 1079 3671 erga
1095 3613 1211 3655 nos
1230 3611 1503 3653 amorem
1528 3611 1600 3652 ac
1631 3594 1901 3651 studium
1922 3611 2104 3669 expo-

439 3713 595 3755 nens
618 3714 632 3765 ;
655 3693 877 3767 partim
899 3705 1044 3747 vero
1083 3685 1477 3745 exsuscitabit
1499 3700 1569 3742 ac
1608 3684 1806 3755 magis
1832 3688 2103 3755 exacuet,

439 3789 741 3861 quantum
772 3780 957 3839 studii
974 3795 1070 3836 res
1100 3780 1428 3851 praesentes
1457 3774 1785 3848 requirant,
1812 3773 1969 3831 clare
1996 3790 2106 3830 vo-

440 3876 538 3933 bis
555 3888 665 3947 per
684 3887 749 3927 se
776 3871 905 3943 ipse
931 3868 1538 3925 demonstrans.Nam
1559 3878 1774 3921 omnes
1800 3863 1899 3920 alii
1924 3863 2108 3920 veluti

442 3979 519 4020 ex
546 3960 799 4018 dimidio
824 3957 1257 4014 nuntiaverunt
1280 3953 1457 4010 nobis
1501 3956 1560 4010 et
1584 3953 1910 4009 sententias
1949 3952 2108 4011 Occi-

442 4049 797 4112 dentalium,
828 4051 887 4103 et
903 4061 1108 4102 rerum
1138 4047 1364 4100 statum
1395 4059 1409 4099 :
1449 4043 1579 4115 ipse
1616 4057 1783 4108 vero,
1813 4059 1953 4099 cum
1980 4042 2109 4100 ido-

439 4156 597 4198 neus
636 4139 713 4195 sit
759 4135 865 4211 qui
913 4138 972 4192 et
1016 4132 1337 4191 hominum
1390 4131 1641 4189 consilia
1668 4132 2011 4205 perspiciat,
2052 4140 2110 4194 et

439 4244 645 4287 rerum
676 4230 901 4284 statum
944 4225 1226 4280 accurate
1251 4220 1598 4290 investiget;
1632 4219 1907 4277 narrabit
1934 4221 2110 4277 vobis

442 4318 673 4387 omnia,
718 4331 792 4373 ac
845 4314 1080 4371 bonum
1130 4314 1401 4367 vestrum
1449 4308 1717 4365 studium
1774 4308 1854 4365 ad
1902 4311 2109 4368 omnia

439 4407 618 4483 quasi
641 4420 832 4464 manu
873 4403 1072 4460 ducet.
1111 4402 1306 4467 Quare
1335 4397 1656 4455 materiam
1685 4397 1922 4455 habetis
1969 4414 2109 4457 con-

438 4501 756 4572 gruentem
802 4492 1017 4551 eximio
1053 4494 1253 4547 vestro
1298 4487 1630 4561 proposito,
1664 4487 1832 4560 quod
1869 4504 2108 4562 semper

438 4590 637 4643 vestra
657 4599 771 4657 pro
794 4582 898 4640 Dei
918 4579 1193 4638 Ecclesiis
1214 4575 1613 4635 sollicitudine
1638 4576 2009 4635 declarastis.

512 4946 537 4969 "
564 4942 726 5001 Alias
758 4940 984 4999 CCXCI.
1022 4937 1252 5012 Scripta
1272 4952 1435 4996 anno
1464 4942 1589 4997 376.

512 5016 754 5100 inlisa.
775 5010 1591 5100 QXGIX-.$9rirtsene9_§7§°
1638 5080 1786 5100 ,ηω
1894 5083 1905 5097 .
1959 5082 1972 5095 .
2028 5086 2050 5100 .

537 5089 605 5144 62
662 5090 763 5140 Καὶ
801 5087 943 5156 ὑμῖν.
999 5082 1112 5139 Sic.
1154 5080 1310 5137 inse.
1356 5086 1610 5154 septem.
1638 5080 1789 5137 Editi
1823 5083 1913 5135 καὶ
1949 5082 1981 5139 ἡ
2013 5086 2097 5163 οἶν.

446 5088 569 5234 Sui)
592 5096 778 5234 tinem
809 5156 949 5234 editi
974 5152 1167 5234 δοῦναι·
1200 5155 1344 5234 igni».
1367 5156 1690 5234 .Postrema
1731 5167 1851 5210 vox
1882 5101 2101 5234 melius

441 5232 660 5289 deesse
683 5228 812 5285 visa
845 5232 933 5283 est
970 5226 1033 5282 in
1071 5225 1245 5283 Coisl.
1288 5225 1486 5296 primo
1520 5228 1577 5280 et
1619 5238 1741 5296 uno
1770 5225 2101 5296 exiﬁegiis.

444 5301 636 5359 Editio
676 5303 856 5356 Paris.
878 5304 911 5354 2
940 5298 1124 5354 habet
1150 5295 1316 5368 fascini
1347 5295 1578 5351 Ibidem
1597 5295 1715 5351 duo
1735 5295 1976 5352 codices
2003 5310 2102 5352 re-

443 5372 737 5430 cautiores
761 5372 898 5423 κατὰ
923 5371 990 5421 τὰ
1016 5371 1146 5442 ἔργα
1172 5367 1354 5442 αὐτοῦ.

537 5445 626 5515 63)
649 5448 760 5515 Τὴς
788 5438 1058 5515 Ποντικῆςζ
1081 5438 1086 5439 ί
1107 5441 1283 5495 Deest
1310 5451 1385 5494 ea
1414 5452 1532 5495 vox
1560 5438 1625 5495 in
1666 5438 1802 5495 cod.
1834 5438 1991 5495 Harl.
2031 5469 2103 5480 —

439 5512 942 5592 ,VideZAtddenda.
995 5584 1041 5592 __
1224 5579 1265 5592 ,Α
1359 5583 1403 5592 κ
1478 5580 1494 5592 ,
1590 5585 1602 5592 _
1652 5582 1685 5592 ,_
1731 5580 1744 5591 ,
1780 5580 1796 5592 ,
1942 5581 1954 5592 ,

514 5584 629 5658 ίϐίι)
663 5584 831 5658 ’Υμῶν
878 5584 1176 5643 συνήθειαν.
1224 5579 1311 5641 Ita
1358 5580 1521 5640 Harl.
1549 5585 1608 5639 et
1645 5580 1821 5639 Coisl.
1864 5581 2101 5654 primus

2132 3203 2174 3258 C

2638 3225 3020 3301 Πρεσϐυτεροις
3044 3227 3385 3299 Ἀντιοχείας.

2279 3337 2388 3390 Τὴν
2450 3337 2722 3406 μέριμναν,
2789 3334 2851 3393 ἣν
2913 3336 3061 3407 ἔχετε
3124 3337 3253 3409 ὑπὲρ
3328 3343 3429 3388 τῶν
3492 3336 3835 3398 Ἐκκλησιῶν

2210 3427 2305 3472 τοῦ
2361 3417 2515 3492 Θεοῦ,
2557 3421 2605 3473 ἐν
2661 3427 2804 3495 μέρει
2841 3426 2932 3495 μεν
2982 3420 3336 3477 διαναπαύσει
3384 3427 3415 3478 ὁ
3458 3428 3835 3493 ποθεινότατος

2213 3514 2304 3562 καὶ
2386 3508 2757 3574 εὐλαϐέστατος
2820 3514 2966 3585 ἡμῶν
3032 3510 3254 3587 ἀδελφὸς
3326 3521 3721 3590 Σαγκτίσσιμος
3797 3523 3834 3573 ὀ

2217 3598 2691 3676 συμπρεσϐύτερος,
2744 3597 3138 3675 διηγησάμενος
3209 3605 3384 3664 πάσης
3456 3612 3547 3666 τῆς
3616 3609 3831 3671 Ade-ru;

2214 3690 2308 3745 τὴν
2359 3694 2477 3761 περὶ
2536 3690 2671 3761 ἡμᾶς
2712 3688 2918 3761 ἀγάπην
2965 3710 3022 3743 τε
3080 3695 3171 3744 xui
3218 3688 3457 3745 διάθεσιν
3489 3709 3504 3724 ·
3567 3692 3615 3745 ἓν
3670 3701 3828 3768 μέρει

2218 3772 2278 3828 δὲ
2314 3781 2404 3829 καὶ
2435 3773 2471 3829 δ
2475 3783 2782 3837 ιαναστὴσει
2819 3784 2911 3833 καὶ
2957 3779 3104 3833 πλέον
3142 3781 3441 3855 παροξυνεῖ,
3472 3784 3599 3841 ὅσην
3651 3803 3825 3837 σπου-

2219 3861 2312 3923 δὴν
2355 3864 2593 3928 ἐπιζητεῖ
2629 3870 2696 3922 τὰ
2754 3872 2989 3942 παρόντα
3042 3871 3347 3944 πράγματα,
3405 3870 3628 3945 ἐναργῶς
3692 3875 3826 3947 ὑμῖν

2218 3950 2291 4007 δι’
2345 3955 2531 4009 ἑαυτοῦ
2594 3963 2965 4033 παραστήσας.
3036 3963 3138 4011 Καὶ
3178 3962 3279 4035 γὰρ
3340 3968 3441 4013 τῶν
3500 3964 3589 4034 μιν
3646 3961 3828 4016 ἄλλων

2216 4044 2455 4118 ἕκαστος,
2518 4048 2694 4121 ὥσπερ
2763 4046 2817 4110 ἐξ
2865 4049 3129 4121 ἡμισείας,
3192 4050 3316 4122 ἡμῖν
3372 4047 3652 4122 ἀπήγγειλε
3700 4053 3827 4122 (67)

2216 4138 2307 4187 καὶ
2360 4138 2449 4196 τὰς
2498 4141 2711 4210 γνώμας
2756 4144 2854 4189 τῶν
2907 4136 3071 4190 ἐκεῖσε
3108 4133 3332 4212 ἀνδρῶν,
3386 4142 3477 4191 καὶ
3526 4143 3619 4198 τὴν
3645 4142 3828 4194 κατά-

2220 4241 2407 4277 στασιν
2462 4232 2562 4277 τῶν
2613 4227 2935 4301 πραγμάτων
2969 4244 2983 4256 ο
3024 4226 3178 4287 αὐτὸς
3234 4222 3313 4299 δε,
3376 4230 3548 4290 ἱκανὸς
3602 4230 3669 4280 ὧν
3728 4236 3831 4285 καὶ

2215 4318 2517 4387 προαίρεσιν
2558 4310 2761 4389 ἀνδρῶν
2786 4317 3128 4388 καταμαθεῖν,
3158 4321 3248 4369 καὶ
3286 4319 3612 4370 κατάστασιν
3648 4338 3831 4392 πραγ-

2214 4404 2391 4473 μάτων
2444 4401 2671 4478 ἀκριϐῶς
2698 4399 3164 4477 διερευνήσασθαι,
3212 4406 3384 4459 πάντα
3412 4408 3531 4479 ὑμῖν
3561 4407 3685 4482 ἐρεῖ,
3728 4416 3833 4463 καὶ

2213 4494 2341 4563 πρὸς
2376 4494 2548 4545 πάντα
2592 4497 2987 4568 χειραγωγήσει
3016 4497 3110 4552 τήν
3138 4491 3336 4566 ἀγαθὴν
3376 4491 3616 4555 σπουδὴν
3645 4498 3829 4571 ὑμῶν.

2139 4556 2185 4613 D
2212 4556 2373 4632 "(iure
2398 4582 2545 4653 ἔχετε
2562 4556 3158 4655 (θέίῦλνηννπρέπουσαν
3179 4556 3248 4656 ⁷τῇ
3282 4582 3447 4657 τελείᾳ
3467 4585 3610 4657 ὑμῶν
3629 4556 3832 4661 προαι-

2210 4672 2351 4742 ρέσει
2382 4669 2442 4728 ἢν
2472 4668 2550 4721 ἀεὶ
2581 4670 2629 4722 έν
2654 4677 2770 4732 ταῖς
2800 4671 2926 4746 ὑπὲρ
2960 4678 3060 4723 τῶν
3088 4670 3405 4730 Ἐκκλησιῶν
3434 4681 3527 4727 τοῦ
3556 4681 3697 4728 Θεοῦ
3728 4693 3830 4749 με-

2208 4763 2421 4833 ρίμναις
2453 4755 2705 4822 ἐδείξατε.

2208 4953 2351 5013 cum
2380 4936 2572 4995 tribus
2598 4937 2750 5013 aliis.
2773 4938 2927 4996 Editi
2955 4940 3101 5013 ἡμῶν
3130 4939 3445 4999 referendo
3476 4939 3558 4998 ad
3596 4941 3827 4998 ima-xi-

2207 5008 2367 5081 ψεως,
2398 5012 2689 5067 uisitandi
2712 5014 2907 5068 nostri
2923 5008 3434 5070 consuetudinem.

2279 5082 2393 5152 (65)
2434 5087 2796 5155 Προκσιμένης-
2830 5085 2919 5141 Ita
2959 5084 3121 5140 Harl.
3157 5090 3216 5142 et
3238 5084 3441 5159 plures
3654 5085 3827 5145 Editi

2209 5158 2557 5239 #9961‘Etpé‘vn
2569 5173 2610 5214 ς.
2917 5225 2929 5236 .
2966 5224 2982 5239 ‘
3180 5225 3196 5239 ‘
3248 5158 3255 5159 “

2282 5224 2396 5297 (66)
2423 5229 2802 5301 Παρεχόμενοι.
2830 5224 3007 5283 Coisl.
3057 5230 3114 5283 et
3143 5225 3245 5284 alii
3280 5226 3554 5285 nonnulli
3578 5246 3825 5303 παρεχο-

2417 5367 2745 5442 Ἀπήγγειλε.
2770 5371 2858 5426 Ita
2885 5384 2991 5426 sex
3018 5368 3259 5426 codices
3283 5386 3434 5427 mss.
3463 5370 3617 5429 Editi
3644 5370 3825 5445 ἑαήγ-

2280 5509 2606 5587 (68)”Εχετε.
2643 5512 2736 5587 Sic
2755 5511 2956 5587 _H‘arl.,
2986 5512 3481 5587 Cla.rom.,_l3i_got.
3509 5513 3685 5587 alter,
3712 5517 3827 5587 Βοτ

2208 5581 2345 5653 gius
2373 5581 2650 5657 uterque,
2670 5583 2846 5644 Coisl.
2867 5581 3194 5644 secundus.
3212 5581 3558 5658 Εάὶιῖἓχιιν,
