4074 6220
565 328 671 401 958

1942 331 2001 388 S.
2043 322 2294 384 BASILII
2324 324 2547 385 MAGNI
3751 342 3838 397 οδε,

566 472 697 525 tum
743 463 886 538 quia
931 461 1170 519 illorum
1221 476 1425 519 mores
1472 460 1631 519 ultra
1683 461 1920 516 aetatem
1975 450 2215 525 egregie

2333 447 2523 514 παῖδας
2554 452 2649 509 διά
2674 473 2731 509 τε
2757 460 2817 510 τὸ
2854 459 2982 531 ὑπὲρ
3027 460 3125 516 τὴν
3162 456 3365 516 ἠλικίαν
3401 464 3497 509 τῶν
3531 458 3654 517 ἠοῦν
3691 463 3843 516 εὐστα-

567 552 908 627 compositi,
949 556 1077 609 tum
1118 557 1365 624 propter
1406 567 1617 609 eorum
1662 566 1800 607 cum
1851 551 1959 604 tua
1998 544 2218 617 pietate

567 642 1095 710 necessitudinem,
1122 656 1188 697 ex
1218 655 1343 713 qua
1386 640 1566 697 etiam
1612 638 1822 709 magni
1868 632 2099 708 aliquid
2138 630 2218 686 ab

568 734 655 790 eis
698 734 1038 804 exspectare
1084 730 1256 797 licet;
1297 734 1622 803 postquam
1662 744 1802 784 cum
1841 724 2050 781 litteris
2100 719 2218 778 tuis

565 823 687 879 vidi
724 838 828 878 eos
859 820 937 877 ad
980 836 1076 876 me
1106 820 1431 885 venientes,
1463 817 1767 891 duplicavi
1796 817 1857 872 in
1886 814 2019 871 illos
2050 826 2221 868 amo-

566 918 716 969 rem.
751 910 862 967 Ubi
898 913 1099 965 autem
1130 908 1245 980 legi
1279 906 1617 981 epistolam,
1646 922 1716 963 ac
1756 906 1816 961 in
1842 919 1915 960 ea
1941 899 2220 975 perspexi

568 1016 709 1057 cum
739 997 1056 1071 providam
1086 998 1271 1054 animi
1319 996 1405 1053 tui
1446 995 1521 1053 de
1560 993 1831 1051 Ecclesiis
1877 988 2220 1047 sollicitudi-

568 1105 729 1157 nem,
790 1093 917 1145 tum
971 1087 1243 1159 legendae
1298 1087 1617 1159 Scripturte
1660 1084 1879 1140 divinae
1911 1080 2217 1144 studium;

569 1180 793 1251 gratias
830 1177 924 1249 egi
967 1177 1241 1248 Domino,
1290 1193 1361 1233 ac
1406 1176 1571 1232 bona
1614 1176 1896 1248 precatus
1946 1186 2082 1227 sum
2122 1168 2219 1224 his

568 1268 675 1342 qui
718 1265 864 1323 tales
893 1266 1069 1323 nobis
1099 1265 1435 1322 efferebant
1474 1264 1719 1330 litteras,
1750 1261 2050 1335 imprimis
2078 1272 2221 1315 vero

569 1357 678 1430 ipsi
708 1357 813 1427 illi,
844 1356 949 1430 qui
979 1356 1154 1412 nobis
1186 1354 1443 1429 scripsit.

640 1541 694 1592 2.
755 1534 1123 1603 Quaesivisti,
1172 1534 1634 1592 celeberrimum
1688 1531 1837 1590 illud
1886 1530 2114 1587 dictum
2165 1530 2223 1584 et

569 1626 737 1700 apud
768 1641 981 1682 omnes
1027 1625 1332 1697 susdeque
1374 1627 1704 1691 versatum,
1748 1636 1937 1695 quam
1980 1619 2225 1677 solutio-

570 1732 712 1772 nem
740 1715 918 1787 396
948 1713 1175 1772 habeat
1199 1730 1213 1769 :
1246 1729 1469 1785 nempe
1492 1712 1639 1770 illud
1663 1730 1678 1769 :
1709 1712 1909 1767 Omnis
1938 1711 2044 1782 qui
2071 1710 2224 1765 occi-

2331 542 2415 605 θὶς
2460 548 2550 597 καὶ
2598 542 2693 598 διὰ
2739 549 2799 599 τὸ
2840 550 2972 621 πρὸς
3014 552 3109 606 τὴν
3150 551 3248 605 σὴν
3292 546 3548 599 εὐλάϐειαν
3581 548 3755 619 οἰκεῖον,
3779 551 3845 622 ἀφ’

2327 631 2389 684 οὗ
2426 651 2479 685 τι
2519 638 2608 686 καὶ
2650 637 2785 708 μέγα
2828 632 3133 710 προσδοκᾴν
3181 638 3317 689 ἔστιν
3353 634 3429 688 ἐπ’
3477 634 3669 698 αὐτοῖς’
3705 637 3843 699 ἔπειδή

2326 729 2417 775 καὶ
2471 726 2600 797 μετὰ
2645 729 2965 799 γραμμάτων
3021 735 3125 779 σῶν
3173 723 3309 779 εἶδον
3360 727 3537 787 αὐτοὺς
3596 733 3847 800 προσιόντας

2327 830 2456 885 μοι,
2520 811 2878 867 ἕδιπλασίασα
2929 819 2987 867 τὸ
3039 815 3119 868 ἐπ’
3185 816 3363 877 αὐτοῖς
3407 815 3621 891 φίλτρον,
3662 815 3766 870 Ὀτι
3807 815 3849 871 δε

2328 901 2548 973 ἀνέγνων
2611 907 2707 961 τὴν
2766 903 3044 962 ἐπιστολὴν
3069 948 3084 973 ,
3142 907 3232 956 καὶ
3288 900 3428 956 εἶδον
3483 903 3530 956 ἐν
3581 904 3698 977 αὐτῇ
3755 907 3853 977 ὁμοῦ

2327 995 2418 1063 μεν
2472 996 2530 1045 τὸ
2585 998 2703 1067 περὶ
2756 994 2850 1055 τὰς
2906 993 3218 1055 Ἐκκλησίας
3266 994 3379 1065 (t9)
3434 996 3747 1069 προνοητικὸν
3787 1003 3854 1055 τῆς

2330 1087 2425 1141 σῆς
2473 1077 2774 1150 διαθέσεως,
2805 1084 2937 1154 ὁμοῦ
2981 1078 3043 1135 δε
3086 1084 3145 1135 τὸ
3189 1086 3305 1157 περὶ
3348 1086 3443 1141 τήν
3485 1082 3749 1153 ἀνάγνωσιν
3782 1092 3857 1135 τῶν

2330 1171 2476 1222 θείων
2541 1176 2754 1245 Γραφῶν
2824 1169 3092 1243 ἐπιμελὲς,
3152 1170 3534 1245 ηύχαρίστησα
3587 1179 3653 1241 τῷ
3704 1177 3857 1243 Κυρίῳ,

2326 1261 2417 1310 καὶ
2465 1259 2772 1331 ἐπηυξάμην
2800 1262 2868 1312 τὰ
2908 1258 3084 1331 ἀγαθὰ
3111 1268 3221 1322 τοίς
3268 1263 3334 1313 τὰ
3376 1260 3591 1313 τοιαῦτα
3631 1262 3740 1332 ἡμῖν
3765 1257 3860 1313 δια-

2329 1349 2613 1420 κομίζουσι
2658 1352 2983 1423 γράμματα,
3033 1355 3123 1402 καὶ
3178 1354 3280 1424 πρό
3329 1368 3388 1422 γε
3442 1350 3603 1402 αὐτῶν
3653 1350 3773 1421 αὐτῷ
3807 1358 3863 1421 τῷ

2327 1438 2592 1513 γράψαντι
2621 1441 2766 1512 ἡμῖν.

2400 1531 2456 1585 2.
2516 1528 2877 1593 Ἐπεζήτησας
2948 1534 3010 1583 τὸ
3072 1530 3492 1607 πολυθρύλλητον
3564 1529 3707 1582 ἐκεῖνο
3726 1570 3743 1603 ,
3794 1534 3865 1582 καί

2328 1620 2473 1691 παρὰ
2528 1624 2690 1670 πᾶσιν
2756 1620 2862 1671 ἄνω
2926 1624 3017 1672 καὶ
3080 1622 3225 1672 κάτω
3287 1622 3669 1695 περιφερόμενον
3721 1617 3861 1693 ῥητὸν,

2330 1710 2447 1759 τίνα
2498 1711 2592 1765 τὴν
2644 1706 2793 1760 λύσιν
2852 1710 2999 1781 ἔχει’
3049 1713 3129 1779 τό,
3190 1714 3295 1771 Πᾶς
3351 1710 3379 1762 ὁ
3435 1707 3719 1769 ἀποκτείνας
3766 1709 3864 1760 [iis

572 1806 729 1866 derit
776 1804 952 1873 Cain,
982 1808 1200 1873 septem
1249 1803 1548 1859 vindictas
1574 1802 1759 1859 solvet
1781 1802 1827 1858 θ.
1858 1802 1993 1856 Haec
2018 1802 2221 1855 autem

2333 1795 2461 1851 ἑπτὰ
2524 1793 2869 1869 ἐκδικούμενα
2922 1798 3235 1873 παραλύσει.
3294 1801 3393 1852 Διὰ
3441 1801 3618 1851 τούτου
3669 1793 3721 1850 δε
3769 1800 3867 1857 τέως

570 1890 1057 1960 interrogatione,
1087 1890 1356 1963 primum
1383 1890 1631 1964 quidem
1668 1889 1934 1961 teipsum
1971 1886 2221 1943 demon-

571 1979 736 2035 strati
784 1979 847 2036 id
902 1978 1069 2052 quod
1121 1978 1339 2035 Paulus
1392 1980 1679 2052 praecepit
1728 1978 2073 2034 Timotheo7
2122 1992 2220 2032 ac-

571 2072 774 2125 curate
836 2083 1075 2125 servare
1134 2066 1340 2139 (liquet
1396 2067 1557 2123 enim
1619 2070 1675 2122 te
1730 2070 2023 2123 attentum
2088 2080 2223 2121 esse

570 2156 872 2227 lectioni);
903 2156 1121 2213 deinde
1163 2172 1309 2213 vero
1357 2161 1413 2213 et
1454 2172 1592 2223 nos,
1618 2155 1725 2228 qui
1773 2170 1945 2211 senes
1988 2170 2219 2217 sumus,

572 2251 632 2302 et
675 2247 807 2316 jam
860 2245 1268 2301 emarcuimus
1317 2250 1375 2301 et
1412 2249 1686 2316 tempore
1738 2249 1796 2300 et
1819 2242 2225 2300 imbecillitate

575 2333 865 2404 corporis,
913 2338 972 2389 et
1020 2332 1402 2390 multitudine
1449 2332 1866 2401 afflictionum,
1911 2347 2049 2405 quas
2093 2330 2225 2403 plu-

572 2422 741 2479 rimae
771 2422 833 2479 in
863 2436 976 2478 nos
1009 2422 1317 2478 concitatae
1345 2421 1534 2478 vitam
1576 2426 1845 2478 nostram
1875 2433 2227 2494 praegrava-

573 2515 733 2577 runt,
780 2513 985 2567 tamen
1033 2510 1399 2580 exsuscitati,
1449 2525 1522 2566 ac
1572 2509 1806 2567 fervens
1862 2510 2073 2582 spiritu
2113 2523 2227 2564 nos

574 2597 984 2669 frigescentes,
1011 2602 1308 2671 tanquam
1335 2597 1581 2655 latentia
1616 2598 1677 2654 in
1720 2598 1889 2656 lustri
1914 2597 2224 2665 animalia,

576 2687 654 2744 ad
686 2688 1047 2745 mediocrem
1074 2687 1446 2757 vigilantiam
1473 2692 1531 2744 et
1552 2688 1791 2744 vitalem
1814 2687 2227 2760 operationem

573 2791 841 2832 revocas.
862 2779 1055 2849 Atque
1082 2775 1233 2832 illud
1262 2776 1509 2849 quidem
1539 2776 1765 2833 dictum
1798 2781 1854 2833 et
1882 2775 2229 2848 simpliciter

575 2865 663 2920 sic
691 2864 935 2935 intelligi
964 2867 1180 2937 potest,
1211 2868 1268 2920 et
1298 2864 1525 2921 variam
1554 2865 1824 2937 accipere
1848 2862 2226 2936 explanatio-

573 2969 736 3010 nem.
771 2954 1103 3026 Simplicior
1134 2957 1337 3010 autem
1367 2958 1423 3011 et
1450 2969 1587 3027 quin
1615 2954 1857 3010 cuilibet
1888 2953 2078 3025 possit
2114 2966 2227 3009 sua

573 3047 789 3115 sponte
810 3057 1123 3099 occurrere
1146 3043 1461 3110 sententia,
1480 3043 1611 3098 haec
1640 3046 1754 3099 est:
1780 3045 2054 3115 oportere
2081 3041 2225 3098 Cain

2329 1888 2420 1957 μὲν
2449 1884 2606 1948 αὐτὸς
2653 1890 2870 1941 σεαυτὸν
2902 1891 3251 1957 συνέστησας,
3282 1891 3345 1941 τὸ
3374 1893 3467 1940 τοῦ
3506 1888 3736 1959 Τιμοθέου
3762 1886 3864 1955 (‘20),

2330 1973 2357 2025 ὃ
2430 1970 2730 2048 παρέδωκεν
2795 1976 2937 2045 αύτῷ
3004 1975 3205 2038 Παῦλος
3231 2019 3246 2045 ,
3316 1975 3545 2051 ἀκριϐῶς
3604 1974 3867 2047 φυλάττοντα

2332 2059 2517 2131 (δῆλος
2560 2064 2663 2137 γὰρ
2709 2058 2757 2116 εἴ
2789 2068 3070 2137 προσέχων
3115 2072 3178 2136 τῇ
3230 2054 3578 2136 arm/vaca)-
3618 2065 3771 2115 ἔπειτα
3800 2066 3867 2112 καὶ

2331 2154 2471 2224 ἡμᾶς
2525 2155 2647 2212 τοὺς
2696 2156 2963 2226 γέροντας,
2995 2157 3085 2206 καὶ
3134 2157 3517 2226 νεναρκηκότας
3568 2148 3669 2210 ἤδη
3713 2156 3867 2219 καὶτῷ

2332 2246 2510 2313 χρόνῳ
2552 2246 2642 2293 καὶ
2670 2249 2734 2311 τῇ
2784 2240 3024 2313 ἀσθενείᾳ
3052 2249 3146 2295 τοῦ
3192 2251 3457 2313 σῶματος,
3500 2247 3587 2294 καὶ
3628 2248 3694 2310 τῷ
3724 2238 3868 2295 πλήθει

2332 2339 2432 2382 τῶν
2488 2330 2728 2401 θλίψεων,
2769 2331 2822 2383 αἲ
2877 2331 3063 2384 πολλαὶ
3113 2339 3202 2383 νῦν
3257 2338 3381 2405 περὶ
3425 2335 3557 2404 ἡμᾶς
3609 2331 3867 2396 κινηθεῖσαι,

2334 2416 2595 2495 ἐϐάρησαν
2633 2422 2747 2491 (21)
2791 2423 2937 2492 ἡμῶν
2990 2425 3086 2479 τὴν
3147 2421 3311 2492 ζωην,
3373 2422 3509 2494 ὅμως
3559 2417 3868 2476 διανίστησας.

2333 2514 2423 2561 καὶ
2471 2510 2597 2569 ζέων
2651 2518 2726 2579 τῷ
2778 2514 3033 2582 πνεύματι
3079 2510 3508 2583 κατεψυγμένους
3546 2512 3694 2581 ἡμᾶς,
3734 2508 3788 2566 ὣς
3824 2506 3871 2556 τά

2334 2598 2623 2669 φωλεύοντα
2676 2607 2780 2651 τῶν
2838 2603 3015 2667 ζώων⁹
3072 2599 3144 2661 εἰς
3196 2599 3516 2673 ἐγρήγορσιν
3573 2602 3763 2672 μετρίαν
3806 2597 3871 2645 καί

2333 2690 2563 2749 ζωτικὴν
2614 2688 2868 2761 ἐνέργειαν
2921 2688 3187 2761 ἐπανάγεις
3233 2693 3375 2760 (22).
3428 2689 3580 2743 Ἐστι
3633 2684 3680 2739 δ’
3723 2681 3795 2737 οὖν
3830 2686 3873 2734 τὸ

2331 2778 2489 2851 ῥητὸν
2554 2783 2643 2830 καὶ
2710 2777 2883 2840 ἁπλῶς
2951 2778 3087 2830 οὕτω
3144 2780 3401 2838 νοηθῆναι
3467 2775 3762 2849 δυνάμενον,
3807 2778 3871 2823 καί

2332 2866 2565 2918 ποικίλον
2612 2862 2956 2929 ἐπιδέξασθαι
2994 2868 3109 2937 (23)
3152 2867 3327 2938 λόγον.
3374 2867 3435 2920 Ἦ
3467 2870 3557 2941 μὲν
3595 2858 3677 2918 οὖν
3718 2862 3871 2915 ἁπλου-

2335 2959 2493 3029 στέρα
2535 2974 2622 3007 και
2658 2960 2813 3008 παντὶ
2862 2952 3122 3028 δυναμένη
3168 2954 3224 3008 ἐκ
3261 2962 3361 3009 τοῦ
3411 2958 3693 3032 προχείρου
3742 2967 3874 3023 παρι-

2335 3053 2522 3104 στῆναι
2567 3041 2777 3098 διάνοια
2819 3044 2953 3103 αὕτη
2989 3048 3169 3098 ἐστίν·
3216 3046 3300 3099 ὅτε
3343 3043 3428 3099 δεῖ
3472 3048 3557 3098 τὸν
3594 3045 3713 3097 Κάῖν
3749 3038 3874 3093 ἕπτα-

573 3130 1024 3202 septemplicem
1045 3130 1191 3186 dare
1211 3146 1456 3203 poenam
1482 3134 1887 3202 peccatorum.
1913 3132 2041 3186 Non
2064 3128 2224 3185 enim

2333 3134 2591 3188 πλασίονα
2654 3131 2947 3187 ἀποδοῦναι
3004 3136 3116 3205 (24)
3180 3138 3274 3193 την
3345 3138 3598 3209 τιμωρίαν
3656 3133 3765 3203 ὑπερ
3826 3126 3874 3177 ὧν

575 3224 667 3276 est
682 3220 825 3290 justi
851 3220 1092 3292 judicis,
1114 3236 1294 3293 pares
1324 3220 1576 3293 paribus
1597 3224 1856 3276 statuere
1880 3220 2222 3276 mercedes:

576 3307 684 3363 sed
718 3323 959 3364 necesse
996 3314 1084 3365 est
1111 3313 1177 3364 ut
1207 3309 1350 3365 mali
1379 3310 1649 3381 inceptor
1688 3309 2051 3365 cumulatius
2080 3325 2221 3380 per-

578 3395 771 3451 solvat
794 3396 1018 3464 debita,
1042 3397 1090 3452 si
1120 3397 1305 3454 modo
1329 3402 1386 3453 et
1418 3397 1549 3471 ipse
1580 3397 1793 3454 melior
1820 3412 1893 3454 ex
1919 3398 2226 3471 suppliciis

578 3485 815 3539 futurus
858 3485 949 3547 sit,
992 3490 1050 3541 et
1086 3485 1235 3542 alios
1280 3486 1558 3543 meliores
1605 3487 1871 3543 facturus
1922 3486 2223 3559 exemplo.

581 3574 882 3639 Quoniam
937 3574 1119 3644 igitur
1160 3578 1447 3631 statutum
1495 3582 1605 3641 est,
1651 3579 1717 3632 ut
1772 3575 2226 3648 septemplicem

581 3663 722 3719 Cain
742 3662 1073 3737 adimpleat
1099 3670 1484 3737 peccatorum
1512 3681 1777 3738 poenam,
1811 3665 2118 3731 dissolvet,
2140 3666 2226 3721 in-

579 3752 727 3825 quit,
760 3753 823 3808 id
850 3753 1019 3826 quod
1059 3753 1264 3811 divino
1300 3754 1531 3826 judicio
1572 3755 1647 3811 de
1672 3771 1743 3811 eo
1783 3755 2089 3811 decretum
2115 3759 2224 3824 est,

577 3842 683 3915 qui
712 3857 851 3898 eum
882 3842 1132 3899 occidet.
1165 3846 1297 3900 Haec
1325 3848 1414 3901 est
1449 3844 1741 3903 sententia
1769 3861 1882 3902 sua
1911 3848 2124 3915 sponte
2152 3859 2225 3900 ex

578 3930 775 4001 prima
798 3930 1048 3988 lectione
1077 3931 1252 3988 nobis
1280 3948 1623 3990 occurrens.

647 4198 698 4251 3.
742 4192 857 4251 Sed
900 4194 1045 4267 quia
1091 4195 1243 4253 solet
1272 4197 1577 4269 profunda
1625 4202 1878 4256 scrutari
1908 4201 2225 4258 hominum

575 4283 798 4341 laboris
814 4284 1148 4341 amantium
1172 4286 1434 4357 animus,
1448 4288 1660 4359 quaerit
1673 4289 1983 4359 quomodo
2000 4290 2229 4360 justitia

578 4373 638 4429 in
665 4372 1035 4445 septemplici
1061 4375 1483 4446 adimpleatur,
1506 4380 1563 4432 et
1581 4376 1729 4448 quid
1752 4377 1871 4433 sint
1894 4380 1959 4430 τὰ
1987 4375 2227 4430 ἔκδικοι)-

2336 3226 2581 3297 ἡμαρτεν.
2616 3224 2691 3275 Ού
2720 3225 2823 3295 γάρ
2868 3223 2982 3275 ἔστι
3012 3219 3225 3275 δικαίου
3267 3231 3458 3297 κριτοῦ
3494 3227 3609 3283 ἴσας
3646 3222 3761 3294 πρὸς
3784 3221 3875 3273 ἴσας

2334 3313 2527 3385 ὁρίζειν
2556 3330 2651 3375 τας
2697 3308 2993 3373 ἀντιδόσεις
3018 3313 3128 3383 (25)
3154 3334 3167 3346 ·
3201 3311 3316 3365 ἀλλ’
3356 3312 3576 3385 ἀνάγκη,
3606 3313 3687 3362 τὸν
3719 3307 3875 3377 κατάρ-

2335 3403 2493 3464 ξαντα
2549 3410 2716 3454 κακοῦ
2770 3405 2901 3474 μετά
2946 3404 3257 3477 προσθήκης
3308 3404 3560 3456 ἀποτίσαι
3604 3402 3671 3454 τὰ
3718 3396 3873 3469 ὀφειλό-

2333 3510 2481 3563 μενα,
2535 3492 2579 3543 εὶ
2634 3492 2807 3564 μελλοι
2872 3491 3028 3554 αὐτὸς
3088 3511 3145 3544 τε
3205 3490 3427 3563 βελτίων
3489 3493 3603 3554 ταῖς
3656 3491 3875 3561 τιμωρίαις

2332 3582 2670 3651 γενήσεσθαι,
2718 3586 2809 3633 καὶ
2860 3584 2981 3642 τοὺς
3024 3581 3233 3642 λοιπούς
3288 3584 3727 3657 σωφρονοστὲρους
3761 3577 3875 3628 ποιέ-

2337 3688 2443 3721 σειν
2479 3672 2595 3740 (26)
2639 3678 2711 3741 τῷ
2761 3666 3127 3741 ὑποδείγματι.
3175 3671 3404 3735 Οὐκοῦν,
3454 3666 3630 3727 ἐπειδὴ
3681 3670 3871 3719 τέτακται

2334 3757 2545 3819 ἑπτάκις
2600 3758 2983 3834 ἀποπληρῶσαι
3037 3763 3133 3817 τὴν
3192 3754 3353 3817 δίκην
3403 3768 3504 3812 τῶν
3554 3758 3871 3831 ἡμαρτημένων

2332 3851 2420 3898 τόν
2466 3849 2616 3917 Κάῑν,
2654 3847 2968 3920 παραλύσει,
3016 3848 3169 3921 φησί,
3198 3856 3355 3901 τοῦτο
3397 3852 3453 3901 τὸ
3500 3850 3599 3901 ὑπὸ
3643 3854 3728 3905 τῆς
3770 3843 3870 3895 θείας

2333 3940 2554 4007 κρίσεως
2616 3936 2693 3989 ἐπ’
2753 3937 2895 4007 αύτῷ
2952 3932 3337 4010 δεδογμένον,ὁ
3395 3936 3687 3995 ἀποκτείνας
3738 3931 3871 3983 αὐτόν.

2334 4026 2501 4086 Οὗτός
2545 4024 2685 4078 ἐστιν
2722 4027 2749 4077 ὀ
2791 4033 2908 4087 νοῦς
2951 4028 2977 4077 ὁ
3026 4026 3252 4078 ἐντεῦθεν
3281 4025 3387 4078 ἀπὸ
3420 4035 3515 4087 τῆς
3559 4032 3753 4097 πρώτης
3776 4017 3869 4070 ἀπ’

2332 4121 2568 4183 γνώσεως
2596 4117 2721 4181 ἡμῖν
2745 4118 3107 4189 προσπίπτων.

2406 4206 2458 4259 3.
2501 4199 2713 4261 Ἐπειδή
2756 4200 2817 4256 δέ
2856 4202 3063 4276 ἕρευνᾷν
3109 4208 3303 4275 πέφυκε
3344 4206 3413 4257 τὰ
3460 4203 3599 4277 βάθη
3646 4210 3735 4254 τῶν
3770 4195 3871 4269 φιλο-

2334 4297 2633 4367 πονωτέρων
2684 4295 2713 4350 ἡ
2772 4288 3001 4359 διάνοια,
3052 4292 3306 4358 ἐπιζητεῖ,
3356 4297 3415 4345 τὸ
3466 4290 3664 4345 δίκαιον
3705 4295 3797 4347 πῶς
3838 4281 3871 4332 θ’

2334 4388 2408 4451 τῷ
2466 4381 2679 4442 ἑπτάκις
2735 4380 3152 4454 ἀποπληρούται,
3206 4387 3387 4435 καὶτί
3446 4386 3511 4434 τὰ
3565 4377 3870 4448 ἐκδικούμεναν

581 4481 725 4535 μενοι,
766 4467 966 4519 utrum
1004 4470 1252 4536 peccata
1282 4470 1532 4536 septem,
1560 4480 1639 4521 an
1665 4482 1856 4521 unum
1886 4476 2224 4538 peccatum,

2336 4472 2549 4544 πότερον
2598 4472 2666 4522 τὰ
2719 4470 3081 4544 ἁμαρτηθέντα
3135 4471 3265 4523 ἑπτά
3326 4470 3491 4539 ἔστιν,
3544 4470 3573 4529 ἦ
3633 4468 3677 4521 ἓν
3718 4468 3792 4539 μὲν
3832 4460 3873 4509 τὸ

582 4556 638 4606 et
663 4555 893 4623 septem
913 4568 1023 4625 pro
1046 4569 1167 4609 uno
1188 4554 1521 4625 supplicia?
1544 4556 1789 4627 Semper
1811 4555 2058 4628 quidem
2084 4558 2230 4613 Scri-

579 4645 759 4711 ptura
777 4643 1197 4700 remissionem
1212 4649 1595 4715 peccatorum
1616 4661 1870 4703 numero
1890 4648 2229 4719 septenario

578 4726 809 4785 deﬁnit.
843 4731 1101 4798 Quoties,
1130 4731 1339 4805 inquit,
1368 4734 1639 4803 peccabit
1681 4736 1744 4790 in
1788 4751 1878 4791 me
1922 4736 2141 4804 frater,
2172 4743 2229 4792 et

578 4818 879 4874 remittam
910 4820 1009 4875 illi
1039 4821 1265 4889 (Petrus
1312 4828 1403 4878 est
1436 4823 1540 4895 qui
1571 4821 1699 4879 haec
1739 4823 1991 4881 Domino
2020 4822 2227 4893 dicit)?

648 4942 671 4975 ⁶
711 4942 853 4999 Gen.
885 4957 960 5009 ιγ,
998 4948 1082 4999 15.
1158 4947 1176 4978 ⁷
1220 4945 1416 5002 lTim.
1450 4962 1525 5012 Iv,
1562 4952 1647 5003 t3.

618 5064 760 5155 ~(19)
800 5072 926 5141 Περὶ
961 5070 1051 5127 τὰς
1080 5068 1413 5131 Ἐκκλησίας.
1448 5071 1546 5127 Sic
1564 5086 1716 5127 mss.
1743 5076 1899 5130 οοῑο.
1932 5071 2082 5129 Εάἱίί
2110 5079 2226 5148 περὶ

576 5154 693 5196 της.

647 5212 764 5277 (20)
801 5211 1081 5281 Τιμοθέου.
1148 5212 1287 5267 Post
1335 5211 1495 5267 hanc
1551 5229 1760 5271 vocem
1804 5214 2037 5270 addunt
2088 5215 2228 5271 editi

576 5288 759 5352 ποιῶν,
782 5281 947 5352 quod
970 5280 1182 5337 melius
1202 5281 1391 5338 multo
1412 5284 1623 5339 deesse
1651 5286 1846 5341 visum
1874 5292 1964 5341 est
1994 5286 2052 5342 in
2082 5287 2231 5341 duo-

576 5349 701 5424 lgus‘
737 5349 956 5423 Regiis,
1004 5353 1190 5422 Bigot.
1236 5353 1444 5424 altero,
1492 5356 1665 5412 Coisl.
1713 5357 1981 5414 secundo
2014 5363 2072 5415 et
2108 5374 2231 5416 uno

580 5421 940 5481 Colbertino.

654 5496 761 5571 (2t)
804 5496 1117 5571 ξΕϐάρησαν.
1153 5495 1330 5552 Coisl.
1355 5496 1586 5569 primus
1615 5498 1883 5571 ἐϐάρυναν.

650 5568 1135 5640 (22)-Ἐπανάγεις.
1198 5571 1284 5625 Ita
1342 5568 1462 5625 tres
1520 5568 1908 5628 vetustissimi
1972 5573 2233 5630 codices.

582 5639 734 5696 Editi
760 5635 1101 5710 ἔπανὴγαγες.

2338 4558 2647 4633 ἁμάρτημα,
2698 4560 2827 4613 ἐπτὰ
2878 4556 2936 4613 δὲ
2990 4559 3072 4613 ἐπὶ
3131 4567 3205 4631 τῷ
3263 4559 3337 4612 ἐνὶ
3388 4563 3445 4614 αἱ
3499 4559 3750 4621 κολάσεις;
3796 4550 3873 4601 ’Λεὶ

2337 4652 2428 4719 μὲν
2482 4645 2571 4701 οὖν
2615 4651 2645 4707 ἠ
2700 4653 2872 4721 Γραφὴ
2915 4652 3003 4701 τὸν
3047 4658 3141 4709 τῆς
3189 4648 3419 4721 ἀφέσεως
3470 4658 3567 4702 τῶν
3609 4639 3873 4719 ἁμαρτημάο

2337 4756 2436 4789 των
2487 4738 2707 4809 ἀριθμὸν
2754 4738 2803 4790 ἐν
2847 4746 2952 4798 τοῖς
2996 4738 3126 4790 ἑπτὰ
3172 4740 3480 4812 περιορίζει,
3529 4736 3742 4795 Ποσάκις
3771 4726 3870 4797 (27)*

2339 4830 2539 4899 φησιν,
2603 4828 2897 4899 ἁμαρτήσει
2963 4828 3033 4887 εἰς
3102 4826 3184 4898 ἐμὲ
3261 4828 3287 4878 ὁ
3351 4823 3571 4898 ἀδελφός
3629 4842 3755 4896 μου,
3808 4832 3870 4865 και

2409 5078 2523 5143 (23)
2566 5070 2973 5137 Ἐπιδέξασθαι.
3030 5073 3311 5143 Nonnulli
3371 5072 3605 5129 codices
3656 5058 3870 5120 ἐπιδείξα-

2338 5142 2483 5201 σθαι.
2516 5147 2774 5212 Quidam
2804 5146 2903 5201 alii
2930 5142 3330 5208 ὑποδείξασθαι.

2408 5200 2912 5288 (ἓξῖἋποόοῡνᾶι.
2935 5223 3018 5274 Ita
3042 5200 3195 5273 Harl.
3220 5224 3277 5273 et
3306 5216 3480 5274 Coisl.
3502 5215 3732 5288 primus.
3756 5200 3870 5261 led-

2338 5286 2679 5343 ἀποδιδόναι.
2711 5288 2859 5345 Editi
2889 5287 3094 5343 δοῦναι.

2413 5362 2526 5443 (ἳᾷ)
2570 5356 2911 5443 Ἀντιτῗόσεια
2943 5365 3027 5416 Ita
3044 5359 3216 5443 “Harl.
3246 5363 3303 5415 et
3329 5358 3499 5416 Coisl.
3526 5356 3737 5430 primus
3763 5356 3868 5401 cum

2342 5431 2673 5501 Anglicano
2706 5435 2762 5486 et
2788 5448 2912 5488 uno
2943 5447 3015 5486 ex
3044 5431 3263 5502 Regiis.
3497 5499 3508 5502 _
3734 5491 3761 5502 η

2416 5496 2527 5572 (‘26)
2579 5509 2843 5561 Ποιὴσιιν.
2898 5502 3059 5561 Multi
3114 5496 3351 5559 codices
3413 5499 3513 5557 sed
3566 5496 3868 5554 recentiores

2343 5582 2530 5629 ποιεῖν.

2416 5624 2535 5718 (ᾗ)
2575 5648 2830 5736 Πφσάκις.
2877 5644 3029 5704 Editi
3081 5645 3315 5706 addunt
3357 5646 3478 5718 γὰρ,
3523 5652 3647 5713 qua
3695 5624 3865 5690 vocula
