4050 6220
526 318 632 376 959

1879 317 1935 375 S.
1986 314 2234 375 BASILII
2273 314 2489 373 MAGNI

3749 318 3838 374 960

528 457 637 514 me,
667 440 893 500 occidet
917 455 1028 498 me.
1067 441 1340 513 Arguens
1386 440 1543 500 illius
1573 455 1836 499 errorem
1877 441 2180 514 Scriptura

2300 438 2491 512 ἐλέγχει
2519 436 2629 509 (34)
2653 435 2813 491 αὐτοῦ
2829 439 2888 490 τό
2913 435 3124 510 σφάλμα
3149 436 3175 489 6
3203 435 3348 508 λόγος
3364 435 3541 508 λέγων,
3565 436 3678 508 Οὐχ
3703 442 3834 509 οὕτω,

529 530 690 602 dicit,
719 531 858 587 Non
886 529 990 598 sic,
1023 529 1086 587 id
1106 534 1218 600 est,
1249 546 1374 588 non
1393 530 1706 588 occideris.
1733 532 1988 587 Lucrum
2019 530 2180 587 enim

528 635 694 678 mors
721 624 810 677 est
829 620 922 676 his
948 619 1052 693 qui
1072 621 1424 693 puniuntur,
1447 619 1810 678 solutionem
1833 619 2088 676 atterens
2107 635 2181 676 ex

529 709 840 766 molestiis.
874 707 989 766 Sed
1019 709 1368 781 produceris
1426 710 1489 766 in
1534 709 1678 779 vita,
1711 712 1775 765 ut
1805 724 1914 781 pro
1956 708 2182 764 meritis

528 803 916 874 peccatorum
945 799 1353 872 rependantur
1401 798 1507 856 tibi
1538 798 1853 872 supplicia.
1887 797 2184 864 Quoniam

528 887 711 959 igitur
738 887 887 945 illud
929 885 1296 960 ἐκδικούμινον
1344 887 1568 962 duplici
1597 903 1779 944 sensu
1815 887 2182 958 intelligitur,

530 993 751 1050 nempe
781 981 1121 1050 peccatum,
1142 977 1239 1034 cui
1268 977 1529 1034 vindicta
1556 977 1861 1048 infligitur,
1885 981 1938 1033 et
1960 975 2183 1034 modus

533 1066 830 1139 supplicii,
862 1081 968 1139 per
995 1065 1162 1140 quod
1183 1066 1450 1124 vindicta
1475 1085 1488 1134 ;
1511 1067 1829 1123 videamus
1858 1081 1936 1122 an
1954 1071 2185 1139 septem

535 1154 972 1228 suppliciorum
1017 1154 1185 1213 modi
1231 1154 1437 1213 inﬂicti
1491 1155 1712 1214 fuerint
1765 1154 1840 1222 ei,
1871 1155 1977 1228 qui
2025 1153 2184 1212 male

531 1243 775 1303 fecerat.

603 1335 658 1389 ε.
689 1334 927 1405 Septem
947 1332 1194 1406 quidem
1206 1336 1454 1406 peccata
1475 1332 1638 1390 Caini
1651 1332 1924 1407 superior
1942 1348 2187 1391 enume.

533 1421 689 1479 ravit
715 1421 926 1478 oratio.
971 1425 1138 1479 Nunc
1189 1425 1390 1479 autem
1442 1422 1768 1494 querimus
1811 1437 1891 1478 an
1939 1426 2190 1496 septena

535 1510 670 1579 sint,
698 1525 836 1582 quae
884 1509 1000 1582 ipsi
1047 1510 1128 1566 ad
1169 1509 1536 1583 supplicium
1576 1511 1940 1579 inferuntur;
1973 1527 2044 1568 ac
2101 1511 2188 1567 sic

535 1597 910 1655 disserimus.
941 1599 1330 1670 Interrogavit
1356 1599 1645 1656 Dominus
1669 1601 1712 1636 “
1747 1617 1761 1657 :
1793 1601 1905 1658 Ubi
1925 1603 2008 1657 est
2035 1600 2190 1658 Abel

530 1688 734 1758 frater
754 1689 940 1746 tuus?
968 1689 1135 1761 quod
1154 1689 1405 1762 quidem
1435 1704 1558 1746 non
1579 1689 1808 1747 discere
1837 1690 2067 1759 volens,
2085 1687 2191 1746 sed

2287 531 2578 594 τουτέστιν,
2619 525 2712 578 οῦκ
2743 525 3084 602 ἂναιρεθήσῃ.
3137 522 3332 598 Κέρδος
3356 527 3459 599 γὰρ
3515 531 3620 587 τοῖς
3647 526 3838 588 κολαζοο

2288 621 2460 692 μένοις
2485 619 2511 670 6
2544 618 2776 686 θάνατος,
2799 614 3101 687 ἀπαλλαγὴν
3125 619 3284 688 φέρων
3309 624 3404 668 τῶν
3433 615 3688 687 λυπηρῶν.
3713 616 3839 670 Ἀλλὰ

2287 707 2640 781 παραταθήση
2678 713 2750 777 τῷ
2791 703 2916 778 βίῳ,
2950 706 3031 758 ἶνα
3056 704 3172 758 κατ’
3203 702 3346 767 ἀξίαν
3370 712 3470 757 τῶν
3507 706 3839 776 ἡμαρτημένων

2291 796 2640 868 ἀντιμετρηθῇ
2693 813 2774 848 σοι
2804 796 2870 847 τὰ
2915 791 3262 866 κολαστήρια.
3295 789 3507 851 ἐπειδη
3557 789 3614 845 δι
3650 796 3703 845 τὸ
3731 791 3842 847 ἐκδι-

2291 888 2536 958 κούμενον
2581 880 2749 956 διχῶς
2799 890 3012 950 νοεῖται,
3057 887 3116 935 τό
3173 901 3226 935 τε
3273 882 3590 955 ἁμαρτηθεν,
3641 881 3710 954 ἐρ’
3817 885 3838 941 ἡ

2291 970 2592 1040 ἐκδίκησις,
2623 977 2715 1025 καὶ
2743 974 2770 1025 6
2822 975 3010 1048 τρόπος
3039 981 3136 1034 τῆς
3164 970 3444 1040 κολάσεως,
3474 967 3532 1024 δι
3561 971 3617 1024 οῦ
3667 973 3693 1029 ἡ
3725 970 3844 1024 ἐκδί-

2291 1079 2480 1125 κησις·
2530 1059 2727 1135 ἴδωμεν
2775 1061 2819 1115 εἰ
2867 1060 2996 1115 έπτὰ
3032 1065 3218 1134 τρόποι
3267 1058 3693 1136 βασανιστηρίων
3743 1059 3846 1120 ἐπη-

2291 1154 2561 1226 νέχθησαν
2590 1153 2703 1223 (35)
2731 1158 2804 1222 τῷ
2833 1154 3289 1226 πονηρευσαμένῳ.

2365 1334 2420 1387 4.
2477 1332 2555 1384 Τὰ
2620 1331 2712 1403 μὶν
2773 1325 2862 1382 οὖν
2917 1328 3046 1382 έπτὰ
3091 1326 3448 1402 ἁμαρτήματα
3505 1333 3596 1380 τοῦ
3654 1329 3768 1380 ldis
3815 1326 3853 1378 ἐν

2294 1426 2396 1481 τοῖς
2415 1423 2636 1472 κατόπιν
2665 1419 2692 1470 6
2739 1416 2888 1489 λόγος
2917 1415 3348 1492 ἁπηριθμήσατο.
3381 1423 3490 1469 Νῦν
3532 1411 3589 1469 δι
3641 1419 3853 1487 ζητοῦμεν

2298 1511 2340 1564 εἰ
2391 1509 2519 1562 έπτά
2569 1506 2680 1561 ἐστι
2735 1510 2803 1560 τὰ
2848 1506 2920 1569 εἰς
2974 1506 3188 1560 κόλασιν
3237 1505 3380 1578 αὐτῷ
3438 1505 3739 1578 έπαγόμενει,
3783 1509 3854 1556 καί

2299 1617 2460 1672 φαμεν
2487 1597 2652 1658 οὕτως
2702 1597 2834 1667 (36).
2883 1597 3028 1650 Μετὰ
3071 1599 3165 1654 τὴν
3196 1601 3383 1648 πεῦσιν
3413 1601 3507 1648 τοῦ
3539 1599 3743 1667 Κυρίου,
3769 1600 3855 1646 Ποῦ

2297 1687 2456 1742 ’Δϐελ
2504 1688 2532 1740 6
2581 1683 2800 1759 ἁδελφός
2845 1704 2985 1753 σονς
3044 1686 3106 1745 ἣν
3161 1684 3292 1757 οῦχὶ
3327 1686 3514 1758 μαθεῖν
3569 1683 3856 1757 βουλόμενος,

536 1777 903 1849 paenitentia:
951 1778 1033 1834 illi
1089 1779 1470 1836 occasionem
1535 1779 1834 1852 praebens,
1893 1779 2190 1851 benignus

2301 1776 2429 1830 ἁλλὰ
2457 1781 2732 1850 μετανοίας
2760 1773 2900 1847 αὐτῷ
2952 1772 3188 1848 ἀφορμήν
3226 1778 3608 1848 παρεχόμενος,
3646 1775 3671 1826 6
3716 1773 3856 1846 φιλάν-

540 1865 828 1923 Dominus
865 1867 1160 1940 quaesivit,
1219 1872 1284 1924 ut
1332 1867 1754 1926 demonstrant
1805 1869 1938 1942 ipsa
1982 1869 2188 1930 verba.

538 1957 864 2027 Postquam
894 1955 1055 2011 enim
1095 1955 1339 2025 negavit
1381 1955 1498 2028 ille,
1532 1956 1648 2012 cito
1695 1958 1912 2028 arguit,
1942 1956 2190 2014 dicens:

539 2044 665 2099 Vox
693 2044 1010 2113 sanguinis
1049 2044 1272 2114 fratris
1322 2045 1415 2100 tui
1459 2045 1685 2102 clamat
1721 2045 1805 2102 ad
1839 2060 1948 2102 me.
2001 2046 2194 2112 Quare

540 2130 708 2200 illud,
731 2133 842 2190 Ubi
860 2133 1110 2190 estAbet
1127 2135 1479 2204 fratertuus
1497 2133 1524 2189 ?
1549 2134 1932 2191 occasionem
1945 2133 2197 2194 eidabat

540 2221 946 2294 persentiendi
968 2221 1220 2294 peccati,
1253 2237 1374 2278 non
1403 2224 1522 2278 Deo
1552 2222 1958 2292 cognitionem
1984 2222 2195 2280 affere-

537 2308 663 2368 bat.
701 2313 849 2367 Nam
883 2311 932 2366 si
975 2311 1266 2367 caruisset
1294 2311 1661 2383 inspectione
1689 2311 1811 2381 Dei,
1841 2317 2195 2385 praetextum

539 2398 872 2471 habuisset,
907 2403 972 2456 ut
998 2399 1338 2466 derelictus,
1388 2416 1499 2457 nec
1547 2401 1668 2458 ullo
1695 2401 2020 2459 instructus
2050 2418 2202 2476 pt‘tB-

540 2488 693 2545 sidio
747 2489 826 2545 ad
883 2489 1320 2562 paenitentiam.
1367 2493 1533 2546 Nunc
1587 2494 1789 2546 autem
1839 2491 2121 2564 apparuit
2145 2476 2200 2547 ei

539 2577 833 2643 medicus,
859 2583 924 2634 ut
950 2577 1031 2634 ad
1057 2594 1197 2634 eum
1225 2583 1487 2649 aegrotus
1519 2579 1848 2649 confugiat.
1872 2579 1970 2635 llle
1994 2584 2197 2636 autem

540 2682 665 2724 non
691 2666 874 2724 modo
901 2667 1079 2740 398
1103 2667 1422 2730 abscondit
1452 2667 1646 2736 ulcus,
1686 2667 1794 2724 sed
1825 2667 1989 2724 aliud
2027 2668 2198 2726 insu-

539 2770 649 2828 per
693 2755 889 2822 efﬁcit,
923 2756 1073 2813 caedi
1119 2755 1509 2813 mendacium
1556 2756 1922 2828 adjungens,
1951 2758 2189 2815 Nescio.

538 2845 699 2902 Num
728 2852 921 2902 custos
946 2847 1171 2917 fratris
1196 2847 1313 2903 mei
1346 2862 1478 2902 sum
1511 2861 1616 2918 ego
1637 2851 1662 2900 2’
1710 2845 1854 2903 lnde
1895 2848 2022 2918 jam
2050 2863 2198 2904 enu-

538 2950 706 2992 mera
726 2935 1040 3008 supplicia.
1073 2935 1396 2992 Maledicta
1421 2941 1586 2992 terra
1615 2943 1865 3006 propter
1895 2943 1968 2993 te.
2003 2939 2197 2994 Unum

538 3025 921 3098 supplicium.
949 3025 1303 3096 Operaberis
1336 3031 1583 3082 terram.
1607 3024 1780 3081 Aliud
1807 3025 2175 3098 supplicium

2304 1867 2505 1941 θρωπος
2557 1868 2825 1926 Δεσπότης
2889 1869 3222 1936 προσήγαγεν
3255 1906 3271 1931 ,
3336 1865 3409 1925 ὡς
3458 1858 3610 1921 δηλοί
3653 1862 3772 1914 αὐτὰ
3806 1865 3858 1914 τὰ

2300 1956 2532 2030 ῥήματα.
2595 1955 2978 2027 Ἀρνησαμένου
3043 1954 3145 2027 γὰρ
3197 1951 3382 2023 αὐτοῦ,
3455 1955 3624 2024 ταχὺν
3673 1958 3859 2004 ποιεῖται

2302 2048 2389 2098 τόν
2446 2043 2683 2116 ἔλεγχον,
2742 2043 2923 2096 εἰπών’
2981 2046 3123 2100 Φωνὴ
3175 2041 3403 2114 αἵματος
3432 2048 3526 2096 τοῦ
3555 2037 3759 2113 ἀδελφοῦ
3785 2059 3858 2094 σου

2306 2133 2411 2208 βοᾷ
2473 2137 2604 2206 πρός
2649 2137 2732 2205 μέ.
2762 2131 2920 2186 Ὠστε
2965 2133 3049 2198 τό,
3089 2137 3198 2184 Ποῦ
3229 2129 3391 2184 ’Ἅϐελ
3439 2133 3466 2184 6
3524 2128 3729 2203 ἁδελφός
3755 2146 3858 2194 eos;

2305 2225 2479 2295 ἑκείνῳ
2510 2221 2747 2297 ἀφορμὴν
2777 2217 2962 2274 ἐδίδου
3011 2227 3105 2283 τῆς
3164 2222 3562 2282 συναισθήσεως
3601 2227 3686 2273 τοῦ
3727 2221 3862 2291 ήμειρ·

2305 2317 2550 2386 τημένου,
2593 2312 2650 2364 οῦ
2709 2318 2782 2382 τῷ
2829 2317 2944 2381 Θεῷ
2994 2308 3183 2381 έγίνετο
3233 2306 3592 2372 διδασκαλίας
3641 2310 3860 2382 πρόξενον.

2308 2403 2371 2456 Εἰ
2393 2404 2494 2476 γὰρ
2544 2405 2616 2475 μὴ
2671 2403 2854 2472 ἔτυχεν
2885 2397 3176 2461 ἕπεσκοπῆς
3227 2406 3391 2468 Θεοῦ,
3444 2396 3584 2472 εἶχεν
3613 2398 3668 2450 ἂν
3694 2401 3860 2472 πρόφα-

2310 2509 2392 2544 σιν
2423 2493 2487 2551 ὡς
2535 2488 3070 2562 ἐγκαταλελειμμένος,
3101 2491 3191 2540 καὶ
3227 2483 3489 2560 οὐδεμίαν
3536 2487 3696 2541 λαϐὼν
3741 2485 3866 2558 am.

2307 2585 2412 2655 μὴν
2469 2579 2536 2642 εἰς
2582 2581 2876 2653 μετάνοιαν.
2917 2584 3024 2631 Νῦν
3063 2575 3123 2630 δὲ
3171 2577 3406 2650 ἐπεφάνη
3461 2577 3602 2649 αὐτῷ
3639 2578 3664 2629 ό
3709 2575 3865 2650 ἰατρὸς,

2310 2673 2393 2722 ἶνα
2419 2671 2700 2744 προσφύγῃ
2753 2667 2894 2733 αὐτῷ
2925 2669 3037 2738 (37)
3087 2668 3112 2719 6
3151 2665 3380 2720 ἀσθενῶν
3402 2709 3416 2722 .
3447 2665 3506 2720 Ὀ
3565 2663 3622 2720 δι
3674 2665 3726 2718 οὔ
3752 2670 3870 2736 μόνον

2307 2757 2366 2812 οὐ
2398 2758 2529 2830 (37')
2562 2759 2780 2830 κρύπτει
2799 2759 2856 2809 τὸ
2887 2755 3049 2818 ἕλκος,
3085 2753 3216 2807 ἀλλὰ
3244 2759 3336 2808 καὶ
3363 2756 3548 2832 ἕτερον
3577 2755 3871 2830 προσεξεργάο

2311 2847 2476 2914 ξεται,
2508 2855 2580 2917 τῷ
2607 2850 2740 2919 φόνῳ
2765 2849 2823 2898 τὸ
2859 2841 3056 2917 ψεῦδος
3085 2844 3483 2909 έπισυνάπτων,
3519 2844 3625 2898 Οὐκ
3647 2840 3778 2900 οἶδα.
3806 2845 3867 2898 Mi

2310 2935 2475 3010 φύλαξ
2519 2943 2611 2988 τοῦ
2669 2932 2894 3008 ἀδελφοῦ
2951 2953 3052 3007 μου
3121 2933 3226 3007 εἰμὶ
3284 2933 3430 3006 έγὼ;
3501 2934 3742 2988 Ἐντευθεν
3793 2930 3872 2981 λοι-

2307 3045 2404 3078 πον
2459 3023 2668 3100 ἀρίθμει
2731 3026 2844 3094 (38)
2911 3025 3004 3086 τὰς
3071 3027 3346 3096 τιμωρίας.
3415 3019 3867 3097 Ἐπικατάρατοςὲ

538 3114 874 3172 Necessitas
897 3115 1057 3172 enim
1080 3130 1305 3171 arcana
1324 3113 1606 3188 quaedam
1635 3114 1919 3187 imposita
1947 3114 2029 3171 illi
2051 3119 2190 3185 erat,

2311 3122 2376 3186 γῆ
2435 3113 2535 3168 ἀπὸ
2594 3120 2708 3166 σοῦ.
2765 3116 2877 3166 Μία
2924 3111 3160 3174 κόλασις.
3197 3112 3356 3185 Ἐργᾷ
3401 3117 3492 3172 τήν
3538 3121 3652 3185 γῆν.
3697 3113 3872 3181 Δευτέρα

539 3203 618 3260 ad
646 3220 800 3277 opus
831 3205 1209 3274 agriculturae
1235 3218 1482 3274 urgens,
1515 3203 1599 3259 ita
1623 3207 1686 3258 ut
1713 3219 1790 3260 ne
1820 3203 2042 3260 volenti
2072 3205 2200 3278 qui.

537 3291 677 3349 dem
691 3292 1410 3366 liceretreqniescere,sed
1424 3308 1662 3366 semper
1674 3293 2038 3350 cruciaretur
2055 3309 2197 3351 eum

538 3380 783 3438 inimica
817 3397 928 3437 sua
966 3386 1144 3452 terra,
1167 3397 1356 3454 quam
1387 3380 1772 3439 maledictam
1804 3383 1933 3456 ipse
1975 3381 2090 3439 sibi
2119 3382 2202 3441 fe-

538 3474 719 3537 cerat,
752 3469 1027 3542 polluens
1049 3486 1183 3527 eam
1210 3471 1472 3528 fraterno
1505 3472 1819 3541 sanguine.
1846 3472 2200 3543 Operaberis

537 3572 681 3628 ergo
712 3564 961 3616 terram.
992 3561 1180 3616 Grave
1216 3559 1604 3632 supplicium,
1630 3575 1768 3616 cum
1798 3560 1892 3630 iis,
1923 3561 2029 3633 qui
2060 3561 2200 3619 odio

535 3647 782 3716 habent,
805 3647 1043 3719 degere,
1072 3647 1354 3705 comitem
1375 3648 1600 3706 habere
1622 3649 1882 3718 hostem,
1913 3649 2199 3723 implaca-

533 3735 719 3794 bilem
747 3737 1082 3797 inimicum.
1118 3738 1475 3808 Operaberis
1519 3745 1782 3807 terram;
1831 3737 1946 3796 hoc
1981 3743 2087 3805 est,
2112 3740 2198 3796 in-

537 3831 734 3884 tentus
760 3828 839 3885 ad
877 3843 1064 3903 opera
1094 3827 1502 3900 agriculturae,
1544 3827 1780 3884 nullum
1829 3831 2068 3902 tempus
2108 3844 2197 3886 re-

535 3918 755 3985 mittes,
807 3934 918 3975 nec
971 3923 1146 3976 nocte
1188 3934 1301 3975 nec
1355 3917 1451 3975 die
1500 3918 1732 3975 solutus
1777 3934 1814 3976 a
1859 3917 2196 3988 laboribus,

537 4007 644 4063 sed
669 4007 919 4064 domino
948 4007 1220 4081 quodam
1250 4006 1470 4064 acerbo
1518 4006 1928 4064 molestiorem
1957 4007 2192 4064 habens

536 4109 826 4151 arcanam
851 4095 1292 4158 necessitatem,
1319 4095 1398 4151 ad
1429 4111 1616 4167 opera
1639 4099 1695 4153 te
1723 4095 2089 4153 incitantem.
2112 4097 2192 4153 Et

535 4199 658 4240 non
687 4183 933 4253 adjiciet
971 4186 1122 4240 dare
1164 4186 1446 4241 virtutem
1495 4200 1690 4242 suam.
1723 4188 1916 4257 Atque
1958 4186 2192 4245 etiamsi

2310 3205 2469 3262 αῦτη.
2527 3203 2752 3274 Ἀνάγκη
2809 3203 2910 3275 γὰρ
2955 3221 3036 3264 τις
3081 3199 3308 3276 ἀρῥητος
3369 3202 3526 3273 αὐτῷ
3592 3201 3868 3263 συνέζευκτο,

2309 3296 2442 3368 πρὸς
2486 3294 2545 3347 τὸ
2594 3295 2740 3368 ἔργον
2797 3299 2893 3354 τῆς
2944 3300 3040 3364 γῆς
3096 3290 3252 3343 αὐτόν
3302 3295 3715 3364 κατεπείγουσαυ
3766 3289 3867 3339 ὥστε

2309 3379 2450 3456 μηδι
2505 3381 2802 3455 βουλομένῳ
2843 3380 2983 3452 αὐτῷ
3031 3379 3216 3443 ἐξεῖναι
3273 3377 3659 3450 ἀναπαύεσθαι,
3689 3375 3863 3431 mea

2308 3472 2462 3524 αὐτὸν
2520 3468 3103 3546 προπαλαιπωρείσθαι
3141 3475 3202 3540 τῇ
3259 3467 3438 3543 ἐχθρᾷ
3495 3469 3651 3522 αὐτοῦ
3693 3474 3772 3538 γῇ.
3817 3464 3860 3520 ἦν

2309 3559 2688 3634 έπικατάρατον
2737 3558 2892 3620 αὐτὸς
2932 3557 3097 3628 ἐαυτῷ
3148 3558 3262 3628 (39)
3308 3558 3548 3624 εποίησε,
3605 3560 3774 3630 μιάνας
3795 3551 3860 3604 αὖ·

2306 3653 2400 3708 τὴν
2452 3645 2713 3721 ἁδελφικῷ
2771 3648 2977 3719 αἵματι.
3042 3644 3199 3718 Ἐργᾲ
3275 3643 3366 3698 οὖν
3426 3652 3521 3706 την
3576 3656 3690 3718 γῆν.
3746 3647 3856 3696 Amr

2303 3742 2552 3812 τιμωρία,
2599 3739 2629 3794 ἠ
2672 3738 2802 3808 μετὰ
2847 3744 2946 3788 τῶν
2998 3737 3289 3807 μισούντων
3345 3732 3609 3808 διαγωγὴ,
3666 3736 3857 3787 σύνοικον

2303 3830 2445 3899 ἔχειν
2510 3825 2780 3898 πολέμιον,
2826 3826 3096 3877 ἄπαυστον
3141 3823 3334 3898 ἐχθρόν
3608 3825 3750 3898 Ἐργᾲ
3788 3824 3857 3874 τὴν

2301 3925 2441 3988 γῆν·
2489 3919 2748 3982 τουτέστι,
2805 3918 3227 3986 κατατεινόμενος
3275 3921 3389 3977 τοῖς
3433 3917 3600 3988 ἔργοις
3649 3919 3746 3972 τοίς
3767 3926 3859 3980 γει·

2300 4011 2549 4075 πονικοῖς,
2605 4001 2794 4057 οὐδένα
2839 4008 3032 4078 χρόνον
3081 4001 3313 4068 ἀνήσεις,
3370 4005 3491 4056 οὗτε
3547 4003 3721 4062 νυκτός
3769 3999 3858 4049 οὔτε

2301 4097 2498 4169 ἡμέρας
2559 4093 2858 4167 ἐκλυόμενος
2924 4092 2980 4146 έκ
3017 4100 3113 4144 τῶν
3165 4095 3333 4144 πόνων
3363 4133 3378 4159 ,
3452 4091 3581 4144 ἀλλὰ
3641 4088 3858 4144 δεσπότου

2299 4187 2439 4247 τινός
2489 4191 2677 4259 πικροῦ
2724 4181 3092 4255 χαλεπωτέραν
3132 4183 3270 4253 ἔχων
3325 4186 3423 4240 τήν
3481 4180 3696 4256 ἄρρητον

537 4270 687 4329 illud
715 4287 838 4328 non
885 4272 1292 4329 intermissum
1348 4288 1504 4344 opus
1561 4273 1824 4345 aliquem
1879 4272 2190 4334 habuisset

2300 4293 2416 4340 κην,
2448 4273 2531 4327 ἐπὶ
2558 4275 2624 4326 τὰ
2672 4275 2800 4348 ἔργα
2843 4289 2902 4324 σε
2932 4266 3325 4346 διεγείρουσαν.
3369 4274 3473 4324 Καὶ
3503 4269 3563 4323 οὗ
3605 4267 3855 4341 προσθήσει

535 4359 841 4426 fructum;
888 4359 1017 4434 ipse
1059 4359 1235 4420 labor
1277 4375 1402 4418 non
1449 4360 1770 4418 mediocris
1813 4360 2024 4419 fuisset
2059 4378 2188 4420 cru-

611 4557 657 4593 “
687 4557 831 4615 Gen.
857 4569 932 4623 ιγ,
963 4559 996 4613 9
1018 4571 1152 4631 sqq.

609 4750 1010 4825 (34))Ιελέγχιι.
1055 4750 1207 4825 Editi
1259 4751 1462 4825 ἐλέγχει
1515 4749 1595 4823 δὴ,
1651 4751 1757 4810 sed
1805 4751 1933 4810 haec
1971 4752 2187 4812 vocula

536 4821 707 4895 deest
731 4822 792 4878 in
810 4821 1045 4895 septem
1075 4821 1562 4882 codicibus'mss.

606 4893 720 4969 (r35)
808 4893 1235 4968 Ἐτὲηνέχθησαν.
1328 4896 1482 4953 Harl.
1559 4900 1617 4953 et
1694 4895 1871 4953 Coisl.
1953 4894 2187 4969 primus

538 4963 877 5036 ἐπήχθησαν.

609 5037 724 5107 (36)
755 5039 953 5098 Οῦτως.
998 5036 1084 5093 lta
1131 5040 1246 5092 tres
1295 5038 1682 5107 vetustissimi
1727 5037 1985 5096 codices.
2039 5036 2188 5095 Editi

537 5108 694 5191 057.0:
726 5109 866 5191 ng‘
907 5107 1378 5191 iid‘em‘codices
1431 5106 1653 5191 ἁδελφός
1703 5113 1798 5191 σοῦ
1837 5109 1984 5191 Δἐστιν
2015 5109 2189 5191 χούκξ

536 5180 739 5251 μαθεζν.
770 5181 948 5251 Totus
979 5177 1075 5234 hic
1103 5177 1270 5234 locus
1315 5195 1437 5236 non
1476 5177 1620 5237 satis
1653 5181 1928 5238 astrictus
1968 5186 2056 5237 est
2086 5177 2188 5237 :id

534 5249 702 5318 quod
735 5249 945 5305 Basilio
967 5264 1410 5321 nonnunquam
1433 5253 1681 5319 accidit;
1705 5269 1848 5308 nam
1881 5257 1945 5308 ut
1975 5253 2186 5308 verbo-

534 5321 1069 5395 rum_constrncti_o
1096 5322 1510 5395 perspiciaﬁtur,
1536 5323 1894 5395 cogitatione
1923 5324 2183 5395 interpo-

536 5340 672 5374 rum
705 5340 1069 5377 consrrncuo
1096 5340 1510 5392 persptcrarur,
1536 5340 1607 5379 co
1653 5340 1894 5379 natione
1923 5340 2183 5395 interpo-

535 5391 739 5479 nenda
758 5396 846 5449 est
865 5390 1545 5479 quaedampare‘nt‘hesis
1573 5340 1651 5478 alga
1677 5395 1727 5450 is
1751 5394 1953 5479 verbis.
1978 5395 2037 5453 ἦν
2060 5395 2186 5479 oili

535 5465 739 5550 μαθεῖν,
792 5461 982 5550 usque
1025 5463 1102 5547 {id
1146 5461 1247 5520 illa
1269 5463 1328 5516 Ὀ
1360 5461 1418 5516 δὲ
1446 5465 1505 5517 οῦ
1535 5467 1710 5548 μόνον,
1737 5465 1838 5547 .vel
1882 5465 2060 5521 etiam
2085 5461 2187 5523 illa

553 5535 791 5610 Εντευθεν
819 5534 996 5610 λοιπον
1027 5536 1258 5609 αριθμεί.
1296 5535 1412 5610 Sed
1434 5535 1588 5610 haec
1635 5552 1696 5594 ω
1733 5536 2184 5610 interpretando

535 5604 974 5676 perspicuitatis
1004 5604 1188 5666 causa
1209 5606 1614 5680 negleximus.

2298 4357 2483 4417 δοῦναι
2519 4366 2613 4422 τὴν
2647 4359 2806 4434 ἰσχὺν
2857 4359 3048 4422 αὐτῆς.
3103 4363 3285 4414 Καίτοι
3316 4359 3362 4414 εἰ
3411 4363 3504 4414 καὶ
3550 4361 3606 4413 τό
3630 4355 3853 4428 τῆςέργα·

2365 4757 2473 4828 (³7)
2516 4755 2686 4828 Αὐτῷ.
2745 4753 2935 4814 Multis
2985 4753 3048 4811 in
3095 4751 3407 4811 codicibus
3459 4744 3848 4811 recentioribus

2293 4827 2502 4970 dea?)
2547 4897 2776 4954 Habent
2807 4896 2989 4954 iidem
3018 4895 3257 4954 codices
3283 4895 3343 4950 οὗ
3372 4899 3527 4971 μόνον
3571 4893 3765 4969 κρύπτει
3803 4885 3848 4940 et

2295 4970 2380 5026 sic
2408 4971 2548 5041 legit
2574 4971 2884 5041 interpres.
3553 5035 3590 5041 __
3726 5023 3843 5041 Νη,

2365 5027 2765 5118 (ssi’mpteggz'.
2797 5045 2880 5118 Ita
2904 5043 3022 5118 tres
3045 5035 3705 5118 vetustis_s_i_mi_cod_ice_s.

2297 5097 2601 5186 ειπὶιριομιὲ.
2642 5097 2795 5186 ,Μοχη
2843 5109 3024 5186 iidem
3074 5115 3132 5166 et
3177 5110 3360 5186 multi
3411 5107 3689 5186 altrim.
3723 5097 3844 5186 suit}

2297 5177 2514 5258 ίργᾶσῃζ
2542 5181 2759 5239 Eadem
2783 5180 2938 5237 infra
2957 5183 3216 5237 occurrit
3237 5182 3489 5238 varietas
3516 5177 3586 5234 in'
3603 5177 3707 5231 hac
3725 5181 3842 5226 voce

2297 5255 2447 5311 inter
2474 5254 2668 5310 editos
2697 5259 2755 5309 et
2787 5270 2927 5309 mss.
2962 5251 3221 5308 codices.

2293 5268 2447 5312 mter
2474 5268 2668 5310 editos
2697 5268 2755 5309 ει
2787 5270 2927 5309 mss.
2962 5268 3221 5308 COUICOS.

2365 5328 2480 5396 (39)
2510 5326 2674 5387 Αὐτὸς
2699 5325 2886 5396 ἑαυτῷ,
2915 5326 3092 5379 Deest
3117 5323 3313 5396 prima
3329 5337 3444 5396 vo;
3469 5317 3532 5396 in
3562 5311 3842 5396 multis‘re-

2294 5380 3012 5454 cenitioribus'codiéibus.
3042 5380 3224 5452 Pa'ulo
3246 5397 3380 5466 post
3405 5390 3580 5448 iidem
3610 5399 3722 5443 non
3748 5380 3839 5437 ha-

2290 5467 3023 5544 δοιιιαρτὴνροεεμιάηας.
3299 5535 3313 5544 _
3396 5533 3427 5544 η
3566 5532 3574 5544 ,

2383 5541 2474 5610 ⁴θ)
2500 5531 2743 5612 Ἐχορόγ.
2774 5531 2886 5612 Pro
2930 5536 3247 5612 ἡδο-,γραεξ
3298 5533 3504 5606 legitur
3526 5532 3580 5584 τό
3608 5531 3750 5600 μίσος
3786 5531 3834 5575 ω

2288 5607 2480 5671 tribus
2507 5607 2922 5669 vetustissimis
2950 5607 3281 5666 codicibus.
