4074 6220
238 268 353 327 »965

1234 257 1719 325 EPISTOLARUK
1752 258 2038 322 CLASSIS
2065 261 2135 323 Π.
2174 265 2388 327 EPIST.
2423 270 2617 331 CCLX.

3497 274 3608 340 ,ω

248 388 478 453 θννατός
512 389 623 464 εἰμι
650 405 667 422 ⁸
708 390 738 442 ό
766 388 926 451 αὐτὸς
964 392 1057 441 καὶ
1090 386 1303 443 ἀσθενεῖ
1335 394 1425 444 καὶ
1466 388 1709 462 δύναται,
1742 388 1841 444 ἀλλ

1965 392 2080 461 est,
2110 390 2218 448 sed
2244 392 2588 453 inﬁrmatur
2614 396 2863 470 quidem
2896 392 3097 471 carne,
3132 392 3352 473 potens
3382 406 3474 461 est
3503 420 3613 462 au-

247 481 457 535 ἅσθενεῖ
485 484 577 554 μεν
612 486 679 552 τῇ
719 483 902 551 σαρκὶ,
935 474 1156 539 δυνατὸς
1183 475 1245 532 δέ
1283 478 1394 533 ἐστι
1440 489 1514 553 τῷ
1562 484 1843 553 πνεύματι.

244 572 403 623 οὕτω
453 575 545 623 καὶ
600 570 629 621 ὀ
660 570 848 643 Κύριος
886 567 1016 640 οὐχὶ
1054 575 1164 630 τοῖς
1219 571 1310 641 μὶν
1353 577 1445 622 τοῦ
1498 575 1705 623 πίπτειν
1757 571 1855 631 τὰς

248 660 495 733 ἀφορμὰς
545 661 791 731 παρέχει,
828 664 938 719 τοῖς
994 655 1055 710 ὄε
1103 665 1197 710 τοῦ
1246 657 1586 713 ἀνίστασθαι.
1626 659 1696 712 Oi
1749 662 1848 733 γὰρ

242 755 526 810 πίπτοντες
555 746 656 801 ἀπὸ
695 754 792 809 τῆς
831 749 1082 813 στάσεως,
1126 752 1176 799 έν
1302 764 1429 801 ποτε
1474 745 1633 813 ἦσαν,
1690 766 1850 801 κατα-

245 844 528 895 πίπτουσι.
570 835 731 896 Δῆλον
780 831 841 888 δὲ
868 836 952 888 ὅτι
1003 830 1251 889 οὐδέποτε
1300 842 1484 897 στήκει
1513 837 1623 909 (56)
1661 839 1689 890 ὁ
1720 838 1848 890 ἄπι-

243 945 391 999 στος,
432 925 517 980 ἀεὶ
566 929 747 998 χαμαὶ
786 929 1090 1000 συρόμενος,
1122 926 1256 997 μετὰ
1301 925 1399 977 τοῦ
1428 929 1610 998 ὄφεως,
1650 926 1691 997 ᾧ
1723 945 1849 978 συν-

241 1022 445 1071 έπεται.
476 1015 589 1069 Οὐκ
616 1018 735 1087 ἔχει
781 1011 870 1067 οὖν
922 1014 1036 1066 ὅθεν
1072 1017 1232 1080 πίση,
1284 1011 1379 1067 διὰ
1420 1018 1481 1067 τὸ
1518 1014 1845 1089 προκαταϐε-

236 1104 477 1165 ϐλῆσθαι
529 1112 594 1177 τῇ
668 1102 915 1176 ἀπιστίᾳ.
968 1102 1134 1156 Ὧστε
1187 1108 1367 1177 πρώτη
1432 1104 1702 1179 εὐεργεσία
1755 1107 1844 1156 τὸν

240 1199 512 1253 στήκοντα
563 1200 628 1267 τῇ
695 1193 931 1265 ἁμαρτίᾳ
995 1198 1171 1245 πεσεῖν
1234 1197 1325 1245 καὶ
1382 1190 1678 1261 ἀποθανεῖν,
1734 1190 1847 1245 εἶτα

230 1283 411 1344 ζῆσαι
458 1282 569 1348 (57)
623 1290 686 1354 τῇ
751 1278 1065 1352 δικαιοσύνῃ
1116 1284 1209 1333 καὶ
1256 1279 1567 1348 ἀναστῆναι,
1623 1289 1722 1343 τῆς
1772 1280 1846 1343 εἰς

238 1373 476 1446 Χριστὸν
538 1375 764 1431 πίστεως
815 1370 930 1441 (58)
982 1368 1221 1443 ἑκάτερον
1286 1366 1410 1441 ἡμῖν
1462 1372 1842 1444 χαριζομένης.

240 1465 484 1514 Πιπτέτω
527 1463 595 1513 τὰ
638 1463 876 1534 χείρονα,
918 1458 1002 1510 ἶνα
1055 1456 1187 1528 λάϐῃ
1244 1462 1426 1532 καιρὸν
1469 1461 1537 1512 τὰ
1604 1457 1846 1531 βελτίονα

240 1552 380 1622 πρὸς
436 1553 533 1607 τὴν
592 1547 905 1601 ἀνάστασιν.
957 1546 1074 1599 Ἐὰν
1121 1550 1195 1618 μὴ
1241 1552 1375 1621 πέσῃ
1427 1550 1457 1605 ἡ
1515 1552 1747 1620 πορνεία,
1809 1550 1839 1605 ἠ

238 1640 557 1711 σωφροσύνη
614 1637 712 1689 οὐκ
757 1635 1055 1691 ἀνίσταται.
1104 1634 1221 1688 Ἐὰν
1271 1640 1342 1709 μὴ
1398 1638 1429 1694 ἡ
1480 1634 1669 1708 ἀλογία
1724 1655 1844 1688 συν-

234 1727 419 1801 τριϐῇ,
481 1731 541 1779 τὸ
606 1725 909 1798 λογιστικὸν
971 1722 1021 1776 ἐν
1073 1726 1200 1796 ἡμῖν
1255 1725 1371 1796 (59)
1440 1724 1537 1778 οὐκ
1601 1723 1838 1783 ἀνθήσει.
1865 1732 1919 1810 ’Β

236 1817 426 1878 Οὖτως
473 1813 562 1868 οὖν
599 1818 673 1877 εἰς
708 1821 911 1868 πτῶσιν
967 1818 1058 1866 καὶ
1115 1811 1405 1867 ἀνάστασιν
1458 1812 1658 1866 πολλῶν
1702 1814 1840 1885 (60).

311 1908 366 1962 8.
436 1905 525 1970 Εἰς
586 1901 646 1959 δὲ
711 1910 928 1976 σημεῖον
997 1901 1405 1976 ἀντιλεγόμενον.
1476 1907 1677 1978 Κυρίως
1747 1923 1845 1960 σηο

233 2002 382 2067 μεῖον
433 1998 656 2067 ἰγνωμεν
705 1995 851 2068 παρὰ
908 2000 971 2065 τῇ
1031 1998 1206 2067 Γραφῇ
1261 1995 1349 2045 τὸν
1412 1996 1639 2068 σταυρὸν
1705 1992 1843 2066 εἰρη-

232 2089 409 2155 μένον.
466 2083 664 2141 Ἔθηκε
733 2083 856 2156 γὰρ,
933 2086 1088 2152 φησὶ,
1156 2087 1352 2143 Μωσῆς
1413 2084 1502 2135 τόν
1569 2085 1682 2154 ὅφιν
1758 2079 1845 2133 ἐπὶ

238 2177 467 2246 σημείου
497 2193 510 2206 ·
566 2175 860 2236 τουτέστιν,
914 2170 1001 2224 ἐπὶ
1063 2176 1315 2244 σταυροῦ·
1365 2168 1434 2223 ⁴Η
1475 2174 1689 2243 σημεῖόν
1728 2168 1846 2222 ἐστι

235 2266 297 2316 τὸ
345 2257 649 2335 παραδόξου
690 2264 828 2323 τινος
856 2264 946 2312 καὶ
984 2258 1211 2332 ἀφανοῦς
1246 2263 1555 2332 πράγματος
1585 2256 1843 2312 ἐνδεικτι-

237 2355 332 2405 κόν
381 2368 396 2381 ·
455 2352 717 2424 ὁρώμενον
764 2352 911 2423 παρὰ
962 2357 1063 2402 τῶν
1115 2348 1504 2421 ἁπλουστέρων,
1571 2352 1843 2420 νοούμενον

237 2438 304 2494 δε
353 2443 499 2516 παρὰ
542 2447 645 2493 τῶν
687 2438 944 2513 ἐντρεχῶν
979 2438 1095 2510 (61)
1122 2442 1216 2496 τήν
1272 2433 1531 2493 διάνοιαν.
1579 2436 1715 2490 Ἐπεὶ
1754 2432 1843 2489 οὖν

241 2532 307 2584 οὗ
368 2533 625 2584 παύονται
691 2529 1116 2601 ζυγομαχοῦντες
1170 2530 1290 2599 περὶ
1357 2535 1449 2587 τῆς
1518 2527 1845 2601 ἑνανθρωπή-

238 2639 373 2682 σεως
412 2624 503 2671 τοῦ
559 2621 756 2691 Κυρίου
785 2636 800 2649 ο
852 2618 901 2668 οἱ
939 2618 1030 2687 μεν
1076 2613 1399 2687 ἀνειληφέναι
1449 2622 1622 2687 σῶμα,
1677 2615 1726 2665 οἱ
1783 2610 1843 2666 δε

236 2709 517 2782 ἀσώματον
546 2707 708 2759 αὐτοῦ
754 2710 849 2764 τὴν
896 2701 1185 2777 ἐπιδημίαν
1239 2705 1556 2776 γεγενῆσθαι
1609 2699 1840 2776 διοριζό-

234 2817 387 2870 μενοι
422 2811 437 2826 ·
496 2801 587 2849 καὶ
616 2796 666 2847 οἱ
718 2798 810 2869 μὲν
842 2795 1077 2852 παθητὸν
1121 2793 1412 2864 ἐσχηκέναι
1450 2796 1508 2844 τὸ
1566 2799 1739 2864 σῶμα,
1790 2792 1840 2844 οἱ

238 2884 304 2941 δὲ
340 2890 611 2960 φαντασίᾳ
659 2890 763 2937 τινὶ
811 2888 906 2942 τήν
959 2879 1054 2936 διὰ
1095 2887 1337 2957 σώματος
1366 2880 1661 2954 οἰκονομίαν
1708 2879 1840 2939 πλη-

234 2983 363 3049 ροῦν
396 2992 411 3006 ·
466 2980 557 3029 καὶ
616 2974 761 3027 ἄλλοι
813 2975 1000 3045 χοῐκόν
1055 2973 1188 3043 (62),
1245 2970 1390 3023 ἄλλοι
1429 2967 1489 3025 δὲ
1536 2969 1839 3043 ἐπουράνιον

238 3073 438 3139 σῶμα·
490 3069 580 3117 καὶ
636 3064 685 3117 οἱ
736 3066 827 3136 μὲν
879 3066 1190 3135 προαιώνιον
1237 3064 1332 3118 τὴν
1390 3058 1630 3133 ὕπαρξιν,
1676 3062 1727 3111 οἱ
1778 3056 1838 3112 δὲ

233 3154 339 3207 ἀπὸ
372 3157 578 3227 Μαρίας
609 3156 701 3209 τὴν
730 3150 898 3227 ἀργὴν
936 3153 1224 3221 ἐσχηκέναι
1264 3169 1277 3181 υ
1312 3144 1407 3200 διὰ
1433 3156 1587 3201 τοῦτο
1618 3148 1708 3210 Εἰς
1739 3166 1835 3206 ση-

230 3250 383 3317 μεῖον
415 3240 825 3313 ἀντιλεγόμενον.

306 3336 370 3389 9.
402 3329 685 3403 Ῥομφαίαν
721 3324 780 3382 δε
827 3328 961 3400 λέγει
1009 3332 1096 3380 τὸν
1146 3327 1297 3398 λόγον
1347 3330 1437 3378 τὸν
1474 3330 1833 3400 πειραστικὸν,

239 3424 328 3472 τὸν
379 3422 611 3495 κριτικὸν
654 3423 752 3469 τῶν
782 3415 1131 3489 ἐνθυμήσεων,
1172 3418 1259 3467 τὸν
1299 3411 1657 3485 διικνούμενον
1702 3415 1839 3487 ἄχρι

242 3514 503 3581 μερισμοῦ
552 3506 741 3579 ψυχῆς
795 3524 852 3559 τε
896 3509 987 3557 καὶ
1024 3506 1316 3576 πνεύματος
1364 3503 1497 3574 (63),
1552 3502 1729 3576 ἁρμῶν
1784 3520 1839 3555 τε

242 3601 336 3649 καὶ
365 3596 574 3669 μυελῶν,
632 3600 723 3649 καὶ
779 3597 1013 3669 κριτικὸν
1056 3593 1387 3665 ἐνθυμήσεων
1434 3593 1572 3661 (64).
1620 3588 1834 3649 Ἐπειδὴ

238 3690 416 3738 τοίνυν
448 3691 590 3739 πᾶσα
612 3684 768 3757 ψυχὴ
804 3684 950 3757 παρὰ
972 3685 1059 3735 τὸν
1087 3685 1268 3754 καιρὸν
1323 3685 1415 3732 τού
1445 3682 1644 3742 πάθους
1684 3682 1838 3731 οἱονεὶ

236 3771 506 3848 διακρίσει
537 3778 641 3826 τινὶ
678 3771 1011 3841 ύπεϐάλλετο,
1064 3773 1200 3822 κατὰ
1228 3774 1321 3829 τὴν
1366 3777 1458 3822 τοῦ
1508 3774 1703 3842 Κυρίου
1737 3788 1840 3839 φω-

231 3870 360 3936 νὴν,
427 3864 690 3931 εἰπόντος,
767 3862 847 3915 ὁτι
912 3865 1103 3920 Πάντες
1179 3856 1705 3917 σκανδαλισθήσεσθε
1788 3855 1837 3909 ἐν

231 3956 350 4028 ἐμοί
378 3972 393 3986 ⁸
426 3955 737 4026 προφητεύει
774 3953 802 4003 ό
832 3955 1037 4024 Συμεὼν
1081 3954 1171 4002 καὶ
1212 3953 1329 4023 περὶ
1385 3949 1549 4009 αὐτῆς
1602 3955 1692 4007 τῆς
1727 3953 1840 4001 Μα-

230 4050 377 4118 ρίας,
407 4043 493 4095 ὅτι
546 4048 862 4116 παρεστῶσα
913 4047 989 4111 τῷ
1044 4047 1277 4113 σταυρῷ,
1327 4043 1418 4091 καὶ
1474 4036 1746 4109 βλέπουσα
1771 4040 1840 4091 τὰ

229 4137 501 4205 γινόμενα,
555 4135 644 4183 καὶ
699 4128 970 4182 ἀκούουσα
1014 4137 1113 4179 τῶν
1162 4136 1359 4200 φωνῶν,
1416 4129 1548 4199 μετὰ
1588 4131 1684 4184 τήν
1741 4133 1835 4180 τοῦ

232 4221 469 4297 Γαϐριὴλ
515 4223 823 4295 μαρτυρίαν,
864 4219 998 4290 μετὰ
1042 4222 1138 4274 τὴν
1184 4215 1477 4291 ἀπόρρητον
1504 4224 1701 4287 γνῶσιν
1738 4224 1836 4277 τῆς

233 4314 373 4372 θείας
421 4308 743 4381 συλλήψεως,
794 4310 926 4381 μετὰ
979 4311 1075 4364 τὴν
1126 4305 1355 4387 μεγάλην
1397 4313 1498 4356 τῶν
1553 4307 1832 4377 θαυμάτων

302 4439 355 4474 ²²
388 4438 565 4493 Num.
592 4450 713 4503 χιι,
744 4436 799 4491 8.
909 4431 960 4468 ³³
989 4430 1165 4487 Hebr.
1197 4445 1273 4497 tv,
1309 4433 1398 4485 t2.

1962 482 2084 535 tem
2142 481 2376 554 spiritu.
2423 488 2511 542 Ita.
2564 491 2622 543 et
2658 488 2949 545 Dominus
3009 504 3407 564 nequaquam
3480 493 3615 552 aliis

1958 569 2210 640 quidem
2237 572 2498 631 cadendi
2542 592 2762 633 causas
2803 576 3046 649 praebet,
3081 579 3214 634 aliis
3241 596 3386 638 vero
3415 597 3614 640 resur-

1961 657 2164 727 gendi.
2179 662 2328 716 Nam
2351 663 2455 734 qui
2486 663 2731 730 cadunt,
2751 680 2823 720 ex
2844 669 3022 732 statu,
3050 666 3112 722 in
3133 683 3258 740 quo
3278 668 3612 740 aliquando

1958 750 2151 815 erant,
2186 748 2433 806 cadunt.
2466 752 2677 824 Liquet
2709 759 2913 810 autem
2950 769 3269 827 nunquam
3294 764 3451 817 stare
3480 758 3613 817 inﬁ-

1954 834 2177 906 delem,
2209 839 2274 892 ut
2301 838 2407 910 qui
2448 854 2687 912 semper
2722 841 2893 898 humi
2932 847 3106 914 repat
3146 860 3284 901 cum
3332 854 3610 920 serpente

1950 939 2142 997 quem
2170 931 2527 986 assectatur.
2566 932 2696 986 Non
2742 929 2929 986 habet
2971 930 3154 1002 igitur
3189 934 3353 992 unde
3406 937 3602 1011 cadat,

1951 1013 2084 1083 jam
2147 1015 2560 1087 precipitatus
2637 1018 3009 1077 inﬁdelitate.
3079 1022 3276 1085 Quare
3338 1024 3607 1096 primum

1956 1101 2319 1160 beneﬁcium
2372 1111 2482 1175 est,
2540 1112 2609 1163 ut
2659 1107 2768 1180 qui
2826 1113 2943 1165 stat
2990 1108 3052 1164 in
3108 1116 3376 1182 peccato,
3430 1115 3610 1173 cadat

1954 1195 2014 1246 et
2059 1192 2373 1263 moriatur,
2422 1193 2642 1252 deinde
2704 1196 2869 1253 vivat
2915 1196 3157 1269 justiﬁes
3204 1203 3262 1255 et
3310 1208 3606 1275 resurgat,

1955 1283 2281 1352 utrumque
2332 1281 2453 1337 ﬁde
2490 1282 2551 1339 in
2602 1283 2903 1341 Christum
2933 1284 3112 1345 nobis
3146 1285 3462 1358 largiente.
3500 1292 3609 1348 Ca-

1952 1367 2101 1424 dant
2142 1369 2375 1441 pejora,
2432 1375 2498 1427 ut
2543 1371 2747 1428 locum
2802 1373 3071 1430 habeant
3107 1375 3359 1433 meliora
3408 1393 3610 1437 resur-

1954 1455 2156 1525 gendi.
2210 1457 2334 1514 Nisi
2380 1459 2561 1516 cadat
2614 1459 2952 1529 fornicatio,
3016 1465 3418 1535 temperantia
3480 1482 3608 1526 non

1953 1549 2243 1616 resurget.
2294 1546 2415 1603 Nisi
2473 1548 2537 1603 id
2586 1548 2757 1621 quod
2808 1565 2846 1606 a
2891 1550 3122 1607 ratione
3170 1551 3435 1611 alienum
3494 1560 3607 1622 est,

1954 1637 2318 1706 conteratur,
2358 1634 2424 1690 id
2469 1636 2639 1708 quod
2688 1636 2981 1694 rationale
3031 1642 3122 1695 est
3155 1639 3218 1696 in
3254 1640 3431 1698 nobis
3480 1658 3608 1699 non

1954 1719 2210 1777 ﬂorebit.
2251 1722 2343 1779 Sic
2385 1722 2567 1794 igitur
2610 1724 2676 1781 in
2716 1726 2959 1783 ruinam
2998 1731 3058 1784 et
3104 1731 3608 1791 resurrectionem

1952 1808 2303 1865 multorum.

2027 1901 2079 1954 8.
2112 1898 2186 1953 In
2224 1898 2464 1970 signum
2498 1904 2703 1957 autem
2732 1904 2833 1958 cui
2860 1905 3332 1963 contradicetur.
3364 1908 3608 1981 Proprie

1951 1986 2191 2056 signum
2236 1986 2517 2044 novimus
2559 1989 2622 2045 in
2670 1990 2975 2063 Scriptura
3010 2008 3251 2051 crucem
3291 1995 3604 2069 appellari.

1951 2076 2162 2132 Posuit
2207 2076 2389 2146 enim,
2437 2078 2651 2150 inquit,
2704 2080 2895 2136 Moses
2942 2089 3243 2152 serpentes
3293 2099 3475 2155 super
3532 2087 3609 2142 si-

1952 2179 2141 2234 gnum
2164 2166 2235 2233 ²²,
2264 2163 2330 2221 id
2357 2170 2465 2238 est,
2508 2182 2695 2239 super
2722 2183 2985 2225 crucem.
3011 2169 3111 2227 Vel
3135 2170 3379 2241 signum
3404 2177 3494 2229 est
3511 2174 3605 2230 in-

1953 2252 2211 2324 opinatus
2241 2254 2561 2326 cujusdam
2604 2260 2662 2313 et
2708 2256 2987 2314 obscura:
3034 2258 3119 2315 rei
3164 2258 3489 2317 indicium:
3533 2279 3608 2319 ac

1950 2341 2189 2398 videtur
2212 2342 2461 2414 quidem
2478 2359 2515 2401 a
2530 2344 3016 2418 simplicioribus,
3034 2346 3382 2420 intelligitur
3402 2356 3607 2409 autem

1952 2428 2032 2486 ab
2060 2430 2155 2486 his
2179 2431 2281 2504 qui
2304 2437 2505 2489 mente
2529 2435 3085 2508 suntperspicaces.
3110 2437 3409 2503 Quoniam
3428 2439 3609 2509 igitur

1952 2533 2079 2574 non
2107 2526 2351 2577 cessant
2381 2520 2704 2591 digladiari
2744 2524 2819 2580 de
2862 2527 3283 2582 incarnatione
3323 2529 3603 2586 Domini:

1952 2606 2053 2662 alii
2101 2608 2354 2679 quidem
2398 2624 2539 2665 eum
2578 2626 2799 2684 corpus
2852 2614 3275 2686 assumpsisse,
3315 2615 3416 2672 alii
3462 2632 3608 2675 vero

1950 2696 2379 2769 incorporeum
2406 2697 2562 2753 illius
2594 2699 2931 2757 adventum
2959 2701 3143 2759 fuisse
3172 2703 3564 2762 decernentes
3588 2724 3603 2762 :

1948 2784 2050 2842 alii
2075 2785 2364 2858 passibile
2393 2801 2614 2860 corpus
2634 2786 2947 2858 habuisse,
2981 2789 3079 2846 alii
3105 2792 3305 2862 specie
3332 2794 3605 2866 quadam

1948 2889 2307 2947 corpoream
2336 2873 2853 2947 dispensationem
2883 2876 3310 2950 adimplevisse
3330 2897 3345 2935 ;
3369 2879 3471 2937 alii
3496 2885 3604 2938 ter-

1947 2967 2157 3028 restre,
2190 2961 2290 3017 alii
2324 2961 2565 3019 cmleste
2613 2979 2871 3037 corpus:
2923 2964 3025 3021 alii
3071 2980 3212 3021 eum
3257 2964 3335 3022 ab
3378 2970 3605 3031 interno

1949 3051 2397 3125 praeexstitisse,
2444 3049 2545 3107 alii
2587 3067 2662 3108 ex
2710 3054 2891 3109 Maria
2940 3052 3177 3110 initium
3236 3055 3544 3129 accepisse
3583 3075 3599 3111 :

1947 3145 2269 3214 propterea
2288 3141 2362 3197 In
2390 3142 2629 3213 signum
2654 3144 2756 3198 cui
2773 3143 3238 3201 contradicetur.

2018 3326 2070 3377 9.
2100 3319 2377 3378 Gladium
2406 3327 2611 3379 autem
2639 3320 2781 3378 dicit
2811 3337 3152 3379 sermonem
3179 3323 3446 3381 tentandi
3474 3326 3599 3383 vim

1946 3409 2275 3466 habentem
2299 3414 2356 3466 et
2383 3409 2768 3467 discernendi
2810 3411 3220 3483 cogitationes,
3261 3413 3601 3485 pertingen-

1947 3507 2070 3557 tem
2108 3517 2303 3574 usque
2332 3500 2413 3558 ad
2443 3501 2805 3557 divisionem
2838 3502 3057 3558 animis
3087 3506 3145 3558 et
3183 3503 3447 3576 spiritus,
3496 3520 3598 3562 ar-

1948 3596 2120 3648 tuum
2149 3606 2394 3663 quoque
2424 3595 2481 3646 et
2526 3591 2931 3647 medullarum
2954 3592 3023 3647 ²⁸.
3075 3591 3375 3656 Quoniam
3420 3593 3603 3664 igitur

1949 3680 2148 3736 omnis
2194 3678 2401 3736 anima
2446 3679 2755 3751 passionis
2807 3684 3076 3752 tempore
3125 3680 3368 3737 cuidam
3414 3681 3602 3740 veluti

1947 3766 2310 3824 dubitationi
2323 3766 2594 3838 subjecta
2608 3767 2738 3835 fuit,
2754 3767 3090 3824 secundum
3108 3768 3347 3825 Domini
3360 3785 3599 3840 vocem,

1947 3856 2232 3912 dicentis:
2257 3855 2467 3913 Omnes
2489 3857 3053 3914 scandalizabimini
3077 3857 3140 3913 in
3169 3859 3355 3924 me";
3385 3854 3597 3915 vatici-

1945 3948 2124 4002 natur
2164 3944 2408 4002 Simeon
2437 3948 2495 4001 et
2528 3945 2599 4001 de
2628 3945 2766 4018 ipsa
2802 3945 3003 4015 Maria,
3042 3948 3278 4003 astante
3316 3948 3497 4019 cruci,
3541 3951 3603 4006 et

1945 4033 2186 4090 vidente
2207 4049 2344 4106 qua
2382 4032 2767 4105 gerebantur,
2804 4039 2863 4090 et
2888 4050 3069 4091 voces
3109 4035 3427 4107 audiente;
3456 4040 3602 4109 post
3670 4055 3690 4076 ι

1945 4122 2235 4180 Gabrielis
2259 4123 2694 4194 testimonium,
2731 4128 2873 4196 post
2899 4139 3189 4181 arcanam
3209 4124 3428 4181 divinae
3457 4141 3599 4183 con-

1944 4213 2239 4287 ceptionis
2290 4214 2718 4285 cognitionem,
2797 4217 2935 4285 post
2991 4213 3256 4287 plurima
3330 4215 3600 4275 exhibita

1940 4301 2259 4366 miracula,
2290 4302 2419 4371 erit,
2464 4302 2679 4375 inquit,
2711 4301 2997 4374 quaedam
3035 4306 3096 4359 et
3137 4302 3298 4360 circa
3324 4302 3597 4362 animam

1505 4430 1557 4465 "
1589 4428 1788 4486 Matth.
1819 4444 1981 4497 xxv1,
2010 4431 2099 4485 3t.

303 4581 423 4651 (56)
453 4582 657 4636 Στήκει.
686 4579 826 4651 Tres
867 4574 1107 4651 codices
1152 4587 1277 4651 non
1302 4570 1825 4651 vetustissimi_ha-
1856 4573 1901 4628 D
1940 4570 2129 4651 verba
2147 4568 2598 4651 postsignanos.
2640 4566 2825 4651 genio
2866 4571 3007 4651 post
3048 4565 3267 4651 legitur
3296 4569 3363 4624 in
3405 4567 3590 4641 pluri—

229 4642 381 4709 bent
404 4642 660 4707 εἱστήκει.
693 4653 760 4705 1n
782 4648 999 4705 iisdem
1027 4646 1248 4703 desunt
1275 4642 1460 4717 paulo
1508 4648 1646 4714 post
1700 4642 1833 4698 hinc

230 4723 427 4779 verba
453 4722 491 4772 ὦ
523 4725 817 4776 συνέπεται,

304 4796 424 4861 (57)
454 4778 581 4846 tim
610 4793 795 4853 ζῆσαι.
837 4787 1228 4861 consentiunt
1261 4785 1325 4843 in
1374 4784 1492 4843 hac
1538 4783 1835 4857 scriptura

229 4860 468 4939 veteres
493 4863 647 4919 libri.
682 4863 835 4939 EdiAti
856 4860 967 4939 εἶτα
987 4864 1045 4914 τὸ
1074 4860 1261 4922 ζῆσαι.
1356 4927 1369 4939 ,
1526 4925 1543 4939 ,
1629 4925 1641 4938 ,

302 4937 424 5010 (58)
471 4940 724 5010 Πίστεως.
764 4937 892 5010 Pro
931 4932 1065 5010 hac
1098 4945 1260 5010 voce.
1286 4927 1476 5010 miror
1488 4925 1646 5010 “legi

232 4997 368 5084 «es
468 5005 661 5084 tribus
685 5003 1102 5084 vetustissimis
1127 4999 1459 5084 codicibus.
1485 4997 1677 5084 l’aulo
1695 4997 1835 5084 post

229 5078 413 5134 multi
442 5078 681 5134 codices
708 5076 1071 5134 recentiores
1110 5075 1179 5127 τὰ
1223 5071 1415 5146 βελτίω
1455 5071 1529 5133 εἰς
1571 5073 1666 5128 τὴν
1712 5071 1833 5122 ανά-

233 5167 533 5293 στῗὲὄΐτὸ
571 5219 876 5293 λογιστικὸν
914 5216 965 5269 ἐν
1023 5219 1171 5293 ἡμῖν,
1213 5218 1314 5293 ita
1359 5213 1522 5293 Harl.
1562 5216 1627 5293 et
1652 5210 1831 5293 Coisl.

226 5283 494 5366 primus.
515 5283 667 5366 Ediﬁ
691 5296 752 5345 τὸ
785 5283 1082 5366 λογιστικὸν
1115 5292 1175 5341 τὸ
1206 5286 1254 5339 ἐν
1292 5288 1438 5366 ἡμίν.
1474 5284 1707 5366 Legitur
1746 5283 1833 5336 λο-

227 5358 382 5437 ἣικόν
402 5363 465 5420 in
492 5364 765 5436 quinque
794 5358 1103 5418 codicibus
1134 5374 1259 5416 non
1278 5358 1733 5442 antiquissimis.

304 5436 421 5484 mm
504 5434 709 5484 Πολλῶν
735 5478 748 5484 -
829 5432 919 5484 Εἰ(
997 5428 1057 5484 δε
1124 5438 1340 5484 σημεῖον
1413 5426 1795 5484 αντιλεσγομενον

233 5434 245 5437 ⁷
504 5434 709 5490 Πολλῶν
735 5478 749 5492 ,
829 5434 919 5496 Εἰς
997 5434 1057 5485 δε
1124 5438 1348 5512 σημεῖον
1413 5434 1825 5511 ὁιντιλεγομενον,

228 5511 348 5565 etc.
468 5504 909 5582 mentientibus
960 5503 1263 5582 veteribus
1299 5498 1479 5582 _llbl_‘18
1744 5496 1830 5553 lo-

228 5594 376 5636 cum
408 5578 784 5639 sanavimus.
810 5573 1191 5647 Legebantur
1218 5571 1379 5629 enim
1409 5570 1471 5626 in
1494 5568 1669 5627 editis
1698 5567 1830 5625 haec

1694 4930 1833 4998 γνώ-

1939 4641 2057 4697 bus
2084 4637 2517 4697 recentioribus
2553 4637 2933 4695 codicibus—6
2966 4644 3181 4711 σημεῖον
3224 4638 3360 4708 ἐστι,
3406 4637 3594 4711 εαρεν

1940 4726 2199 4780 crucem,
2229 4726 2361 4781 qua:
2385 4713 2620 4781 signum
2650 4715 2754 4766 est.

2014 4782 2122 4853 (61)
2163 4780 2313 4853 Παρὰ
2367 4780 2465 4833 τῶν
2521 4780 2793 4853 ἄντρεχὼν.
2842 4782 2954 4836 Pro
3006 4780 3103 4837 his
3151 4781 3405 4839 vocibus
3450 4782 3595 4853 legi-

2014 4799 2122 4853 (ῠι)
2164 4799 2313 4853 ιιαρα
2367 4800 2465 4833 των
2521 4800 2601 4833 εντ
2637 4800 2793 4853 εχων.
2842 4799 2954 4836 rro
3006 4799 3103 4837 n18
3151 4799 3405 4839 vocibus
3450 4799 3592 4853 legi-

1940 4852 2149 4939 tur_in
2186 4854 2449 4924 quatuor
2499 4799 2812 4909 codicibus
2856 4866 2983 4908 non
3028 4853 3417 4911 vetustissimi
3466 4855 3592 4929 παρ’

1940 4943 2134 4981 αυτων.

2011 4991 2431 5074 (62)-1ς1αὶιάςλλοι
2456 4997 2668 5074 χοίκόν.
2714 4994 2891 5050 Deest
2930 4994 3276 5067 coniunctio
3318 4996 3381 5053 in
3417 4995 3593 5053 Medi-

1939 5062 2064 5124 cze'o
2088 5062 2146 5121 et
2175 5062 2347 5120 Coisl.
2377 5062 2595 5136 primo.

2012 5140 2125 5219 (63)
2180 5141 2282 5219 Itast
2329 5134 2651 5219 Mitigat-oc:
2699 5135 2768 5219 In
2811 5135 3113 5219 Medicaao,
3166 5136 3347 5204 Harl.,
3406 5134 3589 5219 Coisl:

1937 5206 2137 5282 primo
2162 5211 2220 5263 et
2242 5209 2383 5276 Reg.
2410 5206 2610 5282 primo
2634 5206 2849 5278 legitur
2874 5213 2975 5282 aut
2997 5215 3255 5281 σώματος,
3298 5222 3483 5279 usque
3506 5206 3591 5263 ad

1936 5279 2287 5338 divisionem
2309 5279 2528 5335 anima:
2556 5287 2613 5336 et
2642 5280 2935 5349 carparis.

2032 5353 2119 5431 ρᾇ
2160 5354 2524 5431 Καξικριτικὸν
2551 5348 2899 5431 ἐνθυμήσεων.
2933 5353 3069 5431 Haec
3090 5348 3326 5431 desunt
3351 5348 3414 5404 in
3441 5362 3593 5431 non-

1935 5419 2120 5552 ‘riiullis
2148 5419 2459 5479 codicibus
2478 5419 2930 5491 recentioribus,
2964 5427 3022 5478 et
3044 5419 3326 5476 videntur
3367 5419 3590 5477 redun-

1980 5509 2104 5552 are.

1980 5509 2104 5553 are.
