4074 6220
185 322 284 376 9'73

724 447 1055 498 ΕΠΙΣΣΟΛΠ
1105 440 1249 494 ΣΞἹΥ.

1149 310 1635 370 EPISTOLARUM
1672 310 1954 369 CLASSIS
1985 311 2051 375 ll.
2085 311 2305 369 EPIST.
2329 313 2575 370 CCLXII.

3439 316 3536 371 97

2418 440 2658 495 EPISTO
2669 439 2755 495 LA
2804 439 3076 496 CCLXII‘.

187 554 334 609 Cum
364 552 445 609 ad
468 553 762 608 Basiliam
804 551 1079 608 Urbicius
1110 565 1229 604 non
1263 548 1391 603 sine
1424 548 1636 618 aliqua
1667 545 1988 602 timiditate
2020 550 2074 602 et
2102 547 2488 603 excusatione
2532 547 2857 615 scmpisset,
2881 548 3058 617 jubet
3102 563 3236 604 eum
3279 547 3550 604 Basilius

264 624 421 680 hanc
462 625 837 680 timiditatem
869 624 1101 691 ejicere,
1166 626 1459 689 rogatque
1488 626 1554 673 ut
1598 633 1752 691 saepe
1785 618 1866 673 ad
1894 633 1955 673 se
1992 619 2249 691 scribat.
2271 625 2326 673 et
2357 620 2601 689 quinam
2633 620 2695 691 in
2726 634 2837 674 sua
2878 620 3146 674 Ecclesia
3179 620 3316 674 sani
3343 623 3465 674 sint
3491 622 3557 674 in

259 698 382 765 ﬁde
406 698 656 751 nuntiet.
697 690 997 750 Audierat
1027 693 1182 765 enim
1212 692 1549 765 nonnullos
1583 690 1803 765 ex_l_ii_s,

1826 691 1931 759 qui
1969 705 2102 744 cum
2140 690 2379 744 Urbicio
2404 694 2601 753 erant,
2625 690 2813 745 Deum
2842 692 2903 744 in
2932 705 3173 745 carnem
3200 706 3553 747 conversum

260 760 504 836 fingere.
530 769 762 823 Horum
788 781 1055 823 errorem
1082 764 1339 819 breviter
1366 762 1619 830 refellit,
1660 760 2083 831 Urbiciumque
2113 761 2419 830 hortatur,
2445 766 2511 816 ut
2551 761 2955 817 ecclesiastica
2990 762 3404 819 emendatione
3430 762 3558 819 haec

266 841 540 911 impietas
571 854 691 894 non
722 843 949 894 careat.

623 943 886 1018 Οὐρϐικίῳ
924 942 1202 1015 μονάζοντι
1233 941 1365 1009 (83).

268 1040 320 1090 ι.
356 1033 534 1088 Καλῶν
600 1033 851 1093 ἐποίησας
906 1029 1206 1092 ἐπιστείλας
1257 1032 1403 1102 ἡμῖν·
1454 1026 1653 1091 ἔδειξας
1691 1030 1794 1100 γὰρ

190 1124 254 1175 οὐ
309 1126 494 1195 μικρὸν
544 1126 630 1174 τὸν
698 1125 898 1196 καρπὸν
953 1128 1043 1181 τῆς
1112 1118 1341 1191 ἀγάπης·
1416 1122 1506 1171 καὶ
1559 1124 1795 1189 συνεχῶς

192 1218 333 1265 ποίει
371 1220 545 1266 τοῦτο.
581 1217 663 1269 Μὴ
704 1215 877 1282 μέντοι
933 1214 1153 1283 νομίσῃς
1201 1207 1485 1278 ἀπολογίας
1535 1226 1620 1259 σοι
1664 1204 1795 1273 δεῖν,

191 1305 321 1355 ὅταν
359 1304 481 1374 ἡμῖν
535 1300 857 1373 έπιστέλλῃς.
900 1299 1222 1371 Γνωρίζομεν
1267 1299 1366 1369 γὰρ
1429 1296 1665 1363 ἑαυτοὺς,
1709 1302 1798 1350 καὶ

193 1387 436 1462 οἴδαμεν,
475 1390 557 1445 ὅτι
606 1394 765 1447 παντὶ
816 1387 1071 1462 ἀνθρωπῳ
1108 1390 1240 1459 πρὸς
1286 1388 1479 1445 πάντας
1522 1387 1799 1457 ὁμοτιμίας

197 1482 384 1539 ἰσότης
430 1480 545 1530 ἐστὶ
583 1481 696 1545 (84)
749 1478 887 1528 κατὰ
933 1480 1027 1533 τὴν
1067 1478 1245 1547 φύσινο
1304 1476 1565 1549 ὑπεροχαὶ
1634 1472 1691 1527 3's
1751 1474 1799 1527 ἐν

195 1571 325 1642 ἡμῖν
369 1567 426 1619 οὗ
458 1570 590 1618 κατὰ
651 1570 812 1637 γένος,
872 1560 997 1617 οὐδὲ
1045 1566 1181 1615 κατὰ
1226 1582 1532 1638 περιουσιαν
1588 1567 1802 1639 χρημά-

196 1680 324 1728 των,
355 1653 480 1710 οὐδὲ
531 1658 665 1709 κατὰ
716 1660 810 1713 τὴν
856 1661 947 1707 τοῦ
998 1660 1234 1727 σώματος
1274 1658 1625 1721 κατασκευὴν,
1679 1653 1804 1707 ἀλλὰ

198 1750 337 1799 κατὰ
388 1750 479 1803 τήν
536 1747 803 1818 ὑπεροχὴν
853 1751 944 1796 τοῦ
985 1742 1145 1815 γοϐου
1197 1748 1288 1794 τοῦ
1344 1745 1476 1815 πρὸς
1522 1745 1607 1794 τὸν
1654 1744 1802 1798 Θεὸν.

197 1836 387 1902 Ὠστε,
446 1838 499 1885 τί
553 1834 735 1886 κωλύει
813 1852 891 1899 σε,
958 1832 1129 1888 πλεῖον
1184 1833 1298 1899 (85)
1358 1830 1672 1903 φοϐούμενον
1720 1835 1807 1885 τὸν

199 1930 490 1993 Δισπὸτην,
556 1926 774 1996 μείζονα
827 1923 973 1994 ἡμῶν
1039 1920 1169 1975 εἶναι
1250 1918 1361 1972 κατ’
1431 1919 1554 1972 αὐτό
1616 1926 1803 1986 τοῦτοξ

200 2022 440 2087 Συνεχῶς
497 2013 584 2065 οὖν
630 2014 754 2085 ἡμῖν
807 2010 1091 2078 ἐπίστελλε,
1151 2014 1241 2063 καὶ
1317 2011 1559 2083 γνὼρίζε,
1612 2019 1718 2071 πῶς
1774 2013 1803 2069 ἡ

198 2109 322 2181 περὶ
386 2106 443 2155 σε
493 2099 806 2173 ἀδελφότης,
867 2106 955 2153 καὶ
1012 2104 1145 2161 τίνες
1201 2107 1300 2151 τῶν
1365 2106 1455 2159 τῆς
1495 2099 1809 2161 Ἐκκλησίας

199 2202 292 2254 τῆς
312 2192 428 2244 καθ’
462 2192 597 2267 ὑμᾶς
643 2191 756 2261 (86)
796 2192 1145 2261 ὑγιαίνουσιν·
1208 2190 1291 2239 ἶνα
1333 2185 1550 2261 εἰδῶμεν
1582 2190 1659 2251 οἷς
1695 2194 1805 2262 χρὴ

200 2285 436 2357 γράφειν,
468 2285 557 2332 καὶ
615 2284 755 2333 τίσιν
801 2279 1227 2332 ἐπαναπαύεσθαι
1257 2299 1272 2310 ·
1335 2278 1473 2331 Ἐπεὶ
1528 2274 1587 2331 δὲ
1637 2282 1810 2331 ἀκούω

202 2375 350 2431 τινας
395 2370 520 2422 εἶναι
579 2374 701 2431 τοὺς
756 2373 815 2419 τὸ
874 2368 1011 2429 εὐοες
1051 2372 1171 2441 περὶ
1222 2376 1313 2431 τῆς
1375 2366 1808 2439 ὲνανθρωπὴσεως

202 2468 299 2512 τοῦ
368 2462 562 2531 Κυρίου
626 2454 805 2529 δόγμα
870 2456 917 2508 ἐν
987 2453 1328 2529 διαστρόφοις
1378 2455 1672 2527 ὑπολ.ἡ-;ιεσι
1710 2478 1807 2509 πα-

202 2552 652 2624 ραχαράσσοντας
700 2546 833 2617 (87),
872 2544 1156 2619 παρακαλῶ
1200 2545 1389 2607 αὐτοὺς
1436 2540 1529 2596 διὰ
1583 2554 1677 2607 τῆς
1709 2555 1806 2610 σῆς

204 2639 420 2709 ἀγάπης
443 2636 781 2708 ἀποσχέσθω
804 2643 899 2694 τῆς
920 2632 1111 2685 ἀτόπου
1139 2632 1333 2693 ἐκείνης
1354 2633 1642 2701 ἐννοίας’ἢν
1664 2633 1804 2705 ἔχειν

202 2732 336 2787 τινες
362 2729 486 2798 ἡμῖν
508 2723 966 2795 καταγγελλονται,
990 2725 1054 2783 ὡς
1083 2722 1243 2773 αὑτοῦ
1265 2730 1355 2774 τοῦ
1379 2730 1512 2774 Θεοῦ
1534 2723 1607 2784 εἰς
1633 2727 1804 2799 σάρκα

201 2820 503 2891 τραπέντος,
534 2817 623 2864 καὶ
669 2812 796 2883 οὐχὶ
820 2811 1225 2887 προσλαϐόντος,
1261 2807 1355 2862 rit/3t
1380 2819 1473 2873 τῆς
1503 2811 1657 2883 ἁγίας
1688 2814 1801 2885 (88)

197 2909 411 2981 Μαρίας
454 2906 513 2954 τὸ
557 2908 649 2954 τοῦ
698 2897 875 2973 Ἀδὰμ
908 2904 1141 2975 φύραμα,
1196 2898 1301 2951 ἀλλ’
1330 2900 1489 2951 αὐτοῦ
1636 2902 1802 2975 οἰκείᾳ

198 2997 408 3050 ῦεότητι
439 2992 505 3051 εἰς
543 2996 637 3048 τὴν
668 2990 849 3047 ὑλικὴν
877 2992 1031 3060 φύσιν
1055 2988 1475 3061 μεταϐληθέπος.

266 3088 319 3139 2.
354 3088 519 3135 Τοῦτο
578 3076 637 3131 δὲ
688 3082 743 3131 τὸ
797 3080 989 3130 οῖτοπον
1046 3076 1245 3149 ἐλέγξαι
1286 3082 1374 3129 καὶ
1425 3081 1560 3131 πάνυ
1589 3076 1795 3153 ῥᾴδιον.

197 3172 331 3226 Ἀλλ’
386 3166 567 3226 ἐπειδὴ
616 3168 829 3220 ατ)τόοδ
884 3168 997 3239 ἐχει
1035 3170 1093 3219 τὸ
1132 3166 1338 3240 ἐναργὲς
1369 3168 1400 3225 ἡ
1461 3166 1794 3240 βλασφημία·

194 3262 393 3334 νομίζω
456 3266 529 3327 τῷ
570 3255 868 3329 φοϐουμένῳ
934 3259 1020 3308 τὸν
1081 3258 1268 3328 Κύριον
1310 3253 1482 3327 ἀρκεῖν
1516 3262 1607 3309 καὶ
1636 3262 1797 3328 μόνην

195 3356 286 3409 τήν
325 3352 641 3420 ὑπόμνησιν,
692 3346 752 3398 Εἰ
791 3347 891 3419 γὰρ
946 3344 1165 3419 ἐτράπη,
1198 3348 1289 3395 καὶ
1320 3343 1601 3403 ἠλλοιώθη,
1631 3352 1796 3398 Τοῦτο

202 3438 262 3491 δε
301 3438 453 3494 ἀπείη
506 3440 595 3488 καὶ
643 3435 803 3506 λέγειν
869 3440 958 3487 καὶ
1006 3434 1208 3500 ἐννοεῖν,
1259 3440 1349 3485 τοῦ
1380 3441 1513 3487 Θεοῦ
1546 3434 1792 3496 εἰπόντος·

205 3530 341 3598 Ἐγώ
395 3526 514 3596 εἰμι,
574 3530 661 3576 καὶ
728 3524 822 3576 οὐκ
889 3524 1197 3595 ἠλλοίωμαι.
1275 3521 1505 3590 Ἐπειτα,
1566 3532 1673 3585 πῶς
1724 3526 1793 3587 εἰς

201 3620 341 3689 ἡμᾶς
398 3610 541 3671 διέϐη
581 3616 609 3673 ἠ
651 3621 744 3674 τῆς
784 3611 1213 3688 ἐνανθρωπήσεως
1276 3610 1511 3683 ὠφέλεια,
1538 3612 1581 3663 εἰ
1628 3618 1698 3685 μὴ
1736 3617 1791 3665 τὸ

200 3709 449 3777 ἡμέτερον
519 3712 689 3775 σῶμα,
779 3711 841 3775 τῇ
929 3705 1131 3760 θεότητι
1222 3702 1494 3772 συναφοεν,
1563 3710 1791 3773 κρεῖττον

193 3796 395 3868 ἐγένετο
444 3801 536 3853 τῆς
574 3801 666 3844 τοῦ
718 3793 937 3844 Θανάτου
994 3793 1363 3864 ἐπικρατείας;
1407 3789 1482 3842 Οὐ
1512 3792 1610 3865 γὰρ
1660 3811 1788 3863 τρα-

190 3891 302 3945 πεὶς
348 3884 464 3951 (89)
508 3882 693 3934 οἰκεῖον
765 3882 1097 3939 ὑπεσνήσατο
1149 3888 1319 3951 σῶμα,
1376 3881 1519 3951 ὅπερ,
1577 3900 1789 3951 παχυν-

190 3977 372 4035 aciein;
423 3973 566 4042 αὐτῷ
619 3980 711 4031 τῆς
764 3972 935 4031 οεῑκῆς
977 3973 1197 4043 φύσεως,
1254 3971 1478 4026 ὑπέστη.
1520 3976 1634 4031 Πῶς
1666 3966 1725 4021 δὲ
1756 3973 1785 4028 ἡ

188 4062 542 4136 ἀπερίληπτος
596 4063 774 4123 θεότης
842 4061 908 4121 εἰς
965 4067 1155 4131 μικροῦ
1208 4065 1451 4130 σώματος
1506 4060 1659 4129 ὄγκον
1707 4080 1789 4112 πε-

178 4154 466 4228 ριεγράφη,
528 4153 665 4223 εἰπερ
748 4149 941 4223 ἐτράπη
1019 4155 1167 4201 πᾶσα
1224 4151 1254 4207 ἡ
1315 4155 1407 4200 τοῦ
1474 4155 1791 4219 Μονογενοῦς

182 4246 342 4315 φύσις
372 4259 385 4307 ;
428 4239 587 4293 Ἀλλὰ
624 4246 775 4291 τοῦτο
815 4242 903 4310 μὲν
936 4234 1126 4290 οὐδένα
1172 4239 1405 4309 ἡγοῦμαι
1433 4244 1549 4289 νοῦν
1579 4239 1789 4308 ἔχοντα,

184 4338 279 4384 καὶ
329 4336 418 4383 τὸν
473 4329 626 4401 φοϐον
678 4336 769 4381 τοῦ
833 4337 966 4383 Θεοῦ
1043 4332 1369 4399 κεκτημένον,
1428 4330 1656 4398 πάσχειν
1734 4330 1791 4380 τὸ

184 4422 539 4495 ἀρρώστημα.
601 4416 813 4476 Ἐπειδὴ
874 4416 932 4472 δὲ
1000 4415 1147 4474 ἦλθεν
1197 4417 1266 4478 εἰς
1322 4416 1410 4489 ἐμὲ
1451 4418 1480 4472 ἡ
1516 4418 1793 4488 φήμη,ὄτι

262 4566 307 4599 ⁸³
354 4560 605 4620 Malach.
628 4577 706 4629 ιιι,
733 4565 787 4615 6.

264 4711 385 4780 (83)
424 4705 691 4780 Ονρϐικιῳ
734 4707 1031 4780 μονάζοντι..
1092 4705 1186 4780 Sig
1235 4708 1354 4780 tres
1409 4702 1795 4780 vetustissimi

187 4774 459 4837 codices.
504 4774 669 4832 'Editi
716 4774 854 4831 cum
883 4776 1125 4830 duobus
1160 4774 1355 4843 Regiis
1390 4778 1448 4828 et
1496 4774 1669 4829 Coisl.
1704 4788 1795 4828 se-

187 4851 401 4908 cuudo
453 4848 727 4904 addunt:
781 4846 899 4919 Ὀτι
947 4847 1040 4899 οὐκ
1078 4845 1274 4919 ἐτράπη
1309 4846 1381 4919 είς
1408 4854 1579 4919 Δσῶμα
1616 4846 1641 4896 ὁ
1672 4848 1797 4905 Θεὸς

191 4928 392 4992 Λόγος,
608 4920 802 4977 ἦνωσεν
858 4918 1023 4987 ἑαυτῷ
1076 4913 1141 4969 τὸ’
1188 4926 1282 4969 τοῦ
1332 4913 1513 4987 ’Δὸἀμί
1562 4919 1794 4990 φύραμα.

191 4990 373 5061 Quod
406 4993 557 5047 Deus
588 4990 837 5045 Verbum
858 5005 977 5043 non
999 5004 1348 5045 conversum
1368 4991 1443 5043 sit
1464 4990 1527 5042 in
1559 5003 1795 5057 corpus,

188 5065 299 5122 sed
327 5063 441 5120 sibi
473 5062 734 5117 univerit
761 5061 987 5117 Adami
1018 5076 1299 5117 massam.

264 5164 382 5243 (ὃς)
421 5160 731 5243 ὀμοτνμίπς
765 5158 969 5243 iam:
1034 5157 1198 5243 έετές..
1230 5159 1314 5239 με
1380 5157 1570 5243 Hert»
1618 5156 1798 5243 ,Μεάον

194 5229 374 5290 Cois].
409 5229 642 5305 primus
673 5235 726 5285 et
760 5229 1017 5285 Clarom.
1056 5229 1199 5285 Editi
1230 5230 1477 5301 ὁμοτιμία
1517 5229 1645 5285 ἔστί.

204 5408 217 5421 .
269 5333 387 5401 (83)
427 5329 628 5384 Πλεῖον.
673 5327 855 5399 llarl.,
887 5327 1143 5385 Colbert.
1176 5332 1233 5384 et
1280 5327 1537 5385 Clarom.
1569 5326 1803 5385 addunt

238 5426 370 5457 μων.

192 5426 247 5572 ἡ.
274 5498 393 5565 (86)
432 5498 565 5572 Τῆς,
600 5491 717 5546 καθ’
784 5492 942 5572 ὑμᾶς.
1009 5488 1151 5547 Male
1203 5489 1269 5572 in
1316 5489 1643 5572 Θάίιίεητῆς.
1685 5489 1804 5543 καθ’

202 5564 377 5641 iam,
401 5564 569 5638 quod
594 5579 715 5619 non
747 5564 950 5620 minus
987 5566 1219 5644 pugnat
1245 5578 1386 5643 cum
1416 5564 1679 5687 antiquis
1708 5576 1805 5643 co-

202 5639 467 5703 dicibus,
496 5649 682 5708 quam
713 5650 852 5691 cum
885 5634 1085 5690 Basilii
1115 5636 1426 5691 sententia.
1462 5632 1545 5689 lbi
1592 5648 1689 5689 em
1740 5647 1805 5687 in

1824 944 1868 989 Δ
2442 938 2680 995 Urbicio
2716 938 3027 995 monacho.

1979 1032 2026 1082 t.
2056 1029 2229 1083 Recte
2259 1026 2469 1096 fecisti,
2501 1027 2667 1100 quod
2709 1027 2790 1083 ad
2830 1043 2927 1083 me
2978 1027 3286 1101 scripseris
3321 1046 3335 1085 :
3363 1032 3560 1085 osten-

1904 1114 2039 1169 disti
2072 1116 2233 1170 enim
2256 1115 2513 1171 fructum
2540 1132 2664 1172 non
2694 1116 2985 1187 exiguum
3018 1116 3347 1187 charitatis,
3379 1116 3564 1189 idque

1904 1202 2085 1258 velim
2116 1203 2457 1276 frequenter
2485 1204 2697 1261 facias.
2732 1208 2847 1260 Nec
2878 1209 3052 1277 putes
3082 1205 3189 1260 tibi
3230 1221 3388 1277 opus
3435 1221 3567 1261 esse

1906 1293 2315 1361 excusatione,
2348 1310 2487 1349 cum
2519 1294 2598 1349 ad
2630 1309 2726 1349 me
2756 1293 3088 1366 scripseris.
3129 1296 3279 1349 Nam
3310 1309 3407 1349 me
3434 1294 3568 1366 ipse

1907 1380 2067 1447 novi,
2100 1385 2157 1436 et
2190 1382 2312 1436 scio
2338 1382 2673 1454 quemlibet
2699 1382 3009 1438 hominem
3040 1382 3326 1438 omnibus
3354 1398 3567 1455 parem

1908 1485 2037 1525 esse
2050 1469 2278 1525 honore
2309 1470 2647 1527 secundum
2676 1475 2959 1526 naturam
2985 1487 2999 1526 :
3032 1471 3441 1541 praestantiam
3464 1487 3571 1527 au-

1908 1562 2029 1614 tem
2068 1558 2129 1613 in
2161 1558 2358 1628 nobis,
2386 1575 2510 1615 non
2559 1575 2631 1615 ex
2663 1575 2904 1630 genere,
2938 1575 3134 1632 neque
3174 1576 3247 1615 ex
3280 1560 3570 1632 pecunia-

1909 1664 2046 1703 rum
2094 1648 2293 1720 copia,
2322 1664 2517 1720 neque
2550 1665 2622 1705 ex
2666 1648 2932 1721 corporis
2967 1649 3407 1715 constitutione,
3459 1648 3570 1705 sed

1911 1754 1984 1793 ex
2040 1737 2440 1795 excellentiori
2470 1739 2699 1795 timoris
2727 1739 2828 1795 Dei
2859 1740 3055 1810 gradu
3080 1739 3399 1811 proﬁcisci.
3428 1742 3570 1797 Pro-

1910 1827 2073 1898 inde,
2094 1828 2242 1900 quid
2263 1827 2515 1900 impedit
2534 1830 2863 1898 quominus
2888 1830 3208 1885 Dominum
3232 1830 3427 1899 magis
3448 1845 3571 1886 me-

1914 1922 2109 1986 tuens,
2133 1918 2329 1988 major
2354 1932 2451 1972 me
2474 1917 2536 1972 in
2566 1918 2681 1972 hoc
2710 1918 2843 1990 ipso
2874 1918 2995 1972 sis?
3020 1917 3221 1975 Scribe
3251 1918 3432 1990 igitur
3458 1934 3570 1974 no-

1914 2006 2006 2063 bis
2030 2007 2290 2075 assidue,
2324 2024 2394 2064 ac
2420 2007 2695 2077 signiﬁca
2722 2007 2873 2080 quid
2905 2024 3109 2064 rerum
3141 2012 3282 2079 agat
3316 2009 3571 2065 fratrum

1915 2096 2019 2167 qui
2051 2101 2247 2152 tecum
2293 2100 2432 2152 sunt
2474 2102 2827 2164 conventus,
2857 2100 2915 2152 et
2968 2098 3224 2169 quinam
3274 2098 3338 2154 in
3368 2104 3572 2157 vestra

1920 2183 2175 2241 Ecclesia
2218 2185 2349 2240 sani
2381 2184 2532 2252 sint;
2566 2188 2631 2241 ut
2679 2185 2865 2240 sciam
2907 2185 3131 2257 quibus
3180 2185 3571 2243 scribendum

1850 2286 1888 2340 Β
1920 2272 2011 2341 sit,
2036 2275 2171 2329 etin
2201 2273 2426 2346 quibus
2451 2272 2988 2347 acquiescendum.
3025 2273 3139 2331 Sed
3191 2274 3336 2347 quia
3386 2275 3570 2332 audio

1918 2363 2239 2419 nonnullos
2265 2379 2418 2430 esse,
2450 2362 2554 2435 qui
2582 2368 2807 2418 rectam
2837 2362 2913 2418 de
2945 2360 3125 2435 404
3152 2364 3572 2420 lncarnatione

1919 2452 2155 2507 Domini
2190 2452 2527 2508 doctrinam
2587 2452 2881 2524 perversis
2927 2453 3314 2525 opinionibus
3352 2453 3569 2527 depra-

1915 2544 2092 2605 vent;
2120 2540 2407 2596 adhortor
2435 2556 2540 2595 eos
2573 2556 2680 2613 per
2702 2545 2869 2596 tuam
2899 2540 3271 2611 charitatem,
3302 2546 3368 2597 ut
3391 2542 3571 2599 absti-

1915 2633 2099 2685 ncant
2128 2628 2395 2685 absurda
2420 2628 2518 2685 illa
2548 2629 2850 2701 opinione,
2875 2645 3063 2702 quam
3086 2630 3337 2702 quidam
3370 2636 3568 2688 tenere

1913 2718 2089 2773 nobis
2114 2719 2487 2787 nuntiantur,
2522 2721 2708 2774 Deum
2731 2720 2932 2789 ipsum
2964 2719 3025 2774 in
3055 2735 3297 2775 carnem
3322 2736 3568 2779 conver-

1914 2824 2051 2862 sum
2083 2807 2288 2871 fuisse,
2320 2823 2431 2863 nec
2460 2808 2867 2879 assumpsisse
2895 2808 3113 2864 Adami
3144 2824 3434 2877 massam,
3459 2827 3567 2883 per

1912 2902 2187 2953 sanctam
2215 2897 2480 2966 Mariam,
2510 2897 2613 2953 sed
2648 2897 2853 2969 ipsum
2888 2897 2951 2952 in
2982 2912 3093 2953 sua
3119 2896 3309 2969 ipsius
3346 2898 3563 2954 divini—

1910 2991 2027 3043 tate
2054 2987 2112 3042 in
2140 2985 2509 3041 materialem
2541 2991 2821 3042 naturam
2845 2986 3029 3042 fuisse
3068 2990 3561 3045 transmutatum.

1978 3080 2031 3130 2.
2058 3073 2407 3131 Absurdum
2431 3075 2581 3130 illud
2611 3079 3023 3131 commentum
3071 3074 3382 3132 confutare
3433 3092 3561 3133 om—

1906 3164 2052 3221 nino
2073 3163 2264 3220 facile.
2294 3163 2408 3220 Sed
2433 3164 2576 3236 quia
2601 3180 2712 3220 sua
2740 3168 2953 3236 sponte
2991 3164 3353 3221 evidentiam
3378 3165 3561 3223 habet

1905 3252 2305 3325 blasphemia,
2335 3254 2593 3309 arbitror
2620 3253 2943 3309 Dominum
2976 3254 3202 3310 timenti
3232 3254 3375 3311 satis
3401 3271 3555 3324 esse,

1904 3342 1997 3399 vel
2020 3341 2210 3398 solam
2230 3341 2727 3398 admonitionem.
2749 3342 2807 3398 Si
2828 3343 2988 3397 enim
3010 3358 3354 3410 conversus,
3374 3344 3556 3402 etiam

1904 3437 2196 3488 mutatus.
2225 3431 2394 3487 Absit
2423 3437 2624 3489 autem
2654 3437 2720 3489 ut
2761 3431 2823 3487 id
2862 3436 2967 3489 aut
2994 3431 3291 3501 dicamus,
3324 3438 3428 3491 aut
3458 3452 3553 3493 co-

1904 3523 2180 3593 gitemus,
2215 3537 2355 3577 cum
2406 3523 2559 3578 Deus
2600 3522 2800 3579 dicat:
2833 3523 2963 3593 Ego
3002 3538 3155 3592 sum,
3186 3530 3240 3580 et
3266 3541 3388 3580 non
3426 3542 3551 3581 mu-

1834 3630 1873 3685 (ι
1904 3619 1992 3669 tor
2017 3613 2061 3646 δι
2088 3612 2101 3666 l
2131 3611 2377 3679 Deinde,
2408 3612 2721 3684 quomodo
2761 3611 2840 3668 ad
2868 3627 2980 3668 nos
3019 3613 3233 3669 transit
3264 3617 3549 3672 lncarna-

1900 3702 2076 3758 tionis
2119 3701 2368 3768 fructus,
2402 3702 2454 3756 si
2488 3716 2611 3757 non
2655 3718 2876 3775 corpus
2921 3706 3195 3757 nostrum
3250 3702 3550 3760 divmitati

1900 3793 2314 3863 conjunctum,
2371 3791 2580 3846 mortis
2633 3791 3015 3847 dominatum
3072 3792 3422 3863 superavit?
3490 3794 3549 3851 Si

1898 3882 2061 3938 enim
2105 3896 2432 3937 conversus
2461 3884 2569 3945 est,
2597 3880 2909 3953 proprium
2960 3881 3260 3938 constituit
3305 3897 3547 3955 corpus,

1899 3970 2065 4044 quod
2108 3969 2399 4036 videlicet,
2432 3970 2685 4025 densata
2726 3970 2787 4025 in
2830 3970 2968 4041 ipso
2998 3970 3236 4039 deitate,
3265 3970 3544 4028 substitit.

1901 4060 2218 4127 Quomodo
2235 4063 2435 4115 autem
2450 4059 3075 4131 incomprehensibilis
3089 4060 3371 4117 divinitas
3382 4062 3552 4135 parvi

1900 4150 2168 4221 corporis
2190 4148 2344 4205 mole
2362 4149 2807 4221 circumscripta
2823 4152 2936 4217 est,
2953 4149 3002 4204 si
3024 4165 3242 4222 nempe
3261 4167 3553 4208 conversa

1901 4244 1993 4298 est
2043 4244 2168 4297 tota
2214 4239 2507 4311 Unigeniti
2543 4242 2801 4297 natura?
2841 4240 3064 4295 Verum
3102 4240 3217 4296 hoc
3247 4241 3551 4298 neminem

1902 4329 2178 4395 arbitror,
2203 4328 2387 4385 modo
2425 4334 2624 4384 mente
2667 4328 2956 4401 praeditus
2987 4329 3077 4400 sit,
3112 4329 3336 4402 Deique
3378 4330 3552 4386 timo-

1903 4435 2029 4477 rem
2080 4418 2319 4490 habeat,
2353 4418 2568 4476 morbo
2612 4417 2908 4475 laborare.
2954 4417 3067 4473 Sed
3096 4417 3241 4489 quia
3282 4419 3443 4474 venit
3472 4418 3553 4475 ad

1905 4702 2085 4779 nullis
2109 4701 2421 4759 codicibus
2443 4703 2875 4779 recentioribus
2904 4702 3116 4776 legitur
3148 4705 3273 4762 sine
3299 4708 3553 4779 conjun-

1905 4776 2099 4829 ctione
2124 4780 2249 4834 τίνες
2277 4784 2376 4825 τῶν
2404 4784 2499 4836 τῆς
2518 4776 2634 4827 καθ’
2663 4779 2819 4849 ὑμᾶς.

1978 4850 2091 4915 (87)
2132 4847 2991 4919 Παραχαράσσογτας,“παρακαλῶ
3044 4849 3249 4909 αὐτούς.
3284 4850 3368 4907 Ita
3419 4856 3555 4909 octo

1907 4932 2085 4984 mss.,
2116 4926 2366 4988 excepto
2395 4918 2562 4988 quod
2588 4918 2647 4972 in
2701 4919 2977 4974 Medicina
3032 4924 3091 4975 et
3134 4920 3444 4980 Harlaaano
3473 4923 3557 4979 le-

1832 4989 1877 5041 D
1908 4988 2729 5070 ﬁgatur‘oﬁqfaeaxaleiw..l3ditl
2774 4993 3291 5070 παραχαράσσονται
3342 4997 3556 5057 αὐτοὺς,

1908 5002 2083 5114 gaiur
2112 5002 2195 5048 oo;
2220 5002 2729 5069 παρακαλῶν..ιεσιιι
2774 5002 3291 5070 παραχαοασσονται
3342 5002 3553 5057 αὐτοὺς,

1951 5062 2021 5128 ιά,
2055 5063 2163 5129 etc,
2200 5058 2433 5114 Ibidem
2462 5060 2675 5129 legitur
2705 5061 2766 5116 in
2796 5042 3109 5119 codicibus
3135 5064 3290 5121 Harl.
3320 5070 3375 5121 et
3406 5066 3553 5122 Med.

1907 5151 2033 5204 προς
2059 5136 2152 5189 τὴν
2184 5133 2371 5204 σάρκα.

1947 5184 2321 5285 ’(ᾇβγςΛχίὰς.
2350 5203 2521 5258 Deest
2550 5217 2623 5259 ea
2651 5218 2765 5259 vox
2798 5204 2860 5260 in
2907 5205 3098 5262 tribus
3133 5224 3276 5264 mss.
3302 5222 3426 5263 non
3456 5222 3557 5263 ve-

1907 5278 2271 5331 tustissimis.

1983 5347 2097 5415 (89)
2138 5346 2211 5397 Οὔ
2252 5347 2353 5421 γὰρ
2408 5351 2644 5421 τραπείς.
2695 5348 3038 5419 Legendum
3070 5348 3319 5421 videtur.
3353 5349 3411 5402 Ei
3455 5350 3559 5421 γὰρ

1913 5422 2145 5493 τραπείς,
2195 5418 2286 5493 vel
2325 5417 2514 5493 “Of/ap
2540 5417 3170 5493 tpavrsiggppstremam
3202 5417 3559 5493 scripturam

1915 5488 1976 5545 in
2030 5488 2158 5544 solo
2211 5488 2579 5544 invenimus'
2610 5490 2969 5547 Coisliniano
3014 5488 3563 5548 secundofCteteri

1913 5560 2291 5617 consentiunt
2314 5577 2452 5615 cum
2478 5561 2673 5617 editis.

1986 5634 2005 5655 '
2033 5630 2191 5688 Alias
2216 5631 2524 5687 CCCXLIV.
2557 5632 2789 5704 Scripta
2812 5634 2969 5690 circa
2997 5645 3227 5697 annum
3258 5635 3384 5718 377,
