4050 6220
239 347 341 404 977

1199 351 1684 409 EPISTOLARUM
1714 348 1998 407 CLASSIS
2022 353 2087 408 ll.
2117 350 2334 410 EPIST.
2363 354 2631 410 CCLXIII.

3490 354 3595 411 978

237 471 508 548 προϐάτου
561 473 1014 548 περιϐεϐλημένοι,
1071 480 1160 528 καὶ
1211 480 1302 534 τὴν
1369 474 1662 549 ἐπιφάνειαν
1715 477 1829 548 ἣμε-

1950 491 2016 532 ac
2040 476 2302 548 speciem
2321 477 2612 533 blandam
2628 494 2750 549 prre
2775 494 2835 534 se
2858 479 3052 534 ferunt
3085 495 3156 534 ac
3185 478 3403 545 lenem,
3433 478 3594 534 intus

237 581 327 634 ρον
377 562 785 636 προϐαλλόμενοι
817 570 907 616 καὶ
951 573 1188 637 πραεῖαν,
1233 563 1435 618 ἔνδοθεν
1486 562 1544 617 δὲ
1588 567 1835 639 σπαρασ-

241 671 414 712 σοντες
458 649 678 724 ἀφειδῶς
707 657 774 706 τά
821 662 914 706 τοῦ
946 661 1180 728 Χριστοῦ
1220 660 1456 726 ποίμνια,
1512 659 1600 706 καὶ
1652 652 1744 706 δια
1777 658 1835 706 τὸ

241 739 295 803 ἐξ
352 743 498 812 ἡμῶν
566 743 883 816 ὡρμῆσθαι,
949 743 1165 804 εὐκόλως
1229 743 1558 815 ἐμϐάλλοντες
1635 742 1836 815 βλάϐην

243 837 347 889 τοῖς
400 828 769 907 ἁπλουστέροις
797 853 810 864 ⁸
858 828 1001 884 οὗτοί
1040 832 1172 884 εἰσιν
1220 835 1268 884 οὶ
1307 832 1529 904 χαλεποὶ
1577 837 1666 884 καὶ
1708 828 1836 884 δυσ-

242 917 514 990 φύλακτοι.
573 921 674 981 Οὖς
725 919 965 994 ἀξιοῦμεν
1029 923 1173 993 ποιρά
1228 930 1322 984 τῆς
1388 922 1632 994 ὑμετέρας
1691 919 1837 994 ἀκρι-

241 1005 384 1068 ϐείας
431 1012 558 1080 πρὸς
608 1011 785 1071 πάσας
827 1013 917 1070 τας
976 1013 1110 1062 κατὰ
1180 1015 1274 1068 την
1321 1010 1595 1067 Ἀνατολην
1627 1010 1839 1066 Ἐκκληο

243 1100 360 1156 σίας
427 1094 849 1169 δημοσιευθῆναι
882 1120 894 1132 ·
949 1101 1048 1170 ἶνα,
1105 1100 1134 1158 ᾖ
1192 1096 1666 1172 ὀρθοποδήσαντες,
1713 1118 1838 1169 γνη-

241 1189 365 1246 σίως
410 1184 511 1238 ὦσι
560 1190 653 1238 σὺν
705 1188 849 1260 ἡμῖν,
890 1192 919 1246 ἦ
963 1192 1194 1260 μένοντες
1242 1187 1324 1240 ἐπὶ
1363 1196 1452 1248 τῆς
1491 1184 1838 1261 διαστροφῆς,

239 1273 287 1325 ἐν
328 1274 535 1337 ἑαυτοῖς
573 1279 751 1348 μόνοις
791 1281 885 1335 τὴν
931 1275 1132 1349 βλάϐην
1179 1279 1351 1348 ἔχωσι
1377 1319 1390 1342 ,
1431 1281 1502 1350 μὴ
1563 1273 1841 1349 δυνάμενοι

240 1360 296 1413 ἐκ
325 1370 421 1423 τῆς
452 1361 745 1435 ἀφυλάκτου
783 1369 1053 1427 κοινωνίας
1092 1373 1187 1426 τῆς
1241 1362 1379 1426 ἰδίας
1420 1370 1576 1417 νόσου
1616 1361 1840 1437 μεταδι-

240 1447 394 1502 δόναι
441 1452 554 1522 (97)
615 1459 726 1514 τοῖς
775 1451 1198 1514 πλησιάζουσιν.
1252 1454 1482 1524 Ἀνάγκη
1535 1450 1593 1506 δὲ
1652 1456 1842 1506 τούτων

237 1539 492 1612 ὀνομαστὶ
537 1543 858 1613 μνησθῆναι,
915 1543 998 1594 ἶνα
1043 1548 1134 1594 καὶ
1188 1543 1338 1594 αὐτοὶ
1392 1546 1680 1617 γνωρίσητε
1722 1546 1841 1606 τοὺς

237 1632 487 1702 ταραχὰς
524 1631 650 1703 παρ’
691 1632 815 1703 ἡμῖν
855 1633 969 1702 (98)
1024 1631 1420 1705 ἐργαζομένους,
1451 1637 1542 1684 καὶ
1580 1639 1690 1692 ταῖς
1733 1630 1844 1683 Ἐκ-

235 1717 484 1780 κλησίαις
549 1721 694 1792 ἡμῶν
770 1725 981 1796 φανερόν
1029 1726 1398 1780 καταστήσατε
1448 1720 1586 1792 (99).
1642 1721 1698 1772 Ὀ
1751 1719 1841 1794 μέν

1945 582 2089 622 vero
2119 567 2412 622 dilaniant
2443 568 2759 623 crudeliter
2792 569 2998 623 Christi
3031 585 3296 635 gregem,
3331 575 3388 622 et
3418 584 3596 639 prop-

1949 661 2113 712 terea
2140 658 2304 728 quod.
2339 675 2410 712 ex
2438 658 2612 712 nobis
2657 659 2840 712 exorti
2875 664 3034 724 sunt,
3057 659 3224 713 facile
3271 658 3590 728 perniciem

1949 745 2208 800 inferunt
2256 747 2762 818 simplicioribus;
2813 747 2872 800 hi
2907 755 3063 808 sunt,
3115 747 3215 817 qui
3258 747 3593 800 molestiam

1950 834 2254 901 exhibent,
2293 851 2362 889 ac
2411 851 2568 905 aegre
2615 836 2788 889 vitari
2835 840 3103 906 possunt.
3155 835 3271 890 Hos
3310 852 3595 900 rogamus

1949 928 2015 977 ut
2070 927 2265 978 vestra
2328 923 2634 991 diligentia
2691 924 2975 978 omnibus
3025 923 3274 978 Orientis
3331 924 3598 977 Ecclesiis

1951 1010 2280 1078 denuntiet,
2316 1017 2398 1079 ut,
2455 1018 2556 1067 aut
2611 1018 2834 1066 rectam
2885 1012 3044 1066 viam
3092 1013 3342 1078 ingressi
3372 1013 3598 1066 sincere

1950 1107 2264 1156 versentur
2311 1101 2650 1165 nobiscum,
2702 1108 2826 1162 aut,
2883 1101 2929 1155 si
2980 1101 3038 1154 in
3071 1116 3180 1155 sua
3209 1106 3604 1171 permaneant

1949 1191 2336 1264 perversitate
2371 1234 2384 1260 ,
2453 1191 2750 1246 damnum
2815 1192 2972 1246 intra
3038 1206 3101 1245 se
3176 1189 3337 1245 solos
3421 1188 3605 1245 conti-

1952 1285 2181 1345 neant,
2267 1295 2378 1334 nec
2442 1279 2675 1351 possint
2738 1295 2810 1334 ex
2870 1280 3113 1334 incauta
3177 1279 3604 1334 communione

1953 1369 2236 1424 morbum
2311 1384 2489 1424 suum
2568 1384 2706 1423 cum
2767 1369 3058 1440 proximis
3126 1369 3603 1424 communicare.

1954 1460 2210 1514 Necesse
2251 1461 2340 1513 est
2387 1462 2587 1512 autem
2634 1458 2851 1513 horum
2902 1458 3262 1512 nominatim
3295 1457 3607 1511 meminis-

1955 1562 2040 1614 se,
2099 1551 2163 1602 ut
2207 1550 2264 1602 et
2307 1545 2420 1617 ipsi
2469 1546 2850 1616 cognoscatis
2894 1561 2996 1600 eos
3053 1545 3157 1617 qui
3207 1545 3413 1600 turbas
3439 1544 3608 1616 apud

1954 1649 2066 1690 nos
2132 1640 2420 1705 movent,
2491 1650 2722 1707 eosque
2786 1634 3007 1690 nostris
3075 1634 3350 1690 Ecclesiis
3417 1634 3607 1689 mani-

1954 1724 2138 1780 festos
2193 1724 2387 1780 facite.
2437 1727 2586 1780 Nam
2621 1739 2841 1803 sermo
2891 1728 3094 1778 noster
3152 1728 3471 1795 suspectus
3521 1726 3610 1778 est

235 1810 342 1880 γὰρ
391 1807 518 1882 παρ’
557 1810 705 1880 ἡμῶν
742 1809 894 1881 λόγος
941 1811 1172 1873 ὕποπτός
1210 1809 1324 1864 ἔστι
1359 1816 1470 1871 τοῖς
1514 1809 1742 1878 πολλοῖς,
1774 1812 1829 1861 ὡέ

1955 1811 2271 1885 pluribus,
2337 1811 2512 1885 quasi
2597 1810 2745 1868 forte
2816 1811 2896 1867 ob
2976 1811 3243 1884 privatas
3302 1811 3605 1884 quasdam

235 1898 389 1968 τάχα
429 1893 523 1950 διά
559 1917 704 1960 τινας
761 1895 1034 1962 ἰδιωτικὰς
1079 1899 1390 1972 φιλονεικίας
1436 1903 1530 1958 τὴν
1582 1899 1842 1973 μικροψυ-

233 1989 368 2056 χίαν
417 1987 544 2060 πρὸς
590 1987 781 2048 αὐτοὺς
823 1987 1104 2060 ἑλομένων·
1143 1991 1290 2061 ὑμεῖς
1341 1985 1420 2056 δὲ,
1481 1987 1602 2041 ὅσον
1640 1992 1844 2064 μακρὰν

235 2073 410 2126 αὐτῶν
463 2074 536 2147 (1)
597 2073 952 2149 ἀπῳκισμένοι
1013 2080 1339 2150 τυγχάνετε,
1405 2080 1638 2149 τοσούτῳ
1693 2077 1844 2130 πλέον

233 2166 383 2235 παρὰ
430 2171 540 2226 τοῖς
595 2163 742 2227 λαοῖς
795 2169 853 2218 τό
901 2165 1204 2230 ἀξιόπιστον
1261 2169 1427 2238 ἔχετε,
1467 2169 1600 2240 πρός
1646 2174 1716 2236 τῷ
1755 2169 1844 2217 καὶ

236 2255 332 2310 τήν
387 2255 531 2327 παρὰ
576 2261 670 2306 τοῦ
709 2261 842 2307 Θεοῦ
876 2255 950 2326 (2)
997 2258 1157 2330 χάριν
1207 2256 1543 2326 συναίρεσθαι
1599 2256 1721 2327 ὑμῖν
1780 2275 1845 2316 εις

236 2345 334 2398 τὴν
386 2343 514 2415 ὑπὶρ
568 2350 669 2394 τῶν
727 2348 1185 2416 καταπονουμένων
1233 2343 1542 2416 ἕπιμελειαν.
1609 2343 1725 2398 Ἐὰν
1786 2342 1844 2398 δὲ

235 2433 327 2482 καὶ
388 2436 677 2502 συμφώνως
724 2430 943 2492 πλείονες
992 2433 1123 2504 ὁμοῦ
1171 2435 1237 2484 τά
1288 2433 1423 2484 αὐτά
1463 2430 1842 2505 δογματίσητε,

236 2513 422 2589 δῆλον,
480 2520 561 2571 ὅτι
607 2523 665 2572 τὸ
713 2518 912 2582 πλῆθος
967 2529 1066 2573 τῶν
1112 2517 1548 2594 δογματισοίντων
1607 2520 1843 2596 ἀναντίρ-

235 2609 417 2681 ρητον,
472 2615 607 2662 πᾶσι
648 2613 744 2669 τὴν
798 2607 1121 2685 παραδοχὴν
1165 2613 1550 2665 κατασκευάσει
1598 2619 1688 2664 τοῦ
1744 2609 1840 2664 δό-

233 2717 457 2769 γματος.

305 2791 357 2842 3.
392 2786 547 2840 Ἔστι
601 2792 772 2840 τοίνυν
822 2785 894 2849 εἷς
944 2796 1044 2841 τῶν
1090 2788 1281 2849 πολλὴν
1334 2791 1460 2863 ἡμῖν
1509 2809 1839 2844 κατασκευα-

235 2875 429 2936 ζόντων
476 2877 552 2946 (3)
618 2876 784 2935 λύπην
842 2877 1130 2939 Εὐστοίθιος
1191 2880 1216 2931 ό
1274 2878 1330 2932 ἐκ
1387 2888 1483 2942 τῆς
1536 2879 1839 2941 Σεϐαστείας

231 2972 328 3022 τῆν
371 2967 508 3017 κατά
550 2969 644 3023 την
700 2968 892 3041 μικράν
958 2966 1270 3042 ’Ᾱρμενίανο
1322 2968 1406 3037 ὃς,
1458 2968 1622 3021 πάλαι
1669 2971 1838 3041 μαθη-

233 3055 435 3114 τευθεὶς
485 3061 555 3124 τῷ
615 3054 836 3127 Ἀρείῳ,
901 3060 992 3108 καὶ
1041 3055 1124 3109 ὂτε
1175 3056 1251 3128 (li)
1311 3057 1544 3130 ἤκμαζεν
1602 3056 1696 3110 ἀπὶ
1748 3065 1838 3120 τῆς

1956 1901 2288 1958 simultates
2322 1901 2468 1958 exili.
2506 1905 2562 1958 et
2613 1901 2829 1972 jejuno
2885 1901 2943 1956 in
2984 1900 3115 1956 illos
3150 1901 3352 1956 animo
3383 1901 3601 1956 simus.

1955 1993 2071 2047 Vos
2111 2007 2253 2048 vero
2310 1995 2542 2064 quanto
2591 1990 2671 2046 ob
2724 1990 2838 2046 illis
2875 1990 3116 2059 longius
3159 1990 3392 2059 degitis,
3443 1995 3612 2046 tanto

1954 2080 2252 2151 majorem
2310 2079 2474 2153 apud
2518 2079 2778 2152 populos
2834 2079 3070 2135 habetis
3135 2079 3554 2134 auctoritatem
3589 2124 3605 2148 ,

1953 2173 2360 2242 prmterquam
2390 2168 2557 2241 quod
2579 2168 2681 2224 Dei
2701 2169 2882 2224 etiam
2905 2168 3098 2237 gratia
3116 2183 3224 2224 vos
3247 2167 3499 2238 adjuvat
3527 2169 3606 2224 ad

1955 2258 2431 2314 sucCurrendum
2479 2257 2552 2313 iis
2592 2257 2697 2330 qui
2735 2261 3058 2312 vexantur.
3109 2256 3281 2322 Quod
3329 2256 3379 2310 si
3426 2258 3605 2312 etiam

1956 2347 2242 2403 concordi
2281 2347 2487 2402 animo
2518 2345 2722 2418 plures
2763 2345 2942 2401 simul
2987 2344 3198 2400 eadem
3244 2344 3600 2416 decernetis,

1951 2437 2343 2509 perspicuum
2387 2439 2476 2491 est
2513 2435 2960 2491 multitudinem
2991 2433 3445 2490 decernentium
3475 2449 3608 2490 om-

1950 2525 2128 2580 nibus
2154 2540 2608 2597 persuasuram,
2637 2529 2701 2580 ut
2739 2523 3046 2580 decretum
3078 2523 3226 2578 citra
3255 2527 3604 2578 controver-

1950 2613 2101 2670 siam
2124 2613 2472 2685 suscipiant.

2019 2791 2072 2843 3.
2119 2789 2217 2842 Est
2255 2786 2456 2858 itaque
2504 2800 2664 2841 unus
2705 2801 2776 2841 ex
2821 2785 2912 2854 iis,
2969 2785 3072 2857 qui
3120 2785 3298 2841 nobis
3341 2784 3600 2841 multum

1948 2876 2232 2933 exhibent
2296 2875 2621 2944 molestiae,
2678 2875 3020 2931 Eustathius
3074 2891 3147 2930 ex
3209 2875 3482 2931 Sebastia
3538 2875 3598 2930 in

1945 2966 2178 3022 minore
2209 2965 2514 3034 Armenia,
2557 2963 2663 3036 qui
2702 2964 2844 3020 olim
2901 2964 3151 3020 edoctus
3200 2965 3278 3019 ab
3326 2963 3484 3028 Ario,
3544 2966 3602 3018 et

1947 3071 2084 3112 cum
2115 3055 2166 3110 is
2196 3053 2438 3110 ﬂoreret
2460 3053 2835 3109 Alexandriae
2869 3069 3090 3126 pravas
3121 3053 3180 3108 in
3211 3051 3596 3121 Uuigenitum

229 3138 662 3216 Ἀλεξανδρείας,
729 3145 821 3206 τὰς
877 3147 1108 3219 πονηρὰς
1173 3147 1306 3198 κατά
1363 3153 1457 3198 τοῦ
1517 3153 1829 3218 Μονογενοῦς

1950 3147 2302 3200 construens
2343 3142 2784 3215 blasphemias,
2823 3158 2963 3197 eum
2993 3146 3256 3210 secutus,
3291 3141 3470 3214 406
3513 3145 3596 3196 at-

229 3233 497 3292 συντιθεὶς
545 3230 916 3305 βλασφημίας,
978 3231 1277 3286 ἀκολυυθῶν
1335 3233 1528 3307 ἐκείνῳ,
1581 3239 1670 3288 καὶ
1725 3243 1833 3298 τοῖς

224 3322 616 3391 γνησιωτοὶτοις
702 3321 862 3374 αὐτοῦ
951 3330 1050 3374 τῶν
1143 3324 1389 3395 μαθητῶν
1463 3322 1832 3399 ἐναριθμούμεο

223 3430 311 3472 νος
342 3413 436 3482 (5),
495 3408 674 3470 ἐπειδὴ
727 3411 1005 3472 ἐπανῆλθεν
1049 3413 1118 3476 εἰς
1158 3418 1251 3473 τὴν
1301 3414 1504 3481 ἑαυτοῦ,
1549 3422 1623 3467 τῶ
1653 3435 1829 3488 μακα-

219 3503 466 3574 ριωτάτῳ
521 3499 786 3573 ἐπίσκόπῳ
846 3503 922 3574 (6)
983 3502 1272 3576 Ἑρμογένει
1325 3504 1394 3574 τῷ
1465 3510 1825 3578 Καισαρείας,

222 3593 457 3662 κρίνοντι
497 3593 651 3642 αὐτὸν
709 3589 792 3643 ἐπὶ
843 3599 906 3663 τῇ
963 3589 1272 3664 κακοδοξίᾳ,
1333 3592 1608 3666 ὁμολογίαν
1665 3590 1828 3647 ἔδωκε

229 3680 460 3738 πίστεως
504 3679 712 3750 ὑγιοῦς.
751 3684 851 3732 Καὶ
895 3680 1030 3732 οὕτω
1086 3684 1180 3739 τὴν
1222 3686 1546 3756 χειροτονίαν
1593 3682 1679 3735 ὑπ’
1736 3683 1827 3735 αὖ·

221 3772 322 3817 τοῦ
381 3762 651 3840 δεξάμενος
694 3769 796 3839 (7),
837 3771 968 3842 μετά
1012 3774 1106 3827 τὴν
1155 3769 1349 3822 ἐκείνου
1405 3776 1655 3845 κοίμησιν
1698 3775 1823 3846 πρὸς

217 3858 310 3907 τόν
364 3854 448 3908 ἰπὶ
505 3864 595 3917 τῆς
632 3858 1211 3920 Κωνσταντινουπόλεως
1251 3859 1496 3912 Εὐσέϐιον
1550 3856 1770 3935 ἔδραμεν
1803 3906 1818 3932 ,

217 3941 432 4006 οὐδενός
479 3945 686 3998 ἔλαττον
729 3950 819 3998 καὶ
872 3947 1024 3999 αὐτόν
1080 3951 1137 4000 τὸ
1179 3944 1429 4010 δυσσεϐες
1493 3945 1670 4022 δόγμα
1728 3958 1820 4002 τοῦ

216 4033 428 4106 ’Λρείον
486 4033 884 4107 πρεσϐεὐοντα.
946 4037 1072 4088 Εἶτα
1131 4034 1318 4089 ἐκεῖθεν
1386 4033 1476 4090 διὰ
1542 4038 1654 4098 οἰας
1723 4035 1816 4096 δή·

214 4142 344 4175 ποτε
389 4125 470 4192 (8)
526 4123 698 4186 αἰτίας
745 4122 1052 4191 ἀπελαθεὶς,
1094 4124 1253 4178 ἐλθὼν
1308 4134 1421 4189 τοῖς
1464 4125 1548 4179 ἐπί
1586 4135 1679 4189 τῆς
1721 4147 1816 4179 πα-

211 4209 398 4287 τρίδος
465 4211 828 4285 ἀπελογήσατο
888 4215 1079 4266 πάλιν·
1130 4219 1188 4267 τό
1243 4218 1332 4288 μὲν
1391 4213 1648 4280 δυσσεϐὲς
1707 4216 1814 4268 ἐπι-

212 4304 571 4375 κρυπτόμενος
619 4305 893 4375 φρόνημα,
945 4303 1193 4377 ῥημάτων
1254 4301 1312 4356 δέ
1367 4324 1482 4356 τινα
1557 4305 1813 4378 ὀρθότητα

1942 3250 2060 3307 que
2098 3233 2254 3289 inter
2281 3233 2777 3303 germanissimos
2813 3231 2971 3287 illius
3010 3231 3339 3302 discipulos
3377 3247 3594 3286 nume-

1938 3326 2135 3389 ratus,
2182 3325 2583 3394 posteaquam
2611 3319 2786 3378 rediit
2814 3321 2875 3376 in
2919 3321 3198 3393 patriam,
3238 3319 3591 3376 beatissimo

1941 3412 2223 3466 Caesareae
2255 3410 2541 3482 episcopo
2573 3409 2948 3482 Hermogeni,
2982 3409 3184 3482 ipsum
3222 3409 3302 3464 ob
3331 3424 3588 3481 pravam

1936 3499 2274 3555 doctrinam
2332 3497 2798 3566 condemnanti,
2840 3498 3283 3555 confessionem
3309 3514 3474 3553 sanae
3513 3498 3587 3553 ti-

1935 3587 2032 3644 dei
2073 3588 2308 3644 obtulit.
2348 3591 2541 3659 Atque
2588 3589 2668 3644 ita
2721 3587 2800 3643 ab
2861 3588 2997 3660 ipso
3051 3587 3395 3657 ordinatus,
3447 3592 3585 3658 post

1931 3677 2091 3734 illius
2121 3676 2544 3732 dormitionem
2577 3675 2779 3732 statim
2821 3676 2898 3732 ad
2945 3675 3266 3731 Eusebium
3298 3678 3583 3732 Constan-

1932 3765 2393 3838 tinopolitanum
2430 3764 2705 3832 accurrit,
2739 3765 2842 3836 qui
2891 3770 2947 3820 et
2989 3764 3116 3836 ipse
3158 3763 3386 3819 nemini
3429 3778 3578 3818 con-

1930 3854 2183 3911 cedebat
2221 3853 2283 3910 in
2330 3853 2520 3925 impio
2565 3853 2681 3908 Arii
2730 3853 3017 3923 dogmate
3065 3853 3309 3908 tuendo.
3357 3852 3576 3907 Deinde

1927 3946 2068 4003 hinc
2109 3944 2186 4000 ob
2225 3944 2459 4016 aliquas
2507 3958 2726 3999 causas
2754 3987 2768 4014 ,
2816 3959 3198 4015 quaecunque
3254 3941 3369 3997 illae
3418 3941 3570 4012 sint,

1927 4040 2233 4108 expulsus,
2267 4049 2403 4089 cum
2448 4033 2528 4088 ad
2575 4049 2718 4088 suos
2768 4032 3094 4105 populares
3142 4033 3439 4098 venisset,
3473 4031 3572 4086 ite-

1924 4142 2059 4182 rum
2108 4139 2272 4178 sesse
2330 4122 2624 4195 purgavit,
2676 4122 2928 4195 impiam
2969 4121 3216 4195 quidem
3261 4123 3570 4177 occultans

1923 4212 2277 4270 sententiam
2315 4228 2326 4277 ;
2368 4212 2428 4267 in
2468 4211 2669 4267 verbis
2703 4218 2906 4268 autem
2937 4211 3081 4267 recti
3112 4211 3344 4283 aliquid
3388 4215 3444 4267 et
3473 4226 3568 4266 ac-

1922 4302 2109 4359 eurati
2143 4318 2266 4374 prie
2298 4317 2360 4356 se
2397 4301 2613 4356 ferens.
2639 4302 3065 4373 Episcopatum
3096 4301 3244 4356 forte
3275 4300 3528 4372 adeptus
3553 4339 3567 4365 ,

213 4389 630 4463 προϐαλλόμενος
685 4392 774 4462 (9).
830 4395 929 4444 Καὶ
984 4396 1162 4463 τυχὼν
1225 4400 1317 4452 τῆς
1379 4391 1690 4463 ἐπισκοπῆς,
1745 4394 1810 4455 ὠς

1950 4394 2076 4450 Ilico
2125 4391 2489 4465 comperitur
2546 4391 3120 4447 anatlicmatismum
3173 4389 3569 4445 consubstan-

213 4529 821 4656 δοὲῗίζοΜετ-αδιδόναι.
873 4533 1050 4591 Coisl.
1102 4533 1334 4607 primus
1373 4538 1430 4592 et
1473 4535 1623 4591 Med.
1655 4556 1811 4608 μετα-

251 4623 426 4656 ουναι.

286 4679 399 4748 (98)
444 4676 575 4748 Παρέ
620 4677 766 4748 ἡμῖν.
822 4676 969 4732 Editi
1007 4676 1241 4733 addunt
1284 4682 1374 4730 καὶ
1410 4680 1474 4730 τὰ
1519 4676 1807 4733 σκάνδαλα.

213 4747 393 4814 Quod
421 4747 901 4803 additamentum
927 4748 1093 4804 deest
1115 4748 1176 4803 in
1200 4751 1332 4804 octo
1367 4765 1511 4804 mss.

286 4820 406 4886 (99)
449 4822 673 4892 4fav:pé~g_
693 4825 1083 4892 καταστησατε.
1115 4819 1358 4874 Videtur
1384 4820 1583 4892 prima
1613 4820 1812 4892 specie

214 4889 559 4962 accuratior
576 4888 880 4962 editorum
917 4889 1112 4962 lectio
1132 4888 1806 4962 φανεροὺς“καταστήὀ”ητε.

217 4960 336 5016 Sed
358 4965 561 5015 tamen
581 4959 888 5016 discedere
911 4976 1031 5016 non
1057 4959 1197 5017 libet
1213 4959 1290 5017 ab
1312 4963 1658 5018 auctoritate
1677 4967 1812 5018 octo

216 5037 488 5086 veterum
517 5031 830 5104 librorum,
854 5048 993 5087 cum
1032 5033 1360 5104 praesertim
1391 5048 1599 5104 eorum
1627 5033 1811 5104 scrip-

217 5106 376 5170 tura,
405 5119 593 5174 quam
625 5103 689 5174 in
713 5107 875 5157 textu
914 5103 1250 5174 posuimus,
1283 5103 1606 5159 commodo
1633 5103 1811 5159 sensu

217 5188 345 5248 non
393 5173 614 5248 careat.
675 5173 912 5248 Legitur
960 5173 1139 5228 etiam
1182 5179 1408 5248 fouenda
1447 5175 1506 5229 in
1544 5174 1814 5248 editione

221 5246 454 5312 Hagan.
493 5243 718 5298 Ibidem
747 5244 1058 5300 Medicaeus
1087 5243 1278 5300 codex
1307 5243 1446 5301 cum
1484 5244 1671 5300 tribus
1711 5249 1815 5300 Be-

221 5316 337 5387 giis
367 5314 706 5376 Ἐκκλησίαις
735 5316 899 5386 ὑμῶν.
952 5315 1066 5370 Sed
1110 5317 1304 5385 magis
1336 5316 1530 5387 placet
1574 5315 1818 5385 vulgata

221 5386 540 5458 scriptura.
568 5387 762 5458 Supra
788 5387 948 5458 enim
979 5391 1266 5458 rogantur
1291 5386 1718 5458 Occidentales,
1756 5391 1820 5443 ut

221 5457 530 5528 ejusmodi
561 5457 834 5512 homines
856 5457 1107 5528 Orientis
1133 5457 1408 5513 Ecclesiis
1444 5457 1816 5513 denuntient.

296 5530 380 5598 (l)
421 5532 638 5604 Μακράν
669 5529 864 5604 αὐτῷν.
905 5527 1083 5584 Coisl.
1116 5528 1349 5604 primus
1372 5529 1596 5604 et‘Med.
1619 5533 1821 5604 μακρὰν

223 5599 426 5672 ατξτοῖς.
453 5598 677 5672 ibidem
700 5598 842 5656 editi
867 5598 1138 5672 τοσουτονξ
1167 5599 1337 5655 Cois].
1363 5600 1593 5672 primus
1619 5598 1679 5656 et
1707 5598 1824 5657 tres

224 5671 324 5728 alii
352 5675 422 5727 ut
449 5670 510 5726 in
540 5673 720 5728 textu.
744 5673 875 5729 Mox
904 5669 1141 5727 codices
1178 5669 1452 5727 nonnulli
1479 5673 1610 5745 πρὸς
1639 5675 1716 5728 τό.

1993 4536 2070 4609 (2)
2111 4537 2262 4609 Παρά
2287 4541 2377 4586 τοῦ
2409 4539 2564 4609 Θεοῦ.
2599 4534 2769 4609 Deest
2807 4530 3145 4604 praepositio
3174 4529 3440 4609 in__C_oi_sl.
3478 4535 3528 4585 t.

1992 4603 2070 4678 (3)
2113 4603 2638 4665 Κοεπισκευοῑξόντων.
2698 4606 2784 4660 Ita
2811 4603 2987 4660 ’mss.
3032 4609 3188 4659 octo.
3231 4603 3376 4660 Edili
3402 4621 3565 4675 παρα-

1920 4698 2042 4732 σκευ
2050 4677 2294 4738 αζόντων.

1993 4751 2070 4820 (li)
2113 4753 2212 4800 Καὶ
2243 4747 2346 4801 ὅτε.
2379 4745 2731 4816 Conjunctio
2757 4744 2965 4800 addita
2994 4761 3066 4800 ex
3097 4760 3210 4820 se;
3225 4762 3368 4820 mss.

1991 4816 2069 4891 (5)
2107 4819 2592 4892 Ἔναριθμούμενος.
2639 4820 2721 4871 Ita
2751 4821 2886 4871 octo
2919 4833 3065 4892 mss.
3110 4816 3258 4892 Editi
3299 4816 3345 4868 ἐν
3388 4824 3562 4879 τοῖς...

1921 4886 2325 4965 ἀριθμούμεῡος
2346 4886 2594 4965 excepta
2624 4892 2824 4943 tamen
2865 4886 3122 4944 editione
3160 4887 3398 4958 Hagan.
3427 4905 3563 4960 qum

1919 4957 2060 5018 cum
2090 4957 2235 5016 mss.
2267 4957 2580 5014 consentit.

1993 5035 2068 5104 (6)
2103 5033 2428 5104 Ἐπισκόπῳ.
2448 5031 2623 5104 Deest
2643 5043 2726 5104 ea
2752 5043 2882 5104 vos
2900 5029 2960 5084 in
2987 5029 3192 5104 codice
3222 5030 3516 5088 Medicteo.

2112 5098 2406 5183 Δεξαμενος.
2448 5099 2551 5155 Hic
2579 5098 2728 5183 ‘edi‘ti
2766 5099 2998 5183 addunt
3037 5103 3355 5183 Ρζῷσῖάθιος,
3400 5099 3567 5182 quod

1922 5171 2137 5231 melius
2182 5171 2354 5228 abest
2405 5187 2441 5244 a
2483 5171 2791 5244 codicibus
2842 5173 2994 5244 Harl.
3037 5179 3094 5229 et
3142 5173 3316 5228 Cois].
3351 5171 3566 5244 primo.

1929 5245 2110 5302 Paulo
2131 5249 2269 5316 post
2299 5243 2608 5316 Medicasus
2629 5243 2819 5316 codex
2849 5243 2902 5316 ἐν
2929 5243 3487 5316 Κωνσταντινουπίόλει.

1999 5317 2075 5386 (8)
2239 5315 2356 5386 οἵας
2392 5312 2606 5373 δήποτε.
2651 5314 2734 5386 ita
2783 5314 2928 5370 Med.
2986 5320 3043 5371 et
3094 5316 3266 5371 Coisl.
3312 5314 3567 5386 primus.

1928 5383 2078 5442 Editi
2126 5383 2198 5439 δι’
2228 5387 2285 5447 ἃς
2329 5383 2545 5444 δήποτε.
2581 5385 2765 5457 Paulo
2803 5391 2942 5457 post
2971 5387 3029 5440 in
3061 5386 3235 5457 Cois].
3278 5383 3472 5456 primo
3517 5387 3576 5439 et

1929 5457 2060 5514 aliis
2088 5457 2393 5513 nonnullis
2425 5458 2639 5527 legitur
2659 5455 3042 5528 ἀπελογήσατο,
3064 5456 3216 5528 πάλιν
3243 5455 3321 5525 τό,
3362 5461 3472 5510 etc.

2002 5531 2080 5600 (9)
2121 5525 2552 5602 Πρρϐαλλόμενος.
2603 5525 2886 5602 Ιζξιλωέε.
2934 5543 3050 5582 sex.
3103 5525 3576 5602 ῌάἱιὶλπροσϐαλ-

1933 5597 2396 5673 λόμ-ενοςίΡᾶΠΙσ
2415 5605 2552 5673 post
2580 5599 2719 5656 editi
2751 5603 2980 5670 φαίνεται
3006 5597 3232 5670 γράψαι.
3267 5597 3379 5656 Sex
3429 5614 3574 5654 mss.

1935 5671 2003 5728 ut
2027 5671 2089 5727 in
2118 5675 2300 5729 textu.
