4074 6220
239 336 331 389 981

236 549 563 619 χειροτονίαν
622 543 938 616 ἐπιλήψιμον
991 547 1126 616 ἔχει,
1156 545 1307 597 αὐτοὶ
1337 547 1398 597 ἄν
1440 548 1651 597 εἴποιτε·
1695 548 1834 618 ἡμᾶς

238 633 298 689 δε
352 636 521 703 λυπεῖ,
574 642 684 695 τοῖς
738 633 1039 707 Μαρκέλλου
1109 637 1513 708 προσπεπονθὼς
1738 632 1835 687 δο-

234 745 426 798 γμασι,
456 727 696 786 καὶτοὺς
739 722 1153 785 ἀκολουθοῦντας
1205 724 1345 794 αὐτῷ
1396 720 1709 797 ἀδιακρίτως
1764 724 1837 786 εἰς

234 819 331 873 τὴν
357 815 626 865 κοινωνίαν
672 811 860 864 ἑαυτοῦ
890 815 1243 885 προσιέμενος.
1299 810 1492 865 Οἴδατε
1546 809 1624 884 δὲ,
1681 810 1835 865 ἀδελ-

236 908 323 975 φοὶ
361 908 693 975 τιμιώτατοι,
738 902 819 953 ὅτι
861 902 1035 962 πάσης
1079 904 1226 974 ἡμῶν
1254 910 1352 965 τῆς
1389 898 1603 964 ἔλπίὸος
1644 901 1837 961 ἀθέτη-

237 1011 323 1045 σιν
345 994 459 1064 ἕχει
495 994 557 1043 τὸ
593 990 896 1064 Μαρκελλου
925 986 1123 1062 δόγμα,
1168 992 1289 1043 οὗτε
1315 994 1434 1044 Υίὸν
1473 989 1521 1043 ἐν
1556 987 1674 1063 ἰδία
1702 993 1838 1045 ὑπο-

236 1083 422 1133 στάσει
486 1078 792 1152 ὁμολογοῦν,
860 1077 989 1131 ἀλλὰ
1048 1081 1426 1152 προενεχθέντα
1457 1121 1472 1145 ,
1530 1084 1623 1132 καὶ
1685 1080 1837 1132 πάλιν

232 1168 640 1244 ὑποστρέψαντα
675 1168 749 1230 εἰς
812 1171 899 1220 τὸν
964 1166 1078 1221 ὃθεν
1141 1168 1415 1241 προῆλθεν,
1448 1171 1565 1221 οὔτε
1587 1172 1673 1221 τὸν
1734 1176 1840 1222 Πα-

229 1259 490 1331 ράκλητον
554 1254 706 1319 ἰδίως
764 1259 1110 1329 ὑφεστηκέναι
1169 1264 1503 1330 συγχωροῦν·
1565 1258 1699 1310 ὣστε
1746 1258 1840 1310 οὐκ

229 1350 296 1400 ἀν
343 1367 421 1408 τις
466 1346 694 1421 ἁμάρτοι
748 1353 1175 1418 Χριστιανισμοῦ
1233 1349 1322 1418 μὲν
1392 1346 1649 1409 παντελῶς
1688 1346 1841 1399 ἀλλο-

228 1441 381 1511 τρίαν
438 1435 732 1508 ἀποφαίνων
781 1440 876 1493 τὴν
938 1438 1161 1510 αἵρεσίν,
1222 1433 1557 1508 Ἰουδαισμὸν
1607 1433 1665 1489 δὲ
1710 1456 1842 1511 παρ-

229 1528 544 1600 εφθαρμένον
601 1525 764 1583 αὐτὴν
820 1526 1244 1599 προσαγορεύων.
1315 1527 1519 1577 Τούτων
1588 1529 1684 1583 τὴν
1733 1524 1842 1577 ἐπι-

228 1616 439 1687 με’λειαν
486 1617 729 1685 γενέσθαι
785 1614 911 1689 παρ’
975 1615 1115 1686 ὑμῶν
1195 1613 1567 1686 ἐπιζητοῦμεν.
1641 1618 1842 1667 Γένοιτο

229 1701 285 1758 δ’
317 1706 402 1769 ἄν,
461 1703 505 1756 εἰ
543 1702 832 1755 ἐπιστεῖλαι
871 1703 1232 1766 καταξιώσητε
1284 1704 1485 1765 πάσαις
1537 1710 1652 1765 ταῖς
1707 1707 1844 1757 κατὰ

1128 333 1620 390 EPISTOLARUM
1666 333 1956 391 CLASSIS
2013 335 2082 392 Ιῐ.
2146 334 2373 392 EPIST.
2427 338 2695 394 CCLXIV.

307 464 361 514 5.
412 457 470 509 ¢0
521 456 695 528 μέντοι
751 454 1026 519 Παυλῖνος,
1082 456 1127 508 εἰ
1184 461 1276 528 μέν
1316 477 1368 508 τι
1416 462 1505 509 καὶ
1560 462 1678 531 περὶ
1739 458 1912 516 τὴνΑ

3492 348 3601 403 982

2017 465 2069 517 5.
2099 460 2386 516 Paulinus
2417 465 2867 521 autemutrum
2917 467 3148 538 aliquid
3185 472 3243 525 et
3297 470 3458 526 circa
3499 486 3602 527 or-

1944 548 2315 605 dinationem
2346 552 2797 623 reprehensioni
2829 555 3163 612 obnoxium
3209 558 3452 625 habeat,
3485 560 3603 631 ipsi

1944 638 2370 694 dixeritis.Nos
2401 654 2545 695 sane
2572 656 2830 697 maerore
2874 643 3077 712 afﬁcit,
3130 647 3298 718 quod
3349 648 3410 705 in
3456 651 3602 704 Mar-

1944 727 2075 783 celli
2103 727 2393 797 dogmata
2416 729 2772 801 prOpendet,
2802 748 2873 788 ac
2908 733 3068 789 illius
3114 740 3438 793 sectatores
3470 737 3603 794 sine

1944 815 2289 872 discrimine
2310 817 2388 872 ad
2421 833 2599 873 suam
2628 821 3123 879 communionem
3148 824 3426 881 admittit.
3473 827 3602 882 Sci-

1944 907 2019 964 tis
2047 906 2231 973 enim,
2261 907 2475 964 fratres
2511 907 2773 965 maxime
2804 911 3059 983 colendi,
3116 929 3288 985 spem
3331 920 3606 974 nostram

1945 1012 2193 1053 omnem
2253 998 2439 1053 everti
2507 998 2759 1055 Marcelli
2823 999 3128 1071 dogmate,
3180 1004 3349 1075 quod
3397 1021 3601 1079 neque

1950 1086 2160 1142 Filium
2217 1086 2281 1142 in
2319 1088 2565 1158 propria
2592 1087 2908 1159 hypostasi
2956 1090 3292 1161 conﬁtetur,
3338 1093 3446 1149 sed
3473 1110 3609 1166 pro-

1947 1174 2140 1231 latum
2195 1190 2369 1241 esse,
2423 1178 2480 1233 et
2525 1192 2734 1232 rursus
2794 1193 3105 1235 reversum
3153 1181 3234 1237 ad
3290 1197 3475 1251 eum,
3533 1199 3609 1239 ex

1948 1280 2072 1336 quo
2101 1268 2495 1335 processerat,
2557 1280 2753 1337 neque
2802 1267 3176 1324 Paracletum
3222 1270 3607 1342 hypostasim

1950 1354 2262 1426 propriam
2306 1353 2531 1409 habere
2583 1355 2895 1412 concedit:
2947 1373 3135 1428 quare
3186 1375 3312 1415 non
3364 1361 3611 1418 aberra-

1953 1444 2118 1513 verit,
2149 1443 2256 1514 qui
2308 1458 2343 1498 a
2388 1442 2842 1499 Christianismo
2895 1446 3135 1515 penitus
3202 1447 3463 1504 alienam
3492 1450 3613 1505 hae-

1949 1531 2131 1586 resim
2155 1530 2502 1603 pronuntiet
2532 1574 2546 1599 ,
2594 1532 3091 1588 aC‘Judaismum
3142 1541 3494 1607 corruptum
3544 1538 3611 1594 il-

1949 1620 2074 1676 lam
2121 1619 2403 1691 appellet.
2453 1623 2491 1672 A
2555 1620 2728 1675 vobis
2785 1624 2851 1675 ut
2897 1620 3118 1677 horum
3158 1639 3371 1682 curam
3427 1626 3613 1682 susci-

1950 1710 2131 1781 piatis
2161 1708 2590 1777 efﬂagitamus.
2618 1709 2960 1780 Suscipietis
2981 1716 3209 1781 autem,
3244 1714 3293 1768 si
3323 1715 3610 1770 omnibus

224 1799 327 1852 τὴν
387 1792 663 1850 ’Λνατολὴν
716 1792 1071 1859 Ἐκκλησίαις,
1135 1795 1256 1853 τοὺς
1284 1800 1454 1844 ταῦτα
1489 1796 1845 1867 παραχαράσ-

1954 1797 2206 1855 Orientis
2255 1796 2531 1852 Ecclesiis
2584 1797 2844 1853 scribere
2894 1814 3019 1855 non
3092 1802 3447 1874 gravemini,
3507 1819 3613 1860 eos

232 1902 446 1949 σοντας,
497 1887 539 1933 εὶ
590 1884 681 1954 μὲν
740 1877 1055 1955 διορθοίντο,
1104 1877 1234 1933 εἶπαι
1288 1885 1640 1944 κοινωνικούς·
1689 1883 1732 1935 εἰ
1783 1879 1843 1935 δὲ

229 1971 491 2043 ἐπιμένειν
574 1970 868 2042 φιλονείκως
948 1969 1222 2043 βούλοιντο
1282 1977 1399 2032 ταῖς
1465 1977 1841 2043 καινοτομίαις,

229 2060 569 2134 χωρίζεσθαι
622 2058 713 2110 ἀπ’
758 2059 946 2114 αὐτῶν.
1001 2064 1102 2111 Καὶ
1146 2060 1228 2111 ὅτι
1256 2061 1347 2131 μεν
1403 2057 1509 2112 ἔδει
1540 2063 1679 2133 ἡμᾶς
1717 2081 1842 2113 συνα

232 2150 541 2227 εὸρεύοντας
589 2152 721 2223 μετὰ
778 2156 869 2209 τῆς
922 2150 1169 2224 ὑμετέρας
1220 2156 1518 2224 φρονήσεως
1594 2150 1645 2203 ἐν
1693 2159 1836 2225 κοινῇ

234 2240 420 2312 σκέψει
450 2242 518 2294 τα
562 2244 681 2312 περὶ
708 2242 902 2291 τούτων
943 2234 1232 2308 διαλαϐεῖν,
1272 2235 1397 2292 οῦδέ
1441 2241 1590 2294 αὐτοὶ
1618 2240 1841 2313 ἀγνοοῦ-

231 2349 345 2402 μεν·
417 2327 522 2380 ἀλλ’
591 2324 771 2385 ἐπειδὴ
840 2328 866 2378 ὁ
932 2330 1111 2402 καιρὸς
1173 2327 1265 2379 οὐκ
1328 2325 1581 2381 ἐνδίδωσι
1646 2334 1841 2383 καὶτὸ

232 2417 618 2473 ἀναϐάλλεσθαι
666 2415 939 2489 βλαϐερὸν,
978 2425 1070 2477 τῆς
1113 2415 1201 2468 ἀπ’
1245 2425 1384 2469 ατῶν
1436 2421 1550 2489 (16)
1626 2418 1833 2491 βλάϐης

672 2504 971 2577 ἀναγκαίως
1042 2504 1414 2578 ἀπεστείλαμεν
1496 2512 1614 2568 τοὺς
1695 2506 1845 2561 ἀδελ-

232 2600 383 2669 φούς·
442 2595 525 2649 ίνα
569 2598 673 2649 ὃσα
717 2599 807 2648 καὶ
868 2599 963 2654 τὴν
992 2594 1047 2648 ἐκ
1074 2602 1165 2648 τοῦ
1215 2599 1522 2670 γράμματος
1581 2594 1844 2650 διδασκα-

231 2687 347 2739 λίαν
405 2685 679 2760 παρελαθε,
730 2692 899 2736 ταῦτα
972 2684 1095 2759 παρ’
1166 2684 1360 2736 ἑαυτῶν
1408 2683 1839 2755 ἁναδιὸάξαντες,

232 2507 417 2582 ἐῤῥιξω
421 2511 593 2579 μένης,

230 2780 527 2833 κινήσωσιν
576 2776 721 2845 ὑμῶν
772 2778 867 2831 τὴν
927 2772 1190 2826 εὐλάϐειαν
1247 2773 1319 2836 εἰς
1359 2776 1418 2826 τὸ
1461 2778 1843 2847 παρασχέσθαι

230 2870 333 2923 τὴν
387 2863 804 2935 ἐπιζμτουμένην
859 2861 1108 2934 βοήθειαν
1144 2870 1262 2927 ταῖς
1289 2869 1383 2916 τοῦ
1437 2872 1571 2917 Θεοῦ
1626 2865 1841 2925 Ἐκκλη-

231 2958 400 3014 σίαις.

784 3046 1111 3094 ΕΠΙΣΤΟΔΗ
1151 3043 1285 3095 ΣΞΔ.

1950 1887 2057 1960 qui
2086 1887 2217 1941 haec
2247 1885 2603 1958 depravant,
2647 1885 2697 1941 si
2750 1886 3149 1959 corrigantur,
3198 1890 3608 1949 admittendos

1952 1976 2032 2034 ad
2061 1975 2556 2032 communionem
2584 1997 2599 2041 ;
2624 1975 2718 2030 sin
2760 1979 2963 2032 autem
3012 1979 3394 2048 pertinaciter
3435 1982 3611 2038 novi-

1952 2065 2174 2121 tatibus
2222 2063 2632 2119 adhaerescere
2674 2064 3110 2137 voluerint,'_ab
3170 2068 3447 2125 Ecclesiis
3507 2070 3615 2125 ab~

1953 2153 2340 2223 scindendos,
2404 2157 2585 2225 atque
2634 2154 2697 2208 id
2748 2153 2997 2226 quidem
3048 2154 3273 2213 factum
3341 2174 3378 2215 a
3428 2158 3614 2215 nobis

1952 2243 2313 2316 oportuisse,
2347 2245 2412 2297 ut
2436 2258 2558 2298 una
2583 2258 2723 2298 cum
2781 2247 2979 2300 vestra
3024 2245 3349 2316 prudentia
3399 2247 3617 2303 seden-

1954 2338 2067 2399 tes,
2088 2330 2402 2388 communi
2438 2330 2872 2387 deliberatione
2899 2332 2975 2387 de
3002 2332 3097 2388 his
3140 2349 3486 2403 ageremus,
3533 2353 3613 2393 ne

1950 2420 2066 2493 ipsi
2105 2419 2357 2492 quidem
2416 2419 2797 2488 ignoramus.
2856 2419 2971 2477 Sed
3026 2423 3321 2493 quoniam
3372 2428 3613 2496 tempus

1952 2527 2075 2568 non
2101 2509 2410 2581 permittit,
2442 2514 2499 2565 et
2527 2508 2735 2565 dilatio
2780 2510 3034 2567 exitiosa
3062 2516 3172 2576 est,
3204 2512 3370 2569 illato
3407 2513 3486 2569 ab
3517 2514 3615 2587 ip-

1952 2601 2033 2655 sis
2057 2600 2286 2654 damno
2316 2596 2521 2653 radice
2551 2602 2786 2668 agente,
2840 2600 3183 2656 necessario
3236 2602 3351 2657 hos
3404 2602 3620 2660 fratres

1951 2688 2249 2751 misimus,
2272 2690 2339 2743 ut
2357 2690 2413 2741 et
2443 2702 2827 2758 quaecunque
2864 2685 3198 2743 litterarum
3242 2690 3617 2749 documenta.

1952 2777 2325 2846 effugerunt,
2365 2776 2495 2830 haec
2520 2790 2628 2847 per
2656 2791 2718 2831 se
2760 2776 2883 2846 ipsi
2923 2776 3266 2845 edocentcs,
3328 2779 3618 2850 pietatem

1950 2870 2215 2922 vestram
2260 2864 2507 2919 incitent
2536 2863 2616 2919 ad
2672 2864 3001 2937 expetitum
3049 2865 3150 2921 Dei
3198 2866 3475 2922 Ecclesiis
3528 2868 3614 2924 fe-

1950 2953 2210 3010 rendum
2240 2950 2558 3019 auxilium,

2428 3041 2770 3098 EPISTOLA
2809 3044 3099 3099 CCLXIV'.

228 3168 496 3224 Bursam
530 3164 1040 3237 Basilius,oblata
1068 3167 1380 3222 occasione
1408 3167 1694 3223 Domnini
1723 3174 1781 3224 et
1805 3173 2098 3226 sociorum
2120 3168 2515 3238 ejus,salutat
2546 3171 2601 3222 et
2624 3166 2910 3221 hortatur
2930 3172 2997 3222 ut
3022 3173 3152 3224 oret
3168 3183 3281 3238 pro
3300 3168 3577 3229 Ecclesia

723 3238 822 3291 cui
840 3238 1078 3308 quidem
1108 3245 1312 3306 sperat
1342 3239 1609 3294 Basilius
1633 3254 1845 3309 pacem
1870 3242 2079 3297 datum
2104 3241 2208 3305 iri,
2241 3240 2362 3294 nisi
2380 3240 2821 3308 appropinquet
2842 3239 3118 3307 defectio.

414 3336 615 3409 Βάρσῇ,
648 3334 917 3406 ἓπτσκόπῳ
944 3331 1218 3402 Ἐδέσσης,
1252 3335 1301 3387 ἓν
1333 3335 1506 3410 ἐξορίᾳ
1540 3341 1667 3393 ὄντι.

306 3449 394 3513 Τῷ
442 3443 507 3504 ὡς
564 3441 770 3504 ἀληθῶς
828 3441 1200 3514 θεοφιλεστάτῳ
1279 3446 1367 3494 καὶ
1441 3444 1619 3505 πάσης
1667 3441 1849 3505 αἰδοῦς

236 3537 333 3584 καὶ
362 3540 514 3603 τιμῆς
540 3530 664 3605 ἀξίῳ
706 3528 973 3602 ἓπισκὸπῳ
1021 3537 1194 3605 Βαρση
1252 3532 1519 3595 Βασίλειος
1573 3533 1620 3585 ἐν
1672 3539 1847 3608 Κυρίῳ

233 3624 470 3695 χαίρειν.
524 3620 847 3695 Ἐρχομένων
899 3628 997 3671 τῶν
1056 3623 1431 3691 γνησιωτάτων
1472 3617 1704 3694 ἀδελφῶν
1749 3631 1845 3674 τῶν

230 3715 356 3784 περὶ
413 3716 649 3782 Δομνίνον
697 3708 810 3781 (17)
866 3711 998 3781 πρὸς
1053 3713 1147 3766 τὴν
1180 3708 1445 3761 εὐλάϐειάν
1505 3730 1622 3781 σου,
1675 3708 1844 3775 ἡδέως

226 3805 327 3858 τὴν
357 3796 593 3873 ἀφορμὴν
622 3806 721 3851 τῶν
770 3799 1100 3871 γραμμάτων
1161 3794 1468 3870 ἐδεξάμεθα,
1524 3803 1619 3853 καὶ
1679 3820 1844 3873 προσσ

226 3892 549 3963 αοχορεὺομέν
598 3907 654 3940 σε
702 3884 777 3939 δι’
827 3887 1013 3945 αὐτῶν,
1070 3887 1353 3958 εὐχόμενοι
1419 3896 1492 3960 τῷ
1539 3888 1671 3961 ἁγίῳ
1728 3897 1841 3961 Θεῷ

228 3984 399 4052 μέχρι
423 3978 675 4029 τοσούτου
705 3975 1040 4049 φυλαχθῆναι
1092 3970 1204 4048 (18)
1234 3984 1297 4048 τῇ
1362 3978 1467 4049 ζωῇ
1501 3981 1688 4052 ταύτῃ,
1754 3983 1842 4051 μέ-

225 4088 357 4141 χρις
402 4066 464 4119 οὗ
502 4065 895 4138 καταξιωθῶμεν
952 4060 1079 4117 ἰδεῖν
1136 4084 1214 4131 σε,
1258 4070 1349 4118 καὶ
1407 4064 1703 4120 ἀπολαῦσαι
1745 4075 1843 4120 τῶν

226 4156 281 4210 ἐν
340 4162 427 4209 σοὶ
484 4157 855 4231 χαρισμάτων.
914 4159 1081 4208 Μόνον
1130 4155 1314 4227 εὔχου,
1353 4156 1660 4231 παρακαλῶ,
1710 4158 1842 4209 ῖναό

228 4250 427 4320 Κύριος
456 4250 528 4318 μὴ
590 4241 817 4321 παραδῷ
869 4246 1003 4315 ἡμᾶς
1059 4243 1129 4304 εἰς
1180 4244 1323 4304 τέλος
1367 4252 1472 4305 τοῖς
1516 4244 1723 4321 ἐχθροῖς
1749 4255 1840 4299 τοῦ

227 4343 467 4411 σταυροῦ
505 4340 597 4387 τοῦ
640 4340 894 4408 Χριστοῦ,
940 4333 1070 4386 ἀλλά
1119 4333 1316 4407 φυλάξῃ
1352 4335 1462 4405 (19)
1513 4338 1608 4396 τὰς
1657 4336 1839 4389 ἑαυτοῦ

224 4425 538 4485 Ἐκκλησίας
579 4428 742 4497 μέχρι
783 4429 873 4475 τοῦ
918 4430 1102 4497 καιροῦ
1150 4431 1239 4485 τῆς
1293 4424 1512 4495 εἰρήνης,
1563 4425 1625 4483 ἣν
1683 4425 1840 4478 αὐτὸς

226 4512 369 4568 οἶδεν
425 4516 451 4566 ὁ
510 4511 713 4574 δίκαιος
767 4516 947 4585 κριτὴς
994 4516 1118 4564 ποτε
1179 4508 1468 4567 ἀποδώσει.
1540 4510 1838 4567 Ἀποδώσει

298 4639 393 4709 (15
402 4648 420 4706 )
448 4638 880 4711 Προσπετςονθως.
903 4639 987 4692 Ita
1008 4636 1168 4711 Harl.
1200 4636 1536 4711 cumCoisl.
1563 4637 1831 4711 secundo

2173 3340 2394 3406 Barsar,
2453 3336 2690 3392 Edessa:
2727 3352 3022 3406 episcopo,
3068 3340 3397 3395 exsulanti.

2030 3447 2172 3501 Vere
2216 3444 2681 3514 religiosissimo
2737 3444 3024 3516 omnique
3062 3446 3397 3503 reverentia
3424 3451 3482 3504 et
3510 3448 3617 3505 ho-

1955 3549 2101 3589 nore
2130 3533 2317 3602 digno
2367 3533 2655 3604 episcopo
2716 3534 2909 3588 Barsaa
2970 3533 3307 3591 Basiliusin
3354 3539 3614 3594 Domino

1958 3622 2235 3678 salutem.
2271 3624 2415 3677 Cum
2446 3621 2927 3693 proficisceretur
2971 3624 3467 3691 germanissimus
3496 3625 3614 3682 fra-

1952 3713 2042 3767 ter
2073 3710 2405 3766 Domninus
2453 3709 2533 3765 ad
2569 3712 2738 3765 tuam
2790 3710 3094 3782 pietatem,
3139 3711 3394 3768 libenter
3444 3729 3613 3771 occas

1954 3799 2187 3855 sionem
2241 3798 2544 3854 scribendi
2575 3799 2940 3869 excepimus,
2975 3804 3156 3870 teque
3188 3816 3294 3871 per
3319 3800 3489 3857 illum
3518 3818 3611 3859 sa-

1950 3887 2235 3956 lutamus,
2270 3889 2457 3943 Deum
2490 3892 2771 3942 sanctum
2814 3892 3151 3959 precantes,
3184 3891 3249 3944 ut
3268 3890 3478 3946 tandiu
3506 3908 3610 3948 cu-

1951 3976 2284 4034 stodiamur
2338 3976 2401 4032 in
2438 3977 2555 4032 hac
2596 3977 2741 4045 vita,
2791 3976 2985 4033 donec
3023 3975 3194 4047 digni
3246 3977 3604 4050 habeamur,

1950 4066 2055 4138 qui
2084 4070 2139 4122 te
2179 4065 2524 4135 videamus,
2552 4081 2623 4122 ac
2649 4064 2848 4135 donis,
2889 4082 3027 4137 quae
3051 4066 3115 4144 in
3136 4068 3221 4144 rte
3266 4071 3423 4135 sunt,
3473 4083 3608 4140 per-

1950 4157 2244 4213 fruamur.
2274 4155 2539 4212 Tantum
2592 4171 2859 4229 precare,
2908 4133 3185 4227 obsecro,
3217 4160 3283 4212 ut
3313 4158 3605 4215 Dominus

1950 4246 2131 4320 408
2161 4262 2284 4302 non
2313 4246 2634 4302 tradatnos
2660 4246 2721 4301 in
2741 4251 3101 4319 perpetuum
3120 4247 3378 4303 inimicis
3410 4249 3603 4306 crucis

1950 4336 2179 4401 Christi,
2240 4334 2347 4392 sed
2406 4335 2703 4391 custodiat
2753 4335 3047 4392 Ecclesias
3098 4353 3239 4392 suas
3287 4352 3480 4408 usque
3520 4338 3601 4395 ad

1947 4430 2067 4483 tem
2078 4442 2187 4499 pus
2205 4426 2396 4497 pacis,
2410 4441 2595 4497 quam
2612 4424 2778 4479 novit
2795 4424 3327 4495 ipsejustusjudex
3350 4426 3598 4497 quando

1949 4514 2026 4572 sit
2065 4514 2431 4571 redditurus.
2489 4512 2715 4569 Reddet
2762 4514 2943 4578 enim,
2971 4528 3083 4568 nec
3138 4529 3250 4570 nos
3304 4517 3597 4586 perpetuo

1942 4638 2144 4710 plures
2174 4639 2566 4710 mitterentur,
2601 4654 2759 4710 unus
2790 4640 2992 4710 tamen
3021 4636 3451 4710 nominaretur.
3487 4640 3595 4695 Do-

224 4714 283 4766 et
311 4704 578 4782 quatuor
597 4707 907 4782 codicibus
939 4708 1181 4782 "Regiis.
1214 4707 1522 4782 Medicaeus
1555 4712 1612 4782 et
1653 4704 1827 4763 Coisl.
1867 4712 1909 4765 Ι)
1942 4704 2342 4782 ἱῃὶηοίειιιῐθω
2367 4704 3216 4782 aliquemadt'uissecomitem
3237 4710 3595 4782 conjicimus

223 4778 465 4853 primus
519 4780 904 4853 προπεπονθώς.
935 4779 1085 4834 Editi
1132 4781 1407 4853 πεποιθώς.
1462 4778 1645 4833 Paulo
1697 4784 1835 4853 post

227 4850 373 4907 éditi
404 4850 670 4923 κοινωνίαν
720 4850 881 4901 αὑτοῦ
927 4854 1223 4923 προέμενος.
1282 4851 1425 4906 Octo
1469 4856 1725 4923 mss._ut

224 4929 417 4979 textu.
448 4922 541 4978 Sic
569 4922 751 4977 etiam
781 4921 1174 4979 emendatum
1200 4927 1288 4977 est
1316 4923 1379 4979 in
1423 4921 1693 4977 secunda
1711 4921 1831 4979 edi-

228 4996 392 5050 tione
420 4993 755 5048 Parisiensi.

302 5068 415 5131 (16)
445 5072 551 5124 Τῆς
582 5064 668 5116 ἀπ’
701 5064 888 5118 αὐτῶν.
920 5065 1003 5119 Ita
1022 5068 1246 5119 veteres
1270 5062 1405 5119 libri
1419 5079 1660 5119 summo
1690 5080 1829 5121 con-

223 5151 433 5191 sensu.
473 5136 621 5191 Editi
650 5143 745 5197 τῆς
776 5136 866 5186 ὑπ’
896 5134 1083 5189 αὐτῶν.

301 5208 551 5281 mna)»
596 5212 712 5281 περὶ
766 5214 1024 5281 Δορινῐνον.
1082 5204 1391 5281 Existimat
1439 5205 1835 5281 Combeﬁsius

223 5272 425 5334 solum
466 5272 788 5334 Dominum
828 5272 1168 5332 sichonoris
1188 5278 1701 5345 causanominari,
1724 5295 1834 5333 nec

226 5349 387 5404 ullos
414 5349 717 5419 designari
738 5349 1010 5403 comites.
1038 5353 1225 5419 Atque
1245 5348 1298 5419 id
1322 5348 1835 5419 quidemlibenter

225 5418 888 5477 assentiordoctissimo
902 5420 1049 5484 viro,
1065 5418 1257 5473 solum
1276 5418 1373 5474 hic
1388 5421 1705 5475 hominum
1730 5437 1835 5476 no-

224 5492 449 5549 minari
473 5510 488 5555 ;
511 5507 635 5547 non
665 5490 889 5547 idcirco
917 5494 1139 5554 tamen,
1168 5490 1334 5557 quod
1366 5491 1545 5545 sociis
1587 5496 1828 5557 careret,

225 5562 339 5635 sed
370 5562 517 5635 quia
546 5562 629 5619 illi
649 5561 951 5635 praecipue
968 5560 1161 5616 honor
1180 5559 1541 5635 babebatur.
1563 5563 1655 5621 Sic
1670 5563 1831 5619 enim

225 5633 360 5689 ﬂeri
390 5628 585 5692 solere
627 5628 1088 5690 observavimus
1136 5628 1215 5687 ad
1244 5632 1416 5705 epist.
1449 5634 1572 5703 253,
1606 5637 1671 5690 ut
1694 5649 1831 5690 cum

1942 4796 2015 4835 ex
2041 4781 2213 4852 epist.
2248 4784 2349 4833 267
2380 4778 2765 4835 rid—eumdem
2794 4782 3058 4852 Barsam,
3091 4779 3195 4835 ubi
3226 4778 3477 4836 Basilius
3506 4781 3591 4837 la-

1942 4848 2100 4907 tores
2156 4850 2489 4905 litterarum
2548 4866 2795 4904 suarum
2862 4848 3076 4905 fratres
3130 4856 3591 4911 commemorat.

1940 4922 2099 4977 hanc
2129 4922 2324 4993 ipsam
2355 4919 2674 4993 epistolam
2700 4919 3003 4993 indicans.
3021 4922 3286 4977 Aitenim
3304 4939 3368 4976 se
3394 4926 3591 4978 Barsze

1940 5009 2065 5065 non
2087 4991 2255 5063 saepe
2279 4991 2526 5065 quidem
2549 4991 2879 5065 scripsisse,
2907 4992 3011 5047 sed
3028 4998 3232 5065 tamen
3257 4993 3590 5065 scripsisse:

1939 5063 2163 5138 quibus
2186 5062 2383 5138 verbis
2417 5062 2593 5138 unica
2622 5062 2971 5132 designatur
2995 5063 3265 5135 epistola.

2012 5136 2123 5205 (18)
2158 5134 2516 5206 Υνλαχθῆναι.
2551 5137 2636 5189 lla
2686 5149 2838 5206 mss.
2898 5133 3151 5205 septem.
3206 5135 3354 5193 Edlti
3406 5133 3594 5206 διαφυ-

1940 5203 2225 5277 λαχθῆναι.
2283 5203 2463 5260 Paulo
2501 5210 2651 5278 post
2694 5204 2835 5260 editi
2863 5203 3403 5278 καὶ-αὐτοπροσωπως
3457 5203 3590 5258 ἰδεῖν

1943 5297 2022 5341 σε,
2051 5282 2189 5332 octo
2219 5294 2369 5331 mss.
2395 5281 2460 5332 ut
2496 5277 2556 5331 in
2589 5281 2773 5332 textu.

2014 5349 2126 5415 (19)
2154 5347 2393 5420 φυλάξῃ.
2464 5349 2556 5404 Sic
2611 5348 2762 5417 Vat.,
2826 5346 3000 5403 Cois].
3050 5351 3407 5420 uterquest
3449 5351 3588 5420 Reg.

1942 5419 2244 5543 segupdus
2275 5418 2351 5476 ac
2374 5420 2557 5489 Bigot.
2589 5419 2753 5476 alter.
2776 5420 3042 5484 Quatuor
3057 5418 3155 5473 alii
3180 5418 3413 5489 φυλάξει.
3444 5418 3592 5475 Editi

1944 5512 2009 5543 ου
2045 5511 2180 5543 αςοι.

1944 5511 2180 5563 φυλαςοι.

2016 5567 2033 5584 ⁶
2056 5563 2212 5618 Alias
2237 5564 2542 5619 CCCXXVI.
2566 5562 2795 5633 Scripta
2826 5560 2982 5617 circa
3013 5574 3243 5614 annum
3270 5563 3395 5615 377.
