4050 6220
260 358 364 411 985

1180 354 1667 412 EPISTOLARUM
1706 351 1985 412 CLASSIS
2022 358 2089 412 ll.
2131 356 2342 414 EPIST.
2384 358 2623 417 CCLXV.

3506 365 3609 419 986

246 488 347 542 τῆς
380 479 582 553 ἀγαθῆς
622 476 837 555 μερίδος
875 481 1157 553 ύμῶν,’καὶ
1204 480 1437 551 συνάψαι
1488 480 1705 541 ἑαυτούς
1761 476 1845 532 διὰ

1967 480 2146 554 409
2182 499 2286 555 per
2341 485 2656 557 epistolam
2689 502 2827 543 cum
2878 492 3077 544 vestra
3104 488 3319 560 pietate
3358 487 3610 557 conjun-

248 578 346 620 τοῦ
406 573 714 642 γράμματος
770 577 832 641 τῇ
894 571 1115 643 ὑμετέρᾳ
1171 569 1424 642 εὐλαϐείᾳ.
1477 570 1650 643 Οὗπερ
1711 570 1855 622 ἕνεκα

254 657 625 731 ἀπεστείλαμεν
671 679 760 710 και
811 661 899 710 τὸν
955 661 1315 710 ποθεινότατον
1383 662 1493 711 υἱὸν
1560 650 1702 731 ἡμῶν
1764 664 1854 710 καὶ

254 745 601 800 συνδιάκονον
658 744 946 816 Ἐλπίὸιον,
979 748 1108 819 ὁμοῦ
1148 750 1237 819 μεν
1276 751 1369 805 τὴν
1422 747 1697 805 ἐπιστολὴν
1739 745 1853 799 δια-

251 838 562 909 κομίζοντα,
596 838 726 908 ὁμοῦ
759 832 819 889 δὲ
855 840 943 888 καὶ
974 836 1099 911 παρ’
1152 836 1335 889 ἑαυτοῦ
1376 835 1657 909 δυνάμενον
1691 835 1855 907 ἀπαγ-

250 926 423 996 γεῖλαι
450 926 571 998 ύμῖν
626 928 726 979 ὅσα
776 930 871 983 τήν
925 924 980 977 ἐκ
1029 933 1123 979 τοῦ
1151 928 1459 1001 γράμματος
1491 926 1683 999 ἐκφύγῃ
1736 927 1852 997 (26)

253 1012 629 1070 διδασκαλίαν.

324 1109 380 1161 2.
420 1104 665 1158 Μάλιστα
718 1100 778 1157 δὲ
833 1106 969 1176 ἡμᾶς
1021 1102 1278 1179 ἐπέρρωσε
1338 1108 1464 1180 πρὸς
1516 1108 1609 1163 τὴν
1666 1104 1851 1157 ἐπιθυ-

248 1199 376 1267 μίαν
414 1202 510 1256 τῆς
542 1197 822 1265 συναφείας
855 1194 998 1265 ὑμῶν
1042 1195 1070 1250 ἡ
1116 1192 1245 1251 ἀκοὴ
1291 1200 1382 1246 τοῦ
1420 1198 1538 1266 περὶ
1567 1198 1661 1252 τὴν
1692 1194 1850 1269 ὀρθὸ-

246 1302 385 1339 τητα
442 1281 602 1343 ζήλου
663 1290 752 1342 τῆς
810 1279 1068 1341 εὐσεϐείας
1143 1281 1305 1353 ὑμῶν·
1348 1284 1424 1334 ὅτι
1499 1282 1614 1335 οὒτε
1666 1282 1851 1340 πλήθει

249 1373 625 1444 συνταγμάτων
656 1413 670 1438 ,
757 1374 871 1423 οὔτε
956 1370 1191 1442 ποικιλίᾳ
1266 1371 1627 1444 ἶσοςοισμάτων
1718 1392 1851 1446 παρ-

248 1461 450 1530 ηνέχθη
502 1458 644 1531 ὑμῶν
684 1464 742 1512 τὸ
773 1459 984 1535 στερρὸν
1024 1468 1114 1521 τῆς
1152 1458 1401 1533 καρδίας·
1455 1460 1561 1512 ἀλλ’
1603 1461 1851 1532 ἐπέγνωτε

244 1552 340 1620 μὲν
403 1552 525 1610 τοὺς
581 1551 722 1601 κατὰ
774 1556 872 1601 τῶν
942 1548 1298 1602 ἀποστολικῶν
1354 1547 1633 1623 δογμάτων
1683 1569 1851 1603 καινο-

244 1646 552 1709 τομοῦντας,
623 1647 794 1711 σιωπῇ
852 1634 911 1692 δὲ
980 1648 1271 1712 κατασχεῖν
1332 1645 1426 1699 τὴν
1488 1640 1848 1715 ἐνεργουμένην

242 1727 376 1799 παρ’
430 1728 597 1780 αὐτῶν
665 1726 868 1801 βλάϐην
925 1728 984 1781 οὐ
1047 1725 1422 1793 κατεδέξασθε.
1498 1736 1598 1784 Καὶ
1647 1734 1748 1806 γὰρ
1778 1739 1849 1801 τῷ

243 1820 355 1868 ὄντι
383 1816 574 1874 πολλὴν
631 1820 839 1890 εὕρομεν
901 1817 1066 1875 λύπην
1096 1821 1239 1892 παρὰ
1285 1825 1417 1871 πᾶσι
1483 1827 1592 1881 τοῖς
1634 1818 1848 1892 ἀντέχου

242 1909 420 1976 μένοις
477 1913 567 1966 τῆς
630 1913 723 1957 τοῦ
782 1910 977 1979 Κυρίου
1041 1906 1247 1978 εἰρήνης
1299 1906 1381 1960 ἐπὶ
1446 1915 1558 1970 ταῖς
1615 1928 1845 1985 νεωτερο-

240 1999 443 2056 ποιίαις
493 2001 604 2055 ταῖς
668 1991 1033 2056 παντοδαπαῖς
1075 1995 1440 2071 Ἀπολιναρίου
1498 2005 1589 2049 τοῦ
1640 1995 1845 2051 Λαοδι-

240 2088 386 2143 κέωςο
437 2085 488 2143 ὃς
526 2086 757 2154 τοσούτῳ
813 2083 963 2136 πλέον
1013 2083 1265 2142 ἐλύπησεν
1316 2086 1476 2157 ἡμᾶς,
1526 2087 1631 2158 ὅσῳ
1671 2084 1844 2150 ἔδοξεν

1887 1830 1926 1883 Β

243 2173 373 2224 εἶναι
434 2171 487 2234 ἐξ
545 2172 689 2244 ἡμῶν
747 2172 945 2241 (28)τὸ
999 2171 1051 2235 ἐξ
1104 2172 1298 2244 ἀρχῆς.
1331 2177 1401 2226 Τὸ
1439 2178 1527 2246 μὲν
1557 2176 1655 2247 γὰρ
1702 2180 1845 2250 παρὰ

243 2267 462 2331 φανεροῦ
537 2259 785 2332 πολεμίου
860 2262 1043 2313 παθεῖν
1134 2282 1206 2323 τι,
1261 2261 1354 2313 κᾶν
1415 2262 1703 2336 ὑπερϐάλλῃ
1773 2274 1844 2335 τῷ

242 2349 481 2421 ἁλγεινῶ,
518 2354 739 2423 φορητόν
788 2356 895 2413 πώς
949 2349 1061 2403 ἐστι
1108 2359 1179 2421 τῷ
1229 2358 1677 2425 καταπονουμένῳ,
1709 2357 1842 2408 καθ-

813 2441 893 2491 ὄτι
958 2439 1019 2493 Εἰ
1098 2442 1122 2492 ὁ
1198 2440 1392 2514 ἐχθρὸς

748 2530 805 2581 τὸ
861 2524 918 2581 δὲ
970 2528 1093 2602 παρ’
1153 2529 1434 2602 ὁμοψύχου
1492 2537 1580 2584 καὶ
1651 2531 1843 2585 οἰκείου

242 2444 310 2499 ὡς
384 2443 723 2512 γέγραπται,
813 2441 893 2491 ὅτι
958 2439 1019 2493 Εἰ
1098 2442 1122 2492 ὁ
1198 2440 1392 2514 ἐχθρὸς
1484 2439 1718 2495 ὠνείδισέ
1782 2464 1843 2516 με

242 2529 348 2587 ύπὴ
359 2548 514 2600 νεγκα
577 2530 640 2580 οἶν
673 2543 687 2556 ⁸

246 2618 447 2690 βλάϐης
480 2622 618 2680 τινὸς
674 2620 1009 2693 πειραθῆναι,
1048 2626 1198 2672 τοῦτο
1247 2617 1511 2694 δύσφορον
1564 2621 1842 2689 παντελῶς,

240 2711 328 2759 καὶ
367 2704 619 2779 οὐδεμίαν
651 2710 774 2779 ἔχον
822 2710 1182 2782 παραμυθίαν,
1226 2709 1319 2761 Ὃν
1362 2712 1461 2785 γὰρ
1520 2707 1840 2784 προσεδοκή·

242 2815 402 2868 σαμεν
455 2801 821 2855 συνασπιστην
877 2797 1004 2859 ἕξειν
1055 2798 1170 2866 (28)
1202 2806 1296 2860 τῆς
1349 2798 1612 2866 ἀληθείας,
1664 2808 1844 2853 τοῦτον

236 2886 450 2959 εὕρομεν
473 2892 561 2936 νῦν
593 2883 642 2936 ἐν
691 2884 898 2946 πολλοῖς
944 2882 1297 2957 ἐμποδίζοντα
1348 2894 1451 2948 τοῖς
1509 2889 1843 2968 σωζομένοις,

239 2976 293 3028 ἐκ
318 2983 413 3027 τοῦ
465 2973 746 3048 περιέλκειν
785 2974 954 3026 αὐτῶν
1003 2976 1091 3026 τὸν
1157 2982 1275 3026 νοῦν
1324 2980 1414 3028 καὶ
1472 2975 1715 3047 ἀποσπᾷν
1752 2986 1845 3037 τῆς

234 3064 518 3125 εὐθύτητος
580 3071 681 3115 τῶν
751 3059 1043 3135 δογμάτων.
1108 3069 1171 3117 Τί
1218 3066 1320 3136 γὰρ
1387 3064 1435 3117 ἐν
1493 3068 1658 3139 ἔργοις
1717 3068 1844 3139 παρ’

232 3152 397 3204 αὐτοῦ
446 3150 708 3225 τολμηρὸν
761 3156 851 3203 καὶ
884 3153 1067 3224 θερμὸν
1120 3152 1214 3204 οὐκ
1269 3152 1511 3226 ἐπράχθη
1548 3172 1560 3223 ;
1613 3159 1676 3207 Τί
1708 3152 1766 3208 δὲ
1797 3154 1847 3207 ἐν
1876 3172 1915 3227 C

232 3241 412 3314 λόγοις
461 3240 520 3292 ού
572 3243 939 3315 παρεπενοήθη
999 3247 1234 3315 νεώτερον
1290 3247 1379 3294 καὶ
1438 3240 1846 3296 ἐπικεκινδυνευ-

234 3335 421 3403 pium;
453 3329 529 3381 Ού
586 3334 736 3382 πᾶσα
791 3332 881 3401 μὲν
930 3329 1217 3387 Ἐκκλησία
1243 3330 1299 3402 ἐφ
1328 3330 1514 3390 ἑαυτὴν
1571 3332 1841 3405 ἐμερίσθη,

235 3418 472 3491 μάλιστα
512 3414 571 3470 δὲ
613 3426 730 3480 ταῖς
788 3419 888 3471 ὗπὸ
941 3426 1041 3469 τῶν
1088 3419 1199 3489 (29)
1241 3416 1535 3494 ὁρθοὸὀξων
1592 3420 1844 3496 κυϐερνωο

239 3512 415 3579 μέναις
466 3508 883 3580 ἐπιπεμφθέντων
921 3506 1045 3579 παρ’
1098 3507 1257 3560 αὐτοῦ
1312 3511 1438 3581 πρὸς
1511 3513 1569 3560 τὸ
1624 3514 1841 3580 σχίσαι,

241 3600 338 3648 καὶ
396 3593 533 3647 ἰδίαν
606 3598 723 3648 τινὰ
776 3600 1235 3669 παρασυναγωγην
1316 3594 1636 3664 ἐκδικῆσαι;
1699 3598 1843 3669 Οὐχὶ

247 3684 462 3756 γελᾶται
513 3688 568 3737 τὸ
624 3688 761 3756 μέγα
807 3693 901 3747 τῆς
956 3684 1213 3746 εὐσεϐείας
1263 3691 1578 3758 μυστήριον,
1612 3689 1676 3747 ὡς
1723 3688 1841 3739 ἄνευ

240 3774 371 3826 λαοῦ
418 3779 507 3827 καὶ
546 3773 740 3848 κλήρου
770 3773 1068 3826 ἐπισκόπων
1117 3780 1553 3849 περιερχομένων,
1599 3781 1687 3828 καὶ
1726 3779 1841 3828 ὄνο-

237 3884 315 3936 μα
369 3862 521 3933 ψιλὸν
558 3866 950 3936 περιφερόντων,
1010 3858 1160 3915 οὐδὲν
1218 3860 1276 3915 δὲ
1329 3866 1717 3937 κατορθούντων
1776 3864 1841 3924 εἰς

236 3957 509 4027 προκοπὴν
560 3961 651 4005 τοῦ
711 3952 1032 4025 Εὐαγγελίου
1103 3961 1199 4015 τῆς
1254 3954 1462 4026 εἰρήνης
1522 3960 1612 4006 καὶ
1672 3974 1840 4012 σωτη-

234 4048 355 4117 ρίας
376 4043 527 4112 (30);
562 4041 706 4112 Οὐχὶ
742 4043 791 4093 οἱ
821 4046 937 4115 περὶ
975 4049 1068 4094 τοῦ
1124 4050 1255 4095 Θεοῦ
1299 4042 1442 4115 λόγοι
1484 4043 1692 4117 πλήρεις
1717 4044 1839 4120 παρ’

236 4132 380 4199 αὖτῷ
413 4131 543 4184 εἰσιν
592 4128 790 4183 ἀσεϐῶν
834 4127 1130 4203 δογμάτων,
1163 4140 1258 4192 τῆς
1315 4131 1542 4194 παλαιᾶς
1602 4131 1842 4194 ἀσεϐείας

232 4229 327 4274 τοῦ
364 4223 747 4293 ματαιόφρονος
805 4218 1075 4272 Σαϐελλίου
1130 4217 1202 4272 δι’
1262 4220 1421 4274 αὑτοῦ
1476 4229 1562 4274 νῦν
1629 4220 1842 4275 ἀνανεω-

240 4314 423 4371 θείσης
461 4308 510 4361 ἐν
541 4316 651 4370 τοῖς
710 4312 1103 4381 συντάγμασιν;
1151 4310 1209 4361 Εἰ
1253 4312 1355 4383 γὰρ
1394 4311 1429 4362 ἃ
1477 4316 1842 4384 περιφέρουσιν

236 4401 287 4452 οἱ
345 4397 683 4467 Σεϐαστηνοὶ,
710 4401 779 4470 μὴ
835 4396 1239 4468 συμπέπλασται
1286 4398 1410 4470 παρ’
1458 4397 1683 4471 ἐχθρῶν,
1718 4398 1845 4452 ἀλλὰ

239 4488 358 4540 κατ’
419 4486 661 4545 ἀληθειαν
710 4486 866 4538 αὐτοῦ
933 4485 1035 4538 εἰσι
1091 4490 1415 4561 συγγραφαὶ,
1470 4483 1720 4559 οὐδεμίαν
1774 4488 1843 4551 εἰς
1876 4519 1921 4574 D

240 4576 482 4629 ἀσέϐειαν
534 4575 820 4648 ὑπερϐολὴν
886 4574 1236 4647 καταλέλοιπε,
1288 4579 1374 4627 τὸν
1432 4575 1586 4628 αὐτὸν
1643 4580 1847 4653 Πατέρα

239 4665 403 4738 λέγων
464 4669 554 4717 καὶ
614 4666 732 4717 Υὶόν
799 4668 888 4716 καὶ
946 4671 1155 4737 Πνεῦμα
1212 4664 1342 4736 (31),
1409 4668 1498 4717 καὶ
1537 4662 1667 4716 ἄλλα
1730 4668 1846 4718 τινὰ

313 4809 364 4844 ³⁵
405 4807 702 4877 Psal.1.1v,
744 4811 827 4864 13.

314 4951 429 5018 (26)
488 4948 1028 5022 ’Λπαγγεῖλαιῌυμῖη
1081 4951 1249 5022 ὅσοι...
1307 4950 1524 5022 ἐκφύγῃ.
1577 4950 1685 5022 δίαΔ
1727 4952 1845 5004 tres

244 5016 431 5077 iidem
456 5016 741 5102 codices:
760 5016 1243 5102 Εάῇῖἶὰναγγεῖλαι
1273 5016 1395 5102 υμῖν
1427 5016 1590 5102 ὅσον..
1608 5063 1635 5102 ..
1656 5016 1847 5102 ὅξιαπέ-

247 5112 425 5165 φενγε.
456 5093 689 5165 Legitur
710 5095 817 5165 pica;
842 5092 900 5146 in
928 5092 1197 5165 secunda
1223 5092 1479 5165 editione
1510 5092 1845 5165 Ifarisiensi.

320 5161 435 5231 (27)
489 5162 639 5217 Εἶναι
698 5163 749 5226 ἐξ
787 5164 954 5234 ἡμῶν.
995 5162 1170 5234 γΗὲὶΓΙ.
1222 5169 1277 5218 et
1306 5164 1454 5219 Med.
1495 5161 1625 5215 εἶναι
1678 5164 1844 5234 ἡμῶν.

247 5234 477 5291 Ibidem
534 5242 651 5291 tres
703 5233 1094 5289 vetnstissimi
1151 5235 1387 5290 codices
1423 5243 1669 5287 τοσοῦτον
1699 5233 1847 5285 πλέον

246 5306 520 5371 aenae»,
554 5310 697 5359 ὅσον.
726 5306 834 5361 Sed
860 5320 955 5360 res
984 5304 1126 5360 tanti
1155 5321 1277 5360 non
1317 5305 1573 5375 videtur,
1604 5311 1666 5361 ut
1709 5320 1848 5361 con-

246 5384 479 5434 textum
513 5382 837 5433 mutemus.

321 5449 436 5516 (‘28)
489 5447 680 5510 Ἐξειν.
722 5446 922 5518 Coisl,
965 5446 1195 5518 primus
1254 5449 1441 5518 518w,
1476 5446 1708 5502 Ibidem
1758 5454 1846 5499 νῦν

248 5518 602 5599 addidimus
644 5534 717 5599 ex
770 5517 1265 5599 Coisfl‘.’.utroque
1316 5517 1468 5599 Harl.
1514 5523 1571 5573 et
1606 5518 1847 5599 duobus

250 5591 473 5714 gegiis.
515 5589 700 5647 Paulo
724 5594 862 5646 ante
892 5588 1071 5645 Coisl.
1100 5588 1333 5661 primus
1364 5588 1459 5640 κᾶν
1498 5588 1759 5663 υπερϐάλη
1788 5592 1845 5641 τὸ

314 5681 499 5714 νεινον.

314 5681 499 5733 γεινον.

1964 586 2262 640 geremus.
2298 577 2675 647 Quapropter
2704 577 2980 631 misimus
3026 580 3204 633 etiam
3231 578 3611 633 desideratis-

1964 662 2183 717 simum
2244 664 2429 719 ﬁlium
2470 670 2742 721 nostrum
2788 666 3080 738 Elpidium
3140 667 3605 739 condiaconum,

1962 752 2064 823 qui
2093 752 2405 822 epistolam
2438 754 2740 824 perferret,
2768 759 2821 809 ct
2851 771 2958 825 per
2997 772 3058 809 se
3079 755 3209 827 ipse
3239 760 3432 828 potest
3457 771 3611 811 nun-

1962 841 2109 896 tiare
2140 841 2336 911 vobis,
2376 858 2777 916 quaecumquae
2808 842 3138 900 litterarum
3160 844 3477 916 effugerint
3505 845 3607 901 do-

1963 935 2268 987 cumenta.

2030 1112 2083 1163 2.
2124 1108 2273 1165 Illud
2298 1113 2500 1166 autem
2526 1111 2905 1181 melmaxime
2930 1110 3268 1183 impulit,'ut
3290 1110 3609 1168 vobiscum

1963 1199 2248 1269 conjungi
2279 1216 2583 1271 cuperem,
2610 1200 2776 1273 quod
2813 1204 3075 1256 vestrum
3117 1204 3289 1256 rectae
3319 1200 3607 1256 doctrinae

1961 1289 2225 1345 studium
2254 1290 2330 1345 ad
2353 1306 2521 1345 meas
2555 1306 2727 1345 aures
2747 1292 3051 1363 pervenit:
3080 1291 3306 1363 quippe
3333 1306 3473 1346 cum
3499 1306 3609 1346 nec

1959 1377 2249 1434 librorum
2272 1379 2673 1446 multitudine,
2707 1395 2818 1435 nec
2845 1380 3289 1451 sophismatum
3323 1380 3608 1435 varietate

1960 1472 2160 1524 emota
2190 1469 2264 1525 sit
2303 1469 2502 1525 cordis
2534 1468 2710 1524 Vestri
2736 1470 2987 1524 ﬁrmitas
3017 1468 3123 1523 sed
3152 1485 3254 1523 eos
3293 1469 3607 1538 agnoveri-

1958 1557 2055 1627 tis,
2086 1556 2187 1629 qui
2221 1562 2430 1613 contra
2477 1557 2767 1626 dogmata
2795 1556 3129 1629 apostolica
3166 1558 3494 1613 novitatem
3522 1557 3610 1611 in-

1958 1645 2211 1713 ducunt,
2235 1661 2347 1701 nec
2379 1645 2610 1701 silentio
2637 1646 2940 1701 continere
2970 1645 3263 1701 damnum
3295 1645 3373 1700 ab
3402 1645 3514 1700 illis
3538 1645 3606 1701 i1-

1956 1733 2147 1789 latum
2171 1734 2508 1805 potueritis.
2533 1736 2682 1789 Nam
2716 1749 2922 1789 revera
2952 1749 3244 1803 magnum
3274 1734 3607 1806 reperimus

1955 1823 2226 1879 dolorem
2265 1823 2327 1879 in
2358 1824 2641 1879 omnibus
2673 1823 2907 1879 Domini
2932 1839 3145 1895 pacem
3176 1822 3342 1878 cordi
3381 1822 3605 1879 haben-

1955 1911 2137 1977 tibus,
2168 1926 2238 1966 cx
2270 1912 2610 1982 omnigenis
2639 1911 2964 1983 Apolinarii
2997 1910 3310 1966 Laodiceni
3337 1911 3609 1968 novitati-

1954 1998 2069 2055 bus
2102 2018 2114 2055 :
2149 2000 2252 2072 qui
2292 2015 2363 2055 eo
2392 1999 2586 2069 magis
2615 2016 2727 2054 nos
2760 1999 2987 2065 afﬂixit,
3019 1998 3183 2071 quod
3226 2014 3297 2054 ex
3326 1999 3502 2055 nobis
3527 2000 3605 2056 ab

1953 2088 2122 2144 initio
2146 2104 2276 2145 esse
2307 2088 2642 2145 videbatur.
2666 2088 2903 2160 Aliquid
2930 2087 3091 2143 enim
3122 2087 3201 2143 ab
3220 2088 3391 2144 hoste
3418 2090 3607 2145 mani-

1955 2177 2108 2233 festo
2146 2178 2293 2250 pati,
2343 2178 2581 2233 etiamsi
2631 2177 2690 2233 id
2732 2178 2806 2233 sit
2831 2176 3347 2242 molestissimum,
3380 2193 3475 2233 res
3519 2182 3607 2234 est

1952 2269 2155 2322 tamen
2176 2267 2636 2339 quodammodo
2657 2265 2983 2321 tolerabilis
3008 2266 3272 2337 patienti,
3297 2266 3449 2322 sicut
3468 2267 3607 2322 scri-

1951 2359 2121 2428 ptum
2153 2360 2243 2411 est
2273 2372 2285 2410 :
2317 2357 2385 2413 Si
2409 2357 2687 2412 inimicus
2706 2357 2944 2425 probris
2972 2370 3063 2411 me
3092 2357 3405 2423 a/femsset,
3432 2358 3607 2411 susti-

1951 2446 2209 2501 nuissem
2231 2446 2437 2516 utique
2467 2446 2537 2499 ⁸⁵.
2573 2445 2687 2501 Sed
2733 2444 2812 2501 ab
2858 2443 3129 2499 unanimi
3165 2447 3222 2498 et
3266 2445 3607 2501 necessario

1953 2533 2182 2605 aliquid
2207 2534 2487 2605 accipere
2528 2533 2890 2601 detrimenti,
2924 2532 2985 2588 id
3024 2532 3275 2588 omnino
3312 2532 3389 2588 ad
3420 2532 3608 2589 feren-

1952 2622 2099 2677 dum
2149 2621 2415 2691 difﬁcile,
2442 2638 2551 2678 nec
2598 2620 2786 2676 ullam
2830 2620 3065 2677 habens
3112 2620 3605 2677 consolationem.

1955 2711 2143 2774 Quem
2182 2710 2344 2765 enim
2376 2715 2912 2782 expectaveramus
2946 2711 3175 2766 socium
3208 2709 3385 2765 nobis
3422 2711 3481 2765 in
3509 2710 3609 2766 de-

1954 2798 2226 2855 fensione
2250 2799 2517 2854 veritatis
2559 2799 2844 2865 futurum,
2885 2813 3023 2853 eum
3051 2814 3213 2853 nunc
3265 2798 3607 2853 invenimus

1952 2887 2014 2943 in
2044 2888 2247 2943 multis
2286 2887 2626 2943 obstantem
2671 2886 2765 2941 his
2792 2886 2896 2958 qui
2925 2886 3252 2947 salvantur,
3283 2885 3429 2940 dum
3482 2885 3611 2941 illo-

1954 2992 2090 3032 rum
2126 2976 2372 3033 abducit
2400 2980 2691 3042 mentem,
2727 2980 2784 3031 et
2812 2974 3007 3030 avellit
3034 2991 3069 3030 a
3098 2974 3273 3029 rectis
3312 2974 3609 3043 dogmati-

1953 3064 2093 3121 bus.
2148 3066 2301 3132 Quid
2340 3066 2501 3121 enim
2532 3065 2593 3121 in
2632 3064 2971 3121 actionibus
3011 3063 3089 3119 ab
3119 3078 3190 3118 eo
3230 3077 3353 3117 non
3397 3062 3608 3118 callide

1955 3158 2013 3210 et
2030 3153 2319 3209 audacter
2339 3156 2750 3225 perpetratum
2773 3152 2799 3207 ?
2823 3150 2975 3217 Quid
3002 3151 3062 3205 in
3085 3150 3463 3206 sermonibus
3484 3165 3606 3205 non

1950 3243 2292 3313 juveniliter
2320 3248 2377 3299 et
2418 3242 2752 3315 periculose
2806 3241 3200 3311 excogitatum
3221 3239 3249 3294 ‘2
3281 3243 3484 3295 Nonne
3508 3242 3607 3294 Ec-

1954 3331 2135 3387 clesia
2164 3332 2361 3388 omnis
2391 3332 2544 3387 inter
2574 3347 2636 3387 se
2666 3330 2861 3386 divisa
2884 3334 2995 3395 est,
3027 3329 3360 3401 praesertim
3385 3344 3457 3383 ex
3486 3344 3606 3400 quo

1952 3420 2014 3476 in
2041 3420 2407 3491 gubernatas
2434 3420 2514 3476 ab
2544 3418 2894 3475 orthodoxis
2919 3418 3211 3473 Ecclesias
3242 3415 3607 3489 immisitqui

1954 3510 2252 3575 scindant,
2304 3515 2362 3567 et
2412 3510 2755 3579 illegitimos
2801 3513 3133 3564 conventus
3181 3508 3456 3581 proprios
3496 3505 3607 3561 sibi

1952 3599 2300 3656 vindicent?
2323 3602 2528 3655 Nonne
2558 3598 2786 3654 ridetur
2806 3613 3100 3667 magnum
3118 3597 3353 3669 pietatis
3378 3599 3606 3666 myste-

1952 3688 2129 3756 rium,
2161 3688 2459 3760 episcopis
2491 3688 2617 3743 sine
2642 3686 2871 3759 populo
2901 3702 2972 3742 ac
3003 3686 3160 3741 clero
3207 3684 3608 3740 obambulan-

1954 3776 2136 3845 tibus,
2193 3793 2263 3832 ac
2314 3791 2538 3832 nomen
2587 3776 2824 3831 nudum
2879 3773 3454 3838 circumferentibus,
3494 3786 3607 3827 nec

1951 3865 2289 3937 quidquam
2315 3863 2893 3937 ad'promovendum
2916 3863 3083 3935 pacis
3106 3867 3161 3918 et
3180 3861 3388 3917 salutis
3412 3864 3605 3916 Evan-

1951 3954 2172 4024 gelium
2219 3954 2628 4010 facientibus?
2674 3956 2882 4010 Nonne
2922 3952 3077 4007 illius
3108 3951 3183 4007 de
3228 3954 3345 4006 Deo
3376 3966 3604 4005 sermo-

1949 4059 2056 4099 nes
2087 4044 2245 4115 pleni
2271 4048 2411 4100 sunt
2440 4042 2640 4115 impiis
2670 4041 3083 4112 dogmatibus,
3121 4041 3369 4112 antiqua
3397 4038 3605 4095 insulsi

1954 4133 2188 4188 Sabellii
2213 4132 2520 4204 impietate
2539 4147 2704 4187 nunc
2730 4131 2809 4186 ab
2839 4146 2909 4186 eo
2934 4130 2993 4185 in
3023 4129 3254 4202 scriptis
3283 4129 3606 4184 renovata?

1953 4225 2101 4278 Nam
2153 4221 2204 4277 si
2260 4238 2395 4293 quae
2444 4212 2875 4277 circumferunt
2924 4218 3252 4287 Sebasteni,
3298 4217 3438 4273 ﬁcta
3482 4233 3605 4272 non

1954 4316 2091 4368 sunt
2117 4310 2194 4367 ab
2252 4309 2530 4377 inimicis,
2565 4309 2671 4365 sed
2729 4323 2868 4364 vere
2922 4307 3112 4379 ipsius
3171 4307 3393 4378 scripta
3444 4311 3604 4373 sunt,

1952 4400 2186 4456 nullum
2244 4398 2568 4470 impietatis
2646 4395 3006 4469 superanda;
3082 4395 3282 4450 locum
3346 4393 3605 4464 reliquit,

1954 4488 2238 4545 eumdem
2270 4488 2477 4542 dicens
2519 4486 2750 4541 Patrem
2788 4490 2844 4539 et
2887 4484 3094 4539 Filium
3126 4487 3182 4537 et
3213 4481 3517 4553 Spiritum,
3552 4485 3609 4536 et

1955 4577 2100 4634 alias
2132 4576 2439 4649 quasdam
2470 4574 2876 4630 tenebricosas
2905 4571 3267 4644 impietates,
3299 4586 3452 4642 quas
3495 4584 3607 4625 nos

1955 4682 2031 4723 ne
2053 4665 2303 4722 auribus
2326 4664 2571 4737 quidem
2596 4662 2967 4731 admisimus,
2999 4660 3224 4733 quippe
3250 4675 3385 4716 cum
3408 4673 3606 4732 prece-

2029 4950 2139 5016 (29)
2169 4949 2290 5000 ’Υπό
2320 4955 2439 4999 τῶν.
2475 4949 2560 5001 lla
2581 4950 2698 5001 tres
2746 4945 3139 5001 vetustissimi
3170 4945 3424 5001 codices.
3461 4944 3609 5000 Editi

1957 5023 2099 5095 παρὰ
2137 5028 2255 5072 τῶν.
2290 5018 2516 5095 Ibidem
2545 5017 2715 5095 Cois].
2742 5018 2974 5095 primus
3008 5017 3080 5095 εφξ
3112 5017 3316 5095 ἑανςῆςε

2028 5086 2120 5160 (30
2162 5095 2261 5144 Καὶ
2294 5094 2576 5160 σωτηρίας,
2633 5086 2762 5143 Haec
2795 5086 3128 5160 Adesunt'in
3178 5088 3337 5160 Harl.
3374 5091 3429 5141 et
3458 5086 3602 5142 Med.

1957 5144 2181 5219 In‘aliis
2210 5144 2515 5216 nonnullis
2541 5144 2765 5232 desunt
2785 5158 2922 5232 haec
2955 5151 3137 5232 verba
3164 5159 3497 5232 εἰρήνηςκαί.

2029 5236 2142 5301 (31)
2210 5238 2308 5285 Καὶ
2362 5230 2795 5304 Πνεῦμαί-Εάίῒί
2840 5231 3085 5304 addunt
3143 5229 3230 5282 καὶ
3287 5229 3440 5304 πάλιν
3489 5229 3607 5278 Υἰόν

1956 5299 2043 5356 καὶ
2070 5308 2294 5377 Πατέρα,
2331 5319 2466 5377 quae
2492 5299 2703 5377 melius
2734 5301 2921 5377 multo
2962 5302 3184 5377 absunt
3207 5317 3266 5377 a_
3290 5299 3483 5377 tribus
3511 5314 3608 5351 ve-

1958 5370 2306 5431 tustissimis
2335 5370 2647 5429 codicibus
2679 5377 2734 5428 et
2777 5373 2940 5434 Bigot
2994 5371 3219 5426 Ibidem
3252 5370 3508 5431 legimus
3535 5384 3607 5422 ex

1957 5446 2162 5502 codice
2208 5447 2518 5502 llarlteano
2562 5446 2801 5497 σκοτεινὰ
2840 5442 3164 5513 ἀσεϐήματα.
3202 5440 3351 5494 Illud
3405 5442 3607 5513 autem

1955 5523 2071 5569 τινὰ
2109 5518 2601 5589 deprompsimus
2630 5532 2701 5570 ex
2730 5515 2943 5589 eodem
2991 5508 3196 5589 codice
3228 5516 3302 5589 et“
3327 5527 3397 5589 es
3424 5508 3604 5589 _Coisl.

1956 5580 2267 5660 primofin
2317 5580 2439 5660 quo
2476 5588 2693 5660 legitur
2720 5591 2808 5637 καὶ
2857 5584 2985 5660 cilia
3028 5585 3144 5660 τινα
3176 5580 3334 5660 ἐισεϐῆ
3371 5583 3602 5660 ῥήματα,

1956 5652 2011 5715 et
2037 5661 2161 5716 alia
2198 5652 2471 5728 quaedam
2518 5652 2705 5726 impia
2762 5656 2964 5713 verba.
3022 5652 3331 5725 Scriptura
3372 5652 3608 5711 codicis
