4074 6220
551 340 652 393 087

3409 0 3610 48 __.:.1-$'.'.=.\‘
3635 0 3674 14 "'
3689 0 3808 42 or
3861 0 3864 2 ·

1921 324 1978 380 S.
2018 320 2270 378 BASlLlI
2315 320 2541 375 MAGNI
3743 315 3828 370 988

545 477 682 516 mur
710 463 776 515 ut
792 456 1022 514 nullam
1043 459 1276 528 partem
1306 468 1445 509 cum
1492 453 1562 507 iis
1592 450 1698 523 qui
1744 450 1832 504 sic
1868 447 2200 520 loquuntur

2324 445 2561 496 σκοτεινά
2610 440 2942 512 ἀσεϐήματα,
2970 437 3005 490 ἃ
3056 440 3202 510 ἡμεῖς
3230 435 3350 491 οὐδε
3396 444 3500 498 ταῖς
3533 436 3688 499 ἀκοαῖς
3717 441 3836 510 ἡμῶν

545 549 905 606 habeamus.
949 549 1156 601 Nonne
1185 543 1522 599 doctrinam
1577 537 1889 595 confundit
1919 542 2202 592 lncarna—

555 637 773 694 tionis?
801 650 1003 692 nonne
1035 633 1222 689 dubia
1241 631 1443 687 multis
1472 630 1629 685 facta
1649 632 1740 684 est
1768 626 2073 682 salutifera
2095 627 2205 679 Do-

556 727 705 783 mini
733 725 920 781 nostri
950 721 1316 796 dispensatio
1348 737 1421 776 ex
1459 717 1763 775 lutulentis
1793 720 1850 772 et
1879 713 2209 771 tenebrico-

558 815 639 871 sis
672 815 830 871 illius
855 813 931 868 de
961 811 1374 868 Incarnatione
1407 805 1835 881 quaestionibus
1854 806 1882 860 ‘I
1910 805 2051 870 Quae
2083 817 2210 858 om-

561 905 666 960 nia
690 908 754 958 ut
779 902 1134 971 colligantur
1162 904 1220 955 et
1265 897 1561 968 arguendi
1592 896 1770 968 410
1801 909 1989 950 causa
2022 907 2212 963 expo-

561 997 802 1062 nantur,
834 991 1015 1060 longo
1060 996 1328 1061 tempore
1356 991 1413 1043 et
1445 1001 1721 1042 sermone
1749 999 1907 1056 Opus
1934 986 2046 1037 est.
2079 984 2213 1035 Pro-

560 1081 923 1136 missionum
953 1081 1155 1134 autem
1193 1075 1529 1132 doctrinam
1567 1074 1706 1146 quis
1747 1072 1832 1128 sic
1877 1069 2214 1132 obliteravit

561 1185 634 1224 ac
680 1168 916 1234 delevit,
949 1171 1015 1222 ut
1060 1166 1217 1222 illius
1253 1164 1547 1220 fabulosa}
1577 1162 1796 1232 nugae?
1825 1161 1934 1226 Qui
1963 1161 2212 1234 quidem

559 1259 802 1314 beatam
883 1272 1052 1328 spem
1131 1253 1462 1327 repositam
1521 1252 1636 1320 his,
1703 1251 1808 1322 qui
1875 1250 2211 1306 secundum

561 1347 772 1404 Christi
805 1344 1190 1413 Evangelium
1218 1343 1490 1409 vixerint,
1512 1341 1594 1397 ita
1623 1341 1849 1396 exiliter
1871 1343 1927 1395 et
1954 1339 2214 1395 demisse

562 1453 750 1492 ausus
780 1440 868 1491 est
897 1433 1291 1506 interpretari,
1329 1437 1388 1488 ut
1430 1431 1508 1488 ad
1538 1430 1779 1486 fabulas
1826 1429 2012 1486 aniles
2039 1434 2094 1486 et
2119 1431 2214 1484 Ju-

559 1526 737 1581 daica
762 1528 1107 1579 commenta
1154 1520 1449 1578 deﬂectat.
1481 1523 1686 1576 Denuo
1715 1519 2026 1592 pollicetur
2071 1523 2216 1574 tem-

559 1613 642 1686 pli
667 1613 1164 1669 instaurationem
1182 1615 1239 1667 et
1258 1610 1451 1666 cultus
1473 1609 1681 1681 legalis
1706 1609 2212 1676 observationem,

559 1701 910 1776 pontiﬁcem
943 1701 1213 1773 typicum
1254 1705 1390 1772 post
1431 1715 1641 1754 verum
1675 1698 2022 1770 pontificem
2051 1697 2216 1753 victi-

563 1808 696 1847 mas
724 1807 834 1864 pro
863 1789 1126 1862 peccatis
1166 1795 1306 1861 post
1333 1791 1573 1859 Agnum
1607 1787 1706 1844 Dei
1753 1787 1858 1859 qui
1898 1790 2213 1858 peccatum

561 1881 776 1936 mundi
800 1879 950 1936 tollit
964 1880 1035 1948 ⁸⁸,
1060 1878 1434 1950 baptismata
1447 1877 1615 1933 varia
1638 1881 1774 1948 post
1799 1877 2042 1932 unicum
2069 1875 2216 1947 bap-

563 1970 762 2035 tisma,
795 1974 846 2024 el
872 1969 1146 2038 juvencaa
1194 1967 1442 2030 cineres,
1475 1966 1696 2038 quibus
1727 1971 2082 2036 aspergatur
2114 1967 2217 2020 Ec-

563 2061 766 2126 clesia,
798 2075 934 2131 quas
964 2057 1044 2114 ob
1073 2057 1258 2113 ﬁdem
1296 2057 1358 2113 in
1405 2057 1700 2112 Christum
1729 2071 1853 2110 non
1878 2053 2064 2110 habet
2092 2069 2218 2110 ma-

560 2150 762 2205 culam
794 2163 906 2203 nec
929 2162 1147 2216 rugam
1177 2161 1288 2202 nec
1337 2145 1674 2218 quidquam
1707 2143 2006 2214 ejusmodi
2028 2143 2072 2177 37
2096 2159 2109 2197 :
2132 2143 2217 2198 le-

563 2253 686 2310 prze
735 2236 1238 2306 expurgationem
1292 2239 1427 2306 post
1482 2232 1933 2289 resurrectionis
1992 2236 2216 2288 statum

559 2324 971 2396 perpessionis
998 2328 1324 2394 expertem,
1358 2321 1657 2394 zelotypize
1686 2321 2074 2392 oblationem,
2113 2321 2217 2377 ubi

562 2428 760 2484 neque
790 2411 1245 2468 matrimonium
1275 2411 1659 2477 contrahunt,
1685 2425 1880 2481 neque
1911 2409 2218 2466 connubio

556 2503 924 2573 junguntur;
954 2517 1146 2573 panes
1169 2501 1617 2574 propositionis,
1641 2508 1778 2573 post
1803 2517 2024 2572 panem
2052 2500 2220 2556 illum

562 2593 664 2664 qui
713 2592 789 2646 de
837 2592 988 2647 ctelo
1036 2591 1392 2647 descendit:
1426 2590 1704 2646 lucernas
1750 2591 2048 2661 ardentes,
2085 2595 2220 2663 post

563 2697 776 2737 verum
806 2681 1031 2738 lumen.
1066 2684 1134 2737 Et
1160 2681 1222 2737 in
1262 2697 1526 2750 summa,
1559 2681 1607 2736 si
1652 2681 2080 2737 mandatorum
2125 2680 2220 2737 lex

568 2773 629 2829 in
654 2772 1042 2841 dogmatibus
1077 2771 1302 2828 abolita
1332 2776 1438 2841 est,
1468 2772 1673 2843 palam
1704 2775 1792 2827 est
1820 2777 1961 2827 tunc
2009 2771 2220 2844 Christi

569 2861 857 2931 dogmata
910 2862 972 2916 in
1023 2861 1338 2934 praeceptis
1386 2860 1682 2929 legalibus
1712 2861 2090 2932 antiquatum
2125 2861 2249 2936 iri.”

572 2950 659 3006 Ob
685 2951 814 3005 haec
845 2950 1042 3022 pudor
1072 2954 1128 3006 et
1156 2949 1520 3006 verecundia
1563 2949 1766 3005 vultus
1795 2953 2034 3004 nostros
2081 2965 2220 3021 ope-

567 3038 707 3105 ruit,
742 3043 799 3094 et
847 3037 1081 3094 tristitia
1127 3039 1448 3094 vehemens
1478 3039 1663 3095 corda
1699 3042 1907 3094 nostra
1932 3037 2217 3110 opplevit.

571 3130 945 3199 Quapropter
980 3127 1268 3183 adhortor
1307 3143 1414 3183 vos
1444 3132 1737 3200 tanquam
1764 3127 2034 3183 medicos
2061 3127 2222 3199 peri-

571 3220 687 3280 tos,
713 3223 769 3272 et
799 3217 1054 3273 scientes
1085 3217 1147 3273 in
1175 3217 1416 3273 lenitate
1447 3217 1682 3273 erudire
1736 3233 1840 3272 eos
1873 3217 1976 3288 qui
2011 3216 2222 3272 adver-

573 3310 800 3370 santur,
843 3310 908 3362 ut
943 3306 1113 3361 illum
1141 3307 1441 3362 conemini
1468 3307 1547 3361 ad
1576 3311 1807 3362 rectum
1830 3305 2102 3361 Ecclesiae
2132 3321 2222 3362 or-

572 3393 776 3450 dinem
805 3395 1112 3461 reducere,
1136 3397 1311 3468 eique
1338 3397 1726 3470 persuadere,
1753 3401 1818 3451 ut
1857 3399 2225 3452 commenta-

574 3482 806 3538 tionum
843 3500 1088 3539 suarum
1127 3485 1555 3556 loquacitatem
1586 3489 1933 3540 contemnat
1964 3483 2224 3554 (etenim

573 3571 949 3626 conﬁrmavit
974 3571 1156 3627 verba
1179 3573 1477 3643 proverbii
1501 3590 1514 3627 :
1541 3573 1676 3628 Non
1698 3578 1783 3629 est
1812 3573 1874 3627 in
1901 3573 2090 3627 multo
2108 3587 2226 3628 ser-

571 3675 746 3714 mone
763 3668 1072 3729 peccatum
1096 3662 1358 3730 effugere
1378 3662 1445 3728 ³⁸)
1471 3679 1485 3729 ;
1517 3661 1691 3733 eique
1713 3660 1938 3716 fortiter
1956 3665 2131 3716 recta:
2154 3659 2225 3715 ﬁ-

573 3749 669 3804 dei
698 3748 989 3819 dogmata
1008 3750 1380 3822 proponatis,
1402 3754 1466 3805 ut
1487 3750 1642 3805 illius
1663 3749 2005 3805 emendatio
2034 3749 2222 3804 mani-

573 3837 726 3893 festa
755 3837 877 3909 ﬁat,
902 3855 971 3894 ac
1001 3839 1284 3895 fratribus
1307 3839 1645 3896 innotescat
1672 3840 1831 3896 illius
1854 3839 2219 3911 poenitentia.

2319 529 2708 603 κατεδεξάμεθα
2790 525 3195 603 παραδέξασθαι
3249 530 3381 598 (32),
3418 528 3664 598 εὐχόμενοι
3707 524 3835 598 μηδε-

2319 626 2443 694 μίαν
2500 616 2694 693 μερίδα
2758 620 2900 690 ἔχειν
2974 621 3104 692 πρὸς
3169 622 3284 678 τοὺς
3349 616 3507 669 ἐκεῖνα
3565 619 3624 667 τὰ
3673 616 3838 689 ῥήματα

2321 709 2718 780 φθεγξαμένους.
2780 706 2926 778 Οὐχὶ
3001 711 3326 780 συγκέχυται
3379 703 3496 778 παρ’
3554 704 3677 775 αύτῷ
3717 707 3837 766 ὁτῆς

2320 799 2756 871 ἐνανθρωπήσεως
2819 796 3007 868 λόγοςς
3065 797 3160 848 οῦκ
3223 795 3499 870 ἀμφίϐολος
3563 799 3720 866 γέγονε
3762 801 3840 855 τοῖς

2319 887 2526 948 πολλοῖς
2556 889 2585 944 ἠ
2651 889 2908 961 σωτήριος
2959 892 3051 938 τοῦ
3101 889 3293 960 Κυρίου
3345 887 3487 958 ἡμῶν
3535 883 3769 954 οἰκονομία
3802 883 3842 935 ἐκ

2318 985 2416 1028 τῶν
2479 976 2692 1050 θολερῶν
2745 976 2904 1028 αὐτοῦ
2959 979 3048 1026 καὶ
3106 982 3378 1026 σκοτεινῶν
3438 977 3552 1046 περὶ
3596 976 3845 1044 σαρκώσεως

2323 1067 2686 1137 Campein»;
2729 1065 2794 1119 ⁸Α
2835 1067 3006 1118 πάντα
3059 1071 3372 1135 συναγαγεῖν
3434 1067 3521 1115 καὶ
3571 1061 3638 1126 εἰς
3681 1061 3846 1132 ἔλεγχον

2321 1163 2660 1213 καταστῆσαι
2715 1160 2918 1228 μακροῦ
2973 1157 3063 1207 καὶ
3128 1157 3324 1226 χρόνου
3380 1156 3468 1204 καὶ
3529 1151 3668 1222 λόγου
3699 1146 3847 1204 δεῖται.

2321 1248 2419 1298 Τόν
2452 1241 2510 1297 δὲ
2539 1252 2638 1296 τῶν
2691 1242 3006 1314 ἐπαγγελιῶν
3055 1247 3213 1295 τόπον
3241 1245 3322 1302 τίς
3351 1242 3507 1302 οὕτως
3550 1242 3746 1311 ἠφάνισε
3767 1239 3850 1308 (33)

2323 1337 2412 1384 καὶ
2470 1332 2802 1406 ἠμαύρωσεν,
2839 1334 2903 1392 ὡς
2953 1332 2983 1388 ἠ
3021 1333 3208 1384 τούτου
3265 1331 3570 1403 μυθοποιίας
3599 1327 3686 1390 ’ος
3714 1331 3852 1398 γετήν

2323 1425 2584 1495 μακαρίαν
2652 1416 2862 1487 ἐλπίδα,
2911 1423 3006 1478 τήν
3060 1418 3402 1490 ἀποκειμένην
3457 1424 3560 1478 τοῖς
3606 1415 3856 1469 πολιτευσα-

2324 1514 2495 1582 μένοις
2549 1510 2662 1578 (34)
2718 1510 2856 1560 κατὰ
2891 1512 2950 1560 τό
3011 1507 3322 1579 Εὐαγγέλιον
3361 1514 3452 1560 τοῦ
3497 1513 3732 1578 Χριστοῦ,
3755 1508 3857 1556 οὕτω

2323 1606 2574 1658 ταπεινῶς
2655 1603 2747 1649 καὶ
2830 1597 3144 1671 ἑρριμμένως
3199 1595 3477 1669 ἐτόλμησεν
3532 1594 3858 1667 ἐξηγήσασθαι,

2326 1687 2460 1739 ὥστε
2513 1685 2587 1746 εἰς
2613 1681 2876 1760 γραώδεις
2927 1687 3040 1756 (35)
3087 1687 3286 1757 μύθους
3333 1689 3423 1737 καὶ
3458 1684 3634 1756 λόγους
3675 1677 3860 1736 Ἰουδαῖ-

2257 1796 2298 1848 B
2327 1779 2445 1836 κοὺς
2475 1775 2816 1848 ἐκτραπῆναι·
2857 1773 3080 1826 "Amen
3120 1773 3490 1846 ἐπαγγέλλεται
3517 1774 3625 1844 (36)
3646 1778 3726 1825 τοῦ
3764 1776 3861 1822 ναοῦ

2326 1868 2421 1924 τήν
2465 1863 2764 1929 ἀνανέωσιν,
2811 1868 2900 1915 καὶ
2935 1871 3030 1924 τῆς
3059 1871 3273 1936 νομικῆς
3324 1863 3561 1937 λατρείας
3608 1866 3692 1920 τὴν
3728 1879 3861 1932 παρα-

2328 1959 2574 2026 τήρησιν,
2634 1956 2723 2005 καὶ
2787 1951 2943 2004 πάλιν
3025 1951 3280 2026 ἀρχιερέα
3350 1956 3566 2005 τυπικόν
3637 1952 3750 2021 μετὰ
3795 1952 3862 2000 τὸν

2329 2042 2570 2100 ἀληθινόν
2627 2040 2902 2115 ἀρχιερέα,
2949 2047 3040 2094 καὶ
3089 2042 3277 2094 θυσίαν
3333 2044 3448 2113 (37)
3486 2042 3606 2114 ὑπὲρ
3650 2039 3862 2113 ἁμαρτιῶν

2328 2133 2459 2203 μετά
2487 2133 2574 2182 τὸν
2617 2128 2773 2202 ἀμνὸν
2812 2137 2903 2182 τοῦ
2931 2137 3063 2182 Θεοῦ
3106 2133 3193 2182 τὸν
3239 2134 3457 2203 αἴροντα
3484 2131 3591 2201 (38)
3619 2134 3702 2186 τὴν
3733 2128 3865 2198 ἀμαρ-

2328 2225 2442 2273 τίαν
2490 2226 2580 2270 τοῦ
2611 2223 2834 2290 κόσμου·
2903 2223 2994 2270 καὶ
3050 2217 3406 2292 βαπτίσματα
3452 2219 3632 2293 μερικά
3671 2219 3779 2290 μετά
3820 2216 3864 2268 τό

2329 2309 2378 2362 ἓν
2411 2307 2714 2381 βάπτισμα,
2747 2313 2837 2360 καὶ
2888 2305 3086 2360 σποδόν
3136 2305 3413 2381 δαμάλεως
3460 2309 3772 2384 ῥαντίζουσα»
3795 2309 3865 2364 τήν

2331 2397 2642 2456 Ἐκκλησίαν
2698 2401 2792 2454 τήν
2858 2397 2952 2449 οῦκ
3012 2399 3242 2468 ἔχουσαν
3310 2395 3409 2450 διὰ
3436 2407 3530 2460 τῆς
3577 2397 3644 2460 εἰς
3685 2396 3866 2471 Χριστὸν

2329 2493 2547 2547 πίστεως
2602 2485 2782 2538 σπῖλον
2832 2487 2861 2544 ἣ
2905 2483 3122 2560 ῥυτίδα,
3180 2490 3210 2545 ἣ
3267 2507 3323 2540 τι
3376 2496 3478 2547 τῶν
3530 2488 3868 2541 τοιούτων·καὶ

2329 2579 2658 2650 καθαρισμὸν
2722 2575 2908 2650 λέπρας
2975 2578 3104 2648 μετὰ
3174 2581 3268 2636 τήν
3334 2576 3585 2630 ἀπάθειαν
3651 2583 3734 2638 τῆς
3780 2571 3868 2625 ἀνα-

2333 2668 2568 2726 στάσεως
2600 2686 2613 2699 ο
2673 2671 2762 2717 καὶ
2811 2663 3130 2726 ζηλοτυπίας
3184 2669 3513 2741 προσφορὰν,
3554 2668 3629 2720 ὅτε
3674 2669 3770 2718 οὔτε
3799 2683 3869 2734 γα-

2330 2762 2544 2827 μοῦσιν,
2608 2757 2726 2807 οὔτε
2789 2758 3178 2825 γαμίσκονταυ
3247 2757 3403 2830 ἄρτοι
3468 2760 3580 2825 (39)
3637 2755 3870 2828 προθέσεως

2330 2845 2462 2914 μετά
2509 2848 2594 2895 τὸν
2634 2844 2787 2915 ἄρτον
2829 2845 2916 2894 τὸν
2947 2843 3002 2895 ἐκ
3047 2851 3136 2895 τοῦ
3159 2843 3426 2918 ξοὺρανοῦ·
3465 2845 3644 2916 λύχνοι
3661 2848 3871 2915 καιόμενοι

2330 2935 2461 3004 μετά
2515 2936 2572 2984 τὸ
2612 2940 2717 3003 φῶς
2757 2935 2816 2984 τὸ
2869 2930 3109 2990 ἀληθινόν
3135 2949 3147 2962 ’
3179 2939 3269 2986 καὶ
3319 2935 3446 2996 ὅλως
3485 2935 3527 2988 εἰ
3575 2941 3657 2987 νῦν
3697 2935 3720 2984 ό
3758 2939 3871 3003 νόμος

2329 3031 2428 3075 τῶν
2468 3022 2676 3074 ἐντολῶν
2718 3022 2766 3074 ἐν
2800 3018 3034 3094 δόγμασι
3073 3029 3432 3099 κατήργηται,
3466 3023 3648 3097 δῆλονῆ
3691 3026 3758 3076 ὅτι
3789 3026 3871 3074 τότε

2261 3143 2303 3196 C
2334 3113 2534 3182 (40)τά
2581 3105 2827 3183 δόγματα
2887 3119 2980 3163 τοῦ
3035 3119 3270 3187 Χριστοῦ
3330 3113 3379 3167 ἐν
3435 3121 3545 3177 τοῖς
3579 3118 3783 3186 νομικοῖς
3817 3110 3870 3162 ἐν·

2333 3200 2590 3272 τάλμασιν
2655 3197 3074 3272 ἀκυρωθήσεται.
3132 3203 3248 3255 Ἐπὶ
3294 3207 3503 3264 τούτοις
3553 3203 3765 3275 αἰσχύνη
3805 3202 3871 3272 μὲν

2333 3294 2422 3343 καὶ
2487 3289 2704 3363 ἐντροπὴ
2759 3288 3007 3361 ἐκάλυψεν
3056 3293 3203 3363 ἡμῶν
3250 3294 3320 3344 τὰ
3361 3298 3632 3366 πρόσωπα·
3677 3292 3791 3347 λύπη
3831 3283 3872 3339 δὲ

2335 3377 2525 3450 βαρεῖα
2577 3377 2911 3450 πεπλήρωκεν
2966 3381 3110 3450 ἡμῶν
3166 3383 3262 3441 τὰς
3320 3379 3569 3458 καρδίας.
3625 3384 3704 3434 Διὸ
3739 3397 3870 3452 παρα-

2332 3467 2585 3540 καλοῦμεν
2642 3469 2799 3538 ὑμᾱς,
2841 3471 2910 3529 ὡς
2963 3466 3320 3539 ἐπιστήμονας
3374 3471 3580 3543 ἰατροὺς
3631 3475 3710 3522 καὶ
3757 3462 3870 3520 δεδι-

2333 3562 2623 3637 δαγμένους
2653 3563 2702 3616 ἐν
2757 3568 3016 3638 πραῦτητι
3051 3568 3161 3637 (41)
3201 3566 3475 3622 παιδεύειν
3525 3573 3642 3632 τοὺς
3687 3562 3868 3619 ἀντιδια-

2329 3657 2664 3726 τιθεμένους,
2730 3656 3044 3726 πειραθῆναι
3127 3658 3284 3710 αὐτὸν
3374 3658 3706 3732 ἐπαναγαγεῖν
3777 3656 3869 3727 πρὸς

2331 3747 2426 3802 τήν
2486 3743 2725 3806 εὐταξίαν
2811 3752 2902 3804 τῆς
2966 3744 3301 3812 Ἐκκλησίας,
3369 3753 3458 3800 καὶ
3529 3755 3699 3801 πεῖσαι
3753 3743 3869 3796 αὐτὸν

2330 3841 2726 3906 καταφρονῆσαι
2808 3842 2898 3894 τῆς
2979 3834 3305 3908 πολυφωνίας
3366 3847 3469 3891 τῶν
3557 3834 3869 3907 συνταγμάτων

574 3925 872 3993 (ἐϐεϐαίωσε
915 3931 1017 4001 γὰρ
1081 3934 1166 3981 τόν
1209 3936 1298 3989 τῆς
1344 3933 1629 4004 παροιμίας
1688 3929 1859 4000 λόγον,
1925 3933 2006 3982 ὄτι
2059 3928 2169 3981 Οὐκ
2221 3929 2362 3979 ἔστιν
2414 3923 2470 3976 ἐκ
2525 3922 2838 3994 πολυλογίας
2893 3923 3127 3997 ἐκφυγεῖν
3181 3927 3292 3996 (bi)
3345 3929 3656 4004 ἄμαρτίανΥ
3695 3923 3869 3998 στερρῶς

573 4010 633 4066 δὲ
684 4013 824 4083 αὐτῷ
875 4015 1177 4087 προϐάλλειν
1229 4035 1296 4069 τα
1347 4027 1437 4078 τῆς
1468 4015 1775 4092 ὀρθοδοξίας
1825 4016 2091 4091 δόγματα,
2120 4019 2202 4069 ἵνα
2253 4012 2488 4066 κάκείνου
2532 4014 2563 4070 ἡ
2605 4011 2960 4085 ἐπανόρθωσις
3006 4019 3197 4089 φανερά
3233 4020 3472 4088 γένηται,
3500 4023 3588 4070 καὶ
3630 4024 3724 4076 τοῖς
3759 4009 3869 4065 ἀδελ-

573 4109 688 4171 φοῖς
717 4102 876 4154 αὐτοῦ
900 4106 1166 4177 γνωρισθῇ
1209 4107 1239 4162 ἡ
1283 4105 1609 4177 μεταμέλεια.

643 4197 700 4248 3.
751 4196 866 4249 Nec
896 4193 1006 4248 abs
1035 4209 1099 4250 re
1137 4194 1315 4252 fuerit
1343 4194 1417 4251 de
1460 4195 1710 4252 Marcelli
1743 4198 2053 4270 discipulis
2094 4201 2219 4272 pie-

569 4285 753 4339 tatem
781 4286 1048 4340 vestram
1074 4299 1478 4352 commonere,
1501 4290 1567 4340 ut
1585 4285 1728 4341 nihil
1760 4286 2218 4355 inconsiderate,

569 4371 718 4428 nihil
754 4371 928 4428 facile
971 4371 1045 4427 de
1085 4371 1199 4429 illis
1244 4373 1538 4429 statuatis.
1595 4373 1709 4429 Sed
1749 4391 1889 4429 cum
1918 4375 1998 4431 ob
2036 4377 2222 4447 impia

643 4497 690 4532 ³⁸
729 4496 908 4554 Joan.
949 4514 989 4568 ι,
1013 4500 1106 4554 29.
1186 4498 1233 4532 ³⁷
1274 4497 1483 4570 Eplies,
1511 4514 1564 4561 v,
1597 4501 1685 4566 27,
1764 4498 1810 4532 ³⁸
1850 4501 2104 4568 Prov.x,
2137 4506 2219 4558 l9.

573 4621 864 4694 llarlaeani
893 4639 964 4678 eo
991 4623 1186 4694 magis
1215 4622 1428 4694 arrisit,
1452 4623 1617 4694 quod
1644 4624 1696 4678 ei
1726 4623 1886 4680 favet
1912 4625 2218 4681 Mediceeus

571 4707 710 4746 cum
735 4693 923 4747 tribus
951 4693 1098 4758 aliis,
1133 4694 1189 4747 in
1223 4693 1445 4764 quibus
1473 4693 1711 4763 ilegitur
1764 4699 2006 4748 σκοτεινά
2053 4696 2212 4756 ἀσεϐῆ

570 4764 800 4842 ῥήματα.
839 4764 980 4842 Editj
1013 4771 1101 4842 καὶ
1132 4764 1260 4815 ἄλλα
1293 4768 1529 4817 σκοτεινά
1558 4771 1648 4818 καὶ
1673 4765 1833 4825 ἀσεϐῆ
1876 4769 2107 4842 ῥήματα.

643 4832 752 4917 (3:2)
795 4832 1222 4917 Παραδέξασθαι.
1254 4839 1414 4917 Hanc
1451 4853 1681 4917 vocem,
1716 4854 1851 4917 qua;
1876 4832 2221 4917 necessaria.

620 4906 820 4960 uidem
848 4923 974 4960 non
1029 4907 1277 4974 videtur,
1313 4908 1417 4962 sed
1457 4911 1659 4963 tamen
1691 4906 1836 4964 nihil
1886 4914 2078 4971 nocet,
2114 4910 2220 4966 ad-

617 4975 838 5031 idimus
867 4992 935 5031 ex
967 4977 1152 5031 tribus
1182 4979 1602 5035 vetustissimis
1653 4980 1963 5036 codicibus
2006 4987 2062 5037 et
2089 4982 2221 5037 toti-

573 5047 872 5127 demaliis
901 5064 1022 5127 non
1048 5049 1130 5103 ita
1149 5051 1439 5127 antiquis.

647 5123 758 5183 (33)
794 5119 1062 5190 ’nqm'uaa,
1107 5125 1217 5175 etc.
1253 5119 1343 5174 Sic
1394 5126 1510 5175 tres
1539 5121 1929 5178 vetustissimi
1961 5121 2221 5178 codices.

572 5190 716 5245 Editi
759 5192 1042 5263 ἠμαύρωσε
1072 5196 1160 5242 καὶ
1193 5191 1410 5260 ἠφάνισε
1435 5192 1756 5263 μυθολογία.

644 5263 755 5332 (34)
813 5262 1290 5334 Ιιολιτευσαμένοις.
1346 5262 1520 5338 Coisl.
1582 5264 1813 5334 primus
1887 5263 2223 5336 πολιτευομέ-

572 5354 696 5393 νοις,

587 5476 599 5490 ‘
627 5406 753 5528 ³(35)
787 5401 1061 5480 Γραώδεις.
1090 5406 1172 5460 Ita
1219 5419 1367 5459 mss.
1416 5404 1654 5461 codices
1687 5422 1818 5464 sex.
1888 5405 2037 5462 Editi
2076 5427 2223 5482 γραι-

587 5497 634 5525 υν
657 5496 748 5528 εις.

574 5496 748 5536 ωοεις.

645 5549 751 5614 (36)
783 5548 1005 5600 Ἀνωθεν
1046 5545 1435 5616 ἐπαγγέλλεθαι.
1481 5546 1727 5604 Codices
1787 5547 1944 5604 Harl.
1975 5553 2032 5605 et
2079 5548 2226 5606 Med.

573 5621 660 5667 καὶ
698 5619 886 5670 ἄνωθεν
918 5617 1344 5689 ἐπαγγέλλεσθαι.

2402 4195 2454 4246 3.
2497 4190 2716 4261 Εὖλογον
2750 4189 2810 4243 δὲ
2837 4197 2926 4244 καὶ
2977 4199 3095 4268 περὶ
3139 4201 3240 4246 τῶν
3277 4199 3417 4248 κατά
3465 4195 3741 4271 Μάρκελλον
3778 4191 3869 4242 ὑπο·

2327 4290 2527 4352 μνῆσαι
2583 4281 2697 4349 (43)
2736 4285 2833 4339 τήν
2889 4282 3157 4335 εὐλάϐειαν
3204 4285 3370 4356 ὑμῶν,
3401 4286 3485 4338 ἶνα
3536 4282 3692 4358 μηδὲν
3734 4281 3870 4358 ἀπεριτ

2330 4375 2584 4435 σκέπτως,
2627 4368 2756 4442 μηδ’
2793 4372 3015 4433 εὐκόλως
3068 4379 3184 4447 περὶ
3238 4353 3412 4427 αὐτῶν
3460 4353 3736 4432 τυπῶσητε.
3771 4353 3872 4422 Ἀλλ’

2329 4694 2354 4744 0
2395 4624 2511 4707 (37)
2553 4624 2653 4674 Καὶ
2678 4621 2885 4680 θυσίαν.
2917 4625 3004 4680 Ita
3033 4639 3138 4680 sex
3168 4640 3316 4682 mss.
3351 4626 3611 4683 codices.
3647 4621 3775 4680 Editi
3801 4621 3867 4670 καὶ

2362 4712 2533 4744 υσιας.

2362 4712 2533 4752 υσιας.

2399 4766 2507 4834 (38)
2547 4767 2644 4816 Τὸν
2675 4765 2888 4835 αῖροντα
2938 4767 3018 4821 Ita
3070 4769 3188 4822 tres
3237 4767 3619 4825 vetustissimi
3646 4763 3866 4823 codices.

2328 4835 2480 4889 Editi
2511 4839 2597 4886 τὸν
2624 4837 2843 4907 ἄραντα,

2401 4907 2513 4976 (39)
2555 4905 2758 4976 Ἀρτοι.
2809 4905 2901 4962 Sic
2949 4906 3179 4964 habent
3222 4925 3436 4966 omnes
3467 4909 3600 4965 editi
3636 4911 3691 4963 et
3729 4918 3864 4976 mssa

2401 4926 2513 4976 (δυ)
2580 4926 2614 4958 Λ
2658 4926 2758 4959 τοι.
2809 4926 2901 4962 διο
2949 4926 3179 4964 naoent
3222 4926 3436 4966 omnes
3467 4926 3600 4965 eam
3636 4926 3691 4963 ει
3729 4926 3863 4963 Iussu

2330 4978 2442 5049 nisi
2469 4926 2722 5049 quodam
2753 4975 2958 5032 codice
2999 4995 3114 5034 ms.
3151 4982 3402 5049 insignis
3429 4980 3687 5037 Ecclesiae
3718 4971 3863 5030 Paris.

2329 5048 2545 5124 legitur
2569 5052 2756 5122 ἄρτους
2784 5053 2842 5103 et
2871 5049 3053 5124 paulo
3085 5057 3223 5123 post
3249 5048 3492 5124 λύχνους.

2401 5122 2512 5187 (40)
2549 5117 2913 5193 Κατήργηταὶ,
2944 5117 3124 5193 δῆλον,
3151 5124 3231 5175 ὅτι
3261 5117 3394 5179 τότε.
3421 5125 3503 5178 Ita
3526 5118 3862 5193 Regius]le

2331 5207 2470 5262 que.
2516 5187 3069 5262 Coisl,'_'secundus.
3110 5187 3309 5250 ’Paris.
3343 5201 3400 5251 et
3453 5187 3637 5262 Bigot.
3673 5187 3798 5245 Editi
3821 5201 3863 5232 ον

2332 5260 2682 5333 κατήργηται,
2714 5260 2897 5320 δῆλον,
2928 5265 3008 5314 ὁτι
3030 5264 3145 5317 οὗτε
3174 5271 3307 5322 τότε.

2406 5338 2515 5395 (41)
2563 5336 2856 5404 ιιραῦτητι.
2892 5334 3044 5389 llarl.
3079 5341 3137 5391 et
3165 5338 3310 5392 Med.
3343 5338 3391 5390 ἐν
3412 5339 3676 5391 πραότητι.

2347 5477 2357 5485 ,
2408 5392 2521 5492 (-4?)
2553 5392 2844 5479 Ἐ’κφυγεῖνο
2903 5406 3077 5462 Coisl.
3145 5409 3374 5480 primus
3432 5405 3706 5478 διαφυγεῖν.
3745 5392 3859 5454 Med-

2337 5496 2618 5532 εκφευνειν.

2396 5499 2923 5620 ἷῗέἰςειῗὲπομνῆσαι.
2982 5551 3249 5616 Quatuor
3317 5549 3545 5607 codices
3593 5559 3702 5602 non
3745 5534 3858 5595 anti-

2335 5619 2611 5692 quissimi
2640 5619 3058 5692 ὑπομνησθῆναι,
