4074 6220
553 318 656 373 995

1923 313 1980 368 S.
2022 311 2272 369 BASlLll
2307 312 2528 368 MAGNI
3732 325 3782 376 99

546 444 641 497 cto
661 456 737 496 ne
760 438 838 496 ad
849 439 1065 495 horam
1085 437 1335 510 quidem
1352 437 1806 494 admisissemus
1821 450 2028 492 eorum
2043 451 2193 493 com-

2316 437 2517 508 αφειὰν,
2575 437 2619 488 εἰ
2674 437 2965 496 σκάζοντας
3017 435 3201 494 αύτούς
3261 441 3373 511 περὶ
3411 441 3498 494 τὴν
3535 441 3684 490 πίστιν
3715 443 3824 518 ιῦρο.

545 531 917 600 munionem,
944 527 995 582 si
1024 527 1161 582 illos
1202 527 1265 582 in
1286 526 1408 581 ﬁde
1438 525 1850 582 claudicantes
1877 525 2211 598 deprehen-

545 618 867 674 dissemus.
903 617 1037 674 Sed.
1073 617 1124 671 si
1155 615 1473 682 videbitur,
1507 614 1855 670 omittamus
1885 617 2205 687 przeterita,

543 708 760 764 futuris
805 713 1009 762 autem
1040 705 1274 761 initium
1307 703 1554 776 aliquod
1610 703 1823 759 demus
1856 704 2202 776 paciﬁcum.

543 800 693 853 Nam
721 796 897 851 nobis
922 794 1180 850 invicem
1223 793 1569 862 indigemus
1605 809 1817 848 omnes
1868 792 2207 848 secundum

544 885 960 942 membrorum
985 883 1352 952 societatem,
1381 887 1438 938 et
1464 882 1727 937 maxime
1757 882 2039 953 praesenti
2059 887 2208 938 tem-

547 990 713 1047 pore,
747 990 872 1046 quo
905 972 1158 1029 Orientis
1189 970 1465 1026 Ecclesiae
1503 971 1582 1026 ad
1613 985 1724 1024 nos
1753 971 2097 1042 respiciunt,
2135 986 2207 1026 ac

542 1070 745 1118 vestra
774 1062 1022 1134 quidem
1051 1061 1164 1116 illis
1196 1059 1522 1116 concordia
1558 1059 1796 1114 roboris
1825 1065 1881 1114 et
1911 1059 2206 1116 ﬁrmitatis

547 1152 654 1207 erit
691 1151 965 1215 occasio;
1009 1149 1115 1204 sed
1166 1149 1217 1204 si
1241 1164 1346 1204 vos
1377 1148 1635 1203 sentiant
1655 1152 1866 1204 mutua
1896 1148 2207 1221 aliquasu-

543 1240 812 1312 spicione
840 1238 1140 1306 laborare,
1170 1236 1546 1292 resolvantur
1557 1252 1626 1291 ac
1647 1251 1869 1291 manus
1887 1236 2202 1299 remittent.

542 1329 871 1401 quominus
894 1326 1192 1382 obsistant
1216 1325 1360 1381 ﬁdei
1387 1325 1687 1380 hostibus.

1029 1435 1367 1490 EPISTULA
1407 1435 1726 1488 CCLXVll‘.

2317 545 2426 598 μεν,
2473 524 2650 586 Ἀλλὰ,
2698 525 2740 577 εἰ
2799 521 2964 592 δοκεῖ,
3019 528 3085 577 τὰ
3125 523 3440 596 παρελθόντα
3491 525 3703 599 ἐάσωμεν,
3744 540 3825 595 τοῖς

2317 611 2377 667 δὲ
2404 615 2579 686 ἑφεξῆς
2611 613 2784 688 ἀρχὴν
2814 634 2932 666 τινα
2979 610 3149 685 δῶμεν
3194 613 3467 688 εἰρηνικήν.
3498 617 3732 688 Χρῂζομῠ
3750 624 3825 693 γὰρ

2315 702 2544 760 ἀλλήλων
2596 705 2783 764 πάντες
2826 705 2962 754 κατὰ
3007 707 3102 759 τὴν
3157 711 3254 752 τῶν
3301 702 3457 775 μελῶν
3498 711 3744 773 κοινωνίαν,
3764 716 3829 760 καὶ

2315 792 2548 865 μάλιστα
2583 798 2693 859 νῦν,
2725 794 2809 844 ὅτε
2867 794 2923 843 αἱ
2960 799 3054 852 τῆς
3104 789 3379 851 Ἀνάτολῆς
3429 791 3704 849 Ἐκκλησίαι
3743 801 3832 868 πρὸς

2315 885 2451 952 ἡμᾶς
2475 885 2585 949 (59)
2640 879 3013 949 ἀποϐλέπουσι,
3068 884 3155 932 καὶ
3210 885 3304 938 τὴν
3350 884 3436 952 μὲν
3492 881 3710 957 ὑμετέραν
3746 887 3833 956 cpi--

2313 989 2455 1022 νοιαν
2484 968 2720 1042 ἀφορμὴν
2769 970 2841 1031 εἰς
2891 971 3180 1041 στηριγμόν
3223 973 3312 1024 καὶ
3361 967 3658 1042 βεϐαιότητα
3680 970 3835 1042 16+»-

2315 1077 2422 1110 ται·
2487 1057 2574 1110 ἐὰν
2631 1054 2690 1109 δὲ
2739 1059 3025 1110 αἴσθωνται
3081 1059 3213 1128 ὑμᾶς
3273 1056 3322 1108 ἐν
3379 1057 3571 1130 ὑποψία
3613 1064 3700 1112 τινὶ
3745 1066 3839 1133 πρὸς

2316 1145 2566 1209 ἀλλήλους
2593 1141 2739 1216 εἶναι,
2791 1145 3167 1204 ἐκλυθήσονται
3207 1151 3297 1198 καὶ
3340 1152 3651 1221 παρήσουσιν
3691 1149 3840 1202 ἑαυτῶν

2316 1239 2405 1296 τὰς
2433 1243 2641 1308 χεῖρας,
2686 1239 2813 1306 πρὸς
2849 1238 2909 1286 τὸ
2956 1239 3028 1306 μὴ
3077 1232 3335 1308 ἀνταίρειν
3378 1254 3480 1295 τοις
3522 1235 3753 1309 πολεμιοις
3775 1246 3842 1300 τῆς

2316 1329 2562 1386 πίστεως.

2843 1435 3180 1484 ΕΠΙΣΤΟΛΗ
3235 1430 3387 1485 ΣΞΖ’.

547 1543 816 1599 Basilius
837 1542 1017 1612 gravi
1037 1541 1302 1610 corporis
1331 1540 1706 1607 inﬁrmitate,
1739 1542 2053 1611 quominus
2102 1543 2347 1597 Barsam
2378 1537 3164 1612 incisatLelEcclesiaram
3196 1551 3346 1594 cura
3372 1537 3650 1612 detentus.
3671 1540 3848 1597 deside-

611 1615 703 1668 rio
724 1607 966 1682 suo'per
1005 1607 1238 1667 litteras
1258 1612 1575 1680 salis/dcit,
1603 1607 1853 1682 eumoue
1873 1617 2042 1683 rogat
2065 1619 2132 1666 ut
2148 1628 2260 1682 pro
2291 1625 2351 1667 se
2379 1617 2435 1666 et
2463 1624 2574 1678 pro
2595 1608 2868 1664 Ecclesia
2897 1614 3061 1678 oret;
3082 1607 3210 1679 jam
3240 1623 3303 1664 se
3340 1608 3420 1664 ad
3447 1625 3572 1666 eum
3599 1612 3849 1683 scﬁpsissc

613 1685 918 1750 declarat,
943 1689 998 1739 et
1025 1684 1301 1754 quaedam
1341 1685 1524 1738 mittit
1548 1685 1931 1739 munuscula.

776 1794 993 1857 Barsa’,
1027 1791 1297 1859 episcopo
1329 1789 1589 1854 Edessce,
1636 1789 1966 1844 exsulanti.

618 1895 908 1970 Equidem
931 1911 1042 1967 pro
1069 1911 1206 1950 mea
1226 1894 1287 1949 in
1315 1899 1480 1950 tuam
1512 1894 1797 1965 pietatem
1839 1895 2026 1950 animi
2056 1895 2208 1952 affe-

543 1985 738 2041 ctione
769 1991 1116 2057 exoptarem
1135 1999 1341 2039 coram
1363 1983 1597 2050 adesse,
1627 1988 1684 2038 et
1703 1999 1908 2038 veram
1932 1989 2097 2040 tuam
2119 1985 2206 2040 di-

541 2074 858 2130 lectionem
882 2089 988 2145 per
1012 2089 1108 2127 me
1130 2073 1260 2144 ipse
1294 2071 1600 2142 amplecti,
1632 2088 1703 2126 ac
1737 2073 2057 2128 Dominum
2078 2073 2203 2143 glo-

541 2163 796 2230 rificarc,
817 2161 921 2233 qui
950 2161 1012 2216 in
1029 2165 1085 2216 te
1113 2160 1535 2229 magniﬁcatus
1556 2164 1664 2228 est,
1689 2176 1760 2215 ac
1788 2162 2204 2217 venerandam

541 2256 711 2307 tuam
744 2255 1111 2306 senectutem
1143 2247 1427 2304 omnibus
1458 2249 1779 2305 Dominum
1817 2251 1878 2304 in
1907 2255 2202 2307 terrarum

543 2339 687 2395 orbe
711 2339 1058 2394 timentibus
1073 2337 1364 2393 illustrem
1395 2354 1465 2393 ac
1480 2337 1874 2409 conspicuam
1908 2341 2197 2412 przestitit.

549 2429 663 2484 Sed
684 2429 831 2500 quia
853 2434 908 2482 et
940 2427 1135 2495 gravis
1166 2427 1435 2498 corporis
1464 2427 1781 2482 infirmitas
1812 2444 1908 2484 me
1933 2427 2197 2498 afﬂictat,

537 2521 594 2571 et
624 2515 1019 2570 Ecclesiarum
1041 2532 1186 2570 cura
1210 2531 1333 2570 non
1364 2515 1720 2570 enarrabilis
1763 2516 1910 2572 mihi
1957 2517 2200 2573 incum-

535 2604 624 2660 bit
647 2619 758 2660 nec
783 2603 844 2658 in
879 2621 1016 2660 mea
1044 2604 1222 2658 situm
1253 2609 1678 2676 estpotestate,
1725 2611 1792 2660 ut
1848 2622 1972 2677 quo
2017 2607 2196 2662 velim

536 2693 904 2764 proﬁciscar,
953 2697 1008 2748 et
1033 2692 1392 2763 congrediar
1419 2691 1787 2763 quibuscum
1828 2693 2038 2764 cupio;
2089 2709 2197 2763 per

535 2781 756 2837 litteras
793 2781 953 2836 lenio
1000 2797 1206 2836 meum
1244 2781 1442 2846 bonis,
1493 2796 1630 2852 qum
1661 2781 1720 2836 in
1763 2785 1818 2836 te
1876 2787 2034 2842 sunt,
2069 2797 2198 2852 per-

535 2870 773 2926 fruendi
831 2870 1198 2926 desiderium
1255 2885 1325 2925 ac
1379 2869 1664 2925 eximiam
1719 2877 1886 2926 tuam
1915 2871 2195 2942 pietatem

538 2961 848 3029 adhortor,
883 2965 946 3014 ut
975 2976 1086 3032 pro
1119 2976 1212 3014 me
1226 2976 1296 3015 ac
1321 2959 1579 3014 Ecclesia
1599 2960 1880 3031 preceris,
1914 2964 1978 3014 ut
2001 2959 2197 3014 Domi-

535 3064 650 3105 nus
681 3049 784 3104 det
812 3049 988 3104 nobis
1021 3049 1146 3103 sine
1185 3048 1519 3104 offensione
1577 3048 1891 3104 decurrere
1932 3049 2193 3120 reliquos

2485 1787 2685 1861 Βάρση,
2719 1784 2986 1856 ἐπισκόπῳ
3019 1783 3293 1854 Ἐδέσσης,
3330 1785 3379 1838 ἐν
3409 1787 3575 1862 ἐξορίᾳ
3610 1791 3721 1844 ὄντι.

2389 1894 2518 1964 Ἐγὼ
2575 1901 2666 1953 τῆς
2721 1889 3003 1954 διαθέσεως
3059 1896 3149 1966 μὲν
3202 1895 3386 1964 ἕνεκεν,
3446 1895 3503 1956 ἧς
3543 1897 3643 1966 ἔχω
3669 1900 3855 1969 πιρὶτὴν

2318 1989 2408 2040 σὸν
2457 1981 2766 2048 θεοσέϐειαν,
2819 1981 3103 2054 ἐπεθύμουν
3159 1983 3318 2047 αὐτὸς
3377 1986 3750 2057 παραγενέσθαι,
3788 1989 3856 2040 καὶ

2316 2067 2390 2121 δι’
2439 2069 2661 2142 ἐμαυτοῦ
2720 2070 3142 2143 περιπτύξασθαί
3194 2091 3290 2123 σου
3353 2077 3441 2129 τὴν
3492 2071 3716 2130 ἀληθινὴν
3753 2071 3856 2142 ἀγά-

2312 2179 2435 2223 πην,
2505 2166 2594 2211 καὶ
2651 2156 2878 2221 δοξάσαι
2920 2163 3008 2211 τόν
3063 2163 3252 2235 Κύριον
3311 2165 3400 2212 τόν
3449 2159 3496 2212 ἐν
3544 2167 3622 2214 σοὶ
3655 2161 3854 2234 μεγαλνν·

2315 2249 2482 2310 θέντα,
2531 2253 2619 2300 καὶ
2660 2252 2718 2300 τὸ
2763 2254 2933 2321 τίμιόν
2977 2268 3071 2300 σου
3119 2257 3286 2322 γῆρας
3338 2253 3602 2322 περιφανὲς
3646 2255 3856 2308 κατακτέν·

2313 2357 2475 2388 σαντα
2510 2343 2645 2389 πᾶσι
2690 2357 2796 2399 τοις
2840 2337 2888 2388 ἐν
2927 2345 2989 2410 τῇ
3042 2338 3320 2412 οἰκουμένῃ
3374 2338 3691 2413 φοϐουμένοις
3715 2339 3852 2394 αὐτόν’

2309 2423 2489 2485 ἐπειδὴ
2544 2423 2604 2479 δὲ
2648 2431 2737 2479 καὶ
2795 2426 3034 2479 ἀσθένεια
3083 2435 3176 2480 τοῦ
3227 2434 3468 2501 σώματος
3519 2427 3693 2506 βᾶρείει
3735 2449 3854 2480 κατα·

2306 2524 2450 2568 πονεῖ
2499 2535 2579 2588 με,
2626 2521 2715 2567 καὶ
2764 2521 2968 2590 φροντὶς
3007 2517 3332 2573 Ἐκκλησιῶν
3365 2517 3615 2571 ἐπίκειταί
3647 2518 3851 2592 μοι

2309 2606 2480 2665 θητος,
2512 2611 2602 2656 καὶ
2651 2606 2745 2656 ούκ
2790 2606 2896 2676 εἰμί
2945 2604 3171 2676 ἐμαυτοῦ
3218 2609 3398 2678 κύριος
3451 2612 3576 2680 πρὸς
3618 2612 3668 2660 τὸ
3696 2602 3850 2661 ἀποδη-

2304 2701 2415 2764 μεῖν
2467 2695 2594 2745 ὅπου
2643 2691 2923 2765 βουλομαι,
2977 2698 3067 2745 καὶ
3122 2699 3505 2767 συντυγχάνειν
3536 2694 3603 2757 οἷς
3645 2695 3854 2767 ἐπιθυμῶ,

2307 2777 2400 2834 διὰ
2438 2790 2526 2833 τοῦ
2579 2785 2888 2854 γράμματος
2935 2781 3183 2834 ἀναπαύω
3227 2788 3318 2835 τὸν
3374 2789 3531 2839 πόθον
3583 2785 3632 2837 ὃν
3676 2788 3767 2857 ἔχω
3791 2782 3854 2836 ἐπὶ

2304 2877 2363 2941 τῇ
2401 2870 2686 2922 ἀπολαύσει
2715 2880 2815 2921 τῶν
2867 2871 2916 2922 ἐν
2977 2876 3060 2923 σοὶ
3118 2871 3314 2944 καλῶν,
3356 2880 3446 2926 καὶ
3493 2874 3751 2949 παρακαλῶ
3785 2878 3854 2928 τὴν

2303 2958 2687 3030 ἀνυπέρϐλητόν
2725 2979 2819 3011 σου
2874 2959 3139 3012 εὐλάϐειαν
3179 2965 3441 3032 εὔχεσθαι
3480 2966 3602 3036 ὑπὲρ
3644 2962 3750 3036 ἑμου
3789 2965 3858 3012 καὶ

2302 3055 2391 3105 τῆς
2420 3046 2753 3113 Ἐκκλησίας,
2801 3049 2884 3100 ἵνα
2921 3050 2948 3099 ό
3000 3052 3191 3123 Κύριος
3239 3047 3322 3120 δῷ
3381 3055 3505 3124 ἡμῖν
3565 3052 3857 3125 ἀπροσκοπως

533 3138 662 3194 dies
689 3142 793 3193 aut
817 3139 998 3193 horas
1022 3137 1523 3208 peregrinationis
1565 3143 1804 3208 nostrae,
1836 3153 1906 3192 ac
1956 3143 2193 3209 praestet

2301 3135 2568 3210 παρελθεῖν
2607 3139 2695 3196 τὰς
2739 3137 3067 3210 λυπουμένας
3121 3141 3320 3211 ἡμέρας
3382 3142 3412 3199 ἡ
3469 3143 3603 3215 ὧρας
3647 3148 3727 3200 τῆς
3759 3156 3857 3211 πσρ-

532 3228 734 3293 etiam,
767 3230 832 3282 ut
861 3227 1179 3282 videamus
1212 3241 1426 3298 pacem
1455 3227 1854 3282 Ecclesiarum
1906 3225 2112 3298 ipsius,
2139 3231 2194 3282 et

532 3321 664 3371 tum
690 3316 763 3370 de
786 3314 1032 3388 reliquis
1065 3316 1180 3371 tuis
1210 3316 1639 3371 comministris
1671 3331 1742 3370 ac
1765 3315 2192 3371 commilitoni-

533 3405 649 3460 bus
679 3404 1002 3460 audiamus
1033 3421 1104 3460 ea
1124 3421 1261 3478 quae
1293 3421 1633 3477 precamur,
1684 3409 1813 3460 tum
1863 3405 1936 3460 de
1977 3405 2188 3477 teipso,

531 3510 668 3565 quze
694 3493 790 3550 die
809 3509 880 3548 ac
910 3499 1084 3549 nocte
1113 3495 1321 3566 populi
1352 3494 1458 3549 tibi
1511 3494 1736 3550 subditi
1782 3494 2112 3564 efﬂagitant
2155 3512 2193 3552 a

532 3581 788 3638 Domino
814 3582 1076 3654 justitiie.
1115 3582 1270 3638 Scito
1299 3588 1502 3637 autem
1533 3598 1630 3638 me
1661 3581 1839 3655 414
1870 3599 1993 3639 non
2026 3599 2190 3656 saepe

531 3672 778 3745 quidem
811 3672 1142 3744 scripsisse,
1182 3687 1293 3727 nec
1323 3673 1556 3744 quoties
1586 3689 1698 3745 par
1726 3672 1937 3741 fuerat,
1971 3673 2076 3729 sed
2106 3680 2190 3728 ta-

531 3778 674 3818 men
705 3761 1016 3833 scripsisse
1047 3762 1124 3817 ad
1156 3766 1321 3816 tuam
1345 3761 1645 3834 pietatem.
1672 3767 1752 3818 Ac
1779 3762 1926 3818 forte
1945 3779 2067 3818 non
2089 3779 2190 3834 po-

532 3856 773 3907 tuerunt
801 3867 1039 3906 servare
1094 3851 1484 3907 salutationes
1536 3867 1725 3921 meas,
1779 3852 1884 3924 qui
1922 3852 2188 3908 ministe-

529 3939 687 3994 rium
708 3938 1038 3995 litterarum
1061 3943 1451 4011 susceperant
1483 3939 1709 3995 fratres.
1729 3940 1840 3995 Sed
1862 3955 2023 3995 nunc
2049 3956 2189 3995 cum

530 4029 707 4100 copia
728 4029 800 4083 sit
827 4029 975 4082 mihi
997 4029 1407 4100 quorumdam
1436 4046 1466 4083 e
1497 4029 1715 4084 nostris
1737 4029 1815 4085 ad
1846 4035 2011 4086 tuam
2030 4033 2189 4102 'praa-

531 4117 813 4172 stantiam
845 4116 1373 4189 proﬁciscentium,
1408 4121 1466 4172 et
1499 4117 1721 4174 litteras
1771 4119 1856 4174 eis
1913 4119 2190 4175 commisi

527 4204 802 4270 libenter,
835 4208 891 4259 et
918 4204 1056 4258 misi
1086 4203 1401 4274 nonnulla,
1420 4221 1557 4276 quae
1579 4205 1832 4276 dignare
1852 4223 1888 4262 a
1917 4223 2053 4262 mea
2082 4209 2189 4263 hu-

529 4293 775 4349 militate
819 4292 1122 4365 suscipere
1154 4293 1280 4348 sine
1312 4292 1574 4361 fastidio,
1599 4310 1669 4349 ac
1708 4295 1856 4350 mihi
1909 4296 2186 4367 exemplo

531 4386 696 4440 Isaac
716 4383 1071 4456 patriarchae
1097 4382 1450 4440 benedicere
1473 4384 1539 4437 ‘0.
1565 4383 1737 4449 Quod
1756 4383 1807 4438 si
1835 4385 1979 4456 quid
2004 4385 2185 4441 etiam

530 4477 595 4528 ut
614 4473 890 4544 occupati
908 4473 1301 4545 animumque
1317 4487 1597 4528 curarum
1615 4471 1994 4529 multitudine
2006 4473 2184 4530 obru—
2210 4500 2258 4552 Ι)

528 4565 657 4616 tum
685 4563 1000 4622 habentes.
1023 4563 1225 4617 decori
1257 4561 1655 4630 negleximus,
1686 4562 1836 4618 mihi
1863 4578 1937 4618 ne
1989 4564 2182 4635 impu-

527 4649 765 4718 taveris,
791 4665 987 4720 neque
1021 4650 1299 4705 afﬁciaris
1329 4649 1600 4706 tristitia:
1636 4648 1741 4704 sed
1773 4655 1941 4706 tuam
1972 4651 2030 4706 in
2050 4668 2181 4707 om-

527 4738 708 4793 nibus
734 4737 1160 4810 perfectionem
1184 4739 1457 4794 imitare:
1494 4743 1558 4795 ut
1588 4743 1642 4795 et
1692 4755 1806 4795 nos
1839 4740 2048 4796 virtute
2077 4749 2183 4798 tua

529 4827 930 4898 perfruamur,
957 4827 1480 4900 quemadmodum
1511 4832 1568 4885 et
1597 4828 1810 4903 reliqui
1832 4833 2179 4888 omnes.Sa-

599 5027 645 5060 ‘°
675 5026 817 5081 Gen.
845 5040 1022 5090 xxvu,
1045 5030 1132 5081 27.

595 5242 615 5262 '
665 5236 825 5318 Alias
879 5237 1213 5318 CCQAXXYII.
1261 5239 1490 5318 Scripta
1566 5239 1806 5298 videtur
1862 5258 2024 5301 anno
2071 5249 2177 5303 377

523 5316 796 5374 exeunte,
830 5315 933 5365 aut
961 5314 1064 5366 378
1094 5314 1356 5365 ineunte.

591 5385 700 5458 (59)
780 5384 928 5458 Πρὸς.
964 5383 1117 5454 ἡμᾶς.
1155 5381 1359 5458 _l_larl.,
1415 5383 1587 5458 Coisl.
1659 5385 1910 5458 primus,
1955 5388 2173 5458 Regius

517 5453 770 5542 primus,
1044 5458 1099 5509 et
1151 5454 1334 5542 Bigot.
1368 5457 1495 5542 πρός
1525 5453 1682 5542 ἡμᾶςῖ
1726 5453 2068 5527 Ιηίταιῖθεῖ
2087 5476 2172 5516 se-

520 5523 756 5605 cundus
783 5527 837 5578 et
859 5524 1030 5580 Coisl.
1069 5523 1370 5582 secundus
1408 5523 1506 5583 ’τὴν
1546 5523 1818 5604 ἡμετέραν,
1849 5535 1908 5590 et
1941 5523 2169 5582 αἴσθων-

519 5610 604 5644 ται
644 5613 800 5664 ημας.

2301 3222 2588 3297 επιδημίας
2635 3228 2801 3298 ἡμῶν·
2857 3231 3134 3301 παράσχοι
3189 3226 3248 3281 δὲ
3312 3233 3438 3303 ἡμῖν
3495 3236 3580 3282 καὶ
3635 3227 3747 3282 ἰδεῖν
3786 3233 3858 3284 την

2299 3313 2504 3385 εἰρήνην
2550 3324 2646 3366 τῶν
2687 3315 3006 3372 Ἐκκλησιῶν
3053 3318 3234 3384 αὐτοῦ,
3291 3339 3383 3371 και
3426 3319 3643 3372 ἀκούσαι
3681 3322 3780 3390 περί
3816 3333 3855 3366 τε

2298 3410 2398 3453 τῶν
2427 3403 2616 3454 λοιπῶν
2670 3403 3077 3479 συλλειτουργῶν
3133 3426 3227 3458 σου
3270 3413 3368 3460 καὶ
3415 3417 3515 3460 τῶν
3573 3407 3853 3463 συναθλητῶν

2298 3490 2332 3542 ἂ
2397 3492 2679 3564 εὐχόμεθα,
2739 3499 2828 3545 καί
2872 3500 2991 3567 περὶ
3034 3504 3128 3547 σου
3168 3497 3355 3564 αύτοῦ,
3389 3498 3424 3549 ἁ
3448 3503 3629 3558 νυκτός
3656 3501 3754 3567 (60)
3786 3499 3852 3545 καὶ

2298 3584 2494 3652 ἡμέρας
2522 3584 2570 3633 οἱ
2619 3584 2718 3634 ύπό
2749 3585 2804 3634 σε
2835 3583 2951 3636 λαοὶ
2979 3585 3204 3644 ζητοῦσι
3241 3591 3392 3659 παρὰ
3428 3594 3520 3639 τοῦ
3566 3593 3743 3661 Κυρίου
3783 3589 3853 3640 Ti;

2298 3665 2661 3730 δικαιοσύνης.
2709 3675 2937 3722 Γίνωσκε
2995 3668 3073 3742 δὲ,
3134 3675 3215 3725 ὅτι
3265 3674 3517 3736 πολλάκις
3566 3679 3651 3747 μὲν
3678 3674 3758 3725 οὐκ
3789 3671 3853 3722 ἐπ·

2297 3758 2612 3830 εστείλαμεν,
2689 3757 2814 3812 οὐδὲ
2886 3762 3068 3821 ὁσάκις
3135 3761 3461 3836 ὀφειλόμενον
3530 3761 3609 3832 ἦν,
3673 3762 3851 3815 ἐπεστεί-

2296 3846 2451 3918 λαμεν
2503 3845 2561 3899 ὁῗε
2616 3849 2754 3920 ὅμως
2810 3857 2871 3920 τῇ
2943 3849 3209 3923 θεοσεϐείᾳ
3258 3871 3384 3907 σου.
3449 3859 3549 3906 Καὶ
3611 3855 3744 3924 τάχα
3784 3847 3853 3900 οὐκ

2298 3932 2640 3994 ἠδυνήθησαν
2687 3934 2955 3989 διασῶσαι
2994 3942 3081 4000 τὰς
3120 3947 3490 4016 προσηγορίας
3540 3944 3678 4015 ἡμῶν
3725 3940 3765 3991 οἱ
3797 3954 3856 3988 πι-

2297 4027 2587 4087 στευθέντες
2644 4031 2738 4083 τὴν
2795 4023 3065 4080 διακονίαν
3119 4038 3220 4080 τῶν
3276 4033 3604 4105 γραμμάτων
3659 4026 3854 4096 ἀδελφοί.

2297 4113 2451 4165 ’Δλλά
2507 4122 2616 4183 νῦν,
2661 4113 2839 4173 ἐπειδὴ
2901 4115 3222 4190 ἐπετύχομεν
3272 4121 3539 4192 ἡμετέρων
3593 4126 3686 4171 τῶν
3739 4111 3852 4166 ὁδοι-

2295 4206 2588 4274 πορούντων
2644 4208 2774 4277 πρός
2834 4210 2927 4262 την
2984 4210 3082 4263 σὴν
3129 4211 3437 4278 τιμιότητα,
3489 4213 3577 4260 καὶ
3631 4210 3692 4259 τὰ
3715 4205 3852 4276 γράμ-

2293 4311 2435 4363 ματα
2500 4293 2669 4353 αὐτοῖς
2721 4294 3108 4368 ἐνεχειρίσαμιν
3161 4298 3468 4370 προθύμως,
3515 4303 3602 4348 καί
3652 4294 3850 4346 ἀπεστεί-

2294 4380 2450 4452 λαμέν
2499 4384 2612 4453 (61)
2677 4403 2814 4451 τινα,
2870 4383 2902 4434 ἃ
2957 4384 3281 4447 καταξίωσον
3336 4383 3691 4449 ὑποδέξασθαι
3738 4380 3849 4451 παρὰ

2296 4478 2384 4530 τῆς
2443 4473 2692 4545 ἡμετέρας
2749 4479 3102 4534 ταπεινώσεως
3145 4473 3572 4547 ἀνυπερηφοίνως,
3618 4478 3699 4526 καὶ
3743 4467 3851 4521 εὔλο-

2292 4567 2458 4630 γῆσαι
2497 4563 2634 4632 ημᾶς
2689 4564 2824 4613 κατὰ
2874 4568 3101 4634 μίμησιν
3145 4571 3236 4616 τοῦ
3291 4567 3631 4640 πατριάρχου
3680 4558 3847 4614 Ἰσαάκ.

2293 4649 2349 4702 Εἴ
2419 4646 2478 4702 δέ
2528 4669 2595 4721 τι,
2654 4655 2740 4703 καὶ
2787 4654 2857 4712 ὡς
2911 4650 3314 4725 ἀσχολούμενοι,
3377 4659 3468 4706 καὶ
3517 4655 3610 4705 ύπό
3657 4649 3847 4705 πλήθους

2292 4734 2574 4813 φροντίδων
2613 4743 2699 4790 τόν
2755 4747 2871 4792 νοῦν
2912 4739 3266 4813 βαπτισμένον
3316 4746 3548 4814 ἔχοντες,
3577 4733 3846 4814 παρείδομεν

2291 4835 2389 4878 τῶν
2445 4832 2758 4901 πρεπόντων,
2818 4834 2887 4900 μὴ
2949 4829 3135 4902 λογίση
3214 4833 3361 4902 ἡμῖν,
3431 4828 3570 4903 μηδὲ
3632 4826 3843 4883 λυπηθῆς·

2358 5242 2467 5315 (60)
2511 5243 2574 5299 *Α
2613 5249 2815 5307 νυκτός.
2850 5244 3001 5304 Editi
3032 5247 3066 5300 ἂ
3107 5252 3197 5301 καὶ
3246 5253 3458 5310 νυκτός.
3515 5247 3836 5315 Βεεςιοςωα

2279 5313 2510 5438 ,ῖιέξιοιὶρ
2526 5316 2586 5371 in
2608 5316 2911 5390 plerisque
2935 5319 3271 5377 mss.Paulo
3293 5325 3432 5377 ante
3455 5314 3830 5388 Coisl.primus

2284 5407 2336 5437 α·
2371 5407 2537 5443 ιητων.

2333 5408 2516 5442 ηιητων
2526 5430 2537 5442 ο

2353 5461 2466 5536 (61.)
2507 5460 2923 5536 Ἀπεστείλαμεν.
2967 5462 3243 5535 Quinque
3287 5451 3831 5536 codices-imminet:-

2280 5533 2693 5664 EE‘J-OQuatuor
2717 5530 3032 5606 ἐστείλαμεν.
3063 5530 3193 5593 Mo'x
3222 5534 3412 5590 codex
3439 5530 3732 5590 Medicmus
3760 5530 3827 5576 65'-

2312 5620 2383 5654 ασ
2420 5622 2492 5656 αι.
