4074 6220
561 236 664 290 999
1945 228 2003 284 S.
2043 225 2296 285 BASILII
2335 225 2554 284 MAGNI

1092 353 1331 410 EPISTO
1340 352 1427 408 LA
1466 352 1686 409 CLXIX'

2451 45 2469 126 li
3329 59 3372 92 ,-
3447 42 3600 96 π’.)
3619 42 3838 102 μὶν).-

3707 233 3813 291 1000

2861 353 3187 402 ΕΡΙΣΤΟΛΗ
3229 349 3349 403 ΣΞΘ
3368 389 3381 402 .

561 463 853 521 ΑνίηιΙιεεί
888 461 1114 517 mortui
1133 475 1379 517 uxorem
1405 459 1753 516 consolatur
1793 459 2078 525 Basilius,
2118 460 2634 530 eiqueauctorest,
2662 460 2729 511 ut
2765 460 2818 512 et
2860 471 3065 512 rerum
3113 455 3504 530 humanarum
3548 457 3833 516 conditionis

631 550 874 603 memor,
899 538 952 590 et
978 533 1186 588 mariti
1212 537 1336 588 tum
1369 532 1429 586 in
1460 532 1574 587 hac
1605 532 1728 586 vita
1744 531 2120 600 splendorem
2142 528 2544 603 considerans,
2575 532 2699 583 tum
2738 530 3022 603 etiamin
3061 528 3256 603 altera
3281 529 3611 603 felicitatem
3646 531 3721 603 ob_
3741 545 3836 603 sus:

632 599 869 676 ceptum
895 606 1105 660 uxoris
1144 618 1330 672 opera
1359 608 1415 658 et
1444 603 1693 659 consilio
1719 599 2099 672 baptismum,
2124 605 2177 658 et
2203 600 2284 658 ad
2300 600 2661 670 promissam
2676 600 2988 670 patientia:
3000 599 3321 655 mercedem
3354 601 3663 670 respiciens,
3690 600 3838 656 dolori

633 678 872 734 modum
889 677 1175 746 imponat.

679 802 777 857 Ad
804 803 1111 871 conjugem
1139 798 1440 855 Arinthazi
1460 797 1628 854 ducis
1650 799 2078 855 consolatam‘a.

637 913 684 964 1.
718 909 1198 963 Consentaneum
1225 905 1474 978 quidem
1501 909 1626 961 erat
1651 905 1991 962 etdebitum
2017 903 2207 961 animi

560 996 646 1051 tui
695 996 892 1061 statui,
927 999 992 1050 ut
1010 995 1137 1067 ipse
1149 1010 1354 1050 coram
1375 993 1654 1050 adessem
1671 999 1728 1050 et
1738 1009 1946 1051 eorum
1963 1009 2099 1066 quae
2117 1009 2212 1049 ac-

561 1086 829 1142 ciderant
869 1085 1171 1158 particeps
1218 1083 1448 1141 ﬁerem.
1498 1084 1590 1141 Sic
1646 1083 1808 1140 enim
1838 1087 1895 1141 et
1941 1083 2213 1140 dolorem

560 1191 765 1231 meum
793 1175 1117 1243 leniissem,
1142 1177 1197 1229 et
1219 1173 1383 1246 apud
1409 1178 1578 1229 tuam
1597 1173 1953 1244 dignitatem
1996 1187 2214 1228 conso-

559 1265 800 1321 lationis
831 1264 1098 1320 officium
1141 1262 1574 1334 implevissem.
1611 1262 1726 1320 Sed
1773 1263 1918 1334 quia
1945 1262 2217 1333 nonjam

559 1355 671 1410 fert
700 1351 960 1425 amplius
981 1368 1201 1424 corpus
1233 1367 1436 1406 meum
1459 1351 1760 1421 longiores
1780 1356 1999 1421 motus,
2023 1366 2094 1406 eo
2122 1366 2215 1405 re-

560 1443 770 1498 dactus
803 1457 941 1496 sum
961 1445 1026 1496 ut
1044 1445 1245 1496 tecum
1275 1456 1381 1511 per
1404 1439 1628 1496 litteras
1652 1439 2073 1512 colloquar,ne
2093 1455 2217 1495 om-

560 1532 704 1586 nino
731 1530 934 1586 videar
961 1529 1160 1584 aliena
1180 1529 1515 1584 existimare
1537 1545 1673 1601 qua:
1697 1528 2218 1594 acciderunt.Quis

561 1636 700 1692 ergo
725 1619 923 1675 virum
944 1618 1114 1674 illum
1144 1617 1370 1689 gemitu
1398 1633 1523 1674 non
1549 1623 1903 1690 prosecutus
1925 1617 2054 1673 est?
2083 1618 2218 1689 quis

545 1709 713 1765 adeo
737 1707 918 1763 corde
944 1706 1205 1779 lapideo,
1253 1711 1318 1761 ut
1345 1706 1536 1778 ipsius
1582 1721 1770 1762 causa
1808 1706 2106 1762 ferventes
2134 1704 2218 1762 la-

561 1813 800 1869 crymas
826 1811 946 1852 non
974 1795 1404 1868 profunderet?
1416 1797 1498 1851 Me
1522 1810 1658 1850 vero
1677 1794 1912 1850 tristitia
1925 1794 2217 1863 singulari

559 1885 826 1957 implevit
850 1890 976 1940 tum
1005 1885 1287 1952 honores,
1319 1900 1477 1956 quos
1505 1883 1653 1939 mihi
1675 1884 1956 1955 privatim
1980 1884 2213 1950 habuit,

561 1974 1067 2042 considerantem,
1116 1978 1246 2029 tum
1287 1988 1613 2029 commune
1659 1972 2057 2028 Ecclesiarum
2114 1971 2216 2027 Dei

562 2061 988 2136 patrocinium.
1019 2062 1133 2118 Sed
1165 2067 1366 2118 tamen
1397 2061 1543 2117 mihi
1586 2061 1650 2116 in
1675 2066 1919 2118 menten
1957 2061 2119 2117 venit
2151 2059 2216 2116 il-

2237 799 2284 853 Α
2313 802 2386 868 Τῇ
2407 795 2650 868 ὁμοζύγῳ
2666 796 2962 868 Ἀρινοαίου
2979 795 3336 868 στρατηλάτου
3359 795 3838 868 (72)παραμυθητιιὴ,

2391 907 2446 958 1.
2478 905 2548 955 Τὸ
2595 905 2686 974 μεν
2737 901 3018 956 ἀκόλουθον
3071 903 3134 961 ἦν
3191 907 3280 955 καὶ
3342 901 3639 974 ὀφειλόμενόν
3683 921 3760 954 σου
3795 910 3838 972 τῇ

2321 989 2578 1059 διαθέσει,
2634 994 2772 1065 ἡμᾶς
2829 992 3020 1055 αὐτοὺς
3073 1000 3333 1065 παρεῖναι,
3414 996 3500 1044 καὶ
3562 994 3845 1063 συμμετέχειν

2322 1090 2420 1134 τῶν
2449 1085 2748 1154 γινομένων.
2804 1082 2955 1134 Ούτω
3007 1083 3108 1156 γὰρ
3167 1079 3226 1132 ἂν
3281 1080 3469 1132 ἑαυτῶν
3517 1098 3564 1132 τε
3602 1085 3680 1138 τὴν
3723 1079 3848 1136 λύπῃ

2322 1174 2766 1247 κατεπραῦναμεν,
2790 1175 2880 1223 καὶ
2922 1178 2986 1243 τῇ
3025 1175 3302 1242 σεμνότητί
3335 1189 3427 1223 σου
3448 1170 3555 1240 (73)
3598 1178 3681 1230 τῆς
3723 1188 3849 1242 παρα-

2323 1261 2554 1322 κλήσεως
2601 1263 2659 1312 τὸ
2720 1259 2856 1321 εἰκός
2913 1259 3381 1332 ἀπεπληρώσαμεν.
3442 1261 3574 1311 Ἐπεὶ
3625 1253 3676 1309 δὲ
3720 1256 3854 1309 οὐκέτι

2325 1366 2425 1419 μου
2474 1351 2612 1422 φέρει
2661 1351 2719 1400 τὸ
2779 1353 2933 1421 σῶμα
2991 1351 3084 1409 τὰς
3145 1353 3469 1421 μακροτέρας
3523 1350 3747 1412 κινήσεις,
3792 1345 3856 1398 ἐπὶ

2324 1441 2418 1494 τὴν
2453 1433 2547 1488 διὰ
2573 1444 2662 1489 τοῦ
2703 1440 3015 1511 γράμματος
3043 1437 3262 1509 ἤλθομεν
3295 1438 3403 1506 (74)
3456 1434 3665 1508 ὁμιλίαν,
3714 1437 3767 1496 ὡς
3811 1434 3856 1486 ἆν

2325 1531 2395 1599 μὴ
2455 1529 2762 1578 παντάπασι
2821 1523 3069 1597 δόξαιμεν
3139 1527 3418 1600 ἀλλοτρίως
3467 1529 3600 1597 ἔχειν
3659 1529 3763 1597 πρὸς
3809 1527 3858 1576 τὰ

2327 1612 2619 1686 συμϐάντα.
2651 1620 2738 1675 Τίς
2776 1617 2865 1687 μὲν
2909 1610 2997 1666 οὖν
3050 1619 3135 1666 τὸν
3190 1613 3364 1688 ἀνδρα
3406 1614 3584 1666 ἐκεῖνον
3633 1613 3715 1664 οὐκ
3752 1612 3858 1665 ἐστέ-

2324 1700 2441 1762 ναξε
2474 1716 2487 1766 ;
2529 1705 2608 1762 τίς
2663 1697 2722 1753 δὲ
2775 1702 2909 1754 οὕτω
2951 1701 3145 1764 λίθινος
3187 1709 3279 1760 τήν
3311 1699 3554 1777 καρδίαν,
3591 1705 3653 1762 ὡς
3679 1708 3738 1774 μὴ
3767 1705 3860 1774 θερ-

2324 1794 2419 1861 μόν
2483 1789 2560 1842 ἐπ’
2624 1791 2764 1862 αύτῷ
2796 1795 2908 1858 (75)
2961 1790 3164 1864 ἀφεῖναι
3216 1789 3491 1869 δάκρυον;
3553 1792 3661 1863 Ἐμὲ
3703 1787 3752 1844 δὲ
3792 1796 3861 1842 καὶ

2325 1875 2672 1953 διαφερόντως
2725 1885 3007 1952 κατηφείας
3063 1880 3353 1952 ἐπλήρωσε,
3404 1885 3496 1944 τάς
3541 1901 3590 1933 τε
3625 1877 3860 1950 ίδίαςπερὶ

2324 1970 2412 2040 ἕμέ
2467 1971 2624 2040 τιμὰς
2671 1977 2764 2022 τοῦ
2820 1966 3009 2042 ἀνδρὸς
3063 1969 3420 2043 λογιζόμενον,
3472 1974 3558 2022 καὶ
3604 1974 3688 2027 τὴν
3728 1972 3861 2024 κοινὴν

2322 2065 2420 2110 τῶν
2469 2057 2790 2116 Ἐκκλησιῶν
2846 2067 2937 2112 τού
2995 2068 3128 2114 Θεοῦ
3193 2069 3544 2134 προστασῑαν.
3602 2059 3720 2112 Ἀλλ’
3760 2061 3862 2130 ὅμως

559 2151 687 2208 lum
717 2169 856 2207 cum
901 2151 1089 2208 homo
1138 2156 1293 2207 esset
1320 2166 1390 2206 ac
1442 2149 1823 2206 convenienti
1857 2149 1921 2205 in
1949 2149 2065 2205 hac
2093 2149 2212 2206 vita

2323 2145 2689 2219 ἂογισάμεσα,
2747 2149 2846 2213 ὅτι,
2903 2150 3169 2222 ἄνθρωπος
3226 2153 3332 2216 ὧν,
3401 2155 3491 2202 καὶ
3547 2148 3862 2221 λῃτουργήσας

561 2256 812 2296 munere
864 2245 1019 2295 esset
1087 2238 1454 2312 perfunctus,
1505 2239 1787 2309 congruis
1839 2237 2214 2311 temporibus

561 2344 772 2384 rursus
789 2344 825 2383 a
843 2329 960 2384 Deo
973 2342 1174 2382 rerum
1205 2332 1546 2383 nostrarum
1570 2326 1949 2382 moderatore
1975 2342 2210 2382 assum-

561 2421 733 2488 ptum
761 2415 967 2471 fuisse.
1011 2417 1152 2481 Quae
1183 2416 1429 2488 quidem
1458 2421 1523 2472 ut
1552 2419 1656 2471 tua
1690 2415 1869 2471 etiam
1888 2415 2213 2486 prudentia

561 2504 974 2570 considerans,
1001 2519 1210 2560 casum
1241 2505 1446 2560 animo
1475 2519 1651 2576 aequo
1700 2503 1851 2560 ferat
1875 2503 2207 2575 hortamur,

561 2597 638 2660 et,
655 2597 954 2666 quantum
973 2592 1102 2648 ﬁeri
1121 2597 1334 2665 potest,
1361 2607 1697 2649 aerumnam
1719 2591 2026 2649 moderate
2039 2593 2211 2648 susti-

561 2687 720 2738 neat.
755 2682 1043 2737 ldoneum
1069 2681 1318 2753 quidem
1347 2687 1402 2739 et
1437 2687 1693 2754 tempus,
1718 2686 1784 2737 ut
1806 2695 1909 2737 cor
1939 2686 2109 2736 tuum
2133 2680 2212 2736 le-

562 2771 708 2838 niat,
732 2775 790 2827 et
817 2770 1021 2827 locum
1067 2770 1167 2827 det
1204 2771 1451 2827 rationi:
1496 2772 1603 2827 sed
1647 2777 1856 2828 tamen
1894 2777 2211 2844 suspectus

562 2860 711 2916 mihi
735 2865 823 2916 est
845 2859 1058 2930 ingens
1088 2865 1226 2915 tuus
1258 2860 1457 2915 mariti
1487 2877 1679 2928 amor,
1711 2877 1782 2916 ac
1819 2865 1922 2916 tua
1975 2860 2038 2915 in
2086 2875 2212 2916 om-

560 2964 668 3005 nes
687 2948 1027 3017 benignitas
1053 2966 1067 3004 :
1092 2964 1167 3004 ne
1197 2948 1344 3004 forte
1376 2949 1617 3004 mmrori
1644 2953 1699 3004 te
1725 2947 1934 3016 dedas,
1965 2947 2044 3004 ob
2075 2947 2214 3003 sim-

559 3039 889 3111 plicitatem
927 3053 1167 3094 morum
1221 3037 1590 3110 profundam
1629 3038 1930 3111 accipiens
1967 3037 2212 3110 plagam

560 3127 809 3183 doloris.
849 3130 930 3182 Ac
974 3142 1213 3197 semper
1258 3127 1506 3199 quidem
1563 3125 1718 3182 utilis
1769 3125 2210 3198 Scripturarum

559 3216 850 3280 doctrina,
884 3215 989 3270 sed
1018 3215 1282 3270 maxime
1327 3215 1628 3285 ejusmodi
1677 3215 2069 3287 temporibus.
2107 3217 2211 3269 Me-

560 3310 762 3362 mento
792 3305 970 3376 igitur
989 3305 1124 3362 latte
1153 3321 1189 3360 a
1215 3305 1487 3362 Creatore
1509 3309 1714 3362 nostro
1746 3305 2076 3368 sententiae,
2104 3320 2212 3376 per

559 3410 746 3466 quam
774 3398 1064 3465 quotquot
1093 3410 1167 3449 ex
1195 3397 1348 3450 terra
1379 3393 1492 3450 orti
1515 3410 1747 3463 sumus,
1781 3393 1843 3449 in
1866 3399 2086 3450 terram
2124 3409 2210 3449 re-

558 3482 844 3538 vertimur
867 3484 908 3517 “
933 3500 946 3538 :
971 3498 1081 3538 nec
1101 3482 1429 3555 quisquam
1465 3483 1548 3540 ita
1596 3499 1878 3554 magnus,
1910 3487 1976 3539 ut
2022 3481 2212 3539 disso-
2241 3498 2280 3554 ο

556 3570 768 3627 lutioni
789 3585 914 3627 non
944 3571 1017 3628 sit
1046 3570 1365 3643 obnoxius,

627 3773 680 3824 2.
723 3767 1245 3826 Admirandusille
1271 3768 1356 3824 vir
1408 3771 1534 3825 erat
1563 3767 1810 3841 quidem
1859 3766 2112 3824 eximius
2157 3768 2213 3822 et

555 3875 838 3929 magnus,
861 3865 917 3914 et
946 3859 1214 3930 corporis
1256 3858 1460 3914 robori
1481 3874 1687 3930 parem
1737 3858 1972 3914 habens
2024 3856 2210 3914 animi

556 3949 856 4012 virtutem,
887 3949 1075 4004 fateor
1104 3953 1161 4004 et
1201 3963 1335 4018 ego,
1379 3949 1608 4004 nemini
1654 3963 1798 4004 sane
1847 3949 1907 4003 in
1956 3952 2210 4020 utroque

558 4035 888 4103 secundus;
926 4036 1034 4091 sed
1060 4041 1262 4092 tamen
1300 4037 1472 4093 homo
1521 4041 1667 4102 erat,
1700 4041 1757 4092 et
1787 4040 2060 4092 mortuus
2098 4041 2207 4100 est,

558 4128 623 4179 ut
659 4122 874 4188 Adam,
906 4128 969 4178 ut
996 4123 1166 4191 Abel,
1199 4129 1264 4178 ut
1292 4127 1430 4190 Noe,
1464 4129 1528 4180 ut
1553 4123 1964 4189 Abraham,ut
1995 4127 2208 4193 Moses,

557 4216 623 4267 ut
651 4210 804 4267 alius
833 4211 1054 4282 quivis,
1079 4227 1261 4284 quem
1291 4211 1568 4283 ejusdem
1600 4218 1828 4269 naturae
1855 4212 2209 4285 participem

556 4300 983 4357 nominaveris.
1011 4303 1136 4356 Non
1168 4299 1346 4370 igitur
1367 4300 1531 4372 quod
1564 4301 1611 4356 is
1647 4305 1887 4372 ereptus
1917 4301 2094 4357 fuerit
2122 4303 2210 4358 in-

556 4390 906 4461 dignemur:
932 4389 1038 4445 sed
1060 4388 1238 4461 416
1255 4389 1422 4462 quod
1451 4390 1530 4446 ab
1551 4389 1720 4446 initio
1743 4390 2048 4460 conjuncti
2066 4406 2206 4446 cum

629 4499 644 4533 ¹
677 4499 817 4553 Gen.
852 4512 932 4566 lu,
971 4500 1031 4552 19

625 4603 786 4676 Alias
813 4601 1124 4676 CLXXXVI.
1151 4603 1380 4676 Scripta
1409 4619 1569 4660 anno
1601 4607 1724 4676 378.

629 4674 738 4741 (72)
772 4674 1152 4746 Στρατηλάτον.
1187 4670 1349 4746 Hanc
1376 4691 1584 4732 vocem
1625 4673 1974 4732 addidimus
2005 4691 2078 4731 ex
2106 4675 2204 4733 tri-
2242 4670 2283 4724 Ι)

555 4744 672 4800 bus
696 4744 1126 4815 antiquissimis
1147 4745 1475 4802 codicibus.

625 4817 740 4887 (72)
790 4821 861 4879 Τῇ
915 4820 1190 4887 σεμνότητί
1247 4837 1353 4871 σον.
1399 4818 1490 4874 Sic
1542 4817 1725 4874 iidem
1765 4822 1883 4875 tres
1942 4817 2204 4877 codices.

558 4885 707 4941 Editi
729 4893 790 4957 τῇ
824 4893 887 4957 σῇ
921 4885 1215 4957 σεμνότητι.

626 4958 736 5025 (74)
767 4944 1041 5025 ἼΙλὈομὲν.
1081 4944 1164 5015 Ita
1194 4965 1309 5014 tres
1338 4960 1521 5015 iidem
1562 4960 1822 5017 codices.
1847 4960 1996 5016 Editi
2028 4958 2202 5019 ἦλθον.

559 5009 785 5104 Ibidem
803 5009 974 5104 (lqislg
987 5029 1218 5099 primus
1235 5033 1399 5088 πάντη
1411 5074 1423 5085 .
1443 5034 1480 5085 Η
1492 5031 1574 5086 arl
1587 5073 1599 5086 .
1614 5032 1808 5104 prima
1821 5048 1962 5086 man
1972 5049 2011 5087 ιι
2026 5009 2201 5088 amri.

629 5101 736 5173 (75)
768 5099 881 5151 Ἐπ’
913 5099 1074 5168 αύτῷ.
1104 5104 1184 5155 lla.
1211 5117 1358 5155 mss.
1393 5118 1518 5158 sex.
1549 5099 1696 5156 Editi
1728 5104 1814 5154 ὑπ’
1844 5104 2005 5173 αὐτῷ.

629 5170 742 5240 (76)
775 5174 924 5240 Παρὰ
947 5178 1062 5227 τοῦ.
1093 5175 1178 5227 ita
1207 5176 1322 5226 tres
1354 5173 1737 5228 vetustissimi
1769 5170 2025 5230 codices.
2053 5173 2204 5228 Editi

557 5242 656 5320 ύττὸ
684 5241 946 5320 roq._Mox
966 5241 1167 5312 plures
1190 5242 1427 5297 codices
1477 5259 1601 5300 non
1626 5245 2028 5317 antiquissimi
2079 5248 2206 5320 πρὸς

556 5317 614 5365 τὸ
641 5313 864 5385 συμϐάν.

629 5381 1144 5458 (77’)Καρὸ“ίανᾼσον.
1183 5383 1403 5458 Vocula
1453 5384 1661 5440 addita
1712 5401 1782 5441 ex
1840 5386 2052 5442 iisdem
2107 5386 2204 5442 tri-

557 5453 673 5530 bus
698 5453 849 5530 mss!
879 5455 1057 5530 Paulo
1083 5460 1221 5528 post
1248 5455 1388 5530 editi
1417 5460 1749 5530 «apter/jura.
1787 5457 1948 5530 Harl.
1978 5463 2204 5530 etqua-

557 5529 692 5582 tuor
718 5527 816 5585 alii
849 5533 912 5586 ut
949 5527 1012 5584 in
1040 5533 1223 5586 textu.
1247 5527 1477 5584 ibidem
1507 5527 1636 5584 Med
1663 5533 1718 5586 et
1750 5527 1926 5586 Coisl.
1968 5527 2202 5600 primus

2320 2241 2390 2304 τῷ
2442 2233 2544 2308 βίῳ
2601 2239 2768 2307 τούτῳ
2806 2239 2872 2288 τὰ
2922 2237 3282 2306 ἐπιϐάλλοντα,
3325 2245 3436 2301 τοῖς
3463 2240 3734 2297 καθήκουσι
3756 2240 3864 2308 χρό-

2320 2341 2426 2384 νοις
2473 2323 2625 2375 πάλιν
2669 2327 2814 2397 παρὰ
2854 2333 2946 2378 τού
2973 2327 3083 2398 (76)
3136 2327 3531 2400 οὶκονομοῡντος
3574 2330 3638 2379 τὰ
3687 2328 3862 2398 ἡμέτερα

2320 2418 2454 2465 Θεοῦ
2504 2413 2860 2486 προσελήφθη.
2915 2413 2979 2466 Ἀ
3031 2420 3120 2468 καὶ
3167 2419 3253 2475 τὴν
3313 2422 3412 2476 σὴν
3472 2420 3701 2492 φρόνησιν
3755 2413 3861 2467 ἐνθν·

2318 2503 2578 2574 μουμένην
2635 2505 2814 2576 πράως
2865 2506 3006 2576 ἔχειν
3055 2504 3142 2557 ἐπὶ
3215 2513 3292 2576 τῷ
3363 2505 3617 2578 συμϐάντι
3675 2521 3860 2576 παρακα-

2316 2588 2520 2663 λοῦμεν,
2575 2595 2684 2654 καὶ,
2733 2594 2801 2654 ὡς
2843 2593 2948 2645 οἷον
2996 2612 3072 2661 τε,
3117 2598 3346 2668 μετρίως
3404 2599 3567 2668 φέρειν
3595 2598 3673 2653 τὴν
3701 2609 3858 2665 συρρο-

2318 2681 2435 2752 ράν.
2467 2680 2662 2742 Ἱκανὸς
2703 2684 2793 2753 μεν
2837 2682 2924 2736 οὖν
2981 2687 3071 2735 καὶ
3118 2684 3143 2734 ὁ
3193 2689 3394 2756 χρόνος
3416 2684 3636 2757 μαλάξαι
3658 2688 3738 2740 τὴν
3761 2700 3863 2753 καρ-

2321 2764 2442 2821 δίαν
2475 2788 2568 2821 σου
2617 2771 2752 2841 (77),
2813 2776 2902 2824 καὶ
2939 2768 3172 2845 πάροδον
3218 2769 3412 2827 δοῦναι
3468 2782 3577 2836 τοῖς
3621 2772 3861 2844 λογισμοῖς·

2321 2857 2427 2910 ἀλλ’
2481 2861 2621 2931 ὅμως
2681 2861 2907 2913 ύποπτον
2965 2862 3090 2934 ἡμῖν
3145 2861 3257 2916 ἐστι
3314 2867 3374 2916 τὸ
3423 2863 3553 2935 ἄγαν
3605 2881 3690 2914 σου
3730 2860 3864 2932 φίλαν-

2321 2942 2466 3020 δρον,
2512 2952 2603 2999 καὶ
2653 2953 2772 3022 περὶ
2827 2951 3026 3012 πάντας
3091 2955 3362 3024 χρηστὸν,
3429 2957 3500 3024 μή
3536 2969 3653 3005 ποτε
3700 2943 3866 3001 ἔκδοτον

2322 3032 2427 3106 δῷς
2478 3041 2702 3095 σεαυτὴν
2751 3045 2823 3108 τῷ
2875 3039 3051 3107 πάθει,
3112 3035 3185 3090 δι’
3235 3039 3512 3098 ἁπλότητα
3539 3042 3668 3099 ἡοών
3697 3037 3866 3111 βαθεῖαν

2319 3132 2413 3184 τήν
2442 3127 2554 3198 (78)
2609 3126 2814 3198 πληγὴν
2868 3123 3126 3201 δεξαμένα
3167 3137 3258 3189 τῆς
3323 3129 3507 3190 λύπης.
3558 3129 3760 3182 Πάντοτε
3802 3127 3866 3195 ph

2319 3213 2405 3269 οὖν
2437 3221 2707 3290 χρήσιμον
2737 3219 2795 3270 τὸ
2826 3226 2925 3269 τῶν
2957 3224 3202 3291 Γραγρῶν
3248 3215 3599 3272 διδασκάλων
3623 3213 3867 3290 (79),μαλι-

2322 3325 2423 3357 στα
2471 3301 2530 3358 δὲ
2572 3308 2657 3357 επὶ
2701 3313 2800 3358 τῶν
2843 3309 3092 3359 τοιούτων
3147 3317 3369 3382 καιρῶν.
3435 3309 3702 3367 Μνήσθητι
3736 3307 3868 3355 τοίνυν

2319 3403 2412 3455 τῆς
2455 3402 2546 3447 τον
2587 3399 2862 3457 κτίσαντος
2909 3397 3047 3467 ἡμᾶς
3078 3393 3407 3468 ἁτοφάσεως,
3441 3393 3514 3450 δι’
3543 3397 3603 3458 ἧς
3634 3395 3734 3465 (80)
3765 3393 3864 3445 πάι-

2319 3503 2398 3546 τες
2443 3485 2491 3537 οἱ
2547 3483 2601 3536 ἐκ
2638 3492 2728 3544 τῆς
2756 3492 2852 3556 γῆς
2891 3486 3072 3556 φύντες
3125 3484 3282 3537 πάλιν
3334 3487 3402 3547 εἰς
3459 3495 3554 3558 γῆν
3599 3485 3864 3558 ὑποστρέφο-

2318 3592 2428 3644 μεν³
2470 3578 2559 3625 καὶ
2616 3569 2790 3635 οὐδεὶς
2842 3573 2978 3626 οὕτω
3023 3579 3203 3646 μέγας,
3253 3577 3394 3628 ὥστε
3443 3573 3654 3648 βελτίων
3692 3579 3864 3646 φανῆναι

2319 3670 2408 3723 τῆς
2427 3659 2580 3715 ὃιαλύ
2589 3681 2731 3723 σεως.

2387 3775 2440 3824 2.
2504 3768 2665 3829 Καλὸς
2729 3772 2819 3840 μὲν
2881 3765 2968 3822 οὖν
3020 3770 3110 3822 καὶ
3176 3776 3342 3843 μέγας
3393 3773 3420 3824 ὁ
3479 3765 3864 3844 θανμαστὸς(8ί)

2319 3859 2526 3926 ἐκεῖνος,
2584 3862 2675 3910 καὶ
2735 3857 3007 3929 ἐφάμιλλος
3051 3867 3113 3931 τῇ
3174 3860 3324 3933 ῥώμῃ
3387 3868 3479 3913 τοῦ
3538 3868 3756 3933 σώματος
3799 3859 3865 3910 τὴν

2317 3954 2408 4007 τῆς
2439 3947 2620 4018 ψυχῆς
2665 3944 2874 4022 ἀρετὴν,
2923 3953 3058 4019 φημὶ
3110 3949 3276 4019 κάγὼ,
3309 3949 3561 4022 οὐμῆοῡν
3593 3953 3716 4021 ἔχων
3748 3947 3866 4015 ὑπερ·

2319 4035 2472 4094 ϐολήν
2516 4036 2587 4096 εἰς
2638 4035 2897 4110 ἑκάτερον,
2952 4035 3059 4088 ἀλλ’
3109 4038 3248 4109 ὅμως
3292 4039 3588 4111 ἅνθρωπος,
3631 4042 3710 4090 καὶ
3735 4036 3868 4087 τέθνη-

2317 4142 2420 4191 κεν,
2445 4126 2513 4186 ὡς
2554 4120 2748 4196 Ἀδὰμ,
2809 4127 2873 4185 ὡς
2925 4123 3098 4192 Ἅϐελ,
3156 4127 3225 4187 ὡς
3272 4132 3411 4197 Νῶε,
3453 4129 3524 4189 ὡς
3554 4125 3784 4201 Ἀϐρααμ,
3819 4122 3868 4180 ὡς

2318 4221 2540 4281 Μωσῆς,
2573 4215 2643 4276 ὡς
2667 4215 2841 4266 ὅντινα
2884 4213 2944 4265 ἂν
2993 4217 3158 4276 εἴποις
3213 4223 3317 4268 τῶν
3368 4226 3461 4278 τῆς
3509 4217 3667 4280 αὐτῆς
3716 4217 3869 4286 φύσεως

2317 4307 2683 4375 μετασχόντων
2711 4304 2844 4374 (82).
2887 4307 2972 4362 Μὴ
3025 4301 3134 4373 οὖν,
3167 4301 3351 4364 ἐπειδὴ
3385 4307 3704 4379 ἀφῃρέθημεν
3729 4301 3864 4354 αὐτὸν.

2317 4391 2706 4464 ἀγανακτῶμεν·
2781 4391 2890 4444 ἀλλ’
2957 4395 3037 4445 ὅτι
3107 4397 3199 4452 τὴν
3292 4392 3472 4468 ἀρχὴν
3549 4400 3863 4466 πνῳκὴσαμν

2319 4603 2420 4677 δῷς
2451 4608 2650 4680 σαυτήν
2671 4613 2763 4676 τῷ.
2794 4599 3052 4680 ΗδτΙᾋδῷ
3083 4613 3306 4669 σεαυτῆς
3336 4616 3431 4680 τῷ·
3751 4677 3780 4680 μ

2386 4682 2495 4743 (78)
2527 4666 2742 4729 Βαθεῖαν
2774 4683 2887 4736 τήν.
2923 4666 3035 4734 51οξ
3079 4694 3226 4735 mss.
3271 4666 3516 4738 codices
3564 4684 3707 4737 octo.
3748 4668 3863 4730 Editi

2319 4745 2472 4821 βάθει
2503 4748 2686 4821 ατᾶτῄν.

2385 4823 2500 4887 (79)
2523 4816 2892 4874 Διὸασκάλιον.
2935 4818 3094 4876 llarl.
3127 4817 3522 4878 διδασκαλεῖον.
3747 4890 3776 4892 ,_

2386 4885 2502 4962 (80)
2526 4892 2704 4952 Δι’ἧς.
2735 4893 2821 4946 Ita
2861 4897 2974 4962 tres
3029 4893 3420 4950 vetustissimi
3458 4892 3702 4962 codices.
3745 4885 3861 4962 Editi

2316 4957 2494 5036 dt'iﬁv;
2545 4965 2681 5018 Post
2729 4962 2869 5018 editi
2924 4960 3332 5036 ἀποστρέφομεν,
3389 4967 3532 5022 Octo
3578 4961 3788 5021 codices
3815 4959 3860 5009 ut

2313 5032 2375 5089 in
2405 5037 2587 5088 textu.

2383 5102 2582 5188 (βυςρ
2617 5104 2931 5188 θαυμαστὸς.
2963 5104 3056 5161 Sic
3077 5108 3193 5163 tres
3225 5105 3609 5164 vetustissimi
3645 5100 3855 5160 codices.

2314 5173 2464 5230 Editi
2497 5175 2521 5226 ὁ
2551 5173 2861 5247 θαυμάσιος.
3705 5245 3713 5247 _
3779 5240 3788 5247 ,
3846 5235 3853 5245 .

2383 5246 2498 5318 (82)
2566 5240 2706 5318 τῶν
2754 5251 3147 5318 μετασχόντων.
3211 5251 3294 5305 lta
3333 5252 3452 5305 tres
3520 5240 3857 5318 vetustissimi

2313 5310 2549 5372 codices
2571 5322 2626 5392 et
2655 5310 2840 5387 Big'ot.
2873 5310 3018 5374 Editi
3040 5323 3195 5375 τὸν...
3219 5326 3566 5392 μετασχόντα.
3599 5310 3854 5392 Msscodi-

2313 5403 2411 5463 ces
2436 5391 2698 5459 quatuor
2722 5383 2820 5463 τῷν
2843 5395 3186 5463 μετεχόντων.
3206 5383 3332 5447 lilox
3348 5383 3676 5463 H'arlaeanus
3699 5383 3852 5463 codex

2311 5461 2472 5532 χάριν
2495 5463 2704 5535 ἔχομεν.
2722 5460 2937 5535 “Plures
2963 5460 3062 5520 alii
3082 5478 3206 5522 non
3237 5462 3628 5535 antiquissimi
3657 5460 3853 5525 συνῳκη-

2314 5549 2494 5602 σαμεν,
2529 5533 2691 5605 χάριν
2715 5533 2940 5604 ἔχωμεν.

3985 283 3987 348 l
