4050 6220
501 274 634 336 1007

1837 274 1896 331 S.
1936 271 2191 331 BASILII
2228 275 2449 332 MAGNI

3697 277 3824 333 1008

492 409 692 478 Neque
724 403 881 459 enim
906 402 1036 476 ipse
1057 416 1213 474 opus
1245 415 1281 457 a
1311 414 1408 456 me
1433 398 1495 456 in
1522 396 1798 455 amicitia
1834 397 2139 470 specimen

2254 402 2399 474 ἔργον
2447 396 2573 472 παρ’
2624 400 2750 472 ἐμοῦ
2806 397 2878 461 εἰς
2934 393 3203 463 ἀπόδειξιν
3236 405 3327 461 τῆς
3373 398 3572 461 εὐνοίας
3597 399 3832 460 ἐπιζητήο

492 493 770 566 exquires
806 510 819 548 :
858 492 960 548 sed
992 491 1365 547 voluntatem
1408 487 1681 544 videlicet
1718 486 1949 559 optima
1983 502 2144 560 quaa-

490 599 608 654 que
642 581 745 636 tibi
776 585 1145 654 precantem.
1179 579 1347 634 Absit
1376 577 1537 633 enim
1568 581 1633 632 ut
1660 575 2021 648 aliquandos
2051 592 2146 631 res

491 676 607 725 tuae
666 686 737 725 eo
787 686 977 741 usque
1026 668 1461 740 deprimantur,
1519 672 1583 720 ut
1639 664 1792 722 adeo
1850 664 2143 733 tenuium,

489 760 685 832 qualis
715 775 828 830 ego
860 776 1015 825 sum,
1056 758 1350 813 beneﬁcio
1382 772 1580 826 egeas.

560 854 614 905 2.
649 848 962 914 Quomodo
991 848 1170 917 igitur
1195 862 1307 916 ego
1347 850 1555 901 contra
1586 848 1641 900 te
1670 843 1930 900 dicerem
1961 841 2145 916 quid-

490 956 677 1012 quam
732 944 836 994 aut
895 938 1149 994 facerem
1199 936 1258 992 in
1310 936 1632 992 Memnonii
1668 934 1953 1006 negotio?
2010 936 2145 989 Haec

489 1028 648 1083 enim
684 1028 828 1082 mihi
859 1026 1127 1082 narravit
1152 1026 1474 1081 diaconus.
1533 1023 1851 1090 Quomodo
1891 1022 2144 1078 familia.

490 1118 644 1172 ritati
676 1123 789 1171 tuas
841 1116 1096 1188 Hymetii
1139 1132 1285 1188 opes
1328 1114 1832 1186 anteposuissem,
1880 1111 2143 1168 hominis

492 1205 575 1261 ita
596 1204 846 1277 prodige
870 1220 997 1258 rem
1026 1219 1200 1258 suam
1231 1201 1645 1258 absumentis?
1686 1200 1955 1256 Profecto
1993 1198 2142 1255 nihil

490 1294 709 1349 horum
744 1308 955 1347 verum
998 1298 1087 1346 est
1120 1308 1131 1345 :
1164 1306 1361 1362 neque
1406 1290 1547 1360 dixi,
1586 1305 1783 1360 neque
1823 1288 1935 1345 feci
1970 1287 2143 1360 quid-

491 1399 679 1454 quam
711 1386 918 1437 contra
945 1384 1018 1435 te.
1051 1379 1230 1452 419
1254 1378 1407 1434 Illud
1452 1384 1653 1434 autem
1684 1378 1935 1433 fortasse
1965 1392 2141 1433 occa-

492 1471 722 1526 sionem
744 1470 909 1525 dedit
935 1468 1383 1534 mentientibus,
1413 1467 1580 1540 quod
1624 1484 1661 1522 a
1708 1482 1806 1523 me
1835 1466 2141 1523 nonnullis

490 1558 1000 1616 tumultuantibus
1042 1558 1271 1614 dictum
1322 1562 1410 1613 est
1443 1574 1456 1612 :
1494 1557 1549 1613 Si
1578 1557 1783 1612 statuit
1810 1555 1904 1611 ille
1941 1554 2034 1611 vir
2061 1553 2142 1611 ad

490 1666 644 1721 opus
691 1648 1020 1721 perducere
1062 1646 1381 1703 consilium
1419 1663 1620 1707 suum.
1651 1648 1774 1701 sive
1818 1644 2139 1700 tumultue-

2256 508 2361 551 σεις
2420 490 2516 560 (2)’
2553 486 2681 540 ἀλλά
2734 493 3039 564 προαίρεσιν
3084 485 3326 547 δηλονότι
3364 491 3429 541 τὰ
3478 487 3726 562 βέλτιστά
3756 506 3836 541 σοι

2256 580 2662 650 συνευχομένην.
2695 581 2780 635 Μὴ
2838 580 2937 652 γάρ
2990 597 3115 631 ποτε
3172 577 3245 640 εἰς
3290 586 3444 631 τοῦτο
3490 578 3747 635 καταϐαίη
3773 579 3835 629 τά

2255 670 2344 734 σά,
2390 667 2523 720 ὥστε
2563 676 2660 729 τῆς
2704 670 2850 743 παρά
2886 676 2985 719 τῶν
3042 667 3176 721 οὕτω
3217 677 3437 741 μικρῶν,
3468 669 3648 731 ὁποῖος
3693 667 3835 728 αὐτὸς

2253 757 2380 830 εἰμι,
2408 756 2706 831 εὐεργεσίας
2734 753 2975 814 πκοσδεη
2985 758 3156 816 θῆναι.

2323 851 2375 902 2.
2427 853 2559 907 ’Πῶς
2598 846 2686 897 οὖν
2734 844 2937 918 ἔμελλον
2968 845 3068 918 ἐγὼ
3117 847 3411 899 ὑπεναντίον
3453 850 3505 899 τί
3546 865 3629 899 σοι
3657 845 3833 917 λέγειν,

2252 939 2281 993 ἧ
2357 936 2601 1008 πράττειν
2683 931 2732 985 ἐν
2805 941 2912 994 τοὶς
2966 936 3101 986 κατά
3164 939 3444 1006 Μεμνόνιον
3523 936 3833 1009 πράγμασι;

2250 1032 2430 1079 Ταῦτα
2486 1025 2585 1098 γάρ
2635 1042 2725 1096 μοι
2781 1022 3091 1095 ἀπήγγειλεν
3146 1025 3171 1075 ὁ
3212 1019 3473 1086 διάκονος.
3508 1031 3624 1087 Πῶς
3663 1020 3723 1077 δε
3746 1029 3836 1082 την

2250 1118 2479 1186 Υμητίου
2548 1115 2621 1182 (3)
2690 1111 2932 1186 εὐπορίαν
3002 1116 3378 1186 προτιμοτέραν
3447 1111 3684 1185 ἐτιθέμην
3747 1122 3838 1175 τῆς

2251 1212 2349 1266 σῆς
2407 1203 2713 1263 οἰκειώσεως
2758 1203 2858 1270 (4),
2909 1198 3102 1277 ἀνδρὸς
3164 1201 3299 1254 οὓτω
3357 1198 3689 1265 δαπανῶντος
3745 1208 3838 1261 τὴν

2249 1294 2463 1359 Otia-im;
2518 1290 2653 1343 Ἀλλ’
2713 1292 2807 1344 οῦκ
2864 1294 2974 1344 ἔστι
3010 1295 3204 1344 τούτων
3242 1289 3393 1345 οὐδέν
3459 1290 3663 1354 ἀληθές·
3723 1296 3838 1345 οὔτε

2247 1402 2301 1435 τι
2358 1382 2562 1457 εἴρηται
2620 1382 2744 1457 παρ’
2788 1378 2946 1453 ipim};
3002 1384 3119 1434 οὔτε
3167 1384 3463 1455 πέπρακται
3523 1383 3834 1437 ὑπεναντίον.

2248 1473 2443 1525 Ἐκεῖνο
2492 1466 2551 1524 δὲ
2607 1472 2738 1533 ἴσως
2782 1468 3018 1546 ἀφορμὴν
3063 1467 3225 1523 ἔδωκε
3287 1472 3487 1532 τοῖςτά
3530 1467 3701 1542 ψευδῆ
3753 1470 3839 1524 λέ-

2248 1581 2426 1634 γουσι,
2456 1579 2515 1613 το
2565 1560 2690 1635 παρ’
2756 1560 2881 1633 ἐμοῦ
2936 1562 3065 1633 πρὸς
3120 1563 3266 1621 τινάς
3328 1568 3425 1612 τῶν
3490 1560 3839 1633 θορυϐούντων

2248 1649 2455 1723 λεχθέν.
2513 1651 2613 1716 ὅτι,
2671 1648 2733 1702 Εἰ
2787 1652 2878 1721 μὲν
2932 1648 3241 1725 προείρηταί
3286 1649 3357 1712 εἰς
3424 1652 3570 1724 ἔργον
3628 1648 3840 1723 ἀγαγεῖν

492 1738 661 1808 mini,
687 1738 809 1793 sive
841 1752 985 1802 non,
1018 1736 1162 1791 fient
1190 1735 1479 1807 profecto,
1513 1740 1571 1790 et
1612 1732 2000 1806 loquentibus
2030 1748 2135 1789 vo-

2253 1744 2345 1798 τὴν
2393 1738 2581 1791 ἑαυτοῦ
2636 1743 2846 1811 γνώμην
2911 1736 2936 1789 ὁ
2984 1738 3269 1813 ἄνθρωπος,
3341 1737 3436 1790 κᾶν
3516 1738 3842 1813 θορυϐήσητε

489 1828 585 1885 bis
615 1832 671 1884 et
700 1826 1057 1893 tacentibus,
1090 1825 1480 1881 nihilominus
1507 1841 1644 1897 quae
1672 1824 1785 1880 sibi
1834 1823 2135 1897 proponit.

494 1917 593 1974 Sin
622 1920 822 1972 autem
849 1915 1205 1972 sententiam
1247 1914 1589 1982 mutaverit,
1622 1917 1826 1969 cavete
1857 1913 2138 1985 deturpe-

491 2006 564 2062 tis
597 2004 1008 2061 venerandum
1035 2003 1213 2060 amici
1239 2002 1430 2058 nostri
1476 2017 1737 2057 nomen:
1788 2016 1984 2073 neque
2023 1999 2137 2056 sub

492 2094 689 2167 specie
720 2093 901 2149 studii
932 2094 993 2147 in
1021 2097 1347 2164 patronum
1378 2094 1664 2155 vestrum,
1698 2088 1871 2146 vobis
1900 2088 2137 2145 lucrum

489 2199 597 2256 per
625 2188 881 2238 terrores
905 2197 975 2237 ac
1006 2181 1221 2245 minas,
1240 2195 1395 2251 quas
1418 2179 1740 2247 intentatis,
1764 2181 2134 2250 comparate.

494 2272 580 2327 Ad
607 2271 754 2326 illud
780 2275 981 2327 autem
1010 2270 1114 2341 qui
1144 2273 1501 2325 testamenta
1530 2267 1909 2341 conscripsit,
1940 2280 2139 2340 neque

490 2377 599 2435 per
624 2377 719 2416 me
748 2376 946 2433 neque
970 2376 1077 2432 per
1101 2359 1287 2416 alium
1317 2357 1391 2414 de
1416 2358 1533 2415 hoc
1574 2359 1818 2431 negotio
1844 2373 2138 2431 magnum

490 2450 772 2507 minusve
799 2448 1137 2522 quidquam
1164 2447 1400 2506 locutus
1430 2463 1589 2507 sum.

562 2706 838 2774 3.'Fidem
866 2718 1066 2772 autem
1086 2714 1182 2771 his
1207 2729 1332 2771 non
1363 2713 1549 2771 debes
1570 2714 1888 2787 denegare,
1909 2714 2024 2772 nisi
2044 2730 2141 2772 me

489 2807 738 2864 omnino
769 2804 1153 2878 desperatum
1175 2820 1307 2861 esse
1337 2809 1527 2877 putes,
1550 2820 1620 2862 ac
1646 2819 1938 2875 magnum
1972 2821 2141 2862 men-

489 2895 645 2952 dacii
666 2899 984 2968 peccatum
1016 2892 1475 2966 parvipendere.
1502 2893 1615 2950 Sed
1639 2894 1892 2950 omnino
1913 2894 2061 2950 mihi
2087 2897 2145 2951 et

492 2984 569 3041 de
596 2985 713 3040 hoc
764 2983 1007 3055 negotio
1037 2981 1442 3054 suspicionem
1481 2982 1738 3052 remitte,
1770 2986 1827 3040 et
1855 2981 1918 3039 in
1948 2988 2147 3056 poste-

2249 1830 2412 1901 ὑμεῖς,
2477 1826 2571 1879 κᾶν
2651 1831 2747 1899 μὴ,
2798 1830 3071 1898 γενήσεται
3143 1829 3347 1890 πάντως
3405 1833 3495 1880 καὶ
3555 1827 3840 1881 λαλούντων

2246 1919 2388 1990 ὑμῶν
2432 1918 2523 1968 καὶ
2566 1920 2875 1968 σιωπώντων
2923 1911 3074 1968 οὐδὲν
3120 1916 3273 1974 ἦττον
3312 1919 3405 1969 τάο
3446 1913 3843 1989 σπυδαζόμενιο

2248 2006 2291 2060 εἰ
2338 2002 2399 2059 δὲ
2442 2002 2910 2078 μεταϐουλεῦσεται
2965 2008 3037 2077 μὴ
3095 2007 3442 2079 παρασύρητε
3489 2008 3548 2058 τὸ
3588 2012 3843 2079 σεμνότα-

2245 2116 2330 2150 τον
2380 2096 2464 2166 (5)
2496 2098 2657 2166 ὄνομα
2702 2101 2795 2145 τοῦ
2846 2092 2993 2166 φίλου
3032 2094 3197 2166 ἡμῶν,
3225 2091 3366 2168 μηδὲ
3400 2092 3449 2146 ἕν
3492 2100 3844 2169 προσχήματι

2249 2183 2405 2244 δῆθεν
2460 2191 2550 2243 τῆς
2587 2186 2706 2255 περὶ
2762 2184 2848 2235 τὸν
2878 2185 3180 2256 προστάτην
3230 2187 3373 2256 ὑμῶν
3420 2180 3680 2251 σπουδῆς,
3716 2184 3842 2238 ἐαυ-

2245 2282 2357 2337 τοῖς
2399 2292 2451 2326 τι
2506 2268 2692 2346 κέρδος
2758 2270 3004 2341 ἐντεῦθεν,
3048 2271 3100 2335 ἐξ
3147 2272 3215 2324 ὧν
3263 2272 3648 2327 ἐπανατείνεσθε
3685 2274 3839 2347 φοϐον

2246 2368 2337 2419 καὶ
2390 2361 2625 2430 ἀπειλὴν,
2668 2363 3111 2434 καταπράττεσθε.
3173 2365 3306 2436 Πρὸς
3344 2358 3404 2415 δε
3454 2365 3608 2416 αὐτὸν
3650 2363 3839 2418 ἐκεῖνον

2246 2458 2334 2508 τὸν
2364 2455 2459 2515 τὰς
2490 2448 2747 2512 διαθήκας
2763 2452 3029 2525 γράφοντα
3057 2454 3173 2505 οὔτε
3216 2448 3293 2505 δι’
3334 2450 3558 2525 ἐμαυτοῦ
3604 2457 3722 2507 οὔτε
3762 2451 3838 2509 δι’

2249 2543 2422 2619 ίτέρου
2453 2540 2776 2615 ἐφθεγξάμην
2808 2541 2837 2600 ἣ
2869 2543 3056 2615 μικρὸν
3100 2540 3130 2599 ἣ
3179 2540 3358 2614 μεῖζον
3411 2547 3530 2617 περὶ
3576 2550 3669 2596 τοῦ
3697 2547 3840 2620 πρά-

2247 2650 2443 2707 γματος
2470 2649 2651 2683 τουτου
2659 2671 2674 2685 ο

2321 2726 2374 2779 3.
2408 2724 2512 2774 Καὶ
2562 2721 2767 2780 τούτοις
2813 2718 3053 2771 ἀπιστεῖν
3100 2716 3194 2771 οὐκ
3232 2717 3465 2792 ὀφείλεις,
3498 2719 3541 2772 εἰ
3582 2725 3653 2793 μή
3706 2741 3847 2775 παν·-

2252 2810 2407 2872 τελῶς
2466 2827 2530 2881 με
2586 2806 2977 2880 ἀπεγνωσμένον
3047 2809 3152 2879 ἡγῇ
3224 2808 3327 2879 (6),
3368 2812 3459 2861 καὶ
3508 2814 3849 2886 καταφρονεῖν

2254 2907 2351 2962 τῆς
2416 2897 2643 2972 μεγάλης
2711 2895 2973 2971 ἁμαρτίας
3020 2904 3113 2949 τοῦ
3177 2893 3427 2968 ψεύδους.
3491 2898 3651 2952 Ἀλλά
3711 2904 3849 2953 πάνυ

2257 2992 2382 3063 ἡμῖν
2413 2989 2571 3051 αὐτὸς
2612 2991 2703 3040 καὶ
2740 2991 2833 3045 τὴν
2864 2984 2947 3039 ἐπὶ
2976 2993 3046 3057 τῷ
3083 2988 3353 3060 πράγματι
3390 2989 3558 3060 τούτῳ
3604 2990 3853 3042 ὑπόνοιαν

488 3088 625 3131 rum
657 3072 963 3129 calumnia
1005 3071 1172 3128 omni
1212 3070 1509 3142 majorem
1551 3071 1829 3128 existima
1856 3088 2059 3129 meam
2084 3073 2139 3130 in

2258 3082 2401 3154 ἄφες,
2446 3083 2538 3131 καὶ
2592 3084 2683 3129 τοῦ
2737 3076 2922 3129 λοιποῦ
2968 3077 3143 3137 πάσης
3211 3072 3461 3138 διαϐολῆς
3530 3076 3854 3154 ῦφηλοτέραν

490 3169 544 3220 te
576 3161 764 3219 animi
792 3160 1207 3217 affectionem:
1232 3175 1302 3216 ac
1322 3159 1557 3216 imitare
1583 3160 2021 3231 Alexandrum,
2041 3163 2148 3235 qui

489 3268 630 3307 cum
678 3249 998 3322 epistolam
1034 3254 1243 3305 contra
1288 3248 1593 3305 medicum
1624 3254 1690 3306 ut
1727 3249 2147 3308 insidiatorem

492 3340 845 3411 accepisset,
897 3342 1077 3410 atque
1107 3338 1223 3394 hoc
1258 3337 1389 3409 ipso
1428 3343 1696 3410 tempore
1734 3338 2146 3395 medicamen-

488 3431 614 3484 tum
644 3427 720 3483 ad
744 3426 1076 3483 bibendum
1100 3432 1381 3491 sumeret,
1402 3432 1634 3483 tantum
1660 3427 1853 3484 abfuit
1873 3433 1937 3484 ut
1956 3428 2142 3484 ﬁdem

494 3516 807 3573 adhiberet
855 3516 1266 3579 calumnianti,
1315 3520 1380 3572 ut
1422 3516 1600 3571 simul
1648 3516 1871 3586 legeret
1923 3518 2142 3590 episto-

492 3603 640 3675 lam,
685 3610 741 3661 et
788 3606 1095 3677 potionem
1144 3604 1396 3660 biberet.
1430 3603 1599 3660 Nullo
1629 3605 1787 3660 enim
1810 3622 1882 3660 ex
1912 3605 2003 3673 iis,
2034 3604 2141 3677 qui

492 3693 770 3750 amicitiae
828 3692 1009 3749 laude
1066 3692 1314 3765 spectati
1365 3697 1525 3762 sunt,
1577 3692 1994 3765 ignobiliorem
2042 3709 2140 3750 me

493 3799 625 3839 esse
676 3782 979 3855 profiteor,
1024 3781 1325 3855 siquidem
1374 3797 1691 3854 nunquam
1760 3782 1822 3838 in
1878 3782 2143 3839 amicitia

491 3887 775 3943 peccasse
814 3871 1227 3943 deprehensus
1267 3886 1425 3940 sum,
1480 3887 1551 3927 ac
1592 3877 1882 3944 praeterea
1937 3888 1974 3928 a
2022 3875 2141 3929 Deo

493 3976 630 4015 meo
662 3960 1021 4015 mandatum
1048 3960 1352 4016 charitatis
1387 3961 1590 4033 accepi
1622 3978 1635 4016 :
1664 3962 1836 4033 cujus
1870 3961 1976 4017 tibi
2008 3978 2143 4019 sum

491 4047 749 4116 debitor,
774 4063 897 4102 non
925 4047 1121 4103 solum
1152 4049 1232 4103 ob
1267 4064 1655 4105 communem
1685 4050 2003 4106 hominum
2033 4066 2143 4108 na-

492 4141 713 4202 turam,
747 4135 848 4190 sed
900 4135 1080 4191 etiam
1141 4136 1285 4207 quia
1340 4138 1620 4208 privatim
1675 4142 1732 4193 te
1775 4144 1905 4194 tum
1933 4139 2141 4212 inme,

490 4229 621 4281 tum
648 4224 709 4279 in
739 4223 998 4296 patriam
1031 4223 1373 4281 beneﬁcum
1399 4241 1686 4296 agnosco.

968 4350 1303 4407 EPISTOLA
1330 4350 1664 4407 CCLXXIII'.

2255 3175 2407 3223 ποιοῦ
2463 3171 2551 3226 τὴν
2608 3165 2736 3239 ἐμὴν
2781 3169 2899 3238 περὶ
2938 3166 2994 3217 σὶ
3043 3166 3122 3235 (7)
3182 3160 3438 3237 διάθεσιν,
3479 3168 3569 3217 τὸν
3616 3165 3855 3230 Ἀλέξανο

2256 3256 2380 3333 δρον
2436 3258 2773 3330 μιμούμενος,
2829 3254 2903 3322 ὃς,
2952 3252 3229 3313 επιστολὴν
3295 3257 3431 3307 κατά
3500 3262 3593 3308 τοῦ
3669 3256 3853 3330 ἰατροῦ

2253 3346 2530 3421 δεξάμενος
2559 3348 2628 3407 ὡς
2683 3342 3115 3412 ἐπιϐουλεύοντος,
3168 3340 3347 3402 ἐπειδὴ
3393 3346 3579 3416 ἔτυχεν
3620 3343 3670 3397 ἐν
3704 3347 3850 3418 αὐτῷ

2248 3445 2322 3508 τῷ
2392 3444 2558 3510 καιρῷ
2635 3436 2904 3508 φάρμακον
2978 3430 3145 3484 λαϐὼν
3200 3431 3336 3485 ὣστε
3399 3441 3555 3503 πιεῖν,
3598 3444 3849 3489 τοσοῦτον

2250 3526 2455 3598 ἀπέσχε
2483 3531 2768 3577 πιστεῦσαι
2799 3531 2873 3594 τῷ
2909 3519 3258 3591 διαϐάλλοντι,
3287 3524 3422 3577 ὥστε
3474 3526 3605 3597 ὁμοῦ
3656 3545 3710 3579 τε
3751 3532 3848 3585 τὶν

2250 3614 2526 3671 ἐπιστολὴν
2583 3611 2917 3684 ἀνεγίνωσκε,
2965 3616 3054 3663 καὶ
3100 3614 3159 3663 τὸ
3202 3614 3471 3687 φάρμακον
3518 3616 3705 3672 ἔπινεν.
3738 3615 3850 3668 Οὖ-

2252 3701 2393 3764 δενὸς
2424 3705 2524 3775 γάρ
2556 3710 2657 3754 τῶν
2715 3702 2798 3754 ἐπὶ
2838 3700 2981 3773 φιλία
3033 3705 3304 3773 γνωρίμων
3344 3700 3644 3777 ἀτιμότερον
3681 3703 3848 3777 igua-

2249 3797 2335 3847 τὸν
2376 3791 2504 3854 ἀξιῶ
2568 3792 2827 3858 τίθεσθαι,
2877 3798 2949 3861 τῷ
3002 3794 3128 3862 μήτε
3166 3789 3357 3843 ἁλῶναί
3402 3811 3523 3845 ποτε
3561 3793 3634 3855 εἰς
3671 3794 3849 3865 γιλίαν

2254 3882 2574 3956 ἐξαμαρτὼν,
2616 3884 2706 3933 καὶ
2749 3882 2823 3933 ἔτι
2878 3882 3023 3953 παρὰ
3064 3887 3157 3933 τοῦ
3209 3884 3337 3934 Θεοῦ
3378 3901 3479 3955 μου
3532 3882 3703 3936 λαϐεῖν
3750 3889 3852 3944 τήν

2253 3971 2458 4031 ἐντολὴν
2510 3980 2606 4031 τῆς
2664 3968 2892 4041 ἀγάπης,
2943 3970 3001 4030 ἧς
3052 3973 3333 4042 χρεώστης
3388 3971 3494 4045 εἰμὶ
3558 3972 3616 4025 οὐ
3690 3979 3854 4046 μόνον

2251 4064 2385 4114 κατά
2438 4065 2532 4119 τὴν
2588 4064 2765 4117 κοινὴν
2793 4067 2890 4111 τῶν
2935 4056 3214 4132 ἀνθρώπων
3262 4062 3437 4132 φύσιν,
3499 4060 3607 4114 ἀλλ’
3645 4067 3725 4115 ὅτι
3759 4070 3855 4117 καὶ

2255 4147 2401 4211 ἰδίως
2455 4149 2720 4225 εὐεργέτην
2788 4167 2845 4201 σε
2894 4148 3133 4222 γνωρίζω
3201 4147 3432 4222 ἇμαυτοῦ
3496 4170 3551 4204 τε
3603 4156 3696 4205 καὶ
3752 4160 3859 4218 τῆς

2249 4236 2528 4315 πατρίδος.

2794 4364 3131 4415 ΕΠΙΣΤΟΛΗ
3153 4360 3308 4419 ΣΟΓ.

1249 4459 1476 4515 Herum
1503 4459 1877 4517 commendat
1906 4459 2137 4522 homini
2149 4470 2286 4540 jam
2314 4484 2472 4540 saepe
2494 4469 2569 4527 de
2584 4484 2648 4527 se
2673 4468 2816 4526 bene
2832 4470 3060 4526 merito.

838 4567 979 4624 Sine
1008 4568 1418 4638 inscriptione,
1449 4584 1560 4632 pro
1589 4568 1777 4625 Hera.

560 4673 706 4729 Cum
737 4674 989 4729 omnino
1018 4690 1384 4745 persuasum
1402 4675 1473 4731 sit
1490 4675 1635 4731 mihi
1660 4691 1754 4731 me
1772 4690 1807 4733 a
1828 4678 1930 4732 tua
1945 4675 2139 4746 digni-

482 4763 603 4820 tate
624 4762 705 4817 ita
725 4761 911 4831 diligi,
935 4767 1000 4818 ut
1019 4778 1153 4836 qua
1187 4763 1267 4819 ad
1288 4780 1384 4820 me
1414 4769 1706 4836 spectant,
1730 4768 1834 4822 tua
1858 4771 2132 4837 reputes;

521 4886 738 5014 i1:Aiilias
768 4886 998 4946 CCXVI.
1020 4890 1250 4963 Scripta
1276 4890 1338 4947 in
1376 4891 1698 4964 postremis
1725 4891 1900 4948 annis
1933 4893 1991 4949 S.
2023 4893 2135 4950 Ba-

484 4975 621 5014 ειιιι.

555 5030 633 5100 (2)
670 5029 1069 5107 lanigerae“;
1125 5031 1212 5107 Ita
1262 5032 1442 5107 Harl.,
1492 5033 1753 5107 Med._et
1799 5033 1973 5091 Coisl.
2012 5034 2131 5107 pri-

481 5118 639 5158 mus.
670 5102 819 5175 Editi
842 5100 1118 5163 ἐπιζητεῖς.
1152 5103 1340 5159 Paulo
1366 5109 1506 5175 post
1534 5104 1779 5161 eosdem
1820 5110 1938 5160 tres
1968 5100 2131 5161 codi-

482 5189 582 5228 ces
625 5172 807 5247 secuti
840 5174 1211 5229 mutavimus
1240 5172 1408 5247 quod
1429 5181 1555 5231 erat
1574 5176 1636 5231 in
1662 5176 1834 5233 editis
1857 5177 1925 5238 εἰς
1947 5184 2130 5229 τοσοῦ-

479 5263 566 5297 τον
593 5243 870 5301 καταϐαίη.

657 5315 924 5396 ’λ’μητίου.
958 5316 1095 5396 Reg.
1122 5313 1354 5396 primus
1377 5320 1431 5372 et
1464 5314 1644 5396 Bigpt.
1675 5317 1953 5396 'wan’ou:

552 5388 626 5456 (4)
662 5386 1001 5441 Οἰκειώσεως.
1036 5386 1219 5459 βοίεί.
1252 5386 1690 5459 Πιθνᾳιιθξιῖθε.
1731 5386 2038 5445 secundus
2070 5393 2127 5447 et

478 5459 658 5511 Palis.
691 5460 879 5519 οἰκίας.
918 5456 1262 5514 tlarlzeanus
1298 5464 1354 5513 et
1384 5456 1482 5514 alii
1515 5456 1657 5514 cum
1675 5460 1849 5517 editis
1879 5478 2124 5518 consen-

477 5526 652 5585 tiunt.
710 5529 952 5589 Videtur
1000 5544 1125 5589 non
1163 5528 1291 5588 sine
1324 5529 1522 5590 ironia.
1567 5530 1819 5590 Basilius
1867 5533 2125 5607 Hymetii

2676 4572 3070 4647 ’Δνεπίγραφος,
3099 4576 3220 4648 περὶ
3253 4573 3413 4648 Ἦρα.

2321 4680 2572 4754 Ἀκριϐῶς
2636 4683 2976 4753 πεπεισμένος
3043 4682 3202 4743 οὕτως
3268 4684 3404 4754 ἡμᾶς
3481 4680 3689 4754 ἀγαπᾷν
3748 4687 3862 4744 τὴν

2247 4775 2344 4830 σὴν
2383 4776 2682 4845 τιμιότητα,
2724 4773 2857 4824 ὥστε
2884 4773 2952 4825 τὰ
2998 4774 3124 4844 ἡμῖν
3181 4768 3494 4849 διαφέροντα
3551 4773 3719 4829 οἰκεῖα
3767 4776 3866 4830 leo

2242 4908 2389 4966 opes
2408 4894 2753 4967 praedicare,
2771 4910 2957 4969 quem
2985 4896 3237 4970 prodige
3262 4913 3359 4956 res
3380 4913 3521 4956 suas
3552 4899 3636 4956 ait
3663 4900 3864 4959 absu-

2240 4981 2425 5021 mere.

2264 5108 2267 5109 7
2306 5037 2390 5109 _(5)
2442 5039 2511 5089 Τό
2549 5041 2880 5109 σεμνότατον.
2914 5043 2999 5097 Ita
3019 5042 3137 5097 tres
3166 5040 3553 5099 vetustissimi
3576 5041 3860 5103 codices.

2239 5107 2390 5180 Editi
2419 5111 2477 5180 τὸ
2506 5107 2709 5180 σεμνόν.

2310 5178 2394 5265 (ἐξ)
2424 5178 3002 5265 ’ᾼπεῒνωσμένον.ἦγῦο
3020 5181 3108 5265 133
3136 5181 3293 5265 “:8”:
3319 5184 3503 5265 θὶευί
3522 5186 3859 5265 ,Προηέιιιίσ

2238 5248 2393 5327 fidit:
2440 5253 2511 5327 ως
2554 5248 2972 5327 ἀπεγνωσμένονΔ
3008 5252 3136 5307 εἶναι
3181 5256 3306 5327 ἡγῇ.
3366 5259 3537 5312 Deest
3560 5260 3624 5318 ὡς
3654 5259 3861 5316 etiam

2237 5320 2296 5375 in
2356 5321 2527 5409 Cois].
2588 5320 2809 5395 primo;
2850 5324 3080 5381 ibidem
3134 5320 3307 5383 multi
3372 5327 3611 5384 codices
3678 5349 3864 5385 κατα-

2234 5411 2650 5547 ρέ.
2686 5466 2843 5547 Harl.
2870 5466 3121 5547 et_(_loisl.
3148 5484 3209 5543 pi
3222 5465 3387 5528 imus
3406 5473 3540 5547 πρὸς
3570 5474 3649 5529 σέ.
3673 5470 3863 5534 Infra

2230 5533 2416 5594 ﬁdem
2443 5533 2683 5597 codices
2717 5542 2843 5616 πρὸς
2867 5537 3064 5613 φιλίαν.
