4050 6220
259 332 393 390 1009

1178 333 1978 394 EPISTOLARUM.CLASSIS
2017 337 2085 392 II.
2125 336 2339 395 EPIST.
2382 338 2669 395 CCLXXV.

3474 342 3612 397 i010

252 457 519 530 γίζεσθαι,
578 456 667 510 τὸν
724 452 1140 531 αἰδεσιμώτατον
1186 454 1404 531 ἀδελφὸν
1457 460 1605 531 ἡμῶν
1660 458 1827 535 Ἦραν

1959 461 2452 518 colendissimum
2474 461 2715 519 fratrem
2736 467 3010 520 nostrum
3033 466 3464 535 Heram,qucm
3487 478 3610 519 non

254 546 309 598 ὃν
347 545 405 598 οὗ
454 548 591 599 κατὰ
643 548 919 604 συνήθειάν
970 568 1086 599 τινα
1128 543 1347 619 ἀδελφὸν
1400 550 1547 621 ἡμῶν
1588 568 1851 624 προσαγο-

254 637 484 710 ρεύομεν,
533 634 659 687 ἄλλα
705 638 840 688 κατὰ
890 635 1268 710 ἁκριϐεστατην
1306 642 1394 689 καὶ
1415 634 1664 711 οὐδεμίαν
1696 642 1849 710 ἔχου-

258 743 351 777 σαν
382 725 460 794 (8)
488 724 774 799 ὑπερϐολὴν
827 733 923 787 τῆς
972 724 1140 797 φιλίας
1196 723 1452 797 διάθεσιν,
1497 736 1723 780 συνιστώ
1753 748 1846 780 σου

253 821 314 886 τῇ
376 814 623 886 ὑπερφυεῖ
686 813 1063 887 καλοκαγαθίᾳ,
1113 820 1202 867 καὶ
1232 816 1515 887 παρακαλῶ
1545 819 1743 878 οἰκείως
1770 817 1845 887 {9)

251 921 307 955 τε
336 901 491 954 αὐτὸν
548 904 858 970 θεάσασθαι,
912 908 1013 967 καὶ.Κ
1057 908 1151 962 τὴν
1196 908 1332 957 κατὰ
1371 903 1592 979 δύναμίν
1634 926 1718 958 σοι
1747 927 1844 959 πα-

250 993 555 1065 ρασχέσθαι
611 991 751 1063 αὐτῷ
802 998 1132 1067 προστασίαν
1180 992 1227 1045 ἐν
1284 995 1361 1056 οἷς
1418 993 1477 1046 ἂν
1528 993 1711 1053 δέηται
1756 1005 1847 1059 τῆς

251 1080 589 1153 μεγαλονοίας
644 1100 758 1133 σου·
810 1083 944 1135 ὥστε
992 1101 1055 1155 με
1090 1090 1200 1143 τοῖς
1238 1082 1445 1145 πολλοῖς
1485 1086 1557 1145 οἷς
1606 1082 1713 1143 ἤδη
1762 1106 1845 1139 τε·

251 1172 467 1240 τύχηκα
500 1171 644 1245 παρὰ
675 1174 757 1224 σοὶ
789 1169 1003 1244 ἀγαθοῖς
1028 1176 1117 1224 καὶ
1142 1174 1337 1231 ταύτην
1359 1176 1499 1245 ἔχειν
1525 1178 1619 1234 τὴν
1646 1175 1844 1252 εὐεργε-

253 1275 372 1310 σιαν
397 1260 753 1333 συναριθμεῖν.

779 1389 1117 1439 ΕΠΙΣΤΟΛΠ
1157 1386 1311 1445 ΣΟΔ’.

1960 566 2031 607 ex
2062 552 2331 623 quadam
2362 553 2798 609 consuetudine
2826 554 3070 609 fratrem
3102 554 3359 626 appello,
3397 553 3502 609 sed
3536 568 3609 610 ex

1960 640 2431 707 accuratissima,
2465 646 2519 697 et
2548 658 2669 713 qua
2701 643 2897 712 major
2935 658 3064 697 esse
3098 658 3215 698 non
3244 643 3436 714 possit
3464 641 3610 696 ami-

1959 729 2108 784 citiae
2135 728 2465 795 affectione,
2495 747 2748 785 summae
2773 736 2886 785 tuae
2910 731 3193 803 probitati
3219 733 3604 793 commendo,

1959 833 2029 873 ac
2058 834 2227 888 rogo,
2268 822 2332 873 ut
2374 824 2429 873 et
2472 819 2637 874 illum
2685 836 2804 875 non
2854 835 3025 875 secus
3076 837 3147 875 ac
3194 821 3605 875 necessarium

1958 910 2129 963 tuum
2160 908 2518 981 conspicias,
2563 908 2735 980 eique
2782 925 2892 980 pro
2939 909 3167 963 viribus
3204 910 3604 980 patrocinium

1957 997 2298 1069 impendas,
2327 998 2547 1070 quibus
2574 998 2632 1052 in
2656 997 2835 1051 rebus
2857 1014 3012 1069 opus
3045 1000 3095 1052 ei
3133 998 3305 1051 fuerit
3327 1003 3428 1053 tua
3458 1014 3603 1069 pru-

1955 1086 2179 1155 dentia;
2202 1086 2355 1143 adeo
2384 1093 2445 1143 ut
2469 1087 2621 1142 inter
2648 1086 2850 1157 multa,
2886 1104 3021 1159 quae
3048 1087 3176 1157 jam
3207 1086 3279 1141 de
3302 1102 3397 1140 me
3429 1087 3605 1141 meri-

1954 1178 2050 1233 tus
2073 1192 2156 1243 es,
2187 1175 2303 1232 hoc
2334 1176 2515 1232 etiam
2542 1175 2903 1233 beneficium
2935 1191 3253 1233 numerare
3282 1174 3530 1248 possim.

2318 1390 2497 1463 420
2539 1391 2877 1449 EPISTULA
2916 1392 3081 1447 CCLX
3091 1393 3247 1449 XIV".

320 1523 715 1583 Commendat
740 1525 1011 1582 Himerio
1041 1527 1309 1584 eumdem
1337 1527 1587 1597 Heram,
1612 1545 1785 1603 quem
1806 1531 1881 1589 ab
1910 1532 2177 1603 infantia
2203 1547 2388 1606 usque
2412 1532 2493 1590 ad
2521 1539 2878 1590 senectutem
2908 1534 3167 1589 amicum
3209 1529 3528 1587 habuerat.
3566 1594 3568 1597 I

700 1658 901 1733 Ἰμερίῳ
932 1660 1044 1732 (10)
1084 1641 1382 1738 μαγίστρῳ.

2468 1667 2740 1724 Himerio
2773 1664 3081 1736 magistro.

314 1782 376 1836 ’Π
414 1786 545 1859 πρὸς
583 1787 671 1836 τὸν
727 1781 1141 1857 αἰδεσιμώτατον
1196 1784 1415 1860 ἀδελφὸν
1470 1788 1635 1865 Ἥραν
1702 1790 1828 1864 φιλίι

2023 1793 2223 1849 Meam
2253 1808 2391 1849 cum
2413 1792 2592 1848 fratre
2632 1790 3060 1847 colendissimo
3092 1790 3244 1843 Hera
3272 1785 3601 1842 amicitiam

242 1892 337 1945 μοι
375 1878 465 1926 καὶ
519 1875 787 1941 συνήθεια,
838 1876 919 1927 ὃτι
971 1874 1028 1927 ἔκ
1082 1878 1214 1928 πάνυ
1276 1874 1471 1939 παιδὸς
1522 1884 1617 1938 τὴν
1670 1878 1845 1955 ἀρχὴν

243 1960 414 2030 ἔλαϐε,
470 1967 560 2015 καὶ
610 1967 776 2037 μέχρι
825 1969 1002 2040 γήρως
1061 1970 1442 2042 σνμπαρέμεινε
1479 1970 1593 2041 (Η)
1646 1978 1707 2042 τῇ
1754 1978 1844 2023 τοῦ

245 2058 382 2104 Θεοῦ
430 2053 641 2127 χάριτι,
694 2057 885 2115 παντὸς
932 2054 1139 2127 ἄμεινον
1182 2060 1271 2108 καὶ
1324 2056 1482 2120 αὐτὸς
1535 2056 1842 2115 ἐπίστασαι.

242 2137 445 2211 Σχεδὸν
482 2144 585 2214 γὰρ
636 2146 728 2194 καὶ
785 2146 880 2203 τὴν
934 2152 1029 2206 τῆς
1088 2153 1186 2207 σῆς
1239 2145 1585 2220 μηαλοφυίας
1634 2147 1843 2221 ἀγάπην

243 2228 297 2292 ἐξ
348 2227 541 2282 ἑκείνου
589 2230 715 2302 ἡμῖν
771 2231 797 2283 ὁ
850 2234 1037 2305 Κύριος
1088 2231 1400 2308 ἐχαρίσατο,
1469 2234 1522 2299 ἐξ
1575 2238 1694 2290 ὅτου
1750 2244 1843 2292 καὶ

242 2321 340 2376 τὴν
394 2322 520 2392 πρὸς
577 2316 827 2383 ἀλλήλους
883 2322 1008 2393 ἡμῖν
1055 2330 1249 2393 ’γνῶσιν
1302 2324 1657 2396 προεξένησεν.
1700 2326 1843 2380 Ἐπεὶ

244 2402 332 2458 οὖν
360 2402 534 2459 δεῖται
570 2415 665 2470 τῆς
703 2411 847 2482 παρὰ
904 2416 999 2462 σοῦ
1046 2416 1396 2482 προστασίας,
1444 2414 1729 2488 παρακαλῶ
1786 2435 1843 2468 σε

241 2501 333 2549 καὶ
371 2499 707 2567 καθικετεύω,
748 2507 810 2572 τῇ
852 2518 908 2553 τε
952 2497 1159 2574 ἀρχαίᾳ
1201 2501 1313 2573 (12)
1360 2508 1478 2578 περὶ
1524 2506 1664 2577 ἡμᾶς
1716 2501 1842 2558 δια-

245 2586 387 2638 θέσει
426 2587 798 2661 χαριζόμενον,
843 2593 933 2641 καὶ
988 2598 1050 2663 τῇ
1108 2598 1196 2642 νῦν
1248 2594 1595 2665 κατασχούσῃ
1640 2592 1838 2667 ἀνάγκῃ

240 2680 572 2749 προσχόντα,
623 2677 784 2738 οὕτως
830 2678 1207 2732 οἰκειώσασθαι
1259 2682 1327 2732 τὰ
1372 2683 1488 2733 κατ’
1517 2681 1671 2734 αὐτὸν
1710 2686 1839 2757 προίς

236 2783 439 2836 γματα,
471 2766 607 2817 ὥστε
628 2762 897 2838 μηδεμιᾶς
916 2767 1070 2820 αὑτὸν
1092 2767 1260 2843 ἑτέρας
1288 2774 1616 2844 προστασίας
1647 2767 1841 2832 δεηθῆ-

234 2872 342 2919 ναι,
377 2850 485 2905 ἀλλ’
509 2854 797 2907 ἐπανελθεῖν
834 2860 960 2929 πρὸς
1002 2858 1142 2929 ἡμᾶς
1181 2860 1351 2910 πάντα
1378 2858 1837 2932 χαταπραξοίμενον

232 2944 301 2994 τὰ
329 2942 445 2995 κατ’
479 2942 663 3016 εὐχάς·
694 2946 829 3003 ᾧστε
853 2952 965 3007 ταῖς
992 2945 1203 3009 πολλαῖς
1233 2944 1315 3009 αἶς
1341 2950 1663 3022 πεπόνθαμεν
1692 2953 1836 3021 παρὰ

233 3037 331 3083 σοῦ
361 3031 705 3107 εὐεργεσίαις,
755 3039 845 3087 καὶ
889 3036 1085 3094 ταύτην
1130 3037 1270 3108 ἡμᾶς
1300 3038 1440 3107 ἔχειν
1474 3038 1829 3111 συναριθμεῖν,

230 3116 289 3180 ἧς
328 3120 426 3172 οὐκ
456 3120 516 3171 ἂν
564 3122 779 3193 μείζονα
825 3121 1048 3192 ἑαυτοῖς,
1094 3121 1217 3178 οὐδέ
1258 3124 1449 3198 μᾶλλον
1480 3126 1606 3199 ἡμῖν
1645 3122 1831 3200 διαφέ-

222 3226 426 3285 ρουσαν
457 3209 776 3283 εὑρίσκοντες
805 3212 1154 3286 οἰκειούμεθα.

764 3342 1099 3393 ΕΗῘΣΤΟΛΗ
1137 3337 1293 3391 ΣΟΕ’.

1951 1886 2010 1939 et
2037 1881 2535 1938 consuetudinem
2567 1897 2603 1937 a
2631 1894 2820 1953 puero
2844 1894 3089 1950 prorsus
3113 1876 3412 1947 incepisse
3442 1880 3498 1929 et
3522 1875 3601 1930 ad

1950 1975 2317 2027 senectutem
2348 1986 2540 2043 usque
2579 1970 2679 2025 Dei
2726 1969 2889 2024 dono
2932 1981 3369 2039 perseverasse,
3417 1979 3599 2020 nemo

1949 2064 2038 2116 est
2065 2061 2172 2133 qui
2202 2059 2415 2115 melius
2443 2074 2629 2132 quam
2658 2063 2720 2114 tu
2764 2055 3157 2131 perspexerit.
3202 2056 3407 2109 Ferme
3438 2052 3598 2109 enim

1948 2152 2007 2205 et
2025 2152 2141 2205 tuae
2182 2147 2697 2219 magnanimitatis
2735 2145 3061 2203 amicitiam
3092 2142 3170 2199 ab
3199 2142 3299 2199 illo
3329 2147 3598 2214 tempore

1947 2238 2125 2295 nobis
2180 2238 2471 2294 Dominus
2515 2236 2765 2306 largitus
2815 2239 2924 2305 est,
2968 2249 3041 2289 ex
3079 2246 3203 2305 quo
3231 2230 3410 2286 etiam
3447 2229 3600 2285 inter

1945 2341 2081 2395 nos,
2125 2341 2197 2382 eo
2238 2325 2524 2391 donante,
2568 2322 2985 2394 cognovimus.
3036 2321 3183 2375 Cum
3210 2319 3388 2389 igitur
3418 2317 3472 2373 ei
3492 2320 3597 2373 tuo

1945 2414 2280 2486 patrocinio
2299 2430 2457 2486 opus
2488 2413 2582 2475 sit,
2614 2412 2900 2469 adhortor
2941 2415 2997 2466 te
3034 2424 3105 2464 ac
3130 2422 3301 2477 rogo,
3334 2409 3400 2462 ut
3428 2409 3485 2461 et
3500 2421 3598 2460 ve-

1946 2503 2054 2559 teri
2080 2508 2298 2559 nostrm
2329 2501 2604 2558 amicitiae
2626 2500 2857 2573 aliquid
2876 2498 3170 2565 tribuens,
3189 2502 3246 2552 et
3274 2494 3352 2551 ad
3374 2508 3597 2565 urgen-

1944 2596 2066 2647 tem
2095 2607 2257 2647 nunc
2286 2591 2703 2646 necessitatem
2735 2593 3013 2653 attentus,
3056 2587 3140 2642 ita
3168 2584 3410 2653 negotia
3438 2581 3595 2638 illius

1944 2685 2049 2737 tua
2078 2680 2288 2749 facias,
2344 2685 2408 2735 ut
2455 2678 2621 2735 nullo
2679 2678 2795 2734 alio
2843 2675 3178 2750 patrocinio
3225 2677 3429 2742 egeat:
3486 2670 3595 2727 sed

1942 2769 2227 2825 omnibus
2251 2785 2323 2825 ex
2350 2770 2641 2824 sententia
2670 2766 2972 2833 confectis,
2995 2764 3075 2820 ad
3100 2778 3210 2819 nos
3239 2765 3591 2818 revertatur:

1940 2859 2097 2915 adeo
2128 2863 2191 2913 ut
2218 2859 2370 2914 inter
2395 2858 2584 2914 multa
2602 2856 2896 2913 beneﬁcia
2914 2870 3052 2927 quae
3077 2858 3141 2909 tu
3164 2852 3226 2908 in
3251 2866 3348 2907 me
3377 2855 3575 2905 contu.

1938 2945 2083 3014 listi,
2130 2945 2279 3002 illud
2334 2946 2517 3003 etiam
2569 2960 2791 3018 queam
2841 2957 3181 3009 numerare,
3221 2954 3345 3012 quo
3384 2938 3588 3007 majus

1941 3036 2127 3106 aliud,
2159 3041 2264 3093 aut
2287 3035 2455 3109 quod
2473 3035 2667 3105 magis
2689 3050 2826 3091 mea
2844 3032 3079 3103 referat,
3097 3029 3245 3089 mihi
3265 3026 3589 3086 attribuere

1939 3141 2011 3184 ac
2030 3126 2336 3184 vindicare
2366 3140 2489 3182 non
2514 3125 2768 3199 possim.

2413 3342 2750 3399 EPISTOLA
2788 3338 3111 3397 CCLXXV“.

750 3470 955 3529 Eidem
982 3473 1164 3531 Herm
1187 3475 1595 3545 patrocinium
1632 3474 1922 3546 implorat
1958 3474 2246 3534 adversus
2282 3476 2667 3534 inimicorum
2705 3474 3063 3532 calumnias.

652 3612 1045 3691 Ἀνεπίγραφος,
1078 3620 1198 3692 περὶ
1236 3625 1395 3694 Ἦρα.

302 3734 583 3809 Προίλαϐες
627 3737 723 3801 τὰς
763 3737 885 3812 παρ’
930 3741 1077 3812 ἡμῶν
1106 3742 1220 3813 (13)
1271 3742 1631 3817 παρακλήσεις
1668 3742 1716 3796 ἕν
1754 3750 1818 3817 τῇ

217 3826 355 3897 πρὸς
410 3827 496 3877 τὸν
542 3823 961 3899 αἰδεσιμώτατον
1018 3827 1237 3904 ἀδελφὸν
1290 3833 1403 3904 (14)
1457 3834 1604 3905 ἡμῶν
1653 3839 1819 3907 Ἥραν

214 3907 479 3979 διαθέσει,
527 3919 617 3966 καὶ
671 3920 888 3987 γέγονας
943 3917 1083 3991 αὐτῷ
1149 3919 1313 3992 εὐχῆς
1367 3919 1584 3993 ἀμείνων
1626 3929 1725 3973 τῶν
1762 3941 1817 3975 τε

208 4009 381 4074 τιμῶν
424 4010 542 4065 ταῖς
594 4003 899 4078 ὑπερϐολαῖς
954 4003 1033 4068 αἷς
1086 4012 1154 4070 εὶς
1200 4009 1356 4062 αὐτὸν
1412 4006 1657 4074 ἐπεδείξω
1704 4010 1817 4082 (15)

205 4095 304 4142 καὶ
345 4097 467 4152 ταῖς
516 4090 590 4164 ἔφ’
634 4091 856 4147 ἑκάστου
910 4104 1094 4171 καιροῦ
1142 4104 1514 4172 προστασίαις.
1544 4098 1722 4172 Ὀμως
1753 4096 1813 4153 δὲ

204 4184 304 4231 καὶ
348 4180 516 4252 ἡμεῖς,
568 4177 748 4241 ἐπειδὴ
807 4191 981 4256 σιωπῇ
1037 4188 1201 4260 φέρειν
1254 4190 1319 4239 τὰ
1365 4188 1480 4241 κατ’
1539 4188 1694 4241 αὐτὸν
1751 4188 1809 4242 οὐ

112 4281 129 4295 ⁸
207 4263 508 4339 δυνάμεθα,
543 4270 940 4345 παρακαλοῦμέν
1004 4292 1098 4326 σου
1150 4279 1245 4334 τὴν
1297 4274 1674 4352 ἀνυπέρϐλητον
1725 4297 1810 4330 τι-

202 4360 442 4431 μιότητα
494 4362 586 4411 καὶ
635 4359 707 4421 εἰς
754 4361 1005 4437 ἡμετέραν
1054 4366 1217 4440 χάριν
1271 4369 1577 4440 προσθεῖναι
1637 4375 1699 4440 τῇ
1745 4368 1811 4431 εἰς

203 4450 301 4500 τὸν
330 4443 504 4520 ἄνδρα
532 4446 765 4523 σπουδῇ,
811 4457 901 4505 καὶ
939 4451 1247 4527 ἀποπέμψαι
1276 4455 1430 4507 αὐτὸν
1476 4465 1537 4529 τῇ
1587 4455 1811 4531 πατρίδι

2274 3619 2417 3677 Sine
2443 3618 2852 3689 inscriptione,
2899 3631 3011 3687 pro
3041 3614 3228 3673 Hera.

1999 3743 2351 3801 Pravertisti
2370 3759 2577 3816 preces
2597 3758 2763 3799 meas
2784 3746 2885 3799 tua
2908 3756 3052 3811 erga
3079 3735 3577 3796 colendissimum

1926 3833 2172 3892 fratrem
2202 3838 2479 3890 nostrum
2498 3833 2712 3889 Heram
2744 3831 2931 3887 animi
2961 3828 3295 3895 affectione,
3330 3842 3400 3882 ac
3429 3825 3575 3881 libe-

1922 3924 2110 3981 ralius
2132 3940 2272 3980 cum
2298 3939 2369 3981 eo
2399 3923 2596 3993 egisti,
2619 3938 2805 3995 quam
2823 3921 3048 3994 precati
3070 3918 3412 3985 fuissemus,
3434 3930 3575 3969 cum

1922 4013 2160 4071 eximiis
2189 4012 2523 4070 honoribus
2551 4027 2708 4084 quos
2738 4010 2792 4067 ei
2820 4009 3104 4075 habuisti,
3136 4012 3264 4063 tum
3290 4008 3573 4076 suscepto

1918 4103 2096 4173 illius,
2111 4101 2376 4176 quolibet
2394 4107 2681 4174 tempore,
2695 4099 3050 4173 patrocinio.
3065 4096 3179 4152 Sed
3203 4102 3406 4152 tamen
3431 4109 3572 4149 cum

1917 4209 2013 4250 res
2042 4192 2197 4249 illius
2228 4192 2460 4248 silentio
2489 4192 2785 4263 praeterire
2823 4205 2949 4246 non
2986 4187 3238 4260 possim,
3284 4184 3571 4241 eximiam

1919 4287 2088 4339 tuam
2108 4282 2460 4351 dignitatem
2476 4295 2646 4350 rogo,
2662 4284 2725 4335 ut
2740 4285 2796 4335 et
2816 4294 2953 4334 mea
2969 4293 3154 4333 causa
3170 4281 3270 4331 tuo
3292 4274 3353 4330 in
3374 4273 3570 4328 virum

1919 4370 2122 4426 studio
2149 4369 2376 4443 aliquid
2405 4368 2892 4441 addas,eumque
2911 4365 3293 4421 inimicorum
3318 4362 3566 4416 suorum

1919 4460 2237 4516 calumniis
2282 4459 2655 4532 superiorem
2696 4457 2758 4512 in
2809 4455 3069 4528 patriam
3108 4452 3412 4517 remittas;
3444 4466 3567 4505 non

201 4541 487 4610 κρείττονα
547 4546 645 4600 τῆς
689 4542 832 4612 παρὰ
891 4550 991 4594 τῶν
1048 4544 1254 4618 ἐχθρῶν
1317 4544 1478 4597 αὐτοῦ
1544 4544 1807 4619 ἐπηρείαςυ

1949 4550 2078 4605 nim
2105 4563 2266 4605 nunc
2290 4524 2379 4604 est
2401 4551 2569 4603 extra
2593 4546 2833 4602 invidiae
2856 4543 2991 4609 tela,
3024 4541 3224 4598 multis
3256 4540 3411 4596 illius
3433 4538 3567 4594 vitae

202 4623 322 4679 ἐπεὶ
368 4632 458 4678 νῦν
505 4645 566 4699 γε
611 4627 706 4680 οὐκ
769 4628 864 4692 ἔξω
916 4628 1026 4684 ἐστὶ
1060 4629 1222 4703 βελῶν
1251 4639 1344 4685 τοῦ
1373 4635 1579 4706 φθόνου,
1613 4635 1809 4689 πολλῶν

282 4820 365 4890 (8)
404 4818 697 4893 ῖξχουσαν.
729 4822 881 4880 Ῑζόἱῑί
920 4824 1081 4883 hunc
1109 4826 1311 4885 locum
1341 4829 1426 4885 sic
1481 4829 1804 4887 exhibent:

203 4888 316 4945 [αἱ
350 4888 620 4975 οὐδεμίαν
659 4895 959 4975 ,ὑπερβολὴν
1162 4899 1334 4975 filia;
1390 4897 1639 4975 διαθεσιν
1681 4903 1807 4975 ὑπερ

200 4964 501 5046 clauim}.
524 4964 698 5046 cois].
732 4964 961 5046 primus
986 4964 1379 5046 et_h_iedicmus
1408 4972 1555 5028 nihil
1582 4964 1810 5046 discre-

201 5040 363 5160 papt
391 5035 473 5090 ab
516 5035 708 5101 editis,
734 5035 856 5094 nisi
900 5039 1067 5112 quod
1096 5041 1359 5099 habent:
1409 5048 1617 5107 καὶτῆς
1644 5044 1811 5117 φιλίας

245 5108 456 5158 ιαοεσιν
481 5108 884 5160 ὑπεοεγόαενον.
915 5111 1310 5160 Comheﬁsins
1340 5118 1405 5160 nt
1438 5114 1628 5160 limem
1662 5116 1811 5160 ηομ-

245 5108 884 5181 ιοὲοεσινύπιρεχόμινον.
915 5108 1310 5168 Combeﬁsius
1340 5118 1406 5170 ut
1436 5108 1811 5173 lucem'aﬁ‘e-

200 5183 327 5260 ταῖς
353 5177 907 5260 ξεεὶεπαρὲχὸμένηνε
923 5183 1037 5260 Sed
1057 5187 1181 5260 tota
1201 5199 1295 5239 res
1321 5186 1593 5260 enitescit
1620 5203 1694 5260 ex
1718 5204 1815 5244 co-

201 5248 371 5330 dicit}
382 5264 452 5330 us
484 5248 663 5330 Regio
682 5248 971 5330 secundo,
996 5255 1171 5330 Cois].
1196 5256 1480 5330 secundo,
1496 5274 1569 5313 ex
1588 5259 1812 5330 quibus

206 5294 452 5304 -.-.-..-
609 5294 949 5308 ,νυνημμν
999 5294 1461 5312 summum-
1496 5294 1569 5313 οι
1635 5294 1669 5313 υ

206 5294 1271 5404 δάὲἐάἱφυῗεχετέσαγ.θὲἀειθῖίφμε
1298 5294 1703 5404 ὑπερεέομέῗηὶί

287 5392 370 5473 (9)
413 5392 771 5473 Octauia-Sic
799 5394 1038 5473 Med._et
1066 5397 1241 5473 Cois].
1265 5392 1498 5470 primus
1519 5392 1659 5473 cum
1684 5400 1814 5458 aliis

206 5460 484 5543 duobus.
518 5462 668 5543 Editi
704 5464 930 5543 οἰκεῖονι
965 5469 1093 5543 Mox
1134 5460 1350 5543 Regius
1410 5471 1714 5528 secundus
1758 5476 1815 5529 et

210 5532 398 5589 COiSL
429 5535 731 5590 secundus
756 5536 834 5599 οἷς
858 5532 966 5595 ἤδη
998 5532 1396 5599 πέπονθίπαρὰ
1426 5549 1541 5599 σοῦ.

289 5605 408 5675 (t0)
448 5602 669 5680 ἰμιριῳ.
702 5606 874 5665 Cois].
905 5608 1141 5681 primus
1170 5615 1228 5670 et
1281 5602 1539 5671 Clarom.
1568 5612 1813 5688 Ἠμιρίῳ.

1917 4637 2403 4711 tranquillitatem
2423 4634 2774 4709 perturbare
2793 4632 3338 4697 conantibus.Quos
3357 4633 3568 4686 contra

1988 4833 2097 4905 (tt)
2138 4834 2541 4905 Συμπαρέμεινε.
2565 4829 2715 4885 Med.
2742 4833 2800 4885 et
2827 4830 2954 4885 Vat.
2969 4843 3108 4884 cum
3133 4830 3276 4899 Reg.
3297 4825 3565 4884 secundo

1915 4906 1974 4960 et
2003 4904 2182 4958 Coisl.
2211 4903 2476 4958 secundo
2501 4906 2791 4975 παρέμεινε.

1989 4975 2098 5062 ς
2139 4974 2391 5062 Ἀρχαίᾳ.
2416 4970 2591 5062 066Ξί
2614 4970 2685 5029 ea
2713 4988 2831 5062 vei;
2857 4973 2920 5028 in
2949 4970 3311 5062 Cpisliniano
3332 4971 3556 5062 primo.

1989 5048 2098 5114 (13)
2140 5043 2270 5119 Πὰρ⁹
2296 5043 2467 5119 ἡμῶνΖ
2526 5044 2874 5119 ξιξωροξὶιὶο
2930 5043 3145 5119 addita
3186 5059 3259 5099 ex
3306 5043 3568 5119 quatuor

1918 5131 2065 5173 mss.
2102 5114 2319 5187 nempe
2334 5114 2531 5187 Med,
2553 5114 2709 5181 Vat},
2738 5118 2879 5187 Reg.
2921 5115 3190 5171 secundo
3221 5118 3278 5170 et
3308 5114 3563 5187 Claro‘m.

1990 5187 2103 5257 (14)
2144 5184 2407 5259 meast».
2440 5186 2607 5244 Coisl.
2655 5184 2957 5245 secundus
2986 5192 3046 5244 et
3076 5190 3211 5257 Reg.
3263 5184 3566 5241 secundus

1919 5262 1977 5314 et
2000 5259 2237 5315 Clarom
2263 5258 2491 5329 ἑταῖρον.

1989 5326 2570 5404 (15)]-επεςὲιίξζωκ1ῐο
2609 5329 2780 5387 Coisl.
2813 5335 3061 5404 uterque
3099 5335 3155 5387 et
3184 5333 3323 5399 Reg.
3357 5342 3568 5385 secun-

1918 5398 2060 5459 dus.
2088 5402 2238 5457 Editi
2258 5398 2534 5465 ἀπεδείξω.

1991 5472 2031 5597 :1
2037 5471 2215 5597 gilius
2244 5474 2545 5531 CCCCXVI.
2560 5472 2790 5546 Scripta
2811 5473 3023 5531 eodem
3044 5476 3312 5545 tempore
3334 5488 3404 5529 ac
3425 5487 3569 5545 pra—

1922 5557 2165 5600 cedens.

1994 5616 2037 5637 “
2075 5614 2237 5673 Alias
2268 5616 2517 5675 CCXVII.
2565 5616 2794 5688 Scripta
2823 5614 3038 5674 eodem
3062 5618 3355 5689 tempore.
