4074 6220
262 357 403 415 1013

1167 352 1658 415 EPISTOLARUM
1698 354 1983 415 CLASSIS
2019 359 2090 416 II.
2128 358 2347 418 EPIST.
2385 359 2725 417 CCLXXVII.

3536 6 3829 13 ρ-η-ο-ηο-η-π
3850 8 3907 15 τέ-

3501 359 3643 417 1014-

260 484 385 555 περὶ
426 489 523 543 τῆς
582 486 895 555 σεμνότητός
937 503 1052 553 σου,
1111 485 1202 535 καὶ
1250 479 1518 539 ὶνεποίησέ
1572 501 1664 554 μοι
1711 485 1872 535 πόθον

1981 482 2061 539 ad
2090 487 2260 539 tuam
2289 483 2645 553 gravitatem
2677 485 2969 556 spectant,
2986 481 3251 554 mihique
3270 482 3477 554 injecit
3491 483 3646 540 desi-

260 579 361 631 τῆς
421 579 516 631 σῆς
577 578 888 645 συντυχίας,
957 574 1182 647 ἐναργῶς
1243 571 1354 642 (24)
1415 573 1725 645 ὑπογράφων
1800 580 1874 643 τῷ

260 658 401 730 λόγῳ
441 669 535 721 τῆς
590 661 771 734 ψυχῆς
830 682 924 715 σου
976 666 1063 714 τόν
1099 669 1419 735 χαρακτῆρα
1443 676 1455 689 ⁸
1497 665 1587 711 καὶ
1624 668 1873 713 τοσοῦτον

258 746 510 810 ἐξέκαυσέ
556 770 646 823 μοι
700 755 759 803 τὸ
816 756 935 825 περὶ
971 752 1029 803 σε
1077 750 1307 825 φίλτρον,
1357 749 1505 816 ὥστ’,
1556 748 1601 801 εἰ
1645 750 1758 821 (‘25)
1804 754 1875 822 μὴ

253 842 354 890 καὶ
388 846 460 909 τῷ
502 845 645 915 γήρᾳ
685 839 1030 916 Καρυνόμην,
1074 843 1167 891 καί
1203 847 1266 912 τῇ
1320 842 1589 912 συντρόφῳ
1626 842 1871 910 κατειχό-

254 940 367 1000 μην
434 926 691 1001 ἀσθενείᾳ,
757 933 849 982 καὶ
903 932 1122 1004 μυρίαις
1169 936 1283 990 ταῖς
1330 930 1467 980 κατὰ
1516 932 1611 987 τὴν
1651 926 1874 984 Ἐκκλη-

255 1020 386 1069 σίαν
441 1022 708 1092 φροντίσιν
756 1022 899 1090 ἤμην
948 1014 1327 1090 πεπεδημένος,
1358 1013 1509 1070 οὐδεν
1538 1015 1598 1069 ἄν
1638 1034 1702 1089 με
1739 1035 1873 1069 κατ-

252 1109 421 1177 έσχεν
461 1106 618 1159 αὐτὸν
673 1109 915 1179 γενίσθαι
968 1109 1114 1180 παρὰ
1167 1110 1249 1162 σί.
1309 1110 1409 1160 Καὶ
1446 1108 1547 1179 γὰρ
1588 1104 1647 1159 οὐ
1685 1108 1871 1179 μικρὸν

247 1200 336 1265 τῷ
392 1196 502 1247 ὄντι
550 1193 760 1270 κέρδος,
811 1194 865 1259 ἐξ
894 1195 1071 1256 ,οἰκίας
1113 1195 1343 1268 μεγάλης
1390 1198 1478 1246 καὶ
1514 1197 1688 1265 γένους
1724 1213 1871 1268 περι-

246 1292 455 1356 φανοῦς
510 1288 638 1360 πρὸς
684 1289 769 1338 τὸν
826 1285 1158 1358 εὐαγγελικὼ
1211 1285 1324 1357 (26)
1363 1286 1693 1357 μεταστάντα
1730 1282 1867 1356 βίον,

243 1373 561 1444 χαλινῶσαι
590 1377 680 1447 μὲν
712 1374 950 1449 λογισμῷ
977 1379 1073 1434 τὴν
1114 1379 1348 1440 νεότητα,
1391 1375 1454 1425 τὸ
1495 1368 1553 1425 δὲ
1604 1380 1700 1434 τῆς
1740 1391 1869 1443 σαρ-

240 1465 352 1523 κὸς
400 1464 542 1521 πάθη
599 1459 764 1515 δοῦλα
810 1471 882 1533 τῷ
937 1464 1073 1535 λόγω
1100 1465 1211 1534 (27)
1242 1470 1464 1521 ποιῆσαι
1489 1500 1501 1511 .
1539 1477 1869 1535 ταπεινοφρο-

242 1553 392 1625 σύνῃ
455 1548 513 1604 δι
566 1555 891 1627 κεχρῆσθαι,
942 1560 1004 1625 τῇ
1061 1552 1355 1625 ὀφειλομένῃ
1389 1559 1870 1625 Χριστιανῷ,φρο-

240 1648 436 1692 νοῦντι
482 1645 602 1716 περὶ
652 1642 861 1708 ἑαυτοῦ,
907 1641 993 1694 οἷα
1040 1642 1195 1711 εἰκὸς,
1245 1643 1358 1694 ὅθεν
1396 1643 1507 1713 ἔφυ,
1547 1644 1638 1691 καὶ
1676 1639 1729 1691 οἶ
1763 1637 1872 1708 (28)

241 1733 565 1805 πορεύεται.
630 1729 689 1785 Ἦ
740 1733 843 1805 γὰρ
890 1738 983 1791 τῆς
1044 1733 1240 1802 φύσεως
1308 1732 1474 1782 ἔννοια
1536 1726 1870 1781 καταστέλλει

1982 571 2216 627 derium
2269 574 2351 629 tui
2398 588 2783 644 congressus,
2816 572 2973 628 clare
3001 571 3336 644 depingens
3372 573 3643 629 oratione

1983 662 2168 717 animi
2198 662 2282 717 tui
2314 660 2573 731 efﬁgiem
2599 680 2612 730 ;
2672 678 2743 718 ac
2773 666 3008 718 tantum
3037 661 3099 716 in
3129 677 3226 716 me
3256 662 3339 716 tui
3370 676 3643 718 amorem

1983 750 2249 807 incendit
2281 755 2365 815 ut,
2408 750 2521 806 nisi
2550 755 2605 806 et
2642 751 2810 806 senio
2840 764 3139 821 gravarer,
3173 754 3231 804 et
3259 766 3497 806 mecum
3527 766 3642 806 nu-

1983 838 2121 896 trita
2152 838 2449 895 detinerer
2475 838 2841 904 inﬁrmitate,
2885 842 2943 894 et
2983 838 3317 894 innumeris
3365 838 3640 896 Ecclesia

1982 929 2142 984 curis
2173 928 2525 984 constrictus
2549 944 2765 996 essem,
2804 927 2953 984 nihil
2980 927 3270 983 remorari
3292 942 3390 983 me
3415 932 3638 1001 posset,

1981 1018 2311 1089 quominus
2333 1021 2392 1073 te
2416 1016 2821 1073 convenirem.
2850 1020 3052 1089 Neque
3082 1015 3243 1072 enim
3270 1030 3528 1088 parvum
3547 1031 3640 1074 re-

1979 1121 2121 1162 vera
2139 1106 2377 1161 lucrum
2393 1111 2505 1176 est,
2520 1122 2593 1162 ex
2622 1106 2826 1178 ampla
2845 1104 3077 1161 familia
3106 1108 3164 1161 et
3192 1104 3405 1161 illustri
3421 1119 3640 1175 genere

1980 1195 2061 1251 ad
2084 1194 2495 1264 evangelicam
2512 1194 2872 1251 translatum
2883 1192 3394 1265 vitam,refrenare
3409 1193 3639 1250 ratione

1975 1283 2369 1354 juventutem,
2412 1283 2731 1355 carnisque
2767 1282 3047 1338 libidines
3088 1282 3338 1339 rationis
3382 1281 3636 1354 imperio

1978 1371 2291 1440 subiicere,
2335 1378 2391 1427 et
2422 1371 2823 1427 humilitatem
2862 1371 3143 1441 amplecti
3161 1375 3636 1426 consentaneam

1977 1461 2334 1529 Christiano,
2365 1461 2439 1516 de
2461 1461 2682 1533 seipso,
2710 1465 2772 1516 ut
2803 1476 2915 1532 par
2933 1465 3043 1526 est,
3065 1459 3227 1515 unde
3258 1458 3477 1515 scilicet
3497 1476 3636 1531 pro-

1975 1550 2171 1615 dierit,
2212 1556 2269 1606 et
2303 1566 2427 1623 quo
2457 1550 2730 1606 abiturus
2771 1550 2866 1620 sit,
2896 1548 3193 1605 sentienti.
3225 1550 3375 1604 Nam
3400 1554 3633 1604 naturae

1975 1640 2377 1696 consideratio
2405 1639 2673 1712 reprimit
2716 1638 2902 1694 animi
2943 1642 3266 1704 tumorem,
3296 1641 3357 1693 et
3385 1652 3633 1693 omnem

1969 1730 2327 1800 jactantiam
2367 1745 2438 1784 ac
2475 1728 2925 1784 contumaciam
2965 1726 3351 1793 exterminat;
3398 1741 3469 1782 ac
3507 1741 3633 1783 uno

237 1822 348 1891 μεν
404 1827 495 1879 τῆς
536 1819 723 1891 ψυχῆς
763 1823 823 1872 τό
866 1820 1194 1892 φλεγμαῖνον,
1237 1817 1539 1880 ἀλαζονείαν
1595 1813 1654 1871 δὴ
1692 1823 1868 1870 πᾶσαν

1975 1818 2184 1884 verbo,
2222 1818 2587 1891 discipulum
2627 1815 2932 1873 constituit
2970 1815 3228 1884 Domini,
3275 1814 3383 1888 qui
3435 1814 3629 1871 dixit:

237 1911 344 1959 καὶ
395 1905 679 1961 αὐθάδειαν
724 1910 1054 1984 ὑπερορίζει.
1096 1912 1186 1961 καὶ
1228 1912 1288 1961 τὸ
1326 1908 1461 1972 ὅλον,
1504 1908 1746 1981 μαθητὴν
1774 1912 1868 1958 τοῦ

236 2001 455 2071 κυρίου
501 1999 816 2067 καθίστησι,
867 2004 958 2050 τοῦ
1007 1997 1276 2058 εἰπόντος·
1331 1999 1536 2050 Μάθετε
1585 1995 1676 2049 ἀπ’
1719 1994 1867 2068 ἆμοῦ,

238 2086 343 2137 ὅτι
405 2090 571 2159 πρᾶός
633 2086 739 2160 εἰμι
789 2086 880 2137 καὶ
928 2088 1169 2147 ταπεινὸς
1222 2092 1285 2158 τῇ
1340 2081 1559 2160 καρδίᾳ.
1615 2091 1699 2137 Τῶ
1760 2087 1869 2136 ὄντι

238 2176 383 2247 Ἷὰρ,
452 2173 661 2247 φίλτατε
724 2171 954 2244 παίδων,
1022 2180 1175 2248 μόνον
1255 2170 1712 2247 περισπούδαστον
1778 2181 1869 2230 καὶ

244 2263 518 2316 ἇπαινετόν
563 2266 622 2315 τὸ
680 2259 888 2337 διαρκὲς
935 2263 1145 2335 ἀγαθον.
1183 2270 1348 2317 Τοῦτο
1393 2260 1453 2316 δέ
1492 2262 1631 2315 ἔστιν
1662 2265 1691 2321 ἠ
1724 2266 1870 2337 παρὰ

250 2360 396 2405 Θεοῦ
435 2357 584 2424 τιμή.
626 2355 704 2405 Τὰ
743 2349 802 2406 δι
847 2352 1144 2427 ἀνθρώπινα
1192 2360 1359 2405 ταῦτα
1391 2359 1539 2413 σκιᾶς
1568 2351 1705 2405 ἐστιν
1739 2350 1869 2426 ἀμυ-

253 2437 506 2516 δρότερα,
564 2446 655 2493 καὶ
706 2441 913 2517 ὀνείρων
970 2441 1352 2517 ἅπατηλὸτερα.
1406 2441 1471 2496 'll
1529 2461 1584 2495 τε
1618 2444 1719 2517 γὰρ
1758 2447 1868 2496 νεό-

246 2550 358 2592 της
403 2539 503 2581 τῶν
552 2531 741 2605 ἠρινῶν
792 2530 979 2585 ἀνθέων
1031 2532 1269 2607 ὀξύτερον
1318 2531 1583 2606 καταρῥεί,
1636 2537 1725 2584 καὶ
1758 2533 1870 2605 ὥρα

247 2624 504 2691 σώματος
547 2624 576 2678 ἤ
622 2624 759 2691 νόσῳ
804 2624 834 2679 ἦ
874 2625 1049 2696 χρόνῳ
1086 2626 1531 2695 καταμαραίνεται
1576 2621 1713 2687 (29).
1768 2626 1869 2676 Καὶ

248 2708 480 2771 πλοῦτος
527 2712 618 2781 μεν
664 2711 910 2779 ἄπιστος,
964 2708 1095 2774 δόξα
1145 2709 1205 2765 δι
1255 2712 1664 2786 εὐπερίτρεπτος·
1718 2711 1785 2764 Δί
1816 2729 1870 2765 τε

236 2817 368 2872 περι
397 2802 490 2861 τὰς
528 2803 721 2871 τέχνας
754 2796 1095 2862 διαπονήσεις
1134 2809 1205 2873 τῷ
1249 2804 1428 2875 χρόνῳ
1467 2802 1636 2870 τούτῳ
1668 2818 1867 2852 συναπ-

235 2889 577 2961 αρτίζονται.
621 2886 784 2940 Ἀλλὰ
842 2894 932 2941 καὶ
983 2893 1041 2942 τὸ
1100 2885 1563 2965 περισπούδαστον
1644 2887 1863 2957 ἅπασιν,

228 2979 291 3043 οἱ
345 2976 490 3047 λόγοι
533 2978 669 3052 οἷχρι
715 2986 813 3038 τῆς
861 2976 1020 3040 ἀκοῆς
1062 2980 1225 3051 χάριν
1275 2980 1515 3049 ἔχουσιν.
1552 2978 1767 3051 ’Δρετῆς
1807 2973 1867 3030 δὲ

243 3070 489 3128 ἄσκησις
550 3070 721 3139 τίμιον
787 3069 877 3139 μὲν
939 3076 1117 3140 κτῆμα
1165 3077 1235 3139 τῷ
1300 3071 1500 3140 ἔχοντι,
1532 3064 1754 3126 ἥδιστον
1807 3062 1867 3119 δέ

1975 1909 2198 1964 Discite
2222 1922 2259 1963 a
2286 1923 2377 1963 me
2404 1909 2547 1977 quia
2564 1908 2726 1963 mitis
2746 1921 2876 1962 sum
2895 1910 2950 1962 et
2969 1904 3214 1960 humili:
3242 1904 3412 1961 corde
3424 1906 3492 1957 ⁸³.
3522 1907 3635 1961 Re-

1975 2011 2120 2053 vera
2148 1997 2330 2063 enim,
2360 1996 2445 2052 ﬁli
2474 1996 2848 2063 charissime,
2889 2008 3080 2050 unum
3112 1999 3202 2050 est
3228 1992 3636 2066 expetendum

1978 2091 2036 2143 et
2068 2085 2392 2148 laudabile,
2422 2091 2712 2142 aeternum
2741 2084 3013 2150 bonum;
3046 2083 3223 2156 422
3268 2083 3384 2139 hoc
3432 2088 3637 2139 autem

1977 2179 2086 2243 est,
2123 2175 2185 2230 in
2214 2174 2405 2247 pretio
2452 2180 2511 2231 et
2557 2174 2786 2230 honore
2816 2189 2944 2229 esse
2991 2173 3158 2245 apud
3189 2176 3399 2230 Deum.
3430 2176 3501 2228 At
3529 2172 3640 2228 hu-

1976 2280 2163 2320 mana
2191 2264 2320 2319 haec
2352 2264 2623 2319 tenuiora
2662 2267 2802 2317 sunt
2837 2261 3077 2328 umbra,
3108 2266 3166 2317 et
3197 2261 3447 2317 somniis
3476 2260 3643 2317 falla-

1976 2354 2159 2410 ciora.
2186 2355 2473 2409 Iuventus
2499 2353 2663 2409 enim
2688 2352 2891 2407 vernis
2919 2350 3172 2407 ﬂoribus
3211 2351 3382 2406 citius
3406 2349 3641 2410 deﬂuit,

1977 2448 2033 2500 et
2054 2444 2324 2516 corporis
2360 2448 2651 2499 venustas
2680 2446 2787 2499 aut
2828 2442 3044 2498 morbo
3067 2445 3172 2497 aut
3199 2444 3470 2512 tempore
3501 2441 3645 2496 ﬂac-

1977 2532 2177 2591 cescit.
2207 2536 2399 2605 Atque
2446 2532 2670 2588 divitiae
2712 2529 2962 2604 quidem
3000 2529 3205 2585 inﬁda;
3233 2533 3376 2586 sunt
3406 2545 3420 2583 :
3450 2528 3645 2599 gloria

1976 2638 2115 2677 vero
2136 2620 2309 2676 facile
2325 2620 2655 2676 mutabilis.
2686 2624 2823 2692 Ipsa
2842 2620 3025 2675 etiam
3046 2618 3266 2675 artium
3296 2618 3495 2675 studia
3521 2618 3644 2674 hu-

1970 2712 2071 2783 jus
2099 2710 2209 2766 eavi
2231 2709 2453 2766 ﬁnibus
2482 2708 3009 2766 continentur.Sed
3029 2712 3088 2764 et
3115 2707 3478 2781 eloquentia,
3502 2722 3641 2779 quas

1975 2799 2173 2856 studio
2194 2799 2382 2869 digna
2410 2797 2696 2853 omnibus
2726 2796 2980 2860 videtur,
3007 2795 3258 2853 auribus
3294 2802 3467 2851 tenus
3498 2810 3642 2867 gra-

1976 2888 2119 2945 tiam
2149 2887 2395 2945 obtinet.
2428 2886 2544 2944 Sed
2586 2886 2819 2941 virtutis
2865 2883 3209 2941 exercitatio
3256 2884 3521 2956 pretiosa
3549 2883 3642 2939 est

1973 2977 2222 3033 habenti
2261 2976 2586 3049 possessio,
2620 2973 3030 3046 spectaculum
3072 2972 3527 3029 occurrentibus
3544 2973 3640 3043 ju-

1976 3068 2440 3123 cundissimum.
2466 3065 2564 3121 His
2594 3065 2861 3120 studium
2882 3062 3261 3135 impendens,
3283 3061 3537 3133 dignum
3554 3066 3637 3119 te-

241 3159 522 3229 θεαμάτων
596 3157 711 3227 (30)
778 3163 883 3218 τοῖς
943 3156 1371 3229 ἐντυγχάνουσιν,
1436 3158 1532 3209 Ὧν
1584 3156 1858 3229 ἐπιμελού-

1973 3155 2172 3228 ipsum
2202 3154 2519 3228 praestabis
2540 3152 2853 3226 promissis
2882 3168 2919 3208 a
2940 3151 3193 3207 Domino
3212 3151 3415 3207 bonis.
3458 3153 3635 3207 Cete-

234 3266 412 3319 μενος,
473 3246 618 3309 ἄξιον
677 3250 896 3299 σεαυτὸν
945 3252 1295 3309 καταστήσεις
1354 3256 1454 3299 τῶν
1527 3246 1578 3299 ἐν
1640 3245 1858 3317 ἐπαγγε-

236 3335 385 3395 λίαις
450 3333 801 3407 ἀποκειμένων
846 3338 991 3410 παρὰ
1039 3344 1131 3388 τοῦ
1192 3340 1386 3409 Κυρίου
1458 3333 1685 3407 ἀγαθῶν.
1748 3340 1859 3388 Τίνι

244 3421 299 3476 δ’
360 3426 420 3476 ἄν
454 3430 629 3498 τρόπῳ
678 3424 842 3485 ἔλθοις
906 3428 1037 3498 πρὸς
1088 3429 1180 3483 τὴν
1236 3433 1337 3477 τῶν
1379 3424 1546 3477 καλῶν
1600 3423 1856 3494 ἀνάληψιν

246 3517 344 3565 καὶ
390 3515 518 3574 ὅπως
569 3515 632 3566 ἄν
684 3517 750 3566 τὰ
795 3516 1051 3571 κτηθέντα
1095 3510 1394 3566 διασώσαιο
1424 3516 1561 3582 (31),
1608 3518 1858 3586 μακρότε-

242 3623 344 3678 ρον
401 3602 552 3656 εἰπεῖν
604 3604 633 3663 ἦ
686 3606 822 3656 κατὰ
858 3608 951 3661 τὴν
999 3610 1268 3675 παροῦσαν
1312 3604 1477 3675 ὁρμὴν
1527 3599 1621 3655 τοῦ
1675 3602 1849 3673 λόγου.

241 3692 469 3750 Ἐπῆλθε
524 3690 575 3746 δ’
614 3690 702 3745 οὖν
746 3692 859 3764 ἐμοὶ
906 3698 995 3745 καὶ
1026 3692 1156 3745 αὐτὰ
1190 3695 1355 3745 ταῦτα
1384 3696 1495 3763 (32)
1539 3711 1623 3745 σοι
1662 3711 1854 3764 ποροσυ

238 3782 588 3854 φοεγξασθαι,
641 3781 695 3844 ἐξ
736 3783 802 3833 ὧν
863 3786 1068 3839 ἤκουσα
1121 3784 1264 3854 παρὰ
1298 3789 1391 3833 τοῦ
1445 3778 1672 3853 ἀδελφοῦ
1717 3788 1850 3833 Θεο-

235 3876 425 3923 τέκνου
448 3888 462 3900 ’
526 3872 582 3923 ὃν
620 3872 839 3923 πάντοτε
874 3872 965 3942 μὲν
997 3873 1227 3942 εὔχομαι
1268 3868 1552 3938 ἀληθεύειν,
1617 3868 1848 3942 μάλιστα

228 3958 297 4013 δι
347 3958 397 4011 ἐν
457 3967 569 4019 τοῖς
613 3963 731 4033 περὶ
775 3966 871 4012 σοῦ
911 3958 1105 4030 λόγοις,
1152 3961 1234 4011 ἵνα
1273 3958 1422 4012 πλέον
1453 3955 1742 4022 δοξάζηται
1761 3957 1845 4011 ἐπὶ

228 4054 327 4103 σοι
368 4050 395 4100 ὁ
444 4051 653 4121 Κύριος,
701 4046 803 4101 ἀπὸ
839 4050 991 4124 ῥίζης
1038 4046 1311 4122 ἀλλοτρίας
1336 4054 1447 4113 τοῖς
1474 4048 1844 4121 πολυτιμήτοις

225 4146 464 4213 καρποῖς
486 4145 550 4195 τῆ
564 4158 585 4199 ς
611 4135 871 4200 εὐσεϐείας
902 4135 1134 4211 βρύοντι,

305 4283 355 4317 ⁸⁸
383 4280 581 4337 Matth.
611 4296 685 4352 χι,
718 4283 807 4335 29.

223 4465 362 4519 Vat.
394 4464 451 4516 et
480 4462 617 4531 Reg.
652 4458 937 4515 secundo.
965 4457 1183 4531 Regius
1216 4457 1450 4531 primus
1482 4456 1541 4515 et
1574 4458 1715 4515 editi
1760 4468 1833 4531 τῷ

228 4534 399 4602 αὐτῷ,
452 4530 511 4586 id
547 4528 654 4603 est,
704 4531 955 4603 Maximo
1004 4528 1386 4603 philosopho,
1419 4532 1513 4585 cui
1546 4528 1833 4603 inscripta
1871 4529 1916 4584 D

227 4610 366 4661 erat
395 4602 645 4673 epistola
671 4601 819 4674 alias
837 4602 1113 4663 H.istam
1144 4601 1487 4674 praecedens
1502 4603 1563 4657 in
1584 4601 1831 4674 antiquo

224 4672 569 4734 litterarum
616 4672 844 4727 ordine.
904 4675 1230 4743 Utrumque
1273 4672 1591 4727 Maximum
1631 4672 1833 4728 distin-

228 4744 548 4819 guendum
570 4759 701 4797 esse
730 4742 1078 4819 ostendetur
1106 4742 1167 4798 in
1210 4744 1341 4798 Vita
1352 4745 1429 4819 δε
1444 4745 1697 4819 βαείίὶί.

309 4820 424 4883 (24)
458 4816 735 4887 Ἐναργῶς.
770 4814 862 4869 Sic
884 4830 1029 4869 mss.
1062 4819 1318 4887 septem.
1352 4814 1503 4870 Editi
1531 4823 1727 4887 σαφῶς.

307 4889 421 4965 (2-5)
458 4884 932 4965 remugiat:
978 4884 1211 4965 dar",'ei.
1256 4886 1348 4965 Sic
1396 4891 1513 4965 tres
1556 4884 1835 4965 vetustis-

230 4960 373 5016 simi
398 4958 657 5015 codices.
684 4956 833 5012 Editi
850 4956 1091 5019 ἐξέκαυσε
1112 4974 1277 5013 μου...
1296 4958 1382 5016 ὡς.
1404 4956 1637 5011 Habent
1657 4956 1834 5012 etiam

230 5030 411 5090 Cois].
447 5028 747 5084 secundus
774 5034 830 5083 et
856 5031 994 5097 Reg.
1018 5027 1319 5099 secundus
1333 5028 1592 5099 _éEéxauas’
1618 5048 1728 5099 μοι.

309 5104 427 5169 (26)
467 5100 831 5171 Εὐαγγελικόν.
874 5104 956 5153 Ita
982 5098 1169 5171 μοι-1.,
1194 5097 1369 5155 Coisl.
1404 5097 1837 5171 uterque,Med.

232 5180 294 5231 et
322 5178 470 5239 Reg.
501 5168 823 5227 secundus.
852 5171 999 5225 Editi
1026 5168 1314 5242 ᾁγγελικόν.

308 5250 424 5309 427)
461 5251 545 5311 Τῷ
591 5242 749 5313 λόγῳ.
794 5245 875 5297 Ita
918 5240 1108 5309 Harl.,
1132 5240 1307 5297 Coisl.
1336 5242 1568 5314 primus
1592 5245 1651 5298 et
1676 5241 1830 5298 Med.

238 5317 390 5374 Editi
418 5325 488 5384 τῷ
513 5314 770 5385 λογισμῷ.

313 5387 441 5469 (28).
460 5382 676 5469 βάἶοῖζ
690 5384 970 5469 V'oculam
990 5384 1321 5469 secundam
1340 5382 1623 5469 addimus
1643 5400 1715 5440 ex
1735 5400 1839 5469 sex

241 5476 391 5515 mss.
405 5456 631 5514 ibidem
648 5456 900 5528 quidam
922 5456 1159 5512 codices
1174 5459 1633 5528 πορεύσεται,ΝοΙ]
1658 5456 1844 5528 multo

242 5535 383 5607 post
405 5528 549 5587 editi
586 5526 831 5600 μαθητήν
860 5535 951 5580 τοῦ
981 5526 1249 5601 Χριστοῦ(
1284 5530 1420 5585 Tres
1460 5526 1847 5585 vetustissimi

1878 5685 1929 5701 οη

1968 3259 2106 3301 rum
2128 3243 2440 3317 quomodo
2457 3243 2536 3299 ad
2557 3242 2925 3315 optimarum
2941 3256 3144 3296 rerum
3165 3240 3632 3313 acquisitionem

1966 3331 2684 3406 pertingas,etquomodo
2701 3330 3027 3403 acquisitas
3044 3328 3630 3399 conserves,longius

1966 3428 2055 3480 est
2081 3423 2300 3492 dicere,
2334 3438 2523 3495 quam
2547 3437 2658 3493 pro
2686 3420 2966 3494 praesenti
2986 3418 3282 3474 sermonis
3309 3418 3577 3474 instituto
3608 3435 3626 3474 :

1964 3513 2073 3569 sed
2102 3518 2306 3569 tamen
2352 3512 2512 3567 venit
2554 3510 2703 3567 mihi
2758 3510 2821 3566 in
2870 3516 3155 3576 mentem,
3186 3509 3316 3564 haec
3345 3509 3481 3579 ipsa
3519 3508 3625 3565 tibi

1961 3603 2181 3669 dicere,
2202 3601 2284 3658 ob
2305 3616 2377 3657 ea
2400 3617 2537 3673 quas
2556 3616 2592 3656 a
2608 3599 2786 3655 fratre
2816 3599 3151 3655 Theotecno
3181 3596 3413 3662 audivi;
3437 3613 3624 3669 quem

1961 3706 2204 3764 semper
2221 3690 2470 3762 quidem
2490 3688 2749 3761 optarim
2764 3703 2976 3744 verum
2994 3686 3180 3759 loqui,
3194 3686 3457 3742 maxime
3472 3702 3615 3745 vero

1958 3795 2099 3836 cum
2119 3780 2194 3834 de
2224 3783 2281 3834 te
2307 3793 2645 3834 sermonem
2674 3776 2876 3843 habet,
2900 3781 2962 3832 ut
2982 3775 3227 3831 uberius
3249 3773 3614 3845 gloriﬁcetur

1954 3869 2017 3924 in
2046 3873 2101 3923 te
2127 3868 2439 3934 Dominus,
2470 3865 2921 3939 pretiosissimis
2948 3864 3186 3937 pietatis
3214 3862 3508 3921 fructibus
3535 3880 3611 3921 ex

1950 3957 2151 4015 radice
2175 3956 2375 4013 aliena
2402 3953 2765 4014 abundanti.

2792 4316 2825 4340 ἢ

1943 4477 2183 4535 codices
2211 4479 2269 4532 et
2296 4479 2437 4546 Reg.
2460 4476 2762 4532 secundus
2785 4478 2853 4546 ut
2873 4475 2935 4531 in
2963 4475 3144 4529 textu.

2017 4552 2131 4630 (29)
2157 4541 2645 4630 ‘Farapapaivsrett.
2671 4545 2824 4627 Harl.
2856 4547 3279 4630 ἇξπομαραίνεται.
3328 4541 3598 4607 Quatuor

1942 4618 2041 4676 alii
2063 4619 2303 4674 codices
2322 4618 2458 4674 mm
2486 4618 2887 4689 antiquissimi
2912 4620 3237 4689 μαραίνεται.

2013 4670 2607 4772 {artissimum
2624 4670 3016 4772 ῖιεςιξράιεί.
3049 4687 3361 4772 ρι’ἱωιιερῑ
3390 4684 3596 4768 plures

1943 4758 2064 4817 alii.
2109 4758 2239 4816 'Vat.
2278 4758 2578 4831 ’θαυμάτων
2629 4761 2993 4831 miraculum
3048 4758 3592 4831 jucundissﬁimum.

1943 4833 2095 4888 Edili
2126 4834 2310 4913 9005014.
2344 4830 2572 4913 Ibidem
2602 4830 2743 4913 editi
2789 4831 2855 4913 ἧς
2896 4830 3307 4913 impendium}.
3356 4830 3596 4913 S‘eptem

1944 4918 2091 4958 mss.
2115 4908 2181 4957 ut
2207 4899 2268 4957 in
2294 4907 2476 4957 textu.
2506 4900 2702 4972 Paulo,
2724 4905 2862 4972 post
2897 4899 3102 4957 iisdem
3131 4899 3260 4956 freti
3283 4899 3596 4972 codicibus

1944 4974 2313 5046 mutavimus
2336 4972 2505 5045 quod
2530 4977 2656 5029 erat
2692 4970 2753 5027 in
2792 4972 2968 5028 editis
3001 4975 3145 5046 παρὰ
3191 4976 3317 5025 Θεοῦ
3365 4970 3592 5043 ἀγαθῶν,

1944 5049 2003 5097 τὸ
2031 5042 2108 5113 δὲ,
2144 5050 2276 5112 ποίῳ
2304 5042 2433 5098 ἄν’...
2464 5049 2553 5097 καὶ
2582 5052 2705 5104 πῶς.

2017 5117 2131 5187 (31)
2171 5124 2494 5187 Διασώσαιο.
2550 5115 2803 5187 Ιιειίῐτεβ
2881 5114 3268 5172 vetustissimi
3330 5112 3594 5172 codices.

1945 5184 2091 5242 Tres
2116 5188 2213 5243 alii
2239 5184 2552 5243 διασώσοιό.
2586 5186 2733 5243 Editi
2764 5184 3068 5251 ὃιασώσεις.

2018 5260 2131 5328 (3'2)
2170 5258 2313 5311 Αὐτά
2341 5268 2525 5313 ταῦτα.
2562 5262 2644 5314 Ita
2685 5275 2833 5314 mss.
2871 5276 2994 5315 sex.
3044 5259 3361 5328 Vaticanus
3407 5252 3599 5309 codex

1951 5327 2119 5381 αὐτοῦ
2163 5338 2348 5385 ταῦτα.
2389 5330 2687 5386 Editiones
2718 5331 2951 5398 Hagan.
2991 5335 3049 5385 et
3097 5327 3267 5383 Basil.
3291 5334 3385 5398 τοῦΔ
3411 5333 3599 5398 ταυτα.

1950 5401 2135 5458 Paris.
2165 5402 2364 5474 prima
2408 5405 2473 5454 τὰ
2501 5410 2689 5456 ταῦτα.
2731 5396 2930 5458 Altera
2974 5416 3115 5456 cum
3162 5396 3604 5474 antiquioribus

1952 5473 2264 5530 consentit.
