4074 6220
564 281 700 343 1015

1007 412 1347 471 EPISTOLA
1386 412 1770 474 CCLXXVIII‘.

1968 293 2023 349 S.
2065 292 2315 350 BASlLll
2351 292 2578 351 MAGNI

3716 307 3817 361 1016

2852 425 3191 473 ΕΠΙΣΤΟΛΙΙ
3223 421 3383 473 ΣΟΗ’.

836 534 981 592 Cum
1002 550 1155 607 saepe
1186 538 1496 596 Valeriani
1510 540 1759 597 videndi
1775 556 1902 611 spes
1920 542 2217 623 Basiliam
2235 542 2545 668 frustrata
2568 546 2734 609 esset,
2760 549 2936 613 rogat
2960 559 3093 600 eum
3110 560 3224 614 per
3252 546 3469 600 litteras
3490 554 3543 599 ut
3564 546 3633 600 ad

1857 628 1917 668 se
1942 629 2144 668 venire
2171 630 2291 668 non
2324 628 2507 668 orave
2539 630 2633 668 ur.

1857 628 1917 670 88
1942 629 2144 671 ventre
2171 630 2291 669 non
2321 628 2633 683 gravetur.

1215 707 1558 765 Valeriano.

628 792 812 848 Tuam
846 806 957 863 ego
989 792 1386 865 nobilitatem,
1408 797 1588 853 etiam
1609 797 1671 853 in
1702 797 2058 870 Orphanene
2080 815 2218 855 cum

558 894 774 947 essem,
797 882 1118 953 cupiebam
1140 884 1367 941 videre.
1404 886 1736 958 Sperabam
1758 888 1919 943 enim
1944 893 1996 943 te
2020 890 2220 945 Corsa‘

560 969 749 1038 gaenis
787 976 1144 1040 versantem,
1174 971 1430 1030 libenter
1458 974 1536 1030 ad
1565 991 1677 1031 nos
1710 991 2115 1042 accessurum,
2170 976 2219 1032 si

560 1062 928 1114 conventum
974 1058 1037 1115 in
1091 1061 1418 1131 Attagaenis
1458 1062 1918 1120 celebraremus.
1962 1070 2031 1121 At
2078 1082 2218 1121 cum

560 1146 725 1202 hunc
753 1153 1117 1204 conventum
1146 1165 1269 1206 non
1294 1150 1632 1219 habuerim,
1665 1152 1727 1209 in
1766 1158 1970 1210 monte
2015 1154 2216 1210 videre

562 1239 618 1291 te
639 1235 1024 1307 exoptabam.
1054 1240 1277 1294 Rursus
1320 1240 1479 1296 enim
1523 1241 1619 1297 hic
1650 1244 1895 1311 Evesus,
1923 1259 2062 1299 cum
2093 1259 2218 1300 non

561 1322 742 1393 longe
775 1324 951 1391 absit,
980 1342 1151 1399 spem
1185 1342 1546 1397 congressus
1579 1331 1861 1400 augebat.
1915 1332 2030 1388 Sed
2077 1349 2217 1390 cum

563 1416 843 1469 neutrum
872 1414 931 1470 in
956 1414 1160 1471 locum
1186 1418 1475 1485 venerim,
1498 1418 1756 1475 scribere
1774 1420 2019 1489 institui,
2047 1427 2111 1477 ut
2139 1422 2218 1478 ad

564 1516 663 1557 me
691 1502 956 1572 digneris
986 1503 1305 1575 proﬁcisci,
1332 1522 1472 1562 cum
1514 1523 1642 1564 rem
1682 1526 1921 1581 aequam
1971 1510 2215 1578 faciens,

566 1589 713 1645 dum
731 1591 975 1660 juvenis
1000 1592 1079 1649 ad
1109 1610 1310 1649 senem
1340 1596 1620 1666 accedes;
1655 1602 1784 1653 tum
1811 1614 1917 1670 per
1940 1615 2221 1669 congres-

567 1696 697 1735 sum
731 1679 978 1753 aliquod
1006 1697 1043 1738 a
1070 1698 1168 1739 me
1198 1684 1513 1741 consilium
1544 1693 1917 1758 accepturus,
1951 1694 2221 1761 propter-

567 1784 643 1825 ea
684 1769 851 1840 quod
891 1772 1133 1840 negotia
1163 1772 1448 1829 Caesareae
1478 1789 1617 1830 cum
1660 1775 1967 1830 nonnullis
2005 1776 2215 1847 habes,

567 1872 707 1928 quae
734 1860 798 1913 ut
822 1865 1282 1930 componantur,
1306 1876 1492 1934 opera
1516 1878 1655 1919 mea
1678 1863 1968 1934 indigent.
1992 1869 2217 1936 Itaque,

571 1945 623 2002 si
648 1945 968 2004 molestum
996 1964 1120 2006 non
1150 1954 1259 2017 est,
1286 1966 1361 2006 ne
1391 1952 1642 2024 pigreris
1669 1952 1747 2009 ad
1777 1968 1875 2009 me
1904 1954 2127 2012 venire.

1015 2165 1349 2222 EPISTOLA
1387 2166 1760 2223 CCLXXIX“.

2249 716 2297 767 A

2953 713 3299 789 Οὑαλεριανῷ.

2398 800 2533 871 Ἐγὼ
2589 805 2682 859 τὴν
2742 801 2993 871 εὐγένειάν
3036 823 3151 869 σου,
3210 808 3298 854 καὶ
3349 804 3478 855 κατὰ
3510 806 3592 860 τὴν
3634 803 3839 876 Ὀρφανὰ-

2325 909 2416 948 νην
2475 892 2588 959 (33)
2644 895 2927 963 γενόμενος,

2324 981 2427 1053 γάρ
2479 998 2536 1032 σε
2592 977 2640 1031 ἐν
2688 985 3065 1052 Κορσαγαίνοις
3125 979 3375 1053 διάγοντα
3400 987 3466 1051 μὴ
3516 981 3719 1038 ὀκνήσειν
3750 987 3845 1055 πρὸς

2325 1069 2461 1139 ἡμᾶς
2512 1064 2762 1127 διαϐῆναι
2809 1068 2857 1120 ἐν
2914 1069 3277 1141 Ἀτταγαίνοις
3333 1071 3443 1141 (34)
3498 1070 3729 1132 τελοῦντας
3780 1078 3845 1129 τὴν

2327 1152 2568 1208 σύνοδον.
2641 1157 2783 1209 Ἐπεὶ
2848 1154 2907 1210 δὲ
2960 1157 3157 1220 ἐκείκης
3214 1156 3497 1231 διήμαρτον
3533 1168 3619 1220 τῆς
3657 1157 3847 1229 συνόδου,

2324 1242 2610 1316 ἐπεθυμουν
2664 1242 2793 1297 ἰδεῖν
2839 1245 2886 1297 ἐν
2936 1256 3007 1317 τῷ
3047 1251 3171 1321 (ipsa
3228 1248 3387 1301 Πάλιν
3437 1249 3530 1321 γὰρ
3573 1246 3666 1300 ἐκεῖ
3698 1250 3722 1305 ἠ
3755 1252 3852 1306 E52:-

2328 1352 2420 1394 σος
2457 1334 2589 1404 (35),
2631 1333 2851 1391 πλησίον
2892 1332 3047 1403 οὖσα,
3101 1341 3195 1395 τὴν
3249 1333 3436 1389 ἐλπίδα
3490 1345 3578 1397 τῆς
3622 1342 3854 1407 συντυχίας

2326 1419 2588 1476 ἐπέτεινεν.
2644 1422 2725 1483 Ὦς
2791 1420 2851 1475 δὲ
2912 1422 3207 1496 ἀμφοτέρων
3271 1421 3575 1497 διήμαρτον,
3617 1422 3745 1483 ἦλθον
3792 1426 3855 1477 ἐπὶ

3006 891 3291 965 ἐπεθύμουν
3364 891 3506 945 ἰδεῖν.
3571 892 3840 967 Προσεδοκων

2325 1513 2384 1562 τὸ
2437 1515 2672 1585 γράφειν,
2734 1515 2816 1564 ἰνα
2870 1514 3207 1586 καταξιωσῃς
3268 1534 3332 1586 με
3394 1512 3707 1565 καταλαϐεῖν·
3758 1515 3854 1584 ὁμοῦ

2327 1603 2416 1672 μὲν
2442 1603 2500 1651 τὸ
2549 1600 2681 1662 εἰκὸς
2721 1611 2902 1666 ποιῶν,
2956 1607 3070 1663 νέος
3119 1612 3306 1675 φοιτῶν
3356 1607 3495 1678 παρὰ
3530 1608 3727 1677 γέροντι,
3760 1605 3856 1674 ὁμοῦ

2329 1686 2388 1741 δὲ
2422 1693 2511 1740 καὶ
2542 1686 2635 1743 διὰ
2676 1699 2769 1753 τῆς
2821 1698 3114 1763 συντυχίας
3160 1689 3443 1764 δεχόμενος
3484 1712 3591 1744 τινα
3616 1692 3721 1763 παρ’
3747 1694 3855 1762 ἡμῶν

2331 1777 2649 1849 συμϐουλὴν,
2703 1776 2796 1831 διὰ
2846 1784 2903 1832 τὸ
2958 1778 3084 1833 εἷναί
3127 1801 3209 1833 σοι
3270 1784 3550 1855 πράγματα
3592 1786 3704 1853 πρὸς
3749 1800 3856 1841 τινας

2329 1876 2426 1919 τῶν
2474 1866 2522 1919 ἐν
2584 1873 2894 1942 Καισαρείᾳ,
2945 1872 3010 1921 τὰ
3064 1867 3281 1942 δεόμενα
3335 1880 3425 1931 τῆς
3480 1874 3707 1945 ἡμετέρας
3750 1888 3858 1925 μεσι-

2328 1960 2469 2017 τείας
2498 1959 2627 2031 πρὸς
2675 1961 2766 2015 τὴν
2818 1954 3123 2032 διόρθωσιν.
3168 1957 3287 2011 Ἐὰν
3334 1956 3421 2011 οὖν
3457 1958 3853 2031 ἀνεπαχθεςῇ,μή

2247 2045 2291 2101 Β
2330 2051 2663 2119 κατοκνήσῃς
2687 2048 2820 2119 ἡμᾶς
2851 2046 3178 2104 καταλαϐεῖν,

2848 2178 3189 2225 emerem
3231 2170 3400 2230 zoe’.

1629 2292 2017 2351 Commendat
2052 2293 2340 2365 praefecto
2371 2296 2555 2352 civem
2592 2296 2983 2367 Tyanensem.

1092 2415 1359 2473 Modesto
1375 2417 1679 2488 praefecto.

633 2513 922 2581 Quamvis
950 2514 1119 2570 multi
1140 2514 1362 2571 litteras
1394 2530 1430 2571 a
1449 2530 1545 2570 me
1562 2515 1642 2570 ad
1672 2519 1838 2571 tuam
1860 2514 2215 2585 dignitatem

556 2602 881 2677 perferant,
900 2607 1103 2660 tamen
1130 2603 1208 2659 ob
1230 2603 1515 2660 eximium
1536 2604 1849 2672 honorem,
1864 2620 2046 2673 quem
2070 2605 2215 2661 mihi

557 2693 767 2763 habes,
798 2694 1282 2764 magnanimitati
1316 2698 1431 2749 ture
1471 2693 1703 2749 nullam
1744 2694 2000 2750 arbitror
2028 2695 2214 2750 mole-

556 2783 732 2839 stiam
754 2782 1133 2839 multitudine
1156 2783 1482 2839 litterarum
1501 2783 1787 2838 exhiberi.
1806 2783 2213 2849 Quamobrem

554 2872 808 2929 libenter
826 2872 966 2928 huic
990 2871 1165 2944 423
1191 2872 1370 2927 etiam
1394 2871 1560 2927 fratri
1580 2871 1736 2927 hanc
1758 2872 2077 2944 epistolam
2101 2877 2212 2929 tra-

554 2961 709 3031 didi;
739 2978 878 3017 cum
904 2961 1053 3017 mihi
1077 2966 1455 3034 compertum
1485 2962 1559 3016 sit
1592 2965 1649 3017 et
1680 2962 1883 3034 ipsum
1914 2962 2209 3029 omnium,

553 3066 689 3123 quae.
716 3050 779 3106 in
815 3049 1035 3123 optatis
1064 3048 1267 3117 habet,
1296 3053 1639 3121 compotem
1672 3049 1818 3116 fore,
1844 3054 1899 3104 et
1921 3066 2015 3105 me
2048 3049 2211 3121 apud

552 3143 608 3196 te
638 3141 789 3197 inter
817 3139 1121 3197 beneficos
1149 3138 1620 3205 numerandum,
1644 3139 1747 3211 qui
1779 3138 2211 3194 beneficiorum

551 3229 900 3285 occasiones
916 3228 1092 3284 bonae
1111 3232 1229 3283 tuae
1240 3228 1898 3285 voluntatiministrem.
1917 3230 2110 3295 Quam
2132 3228 2212 3283 ad

550 3333 681 3375 rem
702 3318 905 3391 itaque
924 3318 1255 3391 patrocinio
1278 3322 1381 3374 tuo
1401 3317 1686 3389 indigeat,
1715 3318 1845 3389 ipse
1887 3317 1994 3372 tibi
2028 3332 2211 3391 expo-

552 3410 674 3475 net,
691 3407 940 3463 simodo
960 3407 1127 3463 illum
1149 3407 1413 3475 benigno
1435 3405 1699 3477 digneris
1729 3406 1995 3479 aspicere
2013 3406 2209 3473 oculo,

555 3497 730 3569 eique
756 3496 922 3569 apud
959 3496 1519 3569 praestantissimam
1549 3502 1718 3552 tuam
1743 3500 2101 3567 potestatem
2128 3494 2211 3550 lo-

556 3585 783 3660 quendi
806 3585 1096 3642 ﬁduciam
1119 3584 1375 3642 dederis.
1391 3588 1512 3655 Ego
1533 3590 1735 3641 autem
1764 3585 1824 3640 id
1846 3583 2013 3657 quod
2032 3585 2093 3639 in
2115 3598 2213 3639 me

559 3676 743 3734 situm
774 3680 882 3744 est,
924 3691 1032 3749 per
1076 3674 1302 3731 litteras
1346 3674 1606 3741 declaro,
1633 3674 1929 3748 quidquid
1956 3676 2015 3729 in
2041 3673 2212 3729 illum

557 3768 679 3837 ﬁet,
710 3768 1024 3841 proprium
1050 3767 1197 3823 mihi
1220 3766 1697 3822 emolumentum
1718 3765 1941 3833 videri;
1969 3779 2216 3837 praesero

559 3858 667 3915 tim
703 3858 848 3929 quia
866 3856 1085 3929 Tyanis
1108 3856 1434 3929 profectus,
1457 3856 1615 3911 hanc
1637 3855 1716 3911 ob
1738 3871 1985 3911 causam
2016 3853 2092 3909 ad
2118 3868 2215 3908 me

558 3945 925 4018 venit,quasi
946 3961 1236 4015 magnum
1259 3945 1509 4017 aliquod
1536 3944 1771 4000 lucrum
1792 3944 2131 4009 habiturus,
2165 3941 2216 3997 si

561 4034 879 4106 epistolam
910 4050 1111 4089 meam
1154 4033 1335 4089 veluti
1380 4034 1773 4104 supplicantis
1817 4034 2049 4102 insigne
2077 4046 2216 4105 pro-

561 4122 760 4178 ferret.
792 4126 1016 4194 Itaque,
1039 4126 1104 4177 ut
1131 4126 1187 4179 et
1215 4122 1343 4194 ipse
1372 4121 1446 4176 de
1478 4137 1581 4192 spe
1603 4138 1723 4177 non
1746 4122 2003 4186 decidat,
2029 4126 2086 4176 et
2105 4135 2215 4189 ego

561 4210 792 4266 honore
817 4214 1106 4266 consueto
1137 4210 1429 4282 perfruar,
1456 4213 1513 4265 et
1538 4214 1709 4264 tuum
1739 4209 1887 4264 illud
1914 4208 2215 4263 bonarum

562 4316 766 4359 rerum
783 4299 1053 4357 studium
1070 4300 1248 4356 etiam
1266 4300 1325 4356 in
1339 4298 1617 4373 prmsenti
1630 4298 1871 4369 negotio
1889 4297 2218 4370 adimplea-

564 4394 681 4461 tur,
712 4406 1034 4464 precamur
1061 4390 1228 4447 illum
1265 4405 1301 4447 a
1340 4394 1394 4445 te
1422 4387 1683 4459 benigne
1712 4386 1956 4461 suscipi,
1987 4391 2043 4442 et
2067 4386 2219 4442 inter

564 4485 701 4539 tuos
726 4480 989 4540 maxime
1015 4494 1385 4537 necessarios
1414 4476 1739 4533 numerari.

1018 4696 1357 4755 EPISTOLA
1394 4694 1753 4754 CCLXXX'“.

2240 3286 2280 3339 C

2791 2417 3046 2492 Μοδέστῳ
3078 2420 3192 2491 (36)
3218 2422 3472 2495 ὑπάρχῳ.

2399 2517 2506 2571 Κᾶν
2558 2516 2736 2570 πολλοὶ
2790 2518 2916 2570 ὦσιν
2966 2520 3014 2570 οἱ
3070 2520 3365 2592 γράμματα
3413 2518 3526 2593 πορ’
3581 2518 3707 2588 ἡμῶν
3743 2532 3861 2585 προσ-

2323 2608 2627 2679 κομίζοντες
2664 2616 2725 2680 τῇ
2772 2612 3039 2680 τιμιότητί
3093 2628 3207 2674 σου,
3264 2608 3392 2661 ἀλλὰ
3442 2604 3532 2660 διὰ
3568 2610 3621 2658 τὸ
3669 2602 3862 2677 ὑπερϐάλ-

2321 2694 2407 2747 λον
2434 2704 2527 2758 τῆς
2574 2704 2667 2756 σῆς
2714 2702 2831 2770 περὶ
2876 2699 3015 2769 ἡμᾶς
3064 2697 3178 2766 (37)
3236 2705 3395 2769 τιμῆς
3424 2699 3645 2767 ἡγοῦμαι
3684 2697 3732 2745 τὸ
3761 2692 3865 2747 πλῆ-

2325 2786 2411 2846 θος
2454 2793 2555 2836 τῶν
2602 2788 2921 2857 γραμμάτων
2957 2785 3113 2857 ὄχλον
3162 2782 3372 2857 μηδένα
3414 2790 3650 2858 παρέχειν
3696 2790 3746 2854 τῇ
3795 2799 3863 2852 με·

2319 2871 2581 2943 γαλοφυῖα
2613 2893 2729 2925 σου*
2788 2877 2884 2927 Διὰ
2939 2882 3092 2927 τοῦτο
3143 2878 3431 2949 προθύμως
3473 2880 3558 2926 καὶ
3606 2881 3669 2943 τῷ
3706 2866 3862 2939 ait)???

2319 2963 2486 3032 τούτῳ
2532 2966 2621 3019 τὴν
2670 2961 2949 3020 ἐπιστολὴν
3006 2960 3181 3015 ἔδωκα
3214 2965 3329 3033 (38)
3387 2966 3612 3020 ταύτην·
3657 2956 3783 3020 εἰδὼς
3805 2959 3863 3009 ὅτι

2318 3055 2408 3101 καὶ
2455 3050 2608 3112 αὐτὸς
2656 3054 2862 3104 πάντων
2914 3052 3146 3116 τεύξεται
3186 3062 3289 3105 τῶν
3338 3051 3764 3124 σπουδαζομένων,
3798 3052 3863 3097 καὶ

2318 3142 2464 3212 ἡμεῖς
2511 3140 2558 3191 ἐν
2602 3148 2711 3203 τοῖς
2770 3142 3057 3216 εὐεργέταις
3122 3142 3553 3217 λογισθησόμεθα
3612 3142 3738 3215 παρὰ
3784 3142 3861 3203 σοὶ,

2320 3228 2555 3302 ἀφορμὰς
2613 3231 2850 3282 εὐποιιῶν
2908 3233 3271 3305 προξενοῦντες
3326 3233 3392 3304 τῇ
3455 3232 3616 3304 ἀγαθῇ
3680 3228 3863 3301 προαιρέ-

2320 3337 2401 3370 σει
2458 3338 2572 3370 σου.
2626 3323 2695 3372 Τὸ
2740 3322 2829 3391 μὲν
2878 3318 2965 3372 οὖν
3022 3328 3245 3394 πρᾶγμα
3286 3322 3357 3384 εἰς
3399 3323 3424 3373 ὃ
3455 3318 3618 3373 δεῖται
3652 3326 3734 3378 τῆς
3764 3333 3862 3389 προ-

2323 3413 2547 3470 στασίας
2576 3429 2691 3477 σου,
2737 3410 2892 3471 αὐτὸς
2934 3409 3056 3483 ἐρεῖ,
3106 3410 3190 3462 ἐὰν
3241 3411 3399 3463 αὐτὸν
3441 3411 3631 3483 εὐμενεί
3660 3406 3863 3465 καταξιώ-

2323 3517 2421 3571 σῃς
2458 3495 2733 3572 προσιδεῖν
2770 3508 2841 3569 τῷ
2900 3498 3184 3572 βλέμματι,
3224 3506 3318 3553 καὶ
3387 3497 3493 3561 δὼς
3549 3499 3678 3567 αὐτῷ
3716 3498 3862 3568 Θάρσος

2320 3588 2455 3639 ὥστε
2498 3596 2666 3659 φωνῆν
2714 3588 2871 3662 ῥῆξαι
2929 3587 3013 3640 ἰπὶ
3059 3597 3152 3649 τῆς
3202 3589 3435 3661 μεγάλης
3487 3608 3577 3641 σου
3628 3590 3705 3638 καὶ
3747 3586 3863 3653 ὑπερ·

2323 3683 2477 3747 φυοῦς
2526 3675 2761 3739 ἐξουσίας
2785 3694 2796 3706 ’
2852 3680 3003 3749 ἡμεῖς
3035 3675 3094 3729 δὲ
3137 3681 3194 3729 τὸ
3245 3682 3493 3753 ἡμέτερον
3525 3675 3613 3729 dmi
3640 3682 3720 3727 τοῦ
3741 3674 3862 3745 γράμ-

2321 3785 2481 3837 ματος
2526 3775 2879 3840 παριστὼμεν,
2933 3768 3013 3818 ὅτι
3069 3770 3127 3819 τὸ
3196 3768 3269 3828 εἰς
3328 3767 3486 3820 αὐτὸν
3532 3770 3766 3838 γινομενον
3812 3758 3862 3809 οἱ·

2321 3859 2455 3906 κεῖον
2513 3856 2781 3926 ἡγούμεθα
2839 3852 3064 3927 κέρδος·
3136 3853 3230 3907 διὰ
3297 3859 3355 3908 τὸ
3409 3856 3650 3920 πάλιστα,
3708 3851 3755 3902 ἐκ
3799 3855 3863 3903 τῆς

3744 3938 3862 3991 ἐλθεῖν

2322 4036 2448 4105 πρὸς
2496 4034 2652 4104 ἡμᾶς,
2709 4036 2772 4093 ὡς
2809 4037 2944 4106 μέγα
3001 4054 3051 4085 τι
3107 4034 3285 4097 ἕξοντα
3323 4032 3525 4108 κέρδος,
3569 4034 3608 4085 εἰ
3650 4036 3729 4089 τὴν
3772 4029 3860 4095 ἦμ⁵⁹

2322 3946 2553 3995 Τυανέων
2621 3943 2775 3994 αὐτὸν
2840 3943 3136 3996 ἀναστάντα
3168 3986 3181 4009 ,
3273 3948 3461 3997 τούτου
3543 3945 3689 3997 ἕνεκεν

2323 4127 2473 4196 τέραν
2531 4122 2805 4181 ἐπιστολὴν
2874 4121 2982 4174 ἀνθ’
3063 4125 3325 4199 ἱκετηρίας
3404 4123 3718 4196 προϐάλοιτο.
3784 4114 3863 4167 Ἵνα

2326 4207 2412 4263 οὖν
2452 4216 2583 4283 μήτε
2623 4211 2775 4272 αὐτὸς
2827 4220 2926 4263 τῶν
2981 4210 3206 4265 ἐλπίδων
3246 4212 3462 4287 ἐκπέσῃ,
3504 4218 3589 4264 καὶ
3635 4214 3760 4281 ἡμεῖς
3797 4210 3863 4259 τές

2329 4302 2583 4361 συνήθους
2646 4309 2805 4373 τιμῆς
2863 4299 3257 4374 ἀπολαύσωμεν,
3314 4308 3407 4353 καὶ
3478 4307 3558 4353 σοὶ
3602 4302 3630 4358 ἡ
3684 4300 3780 4369 περὶ
3818 4292 3864 4341 τά

2327 4386 2500 4459 ἀγαθὰ
2567 4386 2775 4447 σπουδὴ
2841 4395 2930 4442 καὶ
2997 4388 3079 4441 ἐπὶ
3144 4398 3237 4450 τῆς
3304 4393 3573 4465 παρούσης
3630 4387 3864 4439 ὑποθέσεως

2325 4478 2596 4552 πληρωθῇ,
2658 4478 2899 4552 ἀξιοῦμεν
2992 4476 3253 4551 δεχθῆναι
3335 4481 3490 4533 αὐτὸν
3546 4479 3755 4551 εὐμενῶς,
3800 4470 3863 4521 καὶ

2327 4565 2619 4642 ἔναρίθμιον
2648 4572 2887 4640 γενέσθαι
2912 4576 3019 4631 τοίς
3050 4569 3389 4632 οἰκειοτάτοις
3423 4576 3544 4625 σοῦ.

2872 4698 3209 4747 ΕΠΙΣΤΟΛΗ
3251 4693 3369 4749 ΣΠ’.

1062 4820 1451 4879 Commendat
1484 4818 1776 4876 hominem
1809 4816 1926 4873 sibi
1944 4817 2379 4890 propinquum,
2413 4832 2702 4890 quemque
2734 4818 2795 4873 in
2827 4818 2945 4888 ﬁlii
2977 4819 3101 4874 loco
3135 4818 3414 4875 habebat.

1094 4949 1359 5006 Modesto
1379 4946 1685 5018 praefecto.

634 5063 1020 5132 Quamquam
1062 5056 1321 5114 audacia
1356 5060 1447 5112 est
1492 5059 1657 5111 tanto
1684 5052 1810 5110 viro
1854 5067 1961 5125 per
1994 5051 2216 5108 litteras

633 5192 653 5211 '
682 5186 842 5243 Alias
875 5184 1202 5242 CCCCXXV.
1238 5180 1467 5252 Scripta
1490 5178 1551 5233 in
1582 5178 1956 5250 episcopatu.

630 5262 674 5281 “
704 5258 864 5314 Alias
893 5256 1201 5312 CCLXXIV.
1227 5251 1456 5322 Scripta
1486 5251 1543 5305 in
1576 5251 1945 5321 episcopatu.

631 5333 693 5353 ..α
721 5329 881 5385 Alias
910 5327 1189 5384 CCLXXV.
1224 5323 1445 5395 Scripta
1474 5322 1535 5395 in
1567 5322 1939 5395 episcopatu.

632 5404 744 5478 (33)
780 5402 1125 5475 Ὀρφανήνην.
1187 5390 1367 5452 Cois]:
1415 5390 1646 5465 primus
1696 5390 2062 5447 et’CIai'om.
2097 5390 2213 5464 Ὀρ-

596 5496 741 5535 ανην.

558 5498 741 5619 φαῖἕέί
777 5544 1153 5619 ’Δμτταγαίνρις
1172 5539 1366 5619 _Cois_l.
1392 5536 1628 5619 primus
1659 5535 1932 5594 Ἀταῖνοις.

628 5606 742 5688 (35)
782 5606 1000 5678 Εὖησὸς.
1035 5612 1211 5674 Cois].
1238 5606 1474 5687 primus
1499 5606 1725 5669 Εὐήσας.

2257 4950 2302 5004 D

2863 4940 3118 5014 Μοδέστῳ
3148 4934 3399 5014 ὑπαρχῳ.

2398 5048 2456 5103 Ei
2494 5053 2584 5101 καὶ
2648 5048 2902 5125 τολμηρὸν
2960 5044 3116 5123 ἀνδρὶ
3168 5052 3398 5119 τοσούτῳ
3455 5043 3545 5098 διὰ
3604 5036 3860 5114 γραμμάτων

2397 5175 2523 5245 (36),
2547 5170 2821 5245 Μοὸέστῳ.
2852 5174 2952 5229 Hic
2974 5173 3165 5230 obiter
3191 5171 3451 5245 monebo
3472 5172 3678 5245 veteres
3699 5162 3857 5245 libros.

2324 5235 2647 5317 in‘quibus
2680 5235 3066 5316 hze'epistolae
3097 5244 3492 5317 variorordine
3522 5235 3856 5317 continent}?

2324 5302 2462 5389 nonI
2496 5318 2767 5389 ὑπάρχου,
2808 5302 2925 5389 sed,
2962 5317 3197 5389 ἐπάρχου
3242 5302 3856 5389 titulumdlodestq‘tfln'

2322 5387 2529 5443 buere.
2577 5376 2761 5453 Oude
2787 5388 3033 5459 quidem
3060 5376 3229 5444 recte
3288 5383 3658 5441 emendatum
3694 5376 3781 5430 fuit
3811 5379 3854 5420 ιι]

2323 5459 2517 5516 editis.
3673 5521 3679 5525 _
3738 5516 3747 5525 .
3798 5514 3814 5524 υ

2393 5534 2503 5599 (37)
2545 5534 2668 5603 Περὶ
2695 5533 2848 5602 ἡμᾶς.
2870 5533 2954 5587 Ita
2976 5529 3246 5603 plerique
3267 5545 3412 5603 mss.
3438 5524 3578 5581 Editi
3598 5521 3713 5595 πρὸς
3730 5521 3850 5585 ἡμᾶς·

2394 5596 2510 5673 (38)
2549 5596 2777 5658 Ἑδωιὸι.
2812 5605 2953 5673 Reg.
2977 5596 3289 5659 secundus
3319 5596 3540 5654 δέδωκα.
