4050 6220
237 308 371 364 1017

233 433 434 491 ἱκεσίας
485 432 790 503 προσάγειν,
849 430 958 484 ἀλλ’
1005 427 1092 484 οὖν
1151 434 1180 490 ἡ
1235 433 1665 507 προϋπάρχουσα
1718 437 1836 505 περὶ
1873 435 1920 490 Α

233 522 372 592 ἡμᾶς
419 523 562 595 παρά
617 529 712 574 σοῦ
752 526 874 592 τιμή
931 521 1226 594 ἀφαιρεῖται
1277 530 1373 582 τῆς
1419 519 1646 594 καρδίας
1691 525 1836 588 ἡμῶν

235 612 296 662 τὸ
342 605 534 676 δειλόν,
581 614 670 662 καὶ
726 609 1152 684 κατκοαρῥοῦμεν
1198 609 1508 693 ἐπιστέλλειν
1559 613 1685 685 ὑπὲρ
1745 613 1838 663 όίν-

243 700 482 769 Θρώπων,
525 699 723 750 οἰκείων
763 703 851 771 μεν
883 701 1007 771 ἡμῖν
1046 701 1181 751 κατά
1219 705 1382 770 γένος,
1416 709 1569 772 τιμῆς
1601 696 1659 752 δὲ
1687 700 1840 762 ἀξίων

241 783 368 838 όὸιά
406 793 498 844 τήν
545 785 799 850 ὃεξότῃτα
828 796 923 840 τῶν
967 790 1124 847 ἠθῶν.
1153 788 1211 838 ’0
1242 793 1409 840 τοίνυν
1440 794 1532 846 τήν
1565 788 1840 848 ἐπιστολήν

240 878 388 947 ἡμῶν
428 879 623 934 ταύτην
655 873 927 937 ἐπιδιδοὺς
956 880 1066 948 (39)
1111 877 1158 929 ἐν
1199 880 1314 929 υἱοῦ
1345 898 1436 948 μοι
1477 878 1618 941 τάξει
1643 881 1840 932 καθέσ-

238 985 416 1023 τηκεν.
449 965 590 1018 Ἐπεὶ
619 963 706 1018 οὖν
739 963 908 1019 δεῖται
937 971 1093 1039 μόνης
1122 975 1212 1028 τῆς
1252 970 1396 1040 παρά
1441 975 1534 1020 σοῦ
1583 968 1841 1040 εὐμενείας

243 1054 317 1114 εἰς
362 1057 419 1106 τὸ
472 1057 714 1126 γενέσθαι
757 1055 896 1127 αὕτῳ
952 1059 1018 1108 τὰ
1065 1057 1470 1129 ἐπιζητούμενα,
1515 1057 1839 1118 καταξίωσον

241 1139 500 1205 δέξασθαί
529 1163 630 1215 μου
659 1147 719 1196 τὸ
747 1146 989 1218 γράμμα,
1023 1145 1047 1196 ὃ
1076 1143 1186 1198 ἀνθ’
1217 1147 1480 1219 ἱκετηρίας
1525 1151 1841 1220 προτείνεται

241 1251 328 1284 σοι
379 1234 404 1284 ό
451 1238 819 1308 προειρημένος
845 1255 856 1267 ·
887 1239 977 1286 καὶ
1017 1231 1203 1286 δοῦναι
1231 1235 1371 1305 αὐτῷ
1415 1239 1594 1309 καιρόν
1640 1232 1840 1307 διηγή-

239 1323 442 1373 σασθαι
492 1324 560 1374 τὰ
601 1323 721 1375 καθ’
769 1322 950 1375 ἑαυτὸν
1000 1326 1136 1395 (40),
1188 1328 1277 1375 καὶ
1327 1321 1676 1396 διαλεχθῆναι
1732 1332 1841 1384 τοῖς

237 1407 547 1482 δυναμένοις
599 1412 742 1482 αὐτῷ
801 1421 1146 1486 συνεργῆσαι,
1202 1415 1284 1465 ἶνα
1337 1421 1410 1483 τῷ
1467 1416 1840 1488 προστάγματί

236 1518 334 1552 σου
392 1505 595 1572 ταχέως
662 1505 802 1574 τύχῃ
870 1510 966 1554 τῶν
1035 1499 1512 1575 σπουδαζομένων,
1576 1507 1667 1555 καὶ
1725 1502 1838 1575 ἐμοὶ

237 1589 446 1662 ὑπάρξῃ
489 1589 928 1643 καλλωπίσασθαι
959 1593 1069 1661 (41)
1102 1594 1182 1644 ὅτι
1223 1611 1314 1663 μοι
1358 1589 1574 1644 δέδοται
1613 1600 1838 1653 τοιοῦτος

1146 307 1631 366 EPISTOLARUM
1669 307 1948 366 CLASSIS
1985 310 2054 364 Π.
2095 308 2310 384 EPIST.
2354 311 2686 368 CCLXXXII.

3457 315 3596 372 1018

1953 433 2311 506 supplicare,
2339 438 2542 493 tamen
2566 437 2762 493 honor
2789 451 2972 509 quem
3003 451 3039 492 a
3068 438 3124 493 te
3155 436 3410 510 praecepi
3444 438 3596 495 timi-

1948 525 2198 581 ditatem
2243 541 2274 580 e
2323 541 2458 580 meo
2490 526 2670 582 corde
2713 525 2971 598 expellit,
2999 542 3070 582 ac
3113 525 3366 582 ﬁdenter
3412 527 3492 583 ad
3540 533 3594 584 te

1949 614 2146 671 scribo
2169 630 2278 685 pro
2303 615 2644 670 hominibus
2664 615 2811 670 mihi
2839 615 3084 686 quidem
3111 631 3325 685 genere
3353 617 3595 690 propin-

1947 703 2102 775 quis,
2147 703 2252 758 sed
2295 703 2522 758 honore
2567 704 2764 772 dignis
2795 703 2874 759 ob
2921 721 3161 760 morum
3207 706 3590 778 probitatem.

1947 796 2152 864 Itaque
2192 791 2295 864 qui
2332 792 2491 846 hanc
2538 798 2807 847 nostram
2855 793 3048 849 reddit
3077 795 3414 865 epistolam.
3446 797 3592 851 mihi

1945 880 2079 936 loco
2124 881 2226 936 ﬁlii
2271 885 2377 936 est.
2412 884 2557 936 Cum
2587 897 2730 948 ergo
2772 882 2899 937 sola
2943 890 3044 938 tua
3085 882 3503 940 benevolentia
3542 885 3594 940 ei

1947 985 2102 1042 opus
2131 971 2226 1035 sit,
2257 969 2379 1024 voti
2413 973 2479 1025 ut
2522 985 2772 1042 compos
2815 971 2939 1036 ﬁat,
2971 970 3196 1027 litteras
3236 989 3401 1027 meas
3441 990 3595 1045 quas

1946 1059 2050 1114 tibi
2081 1059 2174 1114 vir
2201 1063 2598 1127 memoratus,
2627 1059 2810 1114 veluti
2849 1060 3162 1132 quoddam
3197 1062 3593 1134 supplicantis

1944 1147 2178 1216 insigne
2198 1148 2389 1210 otfert,
2406 1148 2670 1218 digneris
2691 1148 2983 1220 accipere,
2999 1149 3173 1221 eique
3194 1153 3434 1222 tempus
3458 1165 3598 1206 con-

1946 1237 2158 1294 cedere
2205 1252 2300 1291 res
2331 1253 2472 1292 suas
2517 1237 2864 1301 enarrandi,
2895 1243 3123 1294 etcum
3165 1239 3236 1294 iis
3281 1239 3386 1311 qui
3425 1239 3596 1296 illum

1941 1327 2151 1398 juvare
2191 1329 2446 1396 possunt
2483 1325 2893 1396 colloquendi,
2945 1330 3026 1393 ut,
3063 1326 3312 1396 jubente
3361 1332 3437 1395 te,
3480 1329 3594 1384 cito

1945 1420 2153 1487 optata
2177 1419 2602 1486 consequatur,
2635 1431 2705 1470 ac
2736 1415 2885 1470 mihi
2914 1415 3155 1484 gloriari
3202 1416 3399 1483 liceat,
3427 1419 3595 1490 quod

1946 1504 2047 1558 Dei
2077 1503 2240 1558 dono
2262 1503 2440 1557 datus
2463 1503 2537 1557 sit
2566 1503 2713 1558 mihi
2732 1507 3049 1574 patronus,
3071 1504 3175 1577 qui
3197 1521 3364 1560 meos
3392 1522 3590 1563 neces-

1946 1591 2155 1657 sarios,
2185 1591 2462 1663 proprios
2493 1591 2794 1664 supplices
2838 1607 2909 1647 ac
2938 1593 3223 1664 perfugas
3249 1609 3378 1650 esse
3409 1595 3591 1652 ducit.

236 1680 384 1749 παρά
427 1686 519 1739 τῆς
563 1682 926 1753 χάριτος-τοῦ
980 1687 1112 1733 Θεοῦ
1155 1682 1494 1753 προστάτης,
1552 1679 1604 1740 ὃς
1649 1701 1770 1743 τους
1829 1679 1943 1753 ἐμοὶ
1992 1686 2345 1756 προσήκοντας
2406 1676 2576 1741 ἰδίους
2637 1681 2844 1750 ἡγεῖται
2893 1682 3065 1742 ἱκέτας
3115 1686 3202 1734 καὶ
3258 1685 3592 1755 πρόσφυγας,

776 1809 1112 1858 ΕΠΙΣΤΟΛΠ
1153 1803 1312 1859 ΣΠΑ’.

2410 1805 2744 1860 EPISTOLA
2798 1806 3132 1861 CCLXXXI‘.

1049 1913 1243 1983 Rogat
1282 1917 1348 1967 ut
1385 1912 1707 1969 Helladius
1741 1911 2177 1985 peraequatoris
2213 1927 2459 1969 munere
2499 1912 2804 1970 liberetur.

1877 2038 1918 2091 Β

765 2033 1023 2109 Μοδέστῳ
1060 2038 1309 2110 ὑπάρχῳ.

308 2147 593 2216 Μέμνημαι
623 2153 714 2206 τῆς
742 2145 976 2218 μεγάλης
1007 2165 1100 2198 σου
1131 2154 1308 2220 τιμῆς,
1344 2147 1424 2198 ὅτι
1452 2156 1540 2219 μοι
1570 2147 1680 2216 (42)
1708 2148 1838 2218 μετὰ

236 2238 335 2282 τῶν
387 2231 551 2283 ἀλλων
599 2231 795 2295 ἔδωκας
825 2239 914 2287 καὶ
944 2240 1000 2287 τὸ
1035 2237 1242 2308 θαρσεῖν
1290 2235 1599 2288 ἐπιστέλλειν
1632 2255 1726 2287 σου
1771 2243 1832 2306 τῇ

234 2321 582 2394 μεγαλοφυῖα.
613 2328 895 2396 Κέχρημαι
937 2331 1104 2378 τοίνῦν
1137 2334 1196 2397 τῇ
1234 2322 1422 2399 δωρεᾷ,
1457 2330 1545 2376 καὶ
1593 2324 1837 2376 ἀπολαύω

235 2419 328 2471 τῆς
362 2410 855 2484 φιλανθρωποτάτης
894 2417 1133 2488 χάριτος,
1183 2415 1311 2486 ὁμοῦ
1352 2417 1442 2486 μεν
1485 2413 1700 2486 ἐμαυτόν
1750 2413 1837 2465 ευ-

236 2504 463 2570 φραίνων
485 2502 538 2551 ἐκ
562 2507 653 2552 τοῦ
682 2497 1015 2573 διαλέγεσθαι
1041 2499 1195 2576 ἀνδρὶ
1226 2505 1478 2574 τοσούτῳ,
1501 2505 1630 2575 ὁμοῦ
1663 2499 1721 2554 δὲ
1750 2505 1838 2554 καὶ

237 2595 298 2659 τῇ
345 2597 412 2660 σῇ
452 2589 762 2662 μεγαλονοίᾳ
791 2595 972 2666 καιρὸν
1003 2588 1244 2653 ἐνδιδοὺς
1272 2595 1533 2663 σεμνύνειν
1563 2593 1694 2663 ἡμᾶς
1724 2597 1840 2651 ταῖς

241 2676 600 2749 ἀποκρίσεσιν.
633 2677 774 2732 Ἐπεὶ
804 2677 863 2732 δὲ
895 2681 1131 2733 ἱκέτευσα
1155 2683 1265 2752 (43)
1293 2686 1387 2739 τήν
1421 2686 1512 2739 σήν
1542 2683 1841 2754 ἡμερότητα

241 2767 370 2840 ὑπὲρ
419 2774 511 2818 τοῦ
561 2766 766 2840 ἑταίρου
811 2770 957 2840 ἡμῶν
1004 2765 1274 2821 Ἐλλαὸίου
1322 2776 1414 2820 τοῦ
1469 2772 1838 2843 πρωτεύοντος,

242 2859 398 2923 ὥστε,
431 2866 526 2918 τῆς
556 2855 638 2909 ἐπὶ
682 2865 742 2929 τῇ
778 2856 1017 2920 ἐξισώσει
1062 2855 1335 2931 φροντίδος
1383 2858 1538 2910 αὐτόν
1584 2857 1840 2926 ἀνεθέντα,

243 2944 296 2996 ἐν
337 2952 445 3007 τοῖς
485 2949 762 3020 πράγμασι
800 2956 893 3009 τῆς
942 2945 1194 3020 πατρίδος
1233 2950 1377 3020 ἡμῶν
1428 2950 1845 3020 συγχωρηθῆναι

240 3035 489 3105 μοχθεῖν,
520 3040 609 3086 καί
667 3055 799 3096 τινος
842 3035 1076 3108 εὐμενοῦς
1127 3039 1373 3109 νεύματος
1424 3037 1672 3101 ἠξιώθην,
1718 3035 1844 3088 ἀνα-

242 3130 462 3195 νεοῦμαι
518 3127 612 3181 τήν
677 3123 832 3181 αὐτήν
893 3123 1192 3198 πρεσϐείαν,
1260 3128 1350 3176 καί
1417 3143 1474 3177 σε
1533 3127 1846 3176 καθικετευω

243 3213 683 3284 καταπεμφθῆναι
730 3217 1048 3287 πρόσταγμα
1086 3222 1156 3283 τῷ
1186 3215 1409 3289 ἄρχοντι
1451 3222 1541 3274 τῆς
1586 3211 1848 3286 ἐπαρχιας

1889 3303 1928 3358 C

246 3311 612 3377 συγχωρῆσαι
642 3302 782 3373 αὐτῷ
814 3307 907 3360 τήν
939 3301 1238 3374 ἐνόχλησιν.

782 3431 1118 3480 ΕΠΙΣΤΟΛΗ
1160 3428 1315 3484 ΣΠΠ.

2463 2037 2729 2094 Modesto
2764 2039 3070 2109 pra’fecto.

2017 2145 2254 2201 Memini
2293 2145 2501 2215 magni
2540 2145 2788 2200 honoris
2825 2161 2860 2201 a
2903 2149 2958 2201 te
3002 2146 3214 2216 delati,
3261 2163 3400 2203 cum
3451 2148 3600 2204 mihi

1946 2234 2100 2290 inter
2143 2234 2260 2290 alia
2308 2234 2594 2290 ﬁduciam
2626 2234 3110 2304 magnanimitati
3148 2239 3266 2292 tuae
3297 2237 3599 2293 scribendi

1946 2323 2182 2380 dedisti.
2215 2327 2357 2380 Utor
2390 2323 2572 2393 igitur
2619 2323 2799 2392 dono,
2834 2339 2903 2378 ac
2941 2323 3237 2380 beneficio
3283 2325 3600 2380 humanis-

1948 2413 2101 2468 simo
2150 2411 2346 2480 fruor;
2382 2428 2520 2467 cum
2553 2412 2680 2484 ipse
2715 2411 3010 2482 gaudens,
3043 2413 3206 2485 quod
3248 2429 3386 2468 cum
3430 2418 3598 2470 tanto

1945 2502 2076 2557 viro
2125 2500 2466 2574 colloquar,
2518 2505 2645 2557 tum
2703 2503 2881 2557 etiam
2943 2503 3430 2570 magnanimitati
3483 2507 3598 2558 tum

1947 2590 2328 2646 occasionem
2356 2606 2452 2645 me
2484 2589 2790 2661 responsis
2828 2590 3196 2647 honestandi
3224 2591 3597 2647 ministrans.

1951 2681 2097 2734 Cum
2144 2683 2346 2734 autem
2378 2679 2507 2750 jam
2554 2684 2668 2734 tute
2712 2678 3042 2734 clementiae
3077 2695 3182 2751 pro
3228 2680 3419 2735 sodali
3462 2694 3600 2736 meo

1952 2767 2218 2824 Helladio
2261 2767 2580 2839 principali
2619 2767 3104 2839 supplicaverim,
3139 2773 3204 2823 ut
3240 2767 3602 2840 exaequandi

1953 2872 2098 2913 cura
2145 2856 2396 2912 liberato
2443 2856 2713 2912 laborem
2758 2857 2819 2912 in
2862 2872 2958 2911 res
3004 2857 3209 2928 patria:
3239 2861 3458 2912 nostrae
3489 2858 3602 2912 im-

1953 2945 2216 3018 pendere
2245 2945 2424 3017 424
2454 2945 2647 3012 liceat,
2681 2960 2941 3017 cumque
2985 2960 3083 3000 me
3131 2944 3427 3000 benevolo
3453 2961 3602 3016 quo-

1955 3035 2102 3090 dam
2145 3039 2296 3090 nutu
2336 3035 2621 3106 dignatus
2671 3035 2774 3104 sis,
2802 3049 3010 3106 preces
3057 3033 3305 3090 easdem
3353 3049 3602 3103 renovo,

1956 3125 2342 3196 obtestorque
2395 3124 2754 3180 mandatum
2803 3124 2880 3180 ad
2934 3123 3256 3195 provinciae
3313 3127 3603 3180 rectorem

1958 3213 2180 3285 mittas,
2216 3218 2280 3270 ut
2309 3213 2359 3269 ei
2389 3213 2547 3270 hanc
2578 3213 2914 3270 molestiam
2944 3212 3265 3269 condonet.

2405 3429 2740 3485 EPISTOLA
2779 3429 3163 3486 CCLXXXll“.

245 3533 477 3591 Invitat
513 3535 595 3592 ad
632 3535 1033 3593 celebritatem
1073 3541 1438 3607 martyrum,
1469 3550 1590 3591 non
1647 3535 1774 3591 sine
1809 3539 2104 3603 peracuta
2136 3535 2614 3604 reprehensione,
2649 3536 2810 3606 quod
2845 3551 2966 3591 non
3008 3540 3251 3592 vocatus
3290 3539 3600 3608 queratur,

1507 3618 1750 3664 vocatus
1788 3621 1928 3663 vero

731 3735 870 3808 Πρὸς
905 3733 1187 3787 ἐπίσκοπον
1227 3735 1358 3799 (44).

1745 3839 1849 3910 οὐχ

249 3928 552 3989 ὑπακούεις.
601 3930 684 3983 Ἐκ
744 3928 803 3984 δὲ
861 3941 957 3983 τῶν
1005 3928 1256 4006 δευτέρων
1313 3927 1471 3992 δῆλος
1529 3927 1577 3981 εἴ
1628 3933 1718 3980 καὶ
1784 3935 1844 3999 τῇ

324 3842 410 3896 Μή
484 3839 790 3913 καλούμενος
864 3842 1124 3912 ἐγκαλεῖς,
1190 3846 1279 3893 καὶ
1358 3841 1669 3913 καλούμενος

248 4021 481 4092 προτέρα
523 4018 704 4089 σκέψει
747 4022 914 4092 μάτην
956 4022 1310 4094 χρησάμενος.
1355 4019 1429 4071 Οὐ
1467 4021 1568 4093 γὰρ
1603 4016 1661 4069 ἀν
1711 4014 1846 4084 ἧκες,

250 4106 305 4157 ἐκ
354 4115 456 4158 τῶν
507 4107 734 4176 εἰκότων,
782 4106 906 4162 οὐδὲ
953 4114 1067 4161 τότε
1119 4109 1346 4169 κληθείς.
1395 4109 1713 4161 Ἐπάκονσον
1762 4102 1849 4157 οὖν

249 4195 476 4248 καλοῦσι
513 4206 621 4264 νῦν,
669 4203 756 4250 καὶ
799 4203 900 4270 μήν
946 4201 1066 4271 γένῃ
1127 4198 1280 4250 πάλιν
1329 4196 1616 4269 ἀγνώμων·
1661 4192 1846 4265 εἰδὼς,

251 4290 320 4348 ὡς
389 4285 679 4358 ἐγκλήματι
743 4289 1142 4362 προστιθέμενον
1205 4286 1437 4359 ἔγκλημα
1499 4284 1706 4358 βεϐαιοί
1761 4290 1852 4337 καὶ

249 4380 566 4448 πιστοτέραν
616 4375 889 4450 ἐργάζεται
940 4383 1032 4428 τοῦ
1088 4380 1338 4450 προτέρου
1388 4379 1480 4433 τήν
1533 4378 1850 4448 κατηγορίαν

254 4467 313 4516 τὸ
361 4461 622 4538 δεύτερον.
672 4466 781 4517 Ἀεὶ
831 4461 890 4518 δέ
937 4485 994 4517 σε
1030 4469 1120 4516 καὶ
1162 4466 1308 4535 ἡμῶν
1356 4461 1640 4534 ἀνέχεσθαι
1677 4481 1850 4535 παρα-

253 4553 430 4605 καλῶ·
481 4553 523 4605 εἰ
571 4550 630 4605 δὲ
667 4555 812 4626 ἡμῶν
860 4554 954 4606 οὐκ
1012 4552 1206 4625 ἀνέχῃ,
1254 4551 1360 4604 ἀλλ’
1399 4556 1458 4603 οὺ
1506 4561 1604 4603 τῶν
1653 4554 1852 4626 μαρτύ-

254 4663 357 4717 ρων
408 4642 669 4716 ἀμελῆσαι
713 4639 955 4695 δίκαιον·
997 4644 1064 4693 ὧν
1113 4649 1227 4704 ταῖς
1270 4646 1469 4714 μνείαις
1525 4645 1852 4697 κοινωνήσων

256 4695 264 4717 ι
442 4697 451 4716 ι
554 4695 564 4702 -
1213 4695 1225 4704 .
1270 4700 1278 4714 ,
1454 4695 1468 4703 .
1728 4695 1735 4697 .

256 4733 412 4805 καλῇ.
465 4735 560 4794 Δός
608 4728 694 4783 οὖν
742 4740 940 4806 πρῶτον
994 4733 1084 4804 μὲν
1135 4730 1458 4806 ἀμφοτέροις,
1502 4729 1545 4782 εἰ
1594 4727 1653 4781 δὲ
1700 4735 1852 4780 τοῦτο
1887 4695 1928 4748 D

260 4841 345 4874 σοι
375 4825 447 4894 μὴ
485 4817 628 4874 δοκεί
659 4821 794 4892 (45),
826 4828 933 4882 τοῖς
957 4827 1083 4892 γοῦν
1107 4823 1430 4896 τιμιωτέροις
1462 4822 1554 4876 τήν
1585 4819 1765 4892 χάριν.

327 5182 441 5248 (39)
485 5173 813 5239 Ἐπιδιδούς.
844 5176 1014 5233 Coisl.
1044 5175 1342 5232 secundus
1369 5171 1578 5236 ἱπιδούς

327 5246 443 5324 (40)
589 5251 706 5324 κοί-ρ’
739 5251 937 5324 ἑαυτόν.
966 5251 1049 5302 Ita
1080 5265 1222 5324 mss.
1255 5248 1498 5324 Elliti'rdi
1527 5246 1850 5324 καθ’-αὐτόν.

325 5317 443 5392 (41)
484 5322 710 5395 ’Ϊπάρξῃ
763 5321 1349 5395 καλλωπίσασθαι..-Ηᾶ
1387 5322 1518 5395 tres
1575 5317 1854 5372 vetustis-

253 5396 385 5451 simi
419 5389 865 5450 Codicésaﬁditt
896 5393 1114 5463 ὑπάρχῃ
1147 5389 1587 5463 καλλωπίζεσθαι.

325 5470 440 5532 (42)
477 5465 599 5517 ’ωτι
629 5483 738 5537 μοι.
774 5463 946 5519 Coisl.
981 5461 1212 5537 primus
1238 5465 1294 5516 et
1325 5461 1469 5537 Med.
1499 5463 1584 5537 ari
1609 5479 1690 5531 με.

326 5527 441 5608 (43)
480 5527 720 5590 Ἐπεῖὃὲ
761 5527 1019 5588 ἱκέτευσοῖ.
1063 5532 1235 5591 Coisl.
1284 5533 1516 5604 primus
1565 5527 1746 5590 ἐπειδὴ
1796 5527 1855 5583 δὲ

253 5628 420 5664 ικετευ
429 5626 500 5661 σα
512 5652 525 5666 ,

1964 3622 2084 3662 non
2122 3608 2344 3663 veniat.

2531 3731 2631 3786 Ad
2665 3731 3024 3800 episcopum.

2029 3842 2156 3895 Non
2196 3843 2448 3895 vocatus
2479 3840 2747 3912 quiritas,
2781 3844 3031 3895 vocatus
3074 3855 3217 3896 vero
3268 3854 3391 3895 non
3434 3837 3607 3894 obse-

1959 3928 2180 4000 queris.
2222 3929 2428 4000 Liquet
2471 3934 2669 3984 autem
2703 3945 2774 3984 ex
2802 3929 3081 3984 secundis
3111 3933 3166 3984 te
3206 3929 3265 3983 in
3305 3927 3606 4001 prioribus

1959 4017 2126 4072 inani
2165 4022 2453 4088 praetextu
2487 4034 2666 4072 usum
2696 4032 2852 4072 esse.
2894 4020 3095 4089 Neque
3122 4017 3282 4072 enim
3311 4017 3604 4085 venisses,

1959 4109 2023 4158 ut
2069 4105 2309 4159 credere
2357 4121 2470 4176 par
2495 4109 2600 4172 est,
2634 4105 2868 4160 etiamsi
2910 4110 3163 4160 vocatus
3188 4108 3329 4160 tunc
3369 4103 3606 4158 fuisses.

1962 4192 2323 4266 Obtempera
2367 4195 2548 4264 igitur
2589 4211 2751 4249 nunc
2783 4193 3158 4260 vocantibus,
3191 4198 3246 4249 et
3275 4209 3350 4248 ne
3393 4193 3606 4248 iterum

1959 4283 2073 4338 ﬁas
2113 4283 2384 4356 iniquus,
2428 4299 2568 4339 cum
2607 4283 2796 4355 probe
2853 4283 3039 4352 scias,
3077 4283 3303 4338 crimen
3361 4281 3609 4337 crimine

1960 4371 2280 4427 accedente
2312 4371 2678 4435 conﬁrmari,
2700 4376 2757 4427 et
2784 4370 3048 4426 secunda
3080 4370 3258 4443 culpa
3295 4369 3608 4424 certiorem

1959 4461 2088 4516 ﬁeri
2137 4461 2580 4516 accusationem
2611 4460 2850 4532 prioris.
2882 4463 2956 4515 Te
2995 4463 3196 4515 autem
3239 4471 3479 4530 semper
3506 4456 3608 4512 ad-

1960 4551 2186 4621 hortor,
2223 4566 2318 4605 me
2369 4555 2434 4605 ut
2478 4551 2773 4622 patienter
2815 4549 3012 4605 feras:
3059 4547 3223 4620 quod
3267 4547 3315 4602 si
3357 4562 3454 4602 me
3482 4559 3609 4602 non

1963 4639 2080 4694 fers
2118 4639 2431 4711 patienter,
2466 4639 2676 4694 saltem
2707 4654 2952 4710 aequum
2991 4637 3188 4700 fuerit,
3221 4641 3287 4692 ut
3315 4640 3610 4708 martyres

1963 4742 2352 4800 nequaquam
2409 4731 2802 4796 contemnas,
2861 4743 3122 4799 quorum
3178 4730 3244 4781 ut
3304 4723 3612 4780 memoriis

1964 4817 2376 4872 communices
2423 4815 2757 4871 advocaris.
2798 4817 2912 4871 Fac
2951 4815 3132 4885 igitur
3171 4815 3232 4870 in
3276 4813 3487 4886 primis
3532 4812 3610 4869 ab

1967 4905 2249 4977 utrisque,
2285 4905 2375 4959 sin
2413 4904 2528 4960 hoc
2572 4903 2679 4959 tibi
2717 4904 2913 4959 visum
2946 4919 3071 4960 non
3105 4902 3300 4973 fuerit,
3331 4902 3545 4959 saltem
3575 4917 3613 4958 a

1964 4993 2488 5067 prmstantioribus
2521 4993 2776 5062 gratiam
2805 4992 2997 5049 ineas.

2037 5174 2149 5246 (44)
2189 5175 2322 5246 Πρός
2356 5169 2662 5246 ἐπίσκοπον.
2705 5170 2860 5246 Harl.
2889 5173 2974 5246 et
3029 5169 3284 5246 Clarom.
3343 5167 3611 5246 e’mo'xomp

1965 5239 2258 5316 καλουμενῲ
2326 5244 2391 5303 εἰς
2452 5239 2712 5314 σύνοδον,
2775 5245 3042 5314 Epz'copo
3107 5242 3190 5298 ad
3252 5243 3609 5296 conventum

1964 5325 2191 5373 vocato.

2036 5391 2150 5456 (45)
2190 5390 2272 5444 Μὴ
2305 5383 2467 5438 δοκεῖ.
2500 5385 2654 5441 Harl.
2684 5389 2754 5457 μὴ
2792 5381 2944 5457 δοκῇ,

2035 5462 2052 5479 ¹
2093 5452 2253 5514 Alias
2286 5459 2644 5513 CCLXXVIII.
2679 5452 2905 5528 Scripta
2930 5456 2989 5528 in
3020 5452 3392 5528 episcopatu.

2037 5531 2076 5551 “
2115 5529 2276 5588 Alias
2309 5530 2656 5586 CCCXXXVI.
2691 5523 2920 5599 Scripta
2946 5527 3008 5582 in
3037 5523 3409 5596 episcopatu.
