4074 6220
568 312 709 371 1019

1029 466 1365 523 EPISTOLA
1404 466 1785 523 CCLXXXIII'.

1934 317 1996 375 S.
2034 308 2284 374 BASILII
2322 314 2565 374 MAGNI.

3712 333 3817 390 Nil)

2856 476 3195 526 ΕΠΙΣΤΟΛΗ
3233 472 3384 532 ΣΠΓ.

566 591 737 660 Spem
775 590 954 661 affert
994 590 1190 648 vidua,v
1226 606 1287 647 se
1326 592 1498 648 illam
1538 592 1836 671 visurum,
1878 593 2001 649 alio
2040 598 2357 671 conventa,
2394 597 2529 671 post
2575 608 2670 649 eos
2708 610 2853 664 quos
2898 595 3063 652 brevi
3099 596 3410 655 habiturus
3447 604 3591 671 erat,
3628 601 3827 662 indicto.

1566 663 1871 721 Somnium
1911 665 2213 737 quoddam
2254 665 2422 723 illius
2459 663 2922 736 interpretatur.

1184 812 1285 870 Ad
1322 812 1588 870 viduam.

640 938 807 994 Diem
852 937 1101 1010 quidem
1153 940 1476 996 conventui
1530 940 1819 996 idoneum
1874 940 2222 997 inventuros

564 1043 678 1085 nos
706 1044 1051 1100 speramus,
1081 1035 1219 1101 post
1247 1046 1350 1085 eos
1394 1035 1746 1099 conventus,
1774 1045 1931 1103 quos
1958 1030 2019 1085 in
2049 1045 2224 1086 mon-

566 1116 723 1173 tanis
750 1117 898 1173 locis
946 1118 1226 1174 indicturi
1258 1136 1488 1175 sumus.
1524 1118 1792 1191 Colloqui
1822 1123 2026 1175 autem
2075 1124 2221 1175 tem-

564 1220 680 1277 pus
701 1210 917 1278 przeter
938 1211 1270 1263 conventus
1291 1206 1779 1274 celebrationem,
1800 1207 2036 1263 nullum
2058 1207 2223 1264 aliud

563 1293 742 1349 nobis
790 1300 1065 1366 apparet,
1094 1296 1211 1350 nisi
1260 1297 1411 1368 quid
1451 1302 1665 1368 praeter
1710 1313 1880 1368 spem
1929 1297 2220 1352 Dominus

566 1381 1023 1454 dispensaverit.
1072 1386 1492 1453 Conjecturam
1541 1390 1742 1440 autem
1791 1385 1990 1440 facere
2036 1385 2222 1441 debes

566 1488 641 1528 ex
671 1475 827 1526 statu
856 1487 1057 1528 rerum
1084 1478 1347 1529 tuarum.
1382 1474 1435 1529 Si
1460 1474 1620 1529 enim
1652 1474 2023 1530 nobilitatem
2054 1479 2221 1530 tuam

566 1559 642 1614 de
684 1576 809 1616 una
857 1560 1043 1617 domo
1089 1561 1406 1619 sollicitam
1452 1569 1623 1619 tanta
1667 1564 2017 1619 circumstat
2043 1563 2224 1619 turba

569 1664 875 1712 curarum,
893 1651 1136 1722 quantis
1161 1656 1338 1723 putas
1360 1668 1455 1707 me
1480 1652 1749 1722 quotidie
1769 1652 2025 1721 negotiis
2058 1652 2223 1707 disti-

568 1737 743 1793 neri?
771 1740 961 1794 Tuum
990 1744 1191 1794 autem
1229 1741 1537 1796 somnium
1568 1741 1921 1813 perfectiore
1951 1740 2224 1813 quadam

568 1826 796 1882 ratione
859 1828 1119 1884 arbitror
1174 1829 1236 1885 id
1297 1829 1658 1899 signiﬁcare,
1699 1829 2225 1902 contemplationis

570 1914 753 1970 animi
787 1931 995 1971 curam
1027 1916 1292 1989 aliquam
1321 1933 1451 1972 esse
1478 1917 1958 1989 suscipiendam;
1986 1933 2057 1973 ac
2084 1932 2227 1972 ocu-

568 2003 658 2059 los
686 2003 841 2071 illos,
869 2004 1090 2077 quibus
1123 2009 1275 2061 Deus
1308 2006 1573 2078 conspici
1604 2012 1817 2078 potest,
1843 2023 1975 2061 esse
2005 2022 2223 2062 sanan-

569 2091 704 2147 dos.
740 2094 1034 2149 Caeterum
1069 2094 1348 2149 solatium
1403 2111 1476 2149 ex
1510 2095 1827 2165 Scripturis
1858 2094 2075 2150 divinis
2117 2095 2222 2151 ha-

566 2180 738 2251 bens,
768 2198 963 2253 neque
994 2199 1110 2250 me,
1144 2199 1340 2255 neque
1371 2183 1487 2239 alio
1534 2199 1845 2256 quoquam
1879 2183 1957 2239 ad
1987 2199 2057 2239 ea
2087 2200 2224 2255 quae

570 2267 785 2325 decent
816 2271 1234 2342 perspicienda
1262 2271 1581 2341 indigebis,
1612 2272 1758 2327 satis
1780 2273 2015 2327 munita
2047 2273 2227 2345 Spiri-

569 2361 666 2413 tus
697 2359 886 2415 sancti
916 2360 1202 2431 consiliis,
1234 2361 1490 2434 ejusque
1536 2361 1843 2434 praasidio,
1870 2361 1951 2418 ad
1988 2378 2061 2419 ea
2089 2378 2224 2435 qum

569 2445 940 2506 conducunt.

997 2602 1333 2659 EPISTOLA
1372 2602 1787 2661 CCLXXXIV".

2253 818 2302 871 Α

2980 810 3118 873 Ἐλευ
3128 819 3266 895 θέρᾳ.

2401 939 2622 1015 Ἠμέραν
2675 943 2767 1014 μεν
2820 939 3119 1001 ἐπιτηδείαν
3180 951 3270 1005 τῆς
3326 940 3539 997 συνόδου
3594 944 3687 1017 (48)
3738 945 3839 999 ἐλπί-

2331 1031 2487 1102 ζομεν
2528 1032 2786 1103 εὑρίσκειν
2828 1034 2962 1104 μετὰ
3010 1035 3106 1093 τὰς
3154 1036 3290 1086 κατὰ
3329 1037 3421 1093 τήν
3466 1033 3647 1108 ὀρεινήν
3685 1034 3842 1107 μελλού-

2331 1139 2427 1182 σας
2457 1120 2580 1195 παρ’
2622 1122 2767 1193 ἡμῶν
2797 1124 3095 1175 τυποῦσθαι
3120 1142 3133 1156 ·
3168 1128 3454 1196 συντυχίας
3498 1120 3553 1176 0'":
3576 1124 3676 1194 (47)
3707 1129 3843 1199 καιρὸς

2330 1211 2448 1262 ἄνευ
2491 1218 2583 1271 τῆς
2624 1214 2760 1262 κατὰ
2803 1214 2897 1270 τὴν
2957 1210 3177 1265 σύνοδον
3227 1213 3540 1287 λειτουργίας
3580 1214 3709 1274 ἄλλος
3752 1216 3845 1285 ἡμῖν

2329 1297 2435 1369 οὐχ
2472 1300 2846 1369 ύποφαίνεται’
2895 1298 3030 1357 πλὴν
3076 1298 3160 1352 ἐὰν
3208 1306 3279 1372 μή
3330 1320 3381 1352 τι
3426 1300 3517 1363 ἔξω
3560 1308 3649 1352 τῶν
3687 1300 3846 1361 ἐλπιζο-

2329 1390 2489 1458 μένων
2539 1387 2565 1438 ὁ
2618 1390 2806 1461 Κύριος
2837 1388 3178 1461 οἰκονομήσῃ.
3223 1389 3576 1461 Στοχάζεσθαι
3612 1385 3662 1441 δὲ
3687 1388 3847 1461 ὀφεῦεις

2329 1474 2378 1526 ἐν
2408 1483 2507 1527 τῶν
2554 1478 2689 1526 κατά
2729 1482 2951 1535 σεαυτὴν
2981 1478 3097 1549 (48)
3129 1480 3468 1553 πραγμάτων.
3498 1478 3554 1531 Εἰ
3594 1481 3679 1551 γάρ
3715 1486 3761 1549 τῇ
3797 1486 3843 1550 σῇ

2329 1564 2556 1636 εὐγενείᾳ
2610 1571 2734 1636 μιᾶς
2790 1566 3136 1639 φροντιζούσῃ
3186 1568 3302 1636 (49)
3350 1574 3588 1628 τοσοῦτος
3624 1572 3852 1639 περίκειται

2330 1653 2484 1723 ὄχλος
2535 1661 2813 1727 μεριμνῶν,
2853 1660 3019 1715 πόσας
3067 1655 3299 1727 νομίζεις
3345 1658 3482 1728 ἡμᾶς
3528 1658 3611 1717 τὰς
3655 1654 3715 1727 ἐφ’
3755 1653 3850 1706 ἐκά-

2332 1762 2458 1803 στης
2506 1742 2702 1816 ἡμέρας
2740 1741 3017 1813 ἀσχολίας,
3050 1746 3229 1815 ἔχειν;
3261 1749 3331 1798 Τὸ
3382 1740 3439 1797 δὲ
3482 1748 3566 1797 σὸν
3605 1748 3709 1817 ὄναρ
3734 1745 3854 1814 ἡγοῦο

2330 1851 2427 1903 μαι
2472 1830 2778 1903 τελειότερον
2822 1828 3208 1899 ἐνδείκνυσθαι,
3262 1834 3327 1893 ὡς
3375 1834 3476 1908 ἄρα
3516 1830 3617 1886 δέοι
3652 1836 3749 1905 περὶ
3784 1840 3854 1891 τῆς

2330 1921 2468 1971 κατὰ
2526 1918 2708 1991 ψυχὴν
2783 1922 2995 1993 θεωρίας
3071 1924 3343 1974 ποιεῖσθαί
3409 1942 3524 1974 τινα
3588 1920 3852 1992 ἔπιμελειαν,

2332 2005 2597 2067 κάκείνους
2656 2010 2773 2068 τούς
2834 2004 3130 2080 ὀφθαλμούς
3199 2011 3494 2081 θεραπεύειν
3557 2009 3626 2069 οἷς
3682 2008 3705 2058 ὁ
3759 2008 3857 2065 Θεὸς

2332 2096 2559 2169 ὁρᾶσθαι
2586 2100 2829 2167 πέφυκεν.
2860 2095 3107 2168 Ἐχουσα
3150 2094 3210 2150 δὲ
3239 2102 3336 2156 τήν
3366 2097 3420 2149 ἐκ
3459 2106 3553 2149 τῶν
3591 2099 3718 2149 θείων
3753 2101 3856 2169 Γρα-

2335 2193 2437 2257 φῶν
2485 2184 2833 2258 παράκλησιν,
2886 2189 3004 2239 οὔτε
3050 2187 3195 2259 ἡμῶν
3249 2190 3367 2239 οὔτε
3415 2186 3563 2239 ἄλλου
3603 2188 3722 2245 τινὸς
3760 2179 3856 2241 δεη-

2337 2275 2473 2345 θὴσῃ
2521 2276 2652 2347 πρὸς
2693 2278 2751 2325 τὸ
2797 2276 2862 2326 τὰ
2902 2271 3087 2326 δέοντα
3139 2282 3385 2351 συνορᾷω,
3434 2276 3651 2349 αὐτάρκη
3702 2278 3778 2331 τὴν
3818 2271 3857 2322 ἐκ

2333 2370 2423 2414 τού
2454 2362 2604 2435 ἁγίου
2648 2364 2938 2435 Πνεύματος
2972 2366 3175 2435 ἔχουσα
3223 2363 3541 2438 συμϐουλίαν
3566 2369 3646 2416 καὶ
3683 2358 3855 2433 «Edwin

2331 2455 2461 2524 πρὸς
2490 2455 2549 2505 τὸ
2582 2456 2839 2526 συμφέρον
2852 2494 2867 2507 .

2860 2607 3196 2657 ΕΠΙΣΤΟΛΗ
3238 2602 3396 2659 ΣΠΔ’.

1530 2729 1687 2785 Petit
1724 2733 1791 2783 ut
1826 2724 2109 2783 monachi
2144 2742 2180 2781 a
2218 2724 2457 2783 tributis
2495 2728 2617 2783 sint
2656 2726 2971 2783 immunes.

776 2876 875 2934 Ad
911 2880 1283 2949 censitorem,
1324 2895 1508 2936 causa
1544 2881 2002 2938 monachorum.

629 3002 919 3069 Equidem
958 3007 1106 3075 puto
1149 3004 1276 3074 jam
1309 3020 1590 3060 normam
1620 3005 1892 3077 aliquam
1922 3002 2213 3060 constitu-

553 3092 677 3147 tam
700 3107 829 3147 esse
854 3094 1019 3163 apud
1042 3098 1209 3149 tuam
1227 3093 1579 3163 dignitatem
1600 3094 1675 3149 de
1696 3096 1765 3149 iis
1781 3111 1917 3165 quae
1940 3097 2214 3165 spectant

550 3179 630 3233 ad
659 3182 1023 3246 monachos,
1053 3182 1208 3237 adeo
1241 3188 1305 3237 ut
1334 3198 1577 3237 necesse
1598 3198 1722 3237 non
1748 3182 2011 3237 habeam
2039 3198 2217 3251 pecu-

550 3266 698 3321 liare
742 3268 1105 3323 beneﬁcium
1150 3269 1300 3341 ipsis
1334 3268 1511 3341 425
1548 3275 1767 3340 petere,
1803 3270 1907 3323 sed
1953 3270 2096 3324 satis
2143 3269 2217 3323 sit

556 3355 663 3420 eis,
694 3355 1003 3409 communi
1043 3373 1180 3411 cum
1228 3357 1513 3411 omnibus
1554 3358 1774 3428 perfrui
1818 3357 2210 3412 humanitate.

562 3443 677 3499 Sed
716 3449 917 3498 tamen
962 3445 1078 3499 mei
1119 3444 1298 3499 ofﬁcii
1330 3461 1457 3501 esse
1490 3445 1743 3511 ducens,
1773 3447 1992 3501 horum
2017 3446 2213 3501 homi-

561 3546 711 3587 num
742 3548 851 3604 pro
880 3532 1104 3587 viribus
1137 3549 1344 3589 curam
1376 3551 1599 3606 gerere,
1628 3535 1704 3591 ad
1733 3535 2017 3591 eximiam
2046 3538 2213 3590 tuam
2252 3529 2294 3583 C

562 3622 949 3694 prudentiam
975 3621 1200 3679 litteras
1229 3624 1421 3691 mitto,
1447 3625 1633 3696 utqui
1658 3625 1787 3694 jam
1819 3624 1963 3679 olim
1994 3623 2214 3680 saeculo

563 3712 843 3768 nuntium
866 3713 1248 3780 remiserunt,
1281 3729 1351 3768 ac
1377 3730 1555 3769 suum
1584 3715 1851 3787 ipsorum
1885 3730 2103 3786 corpus
2133 3716 2216 3770 ita

563 3802 1026 3867 mortiﬁcarunt,
1058 3807 1123 3857 ut
1146 3818 1344 3874 neque
1374 3804 1669 3874 pecuniis,
1702 3820 1898 3875 neque
1924 3819 2215 3875 corporeo

561 3890 768 3947 labore
816 3891 1154 3963 quidquam
1202 3892 1493 3963 prodesse
1531 3892 1787 3965 publicae
1835 3893 1920 3947 rei
1961 3894 2212 3965 possint,

562 3978 797 4034 tributis
828 3980 1187 4035 eximantur.
1219 3981 1555 4047 Enimvero,
1585 3982 1633 4036 si
1663 3981 1847 4037 modo
1880 3982 2216 4037 secundum

561 4066 1000 4138 professionem
1038 4068 1263 4137 vivant,
1299 4084 1497 4140 neque
1524 4070 1838 4140 pecunias,
1868 4086 2067 4143 neque
2091 4086 2216 4125 cor-

562 4169 715 4226 pora
733 4154 988 4221 habent;
1015 4171 1155 4210 cum
1181 4155 1311 4210 illas
1331 4156 1607 4212 videlicet
1633 4158 1694 4213 in
1720 4174 2049 4228 egenorum
2070 4175 2217 4214 usus

562 4244 961 4317 profuderint,
983 4246 1114 4301 haec
1135 4261 1279 4302 vero
1294 4246 1631 4317 jejunando
1661 4264 1732 4304 ac
1755 4249 2057 4320 precando
2078 4264 2217 4306 con-

564 4334 853 4391 triverint.
896 4335 1028 4392 Scio
1068 4341 1271 4393 autem
1321 4336 1467 4403 fore,
1503 4341 1569 4393 ut
1614 4336 1763 4393 nihil
1808 4338 2004 4406 magis
2050 4354 2216 4394 reve-

562 4425 771 4490 rearis,
801 4441 989 4497 quam
1035 4425 1312 4482 homines
1357 4425 1441 4481 ita
1481 4425 1771 4492 viventes,
1814 4426 2038 4499 tibique
2080 4427 2216 4483 illos

564 4513 874 4584 adjutores
915 4530 1132 4586 parare
1173 4513 1336 4585 velis,
1380 4519 1446 4569 ut
1492 4514 1595 4586 qui
1644 4530 1752 4587 per
1801 4514 2215 4585 evangelicum

563 4602 804 4658 vivendi
832 4618 1022 4672 genus
1051 4602 1373 4659 Dominum
1394 4602 1636 4676 placare
1662 4604 1912 4676 possim.

635 4779 653 4798 '
689 4777 850 4853 Alias
881 4782 1229 4835 CCLXXXIV.
1267 4781 1498 4853 Scripta
1528 4780 1586 4837 in
1617 4781 1989 4853 episcopatu.

634 4854 677 4924 ξ’
718 4849 875 4924 Alias
907 4852 1127 4924 CCCIY.
1160 4849 1475 4923 Scripta'in
1503 4849 1878 4924 episcopatu.

632 4922 746 4995 (4(5)
781 4928 911 4995 Τῆςᾼ
943 4919 1193 4995 συνοδου.
1244 4919 1467 4994 Ξᾶνιιοιὶὶ
1524 4919 1767 4979 nomine
1808 4925 1996 4981 multa
2048 4927 2214 4995 apud

562 4992 846 5069 Basilium
869 4993 1192 5069 signiﬁcari
1221 4992 1435 5069 solent,
1456 4996 1759 5050 interdum
1786 4992 2213 5069 episcoporum

561 5063 835 5127 concilia,
885 5065 1187 5120 interdum
1246 5066 1512 5121 ﬁdelium
1564 5063 1898 5122 conventus
1956 5063 2033 5123 ad
2088 5069 2215 5123 dies

560 5135 747 5210 festos
791 5142 1148 5210 martyrum.
1183 5137 1328 5190 utin
1375 5138 1757 5210 epistolisrtlii.
1789 5141 1875 5201 98,
1915 5145 2033 5195 126.
2068 5144 2215 5210 Ipsm

563 5207 746 5261 etiam
772 5206 1058 5279 ecclesiae
1112 5206 1425 5261 vocantur
1452 5209 1668 5279 synodi
1708 5209 1765 5262 in
1817 5209 1986 5279 epist.
2026 5206 2131 5265 28B
2161 5220 2217 5267 et

564 5282 688 5333 32L
722 5278 819 5333 llic
852 5283 1056 5333 autem
1103 5294 1204 5333 eOs
1235 5284 1564 5333 conventus
1613 5278 1893 5341 designat
1940 5284 2211 5345 Basilius,

565 5364 740 5420 quos,
766 5365 899 5404 cum
934 5350 1215 5405 ecclesias
1246 5365 1529 5417 agrorum
1559 5350 1846 5415 visitaret,
1870 5354 2217 5409 convocatis

566 5419 968 5498 presbyteris,
1008 5420 1270 5498 indicere
1324 5419 1600 5475 solebat:
1657 5421 1878 5477 horum
1939 5426 2219 5498 exempla

567 5490 769 5546 habes
788 5492 847 5547 in
876 5490 1284 5563 epistolaA278.

641 5563 755 5630 (47)
794 5559 1090 5635 Iuv-iuxta;
1120 5559 1199 5635 de.
1230 5565 1317 5619 Ita
1340 5561 1508 5635 Cois].
1543 5567 1814 5635 uterque.
1842 5566 1984 5634 Reg.
2009 5583 2220 5624 secun-

572 5630 689 5687 dus
718 5637 775 5690 et
821 5630 1076 5693 Clarom.
1108 5634 1312 5692 Plures
1355 5634 1593 5693 codices
1635 5630 1759 5692 non
1800 5630 2129 5695 habuimus
2157 5641 2221 5701 in

2245 4860 2292 4915 Ι)

2628 2882 2753 2953 Περὶ
2792 2879 3119 2951 μοναζόντων
3159 2878 3300 2949 (50),
3343 2884 3626 2951 κηνσίτορι.

2398 2998 2562 3074 Οἶμαι
2611 3007 2700 3074 μέν
2758 3022 2878 3055 τινα
2919 2998 3025 3061 ἤδη
3077 3005 3238 3054 τύπον
3287 3004 3639 3076 κεκρατῆσθαι
3684 3000 3792 3051 tari:
3820 3004 3863 3066 τῇ

2325 3109 2594 3162 τιμιοτητι
2663 3111 2758 3143 σου
2825 3101 2923 3144 τῶν
2982 3092 3317 3164 μοναζὸντωυ
3371 3094 3565 3158 ἕνεκεν,
3627 3092 3688 3151 ὡς
3742 3082 3865 3158 μηδὲν

2327 3182 2465 3252 ἡμᾶς
2518 3177 2730 3233 δεῖσθαι
2785 3177 3100 3242 ἰδιάζουσαν
3154 3183 3325 3254 χάριν
3380 3181 3460 3234 ἐπ’
3518 3180 3680 3240 αὐτοῖς
3726 3179 3863 3235 αἰτίαν

2326 3267 2433 3319 ἀλλ’
2490 3268 2719 3343 ἐξαρκεῖν
2781 3270 2999 3337 αὐτοῖς,
3052 3270 3096 3323 εί
3148 3278 3244 3331 τῆς
3306 3280 3480 3331 κοινῆς
3541 3271 3663 3342 μετὰ
3708 3268 3866 3319 πάντων

2326 3357 2675 3410 ἀπολαύσειαν
2740 3359 3161 3433 φιλανθρωπίας·
3235 3362 3382 3432 ὅμως
3443 3357 3502 3413 δὲ
3563 3362 3647 3410 καὶ
3711 3354 3865 3427 ἐμαυτῷ

2324 3446 2614 3499 ἐπιϐάλλειν
2686 3450 2965 3519 ἡγούμενος
3032 3449 3349 3521 φροντίζειν,
3416 3452 3480 3501 τὰ
3545 3444 3741 3507 δυνατὰ,
3792 3449 3863 3492 τῶν

2322 3539 2606 3601 τοιούτων,
2673 3535 2953 3589 ἐπιστέλλω
3013 3545 3077 3610 τῇ
3145 3538 3315 3610 τελείᾳ
3379 3544 3577 3591 συνέσει
3640 3553 3723 3587 σον
3775 3532 3861 3588 τοὺς

2322 3626 2483 3677 πάλαι
2539 3626 2628 3697 μὲν
2683 3625 3100 3697 ἀποταξαμένους
3148 3636 3222 3697 τῷ
3292 3626 3423 3699 βίῳ,
3470 3633 3787 3698 νεκρωσαντας
3820 3615 3861 3669 δῖ

2323 3715 2515 3767 ἑαυτῶν
2546 3718 2604 3766 τὸ
2659 3723 2829 3786 σῶμα,
2872 3717 2937 3775 ὡς
2975 3720 3108 3787 μήτε
3157 3714 3261 3767 ἀπὸ
3305 3718 3594 3788 χρημάτων
3638 3717 3751 3785 μήτε
3788 3705 3858 3758 ἀπὸ

2322 3812 2417 3867 τῆς
2459 3812 2767 3876 σωματικῆς
2815 3806 3109 3877 ὑπηρεσίας
3146 3801 3414 3857 δύνασθαί
3453 3825 3504 3857 τι
3532 3809 3757 3876 παρέχειν
3784 3802 3861 3852 τοῖς

2325 3889 2607 3963 δημοσίοις
2664 3899 2959 3967 χρήσιμον,
3028 3891 3231 3965 ἀφιέναι
3290 3902 3393 3945 τῶν
3453 3891 3747 3945 συντελειῶν.
3792 3890 3861 3938 Καὶ

2322 3984 2423 4054 γὰρ
2486 3985 2625 4057 εἰπερ
2685 3982 2789 4034 εἰσὶ
2852 3984 2987 4063 κατα
3040 3986 3099 4034 τό
3158 3981 3465 4055 ἐπάγγελμα
3520 3982 3731 4042 ζῶντες,
3780 3976 3863 4025 οὗτε

2322 4076 2582 4144 χρήματα
2620 4073 2837 4142 ἔχουσιν
2882 4074 2998 4123 οὔτε
3040 4077 3297 4143 σώματα⁶
3350 4075 3417 4123 τὰ
3454 4074 3543 4144 μὲν
3591 4070 3651 4128 εἰς
3684 4070 3764 4123 τὴν
3794 4066 3864 4112 τῦν

2326 4156 2577 4232 δεομένων
2633 4166 2902 4212 κοινωνίαν
2964 4158 3435 4233 ἀποκτησάμενοι,
3489 4162 3555 4213 τὰ
3608 4155 3663 4211 δὲ
3711 4154 3753 4207 ἐν
3795 4168 3864 4205 νη·

2327 4253 2525 4311 στείαις
2571 4254 2661 4301 καὶ
2707 4257 3035 4321 προσευχαῖς
3080 4249 3519 4324 κατατρίψαντες.
3551 4244 3681 4300 Οἶδα
3722 4239 3864 4305 δὲ,ὄτι

2324 4342 2445 4400 τοὺς
2477 4339 2611 4391 οὕτω
2644 4336 2965 4411 βεϐιωκότας
2994 4342 3186 4400 παντὸς
3216 4338 3411 4411 μᾶλλον
3442 4336 3516 4391 δι’
3551 4333 3720 4393 αἰδοῦς
3743 4329 3862 4391 ἄξεις,

2324 4433 2413 4480 καὶ
2454 4426 2707 4500 βουλήσει
2740 4427 2848 4497 (51)
2892 4435 3089 4497 σεαυτῷ
3129 4429 3439 4485 κτήσασθαι
3486 4426 3719 4499 βοηθοὺς,
3746 4416 3864 4471 dwa-

2323 4520 2441 4578 τοὺς
2498 4513 2592 4569 διὰ
2639 4526 2735 4579 τῆς
2798 4520 2935 4569 κατὰ
2980 4520 3038 4569 τὸ
3103 4516 3421 4589 Εύαγγιλιον
3480 4515 3717 4572 πολιτείας
3766 4502 3864 4560 δυσ⁶

2325 4614 2539 4665 ωπῆσαι
2576 4610 2662 4658 τὸν
2706 4609 2915 4681 Κύριον.

2322 4782 2481 4858 hanc
2511 4783 2847 4854 epistolam.
2874 4782 3023 4858 Εάὶίξ
3039 4788 3339 4858 συντυχίας
3369 4786 3647 4858 καιρός-Μ
3772 4843 3781 4853 ι

2396 4856 2510 4923 (48)
2552 4849 2700 4907 Κατά
2731 4860 2967 4911 σεαυτήν.
2996 4854 3085 4909 Sic
3116 4849 3297 4909 iidem
3326 4849 3475 4909 mss.
3510 4849 3686 4907 Editio
3708 4849 3863 4918 prima

2324 4925 2503 4981 Paris.
2537 4930 2673 4977 κατὰ
2701 4930 2937 4981 σεαυτόν.

2394 4999 2503 5066 (49)
2536 5004 2677 5070 alii;
2716 4998 3096 5070 φροντιζούσῃῖ
3127 4996 3299 5070 Cois].
3336 4993 3723 5070 secundus-et
3752 4988 3861 5070 Reg:

2326 5062 2627 5122 secundus
2656 5062 2906 5125 addunt.
2937 5062 3099 5139 quod
3132 5068 3297 5122 deest
3321 5073 3454 5139 tum
3484 5067 3543 5139 in
3573 5062 3743 5125 editis,
3768 5062 3861 5110 tum

2325 5140 2384 5193 in
2417 5139 2731 5194 codicibus
2763 5139 2935 5214 Coisl.
2960 5137 3167 5214 primo
3194 5144 3250 5193 et
3279 5137 3662 5214 ϐιοῖ’...οὶκίοιςἶ
3785 5192 3841 5214 μ

2400 5212 2511 5279 (50)
2557 5217 2678 5282 Περὶ
2724 5196 3071 5282 μοναζονέων,
3122 5212 3284 5282 Hunc
3311 5208 3570 5282 ~titulum
3620 5196 3864 5282 siclexlii‘:

2326 5266 2469 5335 bent
2495 5266 2673 5336 ’Cois‘l.
2708 5266 2940 5352 primus
2983 5286 3039 5336 et
3086 5281 3233 5336 Med.
3263 5280 3372 5352 Alii
3416 5278 3641 5352 codices
3676 5276 3725 5327 et
3757 5266 3861 5352 editi

2327 5353 2557 5407 addunt
2611 5338 2741 5405 ὥστε
2781 5354 2972 5414 αύτούς
3016 5361 3111 5404 τῶν
3171 5351 3466 5404 συντελειῶν
3519 5345 3779 5418 διαφεῖναι,
3812 5338 3861 5389 ατ

2327 5439 2420 5479 eos
2450 5440 2488 5478 α
2519 5425 2759 5480 tributis
2789 5430 3038 5481 eximat.

2400 5497 2513 5563 (iii)
2555 5496 2827 5555 Βουλήσει.
2868 5498 2949 5550 Ita
2996 5493 3170 5567 cois].
3201 5492 3431 5567 primus
3471 5493 3527 5547 et
3570 5484 3709 5544 Med.
3751 5490 3858 5536 cum

2329 5565 2459 5624 aliis
2485 5567 2811 5624 nonnullis.
2840 5567 3012 5623 Editi.
3042 5564 3303 5641 βουλήσῃ.
