4074 6220
254 356 384 423 tim

783 494 1122 553 ΕΠΙΣΤΟΛΗ
1154 497 1313 555 an‘.

1168 377 1653 435 EPISTOLARUH
1690 374 1967 437 CLASSIS
2007 378 2074 438 ll.
2112 382 2327 439 EPIST.
2366 380 2715 438 CCLXXXVI.

3152 2 3911 17 f,..e_____.___.—-n.~._

3469 380 3491 433 i
3502 379 3606 432 012

2404 506 2741 562 EPISTULA
2780 492 3138 563 cctxxxv'.

824 623 1209 682 Commendat
1232 622 1515 682 Ecclesia?
1531 628 1924 696 possessiones
1950 643 2081 701 qua:
2101 630 2299 685 nimiis
2331 629 2572 686 tributis
2593 629 3038 700 premebantur.

322 765 720 837 Ἀνεπίγραφος,
752 763 838 818 ἐπὶ
874 772 937 837 τῇ
970 771 1065 829 τῆς
1105 766 1416 829 Ἐκκλησίας
1452 774 1773 843 προστασίᾳ.

320 886 382 940 Ὀ
405 896 498 949 τῆς
528 886 840 953 Ἐκκλησίας
870 894 1174 963 φροντίζων,
1214 895 1303 945 καὶ
1353 888 1447 945 διὰ
1489 895 1673 967 χειρὸς
1711 896 1848 967 ἔχων

244 985 351 1028 τῶν
380 982 611 1035 κτήσεων
639 980 735 1035 τὴν
764 976 1075 1051 ἐπιμέλειαν,
1108 980 1261 1042 αὐτὸς
1289 980 1430 1034 ἔστιν
1451 983 1477 1035 ὁ
1507 987 1596 1040 την
1634 983 1849 1036 έπιστο-

242 1063 343 1123 λήν
375 1052 652 1145 ἐπιδιδούς
706 1085 791 1119 σοι
836 1069 1053 1133 ταύτην,
1086 1070 1111 1122 ὀ
1163 1068 1435 1141 ἀγαπητός
1465 1073 1575 1133 υἱός
1614 1074 1641 1124 ό
1681 1069 1848 1127 δεῖνα.

235 1156 431 1230 Τούτῳ
477 1153 825 1223 καταξίωσον,
851 1160 969 1229 περὶ
1021 1157 1090 1208 ὧν
1142 1157 1380 1232 ἀναφέρει
1424 1168 1487 1233 τῇ
1535 1165 1849 1233 κοσμιότητί

239 1262 374 1306 σου,
404 1238 587 1294 δοῦναι
607 1247 697 1295 καί
724 1242 878 1315 λόγου
917 1243 1238 1319 παρρησίαν,
1272 1251 1362 1300 καὶ
1402 1253 1521 1320 περὶ
1559 1250 1626 1300 ὧν
1676 1247 1848 1302 διαϐε-

236 1324 497 1413 ϐαιοῦται
526 1332 638 1401 (52)
666 1340 924 1406 προσχεῖν
951 1355 965 1367 ·
1001 1334 1085 1385 ἵνα
1122 1333 1222 1387 ἀπὸ
1251 1343 1375 1406 γοῦν
1404 1344 1496 1389 τοῦ
1524 1344 1611 1389 νῦν
1644 1334 1843 1411 δυνηθῇ

236 1421 282 1478 ἦ
316 1418 608 1477 Ἐκκλησία
650 1419 836 1480 ἑαυτὴν
884 1419 1174 1491 ἀναλαϐεῖν,
1223 1429 1313 1477 καὶ
1359 1434 1450 1487 τῆς
1496 1425 1847 1500 πολυκεφάλου

234 1510 451 1571 ταύτης
476 1502 548 1561 ῦδ
547 1529 640 1582 ρας
668 1504 1049 1582 ἀπαλλαγῆναι.
1065 1515 1291 1572 Τοιαύτη
1313 1514 1413 1587 γὰρ
1440 1516 1470 1573 ἡ
1503 1516 1599 1568 τῶν
1620 1526 1849 1588 πτωχῶν

234 1605 465 1663 κτῆσις,
497 1599 631 1651 ὥστε
655 1599 735 1652 ἀεὶ
764 1600 905 1673 ἡμᾶς
938 1601 1173 1662 ζητῆσαι
1200 1606 1288 1655 τόν
1326 1599 1713 1676 ὑποδεχόμενον
1748 1606 1850 1657 αύ-

234 1690 368 1753 τὴν,
403 1684 494 1739 διὰ
522 1689 580 1739 τό
626 1687 886 1767 προσανα)
900 1693 1063 1743 ίσκειν
1087 1690 1279 1764 μᾶλλον
1316 1696 1410 1751 τὴν
1445 1692 1773 1760 Ἐκκλησίαν,
1813 1699 1843 1753 ἦ

235 1794 372 1829 τινα
396 1777 595 1848 καρπόν
624 1779 764 1849 ἔχειν
793 1776 896 1831 ἀπὸ
925 1787 1023 1832 τῶν
1052 1786 1348 1852 κτημᾶτων.

784 1918 1122 1976 murmur
1162 1907 1313 1984 zn‘a".

1874 773 1923 828 Α
1951 771 2088 830 Sine
2099 773 2505 843 inscriptione,
2522 778 2587 829 ut
2596 771 3004 843 patrocinium
3020 770 3293 828 Ecclesia?
3306 767 3605 825 conciliet.

2030 896 2142 963 Qui
2173 896 2445 954 Ecclesia:
2472 913 2681 954 curam
2711 896 2878 969 gerit,
2900 895 3119 968 cuique
3155 891 3605 966 possessionum

1958 984 2401 1042 administratio
2442 986 2790 1056 commissa,
2847 985 2975 1057 ipse
3022 986 3133 1051 est,
3163 982 3268 1054 qui
3307 980 3467 1036 hanc
3498 977 3606 1035 tibi

1958 1073 2138 1131 tradit
2160 1075 2500 1147 epistolam,
2532 1076 2784 1131 dilectus
2811 1073 2909 1130 ille
2938 1072 3117 1128 ﬁlius.
3153 1070 3298 1127 Huic
3339 1066 3605 1139 digneris

1956 1163 2181 1234 quibus
2208 1163 2283 1220 de
2302 1164 2486 1221 rebus
2514 1165 2593 1221 ad
2622 1169 2791 1221 tuam
2820 1163 3174 1232 dignitatem
3211 1159 3445 1221 referet,
3474 1160 3607 1213 tum

1955 1250 2245 1323 loquendi
2272 1254 2609 1309 libertatem
2644 1253 2807 1319 dare,
2840 1256 2969 1307 tum
3016 1247 3385 1306 asseveranti
3430 1260 3607 1301 aures

1959 1341 2225 1413 praebere
2258 1358 2272 1397 :
2304 1348 2369 1397 ut
2397 1342 2608 1398 saltem
2634 1357 2795 1396 nunc
2823 1355 3090 1396 recreare
3116 1353 3178 1393 se
3203 1335 3395 1409 possit
3416 1332 3609 1390 Eccle-

1955 1430 2065 1494 sia,
2097 1436 2154 1487 et
2182 1431 2261 1487 ab
2285 1431 2386 1487 illa
2417 1431 2743 1487 multorum
2788 1430 3055 1501 capitum
3091 1426 3288 1499 hydra
3341 1423 3605 1481 liberari.

1954 1523 2286 1592 Pauperem
2310 1522 2472 1577 enim
2502 1520 2802 1593 possessio
2825 1524 2912 1574 est
2933 1516 3257 1588 ejusmodi,
3284 1519 3348 1569 ut
3368 1527 3608 1584 semper

1954 1625 2321 1681 quaeramus,
2352 1609 2457 1682 qui
2487 1626 2623 1664 eam
2655 1607 2979 1679 suscipiat;
3012 1622 3083 1660 eo
3133 1602 3299 1678 quod
3347 1600 3607 1658 Ecclesia

1956 1713 2138 1753 suum
2168 1698 2416 1770 insuper
2440 1697 2636 1770 potius
2674 1696 2980 1763 absumat,
3011 1709 3201 1767 quam
3255 1707 3328 1748 ex
3360 1704 3605 1762 posses-

1954 1785 2228 1843 sionibus
2252 1786 2479 1860 aliquid
2508 1785 2797 1858 percipiat
2823 1780 3234 1840 emolumenti.

2390 1920 2724 1983 EPISTULA
2771 1920 3179 1982 CCLXXXVI“.

235 2036 570 2115 Signiﬁcat
590 2042 847 2102 Basilius
862 2046 1035 2117 fures
1065 2048 1129 2103 in
1158 2049 1405 2105 ecclesia
1435 2049 1887 2119 comprehensos
1909 2065 1947 2106 a
1975 2050 2323 2120 sejudicari
2343 2051 2574 2118 debere,
2592 2066 2663 2107 ac
2694 2050 2989 2107 immerito
3010 2044 3605 2104 Commentariensem

1370 2138 1490 2195 sibi
1509 2154 1713 2196 eorum
1742 2142 2140 2210 receptionem
2169 2154 2482 2210 arrogare.

844 2267 1141 2335 Κομενταρη
1152 2266 1269 2334 σίῳ,

322 2379 537 2441 Ἐπειδὴ
567 2401 700 2444 τινες
732 2382 781 2435 ἓν
806 2392 867 2456 τῇ
896 2381 1102 2457 συνόδῳ
1148 2385 1262 2454 (53)
1289 2383 1419 2459 τῇδε
1454 2387 1849 2460 συνελήφθησαν

241 2480 356 2523 τῶν
384 2474 450 2524 τὰ
483 2476 686 2547 πονηρὰ
712 2472 1086 2547 ἐργαζομένων,
1126 2481 1214 2528 καί
1238 2476 1548 2529 κλεπτόντων
1590 2481 1733 2553 παρὰ
1760 2484 1849 2537 τήν

244 2560 461 2637 ἐντολὴν
487 2570 583 2613 τοῦ
616 2567 812 2637 Κυρίου
846 2565 1027 2636 ἱμάτια
1052 2564 1223 2625 εὐτελῆ
1266 2575 1497 2638 πτωχῶν
1546 2565 1848 2640 ἀνθρώπων,

243 2650 342 2710 οὓς
373 2645 567 2702 ἐνδύειν
596 2650 787 2722 μᾶλλον
818 2650 983 2727 ἐχρῆν
1010 2653 1039 2713 ἣ
1075 2651 1324 2707 ἀποδύειν
1356 2676 1369 2690 ·
1406 2654 1740 2709 συνελάϐοντο
1759 2658 1849 2728 μὲν

245 2739 440 2799 αύτούς
468 2741 517 2791 οἱ
542 2748 636 2802 τῆς
668 2741 906 2804 εὐταξίας
938 2741 1293 2815 ἐπιμελόμενοι
1340 2753 1435 2806 τῆς
1483 2743 1849 2803 ἐκκλησιαστι-

244 2836 316 2886 xi
332 2848 372 2890 ς.
403 2832 620 2899 νομίσας
649 2830 763 2899 (54)
797 2826 855 2884 δὲ
881 2831 1020 2901 αύτῷ
1053 2850 1137 2885 σοι
1167 2824 1450 2905 διαφέρειν,
1483 2836 1551 2893 ὡς
1579 2836 1644 2885 τὰ
1675 2830 1850 2906 δημό-

244 2937 349 2970 σια
376 2919 680 2988 πράττοντι,
719 2924 808 2977 τὴν
835 2928 933 2972 τῶν
963 2925 1207 2974 τοιούτων
1255 2920 1536 2995 ὑποδοχὴν
1566 2924 1697 2994 (55),
1731 2922 1849 2976 ἐπέ-

246 3005 433 3061 στειλά
461 3027 566 3076 σοι,
592 3012 880 3082 γνωρίζων,
899 3013 980 3063 ὃτι
999 3014 1065 3064 τὰ
1093 3010 1142 3063 έν
1163 3020 1279 3075 ταῖς
1303 3011 1602 3073 ἐκκλησίαις
1622 3012 1853 3086 ἁμαρτα-

245 3099 442 3168 νόμενα
469 3096 552 3168 ὑφ’
584 3098 730 3169 ἡμῶν
758 3101 870 3170 (56)
900 3105 1157 3173 προσήκει
1184 3110 1281 3163 τῆς
1308 3105 1608 3175 πρεπούσης
1636 3105 1850 3173 τυγχά-

247 3204 354 3238 νειν
382 3181 735 3256 διορθώσεως,
790 3184 1052 3251 δικαστὰς
1095 3186 1154 3242 δὲ
1182 3195 1301 3265 περὶ
1330 3193 1526 3242 τούτων
1576 3196 1647 3263 μὴ
1688 3210 1853 3266 παρε-

250 3273 585 3345 νοχλεῖσθαι.
613 3277 707 3328 Διὰ
733 3284 886 3329 τοῦτο
910 3283 1001 3329 καὶ
1040 3280 1107 3330 τὰ
1138 3284 1272 3330 σύλα
1301 3279 1490 3349 αὐτῶν,
1522 3280 1557 3332 ἆ
1595 3277 1749 3337 δηλοῖ
1793 3283 1852 3332 τό

252 3364 403 3424 παρὰ
429 3368 512 3416 σοι
540 3368 792 3436 κείμενον,
824 3371 914 3418 καὶ
943 3368 974 3425 ἡ
1007 3365 1091 3419 ἐπὶ
1119 3370 1322 3419 πάντων
1350 3376 1450 3419 τῶν
1487 3373 1753 3443 παρόντων
1774 3388 1854 3440 γε·

261 3455 444 3522 νομέτη
481 3451 796 3529 ἀντιγραφή,
819 3452 1186 3527 ὑποδεχθῶαι
1220 3457 1537 3530 προσέταξα,
1565 3462 1656 3509 καὶ
1680 3459 1746 3509 τὰ
1765 3461 1855 3530 μεν

264 3543 603 3612 ταμιωθῆναι
631 3551 741 3605 τοῖς
771 3543 1161 3619 ἐπερχομένοις,
1191 3548 1257 3598 τὰ
1304 3542 1363 3599 δε
1403 3543 1721 3605 διαδοθῆναι
1748 3554 1855 3608 τοῖς

264 3636 496 3703 παροῦσι
518 3652 530 3664 ·
563 3636 681 3692 τοὺς
708 3628 768 3685 δὲ
797 3631 1098 3707 ἀνθρώπους
1120 3632 1431 3707 ἐπιστρέψαι
1462 3637 1510 3687 ἓν
1530 3631 1747 3707 παιδείᾳ
1766 3641 1856 3687 καὶ
1887 3614 1926 3668 C

261 3719 509 3791 νουθεσίᾳ
552 3725 771 3794 Κυρίου,
803 3721 894 3782 οὓς
936 3719 1082 3794 οἶμαι
1113 3722 1161 3775 iv
1202 3731 1277 3793 τῷ
1329 3723 1543 3795 ὀνόματι
1585 3731 1677 3776 τοῦ
1725 3731 1859 3776 Θεοῦ

257 3806 503 3881 βελτίους
529 3815 771 3868 ποιήσειν
795 3814 922 3884 πρός
948 3815 1008 3865 τό
1040 3811 1183 3884 ἐφεξῆ
1196 3833 1234 3875 ς.
1262 3811 1326 3867 Ἀ
1355 3815 1458 3886 ’γὰρ
1490 3816 1546 3865 αἱ
1572 3822 1673 3865 τῶν
1704 3809 1859 3865 δικα-

256 3902 491 3972 στηρίων
518 3899 718 3971 πληγαὶ
760 3900 856 3953 οὐκ
907 3900 1217 3974 έργοίζονται
1245 3906 1379 3968 (571,
1437 3909 1603 3955 ταῦτα
1639 3903 1861 3973 ἔγνωμεν

252 3987 510 4049 πολλάκις
536 3991 605 4041 τὰ
632 3988 823 4065 φοϐερὰ
869 3995 1101 4065 κρίματα
1137 3998 1230 4044 τοῦ
1262 3996 1457 4066 Κυρίου
1482 3993 1859 4067 κατορθοῦνται

256 4076 326 4132 Εἰ
353 4073 414 4129 δὲ
454 4073 602 4130 δοκεῖ
639 4097 725 4130 σοι
775 4084 867 4131 καί
912 4084 1030 4153 περὶ
1058 4082 1252 4132 τούτων
1282 4079 1563 4153 ἀνενεγκεῖν
1590 4089 1663 4151 τῷ
1687 4085 1860 4153 κόμη-

253 4182 309 4216 τι
328 4166 465 4235 (58),
495 4172 746 4219 τοσοῦτον
795 4166 1081 4242 θαρροῦμεν
1123 4174 1231 4231 τοῖς
1276 4164 1500 4231 δικαίοις
1537 4173 1628 4221 καὶ
1672 4177 1735 4241 τῇ
1768 4174 1860 4220 τοῦ

258 4248 451 4325 ἀνδρὸς
474 4252 743 4326 ὀρθότητι,
783 4256 864 4308 ὅτι
888 4254 1221 4329 ἐπιτρέπομεν
1272 4276 1355 4309 σοι
1388 4264 1550 4310 ποιεῖν
1592 4257 1619 4310 ὃ
1659 4257 1859 4330 βούλει.

305 4613 452 4698 ,(52)
478 4610 898 4670 Διαϐιϐαιοῦται.
945 4611 1044 4669 Sic
1093 4626 1242 4670 mss.
1291 4615 1454 4669 tres.
1487 4611 1638 4669 Editi
1687 4613 1863 4685 βεϐαι-

260 4702 439 4738 ουταίο

336 4755 455 4834 (53)
483 4753 563 4807 Ἐν
584 4761 647 4835 τῇ
676 4751 884 4807 mea...
912 4752 1062 4827 τῇδε.
1092 4754 1379 4819 Quamvis
1406 4752 1536 4810 huic
1563 4753 1750 4808 verba
1778 4754 1863 4809 sic

260 4823 437 4880 reddi
469 4831 721 4880 possint.
750 4828 814 4880 in
843 4811 953 4880 hoc
978 4833 1292 4880 conventu.
1326 4825 1383 4880 id
1418 4831 1523 4880 est.
1569 4826 1629 4879 in
1659 4824 1863 4880 aliauo

260 4824 437 4881 reddi
469 4824 721 4895 possint.
750 4828 814 4881 in
843 4824 958 4881 hoc
978 4833 1292 4894 conventu,
1326 4825 1383 4880 id
1418 4831 1523 4885 est,
1569 4826 1629 4879 in
1659 4824 1863 4896 aliquo

261 4901 603 4967 martyrum
634 4894 806 4961 festo,
846 4897 1080 4953 videtur
1118 4902 1320 4952 tamen
1373 4895 1619 4967 Basilius
1662 4896 1861 4964 ipsum

1886 2264 1927 2318 B

2506 2261 3054 2321 Commentariensi.

2030 2386 2178 2444 Cum
2209 2387 2483 2444 nonnulli
2508 2387 2571 2444 in
2599 2387 2715 2444 hac
2745 2380 2994 2442 ecclesia
3043 2380 3463 2457 comprehensi
3494 2380 3609 2437 sint

1957 2476 2242 2545 maleﬁci,
2272 2475 2377 2549 qui
2424 2476 2604 2532 furati
2646 2481 2786 2532 sunt
2831 2479 3043 2531 contra
3098 2471 3353 2533 Domini,
3386 2485 3609 2543 praece-

1956 2571 2130 2637 ptum
2184 2566 2324 2622 vilia
2352 2582 2697 2637 pauperum
2748 2564 3126 2630 vestimenta,
3171 2577 3329 2634 quos
3361 2558 3609 2615 induere

1955 2655 2276 2728 oportebat
2300 2656 2518 2723 magis,
2548 2671 2736 2726 quam
2776 2669 3031 2718 exuere;
3074 2666 3335 2723 cumque
3383 2649 3462 2706 ab
3514 2649 3610 2719 iis,

1956 2744 2180 2816 quibus
2226 2743 2365 2799 recti
2414 2743 2476 2799 in
2522 2742 2782 2798 Ecclesia
2834 2740 3063 2796 ordinis
3111 2755 3258 2795 cura
3295 2737 3608 2808 incumbit,

1958 2832 2382 2904 comprehensi
2435 2832 2669 2897 fuerint,
2701 2829 2780 2886 ad
2838 2833 2892 2885 te
2922 2833 3120 2885 autem
3154 2826 3607 2890 existimaveris,

1958 2927 2023 2978 ut
2044 2921 2149 2994 qui
2174 2937 2301 2978 rem
2325 2919 2633 2992 publicam
2668 2934 2862 2988 geras,
2890 2916 3188 2988 ejusmodi
3212 2929 3611 2988 personarum

1958 3012 2363 3082 receptionem
2386 3009 2718 3081 pertinere;
2747 3008 2886 3063 dedi
2944 3005 3023 3061 ad
3071 3010 3123 3061 te
3172 3004 3417 3068 litteras,
3462 3006 3526 3057 ut
3552 3007 3611 3057 te

1959 3099 2219 3157 iacerem
2250 3100 2584 3166 certiorem,
2615 3113 2751 3170 quae
2776 3098 2836 3152 in
2868 3094 3133 3152 ecclesiis
3160 3095 3505 3166 peccantur,
3539 3106 3612 3147 ea

1961 3207 1997 3247 a
2026 3190 2226 3256 nobis,
2259 3193 2324 3244 ut
2350 3203 2463 3261 par
2492 3194 2598 3255 est,
2632 3186 2941 3244 emendari
2971 3185 3212 3251 debere,
3255 3197 3367 3238 nec
3409 3181 3485 3236 de
3514 3180 3607 3236 his

1958 3278 2143 3335 rebus
2195 3278 2425 3349 judice:
2489 3293 2619 3333 esse
2677 3274 3166 3348 interpellandos.
3235 3274 3612 3343 Quapropter

1959 3372 2156 3423 vestes
2188 3367 2474 3437 sacrilege
2504 3366 2839 3437 subreptas,
2886 3378 3042 3435 quas
3071 3362 3417 3433 depositum
3445 3358 3611 3429 apud

1962 3460 2017 3512 te
2047 3456 2469 3522 inventarium,
2500 3459 2558 3510 et
2596 3455 2657 3509 in
2709 3453 2985 3508 omnium
3041 3449 3369 3507 astantium
3422 3446 3612 3501 oculis

1960 3545 2326 3616 exscriptum
2357 3543 2666 3616 exemplar
2694 3541 2979 3610 declarat,
3009 3539 3194 3611 recipi
3246 3536 3525 3610 praecepi,
3557 3540 3614 3592 et

1967 3635 2115 3689 alias
2138 3634 2387 3706 quidem
2417 3632 2683 3688 venturis
2732 3630 2979 3698 servari,
3017 3628 3163 3684 alias
3212 3642 3356 3683 vero
3399 3626 3470 3681 iis
3507 3624 3614 3695 qui

1966 3722 2219 3778 aderant
2246 3723 2422 3789 tradi,
2453 3722 2632 3794 426
2673 3721 2950 3776 homines
3000 3732 3145 3773 vero
3193 3718 3253 3773 in
3297 3713 3615 3785 disciplina

1967 3814 2148 3883 atque
2185 3811 2593 3867 admonitione
2619 3808 2855 3865 Domini
2884 3806 3098 3875 corrigi
3122 3823 3136 3872 ;
3165 3820 3316 3876 quos
3346 3817 3522 3874 spero
3552 3801 3613 3856 in

1966 3902 2070 3956 Dei
2120 3900 2365 3956 nomine
2411 3899 2688 3954 meliores
2726 3898 3013 3968 deinceps
3072 3909 3169 3950 me
3218 3892 3612 3948 redditurum.

1967 3989 2109 4054 Quae
2152 3990 2314 4045 enim
2360 3988 2757 4044 tribunalium
2804 3985 3000 4058 plagas
3051 3998 3176 4039 non
3225 3981 3511 4039 efﬁciunt.
3542 3993 3616 4033 ea

1967 4078 2323 4150 plerumque
2371 4078 2656 4133 novimus
2723 4073 3038 4131 tremenda
3105 4070 3343 4127 Domini
3386 4065 3616 4139 judicia

1966 4166 2275 4241 perﬁcere.
2306 4166 2475 4232 Quod
2508 4166 2557 4221 si
2587 4166 2690 4221 tibi
2731 4164 2929 4220 visum
2975 4160 3144 4217 fuerit
3173 4164 3231 4215 et
3276 4157 3352 4214 de
3395 4156 3490 4212 his
3538 4154 3617 4210 ad

1969 4256 2261 4313 Comitem
2318 4256 2556 4322 referre,
2589 4253 2742 4310 adeo
2777 4260 2833 4308 et
2855 4251 2995 4323 juri,
3041 4254 3099 4306 et
3139 4247 3250 4304 viri
3298 4244 3621 4317 integritati

1967 4345 2354 4417 conﬁdimus,
2387 4349 2453 4401 ut
2480 4360 2589 4416 per
2615 4359 2714 4400 me
2751 4343 2858 4399 tibi
2889 4342 3064 4398 liceat
3098 4340 3295 4397 facere
3341 4333 3509 4408 quod
3552 4332 3617 4389 1i-

1968 4432 2183 4493 buerit.

1968 4626 2092 4667 non
2127 4609 2244 4664 alio
2272 4608 2526 4665 consilio
2564 4607 2718 4663 hanc
2748 4602 3066 4677 epistolam
3120 4601 3345 4671 scribit,
3393 4599 3511 4657 nisi
3552 4602 3621 4656 ut

1970 4682 2082 4737 sibi
2110 4680 2406 4750 judicium
2428 4680 2608 4749 hujus
2638 4679 2722 4734 rei
2750 4676 3063 4732 vindicet?

2042 4747 2150 4820 (55)
2178 4747 2485 4820 Υποδοχὴν.
2511 4747 2616 4805 Ἀιί
2640 4750 3225 4805 Commentariensem
3246 4749 3619 4820 receptarum

1971 4817 2692 4890 persanarurn'custodia
2766 4820 3242 4890 observatioque
3294 4817 3618 4890 pertineat,

1972 4886 2053 4948 ait
2080 4892 2175 4947 lex
2197 4892 2342 4947 data
2370 4907 2532 4947 anno
2558 4895 2684 4960 371,
2733 4890 2867 4945 cod.
2916 4886 3139 4946 Theod'.
3185 4887 3291 4944 lib.
3340 4904 3419 4948 ιχ.
3444 4886 3529 4942 tit.
3562 4888 3618 4953 3,

260 4963 491 5033 locum,
550 4971 614 5023 ut
656 4969 1189 5025 Commentariensi
1237 4974 1469 5027 notum.
1522 4963 1861 5034 designare,
1895 4963 1937 5017 D
1973 4979 2031 5035 p.
2066 4967 2152 5018 38.

264 5053 388 5093 non
412 5038 574 5111 diem
607 5037 969 5111 festum,qui
1001 5040 1147 5096 forte
1174 5039 1254 5095 illi
1285 5055 1407 5111 non
1434 5044 1553 5094 tam
1585 5038 1863 5111 cognitus

262 5114 408 5165 erat.
436 5109 627 5235 Pari;
639 5109 928 5235 1ecclesias
950 5111 1151 5167 vocari
1168 5110 1439 5182 synodos
1462 5109 1860 5182 perspicimus

263 5195 336 5235 ex
367 5196 494 5235 ems
526 5223 539 5235 .
600 5216 626 5234 ι.
671 5222 684 5235 .

263 5195 336 5236 ex
367 5195 539 5249 epist.
562 5195 684 5235 321.

336 5252 447 5331 (at)
483 5257 740 5331 Νομίσας.
775 5252 1056 5331 Quamvis
1172 5252 1285 5331 hac
1306 5267 1455 5307 voce
1485 5249 1864 5331 consentiant

262 5321 404 5393 editi
452 5329 507 5377 et
532 5321 677 5377 mss.
709 5323 965 5387 codices,
999 5324 1198 5379 nullus
1220 5328 1421 5380 tamen
1478 5322 1688 5379 dubito
1714 5321 1860 5393 quin

258 5392 586 5467 ιρκεηάυω
614 5394 688 5449 sit
713 5394 1068 5467 ἄορι-ισαλςιιιί
1102 5395 1215 5467 legi
1247 5396 1539 5467 interpres
1568 5409 1639 5448 ac
1668 5392 1865 5457 tegen-

259 5462 408 5520 dum
442 5470 648 5521 monet
676 5462 1091 5521 Combetisius.
1125 5462 1272 5522 Nam
1322 5468 1367 5521 si
1401 5462 1686 5529 legamus
1718 5468 1863 5533 νομί-

233 5554 383 5606 σας.
414 5535 797 5601 referendum
818 5535 879 5591 id
909 5536 1016 5591 erit
1045 5537 1119 5592 ad
1142 5536 1441 5593 Basilium.
1462 5542 1531 5591 At
1551 5534 1863 5606 quomodo

258 5605 522 5681 Dasilius
542 5607 850 5681 ejusmodi
891 5622 1289 5681 personarum
1338 5604 1743 5681 receptionem
1783 5604 1864 5681 ad

264 5677 912 5737 Commentariensem'
940 5681 1238 5753 pertinere
1278 5677 1697 5748 existimasset,
1756 5677 1863 5749 qui

2044 5034 2156 5103 (56)
2186 5031 2294 5104 Ὑφ’
2327 5034 2490 5104 ἡμῶν.
2520 5033 2607 5087 Ita
2634 5030 2815 5087 Cois].
2846 5036 3098 5104 uterque
3136 5036 3195 5087 et
3218 5032 3361 5099 Reg.
3400 5040 3617 5085 secun-

1967 5104 2102 5159 dus.
2134 5102 2277 5158 Editi
2311 5102 2393 5174 ὑφ’
2425 5104 2569 5174 ἡμῖν.

2040 5176 2154 5247 (57)
2186 5173 2544 5246 Ἐργςίςονται.
2580 5173 2756 5247 Cois].
2781 5175 3015 5245 primus
3040 5173 3431 5247 ἐξεργάζονται,

2039 5238 2147 5315 (58)
2280 5238 2497 5316 sanun.
2524 5238 2809 5300 Comitem
2834 5245 3087 5300 Orientis
3111 5238 3379 5316 intelligit
3402 5238 3619 5316 Gotho-

1969 5311 2173 5373 fredus
2202 5311 2258 5372 in
2291 5311 2445 5372 netis
2477 5317 2554 5371 ad
2578 5316 2771 5383 legem
2819 5317 3002 5371 modo
3044 5317 3302 5369 citatam.
3349 5311 3463 5365 Sed
3495 5325 3619 5383 non

1967 5390 2142 5445 video
2173 5405 2278 5442 cur
2304 5404 2422 5443 non
2456 5382 3181 5457 potiusinteltigendussit
3204 5399 3406 5438 comes
3429 5382 3621 5437 Ponti-

1969 5477 2074 5524 ca,
2104 5460 2277 5530 cujus
2299 5460 2354 5513 in
2388 5459 2626 5514 dioecesi
2650 5464 2775 5513 erat
2806 5462 3097 5530 Caesarea.

2040 5533 2058 5553 ‘
2090 5527 2247 5587 Alias
2277 5532 2535 5587 CCXXIX.
2562 5531 2793 5600 Scripta
2822 5529 2882 5583 in
2912 5527 3282 5600 episcopatu.

2042 5604 2083 5625 “
2109 5600 2271 5661 Alias
2296 5602 2621 5658 CCCCXVtt.
2655 5596 2884 5672 Scripta
2908 5598 2969 5653 in
2993 5596 3367 5670 episcopatu.
