4050 6220
460 318 594 381 1023

896 445 1235 504 EPISTOLA
1270 444 1670 503 CCLXXXVII'.

1826 317 1887 374 S.
1934 316 2182 374 BASlLlI
2220 314 2445 373 MAGNI

3664 316 3816 372 42οι

2746 444 3083 495 ΕΠΙΣΤΟΛΗ
3122 438 3279 495 ΣΠΖ’.

1132 581 1409 636 Removet
1425 594 1463 636 a
1479 577 1755 649 precibus
1781 575 2076 633 hominem
2102 573 2524 648 nequissimum
2546 588 2680 630 cum
2712 577 2837 631 tota
2861 574 3129 644 familia.

743 703 887 760 Sine
905 704 1316 774 inscriptione,
1340 708 1552 759 contra
1582 703 1827 758 ultores.

534 810 957 867 Difﬁcillimum
980 816 1069 866 est
1092 827 1230 866 cum
1251 811 1364 866 hoc
1376 810 1620 865 homine
1640 808 1969 879 negotium.
1984 809 2113 862 Non

462 901 625 957 enim
651 901 948 956 habemus
975 900 1122 973 quid
1153 900 1447 955 faciamus
1478 904 1599 954 tam
1624 896 1924 970 versipelli
1952 896 2114 965 inge-

462 990 563 1046 nio
585 995 785 1061 atque,
812 994 878 1044 ut
903 1005 973 1044 ex
1000 990 1179 1044 rebus
1205 994 1339 1045 ante
1360 989 1568 1044 oculos
1589 988 1794 1060 positis
1821 985 2113 1056 conjicere

464 1082 572 1146 est,
596 1078 932 1149 desperato.
965 1081 1113 1134 Nam
1140 1078 1200 1134 in
1220 1078 1517 1150 judicium
1543 1082 1813 1142 vocatus,
1846 1090 1968 1130 non
1990 1089 2115 1129 res-

463 1167 725 1239 pondet;
759 1166 926 1237 quod
953 1168 999 1221 si
1031 1166 1355 1233 advenerit,
1403 1170 1569 1222 tanta
1624 1165 1893 1220 ubertate
1932 1162 2115 1218 utitur

464 1254 706 1311 dicendi
728 1270 796 1310 ac
816 1256 1084 1325 jurandi,
1117 1260 1179 1311 ut
1204 1255 1489 1327 praeclare
1525 1252 1845 1310 nobiscum
1875 1252 1971 1323 agi
1996 1267 2114 1324 pu-

464 1346 680 1409 temus,
699 1343 745 1399 si
769 1344 883 1399 cito
911 1344 988 1399 ab
1012 1344 1110 1401 illo
1133 1344 1540 1400 discedamus.
1561 1345 1726 1415 Saepe
1744 1342 1923 1397 etiam
1943 1340 2114 1396 illum

462 1432 587 1488 vidi
615 1433 869 1488 crimina
906 1432 968 1488 in
1014 1438 1392 1489 accusatores
1441 1436 1908 1488 convertentem.
1958 1432 2024 1485 Et
2051 1428 2115 1485 in

465 1537 725 1591 summa,
760 1526 979 1577 natura
998 1522 1162 1578 nulla
1187 1526 1275 1578 est
1296 1521 1449 1577 inter
1476 1536 1549 1577 ea
1570 1536 1705 1593 quae
1722 1520 1877 1576 hanc
1893 1524 2112 1574 terram

465 1609 820 1681 depascunt,
840 1615 963 1667 tam
983 1616 1244 1680 versuta,
1261 1616 1506 1684 tamque
1538 1609 1615 1665 ad
1637 1608 1925 1665 malitiam
1952 1606 2116 1662 ﬂexi-

464 1697 621 1765 bilis,
653 1714 841 1771 quam
867 1705 955 1756 est
984 1700 1094 1755 viri
1124 1699 1300 1767 illius,
1325 1697 1845 1771 quemadmodum
1877 1696 1994 1752 levi
2023 1695 2119 1751 fa-

465 1792 559 1843 cto
586 1789 852 1860 periculo
875 1794 1143 1861 spectare
1167 1788 1320 1845 licet.
1346 1788 1496 1854 Quid
1522 1791 1724 1843 autem
1746 1801 1843 1841 me
1871 1799 2120 1858 percon-

466 1877 698 1943 tamini,
734 1893 805 1933 ac
834 1893 957 1934 non
988 1878 1164 1934 vobis
1193 1877 1306 1951 ipsi
1336 1876 1729 1950 persuadetis,
1759 1880 1823 1931 ut
1847 1874 2004 1930 illius
2035 1877 2120 1929 to-

464 1966 661 2021 leretis
690 1966 960 2037 injurias,
994 1967 1456 2039 tanquamiram
1477 1964 1813 2038 quamdam
1835 1963 2120 2020 divinitus

2574 697 2966 770 Ἀνεπίγραφος,
3008 699 3095 752 ἐπὶ
3132 696 3455 762 ἐκδικηταῖς,

2292 808 2805 877 Δυσμεταχείριστον
2831 808 2991 857 ἔοικεν
3023 803 3151 858 εἶναι
3176 811 3234 859 τὸ
3266 810 3403 859 κατὰ
3423 802 3593 860 τόνδε.
3621 807 3697 859 Οὐ
3713 808 3817 882 γὰρ

2221 894 2408 965 ἔχομεν
2436 898 2487 945 τί
2514 896 2830 967 χρησόμεθα
2859 895 2993 946 οὕτω
3023 895 3331 970 πολυτρόπῳ
3358 899 3491 961 ἤθει,
3536 900 3601 957 ὡς
3633 895 3687 948 ἐκ
3718 906 3819 949 τῶν

2220 983 2484 1054 ὁρωμένων
2516 985 2653 1034 ἔστιν
2684 983 2926 1050 εἰκάζειν,
2968 982 3366 1057 ἁπεγνωσμένῳ.
3409 985 3491 1047 Εἰς
3520 989 3697 1060 κρίσιν
3729 990 3821 1057 μὶν

2218 1073 2320 1143 γὰρ
2348 1070 2674 1144 καλούμενος,
2708 1071 2814 1143 οὐχ
2861 1073 3111 1126 ὑπακούει
3157 1074 3318 1144 (59)·
3367 1073 3463 1126 κᾶν
3512 1073 3819 1147 ἀπαντήσῃ,

2219 1162 2451 1233 τοσαύτη
2482 1168 2685 1233 χρῆται
2713 1166 2991 1234 περιουσίᾳ
3017 1161 3180 1233 λόγων
3210 1168 3299 1215 καὶ
3319 1165 3488 1237 ὅρκον,
3510 1167 3579 1226 ὡς
3610 1162 3821 1234 ἁγαπηο

2220 1251 2306 1301 τὸν
2328 1250 2453 1321 ἡμῖν
2478 1257 2641 1302 ποιεῖν
2671 1253 2727 1302 τὸ
2759 1255 2964 1321 ταχέως
2987 1251 3145 1303 αὐτοῦ
3170 1254 3527 1325 χωρισθῆναι.
3574 1250 3731 1305 Εἶδον
3762 1249 3824 1305 δε

2221 1336 2373 1390 αὐτὸν
2400 1337 2646 1401 πολλάκις
2671 1344 2761 1391 καὶ
2785 1340 3167 1415 περιτρέψαντα
3205 1344 3294 1402 τὰς
3323 1341 3493 1403 αἰτίας
3521 1349 3631 1406 τοῖς
3662 1340 3825 1415 ἔγκα-

2218 1427 2391 1481 λούσι.
2424 1432 2523 1481 Καὶ
2553 1428 2682 1491 ὅλως
2701 1426 2925 1502 οὐδεμία
2966 1434 3123 1503 φύσις
3149 1439 3247 1484 τῶν
3295 1433 3397 1485 ὅσα
3423 1437 3517 1491 τὴν
3550 1440 3650 1504 γῆν
3702 1432 3825 1484 ἐπι-

2223 1515 2463 1569 ϐὁσκεται
2484 1518 2615 1570 οὕτω
2643 1517 2853 1577 ποικῦιη
2885 1524 2975 1572 καὶ
3000 1522 3127 1595 πρὸς
3154 1524 3341 1573 κακίαν
3364 1521 3669 1588 εὐπλαστος,
3690 1524 3762 1582 ὡς
3788 1524 3821 1581 ἠ

2220 1612 2313 1658 τοῦ
2339 1604 2611 1678 ἀνθρώπου
2650 1610 2836 1660 τούτου
2865 1628 2880 1642 ο
2938 1611 3002 1669 ὡς
3053 1609 3108 1672 ἐξ
3154 1608 3331 1682 ὀλίγης
3360 1611 3472 1681 (60)
3503 1619 3593 1672 τῆς
3634 1616 3827 1685 πείρας

2223 1692 2336 1747 ἔστὶ
2363 1699 2422 1746 τὸ
2452 1695 2569 1747 κατ’
2593 1695 2747 1748 αὐτὸν
2777 1698 3160 1771 τεκμηρασθαι.
3187 1704 3251 1752 Τί
3281 1696 3316 1751 δ
3320 1703 3341 1752 ι
3370 1698 3591 1774 ἐρωτᾶτε
3614 1720 3697 1772 με,
3727 1705 3821 1752 καὶ

2225 1784 2284 1836 οὐ
2316 1783 2516 1837 πείθετε
2546 1784 2757 1847 ἑαυτούς
2784 1788 3050 1859 ὑπομένειν
3077 1788 3193 1859 (61)
3221 1791 3316 1850 τὰς
3338 1789 3463 1864 παρ’
3493 1789 3650 1842 αὐτοῦ
3694 1787 3829 1842 ἁδι-

2224 1877 2364 1941 κίας,
2392 1874 2457 1933 ὡς
2488 1872 2647 1948 ὀργήν
2677 1894 2794 1927 τινα
2817 1875 3100 1944 θεήλατονς
3130 1876 3281 1949 ’Υπὶρ
3322 1874 3383 1931 δι
3426 1885 3518 1930 τοῦ
3558 1883 3629 1951 μὴ
3686 1880 3831 1952 ὑμᾶς

2226 1961 2538 2035 μολύνεσθαι
2568 1962 2618 2015 ἰν
2641 1969 2883 2017 κοινωνία
2905 1973 3006 2017 τῶν
3023 1966 3430 2041 ἁμαρτημάτων,
3453 1973 3686 2020 πανοικεὶ
3708 1970 3833 2039 (62)

466 2054 762 2111 invectam
785 2056 813 2112 ‘2
845 2055 959 2113 Sed
989 2071 1065 2111 ne
1093 2073 1199 2112 vos
1228 2059 1615 2128 peccatorum
1658 2051 2122 2110 communicatio

2243 2059 2334 2104 τῶν
2364 2050 2534 2122 εὐχῶν
2559 2055 2895 2125 κεχωρίσθω,
2938 2058 3028 2107 καὶ
3076 2062 3167 2117 τῆς
3218 2055 3490 2119 ἁλληςτῆς
3535 2060 3656 2131 τρός
3702 2062 3834 2119 τούς

466 2145 1003 2214 contaminet,cum
1016 2146 1181 2202 omni
1195 2161 1303 2201 sua
1316 2144 1543 2201 familia
1566 2160 1602 2200 a
1621 2158 1871 2216 precum
1885 2156 2126 2198 consor-

467 2232 548 2287 tio
561 2236 664 2289 eta
683 2233 918 2306 reliqua
934 2251 1072 2290 cum
1087 2233 1335 2290 sacratis
1348 2232 1777 2289 communione
1789 2234 2120 2303 separetur.

469 2320 637 2377 Forte
649 2322 778 2393 jam
800 2338 894 2378 res
906 2323 1177 2379 cavenda
1190 2321 1701 2395 eﬁ'ectus,pudore
1720 2320 2115 2377 suﬁ‘undetur.

888 2448 1231 2505 EPISTOLA
1260 2447 1714 2505 CCLXXXVIII“.

2233 2142 2519 2215 ἱερατικοὺς
2544 2147 2833 2206 κοινωνίας.
2865 2142 3023 2208 Ἴσως
3051 2146 3166 2217 (63)
3195 2144 3585 2220 παραφύλαγμα
3606 2151 3834 2220 γενόμε-

2228 2248 2333 2298 νος,
2363 2229 2757 2307 ἕντραπήσεται.

2753 2453 3091 2504 ΕΠΙΣΤΟΛΗ
3132 2457 3262 2504 ΣΠΗ
3282 2492 3296 2506 .

466 2567 787 2639 Nefarium
812 2571 1129 2645 hominem,
1155 2573 1415 2642 primum
1447 2586 1652 2628 coram
1684 2586 1802 2626 uno
1833 2575 1935 2645 aut
1965 2570 2179 2645 altera,
2204 2568 2420 2627 deinde
2448 2585 2649 2629 coram
2679 2573 2952 2631 Ecclesia
2975 2576 3219 2645 frustra
3248 2575 3673 2645 reprehensum
3699 2583 3762 2635 et
3794 2593 3834 2636 a

824 2644 1115 2713 .precibus
1152 2641 1438 2700 remotum
1462 2644 1941 2701 excommunicat
1966 2641 2252 2712 Basilius,
2282 2657 2355 2699 ac
2384 2649 2543 2699 vetat
2573 2660 2650 2701 ne
2676 2647 2808 2718 quis
2838 2641 2984 2703 cum'
3004 2662 3068 2703 eo
3099 2641 3445 2706 misceatur.

750 2766 893 2823 Sine
912 2767 1322 2837 inscriptione,
1348 2773 1565 2824 contra
1591 2768 1838 2823 ultores.

539 2890 700 2956 Quos
731 2906 1086 2947 communes
1111 2908 1307 2964 paena:
1340 2892 1420 2949 ad
1452 2908 1666 2948 sanam
1694 2892 1957 2947 mentem
1997 2903 2124 2945 non

467 2984 774 3045 revocant,
808 2996 917 3036 nec
948 2997 985 3036 a
1006 2997 1253 3053 precum
1272 2981 1701 3038 communione
1722 2978 2024 3052 separatio
2048 2976 2127 3033 ad

469 3069 887 3140 paenitentiam
918 3070 1186 3135 adducit,
1217 3085 1321 3126 eos
1374 3085 1620 3126 necesse
1676 3074 1767 3125 est
1816 3067 2046 3124 traditis
2090 3081 2127 3122 ει

471 3157 726 3213 Domino
745 3158 1081 3214 canonibus
1104 3159 1422 3229 subjicere.
1460 3159 1755 3231 Scriptum
1796 3160 1884 3213 est
1914 3155 2075 3212 enim
2106 3172 2121 3210 :

471 3247 541 3303 Si
563 3248 766 3315 frater
790 3253 928 3303 tuus
954 3251 1313 3320 peccaverit,
1350 3250 1587 3317 corripe
1615 3263 1747 3304 eum
1776 3247 1938 3302 inter
1986 3252 2042 3302 te
2069 3250 2125 3301 et

470 3335 703 3404 ipsum:
736 3338 789 3390 si
816 3342 872 3392 te
895 3353 1015 3392 non
1046 3339 1333 3404 audierit,
1375 3352 1608 3394 assume
1656 3344 1844 3393 tecum
1883 3335 2126 3392 alium:

2219 3247 2434 3320 ’ἂεγξον
2500 3250 2656 3304 αὐτὸν
2712 3253 2907 3323 μεταξύ
2962 3260 3059 3306 σοῦ
3142 3258 3233 3306 καὶ
3298 3254 3454 3307 αὐτοῦ
3506 3273 3526 3289 ο

2588 2768 2979 2845 Ἀνεπίγραφος,
3020 2770 3103 2825 ἐπὶ
3155 2768 3473 2835 ἔκδικηταῖς.

2308 2890 2415 2953 Οὓς
2469 2895 2535 2945 τὰ
2585 2897 2734 2947 κοινὰ
2790 2895 3030 2969 ἐπιτίμια
3084 2896 3145 2949 οὐ
3214 2896 3543 2972 σωφρονίζει,
3610 2900 3732 2952 οὐτε
3779 2886 3847 2952 ηινὁ

2236 2979 2516 3052 εἱρχθῆναι
2561 2990 2661 3036 τῶν
2710 2983 2880 3057 εὐχῶν
2936 2986 3053 3057 ἄγει
3122 2985 3193 3047 εἰς
3245 2987 3517 3059 μετάνοιαν
3551 3026 3566 3052 ,
3630 2986 3838 3060 ἀνάγκη

2236 3076 2346 3132 τοῖς
2400 3074 2544 3145 παρά
2596 3080 2687 3126 τοῦ
2746 3079 2940 3147 Κυρίου
2995 3071 3201 3129 δοθεῖσι
3245 3079 3457 3129 κανόσιν
3504 3075 3841 3135 ὑποϐάλλειν,

2238 3163 2530 3233 Γέγραπται
2601 3165 2699 3238 γάρ
2742 3182 2758 3197 ο
2836 3161 2953 3216 Ἐὰν
3024 3165 3050 3216 ὁ
3135 3160 3356 3235 ἁδελφός
3434 3183 3531 3217 σου
3600 3165 3842 3241 ἁμάρτῃ,

3588 3255 3673 3308 ἐάν
3754 3276 3843 3310 σοι

2235 3341 2305 3409 μὴ
2371 3337 2572 3413 ἀκούσῃ
2646 3340 2914 3416 παράλαϐε
2984 3344 3117 3415 μετὰ
3177 3350 3395 3397 σεαυτοῦ
3468 3342 3619 3396 ἄλλον
3647 3362 3669 3381 ο
3752 3345 3840 3398 ἐὰν

473 3424 633 3495 quod
655 3425 709 3480 si
734 3439 807 3480 ne
835 3427 920 3481 sic
948 3428 1205 3498 quidem,
1236 3428 1334 3484 dic
1357 3428 1636 3484 Ecclesiae
1658 3444 1671 3482 :
1693 3428 1748 3482 si
1775 3441 1912 3483 vero
1936 3438 2122 3497 neque

2243 3423 2297 3481 δὲ
2356 3426 2495 3501 μηδι
2575 3431 2756 3495 οὕτως,
2816 3431 2926 3485 εἰπὶ
2978 3440 3040 3504 τῇ
3097 3432 3428 3506 Ἐκκλησίᾳο
3486 3433 3572 3486 ἐὰν
3626 3431 3688 3487 δέ
3742 3440 3838 3489 καὶ

474 3512 805 3569 Ecclesium
833 3515 1114 3582 audierit,
1137 3517 1213 3571 sit
1241 3517 1344 3572 tibi
1363 3517 1437 3573 de
1461 3522 1672 3573 cetera
1696 3521 1759 3571 ut
1782 3515 2049 3572 ethnicus
2069 3518 2125 3570 et

470 3602 838 3672 publicanus
859 3606 940 3671 “;
968 3605 1130 3677 quod
1157 3605 1362 3678 ipsum
1382 3611 1440 3662 et
1483 3606 1543 3662 in
1574 3606 1686 3662 isto
1716 3605 1942 3661 factum
1993 3603 2120 3659 fuit.

474 3692 669 3748 Semel
698 3698 1017 3751 accusatus
1044 3699 1133 3751 est
1164 3712 1177 3751 :
1212 3710 1418 3751 coram
1450 3711 1572 3751 uno
1602 3701 1658 3752 et
1692 3694 1876 3751 altero
1924 3693 2126 3749 convi-

476 3786 605 3838 ctus
638 3781 761 3853 fuit,
804 3783 978 3839 tertio
1008 3800 1212 3841 coram
1240 3784 1516 3841 Ecclesia.
1547 3786 1694 3840 Cum
1725 3784 1902 3854 igitur
1946 3782 2119 3855 427

477 3886 615 3926 eum
644 3871 923 3928 obtestati
948 3873 1258 3937 fuerimus,
1288 3890 1397 3929 nec
1424 3874 1812 3946 acquieverit,
1856 3872 1931 3928 sit
1959 3871 2128 3927 dein-

476 3974 618 4032 ceps
648 3964 1229 4019 excommunicatus.
1253 3966 1318 4019 Et
1346 3964 1461 4019 hoc
1490 3979 1651 4035 pago
1675 3962 1782 4018 toti
1803 3960 2123 4031 nuntietur,

476 4063 616 4104 eum
646 4049 1088 4106 admittendum
1118 4066 1242 4107 non
1271 4067 1402 4107 esse
1449 4051 1528 4108 ad
1576 4050 1765 4108 ullam
1816 4066 2020 4107 rerum
2048 4048 2128 4107 ad

548 4192 597 4226 "
635 4192 828 4248 Matth.
859 4208 1014 4264 xvur,
1044 4192 1224 4250 15-17.

549 4318 567 4339 ⁶
595 4315 751 4388 Alias
777 4317 1014 4372 CCXLV.
1041 4316 1269 4387 Scripta
1297 4315 1359 4371 in
1386 4316 1757 4388 episcopatu.

549 4388 592 4410 "
623 4387 780 4441 Alias
812 4388 1071 4443 CCLXVI.
1106 4388 1335 4459 Scripta
1356 4387 1812 4459 in'eipiSCOpatu.

548 4462 661 4526 (59)
689 4459 810 4528 Οὐχ
840 4460 1111 4514 ὑπακούει.
1144 4456 1388 4527 Negatio
1410 4456 1617 4514 addita
1650 4456 1733 4512 'ex
1766 4456 2042 4513 Medicam
2073 4459 2130 4514 et

478 4528 721 4616 duobus
739 4530 891 4585 aliis.
917 4530 1143 4586 Ibidem
1174 4530 1345 4586 Coisl.
1376 4531 1609 4604 primus
1634 4533 1895 4587 τοσαύτην
1924 4536 2129 4601 χρῆται

477 4618 805 4653 πεοιουσιοιν.

542 4654 663 4740 ’(60)
692 4671 775 4733 Ἐξ
806 4670 1207 4743 ὀλίγηςηϐοἱεΙ.
1237 4671 1466 4743 primus
1520 4671 1573 4734 ἐξ
1619 4672 1760 4732 ὅλης.
1812 4670 2126 4743 Medicaaus

480 4756 619 4827 cum
648 4743 787 4827 R‘eg.
810 4742 1077 4827 secundo
1109 4748 1165 4798 et
1195 4742 1369 4827 Coisl.
1398 4743 1665 4827 secundo
1686 4743 1740 4827 ἐξ
1769 4743 1967 4825 ὀλίγον.
2000 4742 2127 4798 Plu-
2158 4772 2203 4827 υ

478 4826 576 4884 res
602 4811 661 4866 in
684 4811 841 4884 hanc
866 4813 1184 4884 epistolam
1216 4813 1453 4869 codices
1481 4829 1604 4869 non
1631 4811 1980 4869 habuimus.

554 4882 665 4953 (61)
694 4882 1002 4955 ’Υπομέν-ειν.
1033 4884 1209 4940 Coisl.
1240 4883 1542 4940 secundus
1564 4889 1619 4940 et
1648 4888 1787 4955 Reg.
1823 4883 2125 4940 secundus

482 4954 995 5029 pipaqﬂituperat
1016 4957 1069 5011 S.
1103 4957 1469 5029 Augustinus
1487 4956 1549 5011 in
1577 4954 1879 5029 epist.’259_
1900 4956 2129 5029 factum

481 5024 694 5080 Auxilii
726 5024 1012 5099 episcopi,
1038 5026 1149 5099 qui
1168 5024 1361 5082 virum
1406 5024 1792 5099 spectabilem
1823 5026 2129 5083 Classicia-

479 5112 627 5150 num
658 5112 796 5151 cum
824 5096 945 5151 tota
971 5096 1197 5152 familia
1216 5096 1861 5153 excominunicaverat.
1898 5102 2125 5154 Discre-

481 5171 586 5248 pat
605 5182 756 5248 ergo
776 5167 1114 5248 Basiliusab
1132 5169 1484 5248 Augustino,
1510 5169 1558 5223 si
1580 5170 1837 5248 hominis
1856 5169 2128 5248 nocentis

480 5238 859 5293 innocentem
888 5238 1176 5294 familiam
1212 5244 1370 5294 arcet
1413 5256 1448 5293 a
1511 5240 1959 5296 communione.
2014 5241 2129 5296 Sed

481 5309 628 5364 nihil
651 5311 809 5379 cogit
838 5310 1136 5379 ejusmodi
1162 5309 1465 5364 decretum
1497 5310 1548 5363 ei
1583 5309 1921 5365 attribuere.
1958 5311 2129 5366 Nullo

482 5386 637 5454 certe
668 5382 724 5435 in
758 5395 989 5454 canone
1008 5396 1253 5454 poenam
1285 5380 1582 5454 ejusmodi
1608 5382 1884 5452 imponit.
1913 5386 1972 5437 In
2003 5383 2128 5454 cpi-

484 5451 633 5525 stola
661 5453 931 5525 sequenti
959 5451 1382 5525 gravissimam
1410 5451 1618 5521 inﬂigit
1645 5451 2130 5525 eicommunica-

482 5521 729 5601 tionem,
746 5520 859 5601 's_ed_
876 5520 1148 5601 pocentis
1168 5520 1461 5601 familiam
1491 5520 1613 5578 nan
1640 5523 1852 5601 tangit.
1888 5524 2059 5601 Quod
2081 5524 2131 5580 si

482 5593 547 5647 in
571 5593 821 5663 epistola
838 5597 944 5653 270
971 5609 1097 5665 eos,
1127 5594 1234 5667 qui
1277 5598 1584 5667 raptorem
1631 5594 1937 5667 juverunt,
1988 5611 2129 5653 cum

2234 3525 2327 3578 τῆς
2399 3518 2707 3580 Ἐκκλησίας
2783 3523 3095 3594 παρακούσῃ
3185 3523 3321 3574 ἔστω
3386 3539 3473 3574 σοι
3523 3521 3701 3574 λοιπὸν
3761 3525 3838 3585 ὧς

2236 3605 2435 3669 ἐθνικὸς
2485 3609 2602 3679 (64)
2655 3614 2746 3662 καὶ
2793 3611 2819 3661 ὁ
2874 3609 3094 3673 τελώνης
3148 3628 3165 3645 ο
3230 3609 3257 3663 ὃ
3313 3607 3401 3664 οὐν
3470 3609 3665 3682 ἐγενετο
3713 3614 3838 3685 (65)

2235 3702 2326 3749 καὶ
2385 3696 2468 3750 ἐπὶ
2518 3694 2696 3754 τοῦδε.
2749 3697 2924 3762 Ἀπαξ
2974 3696 3216 3758 ἐνεκλήθη
3250 3715 3265 3729 ·
3308 3698 3527 3762 arma;
3576 3706 3667 3753 καὶ
3713 3698 3836 3754 δε-νο

2234 3791 2385 3862 τίρου
2439 3783 2737 3859 διηλέγχθη
2774 3809 2787 3821 ·
2815 3793 2988 3861 τρίτον
3036 3788 3119 3841 ἐπὶ
3165 3796 3261 3851 τῆς
3313 3788 3642 3851 Ἐκκλησίας.
3687 3790 3837 3845 Ἐπεὶ

2237 3876 2324 3931 οὐν
2382 3875 2842 3952 διεμαρτυράμεθα
2894 3878 3054 3950 αὐτῷ,
3100 3882 3191 3930 καὶ
3247 3877 3306 3931 οὐ
3358 3875 3689 3948 κατεδέξατο,
3716 3878 3837 3932 λοι-

2235 3972 2332 4022 πὸν
2376 3972 2509 4021 ἔστω
2564 3970 2679 4037 (68)
2731 3968 3068 4042 ίκκήρυκτος.
3119 3971 3220 4021 Καὶ
3277 3964 3639 4040 διαγγελθητω
3683 3971 3833 4042 πείσῃ

2235 4066 2295 4132 τῇ
2351 4064 2500 4131 κώμῃ
2556 4055 2914 4134 ἀπρόσδεκτον
2961 4057 3116 4111 αὐτὸν
3163 4056 3291 4111 εἶναι
3336 4061 3465 4134 πρὸς
3510 4064 3685 4112 πᾶσαν
3726 4078 3843 4112 κοιο

2238 4308 2374 4367 totis
2403 4306 2645 4365 familiis
2673 4310 2835 4363 arcet
2859 4321 2895 4362 a
2924 4304 3243 4372 precibus;
3277 4320 3664 4363 communem
3688 4307 3839 4365 im

2238 4385 2340 4450 gat
2360 4396 2627 4453 pmnam,
2645 4379 2810 4450 quia,
2826 4383 2889 4433 ut
2914 4376 3138 4453 ibidem
3161 4376 3636 4453 observavimus,
3668 4395 3841 4453 coms

2237 4448 2420 4507 mune
2444 4448 2768 4523 peccatum
2784 4453 2927 4504 erat.
2963 4448 3297 4513 Quinetiam
3319 4450 3379 4504 in
3402 4449 3514 4505 hac
3538 4452 3673 4523 ipsa
3709 4452 3843 4523 cpio

2238 4523 2388 4578 stola
2399 4521 2535 4578 cum
2555 4522 2654 4585 ait,
2668 4521 2770 4576 sed
2786 4535 2857 4577 ne
2869 4535 2967 4575 vos
2979 4526 3362 4589 peccatorum
3373 4521 3841 4579 communicaiio

2236 4595 2619 4659 contaminet,
2638 4608 2771 4649 cum
2797 4594 2963 4647 omni
2981 4606 3091 4647 sua
3109 4592 3355 4659 familia
3375 4606 3412 4647 a
3430 4607 3672 4661 precum
3697 4608 3840 4649 ωηο

2235 4667 2420 4721 sortio
2445 4673 2499 4721 et
2519 4665 2755 4735 reliqua
2776 4678 2909 4735 cum
2935 4664 3190 4735 sacratis
3229 4664 3639 4735 communione
3658 4678 3840 4733 sepa-

2235 4737 2576 4803 retur,satis
2595 4732 2821 4790 indicat
2838 4732 2951 4789 sibi
2972 4734 3351 4789 innocentem
3372 4733 3636 4790 hominis
3655 4732 3841 4791 fami-

2235 4808 2378 4887 liam
2410 4824 2531 4864 non
2560 4806 2767 4887 videri,
2801 4821 2985 4887 seque
3011 4809 3274 4887 metuere
3306 4820 3597 4887 nepravp
3625 4822 3841 4887 erem-

2236 4879 2339 4953 plo
2370 4883 2650 4951 corrupta
2680 4876 2938 4953 similem
2965 4876 3291 4953 perniciem
3329 4876 3723 4953 aliisinferat.

2311 4952 2423 5021 (62)
2446 4947 2716 5021 inanima.
2746 4951 2809 5003 In
2841 4947 3013 5004 Coisl.
3044 4952 3321 5020 utroque,
3353 4953 3411 5005 et
3434 4948 3578 5006 led.
3605 4954 3669 5004 et
3688 4952 3839 5021 Reg.

2237 5019 2504 5079 secundo
2534 5019 2809 5077 scribitur
2835 5024 3067 5075 πανοικί,

2310 5093 2421 5163 (63)
2454 5092 2629 5154 Ἱσως.
2672 5091 2765 5164 Sic
2812 5095 3067 5164 quatuor
3105 5089 3289 5164 nostri
3328 5089 3565 5147 codices
3605 5106 3720 5164 pro
3760 5107 3843 5151 eo

2237 5161 2410 5238 quod:
2436 5168 2564 5238 erat
2591 5164 2651 5218 in
2683 5161 2945 5238 editione
2964 5166 3002 5238 _2_
3030 5161 3404 5238 Paris__ﬁc__é:;.

2310 5236 2420 5306 (64)
2447 5234 2702 5293 Ἐθυικός.
2734 5233 2880 5289 Editi
2898 5235 2923 5285 ὁ
2954 5233 3167 5293 ἐθνικὸς.
3193 5232 3392 5289 Melius
3415 5231 3586 5289 deest
3613 5234 3845 5290 articu-

2237 5306 2331 5363 lus
2360 5308 2421 5361 in
2454 5306 2623 5380 Coisl.
2658 5306 2873 5380 primo.

2311 5380 2424 5449 (65)
2455 5374 2703 5447 Ἐγένετο.
2738 5376 2887 5431 Editi
2905 5375 3163 5449 addunt
3191 5382 3366 5449 τοῦτο,
3413 5374 3580 5449 quod
3621 5375 3847 5433 melius

2239 5446 2406 5506 deest
2434 5450 2493 5504 in
2522 5446 2659 5518 Reg.
2693 5447 2962 5502 secundo
2989 5451 3045 5502 et
3070 5446 3554 5518 Coisl.,secundo.

2312 5522 2425 5593 (66)
2458 5516 2653 5593 "Eafa.
2675 5519 2766 5593 Sic
2793 5518 2971 5593 iidem
3000 5518 3123 5593 duo
3164 5517 3418 5593 codices.
3438 5516 3618 5593 _Editi
3659 5521 3843 5577 ἕσται.

2239 5585 2468 5650 Ibidem
2497 5590 2639 5649 editi
2670 5586 3021 5662 διαγγελήτω.
3048 5591 3180 5648 Mss.
3210 5585 3592 5662 διαγγάθήτω.
