4050 6220
201 289 336 346 1029

1186 289 1669 346 EPISTOLARUM
1708 282 1993 347 CLASSIS
2032 288 2102 345 Il.
2141 291 2359 349 EPIST.
2402 292 2597 350 CCXC.

3430 296 3568 352 1030

201 413 442 485 φίλτατος
472 414 499 465 ὁ
550 412 619 465 σά
659 432 751 485 μοι
799 415 1089 486 γράμματα
1132 408 1405 487 διαφέρων.
1454 418 1577 485 Περί
1629 418 1803 487 μέντοι

1927 414 2140 470 litteras
2176 415 2365 472 aﬁ‘ert.
2405 416 2572 483 Quod
2612 419 2815 473 autem
2852 417 3061 474 attinet
3098 416 3177 472 ad
3214 417 3566 475 electionem

200 510 295 575 τῇς
331 512 431 555 τῶν
483 506 923 575 προστησομένων
980 510 1071 562 τῆς
1130 507 1426 577 συμμορίας
1480 503 1588 572 (80)
1655 502 1803 555 ἐκλο-

198 600 319 663 γῇς,
350 591 395 643 εἰ
424 595 513 663 μεν
554 589 848 665 ἀνθρώποις
886 592 1257 663 χαριζόμενος,
1306 594 1336 649 ἦ
1389 594 1613 653 ἱκεσίαις
1660 588 1805 644 ἐνδι-

203 677 348 747 δοὺς,
481 678 617 752 φόϐῳ
666 683 814 732 εἴκων
855 687 989 731 ποιῶ
1028 700 1100 746 τι,
1134 684 1266 752 μήτε
1304 687 1469 731 ταῦτα
1500 681 1611 749 (81)
1644 686 1805 739 ποιή-

203 788 380 841 σαιμι.
422 768 496 820 Οὐ
540 771 640 841 γάρ
689 768 979 841 οἰκονόμος,
1026 766 1155 821 ἀλλὰ
1193 767 1426 829 κάπηλος
1460 771 1667 840 ἔσομαι,
1711 773 1806 827 τὴν

200 854 402 930 δωρεὰν
445 864 538 911 τοῦ
578 864 714 911 Θεοῦ
751 860 885 931 πρὸς
925 855 1284 931 ἀνθρρωπίνας
1320 856 1492 928 φιλίας
1531 854 1807 929 διαμειϐό-

197 965 376 1017 μενος.
414 946 475 999 Εἰ
505 943 565 999 δὲ
604 948 661 999 αἰ
691 949 780 1018 μὲν
826 942 1104 1018 διδόμεναι
1139 945 1308 1017 ψῆφοι
1344 948 1489 1021 παρὰ
1526 944 1806 1019 ἀνθρώπων

199 1031 464 1101 δίδονται,
516 1034 572 1088 ἔκ
617 1043 711 1096 τῆς
756 1034 939 1097 ἔξωθεν
983 1032 1279 1107 ἐπιφανείας
1324 1043 1605 1110 μαρτυρεῖν
1654 1034 1806 1107 ἐχόν-

196 1144 323 1192 των,
366 1124 495 1197 ἅπερ
537 1123 599 1176 ἃν
638 1132 1001 1200 μαρτυρῶσιν,
1041 1126 1097 1175 αἱ
1144 1120 1203 1176 δὴ
1245 1128 1446 1199 κρίσεις
1483 1132 1583 1176 τῶν
1621 1123 1808 1182 ἐπιτη-

197 1210 476 1289 δειοτέρων
518 1220 592 1265 τῶ
630 1210 796 1267 εἰδότι
832 1215 898 1264 τὰ
941 1210 1214 1287 ἀπόρρητα
1255 1221 1356 1266 τῶν
1394 1210 1627 1289 καρδιῶν
1665 1217 1809 1287 παρὰ

194 1311 293 1363 τῆς
347 1305 602 1377 ἡμετέρας
663 1307 1020 1363 ταπεινώσεως
1084 1300 1465 1377 ἐπιτρίπονται·
1523 1304 1671 1375 τάχα
1734 1310 1806 1355 τῶ

195 1395 356 1445 παντὶ
405 1390 609 1463 βέλτιον
657 1392 1001 1463 καταθέμενον
1053 1393 1146 1449 τὴν
1193 1397 1507 1464 μαρτυρίαν,
1567 1388 1807 1453 σπουδῆς

195 1484 293 1553 μὲν
340 1485 429 1533 καὶ
475 1477 806 1542 διαστάσεως
854 1482 1027 1540 πάσης
1084 1482 1259 1554 ὥσπερ
1314 1481 1514 1534 οἰκείων
1553 1482 1666 1551 (82)
1709 1490 1807 1533 τῶν

195 1572 634 1644 μαρτυρηθέντων
666 1568 1015 1641 ἀφίστασθαι,
1044 1571 1445 1642 προσεύχεσθαι
1484 1566 1544 1622 δε
1581 1578 1653 1622 τῶ
1693 1578 1807 1641 Θεῷ

192 1663 271 1730 μή
319 1658 493 1711 λαθεῖν
533 1659 592 1710 τό
642 1659 924 1729 συμφέρον.
983 1656 1135 1708 Οὕτω
1179 1660 1281 1730 γὰρ
1319 1657 1493 1709 οὐκέτι
1537 1659 1807 1730 ἄνθρωπον

192 1754 293 1809 τῆς
358 1745 433 1818 ἐφ’
502 1745 721 1821 ἑκάτερα
784 1744 1041 1805 ἐκϐάσεως
1106 1745 1478 1818 αἰτιασόμεθα,
1541 1744 1668 1799 ἀλλὰ
1735 1755 1806 1818 τῷ

194 1842 319 1906 Θεῷ
365 1839 460 1897 τὴν
505 1837 668 1907 χάριν
727 1842 826 1889 τῶν
873 1838 1150 1907 γενομένων
1198 1834 1464 1906 εἰσόμεθα.
1525 1840 1709 1889 Καίτοι
1764 1836 1810 1889 εἰ

189 1928 338 1978 κατὰ
392 1925 661 1997 ἄνθρωπον
713 1928 913 1996 γίνεται
967 1931 1152 1994 ταῦτα,
1211 1921 1337 1977 οὐδὲ
1398 1929 1617 1995 γίνεται·
1681 1924 1810 1979 ἀλλὰ

191 2019 431 2087 μίμησις
478 2017 568 2085 μέν
618 2011 750 2081 ἔστι,
804 2022 896 2074 τῆς
948 2012 1193 2074 ἀληθείας
1231 2010 1290 2065 δὲ
1335 2015 1451 2083 (83)
1499 2013 1807 2087 πάμπληθες

191 2101 559 2155 ἀπολείπεται.
608 2100 804 2171 Σκέψαι
859 2097 940 2164 δὲ,
989 2105 1069 2153 ὅτι
1114 2098 1238 2154 οὐδὲ
1283 2106 1466 2175 μικρός
1516 2122 1597 2165 τις
1641 2124 1809 2175 παρα-

190 2195 402 2262 πέπηγε
458 2186 701 2251 κίνδυνος
753 2198 828 2259 τῷ
886 2188 942 2244 ἐκ
1008 2193 1195 2249 παντὸς
1254 2195 1450 2264 τρόπου
1510 2195 1569 2244 τὸ
1621 2191 1809 2245 ἑαυτοῦ

192 2289 470 2355 κρατῆσαι
522 2278 912 2352 φιλονεικοῦντι,
972 2284 1042 2351 μή
1104 2299 1229 2333 ποτε
1279 2289 1379 2333 τῶν
1440 2281 1807 2356 ἁμαρτανομέ-

194 2390 297 2422 νων
346 2367 420 2441 ἐφ’
472 2366 686 2429 ἑαυτοὺς
742 2367 1036 2440 ἑλκύσωμεν
1078 2372 1173 2426 τήν
1231 2366 1445 2443 μερίδα.
1486 2370 1660 2423 Πολλὰ
1703 2374 1805 2442 γὰρ

194 2458 260 2511 ἄν
309 2456 637 2532 ἁμαρτηθείη
703 2460 794 2509 καὶ
848 2458 991 2531 παρὰ
1049 2465 1150 2508 τῶν
1216 2458 1311 2509 οῦκ
1376 2456 1437 2509 ἆν
1500 2456 1807 2533 προσδοκη-

198 2550 390 2601 θέντων
449 2546 564 2617 (84)
611 2548 757 2614 ποτε,
814 2542 908 2598 διὰ
953 2549 1012 2599 τὸ
1066 2544 1272 2601 εὖκολον
1333 2555 1429 2610 τῆς
1486 2547 1808 2622 ἀνθρωπίνης

197 2638 427 2709 φύσεως.
476 2631 604 2689 Εἶτα
649 2631 766 2707 ἰδίᾳ
811 2637 901 2706 μεν
949 2641 1055 2695 τοῖς
1113 2634 1275 2707 φίλοις
1331 2634 1809 2707 συμϐουλευσάντες

193 2724 452 2785 πολλάκις
501 2726 570 2777 τὰ
629 2725 912 2796 κράτιστα,
962 2722 1058 2775 κᾶν
1116 2722 1360 2777 ἀπίθανοι
1411 2722 1640 2798 δόξωμεν
1698 2734 1808 2789 τοῖς

195 2812 617 2885 βουλευομένοις,
661 2811 719 2869 οὐ
758 2812 1163 2885 χαλεπαίνομεν·
1206 2812 1258 2866 ἕν
1307 2815 1385 2875 οἷς
1424 2810 1483 2867 δὲ
1532 2815 1591 2867 οὐ
1641 2814 1806 2888 βουλή

193 2904 508 2975 ἀνθρώπων,
552 2900 681 2954 ἀλλὰ
727 2906 903 2975 κρίσις
952 2900 1067 2953 ἐστὶ
1116 2908 1272 2969 Θεοῦ,
1316 2907 1388 2975 μὴ
1448 2907 1538 2956 καὶ
1580 2912 1681 2957 τῶν
1718 2910 1809 2957 τοῦ

196 2998 335 3046 Θεοῦ
399 2992 667 3065 χριμάτων
732 2992 1135 3063 προτιμηθέντες
1202 2987 1685 3067 δυσχερανοῦμεν;
1750 2993 1814 3047 Εἰ

1914 520 2125 560 eorum
2168 506 2271 577 qui
2312 506 2488 579 pagis
2530 505 2895 580 prasficiendi
2939 511 3097 574 sunt,
3145 507 3195 561 si
3225 506 3371 579 quid
3410 512 3567 565 certe

1913 597 2017 649 aut
2065 596 2319 663 gratiam
2356 595 2518 667 apud
2566 595 2844 651 homines
2891 595 3103 661 iniens,
3144 600 3249 651 aut
3284 597 3566 668 precibus

1912 682 2254 753 indulgens,
2288 690 2392 739 aut
2422 684 2621 739 timori
2653 684 2871 739 cedens
2901 684 3095 739 fecero
3125 701 3138 753 ;
3179 686 3419 756 quidvis
3451 702 3566 758 po-

1911 771 2030 826 tius
2067 787 2255 843 quam
2295 772 2643 827 electionem
2679 788 2992 844 peragam.
3031 776 3158 828 Non
3192 773 3370 846 429
3406 776 3566 831 enim

1913 858 2301 930 dispensator
2329 874 2452 924 ero,
2485 860 2590 915 sed
2621 876 2816 932 caupo
2845 861 3132 915 humanis
3164 862 3439 917 amicitiis
3466 864 3569 919 Dei

1913 946 2144 1003 donum
2169 952 2545 1019 permutans.
2583 948 2755 1013 Quod
2788 948 2838 1003 si
2866 948 3009 1005 data
3038 948 3327 1019 suffragia
3355 950 3435 1006 ab
3463 951 3571 1007 ho-

1913 1036 2179 1092 minibus
2227 1036 2468 1104 dantur,
2525 1038 2631 1109 qui
2687 1053 2761 1092 ex
2813 1037 3014 1109 specie
3067 1042 3315 1093 externa
3366 1039 3572 1096 testari

1913 1132 2192 1198 possunt,
2242 1142 2617 1199 quiscunque
2664 1130 2976 1194 testantur,
3024 1126 3127 1183 illa
3174 1133 3378 1183 autem
3416 1128 3574 1198 judi-

1914 1215 2028 1283 cia,
2073 1216 2325 1288 quinam
2376 1216 2573 1283 magis
2620 1215 2823 1271 idonei
2866 1216 3004 1282 sint,
3049 1217 3103 1271 ei
3142 1217 3245 1289 qui
3298 1217 3573 1275 cordium

1915 1319 2141 1359 arcana
2182 1305 2364 1371 novit,
2406 1320 2441 1359 a
2484 1309 2706 1359 nostra‘
2726 1304 3059 1360 humilitate
3100 1306 3571 1377 permittuntur;

1914 1393 2062 1449 illud
2088 1409 2232 1449 sane
2262 1393 2558 1448 universis
2586 1394 2772 1448 satius
2792 1393 2989 1461 fuerit,
3020 1393 3178 1449 dicto
3209 1396 3571 1460 testimonio,

1915 1500 1952 1541 a
1983 1483 2180 1539 studio
2220 1487 2277 1539 et
2317 1482 2697 1538 contentione
2736 1482 2904 1538 omni
2942 1498 3051 1554 pro
3084 1482 3156 1538 iis
3198 1484 3423 1555 quibus
3463 1485 3571 1541 da-

1915 1578 2044 1629 tum
2078 1576 2169 1628 est
2198 1571 2631 1637 testimonium,
2660 1571 2837 1643 quasi
2877 1587 2987 1643 pro
3022 1573 3399 1639 necessariis,
3434 1574 3572 1630 abs—

1915 1662 2102 1717 tinere
2152 1678 2167 1717 :
2238 1664 2427 1716 Deum
2491 1665 2696 1716 autem
2754 1662 3020 1732 precari,
3078 1665 3143 1717 ut
3206 1663 3374 1733 quod
3430 1662 3571 1718 utile

1846 1768 1887 1822 B
1916 1749 2111 1819 fuerit,
2141 1765 2264 1809 non
2292 1749 2496 1805 lateat.
2533 1748 2625 1805 Sic
2657 1749 2818 1804 enim
2844 1765 2968 1805 non
2984 1750 3115 1820 jam
3143 1750 3375 1806 homini
3397 1767 3574 1808 even-

1915 1845 2044 1897 tum
2092 1839 2153 1895 in
2204 1843 2523 1911 utramque
2564 1842 2796 1910 partem
2851 1838 3247 1901 ascribemus,
3296 1839 3403 1895 sed
3451 1843 3573 1897 Deo

1916 1929 2140 2001 gratias
2174 1927 2255 1983 ob
2290 1942 2362 1983 ea
2393 1942 2529 1999 quae
2568 1927 2877 1982 evenerint
2922 1927 3271 1983 referemus.
3312 1932 3394 1984 Ac
3432 1945 3575 2000 pro-e

1915 2019 2069 2075 fecto
2110 2019 2161 2071 si
2199 2017 2329 2071 haec
2368 2016 2705 2071 secundum
2738 2016 3050 2072 hominem
3094 2016 3267 2085 ﬁunt,
3307 2032 3383 2073 ne
3421 2017 3577 2074 ﬁunt

1915 2107 2162 2180 quidem
2202 2121 2215 2160 :
2271 2104 2377 2160 sed
2420 2104 2673 2159 imitatio
2721 2104 2968 2175 quidem
3027 2110 3188 2168 sunt,
3243 2120 3280 2161 a
3324 2106 3574 2163 veritate

1915 2201 2117 2254 autem
2152 2194 2375 2250 absunt
2415 2192 2789 2263 longissime.
2826 2192 2978 2248 Illud
3018 2193 3197 2249 etiam
3232 2194 3572 2262 considera,

1916 2284 1990 2352 ei,
2019 2282 2125 2355 qui
2154 2285 2219 2337 ut
2250 2295 2365 2336 sua
2393 2280 2581 2352 ipsius
2616 2279 2909 2335 sententia
2942 2280 3163 2351 vincat,
3194 2282 3361 2336 omni
3387 2281 3575 2337 modo

1913 2370 2243 2439 contendit,
2281 2384 2405 2424 non
2448 2368 2578 2424 leve
2630 2368 2965 2440 periculum
3015 2370 3392 2441 propositum
3441 2387 3575 2426 esse

1914 2477 1991 2518 ne
2026 2464 2416 2533 peccatorum
2455 2462 2692 2527 partem
2735 2456 2817 2513 ad
2856 2473 2968 2513 nos
3000 2456 3332 2531 aliquando
3376 2460 3577 2516 traha-

1914 2567 2073 2605 mus.
2123 2549 2437 2604 Enimvero
2482 2546 2664 2602 etiam
2709 2546 2790 2602 ab
2841 2546 2914 2601 iis
2967 2562 3004 2602 a
3047 2547 3272 2618 quibus
3319 2547 3380 2603 id
3424 2564 3579 2604 nun-

1915 2654 2102 2711 quam
2146 2640 2578 2707 exspectasses,
2622 2635 2813 2690 multa
2857 2640 3184 2706 peccantur
3221 2636 3302 2692 ob
3344 2641 3577 2694 naturas

1914 2728 2201 2783 humanm
2257 2722 2714 2796 proclivitatem.
2790 2723 3018 2778 Deinde
3086 2739 3230 2779 vero
3294 2724 3577 2794 privatim

1918 2816 2129 2873 amicis
2162 2812 2412 2870 consilia
2452 2812 2667 2868 dantes
2698 2826 2859 2883 seepe
2889 2811 3140 2883 optima,
3172 2812 3405 2867 etiamsi
3436 2827 3579 2867 con-

1920 2904 2253 2961 sulentibus
2301 2900 2450 2958 nihil
2494 2901 2815 2957 videamur
2861 2901 3059 2955 dicere
3110 2900 3279 2972 quod
3329 2916 3581 2972 persua-

1920 2994 2079 3064 deat,
2112 3006 2268 3061 aagre
2305 3006 2429 3046 non
2458 2990 2707 3045 ferimus
2740 3004 2753 3043 :
2806 2987 3030 3060 quibus
3072 2992 3275 3043 autem
3304 2988 3365 3042 in
3399 2988 3583 3043 rebus

195 3084 287 3153 μὲν
341 3075 432 3132 οὖν
470 3082 615 3153 παρὰ
651 3076 933 3153 ἀνθρώπων
976 3075 1214 3144 δίδοται,
1256 3084 1307 3133 τί
1345 3084 1456 3152 χρή
1502 3081 1627 3157 παρ’
1665 3085 1812 3155 ἡμῶν

1927 3098 2044 3138 non
2090 3078 2411 3135 hominum
2457 3076 2759 3147 voluntas,
2817 3074 2923 3131 sed
2968 3075 3069 3131 Dei
3113 3075 3413 3146 judicium
3471 3080 3581 3143 est,

197 3169 408 3235 αἰτεῖν;
459 3167 566 3220 ἀλλ’
613 3166 741 3239 οὐχὶ
786 3167 942 3220 αὑτὸν
983 3167 1110 3240 παρ’
1160 3167 1350 3221 ἑαυτοῦ
1397 3168 1722 3241 λαμϐάνειν;
1770 3171 1816 3225 εἰ

200 3254 260 3312 δε
288 3258 442 3329 παρὰ
481 3260 699 3331 Κυρίου,
741 3258 995 3327 εὔχεσθαι
1034 3262 1322 3331 προσῆκεν,
1364 3256 1472 3310 ἀλλ’
1515 3259 1644 3331 οὐχὶ
1684 3259 1815 3332 ἁγα-

198 3352 443 3401 νακτεῖν’
496 3350 583 3397 καὶ
619 3342 668 3397 ἓν
707 3353 769 3417 τῇ
813 3344 972 3417 εὐχῇ,
1014 3349 1087 3417 μὴ
1129 3348 1189 3398 τό
1226 3341 1365 3398 ἴδιον
1407 3346 1605 3420 θέλημα
1634 3349 1814 3417 αἰτεῖν,

203 3434 313 3487 ἀλλ’
409 3432 701 3509 ἄπιτρέπειν
789 3441 863 3504 τῷ
958 3433 1315 3505 οἰκονομοῦντι
1404 3439 1463 3487 τὸ
1558 3441 1817 3510 συμφέρον

210 3532 327 3594 Θεῷ
360 3524 498 3593 (85).
537 3520 596 3575 Ὀ
638 3520 697 3575 δι
738 3526 868 3585 Θεὸς
898 3523 924 3574 ό
955 3523 1105 3593 ἅγιος
1136 3520 1400 3595 ἀπαγάγοι
1432 3530 1607 3577 πᾶσαν
1638 3534 1819 3601 πεῖραν

206 3611 458 3683 λυπηρῶν
504 3612 828 3684 πραγμάτων
875 3612 977 3665 άπὸ
1020 3618 1114 3664 τοῦ
1154 3612 1298 3664 οἴκου
1329 3613 1471 3684 ὑμῶν
1496 3634 1509 3647 ι
1558 3620 1648 3667 καὶ
1677 3615 1819 3686 αὐτῷ

210 3718 273 3753 τε
335 3704 420 3752 σοὶ
468 3704 556 3752 καὶ
613 3707 746 3753 πᾶσι
805 3707 912 3761 τοῖς
970 3704 1304 3772 προσήκουσί
1362 3720 1449 3754 σοι
1485 3704 1672 3756 ἄνοσον
1730 3709 1821 3758 καὶ

204 3786 416 3847 ἀϐλαϐῆ
447 3786 495 3841 ἐν
516 3791 662 3862 πάσῃ
697 3789 809 3861 (86)
840 3788 1052 3861 εὐθηνίᾳ
1080 3791 1166 3840 τὸν
1194 3788 1311 3861 βίον
1339 3788 1583 3866 ἐπιμετρή
1596 3812 1747 3849 σειεν.

1921 3187 2035 3227 nos
2068 3170 2250 3225 etiam
2288 3166 2389 3241 Dei
2432 3165 2676 3237 judiciis
2724 3179 2851 3220 non
2897 3164 3186 3236 anteponi
3226 3163 3580 3235 indignabi-

1922 3259 2106 3316 mur?
2149 3261 2356 3329 Itaque
2399 3256 2447 3311 si
2494 3256 2610 3311 hoc
2650 3254 2730 3310 ab
2771 3252 3123 3311 hominibus
3174 3253 3374 3321 datur,
3432 3253 3581 3326 quid

1923 3366 2080 3422 opus
2113 3353 2204 3403 est
2231 3362 2268 3402 a
2298 3345 2470 3402 nobis
2504 3345 2751 3417 petere?
2786 3358 2990 3400 nonne
3028 3343 3231 3415 potius
3264 3359 3377 3415 par
3405 3344 3581 3401 fuerit

1924 3437 2205 3511 quemvis
2243 3436 2359 3491 hoc
2401 3433 2603 3505 ipsum
2642 3448 2679 3488 a
2730 3432 3057 3503 semetipso
3105 3432 3377 3505 accipere
3410 3434 3438 3488 ‘I
3478 3433 3579 3490 Sin

1926 3531 2127 3583 autem
2165 3540 2202 3581 a
2240 3523 2494 3580 Domino
2530 3521 2727 3591 datur,
2769 3520 3003 3592 precari
3037 3519 3228 3589 decet,
3271 3537 3396 3577 non
3434 3537 3580 3578 vero

1926 3613 2249 3684 indignari.
2283 3616 2475 3683 Atque
2494 3610 2646 3666 inter
2673 3608 3047 3682 precandum
3076 3615 3283 3665 nostra
3302 3611 3578 3682 ipsorum

1927 3704 2209 3767 voluntas
2240 3699 2627 3772 exposcenda
2659 3713 2783 3753 non
2814 3703 2904 3753 est
2934 3714 2948 3753 :
2991 3697 3097 3753 sed
3124 3697 3294 3769 quod
3327 3698 3464 3753 utile
3490 3702 3580 3755 est

1928 3789 2401 3866 permittendum
2440 3785 2819 3859 dispensanti
2856 3788 2998 3841 Deo.
3033 3788 3189 3841 Deus
3214 3790 3414 3842 autem
3444 3803 3580 3843 san-

202 3882 341 3935 ctus
378 3893 624 3934 omnem
652 3894 855 3935 rerum
884 3877 1281 3935 molestarum
1312 3882 1743 3952 experientiam
1781 3899 1821 3941 a
1852 3888 2054 3939 vestra
2081 3880 2265 3935 domo
2310 3880 2531 3942 arceat,
2566 3879 2746 3947 atque
2786 3877 2912 3930 tum
2956 3873 3085 3939 tibi,
3118 3878 3260 3931 tum
3297 3875 3583 3932 omnibus

201 3962 323 4024 tuis
359 3967 716 4023 necessariis
744 3968 942 4023 morbi
974 3972 1030 4023 et
1050 3967 1261 4025 damni
1286 3975 1590 4041 expertem
1610 3971 1671 4028 in
1697 3972 1867 4029 omni
1894 3969 2286 4047 prosperitate
2317 3967 2503 4022 vitam
2531 3962 2854 4036 impertiat.

275 4091 409 4165 (80)
440 4096 550 4151 Τῆς
586 4096 910 4165 συμμορίας.
952 4090 1078 4145 Hac
1112 4106 1265 4165 voce
1308 4107 1430 4148 non
1472 4093 1824 4165 designatur

195 4167 326 4217 tota
349 4161 783 4241 d_i(ecesis,'s'ed
799 4168 996 4217 certus
1020 4161 1270 4241 quidam
1293 4178 1591 4241 pagorum
1607 4161 1824 4241 hume-

197 4250 308 4319 rus
347 4233 797 4319 chorepis‘copo
835 4233 1221 4319 commissus,
1261 4233 1325 4289 ut
1349 4242 1514 4319 patet
1542 4254 1614 4319 ex
1645 4239 1820 4319 epist.

204 4305 334 4369 H2,
353 4303 465 4381 ubi
486 4290 736 4381 Basilius
755 4304 955 4381 siclog
967 4305 1124 4381 uitur
1138 4290 1219 4359 de,
1231 4290 1821 4381 quodam—abbrepis;
1861 4290 1906 4342 Ῐ)

203 4390 404 4446 COpO:
430 4375 786 4455 Καταξιωσεις
808 4372 885 4455 δὲ,
911 4372 1171 4455 δήλονότι,
1193 4372 1283 4455 acati.
1312 4372 1823 4455 πτωχοτρορίαν’τῆς

205 4445 517 4519 συμμορίας
552 4456 648 4507 τῆς
688 4446 777 4497 ὑπ’
818 4447 972 4519 αὐτόν
1016 4445 1824 4519 ἐπιαέψασθαιξ⁷οἱ”9ὴαὺθι“ἱε

201 4518 417 4574 autem
443 4524 498 4572 et
514 4533 853 4587 pauperum
870 4518 1111 4573 domum
1132 4518 1211 4572 ad
1224 4533 1410 4587 pagos
1427 4522 1479 4575 ei
1497 4518 1825 4577 cammissos

193 4590 614 4665 pertinentem
636 4589 1013 4665 invisere._Ex
1026 4588 1641 4665 hacautemepistola
1658 4598 1826 4665 patet

200 4660 691 4734 eborepiscopos
711 4675 833 4714 non
856 4660 933 4714 ad
949 4659 1265 4734 arbitrium
1285 4659 1709 4734 episcoporum
1724 4664 1823 4718 de-

201 4729 447 4802 signari
469 4729 674 4802 solitos
694 4746 844 4796 esse,
863 4730 966 4785 sed
992 4746 1117 4802 rem
1136 4729 1407 4786 electioni
1430 4729 1823 4790 commissam

200 4800 428 4875 fuisse.
460 4800 631 4875 Quod
663 4802 910 4875 minime
944 4800 1189 4875 mirum,
1221 4816 1361 4875 cum
1395 4803 1511 4875 ipsi
1549 4805 1729 4860 etiam
1760 4806 1824 4861 in

197 4872 391 4944 pagis
419 4872 753 4944 presbyteri
778 4878 834 4927 et
855 4872 1095 4944 diaconi
1121 4887 1243 4926 non
1270 4873 1397 4928 sine
1420 4872 1711 4931 electione
1734 4892 1825 4931 or-

201 4942 674 5007 dinare’ntuﬂut
697 4949 860 5015 patet
886 4958 957 5015 ex
984 4942 1158 5015 epist.
1182 4946 1265 5015 54.
1296 4946 1432 5000 Erat
1460 4951 1658 5001 autem
1684 4947 1823 5002 cho-

203 5013 893 5096 repiscoporums‘ed’es
940 5013 1161 5096 insigni
1203 5014 1381 5096 alicui
1428 5016 1823 5096 afﬁxapago,

204 5083 308 5141 cui
362 5083 482 5140 alii'
513 5087 654 5155 pagi
698 5083 1201 5141 attribuebantur.
1247 5086 1412 5142 Unde
1456 5083 1703 5143 Basilius
1726 5083 1824 5143 ἰιι

206 5156 399 5228 epist.
452 5158 580 5228 188,
619 5171 758 5228 can.
790 5157 893 5228 _‘lO,
933 5160 1143 5211 auctor
1181 5161 1268 5211 est
1305 5160 1729 5228 Amphilochio
1761 5164 1828 5217 ut

206 5226 437 5301 agrum
470 5226 684 5284 MeStiae
714 5226 1333 5301 subjectumvasodis
1361 5226 1662 5301 subjiciat.

283 5244 437 5288 rum
470 5244 684 5284 mesuas
714 5244 1054 5351 subiectum
1092 5244 1333 5282 vasoais
1361 5244 1662 5301 subjiciat.

283 5298 411 5371 $81)
450 5306 598 5357 Μήτε
623 5308 806 5352 ταῦτα.
862 5304 918 5353 ta
937 5296 1115 5371 Harl,
1140 5299 1318 5355 Coisl.
1342 5302 1572 5371 primus
1595 5307 1651 5356 et
1673 5300 1823 5357 Med.

210 5368 373 5423 hditi
387 5376 519 5441 μήτε
539 5367 1075 5441 ταυτίΝθτιειιᾴιιῐι]
1091 5367 1684 5441 ριιῐιιῐϐόαιὴρΐίεἱιιε.
1702 5374 1826 5427 ham

207 5439 534 5510 nunquam
546 5442 820 5514 fecerim.
848 5439 962 5514 Sed
976 5439 1180 5514 nostra
1194 5440 1597 5514 interpretatio
1615 5460 1724 5499 con
1734 5445 1828 5498 tir-

208 5509 426 5597 matur
449 5528 521 5568 ex
543 5509 634 5569 his
655 5528 789 5597 quae
806 5509 962 5597 infra
982 5509 1432 5597 dicitnBasiliusi
1455 5517 1827 5597 At‘profecto

208 5583 268 5638 si
288 5581 430 5657 [1ch
446 5581 775 5657 secundam
796 5582 1089 5657 hominem
1104 5584 1282 5657 ﬁunt,
1299 5600 1373 5641 ne
1390 5581 1825 5657 ﬁunt—quidem.

287 5654 413 5723 (82)
455 5653 654 5731 Ὠσπερ
698 5655 926 5711 οἰσιίωδ.
975 5652 1188 5710 Nititur
1228 5652 1359 5710 haec
1391 5652 1691 5729 script-tua
1716 5672 1826 5713 au-

1936 4093 2203 4149 ctoritate
2239 4087 2803 4162 antiquissimorum
2828 4085 3147 4162 codicum,
3186 4087 3379 4157 Coisl.,
3431 4089 3581 4145 Med.

1935 4172 2114 4237 atque
2132 4165 2311 4237 etiam
2334 4157 2616 4237 Harllqui
2640 4159 2723 4213 sic
2743 4157 2956 4237 habuit
2980 4159 3410 4237 primamanu.
3434 4162 3584 4237 Editi

1935 4230 2169 4308 ὡς’ὑπερ
2205 4230 2724 4308 οὶκείωυηρόεξθιιι
2775 4234 2993 4308 autem
3018 4230 3451 4308 Basilii__verba
3498 4234 3584 4308 sic

1934 4301 2179 4376 intelligi
2230 4323 2242 4360 :
2293 4301 2732 4376 Abstinendum
2779 4316 2813 4355 ιι
2861 4301 3367 4376 contentionibus,
3392 4304 3586 4376 quasi

1933 4394 2059 4434 non
2104 4371 2282 4432 unus
2357 4374 2609 4445 aliquis;
2647 4373 2800 4426 inter
2864 4386 2989 4435 eos,
3050 4371 3282 4445 quibus
3370 4371 3583 4445 datum

1934 4455 2023 4505 est
2045 4442 2477 4511 testimonium,
2509 4443 2615 4499 sed
2641 4457 2853 4497 omnes
2878 4442 3063 4497 nostri
3084 4442 3209 4496 sint
3237 4444 3579 4498 necessarii.

1936 4521 2051 4576 Sed
2082 4519 2276 4587 magis
2306 4516 2526 4591 arridet
2552 4530 2791 4591 sensus,
2817 4512 3091 4591 quemin
3130 4513 3579 4591 interpretando

1934 4593 2118 4646 secuti
2152 4583 2384 4644 sumus.
2420 4585 2695 4642 Similiter
2730 4583 2977 4654 Basilius
3008 4586 3067 4637 in
3098 4588 3282 4654 caput
3305 4599 3364 4638 ιιι
3391 4585 3576 4651 Isaia,

1932 4677 2074 4734 pag.
2099 4662 2222 4734 456,
2252 4661 2553 4731 vituperat
2578 4653 2880 4734 ejusmodi
2911 4653 3246 4734 electiones,
3275 4655 3581 4734 inquibus

1931 4725 2351 4809 unusquisque
2380 4725 2504 4784 non
2533 4726 2832 4809 virtutem,
2862 4726 2967 4780 sed
2993 4725 3501 4784 necessitudinem
3527 4732 3586 4784 et

1932 4801 2513 4869 consanguinitatem
2536 4801 2781 4869 spectat.

2003 4875 2113 4944 (83)
2140 4865 2248 4932 T33;
2278 4871 2519 4929 ἀληθείας
2548 4865 2627 4944 εἶά.
2664 4867 2754 4923 Sic
2784 4865 3099 4944 Medicteus
3130 4870 3187 4922 et
3206 4868 3577 4944 Harlaganus.

1931 4937 2103 5015 Editi'
2131 4948 2355 5015 μίμησις
2401 4946 2507 5015 μέν-
2543 4938 2656 5015 ἐστι
2702 4947 2793 5015 τῆς
2842 4937 3098 5015 ἀληθείας,
3156 4939 3317 5000 αὐτῆς
3373 4937 3433 5015 δὲ
3486 4949 3581 5003 τῆς

1934 4963 2085 4999 Lall]
2131 4963 2355 5015 μιμησις
2442 4963 2491 4993 εν
2543 4963 2656 4990 εστι
2702 4963 2793 4998 της
2842 4963 3098 5008 αΛτευειας,
3156 4963 3317 5000 αυτης
3373 4963 3433 4994 σε
3486 4963 3581 5003 της

1934 5014 2198 5081 ἀληθείας,
2230 5019 2339 5070 etc.
2387 4963 2507 5068 geri
2539 5012 2794 5083 imitatio
2835 5011 3070 5083 quidem
3104 5017 3246 5083 sunt
3292 5014 3583 5083 veritatis,

1932 5087 2009 5142 ab
2038 5088 2167 5154 ipsa
2186 5079 2399 5154 autem
2430 5083 2683 5139 veritate
2708 5079 2925 5136 absunt
2957 5081 3311 5148 longissime.

2005 5152 2115 5229 (871:)
2145 5152 2637 5229 Προσδοκηθέντων.
2679 5154 2818 5208 Tres
2858 5167 3007 5211 mss.
3040 5168 3167 5208 non
3195 5153 3583 5210 vetustissimi

1932 5225 2379 5303 προσδοκωμένων
2394 5271 2404 5281 .

2006 5302 2117 5369 (85)
2144 5292 2229 5372 _T6'
2265 5301 2522 5372 συμφέρον
2559 5292 2967 5372 esé._Begius
3004 5298 3253 5372 uterque
3301 5298 3359 5372 et
3405 5293 3578 5372 Goisl.

1934 5366 2236 5446 secundus
2258 5366 2394 5446 cum
2421 5366 2674 5439 utroque
2705 5366 2893 5446 Bigot.
2924 5372 3037 5446 Θεῷ
3068 5367 3125 5415 τὸ
3160 5368 3579 5446 συμφέρονλῌᾶο

1930 5441 2185 5496 lectione
2233 5437 2622 5496 conﬁrmatur
2670 5443 2875 5493 nostra
2920 5437 3345 5506 interpretatio.
3402 5437 3581 5493 Aliter

1934 5507 3159 5587 enimreddi'potuisset,dispensantiqupd
3176 5508 3325 5587 utile
3338 5510 3577 5587 estDeo.

2003 5584 2117 5655 (86)
2154 5584 2240 5655 Ἕν
2281 5577 2451 5655 πάσῃ,
2488 5584 2662 5638 Deest
2694 5577 3039 5651 prreposxtio
3070 5577 3133 5633 in
3177 5577 3372 5636 tribus
3413 5584 3580 5639 vetu-

1930 5653 2207 5711 stiSshis
2235 5653 2578 5713 codicibus.
