4074 6220
560 267 697 326 1031

1058 412 1393 469 EPISTOLA
1433 413 1676 470 CCXCI'.

1943 260 1998 315 S.
2039 259 2287 317 BASlLlI
2322 258 2541 317 MAGNI

3708 274 3814 327 ωδε

2852 415 3189 465 ΕΠΙΣΤΟΛΗ
3229 396 3371 472 ΣΒΑκ

572 542 940 600 Timotheum
971 539 1477 609 chorepiscopum,
1502 539 1609 609 qui
1630 553 1705 594 ex
1723 553 1951 593 summo
1968 536 2232 611 asceticaz
2262 536 2397 611 vitae
2415 536 2653 604 fervore
2678 536 2759 591 ad
2786 537 3106 594 saecularia
3130 540 3357 609 negotia
3381 538 3633 608 delapsus
3654 541 3832 611 fuerat,

1404 620 1483 667 aa
1514 611 1834 680 pristinam
1864 611 2145 680 pietatem
2174 609 2436 664 Basilius
2466 622 2744 664 revocare
2773 615 3054 664 conatur.

1000 735 1291 792 Timotheo
1333 733 1769 805 chorepiscopo.

640 849 706 902 Et
752 843 1008 900 scribere
1058 842 1265 898 omnia
1312 857 1693 914 quaecunque
1744 840 1956 909 sentio,
2014 856 2212 913 neque

567 934 830 1009 epistolae
870 932 1053 987 modo
1094 930 1412 987 convenire
1450 930 1647 997 video,
1689 946 1885 1002 neque
1930 929 2078 986 alias
2122 947 2212 986 sa-

565 1022 873 1081 lutationis
915 1020 1178 1092 speciem
1226 1020 1484 1083 decere;
1535 1024 1591 1075 et
1638 1019 1869 1076 silentio
1914 1019 2213 1091 praeterire

566 1128 719 1185 pene
762 1108 1131 1181 impossibile
1174 1108 1320 1163 mihi
1361 1113 1467 1176 est,
1506 1108 1670 1180 justa
1707 1109 1768 1164 in
1814 1114 1866 1165 te
1900 1108 2215 1165 iracundia

568 1200 746 1257 corde
790 1198 1073 1253 fervente.
1129 1196 1378 1252 Mediam
1422 1196 1600 1265 igitur
1644 1197 1798 1251 viam
1854 1196 2039 1257 inibo,
2097 1197 2215 1254 alia

568 1288 811 1361 quidem
856 1285 1141 1354 scribens,
1183 1284 1299 1339 alia
1344 1286 1819 1355 praetermittens.
1868 1285 2010 1339 Volo
2053 1286 2215 1341 enim

569 1383 624 1435 te
664 1375 1118 1448 reprehendere,
1151 1375 1200 1427 si
1240 1374 1329 1428 fas
1367 1378 1474 1440 est,
1507 1375 1703 1429 amica
1740 1374 1978 1429 dicendi
2008 1391 2216 1446 aequa-

569 1468 815 1523 bilitate.
855 1462 1171 1529 Quomodo
1196 1463 1535 1518 Timotheus
1574 1464 1689 1529 ille,
1730 1480 1912 1536 quem
1952 1480 1987 1520 a
2022 1464 2219 1536 pueri-

570 1558 650 1614 tia
687 1556 769 1611 ita
807 1570 938 1609 sese
972 1554 1050 1609 ad
1083 1558 1310 1609 rectam
1349 1558 1406 1608 et
1444 1555 1767 1609 asceticam
1811 1553 1991 1609 vitam
2031 1554 2219 1609 inten-

571 1647 729 1702 disse
751 1644 1051 1709 novimus,
1078 1647 1140 1698 ut
1165 1642 1679 1698 immoderationis
1703 1643 1764 1697 in
1795 1642 1887 1697 his
1916 1642 2095 1698 rebus
2124 1659 2219 1699 ac-

571 1739 909 1797 cusaretur;
932 1731 1109 1803 Q30
1132 1747 1294 1787 nunc
1314 1732 1393 1787 ab
1414 1748 1486 1788 ea
1503 1748 1566 1786 re
1587 1732 1758 1787 unice
1779 1732 2218 1788 consideranda

572 1822 909 1891 discedens,
940 1820 1087 1892 quid
1123 1820 1466 1876 faciendum
1504 1820 1594 1883 sit,
1636 1825 1700 1876 ut
1744 1837 1883 1876 cum
1922 1822 2042 1876 Deo
2081 1836 2221 1875 con-

567 1912 918 1983 jungamur,
961 1909 1207 1981 respicis
1245 1908 1323 1965 ad
1367 1926 1438 1965 ea
1479 1926 1614 1981 quae
1646 1910 1720 1963 de
1760 1914 1813 1965 te
1852 1909 2052 1965 nescio
2083 1910 2219 1981 quis

573 2000 892 2067 existimat,
947 2002 1003 2054 et
1051 2014 1412 2071 suspensam
1470 2016 1542 2053 ex
1602 1998 1858 2054 aliorum
1925 1999 2221 2055 sententia

571 2091 756 2147 vitam
796 2088 1005 2155 habes,
1048 2093 1104 2143 et
1136 2088 1447 2159 quomodo
1478 2104 1587 2144 nec
1618 2088 1827 2144 amicis
1858 2088 2085 2143 inutilis
2117 2090 2218 2159 sis,

573 2195 685 2235 nec
713 2177 969 2233 inimicis
1000 2176 1283 2231 ridiculus
1312 2176 1678 2245 consideras,
1712 2193 1781 2232 ac
1820 2176 2218 2246 ignominiam

578 2267 741 2339 apud
773 2265 993 2320 multos
1022 2270 1086 2319 ut
1119 2279 1410 2334 magnum
1450 2265 1697 2337 aliquod
1735 2266 1963 2321 malum
2011 2266 2218 2323 formio

576 2356 725 2421 das;
758 2368 869 2409 nec
899 2354 1127 2421 cogitas
1162 2357 1216 2408 te
1244 2353 1391 2408 dum
1422 2354 1483 2408 in
1512 2354 1604 2409 his
1641 2354 1820 2409 rebus
1854 2356 2218 2425 immoraris,

576 2441 1021 2513 imprudentem
1051 2442 1422 2513 praecipuum
1452 2458 1523 2498 ac
1560 2443 1913 2514 primarium
1951 2445 2083 2500 vitae
2116 2461 2221 2514 ge-

574 2546 690 2586 nus
718 2529 1068 2599 negligere?
1115 2530 1310 2586 Plenas
1345 2531 1506 2587 enim
1542 2536 1680 2588 sunt
1716 2533 2025 2605 Scriptura:
2068 2534 2223 2590 testi-

575 2620 816 2687 moniis,
863 2618 1082 2691 quibus
1121 2618 1446 2676 edocemur
1482 2636 1606 2676 non
1645 2637 1822 2693 posse
1859 2622 2038 2678 simul
2067 2628 2224 2681 utra-

576 2726 693 2782 que
740 2709 996 2777 retineri,
1046 2710 1259 2765 mundi
1302 2710 1481 2779 hujus
1524 2713 1764 2781 negotia
1803 2717 1859 2767 et
1900 2714 2083 2769 vitam
2123 2731 2220 2770 se-

572 2798 843 2855 cundum
898 2801 1085 2853 Deum
1132 2815 1145 2865 ;
1204 2798 1383 2870 plena
1435 2805 1526 2855 est
1581 2800 1759 2855 etiam
1810 2801 1945 2873 ipsa
2005 2808 2221 2861 natura

571 2887 871 2959 ejusmodi
903 2886 1213 2958 exemplis.
1262 2891 1411 2943 Nam
1453 2888 1515 2943 in
1558 2890 1775 2945 mentis
1822 2892 2054 2947 actione
2093 2893 2215 2949 duo

568 2976 744 3031 simul
783 2976 1042 3045 cogitare
1086 2976 1337 3031 omnino
1374 2992 1496 3032 non
1535 2993 1887 3049 possumus.
1926 2984 2113 3051 Atque
2154 2982 2213 3037 in

564 3064 636 3120 iis
694 3081 830 3137 qua:
886 3081 1070 3121 sensu
1121 3065 1550 3137 percipiuntur,
1611 3068 1745 3123 dum
1804 3085 1978 3125 voces
2035 3070 2216 3127 simul

566 3154 802 3209 emissae
842 3154 1089 3209 auribus
1119 3154 1255 3226 capi
1284 3154 1499 3211 eodem
1528 3161 1839 3214 momento
1869 3162 1926 3214 et
1954 3158 2215 3215 discerni

565 3258 690 3299 non
722 3247 979 3313 possunt
1014 3261 1027 3311 ;
1076 3243 1258 3316 idque
1298 3260 1434 3299 cum
1468 3246 1591 3301 duo
1630 3245 1805 3302 nobis
1844 3247 1922 3303 ad
1960 3248 2214 3304 audien-

567 3334 714 3389 dum
746 3338 979 3388 meatus
1009 3334 1198 3405 aperti
1229 3335 1363 3389 sint.
1396 3336 1559 3391 Oculi
1588 3352 1853 3408 quoque,
1887 3338 1999 3393 nisi
2031 3338 2215 3395 ambo

2247 733 2296 787 Α

2775 734 3009 804 Τιμοθέῳ
3045 738 3451 807 χωρεπισκόπῳ.

2397 840 2496 890 Καὶ
2532 840 2591 890 τὸ
2629 839 2800 891 πάντα
2835 842 3071 913 γράφειν,
3111 843 3211 892 ὅσα
3250 848 3432 913 φρονῶ,
3468 845 3575 894 οὔτε
3608 850 3670 911 τῷ
3710 846 3835 917 μέτρῳ

2321 935 2417 987 τῆς
2474 926 2745 988 ἐπιστολῆς
2798 929 2900 1001 ὁρῶ
2956 928 3257 1001 συμϐαῖνον,
3319 934 3433 983 οὔτε
3494 930 3643 992 ἄλλως
3692 938 3840 1005 πρέπον

2321 1024 2393 1087 τῷ
2440 1025 2529 1077 τῆς
2575 1023 2932 1093 προσηγορίας
2983 1016 3147 1071 εῖδει·
3198 1024 3286 1071 καὶ
3328 1023 3385 1071 τὸ
3432 1028 3591 1079 σιωπῆ
3630 1020 3842 1094 παρελθεῖν

2321 1114 2512 1179 μικροῦ
2557 1112 2647 1159 καὶ
2691 1105 2947 1160 ἀδύνατόν
2993 1109 3101 1177 (87)
3151 1108 3262 1161 ἐστί
3300 1129 3409 1182 μοι,
3438 1106 3617 1180 δικαίῳ
3653 1113 3773 1182 θυμῷ
3791 1116 3843 1179 τῷ

2323 1198 2455 1248 κατὰ
2516 1203 2609 1247 σοῦ
2673 1197 3083 1269 φλεγμαινούσης
3148 1218 3236 1269 μοι
3301 1207 3390 1259 τῆς
3445 1195 3667 1274 καρδίας.
3710 1204 3846 1255 Μέσην

2324 1280 2410 1335 οὖν
2462 1281 2777 1357 βαδιοῦμαι,
2821 1289 2887 1337 τὰ
2929 1290 3018 1358 μεν
3059 1289 3289 1360 γράφων,
3330 1289 3395 1339 τὰ
3434 1284 3491 1340 δὲ
3524 1292 3703 1361 παρείς.
3738 1289 3850 1340 Καθ-

2325 1372 2565 1443 άψασθαι
2592 1378 2692 1449 γάρ
2728 1395 2820 1427 σου
2855 1374 3131 1447 βούλομαι,
3164 1377 3205 1427 εἰ
3245 1378 3387 1448 θέμις
3428 1375 3581 1446 ἐστὶν,
3622 1374 3664 1428 ἐν
3707 1376 3853 1447 ἰσηγο·

2324 1467 2415 1535 ρία
2458 1462 2656 1535 φιλικῆ.
2704 1465 2763 1517 Εἰ
2797 1467 3046 1537 Τιμόθεος
3080 1465 3288 1533 ἐκεῖνος,
3341 1466 3393 1517 ὃν
3435 1465 3489 1518 ἐκ
3525 1462 3699 1525 παιδὸς
3734 1462 3853 1516 οἰδα-

2326 1569 2415 1622 μεν
2464 1560 2709 1604 τοσοῦτον
2758 1556 2883 1625 πρὸς
2934 1558 3027 1611 την
3072 1554 3333 1627 ὀρθότητα
3374 1559 3463 1605 καὶ
3509 1558 3588 1605 τὸν
3635 1573 3855 1611 κατησκηα

2326 1644 2473 1713 μένον
2540 1640 2656 1713 βίον
2720 1650 2792 1711 τῷ
2858 1646 2985 1713 τόνῳ
3048 1649 3340 1714 χρώμενον,
3400 1644 3527 1701 ὥστε
3586 1642 3858 1713 ἐγκαλεῖσθαι

2326 1734 2419 1788 τὴν
2458 1729 2507 1782 ἐν
2546 1734 2743 1791 τούτοις
2790 1732 2901 1798 (88)
2947 1734 3215 1805 ἀμετρίαν,
3266 1734 3498 1793 ἀποστὰς
3534 1739 3614 1782 νῦν
3652 1739 3730 1782 τοῦ
3766 1749 3857 1781 no-

2327 1827 2436 1873 πεῖν
2475 1822 2644 1872 πάντα
2680 1825 2868 1894 τρόπον
2901 1824 2932 1871 ὅ
2966 1840 3016 1872 τι
3053 1827 3162 1893 χρὴ
3208 1829 3458 1873 ποιοῦντα
3498 1829 3565 1892 τῷ
3600 1829 3698 1890 Θεῷ
3729 1839 3857 1891 προσ-

2329 1911 2672 1979 οικειοῡσθαι,
2726 1908 3025 1969 ἀποϐλέπεις
3072 1914 3202 1982 πρὸς
3243 1913 3312 1962 τὰ
3354 1918 3427 1980 τῷ
3480 1906 3602 1962 δεῖνι
3656 1906 3859 1961 δοκοῦντα

2327 2003 2443 2070 περὶ
2498 2006 2614 2062 σοῦ,
2658 2003 2747 2051 καὶ
2798 2007 2893 2059 τῆς
2942 1999 3122 2071 ἐτέρων
3174 2005 3384 2071 γνώμης
3439 2005 3526 2057 τὴν
3582 2000 3705 2059 ζωὴν
3751 2000 3859 2068 ila;

2261 2086 2697 2160 Βὶξηρτημένην,
2748 2090 2836 2138 καὶ
2885 2090 3022 2148 ὅπως
3071 2093 3143 2158 μη
3209 2087 3373 2159 φίλοις
3433 2090 3707 2160 ἄχρηστος,
3755 2081 3861 2156 μηδὲ

2328 2176 2540 2251 ἕχθροῖς
2581 2174 2643 2249 ᾗς
2678 2176 3064 2248 καταγέλαστος
3104 2176 3321 2249 ἐνθυμῇ,
3363 2182 3453 2229 καὶ
3489 2181 3578 2235 τὴν
3614 2178 3739 2248 παρὰ
3772 2174 3861 2225 πολ·

2328 2265 2425 2317 λῶν
2468 2265 2752 2337 αἰσχύνην,
2794 2269 2861 2326 ὡς
2906 2263 3071 2318 δεινόν
3114 2285 3187 2333 τι,
3239 2265 3397 2337 φοϐῇ,
3446 2270 3533 2317 καὶ
3579 2265 3663 2317 οὐκ
3704 2264 3861 2328 imm,

2329 2357 2409 2408 ὅτι
2449 2352 2497 2405 ἐν
2535 2356 2640 2425 ὅσῳ
2683 2360 2800 2430 περὶ
2845 2362 3012 2407 ταῦτα
3056 2353 3231 2428 τρίϐη,
3282 2354 3543 2415 λανθάνεις
3582 2357 3766 2406 σεαυτὸν
3798 2360 3863 2410 τῆς

2330 2449 2720 2517 προηγουμένης
2772 2448 2904 2507 ζωῆς
2952 2443 3191 2516 ἁμελῶνς
3252 2443 3376 2497 Ὀτι
3422 2447 3520 2518 γὰρ
3571 2444 3658 2495 οὐκ
3691 2442 3866 2514 ἐγχωρεῖ

2333 2533 2628 2608 ἀμφοτέρων
2694 2536 2824 2605 ὁμοῦ
2889 2535 3291 2605 περιγενέσθαι,
3359 2542 3459 2585 τῶν
3522 2552 3573 2585 τε
3637 2534 3749 2582 κατὰ
3803 2531 3863 2580 τὸν

2330 2630 2525 2697 κόσμον
2562 2632 2741 2677 τοῦτον
2789 2625 3127 2695 πραγμάτων,
3173 2628 3266 2674 καὶ
3314 2631 3407 2682 τῆς
3450 2626 3581 2674 κατὰ
3618 2625 3725 2674 Θεὸν
3760 2618 3864 2671 πολι-

2329 2720 2489 2777 τείας,
2547 2714 2755 2788 πλήρεις
2793 2717 2883 2785 μὲν
2924 2714 3031 2781 (89)
3074 2714 3127 2763 αἱ
3159 2714 3297 2763 θεῖαι
3329 2717 3548 2784 Γραφαὶ,
3580 2712 3641 2761 ὧν
3668 2705 3864 2768 ἐδίδαξαν

2328 2806 2504 2875 ἡμᾶς’
2554 2802 2757 2875 πλήρης
2802 2798 2860 2854 δε
2908 2804 2997 2851 καὶ
3055 2800 3185 2859 αὗτή
3239 2803 3270 2858 ἡ
3328 2803 3480 2873 φύσις
3530 2809 3621 2851 τῶν
3670 2799 3864 2849 τοιούτων

2324 2890 2723 2964 ὑποδειγμάτων
2771 2889 2929 2942 ἐστίν.
2978 2889 3064 2942 ’Ἐν
3114 2908 3166 2941 τε
3223 2892 3329 2964 γὰρ
3382 2900 3445 2962 τῇ
3491 2892 3620 2941 κατὰ
3666 2892 3740 2938 τόν
3778 2892 3864 2936 νοῦν

2323 2982 2548 3056 ἐνεργείᾳ
2594 2977 2691 3032 δύο
2733 2987 2923 3037 νοῆσαι
2961 2982 3095 3030 κατὰ
3146 2982 3339 3031 ταυτὸν
3396 2984 3627 3050 νοήματα
3663 2974 3865 3031 παντελῶς

2323 3070 2596 3143 ἀμήχανον
2620 3088 2637 3104 ο
2689 3071 2739 3122 ἕν
2782 3088 2837 3121 τε
2873 3075 2984 3128 ταῖς
3022 3070 3157 3120 κατὰ
3191 3072 3289 3126 τὴν
3332 3070 3579 3125 αἴσθησιν
3614 3063 3865 3131 iutilier

2324 3158 2421 3213 δύο
2480 3162 2642 3231 φωνάς
2695 3161 2824 3230 όμοῦ
2876 3160 3322 3230 προστιπτούσοες
3378 3166 3491 3221 ταῖς
3548 3156 3711 3216 ἀκοαῖς
3751 3150 3867 3222 δεχε-

2326 3252 2449 3303 σθαι
2497 3248 2545 3301 ἓν
2583 3256 2756 3318 ταυτῷ
2804 3253 2895 3299 καὶ
2948 3244 3231 3320 διακρίνειν
3286 3244 3580 3300 ἆδύνατον²
3628 3251 3708 3296 καὶ
3751 3248 3865 3293 τοῦτο

2326 3336 2424 3392 δύο
2474 3337 2796 3390 ἀκουστικῶν
2842 3342 3014 3411 πόρων
3066 3338 3191 3408 ἡμῖν
3242 3336 3588 3409 ἀνεῳγμένων.
3632 3330 3866 3405 Ὀφθαλμοὶ

568 3422 629 3478 in
656 3437 779 3477 una
804 3421 1008 3494 aliqua
1040 3439 1103 3479 re
1140 3423 1358 3479 visibili
1392 3425 1755 3495 deligantur,
1778 3444 1954 3482 suum
1994 3444 2216 3484 munus

2329 3425 2405 3493 δε,
2448 3427 2531 3479 ἐὰν
2570 3432 2640 3499 μὴ
2685 3425 2964 3498 ἀμφότεροι
3001 3429 3131 3499 πρὸς
3170 3427 3219 3477 ἓν
3260 3445 3313 3477 τι
3356 3436 3454 3478 τῶν
3503 3427 3688 3499 ὁρατῶν
3722 3421 3868 3472 ἀποτα-

570 3517 847 3567 accurate
887 3510 1051 3566 obire
1092 3527 1216 3568 non
1264 3519 1511 3585 queunt.
1552 3521 1740 3586 Atque
1784 3518 1865 3572 ita
1908 3521 1997 3571 est
2035 3519 2096 3571 in
2132 3534 2219 3573 re-

570 3600 685 3656 bus
738 3600 1133 3656 naturalibus.
1189 3604 1321 3657 Jam
1378 3604 1818 3675 Scripturarum
1878 3606 2220 3663 testimonia

572 3689 678 3745 tibi
707 3689 922 3745 referre
953 3706 1073 3745 non
1104 3692 1304 3745 minus
1330 3692 1670 3761 ridiculum,
1698 3710 1884 3766 quam
1909 3700 2216 3765 noctuam,

572 3784 635 3835 ut
686 3780 873 3847 aiunt,
925 3780 1183 3836 Athenas
1232 3781 1402 3836 ferre.
1462 3782 1612 3847 Quid
1666 3783 1842 3851 igitur
1892 3784 2217 3839 miscemus

571 3884 707 3941 quae
758 3869 995 3925 misceri
1050 3886 1174 3925 non
1231 3876 1502 3941 possunt,
1562 3872 1853 3927 tumultus
1916 3873 2114 3928 civiles
2165 3877 2221 3930 et

570 3957 803 4028 pietatis
838 3958 1344 4027 exercitationem,
1383 3975 1453 4014 ac
1493 3975 1617 4015 non
1656 3962 1855 4032 potius
1895 3978 1931 4016 a
1962 3962 2223 4017 tumulti-

570 4044 707 4106 bus,
755 4049 812 4099 et
853 4061 889 4100 τι
932 4046 1186 4113 negotiis
1240 4047 1516 4113 gerendis
1568 4053 1672 4103 aut
1723 4050 1821 4104 alii
1868 4050 2221 4107 exhibendis

571 4131 939 4197 recedentes,
992 4132 1310 4188 nobiscum
1362 4134 1477 4205 ipsi
1530 4152 1888 4205 versamur;
1947 4144 2003 4194 et
2055 4138 2224 4211 quod

576 4219 809 4275 dudum
831 4221 1206 4292 suscepimus
1223 4222 1455 4293 pietatis
1472 4226 1868 4295 propositum,
1884 4243 2065 4297 opere
2087 4245 2227 4283 con-

574 4310 912 4379 ﬁrmamus,
936 4314 992 4367 et
1018 4310 1369 4367 calumniari
1398 4313 1728 4369 volentibus
1756 4316 2129 4372 ostendimus
2151 4319 2225 4373 si-

576 4405 703 4457 tum
733 4400 793 4457 in
829 4400 942 4456 illis
978 4417 1099 4457 non
1142 4417 1295 4470 esse,
1330 4407 1393 4457 ut
1422 4403 1759 4459 molestiam
1800 4405 1973 4461 nobis
2005 4412 2225 4478 creent,

577 4506 716 4545 cum
746 4490 1095 4547 voluerint?
1134 4494 1250 4547 Hoc
1282 4497 1482 4547 autem
1509 4493 1627 4559 liet,
1666 4493 1767 4549 ubi
1803 4510 1913 4550 nos
1952 4495 2029 4551 ab
2060 4498 2227 4552 omni

581 4594 730 4634 ansa
749 4579 968 4635 liberos
999 4579 1473 4636 exhibuerimus.
1513 4582 1578 4635 Et
1602 4582 1729 4637 haec
1755 4584 2000 4655 quidem
2032 4586 2228 4641 hacte-

578 4681 711 4721 nus.
766 4667 999 4722 Utinam
1048 4673 1247 4723 autem
1297 4674 1353 4724 et
1401 4669 1579 4724 simul
1617 4670 1944 4743 aliquando
1984 4690 2231 4742 congre-

2330 3520 2507 3582 θῶσιν,
2551 3516 2765 3590 ἐνεργεῖν
2812 3518 2870 3566 τό
2919 3515 3110 3567 ἑαυτῶν
3150 3514 3382 3587 ἀκριϐῶς
3422 3515 3479 3567 οὐ
3527 3512 3768 3566 δύνανται.
3796 3510 3868 3559 Καὶ

2329 3615 2493 3659 ταῦτα
2530 3608 2619 3679 μὲν
2660 3609 2722 3657 τὰ
2757 3606 2898 3678 παρὰ
2936 3612 3028 3664 τῆς
3069 3607 3267 3676 φύσεως
3291 3627 3303 3638 -
3354 3609 3419 3657 τὰ
3458 3602 3515 3657 δὲ
3552 3603 3602 3656 ἐκ
3638 3612 3725 3654 τῶν
3764 3605 3867 3669 Γρα-

2330 3704 2431 3768 φών
2492 3714 2575 3747 σοι
2630 3691 2933 3765 διηγεῖσθαι
2987 3692 3092 3764 οὐχ
3150 3695 3308 3751 ἧττόν
3372 3693 3485 3746 ἐστι
3545 3690 3866 3762 καταγέλαστοι

2329 3790 2357 3843 ἦ
2408 3785 2629 3856 γλαῦκα,
2678 3789 2834 3855 φησιν
2882 3784 3010 3853 (90),
3066 3783 3364 3844 Ἀθηναίοις
3412 3785 3574 3854 οἰγειν.
3622 3787 3680 3834 Ti
3721 3775 3790 3829 οὖν
3822 3776 3867 3823 τὰ

2328 3877 2527 3946 οἰμικτα
2559 3878 2809 3945 μίγνυμεν
2853 3889 2865 3938 ;
2910 3871 3160 3945 θορύϐους
3201 3872 3505 3933 πολιτικοὺς
3543 3876 3628 3923 καὶ
3665 3865 3868 3920 εὐσεϐείας

2328 3966 2608 4027 οἰσκησιν;
2665 3960 2772 4012 αλλ’
2821 3961 2947 4031 οὐχὶ
3001 3959 3323 4023 ἀποστάντες
3372 3969 3474 4013 τῶν
3534 3958 3758 4033 θορύϐῶν,
3803 3954 3868 4003 καὶ

2328 4061 2419 4106 τοῦ
2485 4054 2769 4125 πράγματα
2834 4051 2947 4119 (9i)
3023 4053 3163 4121 ἔχειν
3239 4056 3329 4102 καὶ
3398 4054 3641 4125 παρέχειν
3708 4046 3868 4115 ἑτέροις,

2333 4145 2475 4214 ἡμῶν
2520 4141 2686 4192 αὐτῶν
2733 4141 3017 4211 γινόμεθα·
3064 4144 3153 4190 καὶ
3205 4139 3258 4190 ὃν
3306 4138 3471 4191 πάλαι
3514 4135 3774 4209 ὑπεθέμεθα
3802 4136 3868 4187 τῆς

2334 4231 2595 4291 εὐσεϐείας
2647 4234 2837 4282 σκοπὸν
2897 4228 3207 4301 βεϐαιοῦμεν
3249 4238 3319 4300 τῷ
3376 4232 3529 4304 ἔργῳ,
3585 4232 3667 4277 καὶ
3720 4220 3871 4275 δείκνυ·

2334 4341 2422 4395 μεν
2466 4327 2575 4382 τοῖς
2622 4319 2921 4393 ἐπηρεάζειν
2960 4320 3083 4389 ἡμῖν
3126 4316 3487 4391 βουλομένοις,
3536 4321 3609 4370 ὅτι
3650 4314 3731 4367 οὐκ
3769 4313 3870 4363 ἔστιν

2336 4410 2413 4463 ἐπ’
2460 4411 2631 4469 αὐτοῖς
2670 4413 2727 4460 τὸ
2770 4407 2945 4459 λυπεῖν
2991 4409 3128 4477 ἡμᾶς
3183 4409 3303 4458 ὅταν
3357 4406 3611 4475 ἐθέλωσι;
3656 4408 3794 4455 Τοῦτο
3831 4393 3872 4446 δε

2337 4504 2484 4553 ἔσται
2534 4495 2741 4552 ἐπειδὰν
2795 4501 2969 4558 πάσης
3020 4496 3179 4557 λαϐῆς
3224 4496 3517 4569 ἐλευθέρους
3559 4496 3750 4549 ἑαυτοὺς
3782 4504 3875 4537 ατο·

2339 4586 2605 4661 δείξωμεν.
2660 4593 2760 4639 Καὶ
2799 4595 2966 4638 ταῦτα
3003 4589 3091 4658 μὲν
3128 4587 3197 4647 εἰς
3236 4596 3507 4639 τοσουτον.
3557 4588 3641 4640 Eia
3686 4577 3736 4632 δε
3771 4580 3873 4647 ἡμας

2338 4698 2459 4730 ποτε
2502 4684 2590 4729 καὶ
2634 4676 2682 4728 ἐν
2727 4685 2899 4745 ταυτῴ
2950 4677 3209 4747 γενέσθαι,
3257 4680 3346 4726 καὶ
3390 4672 3730 4749 ἀκριϐέστερον
3778 4664 3874 4715 ϐον-

577 4754 833 4825 diamur,
886 4761 941 4811 et
995 4756 1335 4826 diligentius
1381 4758 1781 4815 deliberemus
1836 4762 1909 4818 de
1965 4764 2034 4818 iis
2091 4780 2226 4834 quae

2338 4768 2627 4820 λεύσασθαι
2670 4770 2783 4839 περὶ
2827 4772 2925 4816 τῶν
2967 4769 3327 4839 συμφερόντων
3368 4772 3478 4823 ταῖς
3522 4762 3708 4832 ψυχαῖς
3746 4757 3871 4824 ἡμῶν,

578 4844 796 4899 nostris
864 4845 1183 4902 animabus
1231 4848 1600 4919 conducunt,
1658 4866 1733 4906 ne
1800 4852 1951 4907 inter
2017 4853 2228 4911 inanes

579 4948 755 4989 curas
815 4933 1359 5005 deprehendamur,
1432 4942 1772 4997 necessario
1829 4944 1987 4998 exitu
2053 4944 2230 4999 nobis

581 5023 1055 5094 superveniente.
1120 5026 1409 5083 Caeterum
1470 5030 1541 5085 iis
1608 5045 1742 5102 quae
1810 5036 1911 5089 tua
1970 5033 2230 5091 Charitas

652 5146 860 5225 f_A_lias
879 5148 1122 5225 ‘CCCXL.
1152 5149 1386 5225 §cripta
1406 5152 1467 5207 in
1492 5154 1867 5225 episcopatu.

650 5215 1083 5302 (8a.:Ad‘ﬂgarov
1145 5221 1249 5302 Si_c_
1284 5215 1711 5302 veteresdibri‘
1768 5244 1894 5302 sex.
1952 5230 2231 5302 (Zorrupte

580 5287 843 5347 in'editis
880 5287 1161 5345 ἀδυνάτου.
1205 5293 1333 5347 MOI
1373 5298 1491 5348 tres
1526 5296 1759 5351 codices
1815 5287 2234 5371 φλεγμαινούσης

624 5382 703 5415 O'J.

624 5384 703 5415 ου.

584 5384 620 5434 μ
656 5436 768 5503 (88)
812 5434 892 5485 Ἐν
924 5437 1141 5497 τούτοις.
1185 5438 1319 5490 Tres
1359 5451 1504 5491 mss.
1542 5438 1624 5490 ἐπὶ
1653 5442 1875 5502 τούτοις.
1910 5446 2039 5499 Mox
2070 5444 2236 5501 deest

585 5512 670 5555 νῦν
702 5506 761 5559 in
794 5506 1091 5563 Medicaeo.

660 5576 772 5647 (89)
811 5578 1031 5652 Πλήρεις
1069 5582 1178 5652 μέν.
1228 5580 1495 5648 Quatuor
1533 5580 1768 5641 codices
1800 5598 1924 5643 non
1950 5587 2239 5661 antiquis-

2339 4862 2423 4909 ἶνα
2456 4861 2525 4928 μὴ
2568 4854 2614 4906 ἐν
2655 4863 2715 4925 τῇ
2752 4858 2868 4927 περὶ
2904 4861 3002 4904 τῶν
3052 4858 3283 4923 ματαίων
3324 4847 3562 4925 φροντίδι
3598 4842 3875 4912 καταληφθείν

2338 4966 2447 5019 μεν,
2509 4953 2597 5004 τῆς
2658 4942 2937 5012 ἀναγκαίας
2994 4938 3177 5003 ἐξόδου
3243 4940 3552 4999 ἐπελθούσης
3612 4940 3739 5007 ἡμῖν.
3784 4935 3875 4983 Tt“;

2341 5032 2399 5088 δε
2450 5032 2789 5086 ἀποσταλεῖσι
2842 5032 2986 5103 παρὰ
3025 5039 3113 5090 τῆς
3180 5028 3388 5100 ἀγάπης
3454 5048 3544 5081 σου
3609 5020 3870 5094 ὑπερήσθη,

2341 5158 2474 5214 simi
2520 5157 2724 5228 πλήρης
2766 5159 2854 5228 μὲν
2912 5156 2940 5211 ἡ
2998 5157 3107 5206 θεία
3154 5157 3323 5228 Γραφὴ
3377 5154 3443 5204 ὧν
3491 5146 3870 5228 ἐδιδαξξνιῆμαξί

2344 5230 2526 5286 Paulo
2568 5216 2720 5302 post
2745 5216 3086 5283 Harltcanus
3127 5216 3315 5281 codex
3348 5226 3428 5276 Ἐν
3466 5230 3526 5293 τῇ
3566 5224 3658 5292 γὰρ
3695 5220 3742 5270 et
3772 5225 3874 5263 κατα

2341 5321 2520 5356 τουτο.
3830 5356 3835 5361 ,

2416 5376 2521 5443 (90)
2552 5376 2735 5427 «Maia.
2770 5370 2944 5425 Coisl.
2971 5368 3201 5439 primus
3230 5371 3286 5421 ct
3313 5366 3463 5443 alius
3484 5361 3713 5441 quidam
3734 5369 3870 5443 φξξξιζι

2416 5427 2523 5515 (ωδ
2572 5450 2668 5496 Καὶ
2709 5450 2797 5515 τόν
2830 5427 3131 5515 πράγματα,
3188 5436 3477 5515 l_ta__(;oisl.
3501 5427 3733 5515 .pt‘lmt‘li.

2342 5498 2599 5587 Primus,
2635 5513 2787 5569 Harl.
2825 5498 2881 5572 ei
2906 5498 3162 5570 Clarom.
3198 5509 3346 5567 Editi
3383 5511 3439 5566 et
3472 5498 3723 5564 nonnulli
3754 5506 3870 5552 mss.

2345 5595 2445 5640 τῶν
2477 5588 2819 5659 πραγμάτων.
