4074 6220
574 234 712 290 {O33

1949 230 2006 286 s.
2048 230 2297 305 35$an
2334 232 2551 288 MAGN!

3718 256 3819 313 l036

571 353 758 413 etiam
798 353 1044 428 reliquae
1085 370 1182 412 res
1214 354 1354 411 vita;
1382 353 1412 410 ‘t
1450 342 1537 411 an.
1566 350 1675 411 tibi
1711 369 1785 410 ex
1818 336 2112 410 sententia
2140 370 2231 411 ce-

2343 374 2535 427 γειανς
2592 363 2706 418 Πῶς
2764 356 2822 411 δὲ
2870 362 2937 410 τὰ
2986 359 3142 413 λοιπὰ
3187 369 3275 413 τοῦ
3334 361 3447 433 βίον
3496 370 3766 442 πράγματας
3801 378 3837 428 εἰ

573 445 747 513 dunt,
764 442 1288 517 quemadmodum
1315 447 1620 516 optamus,
1639 448 1696 499 et
1724 442 1805 498 uti
1838 442 2103 499 instituto
2128 446 2231 499 tuo

573 535 846 592 debitum
876 539 965 589 est
990 533 1020 589 Ἰ
1050 533 1281 590 Etenim
1312 532 1537 605 quibus
1564 531 1737 589 facile
1766 531 2073 588 mutabilis
2102 548 2233 589 sen-

574 624 783 693 tentia,
826 622 920 678 his
956 622 1207 679 minime
1249 622 1471 678 mirum
1511 627 1601 677 est
1638 621 1768 677 vitae
1806 621 2080 677 ordinem
2107 636 2232 678 non

574 717 852 771 constare
882 729 895 780 ;
917 711 1141 783 quibus
1165 727 1307 768 vero
1330 710 1511 767 ﬁrma
1529 726 1701 767 mens
1727 714 1839 777 est,
1872 726 2232 783 semperque

575 806 865 860 constans
912 805 968 857 et
1001 800 1237 869 eadem,
1268 799 1362 855 his
1407 804 1879 855 consentaneum
1919 804 2005 855 est
2048 799 2231 855 vitam

574 890 846 950 instituto
884 892 1318 959 congruentem
1361 887 1606 945 ducere.
1646 889 1795 944 Nam
1833 903 1896 944 re
1924 888 2058 960 ipsa
2078 904 2232 945 nau-

575 982 737 1039 clero
775 994 899 1035 non
925 978 1066 1034 licet
1094 976 1589 1050 tranquillitatem
1630 977 1824 1034 facere
1857 994 1996 1035 cum
2022 979 2233 1035 volue‘

574 1072 687 1139 rit;
720 1068 828 1125 sed
857 1066 1037 1123 nobis
1066 1066 1455 1139 tranquillam
1496 1067 1674 1123 nobis
1702 1067 1851 1139 ipsis
1879 1068 2061 1124 vitam
2090 1083 2233 1123 con-

572 1159 837 1227 stituere,
874 1156 1057 1212 etiam
1104 1155 1354 1212 omnino
1393 1154 1591 1222 facile,
1623 1155 1674 1212 si
1718 1155 2011 1211 tumultus
2057 1156 2234 1211 nobis

570 1250 736 1305 intus
764 1262 839 1301 ex
867 1244 1025 1300 vitiis
1054 1244 1439 1313 insurgentes
1464 1259 1949 1315 compescamus,
1971 1244 2149 1318 432
2178 1248 2237 1301 et

569 1335 665 1394 his
714 1350 852 1406 qua:
884 1332 1259 1388 extrinsecus
1311 1331 1616 1399 accidunt,
1644 1332 1917 1389 altiorem
1960 1333 2234 1390 animum

570 1422 974 1479 stabiliamus.
1011 1422 1160 1476 Nam
1201 1435 1312 1476 nec
1354 1420 1606 1488 damna,
1631 1436 1745 1477 nec
1781 1420 1979 1477 morbi
2008 1438 2118 1478 nec
2147 1438 2236 1478 re-

565 1512 738 1585 liqua
768 1502 903 1565 vitae
944 1508 1335 1565 incommoda
1365 1508 1625 1581 probum
1672 1510 1865 1565 virum
1912 1511 2230 1580 attingunt,

564 1599 845 1675 quandiu
877 1598 1147 1655 animam
1175 1598 1457 1656 habuerit
1485 1599 1546 1655 in
1575 1601 1694 1655 Deo
1717 1598 2154 1669 ambulantem,
2176 1606 2235 1657 et

2342 446 2477 496 κατά
2536 451 2744 518 γνώμην
2788 456 2953 521 χωρεῖ
3004 469 3109 520 σοι,
3160 454 3327 526 ὥσπερ
3380 454 3632 525 εὐχόμεθα,
3677 469 3746 513 καὶ
3790 467 3839 526 ὡς

2341 534 2483 586 ἐστιν
2533 533 2853 607 ὀφειλόμενον
2906 546 2970 609 τῇ
3029 546 3093 609 σῇ
3154 545 3475 612 προαιρέσει;
3532 550 3618 597 Καὶ
3664 552 3743 620 γὰρ
3788 553 3841 613 οἷς

2340 626 2432 695 μεν
2481 622 2686 685 εὔκολος
2734 629 2863 698 πρὸς
2909 625 3195 697 μεταϐολὴν
3240 630 3269 685 ἡ
3321 625 3536 696 διάνοια,
3571 638 3737 696 τούτοις
3773 640 3841 690 ού-

2343 708 2429 763 δεν
2471 709 2679 772 ἀπεικὸς
2720 717 2807 765 καὶ
2856 718 2942 765 τόν
2993 713 3110 787 βίον
3163 713 3289 768 εἶναι
3336 722 3405 790 μὴ
3454 728 3749 793 τεταγμένονσ
3788 730 3844 787 οἷς

2342 797 2401 853 δι
2449 809 2716 872 πεπηγυῖα
2756 804 2785 860 ἡ
2837 810 3041 876 γνώμη,
3072 809 3162 857 καὶ
3209 804 3283 858 ἀεὶ
3328 806 3529 861 ἑστῶσα
3565 815 3639 862 καὶ
3678 813 3841 882 inuiti,

2340 894 2544 951 τούτοις
2574 894 2684 961 (98)
2718 891 2997 945 ἀκόλουθον
3048 900 3333 967 συμφώνως
3378 905 3436 968 τῇ
3488 906 3749 973 προαιρέσει
3785 910 3846 961 τήν

2346 984 2482 1042 ζωὴν
2537 977 2818 1053 διεξάγειν.
2873 989 2957 1052 Τῷ
3017 986 3125 1034 ὄντι
3178 986 3277 1056 γὰρ
3339 986 3607 1060 κυϐερνήτῃ
3658 994 3745 1059 (99)

2340 1068 2435 1121 οὐκ
2486 1071 2681 1141 insit-ut
2729 1070 2957 1141 γαλήνην
3012 1078 3175 1123 ποιεῖν
3231 1074 3313 1124 ὅτε
3368 1072 3630 1145 βούλεται·
3672 1080 3773 1150 ἡμῖν
3813 1078 3855 1134 δέ

2343 1158 2578 1230 ἀκύμονα
2608 1158 2812 1220 ἑαυτοῖς
2842 1161 3098 1230 καθιστᾲν
3128 1164 3216 1212 τὸν
3264 1160 3381 1233 βίον
3417 1168 3502 1215 καὶ
3539 1168 3657 1216 πάνυ
3698 1165 3854 1241 ῥᾴδιον,

2341 1246 2425 1300 ἐὰν
2491 1251 2608 1308 τοὺς
2679 1244 2881 1300 ἔνδοθεν
2948 1247 3003 1299 ἐκ
3067 1258 3163 1299 τῶν
3244 1252 3418 1302 παθῶν
3498 1252 3857 1327 ἐπανισταμένους

2342 1340 2467 1409 ἡμῖν
2552 1335 2803 1411 θορύϐους
2881 1342 3353 1411 κατασιγάσωμεν,
3417 1346 3504 1393 καὶ
3572 1351 3659 1394 τῶν
3725 1346 3859 1406 ἔξωθεν

2341 1430 2775 1500 προσπιπτόντων
2831 1424 3155 1501 ὑψηλοτέραν
3221 1432 3314 1486 τὴν
3383 1435 3582 1501 γνώμην
3643 1452 3860 1491 κατασπ-

2344 1516 2573 1587 σώμεθα.
2610 1519 2708 1567 Καὶ
2759 1516 2858 1588 γὰρ
2904 1518 3020 1566 οὔτε
3065 1516 3277 1587 ζημίαι,
3310 1521 3423 1569 οὔτε
3469 1517 3743 1593 ἀρρωστίαι,
3775 1526 3861 1574 οὔτε

2342 1604 2396 1655 αἱ
2438 1602 2616 1655 λοιπαὶ
2666 1599 2983 1676 δυσχέρειαι
3028 1611 3117 1655 τοῦ
3167 1603 3307 1676 βίου,
3356 1604 3572 1677 ἅψονται
3612 1617 3691 1662 τοῦ
3734 1630 3860 1663 σπον-

564 1687 1034 1766 prospicientem
1055 1686 1275 1755 futura,
1299 1703 1369 1742 ac
1390 1687 1685 1760 procellas
1710 1704 1742 1743 e
1768 1693 1923 1746 terra
1942 1689 2231 1746 excitatas

2341 1688 2519 1761 δαίου,
2572 1691 2664 1752 ἕως
2726 1689 2786 1741 ἂν
2844 1693 2943 1763 ἔχη
3007 1695 3102 1749 τὴν
3170 1688 3407 1746 διάνοιαν
3469 1703 3538 1765 τῷ
3599 1705 3698 1769 Θεῷ
3742 1698 3861 1769 ἐμπο-

560 1779 771 1839 leviter
797 1781 855 1833 et
883 1775 1158 1849 expedite
1188 1781 1594 1848 superantem.
1627 1777 1932 1849 Siquidem
1964 1778 2069 1850 qui
2094 1778 2230 1834 vitm

565 1868 728 1926 curis
755 1866 1093 1923 admodum
1120 1865 1347 1921 detenti
1376 1870 1533 1937 sunt,
1568 1864 1754 1921 veluti
1786 1882 2054 1924 carnosa:
2084 1885 2227 1924 aves

559 1957 787 2014 frustra
818 1955 928 2012 alis
958 1955 1264 2011 instructa;
1295 1952 1468 2009 humi
1511 1958 1761 2027 serpunt
1788 1971 1914 2012 una
1960 1971 2098 2012 cum
2128 1974 2229 2030 pe-

560 2045 829 2104 coribus.
864 2046 939 2100 Te
968 2059 1113 2100 vero
1143 2046 1379 2099 tantum
1410 2042 1611 2099 videre
1645 2058 1752 2115 per
1780 2046 2024 2115 negotia
2050 2045 2229 2102 nobis

557 2135 746 2200 licuit,
777 2136 1077 2206 quantum
1104 2131 1208 2204 qui
1232 2148 1296 2187 se
1316 2132 1377 2186 in
1394 2131 1549 2187 mari
1566 2131 1825 2188 invicem
1846 2139 2225 2205 praetereunt.

557 2228 862 2281 Attamem
881 2221 1173 2294 quoniam
1200 2219 1295 2277 vel
1318 2236 1390 2276 ex
1411 2236 1615 2290 ungue
1635 2219 1774 2277 licet
1798 2226 1989 2278 totum
2009 2240 2228 2295 cogno-

561 2328 728 2369 scere
771 2311 1036 2380 leonem,
1079 2309 1359 2365 videmur
1402 2308 1580 2365 nobis
1623 2325 1697 2366 ex
1730 2311 1972 2368 modico
2003 2314 2229 2387 experi-

560 2405 769 2457 mento
817 2398 961 2455 satis
1006 2403 1062 2454 te
1111 2397 1489 2468 cognovisse.
1547 2398 1713 2455 Unde
1761 2404 1819 2455 et
1862 2400 1978 2457 hoc
2026 2403 2232 2474 magni

561 2490 843 2556 facimus,
874 2503 972 2544 res
998 2490 1237 2543 nostras
1268 2503 1305 2543 a
1341 2492 1397 2543 te
1426 2486 1487 2542 in
1518 2485 1727 2561 aliquo
1765 2504 2022 2546 numero
2062 2493 2228 2564 poni,

562 2593 801 2651 nosque
822 2591 858 2633 a
886 2580 989 2632 tua
1019 2580 1221 2633 mente
1248 2590 1374 2633 non
1404 2574 1639 2648 abesse,
1667 2575 1773 2632 sed
1794 2582 1988 2634 tecum
2012 2580 2232 2651 jugiter

564 2683 676 2741 per
715 2665 1075 2722 memoriam
1114 2665 1361 2721 versari.
1413 2663 1680 2721 Scribere
1719 2670 1922 2722 autem
1951 2669 2230 2727 recorda-

564 2756 750 2813 tionis
796 2759 886 2811 est
934 2753 1330 2826 signiﬁcatio:
1362 2753 1531 2828 quod
1570 2754 1842 2811 crebrius
1889 2754 2121 2823 feceris,
2159 2772 2231 2813 eo

567 2844 749 2903 nobis
776 2843 1003 2915 gratius
1026 2842 1235 2900 facies.

2336 1784 2616 1855 ρευομένην
2663 1779 2762 1850 (1),
2825 1785 2915 1831 και
2980 1783 3040 1833 τὸ
3098 1781 3278 1853 μέλλον
3346 1781 3747 1854 ἁποσκοποῡσαν,
3795 1792 3861 1839 καὶ

2336 1879 2433 1931 τῆς
2483 1871 2718 1941 χαμόθεν
2766 1868 3087 1944 ἐγειρομένης
3137 1870 3305 1935 ζάλης
3352 1876 3547 1945 κούφως
3592 1881 3670 1927 καὶ
3714 1876 3860 1927 εὐστα-

2337 1958 2434 2020 λῶς
2483 1960 2887 2033 ὑπεραίρουσαν.
2945 1958 3085 2011 Ἐπεὶ
3142 1962 3192 2012 οἰ
3246 1980 3305 2033 γε
3365 1960 3595 2037 σφοδρῶς
3651 1972 3745 2024 ταῖς
3794 1971 3862 2016 τοῦ

2339 2046 2461 2120 βίου
2527 2051 2801 2122 μερίμναις
2862 2047 3293 2121 κατειλημμένοι,
3365 2052 3467 2103 οἷον
3527 2054 3699 2124 ὄρνιθες
3749 2053 3867 2106 πολύ-

2341 2156 2527 2212 σαρκοι
2571 2137 2683 2196 εἰκῆ
2733 2140 2791 2187 τὸ
2843 2141 3025 2211 πτερὸν
3070 2140 3301 2209 ἔχοντες,
3358 2144 3498 2192 κάτω
3543 2162 3633 2194 που
3674 2145 3865 2215 σύρονται

2338 2228 2469 2299 μετὰ
2515 2234 2614 2277 τῶν
2667 2223 3042 2297 βοσκημάτων.
3102 2231 3160 2279 Σι
3220 2223 3281 2280 δε
3334 2236 3575 2282 τοσοῦτον
3632 2228 3741 2283 ἰδεῖν
3793 2234 3864 2283 {uti

2338 2324 2438 2366 τῶν
2490 2317 2808 2389 πραγμάτων
2864 2314 3222 2390 ἐπετράπημεν
3248 2362 3262 2387 ,
3325 2320 3446 2371 ὅσον
3506 2322 3553 2372 οἱ
3614 2319 3657 2373 έν
3708 2320 3867 2389 πελάγει

2340 2404 2587 2465 ἀλλήλους
2647 2403 3108 2480 παραμειϐόμενοι.
3150 2405 3292 2464 Πλὴν
3344 2406 3472 2473 ἀλλ’,
3525 2406 3687 2467 ἔπειδή
3725 2416 3796 2461 καὶ
3832 2409 3868 2470 ἐξ

2341 2498 2532 2566 ὄνυχος
2581 2496 2720 2546 ἔστιν
2769 2493 2880 2545 ὅλον
2926 2500 3186 2565 γνωρίσαι
3230 2499 3324 2547 τὸν
3365 2496 3559 2563 λέοντα,
3590 2497 3633 2550 έν
3670 2497 3868 2572 βραχείας

2339 2590 2435 2645 τῆς
2497 2586 2680 2657 πείρας
2748 2584 3019 2655 ἡγούμεθά
3079 2603 3136 2636 σε
3195 2587 3387 2648 ἱκανῶς
3439 2586 3709 2659 ἐγνωκέναι.
3756 2587 3867 2640 Ὀθεν

2340 2676 2431 2724 καὶ
2476 2676 2613 2746 μέγα
2650 2674 2938 2744 ποιούμεθα
2973 2675 3031 2724 τὸ
3076 2670 3124 2723 ἐν
3169 2672 3309 2746 λόγῳ
3343 2675 3420 2747 (2)
3461 2682 3519 2730 σέ
3562 2697 3655 2729 τινι
3694 2680 3749 2728 τὰ
3783 2677 3868 2728 καθ’

2341 2763 2481 2833 ἡμᾶς
2534 2762 2777 2813 τίθεσθαι
2828 2766 2917 2812 καὶ
2974 2764 3045 2833 μὴ
3101 2760 3313 2815 ἁπεῖναί
3374 2784 3467 2816 σου
3522 2774 3607 2827 τῆς
3661 2761 3869 2833 διανοίας,

2340 2848 2469 2901 ἀλλὰ
2518 2845 2771 2911 διηνεκῶς
2814 2868 2899 2901 σοι
2942 2856 3171 2902 συνεῖναι
3216 2846 3315 2904 διὰ
3360 2862 3455 2915 τῆς
3492 2860 3698 2927 μνήμης.
3724 2861 3871 2925 Δεῖγμα

571 2929 636 2990 δι
657 2938 865 3008 μνήμης
888 2934 948 2986 τὸ
972 2932 1188 3007 γράφειν
1212 2951 1227 2966 ο
1254 2932 1377 3008 ὅπερ
1403 2932 1510 3003 ὅσῳ
1536 2930 1597 2983 ἃν
1624 2935 1996 3008 συνεχέκτερον
2028 2942 2178 3007 ποιῇς
2203 2935 2300 3007 (3),
2327 2938 2562 3008 τοσούτῳ
2587 2936 2735 2990 πλέον
2766 2939 2890 3011 ἡμῖν
2918 2947 3111 3013 χαριῇ.

1065 3092 1410 3150 EPISTOLA
1450 3093 1745 3150 CCXCIV'.

2886 3102 3224 3151 Enixrom
3275 3084 3402 3161 :Ss'

576 3219 897 3296 Signiﬁcat
935 3233 997 3276 se
1032 3218 1410 3275 vehementer
1451 3222 1663 3289 optare
1690 3224 1757 3275 ut
1755 3219 2010 3345 ἀνίεται,
2055 3234 2236 3292 quam
2279 3220 2493 3278 teneris
2530 3235 2735 3278 eorum
2772 3223 2992 3278 animis
3019 3223 3160 3280 olim
3195 3225 3516 3292 inseverat,
3546 3228 3617 3285 ad
3640 3242 3873 3285 summum

648 3293 984 3345 nerveniat.
1003 3290 1391 3345 Demonstrat
1410 3290 1734 3345 utilitatem
1799 3292 2046 3345 octrinas
2073 3291 2243 3345 libris
2262 3293 2652 3345 consianatza.
2669 3308 2801 3345 cum
2821 3297 2873 3345 et
2900 3293 3239 3345 absentibus
3258 3305 3319 3345 ρι
3343 3302 3589 3345 ῃηςιρνίς
3606 3301 3822 3345 ηνηιιρςι.

645 3290 984 3365 perveniat.
1003 3290 1391 3347 Demonstrat
1410 3290 1734 3347 utilitatem

1133 3440 1311 3499 Festo
1346 3446 1405 3498 et
1437 3440 1684 3512 Magno.

653 3569 826 3627 Decet
852 3564 1101 3641 quidem
1132 3568 1190 3622 et
1224 3568 1426 3638 patres
1454 3564 1590 3621 filiis
1627 3563 1963 3638 providere,
1996 3568 2055 3622 et
2082 3565 2242 3639 agri.

582 3659 748 3719 colas
776 3656 1123 3734 plantarum
1159 3658 1217 3711 et
1254 3653 1556 3710 seminum
1587 3670 1795 3710 curam
1830 3655 2156 3729 suscipere,
2188 3660 2243 3714 et

580 3750 905 3822 magistros
948 3746 1024 3803 de
1062 3745 1185 3803 suis
1227 3743 1537 3818 discipulis
1584 3759 1717 3801 esse
1766 3743 2070 3811 sollicitos,
2108 3761 2239 3803 ma-

582 3842 743 3899 xime
781 3855 921 3896 cum
964 3836 1044 3895 ob
1086 3835 1392 3908 egregiam
1439 3833 1707 3891 indolem
1744 3833 2021 3891 meliores
2054 3834 2130 3891 de
2176 3851 2239 3893 se

580 3930 731 4004 ipsis
772 3944 910 4001 spes
955 3926 1303 3982 ostendunt.
1346 3927 1496 3981 Nam
1534 3928 1593 3980 et
1628 3923 1893 3995 agricola
1928 3923 2239 3981 laboribus

582 4018 829 4091 gaudet,
874 4031 1013 4071 cum
1064 4014 1245 4086 spicea
1292 4014 1407 4086 ipsi
1454 4018 1826 4085 turgescunt,
1892 4030 1963 4071 ac
2017 4014 2237 4088 plantas

581 4107 899 4164 crescunt:
950 4107 1007 4159 et
1046 4100 1357 4175 discipulis
1412 4101 1683 4173 magistri
1713 4101 2009 4172 laetantur,
2068 4108 2126 4160 et
2173 4103 2239 4159 lio

578 4194 742 4254 beris
788 4195 1069 4266 parentes
1107 4205 1248 4247 cum
1285 4188 1368 4245 illi
1417 4189 1663 4261 quidem
1700 4189 1933 4255 virtute,
1990 4191 2051 4247 hi
2095 4207 2237 4250 vero

580 4281 853 4357 corporis
899 4280 1057 4337 mole
1095 4282 1411 4351 augentur.
1443 4281 1559 4335 Nos
1598 4282 1801 4334 autem
1840 4283 2006 4336 tanto
2049 4281 2239 4352 majo-

578 4386 710 4433 rem
740 4372 817 4429 de
851 4368 1027 4428 vobis
1054 4367 1351 4425 habemus
1380 4382 1587 4423 curam
1619 4381 1911 4439 spemque
1940 4373 2237 4439 praestan-

576 4464 817 4530 tiorem,
847 4464 1077 4533 quanto
1106 4458 1297 4531 pietas
1326 4461 1452 4514 arte
1492 4455 1661 4513 omni
1698 4461 1756 4512 et
1788 4456 2073 4513 omnibus
2107 4459 2237 4515 ani-

574 4552 893 4612 mantibus
941 4546 1121 4606 simul
1166 4551 1224 4603 et
1270 4545 1561 4603 fructibus
1616 4545 1827 4602 melior
1859 4550 1995 4615 est;
2047 4563 2237 4620 quam

577 4641 800 4699 teneris
829 4638 1029 4696 adhuc
1060 4640 1117 4693 et
1144 4632 1311 4709 puris
1349 4633 1671 4692 animabus
1708 4636 1919 4693 vestris
1945 4636 2236 4695 radicitus

576 4729 821 4787 insitam
860 4742 897 4785 a
942 4724 1121 4783 nobis
1157 4729 1215 4781 et
1250 4724 1559 4789 nutritam,
1591 4724 1773 4781 etiam
1798 4724 1881 4781 ad
1904 4724 2234 4799 perfectum

650 4910 673 4934 ⁸
710 4905 870 4966 Alias
895 4906 1047 4964 CCX.

650 4982 767 5049 (89)
802 4979 1040 5039 Τούτοις.
1076 4978 1220 5047 Reg,
1261 4974 1562 5032 secundus
1604 4980 1663 5032 et
1708 4974 1883 5033 Coisl.
1927 4975 2233 5032 secundus

574 5055 764 5108 τούτου
774 5070 814 5108 ε.

644 5070 1125 5197 ἴὸδῖ-ςίυϐερνήῖῃ..
1161 5118 1312 5197 Reg._
1336 5116 1637 5197 secundus
1688 5116 2033 5192 κυϐερνήτην.
2062 5116 2229 5175 ldem

573 5178 983 5269 ᾂιιοὺιίδ
1014 5178 1146 5269 aliis
1168 5178 1508 5269 ούδῖξγίετει.

645 5268 717 5337 (1)
757 5264 1219 5337 Ἐμπορευομένην.
1281 5256 1373 5337 S_ic
1430 5256 1605 5337 Coisl.
1655 5258 1889 5337 ptjqius
1939 5263 1997 5315 et
2054 5259 2217 5317 Harl.

645 5282 717 5337 μ)
760 5282 812 5319 'r;
854 5283 919 5317 πο
958 5282 1219 5334 ευομενην.
1281 5282 1373 5315 mc
1430 5282 1605 5317 υοιδι.
1657 5282 1889 5341 prunus
1939 5282 1997 5315 et
2055 5282 2217 5317 nari.

570 5338 766 5398 Habet
812 5282 1126 5394 ﬁetﬁcmus
1174 5330 1658 5405 ἐμπολιτευομένην.
1704 5330 1856 5387 Edm
1899 5349 2227 5405 συμπορευο-

573 5416 755 5483 μένην.

640 5482 739 5554 (2),
759 5479 844 5554 ἐν
870 5477 1031 5552 λόγῳ,
1057 5479 1169 5554 etc.
1211 5476 1353 5554 ξοδ.
1385 5471 1691 5533 secundus
1718 5476 1777 5530 et
1806 5471 1980 5531 Coisl.
2011 5487 2223 5531 secun-

573 5545 769 5630 du‘s'h
790 5545 1017 5624 λόγῳ’σε
1047 5550 1107 5602 τὸ
1135 5545 1252 5601 καθ’
1286 5548 1450 5619 ἡμᾶς,

1836 3292 2046 3347 ctrina!
2066 3291 2243 3347 libris
2262 3293 2652 3365 consignatae,
2669 3308 2801 3365 qua
2821 3297 2873 3349 et
2900 3293 3239 3351 absentibus
3258 3305 3319 3353 et
3337 3291 3589 3368 posteris
3601 3301 3823 3370 prodest.

2800 3450 2987 3518 Φήστῳ
3023 3450 3114 3498 καὶ
3150 3450 3352 3521 Μάγνῳ
3390 3452 3488 3521 (4).

2424 3573 2613 3642 Πρέπει
2654 3574 2744 3642 μέν
2787 3588 2887 3622 που
2934 3575 3025 3623 καὶ
3072 3574 3307 3646 πατράσι
3364 3573 3567 3628 παίδων
3618 3573 3749 3629 ἰδίων
3790 3594 3875 3648 προ-

2349 3675 2484 3725 νοια,
2534 3663 2624 3710 καὶ
2674 3666 2917 3733 γεωργοῖς
2976 3668 3145 3731 φυτῶν
3204 3662 3233 3720 ἡ
3294 3667 3601 3738 σπερμάτων
3654 3664 3873 3737 futatim,

2349 3750 2439 3797 καὶ
2501 3742 2847 3809 διδασκάλοις
2910 3750 3157 3820 μαθητῶν
3217 3756 3469 3823 φροντὶς,
3532 3754 3741 3827 μάλιστα
3790 3757 3873 3804 όταν

2348 3830 2424 3886 δι’
2471 3834 2682 3908 εὐφυίαν
2728 3834 2965 3908 βελτίους
3011 3836 3083 3910 ἐφ’
3134 3839 3338 3902 ἑαυτοῖς
3378 3841 3872 3915 ὑποφαίνουσι(ὅ)τάς

2346 3920 2578 3985 ἐλπίδας.
2630 3930 2817 4001 Χαίρει
2866 3928 2967 4001 γὰρ
3007 3935 3172 3978 πονῶν
3226 3932 3317 3981 καὶ
3363 3934 3610 4005 γεωργὸς,
3650 3928 3873 4005 ἁϐρύνομ-

2344 4032 2440 4063 νων
2494 4012 2634 4083 αὐτῷ
2666 4014 2744 4082 (6)
2786 4021 2884 4064 τῶν
2932 4011 3218 4086 ἀσταχύων
3273 4016 3304 4075 ἦ
3360 4027 3461 4070 τῶν
3509 4029 3665 4092 φυτῶν
3707 4019 3873 4081 αὐξανο.

2344 4106 2505 4173 μένων
2536 4123 2549 4134 ·
2605 4100 2940 4174 εὐφραίνουσι
2998 4099 3056 4155 δε
3112 4108 3202 4156 καὶ
3258 4108 3499 4176 μαθηταὶ
3560 4105 3872 4172 ὅιδασκαλους,

2344 4193 2433 4240 καὶ
2472 4185 2655 4248 παῖδες
2697 4192 2943 4262 πατέρας,
2984 4191 3033 4241 oi
3079 4192 3169 4262 μεν
3211 4194 3340 4262 πρὸς
3385 4193 3588 4268 ἀρετὴν,
3625 4198 3670 4248 οἱ
3709 4192 3757 4247 δὲ
3784 4196 3873 4262 πρὸς

2345 4277 2567 4340 αὔξησιν
2615 4274 2738 4330 ἐπιδ
2745 4274 2957 4339 ιδόντες.
2989 4284 3160 4351 Ἡμεῖς
3201 4275 3259 4332 δὲ
3309 4290 3558 4336 τοσοῦτον
3594 4285 3779 4355 μείζονα

2346 4365 2419 4439 ἐφ’
2482 4367 2602 4428 ύμῖν
2666 4368 2852 4439 ἕχομεν
2924 4370 3017 4425 τὴν
3084 4364 3356 4441 φροντίδα,
3409 4378 3664 4445 κρείττονα
3713 4368 3761 4423 δε
3810 4371 3873 4423 τὴν

2346 4452 2571 4519 έλπίδα,
2622 4457 2743 4508 ὅσον
2791 4454 3027 4507 εὐσέϐεια
3076 4458 3249 4517 πάσης
3311 4461 3405 4529 μὶν
3459 4464 3662 4532 τέχνης,
3719 4459 3871 4510 πάντων

2346 4540 2407 4597 δι
2449 4544 2594 4605 ζώων
2659 4545 2791 4617 ὁμοῦ
2840 4549 2931 4596 καὶ
2985 4552 3196 4617 καρπῶν
3258 4544 3403 4599 ἔστιν
3469 4548 3699 4621 ἀμείνων,
3744 4548 3791 4604 ἣν
3839 4540 3873 4592 ἓν

2343 4632 2564 4693 ἁπαλαῖς
2620 4635 2694 4685 ἔτι
2759 4637 2847 4685 καὶ
2908 4634 3162 4706 καθαραῖς
3224 4643 3342 4697 ταῖς
3408 4638 3668 4712 ύμετεραις
3715 4636 3872 4706 ψυχαῖς

2339 4723 2654 4797 ῥιζωθεῖσαν
2700 4723 2783 4795 ὑφ’
2830 4724 2977 4795 ἡμῶν
3021 4728 3111 4775 καὶ
3152 4731 3437 4796 τραφεῖσαν
3498 4724 3621 4779 ἰδεῖν
3664 4721 3872 4797 εὐχόμεθα

2434 4902 2489 4963 3)
2529 4907 2707 4963 “olis.
2741 4898 2898 4956 Harl.
2926 4907 3110 4963 ποιεῖς.

2434 4904 2463 4958 3
2529 4907 2707 4961 Ιιοιῆς.
2741 4902 2898 4956 Harl.
2926 4907 3110 4963 ποιεῖς.

2434 4902 2502 5057 4;.
2528 4960 2717 5057 οέέτςρ
2747 4974 3081 5057 “imm-
3112 4974 3250 5057 Ττοε
3280 4973 3519 5057 codices
3544 4971 3869 5057 “9.99253?

2340 5039 2604 5117 έπιτείνειν
2634 5039 2727 5117 τήν
2758 5046 2889 5117 πρὸς
2920 5039 2987 5095 τὰ
3026 5039 3290 5117 κρείττονα
3314 5048 3546 5116 μάθησιν
3570 5065 3581 5079 ·
3611 5044 3675 5100 Ut
3696 5039 3766 5097 ad
3784 5049 3870 5090 πιο-

2340 5113 2498 5171 liora
2524 5113 2806 5170 studium
2826 5113 3171 5171 intendant.

2410 5186 2489 5256 (ὅ)
2526 5182 2911 5259 Ὑποφοιίνουσι.
2944 5187 3073 5242 Duo
3104 5185 3267 5257 Regii
3286 5186 3521 5244 codices
3548 5191 3601 5242 et
3627 5181 3774 5242 Coisl.
3796 5191 3865 5232 ro-

2337 5260 2565 5312 oentior
2582 5258 2939 5329 Ῠὺποφαίνωσι,

2405 5328 2484 5401 (6)
2522 5322 2809 5399 Δύτῷ.Ἰῑει
2828 5328 3067 5385 codices
3084 5328 3357 5401 quinque
3383 5345 3526 5401 mss.
3553 5325 3690 5401 Editi
3716 5322 3863 5375 αὐτῶν.

2337 5397 2523 5455 Paulo
2545 5397 2684 5456 ante
2710 5403 2852 5471 Reg.
2872 5397 3176 5457 secundus
3197 5397 3445 5457 et_Coisl.
3466 5397 3863 5471 secundusch

2334 5474 2591 5543 utroque
2635 5456 2828 5545 Bigot‘.’
2849 5476 3035 5547 Χαίρει
3076 5456 3178 5546 γὰρ
3216 5456 3370 5545 πόνῳ.
3404 5470 3670 5537 [Garnier,
3694 5456 3863 5527 πόνωνο]
