4050 6220
208 254 345 313 1037

206 380 293 426 καὶ
356 374 712 453 προελθοῦσαν
770 372 842 433 εἰς
900 373 1072 446 ἀκμὴν
1109 374 1323 441 τελείαν,
1392 378 1481 425 καὶ
1543 372 1610 432 εἰς
1674 374 1886 445 καρ-Α

208 469 331 524 ποὺς
384 464 631 537 ὡραίους,
686 461 1177 536 συλλαμϐανομένης
1246 464 1391 535 ἡμῶν
1445 469 1560 522 ταῖς
1624 462 1812 533 εὐχαὶς

207 562 303 614 τῆς
378 554 623 625 ὑμετέρας
673 550 1026 624 φιλομαθειας.
1090 549 1156 604 Εὖ
1221 554 1322 626 γὰρ
1402 554 1516 604 ἴστε
1568 557 1657 603 καὶ
1725 556 1811 609 τὴν

208 641 466 716 ἡμετέραν
538 641 603 701 εἰς
643 643 773 713 ὑμᾶς
817 644 1035 705 εὔνοιαν,
1095 647 1181 694 καὶ
1219 647 1313 699 την
1342 648 1433 693 τοῦ
1464 648 1596 694 Θεοῦ
1630 660 1812 713 συνερ-

208 738 332 803 γίαν
376 739 491 792 ταῖς
544 729 813 803 ὑμετέραις
860 729 1228 783 ἐναποκεσῐθαι
1278 736 1532 803 γνώμαις,
1590 728 1658 781 ὧν
1691 733 1813 803 πρὸς

963 824 1093 882 Θεὸς

209 914 478 984 παρέσταῐ
526 913 615 961 καὶ
673 909 918 973 ἄκλητος,
978 913 1068 961 καὶ
1122 915 1227 970 πᾶς
1284 909 1515 981 φιλόθεος
1546 910 1815 985 ἄνθρωπος

210 826 270 875 τὸ
350 818 467 873 δέον
569 821 878 893 εὖθυμένων,
963 824 1093 882 Θεὸς
1181 822 1430 893 συνεργὸς
1500 819 1816 892 καλούμενος

207 1002 339 1075 πρὸς
395 994 749 1050 διδασκαλίαν
829 997 1261 1069 αὐτεπάγγελτος.
1320 996 1593 1057 Ἀνίκητος
1647 1000 1749 1070 γὰρ
1783 997 1811 1054 ἡ

209 1089 484 1161 προθυμία
526 1096 625 1139 τῶν
679 1083 957 1139 διδάσκειν
1022 1106 1074 1138 τι
1138 1092 1412 1161 χρήσιμον
1494 1083 1812 1159 δυναμένων,

209 1182 336 1229 ὅταν
368 1175 423 1227 αἰ
467 1184 565 1228 τῶν
607 1177 967 1249 μανθανόντων
1019 1175 1199 1246 ψυχαὶ
1249 1177 1428 1235 πάσης
1459 1175 1817 1247 καθαρεύωσιν

206 1264 547 1327 ἀντιτυπίας.
598 1265 801 1317 Οὐκοῦν
842 1260 967 1316 οὐδὲ
1016 1269 1258 1336 σώματος
1307 1262 1490 1316 κωλύει
1515 1264 1814 1337 χωρισμὸς,

208 1362 307 1407 τοῦ
378 1351 873 1428 δημιουργήσαντος
934 1349 1195 1425 ἡμᾶςδι’
1284 1350 1569 1425 ὑπερϐολὴν
1638 1356 1820 1423 σοφίας

207 1450 304 1496 καὶ
364 1443 745 1519 φιλανθρωπίας
805 1446 876 1516 μὴ
941 1445 1440 1517 συμπεριορίσαντος
1533 1448 1643 1503 τοῖς
1719 1447 1794 1493 σὼ

208 1553 352 1606 μασι
397 1538 491 1591 τὴν
542 1528 797 1598 διάνοιαν,
849 1536 980 1604 μήτε
1033 1535 1136 1603 μὴν
1194 1539 1255 1603 τῇ
1289 1530 1486 1604 γλώττῃ
1520 1539 1618 1582 τῶν
1655 1530 1820 1601 λόγων

210 1629 312 1681 τὴν
346 1619 587 1695 δύναμιν·
640 1618 822 1683 δόντος
863 1618 921 1675 δέ
969 1641 1021 1673 τι
1068 1621 1240 1674 πλεῖον
1279 1624 1368 1673 καὶ
1412 1620 1513 1672 ἀπὸ
1556 1628 1649 1673 τοῦ
1692 1623 1818 1693 χρό·

210 1732 307 1765 νου
354 1719 465 1772 τοῖς
515 1710 721 1784 ὠφελεῖν
775 1707 1102 1783 δυναμένοις,
1156 1710 1223 1771 ὡς
1271 1714 1342 1782 μὴ
1400 1712 1554 1783 μόνον
1598 1715 1701 1769 τοῖς
1726 1730 1821 1782 μαι
1854 1726 1892 1779 1;

209 1805 351 1873 κραν
404 1797 760 1866 διεστηκόσιν,
820 1798 947 1851 ἀλλὰ
994 1795 1061 1857 δὴ
1128 1804 1215 1851 καὶ
1266 1806 1371 1859 τοῖς
1416 1798 1529 1851 λίαν
1560 1797 1824 1869 ὀψιγόνοις

210 1894 584 1965 παραπέμπειν
629 1886 893 1942 δύνασθαι
944 1894 1038 1947 τήν
1094 1885 1470 1941 διδασκαλίαν.
1509 1894 1611 1941 Καὶ
1639 1896 1823 1941 τοῦτον

211 1983 348 2052 ἡμῖν
393 1981 424 2036 ἠ
490 1985 646 2053 πεῖρα
698 1985 984 2030 πιστοῦται
1035 1981 1122 2029 τὸν
1172 1977 1352 2049 λόγον·
1412 1980 1617 2052 επείπερ
1675 1978 1727 2029 οἱ
1769 1995 1824 2029 τε

212 2069 431 2128 πολλοῖς
495 2073 741 2141 πρότερον
806 2060 955 2120 ἔτεσι
993 2072 1258 2140 γενόμενοι
1317 2063 1647 2119 διδάσκουσι
1701 2070 1824 2128 τοὺς

211 2163 387 2224 νέους,
456 2156 752 2229 σωζομένης
801 2154 849 2208 ἐν
928 2158 1212 2231 γράμμασι
1270 2164 1368 2217 τῆς
1435 2152 1813 2216 διδασκαλίας·

214 2250 376 2320 ἡμεῖς
445 2250 882 2318 τεκεχωρισμίνοι
949 2254 1200 2299 τοσοῦτον
1287 2253 1393 2307 τοῖς
1461 2251 1694 2318 σώμασι,
1758 2254 1820 2318 τῇ

217 2333 436 2408 διανοίᾳ
490 2340 742 2407 σύνεσμεν
783 2334 883 2403 ἀεὶ,
910 2340 1000 2388 καὶ
1027 2335 1448 2410 προσομιλοῦμεν
1477 2332 1695 2409 ίως,
1729 2343 1825 2397 τῆς

217 2421 586 2486 διδασκαλίας
632 2428 751 2478 οὔτε
800 2427 900 2478 ὑπό
952 2434 1053 2497 γῆς
1101 2428 1219 2478 οὔτε
1304 2425 1579 2485 θαλάσσης
1629 2423 1824 2477 κωλυο-

218 2521 399 2586 μένης,
431 2519 475 2567 εἶ
499 2518 577 2576 τίς
602 2513 745 2567 ἐστιν
784 2516 904 2586 ὑμῖν
924 2522 1022 2566 τῶν
1055 2510 1204 2567 ἰδίων
1235 2514 1428 2586 ψυχῶν
1454 2517 1684 2587 φροντίς.

784 2633 1123 2683 ΕΠΙΣΤΟΛΗ
1151 2613 1295 2689 25E.

374 2756 678 2812 Hortatur
707 2758 771 2811 ut
801 2754 1212 2811 camabiticam
1233 2755 1416 2812 vitam
1441 2752 1915 2827 amplectantur,

832 2879 1138 2940 Μονάζουσι
1163 2879 1263 2950 (7
1868 2876 1910 2933 C

309 2999 572 3070 Ἠγοῦμαι
618 2997 709 3067 μεν
759 2990 1027 3067 μηδεμιᾶς
1091 2992 1265 3067 ἑτέρας
1314 2995 1451 3067 ὑμᾶς
1487 3000 1550 3067 τῇ
1577 2999 1671 3045 τοῦ
1702 2997 1835 3048 Θεοῦ

230 3090 430 3163 χάριτι
471 3084 844 3159 παρακλήσεως
900 3079 1135 3152 δεῖσθαι,
1193 3084 1323 3156 μετὰ
1370 3086 1487 3144 τοὺς
1523 3082 1707 3154 λόγους
1751 3080 1838 3143 οὓς

234 3174 318 3230 δι·
378 3178 524 3247 ἡμῶν
595 3172 765 3225 αὐτῶν
832 3172 1194 3245 ἐποιησάμεθα
1242 3175 1368 3247 πρὸς
1411 3173 1561 3244 ὑμᾶς,
1591 3190 1837 3246 παρακα-

231 3268 445 3327 λοῦντες
492 3264 626 3337 ὑμᾶς
682 3264 881 3322 πάντας
936 3266 1029 3320 τὴν
1078 3260 1161 3314 ἐπὶ
1210 3265 1267 3314 τὸ
1332 3260 1460 3313 αὐτὸ
1520 3265 1656 3324 ζωὴν
1677 3280 1835 3312 κατα-

236 3354 501 3419 δέξασθαι
555 3353 623 3413 Si;
673 3357 890 3425 μίμημα
952 3359 1048 3412 τῆς
1131 3348 1487 3412 ἀποστολικῆς
1554 3349 1837 3417 πολιτείας,

234 3445 267 3498 ὃ
297 3439 662 3505 καιέδέζασθε
701 3445 769 3500 ὡς
811 3439 1006 3512 ἀγαθὸν
1052 3436 1316 3513 δίδαγμα,
1360 3445 1451 3491 καί
1502 3439 1842 3511 ηὐχαριστὴ-

242 3552 373 3587 σατε
429 3529 500 3584 δι’
554 3532 680 3583 αὐτὸ
729 3538 801 3602 τῷ
872 3533 1070 3603 Κυρίῳ.
1125 3529 1267 3582 Ἐπεὶ
1322 3530 1410 3581 οὖν
1451 3528 1579 3601 οὐχὶ
1628 3530 1842 3603 ῥήματα

246 3623 313 3679 ἦν
369 3624 435 3673 τὰ
487 3635 613 3694 παρ’
676 3621 820 3691 ἡμῶν
872 3618 1176 3681 λαληθέντα,
1233 3617 1361 3670 ἀλλὰ
1419 3614 1732 3690 διδάγματα
1774 3616 1842 3677 εἰς

250 3712 403 3785 ἔργον
450 3709 703 3785 προελθεῖν
758 3709 834 3779 (8)
879 3706 1145 3779 ὀφείλοντα
1187 3707 1273 3760 ἐπὶ
1319 3706 1533 3780 ὠφελείᾳ
1584 3710 1674 3779 μὲν
1700 3708 1842 3777 ὑμῶν

245 3808 353 3852 τῶν
397 3798 739 3870 ἀνεχομένων,
798 3795 876 3849 ἐπ’
944 3795 1234 3849 ἀναπαυσει
1319 3791 1379 3848 δὲ
1439 3797 1663 3871 ἡμετέρᾳ
1743 3803 1844 3847 τῶν

243 3891 573 3961 υποθεμένων
624 3891 719 3945 τὴν
772 3891 1005 3959 γνώμην,
1061 3885 1133 3947 εἰς
1170 3881 1327 3949 δόξαν
1368 3882 1428 3938 δὲ
1498 3889 1589 3936 καὶ
1641 3886 1844 3936 ἔπαινον

242 3986 341 4032 τοῦ
398 3984 660 4049 Χριστοῦ,
709 3971 769 4028 οὗ
820 3978 881 4027 τὸ
943 3975 1106 4046 ὄνομα
1150 3974 1481 4033 ἐπικέκληται
1557 3972 1633 4047 ἐφ’
1686 3975 1841 4045 ἡμᾶς·

243 4071 439 4122 τούτου
465 4068 626 4142 χάριν
655 4064 940 4118 ἀπέστειλα
961 4068 1050 4117 τὸν
1096 4066 1459 4118 ποθεινότατον
1511 4065 1658 4137 ἡμῶν
1688 4060 1848 4117 ἀδελ-

244 4162 364 4232 φόν,
423 4158 507 4208 ἱνα
565 4159 655 4207 καὶ
708 4158 766 4207 τὸ
820 4156 1087 4229 πρόθυμον
1132 4158 1386 4228 γνωρίσῃ,
1438 4158 1528 4206 καὶ
1556 4156 1615 4205 τὸ
1652 4154 1849 4225 νωθρὸν

1149 249 1634 307 EPISTOLARUM
1671 247 1953 325 CLASSIS
1991 246 2085 329 Ill,
2121 248 2343 306 EPIST.
2384 249 2622 308 CCXCV.

3438 260 3593 346 1038‘

1920 371 2385 441 incrementum,
2419 378 2814 447 maturosque
2840 374 3070 435 fructus
3096 380 3455 452 perductam
3486 386 3578 442 vi-

1920 461 2056 517 dere
2092 461 2391 534 cupimus,
2417 467 2621 518 vestro
2651 461 2929 522 discendi
2980 468 3178 526 studio
3200 477 3408 530 nostra
3435 480 3579 534 vota.

1919 550 2268 622 adjuvante.
2298 551 2482 608 Probe
2508 552 2669 607 enim
2696 553 2853 610 scitis
2876 560 2933 612 et
2960 561 3227 616 nostram
3254 561 3317 618 in
3341 579 3452 620 vos
3473 564 3577 622 be-

1918 639 2345 701 nevolentiam.
2367 644 2423 696 et
2453 640 2553 695 Dei
2581 640 2871 697 auxilium
2903 643 2965 699 in
2995 648 3201 704 vestris
3230 650 3411 709 situm
3440 668 3575 710 esse

1921 726 2333 783 voluntatibus
2367 745 2380 783 :
2440 728 2663 800 quibus
2702 729 2782 785 ad
2829 731 2892 787 id
2921 734 3089 805 quod
3110 735 3279 794 decet
3306 738 3572 813 directis,

1924 818 2080 872 Deus
2105 815 2347 886 adjutor
2375 822 2625 872 vocatus
2656 817 2848 876 aderit
2876 826 2932 877 et
2961 822 3297 893 invocatus;
3329 833 3385 885 et
3412 832 3575 903 quis-

1922 904 2061 977 quis
2094 908 2279 961 Deum
2310 904 2520 975 diligit,
2537 922 2648 961 sua
2671 911 2887 979 sponte
2920 910 3000 966 ad
3029 912 3380 973 docendum
3410 935 3472 976 se
3489 922 3575 977 of-

1923 994 2087 1050 feret.
2138 996 2234 1049 Est
2297 994 2460 1049 enim
2499 994 2723 1050 invicta
2762 995 3038 1055 alacritas
3064 1017 3271 1059 eorum
3300 1007 3404 1077 qui
3432 1009 3575 1066 utile

1924 1082 2153 1155 aliquid
2175 1082 2391 1138 docere
2415 1088 2839 1154 possunt,cum
2861 1086 3223 1147 discentium
3251 1100 3483 1151 mentes
3494 1097 3576 1154 ab

1925 1171 2269 1243 omnipurze
2310 1177 2451 1228 sunt
2468 1172 2819 1230 obluctandi
2847 1176 3236 1252 vitio.Itaque
3265 1197 3342 1240 ne
3367 1200 3578 1258 θοι-ρος

1924 1261 2005 1316 ris
2054 1260 2300 1333 quidem
2344 1260 2668 1331 disjunctio
2715 1268 2807 1320 est
2834 1264 3315 1343 impedimento;
3349 1274 3577 1348 quippe

1925 1365 2064 1405 cum
2096 1350 2376 1405 Conditor
2402 1354 2624 1416 noster,
2650 1350 2731 1407 ob
2762 1354 3067 1425 sapientiae
3093 1373 3165 1413 ac
3192 1359 3579 1432 benignitatis

1927 1436 2430 1509 magnitudinem,
2461 1453 2572 1495 nec
2598 1442 2958 1511 corporibus
2982 1446 3431 1516 cogitationem,
3460 1469 3576 1510 nec

1924 1527 2134 1598 lingua
2159 1526 2398 1583 dicendi
2428 1527 2771 1585 facultatem
2796 1531 3360 1608 circumscripserit;
3396 1542 3504 1599 sed
3519 1549 3580 1601 et

1928 1616 2007 1674 ab
2035 1616 2168 1688 ipso
2191 1620 2460 1689 tempore
2482 1617 2745 1690 amplius
2765 1620 3058 1692 quiddam
3075 1623 3165 1691 iis,
3188 1628 3295 1699 qui
3329 1632 3580 1701 prodes-

1929 1722 1993 1794 se
2049 1711 2324 1794 possunt,
2370 1704 2621 1777 largitus
2679 1708 2771 1770 sit,
2808 1709 2892 1766 ita
2914 1716 3120 1768 utnon
3152 1715 3352 1774 solum
3395 1720 3578 1794 longe

1930 1793 2176 1864 dissitis,
2204 1793 2309 1849 sed
2341 1794 2523 1851 etiam
2550 1811 2687 1851 sero
2709 1796 3046 1855 admodum
3092 1805 3415 1863 nascituris
3437 1793 3579 1868 doc-

1928 1885 2153 1941 trinam
2202 1884 2610 1940 transmittere
2659 1885 2915 1945 valeant.
2963 1893 3157 1963 Atque
3203 1893 3362 1952 hanc
3399 1900 3580 1959 nobis

1931 1972 2287 2029 sententiam
2316 1972 3014 2047 conﬁrmatexperientia
3041 1995 3053 2034 :
3078 1983 3582 2059 quandoquidem

1933 2060 2109 2135 433
2143 2065 2200 2118 et
2227 2060 2331 2133 qui
2356 2060 2559 2116 multis
2585 2067 2723 2118 ante
2754 2066 2930 2120 annis
2976 2066 3270 2142 vixerunt,
3302 2076 3587 2138 erudiunt

1927 2150 2220 2222 juniores,
2242 2154 2601 2206 conservata
2627 2150 2690 2206 in
2734 2152 2970 2227 scriptis
3021 2156 3297 2217 doctrina
3329 2179 3343 2218 :
3373 2168 3432 2221 et
3467 2182 3585 2225 nos

1934 2254 2183 2313 corpore
2203 2238 2286 2294 ita
2301 2237 2513 2305 dissiti,
2544 2239 2749 2296 animo
2782 2257 3024 2315 semper
3048 2246 3366 2318 adsumus,
3394 2270 3467 2311 ac
3494 2255 3585 2313 fa-

1935 2328 2042 2385 cile
2068 2326 2489 2401 colloquimur;
2521 2344 2661 2385 cum
2686 2329 2959 2388 doctrina
2986 2349 3182 2407 neque
3204 2341 3359 2407 terra
3387 2358 3589 2425 neque

1936 2417 2090 2474 mari
2119 2416 2532 2493 prohibeatur,
2564 2417 2616 2473 si
2645 2433 2768 2491 qua
2796 2420 2971 2477 vobis
2991 2429 3329 2487 vestrarum
3358 2416 3589 2493 animo:

1940 2523 2076 2565 rum
2115 2522 2262 2564 cura
2290 2522 2361 2563 ac
2389 2505 2748 2565 sollicitudo.

2475 2624 2819 2683 EPISTOLA
2849 2629 3109 2691 CCXCV‘.

1939 2752 2306 2819 caveantque
2334 2762 2410 2805 ne
2436 2749 2569 2821 quis
2590 2764 2685 2806 eos
2721 2765 2759 2807 a
2785 2753 3035 2812 Patrum
3051 2756 3173 2826 ﬁde
3199 2759 3484 2822 abducat.

2601 2874 2937 2935 Monachis.

2008 2988 2276 3046 Arbitror
2300 2989 2585 3062 equidem
2610 2990 2841 3049 nullam
2861 2992 3043 3052 aliam
3078 2997 3253 3057 vobis
3273 3002 3375 3059 Dei
3401 3007 3599 3075 gratia

1942 3093 2099 3151 opus
2118 3093 2249 3135 esse
2265 3078 2920 3168 adhortationem,post
2943 3099 3050 3142 eos
3082 3076 3416 3163 sermones,
3437 3110 3599 3168 quos

1943 3184 2053 3242 per
2075 3183 2174 3224 me
2197 3167 2326 3240 ipse
2351 3167 2519 3240 apud
2546 3185 2656 3226 vos
2684 3170 2891 3244 habui,
2921 3188 3062 3231 cum
3087 3192 3193 3233 vos
3213 3194 3427 3238 omnes
3454 3167 3598 3242 hor-

1943 3261 2196 3326 tarer,ut
2213 3258 2401 3313 vitam
2422 3272 2811 3317 communem
2837 3261 2917 3318 ad
2937 3266 3284 3338 exemplum
3315 3273 3601 3344 apostolii

1944 3346 2201 3403 instituti
2227 3345 2759 3418 amplecteremini;
2784 3351 2952 3422 quod
2980 3359 3039 3410 et
3061 3359 3378 3430 accepistis
3405 3366 3471 3419 ut
3486 3362 3600 3421 bo-

1944 3452 2094 3493 num
2124 3436 2578 3506 documentum,
2605 3441 2663 3494 et
2690 3438 2766 3495 de
2787 3439 2907 3497 hoc
2933 3442 3068 3515 ipso
3119 3448 3304 3517 gratis
3342 3452 3601 3513 Domino

1948 3526 2339 3596 egistis.Cum
2367 3525 2549 3595 igitur
2565 3527 2755 3587 verba
2774 3544 2899 3587 non
2926 3532 3150 3593 fuerint
3178 3553 3314 3610 quae
3353 3557 3391 3599 a
3418 3544 3602 3601 nobis

1948 3617 2111 3673 dicta
2139 3620 2298 3683 sunt,
2321 3615 2429 3671 sed
2446 3616 2813 3678 documenta
2862 3621 2927 3679 in
2972 3639 3102 3682 rem
3131 3629 3497 3690 conferenda
3519 3634 3604 3692 ad

1949 3706 2263 3763 utilitatem
2282 3708 2565 3772 vestram,
2596 3707 2702 3778 qui
2728 3724 2826 3765 me
2853 3709 3251 3773 disserentem
3278 3720 3605 3790 pertulistis

1951 3800 2009 3852 et
2038 3794 2118 3850 ad
2145 3793 2620 3850 consolationem
2636 3800 2969 3870 meam,qui
3004 3800 3067 3857 id
3095 3802 3324 3862 dabam
3343 3809 3601 3882 consilii,

1952 3900 2024 3941 ac
2055 3882 2304 3939 tandem
2328 3881 2409 3938 ad
2460 3881 2717 3953 gloriam
2754 3889 2810 3941 et
2858 3886 3106 3946 laudem
3161 3893 3397 3962 Christi,
3425 3881 3604 3970 cujus

1951 3986 2177 4029 nomen
2191 3985 2375 4042 super
2388 3982 2501 4026 nos
2518 3971 2865 4030 invocatum
2891 3980 2981 4032 est
3001 3978 3232 4047 ‘5;hanc
3252 3982 3332 4039 ob
3353 3999 3606 4044 causam

1954 4059 2540 4118 desideratissimum
2567 4066 2843 4120 nostrum
2871 4064 3117 4124 fratrem
3130 4070 3266 4126 misi
3296 4075 3609 4147 utetquod

1958 4149 2155 4207 alacre
2184 4150 2276 4204 est
2313 4152 2662 4217 cognoscat,
2699 4152 2755 4207 et
2792 4153 2960 4225 quod
3014 4156 3257 4227 pigrum
3286 4162 3519 4234 excitet,
3550 4168 3611 4222 et

244 4244 511 4320 διεγείρη,
555 4249 646 4296 καὶ
693 4248 753 4296 τὸ
818 4242 1092 4295 ἀντιτεῖνον
1149 4246 1360 4316 φανερὸν
1408 4244 1532 4315 ἡμῖν
1584 4244 1837 4299 xum-agn}.

1959 4238 2127 4312 quod
2170 4237 2501 4293 reluctatur
2542 4239 2721 4295 nobis
2758 4240 3164 4303 indicet.Nam
3218 4228 3613 4311 vehementer

248 4356 347 4409 σῃ.
382 4334 549 4391 Πολλὴ
578 4335 678 4407 γὰρ
700 4335 731 4389 ἡ
766 4331 1018 4405 ἐπιθυμία
1055 4336 1145 4383 καὶ
1213 4328 1342 4383 ἰδεῖν
1380 4332 1518 4403 ὑμᾶς
1587 4333 1850 4403 συνηγμέ-

244 4445 394 4488 νους,
443 4428 533 4474 καὶ
591 4420 817 4473 ἀκοῦσαι
881 4426 999 4497 περὶ
1065 4422 1229 4494 ὑμῶν,
1289 4421 1371 4472 ὅτι
1412 4419 1541 4491 οὐχὶ
1571 4422 1658 4471 τὸν
1689 4417 1855 4492 ἀμάρ·

244 4532 407 4587 τυρον
449 4511 684 4583 ἀγαπᾶτε
725 4509 865 4583 βίον,
923 4509 1052 4562 ἀλλὰ
1106 4508 1295 4583 μᾶλλον
1338 4504 1701 4579 καταδέχεσθε
1728 4510 1854 4559 πάν-

245 4623 333 4665 τες
392 4607 482 4653 καὶ
538 4600 753 4673 φύλακες
809 4608 906 4661 τῆς
958 4598 1189 4658 ἀλλήλων
1239 4596 1506 4673 ἀκριϐείας
1556 4593 1705 4664 εἶναι,
1764 4600 1855 4648 καὶ

247 4695 517 4768 μάρτυρες
572 4696 674 4742 τῶν
731 4690 1176 4763 κατορθουμένων.
1244 4687 1397 4740 Οὕτω
1469 4688 1571 4759 γὰρ
1635 4686 1856 4747 ἕκαστος

248 4788 346 4835 καὶ
372 4784 460 4833 τὸν
491 4777 564 4851 ἐφ’
597 4778 763 4851 ἑαυτῷ
789 4780 979 4851 μισθὸν
1030 4777 1216 4831 τέλειον
1264 4775 1594 4847 ἀπολήψεται
1637 4774 1741 4845 (9),
1766 4778 1856 4827 καὶ

249 4875 343 4925 τὸν
396 4868 480 4921 ἐπὶ
521 4875 581 4940 τῇ
624 4874 716 4920 τοῦ
764 4864 987 4941 ἀδελφοῦ
1038 4874 1299 4940 προκοπῆ’
1358 4865 1416 4918 ὃν
1465 4868 1557 4917 καὶ
1608 4862 1746 4936 λόγῳ
1765 4866 1857 4916 καὶ

323 4995 382 5032 ⁸⁸
410 4996 626 5060 Jerem,
664 5012 774 5060 xw,
804 4998 857 5051 9.

332 5066 413 5137 (7)
445 5068 771 5127 Μονάζουσι.
806 5066 899 5122 Sic
924 5063 1109 5131 Harl,
1141 5061 1619 5137 Coisl._p_ri_mus
1645 5062 1703 5117 et
1751 5062 1863 5137 Be-

256 5132 402 5208 gius
423 5137 676 5209 primus.
710 5140 781 5192 At
820 5138 1037 5209 Regius
1065 5138 1203 5191 2897
1227 5138 1295 5209 et
1321 5132 1508 5209 _Co_isl.
1566 5132 1867 5209 secundus

255 5202 347 5265 sic
379 5202 608 5264 habent
639 5224 653 5262 :
678 5212 817 5280 Πρὸς
838 5202 1178 5280 μονάζοντας,
1214 5202 1288 5258 δι’
1316 5202 1375 5266 ἧς
1404 5204 1736 5280 ἐπιστηρίςει
1775 5202 1868 5255 αὖ·

258 5284 385 5362 τοὺς
421 5284 554 5353 πρὸς
579 5285 673 5337 τὴν
701 5276 756 5362 ἐν
778 5276 992 5362 Χριστῷ
1011 5277 1275 5360 πολιτείαν
1318 5276 1864 5362 καὶβίστξίμοζια-

264 5352 396 5409 chis
426 5347 569 5423 q'uos
602 5347 920 5423 conﬁrmat
948 5347 1011 5405 in
1054 5351 1180 5405 vita
1205 5348 1531 5423 secundum
1562 5347 1868 5423 Christum

263 5428 323 5480 et
362 5416 748 5492 in'ﬁde.Editi
777 5421 1013 5492 addunt
1031 5425 1120 5472 καί
1144 5440 1324 5492 φησιν,
1347 5420 1435 5492 ,ότι
1469 5420 1699 5492 ign-ian;
1728 5416 1869 5470 ἇστὶν

265 5496 298 5552 ἠ
323 5489 577 5555 σώζουσα
607 5490 702 5546 διὰ
733 5492 939 5566 ἀγάπης
961 5489 1383 5567 ἐνεργουμένηοΕ
1388 5494 1408 5545 ι
1429 5490 1517 5549 ait
1542 5489 1719 5559 ﬁdem
1733 5502 1869 5561 qua

263 5567 471 5623 salvat
499 5580 629 5625 eam
658 5563 782 5623 esse
804 5579 938 5637 quae
960 5563 1089 5636 per
1110 5563 1471 5622 choraulen
1491 5568 1797 5634 matur.

1957 4327 2138 4400 cupio
2168 4330 2297 4383 tum
2318 4327 2521 4384 videre
2545 4344 2652 4384 vos
2669 4330 3065 4400 coadunatos,
3097 4340 3226 4393 tum
3255 4338 3317 4394 id
3337 4341 3414 4395 de
3435 4342 3612 4398 vobis

1960 4416 2169 4473 audire
2184 4432 2309 4472 non
2333 4416 2463 4486 jam
2496 4416 2670 4473 vobis
2716 4420 2966 4476 testibus
3022 4430 3328 4483 carentem
3371 4428 3613 4501 placere

1960 4506 2171 4573 vitam,
2204 4504 2310 4560 sed
2329 4503 2391 4559 id
2415 4504 2615 4576 potius
2635 4521 2849 4562 omnes
2873 4509 3175 4582 amplecti,
3212 4518 3276 4570 ut
3305 4518 3363 4571 et
3408 4522 3615 4576 custo—

1961 4594 2069 4651 des
2094 4594 2224 4649 sitis
2246 4596 2459 4649 vestrae
2488 4593 2643 4650 inter
2668 4611 2779 4651 vos
2803 4595 3124 4668 diligentiae
3154 4606 3211 4659 et
3256 4606 3434 4662 testes
3464 4582 3617 4680 prae-

1963 4683 2122 4755 clare
2150 4682 2469 4739 factorum.
2501 4682 2595 4738 Sic
2624 4683 2786 4741 enim
2816 4688 3238 4762 unusquisque
3285 4697 3343 4750 et
3384 4710 3497 4766 pro
3550 4711 3619 4755 se

1963 4772 2095 4843 ipse
2155 4770 2498 4827 mercedem
2534 4771 2865 4843 perfectum
2912 4776 3162 4849 accipiet
3190 4786 3248 4837 et
3275 4797 3387 4854 pro
3415 4782 3621 4855 fratris

1962 4874 2295 4935 progressu
2325 4874 2339 4925 ;
2360 4874 2550 4931 quam
2571 4860 2819 4932 quidem
2839 4878 2950 4935 par
2967 4868 3058 4923 est
3076 4871 3141 4947 ut
3163 4870 3335 4927 vobis
3362 4871 3622 4932 invicem

2044 5057 2120 5127 (8)
2140 5055 2554 5138 nposlestklta
2576 5055 2933 5138 ilarl.,l{ed.,
2956 5063 3122 5138 Βος.Δ
3141 5067 3417 5138 uterque,
3446 5067 3621 5125 Coisl.

1973 5126 2367 5256 Effignsiélsv?t
2389 5126 2580 5198 Bigot.
2600 5127 2791 5187 Habet
2818 5126 3000 5190 Cois].
3031 5126 3268 5207 primus
3294 5126 3623 5211 irpooslotzv.

2046 5272 2120 5333 (9)
2164 5270 2564 5351 ’Διιινολιὺεςῐδεταιἰ
2600 5274 2746 5351 l_)uo_
2792 5290 2941 5351 mss:
2988 5276 3231 5351 λήψεται.
3272 5278 3460 5351 Paulo
3488 5283 3628 5351 post

1975 5345 2281 5419 tr_e_s_mss.
2313 5346 2695 5419 παρασχέσθαι
2724 5346 2880 5419 ὑμᾶς.
2916 5348 3032 5405 Sed
3060 5345 3218 5406 Harl.
3240 5355 3298 5407 et
3316 5345 3627 5411 Med.cum

1976 5413 2147 5470 editis
2158 5413 2562 5470 consentiunt.

2048 5486 2071 5508 ⁸
2096 5484 2258 5544 Alias
2288 5487 2533 5544 CCXCV.
