4074 6220
66 87 439 149 π--ιπ

226 349 354 411 1041

1168 352 1654 412 EPISTOLARUM
1693 351 1984 413 CLASSIS
2022 353 2115 411 lli.
2156 354 2373 415 EPIST.
2415 356 2679 414 CCXCIX.

3418 426 3421 431 ι
3442 354 3584 429 οιοιν

216 476 423 539 ἡλικίας
489 475 860 550 πρεσϐυτικου,
930 481 1019 532 καὶ
1074 476 1168 532 διὰ
1222 481 1281 531 τὸ
1336 486 1795 552 τῆςπνευματικῆι

1925 484 2171 554 propter
2199 484 2547 554 provectam
2581 484 2842 551 aetatem,
2864 482 2994 537 tum
3026 486 3271 553 propter
3296 477 3581 552 spiritua-

216 562 504 629 διαθέσεως
559 571 774 638 γνήσιον
840 572 930 627 τὴν
999 568 1318 645 ἀσύγκριτον
1374 588 1470 621 σου
1558 570 1814 642 εὐγένειαν

218 660 306 707 καὶ
358 652 408 706 ἐν
464 662 525 727 τῇ
583 664 857 730 σωματικῇ
918 663 1185 731 παρουσίᾳ
1236 656 1663 725 ἐπισκέπτεσθαι,
1725 663 1815 711 καὶ

216 742 453 804 ἀπούσης
486 745 598 816 (19)
652 750 725 819 μὴ
774 745 1248 820 ἀπολιμπάνεσθαι,
1308 746 1439 800 ἀλλὰ
1493 750 1806 823 γράμμασιν

215 831 551 907 ἀποπληροῦν
624 837 683 886 τὸ
751 831 942 904 ἐνδέον,
1002 832 1184 895 ἐπειδὴ
1244 836 1423 911 -ιῦρον
1512 842 1812 910 πρέπουσαν

215 918 459 975 διάκονόν
523 931 623 975 τῶν
687 927 820 999 πρὸς
871 930 963 984 τὴν
1016 930 1108 983 σ-ὰν
1159 930 1453 998 σεμνότητα
1489 929 1813 1001 γραμμάτων

212 1007 393 1076 τήνδε,
458 1008 532 1065 δι’
584 1010 747 1075 αὐτῆς
786 1017 1220 1089 προσφθέγγομαί
1276 1034 1354 1081 σε,
1408 1020 1812 1091 προηγουμένως

212 1109 496 1175 παρορμῶν
542 1099 625 1153 ἐπὶ
681 1104 739 1154 τὸ
788 1106 935 1178 ἔργον
980 1108 1038 1157 τὸ
1087 1111 1179 1157 τοῦ
1247 1110 1465 1180 Κυρίου,
1526 1106 1610 1157 ἵνα
1664 1124 1721 1157 σε
1787 1106 1812 1157 ὀ

210 1187 362 1258 ἅγιος
418 1192 547 1250 Θεὸς
620 1195 807 1263 τιμίως
888 1197 1209 1266 παρενεγκὼν
1272 1196 1361 1254 τὰς
1449 1194 1643 1267 ἡμέρας
1722 1201 1812 1255 τῆς

208 1282 493 1349 παροικίας
522 1298 617 1331 σου
649 1278 697 1331 ἐν
728 1283 873 1353 πάσῃ
920 1280 1153 1353 εὐσεϐείᾳ
1209 1286 1301 1333 καὶ
1334 1283 1629 1354 σεμνότητι,
1659 1281 1811 1345 ἀξίαν

207 1370 297 1417 καὶ
362 1374 462 1418 τῶν
518 1366 802 1439 μελλόντων
874 1367 1081 1441 ἀγαθῶν
1144 1375 1543 1428 καταστήσειεν.
1595 1370 1811 1424 Ἐπειτα

620 1195 807 1263 τιμίως

208 1449 267 1506 δέ
320 1459 410 1507 καὶ
462 1460 555 1515 τήν
616 1463 993 1531 προειρημένην
1050 1461 1308 1533 θυγατέρα
1389 1462 1807 1535 παρακατατιθε-

202 1562 301 1615 μαι
359 1545 472 1614 (20)
526 1564 631 1607 σοι,
692 1548 774 1598 ἶνα
808 1550 873 1608 ὡς
931 1546 1059 1620 ἐμὴν
1105 1550 1195 1621 μεν
1256 1549 1534 1621 θυγατέρα,
1584 1556 1809 1612 σεαυτῆς

204 1627 262 1684 δε
329 1628 557 1705 ἀδελφὴν
610 1634 746 1686 οὕτω
794 1631 941 1707 δέξῃ,
1004 1642 1093 1688 καὶ
1147 1642 1264 1711 περὶ
1308 1638 1376 1688 ὧν
1436 1637 1573 1709 ἆντῇ
1606 1637 1807 1709 εύσχὴ-

201 1724 326 1792 μονί
360 1739 458 1774 σου
488 1726 577 1775 καὶ
605 1725 812 1797 καθαρᾷ
844 1723 998 1797 ψυχῇ
1044 1723 1473 1793 ἀνακοινώσεται,
1515 1723 1804 1784 ἱδιοπαθή-

1924 570 1996 626 lis
2054 569 2303 627 affectus
2375 571 2803 636 sinceritatem,
2866 568 3015 625 nulli
3098 566 3577 640 comparabilem

1924 664 2091 715 tuam
2131 659 2505 715 nobilitatem
2536 664 2592 715 et
2620 675 2871 731 corpore
2909 662 3263 730 praesentem
3296 656 3575 724 invisere,

1924 752 1981 803 et
2010 748 2243 804 absenti
2272 764 2395 803 non
2427 748 2655 815 deesse,
2698 748 2804 803 sed
2848 746 3073 809 litteris,
3102 745 3159 800 id
3188 745 3355 817 quod
3385 744 3571 810 deest,

1925 837 2239 910 supplere:
2273 838 2374 892 ubi
2417 842 2630 893 nactus
2663 854 2798 892 sum
2838 837 3121 891 idoneam
3170 834 3327 889 hanc
3369 834 3573 889 minis-

1924 929 2076 982 tram
2102 926 2433 982 litterarum
2466 926 2545 983 ad
2594 930 2759 982 tuam
2795 925 3145 995 gravitatem
3194 923 3573 994 perferenda-

1920 1031 2080 1085 rum,
2120 1031 2229 1088 per
2254 1015 2448 1088 ipsam
2480 1019 2533 1071 te
2562 1015 2778 1081 saluto,
2812 1014 2872 1069 in
2904 1013 3114 1086 primis
3142 1010 3469 1067 adhortans
3491 1011 3570 1067 ad

1919 1104 2156 1161 Domini
2182 1122 2355 1178 opus,
2382 1110 2447 1160 ut
2475 1110 2529 1160 te
2556 1108 2710 1160 Deus
2741 1108 3011 1171 sanctus,
3054 1117 3188 1157 cum
3217 1100 3446 1156 honore
3471 1099 3570 1155 de-

1920 1194 2147 1249 ducens
2172 1194 2298 1250 dies
2330 1192 2625 1249 incolatus
2674 1193 2759 1249 tui
2809 1193 2869 1248 in
2921 1190 3087 1247 omni
3131 1189 3349 1262 pietate
3388 1192 3569 1259 atque

1920 1283 2229 1352 gravitate,
2257 1283 2506 1353 dignam
2537 1283 2717 1338 etiam
2748 1282 2961 1336 futuris
2992 1279 3168 1335 bonis
3225 1277 3565 1333 constituat.

1918 1372 2141 1428 Deinde
2170 1387 2312 1427 vero
2337 1376 2391 1427 et
2412 1377 2810 1427 memoratam
2841 1369 3051 1440 tiliam,
3072 1367 3438 1424 commendo
3460 1365 3567 1421 tibi

1916 1466 1982 1517 ut
2000 1477 2135 1517 eam
2165 1461 2314 1517 sicut
2345 1476 2545 1517 meam
2577 1459 2825 1532 quidem
2855 1457 3065 1520 ﬁliam,
3091 1462 3257 1512 tuam
3306 1472 3445 1511 vero
3473 1471 3567 1511 so-

1915 1565 2113 1605 rorem
2145 1549 2481 1622 suscipias;
2512 1552 2569 1604 et
2596 1548 2817 1621 quibus
2868 1546 2943 1602 de
2998 1545 3180 1602 rebus
3242 1560 3381 1601 cum
3416 1558 3565 1616 prte-

1914 1638 2077 1695 clara
2102 1643 2202 1695 tua
2236 1655 2305 1694 ac
2336 1654 2491 1709 pura
2512 1637 2717 1693 anima
2746 1632 3223 1692 communicabit
3264 1638 3399 1689 tuas
3428 1648 3565 1705 pro-

1910 1728 2074 1803 prias
2092 1743 2225 1785 esse
2245 1727 2565 1799 existimes,
2603 1743 2672 1783 ac
2701 1742 2879 1799 opem
2911 1725 3087 1796 feras,
3119 1724 3384 1797 primum
3434 1721 3560 1795 qui-

206 1826 325 1881 σης,
379 1814 470 1863 καὶ
526 1808 773 1885 ἁντιλάϐη
825 1812 1005 1879 αὐτῆς,
1060 1816 1123 1875 ὡς
1200 1817 1342 1887 παρὰ
1425 1822 1517 1867 τοῦ
1609 1818 1795 1888 Κυρίου

1913 1816 2050 1872 dem
2081 1832 2151 1872 ac
2181 1817 2475 1888 praecipue
2492 1821 2554 1871 ut
2583 1829 2619 1870 a
2650 1814 2903 1869 Domino
2936 1811 3275 1868 mercedem
3300 1810 3558 1877 habens;

200 1904 611 1973 προηγουμένως
675 1903 879 1973 ἔχουσα
921 1905 1006 1954 τόν
1081 1905 1291 1976 μισθόν.
1321 1906 1499 1957 ἔπειτα
1526 1907 1615 1956 καὶ
1663 1906 1803 1976 ἡμας

200 1984 551 2041 ἆναπαύουσα
572 1992 694 2052 τούς
715 1989 764 2042 ἐν
802 1990 1133 2063 σπλάγχνοις
1162 2000 1399 2065 Χριστοῦ
1430 1996 1487 2046 τὸ
1522 2000 1617 2056 τῆς
1664 1991 1801 2065 ἀγά-

196 2094 295 2138 πης
317 2095 422 2131 σωι
440 2078 561 2147 (21)
589 2084 775 2153 μέτρον
814 2078 1276 2157 ἁποπληροῦᾼντας.

701 2155 1034 2225 eorz'rom
1084 2155 1240 2232 2511'.

1908 1903 2126 1960 deinde
2148 1903 2327 1959 etiam
2356 1907 2418 1959 ut
2448 1903 2622 1959 nobis
2643 1905 2995 1975 pergratum
3047 1899 3296 1963 faciens,
3324 1898 3429 1971 qui
3456 1896 3562 1955 tibi

1908 1993 1971 2048 in
2002 1992 2211 2049 Christi
2234 1992 2565 2048 visceribus
2610 1990 2914 2047 charitatis
2963 2003 3314 2046 mensuram
3365 1987 3559 2047 adim-

1908 2080 2167 2156 plemus.

2376 2171 2722 2229 EPISTOLA
2760 2170 3091 2227 CCXCVIll'.

228 2290 482 2362 Refellit
502 2293 817 2364 cujusdam
868 2294 1125 2352 hominis
1154 2295 1381 2365 dolum,
1410 2296 1519 2369 qui
1542 2310 1711 2370 aqua:
1736 2298 1853 2354 vim
1888 2296 2213 2369 quamdam
2241 2312 2491 2368 prorsus
2517 2296 2846 2355 absurdam
2871 2297 3061 2352 inesse
3086 2291 3516 2365 persuadebat.

539 2416 932 2496 ’Λνεπίγραφος,
956 2418 1036 2475 ἐπ’
1055 2417 1211 2495 ἀνδρὶ
1238 2420 1463 2479 εὐλαϐεῖ.

267 2540 397 2595 Ὀτι
452 2545 544 2615 μεν
577 2549 695 2618 περὶ
752 2546 951 2599 πάντων
1005 2547 1274 2611 καταξιοῖς
1307 2547 1622 2621 συμϐούλοις
1678 2549 1804 2621 ἡμῖν

205 2634 287 2682 καὶ
344 2639 611 2694 κοινωνοῖς
662 2636 1054 2708 φροντισμάτων
1101 2638 1426 2711 κεχρῆσθαι,
1486 2643 1651 2697 ποιεῖς
1680 2639 1805 2709 πρέ-

2194 2422 2338 2479 Sine
2358 2422 2770 2493 inscriptione,
2803 2435 2987 2478 eausa
3005 2419 3101 2490 pii
3120 2419 3261 2477 viri.

1987 2544 2159 2612 Quod
2184 2562 2281 2602 me
2310 2546 2556 2620 quidem
2588 2545 2855 2616 dignaris
2875 2545 2938 2601 in
2962 2543 3247 2601 omnibus
3290 2541 3564 2599 consilia-

1914 2635 2002 2693 rio
2033 2640 2091 2692 et
2108 2651 2393 2691 curarum
2444 2640 2721 2691 consorte
2767 2635 2873 2701 uti,
2905 2650 3034 2690 rem
3072 2637 3175 2689 tua
3228 2631 3564 2701 integritate

204 2737 293 2771 πον
336 2720 459 2792 (22)
511 2729 574 2794 τῇ
640 2730 860 2776 σεαυτοῦ
921 2723 1226 2783 τελειότητι⁸
1286 2730 1376 2777 καί
1416 2726 1523 2778 σεό
1555 2728 1681 2787 Θεὸς
1709 2733 1795 2787 τῆς

1914 2723 2165 2797 dignam
2193 2724 2361 2789 facis;
2393 2730 2571 2795 teque
2602 2727 2756 2779 Deus
2785 2728 2840 2779 et
2864 2738 2974 2795 pro
3003 2728 3109 2779 tuo
3132 2720 3193 2777 in
3217 2737 3313 2777 me
3334 2735 3560 2792 amore,

202 2825 254 2859 τε
280 2806 493 2879 ἀγάπης
537 2818 629 2872 τῆς
665 2816 783 2888 περὶ
834 2813 995 2885 ἡμας,
1055 2818 1144 2866 καὶ
1196 2821 1293 2876 τῆς
1347 2812 1648 2886 ἐπιμελείας
1705 2822 1804 2877 τῆς

201 2899 330 2949 κατὰ
393 2901 479 2950 τὸν
526 2897 645 2972 βίον
704 2899 985 2972 ἀμείψαιτο
1042 2902 1177 2974 (23)·
1221 2904 1302 2955 ὅτι
1333 2898 1393 2956 δὲ
1432 2922 1527 2956 σου
1568 2903 1742 2974 ἥψατο
1768 2904 1797 2961 ἡ

200 2982 375 3045 ἀπάτη
430 2991 638 3052 τούτου,
693 2989 993 3062 ἐθαύμασα,
1051 2995 1141 3044 καὶ
1192 2988 1350 3045 ὕδατί
1403 2993 1513 3065 (24)
1562 3012 1678 3046 τινα
1709 2989 1803 3045 δύο

196 3094 345 3147 ναμιν
408 3076 591 3149 ἄλογον
653 3086 893 3153 παρεῖναι
938 3084 1309 3142 πεπίστευκας
1349 3084 1439 3133 καὶ
1491 3089 1677 3148 ταῦτα,
1715 3080 1797 3134 οὗ·

200 3160 381 3236 δεμιας
422 3170 717 3241 μαρτυρίας
765 3166 1088 3240 βεϐαιούσης
1145 3174 1239 3228 τὴν
1308 3174 1507 3243 φήμηνο
1595 3175 1798 3224 Οὔκουν

198 3249 304 3306 ἐστί
370 3272 451 3316 τις
502 3263 602 3307 τῶν
665 3254 853 3309 ἐκεῖθεν
894 3256 953 3309 οὐ
998 3259 1207 3331 μικρὸν,
1235 3257 1294 3311 οὐ
1315 3258 1494 3330 μεῖξον
1531 3258 1702 3312 λαϐὼν
1726 3260 1792 3313 εἰ)

199 3343 255 3393 τὸ
318 3350 494 3415 σῶμα,
564 3340 630 3395 ὧν
674 3343 882 3415 ἤλπισε,
937 3348 996 3398 τὸ
1050 3346 1237 3399 ἑαυτοῦ
1295 3344 1510 3419 ἀγαθόν’
1569 3347 1678 3408 ἢεί
1717 3353 1790 3422 μή

200 3447 300 3480 τινι
345 3429 449 3484 ἀπὸ
506 3439 598 3485 τοῦ
678 3432 977 3507 αὑτομάτοῦ
1039 3438 1219 3506 γέγονε
1290 3438 1605 3509 παραμυθία
1687 3454 1788 3500 τις·

202 3516 352 3570 ὁποῖα
388 3520 497 3590 (‘25)
552 3526 641 3575 καὶ
711 3518 1034 3575 καθεύδουσι
1085 3527 1175 3577 καὶ
1230 3524 1361 3576 ἄλλα
1389 3528 1505 3577 τινὰ
1544 3527 1680 3578 κατὰ
1706 3530 1791 3579 τὸν

203 3604 321 3678 βίον
358 3607 645 3681 ἐνεργοῦσιν
676 3610 1003 3684 ἐπιγίνεσθαι
1030 3617 1271 3685 πέφυκεν.
1308 3612 1442 3665 Ἀλλ’
1474 3615 1499 3666 ὁ
1566 3612 1790 3687 ἀναιρῶν

199 3699 292 3753 τὴν
358 3696 567 3769 ἀγάπην
634 3702 701 3753 τὰ
750 3700 1024 3774 αὐτόματα
1085 3710 1145 3774 τῇ
1207 3710 1300 3755 τοῦ
1357 3699 1550 3764 ὕδατος
1639 3705 1789 3775 φύσει

195 3784 491 3857 λογίζεσθαι
540 3792 662 3851 τοὺς
749 3788 1135 3865 ἁπλουστέρους
1210 3791 1493 3849 ἀναπείθει.
1550 3791 1673 3845 Ὀτι
1728 3790 1789 3847 δι

191 3873 381 3938 ἀληθὴς
412 3880 561 3951 ἡμῶν
583 3880 609 3932 ὁ
630 3879 802 3952 λόγος,
830 3880 1026 3944 ἔξεστιν
1060 3880 1114 3945 ἐξ
1161 3881 1321 3944 αὐτῆς
1347 3891 1444 3945 τῆς
1492 3888 1671 3958 πείρας
1730 3902 1789 3938 σε

191 3959 548 4039 διδαχθῆναι.

723 4063 1056 4113 ΕΠΙΣΤΟΔΗ
1088 4044 1245 4121 zSe'.

1912 2816 1967 2869 et
1999 2828 2107 2885 pro
2138 2813 2271 2867 vitae
2292 2810 2677 2868 instituendas
2711 2810 2890 2884 535
2932 2808 3240 2879 diligentia
3282 2823 3561 2863 remune-

1908 2905 2090 2957 retur.
2126 2900 2269 2957 lllud
2294 2905 2495 2958 autem
2514 2901 2766 2957 miratus
2799 2916 2935 2956 sum
2956 2898 3122 2971 quod
3155 2902 3207 2953 te
3245 2896 3429 2967 hujus
3454 2896 3563 2951 ho-

1909 2990 2091 3047 minis
2115 2990 2292 3046 dolus
2324 2989 2597 3061 attigerit,
2628 2994 2685 3045 et
2712 3005 2885 3061 aqua:
2914 2988 3039 3043 vim
3067 2984 3405 3060 quamdam
3457 2983 3562 3039 ab-

1909 3078 2155 3136 surdam
2181 3079 2384 3136 inesse
2405 3077 2761 3146 credideris;
2788 3077 2995 3149 idque,
3026 3074 3191 3131 nullo
3217 3071 3560 3130 testimonio

1907 3167 2136 3225 famam
2163 3167 2576 3224 conﬁrmante.
2624 3170 2810 3224 Nemo
2862 3180 3007 3222 sane
3060 3169 3152 3221 est
3187 3178 3396 3219 eorum
3453 3161 3560 3235 qui

1904 3256 2022 3313 illic
2053 3256 2303 3327 degunt,
2344 3255 2449 3329 qui
2476 3261 2785 3329 speratum
2815 3253 3084 3327 corporis
3136 3252 3409 3309 levamen
3432 3266 3558 3307 ma-

1905 3361 2094 3417 gnum
2114 3346 2394 3402 minusve
2423 3354 2783 3402 consecutus
2812 3343 2923 3413 sit;
2955 3342 3070 3399 nisi
3116 3341 3252 3415 quis
3312 3355 3461 3396 casu
3500 3342 3559 3417 et

1902 3414 2144 3491 fortuito
2186 3432 2461 3491 nonnihil
2508 3433 2808 3506 acceperit
2861 3414 3218 3500 levaminis;
3270 3429 3451 3503 quale
3503 3414 3561 3485 et

1901 3522 2341 3580 dormientibus
2371 3522 2563 3579 etalia
2605 3522 2888 3596 quaedam
2939 3521 3002 3577 in
3053 3521 3179 3577 vita
3236 3517 3557 3592 agentibus

1901 3613 2171 3670 accidere
2199 3613 2365 3670 solet.
2397 3612 2511 3670 Sed
2531 3613 2636 3685 qui
2663 3628 2695 3668 e
2726 3612 2926 3669 medio
2957 3611 3102 3668 tollit
3122 3606 3556 3670 charitatem,is

1899 3703 2221 3779 persuadet
2248 3702 2733 3775 simplicioribus,
2756 3706 2822 3759 ut
2850 3718 2921 3759 ea
2950 3718 3081 3774 quae
3108 3698 3350 3757 fortuito
3377 3697 3554 3753 obve-

1897 3793 2089 3858 niunt,
2121 3796 2350 3847 natura;
2372 3806 2548 3863 aquas
2575 3790 2903 3846 ascribant.
2935 3791 3227 3845 Caeterum
3250 3803 3388 3860 quas
3413 3784 3549 3841 dico

1898 3897 2039 3940 vera
2067 3896 2218 3949 esse,
2243 3884 2440 3954 potest
2460 3896 2531 3936 ex
2560 3879 2695 3952 ipsa
2726 3879 3094 3953 experientia
3119 3878 3375 3935 discere.

2394 4060 2738 4119 EPISTOLA
2767 4060 3083 4119 CCXCIX“.

178 4178 485 4238 Eximium
510 4181 708 4239 virum
733 4183 840 4265 qui
863 4197 893 4239 e
921 4185 1189 4265 potentia
1212 4185 1380 4265 ciuili
1404 4184 1487 4242 ad
1517 4187 1921 4265 tranquillam
1952 4188 2137 4265 vitam
2177 4192 2523 4251 recesserat,
2542 4185 2959 4265 -Ιιονιαιατηιιι
2990 4182 3299 4242 censitoris
3324 4196 3547 4239 munus

743 4256 807 4311 in
839 4256 1081 4325 regione
1108 4256 1497 4327 Iboritarum,
1527 4273 1630 4329 spe
1657 4256 1939 4317 mercedis
1968 4275 2007 4317 a
2028 4261 2148 4317 Deo
2178 4258 2621 4332 consequendw,
2660 4258 2971 4327 suscipiat.

752 4382 1040 4453 Κηνσίτορι
1066 4380 1206 4449 (26).

249 4498 437 4555 Εέδότι
473 4521 564 4573 μοι
597 4504 834 4577 ἔγραφες,
881 4505 963 4556 ὄτι
1012 4500 1287 4566 δυσκόλως
1348 4506 1490 4575 ἔχεις
1527 4509 1653 4578 πρὸς
1680 4514 1775 4566 τῆν

180 4598 276 4642 τῶν
302 4600 492 4644 κοινῶν
522 4612 611 4665 μοι
634 4591 944 4665 ἐπιμέλειάν.
989 4598 1089 4647 Καὶ
1109 4596 1209 4668 γὰρ
1272 4592 1493 4656 παλαιός
1551 4594 1665 4647 ἐστι
1694 4596 1777 4648 λό-

178 4699 287 4750 γος,
342 4683 465 4742 τοῦς
526 4680 713 4754 ἀρετῆς
763 4687 1233 4755 μεταποινομίνους
1285 4686 1357 4754 μὴ
1417 4682 1530 4755 μεθ’
1577 4680 1775 4748 ἡδονῆς

180 4768 391 4832 ἑαυτοὺς
442 4768 729 4824 ἐπιϐάλλειν
776 4770 994 4846 ἀρχαῖς.
1051 4774 1129 4825 Τὰ
1174 4774 1272 4844 γὰρ
1307 4780 1407 4824 τῶν
1439 4772 1774 4843 ίατρευόντων

178 4856 311 4927 ἴδια,
362 4866 538 4913 ταῦτα
593 4862 697 4934 ὁρῶ
743 4866 832 4914 καὶ
896 4860 1169 4935 ἀρχόντων
1227 4865 1368 4913 ὄντα.
1427 4861 1625 4933 Ὀρῶσι
1669 4865 1772 4937 γὰρ

242 5003 360 5074 (19),
386 5002 676 5063 Ἀπούσης.
709 5001 801 5058 Sic
829 5002 1084 5059 Clarom.
1105 5001 1321 5058 melius
1370 5016 1560 5074 quam
1587 5002 1685 5058 alii
1714 5007 1772 5061 et

177 5072 311 5129 editi
343 5073 583 5147 ἀπούση.
608 5074 920 5147 Hocenim
973 5075 1227 5147 verbum
1267 5072 1434 5145 apud
1487 5074 1772 5132 Basilium

174 5160 416 5216 semper
443 5160 583 5201 cum
610 5146 868 5214 genitivo
898 5146 1316 5216 conjunctum.

239 5216 355 5290 (29)
390 5218 906 5290 "apaxdrariaspac.
923 5286 939 5290 Α
956 5216 1211 5290 Clarom,
1278 5219 1770 5290 παρακατατίθημι.

174 5285 523 5413 Ρρυιοιροῗί
551 5287 693 5344 editi
721 5285 1029 5360 ἀντνλάϐῃς.
1057 5289 1233 5345 Coisl.
1257 5285 1493 5359 primus
1532 5292 1585 5344 et
1620 5285 1768 5347 Méd.

177 5374 213 5412 u
268 5374 327 5413 in
383 5374 458 5413 ex
487 5374 548 5413 u.

177 5363 238 5413 ut
268 5363 327 5413 in
359 5363 548 5414 textu.

246 5430 362 5499 (21)
389 5430 627 5499 Ἀγάπης
660 5432 944 5488 σοι.Ηειῐιο
995 5430 1277 5488 voculam
1320 5428 1672 5488 addidimus
1702 5448 1777 5489 ex

183 5500 358 5568 led,
393 5503 522 5557 Vat.
553 5507 611 5557 et
627 5502 881 5559 Calrom.

252 5574 370 5641 (22)
406 5576 628 5645 Πρέπον.
655 5573 837 5632 Coisl.
867 5572 1171 5631 secundus
1208 5576 1267 5631 et
1311 5574 1529 5645 Regius
1572 5589 1781 5633 secun-

184 5640 302 5701 dus
319 5640 637 5719 πρεπόντως.

2553 4382 2869 4440 Censilori.

1956 4505 2172 4563 Scienti
2202 4505 2350 4562 mihi
2381 4505 2669 4579 scripsisti
2699 4502 3126 4578 permolestam
3153 4502 3263 4558 tibi
3302 4516 3431 4557 esse
3455 4501 3539 4559 rei

1882 4594 2143 4667 publica:
2185 4594 2798 4651 administrationem.
2825 4592 2974 4648 Nam
3018 4591 3270 4664 antiqua
3301 4596 3541 4647 senten-

1886 4685 1964 4741 tia
2008 4690 2118 4754 est,
2159 4685 2391 4740 virtutis
2436 4685 2742 4741 studiosos
2801 4682 2969 4740 haud
3005 4682 3259 4739 libenter
3300 4682 3362 4738 in
3412 4697 3541 4739 ma'

1884 4772 2165 4842 gistratus
2193 4788 2325 4829 sese
2347 4772 2665 4844 conjicere.
2720 4775 2862 4839 Qum
2919 4772 3081 4827 enim
3139 4771 3537 4842 medicorum,

1881 4876 1956 4918 ea
2007 4862 2466 4934 magistratuum
2523 4877 2767 4934 quoque
2836 4861 3086 4935 prapria
3136 4876 3271 4917 esse
3324 4860 3526 4947 video.

1954 5004 2068 5071 (23)
2100 5000 2431 5126 Muri-guno.
2463 5003 2607 5059 Cum
2630 5002 2747 5059 alio
2778 5001 2951 5059 Coisl.
2978 5002 3213 5075 primus
3236 5001 3535 5075 ἀμείψεται.

1954 5076 2064 5126 (24)
2098 5075 2247 5126 Καὶῦ
2293 5094 2398 5126 ατι.
2432 5074 2578 5126 Med.
2601 5073 2775 5126 Coisl.
2810 5074 3292 5126 secundus.Reg.
3330 5090 3535 5126 secun-

1952 5076 2064 5145 (24)
2098 5073 2398 5145 Καὶὖδατι.
2432 5074 2578 5130 Med.
2601 5073 2775 5131 Coisl.
2810 5073 3292 5144 secundus,Reg.
3330 5073 3539 5130 secun-

1880 5142 1996 5203 dus
2024 5143 2066 5198 εὶ
2091 5142 2271 5203 ὕδατι.
2306 5148 2432 5218 Mox
2452 5144 2593 5201 editi
2622 5148 2766 5207 ὡςτό
2789 5155 2965 5218 σῶμα.
2996 5148 3131 5202 MSS.
3180 5142 3445 5218 quaiuqr
3472 5149 3539 5218 ut

1880 5218 1942 5274 in
1982 5222 2166 5273 textu.
2198 5216 2384 5289 Paulo
2403 5222 2541 5289 post
2571 5234 2644 5273 ex
2694 5215 2942 5273 totidem
2995 5233 3148 5272 mss.
3193 5215 3537 5272 emendavi-

1881 5288 2453 5373 musuquod_vitiose
2483 5289 2689 5373 eratin
2720 5288 2958 5373 editis-lit
2988 5308 3039 5372 τε
3064 5292 3135 5359 μή
3161 5306 3286 5343 τινι.

1947 5355 2294 5429 (25)”Οποῖα.
2327 5361 2420 5414 Sic
2451 5376 2600 5416 mss.
2635 5366 2771 5417 tres.
2806 5359 2954 5416 Editi
2984 5355 3090 5413 οἷα.

1949 5427 2064 5504 (26)
2095 5437 2399 5505 ῐςηνσίτορι.
2436 5435 2519 5489 Ita
2549 5448 2791 5490 summo
2819 5443 3122 5488 consensu
3173 5443 3322 5484 mss.
3379 5427 3541 5485 codi-

1886 5518 2005 5561 ces.
2054 5503 2223 5577 Ediliﬁ
2240 5503 2546 5577 Κηνσίτορι.

1957 5578 1975 5597 ⁶
2006 5574 2167 5630 Alias
2188 5576 2471 5631 CCXXXV.

1965 5648 2008 5670 “
2032 5644 2192 5702 Alias
2212 5646 2456 5702 CCCLII.
