4074 6220
233 394 368 448 1045

227 517 369 586 αὖτῷ
419 526 487 588 τῷ
535 521 675 571 ἄνθει
718 529 810 581 τῆς
854 521 1060 585 ἡλικίας
1098 523 1180 576 ἐπὶ
1216 524 1380 594 λόγων
1409 524 1660 588 ἄσκησιν,
1692 520 1824 572 ὑπο-

1940 516 2122 587 longo
2149 517 2246 573 illo
2277 534 2348 573 ac
2380 519 2529 574 tristi
2558 519 2766 575 silentii
2799 519 3199 575 conticentem
3220 505 3596 590 receperunt.

230 600 486 666 δέξασθαι
545 617 816 660 σιωπῶντα
876 616 969 668 τὴν
1033 616 1238 687 μακρὰν
1297 615 1486 668 ταύτην
1543 616 1632 661 καὶ
1672 607 1828 660 (irreu—

226 699 414 745 κταίαν
491 703 711 755 σιωπή).
792 699 946 752 Ἀλλά
1019 710 1180 753 ταῦτα
1250 705 1340 774 μὲν
1399 704 1462 760 ὡς
1528 698 1828 770 ἀνθρώπους

227 785 370 853 ἡμᾶς
427 785 572 845 εὐθὺς
618 785 860 844 ἐκίνησε⁸
929 794 1015 841 καί
1081 787 1309 864 δάκρυον
1368 789 1641 860 ὶξεχεαμεν
1698 806 1828 859 προ·

227 877 393 939 πετὲς,
455 880 536 925 κοὶ
595 880 882 948 στεναγμόν
935 877 1199 951 ἀφήκαμεν
1244 879 1298 931 ἐκ
1354 883 1518 950 μέσης
1564 884 1655 936 τῆς
1694 895 1829 949 καρ-

227 956 354 1021 δίας
386 960 702 1018 ἀπαίδευτον
722 986 736 998 ·
786 974 878 1018 τοῦ
906 970 1106 1028 πάθους
1134 968 1332 1040 ἀθρόως
1363 968 1495 1037 (36),
1548 968 1652 1018 οἷον
1693 984 1828 1026 τινος

223 1050 458 1121 νεφέλης,
505 1056 590 1104 τὸν
661 1054 912 1127 λογισμὸν
970 1059 1115 1129 ἡμῶν
1154 1061 1520 1130 περισχόντος.
1575 1057 1711 1108 Ἐπεὶ
1769 1051 1828 1106 δὲ

222 1140 376 1210 ἡμῶν
442 1141 606 1194 αὐτῶν
672 1144 965 1217 ἐγενόμεθα,
1034 1152 1123 1198 καὶ
1191 1143 1532 1218 ὃιεϐλέχαμεν
1594 1152 1667 1214 τῷ
1732 1150 1826 1204 τῆς

219 1227 416 1300 ψυχῆς
471 1231 716 1304 ὀφθαλμῷ
761 1239 893 1308 πρὸς
938 1240 1031 1292 τὴν
1081 1239 1234 1306 φύσιν
1288 1243 1386 1287 τῶν
1471 1233 1824 1307 ἀνθρωπίνων,

218 1327 294 1388 τῷ
353 1323 441 1390 μὲν
511 1325 684 1393 Κυρίῳ
751 1321 1206 1396 ἀπελογησάμεθα,
1267 1323 1340 1396 ἐφ’
1391 1325 1469 1383 οἷς
1529 1323 1666 1373 κατὰ
1702 1341 1824 1373 συνο

215 1415 464 1480 αρπαγην
530 1413 558 1466 ἡ
622 1410 777 1482 ψυχή
845 1416 991 1485 ἡμῶν
1050 1411 1255 1468 διετέθη
1296 1417 1426 1486 πρὸς
1482 1415 1538 1464 τὸ
1595 1410 1819 1483 συμϐὰν,

215 1497 442 1559 ἑαυτοὺς
489 1495 548 1551 δὲ
597 1499 1001 1574 ἐνουθετήσαμεν
1053 1509 1276 1576 μετρίως
1324 1507 1488 1574 φέρειν
1540 1508 1725 1566 ταῦτα,
1767 1500 1822 1552 ἐκ

214 1595 310 1647 τῆς
378 1588 602 1650 παλαιᾶς
666 1599 756 1642 τοῦ
823 1601 956 1645 Θεοῦ
1023 1593 1330 1665 ἀποφάσεως
1391 1593 1823 1666 συγκληρωθέντα

214 1684 277 1747 τῇ
353 1681 457 1750 ζωῇ
523 1686 620 1729 τῶν
688 1678 988 1754 ἀνθρώπων.
1064 1686 1288 1754 Οῖχεται
1351 1689 1471 1742 παῖς
1536 1681 1662 1733 αὐτὸ
1728 1688 1821 1740 τῆς

215 1765 429 1825 ἡλικίας
493 1769 632 1838 ἄγων
689 1772 747 1820 τό
815 1769 1093 1842 βιώσιμον,
1160 1768 1460 1844 διαπρέπων
1527 1770 1574 1822 ἐν
1636 1776 1823 1841 χοροῖς

1197 393 1687 454 EPISTOLARUM
1728 391 2009 448 CLASSlS
2049 392 2143 448 ΙΙΙ.
2184 394 2398 450 EPIST.
2439 394 2590 451 CCC.

3459 395 3478 446 1
3493 397 3599 450 046

1942 607 2056 661 Sed
2082 607 2209 662 haec
2241 623 2351 663 nos
2390 609 2655 680 quidem,
2715 613 3006 680 tanquam
3053 608 3348 678 homines,
3398 608 3599 663 statim

1939 703 2411 765 commoverunt,
2453 698 2934 771 illacrymatique
2988 714 3199 753 sumus
3249 697 3597 765 immodice,

1939 801 2008 840 ac
2021 785 2310 854 gemitum
2322 786 2636 841 emisimus
2651 803 2723 842 ex
2739 787 2938 842 medio
2953 786 3132 841 corde
3145 802 3265 842 non
3282 786 3597 851 decorum,

1937 890 2076 930 cum
2103 874 2300 930 subito
2329 891 2524 942 casus,
2553 876 2732 932 veluti
2752 876 3032 949 quaedam
3063 876 3280 942 nubes,
3299 875 3597 932 rationem

1937 969 2207 1020 nostram
2237 970 2614 1035 occupasset.
2648 967 2718 1022 At
2747 965 2852 1020 ubi
2872 964 2951 1020 ad
2977 979 3088 1020 nos
3117 964 3336 1019 reversi
3357 980 3593 1033 sumus,

1938 1069 2008 1110 ac
2068 1053 2444 1124 respeximus
2482 1055 2701 1110 mentis
2740 1053 2914 1110 oculo
2958 1052 3037 1108 ad
3075 1057 3355 1108 naturam
3389 1067 3594 1110 rerum

1935 1141 2367 1208 humanarum,
2390 1144 2631 1199 veniam
2651 1143 2899 1214 quidem
2917 1158 2951 1197 a
2973 1141 3225 1198 Domino
3245 1139 3590 1212 petivimus,

1935 1231 2102 1304 quod
2128 1233 2381 1304 abrepta
2405 1248 2576 1288 mens
2601 1237 2808 1288 nostra
2833 1233 2918 1287 sic
2949 1236 3233 1288 eventum
3259 1228 3430 1285 illum
3456 1245 3595 1286 sen-

1933 1320 2139 1386 sisset;
2169 1335 2280 1375 nos
2308 1321 2474 1391 ipsos
2514 1336 2654 1376 vero
2683 1321 3053 1387 monuimus,
3085 1323 3149 1374 ut
3183 1318 3490 1374 moderate
3517 1333 3594 1375 ea

1933 1408 2220 1475 feramus,
2254 1425 2390 1481 quas
2421 1425 2495 1465 ex
2544 1409 2794 1481 antiqua
2844 1409 2945 1463 Dei
2982 1407 3277 1463 sententia
3305 1407 3591 1462 humanas

1932 1503 2160 1552 naturae
2188 1513 2320 1554 sors
2349 1498 2658 1554 exsistunt.
2706 1501 2966 1554 Mortuus
3014 1500 3105 1551 est
3153 1510 3304 1567 puer
3342 1495 3587 1552 vitalem

1929 1587 2126 1658 ipsam
2159 1593 2393 1643 aetatem
2442 1603 2652 1657 agens,
2684 1587 2882 1643 clarus
2911 1587 2970 1642 in
3001 1585 3330 1658 mqualium
3363 1583 3584 1649 choris,

1933 1677 2236 1747 magistris
2271 1679 2490 1734 charus
2523 1696 2535 1733 :
2571 1678 2826 1734 idoneus
2849 1677 2957 1749 qui
2993 1693 3066 1731 ex
3095 1675 3223 1732 solo
3253 1689 3585 1744 congressu

1928 1766 2022 1821 vel
2061 1766 2504 1823 ferocissimum
2543 1767 2622 1823 ad
2666 1766 3149 1822 benevolentiam
3175 1762 3580 1836 pertraheret;

215 1855 508 1924 ὁμηλίκων,
562 1860 796 1920 ποθεινὸς
847 1856 1212 1921 διδασκάλοις,
1274 1860 1374 1912 ἀπὸ
1421 1859 1575 1930 ψιλῆς
1611 1868 1706 1921 τῆς
1750 1858 1823 1911 ἒν-

1936 1860 2142 1910 acutus
2161 1856 2221 1910 in
2253 1855 2600 1928 disciplinis,
2633 1855 2875 1926 ingenio
2905 1855 3084 1925 mitis,
3125 1869 3312 1926 supra
3349 1857 3584 1908 aetatem

215 1944 442 2006 τεύξεως
503 1947 572 2006 εἰς
621 1951 818 1999 εὔνοιαν
863 1945 1146 2021 δυνάμενος
1209 1953 1298 2002 καὶ
1361 1952 1447 2001 τόν
1507 1947 1823 2021 ἀγριώτατον

215 2032 667 2086 ἐπισπάσασθαιο
724 2036 842 2098 ὀξὺς
909 2037 960 2089 ἕν
1019 2041 1320 2110 μαθήμασι,
1361 2043 1520 2112 πρᾶος
1558 2041 1616 2088 τὸ
1675 2034 1821 2105 ἦθος,

216 2125 353 2194 ὑπὲρ
422 2129 514 2180 τὴν
571 2125 776 2181 ἠλικίαν
834 2128 1237 2199 κατεσταλμένος
1303 2131 1452 2196 (37)’
1521 2136 1608 2178 και
1668 2125 1824 2178 πλείω

214 2215 418 2262 τούτων
477 2213 649 2280 εἰπὼν,
710 2214 901 2267 ἐλάττω
959 2218 1018 2268 οἷν
1071 2236 1147 2276 τις
1199 2221 1332 2269 εἴποι
1388 2224 1480 2277 τῆς
1542 2215 1820 2276 ἀληθείας

217 2300 333 2350 ἀλλ’
366 2304 504 2372 ὅμως
552 2304 818 2374 ἄνθρωπος
872 2323 997 2380 παρ’
1060 2305 1330 2378 ἀνθρώπου
1383 2311 1651 2377 γενόμενος
1691 2305 1822 2375 (38).

215 2391 278 2441 Τί
309 2396 482 2440 τοίνυν
513 2391 817 2460 λογίζεσθαι
869 2398 956 2445 τὸν
1014 2400 1210 2466 πατέρα
1256 2402 1348 2446 τοῦ
1394 2397 1629 2446 τοιούτου
1665 2413 1825 2468 προσ-

215 2487 355 2542 ῆκες
414 2485 475 2533 Τί
525 2481 646 2532 ἄλλο
687 2502 746 2552 γε
788 2486 817 2540 ἦ
858 2481 1253 2556 ἀναμνησθῆναι
1280 2491 1371 2536 τοῦ
1396 2484 1581 2537 ἑαυτοῦ
1605 2486 1824 2556 πατρὸς,

215 2571 292 2620 ὅτι
342 2572 589 2637 τέθνηκε,
645 2577 708 2624 Τί
763 2573 852 2624 οὖν
919 2576 1241 2644 θαυμαστὸν,
1301 2573 1354 2626 ἐκ
1414 2575 1601 2630 θνητοῦ
1653 2591 1825 2643 γεννη-

219 2660 395 2726 θέντα,
462 2662 648 2717 θνητοῦ
723 2664 966 2732 γενέσθαι
1019 2668 1254 2736 πατέρας
1305 2666 1374 2716 Τὸ
1430 2659 1488 2714 δὲ
1525 2665 1625 2735 πρὸ
1666 2662 1824 2734 ὥρας’

217 2750 312 2795 καὶ
367 2749 490 2817 πρὶν
551 2748 864 2817 κορεσθῆναι
919 2756 1010 2799 τοῦ
1073 2747 1216 2819 βίου,
1258 2752 1344 2798 καὶ
1382 2752 1500 2819 πρὶν
1541 2747 1607 2806 εἰς
1643 2749 1827 2819 μέτρον

222 2833 434 2894 ἡλικίας
467 2834 648 2903 ἕλθεῖν,
687 2839 776 2887 καὶ
807 2846 1027 2908 φανῆναι
1062 2844 1166 2896 τοῖς
1205 2836 1517 2908 ἀνθρώποις,
1567 2840 1656 2886 καὶ
1703 2832 1827 2886 δια-

223 2918 405 2992 δοχὴν
461 2932 552 2975 τοῦ
613 2928 793 2994 γένους
857 2925 1191 2978 καταλιπεῖν·
1254 2934 1421 2977 ταῦτα
1475 2925 1568 2977 οὐκ
1609 2924 1828 2986 αὔξησις

225 3020 314 3062 τοῦ
387 3014 607 3080 πάθους,
670 3017 735 3075 ὡς
801 3015 1018 3086 ἐμαυτὸν
1087 3017 1265 3079 πείθω,
1330 3014 1458 3066 ἀλλὰ
1520 3015 1833 3087 παραμυθία

222 3109 314 3153 τοῦ
373 3108 642 3172 γεγονότος
707 3103 865 3158 ἐστίν.
958 3105 1414 3176 Εὐχαριστείσθαι
1488 3102 1675 3175 ὀφείλει
1740 3107 1831 3153 τοῦ

1931 1948 2298 2016 temperatus
2339 1963 2352 2001 :
2394 1951 2451 2002 et
2493 1946 2545 2001 si
2589 1945 2727 2018 quis
2769 1945 2948 2017 plura
2988 1944 3221 2011 dixerit,
3269 1941 3583 1998 veritatem

1931 2037 2136 2088 tamen
2147 2033 2404 2089 dicendo
2416 2049 2537 2089 non
2552 2039 2911 2105 assequetur
2925 2051 2938 2089 :
2954 2033 3060 2089 sed
3080 2038 3284 2089 tamen
3304 2031 3488 2086 homo
3507 2045 3582 2085 ex

1932 2122 2180 2177 homine
2223 2124 2475 2191 genitus.
2527 2123 2682 2188 Quid
2723 2123 2903 2192 igitur
2950 2121 3086 2178 talis
3126 2120 3296 2193 pueri
3347 2123 3583 2191 patrem

1933 2211 2194 2280 cogitare
2213 2212 2423 2267 decet?
2462 2211 2614 2276 Quid
2643 2211 2830 2278 aliud,
2857 2211 2972 2266 nisi
2995 2215 3057 2266 ut
3076 2211 3168 2266 sui
3187 2209 3380 2281 ipsius
3400 2210 3586 2281 patris

1931 2301 2298 2369 recordetur,
2325 2301 2430 2372 qui
2469 2305 2744 2356 mortuus
2773 2301 2910 2356 est?
2951 2299 3105 2365 Quid
3133 2299 3313 2368 igitur
3339 2297 3584 2368 mirum,

1933 2405 2008 2444 ex
2036 2389 2274 2445 mortali
2295 2391 2584 2459 genitum,
2604 2389 2875 2446 mortalis
2899 2393 3134 2461 patrem
3162 2387 3388 2443 factum
3417 2385 3590 2442 esse?

1935 2477 2110 2543 Quod
2130 2483 2332 2534 autem
2361 2479 2704 2546 immature,
2729 2485 2786 2534 et
2816 2481 3176 2550 priusquam
3201 2475 3320 2533 vita
3350 2475 3593 2532 satiare-

1938 2571 2057 2633 tur;
2092 2567 2452 2638 priusquam
2495 2567 2575 2623 ad
2617 2567 2808 2622 aetatis
2838 2581 3190 2622 mensuram
3235 2564 3593 2638 perveniret,

1935 2660 1992 2710 et
2011 2655 2408 2711 innotesceret
2443 2655 2816 2722 hominibus,
2849 2670 2921 2710 ac
2953 2655 3186 2724 generis
3237 2653 3599 2725 relinqueret

1937 2744 2382 2801 successionem
2412 2763 2426 2801 :
2461 2759 2854 2817 nequaquam
2883 2744 3013 2799 haec
3043 2743 3271 2798 doloris
3301 2743 3598 2813 accessio,

1937 2837 2004 2888 ut
2049 2833 2195 2888 mihi
2239 2835 2370 2905 ipse
2423 2833 2784 2907 persuadeo,
2826 2832 2934 2889 sed
2966 2835 3218 2888 eventus
3260 2836 3398 2887 sunt
3451 2831 3604 2887 sola-

1938 2923 2326 2979 tium.Gratite
2347 2923 2596 2993 agendae
2618 2926 2758 2978 sunt
2772 2921 2988 2978 divina
3016 2919 3603 2992 dispositioni,quod

1939 3027 2063 3067 non
2089 3011 2393 3084 reliquerit
2433 3013 2495 3067 in
2526 3017 2682 3068 terra
2723 3010 2947 3067 liberos
2981 3008 3184 3079 orbos,
3213 3022 3326 3064 nec
3352 3007 3604 3064 viduam

1947 3105 2052 3156 aut
2097 3102 2380 3156 aerumnis
2409 3100 2709 3156 diuturnis
2739 3098 3087 3166 obnoxiam,
3121 3102 3228 3153 aut
3249 3112 3392 3153 cum
3417 3095 3606 3154 altero

223 3199 360 3243 Θεοῦ
415 3194 443 3248 ἠ
494 3190 753 3259 διάταξίς,
801 3193 882 3244 ὁτι
922 3199 991 3265 μὴ
1045 3193 1315 3245 κατελιπεν
1350 3195 1476 3266 ὑπερ
1504 3201 1607 3264 γῆς
1637 3192 1824 3264 ὀρφανὰ

1950 3189 2080 3244 viro
2108 3188 2517 3246 habitaturam
2567 3194 2624 3245 et
2662 3188 2885 3244 liberos
2914 3186 3142 3260 priores
3171 3184 3604 3256 neglecturum.

221 3286 413 3332 τέκνα·
471 3283 551 3333 ὅτι
598 3286 668 3352 μὴ
713 3289 938 3353 γυναῖκα
979 3287 1157 3354 χήραν
1200 3281 1370 3352 θλίψει
1409 3287 1587 3355 μακρᾷ
1617 3276 1834 3332 ἔκδοτον

223 3371 438 3442 ἀφῆκεν,
488 3372 516 3428 ἦ
562 3367 715 3442 ἀνδρὶ
766 3371 917 3445 ἑτέρῳ
965 3377 1407 3436 συνοικήσουσαν,
1443 3375 1532 3422 καὶ
1570 3377 1670 3422 τῶν
1702 3383 1838 3443 προ·

224 3466 383 3531 γέρων
439 3465 620 3512 τέκνων
678 3460 1168 3532 καταμιλήσουσαν.
1229 3465 1299 3512 Τὸ
1355 3457 1435 3527 δε,
1477 3461 1557 3511 ὅτι
1597 3459 1656 3510 οὐ
1695 3478 1834 3530 παρ-

229 3550 388 3604 ετάθη
443 3555 509 3618 τῷ
567 3549 668 3622 βίῳ
718 3553 884 3620 τούτῳ
920 3551 948 3607 ἡ
992 3551 1100 3609 ζωὴ
1151 3556 1244 3600 τοῦ
1301 3545 1513 3616 παιδὸς,
1547 3554 1629 3610 τίς
1666 3548 1832 3610 οὕτως

227 3634 494 3708 ἀγνώμων,
552 3641 614 3698 ὡς
677 3642 748 3710 μὴ
811 3641 868 3689 τὸ
935 3643 1180 3709 μέγιστον
1246 3645 1344 3688 τῶν
1411 3635 1620 3706 ἀγαθῶν
1677 3643 1829 3688 τοῦτο

223 3726 446 3796 νομίζειν
501 3723 664 3791 εἶναι;
719 3726 774 3778 Ἠ
819 3728 920 3798 γὰρ
975 3725 1058 3777 ἐπὶ
1106 3725 1274 3777 πλεῖόν
1315 3725 1538 3776 ἐνταῦθα
1577 3721 1821 3797 διατριϐὴ

218 3815 462 3867 πλειόνων
502 3826 674 3867 κακῶν
726 3816 866 3868 ἐστιν
912 3815 1141 3888 ἀφορμή.
1189 3815 1298 3867 Οὐκ
1349 3817 1564 3871 ἑποίησε
1625 3817 1820 3864 κακὸν·

217 3905 310 3956 οὐκ
344 3904 536 3979 ἔοόραψε
585 3903 734 3957 δόλον
786 3914 854 3975 τῷ
905 3905 1125 3962 πλησίον
1152 3922 1164 3934 ·
1218 3904 1310 3955 οὐκ
1341 3905 1407 3963 εἰς
1435 3902 1669 3974 ἀκάγκην
1703 3900 1823 3960 ἦλθε

216 4001 500 4067 φρατρίαις
553 3997 662 4062 (39)
711 4003 1068 4066 καταμιγῆναι
1114 3998 1560 4068 πονηρευομένων⁹
1613 3993 1706 4044 οὑκ
1751 3991 1822 4044 ἓν·

215 4085 416 4141 επλακη
447 4093 550 4144 τοῖς
581 4086 690 4135 κατ’
745 4083 936 4156 ἀγορὰν
981 4091 1162 4144 κακοῖς
1186 4105 1199 4117 υ
1250 4084 1355 4154 οὐχ
1410 4084 1673 4155 ὑπέμεινεν
1704 4081 1822 4134 ἀνά-

212 4193 342 4243 γκην
406 4173 814 4247 ἁμαρτημάτων,
881 4173 939 4224 οὐ
995 4170 1210 4242 ψεῦδος,
1266 4173 1360 4224 οὐκ
1425 4171 1817 4243 ἀγνωμοσύνην,

212 4264 270 4315 οὐ
303 4263 620 4331 πλεονεξίαν,
653 4262 711 4313 οὗ
751 4259 1075 4333 φιληδονίαν,
1107 4262 1164 4313 οὗ
1207 4264 1274 4313 τὰ
1310 4269 1405 4321 τῆς
1433 4265 1623 4334 σαρκὸς
1653 4262 1816 4326 πάθη,

213 4353 312 4405 ὅσα
363 4360 483 4412 ταῖς
526 4351 813 4422 ἀναγώγοις
861 4352 1068 4423 ψυχαῖς
1114 4350 1408 4422 ἐγγίνεσθαι
1436 4356 1655 4422 πέφυκεν
1681 4366 1694 4380 ⁸
1735 4349 1821 4402 οὐ·

214 4440 382 4514 δεμιᾴ
421 4444 535 4511 (40)
576 4439 755 4499 κηλίδι
804 4443 918 4511 (41)
963 4447 1056 4499 τὴν
1094 4440 1279 4510 ψυχὴν
1330 4437 1528 4496 ἀπῆλθε
1564 4459 1814 4491 κατεστι-

1951 3277 2125 3343 Quod
2151 3283 2353 3335 autem
2382 3278 2502 3334 vita
2531 3277 2701 3350 pueri
2725 3276 2964 3347 longius
2992 3275 3055 3331 in
3084 3275 3200 3331 hoc
3229 3273 3448 3331 seculo
3470 3289 3608 3346 pro-

1947 3367 2130 3423 ducta
2158 3382 2281 3424 non
2319 3364 2464 3432 fuit;
2513 3366 2652 3438 quis
2699 3365 2854 3422 adeo
2897 3363 3402 3434 inconsideratus,
3441 3367 3508 3418 ut
3543 3361 3608 3419 id

1945 3457 2283 3513 maximum
2313 3456 2486 3528 437
2519 3455 2824 3511 bonorum
2849 3469 2978 3510 esse
2999 3469 3124 3510 non
3149 3452 3425 3524 judicet?
3458 3454 3612 3510 Lon-

1943 3547 2074 3616 gior
2094 3546 2254 3602 enim
2275 3546 2369 3601 hic
2392 3544 2810 3611 commoratio,
2825 3542 3128 3599 malorum
3149 3541 3413 3615 plurium
3435 3555 3608 3598 occa-

1940 3636 2027 3692 sio
2071 3641 2176 3692 est.
2235 3639 2361 3691 Non
2409 3633 2658 3690 admisit
2699 3632 2950 3702 malum,
2984 3647 3106 3688 non
3135 3631 3352 3687 struxit
3386 3630 3600 3686 dolum

1937 3726 2254 3798 proximo;
2296 3740 2420 3781 non
2462 3725 2524 3780 in
2572 3724 2633 3779 id
2660 3723 3030 3780 necessitatis
3058 3722 3241 3791 venit,
3275 3726 3340 3776 ut
3362 3721 3600 3792 iniquo-

1934 3829 2070 3870 rum
2119 3813 2383 3869 societati
2422 3813 2889 3879 admisceretur;
2939 3825 3064 3865 non
3119 3808 3464 3881 implicatus
3505 3812 3595 3864 est

1933 3903 2110 3957 malis
2141 3902 2480 3958 forensibus
2506 3919 2520 3968 ;
2552 3916 2676 3956 non
2706 3899 2992 3956 sustinuit
3019 3898 3435 3954 necessitatem
3457 3912 3594 3968 pec-

1931 3991 2130 4058 candi,
2163 4006 2286 4046 non
2317 3989 2726 4056 mendacium,
2749 4003 2874 4044 non
2903 3987 3090 4044 animi
3113 3986 3332 4057 ingrati
3351 3986 3589 4056 vitium,

1930 4096 2054 4136 non
2115 4081 2452 4148 avaritiam,
2518 4094 2645 4136 non
2708 4094 2983 4135 amorem
3020 4077 3429 4149 voluptatum,
3461 4090 3589 4133 non

1931 4169 2070 4225 vitia
2129 4170 2349 4237 carnis,
2413 4183 2819 4241 quaecumque
2881 4166 3101 4224 animis
3150 4163 3464 4221 dissolutis
3499 4164 3590 4221 in-

1928 4258 2096 4315 nasci
2125 4258 2352 4323 solent;
2383 4257 2550 4314 nulla
2585 4256 2830 4314 macula
2860 4257 3096 4312 inustus
3119 4255 3325 4310 animo
3365 4254 3588 4325 migra-

1928 4347 2033 4414 vit,
2066 4346 2175 4404 sed
2211 4364 2402 4421 purus
2433 4346 2729 4404 abscessit
2751 4345 2832 4402 ad
2852 4349 3076 4402 sortem
3095 4343 3426 4400 meliorem.
3453 4345 3584 4400 Non

1931 4436 2190 4492 contexit
2214 4441 2370 4491 terra
2401 4435 2704 4504 dilectum,
2730 4433 2839 4489 sed
2868 4431 3086 4488 caelum
3110 4429 3389 4501 suscepit.
3423 4429 3583 4484 Deus

210 4538 417 4604 γμένος,
476 4531 603 4582 ἀλλὰ
655 4533 882 4602 καθαρὸς
944 4529 1250 4602 ἀνεχώρησε
1310 4532 1439 4602 πρὸς
1487 4533 1580 4586 τὴν
1629 4527 1819 4600 ἀμείνω

1936 4535 2032 4606 qui
2071 4549 2165 4589 res
2215 4539 2455 4591 nostras
2509 4532 2877 4598 moderatur,
2917 4529 3022 4603 qui
3077 4527 3400 4600 unicuique
3435 4531 3583 4581 tem-

211 4621 385 4684 λῆξιν.
440 4621 516 4672 Οὐ
564 4630 629 4690 γῆ
673 4619 964 4695 κατέκρυψε
1007 4623 1092 4672 τὸν
1137 4618 1426 4690 ἀγαπητὸν,
1467 4617 1573 4668 ἀλλ’
1608 4617 1819 4689 οὐρανὸς

211 4709 526 4772 ὑπεδέξατο·
574 4715 699 4769 Θεὸς
755 4711 782 4761 ὁ
833 4713 894 4761 τα
941 4711 1164 4782 ἡμέτερα
1202 4707 1500 4778 οἰκονομῶν,
1535 4707 1560 4756 ό
1597 4707 1692 4767 τὰς
1720 4715 1817 4758 τῶν

210 4808 422 4872 χρόνων
481 4801 746 4871 ὁροθεσίας
798 4799 1000 4868 ἑκάστῳ
1051 4799 1356 4869 νομοθετῶν,
1405 4797 1431 4846 ό
1482 4794 1692 4865 ἀγαγὼν
1748 4794 1820 4856 εἰς

211 4896 302 4946 τήν
379 4890 516 4949 ζωὴν
573 4892 786 4954 ταύτην,
856 4889 1005 4947 αὐτὸς
1066 4893 1154 4939 καὶ
1211 4890 1546 4958 μετέστησεν.
1587 4883 1819 4956 Ἐχομεν

216 4976 571 5031 διδασκάλων
612 4978 722 5048 (42)
757 4977 805 5029 ἓν
851 4984 962 5036 ταῖς
1015 4974 1321 5049 ὑπερϐολαῖς
1369 4983 1467 5026 τῶν
1518 4981 1816 5047 συμφορῶν,

214 5075 309 5126 τὴν
363 5067 674 5141 περιϐόητον
739 5067 933 5123 ὶκείνην
995 5071 1164 5138 φωνην
1226 5072 1318 5117 τοῦ
1375 5063 1601 5137 μεγάλου
1669 5060 1818 5116 ’ἰώϐ-

290 5284 410 5351 (36)
448 5282 697 5353 ’Δθρὸως.
731 5279 890 5337 Harl.
921 5283 978 5335 et
1005 5277 1152 5335 Med.
1185 5277 1391 5353 ἀθρόον.

289 5346 866 5423 (371(ατὶσταλμένος.
933 5353 1072 5421 Reg.
1122 5346 1426 5406 secundus
1499 5351 1555 5405 et
1628 5346 1818 5418 Bigot.

219 5428 621 5494 καθεσταμένος.

291 5500 405 5563 (38)
452 5489 740 5567 Γενόμενος.
774 5496 856 5549 lta
899 5493 1252 5567 Med.,_Harl.
1275 5496 1334 5548 et
1362 5489 1536 5567 Cois]:
1566 5489 1822 5567 primus.

223 5567 374 5621 Editi
401 5565 655 5636 γενηθείς.
681 5566 828 5635 Reg.
870 5565 1172 5636 secundus
1200 5565 1480 5636 γεννηθείς.
1510 5565 1667 5636 Infra
1695 5577 1825 5636 eos-

221 5639 368 5692 dem
397 5632 633 5694 codices
665 5632 851 5692 secuti
880 5632 1248 5691 mutavimus
1277 5634 1444 5706 quod
1473 5633 1678 5692 eratin
1704 5632 1829 5688 edi-

223 5710 304 5767 tis
337 5709 419 5760 ἐπὶ
451 5718 545 5780 γῆς
575 5713 632 5766 et
660 5717 757 5760 τῶν
789 5712 1046 5782 προτέρων
1076 5709 1277 5778 γάμων.

1929 4647 2145 4703 porum
2201 4631 2488 4687 terminos
2546 4629 2876 4703 praestituit,
2941 4627 3047 4700 qui
3084 4626 3148 4684 in
3198 4625 3357 4682 hanc
3394 4625 3583 4681 vitam

1929 4738 2088 4794 hunc
2125 4737 2476 4804 deduxerat,
2508 4737 2670 4794 idem
2701 4736 2884 4793 etiam
2914 4733 3232 4792 transtulit.
3274 4732 3582 4790 Habemus

1927 4845 2362 4903 documentum
2389 4846 2452 4902 in
2472 4845 2756 4901 maximis
2781 4843 3244 4910 calamitatibus,
3266 4839 3586 4898 celeberri-

1929 4961 2095 5002 mam
2132 4944 2296 5000 illam
2334 4943 2540 5014 magni
2594 4944 2731 5000 Jobi
2777 4958 2990 4999 vocem
3023 4961 3037 4999 :
3070 4943 3360 5000 Dominus
3394 4940 3581 5006 dedit,

1929 5046 2218 5102 Dominus
2241 5043 2489 5101 abstulit
2518 5058 2540 5099 .·
2563 5042 2716 5099 sicut
2753 5043 3014 5101 Domino
3053 5041 3245 5099 visum
3273 5046 3380 5111 est,
3406 5042 3494 5097 ita
3525 5043 3584 5096 et

2000 5268 2121 5342 (39)
2158 5265 2796 5342 ‘I’Qa‘fpiatglidediciells
2825 5263 3017 5342 codex
3041 5268 3290 5342 φρατρίᾳ..

2004 5320 2118 5410 tibi
2155 5320 3328 5412 ουδεμιᾴςεᾱῂίῐάδαηιίςριτφιζ,,ηήαίιιί
3369 5329 3587 5412 ιιαηιτη

1930 5403 2133 5467 mum
2161 5403 2418 5466 macula.
2436 5410 2550 5467 Sed
2569 5425 2642 5467 ea
2663 5425 2779 5465 vox
2799 5407 3014 5465 melius
3035 5403 3270 5464 videtur
3293 5403 3505 5460 deesse
3525 5403 3588 5458 in

1934 5482 2139 5539 codice
2170 5481 2507 5539 Harlaeano.

2033 5555 2120 5623 41)
2156 5550 2372 5625 Κηλίδι.
2415 5553 2507 5610 Sic
2529 5551 2981 5625 pleriquedmss.
3009 5547 3168 5625 Editi
3192 5542 3418 5625 xuiidu.

2005 5617 2122 5752 342')
2161 5617 2550 5678 Διδασκάλιον.“
2581 5617 2862 5680 Non'nulli
2914 5619 3153 5679 codices
3229 5617 3591 5677 recentiores

1943 5694 1978 5753 δ
1984 5720 1999 5750 ι
2044 5696 2340 5751 ασκαλεῖον.

1984 5715 2340 5751 ισασκαλειον.
