4074 6220
271 319 406 376 1049

1228 315 1711 376 EPISTOLARUM
1749 313 2034 375 CLASSIS
2075 315 2174 377 ΙΙΙ.
2210 319 2426 378 EPIST.
2467 321 2664 380 CCCII.

3489 327 3628 384 1050

265 444 325 496 τὸ
378 441 624 516 λυπηρῶς
671 439 887 514 ἐνεγκεῖν
941 443 1036 501 τὴν
1084 438 1350 504 διάζευξιν
1407 441 1466 493 οὐ
1517 445 1702 515 μικρόν
1755 440 1858 494 ἐστι

1972 444 2202 501 ratione
2229 445 2402 503 dolor
2429 462 2552 504 non
2592 463 2852 520 parvum
2885 448 2962 504 sit
2986 447 3090 505 Dei
3127 447 3381 517 donum,
3404 449 3498 506 his
3522 451 3629 525 qui

266 539 369 582 τῶν
407 531 462 583 ἐκ
518 538 652 584 Θεοῦ
711 528 916 607 δωρεῶν
957 537 1063 592 τοῖς
1119 531 1448 603 εὐγνωμόνως
1494 530 1862 603 λογιζομένοις.

267 620 495 684 Πολλοὺς
552 623 654 696 γὰρ
715 624 936 695 ἔγνωμεν
983 625 1077 680 τήν
1121 617 1366 673 διάλυσιν
1425 628 1514 681 τῆς
1575 619 1865 678 ἀκαταλλή-

264 710 358 763 λου
386 711 500 782 (53)
541 714 892 772 συνοικήσεως
943 712 1117 785 ὥσπερ
1173 709 1372 783 βάρους
1423 708 1669 763 ἀπόθεσιν
1720 706 1868 773 δεξαο

261 802 469 870 μένους.
533 797 852 870 Ἀπόϐλεψον
907 803 1037 873 πρὸς
1101 801 1186 851 τόν
1247 799 1460 871 οὐρανὸν
1514 805 1716 865 τοῦτον,
1775 803 1866 850 καὶ

259 889 351 940 τόν
409 886 550 945 ἣλιον
581 931 596 958 ,
657 892 744 940 καὶ
806 893 980 940 πᾶσαν
1045 887 1361 963 περίσκεψαι
1413 892 1508 947 τὴν
1573 892 1746 940 κτίσιν
1815 889 1864 939 ἑν

258 975 458 1048 κύκλῳ,
490 977 571 1029 ὅτι
613 984 782 1030 ταῦτα
817 980 930 1049 μὲν,
961 984 1196 1030 τοσαῦτα
1241 982 1363 1030 ὄντα
1411 981 1500 1029 καὶ
1551 976 1859 1046 τηλικαῦτα,

255 1068 451 1140 μικρὸν
507 1064 722 1142 ὕστερον
765 1065 824 1120 οὐ
881 1071 1189 1139 φανήσεται·
1222 1070 1310 1119 καὶ
1345 1065 1399 1118 ἐκ
1427 1067 1631 1119 πάντων
1670 1068 1864 1118 τούτων

255 1152 424 1207 ἐκεῖνο
477 1156 760 1228 συνάγαγε,
793 1156 892 1224 ὅτι,
921 1159 1071 1229 μέρος
1118 1159 1251 1217 ὄντες
1305 1163 1398 1216 τῆς
1425 1153 1865 1217 ἁποθνησκούσης

255 1247 496 1314 κτίσεως,
546 1247 604 1296 τὸ
670 1243 725 1296 ἐκ
774 1253 872 1308 τῆς
926 1254 1100 1306 κοινῆς
1164 1247 1365 1318 φύσεως
1431 1247 1544 1315 (54)
1595 1243 1863 1297 ἐπιϐάλλον

255 1332 389 1404 ἡμῖν
453 1328 854 1407 ὑπεδεξάμεθα·
895 1332 1002 1386 ἐπεὶ
1065 1338 1154 1386 καὶ
1221 1335 1248 1385 ό
1310 1335 1478 1406 γάμος
1546 1332 1698 1394 αὐτὸς
1769 1340 1862 1386 τοῦ

258 1419 617 1480 ἀποθνήσκειν
652 1421 766 1475 ἐστὶ
807 1425 1136 1498 παραμυθία.
1171 1427 1310 1476 Διότι
1360 1425 1460 1498 γὰρ
1513 1422 1581 1483 εἰς
1632 1425 1689 1475 τό
1728 1443 1863 1475 παν-

254 1509 401 1571 τελὲς
451 1515 762 1584 παραμένειν
817 1511 910 1564 οὐκ
968 1514 1186 1585 ἐνῆν,τῇ
1243 1507 1481 1586 διαδοχῇ
1544 1518 1635 1563 τοῦ
1685 1516 1866 1583 γένους

248 1601 317 1650 τὸ
339 1601 472 1671 πρὸς
494 1602 582 1652 τὸν
627 1599 745 1673 βίον
780 1596 997 1674 διαρκὲς
1017 1601 1042 1652 ό
1073 1604 1400 1676 Δημιουργὸς
1447 1599 1686 1673 ἐμηχανή
1700 1620 1853 1657 σατο.

253 1686 324 1741 Εἰ
380 1684 459 1754 δὲ,
518 1688 597 1741 ὅτι
654 1690 838 1742 θᾶττον
887 1697 1188 1765 προαπῆρεν
1243 1691 1411 1763 ἡμῶν,
1468 1688 1745 1762 ἀνιώμεθα,
1787 1693 1858 1762 μή

1971 549 2100 590 rem
2129 550 2305 608 sequo
2347 537 2553 594 animo
2578 541 2878 610 reputant.
2915 536 3063 594 Novi
3089 536 3248 594 enim
3271 539 3628 613 multos,qui

1972 625 2263 695 tanquam
2276 626 2474 681 oneris
2494 626 3326 698 depositionem,matrimonii
3350 643 3472 684 non
3484 644 3625 685 con-

1973 713 2238 783 gruentis
2275 713 2729 770 dissolutionem
2762 715 3026 787 amplexi
3079 719 3236 772 sunt.
3271 717 3519 790 Respice
3563 717 3627 774 in

1973 801 2192 858 coelum
2239 807 2297 858 et
2343 803 2531 859 solem
2565 820 2578 858 :
2613 808 2668 858 et
2698 809 3000 860 creaturas
3053 819 3265 860 omnes
3318 805 3630 864 undelibet

1974 891 2279 959 collustra,
2312 891 2442 948 haec
2488 908 2623 964 qum
2662 895 2749 948 tot
2777 897 2833 948 et
2862 896 3026 948 tanta
3075 897 3234 960 sunt,
3264 894 3445 965 paulo
3490 899 3628 967 post

1972 996 2094 1036 non
2125 981 2596 1054 comparebunt;
2632 986 2810 1054 atque
2828 997 2898 1037 ex
2918 982 3010 1037 his
3031 981 3482 1038 omnibusillud
3511 984 3627 1040 col-

1970 1068 2109 1141 lige,
2137 1086 2270 1136 nos,
2298 1086 2437 1126 cum
2480 1070 2755 1142 peritura;
2796 1074 3083 1126 creaturas
3138 1086 3280 1142 pars
3321 1071 3532 1138 simus,
3564 1072 3627 1128 id

1970 1159 2138 1232 quod
2158 1159 2334 1214 nobis
2347 1176 2418 1215 ex
2429 1159 2738 1215 communi
2759 1164 2976 1216 natura
2991 1159 3624 1232 convenit,accepisse;

1972 1248 2272 1320 siquidem
2299 1253 2355 1304 et
2374 1248 2724 1318 conjugium
2747 1247 2945 1320 ipsum
2972 1249 3183 1305 mortis
3216 1254 3303 1304 est
3330 1248 3626 1306 solamen.

1971 1341 2122 1395 Nam
2152 1337 2294 1410 quia
2316 1353 2555 1409 semper
2582 1353 2936 1409 permanere
2959 1353 3081 1394 non
3107 1339 3628 1407 dabatur,succes-

1975 1427 2140 1482 sione
2163 1426 2396 1495 generis
2425 1427 2881 1498 perpetuitatem
2913 1427 3050 1482 vitae
3075 1430 3317 1483 Creator
3340 1426 3631 1484 concilia-

1969 1516 2074 1573 vit.
2098 1514 2268 1581 Quod
2308 1513 2357 1569 si
2412 1513 2472 1569 id
2530 1515 2831 1582 angimur,
2865 1515 3032 1588 quod
3091 1514 3262 1570 citius
3318 1520 3456 1572 ante
3509 1529 3624 1570 nos

1971 1603 2285 1671 abierit,illi
2305 1603 2962 1676 neinvideamus,quod
2986 1603 3274 1660 molestiis
3296 1604 3432 1661 vitae
3456 1603 3625 1662 haud

1969 1693 2224 1748 multum
2251 1691 2492 1764 oppleta
2517 1691 2820 1761 fuerit,sed
2852 1693 3041 1748 instar
3063 1693 3281 1749 ﬂorum
3305 1693 3623 1755 nitentium

256 1773 635 1851 βασκαίνωμεν
783 1782 852 1852 μὴ
902 1777 985 1831 ἐπὶ
1013 1779 1142 1832 πολὺ
1185 1787 1283 1831 τῶν
1315 1778 1558 1853 ὀχληρῶν
1614 1786 1706 1832 τοῦ
1737 1778 1858 1852 βίου

1972 1797 2078 1836 nos
2108 1797 2243 1838 eam
2273 1781 2471 1835 adhuc
2499 1778 2912 1836 desiderantes
2933 1781 3379 1853 reliquerit.Sed
3407 1786 3462 1840 te
3485 1790 3625 1842 ante

255 1864 680 1940 ἁναπλησθείσῃ,
715 1867 843 1920 ἀλλὰ
888 1870 1022 1920 κατὰ
1078 1872 1170 1926 τὴν
1217 1870 1380 1942 χάριν
1437 1873 1529 1927 τὴν
1557 1877 1654 1920 τῶν
1695 1867 1860 1922 ἀνθῶν

255 1959 340 2008 ἔτι
379 1957 663 2017 ποθοῦντας
689 1958 830 2030 ἡμᾶς
882 1957 1192 2031 ἔπιλιπούση
1421 1961 1527 2031 Πρὸ
1566 1959 1768 2010 πάντων
1801 1955 1860 2013 δὲ

255 2064 320 2098 σε
355 2047 413 2097 τό
441 2053 533 2107 τῆς
585 2044 920 2110 ἀναστάσεως
980 2043 1158 2118 δόγμα
1211 2046 1688 2119 ψυχαγωγησάτω,
1731 2055 1858 2121 Χρι-

250 2135 470 2187 στιανὸν
513 2138 650 2202 ὄντα,
678 2140 769 2188 καὶ
822 2134 901 2188 ἐπ’
959 2132 1110 2188 ἰλπίδ
1116 2156 1129 2187 ι
1187 2143 1286 2188 τῶν
1323 2135 1603 2209 μελλόντων
1651 2135 1858 2208 ἀγαθῶν

247 2228 352 2281 τὴν
405 2223 548 2284 ’ζωὴν
605 2220 936 2297 διεξάγόντα.
970 2225 1146 2285 Οὓτως
1201 2221 1288 2278 οὖν
1342 2221 1665 2278 διανοεῖσθαι
1695 2245 1858 2300 προσ-

251 2321 400 2380 ῆκεν,
441 2313 510 2375 ὡς
547 2309 672 2365 ὁδόν
724 2333 841 2366 τινα
893 2313 1256 2389 παρελθούσης
1301 2315 1434 2385 (56),
1470 2314 1530 2372 ἢν
1575 2319 1666 2367 καὶ
1720 2317 1859 2387 ἡμᾶς

255 2397 441 2459 δεήσει
502 2404 838 2476 πορεύεσθαι.
867 2403 928 2456 Εἰ
957 2401 1037 2472 δὲ,
1078 2405 1158 2457 ὅτι
1194 2407 1294 2476 πρὸ
1341 2406 1508 2479 ἡμῶν,
1549 2404 1643 2456 οὐκ
1691 2402 1856 2480 ὀδυρ-

248 2499 365 2563 μῶν
392 2498 546 2544 τοῦτο
591 2492 755 2556 ἄξιον.
788 2496 988 2569 Μικρὸν
1043 2495 1145 2566 γὰρ
1201 2493 1417 2567 ὓστερον
1445 2496 1610 2564 τυχὸν
1637 2495 1692 2545 τὸ
1724 2495 1856 2564 ἡμέ-

249 2599 402 2655 τερον
478 2581 837 2654 ἐλεεινότερον,
912 2583 973 2653 εἰ,

249 2670 460 2723 πλείοσι
533 2672 804 2743 γενοιμεθα
865 2676 1117 2744 τιμωρίας
1190 2673 1482 2745 ὑπόχρεοι.
1547 2670 1703 2722 Ἀλλὰ
1765 2679 1856 2731 τῆς

1051 2580 1135 2636 ἐπὶ
1208 2581 1378 2635 πλεῖον
1449 2584 1854 2656 παραταθέντες,

1967 1869 2177 1925 omnia
2233 1872 2457 1923 recreet
2511 1868 2959 1923 resurrectionis
3009 1868 3277 1939 dogma,
3311 1870 3623 1930 hominem

1969 1956 2655 2028 Christianum,atquein
2691 1955 3026 2013 futurorum
3057 1956 3360 2016 bonorum
3393 1975 3502 2033 spe
3530 1962 3624 2019 vi-

1965 2051 2222 2103 ventem.
2257 2047 2450 2111 Quare
2482 2061 2590 2117 par
2619 2045 2796 2101 fuerit
2822 2045 2896 2101 de
2927 2061 2998 2102 ea
3029 2046 3109 2102 ita
3134 2048 3419 2118 cogitare,
3445 2051 3624 2122 quasi

1965 2137 2124 2192 viam
2156 2134 2491 2208 quamdam
2519 2135 2858 2201 confecerit,
2885 2151 3073 2208 quam
3100 2141 3155 2191 et
3181 2152 3294 2193 nos
3321 2139 3624 2211 oportebit

1966 2225 2217 2294 ingredi.
2244 2224 2416 2290 Quod
2449 2223 2500 2279 si
2525 2223 2699 2279 nobis
2731 2223 2978 2294 prasivit,
3007 2224 3067 2280 id
3096 2225 3325 2294 gemitu
3363 2227 3620 2296 dignum

1964 2331 2087 2371 non
2108 2317 2216 2370 est.
2237 2316 2383 2368 Nam
2416 2311 2564 2368 forte
2587 2311 2768 2386 paulo
2807 2317 2946 2384 post
2975 2329 3103 2369 sors
3133 2317 3339 2371 nostra
3367 2315 3621 2372 misera-

1961 2403 2138 2460 bilior
2165 2402 2290 2469 erit,
2316 2403 2365 2456 si
2407 2400 2633 2456 diutius
2672 2401 2862 2466 dilati,
2886 2402 3160 2475 pluribus
3202 2401 3422 2460 ﬁamus
3473 2421 3620 2478 sup-

1963 2493 2157 2566 pliciis
2211 2490 2476 2547 obnoxii.
2531 2490 2785 2547 Proinde
2838 2492 2989 2548 ratio
3047 2496 3290 2559 nostra,
3341 2493 3620 2552 maeroris

1964 2596 2221 2638 excusso
2266 2595 2465 2648 onere,
2498 2579 2560 2636 id
2589 2585 2776 2650 curet,
2807 2580 3119 2654 quomodo
3166 2580 3376 2638 deceat
3409 2597 3524 2640 nos
3555 2582 3619 2640 in

1965 2674 2272 2742 posterum
2299 2668 2549 2724 Domino
2577 2670 2835 2742 placere.

248 2759 422 2822 λύπης
473 2763 530 2813 τὸ
572 2760 738 2836 βάρος
797 2760 823 2812 ὀ
873 2760 1127 2833 λογισμὸς
1164 2763 1310 2833 ἡμῶν
1368 2760 1800 2834 ἀποσεισάμενος,
1854 2762 1948 2819 τὴν
1996 2762 2111 2836 περὶ
2148 2765 2241 2812 τοῦ
2300 2765 2410 2820 πῶς
2465 2759 2606 2832 ἡμᾶς
2650 2765 2887 2834 προσῆκε
2930 2761 3060 2832 πρὸς
3100 2761 3159 2811 τό
3201 2760 3381 2831 ἑφεξῆς
3433 2760 3617 2835 εὐαρε-

253 2854 396 2902 στεῖν
434 2857 508 2921 τῷ
541 2854 720 2921 Κυρίῳ
751 2845 1004 2924 φροντίδα
1033 2848 1362 2922 μεταλαϐέτω
1391 2849 1524 2920 (57).

820 2980 1107 3030 ΕΠΙΣΤΟΛ
1119 2981 1160 3028 Η
1200 2973 1312 3028 ΤΒ’.

2513 2969 2835 3026 EPISTOLA
2871 2970 3088 3026 CCCII‘.

1310 3098 1585 3156 Brisom's
1630 3096 1856 3154 mortui
1901 3110 2151 3154 uxorem
2191 3094 2562 3152 consolatur.

364 3226 506 3301 Πρὸς
526 3229 620 3285 τὴν
642 3226 901 3300 όμόζυγον
932 3229 1190 3302 Βρίσωνος
1219 3226 1329 3297 (58)
1357 3226 1789 3299 παραμυθητική.

325 3367 487 3421 ”Οσον
539 3371 630 3442 μεν
670 3368 1007 3442 ἐστενάξαμεν
1048 3367 1129 3422 ἐπὶ
1187 3375 1248 3441 τῇ
1284 3367 1500 3440 ἀγγελίᾳ
1527 3373 1619 3420 τοῦ
1657 3367 1858 3426 πάθους

261 3463 356 3509 τοῦ
381 3461 511 3510 κατὰ
556 3462 644 3510 τὸν
695 3459 912 3532 ἄριστον
967 3465 1066 3510 τῶν
1107 3453 1310 3528 ἀνδρῶν
1368 3461 1621 3530 Βρίσωνα,
1655 3460 1708 3508 τί
1744 3459 1854 3528 χρὴ

265 3551 358 3598 καὶ
403 3546 616 3618 λέγειν;
685 3549 893 3608 Πάντως
943 3550 1040 3621 γὰρ
1107 3543 1279 3608 οὐδεὶς
1351 3547 1510 3606 οὕτως
1589 3544 1700 3597 ἐστὶ
1747 3545 1858 3615 (59)

264 3636 462 3692 λιθίνην
508 3638 643 3708 ἔχων
691 3641 785 3695 τήν
841 3633 1085 3710 καρδίαν,
1115 3636 1186 3705 ὃς,
1218 3636 1284 3696 εἰς
1334 3642 1514 3710 πεῖραν
1559 3633 1858 3706 ἀφικόμενος

261 3732 355 3778 τοῦ
397 3721 582 3798 ἀνδρὸς
621 3723 834 3795 ἐκείνου,
886 3723 972 3778 εἶτ’
1027 3724 1272 3786 ἀκούσας
1319 3725 1474 3777 αὐτὸν
1531 3723 1732 3796 ἀθρόως
1803 3722 1858 3786 ἐξ

258 3814 542 3887 ἀνθρώπων
599 3813 1029 3890 ἁνηρπασμένον,
1093 3815 1239 3886 οὐχὶ,
1305 3817 1370 3875 ὡς
1419 3819 1594 3873 κοινήν
1664 3817 1856 3886 ζημίαν

253 3904 350 3957 τοῦ
383 3903 529 3976 βίου,
552 3907 646 3962 τὴν
683 3911 774 3957 τοῦ
826 3900 1012 3979 ὢνδρὸς
1070 3908 1314 3978 στέρησιν
1365 3903 1654 3974 ἐλογίσατο.
1686 3901 1856 3974 ’Πμῶν

257 3990 318 4046 δε
358 3993 510 4053 εὐθὺς
564 3998 660 4052 τήν
712 3991 880 4051 λύπην
919 3995 949 4051 ἠ
1014 3991 1097 4046 ἐπὶ
1140 3998 1224 4046 σοὶ
1296 3998 1505 4066 φροντὶς
1562 3989 1853 4058 διεδέξατο,

252 4082 637 4155 λογιζομένων,
692 4082 792 4148 ὅτι,
855 4082 900 4135 εἰ
968 4089 1076 4145 τοῖς
1143 4081 1317 4157 πορῥω
1379 4090 1473 4143 τῆς
1542 4082 1858 4146 οἰκειότητος

255 4175 394 4227 οὑτω
434 4173 574 4247 βαρὺ
628 4179 718 4226 καὶ
777 4170 1113 4246 δύσφοροντό
1167 4172 1391 4244 συμϐὰν,
1449 4181 1556 4235 πῶς
1598 4173 1729 4234 εἰκὸς
1758 4174 1857 4226 ὑπὸ

255 4269 354 4318 τοῦ
395 4263 592 4322 πάθους
643 4266 738 4320 τὴν
793 4265 891 4320 σὴν
946 4258 1249 4320 διατεθῆναι
1297 4260 1484 4332 ψυχὴν
1515 4305 1530 4332 ,
1585 4260 1721 4313 οὓτω
1768 4265 1858 4334 μεν

257 4357 412 4429 ρύσει
477 4355 725 4425 χρηστὴν
771 4348 968 4422 οὖσαν,
1021 4356 1110 4403 καὶ
1186 4353 1316 4424 πρὸς
1379 4353 1472 4412 τὰς
1538 4353 1860 4421 συμπαθείας

261 4441 469 4496 εὔκολον
527 4438 622 4494 διὰ
669 4444 764 4500 τὴν
827 4447 921 4494 τοῦ
971 4444 1163 4515 τρόπου
1221 4441 1560 4511 ἡμερότητα,
1609 4440 1744 4492 οὓτω
1802 4437 1861 4494 δὲ

259 4534 602 4604 ὑποκειμένην
632 4539 704 4601 τῷ
749 4531 922 4596 πάθει,
957 4533 1092 4582 ὥστε
1156 4531 1308 4581 οἱονεὶ
1361 4525 1682 4600 διχοτομίας
1723 4533 1862 4591 τινος

2327 3220 2516 3278 Uxori
2535 3219 2806 3276 Brisonis
2837 3219 3261 3276 consolatoria.

2037 3361 2340 3427 Quantum
2353 3361 2772 3433 ingemuerim,
2790 3364 3068 3419 nuntiato
3081 3362 3289 3436 optimi
3303 3361 3621 3422 hominum

1967 3450 2232 3507 Brisonis
2261 3467 2430 3520 casu,
2457 3451 2605 3523 quid
2627 3450 2718 3506 vel
2761 3451 2956 3508 dicere
2995 3453 3280 3508 attineat?
3300 3456 3449 3509 Nam
3479 3469 3624 3526 pro-

1965 3537 2120 3595 fecto
2150 3555 2331 3596 nemo
2351 3540 2431 3596 ita
2457 3539 2985 3611 cordelapideo,ut
3008 3541 3203 3596 virum
3227 3541 3398 3597 illum
3417 3557 3623 3615 exper-

1965 3631 2060 3684 tus
2082 3644 2150 3684 ac
2171 3628 2386 3684 deinde
2408 3629 2660 3684 audiens
2678 3645 2748 3684 ex
2762 3629 3111 3685 hominibus
3133 3629 3328 3686 subito
3345 3636 3618 3702 ereptum

1965 3733 2114 3782 esse,
2141 3733 2262 3772 non
2311 3733 2633 3773 commune
2662 3717 2946 3773 humanae
2977 3719 3108 3773 vitae
3135 3718 3431 3774 damnum
3460 3718 3620 3774 illius

1959 3806 2257 3876 jacturam
2272 3806 2720 3863 existimaverit.
2745 3809 3052 3863 Moerorem
3069 3811 3268 3862 autem
3286 3823 3491 3862 meum
3503 3807 3621 3863 sol-

1964 3895 2212 3952 licitudo
2249 3896 2325 3952 de
2353 3901 2410 3952 te
2437 3896 2634 3951 statim
2665 3896 3064 3968 excepit,cum
3094 3896 3499 3966 cogitarem.si
3527 3897 3620 3953 his

1966 3987 2068 4056 qui
2101 4001 2221 4040 non
2257 3992 2398 4041 sunt
2430 3984 2722 4040 afﬁnitate
2759 3986 3084 4055 conjuncti,
3117 3985 3176 4041 id
3207 3985 3372 4057 quod
3406 3985 3624 4042 accidit

1968 4075 2121 4130 adeo
2145 4090 2326 4142 grave
2339 4080 2394 4130 et
2417 4074 2495 4130 ad
2517 4073 2942 4145 perferendum
2969 4073 3146 4147 5,39
3173 4073 3434 4144 diﬂicile,
3463 4090 3620 4146 quo—

1966 4163 2152 4220 modo
2173 4164 2485 4221 verisimile
2506 4163 2580 4219 sit
2600 4163 2868 4219 animam
2893 4169 3054 4220 tuam
3075 4164 3134 4220 in
3154 4164 3269 4219 hoc
3283 4180 3428 4219 casu
3441 4163 3621 4230 afﬁci,

1966 4269 2102 4326 quae
2115 4257 2398 4309 etnatura
2427 4252 2580 4308 adeo
2594 4252 2858 4323 benigna
2884 4257 2971 4308 est
2992 4253 3136 4308 etad
3150 4253 3623 4309 commiseratio-

1967 4357 2075 4398 nes
2095 4345 2652 4416 propensapropter
2667 4357 2900 4396 morum
2924 4339 3314 4410 lenitatem,et
3329 4341 3437 4413 ipsi
3452 4342 3622 4398 casui

1966 4431 2049 4488 ita
2079 4432 2370 4503 subjecta,
2400 4436 2464 4486 ut
2486 4429 2663 4486 veluti
2689 4429 3376 4502 bipartitamquamdam
3401 4429 3617 4484 sectio-

1968 4538 2107 4578 nem
2139 4522 2200 4578 in
2247 4521 2520 4591 conjugis
2566 4518 2942 4591 separatione
2997 4518 3262 4574 senserit.
3297 4516 3525 4573 Etenim
3565 4518 3620 4575 si

258 4622 609 4674 κίσθάνεσθαι
637 4618 687 4671 ἐν
715 4627 786 4690 τῷ
835 4627 1096 4694 ¹κωρισμῲ
1143 4626 1235 4670 τοῦ
1283 4619 1562 4688 όμόζυγος.
1599 4623 1698 4670 Καὶ
1735 4621 1858 4693 γὰρ,

1972 4628 2198 4680 revera,
2229 4611 2562 4667 secundum
2613 4607 2848 4664 Domini
2903 4624 3244 4664 sermonem
3270 4652 3284 4676 ,
3310 4609 3439 4679 jam
3491 4623 3617 4664 non

256 4711 303 4767 εἰ
350 4718 424 4782 τῷ
461 4711 570 4763 ὄντι
633 4711 769 4762 κατὰ
820 4711 909 4761 τὸν
955 4714 1049 4762 τοῦ
1109 4711 1302 4781 Κυρίου
1350 4705 1501 4777 λόγον
1545 4705 1716 4760 οὐκέτι
1759 4707 1862 4762 εἰσὶ

333 4873 380 4908 ⁴⁹
419 4869 622 4928 Matth.
656 4885 776 4928 xxx.
814 4873 867 4927 6.

330 5029 446 5102 (53)
486 5028 889 5102 Ἀκαταλλὴλου.
946 5028 1102 5086 Harl.
1136 5033 1193 5102 et
1235 5028 1381 5102 Med.
1441 5025 1554 5078 κατ’
1592 5025 1855 5102 ἀλλήλῃς.

248 5096 482 5160 ibidem
497 5101 665 5157 multi
688 5101 924 5157 codices
945 5101 1305 5157 recentiores
1328 5096 1858 5170 dazo;.:z'vou;.Paulo

246 5179 393 5247 post
421 5173 558 5228 editi
593 5173 664 5232 εὶς
688 5176 775 5225 τόν
799 5173 1190 5247 οὐρανόνπνθε
1217 5169 1856 5247 vetustissimicodices

247 5241 315 5302 ut
343 5245 403 5300 in
437 5248 617 5300 textu.
636 5247 766 5315 mox
797 5241 1012 5310 Regius
1039 5247 1305 5315 uterque.
1332 5241 1853 5315 Coisl._secu_ndus

245 5322 306 5374 et
347 5317 667 5372 Vaticanus
695 5314 750 5367 ἐκ
779 5317 982 5367 πάντων
1006 5313 1222 5380 τούτων,
1251 5315 1379 5369 sine
1404 5313 1851 5381 conjunctione.

321 5388 438 5456 (54)
481 5390 708 5448 Φύσεως.
756 5387 904 5442 Med.
958 5391 1195 5448 κτίσεως.
1254 5384 1443 5456 Paulo
1503 5389 1637 5458 post
1691 5385 1853 5442 idem

247 5473 391 5515 cum
426 5457 582 5514 Harl.
608 5462 750 5510 Διότι
778 5459 863 5510 ἕνα
885 5458 955 5519 εἰς
984 5460 1064 5525 τό,
1088 5462 1198 5514 etc.

324 5529 439 5602 (5,5)
481 5528 850 5602 'E‘ertiraiion.
900 5529 993 5585 Sic
1049 5529 1230 5588 iidem
1281 5531 1398 5587 tres
1450 5526 1853 5602 antiquissimi

248 5600 517 5660 codices.
539 5599 694 5659 Editi
723 5599 1075 5659 ἀπολιπούση.

1970 4705 2110 4758 sunt
2137 4700 2280 4771 duo,
2303 4699 2404 4756 sed
2436 4713 2562 4755 una
2590 4713 2730 4754 caro
2753 4699 2823 4767 ‘°,
2845 4696 3109 4770 profecto
3139 4697 3438 4770 separatio
3457 4697 3616 4769 ejus-

2041 5023 2154 5094 (56)
2195 5019 2530 5094 Παρελθούση
2544 5038 2605 5094 ς.-
2620 5016 2776 5094 ilarl.
2809 5017 3188 5094 npot7.0::66'p;.

2038 5087 2150 5163 (57)
2191 5087 2552 5146 Μεταλαϐἐτω.
2588 5088 2671 5143 Ita
2699 5105 2802 5145 sex
2830 5087 2977 5163 mss.
3008 5090 3157 5146 Editi
3182 5087 3556 5163 μεταϐαλλίτοξ.

2037 5158 2151 5233 (58)
2194 5167 2469 5238 Βρίσωνος.
2503 5162 2981 5238 Reg._s_ecundus
3023 5167 3078 5216 et
3108 5158 3282 5238 Co‘isl.
3314 5158 3618 5214 secundus

1967 5231 2276 5308 Βρίσσωνος.
2307 5234 2552 5308 Addunt
2607 5231 2745 5288 editi
2791 5236 3146 5308 χηρεύουσαν,
3181 5231 3444 5295 viduam,
3477 5245 3616 5302 quas

1962 5304 2080 5364 vox
2107 5307 2276 5363 deest
2302 5306 2360 5362 in
2387 5304 2689 5377 plerisque
2723 5321 2861 5377 mss.

2035 5380 2146 5449 (59)
2189 5379 2364 5438 Οὕτως
2389 5370 2545 5449 ’ἐστ-ί.
2575 5370 2684 5449 Sic
2718 5376 2869 5449 Harl.
2904 5378 2962 5430 et
3007 5373 3153 5449 Med.
3191 5375 3363 5449 Deest
3390 5370 3504 5449 ἐστί
3541 5371 3610 5449 _in

1961 5442 2156 5506 editis.
2189 5450 2398 5508 Statim
2446 5447 2603 5519 editi
2627 5447 2777 5509 αὐτὸς
2832 5446 3219 5519 ἀθρόωςεΜες.
3247 5443 3419 5498 αὐτόν.
3459 5442 3606 5501 Sub-

1959 5521 2100 5580 inde
2133 5521 2294 5580 Harl.
2323 5525 2380 5578 et
2405 5520 2552 5578 Med.
2584 5517 2980 5592 ἀναρπασθέντα
3008 5517 3114 5588 οὐχ
3139 5518 3227 5578 ὠς.

2029 5594 2054 5620 '
2081 5593 2240 5652 Alias
2269 5593 2598 5651 CCCXLVII.
