4074 6220
274 332 412 387 1053

1220 331 1709 390 EPISTOLARUI
1749 333 2028 391 CLASSIS
2072 336 2161 390 lII.
2205 336 2423 391 EPIST.
2466 336 2683 393 CCCVI.

3499 338 3636 393 1054

264 452 452 508 τοῖσδε
490 453 788 528 ἐπαγαγεῖν.
820 458 959 510 Ἐπεὶ
989 455 1076 510 οὖν
1116 463 1205 509 καὶ
1242 461 1302 510 τὸ
1349 461 1612 531 γινόμενον
1657 456 1864 528 ἄδικον,

1980 458 2205 516 tionem
2241 459 2560 518 indicares.
2595 463 2742 517 Cum
2779 460 2957 530 igitur
2984 460 3047 515 id
3075 460 3243 532 quod
3269 461 3495 520 factum
3519 464 3633 530 est,

268 549 365 595 καὶ
399 540 493 596 διὰ
521 553 675 597 τοῦτο
706 544 1019 619 ἀπαρέσκειν
1068 546 1264 618 ὀφεῖλον
1314 555 1374 618 τῇ
1424 550 1691 618 τιμιότητί
1749 568 1866 617 σου,

263 637 359 684 καὶ
386 634 510 705 ἡμῖν
539 632 770 706 λυπηρὸν
796 631 888 687 διὰ
926 640 1018 693 τὴν
1050 639 1179 710 πρὸς
1208 639 1329 697 τοὺς
1368 633 1719 708 ἠδικημένους
1743 638 1867 709 ἡμῖν

263 722 622 793 ὑπάρχουσαν
653 724 952 782 οἰκειότητα
983 746 996 757 ’
1026 723 1351 797 ἐσπεύσαμεν
1381 725 1744 799 παρακαλέσαι
1774 730 1867 783 τὴν

257 813 618 883 χρηστότητά
649 831 743 864 σου
774 817 846 884 μὴ
874 815 1028 865 ἐᾶσαι
1059 812 1315 888 προϐῆναι
1353 822 1462 875 τοῖς
1511 810 1711 867 ἀδικεῖν
1760 813 1869 866 ἐπι-

259 906 520 971 χειροῦσι
549 906 644 959 τὴν
674 901 942 975 ἐπήρειαν,

836 1126 1173 1174 ΕΠΙΣΤΟΛΗ
1211 1120 1301 1173 ΤΔ’

1976 548 2268 619 injustum
2298 548 2389 614 sit,
2424 556 2479 605 et
2501 549 2725 606 idcirco
2754 550 3067 622 displicere
3099 549 3329 606 debens
3359 550 3633 621 dignitati

1977 641 2111 705 tuae,
2155 642 2213 692 et
2260 638 2406 693 mihi
2452 638 2778 693 molestum
2828 644 3071 710 propter
3121 640 3632 697 necessitudinem

1976 727 2124 782 mihi
2154 743 2294 782 cum
2321 728 2392 781 iis
2421 727 2525 799 qui
2557 728 2680 782 laesi
2712 736 2851 783 sunt
2880 727 3378 798 intercedentem;
3420 745 3632 800 rogare

1975 815 2252 872 festinavi
2278 815 2710 886 benignitatem
2739 821 2928 887 tuam,
2956 820 3022 871 ut
3045 831 3119 871 ne
3139 817 3489 875 hominibus
3519 835 3631 876 no-

1976 920 2109 960 cere
2145 903 2486 961 volentibus
2528 904 2812 977 injuriam
2857 921 2930 962 ex
2969 906 3264 962 sententia
3306 908 3630 978 procedere

1973 994 2245 1068 patiaris.

2490 1124 2825 1179 EPISTOLA
2865 1124 3065 1181 CCCIV
3087 1127 3149 1179 ⁶⁰.

1118 1218 1508 1276 Commendat
1533 1216 1793 1289 aliquem
1827 1218 1900 1273 de
1928 1233 2041 1288 quo
2075 1222 2255 1275 antea
2282 1220 2491 1289 fuerat
2518 1223 2774 1279 locutus.

903 1316 1216 1392 Ἀϐουργίῳ,

326 1399 495 1463 Οὗτός
543 1401 680 1455 ἔστιν
728 1405 853 1478 ὑπὲρ
904 1405 964 1457 οὗ
1016 1412 1105 1458 καὶ
1160 1410 1403 1481 πρότερον
1456 1402 1733 1476 διελέχθην
1780 1425 1862 1457 σοι

248 1485 351 1541 διὰ
375 1498 467 1542 τοῦ
509 1486 778 1547 διακόνου.
808 1491 1023 1552 Ἐπειδὴ
1067 1493 1153 1546 οὖν
1198 1498 1335 1567 ἔχων
1381 1496 1475 1552 ἧκε
1518 1499 1611 1552 τὴν
1651 1494 1859 1546 ἐπιστο-

242 1576 347 1637 λὴν
376 1578 501 1653 παρ’
530 1582 699 1653 ἡμῶν,
733 1581 945 1635 animo:
978 1585 1113 1655 ἔχων
1146 1583 1179 1635 ἃ
1210 1584 1455 1657 βούλεται
1483 1582 1628 1659 ποιρά
1653 1591 1767 1636 σοῦ.

809 1732 1147 1780 ΕΠΙΣΤΟΛΗ
1194 1725 1307 1782 ΤΗ.

2643 1321 2689 1374 Α
2707 1321 2938 1377 buraio.

2643 1337 2820 1375 Αοιιν
2862 1337 2938 1377 ιο.

2045 1406 2144 1460 Hic
2172 1408 2257 1461 est
2282 1406 2400 1475 ille,
2438 1406 2511 1463 de
2534 1424 2656 1481 quo
2688 1337 3067 1464 mihigtecum
3101 1408 3279 1465 etiam
3313 1412 3489 1464 antea
3522 1422 3629 1479 per

1971 1494 2297 1550 diaconum
2334 1513 2529 1553 sermo
2571 1498 2693 1552 fuit.
2722 1500 2867 1552 Cum
2900 1513 3042 1567 ergo
3075 1514 3110 1553 a
3143 1514 3240 1553 me
3268 1497 3371 1552 tibi
3398 1496 3624 1554 litteras

1970 1581 2215 1653 deferat,
2245 1599 2281 1639 a
2311 1588 2364 1639 te
2386 1585 2478 1640 his
2507 1602 2643 1657 quae
2674 1585 2836 1658 cupit
2864 1584 3195 1657 impetratis
3224 1584 3515 1641 discedat.

2502 1728 2744 1784 EPISTO
2754 1729 2841 1783 LA
2879 1727 3125 1784 CCCV".

1004 1825 1395 1881 Commendat
1425 1825 1634 1881 amicis
1662 1825 1784 1880 suis
1821 1822 2115 1879 hominem
2147 1824 2290 1880 bene
2317 1824 2390 1881 de
2415 1825 2538 1880 illis
2567 1827 2869 1881 meritum.

1893 1924 1936 1977 B
1965 1922 2110 1978 Sine
2138 1923 2545 1994 inscriptione,
2577 1938 2761 1978 causa
2785 1924 3049 1979 virorum
3075 1922 3472 1994 quorumdam
3500 1921 3621 1976 vir-

2549 2018 2674 2068 tute
2703 2014 3033 2069 clarorum.

2031 2099 2165 2155 Jam
2216 2104 2395 2155 notus
2432 2100 2601 2156 vobis
2640 2100 2735 2157 ille
2778 2106 2888 2167 est,
2942 2106 3005 2157 ut
3056 2100 3245 2173 ipsius
3294 2097 3623 2155 ostendunt

1956 2190 2348 2245 narrationes.
2395 2193 2543 2246 Nam
2583 2190 2663 2246 ad
2710 2206 2955 2246 omnem
2986 2206 3095 2246 vos
3135 2188 3519 2245 occasionem
3556 2188 3621 2244 in

1958 2292 2060 2333 ore
2081 2277 2292 2333 habet:
2328 2278 2387 2333 in
2415 2279 2892 2335 orthodoxorum
2914 2276 3350 2343 recordatione,
3372 2276 3433 2331 in
3455 2291 3621 2332 asce-

1957 2365 2030 2420 tis
2062 2366 2323 2438 hospitio
2359 2367 2727 2439 excipiendis
2755 2383 2825 2423 ac
2861 2366 2921 2421 in
2952 2365 3117 2421 omni
3149 2365 3361 2420 virtute
3390 2364 3621 2436 primas

1958 2454 2128 2509 vobis
2158 2454 2364 2511 defert.
2396 2456 2451 2511 Si
2481 2456 2617 2527 quis
2643 2456 2717 2511 de
2750 2456 3096 2511 doctoribus
3124 2455 3496 2510 mentionem
3525 2454 3621 2509 in-

1950 2543 2138 2613 jiciat,
2171 2559 2294 2599 non
2320 2545 2544 2615 patitur
2570 2545 2717 2600 alios
2748 2544 2921 2600 vobis
2953 2544 3239 2616 anteponi
3271 2560 3284 2597 :
3324 2543 3371 2597 si
3400 2542 3474 2599 de
3496 2542 3620 2615 pie-

1956 2632 2091 2686 tatis
2120 2632 2674 2703 propugnatoribus
2702 2637 2758 2688 et
2781 2633 2860 2688 ad
2886 2631 3292 2688 confutandas
3314 2629 3621 2687 heretico.

1955 2734 2091 2774 rum
2109 2720 2520 2776 cavillationes
2537 2720 2796 2787 idoneis,
2820 2721 3007 2776 alium
3023 2725 3162 2776 ante
3174 2736 3281 2776 vos
3298 2734 3620 2776 numerare

1956 2808 2122 2873 nolit,
2163 2809 2573 2865 testimonium
2626 2810 2793 2865 vobis
2843 2810 3109 2865 tribuens
3148 2809 3399 2876 virtutis,
3429 2824 3618 2881 quam

1956 2910 2137 2952 nemo
2158 2898 2390 2953 vincere
2420 2903 2477 2953 et
2504 2912 2853 2970 expugnare
2875 2897 3083 2969 possit.
3109 2900 3224 2952 Nec
3252 2910 3517 2965 magnus
3536 2896 3618 2952 illi

1954 2985 2127 3041 labor
2148 2986 2277 3041 haec
2307 2986 2567 3043 dicendo
2599 2985 2985 3059 persuadere.
3022 2984 3306 3057 Loquitur
3321 2983 3483 3039 enim
3507 2996 3618 3040 au-

1956 3075 2123 3131 ribus
2168 3075 2507 3142 hominum,
2550 3077 2653 3148 qui
2693 3080 2917 3131 norunt
2954 3075 3209 3145 majora,
3249 3088 3438 3146 quam
3477 3088 3617 3146 quae

246 3166 524 3235 νομισθείη
562 3165 673 3236 μεθ’
714 3164 997 3237 ὑπερϐολῆς
1044 3163 1400 3235 ἀπαγγῦιλειν.
1457 3167 1624 3227 Οὗτος
1680 3171 1849 3219 τοίνυν

1966 3165 2093 3237 quis
2140 3179 2431 3221 enarrans
2475 3180 2843 3235 exaggerare
2880 3164 3175 3219 videatur.
3229 3160 3284 3216 Is
3321 3161 3501 3232 igitur
3537 3160 3616 3217 ad

249 3249 474 3303 ἰπανιὼν
521 3256 652 3326 πρὸς
689 3254 824 3325 ὑμᾶς
867 3254 1156 3326 γράμματα
1200 3252 1413 3323 ᾔτησεν,
1462 3253 1568 3324 οὐχ
1618 3254 1699 3305 ἵνα
1737 3254 1850 3306 ἑαν-

1966 3268 2068 3308 vos
2095 3253 2331 3308 rediens
2372 3253 2539 3325 petiit
2562 3253 2807 3318 litteras,
2838 3268 2961 3309 non
2987 3256 3052 3308 ut
3081 3266 3143 3306 se
3174 3266 3313 3306 mea
3340 3265 3526 3322 opera
3554 3250 3615 3306 in

1957 3346 2218 3397 vestram
2257 3340 2721 3398 familiaritatem
2758 3342 3107 3409 insinuaret,
3149 3339 3254 3395 sed
3291 3344 3358 3395 ut
3391 3337 3618 3395 beneﬂ-

1956 3430 2115 3486 cium
2140 3431 2201 3486 in
2234 3446 2329 3487 me
2370 3432 2683 3501 conferret,
2725 3431 3106 3487 occasionem
3144 3429 3424 3502 praebens
3462 3427 3616 3485 salu-

1953 3519 2279 3576 tandorum
2319 3520 2649 3576 amicorum
2689 3537 2702 3574 :
2758 3520 2932 3591 cujus
2967 3523 3382 3575 remuneretur
3415 3517 3615 3573 Domi-

1954 3625 2070 3665 nus
2102 3610 2330 3665 bonam
2358 3609 2741 3666 voluntatem.
2771 3612 2885 3664 Vos
2916 3613 3119 3664 autem
3151 3607 3204 3663 ei
3243 3606 3526 3679 precibus
3558 3610 3616 3662 et

1954 3697 2118 3753 bona
2139 3703 2338 3753 vestra
2358 3713 2500 3767 erga
2527 3713 2740 3753 omnes
2768 3697 3083 3753 voluntate
3107 3696 3329 3766 gratias
3346 3710 3457 3766 pro
3476 3694 3612 3749 viri-

1953 3786 2070 3843 bus
2109 3786 2445 3859 persolvite.
2497 3786 2835 3858 Signiﬁcate
2875 3787 3057 3843 etiam
3105 3785 3283 3841 nobis
3320 3780 3444 3856 quo
3497 3785 3612 3839 sint

238 3876 307 3925 τὰ
336 3882 439 3924 τῶν
461 3873 780 3934 Ἐκκλησιῶν
802 3878 939 3937 ὅπως
970 3880 1107 3946 ἔχει.

1966 3877 2086 3932 loco
2107 3891 2203 3932 res
2226 3875 2649 3934 Ecclesiarum.

800 4004 1135 4053 ΕΠΙΣΤΟΛΙΙ
1176 3999 1291 4064 Τς’.

2361 3997 2533 4071 44ι
2582 3999 2919 4054 EPISTOLA
2960 3997 3250 4053 cccvr“.

237 4096 432 4166 Rogat
476 4102 541 4152 ut
582 4096 808 4153 civibus
844 4097 1287 4154 Alexandrinis
1330 4097 1660 4168 propinqui
1695 4113 1931 4166 corpus,
1966 4096 2253 4153 Sebastice
2292 4098 2531 4161 mortui,
2563 4096 2804 4165 publica
2828 4093 3130 4151 'mandato
3167 4091 3611 4165 exportantium

948 4168 1249 4239 concedat,
1285 4176 1336 4224 et
1368 4169 1606 4240 aliquid
1633 4169 1885 4224 subsidii
1906 4181 1982 4225 ex
2017 4169 2255 4238 publica
2284 4183 2463 4224 cursu
2489 4168 2651 4237 ferri
2665 4168 2901 4237 jubcat.

670 4261 912 4336 Ἠγεμόνι
945 4265 1058 4337 (70)
1086 4263 1414 4325 Σεϐαστείας,

2434 4265 2789 4333 Princian
2815 4263 3116 4319 Sebastiz.

313 4352 643 4426 Αἰσθάνομαι
684 4360 779 4415 τῆς
821 4358 1121 4426 τιμιότητος
1162 4371 1255 4403 σου
1296 4349 1459 4414 ἡδέως
1499 4355 1592 4415 τὰς
1630 4353 1841 4407 ἐπιστο-

2022 4352 2290 4425 lntelligo
2316 4353 2667 4423 dignitatem
2700 4358 2867 4407 tuam
2907 4351 3161 4406 libenter
3188 4349 3414 4405 litteras
3442 4364 3612 4405 meas

238 4442 333 4503 λὰς
398 4444 545 4515 ἡμῶν
610 4447 974 4517 προσιεμένης,
1042 4446 1131 4493 καὶ
1201 4445 1294 4497 τὴν
1363 4441 1527 4493 αἰτίαν
1583 4444 1839 4516 γνωρίζω.

1966 4445 2247 4515 accipere,
2295 4459 2406 4498 nec
2445 4458 2693 4498 causam
2730 4442 2961 4510 ignoro.
3019 4443 3241 4493 Amans
3271 4438 3431 4493 enim
3461 4437 3613 4492 boni

1954 4547 2093 4587 cum
2122 4533 2223 4602 sis,
2261 4537 2313 4587 et
2335 4531 2412 4587 ad
2444 4529 2905 4586 beneﬁcentiam
2934 4541 3295 4600 propensus,
3317 4524 3610 4598 quoniam

1951 4620 2059 4676 tibi
2086 4621 2353 4692 aliquam
2378 4618 2635 4675 subinde
2657 4618 2969 4673 materiam
2998 4614 3463 4689 suppeditamus
3484 4612 3613 4670 ido-

506 1918 902 1994 ’Δνεπίγραφος,
936 1920 1021 1973 ἐπὶ
1052 1921 1297 1997 ἐναρέτοις
1328 1918 1602 1995 ἀνδράσιν.

323 2091 470 2153 Ἤδη
521 2103 779 2169 γνώριμος
816 2099 937 2169 ὑμῖν
978 2100 1117 2150 ἐστιν
1170 2101 1195 2151 ὁ
1247 2096 1412 2166 δεῖνα,
1462 2102 1527 2160 ὡς
1569 2099 1703 2151 αὖτὰ
1746 2096 1851 2156 δη-

240 2182 336 2235 λοῖ
361 2187 426 2235 τὰ
456 2181 764 2258 διηγήματα
809 2194 899 2238 τοῦ
930 2185 1134 2260 ἀνδρὸς.
1188 2189 1301 2240 Ἐπὶ
1348 2191 1526 2248 πάσης
1567 2192 1668 2262 γὰρ
1717 2188 1852 2261 ὑμᾶς

242 2275 556 2344 προφάσεως
595 2278 709 2347 ἔχει
758 2278 786 2333 ἡ
827 2275 1047 2347 γλῶσσα
1086 2277 1268 2343 αὐτοῦ,
1304 2277 1351 2329 ἐν
1393 2275 1684 2350 ὀρθοὸόξων
1719 2284 1849 2350 μνή-

237 2380 346 2432 μῃ,
393 2362 443 2413 ἐν
496 2361 735 2421 ἀσκητῶν
791 2362 1063 2437 φιλοξενίᾳ,
1114 2363 1162 2417 ἐν
1209 2368 1353 2438 πάσῃ
1412 2366 1564 2441 ἀρετῇ
1614 2372 1851 2441 πρώτους

236 2451 386 2521 ὑμᾶς
437 2452 463 2502 ὀ
530 2450 658 2526 ἀνὴρ
717 2454 853 2523 ἄγει.
915 2453 1020 2505 Κᾶν
1066 2450 1405 2506 διδασκάλων
1474 2474 1550 2515 τις
1614 2457 1846 2527 μνησθῇ,

237 2540 343 2592 οὐκ
388 2538 629 2612 ἀνέχεται
694 2544 963 2614 προθεῖναι
1021 2545 1162 2614 ὑμῶν
1220 2542 1457 2619 ἑτέρους·
1515 2542 1599 2596 ἐὰν
1656 2542 1848 2615 ἀγωνι-

236 2631 380 2689 στὰς
423 2638 517 2690 τῆς
562 2629 843 2700 εὐσεϐείας,
888 2635 977 2683 καὶ
1028 2633 1237 2693 ἱκανοὺς
1273 2636 1330 2684 τὸ
1370 2635 1586 2685 πιθανὸν
1625 2640 1720 2693 τῆς
1761 2634 1848 2683 αἱ-

230 2720 433 2790 Ρὲσεως
490 2715 770 2790 διελέγξαι,
832 2721 925 2772 οὐκ
981 2723 1042 2773 ἄν
1099 2722 1262 2773 ἕλοιτο
1318 2723 1484 2794 ἕτερον
1542 2725 1642 2796 πρὸ
1707 2724 1849 2794 ὑμῶν

236 2806 563 2881 ἀριθμῆσαι,
600 2813 725 2883 πρὸς
754 2812 923 2862 πάντα
957 2811 1070 2882 (6'7)
1110 2811 1321 2883 άμαχον
1370 2814 1491 2884 ὑμῖν
1538 2817 1626 2864 καὶ
1675 2810 1850 2863 ἀναντ-

240 2900 540 2965 αγώνιστον
603 2902 697 2955 τήν
761 2896 945 2970 ἀρετὴν
1013 2908 1311 2973 μαρτυρῶν.
1390 2905 1489 2952 Καὶ
1560 2900 1618 2952 οὐ
1690 2900 1848 2961 πολὺς

242 2985 392 3055 αὐτῷ
442 2990 598 3049 πόνος
644 2994 848 3058 πεῖσαι,
896 2995 1064 3039 ταῦτα
1126 2987 1345 3059 λέγοντι.
1415 2996 1682 3060 Διηγεῖται
1747 2992 1847 3062 γὰρ

240 3072 427 3135 ἀκοαῖς
462 3079 678 3147 μείζονα
715 3075 1066 3148 ἐπισταμένων
1116 3075 1415 3149 ἀνθρώπων,
1480 3080 1509 3137 ἣ
1551 3079 1618 3128 ὧν
1668 3080 1728 3130 ἄν
1773 3097 1852 3140 τις

247 3343 339 3393 τόν
381 3343 501 3413 ὑμῖν
536 3341 780 3414 οὶκειώσῃ
827 3338 899 3393 δι’
949 3344 1118 3413 ἡμῶν,
1168 3339 1275 3393 ἀλλ’
1321 3343 1403 3393 ἵνα
1450 3341 1536 3414 ἐμὲ
1582 3343 1851 3416 εὐεργετή-

255 3448 349 3501 cp,
402 3437 493 3482 τοῦ
538 3432 1004 3503 προσφθέγξασοαι
1062 3438 1165 3491 τοῖς
1230 3430 1521 3502 ἀγαπητοῖς
1576 3452 1676 3505 μου
1736 3436 1845 3505 (68)

251 3515 482 3591 ἀφορμὴν
520 3524 958 3595 τιάρασχρμινος⁸
1010 3519 1065 3570 ὃν
1114 3520 1396 3591 ἀμείψαιτο
1443 3522 1469 3572 ὁ
1517 3525 1706 3596 Κύριος
1752 3530 1846 3584 τῆς

245 3604 453 3677 ἀγαθῆς
494 3613 873 3683 προαιρέσεως.
928 3613 1029 3661 Καὶ
1078 3610 1223 3679 ὑμεῖς
1259 3606 1317 3661 δὲ
1358 3610 1497 3679 αὐτῷ
1539 3610 1726 3681 εὐχαῖς
1756 3617 1846 3664 καὶ

242 3702 309 3767 τῇ
365 3695 535 3769 ἀγαθῇ
591 3700 734 3769 ὑμῶν
783 3702 898 3772 περὶ
951 3698 1149 3757 πάντας
1203 3703 1504 3771 προαιρέσει
1560 3704 1655 3757 τὴν
1712 3703 1847 3752 κατὰ

241 3780 469 3857 δύναμιν
515 3788 676 3861 χάριν
725 3783 1027 3859 διανείματε
1070 3786 1206 3857 (69).
1262 3793 1541 3860 Σημαίνετε
1586 3791 1711 3860 ἡμῖν
1757 3795 1846 3841 καὶ

239 4530 529 4601 Φιλάγαοος
580 4534 678 4607 γὰρ
742 4532 828 4597 ὢν,
898 4535 985 4583 καὶ
1051 4534 1179 4604 πρὸς
1248 4530 1475 4592 εὐποιίας
1537 4538 1841 4603 πρόχειρος,

237 4616 424 4679 ἓπειδὴ
480 4642 598 4673 τινα
652 4621 895 4674 ἑκάστοτε
945 4621 1071 4680 ὕλην
1128 4622 1467 4695 παρεχόμεθοὶ
1521 4640 1605 4672 σοι
1665 4624 1843 4679 ἱκανὴν

2024 4781 2137 4847 (69)
2179 4785 2509 4851 Διανείματε.
2540 4781 2630 4851 μᾷ
2668 4778 2839 4851 Med,
2875 4777 3049 4833 Coisl.
3092 4780 3362 4848 uterque,
3394 4776 3519 4831 Vat.
3553 4779 3611 4831 et

1952 4854 2093 4919 Reg.
2120 4847 2449 4905 secundus.
2654 4847 3023 4921 διανείμαντες.

2023 4915 2137 4989 (70)
2183 4922 2461 4991 Ἠγεειιόνι.
2498 4919 2640 4974 Vide
2679 4915 2853 4974 notas
2888 4920 2981 4991 ad,
3005 4918 3176 4991 epist.
3217 4921 3305 4991 δῖ,
3358 4915 3463 4991 ubi
3488 4930 3609 4991 ea-

1950 4992 2090 5047 dem
2118 4988 2261 5047 voce
2290 4988 2410 5045 non
2432 4990 2649 5044 ducem
2680 4994 2784 5044 aut
2811 4988 3152 5060 prmsidém,
3182 4989 3287 5045 sed
3309 4988 3611 5060 principa-

1949 5063 2067 5119 lem
2097 5078 2204 5137 seu
2231 5062 2696 5137 primum‘curiaa
2720 5059 3027 5137 designari
3056 5059 3484 5137 observamus:
3503 5059 3608 5137 Ne:

1947 5150 2067 5205 que
2098 5128 2297 5205 obstat
2328 5133 2473 5205 huic
2497 5132 2965 5205 interpretationi
2994 5131 3274 5205 precatiq
3296 5128 3509 5192 Basilii,
3542 5133 3608 5184 ut

1949 5199 2089 5278 viris
2119 5204 2231 5259 illis
2253 5204 2480 5276 aliquid
2513 5199 2767 5278 subsidii
2797 5220 2869 5259 ex
2901 5199 3354 5278 cursupublico
3384 5214 3605 5278 conce-

1948 5275 2326 5348 datur._l\‘am
2352 5271 2680 5348 curialium
2722 5273 3050 5348 nonnullas
3084 5271 3265 5348 fuisse
3304 5271 3605 5348 partesin

1945 5346 2210 5414 regendo
2236 5364 2415 5402 cursu
2450 5346 2691 5417 publico
2722 5340 3411 5401 observatGothofredus
3436 5340 3496 5394 in
3516 5340 3601 5410 tit,

1948 5420 2027 5474 De
2059 5434 2238 5472 cursu
2272 5418 2531 5489 publico,
2556 5433 2696 5489 pag.
2726 5417 2850 5473 508.

2021 5491 2038 5507 ⁸
2071 5488 2226 5544 Alias
2248 5488 2543 5544 CCCLVII.

2019 5561 2058 5579 "
2092 5560 2253 5615 Alias
2283 5560 2573 5615 CCXXXII.

2019 5632 2083 5651 “‘
2111 5630 2273 5687 Alias
2301 5629 2647 5686 CCCCXXIV.

234 4781 572 4853 trocinatur
622 4780 884 4851 Basilius,
931 4781 1259 4853 imperatas
1308 4778 1516 4853 fuisse.
1555 4780 1738 4853 idque
1782 4782 1843 4837 in

235 4852 447 4909 multm
476 4853 674 4925 magis
700 4854 966 4925 quampin
992 4851 1195 4925 tributi
1216 4851 1349 4925 loco
1376 4869 1408 4925 ;A
1419 4851 1721 4925 siquidem
1740 4868 1842 4907 eos

236 4939 445 4995 comes
459 4924 544 4979 rei
561 4922 806 4995 privata:
826 4923 993 4979 falsis
1014 4922 1533 4995 criminationibus
1557 4922 1842 4995 deceptus

234 4994 656 5050 damnaverat.
693 4996 783 5050 Sic
813 4996 990 5049 etiam
1018 4994 1333 5061 Gregorius
1366 4996 1505 5049 ΝΜ.
1537 4994 1706 5064 epist.
1744 4996 1841 5048 18i-

234 5066 584 5121 Nemesium
646 5066 883 5121 ﬂectere
938 5071 1209 5129 conatur,
1264 5064 1370 5129 qui
1431 5064 1841 5120 Valentiniano

232 5151 535 5208 equorum
562 5138 815 5192 multam
841 5137 919 5193 ob
938 5136 1184 5208 aliquod
1206 5134 1489 5191 delictum
1522 5135 1838 5208 inﬂixerat.

230 5205 355 5265 Nec
404 5208 622 5279 mirum
680 5213 770 5263 est
818 5208 880 5263 in
937 5205 1342 5279 Cappadocia,
1397 5222 1536 5277 quea
1574 5206 1839 5279 optimos

229 5294 427 5350 equos
456 5278 673 5347 alebat,
704 5276 1261 5350 ejusmodi'multas
1287 5276 1599 5350 impOsitas
1618 5276 1838 5334 tuisse.

310 5352 420 5419 (67)
467 5354 965 5423 npécmvrmulta
1009 5349 1191 5416 Med.,
1247 5349 1418 5404 Coisl.
1478 5355 1725 5421 uterque
1783 5354 1839 5405 et

230 5422 377 5489 Reg.
404 5420 736 5495 secundus.
770 5420 915 5476 Editi
948 5426 1071 5495 πρὸς
1100 5423 1318 5480 πάντας,

305 5488 795 5564 (68)-Ἀγαπητοίς
841 5488 1152 5564 μουᾞΒειξ.
1211 5490 1532 5564 secundus
1558 5495 1616 5545 et
1661 5488 1836 5564 Coisl.

231 5561 550 5618 secundus
567 5561 858 5635 ἀγαπητοῖς
881 5582 990 5635 μοι.
1016 5562 1196 5619 Paulo
1221 5568 1357 5634 post
1383 5561 1557 5619 C018].
1582 5562 1836 5634 primus,

232 5635 362 5690 Vat.
389 5639 445 5690 et
468 5635 723 5692 Clarom.
756 5634 1057 5706 ἀμείψεται.
