4050 6220
512 223 652 278 1055

1893 228 1953 284 S.
1992 225 2246 284 BASlLIl
2285 223 2507 281 MAGNI

3693 231 3815 289 1056

505 361 705 413 neam,
737 346 799 403 in
837 362 961 420 qua
1002 350 1188 406 animi
1225 351 1307 408 tui
1338 351 1815 423 magnitudinem
1841 351 2150 421 ostendas,

2281 345 2521 413 ίέξασθαί
2575 367 2669 402 σου
2713 356 2808 413 τῆς
2849 351 3197 426 προαιρέσεως
3242 349 3300 403 τὸ
3339 349 3649 422 μεγαλοφυὶς,
3675 373 3820 423 προσ-

507 436 589 492 ad
616 451 782 492 meas
805 438 1088 509 epistolas
1115 441 1397 506 accurris,
1430 447 1495 497 ut
1524 457 1661 514 quae
1688 441 1990 497 bonorum
2022 456 2164 513 ope-

508 541 643 580 rum
670 526 1014 582 occasiones
1045 528 1326 584 habeant.
1362 531 1527 586 Venit
1559 531 1736 599 igitur
1761 535 1818 586 et
1853 530 1970 586 alia
1990 545 2166 584 occa-

513 613 621 676 sio,
653 629 790 685 quae
820 619 936 670 tuae
962 616 1022 671 in
1048 633 1258 673 omnes
1306 617 1692 690 benignitatis
1739 619 1894 674 notis
1937 617 2167 689 signari

509 706 721 774 potest,
773 704 1075 777 simulque
1117 707 1406 764 virtutum
1445 714 1689 764 tuarum
1725 723 2065 781 praeconem
2105 707 2166 762 in

509 792 778 849 medium
829 795 1093 851 adducit.
1137 797 1253 852 Viri
1306 799 1468 854 enim
1493 798 1856 855 Alexandria
1894 797 2164 871 profecti,

510 883 829 938 necessarii
872 883 1051 940 ofﬁcii
1089 901 1294 954 causa,
1325 887 1614 959 quodque
1642 888 1953 943 communi
1984 886 2164 942 totius

511 973 739 1026 naturae
763 972 896 1041 jure
925 975 1177 1030 mortuis
1211 975 1560 1032 hominibus
1589 977 1862 1046 debetur,
1895 976 2169 1045 indigent

511 1060 845 1128 patrocinio
867 1065 969 1117 tuo
993 1081 1007 1132 ;
1041 1063 1194 1119 adeo
1221 1068 1286 1120 ut
1307 1065 1547 1134 jubeas,
1574 1069 1638 1122 ut
1669 1065 1812 1136 ipsis
1841 1065 2168 1137 propinqui

514 1160 733 1217 corpus
785 1149 1082 1218 Sebastiae,
1129 1154 1390 1208 exercitu
1420 1153 1502 1210 ibi
1543 1159 1979 1222 commorante,
2012 1169 2167 1208 mor-

513 1233 615 1305 tui,
660 1236 900 1306 publico
944 1241 1232 1297 mandato
1265 1242 1708 1315 exportandum
1753 1243 2164 1299 concedatur:

514 1322 733 1380 deinde
756 1330 811 1379 et
840 1333 1138 1398 quantum
1169 1330 1386 1396 licebit,
1417 1331 1916 1403 subsidiumipsis
1948 1330 2172 1387 feratur

516 1426 588 1466 ex
613 1412 855 1483 publico
887 1432 1086 1486 cursu,
1122 1419 1328 1491 sicque
1359 1420 1665 1476 inveniant
1694 1419 1939 1493 aliquod
1973 1420 2169 1489 longae

515 1502 1012 1572 peregrinationis
1060 1523 1166 1580 per
1201 1513 1368 1564 tuam
1411 1510 1976 1579 magnanimitatem
2017 1509 2172 1566 sola-

517 1589 687 1645 tium.
740 1592 875 1648 Haec
912 1599 1111 1651 autem
1160 1597 1238 1652 ad
1279 1614 1567 1667 magnam
1611 1615 1803 1671 usque
1850 1599 2173 1655 transitura

2270 443 2474 511 τρέχεις
2537 440 2684 511 ἡμῶν
2749 446 2866 501 ταῖς
2933 438 3250 505 ἐπιστολαῖς,
3315 441 3380 500 ὡς
3451 442 3602 515 ἔργων
3648 441 3820 513 ἀγαθῶν

2272 527 2539 588 ὑποθέσεις
2590 526 2863 598 ἐχούσαις.
2912 526 3062 582 "Hm
3114 533 3283 580 τοίνυν
3333 532 3422 580 καὶ
3469 527 3588 585 άλλη
3615 530 3823 592 ὑπόθεσις

2275 611 2533 687 δυναμένη
2590 613 2844 679 δέξασθαι
2871 617 2981 689 (71)
3023 625 3114 677 τῆς
3161 625 3255 676 σῆς
3292 621 3409 688 περὶ
3447 618 3606 669 πάντα
3631 614 3825 681 δεξιότη-

2273 725 2356 766 τος
2422 709 2544 768 τοὺς
2586 716 2952 779 χαρακτῆρας,
3023 708 3154 778 ὁμοῦ
3209 710 3296 758 καὶ
3360 711 3558 778 κήρυκα
3618 715 3707 758 τῶν
3743 716 3825 760 σῶν

2275 794 2485 867 ἀγαθῶν
2536 793 2848 868 ἐπαγομένη.
2909 792 3127 868 ’Ἄνδρες
3183 798 3284 867 γὰρ
3344 793 3444 846 ἀπὸ
3505 803 3594 858 τῆς
3631 795 3829 867 Ἀγεξαν-

2275 881 2451 958 δρείας
2497 889 2795 946 κινήσαντες
2847 887 3175 947 καθηκόντως
3225 885 3382 936 ἕνεκεν
3434 882 3719 956 ἀναγκαίου,
3761 893 3830 938 καί

2274 982 2453 1033 κοινῶς
2499 975 2644 1046 πάσῃ
2701 981 2763 1046 τῇ
2816 975 2968 1046 φύσει
3023 981 3123 1026 τῶν
3174 970 3453 1046 ἀνθρώπων
3497 979 3598 1034 τοίς
3625 971 3835 1026 ἀπιλθοῦο

2278 1082 2360 1116 σιν
2403 1062 2749 1135 ὀφειλομένου,
2809 1059 3013 1116 δέονται
3067 1069 3160 1124 τῆς
3208 1063 3351 1134 παρὰ
3405 1069 3499 1114 σοῦ
3554 1068 3834 1136 προστασίας

2276 1152 2411 1204 ὥστε
2439 1151 2678 1204 κελεῦσαι
2721 1151 2893 1212 αὐτοῖς
2939 1160 3092 1223 σῶμα
3136 1151 3329 1204 οἰκείου
3358 1147 3569 1222 ἀνδρὸς,
3605 1154 3728 1204 κατὰ
3762 1157 3834 1210 τήν

2277 1237 2562 1312 ἐπιδημίαν
2613 1247 2705 1292 τοῦ
2766 1237 3123 1312 στρατοπέδου
3173 1239 3569 1300 τελευτησαντος
3630 1243 3706 1292 τὸν
3741 1240 3834 1312 βίον

2277 1328 2327 1381 ἕν
2383 1337 2443 1401 τῇ
2504 1328 2800 1402 Σεϐαστεία,
2861 1333 3234 1405 προστάγματι
3302 1325 3547 1401 δημοσίῳ
3593 1347 3837 1403 συγχωρη-

2283 1419 2433 1476 θῆναι
2469 1426 2720 1477 κινῆσαι·
2782 1421 2957 1471 ἕπειτα
3007 1421 3181 1490 μέντοι
3234 1422 3324 1470 καὶ
3369 1421 3464 1476 τὴν
3527 1413 3734 1476 δυνατὴν
3761 1419 3836 1470 αὐ-

2277 1514 2389 1570 τοῖς
2429 1510 2837 1583 παρασχεθῆναι
2893 1507 3142 1580 βοήθειαν
3201 1505 3254 1559 ἐκ
3299 1514 3394 1559 τοῦ
3443 1503 3690 1579 δημοσίου
3735 1504 3837 1581 δρός

2280 1616 2401 1669 μου,
2433 1599 2567 1650 ὥστε
2598 1599 2840 1671 εὑρέσθαι
2866 1600 2979 1649 τινα
3018 1605 3111 1658 τῆς
3158 1602 3362 1669 μακρᾶς
3405 1595 3600 1658 πλάνης
3642 1593 3725 1650 διὰ
3761 1605 3837 1658 τῆς

519 1676 958 1748 Alexandriam,
1000 1698 1179 1756 atque
1213 1686 1290 1741 ad
1325 1686 1481 1742 illius
1526 1686 1754 1742 incolas
1793 1687 2011 1743 miram
2053 1691 2167 1742 tuae

2283 1694 2376 1746 σῆς
2425 1685 2776 1758 μεγαλοφυίοις
2830 1688 3186 1760 παραμυθίαν.
3241 1688 3426 1738 Ταῦτά
3477 1682 3536 1738 δι
3588 1685 3659 1738 ὅτι
3705 1690 3839 1759 μέχρι

515 1765 821 1835 dignitatis
852 1771 1289 1830 humanitatem
1313 1775 1634 1847 perlatura,
1661 1776 2046 1848 perspicuum
2082 1779 2170 1832 est

516 1856 852 1926 prudentiae
894 1864 1029 1929 tuas,
1070 1864 1305 1921 etiamsi
1344 1881 1456 1934 ego
1497 1880 1618 1920 non
1649 1865 1870 1922 dicam.
1909 1868 2030 1935 Ego
2061 1881 2169 1922 au-

518 1947 637 1999 tem
664 1950 720 2001 et
739 1947 796 2002 in
825 1949 1043 2016 multis,
1067 1968 1202 2024 quas
1227 1954 1358 2025 jam
1388 1953 1614 2026 accepi,
1645 1953 1760 2010 hoc
1789 1969 2034 2028 quoque
2058 1953 2169 2011 be-

518 2033 799 2094 neficium
830 2041 1187 2098 numerabo.

1001 2272 1330 2330 EPISTOLA
1372 2275 1641 2331 CCCVll‘.

2277 1783 2373 1837 τῆς
2436 1774 2666 1847 μεγάλης
2732 1771 3048 1833 διαϐήσεται
3123 1770 3544 1847 Ἀλεξανδρείας,
3608 1778 3690 1826 καὶ
3750 1781 3838 1834 τοῖς

2279 1862 2382 1916 ἐκεῖ
2429 1860 2736 1922 διακονήσει
2791 1863 2899 1934 (72)
2949 1867 3008 1917 τό
3067 1864 3244 1936 θαῦμα
3287 1870 3380 1924 τῆς
3435 1870 3528 1924 σῆς
3581 1867 3839 1925 τιμιότητος

2280 1955 2490 2025 φανερόν
2538 1960 2599 2025 τῇ
2658 1955 2860 2006 συνέσει
2909 1971 3024 2017 σου,
3072 1950 3166 2003 κᾶν
3216 1950 3316 2024 ἐγὼ
3374 1955 3448 2024 μὴ
3503 1950 3647 2024 λίγω.
3695 1950 3841 2023 Ἡμεῖς

2279 2060 2332 2096 τε
2371 2044 2500 2116 πρὸς
2542 2039 2747 2103 πολλοῖς
2802 2040 2874 2103 οἷς
2926 2040 3202 2114 εἰλήφαμεν
3249 2037 3361 2100 ἤδη
3417 2044 3506 2094 καὶ
3546 2041 3724 2099 ταύτην
3763 2045 3838 2098 τὴν

2278 2133 2441 2206 χάριν
2467 2129 2712 2206 ἐναριθμή
2724 2149 2899 2204 σομεν.

2843 2279 3130 2328 ΕΠῘΣΤΟΗ
3190 2271 3309 2331 ΤΖ’.

1302 2381 1601 2436 Hortatur
1627 2386 1692 2436 ut
1719 2380 1880 2436 inter
1906 2378 2053 2436 duos
2079 2379 2386 2452 litigantes
2407 2381 2675 2452 judicem
2708 2396 2770 2439 se
2787 2383 3077 2452 prebeat.

1043 2489 1184 2546 Sine
1235 2491 1646 2560 inscriptione.

587 2574 897 2646 Repellunt
925 2592 1085 2650 saepe
1111 2579 1207 2635 vel
1238 2578 1406 2635 utiles
1436 2577 1760 2635 sententias
1784 2577 2170 2633 contentiosa

518 2661 774 2732 indoles,
826 2665 1008 2738 idque
1051 2668 1411 2739 praeclarum
1451 2673 1508 2724 et
1544 2668 1684 2723 utile
1714 2667 2008 2738 judicant,
2049 2681 2172 2722 non

519 2754 687 2825 quod
725 2754 854 2811 aliis
896 2757 1179 2813 omnibus
1225 2758 1476 2824 videtur,
1517 2756 1753 2813 etiamsi
1789 2756 2172 2828 profuturum

522 2842 614 2912 sit,
646 2843 750 2899 sed
774 2845 1105 2918 quodipsis
1128 2847 1272 2902 solis
1294 2847 1508 2918 placet,
1532 2844 1769 2902 etiamsi
1789 2846 2168 2901 damnosum.

2879 2489 3273 2563 'Avsxi'ypatyog.

2351 2578 2664 2630 Διωθοῦνται
2721 2577 2962 2638 πολλάκις
3027 2581 3115 2630 καὶ
3177 2580 3270 2640 τὰς
3342 2578 3580 2652 χρηστὰς
3642 2571 3836 2634 διανοίας

2279 2667 2334 2718 αἱ
2375 2666 2649 2738 φιλόνεικοι
2689 2670 2884 2739 φύσεις,
2925 2671 3014 2720 καὶ
3062 2671 3306 2741 κρίνουσι
3351 2665 3506 2718 καλὸν
3547 2668 3632 2718 καὶ
3678 2668 3839 2736 χρήσι-

2279 2773 2373 2827 μον
2412 2755 2471 2807 οὐ
2509 2758 2565 2808 τὸ
2604 2761 2736 2809 πᾶσι
2775 2764 2879 2817 τοῖς
2919 2755 3096 2817 ἄλλοις
3141 2753 3355 2823 δοκοῦν,
3396 2755 3491 2807 κᾶν
3605 2751 3836 2816 λυσιτελὲς,

2283 2840 2408 2894 ἀλλὰ
2447 2845 2506 2895 τό
2545 2847 2721 2916 μόνοις
2765 2844 2936 2904 αὐτοῖς
2975 2843 3214 2918 ἀρέσκον,
3260 2842 3361 2894 κᾶν
3410 2842 3673 2914 ἐπιζήμιον
3784 2841 3837 2891 Τὸ

519 2933 716 2987 Causa
745 2938 966 3001 autem,
1001 2935 1363 3007 insipientia,
1389 2951 1749 3007 morumque
1783 2933 2169 3005 perversitas,

2286 2928 2345 2984 δὲ
2385 2935 2548 2984 αἴτιον
2587 2935 2738 2986 οἶνοια
2775 2937 2863 2986 καὶ
2907 2937 3159 2994 σκαιότης
3196 2936 3424 3005 τρόπων,
3458 2931 3514 2984 οὗ
3544 2946 3839 3003 προσεχονσα

520 3035 642 3075 non
665 3020 920 3078 aliorum
941 3024 1202 3079 consiliis
1224 3023 1562 3091 attendens,
1589 3023 1693 3078 sed
1724 3023 1863 3079 solis
1889 3022 2013 3077 suis
2039 3037 2178 3078 con-

521 3109 717 3165 tidens
760 3113 1087 3182 sententiis,
1128 3129 1196 3169 ac
1246 3113 1648 3169 subeuntibus
1686 3112 2176 3181 cogitationibus.

523 3198 790 3254 Subeunt
815 3204 1016 3257 autem
1039 3218 1112 3258 ea
1131 3202 1351 3274 quibus
1373 3202 1663 3271 gaudent;
1694 3201 2178 3272 gaudentautem

522 3287 594 3344 iis
628 3303 763 3359 qua:
791 3289 1020 3346 volunt.
1065 3292 1176 3357 Qui
1216 3296 1416 3348 autem
1465 3308 1534 3348 ea
1577 3308 1712 3364 quae
1759 3291 1906 3361 vult,
1945 3290 2176 3362 judicat

524 3375 711 3443 utilia,
747 3393 869 3433 non
912 3381 1072 3434 tutus
1116 3383 1205 3436 est
1240 3381 1386 3450 justi
1422 3381 1630 3450 judex,
1674 3380 1778 3436 sed
1815 3381 1987 3436 caecis
2023 3395 2177 3453 quos

525 3464 661 3519 casei
696 3465 938 3534 ducunt,
969 3469 1319 3524 consimilis.
1371 3469 1516 3525 Hinc
1546 3473 1603 3525 et
1642 3470 1701 3524 in
1739 3470 1966 3525 damna
2005 3467 2176 3523 facile

522 3553 789 3619 incurrit,
829 3560 886 3611 et
933 3557 1196 3614 utilitatis
1240 3558 1598 3628 magistram
1646 3558 1830 3615 habet
1872 3558 2178 3630 experien-

523 3643 691 3699 tiam.
733 3645 880 3702 Huic
923 3662 1085 3703 nunc
1122 3649 1262 3704 vitio
1302 3648 1596 3704 obnoxius
1626 3653 1714 3704 est
1749 3648 1852 3721 qui
1883 3665 2022 3704 cum
2059 3647 2176 3704 hoc

523 3734 647 3789 viro
677 3736 1002 3793 contendit.
1037 3741 1183 3793 Nam
1212 3755 1352 3794 cum
1393 3743 1692 3810 oporteret
1715 3738 2011 3808 judicium
2041 3753 2175 3809 per-

523 3824 754 3879 mittere
790 3826 1218 3881 communibus
1249 3827 1498 3895 amicis;
1553 3827 1676 3883 imo
1715 3843 1854 3883 cum
1899 3843 1934 3882 a
1974 3826 2176 3882 multis

526 3927 688 3983 saepe
719 3913 1025 3982 judicatus
1069 3919 1248 3983 esset,
1288 3915 1511 3988 quibus
1551 3917 1653 3987 jus
1685 3921 1742 3972 et
1772 3915 1987 3971 veritas
2019 3931 2175 3971 cura

524 4005 713 4068 erant,
741 4016 901 4055 nunc
941 4003 1197 4060 cucurrit
1220 4004 1570 4074 adjudices,
1599 4010 1656 4061 et
1686 4004 1764 4060 ad
1785 4004 2175 4061 tribunalium

517 4088 834 4158 judicium,
867 4091 1218 4163 mavultque
1247 4092 1449 4146 multis
1468 4093 1704 4148 amissis
1726 4093 2173 4164 paucalucrari.

526 4181 672 4234 Data
700 4183 899 4233 autem
940 4195 975 4234 a
1017 4180 1467 4251 magistratibus
1504 4182 1732 4253 judicia
1763 4198 1836 4238 ne
1866 4182 2176 4239 victoriam

523 4266 770 4338 quidem
802 4267 929 4323 sine
960 4268 1316 4325 detrimento
1347 4270 1560 4326 ferunt.
1607 4273 1695 4327 Sis
1731 4286 1874 4339 ergo
1917 4271 2174 4341 adjutor,
2211 4254 2254 4308 D

523 4355 699 4429 442
725 4372 760 4411 o
778 4357 1026 4413 charum
1059 4364 1239 4430 caput
1267 4376 1280 4427 ;
1310 4359 1570 4414 maxime
1597 4359 1842 4431 quidem
1862 4359 2179 4430 utriqueli-

523 4447 734 4516 tiganti
761 4447 842 4517 (id
867 4447 1025 4503 enim
1049 4449 1215 4520 pium
1243 4449 1350 4520 est)
1375 4449 1698 4521 prohibens
1721 4465 1794 4504 ne
1813 4448 1889 4503 ad
1911 4449 2178 4518 judicem

522 4535 856 4601 introeant;
889 4543 1065 4609 teque
1098 4539 1285 4609 ipsius
1315 4539 1447 4595 loco
1470 4539 1737 4610 judicem
1768 4539 1850 4595 illi
1879 4539 2178 4612 praebens.

524 4624 696 4690 Quod
727 4625 774 4680 si
806 4625 1083 4682 alteruter
1134 4643 1252 4683 non
1288 4629 1684 4701 obtemperat,
1728 4645 1838 4684 nec
1872 4627 2177 4684 sententiae

522 4713 697 4779 cedit,
727 4713 857 4771 fave
877 4715 1162 4784 injuriam
1186 4716 1428 4789 patienti
1453 4736 1465 4784 ;
1501 4723 1555 4774 et
1583 4718 1636 4774 ei
1655 4719 1757 4792 qui
1780 4719 1943 4791 justa
1974 4721 2180 4791 postu-

521 4803 623 4868 lat,
656 4803 1054 4876 patrocinium
1082 4809 1254 4862 tuum
1276 4805 1581 4880 impende.

594 5040 613 5060 ⁶
653 5038 812 5094 Alias
843 5039 1130 5094 CCXLV”.

591 5111 705 5178 (7t)
758 5111 1030 5173 Δέξασθαι.
1085 5109 1427 5180 Legendum
1480 5110 1718 5181 conjicit
1782 5109 2178 5166 Combetisius

527 5181 823 5244 δείξασθαι.
859 5182 974 5238 Sed
1004 5182 1250 5237 minime
1282 5185 1626 5237 necessaria
1651 5181 2014 5236 emendatio.
2049 5185 2179 5237 Pro-

523 5254 780 5312 babilior
818 5253 1050 5308 videtur
1083 5253 1238 5308 intra
1287 5253 1558 5322 ejusdem
1589 5252 1803 5308 eruditi
1843 5253 1948 5308 viri
1981 5253 2178 5323 conje-

525 5332 713 5393 ctura,
747 5325 850 5380 ubi
879 5323 1200 5392 legendum
1224 5329 1393 5396 putat
1417 5327 1748 5383 καθήκοντος.

594 5401 708 5467 (72)
751 5393 1411 5467 Διακοηήσειηδὶοίεόίιὶ
1465 5400 1521 5467 et
1562 5401 1679 5467 tres
1734 5393 1994 5463 codices,
2043 5395 2177 5467 qui-

527 5465 785 5539 buscum
833 5468 1049 5524 collata
1096 5466 1206 5522 fuit
1251 5466 1380 5539 haec
1423 5465 1697 5539 epistola,
1743 5481 1961 5538 nempe
2004 5465 2175 5539 Méd.,

531 5538 701 5595 Coisl.
760 5539 993 5611 primus
1043 5541 1101 5596 et
1158 5536 1490 5596 Vaticanus.
1551 5536 1668 5596 Sed
1716 5536 1918 5596 tamen
1965 5537 2177 5596 merito

2283 3028 2398 3083 ταῖς
2442 3023 2567 3098 παρ’
2615 3023 2794 3098 ἑτέρων
2846 3022 3205 3096 συμϐουλίαις,
3253 3026 3438 3094 μόναις
3479 3018 3537 3074 δὲ
3564 3021 3841 3073 πιστεύουσα

2282 3117 2512 3183 γνώμαις
2575 3112 2790 3173 οἰκείαις
2844 3117 2930 3164 καὶ
2995 3119 3102 3172 τοῖς
3174 3112 3533 3164 ὕποπίπτουσι
3591 3109 3838 3180 λογισμοῖς.

2282 3199 2661 3254 ’Υποπίπτουσι
2697 3198 2756 3254 δε
2786 3201 2864 3263 οἷς
2905 3205 3163 3274 χαίρουσι
3189 3220 3201 3234 ·
3253 3206 3512 3274 χαίρουσι
3551 3195 3606 3251 δὲ
3641 3195 3712 3258 οἷς
3744 3193 3841 3266 βου·

2282 3289 2480 3346 λονται.
2512 3291 2568 3343 Ὀ
2609 3287 2667 3344 δὲ
2695 3291 2730 3344 ἃ
2765 3290 3007 3364 βούλεται
3046 3290 3271 3362 νομίζων
3321 3288 3583 3355 λυσιτελῆ,
3610 3286 3693 3340 οὐκ
3730 3285 3839 3336 ἑστιν

2285 3377 2523 3452 ἀσφαλὴς
2564 3388 2656 3432 τοῦ
2707 3377 2918 3434 δικαίου
2966 3384 3165 3454 κριτὴς,
3212 3379 3321 3430 ἀλλ’
3366 3383 3497 3432 ἔοικε
3536 3377 3724 3448 τυφλοῖς
3761 3373 3836 3424 ὑπό

2577 3467 2970 3542 όδηγουμένοις.
3036 3470 3302 3524 Ἐντεῦθεν
3402 3473 3491 3521 καὶ
3572 3464 3837 3539 προσπταίει

2287 3562 2499 3632 ζημίαις
2542 3559 2795 3622 εὐκόλως·
2859 3564 2949 3611 καὶ
2996 3567 3086 3611 τοῦ
3145 3562 3496 3631 συμφέροντος
3561 3549 3836 3608 διδάσκαλον

2283 3468 2484 3540 τυφλῶν

2284 3653 2398 3722 ἔχει
2444 3655 2537 3710 την
2583 3658 2786 3726 πεῖραν,
2834 3657 2998 3704 Τοῦτο
3041 3657 3130 3703 νῦν
3177 3653 3294 3718 (73)
3339 3654 3398 3703 τὸ
3449 3650 3607 3711 πάθος
3641 3645 3835 3716 ὑπομένει

2284 3741 2310 3792 ὀ
2356 3747 2428 3809 τῷ
2480 3745 2694 3812 παρόντι
2751 3740 3150 3812 συνεζευγμένος
3201 3734 3380 3812 ἀνδρί.
3449 3741 3561 3790 Δέον
3621 3737 3711 3808 γὰρ
3765 3734 3834 3786 τὴν

2283 3833 2457 3903 κρίσιν
2524 3829 2797 3905 ἐπιτρέψαι
2862 3829 3022 3902 φίλοις
3087 3836 3296 3898 κοινοῖς,
3366 3827 3555 3902 μᾶλλον
3620 3823 3673 3878 δὲ
3726 3820 3835 3892 ποιρά

2283 3919 2491 3981 πολλοῖς
2533 3920 2775 3981 πολλάκις
2826 3923 3044 3994 κριθεὶς,
3098 3921 3174 3982 οἷς
3229 3919 3374 3991 ἔμελε
3421 3925 3512 3971 τοῦ
3548 3913 3738 3969 δικαίου
3769 3912 3835 3961 καὶ

2284 4016 2379 4069 τῆς
2429 4007 2691 4070 ἀληθείας,
2738 4015 2826 4060 νῦν
2865 4005 3086 4084 ἔδραμεν
3123 4007 3203 4060 ἐπ’
3240 4008 3509 4081 ἄρχοντας
3545 4009 3629 4057 καὶ
3655 4006 3736 4059 τὴν
3759 4004 3832 4050 τῦν

2286 4093 2641 4169 δικαστηρίων
2685 4102 2880 4172 κρίσιν,
2934 4102 3024 4149 καὶ
3072 4100 3316 4170 αἱρεῖται,
3373 4095 3536 4148 πολλὰ
3578 4089 3830 4164 ζῆμιωθεὶςς

2285 4184 2435 4256 ὀλίγα
2471 4181 2741 4258 κερδάναι.
2783 4187 2844 4238 Αἱ
2887 4181 2944 4238 δὲ
2973 4188 3116 4258 παρά
3141 4188 3381 4258 ἄρχουσι
3413 4188 3605 4257 κρίσεις
3632 4175 3739 4232 οὐδὶ
3761 4177 3832 4229 τήν

2285 4278 2431 4332 νίκην
2491 4273 2715 4346 ἀζήμιον
2773 4279 3009 4348 φέρουσι.
3062 4281 3211 4328 Γενοῦ
3269 4275 3381 4344 (74)
3437 4270 3502 4331 δὴ
3567 4269 3754 4343 βοηθός,
3802 4260 3830 4310 ὦ

2287 4364 2405 4437 φίλη
2457 4363 2674 4436 κεφαλὴ,
2729 4363 2964 4437 μάλιστα
3017 4365 3108 4436 μεν
3165 4361 3476 4437 ἀμφοτέροις
3538 4365 3639 4419 τοῖς
3694 4367 3830 4426 κρινο-

2287 4457 2458 4525 μένοις
2500 4451 2726 4524 (εὑσεϐες
2775 4453 2902 4528 γὰρ)
2955 4450 3163 4503 κωλύων
3211 4457 3306 4510 τήν
3360 4446 3560 4503 εἴσοδον
3609 4449 3691 4503 τήν
3732 4441 3830 4528 πρὸς

2286 4546 2372 4593 τόν
2420 4543 2676 4613 ἄρχοντα,
2727 4545 2816 4594 καὶ
2863 4546 3129 4614 γινόμενος
3183 4540 3359 4602 αὐτοῖς
3413 4538 3520 4590 ἀντ’
3562 4535 3729 4588 ἐκείνου
3763 4524 3828 4579 δι·

2286 4636 2506 4693 καστης.
2566 4631 2628 4682 Εἰ
2682 4627 2739 4683 δι
2787 4629 2988 4684 ἀπειθεῖ
3041 4632 3265 4702 θάτερος,
3324 4634 3415 4680 καί
3475 4627 3686 4699 μάχεται
3740 4621 3828 4673 ταῖς

2284 4719 2497 4791 ψήφοις,
2568 4718 2870 4793 σύμπραξον
2937 4727 3009 4790 τῷ
3082 4715 3426 4790 ἀδικουμένῳ,
3492 4719 3576 4766 καὶ
3645 4705 3828 4793 πρόσθες

2285 4813 2380 4866 τήν
2435 4810 2579 4883 παρὰ
2636 4814 2730 4860 σοῦ
2782 4812 2948 4880 ροπὴν
2995 4815 3066 4880 τῷ
3121 4808 3364 4869 ζητοῦντι
3417 4807 3588 4876 τυχεῖν
3637 4805 3723 4850 τῶν
3765 4789 3826 4843 δι’

2285 4902 2468 4952 καίων.

2288 5038 2686 5095 Combeﬁsius
2711 5038 3033 5108 legendum
3063 5037 3239 5112 docet
3265 5034 3604 5112 hamatis.“
3687 5100 3724 5112 __
3755 5097 3773 5107 _

2359 5091 2682 5181 (nysae;
2711 5091 3267 5166 'Jtil'lia‘ua'rlf'a
3305 5091 3452 5181 Med.
3491 5101 3646 5164 Edit.,
3687 5097 3820 5181 τρεῖς

2285 5164 2748 5260 τοίνυνί-Τὶιιι-ζωη
2768 5164 2907 5237 huic
2922 5164 3187 5260 epistolis
3204 5178 3516 5260 apposnim
3525 5164 3818 5260 ιιιιιξξὲειξ

2286 5253 2348 5307 in
2380 5252 2583 5308 codice
2614 5253 2919 5308 Harlteano
2951 5247 3008 5308 et
3038 5247 3339 5307 nonnullis
3368 5248 3491 5304 aliis
3517 5247 3816 5314 reperimus-

2287 5323 2701 5398 Editiraddunt
2734 5324 2817 5376 ἐπὶ
2849 5323 3171 5395 ἀποκαλύψει
3211 5328 3465 5398 κρυπτῶν,
3501 5311 3815 5372 occultorum

2285 5397 2791 5464 manifestata‘onis
2822 5410 3024 5452 causa.
3248 5397 3251 5398 ⁷
3274 5463 3277 5464 ν
3689 5451 3700 5464 ι
3743 5438 3816 5464 An,

2358 5441 2471 5537 ξῖὤ
2485 5441 3286 5524 "Esca..-'itawvetustissimi
3330 5467 3440 5521 tres
3487 5471 3616 5514 mss.
3654 5451 3703 5506 et
3737 5441 3814 5502 alii

2284 5537 2582 5598 nonnulli.
2608 5538 2760 5596 Editi
2789 5543 2954 5611 γίνου.
