4074 6220
156 280 283 339 i057

695 402 1031 455 ΕΠΙΣΤΟΛΗ
1068 396 1192 455 ΤΗ.

1154 265 1645 331 EPISTOLARUM
1682 264 1967 328 CLASSIS
1995 269 2066 327 lii
2087 260 2307 329 EPIST.
2330 271 2521 333 CCCX.

3374 280 3510 344 1058

2343 397 2676 457 EPISTOLA
2729 402 3027 465 CCCVlll'.

992 508 1300 577 Pauperes
1331 510 1384 563 et
1413 504 1674 576 afﬂictos
1696 502 1980 575 Capralis
2014 501 2246 561 incola:
2271 507 2667 566 commendat.

536 616 866 687 Ανεπίγραφο
875 632 917 678 ς,
944 614 1029 667 ἰπὶ
1058 616 1379 688 προστασίᾳ.
1780 614 1829 667 Α

230 728 331 779 Καὶ
359 724 633 797 παρούσης
650 730 711 782 τῆ
724 741 745 784 ς
762 724 1064 795 τιμιότητός
1092 739 1186 774 σου
1216 727 1326 781 τοῖς
1348 715 1590 791 ἀδελφοῖς
1616 717 1751 789 (75),

155 822 258 868 τῶν
302 812 404 867 ἀπὸ
453 819 545 866 τοῦ
597 815 803 887 χωρίου
852 809 1167 885 Καπραλεως
1223 810 1402 881 ἕνεκεν,
1451 804 1756 879 διελέχθην,

154 908 249 958 καὶ
281 908 623 979 προσήγαγον
670 900 858 963 αὐτοὺς
905 909 965 975 τῇ
1026 902 1305 975 ὑμερότητί
1351 917 1470 968 σου,
1515 916 1758 972 παρακα-

154 992 316 1057 λέσας
359 1012 417 1046 σε
443 995 639 1065 ἔχοντα
678 993 778 1064 πρὸ
827 989 1099 1063 ὀφθαλμῶν
1137 993 1232 1048 τήν
1259 989 1404 1061 παρὰ
1440 994 1532 1040 τοῦ
1565 990 1759 1060 κυρίου

154 1078 613 1155 μισθαποδοσίαν,
665 1080 1026 1155 προίστασθαι
1073 1077 1262 1146 αὐτῶν,
1303 1079 1375 1140 ὡς
1402 1080 1633 1135 πενήτων
1671 1077 1763 1127 καὶ

155 1174 623 1243 καταπονουμένων
678 1167 728 1221 ἓν
777 1168 968 1223 ἅπασι.
1029 1170 1130 1221 Καὶ
1174 1174 1263 1219 νῦν
1326 1165 1481 1220 πάλιν
1536 1161 1631 1219 διὰ
1670 1170 1761 1216 τοῦ

153 1263 474 1336 γράμματος
502 1263 598 1319 τὴν
625 1257 787 1316 αὐτὴν
835 1258 1151 1330 ἀνανεοῦμαι
1196 1254 1548 1329 παράκλησιν,
1600 1253 1762 1326 εὐχό-

154 1369 309 1424 μενος
336 1359 409 1422 τῷ
455 1348 589 1422 ἁγίῳ
633 1355 747 1419 Θεῷ
803 1352 894 1400 καὶ
935 1351 1030 1406 τὴν
1082 1347 1434 1421 ὑπάρχουσάν
1484 1362 1568 1397 σοι
1612 1361 1764 1417 περι-

156 1442 375 1512 φάνειαν
407 1441 499 1490 καὶ
543 1435 887 1512 λαμπρότητα
918 1441 1011 1488 τοῦ
1052 1433 1174 1508 βίον
1219 1433 1634 1509 συντηρηθῆναι,
1677 1434 1766 1483 καὶ

157 1525 249 1581 ὶπὶ
280 1526 496 1601 μείζονα
528 1523 708 1593 ἐλθεῖν,
759 1523 843 1577 ἶνα
880 1522 981 1577 ἀπὸ
1020 1523 1257 1596 μείζονος
1295 1518 1561 1595 δυνάμεως
1601 1519 1767 1574 πολυ-

159 1616 442 1690 τελέστιρα
476 1617 615 1688 ἡμᾶς
668 1615 795 1687 ἔχῃς
840 1612 1135 1688 εὐεργετεῖν.
1186 1611 1305 1665 Ὀτι
1349 1614 1451 1686 γὰρ
1504 1614 1603 1685 μία
1643 1611 1769 1683 ἡμῖν

161 1705 306 1779 εὖχή
338 1706 453 1774 (⁸76)
493 1705 523 1763 ἠ
567 1707 758 1767 παντὸς
785 1709 878 1756 τοῦ
905 1706 1050 1756 οἰκον
1081 1702 1223 1775 ὑμῶν
1249 1705 1506 1776 σωτηρία,
1538 1701 1771 1773 ἡγοῦμαι

164 1795 458 1849 πεπεῖσθαί
490 1811 569 1849 σε.

734 1903 1069 1954 ΕΠΙΣΤΟΛΗ
1106 1895 1231 1953 ΤΘ’.

2107 610 2248 669 Sine
2271 613 2678 689 inscriptione,
2706 622 3039 688 patrocinii
3058 638 3261 683 causa.

1936 720 2161 775 Etcum
2191 718 2402 776 fratres
2437 728 2635 779 essent
2663 740 2867 783 coram
2916 734 3021 787 tua
3062 731 3375 802 dignitate,
3406 748 3514 790 eo-

1862 824 1999 865 rum
2048 824 2236 866 causa
2268 810 2375 882 qui
2419 810 2622 869 locum
2654 816 2967 887 Capralem
3000 818 3291 892 incolunt,
3318 825 3515 880 tecum

1866 898 2198 955 collocutus
2247 915 2405 967 sum,
2431 905 2489 957 et
2524 917 2626 959 eos
2656 919 2860 962 coram
2903 911 3006 963 tua
3036 909 3349 969 clementia
3376 928 3517 985 pro-

1867 984 2035 1057 duxi,
2055 986 2408 1059 obsecrans,
2432 994 2493 1045 ut
2511 994 2649 1047 ante
2664 993 2874 1051 oculos
2896 995 3128 1053 habens
3144 984 3517 1071 promissam

1871 1089 1908 1131 a
1928 1074 2185 1132 Domino
2216 1077 2577 1151 mercedem,
2613 1086 2897 1155 protegas
2927 1099 3031 1141 eos
3052 1091 3115 1142 ut
3135 1101 3436 1160 pauperes
3450 1106 3520 1145 ac

1868 1163 1931 1220 in
1974 1164 2259 1220 omnibus
2303 1166 2579 1224 afﬂictos.
2632 1173 2698 1226 Et
2720 1188 2885 1229 nunc
2914 1189 3126 1231 rursus
3160 1191 3268 1249 per
3294 1177 3519 1234 litteras

1869 1251 2150 1310 eamdem
2170 1269 2394 1312 renovo
2418 1258 2847 1331 precationem,
2872 1263 3061 1319 Deum
3102 1271 3385 1323 sanctum
3410 1266 3525 1324 ob-

1872 1356 2138 1409 secrans,
2172 1346 2237 1398 ut
2263 1359 2399 1414 quae
2448 1360 2611 1402 nunc
2657 1348 2761 1404 tibi
2790 1349 2963 1408 adest
3007 1351 3243 1411 claritas
3268 1370 3340 1411 ac
3386 1355 3523 1413 vitae

1872 1428 2158 1503 splendor
2187 1439 2596 1501 conservetur,
2628 1440 2806 1510 atque
2836 1438 3018 1497 etiam
3047 1442 3279 1499 auctior
3305 1443 3433 1513 ﬁat,
3460 1448 3527 1502 ut

1875 1534 1949 1575 ex
1975 1519 2206 1591 majore
2227 1525 2521 1593 potestate
2571 1523 2965 1598 locupletiora
2988 1528 3051 1585 in
3093 1546 3206 1587 nos
3233 1531 3528 1589 beneﬁcia

1877 1608 2146 1665 conferre
2186 1611 2402 1681 possis.
2444 1612 2569 1669 Hoc
2611 1613 2772 1671 enim
2810 1616 2988 1673 nobis
3022 1634 3213 1675 unum
3260 1619 3322 1676 in
3370 1622 3526 1678 votis

1878 1712 2033 1767 esse,
2065 1698 2245 1755 totius
2265 1704 2476 1757 vestra:
2507 1701 2728 1760 domus
2750 1704 3247 1779 incolumitatem,
3278 1723 3528 1782 persua-

1883 1802 2020 1844 sum
2046 1786 2153 1844 tibi
2184 1803 2317 1845 esse
2354 1789 2654 1850 existimo.

2383 1897 2724 1956 EPISTOLA
2764 1902 3030 1960 CCCIX".

166 2007 569 2071 Commendat
593 2021 787 2067 senem
812 2022 889 2064 ea:
916 2006 1103 2064 divite
1124 2004 1603 2077 pauperrimum,
1628 2006 1683 2062 et
1704 1997 1895 2059 tribus
1925 1999 2126 2059 liberis
2153 2006 2488 2073 oneratum,
2515 2005 2588 2063 de
2606 2006 2816 2063 domus
2834 2024 2957 2066 sua:
2981 2025 3159 2068 censu
3184 2011 3531 2072 sollicitum.

609 2113 1005 2189 ’Δνεπίγραφος,
1044 2112 1128 2167 ἐπὶ
1167 2108 1345 2169 ἐνδεεῖ.

251 2224 396 2278 Πάνυ
447 2224 702 2293 κατέγνων
767 2227 864 2273 τοῦ
925 2216 1150 2292 ἀδελφοῦ
1210 2214 1368 2273 τοῦδε
1426 2217 1779 2293 φροντίζοντος

173 2313 269 2368 ἐπὶ
319 2320 382 2385 τῇ
443 2308 719 2385 ἀπογραφῇ
779 2317 872 2362 τοῦ
919 2311 1085 2363 οἶκον·
1136 2309 1191 2372 ὃς
1241 2326 1302 2381 γε
1335 2310 1445 2379 (⁸77)
1511 2304 1780 2382 προλαϐὼν

172 2407 280 2462 τὴν
321 2400 607 2474 ἀναγκαίαν
648 2397 874 2452 ἀτελειαν
930 2401 1044 2471 ἔχει
1105 2396 1206 2451 ἀπὸ
1272 2406 1367 2459 τῆς
1411 2400 1609 2457 πενίας.
1654 2395 1781 2446 Ἀπὸ

172 2494 285 2565 γὰρ
313 2488 437 2564 βίον
468 2489 713 2563 εὐπόρου,
775 2487 910 2541 οὕτω
955 2494 1049 2540 τοῦ
1098 2490 1293 2562 Κυρίου
1345 2484 1429 2539 ἐπὶ
1472 2488 1784 2558 συμφίροντι

174 2589 277 2642 τῆς
319 2579 506 2652 ψυχῆς
554 2578 715 2631 αὐτοῦ
766 2576 1221 2650 οἰκονομήσαντος,
1276 2582 1365 2627 νῦν
1392 2573 1458 2635 εἰς
1496 2581 1590 2633 τῆν
1621 2570 1787 2644 ἰσχάς

177 2687 282 2728 την
333 2672 510 2722 πενίαν
561 2668 900 2741 περιετράπη,
956 2667 1021 2727 ὡς
1074 2663 1223 2738 μόλις
1273 2666 1363 2737 μὲν
1414 2666 1504 2715 καὶ
1559 2668 1654 2722 τῆς
1711 2657 1785 2732 ἐφ’

178 2761 387 2832 ἡμέραν
416 2756 532 2821 (78)
584 2761 780 2831 τροφῆς
831 2754 1083 2829 εὖποριίν,
1144 2747 1482 2827 ἀνδραπόδου
1534 2746 1593 2804 δι
1648 2744 1788 2822 μηδὲ

183 2848 297 2909 ἑνὸς
350 2846 661 2921 κατάρχειν,
719 2842 820 2895 ἀπὸ
878 2842 1074 2896 πολλῶν
1127 2841 1195 2893 ὧν
1245 2843 1492 2914 πρότερον
1545 2837 1685 2911 εἶχεν
1740 2834 1791 2889 ἓν

181 2944 250 3009 τῇ
309 2934 498 2989 ἑαυτοῦ
548 2930 848 3004 δεσποτεία.
896 2934 1072 3003 Τούτῳ
1118 2932 1177 2983 τὸ
1229 2938 1383 3003 σῶμα
1417 2926 1792 3002 περιλελειπται

186 3030 369 3099 μόνον,
399 3028 491 3076 καὶ
520 3029 673 3076 τοῦτο
716 3019 923 3082 ἀσθενὲς
961 3025 1052 3072 καὶ
1107 3022 1350 3095 γηραιὸν,
1399 3020 1467 3080 ὡς
1508 3020 1598 3069 καὶ
1640 3014 1793 3076 αὐτὸς

2230 2110 2377 2169 Sine
2404 2113 2814 2187 inscriptione,
2838 2131 2953 2187 pro
2983 2132 3187 2190 egeno.

1957 2216 2292 2290 Vituperavi
2321 2233 2570 2291 prorsus
2610 2220 2774 2277 hunc
2806 2221 3051 2280 fratrem
3067 2224 3142 2281 de
3162 2224 3384 2282 domus
3411 2240 3534 2283 suae

1888 2321 2074 2363 censu
2113 2307 2457 2377 sollicitum,
2502 2308 2729 2382 quippe
2776 2312 2997 2368 cumin
3027 2318 3412 2371 antecessum
3436 2331 3539 2371 ne-

1889 2396 2668 2454 cessariamimmunitatem
2690 2405 3016 2473 paupertas
3037 2401 3090 2457 ei
3118 2402 3356 2461 tribuat.
3388 2406 3538 2461 Nam

1890 2500 1928 2541 a
1946 2484 2065 2541 vita
2088 2484 2396 2557 opulenta,
2430 2485 2511 2543 ita
2538 2487 2793 2545 Domino
2818 2488 2897 2545 ad
2930 2490 3151 2547 animas
3177 2492 3368 2564 ipsius
3390 2492 3541 2549 utili-

1892 2577 2075 2630 tatem
2096 2573 2507 2646 dispensante,
2540 2591 2701 2633 nunc
2759 2575 2821 2633 in
2851 2583 3183 2635 extremam
3215 2587 3542 2651 egestatem

1892 2661 2170 2719 redactus
2212 2668 2320 2733 est,
2359 2662 2510 2719 adeo
2533 2668 2597 2720 ut
2633 2665 3025 2737 quotidianus
3051 2667 3230 2725 etiam
3262 2669 3448 2725 victus
3488 2667 3543 2725 ei

1894 2750 1995 2807 vix
2026 2754 2327 2822 suppetat,
2355 2754 2413 2806 et
2438 2766 2508 2807 ex
2523 2750 2726 2809 multis
2755 2754 3093 2827 mancipiis,
3119 2771 3255 2827 quae
3285 2756 3451 2828 prius
3482 2756 3545 2811 in

1896 2855 2007 2896 sua
2035 2843 2324 2912 potestate
2343 2838 2659 2909 habuerat,
2678 2842 2824 2897 nuili
2843 2858 3091 2914 prorsus
3109 2843 3383 2916 imperet.
3400 2843 3546 2901 Huic

1897 2944 2118 3001 corpus
2138 2927 2334 2985 solum
2357 2934 2645 3001 superest,
2666 2929 2869 3003 idque,
2902 2936 2968 2987 ut
2995 2937 3053 2988 et
3071 2932 3203 3004 ipse
3232 2932 3419 3002 vides,
3449 2933 3545 2989 in-

1898 3017 2143 3075 ﬁrmum
2164 3023 2222 3074 et
2249 3018 2416 3074 senio
2438 3020 2797 3085 contectum,
2831 3025 2887 3077 et
2913 3020 3083 3077 liberi
3108 3026 3247 3089 tres,
3282 3021 3549 3079 accessio

186 3117 341 3191 ὁρᾷς·
381 3116 473 3166 καὶ
509 3107 693 3172 παῖδες
744 3116 901 3183 τρεῖς,
967 3110 1245 3183 προσθήκη
1298 3102 1582 3182 φροντίδων
1637 3099 1793 3179 ἀνδρὶ

1915 3124 2183 3165 :urarum
2203 3107 2329 3166 viro
2353 3107 2663 3179 indigenti.
2692 3112 2858 3166 Hunc
2876 3110 3057 3181 igitur
3076 3110 3225 3167 nihil
3263 3127 3420 3185 opus
3445 3112 3555 3169 ha-

190 3221 403 3261 πενητι.
475 3198 594 3253 Ὀτι
666 3202 756 3273 μεν
800 3194 889 3251 οὖν
938 3193 1091 3251 οὐδεν
1148 3193 1316 3250 ἐδεῖτο
1385 3204 1477 3258 τῆς
1541 3196 1795 3268 ἡμετέρας

1915 3200 2044 3255 bere
2059 3197 2401 3271 precatione
2422 3214 2579 3267 mea,
2609 3214 2749 3255 cum
2776 3198 3061 3256 idoneam
3085 3200 3307 3257 habeat
3335 3200 3415 3257 ad
3444 3200 3552 3257 tle-

192 3290 500 3365 πρεσϐείας,
550 3290 732 3347 ἱκανὴν
784 3290 920 3360 ἔχων
972 3291 1067 3346 τὴν
1113 3290 1289 3339 πενίαν
1330 3281 1653 3343 δυσωπῆσαι
1683 3284 1798 3353 (79)

1915 3287 2610 3361 ctendumpaupertatem
2622 3288 2703 3345 ob
2716 3304 2955 3346 morum
2970 3294 3203 3347 tuorum
3214 3290 3251 3346 b
3261 3290 3558 3347 umanita—

203 3378 304 3434 δια
342 3382 400 3432 τὸ
436 3378 790 3451 φιλάνθρωπον
820 3383 912 3429 τοῦ
949 3379 1165 3449 τρόπου,
1215 3372 1437 3447 ἀκριϐῶς
1467 3373 1798 3443 ἠπιστάμην.

1915 3381 2050 3445 tem,
2072 3381 2233 3433 certo
2246 3376 2534 3433 sciebam.
2548 3376 2663 3433 Sed
2675 3378 2819 3451 quia
2834 3378 2957 3434 difti
2967 3379 3074 3435 cile
3086 3384 3195 3449 est,
3214 3380 3560 3438 satisfacere

204 3470 354 3523 Ἐπεὶ
406 3464 463 3519 δι
506 3463 825 3540 δυσάρεστοι
874 3467 923 3517 οἱ
975 3464 1248 3530 αἰτοῦντες,
1308 3461 1565 3534 ἄφοϐήθην
1608 3466 1802 3533 μήποτε

1915 3465 2271 3541 petentibus,
2296 3466 2465 3523 timui
2484 3481 2559 3522 ne
2587 3467 2681 3523 cui
2713 3468 2912 3523 ofﬁcio
2934 3468 2988 3524 ei
3009 3468 3213 3525 debito
3235 3470 3513 3526 deessem
3538 3486 3554 3539 ;

205 3556 489 3630 ἂλιμπάνῃ
532 3557 644 3627 (80)
698 3575 750 3608 τι
804 3562 905 3607 τῶν
962 3552 1029 3614 εἰς
1090 3552 1245 3604 αὐτόν
1302 3550 1661 3623 ὀφειλομένων,
1714 3552 1804 3600 καὶ

1915 3561 2094 3629 atque
2112 3555 2267 3611 adeo
2297 3555 2528 3629 scripsi,
2556 3556 2745 3628 probe
2784 3556 2977 3613 sciens
3020 3558 3181 3614 diem
3216 3558 3407 3629 illum,
3436 3572 3560 3630 quo

205 3644 498 3713 ἐπέστειλα,
534 3640 705 3716 εἰδὼς,
740 3645 822 3696 ὅτι
859 3644 889 3701 ἡ
941 3643 1111 3717 ἡμέρα
1159 3641 1321 3712 αὐτῷ,
1382 3638 1430 3692 ἐν
1552 3638 1612 3690 ἂν
1669 3645 1807 3712 πρῶ-

206 3755 296 3789 τον
327 3731 419 3808 ἴδῃ
455 3752 550 3787 σου
580 3738 674 3791 τήν
706 3734 1019 3805 σεμνότητα,
1066 3728 1209 3805 ἁρχὴ
1272 3729 1497 3801 εὐθύμου
1529 3726 1653 3801 βίου
1682 3729 1807 3800 πρὸς

204 3829 296 3879 τόν
348 3826 484 3897 μετὰ
536 3831 705 3877 ταῦτα
748 3824 940 3896 χρόνον
996 3825 1292 3892 γενήσεται,
1342 3823 1433 3870 καὶ
1486 3814 1648 3870 δώσει
1693 3835 1813 3869 τινα

205 3913 456 3989 βελτίονα
483 3921 583 3967 τῶν
609 3912 931 3990 πραγμάτων
961 3909 1123 3963 αὐτοῦ
1147 3909 1259 3980 (81)
1285 3905 1598 3981 μεταϐολήν.

776 4022 1113 4073 ΕΠΙΣΤΟΛΗ
1152 4014 1252 4071 Τι’.

1913 3652 2081 3704 tuam
2126 3646 2483 3717 gravitatem
2538 3646 2804 3718 primum
2852 3646 3082 3715 viderit,
3139 3646 3376 3704 initium
3424 3647 3560 3703 vitae

1914 3736 2201 3809 deinceps
2249 3734 2489 3793 laetioris
2538 3737 2831 3803 futurum,
2872 3737 3263 3796 etmeliorem
3292 3737 3562 3810 aliquam

1914 3825 2072 3884 iilius
2096 3840 2299 3882 rerum
2334 3824 2732 3881 mutationem
2757 3823 3101 3883 allaturum.

2312 3999 2489 4075 543
2547 4003 2886 4061 EPISTULA
2914 4004 3177 4063 CCCX‘“.

939 4122 1321 4181 Commendat
1367 4125 1653 4194 cognatos
1676 4132 1808 4177 suos
1836 4131 1909 4175 ac
1934 4119 2173 4172 caeteros
2196 4110 2575 4169 Ariarathice
2597 4112 2849 4169 incolas.

576 4232 967 4306 ’Δνεπίγραγος,
1008 4231 1135 4305 ὑπὲρ
1177 4236 1461 4303 συγγενῶν.

284 4343 442 4416 Αὐτῷ
492 4360 582 4415 μοι
636 4334 1099 4415 περισπούδαστον
1157 4338 1219 4395 ἧν
1275 4343 1555 4408 συντυχεῖν
1603 4353 1698 4389 σου
1751 4341 1813 4408 τῇ

286 4524 562 4594 (75)}I‘ot;
626 4515 891 4594 ἀδελφοῖς.
950 4516 1174 4594 Μιλίέίᾶ
1212 4511 1679 4594 interpungendi
1724 4525 1823 4594 ra-

212 4584 398 4653 tione
423 4592 621 4648 lucem
665 4584 806 4646 huic
860 4588 994 4645 loco
1018 4586 1230 4643 afferre
1254 4584 1508 4641 conatus
1539 4599 1694 4638 sum.
1729 4584 1823 4639 Sic

213 4666 384 4724 enim
443 4667 569 4719 erat
607 4662 669 4717 in
710 4659 900 4731 editis,
932 4662 1055 4731 _Kai
1093 4660 1377 4731 παρούειξδτςΔ
1403 4664 1501 4716 τῆς
1524 4658 1827 4726 τιμιότητος

217 4758 342 4802 σου,
371 4742 498 4815 τοῖς.
510 4730 791 4815 ἀδελφοῖς..
803 4773 815 4786 .
828 4726 1148 4815 fidit/10m.
1170 4726 1344 4784 'Unde
1364 4726 1679 4815 interpres,
1702 4740 1826 4815 δεξ-

214 4786 454 4866 ἶτῖοἷιὲπι
468 4786 657 4878 Ἰιαὸυέ
668 4786 801 4860 cum
813 4786 1132 4878 fratribus,
1147 4813 1345 4878 eorum
1358 4841 1371 4865 ,
1404 4797 1509 4878 qui
1521 4786 1828 4878 ‘Cpp'ralis

217 4881 470 4951 regione
494 4877 615 4932 orti
626 4866 1054 4951 A_sunt,_gra_tia
1079 4888 1092 4925 :
1142 4869 1252 4926 sed
1272 4866 1427 4941 quos
1452 4866 1827 4951 hic‘Basilius

220 4942 437 5008 fratres
458 4946 751 5019 appellat,
778 4942 967 5019 hi'alii
1004 4956 1293 5019 essenon
1320 4944 1594 5019 possunt,
1639 4953 1829 5019 quam

221 5019 426 5078 selecti
450 5010 609 5075 cives
627 5010 1017 5088 Capralenses
1034 5028 1105 5069 ac
1118 5012 1193 5088 de
1213 5010 1394 5067 rebus
1410 5010 1615 5088 patriae
1629 5010 1827 5088 _missi.

224 5097 426 5160 Quare
454 5080 847 5161 nequaquam
871 5084 965 5161 his
978 5082 1274 5161 fratribus
1305 5080 1829 5161 res'Capralenses

223 5151 721 5224 commendabit,
746 5156 852 5231 sed
868 5155 1068 5229 potius
1082 5154 1141 5231 e_i_
1151 5153 1243 5231 _ad
1264 5169 1447 5231 quem
1459 5151 1587 5231 hinc
1609 5151 1832 5231 scripta

224 5231 502 5309 epistola.
538 5233 653 5309 Hos
681 5222 843 5309 enim
870 5222 1079 5309 coram
1105 5223 1208 5281 illo
1234 5222 1413 5309 antea
1435 5222 1746 5309 produxit,
1766 5226 1833 5309 ut

224 5293 305 5365 de
362 5302 543 5360 rebus
591 5298 1047 5372 Capralensium
1086 5301 1287 5372 ageret
1313 5293 1535 5372 :_ntinc
1567 5293 1832 5372 eosdem

227 5392 374 5435 cum
416 5372 625 5429 litteris
675 5365 869 5427 mittit.
905 5365 1194 5425 Caeterum
1219 5366 1435 5423 clarior
1459 5365 1647 5422 multo
1676 5368 1832 5422 esset

229 5455 361 5507 tota
374 5444 697 5514 verborum
725 5439 1084 5514 complexio,
1119 5440 1170 5495 si
1201 5437 1479 5495 deessent
1512 5436 1601 5514 ha:
1629 5452 1829 5514 voces,

226 5529 341 5581 τοῖς
369 5513 627 5592 ἀδελφοῖς.
652 5512 769 5592 Sed
806 5507 1415 5592 si'retine'antur,‘non
1442 5512 1590 5584 puto
1634 5507 1831 5580 aliter,

230 5608 309 5655 ac
326 5579 752 5661 interpretatus
778 5599 936 5658 sum,
963 5580 1157 5658 accipi
1181 5579 1422 5645 debere.

2210 4220 2347 4278 Sine
2400 4220 2812 4291 inscriptione,
2853 4235 2964 4290 pro
2993 4220 3289 4291 cognatis.

1998 4328 2132 4387 Mihi
2161 4327 2280 4402 ipsi
2301 4327 2636 4385 admodum
2692 4326 2754 4384 in
2782 4328 3001 4400 optatis
3030 4331 3158 4384 erat
3184 4343 3327 4383 cum
3358 4330 3460 4384 tua
3488 4327 3576 4384 fa-

2000 4506 2468 4579 (76)“1ﬂvﬁﬁxé.
2520 4505 2698 4564 Coisl.
2738 4504 3039 4561 secundus
3089 4508 3147 4562 et
3175 4507 3316 4576 Reg.
3370 4518 3581 4561 secun-

1933 4578 2225 4657 clusi???
2258 4578 2443 4657 ’δχήλς
2500 4650 2547 4657 --
2608 4647 2623 4657 .
2708 4650 2737 4657 _
2784 4646 2849 4657 ..
2987 4646 2999 4657 .
3362 4650 3371 4657 .
3431 4645 3579 4657 _..-.

2008 4646 2126 4719 (77)'
2153 4647 2257 4709 "0;
2277 4646 2359 4719 7i.
2383 4650 2476 4706 Sic
2500 4647 2673 4719 Med.,
2700 4646 2874 4705 Coisl.
2911 4646 3146 4721 primus
3184 4652 3242 4705 et
3271 4649 3397 4705 Vat.
3430 4646 3584 4704 Editi

1859 4762 1901 4816 ι)
1936 4721 2359 4816 δοῖίξλέίῖἓῖεἶθ

2008 4788 2127 4863 {78)
2168 4788 2274 4861 Ἐφ’
2298 4792 2512 4863 ἡμέραν,
2548 4790 2688 4859 Reg.
2723 4788 3027 4863 secundus
3059 4793 3128 4863 et,
3153 4788 3336 4863 Coisl.
3371 4804 3587 4863 secun-

1938 4861 2052 4985 gibus
2083 4858 2358 4984 ἐφημέρου.
2386 4858 2614 4916 Ibidem
2640 4858 2965 4916 Vaticanus
3020 4860 3213 4917 codex
3244 4858 3584 4937 ἀνδραπόδου

1980 4952 1999 4984 ε
2024 4952 2091 4985 μη
2140 4951 2265 4985 nec.

1980 4951 2501 5093 'Eiiriiiianagat.
2552 5004 2691 5074 Reg.
2725 5001 3030 5061 secundus
3080 5006 3137 5061 et
3159 5002 3334 5061 Coisl.
3366 5016 3587 5060 secun-

1938 5075 2055 5132 dus
2096 5075 2317 5131 δυσωπῆ
2328 5077 2418 5125 σαί
2459 5092 2537 5126 σε⁸

2011 5144 2493 5217 (ὃοὶίῈλλιμπάνῃ.
2540 5143 2717 5203 Coisl.
2767 5144 3073 5205 secundus
3102 5148 3158 5203 et
3196 5147 3337 5215 Reg.
3379 5157 3590 5201 secun-

2077 5199 2430 5288 vinipmivsw.

2008 5290 2136 5361 (81)_
2158 5283 2487 5361 A'droaJta
2509 5284 2681 5361 Coisl.
2710 5286 2944 5361 pl‘ﬂus
2974 5290 3033 5346 et
3076 5288 3210 5348 Vat.
3243 5283 3394 5343 Editi
3424 5283 3587 5358 αὐτῷ.

2013 5359 2033 5384 ⁵
2074 5359 2236 5415 Alias
2266 5359 2582 5416 CCXXXIII.

2013 5434 2056 5454 ’⁸
2094 5430 2254 5487 Alias
2282 5431 2519 5487 CCXXX.

2013 5504 2079 5527 ’⁹⁶
2118 5502 2279 5562 Alias
2309 5501 2644 5559 CCXXXVII.
