4050 6220
580 234 717 302 1059

1958 235 2014 292 s.
2060 234 2307 293 BASILII
2342 190 2563 293 MAGNI

3706 240 3814 300 1060

576 368 799 426 cundia
844 367 1132 438 congredi
1156 365 1430 440 pluribus
1451 365 1526 421 de
1571 363 1806 421 causis:
1846 362 2133 434 primum,
2162 364 2215 415 ut

2331 357 2598 428 λογιότητι
2664 354 2860 407 πολλῶν
2919 356 3097 408 ἕνεκεν·
3158 363 3355 429 πρῶτον
3417 360 3515 428 μὲν,
3571 362 3679 413 ὥστε
3726 362 3825 415 ἀπο-

574 458 776 522 bonis,
799 474 937 530 quae
958 456 1065 512 tibi
1082 455 1305 522 insunt,
1325 455 1507 523 longo
1523 452 1836 510 intervallo
1858 451 2221 524 perfruerer;

575 547 811 618 deinde,
839 554 903 603 ut
932 546 1113 601 etiam
1137 561 1246 617 pro
1293 544 1637 600 Ariarathiae
1670 542 1880 597 incolis
1922 545 1973 596 te
2015 557 2223 612 preca-

573 652 699 693 rer:
727 636 953 709 quibus
967 634 1332 705 jamdudum
1363 633 1626 703 gravatis
1643 632 1807 687 dedit
1830 631 2117 686 Dominus
2143 630 2226 685 di-

573 739 765 795 gnum
810 724 1116 789 solatium,
1144 722 1460 795 probitatis
1485 726 1600 777 tuae
1642 719 2224 777 administrationem

570 811 685 870 illis
707 812 1067 869 concedens.
1092 814 1188 866 Est
1214 815 1417 866 autem
1448 809 1631 865 etalia
1644 808 1927 881 quaedam
1948 823 2223 863 meorum

572 906 972 973 cognatorum
992 900 1316 972 possessio,
1340 915 1477 971 quae
1502 898 1681 954 valde
1701 902 2007 967 gravatur,
2022 912 2093 952 ac
2105 896 2224 951 fere

571 995 756 1063 caput
773 995 865 1047 est
893 990 1114 1061 inopiae
1135 988 1520 1045 Ariarathicie
1550 1004 1562 1043 :
1590 986 1684 1042 cui
1707 986 1887 1043 etiam
1904 1001 2134 1058 precor,
2159 988 2226 1040 ut

570 1076 914 1149 benignitas
956 1081 1080 1145 tua,
1107 1080 1405 1149 quantum
1448 1075 1577 1131 ﬁeri
1624 1079 1838 1147 potest,
1888 1073 2224 1137 medeatur,

570 1183 695 1241 quo
718 1166 798 1225 ab
818 1166 888 1223 iis
915 1166 1021 1240 qui
1051 1166 1381 1238 potiuntur,
1404 1164 1687 1235 deinceps
1708 1164 1845 1219 ferri
1867 1164 2077 1234 possit.

1090 1466 1428 1524 EPISTOLA
1469 1467 1705 1522 CCCXI'.

2331 446 2525 498 λαῦσαι
2560 454 2659 497 τῶν
2691 444 2738 497 ἐν
2771 449 2854 496 σοὶ
2912 444 3080 495 καλῶν
3106 441 3231 510 ⁴διὰ
3273 444 3449 497 πολλοῦ
3495 454 3574 498 τοῦ
3615 448 3654 500 ἐν
3758 472 3829 522 με-

2330 535 2456 597 ταξὺ
2482 539 2699 608 χρόνον·
2725 536 2904 586 ἔπειτα
2934 529 3013 599 δέ,
3056 539 3143 585 καὶ
3199 540 3317 607 περὶ
3363 544 3454 586 τών
3505 537 3831 611 κατὰἈριαρα-

2334 627 2448 677 Οίαν
2507 624 2786 698 ἀνθρώπων
2857 622 3219 696 παρακαλέσαι
3272 642 3346 674 σε’
3420 622 3491 685 οἷς
3551 624 3597 675 ἐκ
3662 627 3831 679 παλαιοῦ

2334 712 2653 785 θλιϐομένοις
2729 708 2917 764 ἔδωκεν
2998 713 3024 763 ὁ
3102 714 3295 785 Κύριος
3355 711 3492 775 ἀξίαν
3550 718 3834 787 παραμυθίαν,

2330 811 2428 863 τῆς
2455 810 2549 862 σῆς
2584 802 2863 874 ὀρθότητος
2912 805 3006 858 τὴν
3048 800 3360 854 ἐπιστασίαν
3402 802 3678 872 αὑτοῖς(82)
3723 824 3839 875 χαρι-

2334 894 2569 963 σάμενος.
2622 889 2771 942 Ἔστι
2815 886 2875 941 δέ
2917 908 2969 940 τι
3017 894 3107 941 καὶ
3154 891 3321 962 ἕτερον
3375 898 3469 942 τῶν
3520 900 3740 963 συγγενῶν
3770 901 3843 943 τῶν

2332 979 2463 1053 ἐμῶν
2520 982 2655 1032 πάνυ
2706 977 3078 1051 βεϐαρημένοι,
3136 986 3226 1031 καὶ
3284 976 3474 1051 σχεδὸν
3530 985 3578 1033 τὸ
3616 988 3844 1053 καιριώτα-

2330 1089 2416 1122 τον
2447 1078 2536 1129 τῆς
2582 1071 2955 1143 Ἀριαραθικῆς
3015 1067 3237 1140 ἀπορίας
3288 1070 3536 1142 ὑπάρχον*
3591 1075 3671 1122 καὶ
3714 1090 3849 1143 παρα-

2330 1158 2470 1211 καλῶ
2517 1158 2632 1228 (83)
2693 1177 2830 1209 κατα
2878 1160 2938 1209 τὸ
2992 1154 3331 1229 ἐνδεχόμενον
3403 1158 3700 1232 ὶατρευθῆναι
3742 1162 3851 1232 παρὰ

2330 1256 2421 1308 τῆς
2462 1256 2559 1309 σῆς
2616 1252 3011 1320 χρηστότητος,
3056 1249 3191 1300 ὥστε
3238 1251 3456 1320 φορητὸν
3498 1255 3584 1301 τοῦ
3620 1248 3771 1302 λοιποῦ
3792 1267 3853 1318 γι-

2329 1339 2511 1391 νέσθαι
2534 1344 2644 1397 τοῖς
2670 1340 3022 1404 κεκτημένοις.

2866 1467 3204 1514 ΕΠΙΣΤΟΛΗ
3245 1462 3389 1517 Τ1Α’.

748 1593 943 1664 Rogat
969 1596 1036 1647 ut
1068 1591 1235 1647 illius
1264 1590 1490 1658 domus,
1523 1591 1631 1663 qui
1649 1590 1808 1663 hanc
1833 1588 2141 1659 epistolam
2158 1588 2418 1659 ferebat,
2441 1589 2699 1661 publicis
2730 1587 3075 1645 muneribus
3101 1594 3363 1658 gravata
3390 1589 3718 1646 sublevetur.

1208 1715 1575 1783 Principali.

634 1840 843 1897 Multas
871 1855 971 1896 me
991 1843 1216 1910 cogunt
1243 1838 1466 1895 litteras
1498 1838 1774 1908 dignitati
1806 1840 1921 1893 tuae
1953 1836 2210 1893 scribere

564 1931 673 2004 qui
691 1929 1206 1986 asseverationum
1229 1943 1504 1983 mearum
1520 1927 1811 1983 rationem
1836 1942 1958 1981 non
1971 1926 2215 1995 habent,

566 2021 674 2077 sed
702 2019 1017 2092 proprium
1050 2018 1345 2090 quiddam
1374 2033 1444 2074 ac
1472 2017 1754 2073 eximium
1798 2016 1858 2071 in
1886 2017 2009 2071 suis
2039 2016 2218 2072 rebus

564 2108 907 2182 exquirunt.
946 2107 1319 2164 Iamdudum
1349 2107 1513 2163 enim
1543 2106 1628 2162 eis
1673 2106 2025 2161 testificatus
2058 2121 2215 2172 sum,

562 2197 647 2254 ita
690 2201 745 2253 te
766 2212 1157 2253 communem
1200 2195 1324 2251 fore
1356 2200 1412 2251 et
1438 2193 1802 2266 aequabilem
1852 2192 2028 2249 nobis
2064 2194 2217 2265 juris

564 2284 898 2349 custodem,
917 2288 983 2340 ut
1002 2300 1182 2340 nemo
1199 2283 1463 2355 amplius
1481 2283 1819 2356 quidquam
1842 2282 1921 2337 ad
1942 2281 2217 2337 humani-

564 2378 750 2432 tatem
778 2372 1173 2446 requisiturus
1200 2371 1296 2441 sit,
1345 2372 1462 2428 nisi
1490 2371 1625 2444 plus
1653 2371 1817 2442 justo
1843 2369 2058 2426 avidus
2085 2370 2215 2426 fue-

564 2463 660 2521 rit.
688 2462 803 2519 Sed
829 2467 1033 2518 tamen
1062 2465 1127 2518 ut
1154 2461 1293 2517 huic
1319 2460 1549 2516 homini
1580 2459 2085 2521 satisfaceremus,
2119 2458 2217 2514 de-

564 2552 768 2610 dimus
798 2552 853 2609 ei
884 2550 1223 2624 epistolam,
1247 2550 1743 2607 commendantes
1776 2565 1915 2605 cum
1954 2547 2081 2618 tibi,
2126 2564 2218 2604 ro-

563 2646 897 2714 gantesque
949 2644 1016 2696 ut
1060 2645 1118 2696 et
1155 2639 1405 2695 libenter
1442 2640 1643 2711 ipsum
1691 2636 1922 2703 videas,
1976 2642 2031 2693 et
2072 2636 2218 2710 quia

562 2736 837 2804 tempore
855 2729 1073 2787 fatiscit
1099 2729 1257 2785 illius
1277 2728 1497 2784 domus
1526 2727 1588 2783 in
1618 2727 1916 2783 obeundis
1947 2727 2215 2783 muneri-

564 2817 707 2888 bus,
726 2832 888 2888 eam,
914 2821 1213 2891 quantum
1240 2815 1331 2872 fas
1369 2816 1497 2885 erit,
1524 2815 1782 2871 allevare
1820 2813 2105 2885 digneris.

1046 2924 1385 2981 EPISTOLA
1422 2924 1718 2980 CCCXll".

2959 1715 3297 1786 Πρωτεύοντι.

2403 1838 2595 1899 Πολλὰς
2668 1840 2793 1910 ἡμῖν
2869 1844 3081 1890 ποιοῦσι
3148 1840 3242 1898 τὰς
3310 1836 3578 1898 ἐπιστολὰς
3625 1839 3738 1911 πρὸς
3788 1842 3858 1894 τὴν

2329 1933 2426 1986 σὴν
2491 1946 2772 1998 τιμιοτητα
2832 1928 2881 1978 οἱ
2960 1934 3077 1985 ταῖς
3140 1923 3570 1979 διαϐεϐαιώσεσιν
3627 1928 3753 1997 ἡμῶν
3803 1932 3857 1997 μή

2326 2021 2695 2091 προσέχοντες,
2748 2015 2857 2067 ἀλλ’
2913 2012 3049 2067 ἴδιον
3099 2034 3148 2066 τι
3183 2020 3269 2067 καὶ
3300 2014 3549 2091 ἐξαίρετον
3586 2014 3629 2065 ἐν
3655 2021 3747 2075 τοῖς
3772 2014 3863 2065 ἑαυ-

2326 2116 2426 2157 τῶν
2468 2107 2855 2166 ἐπιζητοῦντες.
2912 2104 3080 2157 Πάλαι
3126 2107 3226 2177 γὰρ
3282 2107 3436 2178 ἡμεῖς
3494 2104 3656 2164 αὐτοῖς
3696 2100 3863 2174 διεμαρ-

2326 2198 2614 2270 τυράμεθα,
2649 2197 2726 2248 ὅτι
2755 2196 2916 2257 οὕτως
2945 2198 3035 2268 ἔσῃ
3080 2198 3250 2255 κοινὸς
3290 2198 3378 2246 καὶ
3408 2198 3515 2254 ἶσος
3558 2202 3647 2246 τῶν
3690 2189 3860 2245 δικαίων

2327 2286 2451 2357 ἡμῖν
2475 2284 2660 2356 φύλαξ,
2692 2287 2827 2336 ὥστε
2846 2281 3051 2355 μηδένα
3076 2283 3223 2336 πλέον
3254 2285 3575 2343 ἐπιζητῆσαί
3619 2302 3665 2334 τι
3700 2289 3780 2332 τῶν
3812 2280 3864 2339 εἰς

2327 2374 2733 2447 φιλανθρωπίαν,
2764 2371 2848 2425 ἐὰν
2879 2378 2949 2444 μή
2993 2391 3091 2424 που
3124 2370 3389 2445 ὑπερϐάλῃ
3416 2371 3523 2441 (84)
3656 2368 3865 2438 ἀπληστίᾳ

2323 2460 2501 2534 Ὀμως
2534 2458 2593 2514 δέ
2633 2461 3077 2535 πληροφοροῦντες
3123 2457 3295 2530 τόνδε,
3361 2457 3617 2534 ἐδώκαμεν
3658 2459 3774 2528 αὐτῷ
3796 2461 3864 2512 τὴν

2325 2550 2624 2618 ἐπιστολὴν,
2660 2554 3001 2612 συνιστὼντές
3050 2570 3135 2603 σοι
3170 2553 3256 2602 τὸν
3311 2547 3501 2624 ἄνδρα,
3552 2554 3637 2601 καὶ
3678 2565 3863 2621 παρακα-

2323 2638 2527 2703 λοῦντες
2558 2640 2727 2700 καλῶς
2756 2659 2809 2692 τε
2836 2640 2992 2691 αὐτὸν
3023 2636 3173 2705 ἰδεῖν,
3202 2644 3294 2692 καὶ
3323 2636 3417 2691 διὰ
3446 2644 3504 2691 τὸ
3533 2642 3694 2711 χρόνῳ
3718 2654 3865 2705 κεκμη-

2324 2731 2467 2780 κέναι
2495 2727 2655 2781 αὐτοῦ
2683 2732 2771 2780 τὸν
2792 2728 2931 2781 οἷκον
2964 2726 3047 2779 ἐπὶ
3088 2734 3204 2787 ταῖς
3245 2727 3617 2802 λειτουργίαις,
3644 2734 3727 2787 τῆς
3763 2719 3865 2774 ἐνδυ·

2324 2821 2556 2889 χομένης
2585 2817 2741 2869 αὐτὸν
2773 2815 3143 2890 παρακλησεως
3183 2815 3433 2879 ἀξιῶσαι.

2856 2928 3196 2977 ΕΠΙΣΤΟΛΗ
3251 2929 3319 2978 TI
3329 2924 3397 2978 B'.

1241 3048 1638 3105 Commendat
1667 3048 1930 3119 aliquem
1959 3051 2311 3104 metuentem
2350 3063 2426 3106 ne
2445 3063 2519 3106 ex
2543 3064 2695 3107 novo
2724 3062 2904 3106 censu
2929 3048 3260 3105 laederetur.

1234 3174 1550 3231 Censitori.

636 3301 800 3359 Nosti
826 3315 962 3372 quas
982 3299 1277 3356 accedant
1303 3299 1652 3356 hominibus
1681 3315 1756 3355 ex
1785 3298 2065 3355 censibus
2087 3301 2217 3353 tum

565 3390 740 3447 lucra
777 3393 907 3445 tum
947 3388 1327 3444 detrimenta.
1383 3389 1577 3453 Quare
1605 3386 1746 3442 huic
1786 3388 2030 3457 ignosce
2069 3387 2130 3441 in
2155 3385 2220 3442 id

566 3479 955 3535 vehementer
983 3476 1377 3547 incumbenti,
1402 3492 1477 3532 ne
1516 3476 1664 3549 quid
1687 3476 1897 3531 damni
1932 3476 2216 3547 accipiat:

564 3567 902 3641 quinetiam
926 3566 980 3622 ei
1000 3564 1078 3622 ad
1093 3565 1195 3636 jus
1214 3565 1611 3621 obtinendum
1640 3580 1751 3637 pro
1785 3564 1936 3621 virili
1961 3562 2220 3637 patroci-

564 3657 699 3715 nari
728 3656 793 3714 in
818 3655 1095 3714 animum
1122 3654 1393 3710 inducas.

1033 3782 1276 3838 EPISTO
1286 3783 1373 3836 LA
1412 3780 1753 3837 CCCXIII”.

2981 3176 3287 3246 Κηνσίτορι.

2399 3293 2565 3356 Οἶδας
2602 3298 2692 3356 τὰς
2729 3296 2783 3348 ἐκ
2839 3302 2941 3346 τῶν
2992 3301 3198 3354 κήνσων
3245 3300 3339 3348 καὶ
3388 3293 3622 3367 ὠφελείας
3667 3294 3746 3342 καὶ

2330 3383 2448 3451 ϐας,
2487 3387 2579 3447 τὰς
2615 3388 2887 3456 γινομένας
2926 3391 3033 3444 τοῖς
3088 3382 3401 3455 ἀνθρώπους.
3451 3383 3607 3435 Ὥστε
3659 3374 3870 3451 τδτίνθθί

2328 3470 2467 3544 τῷδε
2529 3472 2721 3531 πολλὴν
2776 3478 3114 3545 ποιησαμένῳ
3182 3470 3428 3531 σπουδὴν
3492 3468 3737 3545 μήδεμίαν
3779 3468 3870 3516 ὑπο·

2330 3572 2500 3637 μεῖναι
2541 3563 2764 3636 βλάϐην,
2804 3568 2893 3615 καὶ
2934 3565 3263 3638 συναρασθαι
3310 3564 3453 3634 οτῦτῷ
3495 3564 3645 3630 κατὰ,
3696 3554 3869 3625 δύναμιν

2330 3657 2462 3725 πρὸς
2481 3656 2539 3704 τὸ
2570 3649 2775 3705 δίκαιον
2804 3654 3197 3726 προθυμήθητι.

2866 3782 3204 3830 ΕΠΙΣΤΟΛΗ
3250 3776 3399 3835 ΤΙΓ.

1026 3898 1220 3968 Rogat
1264 3897 1522 3952 Galatiae
1545 3897 1930 3965 Censitorem,
1955 3902 2019 3951 ut
2048 3896 2123 3951 de
2170 3911 2350 3953 censu
2369 3895 2579 3953 domus
2609 3892 2868 3963 Sulpicii
2894 3892 3131 3964 aliquid
3154 3895 3451 3950 remittat.

1237 4020 1551 4077 Censitori.

635 4147 766 4201 Non
788 4142 923 4199 licet
943 4142 1182 4198 eminus
1210 4142 1650 4215 providentiam
1676 4144 1944 4201 divinam
1970 4146 2217 4203 intueri:

565 4233 671 4290 sed
683 4248 796 4289 nos
815 4231 1093 4289 homines
1118 4247 1242 4304 prin
1281 4231 1471 4287 animi
1498 4231 1902 4289 imbecillitate
1923 4250 2059 4306 quae
2084 4241 2220 4292 ante

558 4323 750 4395 .pedes
770 4321 966 4392 posita
982 4325 1122 4377 sunt
1141 4320 1531 4392 respicimus;
1564 4327 1622 4378 et
1650 4337 1809 4392 sape
1839 4322 1987 4378 dum
2012 4323 2093 4379 ad
2115 4324 2220 4380 bo-

564 4426 714 4467 num
736 4410 920 4466 ﬁnem
952 4410 1331 4478 deducimur,
1356 4409 1604 4466 moleste
1630 4410 1899 4479 ferimus,
1930 4411 2221 4469 tolerante

564 4505 802 4557 nostras
838 4498 1104 4555 inscitias
1125 4515 1217 4566 eo,
1239 4499 1347 4571 qui
1379 4498 1587 4556 omnia
1607 4498 1667 4555 in
1688 4500 1984 4570 sapientia
2004 4501 2221 4557 mode-

562 4592 750 4656 ratur,
776 4588 1050 4643 Domino.
1072 4587 1385 4644 Meministi
1402 4586 1562 4642 enim
1586 4603 1773 4661 quam
1798 4587 2051 4645 moleste
2079 4594 2221 4645 tunc

566 4673 746 4747 444
780 4674 1092 4731 tulerimus
1112 4674 1462 4747 impositam
1500 4676 1677 4755 nobis
1709 4675 2215 4735 sollicitudinem:

563 4768 714 4835 quot
741 4762 1244 4820 advocaverimus
1282 4764 1534 4835 amicos,
1562 4770 1628 4821 ut
1651 4764 1893 4822 illorum
1927 4781 2115 4838 opera
2135 4766 2220 4823 in-

548 5042 555 5047 '
637 5032 660 5052 ⁶
697 5028 863 5086 Alias
895 5029 1207 5087 CCCCXXI.

637 5102 683 5125 “
718 5101 879 5157 Alias
904 5102 1263 5159 CCCCXXVI.

540 5188 543 5191 '
636 5174 701 5197 '“
725 5172 885 5227 Alias
912 5173 1183 5229 CCCLIII.

637 5245 750 5313 (82)
775 5244 980 5321 Αιξτοζς.
1013 5246 1175 5299 Hanc
1206 5259 1418 5300 vocem
1466 5244 1814 5301 addidimus
1845 5261 1919 5302 ex
1946 5247 2217 5321 quinque

566 5331 715 5371 mss.
746 5314 1075 5371 codicibus.

638 5387 752 5458 (83)
792 5385 857 5459 Ὢ
885 5391 975 5459 οιαὶ
1004 5384 1309 5459 παραπαλῶ.
1356 5387 1528 5441 Deest
1576 5388 1919 5458 conjunctio
1958 5389 2021 5445 in
2041 5390 2219 5448 Medi-

568 5471 714 5519 caao,
750 5457 923 5513 Coisl.
959 5457 1229 5514 secundo
1258 5461 1315 5513 et
1344 5459 1486 5527 Reg.
1518 5457 1812 5517 secundo.

639 5527 754 5600 (84)
775 5527 1060 5603 ’Υπερϐάλῃ
1076 5571 1091 5587 .
1122 5527 1301 5587 Coisl.
1330 5528 1633 5586 secundus
1660 5535 1719 5587 et
1744 5533 1885 5602 Reg.
1908 5531 2216 5590 secundus

2977 4023 3287 4092 Κηνσίτορι.

2399 4145 2510 4198 Οὐκ
2595 4147 2707 4196 ἔστι
2775 4143 3038 4217 πόρρωθεν
3116 4141 3246 4197 ἰδεῖν
3314 4147 3409 4205 τὰς
3472 4142 3749 4213 οἰκονομίας
3804 4136 3871 4183 τοῦ

2329 4242 2487 4288 Θεοῦ·
2552 4232 2658 4285 ἀλλ’
2725 4234 2826 4285 ὑπὸ
2890 4232 3259 4305 μικροψυχίας
3298 4232 3351 4284 οἱ
3390 4232 3651 4305 ἅνθρωποι
3686 4228 3790 4298 πρὸς
3830 4223 3873 4269 τά

3110 4325 3199 4373 καὶ
3276 4320 3534 4381 πολλάκις
3590 4316 3669 4371 ἐπὶ
3722 4311 3871 4385 ἀγαθὸν

3396 4411 3702 4481 ἀνεχομένου
3763 4404 3873 4470 ὴμῦν

2329 4323 2378 4376 ἐν
2441 4327 2598 4376 ποσὶν
2659 4320 3033 4393 ἀποϐλέπομεν·

2328 4416 2485 4485 πέρας
2546 4410 2788 4482 ἀγόμενοι
2860 4407 2926 4462 δυ
2936 4412 3303 4483 σχεραίνομὲν,

2329 4509 2423 4561 τῆς
2451 4499 2680 4571 ἀμαθίας
2698 4507 2789 4552 τοῦ
2820 4501 2989 4551 πάντα
3031 4496 3078 4550 ἐν
3121 4505 3182 4569 τῇ
3227 4498 3418 4551 ἑαυτοῦ
3447 4501 3560 4567 (85)
3613 4498 3755 4565 σοφίᾳ
3770 4485 3872 4540 διοι-

2328 4595 2543 4650 κοῦντος
2594 4592 2876 4641 Δεσπότου.
2923 4592 3203 4659 Μέμνησαι
3249 4590 3353 4661 γὰρ
3406 4584 3580 4645 δήπου
3617 4585 3725 4636 ὅσον
3754 4574 3872 4630 ἐδυσ-

2328 4680 2621 4754 χεράναμεν
2673 4678 2788 4747 (86)
2872 4681 2991 4729 τότε
3058 4679 3185 4751 πρὸς
3241 4682 3341 4735 τὴν
3416 4677 3724 4729 ἕπιτεθείσαν
3778 4668 3873 4736 ἡμῖν

2329 4765 2607 4841 φροντίδα,
2670 4768 2824 4828 ὅσους
2880 4765 3234 4839 παρελάϐομεν
3276 4774 3382 4819 τῶν
3415 4766 3594 4840 φίλων,
3644 4762 3708 4825 εἰς
3738 4760 3786 4811 τὸ
3818 4749 3873 4805 δι’

2327 5033 2644 5109 ὑπερϐαλλῃ.
2665 5103 2676 5109 -
2910 5104 2958 5109 __
3501 5102 3515 5109 _
3583 5100 3597 5109 .
3726 5094 3758 5109 ν

2398 5094 2509 5178 (85)
2547 5094 2620 5178 Τῇ
2641 5103 2861 5178 tauro-1
2904 5104 2997 5161 Sic
3056 5106 3171 5160 tres
3208 5100 3600 5161 vetustissimi
3643 5094 3867 5155 codices.

2325 5177 2475 5232 Editi
2504 5184 2565 5234 τῆ
2593 5176 2771 5230 αὑτοῦ.

2395 5228 2502 5318 ἶέό)
2535 5228 3023 5320 ΪἘδρεξχέράναμει-
3068 5246 3308 5320 Regius
3344 5251 3592 5317 uterque
3615 5242 3693 5320 -9!
3730 5228 3869 5320 βοίεέο

2325 5308 2627 5400 secundus
2646 5308 3354 5400 ﬁdgaxe‘oaivogev.;Patilo
3722 5308 3870 5400 drop-il-

2329 5394 2502 5463 ςομεν.
2553 5388 2666 5463 Sed
2719 5386 2916 5461 potior
2968 5386 3098 5444 visa
3124 5389 3286 5463 Regii
3330 5386 3505 5461 primi
3536 5389 3589 5441 et
3624 5386 3786 5441 Paris.
3812 5386 3869 5429 ac

2325 5460 2511 5533 Bigot.
2536 5460 2853 5535 scriptura,
2883 5476 3071 5534 quam
3098 5460 3285 5517 secuti
3306 5460 3538 5516 sumus.
