4050 6220
196 262 310 317 1061
1107 251 1589 311 EPISTOLARUM
1627 249 1913 308 CLASSIS
1952 251 2045 306 III.
2080 250 2296 307 EPIST.
2338 253 2601 308 CCCXIV.
3391 258 3529 313 1062

185 385 338 436 αὐτῶν
368 382 686 435 ἀπώσασθαι
714 384 807 439 τήν
836 379 1101 454 ἐπήρειαν.
1126 379 1277 431 Οὕτω
1305 379 1407 451 γὰρ
1439 377 1771 448 ὠνομάζομεν
1800 399 1814 432 Α

1922 376 2105 432 ariam
2129 376 2649 451 propulsaremus.
2682 377 2777 433 Sic
2806 377 2967 434 enim
3002 392 3132 435 rem
3178 379 3529 452 appellaba-

186 477 237 524 τὸ
268 477 505 548 πρᾶγμα.
540 470 697 522 Ἀλλὰ
719 478 807 521 νῦν
840 471 961 542 ὁρᾶς
989 471 1144 521 ὁποῖα
1163 470 1227 520 τὰ
1251 470 1505 541 παρόντα.
1528 470 1775 540 Παρέσχε

1922 466 2164 522 1US.SBC
2186 480 2347 521 nunc
2367 466 2534 522 vides
2554 465 2759 538 qualia
2780 467 2895 523 sint
2913 470 3258 538 praesentia.
3273 469 3533 526 Praebuit

1888 554 2043 607 enim
2074 553 2176 609 tibi
2207 557 2357 609 Dens
2380 556 2761 610 occasionem
2814 571 3054 612 morum
3084 557 3440 627 integritatis
3468 561 3532 616 in

1885 642 2083 696 lucem
2111 642 2508 713 proferendus,
2535 644 2762 715 totique
2798 646 3127 715 posteritati
3173 654 3534 717 argumenta

1887 730 2064 785 bonae
2093 730 2400 785 memoriae
2422 730 2821 802 relinquendi.
2855 733 3070 798 Quales
3100 736 3259 791 enim
3306 738 3533 795 descri-

1889 820 2122 892 ptiones
2153 836 2449 875 censuum
2492 821 2638 892 ipsae
2678 821 2915 887 fuerint,
2938 824 3073 878 talis
3112 827 3291 882 etiam
3325 845 3534 886 earum

1888 908 2225 964 recordatio
2250 924 2287 964 a
2316 909 2567 980 posteris
2593 912 2937 965 conservari
2968 912 3136 969 solet.
3170 915 3307 972 Mihi
3333 923 3537 974 autem

1893 997 2131 1053 Galatas
2160 1012 2238 1054 ne
2288 998 2556 1070 optando
2608 998 2855 1069 quidem
2910 1002 3179 1071 potuisse
3227 1004 3538 1075 ingenium

1890 1088 2219 1143 humanius
2250 1089 2518 1143 nancisci
2547 1088 2922 1160 exploratum
2951 1097 3009 1146 et
3034 1108 3395 1164 persuasum
3419 1102 3531 1153 est.

1892 1179 2007 1232 Nec
2035 1177 2268 1233 Galatas
2301 1176 2500 1232 solum
2529 1177 2740 1233 beatos
2804 1180 3132 1251 praedicare
3190 1199 3437 1255 possum
3468 1185 3543 1241 ob

1894 1270 2059 1321 tuam
2090 1265 2819 1335 administrationem,sed
2842 1272 2899 1324 et
2924 1270 3247 1342 meipsum.
3269 1277 3365 1329 Est
3382 1275 3545 1331 enim

1894 1355 2043 1410 mihi
2068 1355 2244 1410 etiam
2268 1355 2485 1410 domus
2504 1355 2563 1411 in
2582 1356 2836 1424 Galatia;
2863 1374 2932 1414 ac
2950 1358 3273 1418 domorum
3295 1365 3546 1435 quidem

1896 1442 1998 1498 Dei
2026 1443 2190 1499 dono
2218 1442 2396 1515 longe
2425 1442 2937 1516 splendidissima,
2984 1448 3047 1503 in
3076 1465 3262 1521 quam
3296 1453 3546 1524 quidem

1897 1534 1945 1587 si
1976 1532 2123 1587 mihi
2155 1532 2383 1605 aliquid
2407 1533 2672 1605 praesidii
2703 1537 3074 1592 concesseris
3093 1539 3413 1608 (concedes
3436 1558 3546 1599 au-

1896 1627 2017 1678 tem
2043 1620 2316 1694 quandiu
2344 1622 2609 1678 amicitia
2634 1639 2744 1679 suo
2772 1624 2952 1680 stabit
2987 1626 3248 1699 robore),
3276 1631 3549 1701 ingentes

1902 1714 2019 1766 Deo
2052 1710 2272 1780 gratias
2319 1710 2637 1767 habiturus
2685 1729 2842 1768 sum.
2897 1714 2953 1770 Si
3000 1731 3123 1787 qua
3170 1718 3351 1788 igitur
3394 1722 3550 1778 ratio

1901 1798 2068 1871 apud
2096 1804 2263 1854 tuam
2294 1797 2649 1868 dignitatem
2687 1801 2965 1857 amicitiae
3012 1820 3183 1871 meae,
3236 1812 3299 1862 ut
3351 1813 3551 1866 ratum

1902 1888 2216 1962 quoddam
2248 1889 2609 1945 beneﬁcium
2638 1890 2867 1947 tribuas
2906 1892 3115 1949 domui
3164 1898 3555 1969 magistratus

1904 1978 2161 2034 maxime
2193 1977 2537 2033 admirandi
2569 1979 2833 2050 Sulpicii,
2861 1981 2955 2037 fac
2993 1999 3132 2039 mea
3173 2001 3361 2042 causa
3410 2004 3554 2044 exo-

1904 2068 2089 2123 reris:
2125 2065 2279 2121 adeo
2308 2072 2373 2122 ut
2408 2066 2482 2122 de
2511 2082 2698 2123 censu
2726 2071 3006 2139 praesenti
3045 2071 3272 2144 aliquid
3314 2075 3553 2144 demas,

1907 2154 2173 2212 maxime
2228 2154 2477 2225 quidem
2522 2156 2687 2228 quod
2744 2160 3139 2217 memorabile
3192 2163 3285 2231 sit,
3344 2169 3402 2220 et
3451 2170 3558 2222 tua

1908 2243 2407 2313 magnanimitate
2460 2243 2735 2314 dignum,
2776 2246 3002 2303 addam
3042 2249 3222 2305 etiam
3260 2256 3318 2307 et
3351 2258 3560 2310 nostra

1911 2335 2013 2405 qui
2052 2337 2106 2389 te
2145 2332 2450 2402 diligimus
2498 2334 2861 2405 precatione.
2914 2335 3015 2391 Sin
3069 2339 3294 2405 minus,
3344 2341 3559 2398 saltem

1910 2426 2210 2495 quantum
2260 2426 2535 2494 tempora
2586 2424 2944 2490 concedunt,
2988 2431 3045 2481 et
3098 2443 3298 2485 rerum
3342 2435 3561 2489 natura

1912 2513 2172 2585 patitur:
2222 2512 2471 2568 omnino
2519 2518 2724 2569 autem
2781 2513 3011 2587 aliquid
3072 2517 3306 2586 demas,
3347 2535 3457 2576 nec
3496 2522 3562 2577 in

1915 2602 2131 2659 eodem
2160 2604 2321 2655 statu
2367 2600 2713 2673 relinquas:
2754 2607 2820 2658 ut
2866 2618 2976 2675 pro
3017 2604 3564 2665 innumerabilibus

1915 2689 2244 2757 beneﬁciis,
2266 2704 2401 2761 quae
2434 2689 2513 2745 ab
2542 2691 2784 2760 egregio
2812 2691 2913 2747 illo
2943 2694 3297 2763 magistratu
3335 2698 3568 2770 accepi-

1917 2795 2078 2848 mus,
2115 2778 2275 2834 hanc
2329 2792 2517 2833 unam
2555 2778 2816 2848 gratiam
2872 2784 2977 2837 tua
3033 2783 3344 2853 gravitatis
3381 2800 3570 2858 opera

1920 2868 2274 2925 referamus.

188 564 280 636 γάρ
315 580 399 612 σοι
429 562 453 611 ὸ
508 563 640 621 Θεὸς
684 559 921 631 ἀφορμὴν
972 564 1064 611 τοῦ
1108 561 1194 614 τὴν
1251 556 1636 627 καλοκαγαθίαν
1678 564 1774 606 των

189 655 380 724 τρόπων
408 649 475 708 εἰς
508 652 717 723 φανερὸν
743 647 979 719 ἀγαγεῖν,
1030 651 1119 720 καὶ
1164 650 1320 698 παντὶ
1349 653 1420 715 τῷ
1451 644 1629 716 ἐφεξῆς
1675 642 1777 715 βίῳ

192 739 382 812 ἀγαθῆς
439 744 646 810 μνήμης
705 736 943 811 ἀφορμὰς
1001 735 1274 808 ἐναφεῖναι.
1332 734 1540 786 Ὀποῐαι
1589 736 1689 805 γὰρ
1718 731 1778 783 ἆν

193 826 310 881 ὦσιν
343 830 397 879 αἱ
429 826 774 899 ἀποτιμήσεις
807 822 983 889 αὗται,
1013 832 1253 877 τοιαῦται
1278 830 1367 876 καὶ
1398 826 1451 875 αἱ
1490 823 1566 875 ἐπ’
1598 822 1781 883 αύταῖς

191 925 385 990 μνῆμαι
413 919 557 990 παρὰ
585 924 682 968 τῶν
730 914 1091 986 ἐπιγινομένων
1140 910 1499 975 διασὼξεσθαι
1548 915 1781 983 πεφύκα-

194 1026 269 1059 σιν
288 1007 420 1077 (8⁸7).
465 1007 601 1058 Ἐπεὶ
655 1001 713 1057 δὲ
745 1001 869 1056 οὐδὲ
899 1003 1203 1075 εὐχομένοις
1255 1001 1511 1062 Γαλάταις
1558 1000 1783 1073 ὑπῆρξεν

189 1094 245 1146 ἂν
270 1095 751 1168 γιλανθρωποτέρου
792 1094 948 1152 ἤθους
978 1091 1266 1163 ἐπιτυχεῖν,
1300 1090 1528 1162 ἀκριϐῶς
1556 1089 1655 1161 ἐγὼ
1699 1092 1784 1142 πέ-

188 1203 422 1255 πεισμαι.
454 1182 605 1254 Ἔχω
645 1178 704 1234 δε
733 1181 791 1233 ού
820 1180 1049 1240 Γαλάτας
1075 1183 1382 1254 μακαρίζειν
1414 1188 1508 1241 τῆς
1540 1186 1636 1241 σῆς
1664 1178 1782 1231 ἐπι-

189 1278 410 1334 στασίας
455 1278 632 1344 μόνον,
662 1270 791 1322 ἀλλὰ
833 1275 922 1322 καὶ
970 1270 1127 1330 αὐτὸς
1185 1269 1404 1341 ἐμαυτόν
1458 1271 1595 1341 (88).
1629 1267 1783 1321 ’Ἐστι

185 1366 280 1435 γὰρ
315 1360 479 1433 κάμοὶ
503 1359 644 1419 οἶκος
683 1358 731 1411 ἐν
772 1359 1018 1431 Γαλατία,
1053 1362 1143 1409 καὶ
1188 1357 1339 1410 οἳκων
1370 1377 1427 1429 γε
1480 1360 1504 1409 ο
1547 1357 1783 1431 λαμπρὸ-

190 1470 333 1511 τατος
367 1452 462 1502 σὺν
493 1456 629 1519 Θεῷ,
659 1448 731 1510 εἰς
761 1448 813 1501 ὃν
846 1448 889 1500 εἰ
918 1450 1142 1519 τύχοιμι
1170 1450 1315 1520 παρὰ
1364 1454 1457 1499 σοῦ
1487 1465 1625 1506 τινος
1656 1445 1784 1518 βοη-

193 1542 327 1600 θείας
359 1538 627 1610 (τεύξομαι
658 1533 719 1589 δὲ
747 1538 841 1597 ἕως
884 1536 944 1588 ἂν
998 1538 1027 1593 ἡ
1076 1535 1219 1608 φιλία
1265 1540 1359 1593 τὴν
1399 1536 1591 1587 οἰκείαν
1626 1535 1785 1606 ἰσχύν

194 1631 334 1701 ἔχῃ),
363 1627 594 1700 μεγάλην
626 1630 834 1698 εἵσομαι
862 1634 935 1696 τῷ
966 1633 1080 1696 Θεῷ
1131 1629 1223 1682 τὴν
1254 1627 1435 1699 χάριν.
1471 1625 1529 1677 Εἰ
1576 1621 1663 1677 οὖν
1709 1644 1789 1685 τις

193 1717 340 1788 λογος
362 1717 507 1790 παρὰ
628 1722 693 1786 σῇ
725 1719 994 1787 τιμιότητι
1024 1722 1114 1773 τῆς
1143 1713 1267 1785 ἐμῆς
1296 1714 1484 1785 φιλίας,
1513 1713 1791 1785 ὁμολογου-
1820 1728 1860 1781 Β

198 1811 346 1879 μένην
378 1807 495 1857 τινὰ
524 1804 765 1877 ὠφελειαν
794 1805 1175 1877 παρασχέσθαι
1203 1811 1275 1872 τῷ
1304 1802 1427 1873 οἲκῳ
1453 1810 1544 1855 τοῦ
1588 1805 1790 1875 Θαυμα-

202 1897 458 1947 σιωτάτου
489 1896 745 1968 ἄρχοντος
774 1893 1080 1945 Σουλπικίου
1105 1892 1237 1963 (89),
1264 1894 1292 1949 ἡ
1301 1901 1409 1964 μῶν
1439 1892 1600 1944 ἕνεκεν
1625 1912 1792 1963 παρα-

199 1985 420 2042 κλήθητι
452 2006 463 2017 ·
492 1986 625 2035 ὥστε
673 1982 868 2055 ὑφελεῖν
900 2002 951 2034 τι
990 1991 1085 2041 τῆς
1112 1989 1200 2032 νῦν
1249 1985 1409 2042 οὔσης
1463 1980 1791 2055 ἀπογραφῆς,

195 2073 429 2146 μάλιστα
452 2076 541 2145 μεν
572 2071 854 2143 ἀξιόλογον,
887 2076 976 2123 καὶ
1006 2080 1101 2131 τῆς
1134 2080 1232 2131 σῆς
1255 2070 1589 2142 μεγαλονοίας
1626 2071 1790 2140 ἄξιον,

196 2165 489 2235 προσθήσω
520 2157 599 2229 δὲ,
623 2163 703 2213 ὅτι
728 2166 818 2213 καὶ
847 2168 941 2222 τῆς
966 2161 1218 2233 ἡμετέρας
1249 2159 1526 2234 πρεσϐείας
1556 2161 1661 2229 (90)
1696 2168 1794 2211 τῶν

197 2250 514 2323 ἀγαπώντων
549 2269 606 2302 σε
637 2271 650 2283 ο
687 2249 730 2301 εἰ
761 2246 819 2301 δὲ
844 2254 941 2321 μὴ,
971 2247 1080 2300 ἀλλ’
1112 2251 1230 2300 ὅσον
1263 2250 1313 2300 οἵ
1366 2269 1418 2300 τε
1465 2253 1635 2320 καιροὶ
1685 2250 1793 2317 (91)

201 2346 574 2413 συγχωροῦσι,
601 2344 690 2391 καὶ
727 2341 758 2398 ἠ
792 2346 891 2390 τῶν
916 2340 1238 2411 πραγμάτων
1270 2334 1575 2409 ἐπιδέχεται
1601 2340 1756 2409 φύσις
1780 2357 1793 2369 ’

199 2432 402 2490 πάντως
432 2424 491 2480 δὲ
522 2428 738 2500 ὑφελεῖν,
767 2432 857 2479 καὶ
896 2432 966 2499 μὴ
1014 2427 1167 2479 ἐᾶσαι
1202 2426 1285 2480 ἐπὶ
1315 2436 1411 2488 τῆς
1440 2432 1750 2485 ταυτότητος
1782 2446 1795 2458 ·

202 2518 330 2571 ὥστε
362 2518 508 2590 ἡμᾶς
535 2518 644 2589 (92)
673 2521 873 2591 μυρίων
920 2517 989 2567 ὧν
1037 2520 1224 2589 ἔχομεν
1262 2518 1407 2589 παρὰ
1459 2523 1550 2567 τοῦ
1604 2514 1801 2586 ἀγαθοῦ

202 2608 465 2680 ἄρχοντος
512 2606 815 2678 εὐεργεσιῶν
856 2611 980 2678 μίαν
1024 2608 1187 2680 χάριν
1230 2609 1421 2663 ταύτην
1454 2601 1549 2657 διὰ
1575 2612 1670 2667 τῆς
1705 2612 1805 2665 σῆς

206 2700 531 2768 σεμνότητος
563 2693 886 2752 ἂντεκτίσαι.

769 3000 1102 3048 ΕΠΙΣΤΟΛΗ
1132 2994 1268 3049 ΤΙΔ’.

2424 2991 2757 3048 EPISTOLA
2784 2994 3076 3052 CCCXIV'.

504 3138 699 3209 Rogat
725 3143 791 3193 ut
820 3151 932 3194 sua
954 3152 1137 3194 causa
1166 3152 1428 3195 amorem
1456 3152 1599 3209 erga
1621 3137 1905 3207 fratrem,
1935 3135 2043 3207 qui
2079 3134 2235 3191 hanc
2261 3134 2574 3204 epistolam
2602 3134 2858 3204 ferebat,
2888 3138 3280 3207 multiplicet.

655 3261 1052 3335 ’Λνεπίγραφος,
1085 3260 1168 3313 ἐπὶ
1198 3262 1394 3333 οἰκέτῃ.

2249 3258 2391 3314 Sine
2427 3260 2838 3331 inscriptione,
2861 3275 2972 3330 pro
2995 3263 3255 3332 famulo.

291 3392 399 3441 Καὶ
454 3392 561 3447 πῶς
600 3384 803 3457 ἔμελλον
851 3384 951 3456 ἐγὼ
981 3390 1301 3460 γραμμάτων
1349 3386 1542 3439 οἰκείαν
1587 3386 1814 3461 ἀφορμὴν

2004 3386 2073 3439 Et
2095 3383 2406 3456 quomodo
2432 3399 2544 3453 ego
2576 3383 2970 3442 domesticam
2992 3386 3293 3444 scribendi
3315 3390 3581 3449 occasio-

218 3475 580 3550 παρόψεσθαι.
613 3479 703 3525 καὶ
730 3478 802 3546 μὴ
834 3483 1104 3549 προσερείν
1138 3476 1245 3545 (93)
1269 3480 1361 3533 τὴν
1396 3480 1492 3533 σὴν
1522 3480 1823 3548 τιμιότητα,

219 3561 382 3616 τοῦδε
412 3566 539 3637 πρὸς
567 3564 704 3635 ὑμᾶς
729 3561 1099 3635 ἀφικνουμένου
1120 3580 1134 3631 ;
1159 3563 1255 3625 Ὃς
1284 3562 1485 3636 ἐξήρκει
1510 3568 1599 3637 μεν
1630 3570 1719 3616 καὶ
1740 3564 1822 3636 αφ’

225 3652 420 3705 ἑαυτοῦ
452 3652 606 3704 εἰπεῖν
636 3654 702 3703 τὰ
726 3653 970 3724 ἡμέτερα,
999 3656 1087 3703 καὶ
1119 3656 1211 3710 τήν
1239 3662 1334 3714 τῆς
1381 3652 1652 3714 ἐπιστολῆς
1700 3652 1825 3705 ἀπο-

227 3740 515 3813 πληρῶσαι
546 3743 657 3811 (94)
688 3744 874 3813 χρείαν
909 3762 921 3774 ·
955 3739 1222 3800 ἠϐουλήθη
1270 3739 1328 3793 δὲ
1372 3748 1461 3793 καὶ
1506 3744 1827 3816 γραμμάτων

227 3826 478 3889 διάκονος
505 3830 763 3900 γενέσθαι,
798 3824 891 3881 διὰ
926 3832 983 3880 τὸ
1016 3826 1223 3903 σφόδρα
1250 3832 1388 3902 ἡμᾶς
1414 3835 1640 3903 ἀγαπᾷν,
1668 3836 1756 3883 καὶ
1781 3830 1834 3893 ἐξ

226 3918 571 3990 ὄληςψυχῆς
594 3921 941 3991 προσκεῖσθαι
986 3920 1127 3990 ἡμῖν.
1183 3925 1343 3972 Παντὶ
1391 3921 1500 3991 (95)
1542 3925 1717 3993 τρόπῳ
1744 3925 1835 3972 καὶ

222 4010 287 4061 τὰ
320 4010 556 4081 ὑμέτερα
587 4008 804 4081 ῥήματα
839 4006 1238 4079 ἑπικομίζεσθαι
1277 4007 1540 4081 βούλεται,
1578 4015 1669 4063 καὶ
1714 4012 1835 4083 ὑμῖν

225 4094 627 4153 διακονεῖσθαι.
654 4093 953 4168 Ἐδωκαμεν
991 4094 1079 4148 οὖν
1117 4098 1259 4168 αὐτῷ
1294 4103 1390 4156 τὴν
1427 4097 1719 4169 ἐπιστολὴν,
1763 4097 1835 4152 δι’

226 4185 292 4248 ἧς
316 4194 532 4260 πρῶτον
564 4187 654 4256 μὲν
684 4186 804 4256 ύμῖν
834 4185 1100 4257 εὐχόμεθα
1145 4188 1315 4238 πάντα
1363 4190 1429 4239 τὰ
1467 4186 1660 4259 ἀγαθὰ,
1693 4189 1782 4242 οἶτε
1811 4191 1838 4241 ὀ

226 4274 348 4348 βίος
381 4274 533 4334 οὗτος
563 4276 699 4345 ἔχει,
732 4280 820 4326 καὶ
846 4276 946 4326 ὅσα
982 4278 1070 4328 τὸν
1118 4274 1167 4326 ἐν
1196 4284 1308 4336 ταῖς
1358 4278 1464 4348 (96)
1513 4276 1840 4350 ἐπαγγελίαις

224 4366 578 4438 μακαρισμὸν
609 4359 923 4434 ἀποκείμενα
952 4363 1207 4435 φυλάσσει
1239 4385 1251 4397 -
1281 4367 1458 4417 ἔπειτα
1493 4372 1582 4419 καὶ
1619 4363 1842 4440 δεόμεθα

223 4462 321 4507 τοῦ
354 4453 520 4526 ἁγίου
549 4459 682 4505 Θεοῦ
707 4452 1111 4525 οἰκονομηθῆναι
1134 4450 1374 4525 δεύτερον
1394 4457 1519 4532 ἡμῖν
1542 4460 1635 4514 τὴν
1660 4477 1843 4510 συντυ-

1932 3490 2075 3530 nem
2104 3475 2491 3545 negligerem,
2521 3490 2630 3530 nec
2651 3479 2820 3531 tuam
2851 3476 3176 3534 salutarem
3200 3479 3578 3552 dignitatem,

1933 3563 2049 3619 hoc
2079 3563 2158 3618 ad
2188 3579 2297 3618 vos
2323 3563 2737 3635 proficiscente
2757 3564 2785 3618 ‘2
2816 3566 2925 3630 Qui
2972 3567 3219 3638 quidem
3269 3574 3327 3624 et
3367 3585 3475 3641 per
3517 3586 3583 3627 se

1936 3657 2139 3721 posset
2164 3657 2375 3706 nostra
2403 3668 2668 3722 narrare,
2692 3652 3143 3727 litterarumque
3173 3657 3367 3713 vicem
3392 3658 3584 3732 exple-

1937 3756 2001 3795 re
2025 3758 2038 3791 :
2070 3740 2261 3798 voluit
2289 3745 2494 3796 tamen
2520 3740 2745 3797 litteras
2765 3744 2947 3797 etiam
2976 3742 3254 3815 perferre,
3294 3761 3366 3801 eo
3416 3746 3587 3818 quod

1941 3845 2039 3886 me
2063 3829 2446 3885 vehementer
2466 3829 2696 3900 diligat,
2721 3846 2790 3886 ac
2818 3831 2967 3887 mihi
2988 3848 3061 3888 ex
3081 3836 3205 3889 toto
3232 3834 3438 3891 animo
3460 3835 3591 3891 afﬁ-

1942 3934 2056 3974 xus
2077 3917 2171 3973 sit.
2199 3918 2373 3990 Cupit
2401 3919 2652 3975 omnino
2677 3924 2733 3975 et
2764 3923 2934 3975 tuum
2962 3936 3325 3994 responsum
3350 3923 3590 3997 referre,

1945 4011 2002 4063 et
2026 4006 2133 4063 tibi
2158 4022 2332 4062 suam
2362 4022 2609 4079 operam
2640 4012 2950 4079 praestare.
2983 4012 3186 4082 Itaque
3215 4011 3269 4066 ei
3297 4011 3437 4068 dedi
3476 4012 3598 4086 epi-

1948 4097 2189 4166 stolam,
2211 4112 2336 4169 qua
2364 4096 2469 4152 tibi
2489 4097 2752 4169 primum
2776 4098 2943 4155 bona
2972 4100 3179 4156 omnia
3202 4116 3434 4173 precor,
3466 4105 3600 4163 tum

1946 4202 2084 4259 quae
2112 4186 2241 4243 haec
2273 4185 2393 4241 vita
2419 4185 2621 4257 habet,
2646 4191 2773 4242 tum
2804 4203 2941 4259 quae
2962 4189 3326 4260 promissam
3350 4191 3599 4248 beatitu-

1948 4274 2152 4330 dinem
2185 4275 2449 4347 reposita
2479 4280 2756 4331 servant:
2790 4276 3008 4332 deinde
3038 4277 3215 4333 etiam
3240 4281 3428 4333 Deum
3454 4295 3600 4335 san-

1951 4368 2115 4419 ctum
2143 4379 2314 4433 rogo,
2345 4368 2413 4419 ut
2441 4379 2512 4419 eo
2539 4364 2622 4419 ita
2641 4363 3033 4436 dispensante
3053 4364 3268 4420 iterum
3286 4366 3602 4422 vobiscum

1953 4454 2441 4526 congrediamur,
2470 4453 2621 4509 dum
2650 4453 2712 4509 in
2737 4459 2894 4509 terra
2924 4469 3255 4510 versamur.
3282 4457 3599 4524 Caeterum,

300 4632 431 4701 (87)
456 4637 775 4703 Τοιαύται...
802 4634 1112 4703 πεφύκασιν.
1149 4633 1242 4703 Sic
1298 4636 1415 4688 tres
1462 4632 1814 4689 vetustissim

1922 4636 1923 4641 ‘
1954 4632 2226 4699 inﬁcetus
2255 4630 2547 4687 doctrina
2574 4632 2832 4687 Patrum
2869 4630 3112 4701 verique
3145 4645 3348 4688 eorum
3398 4648 3605 4690 sensus

226 4701 693 4785 codicesz'Editi
714 4701 933 4785 ¹τοιαύτη
971 4708 1065 4785 ’καὶ
1090 4706 1136 4785 ἡ.
1173 4702 1250 4757 ἐπ’
1301 4704 1506 4785 αὐτοῖς..
1518 4705 1728 4785 μνὴμῃ..
1750 4746 1763 4759 .
1787 4747 1799 4760 .
1823 4749 1836 4763 .

227 4778 463 4846 πέφυκε.
487 4772 733 4846 Habent
752 4774 932 4846 etiam
963 4773 1039 4826 ἐπ’
1074 4774 1257 4837 αὑταῖς
1280 4791 1386 4830 sex
1434 4772 1533 4831 alii
1573 4772 1838 4832 codices.

301 4842 434 4913 (88)
486 4842 759 4914 Ἐμαυτὸν.
821 4844 914 4901 Sic
965 4849 1083 4901 tres
1133 4846 1522 4903 vetustissimi
1576 4846 1838 4905 codices.

228 4914 393 4971 Editi
432 4913 643 4969 ἑαυτὸν.

294 4986 798 5109 ἧῗζίἰνλπικίου.
832 4986 920 5044 Ita
973 4987 1133 5044 Harl.
1191 4988 1392 5061 prima
1446 5003 1656 5046 manu.
1698 4987 1851 5045 Editi

229 5064 545 5110 Οὐλπικίου
559 5101 571 5113 ,

303 5128 434 5207 (θρ)
467 5126 779 5207 ῌρεσϐείαςτ
810 5127 1123 5207 Immorari
1168 5130 1491 5207 non_soleo
1538 5131 1600 5207 in
1646 5130 1853 5207 obser-

226 5198 472 5255 vandis
501 5198 893 5270 interpretum
924 5200 1170 5267 erratis;
1204 5201 1312 5257 sed
1342 5207 1544 5258 tamen
1574 5203 1688 5258 hoc
1717 5202 1851 5259 loco

226 5285 564 5395 nefariam
584 5270 844 5342 speciem
866 5271 1212 5353 eruditionis
1236 5272 1493 5354 sculteti,
1508 5278 1573 5329 ut
1593 5273 1852 5355 quisque

223 5355 285 5396 v1
339 5346 455 5396 eat
479 5346 775 5401 quantum
806 5342 945 5397 huic
974 5342 1202 5398 homini
1225 5343 1611 5400 tribuendum
1644 5349 1736 5401 sit.
1762 5346 1852 5401 Sic

223 5357 455 5396 Videat.
479 5357 775 5412 quantum
806 5357 945 5397 nuic
974 5357 1202 5398 nomini
1225 5357 1611 5400 tribuendum
1644 5357 1736 5402 sit.
1762 5357 1854 5401 Sic

223 5412 432 5485 igitur
461 5410 909 5484 interpretatur:
938 5413 1098 5480 Quod
1122 5416 1230 5471 ille
1256 5417 1329 5470 sit
1359 5431 1434 5472 ea:
1470 5418 1673 5472 ordine
1717 5430 1851 5485 pre-

226 5484 633 5553 sbyterorum
663 5490 1021 5540 nostrorum.
1055 5485 1218 5541 Unde
1267 5484 1658 5543 Combeﬁsius
1682 5504 1695 5542 :
1720 5484 1852 5546 να-

222 5555 425 5628 putet
461 5554 575 5609 tiro
603 5556 710 5627 qui
735 5556 821 5611 sic
844 5556 1097 5612 deliret:
1129 5557 1358 5629 eritque
1375 5557 1544 5615 nobis
1570 5559 1746 5616 homo
1768 5561 1855 5615 sic

1955 4704 2377 4845 argﬁgmpoi.
2414 4772 2506 4829 Sic
2536 4787 2758 4845 novem
2794 4788 2944 4845 mss.
2972 4772 3121 4829 Editi
3145 4777 3352 4845 χρόνοι.

2032 4841 2144 4987 (92)
2170 4841 2330 4895 Ὠστε
2354 4846 2513 4915 ἡμᾶς.
2538 4841 2712 4898 COiSl.
2736 4843 2970 4923 primus
2999 4848 3055 4924 et
3084 4841 3231 4901 Méa.
3258 4848 3498 4927 ὡςὴμάς,

2032 4917 2119 4987 (93
2172 4919 2257 4972 Μὴ
2288 4920 2579 4987 προσερεῖν.
2632 4915 2878 4987 Negatio
2917 4913 3124 4971 addita
3165 4931 3239 4972 ex
3288 4918 3465 4974 Corsl.

2172 4913 2579 4990 hiﬁ_npoaspciv.
2632 4913 2878 4990 negatio
2917 4913 3124 4971 addita
3165 4931 3239 4972 ex
3288 4913 3465 4974 Coisl.
3516 4934 3611 4975 se-

1960 4982 2162 5045 cundo
2189 4990 2247 5041 et
2267 4982 2408 5055 Reg.
2441 4982 2731 5040 secundo.

2033 5060 2147 5146 (9g)
2172 5054 2605 5131 ’Δποπληρῶσαι.
2637 5054 2819 5112 Iidem
2845 5055 2969 5113 duo
2997 5056 3239 5114 codices
3267 5074 3409 5116 cum
3440 5059 3601 5115 Med.

1962 5130 2343 5285 "lzggqagfla.
2372 5202 2535 5251 Παντὶ
2582 5202 2775 5273 τρόπῳ.
2804 5200 3059 5270 Uterque
3089 5198 3268 5258 Coisl.
3303 5204 3427 5273 ἡμῖν
3456 5202 3614 5251 παντὶ

1961 5292 2153 5347 τροπῳ.
3521 5338 3532 5349 ⁸

2034 5345 2147 5414 (96)
2177 5341 2318 5395 Ὃσα
2346 5344 2431 5393 τὸν
2463 5340 2513 5394 ἐν
2542 5347 2673 5414 ταῖς,
2700 5345 2810 5414 etc.
2844 5342 2985 5414 Reg.
3012 5340 3314 5397 secundus
3345 5344 3403 5396 et
3434 5339 3611 5397 C01s1.

1965 5411 2267 5471 secundus
2296 5416 2405 5485 60a
2423 5422 2524 5465 τῶν
2554 5412 2603 5465 ἐν
2628 5418 2745 5473 ταῖς
2761 5411 3099 5484 ἐπαγγελίαις
3143 5415 3229 5463 τὸν
3276 5414 3614 5485 μακαρισμὸν

1965 5485 2313 5565 ἀποκείμενον
2330 5484 2605 5565 fﬁciam“.

2034 5507 2147 5538 ὀχει
2194 5507 2297 5538 ενον
2364 5507 2539 5537 υιιασσ

2034 5560 2055 5579 ³
2082 5507 2249 5615 Alias
2275 5507 2539 5614 CEXXXI.
