4074 6220
548 282 680 338 ιοδδ
1926 270 1983 330 S.
2024 268 2279 331 BASlLII
2315 268 2532 330 MAGNI
3689 284 3790 341 lost

541 405 690 480 quin
716 419 860 475 erga
880 404 1284 460 memoratum
1310 401 1555 459 fratrem
1602 413 1875 457 amorem
1912 398 2150 471 multipl

2225 403 2271 454 Α
2309 402 2437 470 χίαν
2465 398 2629 470 ὑμῶν,
2664 396 2755 457 ἕως
2784 394 2937 467 ἐσμεν
2975 396 3101 470 ὑπὲρ
3125 404 3241 468 γῆς.
3270 403 3372 457 Τὴν
3403 394 3456 453 δὲ
3484 399 3547 463 εἰς
3572 405 3641 454 τόν
3672 424 3804 476 προει-

544 511 645 552 ces
676 510 812 552 mea
841 508 1048 561 causa,
1081 490 1284 548 nullus
1315 490 1551 549 dubito.
1592 491 1786 557 Quare
1816 488 1913 546 iac
1940 503 2153 546 exorer;

2198 526 2200 537 μ
2306 490 2528 560 ρημένον
2562 482 2781 557 ἀδελφὸν
2812 483 3020 556 ἀγάπην
3051 488 3132 539 ὅτι
3159 487 3571 551 πολυπλασιάσεις
3596 495 3711 563 ἡμῶν
3736 496 3807 548 ἕνε-

545 588 612 643 ut
636 583 701 640 id
737 582 937 656 reipsa
964 581 1326 654 experiatur.

2306 595 2409 648 κεν,
2443 576 2538 629 οὐκ
2582 573 2903 648 ἀμφιϐάλλω.
2960 574 3122 629 ’Ὠστε
3168 576 3519 653 παρακλήθητι
3567 583 3675 655 ἔργῳ
3704 583 3808 655 nisi:

2306 666 2686 739 παρασχέσθαι
2715 668 2809 724 τὴν
2837 671 3043 741 πεῖραν.

941 777 1118 852 445
1161 776 1499 835 EPISTULA
1540 773 1807 833 cccxv'.

1751 775 1807 833 ro.
2841 777 3178 825 ΕΠΙΣΤΟΛΙΙ
3225 772 3360 829 ΤῙΕΪ.

1320 904 1707 962 Commendat
1739 903 1982 961 viduam
2009 899 2127 958 sibi
2149 898 2555 971 prOpinquam
2583 898 2828 970 ejusque
2839 898 3137 969 pupillos.

808 1030 954 1087 Sine
982 1028 1391 1099 inscriptione,
1416 1043 1533 1098 pro
1557 1028 1930 1101 propinqua.

1925 1068 1930 1082 ,
2664 1022 3056 1098 Ἀνεπίγραφος,
3089 1024 3214 1097 ὑπὲρ
3247 1032 3534 1097 συγγενοῦς.

618 1155 766 1210 Cum
796 1152 1047 1209 omnino
1077 1168 1434 1225 persuasum
1454 1152 1718 1209 habeam
1744 1152 2201 1225 impetraturum

2381 1150 2521 1201 Πάνυ
2551 1151 2888 1220 πεπεισμένος
2914 1144 3081 1221 μηδὲν
3112 1144 3561 1225 διαμαρτήσεσθαι
3586 1154 3686 1223 περὶ
3706 1150 3759 1200 ὧν
3781 1147 3825 1202 ἂν

548 1258 643 1298 me
669 1241 965 1314 quidquid
988 1240 1145 1312 juste
1179 1257 1214 1297 a
1245 1245 1347 1297 tua
1372 1239 1663 1310 dignitate
1690 1240 1975 1313 petivero,
2016 1237 2157 1295 liber

2307 1238 2438 1310 μετὰ
2464 1244 2553 1289 τοῦ
2587 1233 2797 1289 δικαίου
2818 1236 3166 1312 παρακαλέσω
3191 1243 3281 1298 τὴν
3319 1241 3583 1312 τιμιότητά
3612 1258 3710 1305 σου,
3729 1259 3827 1313 προ-

548 1336 637 1388 ter
664 1329 980 1403 epistolam
1012 1329 1153 1386 dedi
1182 1329 1586 1385 ornatissimus
1641 1330 1782 1386 huic
1831 1326 2157 1401 pupillorui

2311 1329 2483 1398 θύμως
2506 1323 2661 1384 ἦλθον
2681 1325 2765 1378 ἐπὶ
2787 1329 2846 1378 τό
2869 1323 3053 1379 δοῦναι
3072 1332 3163 1386 τὴν
3186 1326 3455 1386 ἐπιστολὴν
3476 1336 3532 1398 τῇ
3556 1332 3825 1402 κοσμιωτάτῃ

549 1419 999 1490 curatrici,quae
1032 1417 1193 1473 mdes
1218 1415 1421 1473 incolit
1449 1417 1647 1491 hydra
1670 1417 1940 1491 quadam
1986 1416 2158 1474 multc

2307 1412 2437 1487 τῇδε
2463 1414 2691 1489 ὀρφανῶν
2722 1421 3052 1488 προεστὼση,
3076 1420 3166 1469 καὶ
3196 1416 3362 1469 οἰκίαν
3384 1417 3588 1490 οἰκούσῃ
3616 1414 3754 1489 ὕδρας
3775 1437 3832 1470 τι·

547 1524 686 1564 rum
716 1508 983 1579 capitum
1004 1506 1365 1563 acerbiores.
1386 1507 1614 1573 Quibus
1640 1506 1924 1563 omnibus
1950 1506 2153 1564 accedi

2306 1508 2388 1564 νὸς
2420 1504 2769 1577 πολυκεφάλου
2827 1504 3214 1580 χαλεπωτέραν.
3269 1506 3383 1559 Ἐπὶ
3430 1514 3556 1559 πᾶσι
3591 1503 3643 1559 δὲ
3682 1511 3831 1567 τούτοις

550 1602 616 1653 ιιι
646 1597 940 1667 sanguine
965 1597 1117 1653 inter
1136 1612 1247 1652 nos
1268 1597 1573 1667 conjuncti
1595 1597 1805 1653 simus.
1828 1599 2159 1669 Quapropte

2309 1596 2536 1669 ὑπάρχει
2570 1595 2694 1666 ἡμῖν
2724 1598 2782 1647 τὸ
2814 1599 2902 1647 καὶ
2932 1595 3133 1656 οἰκείως
3165 1600 3303 1667 ἔχειν
3332 1595 3562 1657 ἀλλήλοις
3579 1600 3831 1669 κατὰγένος,

550 1686 922 1742 nobilitatem
952 1690 1120 1743 tuam
1143 1700 1311 1756 rogo,
1335 1690 1399 1743 ut
1428 1688 1485 1742 et
1510 1685 1657 1741 mihi
1682 1686 1909 1758 aliquid
1932 1684 2159 1742 tribuen

2229 1695 2274 1749 Β
2312 1687 2398 1736 Διὸ
2428 1683 2824 1759 παρακαλοῦμεν
2848 1703 2941 1736 σου
2967 1690 3062 1742 τὴν
3084 1685 3356 1756 εὐγένειαν,
3380 1690 3469 1737 καὶ
3490 1688 3516 1743 ἡ
3523 1692 3615 1759 μᾶς
3634 1694 3831 1757 τιμῶντα,

551 1781 608 1832 et
631 1777 925 1831 honorem
954 1774 1324 1848 pupillorum
1357 1791 1471 1832 avo
1501 1774 1773 1831 debitum
1812 1790 2160 1832 conservans

2310 1777 2399 1825 καὶ
2428 1781 2499 1845 τῷ
2520 1775 2715 1845 πάππῳ
2731 1782 2829 1826 τῶν
2852 1772 3082 1846 ὀρφανῶν
3103 1778 3194 1833 τὴν
3215 1774 3537 1848 ὀφειλομένην
3558 1774 3836 1835 ἀποσώζοντα

550 1863 779 1937 aliquid
804 1865 961 1921 feras
993 1863 1233 1921 auxilii:
1262 1880 1385 1937 quo
1428 1863 1714 1937 deinceps
1762 1864 1867 1923 fiat
1910 1863 2027 1921 illis
2072 1864 2159 1922 hae

2309 1867 2486 1935 τιμὴν,
2517 1864 2898 1936 παρασχέσθαι
2922 1865 3040 1914 τινὰ
3071 1861 3319 1935 βοήθειαν
3352 1884 3367 1897 ⁸
3401 1866 3529 1919 ὥστε
3552 1869 3748 1941 φορητὴν
3768 1869 3836 1916 τοῦ

548 1954 854 2026 possessio
884 1952 1233 2011 tolerabilis.

2309 1951 2490 2005 λοιποῦ
2519 1955 2613 2011 τὴν
2633 1959 2820 2010 κτῆσιν
2858 1950 3037 2013 αὐτοῖς
3060 1960 3417 2012 καταστῆσαι.

1033 2079 1366 2136 EPISTOLA
1404 2078 1721 2135 CCCXVI".

2843 2079 3185 2130 ΕΠΙΣΤΟΛΗ
3233 2076 3373 2143 Τις-2

978 2202 1360 2260 Commendat
1402 2202 1699 2259 hominem
1723 2202 2068 2272 patrocinio
2110 2203 2191 2260 ad
2226 2218 2316 2274 ea,
2340 2216 2471 2275 qua:
2509 2201 2624 2258 sibi
2650 2201 3047 2272 proponebat,
3089 2202 3479 2274 indigentem.

835 2325 980 2384 Sine
1012 2325 1418 2397 inscriptione,
1464 2342 1575 2397 pro
1606 2326 1908 2384 divexato.

2510 2326 2899 2399 ’Δνεπίγραφος,
2934 2327 3060 2400 ὑπερ
3088 2331 3536 2401 καταπονουμένου
3574 2326 3688 2397 (97).

625 2436 985 2508 Quanquam
1043 2434 1293 2491 omnino
1342 2450 1703 2507 persuasum
1750 2435 1948 2492 habeo
1995 2434 2204 2492 litteris

2380 2436 2520 2487 Πάνυ
2542 2437 2881 2505 πεπεισμένος
2900 2429 3067 2506 μηδὲν
3082 2430 3293 2487 δεῖσθαι
3309 2436 3620 2508 γραμμάτων
3636 2432 3839 2504 τοὺςπρός

553 2539 677 2581 non
709 2524 980 2595 indigere
1008 2524 1111 2596 qui
1143 2529 1313 2581 tuam
1355 2523 1738 2580 clementiam
1792 2523 2038 2593 adeunt,
2071 2540 2162 2597 prt

2307 2527 2401 2581 τὴν
2433 2527 2530 2581 σὴν
2561 2527 2907 2595 χρηστότητα
2937 2521 3300 2595 ἀφικομένους,
3339 2521 3434 2577 διὰ
3461 2528 3516 2576 τό
3544 2522 3696 2577 πλεῖον
3720 2525 3840 2572 ποιεῖν

551 2616 759 2684 pterea
788 2612 955 2685 quod
987 2628 1059 2667 ex
1089 2611 1277 2668 animi
1300 2610 1595 2683 probitate
1622 2612 1796 2685 plura
1824 2612 1992 2681 facis,
2013 2629 2160 2685 qua:

2308 2611 2364 2665 ἐκ
2395 2620 2490 2673 τῆς
2517 2620 2608 2664 τοῦ
2640 2616 2832 2685 τρότου
2859 2611 3245 2683 καλοκαγαθίας
3274 2613 3305 2671 ἦ
3344 2613 3464 2665 ὅσον
3496 2614 3553 2665 ἄν
3574 2631 3647 2673 τις
3664 2626 3843 2684 παρακα-

553 2700 690 2771 quis
720 2700 1048 2756 obsecrans
1078 2699 1156 2755 ad
1176 2699 1408 2755 bonum
1431 2698 1810 2769 adhortatur;
1834 2701 1980 2773 quia
2004 2705 2161 2757 tame

2310 2700 2459 2761 λὲσας
2490 2700 2839 2776 προτρέψαιτο
2872 2720 2929 2753 σε
2957 2705 3084 2774 πρὸς
3100 2704 3157 2753 τό
3186 2700 3408 2772 ἀγαθόν,
3431 2703 3579 2773 ὅμως,
3603 2697 3746 2752 διὰτὸ
3762 2697 3846 2748 καθ’

551 2788 808 2861 hujusce
828 2789 934 2844 filii
963 2804 1107 2845 cura
1136 2788 1433 2859 majorem
1463 2789 1524 2844 in
1558 2789 1808 2845 modum
1833 2795 2067 2861 tangor,
2102 2806 2160 2847 ac

2312 2788 2597 2862 ὑπερϐολὴν
2622 2790 2910 2862 φροντίζειν
2941 2798 3034 2841 τοῦ
3064 2790 3180 2842 υἱοῦ
3209 2788 3392 2859 τοῦδε,
3423 2788 3690 2843 ἐπιστεῖλαι
3709 2794 3757 2858 τῇ
3781 2803 3845 2836 κα·

552 2874 770 2934 ductus
800 2894 935 2935 sum
963 2883 1027 2934 ut
1057 2876 1135 2935 ad
1166 2893 1383 2949 puram
1416 2883 1580 2932 tuam
1621 2883 1679 2934 et
1730 2878 1853 2934 doli
1899 2884 2161 2951 experte!

2317 2879 2451 2949 θαρᾲ
2482 2896 2575 2929 σου
2605 2882 2695 2928 καὶ
2723 2874 2893 2948 ἀδόλῳ
2919 2876 3073 2949 ψυχῇ
3103 2880 3410 2950 προήχθην,
3436 2885 3676 2930 συνιστῶν
3698 2893 3766 2927 σοι
3788 2876 3848 2923 τόν

552 2967 823 3023 animam
846 2966 1193 3032 scriberem,
1214 2965 1653 3022 commendans
1677 2966 1782 3022 tibi
1802 2968 2112 3023 hominem
2135 2985 2161 3023 a

2241 3000 2275 3053 Ο
2314 2962 2505 3039 ἄνδρα,
2536 2969 2626 3017 καὶ
2655 2965 2989 3039 παρακαλῶν,
3018 2964 3071 3017 ἐν
3103 2967 3178 3029 οἷς
3208 2964 3268 3016 ἀν
3368 2963 3605 3033 δυνατόν,
3633 2963 3850 3038 παρασχέ-

550 3071 792 3126 rogans,
823 3062 888 3112 ut
915 3056 1135 3128 quibus
1165 3055 1346 3111 rebus
1380 3052 1600 3127 poteris
1632 3061 1895 3127 praestes,
1919 3057 1973 3111 ei
2002 3056 2079 3113 ad
2113 3073 2159 3113 et

2246 3049 2275 3053 ﬁ
2317 3056 2441 3106 σθαι
2471 3053 2610 3124 αὐτῷ
2642 3053 2714 3114 εἰς
2735 3057 2801 3106 τὰ
2830 3059 3140 3127 προκείμενα
3158 3059 3252 3112 τὴν
3284 3075 3424 3107 κατα
3446 3052 3655 3125 δύναμίν
3680 3071 3750 3104 σοι
3774 3049 3854 3101 ἐπι·

551 3162 687 3217 qure
735 3145 849 3200 sibi
882 3144 1184 3217 proponit,
1234 3148 1407 3200 tuum
1458 3160 1566 3216 pro
1614 3145 1843 3201 viribus
1892 3146 2160 3202 auxiliun

2312 3148 2552 3217 κουρίαν.
2582 3142 2702 3195 Ὀτι
2734 3139 2793 3195 δὲ
2824 3139 3029 3203 οὐδενὸς
3052 3143 3224 3217 ἐτέρου
3249 3140 3568 3203 δεηθήσεται
3591 3141 3851 3215 προστάτου,

552 3232 793 3289 Nullum
820 3238 1021 3289 autem
1062 3232 1247 3287 alium
1290 3232 1343 3287 ei
1381 3248 1535 3304 opus
1572 3232 1698 3289 fore
1757 3238 2101 3306 patronum,
2158 3256 2161 3288 :

2316 3241 2411 3285 σοῦ
2441 3232 2861 3295 καταξιώσαντος
2888 3234 3035 3305 πάσῃ
3066 3230 3286 3305 δυνάμει
3317 3234 3378 3293 ἣν
3406 3231 3565 3286 ἔδωκέ
3607 3252 3681 3284 σοι
3715 3233 3736 3281 ό
3774 3228 3852 3279 Κύ-

553 3320 818 3392 digneris
865 3326 1048 3377 totam
1104 3326 1461 3393 potestatem
1520 3336 1707 3393 quam
1756 3322 1861 3379 tibi
1920 3324 2162 3379 Domini:

2312 3342 2445 3398 ριος,
2476 3324 2793 3396 χρήσασθαι
2823 3322 2895 3385 εἰς
2925 3326 3018 3381 τὴν
3047 3323 3175 3398 ὑπὲρ
3206 3323 3353 3396 αὐτῷ
3382 3326 3711 3398 προστασίαν,
3737 3316 3850 3392 ἀκρι-

553 3408 806 3479 largitus
836 3415 946 3475 est,
971 3410 1048 3465 ad
1071 3409 1226 3465 illius
1248 3409 1651 3482 patrocinium
1673 3410 2043 3483 impendere,
2061 3412 2162 3468 mil

1137 3410 1226 3465 ius
1248 3409 1651 3482 patrocinium
1673 3410 2043 3483 impendere,
2061 3412 2207 3469 mihi
2316 3411 2413 3474 ϐὡς
2440 3411 2745 3484 ἐπίσταμαι.

558 3499 806 3554 omnino
836 3514 1194 3571 persuasum
1227 3504 1333 3554 est.

1018 3604 1260 3661 EPISTO
1272 3607 1359 3660 LA
1383 3605 1742 3664 CCCXVII'“.

2862 3610 3199 3661 ΕΠΙΣΤΟΛΠ
3238 3604 3388 3664 ΤΙΖ’.

555 3728 755 3787 Amici
778 3728 1268 3800 occupationibus
1301 3729 1535 3802 tribuit,
1575 3730 1736 3803 quod
1765 3747 1909 3787 raro
1941 3732 2155 3787 litteris
2183 3731 2307 3787 suis
2337 3730 2715 3804 respondeat.
2757 3732 2954 3802 Rogat
2985 3738 3049 3788 ut
3077 3732 3127 3788 is
3164 3732 3269 3804 qui
3313 3731 3616 3804 epistolam
3646 3721 3848 3800 ferebat,

1699 3818 1819 3858 non
1844 3804 2078 3872 frustra
2106 3819 2168 3860 se
2192 3802 2508 3873 pertulisse
2524 3804 2768 3859 sentiat.

903 3907 1045 3965 Sine
1074 3908 1485 3978 inscriptione,
1512 3924 1625 3979 pro
1652 3924 1858 3980 egeno.

2705 3908 3100 3982 ’Avmiypapoc,
3130 3909 3256 3982 ὑπὲρ
3288 3906 3516 3971 ἐνδεοῦς.

629 4014 813 4070 Rarus
836 4012 986 4069 mihi
1010 4013 1091 4069 ad
1115 4019 1281 4070 tuam
1310 4013 1669 4083 dignitatem
1695 4014 1961 4071 efﬁciunt
1987 4014 2211 4071 litteras

2391 4017 2611 4075 Σπανίας
2654 4015 2779 4086 ἡμῖν
2828 4015 2923 4076 τὰς
2972 4017 3103 4089 πρὸς
3146 4020 3235 4073 τὴν
3294 4021 3395 4074 σὴν
3444 4017 3711 4087 τιμιότητα
3739 4021 3854 4059 κατα-

557 4114 697 4156 rara
725 4116 762 4156 a
788 4104 842 4155 te
870 4115 1185 4170 responsa.
1216 4100 1509 4157 Indicium
1541 4102 1701 4158 enim
1730 4102 1907 4173 facio,
1940 4118 2047 4159 cur
2083 4118 2166 4158 mc

2323 4105 2567 4166 σκευάζει
2606 4101 2881 4165 ἕπεστολὰς
2917 4107 2977 4157 τὸ
3020 4106 3236 4156 σπάνιον
3274 4113 3377 4157 τῶν
3419 4105 3596 4157 αὐτόθι
3633 4100 3733 4172 (98)
3764 4095 3854 4146 ἀπο·

558 4187 797 4244 lestiam
822 4204 991 4244 meas
1020 4187 1246 4245 litteras
1277 4188 1489 4244 afferre
1516 4188 1792 4259 dignitati
1832 4195 1949 4246 tuae
1980 4196 2167 4263 puten

2319 4195 2567 4266 κρίσεων.
2642 4200 2837 4264 Δεῖγμα
2899 4195 3000 4264 γὰρ
3064 4196 3356 4266 ποιούμεθα
3421 4200 3511 4246 τοῦ
3576 4189 3716 4262 ὄχλον
3746 4186 3852 4255 ἡμῶν

560 4276 727 4349 quod
756 4292 879 4333 non
909 4275 1203 4350 accipiam
1242 4277 1335 4332 his
1380 4294 1516 4351 quae
1548 4278 1804 4334 subinde
1847 4279 2043 4336 scribo
2081 4296 2169 4336 res

2246 4335 2287 4354 ᾗ
2320 4282 2376 4330 τὸ
2414 4282 2636 4352 γράμμα
2675 4284 2837 4354 φέρειν
2876 4288 2937 4353 τῇ
2981 4286 3248 4353 τιμιότητί
3288 4301 3406 4350 σου,
3448 4286 3506 4334 τὸ
3546 4284 3610 4353 μὴ
3652 4272 3852 4346 δέχεσθαι

559 4367 910 4439 pensiones.
944 4335 1058 4423 Sed
1085 4382 1292 4423 rursus
1339 4335 1418 4422 ad
1464 4366 1647 4422 aliam
1691 4368 1947 4423 traducit
1993 4369 2168 4438 cogit:

2422 4335 2459 4350 ..
2521 4335 2571 4352 ,.
2680 4335 2741 4354 ,,
2914 4335 2933 4353 ,-
3036 4335 3044 4353 .
3176 4335 3185 4340 -
3393 4335 3406 4350 ,
3546 4335 3606 4353 ,γ
3705 4335 3738 4346 ,.

2244 4335 2288 4387 D
2320 4366 2397 4439 ἐφ’
2434 4370 2512 4429 οἷς
2550 4368 2609 4420 ἂν
2648 4368 2889 4422 ἑκάστοτε
2936 4372 3198 4443 γράφομεν
3256 4372 3372 4440 (99)
3429 4373 3520 4432 τὰς
3576 4366 3844 4438 ἀποκρίσεις-

562 4456 784 4513 tionem
812 4456 1209 4513 consideratio
1236 4456 1633 4527 multitudinis
1672 4456 2052 4527 negotiorum
2082 4461 2171 4513 tuc

2322 4457 2480 4509 Πάλιν
2520 4454 2578 4509 δὲ
2618 4458 2689 4518 εἰς
2728 4458 2901 4531 ἑτέραν
2939 4461 3224 4530 μεθίστησι
3264 4454 3502 4511 διάνοιαν
3538 4458 3565 4514 ἡ
3617 4458 3758 4506 ἔννοια
3786 4449 3851 4496 τοῦ

562 4558 697 4601 rum
722 4564 734 4614 ;
768 4561 838 4602 ac
868 4550 951 4602 tot
981 4551 1037 4602 et
1061 4552 1226 4602 tanta
1255 4546 1315 4601 in
1339 4545 1622 4601 manibus
1662 4546 1908 4602 habenti
1938 4546 2171 4617 ignoscc

2319 4544 2551 4608 πλήθους
2600 4555 2701 4597 τῶν
2758 4552 2877 4621 περὶ
2937 4549 2993 4599 σε
3056 4549 3399 4620 πραγμάτων,
3458 4551 3545 4598 καὶ
3600 4543 3850 4614 συγγνώμην

563 4632 616 4687 si
643 4634 763 4689 mei
795 4634 1164 4690 obliviscaris
1199 4652 1210 4695 ;
1243 4636 1416 4704 cujus
1446 4649 1520 4688 ne
1551 4633 1599 4689 si
1626 4649 1933 4690 summum
1964 4635 2172 4708 quidet

2322 4637 2509 4707 ἔχομεν
2566 4644 2636 4706 τῷ
2687 4644 2921 4687 τοσαῦτα
2974 4632 3067 4689 διὰ
3121 4639 3304 4708 χειρὸς
3359 4636 3533 4707 ἔχοντι
3587 4628 3852 4685 ἐπιλανθανο-

562 4727 718 4779 esset
745 4723 934 4779 otium
964 4727 1020 4778 et
1048 4723 1244 4795 quies,
1272 4723 1350 4779 ob
1389 4722 1567 4779 vilem
1608 4729 1663 4779 et
1701 4723 2002 4795 abjectam
2026 4724 2171 4781 vitai

2322 4728 2454 4796 μένῳ
2494 4726 2660 4796 ἡμῶν,
2702 4725 2769 4775 ὧν
2809 4721 2932 4777 οὐδὲ
2963 4724 3004 4776 εἰ
3032 4730 3180 4776 πᾶσα
3220 4721 3279 4782 ἦν
3324 4724 3493 4796 σχολή
3535 4725 3617 4773 καὶ
3670 4714 3851 4784 ἡσυχία»

563 4809 737 4867 facile
775 4815 928 4866 esset
972 4811 1294 4867 recordari.
1364 4813 1439 4867 Te
1496 4812 1741 4885 quidem
1810 4819 2057 4871 sanctus
2119 4814 2172 4870 ill

2326 4810 2420 4864 διὰ
2456 4816 2514 4865 τὸ
2554 4816 2787 4865 ταπεινόν
2827 4822 2919 4865 τοῦ
2960 4811 3081 4885 βίου
3122 4814 3423 4884 μεμνῆσθαι
3470 4806 3664 4886 ῥᾴδιον.
3712 4808 3759 4855 Σὲ
3786 4799 3852 4869 μὲν

563 4903 621 4955 et
658 4899 737 4954 ad
774 4900 1068 4970 majorem
1121 4900 1506 4972 splendorem
1555 4900 1867 4973 perducat,
1910 4908 1966 4959 et
2012 4908 2065 4959 te
2104 4921 2172 4959 su

2325 4897 2411 4952 οὖν
2463 4902 2489 4953 ὁ
2546 4902 2695 4972 άγιος
2740 4904 2817 4972 (I)
2868 4907 2957 4953 καὶ
3023 4900 3106 4953 ἐπὶ
3172 4902 3389 4973 μείζονα
3445 4910 3539 4961 τῆς
3588 4889 3854 4969 περιφανείας

563 4986 754 5060 ipsius
778 4989 971 5058 gratia
1000 4988 1060 5043 in
1085 4989 1363 5061 praesenti
1412 4990 1677 5047 claritate
1716 4996 2041 5048 conservet.
2082 4993 2172 5049 Mil

2324 4988 2536 5061 ἀγάγοι,
2579 4996 2668 5043 καὶ
2707 4998 2768 5063 τῇ
2810 4994 3051 5065 παρούσῃ
3112 4990 3441 5065 λαμπρότητι
3495 4977 3849 5069 quampiam?

563 5059 767 5135 autem
795 5059 1480 5150 quislibet—occasiones,
1518 5094 1693 5137 novae
1731 5084 1872 5137 sunt
1917 5079 2172 5138 scribem

2327 5078 2511 5131 ἑαυτοῦ
2550 5080 2737 5151 χάριτι
2797 5099 2811 5113 ⁸
2855 5080 3005 5151 ἡμεῖς
3059 5075 3116 5132 δὲ
3173 5085 3347 5132 πᾶσαν
3399 5080 3646 5151 πρόφασιν
3692 5059 3853 5139 ἀμειϐο-

638 5222 658 5244 ¹
695 5218 855 5275 Alias
883 5218 1170 5274 CCXVIII.

959 5219 1170 5274 lXVIIl.
2328 5218 2542 5272 αὐτόθεν
2557 5263 2568 5275 .

638 5269 874 5383 ﬁliis
892 5269 1170 5383 €913.65.“

2332 5269 2816 5366 Π-(θθῇῐζράφοριεν.
2846 5290 3033 5348 Iidem
3063 5290 3185 5349 duo
3204 5289 3437 5349 codices
3462 5300 3593 5344 cum
3616 5269 3854 5345 Medﬂ?“

734 5362 892 5418 Alias
914 5363 1159 5419 CCXXII.

598 5502 608 5512 η
775 5434 922 5512 ’Υπὲρ
954 5436 1424 5512 καταπονουμλένου.
1449 5435 1533 5489 Ita
1552 5433 1697 5490 Med.
1718 5437 1779 5512 et
1797 5433 1923 5492 duo
1943 5434 2065 5493 alii.
2086 5436 2207 5493 Edi-

2328 5382 3010 5507 φωῦελίλγιοςΝαιὶοᾶιιαε
3046 5438 3104 5495 et
3150 5432 3629 5494 Claromontanus
3665 5412 3852 5481 addunt

571 5505 613 5558 ti
638 5510 692 5579 et
712 5505 902 5579 iCOisI.
931 5505 1183 5579 primus,
1214 5506 1339 5578 ὑπὲρ
1368 5510 1845 5579 καταποιουμένων.

931 5505 1183 5579 primus,
1214 5506 1339 5578 ὑπὲρ
1368 5510 1845 5579 καταποιουμένων.
2330 5511 2482 5568 Θεὸς.

643 5576 757 5648 (98)
780 5575 997 5636 Αὐτὸθι.
1033 5577 1215 5637 Coisl.
1264 5575 1567 5635 secundus
1610 5575 1670 5637 et
1716 5580 1866 5651 Reg.
1916 5579 2218 5638 secundus
