4050 6220
594 277 725 345 4067

1966 275 2022 331 8ο
2066 274 2314 341 ΒΑδΙιςιι
2354 274 2571 339 MABNI

3760 280 3879 335 {068

588 397 741 463 etab
764 395 1085 465 hominum
1120 394 1393 470 nequitia
1448 395 1769 457 liberatus:
1807 396 2143 454 salutamus
2185 401 2243 454 te

2361 405 2456 468 ρῶν
2496 400 2586 457 καὶ
2646 402 2737 459 τῆς
2785 402 2885 455 τῶν
2961 393 3165 469 ἀνδρῶν
3248 399 3530 469 μεχθηρίας
3598 398 3882 471 ἀπαλλαγεὶς,

586 502 695 559 per
717 485 907 554 illum,
953 488 1231 554 rogantes
1275 488 1342 540 ut
1368 485 1559 540 nostri
1588 485 1934 547 memineris
1966 486 2027 541 in
2056 487 2247 558 preci-

588 576 705 631 bus
729 577 891 645 (nam
925 589 1176 645 precum
1198 574 1422 630 auxilio
1447 573 1625 630 valde
1646 574 2038 645 indigemus),
2066 575 2246 631 simul

589 663 771 720 etiam
824 662 1138 718 certiorem
1167 666 1223 717 te
1282 662 1457 729 facio,
1490 678 1646 735 quos
1674 662 1887 718 beatus
1914 665 2244 735 episcopus

588 752 792 808 debito
842 750 1134 813 solvendo
1200 750 1497 817 obnoxios
1551 751 1879 823 reliquerat
1923 752 2243 825 (siquidem

589 842 653 898 in
685 856 795 897 suo
848 843 1206 896 testamento
1260 844 1317 895 et
1362 840 1548 895 debiti
1603 839 1740 896 fecit
1769 841 2156 912 mentionem,
2191 845 2248 897 et

591 929 756 986 unde
813 932 870 986 et
925 945 962 985 a
1011 927 1236 1000 quibus
1286 927 1436 983 illud
1489 927 1661 999 447
1718 928 1864 984 solvi
1902 930 2245 1001 oporteret),

591 1016 699 1075 eos
738 1018 948 1075 amicis
985 1016 1500 1075 admonitionibus
1557 1017 1771 1089 spretis
1826 1019 2246 1076 necessitatem

592 1105 988 1171 tribunalium
1040 1109 1411 1178 exspectare.
1444 1107 1638 1172 Quare
1679 1105 1903 1162 sodalis
1948 1111 2151 1163 noster
2184 1122 2247 1163 re

597 1196 822 1257 infecta
859 1194 1053 1267 rediit,
1086 1199 1263 1267 atque
1318 1196 1450 1251 haec
1496 1195 1630 1267 ipsa
1668 1197 1903 1265 rogavit
1946 1200 2013 1252 ut
2052 1196 2128 1252 de
2177 1212 2250 1255 eo

596 1288 975 1350 testaremur,
998 1297 1073 1338 ne
1122 1282 1395 1351 segnitiei
1447 1288 1551 1339 aut
1595 1282 1848 1354 pigritia:
1879 1284 2044 1355 apud
2082 1288 2251 1341 tuam

598 1372 953 1443 dignitatem
981 1371 1381 1429 incusaretur.
1409 1374 1489 1427 De
1509 1371 1602 1433 his
1622 1371 1931 1435 hactenus.
1959 1373 2251 1429 Caeterum
2280 1396 2287 1401 τ

566 1456 575 1461 ’
600 1461 802 1534 quoin
832 1464 990 1525 statu
1023 1460 1141 1515 sint
1166 1475 1262 1516 res
1290 1460 1709 1530 Ecclesiarum,
1728 1457 1929 1517 utrum
1956 1462 2252 1518 conceda-

598 1556 697 1617 tur
742 1553 808 1606 ut
851 1548 914 1603 in
960 1547 1177 1603 eodem
1207 1552 1364 1611 statu
1416 1554 1835 1621 permaneant,
1893 1565 1970 1606 an
1991 1550 2052 1607 in
2079 1551 2253 1623 pejus

600 1640 872 1707 vergant,
912 1640 1017 1692 aut
1070 1651 1242 1708 spem
1289 1635 1559 1709 aliquam
1601 1636 1869 1693 habeant
1935 1639 2151 1705 futurae
2191 1639 2253 1695 in

601 1725 818 1782 melius
841 1724 1215 1791 mutationis,
1246 1740 1353 1796 per
1382 1725 1647 1798 aliquem
1674 1740 1705 1781 e
1731 1726 1929 1785 charis
1966 1727 2252 1787 fratribus

602 1815 916 1872 certiorem
946 1830 1044 1871 me
1066 1814 1260 1871 facere
1291 1814 1575 1885 digneris.

1094 2119 1201 2174 EPI
1211 2119 1429 2174 STOLA
1466 2120 1767 2178 CCCXXI'.

2355 485 2702 556 ἀσπαζόμεθα
2742 504 2799 535 σε
2846 480 2918 535 δι’
2976 492 3162 551 αυτοῦ,
3202 486 3600 557 παρακαλοῦντες
3635 492 3886 559 μεμνῆσθαι

2354 576 2499 645 ἡμῶν
2540 573 2621 625 ἐπὶ
2667 581 2764 633 τῶν
2817 582 3131 647 προσευχῶν
3180 574 3387 643 (πολλῆς
3435 577 3533 648 γὰρ
3588 583 3674 635 τῆς
3729 576 3775 629 ἐκ
3807 588 3885 630 τῶν

2354 662 2524 732 εὐχῶν
2570 660 2815 733 βοηθείας
2872 658 3142 733 δεόμεθα),
3206 668 3293 714 καὶ
3336 664 3445 726 οἶμα
3492 669 3796 736 σημαίνομεν,
3824 670 3886 720 ότι

2354 754 2402 803 οἱ
2449 752 2725 803 ὑπεύθυνοι
2773 750 3191 831 καταλειφθέντες
3244 755 3370 827 πρὸς
3422 756 3514 809 τὴν
3566 761 3652 804 τοῦ
3700 754 3883 827 ὀφλήρα.

2354 859 2437 900 τος
2502 842 2700 892 ἔκτισιν
2764 841 2909 912 παρά
2970 846 3061 891 τοῦ
3134 845 3394 913 μακαρίου
3467 840 3749 909 ἐπισκόπου,
3806 843 3883 896 ἐπι-

2354 930 2665 1001 μνησθέντος
2697 927 2745 979 ἐν
2787 935 2901 988 ταῖς
2949 924 3233 990 διαθήκαις
3280 922 3439 981 αὐτοῦ
3487 949 3539 982 τε
3596 938 3681 982 τοῦ
3720 938 3884 1003 χρέους,

2355 1022 2444 1069 καὶ
2492 1019 2604 1069 ὅθεν
2656 1025 2914 1091 προσῆκεν
2984 1016 3411 1088 ἐκτισθῆναιμ),
3467 1023 3553 1073 καὶ
3617 1015 3702 1070 διὰ
3755 1026 3885 1089 τίνων,

2358 1103 2685 1179 ὑπεριδόντες
2738 1114 2837 1157 τῶν
2890 1105 3104 1179 φιλικῶν
3164 1108 3522 1180 ὑπομνήσεων,
3576 1110 3662 1170 τὰς
3708 1108 3765 1161 ἐκ
3817 1120 3886 1161 τῶν

2361 1193 2715 1267 δικαστηρίων
2792 1194 3018 1266 ἀνάγκας
3081 1192 3394 1266 ἐκδέχονται
3429 1238 3443 1253 .
3523 1201 3605 1248 Διὸ
3678 1199 3891 1271 ἄπρακτος

2360 1284 2637 1342 ἐπανῆλθεν
2687 1285 2713 1335 ό
2758 1283 2957 1356 ἑταῖρος
3018 1286 3188 1356 ἡμῶν,
3237 1290 3326 1337 καὶ
3388 1292 3554 1337 ταῦτα
3608 1286 3728 1338 αὐτὰ
3776 1289 3891 1350 icitu-

2362 1393 2444 1425 σεν
2487 1373 2640 1426 αὑτὸν
2672 1374 2751 1443 (ὅ)
2794 1374 2915 1446 παρ’
2962 1375 3105 1444 ἡμῶν
3163 1375 3586 1447 μαρτυρηθῆναι,
3631 1378 3693 1435 ὡς
3729 1382 3788 1447 μὴ

2359 1468 2475 1535 γίας
2515 1459 2653 1535 μηδὲ
2701 1462 2964 1536 ῥᾳθυμίας
3013 1460 3247 1533 ἔγκλημα
3296 1469 3449 1535 σχεῖν
3495 1465 3631 1534 παρά
3678 1471 3731 1535 τῇ
3769 1484 3894 1536 τιμιό-

2360 1556 2479 1610 τητί
2502 1571 2621 1605 σου.
2658 1557 2837 1603 Ταῦτα
2852 1553 2941 1622 μὲν
2972 1550 3043 1612 εἰς
3072 1558 3342 1606 τοσοῦτον.
3369 1554 3445 1605 Τά
3497 1548 3553 1604 δε
3597 1561 3686 1603 τῶν
3732 1552 3893 1611 Ἐκκλη-

2363 1650 2487 1693 σιῶν
2519 1642 2656 1702 ὅπως
2713 1641 2843 1710 ἱχει,
2912 1642 3010 1693 εἴτε
3067 1646 3479 1714 συγκεχώρηται
3534 1645 3687 1713 μένειν
3728 1641 3895 1705 ἐπίτξς

2361 1732 2685 1801 ὁμοιότητος,
2730 1730 2827 1780 sire
2881 1732 2970 1778 καὶ
3024 1731 3151 1800 πρὸς
3198 1732 3256 1779 τὸ
3315 1735 3495 1801 χεῖρον
3543 1730 3890 1795 ἐκπέπτωκεν,ἑ

2285 1801 2326 1855 Β
2363 1824 2481 1881 τίνα
2509 1820 2582 1881 (6)
2613 1813 2801 1868 ἐλπίδα
2838 1823 2933 1878 τῆς
2985 1815 3067 1869 ἐπὶ
3115 1820 3171 1869 τὸ
3226 1815 3431 1890 βέλτιον
3490 1820 3599 1889 ἔχει
3642 1820 3893 1890 μεταϐολῆς,

2362 1911 2616 1981 γνωρίσαι
2668 1908 2790 1978 ἡμῖν
2838 1901 2933 1957 διὰ
2983 1906 3122 1965 τινὸς
3150 1913 3248 1956 τῶν
3293 1910 3523 1976 γνησίων
3551 1904 3757 1981 ἀδελφῶν
3780 1928 3895 1960 κατα·

2365 1998 2571 2060 ξίωσον.

2895 2122 3229 2170 ΕΠΙΣΤΟΛΗ
3270 2118 3439 2171 TKA'.

604 2209 834 2264 Auctor
867 2208 1047 2277 hujus
1087 2208 1373 2275 epistolae,
1404 2223 1576 2278 quem
1606 2208 1956 2278 Gregorium
1997 2210 2445 2267 Nazianzenum
2466 2220 2585 2261 esse
2609 2220 2729 2278 non
2758 2204 3006 2278 obscure
3036 2206 3427 2274 perspicitur,
3484 2222 3599 2262 non
3627 2208 3738 2263 sine
3768 2208 3896 2278 solito

681 2282 879 2348 lepore
915 2276 1194 2334 Theclam
1217 2276 1500 2347 rogat,'ut
1522 2280 1613 2335 his
1637 2276 1745 2349 qui
1754 2281 2011 2336 ecclesiae
2036 2286 2383 2349 conseptum
2402 2276 2814 2343 exstruebant,
2838 2276 3044 2332 vinum
3072 2278 3437 2346 suppeditet,
3460 2285 3757 2348 propterea
3780 2277 3897 2348 quod

678 2352 988 2407 vehemens
1013 2351 1164 2405 anni
1183 2351 1488 2421 praeteriti
1500 2351 1703 2422 frigus
1724 2352 1870 2407 vites
1899 2353 2257 2408 succiderat.

1300 2439 1563 2497 Theclte.

679 2528 979 2585 Praeterito
1010 2541 1195 2595 anno,
1217 2529 1327 2582 etc.

3064 2436 3225 2510 Θίκλῃ
3236 2479 3253 2493 .

2434 2532 2503 2582 Τὸ
2530 2532 2901 2602 παριππεῦσαν
2933 2527 3066 2589 ἔτος,
3098 2546 3149 2578 κ.
3178 2546 3226 2581 τ.
3252 2526 3305 2580 λ.

1394 2616 1537 2673 Vide
1566 2618 1726 2675 inter
1753 2621 1809 2675 S.
1848 2619 2123 2690 Gregorii
2149 2618 2520 2676 Nazianzeni
2547 2616 2851 2687 epistolas,
2880 2616 3051 2684 epist.
3091 2614 3189 2669 57.

1072 2706 1407 2761 EPISTULA
1452 2706 1622 2763 CCCX
1632 2708 1789 2764 Xll“.

2890 2708 3226 2765 ΕΠΙΣΤΟΛΠ
3269 2704 3432 2760 ΤΚΒ’.

604 2798 920 2861 Rationem
958 2794 1159 2851 reddit
1183 2810 1291 2850 cur
1310 2808 1440 2851 sero
1452 2796 1805 2865 respondeat
1834 2814 1858 2853 .·
1882 2804 2058 2868 rogat
2084 2806 2150 2861 ut
2178 2803 2311 2881 post
2345 2798 2585 2923 longam
2601 2795 2809 2852 hiemis
2839 2793 3169 2850 absentiam
3189 2795 3411 2853 saltem
3433 2794 3514 2850 ad
3532 2792 3760 2851 Pascha
3782 2792 3893 2848 diem

1912 2885 2045 2923 cum
2077 2884 2333 2923 ροηηισο
2362 2883 2428 2923 re
2472 2882 2540 2923 ea
2574 2910 2586 2921 .

1912 2885 2045 2929 cum
2077 2884 2333 2940 conjuge
2362 2882 2586 2924 redeat.

601 2957 747 3014 Sine
800 2955 1213 3027 inscriptione,
1244 2960 1311 3010 ut
1340 2970 1474 3012 cum
1504 2971 1695 3013 amico
1724 2958 1935 3015 Pacha
1973 2958 2249 3015 celebret.

673 3062 947 3135 Acceptis
992 3065 1109 3118 tuas
1147 3061 1454 3132 dignitatis
1509 3062 1738 3132 litteris,
1789 3065 2033 3136 gavisus
2089 3082 2250 3135 sum,
2277 3091 2318 3146 ρ

604 3157 799 3227 utpar
834 3154 980 3218 erat,
1010 3154 1068 3215 et
1097 3150 1351 3208 Domino
1382 3152 1606 3225 gratias
1636 3153 1750 3225 egi,
1784 3158 1965 3226 atque
2001 3159 2250 3226 paratus

602 3258 772 3300 eram
828 3239 1213 3312 respondere,
1260 3241 1310 3297 si
1364 3242 1500 3315 quis
1537 3247 1877 3314 opportune
1923 3242 1999 3299 de
2047 3244 2256 3301 rescri-

603 3329 808 3397 bendo
852 3327 1326 3386 submonuisset.
1382 3333 1531 3386 Nam
1595 3332 1903 3401 negotium
1954 3331 2126 3397 illud,
2179 3332 2256 3389 de

605 3435 731 3492 quo
760 3418 905 3474 mihi
949 3417 1369 3483 mandaveras,
1398 3420 1687 3492 temporis
1718 3436 2045 3492 progressu
2078 3421 2257 3478 abso-

606 3508 803 3565 lutum
831 3508 939 3562 est.
971 3508 1099 3563 Non
1124 3512 1254 3563 erat
1297 3507 1477 3580 448
1501 3512 1724 3572 autem,
1758 3513 2090 3581 antequam
2120 3525 2259 3566 con-

608 3597 902 3661 ﬁceretur,
949 3598 1144 3653 tutum
1172 3595 1511 3668 quidquam
1540 3597 1927 3669 respondere.
1980 3601 2112 3655 Haec
2139 3598 2261 3656 mei

608 3685 828 3743 silentii
878 3684 988 3741 fuit
1044 3700 1265 3742 causa:
1306 3701 1430 3741 non
1495 3686 1656 3743 enim
1705 3687 2005 3758 segnities,
2061 3703 2260 3760 neque

610 3776 795 3834 ofﬁcii
848 3774 1166 3846 ignoratio.
1221 3773 1467 3831 Etiamsi
1496 3775 1659 3832 enim
1696 3776 1946 3833 omnino
1976 3776 2145 3849 piger
2173 3792 2261 3832 es-

612 3881 761 3936 sem,
786 3867 989 3920 tamen
1017 3864 1160 3919 vitia
1210 3879 1350 3920 mea
1378 3879 1584 3920 coram
1611 3868 1716 3921 tua
1739 3864 2027 3935 dignitate
2061 3865 2261 3921 occul-

612 3959 740 4010 tare
769 3952 937 4008 omni
960 3952 1146 4008 modo
1174 3952 1563 4012 studuissem.
1595 3956 1763 4009 Nunc
1793 3970 1936 4010 vero
1965 3970 2089 4011 non
2117 3970 2258 4027 pos—

614 4056 753 4096 sum
808 4053 920 4108 ego
968 4040 1055 4114 tui
1088 4039 1393 4102 oblivisci,
1461 4056 1537 4096 ne
1592 4041 1948 4099 brevissimo
2012 4043 2261 4115 quidem

614 4126 902 4199 temporis
950 4126 1172 4198 spatio:
1202 4131 1306 4183 aut
1344 4131 1499 4184 certe
1549 4130 1857 4201 quispiam
1911 4132 2129 4203 seipse
2157 4147 2262 4204 po-

614 4216 733 4274 tius
782 4215 1178 4285 ignoretzsed
1230 4215 1364 4273 vive
1415 4217 1700 4285 scribam,
1745 4218 1869 4275 sive
1932 4235 2081 4291 non,
2129 4221 2261 4277 inﬁ-

613 4321 763 4362 xum
813 4309 866 4361 te
896 4319 1033 4362 meo
1090 4304 1257 4361 cordi
1314 4305 1707 4363 circumfero:
1736 4311 1793 4363 et
1818 4306 2067 4377 longam
2093 4309 2261 4365 illam

611 4395 828 4454 hiemis
872 4393 1207 4461 absentiam
1272 4394 1356 4451 ita
1387 4382 1637 4453 moleste
1691 4396 1841 4465 fero,
1880 4400 1944 4453 ut
1962 4412 2188 4469 precer,
2213 4399 2262 4455 si

2610 2955 2953 3027 Ἀνεπίγραφο
2964 2973 3003 3021 ς,
3022 2952 3105 3006 ἐπὶ
3136 2952 3265 3026 φίλῳ
3291 2956 3699 3026 συμπασχιίσαι.

2430 3063 2706 3135 Δεξάμενος
2788 3063 2856 3119 τὰ
2954 3062 3241 3134 γράμματα
3335 3070 3433 3125 τῆς
3500 3069 3589 3121 σῆς
3657 3062 3892 3131 τιμιότητος

2361 3154 2551 3219 ἣσθην,
2601 3154 2671 3212 ὡς
2717 3152 2869 3217 εἰκὸς,
2928 3154 3017 3201 καὶ
3074 3148 3458 3222 εὐχαρίστησα
3518 3151 3586 3219 τῷ
3638 3153 3801 3222 Κυρίῳ,
3833 3164 3893 3195 ιιι

2360 3243 2638 3316 προθύμως
2682 3236 2829 3311 εἶχον
2887 3238 3358 3310 ἀντιφθέγξασθαι,
3408 3238 3493 3291 ἐάν
3550 3257 3626 3299 τις
3669 3240 3783 3290 κατά
3812 3255 3893 3286 και-

2362 3334 2451 3403 ρὸν
2524 3334 2643 3402 περὶ
2695 3327 3021 3401 ἀντιγράφων
3088 3328 3378 3398 ὑπέμνησε.
3444 3332 3512 3381 Τὸ
3584 3330 3678 3398 γὰρ
3732 3330 3894 3398 πρᾶγμα

2363 3422 2489 3493 ὑπὲρ
2516 3415 2576 3471 οὗ
2605 3418 2683 3489 (7)
2722 3416 2965 3479 ἐπέταξας
2994 3418 3139 3488 ἡμῖν,
3189 3421 3375 3487 χρόνῳ
3424 3416 3667 3487 ἐλάμϐανε
3710 3419 3788 3471 τὴν
3826 3431 3893 3463 ια-

2364 3512 2647 3560 τάστασιν.
2702 3506 2813 3561 Οὐκ
2852 3504 2967 3563 ἐνῆν
3034 3501 3093 3556 δὲ
3150 3509 3251 3577 πρὸ
3309 3512 3403 3557 τοῦ
3460 3510 3669 3577 πέρατος
3726 3498 3894 3570 anili;

2367 3592 2517 3649 οὐδὲν
2540 3594 2942 3665 ἀποκρίνασθαι.
2986 3594 3128 3650 Αὕτη
3169 3594 3199 3650 ἡ
3246 3594 3400 3646 αἰτία
3436 3602 3527 3654 τῆς
3564 3600 3749 3651 σιωπῆς
3773 3592 3891 3659 ἐμῶν’

2366 3685 2424 3737 οὐ
2473 3686 2574 3758 ⁹γὰρ
2624 3680 2691 3741 δὴ
2740 3684 2994 3757 ῥᾳθυμία,
3043 3678 3168 3733 οὐδὲ
3213 3682 3410 3753 ἄγνοια
3450 3689 3543 3734 τοῦ
3591 3684 3894 3755 προσήκοντος.

2365 3774 2427 3827 Εἰ
2478 3778 2579 3846 γὰρ
2646 3777 2734 3824 καὶ
2783 3771 2905 3831 ὅλως
2954 3767 3078 3845 ἧμιν
3117 3770 3195 3841 (8)
3260 3770 3515 3845 ῥᾴθυμοι,
3566 3764 3893 3834 ἐσπουδάσαμῑι

2366 3866 2569 3923 πάντως
2622 3861 2706 3913 ἐπὶ
2766 3870 2862 3923 τῆς
2912 3868 3009 3920 σῆς
3059 3863 3364 3931 τιμίότητος
3397 3860 3823 3928 συσκιάσα.ἠμών
3850 3870 3891 3901 τι

2368 3953 2721 4024 ἐλαττωματα.
2783 3956 2887 4003 Νῦν
2956 3945 3013 4001 δὲ
3076 3947 3170 4000 οὒκ
3218 3951 3366 4001 ἔστιν
3425 3952 3569 4021 ἡμῶν
3626 3942 3891 3999 ἐπιλαθέσθαι

2369 4062 2464 4095 σου
2494 4038 2617 4093 οῦδὲ
2642 4044 2700 4092 τό
2743 4039 3080 4112 βραχύτατον
3134 4039 3187 4108 (ἦ
3240 4043 3491 4111 πρότερον
3538 4040 3598 4088 (ἰν
3658 4056 3729 4097 τις
3763 4034 3891 4085 ἑαυτὸν

2367 4129 2706 4203 ἀγνοήσειενγ
2783 4126 2911 4179 ἁλλά
2984 4126 3079 4178 κᾶν
3148 4126 3548 4199 ἑπιστίλλωμεν,
3600 4125 3687 4176 κᾶν
3738 4126 3813 4195 μὴ,
3858 4116 3892 4167 έν

2370 4217 2642 4294 ιδρυμένον
2679 4236 2735 4270 σε
2788 4224 2897 4277 ταῖς
2942 4211 3187 4291 καρδιαις
3237 4214 3438 4268 ἑαυτῶν
3484 4210 3893 4294 περιφέρομενειαὶ

2368 4293 2492 4384 πρὸς
2516 4313 2609 4367 τὴν
2640 4308 2843 4379 μακρὰν
2876 4304 3146 4375 ἀπόλειψιν
3185 4311 3279 4356 τοῦ
3332 4312 3592 4376 χειμῶνος
3643 4303 3760 4353 οὕτω
3794 4293 3893 4384 δυε-

2368 4382 2527 4459 κόλως
2575 4397 2780 4468 ἔχομεν,
2833 4396 2967 4446 ὥστε
3018 4393 3294 4463 εὔχεσθαι,
3346 4392 3393 4444 εἰ
3444 4396 3515 4464 μή
3566 4390 3695 4459 αὐτῷ
3733 4404 3801 4439 σοι
3839 4382 3894 4451 (9)

611 4487 916 4555 integrum
945 4484 1052 4542 tibi
1099 4484 1214 4557 ipsi
1243 4500 1368 4541 non
1398 4489 1486 4541 est
1521 4485 1603 4542 ob
1631 4501 1759 4554 eas,
1790 4460 1865 4543 de
1893 4460 2115 4559 quibus
2154 4504 2256 4545 au,-

2371 4483 2611 4552 δυνατὸν,
2669 4481 2762 4538 διὰ
2814 4486 2906 4545 τὰς
2956 4482 3272 4552 ἀκουομένας
3340 4479 3621 4552 ἀσχολίας,
3659 4473 3892 4535 καάλιπῖῖῖ

612 4574 759 4644 divi,
788 4574 1241 4646 occupationes,
1279 4575 1532 4633 rusticos
1567 4574 1929 4648 relinquere,
1983 4577 2131 4634 mihi
2161 4594 2262 4634 oc-

613 4663 922 4725 casionem
973 4663 1106 4720 dari
1130 4664 1209 4720 ad
1234 4664 1371 4720 loca
1397 4663 1498 4721 illa
1544 4665 1845 4735 veniendi,
1876 4681 1947 4721 ac
1992 4682 2137 4723 vera
2160 4666 2263 4724 illa

611 4758 855 4809 tuorum
909 4767 1149 4808 morum
1204 4750 1540 4823 integritate
1592 4770 1664 4811 ac
1723 4756 2096 4813 ornamentis
2148 4756 2263 4813 tuis

610 4839 979 4914 perfruendi.
1038 4841 1296 4898 Omnino
1378 4847 1583 4900 autem
1631 4843 1954 4901 salutarem
2018 4844 2260 4902 Pascha

612 4930 775 4991 diem
828 4928 1147 4987 nobiscum
1199 4931 1515 4990 conaberis
1566 4932 1915 5005 transigere,
1970 4949 2095 4991 una
2120 4949 2260 4991 cum

683 5075 705 5095 ⁹
726 5071 885 5127 Alias
907 5072 1106 5128 CCXII.

682 5146 728 5168 “
752 5142 911 5199 Alias
949 5142 1243 5199 CCXXIII.

682 5215 763 5292 (ξ)
800 5215 1160 5292 ῘΕκτι-ςρῆναι.
1182 5215 1322 5292 Duo_
1337 5216 1575 5292 codices
1600 5215 1858 5271 ἔκτίσθαι.
1906 5218 2089 5275 Paulo
2119 5221 2259 5292 post

795 5284 1052 5362 ineditis
1083 5286 1277 5362 ἕτεροςἱ
1304 5290 1439 5362 Mss.
1474 5288 1692 5362 ἑταῖρος.

704 5364 735 5415 5
794 5356 979 5411 Αὑτὸν.
1005 5359 1132 5413 Non
1158 5356 1315 5414 male
1341 5357 1509 5414 deest
1531 5356 1593 5414 in
1615 5360 1819 5417 cobice
1841 5361 2146 5418 Vaticano.

706 5359 761 5499 δῖ
800 5428 865 5481 Ἦ
893 5433 1028 5484 τίνα.
1078 5430 1208 5485 Duo
1238 5428 1476 5486 codices
1522 5432 1620 5481 εἶτε
1648 5436 1781 5488 τίνα.
1839 5432 2067 5489 Ibidem
2119 5448 2146 5488 e

704 5364 735 5415 5
794 5360 979 5411 Αὑτὸν.
1005 5360 1132 5413 Non
1158 5360 1315 5414 male
1341 5360 1509 5414 deest
1531 5360 1593 5414 in
1615 5360 1819 5417 cobice
1841 5361 2146 5418 Vaticano.

678 5360 761 5501 £6;
800 5428 865 5481 'H
893 5433 1028 5484 τίνα.
1078 5430 1208 5485 Duo
1238 5428 1476 5486 codices
1518 5432 1620 5501 εἴτε
1648 5436 1781 5488 τίνα.
1839 5432 2067 5489 Ibidem
2119 5432 2259 5489 editi

606 5503 914 5572 γνωρίσαις.
945 5501 1213 5572 Quatuor
1236 5516 1389 5557 mss.
1418 5504 1485 5557 ut
1510 5500 1573 5556 in
1598 5506 1785 5572 textu.

678 5568 757 5641 (’7)
794 5568 943 5643 Ὑπὲρ
966 5570 1048 5628 οὗ.
1089 5573 1217 5629 Duo
1246 5587 1417 5641 mss.,
1454 5576 1573 5645 περὶ
1601 5569 1684 5627 οὗ.
1715 5573 1899 5633 Paulo
1949 5578 2088 5648 post
2138 5574 2257 5633 edi-

2368 4579 2488 4637 τοὺς
2518 4574 2808 4649 ἀγροίκους,
2850 4573 2976 4645 ἡμῖν
3024 4570 3327 4642 ἐγγενέσθαι
3374 4574 3630 4643 πρόφασιν
3678 4565 3895 4619 ἐπιστῆναι

2368 4672 2475 4727 τοῖς
2513 4668 2711 4732 τόποις,
2765 4666 2855 4719 καὶ
2906 4668 3001 4722 τῆς
3048 4658 3293 4720 ἀληθινῆς
3353 4658 3646 4716 εὐσταθείας
3697 4660 3777 4706 τῶν
3821 4654 3893 4732 σῷν

2368 4759 2569 4829 τρόπων
2607 4757 2696 4805 καὶ
2752 4758 2841 4811 τῆς
2884 4752 3225 4821 κοσμιότητος
3275 4747 3597 4801 ἀπολαῦσαι.
3642 4744 3816 4797 Πάντων
3853 4730 3894 4785 δε

2369 4849 2463 4902 τὴν
2495 4846 2751 4916 σωτήριον
2791 4839 2986 4912 ἡμέραν
3015 4843 3106 4890 τοῦ
3136 4838 3341 4907 Πάσχα
3391 4835 3503 4909 μεθ’
3546 4836 3682 4906 ἠμῶν
3724 4833 3892 4882 ποιῆσαι

2368 4932 2782 5007 προθυμηθήσῃ,
2839 4928 2969 4999 μετά
3020 4934 3115 4987 τῆς
3160 4927 3527 4997 κοσμιωτάτῃ
3574 4918 3772 4993 συμϐίου
3805 4930 3892 4973 σου,

2366 5076 2450 5132 tio
2478 5073 2691 5141 Paris.,
2737 5070 2829 5123 οὐκ
2850 5073 2956 5128 εἵην
2984 5066 3063 5123 δέ.
3095 5070 3225 5141 Mss.
3261 5070 3329 5123 ut
3374 5066 3648 5141 intextu.
3682 5048 3891 5141 subinde

2367 5152 2626 5219 quatupr
2647 5134 3141 5219 οόᾶξοθελσιωπῆς
3170 5140 3337 5219 ἦμαρ,
3379 5134 3887 5219 βάίμῆσιρῑτῆΞ-ξέῐέ.

2437 5220 2509 5286 (8)
2551 5217 2734 5287 Ἦμεν.
2758 5201 2932 5287 Deest
2958 5227 3030 5267 ea
3048 5226 3163 5287 vos
3179 5201 3251 5287 in
3272 5207 3428 5287 Med.
3448 5211 3503 5261 et
3532 5201 3689 5258 Coisl.
3717 5201 3887 5269 prima

2368 5278 2965 5359 Duo'cod'ices,_ei7rkp
2997 5286 3091 5359 καὶ
3115 5278 3471 5359 ἄλλωςξσμέν·
3560 5346 3592 5359 η
3654 5332 3831 5359 ημηά

2437 5336 2887 5430 ῐῦ)’ἑῖἑὶὴ’ξύτῷ’
2921 5336 3024 5407 3m-
3060 5336 3284 5430 δμηυαί
3313 5336 3513 5430 Issam
3554 5336 3889 5430 εοξηέἒὲἓίίὲῗ

2365 5401 2719 5499 corrumpit,
2899 5401 3889 5499 e'm'envclwa—rEZup'itj‘segynduﬂlfmfn‘

2706 5483 2821 5567 ’σοι,
2838 5483 3331 5573 repugnantibus
3347 5483 3641 5547 codicibus
3684 5493 3810 5537 mss.
3833 5483 3888 5527 δα

2365 5567 2500 5644 ipsa
2526 5567 2711 5629 etiam
2748 5567 3066 5628 sententia.
