4050 6220
218 274 237 326 1
247 270 345 325 073

1099 263 1583 321 EPISTOLABUM
1613 259 1901 318 CLASSIS
1939 259 2032 316 ΙΙΙ.
2075 257 2291 317 EPIST.
2346 258 2669 316 CCCXXIX.

3430 258 3570 315 1074

216 392 425 452 των3ι)
470 390 742 459 υπόθεσιν,
792 405 878 440 τον
918 383 1139 461 ἀδελφὸν
1160 383 1312 439 τόνδε
1353 391 1610 460 γνωρίσας
1650 388 1797 457 ἡμῖν,

1914 387 2182 440 terarum
2207 383 2583 440 occasionem
2610 400 2621 437 :
2651 383 2756 455 qui
2793 381 2939 439 mihi
2967 381 3130 439 hunc
3168 380 3411 438 fratrem
3458 397 3565 437 no-

209 485 295 534 τὸν
336 477 527 555 ἄνδρα,
662 479 798 529 κατὰ
844 481 938 535 τὴν
995 472 1244 529 ἐπάνοδον
1299 479 1391 534 τὴν
1430 479 1555 549 πρὸς
1585 479 1677 533 τὴν
1702 480 1802 533 σὴν

209 573 489 643 τιμιότητα
552 567 902 641 ἐχρησάμεθα
965 574 1055 626 τῆς
1118 564 1375 639 ἐγγράφου
1434 566 1568 634 (32’)
1605 566 1805 625 ταύτης

210 658 413 732 ὁμιλίας
452 660 596 730 ἡμῶν
631 652 879 725 διακόνῳ⁶
941 656 1213 728 εὐχόμενοι
1252 661 1324 725 τῷ
1377 661 1511 724 Θεῷ,
1569 656 1652 705 επὶ
1687 660 1804 724 μεῖ-

211 749 299 809 ζόν
341 766 398 800 σε
433 749 756 821 περιφανείας
794 748 885 795 καὶ
945 740 1106 805 δόξης
1145 746 1413 817 προϊόντα,
1452 748 1666 814 κοσμεῖν
1714 746 1804 794 καὶ

209 838 348 908 ἡμᾶς
386 840 474 887 καὶ
530 838 624 892 τήν
682 828 921 907 πατρίδα
970 837 1144 885 πᾶσαν
1220 838 1280 902 τῇ
1338 830 1503 903 οἰκείᾳ
1582 838 1802 882 σεαυτοῦ

207 923 362 997 ἀρετῇ
418 923 552 993 (32’)
620 919 1029 994 Παρακαλοῦμεν
1098 916 1156 971 δέ
1215 938 1271 971 σε
1313 920 1459 993 παρὰ
1518 919 1685 969 πάντα
1715 920 1800 969 τὸ)

207 1010 324 1083 βίον
359 1011 657 1084 μεμνῆσθαι
688 1016 778 1061 τοῦ
821 1011 1097 1069 κτίσαντός
1151 1026 1208 1060 σε
1252 1014 1386 1060 Θεοῦ
1423 1010 1513 1059 καὶ
1541 1010 1800 1078 τιμήσαν-

202 1119 315 1162 τος.
358 1101 441 1151 ἵνα
467 1101 597 1172 πρὸς
630 1104 717 1150 τοῦ
746 1095 867 1169 βίον
898 1099 1085 1148 τούτου
1114 1095 1447 1170 λαμπρότητι
1485 1097 1559 1147 ἔτι
1588 1098 1678 1147 καὶ
1710 1103 1801 1155 τῆς

201 1189 336 1259 (32”)
367 1187 609 1262 οὐρανίου
642 1182 799 1249 δόξης
829 1183 1077 1256 ἁξιωθῇς,
1108 1181 1166 1255 ᾗς
1233 1185 1389 1236 ἕνεκεν
1424 1184 1597 1251 πάντα
1653 1201 1802 1240 ποιη-

194 1289 302 1339 τέον
350 1287 499 1358 ἡμῖν,
536 1291 647 1346 τοῖς
692 1283 822 1361 πρὸς
861 1287 955 1341 τὴν
997 1285 1254 1356 πακαρίαν
1313 1278 1497 1334 ἐλπίδα
1537 1284 1631 1339 τήν
1662 1281 1801 1342 ζωήν

195 1374 339 1445 ἡμῶν
362 1372 649 1426 ἁπευθῦνὸυ
658 1391 760 1427 σιν.

742 1508 1077 1557 ΕΠΙΣΤΟΛΗ
1098 1502 1266 1559 ΤΚΖ’.

1916 478 2040 530 tam
2074 472 2227 534 fecit,
2258 472 2455 528 virum
2482 487 2699 545 nempe
2722 472 2912 541 illum,
2939 489 3062 545 quo
3085 472 3163 529 ad
3185 470 3560 541 tuamdigni—

1915 565 2097 618 tatem
2124 565 2454 617 revertente
2484 562 2665 632 hujus
2695 576 2802 633 per
2844 561 3067 617 litteras
3128 560 3415 633 colloquii
3450 559 3575 633 miy

1912 651 2101 706 nistro
2130 666 2279 705 usus
2311 666 2445 705 sum
2480 667 2493 704 :
2529 653 2715 705 Deum
2745 665 2984 719 regans,
3008 655 3074 705 ut
3100 649 3296 718 magis
3328 664 3400 704 ac
3431 663 3557 711 ma.—

1914 739 2004 809 gis
2050 738 2337 808 dignitate
2400 755 2470 794 ac
2516 738 2705 807 gloria
2767 753 3061 808 crescens,
3100 742 3155 793 et
3204 753 3339 805 nos,
3370 730 3560 809 etpa-

1913 827 2091 883 triam
2133 842 2376 882 omnem
2433 826 2680 898 propria
2726 831 2830 882 tua
2880 826 3092 881 virtute
3145 823 3557 883 exornes.Ad-

1911 914 2119 971 hortor
2138 918 2340 970 autem
2365 918 2439 984 te,
2472 918 2537 970 ut
2566 929 2673 986 per
2706 918 2892 970 totam
2922 914 3108 969 vitam
3142 913 3239 968 Dei
3271 912 3559 969 memine-

1910 1003 2140 1075 ris.qui
2170 1008 2224 1059 te
2241 1003 2633 1070 condidit,'ac
2672 1004 2902 1059 honore
2933 1002 3264 1058 cumulavit
3293 1006 3354 1057 ut
3407 1017 3557 1073 prae-

1910 1094 1999 1147 ter
2026 1092 2210 1162 hujus
2241 1092 2377 1147 vitae
2425 1091 2812 1163 splendorem
2849 1090 3054 1147 adhuc
3086 1090 3267 1145 etiam
3299 1089 3556 1160 gloriam

1912 1180 2212 1238 cmlestem
2243 1182 2669 1252 consequaris:
2722 1181 2801 1236 ob
2859 1195 3048 1252 quam
3114 1178 3311 1241 nobis,
3334 1178 3440 1250 qui
3477 1179 3557 1234 ad

1907 1269 2153 1326 beatam
2185 1286 2355 1342 spem
2386 1271 2573 1327 vitam
2604 1274 2875 1326 nostram
2908 1268 3245 1339 dirigimus,
3274 1266 3556 1326 facienda

1909 1362 2048 1416 sunt
2078 1358 2313 1415 omnia.

2374 1500 2703 1558 EPISTOLA
2729 1499 3093 1557 CCCXXVll‘.

212 1648 349 1703 Viro
374 1646 734 1718 praepotenti
759 1645 901 1704 bene
919 1649 1228 1716 precatur,
1273 1644 1343 1701 ob
1377 1643 1658 1701 honorem
1696 1642 1813 1726 sibi
1851 1642 1929 1699 ab
1952 1641 2400 1771 ilgothabitum.
2435 1643 2738 1699 Hortatur
2763 1648 2831 1698 ut
2862 1642 2944 1699 ad
2970 1641 3245 1699 Ecclesiae
3264 1640 3553 1711 defensio-

1620 1730 1755 1771 nem
1783 1730 1984 1771 mcum
2030 1730 2063 1771 a
2105 1757 2120 1771 .

1620 1730 1755 1773 nem
1783 1730 1984 1772 mcum
1994 1730 2093 1772 σαι
2105 1757 2120 1771 .

562 1841 949 1914 Ἀνεπίγραφος,
979 1838 1062 1891 ἐπὶ
1102 1836 1340 1911 παρακλὰ
1352 1857 1453 1890 σειι

254 1950 413 2022 ’Υπὲρ
467 1948 535 2000 ὧν
590 1951 851 2022 παρόντας
904 1947 1045 2019 ἡμᾶς
1104 1943 1379 2011 ἐτίμησας,
1422 1948 1512 1997 καὶ
1570 1942 1801 1997 ἀπόντων

203 2040 507 2111 μεμνῆσθαι
562 2037 829 2100 καταξιοῖς
888 2036 999 2107 (33)
1058 2032 1204 2107 (ἦλθε
1256 2037 1358 2107 γὰρ
1426 2034 1497 2095 εἰς
1557 2035 1693 2107 ἡμας
1766 2036 1796 2093 ἦ

200 2126 381 2198 ἀκοὴ),
420 2129 563 2201 παρὰ
622 2133 713 2179 τοῦ
776 2123 975 2196 ἀγαθοῦ
1033 2127 1294 2177 Δεσπότου
1352 2126 1551 2193 γένοιτό
1594 2142 1677 2175 σοι
1709 2122 1799 2174 ἁν-

200 2213 437 2278 τίδοσις’
476 2219 566 2268 καί
607 2234 664 2268 σε
722 2210 922 2286 ἴδοιμεν
969 2215 1083 2280 (34)
1118 2211 1249 2285 ἒντῇ
1275 2211 1471 2285 μεγάλη
1510 2212 1680 2286 ἡμέρᾳ
1704 2219 1800 2275 τῆς

200 2303 591 2380 δικαιοκρισίας
652 2310 744 2356 τοῦ
801 2310 935 2357 Θεοῦ
981 2304 1127 2375 ἡμῶν
1189 2300 1274 2354 ἐπὶ
1353 2304 1520 2375 ἔργοις
1585 2298 1798 2373 ἀγαθοῖς

199 2393 495 2467 εὐδόκιμον⁸
576 2396 658 2446 ἶνα
735 2395 907 2468 ὥσπερ
994 2400 1087 2453 τῆς
1180 2389 1401 2443 ἐνταῦθα
1467 2397 1795 2463 περιφανείας

198 2482 446 2551 ἠξίωσαι,
492 2482 627 2534 οὕτω
678 2485 768 2533 καὶ
825 2482 968 2555 παρά
1012 2488 1085 2551 τῷ
1136 2479 1358 2551 οὐρανίῳ
1379 2476 1593 2551 βασιλεῖ
1613 2483 1793 2550 σεμνό-

196 2591 351 2633 τητος
405 2569 725 2642 ἀπολαύσῃς.
812 2567 1215 2644 Παρακαλοῦμεν
1295 2563 1381 2619 οὖν
1470 2571 1796 2639 προηγουμέ-

194 2680 303 2730 νως,
335 2667 402 2732 τῇ
457 2657 741 2730 Ἐκκλησιᾳ
768 2664 858 2709 τοῦ
894 2664 1027 2710 Θεοῦ
1050 2653 1245 2730 διαρκῆ
1280 2656 1662 2730 παρασχέσθαι
1699 2660 1793 2714 τὴν

196 2745 456 2806 σπουδήν·
522 2749 699 2800 ἔπειτα
752 2749 943 2799 καὶτὸ
1002 2745 1072 2808 εἰς
1108 2747 1248 2818 ἡμᾶς
1309 2744 1513 2817 εὐμενὲς
1562 2742 1792 2806 ἐπαυξῆ-

195 2857 302 2907 σαι,
333 2842 549 2910 μνήμης
584 2855 640 2888 τε
662 2836 841 2897 πάσης
890 2838 981 2887 καὶ
1016 2837 1343 2907 προστασίας
1371 2834 1505 2905 ἡμας
1528 2830 1789 2904 ἀξίοῦντα,

196 2934 442 3000 σεμνῦναι
496 2927 633 2998 ἡμας
714 2928 806 2977 καὶ
885 2926 1213 2997 γράμμασιν·
1298 2924 1433 2981 ὥστε
1518 2918 1789 2983 ἀπόδειξιν

193 3016 327 3087 ἡμας
389 3015 627 3087 ἔχοντας,
695 3014 777 3065 ὅτι
869 3012 928 3064 οῦ
983 3011 1188 3087 βαρύνη
1250 3012 1389 3084 ἡμας
1460 3007 1788 3062 ἐπιστέλλον-

186 3123 272 3164 τας
302 3102 443 3174 (35),
473 3105 847 3175 συνεχέστερόν
864 3120 958 3154 σου
999 3109 1060 3174 τῇ
1086 3099 1429 3173 μεγαλλονοίᾳ
1448 3097 1787 3173 καταθαῤῥη-

186 3212 313 3249 σειν.

705 3303 1043 3355 ΕΠΙΣΤΟΛΗ
1073 3297 1250 3353 ΤΚΗ’.

2210 1838 2352 1894 Sina
2381 1838 2789 1908 inscriptione,
2822 1836 3256 1894 exhortatoria.

1984 1948 2095 2002 Pro
2126 1960 2196 2001 eo
2227 1944 2393 2018 quod
2422 1946 2702 2018 praesenti
2753 1944 2902 2001 mihi
2937 1945 3234 2001 honorem
3263 1941 3559 2005 habuisti.

1911 2037 1967 2091 et
1987 2033 2252 2090 absentis
2275 2034 2621 2090 meminisse
2667 2034 2933 2104 dignaris
2979 2034 3083 2105 (ita
3113 2032 3276 2088 enim
3308 2031 3562 2089 auditio-

1908 2138 1985 2179 ne
2007 2122 2259 2195 accepi),
2283 2124 2833 2195 remunerationem
2855 2121 3245 2195 consequaris
3294 2135 3332 2176 a
3354 2120 3557 2177 Domi-

1908 2228 1988 2269 no
2018 2213 2478 2285 optimozteque
2508 2212 2824 2269 videamus
2867 2212 2931 2268 in
2972 2226 3198 2282 magna
3263 2209 3367 2265 illa
3408 2209 3557 2281 justi

1900 2300 2115 2373 judicii
2146 2302 2246 2358 Dei
2279 2301 2469 2358 nostri
2491 2301 2587 2357 die
2609 2301 2688 2358 ob
2713 2301 2879 2358 bona
2914 2316 3099 2373 opera
3133 2298 3465 2373 probatum
3496 2301 3555 2357 et

1906 2393 2274 2462 spectatum:
2309 2394 2372 2447 ut
2400 2390 2923 2463 quemadmodum
2952 2389 3014 2446 in
3052 2388 3169 2445 hac
3215 2387 3337 2444 vita
3365 2385 3556 2445 incla-

1903 2479 2092 2547 ruisti,
2124 2479 2205 2536 ita
2235 2479 2415 2536 etiam
2454 2480 2838 2553 splendorem
2887 2478 3052 2552 apud
3111 2480 3415 2534 caelestem
3444 2491 3534 2533 re-

1904 2584 2043 2638 gem
2083 2569 2463 2640 adipiscaris.
2504 2570 2912 2626 Adhortamur
2939 2569 3117 2639 igitur
3143 2571 3196 2623 te
3243 2570 3381 2622 ante
3423 2581 3553 2623 om-

1901 2656 2023 2725 nia,
2072 2660 2138 2712 ut
2172 2656 2236 2712 in
2266 2657 2367 2713 Dei
2424 2658 2746 2714 Ecclesiam
2772 2659 2915 2729 juge
2946 2658 3220 2713 conferas
3250 2656 3541 2712 studium.

1898 2744 2118 2803 deinde
2160 2747 2364 2816 etiam,
2412 2750 2477 2802 ut
2518 2747 2999 2804 benevolentiam
3056 2747 3119 2804 in
3171 2761 3282 2802 nos
3352 2746 3550 2801 adau-

1901 2849 2066 2904 geas,
2149 2851 2377 2909 meque
2434 2837 2852 2893 recordatione
2907 2835 3076 2892 omni
3139 2850 3211 2891 ac
3290 2833 3544 2907 patroci-

1896 2923 1999 2979 nio
2029 2923 2334 2995 dignatus,
2354 2924 2562 2982 litteris
2584 2926 2765 2981 etiam
2813 2926 3186 2991 cohonestes,
3234 2923 3319 2979 ita
3348 2927 3413 2979 ut
3439 2920 3547 2978 ubi

1896 3018 2273 3084 compertum
2299 3013 2407 3071 erit
2450 3030 2547 3071 me
2578 3014 2684 3070 tibi
2716 3014 3039 3071 molestum
3091 3028 3217 3069 non
3258 3028 3409 3079 esse,
3436 3026 3543 3068 au-

1894 3099 2074 3158 deam
2098 3102 2176 3159 ad
2191 3108 2359 3160 tuam
2380 3103 2946 3175 magnanimitatem
2968 3102 3235 3160 crebrius
3261 3099 3542 3158 scribere.

2323 3299 2669 3357 EPISTOLA
2689 3298 3110 3357 CCCXXVIII“.

888 3423 1138 3480 Salutat
1159 3419 1629 3493 Hyperechium,
1656 3431 1832 3491 seque
1862 3418 1949 3476 ait
1989 3435 2111 3478 non
2143 3423 2357 3480 melius
2386 3425 2563 3481 solito
2596 3424 2821 3482 valere.

786 3547 1093 3623 ’Υπερεχίῳ.

252 3662 354 3710 Καὶ
409 3658 780 3730 προσαγορεύω
844 3660 938 3714 τὴν
982 3655 1259 3728 τιμῖότητοξ
1326 3674 1442 3726 σου,
1501 3656 1591 3706 καὶ
1613 3656 1776 3725 εῦχο-

180 3751 275 3816 μαί
295 3766 384 3799 σοι
424 3750 489 3798 τὰ
535 3747 728 3817 ἀγαθά·
772 3745 991 3817 ἐμαυτόν
1045 3741 1104 3797 δε
1160 3746 1477 3817 καταμηνύω
1534 3740 1775 3802 σπουδὴν

177 3837 353 3905 ἔχοντι
402 3838 608 3896 πάντως
648 3831 840 3887 εἰδέναι
888 3835 955 3886 τὰ
1002 3835 1123 3886 καθ’
1175 3834 1336 3907 ἡμας,
1370 3829 1536 3906 μηδὲν
1566 3834 1773 3905 ἄμεινον

177 3932 262 3985 τῆς
321 3926 576 3986 quaesiui;
656 3925 953 3998 πράττοντα
1024 3923 1158 3995 (36).
1223 3930 1337 3975 Τῶν
1384 3925 1485 3997 γὰρ
1563 3918 1771 3993 δυσφη-

173 4018 404 4087 μοτίρων
430 4010 695 4085 φείδομαι,
727 4014 792 4072 ὡς
821 4011 881 4063 ἂν
905 4015 976 4084 μὴ
1010 4013 1144 4064 πάνυ
1173 4010 1391 4071 λυποίην
1442 4014 1530 4065 τὸν
1556 4014 1621 4066 τὰ
1647 4011 1771 4086 βελ-

173 4121 327 4156 τιστα
356 4104 487 4175 ἡμῖν
510 4106 905 4174 συνευχόμενον.

710 4212 1046 4260 ΕΠΙΣΤΟΛῙΙ
1073 4212 1233 4261 ΤΚΘ.

2523 3549 2925 3620 Hyperechio.

1956 3654 2023 3710 Et
2052 3652 2248 3710 saluto
2278 3658 2447 3713 tuam
2476 3655 2853 3726 dignitatem,
2895 3655 3071 3713 ettibi
3100 3655 3255 3712 bene
3284 3668 3516 3728 precor.

1883 3746 2039 3802 Meas
2068 3749 2270 3802 autem
2286 3763 2382 3802 res
2416 3747 2567 3803 scire
2591 3748 2771 3803 etiam
2792 3751 2973 3819 atque
2990 3747 3171 3802 etiam
3203 3743 3533 3812 aventi,de—

1883 3833 2045 3891 claro
2075 3834 2290 3891 melius
2343 3835 2516 3893 solito
2568 3836 2716 3893 mihi
2755 3851 2879 3892 non
2910 3850 3065 3892 esse.
3121 3834 3314 3891 Nolim
3369 3832 3533 3888 enim

1881 3923 2127 3993 gravius
2170 3923 2511 3997 quidquam
2560 3925 2777 3997 dicere,
2832 3940 2908 3979 ne
2944 3940 3194 3996 prorsus
3222 3938 3384 3989 eum,
3424 3920 3532 3994 qui

1878 4013 2026 4071 mihi
2049 4014 2279 4086 optima
2304 4019 2608 4087 precatur,
2638 4014 2902 4071 afﬁciam
2932 4013 3186 4070 tristitia.

2221 4209 2394 4283 451
2442 4211 2781 4268 EPISTOLA
2815 4208 3189 4267 CCCXXIX‘“

778 4331 1023 4388 Gratias
1045 4331 1169 4401 agit
1195 4330 1265 4387 ob
1300 4332 1492 4402 pisces
1516 4333 1598 4391 ad
1621 4350 1683 4392 se
1722 4337 1952 4408 missos,
1987 4335 2092 4394 sed
2111 4336 2300 4393 multo
2325 4336 2519 4407 magis
2549 4334 2621 4391 ob
2654 4336 2913 4391 litteras.

850 4453 1010 4530 Φαλερ
1019 4458 1098 4527 ίῳ.

238 4581 389 4633 Πάνυ
419 4576 583 4641 ἐδίως
617 4578 862 4653 ἕτέρφθην
899 4586 1005 4640 τοῖς
1052 4583 1331 4651 ποταμίοις
1376 4580 1587 4652 ἰχθύσι,
1639 4604 1766 4655 μνη.

171 4675 474 4732 σικακήσας
526 4670 635 4741 (37)
679 4668 846 4721 αὐτῶν
906 4674 996 4727 τὴν
1058 4673 1225 4741 φυγὴν
1282 4668 1343 4728 ἦν
1410 4672 1595 4743 ἔφυγον
1644 4673 1770 4725 ὑπο-

234 4796 359 4869 (31)
380 4796 733 4869 Πραγμάτων.
782 4793 1315 4869 ϐοηιηιοιίίεείηιαπι
1390 4796 1760 4869 negotiorum

165 4866 676 4938 expediendorum
742 4867 1133 4938 occasionem.
1194 4866 1535 4938 Legendum
1592 4871 1763 4938 putat

169 4937 591 5009 Combeﬁsius,
620 4939 973 5009 ypapaqérm.
994 4936 1176 4992 Valde
1220 4936 1441 5009 arridet
1483 4936 1761 5009 haecsen-

167 4988 355 5089 ea};
371 4988 703 5089 aggessi.
726 4988 927 5089 nullus
949 4988 1468 5089 ξενῑῑέαεῖ-έδῑιεξ
1483 4988 1763 5066 anites-

170 5080 217 5136 si
249 5095 470 5152 sumus
499 5079 559 5134 in
585 5079 735 5152 ipso
774 5083 1055 5135 contextu
1076 5084 1334 5136 mutare.
1367 5149 1403 5152 __
1439 5084 1455 5152 ξ

237 5152 356 5224 (3t)
381 5149 709 5224 Ἐγγριὶιλτδόν.Δ
731 5153 816 5205 lta
842 5166 987 5207 mss.
1021 5166 1254 5224 omnes.
1305 5149 1453 5205 Editi
1483 5151 1759 5224 ἐγγραφῇς,

239 5220 354 5295 (32)
386 5220 568 5295 Ilua-av
588 5220 868 5295 V..._c'<p:‘_:'ﬁ.
894 5224 1025 5295 Haec
1051 5221 1260 5278 addita
1287 5236 1359 5277 ex
1391 5220 1762 5291 Medg'Cdisl.

166 5293 541 5364 primo,»Vat.
575 5297 632 5347 et
656 5291 898 5364 duobus
920 5292 1068 5347 aliis.

237 5365 357 5435 (32)
390 5362 503 5416 Ἒτι
523 5368 609 5415 καὶ
640 5371 752 5426 τῆς.
784 5363 1050 5420 Primam
1078 5378 1290 5420 vocem
1318 5361 1666 5420 addidimus
1692 5381 1765 5421 ex

166 5438 442 5507 quinque
465 5450 613 5507 mss.

386 5505 777 5577 KamEtoitha
805 5508 1249 5577 mss.quatuor:
1281 5504 1442 5572 editi,
1461 5506 1762 5570 κατηξίονς.

166 5576 363 5636 Paulo
400 5582 536 5650 post
572 5576 883 5635 Medicaeus
912 5576 1122 5647 codex,
1163 5576 1312 5636 ἦλθεν
1340 5580 1441 5650 γὰρ
1494 5579 1559 5640 ὡς
1602 5580 1761 5651 ἡμας.

2534 4459 2827 4516 Phalerio.

1950 4585 2221 4643 Suaviter
2256 4586 2507 4643 omnino
2564 4584 2894 4641 delectatus
2971 4598 3111 4640 sum
3165 4580 3517 4640 ﬂuvialibus

1876 4673 2169 4747 piscibus,
2213 4672 2543 4747 fugamque
2604 4673 2766 4730 ultus
2829 4688 2967 4728 sum
3025 4686 3215 4745 quam
3279 4686 3523 4727 concre-

1940 4798 2053 4869 (34)
2084 4794 2338 4870 Ἰδοιμεν.
2504 4797 2627 4853 duo
2650 4815 2795 4854 mss.
2848 4797 3013 4869 Editi,
3078 4793 3295 4870 ἴδωμεν.
3327 4795 3518 4854 Paulo

1868 4868 2010 4941 post
2037 4885 2179 4941 mss.
2209 4868 2345 4941 tres.
2369 4868 2609 4930 ἠξίωσε).

1941 4941 2053 5010 (35)
2088 4938 2526 5007 Ἐπιστελλοντας,
2571 4939 2721 4996 Edili
2770 4938 3027 5009 addunt,
3064 4959 3169 5009 σοι,
3202 4938 3307 4995 sed
3354 4937 3523 5010 deest

1867 5008 2000 5083 haec
2024 5008 2241 5083 Vocula
2280 5011 2338 5066 in
2381 5014 2642 5080 quatuor
2670 5027 2813 5067 mss.
2859 5008 3030 5067 Deest
3059 5011 3240 5067 etiam
3278 5012 3420 5083 ἡμας
3455 5008 3521 5067 in

1871 5082 2076 5138 codice
2104 5082 2407 5137 Vaticano.

1944 5155 2056 5229 (36)
2080 5155 2399 5224 Πράττοντα.
2424 5155 2514 5209 Ita
2549 5169 2694 5229 mss.
2726 5153 2895 5229 Editi,
2917 5155 3220 5229 πράττοντι.

1946 5219 2055 5295 (37)
2084 5219 2523 5297 Μνησικακήσας.
2566 5228 2698 5280 Haec
2728 5219 3045 5297 scriptura,
3082 5241 3217 5296 quae
3257 5223 3315 5279 in
3340 5219 3517 5277 editis

1872 5298 1929 5368 et
1948 5296 2257 5368 nonnullis
2280 5301 2470 5352 exstat
2482 5312 2641 5368 mss.
2661 5312 2731 5353 ac
2763 5296 2905 5353 olim
2932 5298 3129 5368 prima
3176 5308 3521 5368 _manu_exs-

1870 5365 1986 5423 titit
2014 5367 2074 5440 in
2106 5366 2437 5436 Harlaeano,
2460 5367 2732 5440 displicet
2752 5363 3134 5435 Comb'eﬁsio,
3174 5363 3524 5436 legendum-

1947 5450 1961 5464 -
1990 5436 2147 5492 Alias
2169 5439 2409 5505 ccxxv,

1945 5509 1981 5527 "
2021 5507 2180 5563 Alias
2212 5508 2550 5567 CCCLXV”.

2021 5578 2182 5636 Alias
2212 5580 2546 5638 CCLXXXII.
