4074 6220
278 318 412 375 1081

1138 319 1622 377 EPISTOLARUM
1653 316 1937 375 CLASSIS
1974 317 2064 374 Ill.
2115 317 2332 376 EPIST.
2387 315 2789 375 CCCXXXVlll.

3509 312 3647 368 1082

272 446 368 494 καὶ
416 444 571 514 μόνον
623 439 723 494 ὑπὸ
763 446 862 492 τῶν
897 447 998 494 σῶν
1047 440 1333 514 ὑϐρίζομαι
1380 441 1620 496 πολιτῶν.
1669 440 1745 492 θύ
1790 445 1892 513 μὴν

2003 443 2258 499 miniam
2289 441 2366 499 ad
2386 441 2585 514 ipsum
2611 419 2957 498 mitterent?
2982 436 3156 494 Vides
3179 451 3278 493 me
3299 451 3336 493 a
3365 433 3504 493 solis
3528 435 3646 492 tuis

274 517 440 602 ἐ’γωγε
484 539 577 583 τοῦ
623 529 783 602 φιλεῖν
841 536 931 582 καὶ
999 529 1221 583 ἐπαινεῖν
1285 527 1641 590 Καππαδόκας
1682 533 1890 583 παύσο-

272 642 393 693 μαι·
460 619 566 672 ἀλλ’
625 623 852 692 εὔχομαι
924 623 1013 693 μὲν
1090 620 1280 682 αὐτοὺς
1351 620 1586 693 ἀμείνους
1651 620 1890 691 γενέσθαι

273 715 396 784 περὶ
453 709 560 783 ἐμὲ,
615 714 857 782 μένοντας
907 706 968 762 δε
1020 709 1105 763 ἐπὶ
1161 719 1260 762 τῶν
1309 709 1479 762 αὐτῶν
1513 712 1662 764 οῖσω.
1698 715 1887 781 Φιρμῖ-

273 818 363 861 νος
405 796 464 852 δε
509 805 676 871 μῆνας
742 799 866 870 ἡμῖν
915 802 1200 869 συνεγένετο
1256 802 1521 870 τέτταρας·
1582 799 1776 869 ἡμέραν
1828 792 1886 848 δε

275 889 511 960 ἣργησεν
569 883 847 959 οὐδεμίαν.
915 889 984 940 Τό
1045 883 1104 939 δὲ
1154 885 1536 958 συνειλεγμένον
1565 888 1685 939 ὅσον
1721 884 1882 953 ἐστὶν,

274 980 435 1038 αυτὸς
467 981 606 1048 εῖσῇ,
659 981 748 1027 καὶ
800 978 929 1036 ἴσως
982 975 1040 1026 οὐ
1097 975 1302 1049 μέμ-(ιη.
1347 979 1483 1050 Πρὸς
1515 973 1574 1027 δὲ
1632 979 1689 1026 τό
1728 973 1882 1026 πάλιν

276 1065 438 1117 αὐτόν
479 1061 636 1138 δεῦρο
687 1061 978 1122 δυνηθῆναι
1031 1063 1211 1130 ἐλθεῖν,
1264 1069 1379 1116 τίνα
1425 1068 1533 1135 χρὴ
1568 1081 1882 1137 προσπαρα-

275 1153 452 1206 καλεῖν
504 1157 830 1225 σύμμαχον;
890 1156 1046 1227 Εἷπερ
1104 1155 1205 1225 γὰρ
1259 1149 1313 1204 εὖ
1363 1159 1637 1226 φρονοῦσιν
1667 1153 1715 1204 οἱ
1757 1151 1880 1223 βου-

273 1242 506 1304 λεύοντες
546 1244 660 1312 (64»)
712 1243 919 1316 (πρέποι
970 1238 1018 1294 δ’
1068 1241 1129 1294 ἂν
1189 1240 1474 1316 ἀνθρώποις
1524 1237 1880 1312 πεπαιδευμέ-

277 1333 432 1400 νοις),
509 1335 801 1402 τιμήσουσι
858 1331 973 1401 (65)
1038 1337 1143 1392 τοῖς
1192 1326 1477 1405 δευτέροις,
1533 1326 1713 1388 ἐπειδὴ
1775 1336 1881 1390 τοῖς

277 1427 509 1493 πρώτοις
530 1419 687 1478 ἐλύπη
697 1439 812 1474 σαν.

815 1609 1099 1664 ΕΠΙΣΤΟΛ
1113 1615 1152 1661 li
1191 1607 1356 1665 TAZ'.

2003 531 2233 588 civibus
2270 530 2488 602 injuria.
2524 529 2698 586 afﬁci.
2727 531 2928 601 Neque
2957 533 3162 585 tamen
3187 542 3299 596 ego
3330 529 3648 598 propterea

2001 620 2386 692 Cappadoces
2440 633 2645 675 amare
2694 633 2764 673 ac
2817 617 3066 672 laudare
3097 615 3394 672 desinam.
3427 615 3644 668 Verum

1999 709 2255 780 optarim
2286 707 2530 781 quidem
2561 706 2692 763 illos
2725 707 2784 761 in
2817 721 2912 760 me
2944 703 3122 777 454
3145 704 3274 759 fieri
3304 704 3637 775 aequiores:

1999 795 2108 851 sed
2122 795 2361 851 siiidem
2381 794 2842 868 permanserint,
2863 793 3074 849 feram.
3101 790 3393 848 Firminus
3405 804 3640 844 menses

1994 891 2254 958 quatuor
2293 883 2457 956 apud
2487 899 2598 940 nos
2637 886 3046 939 commoratus
3072 885 3197 936 est:
3251 878 3409 934 diem
3439 881 3640 934 autem

1993 974 2224 1030 nullam
2237 973 2468 1030 otiosus
2483 971 2791 1043 transegit.
2814 973 3120 1036 Quantum
3134 972 3336 1023 autem
3351 965 3462 1020 sibi
3481 981 3641 1021 com-

1991 1062 2312 1133 paraverit,
2347 1061 2474 1134 ipse
2501 1075 2852 1130 cognosces,
2877 1063 2934 1115 et
2962 1058 3213 1113 fortasse
3236 1069 3357 1110 non
3384 1067 3642 1125 conque-

1989 1150 2175 1207 reris..
2209 1152 2332 1205 Huc
2386 1154 2588 1206 autem
2621 1153 2710 1216 ,ut
2755 1149 2881 1220 ipse
2924 1146 3142 1204 iterum
3181 1142 3382 1199 venire
3431 1140 3638 1213 possit,

1989 1238 2241 1310 quinam
2272 1238 2514 1309 adjutor
2549 1237 2946 1295 advocandus
2966 1235 2993 1290 ?
3020 1233 3336 1290 Enimvero
3389 1228 3440 1284 si
3483 1232 3638 1284 recte

1989 1326 2166 1382 sentit
2190 1325 2356 1382 curia
2397 1325 2536 1395 (hoc
2566 1329 2768 1382 autem
2800 1322 3067 1380 decuerit
3121 1319 3401 1377 homines
3447 1315 3642 1372 erudi-

1989 1418 2125 1485 tos),
2156 1413 2479 1470 honorabit
2524 1430 2620 1470 me
2650 1411 3115 1486 posterioribus:
3139 1404 3638 1482 quandoquidem

1989 1503 2290 1576 prioribus
2316 1502 2550 1560 tristitia
2577 1503 2792 1559 atl‘ecit.

2409 1609 2748 1668 EPISTOLA
2791 1605 3217 1666 CCCXXXVII‘.

278 1715 490 1771 Atium
516 1713 918 1784 Cappadocem
949 1715 1131 1771 mittit
1160 1715 1409 1771 Libanio
1436 1715 1710 1782 Basilius,
1735 1730 1902 1786 quem
1929 1717 2123 1785 ﬁlium
2144 1733 2316 1772 suum
2346 1718 2636 1787 appellat,
2665 1723 2868 1787 utpote
2895 1717 2958 1771 in
2997 1729 3066 1771 ea
3094 1712 3388 1787 dignitate
3423 1709 3639 1787 consti-

357 1791 542 1852 tutus,
562 1781 694 1856 ᾁιῐεθ
718 1787 914 1855 ipsum
947 1791 1208 1842 omnium
1235 1793 1468 1856 patrem
1500 1781 1816 1856 efﬁciebat.
1851 1781 2032 1845 Hunc
2065 1781 2469 1845 comitabatur
2498 1781 2654 1846 alius
2680 1781 3042 1857 adolescens,
3068 1781 3284 1840 nobilis
3327 1787 3379 1844 et
3415 1781 3539 1851 ipse
3566 1793 3638 1836 ac

359 1858 569 1914 Basilii
599 1858 985 1926 necessarius,
1015 1857 1118 1913 sed
1148 1873 1266 1912 non
1289 1858 1470 1914 dives.

799 1945 1064 2008 Βασίλειος
1106 1945 1358 2016 Λιϐανίῳ.

361 2031 498 2087 Ἰδού
539 2053 623 2086 σοι
679 2037 768 2086 καὶ
815 2034 982 2108 ἔτερος
1037 2036 1150 2093 ἣκει
1205 2030 1588 2104 Καππαδόκης,
1618 2036 1728 2097 υἱὸς
1760 2033 1880 2107 ἐμός

283 2126 378 2174 καὶ
400 2123 575 2185 αὐτός·
615 2125 811 2185 πάντας
853 2126 954 2196 γὰρ
994 2124 1119 2196 ἡμῖν
1167 2123 1390 2176 εἰσποιεῖ
1414 2124 1526 2194 (66)
1581 2127 1640 2176 τό
1690 2133 1883 2196 σχῆμα

283 2219 462 2275 τοῦτο,
493 2210 542 2264 ἐν
642 2219 730 2264 νῦν
777 2211 947 2284 ἐσμεν.
996 2212 1156 2265 Ὠστε
1185 2214 1320 2264 κατά
1367 2232 1426 2284 γε
1462 2219 1615 2265 τοῦτο
1665 2209 1884 2286 ἁδελφός

284 2301 347 2352 ἂν
433 2303 509 2358 εἴη
599 2307 691 2353 τοῦ
736 2300 1103 2374 προλαϐόντος,
1149 2306 1239 2354 καὶ
1285 2310 1381 2364 τῆς
1431 2302 1592 2364 αὐτῆς
1649 2299 1884 2364 σπουδῆς

283 2390 450 2456 ἄξιος,
485 2388 599 2462 ἐμοί
628 2409 682 2442 τε
714 2397 786 2459 τῷ
816 2395 976 2462 πατρὶ
1022 2395 1112 2443 καὶ
1143 2396 1226 2444 σοὶ
1256 2400 1328 2461 τῷ
1378 2387 1708 2462 διδασκάλῳ·
1749 2395 1884 2466 εἴπερ

284 2499 338 2531 τι
399 2478 526 2540 ὅλως
572 2477 720 2531 πλέον
768 2475 990 2530 δυνατόν
1055 2482 1194 2551 ἔχειν
1241 2481 1354 2551 (67)
1406 2484 1522 2540 τοὺς
1575 2481 1696 2552 παρ’
1741 2482 1886 2552 ἡμῶν

284 2567 624 2640 ἐρχομένους.
675 2569 838 2622 Τοῦτο
880 2564 938 2620 δὲ
989 2566 1138 2639 λέγω,
1199 2568 1305 2640 οὐχ
1352 2571 1416 2630 ὡς
1445 2569 1538 2621 οὐκ
1576 2567 1636 2620 ἂν
1664 2576 1756 2629 τῆς
1787 2577 1885 2630 σῆς

285 2656 592 2727 λογιότητος
655 2655 828 2708 πλεῖόν
901 2676 953 2708 τι
1027 2663 1137 2718 τοῖς
1206 2657 1443 2718 παλαιοῖς
1514 2665 1613 2708 τῶν
1675 2657 1884 2730 ἑταίρων

280 2745 663 2817 χαριζομένης,
727 2744 836 2796 ἀλλ’
898 2747 967 2805 ὡς
1021 2743 1243 2817 ἀφθόνου
1299 2752 1429 2798 πᾶσι
1491 2754 1582 2806 τῆς
1647 2746 1884 2818 ὠφελείας

280 2853 381 2885 σου
435 2837 796 2908 προκειμένης.
861 2833 1077 2906 ’Λρκοῦν
1141 2831 1190 2886 δ’
1258 2833 1318 2886 ἂν
1374 2839 1450 2892 εἰη
1500 2841 1572 2904 τῷ
1611 2840 1881 2908 νεανίσκῳ,

273 2924 382 2997 πρό
425 2932 516 2983 τῆς
568 2921 622 2974 ἐκ
662 2930 754 2974 τοῦ
793 2926 990 2996 χρόνου
1035 2929 1232 2997 πείρας,
1285 2926 1334 2976 ἓν
1384 2931 1494 2986 τοίς
1549 2924 1758 2985 οἰκείοις
1807 2945 1884 2979 τε-

270 3013 501 3082 τάχθαι·
532 3009 585 3062 ὃν
635 3009 971 3083 ἀποπέμψαιο
1018 3014 1164 3084 ἡμῖν,
1211 3012 1355 3074 ἄξιόν
1393 3021 1492 3064 τῶν
1522 3032 1575 3065 τε
1625 3015 1884 3089 ἡμετέρων

272 3100 449 3171 εὐχῶν
479 3105 570 3151 καὶ
598 3108 689 3160 τῆς
731 3109 926 3152 σαυτοῦ
973 3097 1152 3168 δόξης,
1202 3101 1262 3159 ἦν
1309 3103 1451 3174 ἔχεις
1486 3099 1534 3153 ἐν
1561 3109 1666 3162 τοῖς
1685 3101 1881 3174 λόγοις.

273 3189 564 3260 Ἐπάγεται
623 3185 681 3241 δὲ
729 3193 814 3240 καὶ
868 3189 1150 3249 ἡλικιώτην
1197 3195 1288 3249 τὴν
1339 3192 1459 3249 ἴσην
1519 3193 1709 3262 ἔχοντα
1764 3198 1883 3266 περὶ

272 3282 404 3338 τοὺς
461 3281 642 3348 λόγους
702 3274 964 3341 σπουδὴν,
1034 3275 1354 3352 εὐπατρίδην
1414 3283 1505 3330 καὶ
1570 3279 1724 3330 αὐτόν
1791 3285 1882 3333 καὶ

276 3368 404 3437 ἡμῖν
458 3366 662 3418 οἰκεῖον-
702 3365 755 3418 ὃν
800 3363 952 3419 οὐδὲν
991 3367 1198 3420 ἔλαττον
1239 3368 1363 3430 ἕξειν
1403 3371 1730 3441 πιστεύομεν,
1784 3369 1879 3422 κᾶν

280 3455 519 3508 πλεῖστον
548 3464 647 3508 τῶν
675 3455 837 3508 ἄλλων
877 3463 988 3518 τοῖς
1039 3463 1316 3532 χρήμασιν
1349 3456 1698 3512 ἀπολείποιτο.

809 3641 1146 3689 ΕΠΙΣΤΟΛΠ
1187 3637 1358 3692 ΤΛΙΓ.

2523 1949 2790 2006 Basilius
2829 1947 3100 2003 Libanio.

2059 2039 2207 2094 Ecce
2236 2037 2340 2094 tibi
2371 2041 2427 2094 et
2456 2037 2607 2094 alius
2635 2037 2794 2094 venit
2827 2035 3174 2109 Cappadox,
3215 2048 3390 2088 meus
3427 2035 3483 2086 et
3507 2029 3637 2102 ipse

1987 2126 2182 2192 ﬁlius;
2209 2141 2420 2183 omnes
2451 2127 2610 2182 enim
2634 2125 2811 2181 nobis
2842 2124 3091 2197 adoptat
3141 2121 3402 2192 dignitas
3431 2119 3530 2176 illa
3573 2118 3637 2174 in

1991 2230 2115 2288 qua
2143 2229 2304 2271 nunc
2328 2231 2562 2270 sumus.
2606 2214 3012 2280 Quamobrem
3034 2212 3150 2267 hoc
3188 2209 3432 2266 nomine
3457 2207 3638 2263 frater

1996 2305 2071 2360 sit
2122 2303 2277 2360 illius
2333 2305 2440 2377 qui
2471 2303 2636 2377 prius
2692 2303 2767 2360 ad
2819 2308 2873 2359 te
2903 2302 3084 2368 venit,
3134 2305 3192 2356 et
3233 2315 3377 2356 cura
3421 2295 3637 2353 eadem

1992 2392 2234 2463 dignus,
2264 2396 2389 2450 tam
2413 2393 2557 2450 mihi
2601 2391 2777 2466 patri,
2805 2407 2992 2464 quam
3021 2389 3130 2446 tibi
3173 2384 3525 2461 praeceptori
3550 2400 3564 2450 ;
3589 2383 3639 2438 si

1992 2480 2123 2537 ﬁeri
2170 2483 2420 2538 omnino
2449 2486 2664 2555 potest,
2692 2484 2757 2538 ut
2798 2479 3025 2553 aliquid
3061 2478 3320 2550 amplius
3348 2475 3636 2542 habeant,

1991 2569 2156 2642 quia
2193 2569 2368 2625 nobis
2401 2571 2665 2626 veniunt.
2698 2573 2815 2626 Hoc
2863 2573 3064 2625 autem
3096 2566 3252 2630 dico,
3307 2579 3430 2620 non
3469 2560 3637 2635 quod

1989 2657 2276 2714 facundia
2310 2664 2412 2716 tua
2462 2675 2583 2716 non
2627 2659 2762 2732 plus
2807 2656 3036 2730 aliquid
3075 2655 3284 2712 amicis
3337 2651 3636 2708 veteribus

1989 2748 2246 2817 tribuat;
2271 2748 2378 2804 sed
2425 2747 2591 2821 quod
2636 2747 2942 2803 uberrima
2970 2745 3193 2801 utilitas
3221 2747 3328 2798 tua
3351 2739 3637 2797 omnibus

1991 2838 2304 2910 proposita
2348 2837 2444 2894 sit.
2491 2837 2642 2894 Satis
2693 2840 2896 2893 autem
2945 2834 3119 2890 fuerit
3170 2828 3556 2898 adolescenti,
3591 2827 3641 2882 si

1991 2930 2129 2982 ante
2149 2926 2437 2998 temporis
2483 2925 2961 2999 experimentum
2989 2923 3142 2978 inter
3166 2918 3485 2975 familiares
3525 2914 3640 2970 col-

1990 3014 2254 3071 locetur:
2285 3030 2467 3088 quem
2498 3013 2577 3070 ad
2622 3030 2734 3070 nos
2769 3013 3035 3068 remittas
3059 3009 3255 3075 velim,
3297 3006 3552 3076 dignum
3581 3005 3640 3058 et

1992 3105 2210 3161 nostris
2239 3105 2480 3172 votis,et
2507 3104 2695 3175 gloria
2715 3103 2963 3168 istatua,
2987 3115 3174 3173 quam
3205 3114 3268 3154 es
3294 3093 3639 3167 eloquentia

1990 3199 2368 3251 consecutus.
2386 3195 2554 3251 Ducit
2573 3199 2774 3251 autem
2797 3207 3002 3248 secum
3020 3194 3076 3246 et
3099 3192 3492 3251 coaetaneum,
3508 3181 3634 3256 pari

1986 3282 2317 3340 litterarum
2348 3283 2546 3339 studio
2582 3283 2922 3355 prteclitum,
2959 3280 3233 3352 etipsum
3271 3288 3518 3349 quoque
3565 3287 3640 3328 ex

1984 3371 2176 3428 nobili
2209 3371 2438 3428 familia
2456 3376 2845 3446 prognatum,
2877 3369 3173 3441 nobisque
3195 3361 3634 3422 necessarium:

1985 3475 2172 3532 quem
2194 3460 2360 3517 nulla
2379 3477 2442 3516 re
2457 3460 2801 3517 inferiorem
2827 3458 2951 3515 fore
2973 3456 3338 3513 conﬁdimus
3359 3471 3374 3522 ;
3398 3449 3636 3510 etiamsi

1988 3547 2320 3620 plurimum
2355 3550 2432 3605 ab
2451 3549 2582 3604 aliis
2615 3548 2875 3620 pecunia
2906 3550 3245 3618 superetur.

2405 3640 2739 3694 EPISTOIA
2771 3635 3219 3694 CCCXXXVIII“.

273 3722 514 3798 Gratias
539 3724 665 3792 agit
691 3723 980 3798 Libanius
1009 3726 1169 3796 quod
1193 3725 1570 3794 Cappadoces
1599 3725 1679 3781 ad
1707 3740 1766 3781 se
1795 3726 1993 3784 mittat
2036 3728 2318 3782 Basilius.
2343 3727 2579 3782 Narrat
2610 3741 2669 3782 se
2687 3728 2840 3782 lecta
2863 3725 3146 3798 priuatim
3187 3721 3364 3798 illius
3381 3717 3636 3798 epistola

346 3795 566 3849 victum
583 3791 653 3850 se
682 3795 756 3851 ab
777 3811 842 3851 eo
873 3791 1208 3864 confessum
1232 3791 1369 3864 esse,
1402 3803 1454 3852 et
1482 3811 1615 3852 cum
1633 3803 1842 3865 postea
1865 3799 2129 3855 eamdem
2161 3799 2424 3867 Alypius
2455 3813 2656 3853 coram
2683 3791 2959 3866 pluribus
2980 3794 3286 3867 honoratis
3303 3791 3444 3867 viris
3466 3791 3635 3867 legis:

341 3871 451 3928 set,
488 3881 688 3922 omnes
735 3869 955 3940 Basilio
982 3859 1255 3935 palmam
1295 3859 1609 3940 detulisse.
1633 3859 1932 3925 'Declaral
1968 3885 2030 3926 se
2059 3885 2179 3925 non
2226 3859 2444 3926 cvu'rare
2483 3859 2923 3940 quam'divites
2953 3869 3072 3921 sint
3111 3863 3414 3932 discipuli,
3451 3859 3553 3916 sed
3581 3863 3636 3913 et

343 3951 578 4006 egenos,
611 3938 782 3993 modo
813 3939 1069 3994 studiosi
1088 3941 1230 4005 sint,
1265 3939 1550 3995 divitibus
1581 3944 1964 4008 antepenore.

793 4025 1038 4088 Λιϐάνιος
1075 4027 1344 4098 Βασιλείῳ.

337 4110 497 4175 Οἶδα,
557 4115 636 4165 ὅτι
689 4113 934 4176 πολλάκις
992 4124 1145 4168 τοῦτο
1202 4117 1444 4189 γράψεις,
1496 4120 1574 4181 τὸ,
1622 4112 1761 4168 Ἰδού
1796 4136 1878 4178 σοι

251 4207 353 4253 καὶ
399 4204 565 4276 ἔτερος
627 4206 740 4261 ἥκει
808 4201 1185 4265 Καππαδόκης.
1257 4204 1478 4264 Πολλοὺς
1523 4208 1644 4278 γὰρ,
1710 4202 1874 4276 οἶμαι,

252 4291 506 4360 πέμψεις·
564 4290 642 4344 ἀεὶ
701 4294 791 4363 μεν
841 4298 930 4345 καὶ
976 4302 1251 4364 πανταχοῦ
1283 4301 1387 4354 τοῖς
1447 4293 1720 4366 ἐγκωμίοις
1770 4303 1879 4356 τοῖς

252 4379 382 4430 κατ’
436 4379 558 4451 ἐμοῦ
606 4389 891 4454 χρώμενος,
949 4386 1119 4452 τούτῳ
1171 4379 1229 4434 δε
1280 4383 1420 4450 αὐτῷ
1492 4389 1581 4434 καὶ
1657 4388 1878 4458 πατέρας

254 4476 419 4519 κινῶν
460 4475 547 4520 καὶ
590 4467 807 4532 παῖδας.
859 4471 993 4524 Ἀλλ’
1043 4473 1069 4522 ὅ
1121 4490 1176 4542 γε
1223 4469 1416 4540 ἓγένετο
1467 4476 1581 4544 περὶ
1629 4477 1722 4529 την
1765 4472 1876 4524 ἐπι.

258 4555 457 4612 στολήν
509 4577 602 4609 σου
655 4565 748 4615 την
803 4559 982 4628 καλὴν,
1045 4559 1102 4612 οὐ
1156 4558 1311 4610 καλόν
1373 4569 1664 4618 σιωπῆσαι.
1739 4568 1876 4635 Παρ-

254 4649 516 4704 “deum
560 4667 651 4719 μοι
695 4657 794 4700 τῶν
845 4647 891 4699 ἐν
948 4649 1089 4722 ἀρχῇ
1139 4653 1486 4719 γεγενημένων
1530 4648 1673 4700 ἄλλοι
1703 4669 1755 4701 τε
1786 4651 1880 4702 οὐκ

254 4738 453 4807 ὀλίγοι,
510 4744 599 4812 καὶ
657 4740 682 4788 ό
745 4741 915 4790 πάντα
980 4742 1197 4814 ἄριστος
1263 4737 1511 4799 Ἀλύπιος
1570 4737 1877 4811 Ἱεροκλέους

254 4825 471 4895 ἀνεψιὸς
520 4824 734 4880 ἐκείνου.
803 4826 888 4887 Ὠς
959 4834 1046 4878 οῦν
1105 4825 1296 4879 ἔδοσαν
1363 4828 1411 4878 οἱ
1488 4830 1717 4900 φέροντες
1781 4819 1875 4885 τὴν

251 4914 560 4984 ἐπιστολὴν,
599 4923 721 4986 σιγῇ
773 4911 866 4967 διὰ
920 4918 1100 4977 πάσης
1141 4915 1318 4981 ἐλθὼν,
1349 4915 1691 4986 Νενικήμεθα,
1728 4918 1870 4986 ἔφην,

252 4999 480 5075 μειδιῶν
510 5023 561 5055 τε
592 5004 701 5075 ἅμα
749 5009 835 5054 καὶ
884 5010 1109 5078 χαίρων.
1173 5009 1273 5057 Καὶ
1335 5009 1450 5055 τίνα
1491 5007 1554 5055 σὺ
1602 5008 1871 5064 νενίκησαι

252 5096 451 5160 νίκην;
507 5092 710 5163 ἤροντο·
766 5097 851 5144 καὶ
916 5101 1026 5156 πῶς
1105 5092 1198 5146 οὐκ
1272 5091 1443 5164 ἀλγεῖς
1500 5095 1867 5164 νενικημένου

493 5251 842 5326 Βουλεύοντες.
895 5251 1050 5310 Harl.
1113 5252 1412 5326 βουλευταί.
1461 5251 1683 5308 Ibidem
1719 5267 1866 5308 non-

257 5321 409 5378 nulli
439 5322 706 5398 codices,
737 5329 939 5398 πρέπει.

337 5395 452 5462 (δεῖ)
487 5394 809 5465 Τιμήσουσὶ.
840 5397 976 5463 Reg.
1012 5395 1315 5451 secundus
1341 5399 1396 5450 et
1436 5394 1606 5452 Coisl.
1661 5409 1868 5451 secun-

263 5463 384 5519 dus
415 5463 706 5537 τιμὴσουσί
739 5485 820 5537 με.
863 5466 972 5522 Alii
993 5467 1268 5522 nonnulli
1308 5472 1591 5534 τιμήσουσί
1625 5486 1702 5521 σε.

342 5536 643 5607 (66)Ἠμῐν
695 5536 935 5595 εἰσποιεῖ.
986 5537 1160 5596 Coisl.
1209 5537 1441 5611 primus
1488 5543 1544 5596 et
1580 5537 1708 5595 Med
1755 5538 1862 5596 ha-

267 5605 435 5662 bent.
467 5608 622 5662 ἡμᾶς.

314 5615 435 5676 ent,
467 5615 622 5678 ἡμᾶς.

2523 4028 2808 4084 Libanius
2862 4027 3101 4082 Basilio.

2065 4118 2194 4174 Scio
2229 4121 2281 4174 te
2303 4117 2418 4173 hoc
2441 4117 2652 4173 crebro
2677 4117 3042 4190 scripturum
3068 4133 3080 4171 :
3119 4117 3264 4170 Ecce
3288 4110 3461 4168 tibiet
3485 4108 3638 4164 alius

1989 4206 2150 4262 venit
2178 4205 2532 4277 Cappadox.
2559 4205 2764 4261 Multos
2809 4219 3096 4276 namque,
3143 4206 3312 4274 puto,
3343 4198 3638 4255 missurus

1991 4311 2088 4363 es;
2121 4311 2358 4368 semper
2384 4299 2442 4351 et
2471 4295 2696 4368 ubique
2728 4311 2824 4350 me
2849 4293 3133 4350 laudibus
3155 4292 3430 4358 eil‘erens,
3458 4292 3637 4358 atque

1989 4384 2248 4456 hocipso
2267 4389 2324 4440 et
2340 4390 2534 4456 patres
2549 4390 2602 4440 et
2626 4400 2845 4456 pueros
2869 4397 3224 4456 provocans.
3259 4376 3484 4449 Atquid
3500 4391 3635 4430 eve-

1989 4473 2074 4528 nit
2104 4473 2165 4527 in
2185 4471 2501 4544 epistolam
2549 4477 2716 4528 tuam
2766 4471 3102 4542 pulchram,
3145 4482 3268 4522 non
3312 4463 3632 4536 pulchrum

1989 4560 2163 4616 fuerit
2183 4561 2416 4616 silentio
2442 4559 2763 4632 praeterire.
2796 4558 3155 4612 Assidebant
3185 4554 3327 4610 mihi
3351 4568 3423 4608 ex
3444 4551 3634 4606 hono-

1988 4650 2152 4716 ratis,
2185 4665 2321 4704 cum
2349 4649 2447 4704 alii
2475 4664 2597 4703 non
2631 4648 2827 4720 pauci,
2855 4651 2978 4702 tum
3001 4645 3178 4714 longe
3206 4642 3473 4714 optimus
3501 4638 3634 4710 Aly-

1988 4738 2125 4809 pius
2158 4737 2436 4792 Hieroclis
2466 4736 2622 4792 illius
2655 4735 3074 4792 consobrinus.
3110 4737 3180 4789 Ut
3225 4747 3366 4801 ergo
3414 4729 3633 4802 episto-

1986 4825 2109 4881 lam
2140 4826 2546 4889 reddiderunt,
2574 4825 2678 4896 qui
2711 4823 3065 4889 attulerant;
3095 4821 3330 4878 silentio
3361 4824 3480 4876 tota
3502 4833 3635 4891 per-

1984 4913 2156 4979 lecta,
2191 4913 2395 4968 ridens
2422 4913 2597 4968 simul
2629 4917 2684 4968 et
2715 4912 2985 4981 gaudens
3012 4911 3171 4967 dixi:
3207 4910 3352 4966 Victi
3398 4921 3632 4962 sumus.

1984 5001 2439 5071 lnterrogabant
2465 5007 2666 5056 autem
2710 5000 2818 5056 illi:
2855 5003 2982 5067 Qua
3032 5001 3221 5055 victus
3253 5015 3314 5053 es
3345 4995 3637 5053 victoria?

1982 5090 2360 5164 etquomodo
2383 5091 2571 5146 victus
2584 5105 2706 5146 non
2738 5089 2906 5146 doles
2924 5089 3161 5146 ?Victus
3188 5104 3342 5153 sum,
3374 5085 3632 5149 aiebam,

2201 5249 2558 5324 folngnlz'ov
2621 5247 3062 5324 δυνατὸν-ἔχειν.
3128 5249 3220 5324 Sic
3275 5251 3393 5324 tres
3463 5246 3629 5324 {eiii-.-

1979 5314 2219 5378 διίὲείὼὶ
2251 5321 2505 5377 codices.
2531 5325 2666 5377 Tres
2693 5321 2791 5377 alii
2821 5314 2969 5374 πλέον
3017 5318 3236 5374 δυνατόν
3283 5321 3442 5387 ἔχειν.
3477 5314 3626 5370 Edili

1980 5399 2117 5466 εἰπερ
2148 5414 2200 5445 τι
2224 5394 2373 5466 πλέον
2405 5397 2541 5466 ἔχειν
2599 5391 2843 5466 δυνατόν.
2872 5396 2997 5448 Mox
3029 5390 3169 5446 editi
3218 5389 3364 5440 πλέον
3393 5406 3462 5440 τι.
3488 5389 3626 5443 ’l‘res

1978 5464 2366 5529 vetustissimi
2389 5465 2628 5521 codices
2651 5469 2713 5521 ut
2748 5464 2808 5519 in
2838 5467 3016 5520 textu.

2052 5540 2067 5557 ’
2089 5535 2250 5590 Alias
2275 5537 2493 5591 CXLIV.

2050 5608 2090 5629 "
2122 5606 2283 5663 Alias
2309 5608 2500 5664 CXLV.
