4050 6220
532 320 664 377 1083

1897 320 1952 376 S.
1993 320 2242 376 BASILII
2279 318 2499 376 MAGNI

3709 325 3819 380 1084

527 442 969 516 pulchritudine
991 444 1385 517 epistolarum
1411 461 1424 500 :
1456 444 1593 501 vicit
1612 458 1752 500 vero
1774 442 2047 499 Basilius.
2078 442 2175 497 Vir

2289 442 2368 496 Ἐν
2434 442 2605 494 κάλλει
2662 441 2820 514 μὲν,²
2860 442 3022 513 ἔφην,
3087 440 3366 494 ἐπιστολῶν
3431 444 3645 515 ἧττημαι
3708 446 3819 515 (68)·

530 539 730 591 autem
758 534 854 590 ille
895 534 1126 591 amicus
1179 537 1286 602 est,
1327 540 1383 591 et
1412 551 1549 591 eam
1578 534 1657 589 ob
1714 550 1961 590 causam
1987 532 2176 589 laetor.

530 625 663 678 llaec
694 639 806 693 ego
838 640 977 679 cum
1006 622 1312 693 dixissem,
1344 640 1418 679 ex
1447 623 1594 695 ipsis
1643 621 1850 678 litteris
1902 621 2178 693 judicare

527 710 935 767 volueruntde
967 712 1229 769 victoria.
1264 722 1344 768 Ac
1364 711 1601 782 legebat
1629 710 1877 784 quidem
1902 709 2175 782 Alypius,

527 799 858 857 audiebant
887 800 1221 874 455vero
1252 801 1355 874 qui
1368 801 1637 857 aderant.
1665 802 1806 856 Lata
1820 804 2020 855 autem
2044 814 2175 853 sen-

525 888 709 943 tentia
740 891 844 958 est,
886 904 983 944 me
1003 888 1149 946 nihil
1172 905 1300 945 esse
1346 888 1683 945 mentitum.
1744 888 1811 944 Et
1852 886 2173 960 epistolam

526 975 761 1032 habens
810 977 859 1032 is
898 977 1001 1050 qui
1029 977 1274 1048 legerat,
1327 977 1487 1047 exiit,
1535 977 1665 1034 aliis
1695 977 1894 1047 etiam,
1933 976 2172 1049 opinor,

528 1069 903 1135 ostensurus,
928 1067 1145 1140 vixque
1176 1066 1453 1124 reddidit.
1493 1066 1692 1123 Scribe
1713 1066 1913 1138 itaque
1932 1065 2169 1135 similia,

527 1156 584 1209 et
611 1154 786 1209 vince
812 1170 825 1219 ;
850 1155 931 1209 sic
955 1155 1113 1211 enim
1146 1156 1273 1227 ipse
1302 1156 1564 1211 vincam.
1601 1157 1889 1211 Casterum
1922 1159 1978 1210 et
2024 1154 2173 1210 illud

526 1246 685 1297 recte
713 1243 981 1314 conjicis,
1014 1260 1136 1300 non
1167 1245 1440 1317 pecuniis
1462 1260 1555 1300 res
1581 1247 1817 1300 nostras
1848 1244 2131 1299 testimari
2157 1261 2170 1298 :

527 1329 635 1385 sed
691 1331 833 1386 satis
860 1348 992 1386 esse
1023 1333 1074 1387 ei
1140 1332 1244 1404 qui
1299 1331 1443 1388 dare
1496 1348 1621 1387 non
1666 1335 1881 1404 potest,
1932 1336 1997 1387 ut
2040 1330 2177 1388 velit

528 1418 820 1490 accipere.
851 1421 909 1476 Si
939 1436 1119 1491 quem
1153 1422 1313 1475 enim
1334 1422 1926 1489 resciveroegenum,
1953 1421 2058 1475 sed
2090 1425 2174 1476 ta-

527 1520 670 1560 men
700 1506 1031 1562 litterarum
1056 1508 1426 1576 studiosum;
1451 1510 1499 1564 is
1531 1508 1818 1564 divitibus
1868 1510 2175 1581 anteponi-

527 1596 645 1647 tur.
685 1594 1042 1666 Quanquam
1074 1611 1186 1650 nos
1216 1596 1362 1652 tales
1423 1598 2013 1669 magistrosexperti
2052 1612 2176 1653 non

528 1696 774 1748 sumus;
830 1687 891 1738 at
917 1684 1063 1739 nihil
1107 1685 1451 1755 prohibebit
1502 1701 1616 1740 nos
1674 1686 1790 1741 hac
1840 1690 2008 1757 parte
2048 1700 2178 1740 esse

2287 531 2551 592 Βασίλειος
2594 527 2652 583 δὲ
2708 534 3012 605 κεκράτηκε.
3063 529 3213 590 Φθίος
3264 527 3321 583 δὲ
3372 532 3397 582 ὁ
3452 529 3592 604 ἀνὴρ,
3637 537 3714 584 καὶ
3749 532 3825 588 διὰ

2286 628 2439 671 τοῦτο
2479 620 2840 693 εύφραίνομαι.
2883 621 3061 675 Ταῦτα
3098 620 3321 679 εἰπόντος
3363 618 3501 692 ἐμοῦ,
3539 621 3653 695 παρ’
3686 622 3821 673 αὐτῶν

2284 708 2465 779 μαθεῖν
2513 704 2882 765 ἠϐουληθησαν
2926 714 3026 758 τῶν
3077 708 3394 780 γραμμάτων
3440 710 3530 764 τὴν
3548 712 3699 765 νίκην.
3742 715 3822 762 Καὶ

2283 794 2596 865 ἀνεγίνωσκε
2653 796 2742 867 μὲν
2787 794 2813 865 ῥ
2875 794 3140 862 Ἀλόπιος,
3196 797 3382 852 ἤκουον
3434 790 3491 847 δί
3513 796 3559 847 οἱ
3593 800 3819 867 παρόντες.

2297 886 2338 937 Η
2404 881 2578 955 ψῆφος
2618 879 2677 936 δὲ
2738 885 2961 955 ἠνέχθη,
3002 879 3168 955 μηδέν
3215 903 3277 955 με
3324 881 3587 954 ἐψεῦσθαι.
3641 888 3729 938 Καὶ
3773 890 3824 937 τὰ

2280 974 2567 1045 γράμματα
2620 975 2755 1043 ἔχων
2799 975 2824 1024 ὁ
2884 971 3135 1044 ἀναγνούς
3188 971 3341 1044 ἐξῄει,
3392 967 3565 1035 δείξων
3594 972 3723 1045 οἶμαι
3754 980 3823 1025 καὶ

2281 1062 2474 1129 ἄλλοις,
2530 1066 2619 1114 καὶ
2666 1062 2813 1133 μόλις
2856 1058 3113 1117 ἀπέδωκε,
3165 1063 3329 1134 Γράφε
3378 1066 3540 1113 τοίνυν
3588 1062 3823 1137 παραπλή-

2286 1168 2395 1219 σια,
2442 1152 2532 1201 καὶ
2584 1153 2720 1200 νίκα’
2767 1154 2911 1201 τουτὶ
2969 1151 3069 1221 γάρ
3128 1148 3267 1200 ἐστιν
3333 1147 3418 1221 ἐμὲ
3471 1156 3628 1220 νικᾷν.
3683 1150 3825 1211 Καλῶς

2286 1235 2344 1290 δὲ
2394 1236 2598 1290 κάκεῖνο
2635 1238 2881 1300 εἰκάζεις,
2934 1241 3002 1300 ὡς
3068 1237 3127 1289 ού
3172 1241 3423 1313 χρήμασι
3470 1246 3711 1312 μετρεῖται
3744 1241 3829 1307 (69)

2284 1329 2349 1377 τὰ
2378 1324 2499 1400 παρ’
2551 1326 2715 1397 ἠμώνο
2770 1326 2876 1377 ἀλλ’
2926 1326 3074 1400 ἀρκεῖ
3115 1335 3187 1396 τῷ
3230 1330 3301 1397 μὴ
3364 1322 3620 1398 δυναμένῳ
3658 1324 3826 1395 δοῦναι,

2284 1420 2341 1467 τὸ
2394 1414 2717 1487 βουληθῆναι
2764 1414 2957 1468 λαϐεῖν.
3010 1414 3114 1467 Κᾶν
3164 1417 3265 1486 γὰρ
3330 1417 3589 1486 αἴσθωμαι
3642 1433 3742 1466 τινα
3794 1415 3828 1466 ὲν

2285 1511 2448 1572 πενία,
2497 1505 2659 1575 λόγων
2714 1506 2928 1579 ἐρῶντα,
2986 1508 3085 1575 πρὸ
3138 1514 3236 1556 τῶν
3301 1504 3638 1557 πλουτούντων
3697 1503 3827 1564 οὗτος.

2289 1599 2471 1647 Καίτοι
2518 1594 2577 1646 ού
2621 1597 2866 1645 τοιούτων
2935 1595 3289 1667 πεπειράμεθα
3360 1590 3696 1645 διδασκάλων·
3746 1593 3829 1644 ἀλλ’

2286 1680 2435 1735 οὐδὲν
2466 1682 2687 1735 κωλύσει
2732 1686 2845 1751 (⁸70)
2903 1686 3065 1754 ταύτῃ
3098 1702 3157 1751 γε
3197 1680 3328 1734 εἶναι
3358 1682 3628 1754 βελτίονας.
3665 1680 3832 1743 Μηδεὶς

527 1768 826 1825 meliores.
859 1774 1064 1843 Itaque
1087 1771 1288 1827 nullus
1305 1788 1537 1845 pauper
1556 1774 1673 1830 huc
1696 1774 1963 1846 pigretur
2002 1789 2171 1829 acce-

2287 1772 2373 1824 ούν
2402 1776 2552 1831 πένης
2578 1771 2786 1823 ὀκνείτω
2819 1768 2973 1846 δεῦρο
3006 1767 3272 1843 βαδίζειν,
3300 1770 3343 1823 εί
3373 1770 3421 1823 ἓν
3448 1772 3599 1824 ἐκεῖνο
3625 1776 3829 1827 κέκτηται

526 1857 688 1925 dere,
718 1858 767 1914 si
794 1859 911 1916 hoc
940 1876 1130 1917 unum
1172 1861 1469 1918 duntaxat
1520 1863 1877 1935 possederit,
1922 1868 1988 1919 ut
2026 1862 2173 1919 sciat

527 1945 860 2003 elaborare.

974 2040 1306 2096 EPISTOLA
1340 2042 1726 2098 CCCXXXIX'.

2280 1865 2453 1934 μόνον,
2480 1864 2538 1913 τὸ
2568 1860 2885 1912 ἐπίστασθαι
2910 1866 3098 1914 πονεῖν.

2805 2039 3137 2092 ΕΠΙΣΤΟΑΗ
3178 2032 3355 2094 ΤΛΘ’.

527 2141 796 2197 Basilius
812 2143 1061 2200 Libanio
1090 2147 1393 2216 signiﬁcat
1418 2164 1477 2203 se
1511 2149 1747 2204 laudem
1778 2146 2607 2219 eloquentiaeilliconcedere,
2641 2160 2711 2201 ac
2731 2143 3095 2219 jamdudum
3146 2145 3435 2219 oblivioni
3463 2144 3702 2215 traditis,
3731 2158 3831 2214 quae

1144 2219 1311 2286 apud
1340 2220 1636 2288 sophistas
1666 2217 1982 2287 didicerat,
2033 2234 2166 2274 cum
2196 2218 2357 2273 Mose
2387 2223 2439 2273 et
2484 2217 2622 2273 aliis
2660 2217 2969 2287 prophetis
3005 2217 3259 2271 versari.

1059 2325 1322 2379 Basilius
1371 2326 1436 2381 Li
1444 2326 1640 2381 banio.

604 2426 758 2491 Quid
773 2442 898 2483 non
918 2428 1133 2487 dixerit
1150 2432 1440 2503 SOphista,
1463 2437 1519 2489 et
1539 2434 1671 2489 talis
1693 2433 1981 2505 sophista,
2005 2432 2179 2503 cujus

531 2514 675 2569 artis
717 2517 1032 2589 proprium
1076 2535 1208 2576 esse
1239 2528 1491 2589 constat,
1523 2526 1580 2578 et
1608 2538 1680 2578 ex
1711 2522 1951 2593 magnis
1988 2536 2181 2593 parva

532 2602 731 2660 facere
761 2622 898 2661 cum
931 2608 1204 2677 voluerit,
1237 2615 1293 2665 et
1312 2626 1502 2683 parva
1549 2612 1960 2684 ampliﬁcare?
1997 2602 2180 2676 Quale

532 2697 621 2747 est
641 2694 807 2764 quod
822 2700 878 2752 et
905 2696 967 2751 in
992 2713 1105 2753 nos
1136 2698 1473 2757 declarasti.
1497 2704 1539 2756 Ν
1548 2718 1645 2757 am
1671 2700 1989 2773 epistolam
2017 2700 2180 2755 illam

531 2781 867 2853 sordidam,
918 2790 985 2842 ut
1012 2803 1121 2843 vos
1151 2788 1416 2845 dixeritis
1445 2790 1550 2862 qui
1598 2791 1885 2847 orationis
1937 2789 2181 2846 delicias

523 2871 787 2943 habetis,
816 2874 1003 2931 nihilo
1027 2892 1118 2944 ea,
1151 2894 1336 2950 quam
1356 2881 1414 2934 in
1445 2878 2181 2947 manibushabes,tolera-

522 2958 820 3032 biliorem,
853 2965 1051 3020 verbis
1076 2967 1159 3023 ita
1187 2969 1468 3031 extulisti,
1501 2974 1565 3026 ut
1595 2970 1672 3026 ab
1698 2970 1799 3025 illa
1829 2975 2173 3042 superatus:

523 3050 703 3106 nobis
760 3052 990 3122 primas
1047 3055 1108 3110 in
1166 3057 1484 3113 scribendo
1533 3058 1931 3114 concederes:
1981 3057 2172 3114 simile

521 3137 819 3209 quiddam
842 3138 1313 3199 facienslusibus
1342 3149 1602 3216 patrum,
1630 3162 1768 3201 cum
1786 3145 1861 3201 de
1886 3145 2169 3211 victoriis,

524 3241 680 3297 quas
711 3227 821 3298 ipsi
849 3235 1063 3300 sponte
1086 3237 1411 3296 cesserunt,
1440 3233 1660 3289 liberos
1685 3235 1891 3290 sinunt
1909 3234 2168 3305 gloriari,

528 3330 638 3370 nec
664 3315 872 3372 damni
903 3319 1199 3391 quiddam
1224 3322 1486 3394 sibiipsis
1513 3323 1852 3391 inferentes,
1885 3323 2176 3379 etlibero-

526 3419 664 3459 rum
715 3406 1039 3463 nutrientes
1069 3410 1533 3469 aemulationem.
1586 3413 1704 3467 Dici
1748 3412 2012 3484 profecto
2050 3428 2175 3468 non

530 3496 738 3563 potest,
792 3500 1090 3565 quantum
1118 3497 1432 3568 voluptatis
1458 3500 1737 3556 habuerit
1784 3501 1994 3563 oratio,
2027 3500 2175 3556 dum

532 3597 773 3638 mecum
815 3584 1141 3653 jocareris:
1193 3586 1350 3643 velut
1405 3588 1451 3643 si
1482 3589 1617 3660 quis
1661 3589 2040 3661 Polydamas,
2074 3592 2177 3645 aut

533 3669 685 3737 Milo,
706 3672 1001 3741 pancratii
1020 3673 1113 3729 vel
1132 3673 1304 3731 luctas
1318 3680 1623 3733 certamen
1656 3694 1896 3734 mecum
1928 3678 2060 3748 ipso
2077 3677 2179 3732 de-

531 3763 771 3825 trectet;
811 3775 957 3816 nam
1009 3763 1200 3819 multa
1252 3765 1667 3835 considerans,
1721 3767 1953 3822 nullum
1983 3765 2176 3837 reperi

527 3845 885 3903 inﬁrmitatis
900 3852 1263 3923 exemplum.
1282 3854 1484 3926 Itaque
1497 3854 1600 3927 qui
1622 3855 1945 3911 verborum
1960 3855 2176 3927 hyper-

526 3934 701 3997 bolas
728 3945 1169 4003 consectantur,
1201 3946 1369 3997 tuam
1415 3943 1511 3998 hic
1551 3945 1746 4015 magis
1800 3945 2178 4001 admirantur

526 4023 881 4091 potentiam,
914 4026 1018 4095 qui
1046 4026 1128 4080 ita
1152 4024 1207 4082 te
1237 4029 1367 4099 ipse
1397 4029 1473 4084 ad
1502 4044 1615 4087 nos
1639 4032 1905 4101 jocando
1957 4032 2175 4087 demit-

527 4112 649 4163 tere
679 4110 965 4179 potueris,
990 4127 1176 4183 quam
1201 4116 1249 4169 si
1282 4114 1613 4173 barbarum
1645 4135 1825 4189 super
1841 4121 1991 4176 Atho
2014 4123 2177 4177 navi-

528 4199 771 4263 gantem
802 4197 1095 4254 duxisses.
1115 4202 1507 4274 Nosquidem,
1532 4221 1568 4260 o
1591 4206 1876 4276 praeclare
1906 4210 2014 4275 vir,
2036 4225 2174 4265 cum

2805 2322 3066 2384 Βασίλειος
3106 2322 3365 2395 Λιϐανίῳ.

2358 2434 2420 2487 Τί
2476 2433 2571 2483 ούκ
2630 2432 2690 2482 οἷν
2758 2430 2891 2483 εἴποι
2949 2435 3206 2502 σοφιστὴς
3267 2430 3425 2504 ἀνὴρ,
3484 2435 3570 2483 καὶ
3632 2432 3835 2501 σοφιστής

2288 2529 2539 2590 τοιοῦτος,
2702 2539 2761 2591 γε
2813 2518 2949 2572 ἴδιον
2995 2528 3122 2572 εῖναι
3149 2529 3242 2583 τῆς
3287 2525 3482 2592 τέχνης
3536 2520 3835 2592 ὡμολόγηται,

2290 2614 2473 2662 καὶτὰ
2520 2608 2721 2681 μεγάλα
2774 2612 2940 2682 μικρά
2992 2617 3157 2661 ποιεῖν
3212 2612 3299 2662 ὅτε
3349 2608 3585 2681 βούλεται
3623 2610 3738 2679 (71),
3769 2612 3837 2657 καὶ

2289 2707 2399 2761 τοῖς
2456 2706 2659 2771 μικροῖς
2714 2700 3030 2770 περιτιθέναι
3082 2700 3340 2769 μέγεθος;
3398 2700 3567 2751 ὁποῖον
3598 2694 3658 2754 δή
3696 2716 3738 2748 τι
3770 2700 3836 2746 καὶ

2290 2792 2407 2861 περὶ
2463 2790 2597 2859 ἡμᾶς
2668 2783 2932 2849 ἐπεδείξω.
3006 2792 3110 2844 Τὴν
3170 2790 3273 2861 γὰρ
3346 2787 3612 2845 ἐπιστολὴν
3683 2785 3837 2840 ἐκείνην

2290 2882 2381 2934 τὴν
2411 2878 2682 2951 ῥυπώσαν,
2711 2880 2777 2936 ως
2818 2877 2877 2927 ἂν
2925 2879 3069 2948 ὑμεῖς
3117 2879 3165 2928 οἱ
3218 2882 3341 2950 περὶ
3388 2883 3503 2938 τούς
3539 2878 3708 2947 λόγους
3748 2876 3836 2943 (72)

2217 2967 2257 3022 C
2290 2972 2577 3039 τρυφῶντες
2634 2968 2841 3029 εῖποιτε,
2894 2960 3044 3016 οὐδὲν
3102 2960 3264 3016 οὖσαν
3329 2973 3425 3026 τῆς
3477 2966 3523 3017 ἐν
3571 2969 3715 3037 χερσί
3761 2980 3834 3012 σου

2278 3057 2473 3115 ταύτης
2529 3053 2864 3125 ,ἀνεκτοτέραν
2898 3093 2912 3118 ,
2967 3060 3215 3104 τοσοῦτον
3272 3050 3407 3126 ἤρας
3461 3062 3533 3123 τῷ
3591 3053 3738 3123 λόγω,
3786 3053 3833 3107 ὡς

2281 3144 2572 3200 ἡττηθῆναι
2606 3139 2761 3199 δῆθεν
2793 3142 2975 3206 αὐτῆς,
3020 3146 3109 3193 καὶ
3156 3138 3286 3213 ἡμῖν
3340 3152 3437 3195 τῶν
3488 3146 3731 3215 πρωτείων
3762 3146 3834 3189 τον

2280 3235 2494 3307 γράφειν
2545 3238 2901 3305 παραχωρεῖν·
2957 3232 3131 3301 ὅμοιον
3184 3240 3350 3282 ποιῶν
3409 3240 3523 3292 ταῖς
3572 3239 3663 3282 τῶν
3704 3232 3833 3281 πατέ-

2281 3341 2381 3395 ρων
2412 3318 2674 3385 παιδιαῖς,
2716 3321 2836 3371 ὅταν
2890 3327 3006 3380 ταῖς
3054 3320 3180 3391 παρ’
3232 3320 3428 3372 ἑαυτῶν
3490 3326 3651 3379 νίκαις
3704 3335 3835 3389 παρα·

2283 3410 2643 3481 χωρώσι(¹ἲ3)
2687 3416 2796 3469 τοῖς
2829 3414 3011 3460 παισὶν
3067 3408 3463 3481 ἐναϐρύνεσθαι,
3511 3414 3621 3461 οὔτε
3663 3408 3834 3464 ἑαυτούς

2282 3519 2334 3549 τι
2364 3502 2683 3570 ζημιούντες,
2741 3502 2829 3548 καὶ
2885 3506 2983 3548 τῶν
3032 3495 3235 3549 παίδων
3296 3504 3563 3572 τρέφοντες
3589 3502 3643 3549 τὸ
3680 3495 3836 3567 φιλοτι-

2284 3607 2403 3659 μον.
2466 3595 2549 3656 Τῷ
2588 3581 2805 3638 ὅντι’ὂ“ε
2859 3591 2948 3637 καὶ
2998 3584 3259 3657 ἀμύθητον
3295 3589 3425 3645 ὅσην
3465 3584 3651 3644 ἡδονὴν
3681 3581 3836 3653 ιῖχεοὸ

2282 3676 2428 3746 λόγος
2477 3675 2524 3727 έν
2576 3684 2637 3746 τῇ
2686 3678 2811 3747 πρὸς
2858 3676 2993 3745 ἡμᾶς
3045 3671 3257 3745 παιδιᾷ·
3316 3678 3424 3728 οἷον
3483 3670 3835 3745 Πολυδάμαντος

2282 3784 2417 3825 τινος
2484 3766 2513 3822 ἦ
2588 3763 2865 3832 Μίλωνος,
2925 3770 3255 3836 παγκρατίου
3329 3766 3359 3822 ἦ
3424 3764 3589 3826 πάλης
3651 3761 3833 3832 ἀγωνίαν

2286 3856 2695 3925 παραιτουμένου
2748 3856 2841 3909 τὴν
2888 3856 3013 3925 πρὸς
3071 3852 3155 3923 ἐμὲ
3203 3852 3362 3905 αὐτόν
3410 3855 3541 3924 (7'5)-
3588 3850 3833 3917 πολλὰγὰρ

2282 3940 2746 4015 περισκεψάμενος,
2783 3938 2932 3993 οὐδέν
2992 3941 3134 4013 εὖρον
3212 3939 3477 4002 ἀσθενείας
3558 3935 3832 4007 ὑπόδειγμα·

2284 4033 2417 4082 ὥστε
2473 4034 2588 4090 τοὺς
2644 4034 2736 4091 τας
2785 4028 3071 4101 ὑπερϐολὰς
3120 4038 3217 4081 τῶν
3283 4029 3447 4102 λόγων
3507 4030 3833 4091 ἐπιζητοῦντας

2284 4119 2504 4171 ἐνταῦθά
2572 4138 2626 4171 σε
2691 4119 2878 4190 μᾶλλον
2944 4121 3167 4190 ἄγανται
3228 4128 3324 4179 τῆς
3394 4115 3675 4190 δυνάμεως,
3730 4113 3833 4165 οὕτω

2287 4202 2574 4264 δυνηθέντα
2628 4214 2738 4267 ταῖς
2804 4204 3042 4269 παιδιαῖς
3106 4214 3234 4281 πρὸς
3294 4211 3432 4280 ἡμᾶς
3497 4199 3831 4267 καταϐῆναι,ἒ

530 4282 683 4340 Mose
710 4290 767 4341 et
798 4285 939 4355 Elia,
974 4287 1389 4362 similibusque
1441 4292 1634 4348 beatis
1668 4294 1809 4349 viris
1838 4310 2174 4362 versamur,

2288 4296 2329 4347 εἰ
2370 4299 2453 4347 τὸν
2511 4295 2775 4370 βάρϐαρον
2821 4293 2941 4367 ἦγες
3164 4298 3289 4368 ὑπὲρ
3332 4301 3420 4347 τὸν
3463 4293 3602 4349 Ἀθω
3638 4292 3833 4345 πλέοντα.

530 4375 758 4447 quisua
786 4374 959 4433 nobis
981 4388 1127 4435 voce
1141 4379 1931 4456 barbaratradunt,nosque
1964 4385 2041 4441 ab
2061 4384 2176 4442 illis

532 4464 749 4521 tradita
777 4463 1103 4539 loquimur,
1139 4486 1318 4525 sensu
1348 4470 1595 4542 quidem
1620 4486 1782 4541 vera,
1842 4473 1947 4528 sed
1981 4475 2179 4530 verbis

534 4551 728 4621 rudia,
763 4556 1287 4625 quemadmodum
1316 4557 1446 4614 haec
1477 4560 1613 4631 ipsa
1641 4559 1927 4617 indicant.
1964 4565 2110 4618 Nam
2130 4565 2177 4619 si

535 4642 807 4698 nonnihil
833 4659 870 4700 a
898 4645 1069 4701 vobis
1096 4645 1523 4715 didiceremus,
1546 4648 1609 4704 id
1638 4638 1735 4705 die
1770 4646 2178 4707 oblitteratum

536 4734 645 4785 est.
672 4732 756 4787 Tu
786 4746 926 4789 vero
964 4734 1141 4791 nobis
1181 4735 1390 4807 scribe,
1423 4736 1541 4793 alia
1579 4738 1967 4810 epistolarum
2002 4740 2177 4797 adhi-

604 4943 621 4962 '
641 4940 799 4997 Alias
831 4945 1047 4999 CXLVI.

606 5014 717 5098 (.68)
762 5013 1041 5087 Ἦττημαι.
1077 5017 1166 5073 Sic
1188 5021 1303 5074 tres
1327 5021 1714 5076 vetustissimi
1739 5022 1995 5078 codices.
2028 5022 2179 5080 Editi

537 5104 821 5140 νενικηααι.

756 5152 1379 5235 ΜεῖρᾼείταιἎΝΟηΠυΠῖ
1410 5161 1646 5235 codices
1669 5165 1971 5235 πράττεται.

603 5228 714 5311 (ﬁt!)
759 5226 1013 5285 Κωλύσει.
1050 5229 1140 5284 Sic
1170 5235 1285 5285 tres
1309 5226 1981 5289 vetustissimi'codices.
2028 5234 2177 5291 Editi

537 5310 870 5448 ἶωῶλῗῖδοτε
916 5369 1198 5448 βούλεται,-
1233 5372 1326 5448 Sic
1386 5372 1561 5448 llarl_..
1604 5374 1795 5448 _Coisl.
1824 5380 2072 5448 uterque
2124 5383 2181 5434 et

541 5442 681 5519 Meg.
723 5442 1045 5519 secundus.
1099 5442 1445 5519 Εῄίῐῂὁποτε
1502 5443 1763 5519 βούλεται.
1814 5442 1993 5519 Paulo
2046 5455 2183 5519 post

542 5509 722 5587 iidem
754 5512 896 5587 editi
922 5515 1096 5565 ὁποῖον
1126 5510 1192 5571 δὴ
1226 5518 1310 5587 σύ.
1343 5517 1479 5569 Mss.
1502 5509 1785 5587 'quinqne
1815 5521 1879 5571 ut
1910 5518 1965 5571 in
1995 5509 2180 5575 textu.

618 5583 730 5649 (7‘2)
776 5586 841 5634 Οἱ
886 5589 1005 5655 περὶ
1056 5589 1173 5646 τοὺς
1230 5586 1431 5657 λόγους.
1482 5583 1620 5642 Tres
1652 5583 1798 5653 niss,
1837 5602 1959 5645 non
2011 5596 2181 5647 vetu-

2289 4382 2424 4437 Ἀλλ’
2464 4388 2611 4457 ἡμεῖς
2659 4390 2769 4457 μὲν,
2817 4382 2854 4435 ὦ
2906 4387 3180 4456 θαυμάσιε,
3232 4392 3419 4437 Μωσεῖ
3467 4391 3554 4436 καὶ
3607 4382 3737 4451 Ἠλίᾳ
3768 4380 3834 4429 καὶ

2288 4482 2393 4535 τοῖς
2426 4475 2559 4526 οὕτω
2607 4479 2879 4545 μακαρίοις
2938 4468 3163 4546 ἀνδράσι
3224 4476 3498 4545 σύνεσμεν,
3546 4472 3699 4529 ἕκτης
3734 4466 3833 4538 βαρ-

2290 4562 2450 4635 ϐάρου
2502 4582 2669 4633 φωνης
2716 4557 3091 4633 διαλεγομένοις
3139 4564 3261 4631 ημῖν
3312 4564 3378 4613 τὰ
3426 4562 3632 4623 ἑαυτῶν,
3674 4561 3749 4607 καὶ
3787 4556 3835 4603 τὰ

2289 4653 2413 4722 παρ’
2488 4653 2685 4704 ἐκείνων
2756 4652 3121 4722 φθεγγόμεθα,
3174 4657 3291 4702 νοῦν
3351 4656 3443 4722 μὲν
3504 4649 3681 4712 ἀληθῆ,
3731 4643 3834 4703 λέξιν

2291 4738 2348 4794 δὲ
2372 4741 2569 4813 ἀμαθῆ,
2603 4744 2669 4802 ὡς
2714 4739 2846 4791 αὐτὰ
2893 4748 3055 4793 ταῦτα
3097 4736 3267 4798 δηλοῖ·
3314 4741 3376 4792 Εἰ
3405 4743 3507 4814 γὰρ
3541 4757 3591 4791 τι
3631 4742 3709 4788 καὶ
3736 4733 3833 4803 is?!

2292 4954 2612 5032 stissimi_oi
2632 4957 2697 5004 τὰ
2726 4958 2842 5025 περὶ
2862 4959 2982 5016 τοὺς
3004 4954 3219 5032 λογῳῆ
3242 4954 3473 5032 Ibidem
3490 4955 3663 5020 editio
3682 4947 3833 5032 Paris,

2292 5031 2486 5081 εἴπητε.
2516 5027 2644 5079 Mss.
2671 5040 2884 5079 omnes
2917 5033 2973 5080 et
2994 5025 3171 5080 editio
3191 5026 3363 5081 Basil.
3388 5033 3635 5097 utraque
3659 5028 3831 5097 εἰπξιτδ.

2362 5097 2470 5164 (73)
2498 5102 2896 5169 Παραχωρξέισι.
2943 5100 3080 5151 Tres
3105 5113 3257 5169 mss.
3299 5114 3519 5169 nempe
3548 5093 3693 5169 ναις,
3720 5093 3832 5169 Reg;

2292 5161 2593 5243 saeundus
2614 5161 2866 5243 et'tloisl.
2896 5167 3119 5243 secund
3130 5161 3519 5243 Εἰς-παρέχωσι,
3540 5166 3709 5222 Paulo
3729 5161 3835 5243 post

2290 5238 2412 5292 duo
2436 5237 2838 5308 antiquissimi
2859 5238 3095 5294 codices
3117 5235 3304 5295 Coisl.'
3321 5235 3537 5295 et'Med.
3568 5247 3658 5287 τῶν
3673 5235 3833 5288 νηπίων

2291 5328 2572 5369 τρεφοντες.

2326 5330 2375 5360 οξ
2402 5330 2572 5360 οντεκ

2322 5330 2469 5458 :(gél
2496 5348 2626 5458 [ξρᾲς
2772 5380 2945 5458 αὐτόν.
2994 5380 3173 5458 Cois].
3215 5381 3445 5458 primus
3500 5382 3620 5458 πρὸς

2292 5437 2418 5506 Mox
2458 5437 2598 5503 editi
2629 5437 2937 5517 εύσθενείας,
2972 5437 3233 5507 νοὸυφηιςῘ
3250 5452 3447 5507 Melius
3485 5437 3659 5504 multo
3689 5437 3833 5499 Coisl.

2294 5520 2594 5577 seciindns
2619 5526 2675 5574 et
2705 5523 2844 5589 Reg.
2884 5522 3205 5583 secundus,
3239 5538 3393 5591 quos
3422 5518 3593 5576 secuti
3633 5526 3833 5570 sumus.

2364 5597 2478 5662 (75)
2506 5592 2681 5662 Ἥγες.
2702 5592 3013 5649 Μθόίοεειιε
3043 5593 3231 5650 codex
3260 5591 3419 5665 εἶχες.
