4050 6220
561 265 693 319 108Ἱ

1912 258 1968 316 8.
2034 243 2284 313 BASlLlI
2340 253 2559 311 MAGNI

3732 259 3845 313 {088

558 385 946 444 scribendum
971 387 1177 441 tremo.
1212 384 1385 451 Quod
1410 384 1458 439 si
1478 382 1775 450 remisisti,
1799 381 2201 455 quamobrem

2318 379 2585 451 γράφοντα
2612 379 2832 452 τρέμειν.
2868 374 3004 430 Ἀλλ’
3054 376 3097 428 εἰ
3140 377 3230 449 μὶν
3268 375 3482 449 ἀφῆκας,
3536 382 3584 429 τί
3623 378 3705 430 οὐχ
3754 380 3846 431 ἐπι-

563 491 689 531 non
736 474 965 541 scribis,
1021 474 1293 545 optime?
1347 473 1438 529 sin
1469 477 1671 529 autem
1716 470 1916 528 adhuc
1968 469 2211 536 retines,

559 562 619 619 id
648 562 815 635 quod
845 578 986 618 cum
1032 561 1111 617 ab
1141 562 1307 618 omni
1353 562 1585 617 erudita
1627 560 1854 627 anima,
1889 562 2019 615 tum
2046 575 2081 613 a
2113 562 2213 613 tua

558 652 821 708 alienum
866 656 989 720 est;
1032 650 1344 724 quomodo
1374 667 1514 707 cum
1559 649 1687 706 aliis
1730 648 2019 722 praedices
2060 648 2211 703 iram

558 739 638 797 ad
670 740 809 796 solis
837 755 1028 812 usque
1050 756 1336 795 occasum
1379 739 1605 795 servari
1650 754 1773 794 non
1805 742 2102 810 oportere,
2147 742 2209 794 tu

556 828 721 885 illam
734 828 1080 900 permultos
1097 827 1253 883 soles
1268 828 1511 883 servasti
1529 827 1555 881 ?
1578 830 1731 883 Num
1751 825 1901 882 forte
1914 825 2210 883 damnum

558 918 707 974 mihi
762 917 979 973 inferre
1043 916 1302 986 voluisti,
1350 917 1575 973 mellita
1633 920 1735 972 tua
1776 931 1920 971 voce
1968 915 2208 972 defrau-

557 1007 712 1062 dans
736 1010 764 1061 ?
783 1005 967 1068 Absit,
992 1021 1028 1062 ο
1050 1020 1340 1076 generose
1373 1022 1385 1060 :
1420 1007 1525 1061 sed
1546 1005 1749 1060 animo
1772 1004 1853 1059 sis
1873 1003 2113 1076 placido
2139 1021 2209 1061 ac

558 1095 727 1163 miti;
783 1098 840 1150 et
879 1094 1156 1166 largiare,
1208 1097 1273 1151 ut
1299 1093 1504 1166 lingua
1534 1097 1659 1161 tua,
1693 1109 1828 1165 quae
1871 1098 1995 1150 tota
2025 1109 2210 1150 aurea

559 1186 665 1251 est,
699 1183 999 1256 perfruar.

934 1288 1106 1361 457
1144 1288 1487 1345 EPISTOLA
1514 1287 1826 1345 CCCXLII'.

2327 465 2572 534 στέλλεις,
2632 466 2671 515 ὦ
2726 467 2944 537 dipteri;
3001 465 3043 518 εἰ
3101 461 3160 517 δὲ
3208 468 3284 517 ἔτι
3337 470 3584 537 κατέχεις,
3637 468 3659 519 ὁ
3704 471 3848 533 πάσης

2320 553 2496 625 λογίας
2551 554 2738 626 ψυχῆς
2802 560 2892 606 καὶ
2948 561 3040 614 τῆς
3097 562 3192 615 σῆς
3255 552 3392 607 ἐστιν
3454 554 3710 627 ἀλλότριον,
3761 568 3847 621 πῶς

2324 642 2496 704 ἄλλοις
2524 646 2823 717 κηρύττων,
2892 646 2961 715 μὴ
3022 651 3216 714 χνῆναι
3269 648 3426 717 μέχρι
3478 640 3675 716 δυσμῶν
3730 645 3846 703 alios

2321 732 2487 791 λύπην
2510 731 2799 805 φυλάττειν,
2853 732 3007 794 αὐτὸς
3064 732 3115 783 ἐν
3170 730 3372 793 πολλοῖς
3416 732 3565 793 ἡλίςις
3606 732 3845 805 ἐφύλαξαςς

2321 822 2389 874 ἸΙ
2455 824 2602 892 τάχα
2648 821 2919 892 ζημιῶσαί
2973 840 3037 893 με
3084 820 3322 893 προείλου
3354 821 3481 889 (84),
3519 830 3607 883 τῆς
3638 821 3847 895 μελιχρᾶς

2323 929 2417 962 σου
2449 919 2618 982 φωνῆς
2659 909 2994 983 ἁποστερῶν;
3053 913 3138 967 Μὴ
3191 912 3256 961 σύ
3302 929 3380 981 γε,
3433 911 3471 960 ὧ
3510 918 3704 981 γενναῖε,
3752 911 3847 963 ἀλλὰ

2318 1006 2467 1070 γενοῦ
2496 1004 2681 1074 πρᾶος,
2712 1003 2803 1051 καὶ
2847 994 2934 1059 δὸς
2978 996 3271 1051 ἀπολαῦσαι
3302 999 3413 1067 (85)
3455 1007 3545 1059 τῆς
3579 1002 3846 1072 παγχρύσον

2322 1106 2415 1141 σου
2437 1087 2689 1159 γλώττης.

2842 1275 3176 1329 ΕΗΙΣΤΟΛΙΙ
3221 1276 3358 1330 ΤΜΒ
3375 1315 3388 1330 .

1092 1396 1409 1466 Comparat
1437 1397 1693 1452 Basilius
1712 1395 2141 1466 praecedentem
2162 1397 2400 1455 Libanii
2421 1398 2733 1470 epistolam
2764 1414 2898 1456 cum
2925 1414 3064 1455 rosa
3093 1404 3149 1455 et
3168 1399 3379 1469 spinis.

1097 1503 1367 1559 Basilius
1396 1503 1667 1561 Libanio.

630 1609 741 1675 Qui
785 1624 924 1665 rosa
951 1608 1343 1677 delectantur,
1376 1614 1441 1666 ut
1481 1626 1593 1683 par
1623 1613 1717 1666 est
1749 1609 2061 1679 elegantias
2089 1614 2211 1666 stu-

2833 1505 3100 1568 Βασίλειος
3136 1505 3389 1578 Αιϐανίῳ.

2393 1612 2458 1663 Οἱ
2502 1614 2627 1684 πρὸς
2683 1614 2741 1664 τὸ
2806 1608 2962 1684 ῥόδον
3019 1615 3250 1684 ἔχοντες,
3316 1614 3382 1673 ὡς
3442 1614 3557 1675 τοὺς
3601 1611 3852 1684 φιλοκοᾶονς

557 1698 764 1755 diosos
789 1698 1093 1769 delectari,
1123 1715 1198 1755 ne
1250 1700 1415 1771 ipsas
1443 1697 1691 1772 quidem
1733 1699 1961 1772 spinas,
1986 1715 2059 1755 ex
2084 1699 2203 1772 qui-

2321 1698 2478 1765 εἰκὸς,
2529 1696 2654 1752 οὐδε
2709 1703 2839 1775 πρὸς
2888 1700 3049 1763 αὐτὰς
3106 1703 3199 1763 τὰς
3249 1699 3499 1771 ἀκάνθας,
3551 1702 3614 1751 ὧν
3648 1705 3699 1753 τὸ
3738 1704 3853 1761 ἄνθος

556 1787 675 1844 bus
702 1788 815 1843 ﬂos
841 1789 1167 1853 enascitur,
1190 1788 1467 1845 oderunt.
1496 1788 1711 1844 Audivi
1738 1791 1938 1843 autem
1968 1805 2039 1844 ex
2066 1804 2209 1861 quo-

559 1876 726 1943 dam,
755 1892 893 1932 cum
952 1877 1001 1932 is
1028 1876 1283 1933 fortasse
1331 1878 1542 1948 jocans
1574 1877 1667 1932 vel
1693 1877 1874 1933 etiam
1915 1877 2068 1932 serio
2099 1877 2209 1933 tale

559 1964 790 2036 aliquid
815 1964 890 2020 de
906 1965 1062 2021 rosis
1076 1966 1318 2035 diceret,
1344 1966 1529 2022 veluti
1552 1964 1877 2021 amatorios
1906 1965 2209 2038 quosdam

561 2052 834 2109 stimulos
865 2054 1260 2121 amatoribus,
1294 2054 1377 2111 ita
1402 2059 1611 2110 tenues
1643 2053 1774 2109 illas
1810 2054 2016 2126 spinas
2041 2058 2209 2110 natu-

556 2155 689 2196 ram
718 2140 851 2198 ﬂori
894 2142 1262 2213 adjunxisse,
1296 2147 1362 2199 ut
1386 2143 1465 2199 ad
1494 2143 1693 2212 majus
1729 2134 2095 2198 desiderium
2125 2142 2211 2199 in-

556 2229 727 2284 nexis
752 2234 888 2302 apte
914 2229 1137 2287 aculeis
1166 2230 1432 2301 legentes
1462 2230 1890 2287 exstimularet.
1926 2230 2042 2286 Sed
2061 2229 2210 2303 quid

558 2316 671 2373 sibi
700 2317 823 2375 vult
859 2335 997 2375 rosa
1016 2318 1077 2374 in
1107 2318 1334 2375 litteras
1364 2318 1749 2376 introducta?
1778 2319 1931 2375 Nihil
1958 2334 2208 2391 prorsus

557 2421 801 2463 necesse
836 2412 925 2464 est
955 2414 1007 2464 te
1028 2409 1289 2477 edoceri,
1313 2425 1451 2464 cum
1482 2408 1752 2481 epistolae
1781 2412 1892 2464 tuae
1922 2408 2210 2464 memine-

556 2495 639 2552 ris
668 2512 681 2551 :
707 2513 841 2568 quae
868 2497 1078 2554 ﬂorem
1108 2498 1354 2571 quidem
1380 2497 1645 2553 habebat
1668 2513 1841 2563 rosae,
1870 2501 2061 2554 totum
2102 2513 2207 2553 no-

555 2583 650 2640 bis
674 2583 1071 2642 disertissima
1091 2586 1299 2657 lingua
1322 2602 1427 2641 ver
1447 2586 1801 2659 expandens
1821 2602 1842 2641 :
1874 2586 1980 2642 sed
2001 2601 2209 2658 quere-

554 2671 625 2728 lis
646 2673 1015 2745 quibusdam
1042 2673 1690 2745 etexpostulationibus
1716 2674 2042 2730 adversum
2070 2689 2201 2737 nos,

557 2761 805 2833 spinosa
832 2768 977 2821 erat.
1009 2763 1127 2820 Sed
1152 2763 1297 2819 mihi
1331 2762 1619 2819 orationis
1641 2767 1757 2819 tum
1788 2762 1881 2819 vel
1909 2763 2085 2836 spina
2106 2778 2209 2819 vo-

553 2849 767 2922 luptati
824 2856 930 2924 est,
999 2852 1080 2909 ad
1126 2853 1325 2924 majus
1376 2851 1655 2909 amicitias
1708 2851 2077 2910 desiderium
2117 2850 2204 2909 in-

556 2938 903 2998 ﬂammans.

1010 3049 1349 3106 EPISTOLA
1382 3049 1737 3106 CCCXLIII".

2320 1786 2580 1859 ἐπιφύεται,
2614 1784 3053 1863 δυσχεραίνουσι.
3098 1795 3199 1843 Καὶ
3244 1809 3384 1852 τινος
3431 1794 3625 1848 ἤκουσα
3665 1796 3851 1843 τοιοῦτον

2319 1896 2371 1928 τι
2400 1881 2518 1951 περὶ
2549 1878 2715 1930 αὐτῶν
2741 1880 3018 1942 παίζοντος
3067 1870 3231 1952 τάλα,
3279 1880 3311 1938 ἦ
3362 1884 3449 1932 καὶ
3501 1876 3851 1941 σπουδάζοντος

2319 1966 2421 2035 ὅτι,
2454 1968 2685 2041 καθάπερ
2744 1966 2967 2043 ἐρωτικά
3021 1988 3137 2020 τινα
3188 1988 3456 2039 κνισματα
3498 1975 3599 2030 τοῖς
3635 1967 3849 2043 ἐρασταῖς,

2316 2056 2409 2115 τὰς
2436 2053 2625 2118 λεπτὰς
2654 2054 2845 2119 ἐκείνας
2876 2055 3099 2117 ἀκάνθας
3146 2057 3175 2114 ἡ
3228 2060 3383 2129 φύσις
3436 2065 3507 2128 τῷ
3555 2058 3683 2109 ἄνθει
3728 2076 3853 2129 προσ-

2318 2145 2492 2215 έφυσε,
2560 2147 2690 2220 πρὸς
2754 2145 2972 2218 μείζονα
3034 2147 3192 2198 πόθον
3256 2154 3372 2208 τοῖς
3434 2144 3717 2207 εὔπληκτοις
3762 2146 3850 2214 (86)

2317 2235 2542 2304 κέντροις
2606 2237 2722 2294 τοὺς
2788 2231 3136 2308 δρεπομένους
3200 2234 3597 2307 ὑπερεθίζουσα.
3650 2235 3704 2290 Ti
3760 2232 3853 2305 βού-

2317 2319 2458 2373 λεταί
2494 2340 2585 2393 μοι
2609 2322 2718 2393 (87)
2770 2326 2828 2374 τό
2882 2320 3061 2398 ῥόδον,
3120 2331 3227 2385 τοῖς
3280 2323 3582 2398 γράμμασιν
3634 2323 3852 2392 ἐπεισαγό-

2316 2424 2500 2480 μενον;
2542 2412 2753 2473 Πάντως
2783 2408 2934 2464 οὐδὲν
2969 2409 3053 2465 δεῖ
3082 2431 3139 2466 σε
3188 2408 3545 2485 διδαχθῆναι,
3582 2420 3666 2474 τῆς
3692 2410 3853 2463 ἐπιστοο

2315 2497 2409 2560 λῆς
2465 2504 2785 2572 μεμνημένον
2831 2508 2927 2563 τῆς
2980 2509 3094 2571 σῆς,
3156 2502 3184 2561 ἣ
3230 2505 3293 2554 τὸ
3339 2505 3428 2575 μὲν
3474 2502 3618 2563 ἄνθος
3662 2498 3755 2570 εἶχε
3782 2505 3851 2549 τοῦ

2313 2583 2497 2661 ῥόδου,
2543 2588 2655 2641 ὅλον
2699 2590 2824 2661 ἡμῖν
2876 2593 2934 2642 τὸ
2988 2592 3076 2664 ἔαρ
3129 2598 3191 2662 τῇ
3248 2590 3534 2663 εὐγλωττῖᾳ
3570 2591 3671 2661 (88)
3714 2583 3851 2639 διαπι-

2314 2677 2544 2747 τάσασα,
2577 2676 2810 2749 μέμψεσι
2840 2674 2899 2731 δέ
2941 2697 3053 2730 τισι
3107 2684 3198 2731 καὶ
3252 2678 3550 2752 ἐγκλήμασι
3596 2676 3699 2729 καθ’
3742 2678 3851 2746 ἡμῶν

2314 2762 2658 2827 έζηκὰνθωτο.
2720 2765 2857 2819 ’Λλλ’
2887 2765 3001 2839 ἕμοὶ
3052 2776 3151 2819 τῶν
3210 2776 3319 2821 σῶν
3367 2768 3528 2841 λόγων
3564 2765 3669 2819 καθ’
3699 2760 3851 2823 ἡδονήν

2314 2850 2426 2905 ἐστι
2468 2858 2557 2906 καὶ
2594 2856 2624 2914 ἡ
2676 2856 2897 2925 ἄκανθα,
2941 2858 3071 2928 πρὸς
3124 2860 3347 2929 μείζονα
3398 2859 3552 2911 πόθον
3590 2864 3673 2918 τῆς
3718 2853 3852 2926 φιλίας

2314 2959 2617 3000 εκχαιουσα.

2842 3054 3176 3109 ΕΠΙΣΤΟΛΗ
3215 3052 3395 3115 ΤΜΓ,

1606 3173 1843 3231 Laudat
1866 3173 2151 3231 Libanius
2182 3172 2405 3230 Basilii
2422 3175 2845 3247 eloquentiam.

1082 3300 1371 3356 Libanius
1405 3301 1659 3358 Basilio.

625 3404 683 3459 Si
722 3403 838 3460 ista
867 3409 1005 3462 sunt
1034 3404 1256 3476 linguas
1285 3405 1543 3469 incultas,
1579 3405 1777 3478 qualis
1806 3421 1990 3472 esses,
2037 3406 2203 3463 illam

556 3492 606 3547 si
636 3494 926 3550 acueres?
955 3497 1077 3552 Tuo
1126 3496 1285 3555 enim
1316 3495 1377 3550 in
1406 3510 1508 3551 ore
1537 3494 1894 3567 eloquentiae
1943 3495 2205 3552 resident

554 3580 746 3638 fontes
776 3583 1101 3640 rivulorum
1153 3582 1391 3639 ﬂuentis
1429 3584 1903 3655 praestantiores:
1930 3599 2041 3640 nos
2059 3600 2202 3641 vero

552 3671 665 3728 nisi
689 3672 957 3745 quotidie
992 3672 1328 3743 irrigemur,
1364 3675 1636 3744 superest
1672 3671 1993 3729 silentium.

992 3781 1328 3837 EPISTOLA
1356 3779 1745 3838 CCCXLIV‘”.

2836 3302 3079 3366 Λιϐάνιος
3112 3303 3387 3377 Βασιλείῳ.

2382 3406 2442 3460 Εἰ
2484 3414 2653 3461 ταῦτα
2690 3407 2926 3480 γλώττης
2981 3408 3283 3485 ἀργοτέραις,
3343 3414 3426 3472 τῖς
3480 3408 3537 3462 ἃν
3592 3410 3685 3468 εῖης
3723 3403 3848 3459 αὐτὴν

2312 3494 2540 3562 ἁκονῶνς
2596 3503 2692 3550 Σοῦ
2749 3501 2840 3570 μὲν
2886 3501 2988 3572 γὰρ
3041 3501 3151 3569 (89)
3220 3498 3271 3552 iv
3326 3508 3399 3571 τῷ
3465 3503 3671 3571 στόματι
3725 3494 3847 3563 λόγων

2309 3585 2515 3637 οἰκοῦσι
2570 3590 2759 3658 πηγαὶ,
2819 3592 3099 3662 κρείσσους
3145 3591 3391 3661 ναμάτων
3442 3588 3687 3662 ἐπιρροῆς·
3737 3584 3847 3653 ἡμεῖς

2311 3671 2370 3728 δὲ
2396 3674 2438 3727 εἰ
2457 3677 2677 3749 μὴχκαφ
2705 3677 2901 3750 ἡμέραν
2930 3673 3239 3752 ἀρδοῖμεθα,
3275 3678 3504 3732 λείπεται
3531 3681 3587 3730 τὸ
3616 3679 3765 3745 σιγᾷν.

2832 3786 3167 3840 ΕΠΙΣΤΟΛΗ
3215 3785 3378 3844 ΤΓΔ’.

1086 3887 1340 3943 Basilius
1369 3886 1836 3965 z‘nexcusabilem
1857 3901 1979 3944 esse
2009 3887 2324 3948 Libanium
2355 3890 2673 3961 contendit,
2706 3892 2760 3947 si
2782 3892 2864 3948 ad
2884 3907 2945 3948 se
2972 3908 3093 3947 non
3122 3893 3372 3949 scribat.

1084 3995 1350 4049 Basilius
1388 3994 1664 4052 Libanio.

623 4096 715 4152 Ad
773 4096 1171 4167 eruditionem
1198 4105 1364 4154 tuam
1392 4103 1457 4154 ut
1502 4116 1624 4156 non
1682 4100 1892 4157 crebro
1915 4101 2197 4164 scribam,

553 4184 810 4241 suadent
840 4190 896 4241 et
944 4186 1120 4241 timor
1146 4191 1203 4243 et
1230 4188 1556 4259 imperitia;
1581 4191 1747 4261 quod
1789 4206 1928 4247 vero
1970 4196 2031 4247 tu
2059 4207 2197 4246 oon-

552 4274 912 4331 stantissime
966 4275 1123 4345 siles,
1155 4277 1466 4348 quomodo
1508 4278 2034 4350 reprehensionem
2055 4279 2199 4334 etfu-

550 4365 718 4435 gies?
739 4365 907 4430 Quod
941 4366 990 4421 si
1020 4366 1155 4437 quis
1186 4371 1257 4437 te,
1292 4366 1352 4421 in
1374 4366 1579 4422 litteris
1610 4368 1928 4435 viventem,
1955 4368 2031 4424 ad
2054 4369 2195 4424 scri-

548 4453 819 4509 bendum
876 4455 1116 4511 tardum
1148 4471 1276 4511 esse
1302 4471 1372 4511 ac
1402 4456 1640 4527 pigrum
1674 4456 2147 4513 consideraverit
2178 4477 2191 4526 ;

548 4541 654 4597 tibi
685 4542 1050 4599 oblivionem
1080 4544 1265 4599 nostri
1297 4544 1573 4600 ascribet.
1608 4548 1756 4601 Nam
1787 4545 1882 4601 cui
1908 4546 2104 4601 dicere
2134 4546 2196 4601 in

547 4636 833 4705 promptu
861 4638 972 4700 est,
994 4632 1043 4688 is
1056 4648 1165 4689 nec
1187 4632 1265 4689 ad
1287 4632 1669 4689 scribendum
1690 4634 2042 4706 imparatus.
2065 4636 2197 4690 Haec

620 4919 639 4939 '
669 4914 828 4971 Alias
862 4917 1089 4972 CXLIX.

619 4990 660 5010 “
691 4986 850 5043 Alias
881 4990 984 5044 CL.

619 5061 685 5081 ‘“
716 5057 873 5113 Alias
903 5060 1029 5113 CLI.

619 5130 729 5199 (84)
776 5128 1046 5202 ῐιροείλουΣ
1098 5128 1245 5202 Editi
1290 5133 1428 5202 post
1497 5131 1656 5187 hanc
1710 5146 1921 5187 vocem
1960 5130 2195 5189 addunt

546 5198 894 5273 τιμωρεῖσθαι
922 5219 983 5271 με
1015 5198 1211 5270 βούλει,
1244 5198 1380 5272 quae
1402 5202 1621 5257 desunt
1650 5202 1708 5256 in
1740 5202 2024 5257 omnibus
2046 5220 2190 5259 mss.

546 5341 574 5393 λ
602 5270 732 5359 ’(83)
754 5270 1094 5325 Ἀπολαῦσαι.
1143 5275 1227 5327 lta
1253 5270 1356 5326 sex
1391 5288 1537 5327 mss.
1573 5272 1829 5328 codices.
1886 5272 2037 5328 Editi
2069 5274 2191 5326 ἀπο-

578 5362 736 5393 αυειν.

578 5362 736 5396 αυειν.

620 5414 732 5484 (86)
791 5412 1132 5475 Εὖπλήκτοις.
1192 5412 1536 5484 Legendum
1582 5412 1819 5469 videtur
1873 5413 2188 5477 εὐπλέκτοις.

547 5484 697 5555 Reg.
734 5485 963 5555 primus
990 5484 1190 5555 liabet
1243 5483 1543 5544 ἁπλήκτοις.
1594 5486 1729 5553 Reg.
1795 5485 2099 5541 secundus
2134 5491 2191 5545 et

549 5552 753 5610 Coislf
781 5554 1082 5612 secundus
1113 5554 1420 5627 ἀπράκτοις,
1448 5570 1585 5627 qua:
1638 5552 1933 5629 scriptura
1970 5558 2189 5615 arride-

2827 3997 3097 4059 Βασίλειος
3136 3997 3390 4070 Λιϐανίῳ.

2379 4106 2449 4161 Τὸ
2516 4108 2587 4177 μὴ
2642 4112 2875 4176 συνεχῶς
2931 4125 2993 4177 με
3044 4108 3258 4178 γράφειν
3313 4108 3441 4181 πρὸς
3488 4108 3579 4162 τὴν
3624 4106 3710 4159 σήν
3755 4100 3842 4151 καί·

2310 4190 2512 4264 δευσιν,
2557 4196 2801 4246 πείθουσι
2856 4198 2915 4246 τό
2961 4214 3016 4248 τε
3064 4192 3181 4257 δέος
3224 4199 3316 4247 καὶ
3362 4197 3392 4253 ἠ
3424 4194 3709 4267 ἀμαθία-τὸ
3732 4185 3841 4241 δέσε

2306 4288 2731 4357 καρτερικώτατα
2789 4290 3029 4353 σιωπᾲν,
3106 4287 3159 4335 τί
3232 4293 3321 4345 τῆς
3386 4283 3621 4356 μέμψεως
3683 4278 3840 4349 ἐξαιρή-

2311 4389 2504 4438 astat;
2562 4371 2620 4424 Εἰ
2681 4368 2738 4423 δέ
2788 4390 2867 4433 τις
2932 4371 3203 4443 λογίσαιτο
3266 4376 3327 4425 τὸ
3394 4377 3482 4425 καὶ
3541 4374 3587 4424 ἓν
3621 4370 3764 4439 λόγοις
3800 4380 3841 4413 σε

2310 4458 2529 4531 βιοῦντα
2610 4459 2774 4512 ὀκνεῖν
2851 4459 3158 4513 ἐπιστέλλειν
3200 4504 3215 4527 ,
3308 4460 3703 4531 κατα-ψηφιεῖταί
3771 4470 3839 4503 σου

2304 4547 2468 4606 λήθην
2492 4553 2586 4607 τὴν
2628 4552 2759 4623 πρὸς
2800 4551 2959 4621 ἡμᾶς.
2998 4550 3069 4621 ᾯ.
3119 4553 3220 4622 γὰρ
3278 4553 3340 4602 τό
3388 4549 3548 4621 λέγειν
3591 4550 3837 4621 πρόχιιρονν

2305 4640 2394 4688 καὶ
2452 4640 2509 4690 τὸ
2575 4635 2884 4691 ἐπιστελλειν
2952 4637 3046 4691 οὐκ
3102 4637 3390 4712 ἀνέτοιμον.
3466 4638 3522 4689 Ὀ
3595 4632 3650 4688 δί
3712 4636 3839 4683 ταῦτα

2306 4920 2685 4994 Combetisio,
2737 4937 2808 4978 ac
2828 4920 3206 4994 reddendum
3245 4925 3439 4994 putat,
3472 4917 3687 4994 Arateis
3710 4924 3836 4971 casso

2303 4994 2551 5049 vulnere
2568 4993 3024 5051 deterrentibus.
3055 4992 3227 5051 Coisl.
3249 4990 3483 5051 brimus
3512 4990 3781 5047 ἀπλήστοις.

2372 5068 2564 5120 ι87)Τί
2595 5063 2838 5136 βούλεταί
2881 5084 2991 5137 μοι,
3024 5069 3138 5137 εἰς,
3195 5052 3344 5137 Εάίιί
3369 5068 3420 5116 τί
3457 5083 3542 5135 μοι
3598 5058 3658 5117 δὴ
3692 5052 3837 5137 βούλι-

2300 5152 2397 5211 τᾳε
2431 5142 2540 5196 τοῖς
2585 5129 2890 5208 γράμμασί
2916 5140 2974 5187 τὸ
3003 5133 3159 5211 ῥόδον
3208 5129 3630 5211 ἔπεᾼισαγομενονς
3668 5129 3835 5181 Πάντως

2302 5201 2536 5283 οὐδὲν-σε
2566 5201 2701 5283 ibi.
2722 5201 3173 5283 :Quatuorimss.
3198 5213 3261 5262 ut
3291 5206 3347 5262 in
3377 5201 3615 5283 testium
3695 5276 3713 5283 _
3782 5264 3809 5283 γ,

2330 5346 2346 5357 ,
2371 5278 2483 5357 (88ὶ
2509 5274 2933 5350 Τῇἠεῦγλωττίᾳ.
2978 5278 3071 5334 Sic
3127 5294 3270 5334 mss.
3331 5294 3453 5333 sex.
3481 5274 3618 5331 Editi
3659 5276 3740 5329 τῆς
3777 5282 3834 5315 η’

2334 5352 2569 5409 λωττίας.
3531 5416 3561 5417 η
3816 5406 3823 5417 .

2646 5422 2747 5494 ’μὲν
2778 5422 2919 5494 γάρ.
2954 5419 3294 5494 [iarlaeanus
3322 5424 3377 5476 et
3405 5416 3732 5494 Anglicanus
3757 5406 3829 5494 33“

2296 5473 2385 5561 μὲν
2413 5473 2538 5566 γάρ.
2570 5473 2727 5566 Infra
2759 5473 2933 5566 deest
3234 5473 3299 5566 ἷὲί
3325 5473 3583 5566 “edidi”?
3606 5487 3659 5565 βί
3678 5473 3824 5566 .quf!‘

2296 5553 2583 5619 secundo.
2600 5560 2823 5619 Ibidem
2844 5563 2985 5620 editi
3004 5553 3127 5635 ἡμῖν
3151 5560 3228 5620 δέ.
3250 5564 3360 5621 Sex
3372 5576 3509 5618 mss.
3526 5560 3584 5614 ut
3608 5555 3663 5612 in
3675 5553 3823 5609 textu-
