4074 6220
217 338 363 396 1089

1171 337 1656 395 EPISTOLARUM
1694 333 1982 396 CLASSIS
2021 339 2119 396 III.
2167 340 2383 400 EPlST.
2423 343 2704 402 CCCLXV.

3447 355 3586 412 1090

215 466 552 536 κεκτημένος,
583 461 695 516 εἰτα
731 468 912 534 σιγῶν,
945 456 1161 520 εὔδηλον
1199 463 1268 523 ὡς
1299 462 1562 538 ὑπεροψίᾳ
1619 463 1648 520 ἣ
1689 462 1820 535 λήθῃ

1938 466 2140 520 autem
2162 463 2268 536 qui
2289 466 2579 537 possidet,
2601 472 2659 526 et
2690 471 2894 528 tamen
2923 469 3072 541 silet,
3091 475 3470 548 perspicuum
3495 482 3586 537 est

215 560 379 605 τοῦτο
409 557 564 606 ποιεῖ.
599 550 730 623 Ἐγὼ
761 547 822 604 δέ
845 569 940 604 σου
978 555 1072 609 τήν
1123 554 1326 609 σιωπήν
1377 548 1666 623 ἀμείψομαι
1695 570 1821 623 προ-

221 647 444 714 σρήσει.
475 646 638 713 Χαῖρε
658 644 850 706 τοίνυν,
883 645 1184 712 τιμιώτατε,
1206 644 1296 692 καὶ
1320 641 1485 712 γράφε
1516 639 1557 693 εἰ
1589 637 1820 712 βούλοιοο

217 735 317 783 καὶ
346 734 416 802 μή
449 731 634 803 γράφε,
659 729 703 783 εἰ
728 736 884 782 τοῦτο
914 747 998 782 σοι
1027 727 1324 802 προσφιλές.

755 951 836 998 ΕΠ
847 948 1090 998 ΙΣΤΟΛΗ
1128 941 1274 996 ΤΜΕ
1287 983 1301 998 .

1932 567 2070 608 eum
2101 556 2205 609 aut
2235 569 2308 610 ex
2337 560 2686 629 contemptu
2717 564 2821 616 aut
2849 577 2923 617 ex
2948 561 3248 620 oblivione
3273 564 3390 622 hoc
3422 566 3583 624 face-

1931 656 2015 697 re.
2039 643 2160 711 Ego
2182 646 2381 699 autem
2407 645 2637 702 silentio
2658 650 2760 703 tuo
2783 648 3209 711 salutationem
3224 658 3578 727 rependam.

1936 729 2107 786 Salve
2138 729 2358 801 itaque,
2386 732 2477 788 vir
2503 733 2798 805 imprimis
2845 737 3112 806 colende,
3172 745 3228 797 et
3281 743 3473 800 scribe
3532 744 3581 802 si

1932 817 2224 874 volueris:
2259 824 2314 876 et
2342 835 2417 876 ne
2447 821 2699 893 scribas,
2728 824 2792 880 id
2823 825 2873 880 si
2903 827 3008 882 tibi
3037 827 3119 885 ita
3148 829 3456 901 placuerit.

2414 947 2750 1003 EPISTOLA
2791 950 2961 1006 CCCX
2971 951 3095 1006 ινα.

219 1071 410 1126 Nunc
433 1070 702 1140 primum
728 1069 1015 1126 Libanius
1045 1069 1247 1125 scribit
1278 1065 1805 1125 Basilio.Meminit
1830 1080 1892 1123 se
1911 1067 2052 1122 olim
2078 1066 2246 1123 illius
2285 1069 2518 1140 eloquio
2545 1070 2722 1127 valde
2757 1072 3248 1143 delectatum,sed
3258 1083 3454 1135 tamen
3467 1082 3576 1136 ati-

219 1159 470 1230 quando
482 1159 771 1230 injuriam
803 1159 879 1214 ab
899 1173 964 1215 eo
985 1158 1297 1228 accepisse,
1319 1154 1478 1228 quod
1492 1169 1552 1212 se
1572 1155 1632 1209 in
1655 1154 2026 1224 profundum
2042 1155 2347 1212 Homerici
2351 1157 2585 1226 furoris
2605 1166 2854 1230 rogatus
2876 1162 3258 1221 introducere
3275 1166 3579 1226 noluisset.

739 1280 987 1343 Λιϐάνιος
1027 1279 1275 1351 Βασιλείῳ
1288 1321 1301 1335 .

301 1405 505 1459 Μᾶλλον
534 1406 616 1458 ὅτι
644 1409 715 1478 μή
771 1404 931 1458 πάλαι
971 1423 1055 1456 σοι
1111 1405 1324 1478 γράφειν
1369 1402 1628 1476 ἠρξάμην,
1679 1399 1826 1473 οἶμαι

223 1514 320 1566 μοι
378 1489 488 1547 δεῖν
550 1493 852 1565 ἀπολογίας,
903 1494 932 1552 ἦ
991 1500 1080 1545 νῦν
1134 1496 1520 1567 παραιτήσεως,
1577 1492 1658 1543 ὅτι
1703 1497 1825 1542 τοῦ·

222 1603 282 1636 το
316 1584 430 1656 (90)
457 1591 621 1636 ποιεῖν
647 1582 908 1657 ἠρξάμην.
942 1581 1074 1654 Ἐγὼ
1104 1584 1205 1657 γὰρ
1237 1580 1440 1652 ἐκεῖνος,
1474 1581 1499 1631 ό
1533 1581 1821 1654 προσθέων,

223 1674 382 1725 ὁπότε
439 1677 671 1745 φανείης,
723 1676 814 1724 καὶ
860 1672 930 1733 ὡς
981 1667 1182 1729 ἣδιστα
1223 1671 1434 1742 ὑπέχων
1472 1670 1539 1721 τὰ
1590 1665 1698 1720 ὦτα
1747 1675 1820 1738 τῷ

2467 1281 2756 1337 Libanius
2793 1283 3042 1341 Basilio.

2006 1400 2188 1469 Magis
2216 1400 2472 1458 arbitror
2501 1403 2649 1460 mihi
2668 1419 2824 1476 opus
2852 1421 2981 1462 esse
3001 1410 3581 1497 excusatione,quod

1932 1501 2056 1544 non
2076 1489 2221 1544 olim
2243 1491 2322 1546 ad
2343 1495 2399 1546 te
2422 1491 2679 1547 scribere
2698 1492 3063 1565 incoeperim,
3079 1513 3265 1570 quam
3290 1489 3453 1556 nunc
3481 1518 3577 1558 re-

1932 1577 2260 1648 cusatione,
2292 1581 2457 1652 quod
2479 1581 2736 1637 scribere
2778 1583 3082 1656 incipiam.
3141 1590 3260 1657 Ego
3288 1590 3450 1645 enim
3481 1591 3578 1647 ille

1932 1667 2199 1738 sum,qui
2220 1668 2632 1739 accurrebam,
2650 1669 2830 1743 458
2851 1673 3086 1744 quoties
3107 1675 3168 1730 in
3190 1683 3578 1750 conspectum

222 1763 449 1836 ῥεύματι
515 1770 610 1824 τῆς
667 1760 919 1832 γλώττης,
961 1764 1051 1812 καὶ
1112 1759 1343 1831 λέγοντος
1408 1757 1818 1831 εὐφραινόμενος,

1934 1754 2222 1826 prodires,
2245 1760 2302 1812 et
2321 1773 2509 1828 quam
2532 1759 2881 1816 suavissime
2899 1777 3078 1818 aures
3097 1764 3448 1835 praebebam
3466 1767 3578 1824 lin-

223 1856 319 1902 καὶ
379 1849 528 1922 μόλις
583 1848 1050 1922 ἀπαλλαττόμενος,
1090 1853 1180 1900 καὶ
1245 1851 1376 1922 πρὸς
1431 1850 1552 1908 τοὺς
1589 1845 1820 1922 ἑταίρους

224 1938 406 2011 λέγων,
450 1940 516 2001 ὡς
555 1939 721 2000 Οὗτος
779 1937 905 2014 ἀνὴρ
962 1940 1196 2009 τοσούτῳ
1251 1935 1473 1988 καλλίων
1529 1943 1630 1986 τῶν
1668 1933 1821 2006 Ἀχε-

218 2027 360 2098 λῴου
401 2029 713 2101 θυγατέρων,
755 2030 862 2099 ὅσῳ
916 2027 1081 2098 θέλγει
1136 2029 1226 2099 μὶν
1283 2026 1412 2098 ᾗπερ
1469 2025 1580 2095 (91)
1612 2025 1818 2092 ἐκεῖναι,

218 2115 448 2188 ⁸Βλοίπτει
487 2113 548 2170 δὲ
607 2115 711 2189 οὐχ
759 2117 933 2188 ὥσπερ
991 2114 1204 2169 ἐκεῖναι.
1260 2118 1361 2167 Καὶ
1416 2117 1601 2186 μικρὸν
1655 2131 1716 2182 γε
1761 2114 1820 2163 τὸ

216 2210 292 2278 μή
357 2203 607 2278 βλάπτειν
641 2227 654 2240 ο
696 2204 804 2258 ἀλλ’
856 2206 938 2258 ὃτι
993 2207 1058 2257 τὰ
1120 2199 1278 2256 τοῦδε
1332 2201 1459 2276 μελη
1526 2197 1712 2276 κέδρος
1747 2207 1821 2271 τῷ

220 2290 515 2368 δεξαμένῳ.
562 2297 661 2348 Τὸν
699 2294 787 2348 οὖν
825 2295 988 2356 οὕτως
1027 2294 1218 2365 ἔχοντά
1265 2311 1328 2364 με
1381 2296 1610 2363 γνώμης,
1670 2293 1821 2362 νομί-

221 2382 386 2444 ζοντα
425 2379 484 2436 ὃε
521 2387 611 2435 καὶ
651 2382 932 2456 φιλεῖσθαι,
971 2382 1134 2454 λέγειν
1173 2377 1232 2434 δε
1290 2377 1546 2433 δοκοῦντα
1599 2383 1671 2451 μὴ
1739 2396 1822 2430 τοο

220 2471 356 2544 λμᾴν
395 2471 727 2539 ἐπιστέλλειν,
769 2469 1007 2543 ἐσχάτης
1058 2469 1267 2544 ἀργίας,
1315 2474 1405 2521 καὶ
1462 2468 1603 2520 τοῦτ’
1640 2467 1700 2519 οἷν
1740 2471 1818 2525 εῖη

223 2561 337 2634 ἅμα
375 2562 689 2634 ζημιοῦντος
727 2562 882 2614 αὐτόν
921 2562 1060 2633 (92).
1117 2559 1276 2619 Δῆλον
1313 2561 1435 2632 γάρ,
1492 2558 1561 2620 ὡς
1623 2555 1817 2628 ἀμείψή

223 2669 328 2723 μου
366 2655 460 2709 τήν
500 2648 776 2708 ἐπιστολήν
814 2653 908 2708 τήν
965 2650 1156 2724 μικρὰν
1194 2652 1284 2701 καὶ
1321 2646 1518 2720 φαύλην
1570 2645 1699 2717 καλῇ
1771 2663 1822 2698 τε

221 2744 314 2791 καὶ
352 2737 574 2812 μεγάλη,
639 2742 726 2790 καὶ
766 2737 963 2811 φυλάξῃ
1008 2734 1204 2805 δήπου,
1245 2741 1315 2809 μή
1359 2755 1421 2809 με
1459 2740 1547 2788 καὶ
1586 2730 1820 2809 δεύτερον

223 2824 446 2900 ἀδικῇς.
496 2825 661 2900 Οἶμαι
697 2829 796 2902 γὰρ
839 2827 952 2900 (93)
1009 2826 1226 2888 πολλοὺς
1263 2824 1560 2899 βοήσεσθαι
1597 2826 1722 2899 πρὸς
1759 2826 1818 2876 τό

217 2916 369 2990 ῥῆμα
422 2921 512 2969 καὶ
566 2917 983 2991 περιστήσεσθαι
1037 2918 1168 2991 πρὸς
1205 2916 1271 2968 τὰ
1315 2914 1601 2990 πράγματα
1637 2931 1818 2988 κεκρα-

216 3010 378 3077 γότας
420 3025 434 3039 ·
476 3003 746 3065 Εασίλειος
784 3000 1010 3062 ἠδίκηκέ
1047 3023 1100 3056 τι
1154 3002 1248 3056 κᾶν
1309 3007 1528 3076 σμικρόν
1572 3017 1586 3069 ;
1635 2999 1819 3054 οὐκοῦν

217 3099 312 3147 καὶ
351 3093 566 3165 Αἰακός,
627 3096 716 3146 καὶ
767 3097 963 3162 Μίνως,
1016 3095 1106 3144 καὶ
1151 3093 1177 3144 ὁ
1231 3094 1412 3145 τούτου
1452 3087 1511 3144 δε
1565 3085 1808 3162 ἀδελφός.

217 3184 353 3254 Ἐγὼ
385 3178 446 3235 δέ
485 3200 543 3235 σε
578 3181 642 3254 τῇ
706 3185 796 3254 μὶν
834 3179 961 3254 ἄλλη
1005 3183 1320 3240 νενικηκέναι
1360 3188 1627 3254 συγχωρῶ
1669 3200 1682 3212 ·
1739 3183 1818 3242 τίς

219 3267 282 3324 δε
325 3267 452 3323 ἰδών
489 3275 544 3324 τέ
583 3289 661 3340 σε,
700 3275 791 3322 καὶ
831 3268 890 3322 οῦ
929 3271 1146 3342 φθονῶν)
1171 3285 1186 3336 ;
1211 3269 1297 3322 Ἓν
1338 3265 1398 3322 δέ
1433 3273 1486 3321 τί
1527 3287 1611 3321 σοι
1648 3268 1817 3342 ἡμαρ-

220 3360 420 3417 τῆσθαι
474 3361 602 3432 πρὸς
641 3359 797 3430 ἡμᾶς,
838 3359 934 3409 κάν
1003 3376 1060 3410 σε
1120 3356 1255 3409 τοῦτ’
1312 3355 1608 3429 ἀναμνήσω,
1677 3357 1820 3408 πεῖθε

223 3450 347 3508 τοὺς
386 3445 800 3518 ἀγανακτοῦντας
837 3451 909 3519 μή
963 3443 1115 3518 βοᾷν.
1171 3442 1362 3507 Οὐδείς
1402 3465 1487 3498 σοι
1523 3444 1820 3520 προσελθὼν

224 3539 318 3586 καὶ
354 3537 512 3607 χάριν
579 3533 885 3605 ἐπαγγείλας
924 3535 1052 3605 (94),
1109 3535 1172 3592 ἣν
1211 3530 1394 3586 δοῦναι
1430 3534 1647 3607 ῥᾷστον,
1699 3531 1821 3584 ἀτυο

221 3627 335 3696 χής
374 3621 620 3682 ἀπῆλθεν.
653 3623 775 3694 Εἰμὶ
812 3627 982 3675 τοίνυν
1153 3631 1252 3674 τῶν
1293 3624 1453 3694 χάριν
1493 3621 1819 3679 αἰτησάντων

220 3717 336 3785 μὲν,
404 3712 462 3764 οῦ
522 3710 776 3764 λαϐόντων
840 3708 920 3769 δὲ.
985 3716 1048 3765 Ti.
1105 3709 1192 3764 οὖν
1231 3715 1432 3784 fmus;
1476 3711 1731 3772 Πολλάκις
1769 3709 1816 3762 έν

220 3805 525 3876 στρατηγίῳ
565 3801 676 3872 (96)
737 3818 822 3853 σοι
886 3804 1278 3873 συγγενόμενος,
1346 3799 1643 3859 ἠϐουλήθην
1704 3800 1814 3868 (97)

215 3887 314 3943 διὰ
351 3898 443 3950 τῆς
484 3898 583 3950 σῆς
623 3893 808 3961 σοφίας
847 3892 918 3949 εἰς
955 3892 1014 3940 τό
1056 3887 1216 3961 βάθος
1244 3896 1336 3949 τῆς
1362 3888 1595 3963 Ὀμήρου
1625 3891 1816 3960 μανίας

212 3978 482 4034 εἰσελθεῖν.
524 3978 582 4031 Εἰ
621 3974 681 4030 δέ
716 3981 774 4030 τὸ
811 3984 914 4030 πᾶν
952 3977 1011 4030 οὐ
1071 3974 1312 4045 δυνατὸν,
1356 3981 1422 4030 σὺ
1485 3973 1545 4030 δε
1597 3975 1705 4028 ἀλλ’
1745 3975 1816 4039 εἷς

208 4087 365 4142 μερος
405 4069 538 4138 ἡμᾶς
577 4066 822 4138 εἰσάγαγε
878 4074 969 4119 τοῦ
1021 4067 1236 4140 κλήρου.
1276 4071 1479 4139 Μέρους
1538 4063 1597 4119 δε
1636 4065 1814 4119 ἐπεθύ-

209 4177 364 4229 μουν,
400 4155 447 4209 έν
564 4165 662 4209 τῶν
700 4156 947 4214 Ἑλλήνων
987 4165 1159 4218 κακῶς
1195 4161 1543 4230 πεπραχότων
1585 4157 1717 4227 (98),
1759 4155 1812 4207 ὃν

213 4245 429 4318 ὕϐρισεν
486 4244 818 4317 Ἀγαμέμνων
873 4244 1142 4317 ἐθεράπευε
1210 4241 1418 4318 δώροις.
1479 4244 1637 4316 Ταῦτ’
1688 4243 1812 4316 ἐμοῦ

214 4334 468 4406 λέγοντος,
523 4333 711 4405 ἐγελας,
753 4333 1022 4406 ἀρνεῖσθαι
1052 4337 1141 4405 μεν
1180 4332 1273 4384 οῦκ
1319 4336 1475 4404 ἔχων,
1519 4337 1583 4394 ὡς
1621 4334 1713 4386 οῦκ
1753 4333 1812 4385 ἂν

218 4420 406 4476 δύναιο
446 4420 742 4494 βουληθεὶς,
782 4419 1131 4494 δωρήσασθαι
1179 4417 1238 4473 δὲ
1280 4421 1374 4472 οὐκ
1422 4421 1620 4479 ἐθελων.
1679 4422 1814 4497 Ἀρά

220 4531 307 4565 σοι
332 4516 424 4564 καὶ
465 4519 568 4572 τοῖς
599 4509 999 4582 ἀγανακτοῦσιν,
1033 4511 1114 4563 ὃτι
1151 4528 1208 4562 σε
1255 4513 1378 4581 ἔφην
1435 4507 1657 4583 ἀδικεῖν,
1699 4509 1816 4564 ἀδι-

294 4687 410 4758 (90)
435 4686 556 4739 Ὀτι
581 4694 748 4740 τοῦτο.
773 4686 876 4758 (Sic
897 4703 1049 4744 mss.
1081 4703 1202 4743 sex.
1238 4687 1387 4744 Editi
1419 4690 1501 4740 ὅτε
1533 4696 1704 4744 τοῦτο.

293 4763 410 4832 (9_t)
442 4765 630 4831 Ἥπερ.
661 4757 909 4832 Codices
940 4763 1232 4832 ipes-{21:59,
1260 4761 1450 4828 magis
1467 4775 1646 4832 quam
1669 4762 1813 4819 illae.

213 4825 409 4915 Paulo
437 4825 747 4915 postlediti
778 4828 881 4914 ἀλλ’
906 4825 1013 4887 ἤδη
1032 4826 1121 4915 τά.
1308 4825 1444 4915 octo
1466 4825 1528 4915 ut
1555 4830 1813 4915 inutextu.

291 4902 406 4970 (92)
437 4899 703 4970 Ἒσχάτης
723 4899 926 4974 ἀργίας,
961 4905 1050 4974 καὶ
1079 4902 1220 4974 τοῦτ’
1250 4899 1308 4952 ἂν
1341 4903 1569 4974 εἵη-ἄμα
1602 4905 1816 4974 ζημιοῦτ

211 4991 334 5046 ντος
364 4972 540 5025 αὐτόν.
577 4973 739 5046 [forte
759 4970 1116 5046 legendum,
1161 4971 1399 5044 ἐσχάτης
1423 4970 1638 5046 ἀργείας
1669 4970 1814 5025 ’τοῦτ’

215 5043 280 5095 ἀν
313 5047 416 5109 εἰη,
448 5046 538 5114 καὶ
566 5042 676 5113 άμα
707 5042 1016 5114 ζημιοῦντος
1047 5042 1229 5099 αὐτόν..
1249 5042 1394 5100 Εηιτ.

246 5109 746 5201 ’(93)“Οἶμαι’γάρ.
777 5109 862 5170 ita
891 5113 1129 5170 codices
1181 5132 1326 5171 mss.
1379 5118 1632 5188 septem.
1665 5113 1815 5172 Editi

213 5205 366 5237 οιααι
401 5201 428 5236 ο
441 5203 461 5235 ε
474 5228 486 5241 ,

267 5241 402 5324 ⁸(94)
432 5257 596 5328 Χάριν
629 5252 957 5328 ἐπαγγείλας.
990 5257 1129 5328 Reg.
1168 5257 1481 5328 Secundus
1519 5261 1578 5315 et
1625 5256 1804 5315 Cois].

215 5324 526 5382 secundus
558 5324 882 5397 éxayysila;
915 5324 1203 5397 [melihs],

291 5399 402 5467 (95)
438 5398 557 5473 Εἰμὶ
586 5402 777 5473 τοίνυν.
812 5396 960 5452 Editi
990 5396 1224 5473 addunt
1250 5398 1506 5473 ἐγώ,βῴ
1530 5401 1644 5457 hoc
1683 5417 1818 5473 pro-

219 5453 446 5525 nomen
477 5453 642 5522 deest
672 5469 731 5522 in
763 5474 1000 5540 septeni
1025 5470 1242 5524 nostris
1277 5453 1817 5540 codicibusvaaulo

219 5544 359 5625 post
397 5554 510 5620 pro
551 5543 762 5625 μανίας,
789 5537 1405 5625 legendu‘m'pamiag,
1431 5539 1497 5625 id
1525 5545 1632 5606 est,
1663 5542 1820 5625 divi:

222 5610 510 5682 nationis,
540 5610 842 5668 existimat
895 5610 1311 5682 Combetisius,
1344 5610 1451 5671 sed
1477 5617 1821 5684 repugnant

1931 1857 2064 1912 guue
2090 1842 2340 1915 fluentis,
2362 1850 2538 1918 teque
2576 1846 2812 1904 dicente
2845 1848 3208 1922 delectabar,
3240 1853 3461 1926 vixque
3491 1871 3579 1912 se-

1929 1931 2240 2003 cedebam,
2265 1937 2446 2006 atque
2467 1935 2544 1991 ad
2571 1935 2811 1992 sodales
2835 1937 3148 1996 dicebam:
3181 1941 3282 1996 Hic
3307 1943 3394 1999 vir
3410 1947 3578 2001 tanto

1927 2022 2307 2092 praestantior
2329 2022 2577 2079 ~Acheloi
2603 2024 2866 2093 ﬁliabus,
2915 2033 3147 2100 quanto
3194 2030 3416 2088 mulcet
3445 2033 3576 2105 qui-

1928 2107 2069 2165 dem
2092 2113 2158 2166 ut
2181 2110 2315 2180 illm,
2331 2127 2441 2168 nec
2467 2115 2670 2169 tamen
2689 2119 2754 2170 ut
2771 2114 2885 2171 illa:
2903 2114 3084 2173 laedit.
3099 2120 3167 2174 Et
3185 2134 3330 2175 sane
3357 2136 3578 2193 parum

1931 2201 2020 2254 est
2043 2213 2168 2255 non
2187 2198 2564 2267 lmdere,imo
2588 2201 2746 2258 illius
2767 2204 3078 2261 cantilenae
3101 2207 3267 2264 lucro
3297 2214 3438 2266 sunt
3464 2226 3577 2267 au-

1928 2283 2132 2342 dienti.
2153 2288 2299 2343 Cum
2319 2288 2498 2360 igitur
2515 2290 2598 2347 ita
2621 2291 2713 2346 sin
2736 2292 2941 2349 animo
2963 2293 3232 2364 affectus,
3254 2312 3472 2370 meque
3494 2298 3597 2357 di-.

1928 2370 2029 2443 ligi
2052 2373 2386 2432 existimem
2409 2381 2467 2433 et
2483 2377 2721 2434 dicendi
2740 2379 3022 2438 facultate
3041 2383 3331 2453 pra-ditus
3349 2385 3578 2455 videar,

1931 2463 2189 2520 scribere
2209 2481 2334 2522 non
2356 2467 2577 2524 audere
2593 2473 2874 2525 extremae
2904 2471 3131 2527 inertite
3165 2472 3359 2545 fuerit,
3379 2474 3580 2532 simul-

1930 2565 2050 2622 que
2090 2551 2353 2609 hominis
2400 2553 2629 2626 sibiipsi
2675 2555 2971 2613 damnum
2999 2559 3333 2618 inferentis.
3375 2563 3581 2636 Liquet

1930 2639 2088 2695 enim
2117 2640 2334 2708 fore,ut
2353 2658 2554 2698 meam
2576 2643 2890 2715 epistolam
2912 2661 3166 2718 parvam
3188 2653 3246 2706 et
3264 2651 3442 2707 vilem
3464 2667 3578 2725 pu-

1928 2727 2096 2786 lchra
2115 2735 2170 2786 et
2197 2729 2412 2799 grandi
2431 2733 3299 2808 remunereris,caveasque,ne
3317 2740 3463 2797 mihi
3478 2741 3581 2798 ite-

1928 2833 2064 2874 rum
2077 2818 2134 2873 in
2138 2819 2156 2888 j
2169 2819 2360 2875 uriam
2377 2820 2873 2893 facias.Equidem
2886 2823 3142 2880 arbitror
3158 2827 3369 2883 multos
3387 2829 3580 2886 excla-

1929 2910 2198 2962 maturos
2218 2923 2350 2963 esse
2367 2907 2445 2964 ad
2465 2907 2928 2980 hocverbum,et
2945 2910 3018 2966 ad
3036 2927 3130 2966 res
3148 2912 3313 2984 ipsas
3331 2929 3579 2972 concur-

1932 3009 2130 3062 suros,
2153 2995 2547 3052 vociferantes
2571 3011 2584 3062 ;
2610 2997 2940 3053 Basiliusne
2955 2997 3242 3070 injuriam
3259 3000 3354 3057 vel
3382 3001 3577 3062 levem

1924 3082 2160 3140 intulit?
2182 3086 2332 3154 Ergo
2354 3089 2411 3140 et
2437 3086 2732 3152 Eacus,ct
2755 3085 3021 3153 Minos,et
3043 3086 3224 3159 hujus
3236 3088 3434 3146 frater.
3450 3093 3574 3163 Ego

1927 3177 2128 3230 autem
2145 3176 2200 3228 te
2225 3172 2287 3228 in
2316 3172 2561 3246 reliquis
2583 3173 2831 3248 quidem
2853 3175 3141 3232 victorem
3163 3177 3345 3235 fuisse
3367 3196 3574 3238 conce-

1927 3259 2041 3329 do;
2073 3260 2209 3333 quis
2231 3261 2390 3317 enim
2417 3266 2470 3318 te
2511 3261 2678 3330 vidit,
2703 3267 2761 3318 et
2781 3278 2904 3319 non
2933 3263 3194 3320 invidit?
3225 3265 3340 3323 Sed
3370 3273 3574 3326 tamen

1927 3365 2119 3405 unum
2148 3349 2210 3405 in
2239 3365 2350 3406 nos
2370 3351 2650 3422 peccasti.
2694 3354 2773 3407 De
2789 3367 2909 3424 quo
2930 3353 3180 3425 quidem
3204 3355 3253 3410 si
3280 3360 3333 3411 te
3363 3357 3576 3414 admo-

1928 3452 2127 3505 neam,
2147 3438 2446 3511 persuade
2461 3438 2917 3508 indignantibus
2945 3446 3012 3497 ut
3048 3457 3123 3498 ne
3142 3444 3565 3502 vociferentur.

1929 3529 2113 3582 Nemo
2130 3532 2217 3582 est
2238 3528 2341 3600 qui
2375 3532 2429 3583 te
2455 3528 2821 3583 conveniens
2867 3545 2936 3585 ac
2956 3530 3316 3588 beneﬁcium
3341 3539 3572 3606 petens,

1927 3615 2094 3688 quod
2119 3615 2248 3670 dari
2273 3616 2441 3672 facile
2469 3616 2672 3688 possit,
2712 3616 2834 3673 voti
2871 3633 3124 3691 compos
3172 3636 3296 3677 non
3326 3623 3564 3680 abierit.

1927 3703 2104 3776 Atqui
2129 3718 2242 3774 ego
2267 3720 2338 3760 ex
2361 3720 2571 3760 eorum
2617 3719 2871 3761 numero
2901 3723 3058 3774 sum,
3077 3709 3181 3779 qui
3209 3710 3572 3768 beneﬁcium

1926 3792 2222 3863 petierunt
2244 3792 2514 3864 quidem,
2541 3793 2648 3848 sed
2674 3809 2799 3850 non
2825 3797 3374 3868 acceperunt.Quid
3393 3797 3574 3869 igitur

1926 3879 2266 3953 postulavi?
2289 3883 2506 3936 Tecum
2536 3881 2597 3936 in
2628 3881 2887 3954 pretorio
2925 3899 3065 3939 cum
3091 3900 3250 3958 saepe
3278 3901 3570 3958 versarer,

1925 3969 2129 4041 optavi
2149 3973 2214 4025 ut
2229 3970 2534 4042 sapientia:
2548 3975 2664 4026 tuae
2685 3970 2871 4043 opein
2894 3972 3262 4043 profundum
3278 3975 3574 4032 Homerici

1922 4059 2139 4115 furoris
2164 4060 2488 4116 introirem.
2505 4060 2676 4126 Quod
2698 4061 2764 4126 si,
2789 4060 3049 4130 aiebam,
3074 4067 3263 4119 totum
3284 4063 3347 4120 id
3369 4064 3574 4136 perﬁci

1923 4162 2044 4204 non
2074 4152 2287 4221 potest,
2315 4154 2375 4206 at
2397 4152 2459 4204 tu
2493 4155 2694 4206 tamen
2724 4150 2786 4205 in
2813 4155 3047 4222 partem
3100 4153 3277 4208 sortis
3326 4169 3437 4210 nos
3479 4155 3573 4210 in-

1925 4237 2230 4294 troducas.
2263 4238 2777 4310 Concupiscebam
2801 4234 3006 4294 autem
3034 4247 3265 4312 partem
3295 4241 3484 4311 illam,
3510 4243 3574 4300 in

1925 4341 2048 4394 qua
2075 4342 2213 4382 cum
2245 4328 2424 4382 Graeci
2467 4328 2706 4382 fortuna
2755 4327 3012 4383 adversa
3069 4333 3391 4398 uterentur,
3421 4336 3573 4401 Aga-

1926 4431 2215 4471 memnon
2235 4415 2397 4470 hunc
2417 4415 2636 4486 ipsum,
2651 4430 2833 4487 quem
2855 4415 3219 4471 contumelia
3270 4417 3570 4474 affecerat.

1927 4503 2278 4560 muneribus
2305 4502 2586 4576 placavit.
2614 4506 2749 4559 Haec
2778 4503 3010 4559 dicente
3036 4518 3156 4576 me,
3181 4503 3442 4572 ridebas,
3471 4521 3572 4562 ne-

1926 4679 2163 4736 codices
2195 4695 2428 4747 omnes,
2451 4694 2563 4735 nec
2592 4679 2750 4736 favet
2780 4679 2900 4736 ulla
2927 4678 3101 4736 ratio.

2000 4752 2110 4830 (96)
2145 4750 2224 4831 Ἐν
2263 4757 2594 4831 ,στρατηγίῳ
2636 4751 2915 4831 Sic_§n8§-
2966 4750 3109 4831 {190;
3170 4751 3358 4831 Εάίέίο
3412 4751 3574 4831 13³δῇ

1925 4820 2142 4896 leensis
2170 4826 2225 4876 et
2256 4820 2429 4876 Coisl.
2465 4820 2714 4896 primus,
2746 4821 2938 4896 tl_arl_.,
2964 4821 3124 4896 Med.
3165 4829 3220 4877 et
3266 4825 3412 4893 Reg.
3453 4825 3574 4896 pri-

1926 4907 2064 4948 mUS
2095 4890 2156 4965 ἐν⁸
2177 4890 2520 4965 στρατηγίου.
2557 4891 2960 4965 Editianris,
2993 4891 3040 4942 ἐν
3074 4890 3391 4965 στατηγείῴ,

1999 4964 2111 5030 (97)
2145 4960 2488 5036 ’i_leou)ti29m.
2523 4965 2606 5036 Ita
2634 4961 2871 5036 codices
2900 4979 3044 5036 mss.
3079 4960 3307 5036 septem
3336 4960 3410 5036 '_et
3450 4963 3572 5021 edi-

1929 5032 2007 5090 tio
2040 5032 2419 5088 Basileensis.
2460 5035 2530 5087 At
2559 5031 2902 5087 Parisiensis
2931 5030 3178 5091 ἐδεήθηνῖ
3221 5033 3400 5092 Paulo
3435 5039 3573 5092 post

1926 5103 2106 5160 editio
2134 5103 2344 5158 eadem
2377 5102 2434 5155 οὐ
2457 5099 2699 5167 δυνατὸν,
2734 5105 2879 5174 ἔφην,
2907 5103 3014 5159 sed
3027 5110 3406 5230 (postremum
3422 5099 3571 5163 illud

1926 5174 2180 5230 verbum
2210 5175 2375 5228 deest
2397 5174 2452 5229 in
2481 5179 2708 5230 sentem
2741 5190 2888 5230 mss.
2915 5179 3022 5230 etc
3072 5177 3135 5230 it.
3170 5175 3347 5230 Basil.

1926 5174 2180 5231 verbum
2210 5175 2375 5228 deest
2397 5174 2452 5229 in
2481 5179 2708 5244 septem
2741 5190 2888 5230 mss.
2915 5179 2974 5231 et
2993 5174 3135 5232 edit.
3170 5175 3347 5232 Basil.

1999 5247 2112 5316 (98)
2137 5250 2510 5318 Πεπραχότων.
2529 5247 2613 5300 Ita.
2632 5260 2841 5318 omnes
2864 5261 3014 5318 ss.
3040 5246 3187 5301 Editi
3208 5249 3568 5318 πεπραγόταν,

1929 5313 2158 5375 Ibidem
2183 5313 2325 5372 editi
2345 5313 2396 5389 ὃν
2419 5315 2826 5389 ὕϐρισεν,ᾱϐθεῐ
2847 5317 3060 5389 vocula
3076 5318 3134 5371 in
3155 5313 3566 5389 nove'm‘mss”

1929 5391 2034 5444 sed
2057 5395 2258 5445 tamen
2287 5387 2519 5442 videtur
2547 5387 2622 5442 ad
2673 5388 3028 5443 sententiam
3070 5387 3427 5442 necessaria.
3462 5387 3568 5448 Ha-

1925 5459 2069 5516 bent
2096 5476 2196 5533 sex
2228 5458 2464 5533 codices
2491 5459 2803 5533 θεραπεύων,
2833 5456 3144 5517 liedictcus
3176 5458 3463 5533 θεραπεύει.

2001 5533 2019 5551 ·
2058 5530 2216 5588 Alias
2245 5531 2402 5588 CLII.
