4074 6220
565 297 698 356 1095

1942 269 1995 325 S.
2029 267 2280 325 BASILII
2301 266 2446 325 MAG
2457 266 2545 322 Νι.

3726 265 3840 321 1096

555 437 697 479 men
725 415 1041 492 quoddam
1068 409 1244 468 valde
1288 401 1681 492 splendidum
1729 395 1956 453 editum
1986 393 2203 492 fuisse;

2321 387 2576 452 ἐπίδειξίν
2628 407 2746 440 τινα
2792 387 3107 459 γεγενῆσθαι
3153 384 3389 458 λαμπρὰν
3435 382 3580 454 ἀγαν,
3629 385 3707 436 καί
3737 388 3847 457 ἁγὼν

2326 477 2348 492 ν
2468 482 2477 490 .
2585 481 2606 492 ..
2929 479 2938 490 ,
3206 475 3216 485 ,
3362 475 3371 484 ρ
3569 475 3575 485 .
3749 470 3768 492 .,

559 479 848 582 atque‘uti
875 498 1492 567 dicebant,certamen
1523 486 1861 546 maximum
1892 479 2207 544 erat,adeo

557 567 1174 654 ut‘concurreutibus
1226 580 1513 640 omnibus
1553 589 1735 632 nemo
1775 571 1927 628 alius
1966 569 2028 625 in
2057 567 2208 623 urbe

557 684 952 756 compareret,
975 677 1088 734 nisi
1116 674 1278 731 solus
1299 671 1612 726 decertans
1632 660 1935 725 Libanius,
1965 661 2020 714 et
2046 672 2209 729 quae-

555 749 864 831 libet-aetas
885 766 1252 826 auscultans.
1283 763 1468 817 Nemo
1500 755 1660 812 enim
1685 749 1928 808 volebat
1956 763 1994 804 a
2023 749 2208 802 certa-

557 862 823 921 minibus
862 859 1098 925 abesse,
1129 866 1254 909 non
1279 847 1470 922 quiin
1527 839 1837 914 dignitatis
1888 835 2208 925 splendore

558 950 934 1016 constitutus,
960 923 1092 1001 noni
1109 941 1215 1014 qui
1235 939 1295 994 in
1309 935 1567 993 militum
1589 927 1906 988 ordinibus
1937 923 2202 993 illustris,

554 1055 678 1097 non
710 1034 963 1110 operarii
993 1035 1049 1088 et
1073 1027 1348 1086 artifices.
1383 1023 1537 1089 Quin
1595 1023 1652 1076 et
1706 1016 1988 1073 mulieres
2022 1016 2207 1069 certa-

555 1127 704 1185 mini
731 1105 1019 1181 interesse
1047 1109 1757 1177 festinabant.Quodnam
1779 1109 1984 1162 autem
2022 1105 2206 1158 certa-

554 1231 693 1272 men
715 1218 840 1269 erat
869 1213 894 1267 ‘2
925 1225 1061 1282 quas
1099 1205 1290 1263 oratio
1312 1215 1559 1259 omnem
1589 1195 1797 1270 populi
1837 1195 2207 1250 conventum

555 1312 842 1381 colligens
874 1309 901 1363 ?
928 1304 1331 1363 Narraverunt
1360 1297 1672 1353 hominem
1731 1305 2050 1348 morosum
2079 1301 2209 1343 ora-

557 1405 718 1460 tione
739 1398 1115 1468 descriptum
1135 1396 1193 1448 et
1221 1403 1576 1462 expressum
1602 1384 1806 1440 fuisse.
1857 1383 2050 1446 Quam
2081 1392 2210 1434 ora-

555 1492 782 1548 tionem
813 1467 967 1544 adeo
1007 1483 1198 1539 visam
1230 1475 1652 1535 admirabilem
1674 1472 1896 1528 mittere
1919 1485 1995 1525 ne
2016 1467 2208 1540 pigre-

555 1581 658 1648 ris,
679 1583 740 1634 ut
768 1581 826 1634 et
856 1590 968 1644 ego
990 1583 1342 1627 sermonum
1362 1570 1605 1621 tuorum
1635 1561 1914 1618 laudator
1944 1554 2212 1620 sim.Qui

556 1647 716 1725 enim
742 1664 926 1722 laudo
959 1658 1298 1724 Libanium,
1341 1654 1521 1710 etiam
1549 1652 1675 1708 sine
1725 1647 2031 1721 operibus,
2065 1659 2211 1717 qua-

554 1758 626 1814 lis
657 1771 780 1824 ero,
806 1751 1059 1810 laudum
1091 1746 1347 1818 adeptus
1372 1738 1838 1813 argumentum?

1052 1869 1389 1929 EPISTOLA
1430 1866 1670 1924 CCCLll'
1685 1908 1698 1922 .

2321 477 2401 548 ἧν,
2453 482 2522 541 ὡς
2581 481 2824 550 ἔφασκον,
2875 479 3142 548 μέγιστος,
3193 475 3255 532 ὡς
3300 475 3493 533 πάντας
3531 475 3614 543 μὲν
3655 470 3850 546 συνδρα-

2318 575 2428 642 μεῖν
2489 572 2578 620 καὶ
2625 563 2827 639 μηδένα
2884 566 3050 639 ἕτερον
3116 561 3164 614 ἕν
3232 569 3294 633 τῇ
3373 563 3514 613 πόλει
3576 565 3848 632 puni-actui

2317 662 2469 730 μόνον
2528 655 2772 708 Λιϐάνιον
2843 652 3240 725 ἀγωνιζόμενον,
3297 655 3384 701 καὶ
3447 656 3611 702 πᾶσαν
3683 650 3853 709 ἠλικίαν

2319 746 2666 820 ἁχροωμένην.
2723 743 2798 795 Οὐ
2851 745 2951 816 γὰρ
3020 740 3170 803 ἠξίου
3223 758 3296 798 τις
3359 739 3453 801 ἔξω
3517 747 3609 790 τῶν
3681 739 3852 810 ἀγώνων

2317 837 2578 909 γενέσθαι,
2601 833 2696 886 οὐκ
2727 831 3019 902 ἀξιώματος
3042 833 3177 900 όγκῳ
3201 833 3384 895 συνὼν,
3417 829 3475 880 οὑ
3507 837 3852 902 στρατιωτικοῖς

2317 923 2621 995 καταλόγοις
2652 921 2944 994 ἐμπρέπων,
2966 918 3025 971 οὐ
3059 916 3340 990 βαναύσοις
3369 921 3577 987 τέχναις
3600 916 3852 988 σχολάζων.

2318 1011 2459 1071 Ἤδη
2494 1009 2553 1066 δὲ
2582 1017 2671 1064 xu't
2699 1017 2940 1082 γυναῖκες
2961 1015 3195 1082 παρεῖναι
3227 1011 3598 1076 κατηπείγοντο
3625 1013 3723 1067 τοῖς
3743 1005 3855 1076 ἀγῶ-

2318 1123 2393 1158 σι.
2423 1107 2516 1164 Τίς
2555 1097 2613 1154 δὲ
2643 1101 2668 1152 ὁ
2695 1098 2832 1171 ἀγὼν
2874 1102 2992 1165 ;τ·ίς
3019 1093 3078 1150 δὲ
3115 1097 3140 1148 ό
3195 1096 3366 1166 λόγος,
3420 1097 3446 1146 ό
3493 1099 3581 1151 τὴν
3629 1091 3856 1166 πάνδημον

2321 1195 2625 1264 συναγείρας
2655 1193 2945 1261 πανήγυριν
2980 1203 2993 1252 ;
3031 1190 3130 1239 Καὶ
3157 1182 3224 1242 δή
3258 1204 3347 1256 μοι
3379 1183 3619 1255 ἤγγειλαν
3642 1179 3857 1235 δυσκόλου

2319 1287 2508 1354 τρόπον
2532 1275 2723 1351 ἀνδρὸς
2759 1279 2845 1328 τόν
2883 1275 3032 1346 λόγον
3083 1274 3456 1331 ἐνστήσασθαι.
3511 1272 3573 1323 Ὀ
3601 1272 3721 1324 οὕτω
3758 1275 3858 1323 θαν-

2320 1372 2604 1444 μασθέντα,
2630 1367 2699 1438 μὴ
2734 1381 2850 1417 κατ’
2886 1369 3021 1416 όκνει
3084 1382 3174 1434 μοι
3220 1361 3448 1433 πέμψαι,
3502 1363 3582 1411 ἱνα
3633 1359 3762 1430 κάγὼ
3786 1369 3859 1410 τῶν

2319 1459 2483 1531 λόγων
2515 1456 2778 1515 ἐπαινέτης
2809 1457 2915 1511 εἴην
2939 1460 3036 1504 τῶν
3071 1451 3377 1524 σῶν-Ὀγὰρ
3409 1449 3645 1502 Λιϐάνιον
3666 1447 3860 1515 ἐπαινῶν,

2321 1548 2410 1600 καί
2438 1555 2536 1598 τῶν
2559 1548 2718 1620 ἔργων
2744 1542 2905 1609 ἐκτός,
2929 1545 3005 1601 τίς
3032 1539 3091 1592 ἆν
3123 1543 3348 1610 γένωμαι
3380 1545 3468 1590 νῦν
3489 1538 3719 1590 ὑπόοεσιν
3752 1535 3860 1588 ἐπαί-

2321 1658 2417 1689 νων
2449 1635 2722 1707 εὑράμενος
2753 1632 2879 1703 (19).

2856 1849 3093 1898 ΕΠΙΣΤΠ
3105 1848 3143 1896 Δ
3154 1848 3194 1894 Η
3229 1841 3395 1896 ΤΝΒ’.

556 2007 743 2065 Mittit
775 2000 1057 2060 Libanius
1087 2011 1257 2054 suam
1290 1993 1370 2049 De
1401 1991 1644 2065 homine
1666 2001 1909 2044 moroso
1940 1969 3127 2065 orationem,seque-“tremet:signiﬁcat
3159 1982 3231 2024 ac
3280 1980 3439 2037 pene
3490 1968 3672 2021 mente
3695 1962 3855 2032 dejici,

1545 2041 1830 2117 ὶῧῖηῆὶιῖπ
1857 2041 2068 2127 arguti
2085 2041 2336 2124 judiciis
2369 2041 2618 2104 acumen
2640 2041 2952 2112 formidat.

1089 2189 1375 2247 Libanius
1417 2184 1655 2243 Basilio.

633 2321 778 2375 Ecce
795 2316 930 2373 misi
951 2313 1059 2371 tibi
1071 2327 1274 2368 meam
1287 2309 1645 2374 orationem,
1661 2304 1881 2361 sudore
1902 2301 2203 2359 difﬂuens.

557 2404 882 2474 Quomodo
921 2402 1083 2460 enim
1111 2399 1330 2456 sudore
1372 2413 1497 2453 non
1526 2392 1940 2469 perfunderer,
1995 2390 2047 2446 ei
2075 2388 2206 2445 viro

556 2496 891 2554 orationem
913 2491 1176 2561 mittens,
1203 2488 1376 2558 cujus
1407 2502 1479 2543 ea
1526 2489 1615 2541 est
1657 2481 1897 2538 dicendi
1930 2478 2206 2543 facultas,

555 2589 622 2642 ut
647 2582 905 2640 Platonis
938 2577 1316 2651 sapientiam,
1348 2580 1404 2632 et
1437 2571 1850 2630 Demosthenis
1884 2569 2206 2626 vehemen-

559 2673 705 2730 tiam
726 2671 946 2726 frustra
974 2669 1232 2738 jactatas
1260 2679 1393 2720 esse
1417 2661 1771 2718 convincere
1814 2658 2046 2731 queat?
2079 2658 2209 2713 Ser-

557 2777 660 2818 mo
689 2765 890 2816 autem
915 2773 1087 2812 meus
1104 2753 1352 2826 perinde
1376 2756 1484 2820 est,
1517 2766 1588 2806 ac
1641 2749 1691 2804 si
1722 2745 1975 2804 culicem
2008 2745 2206 2801 confe-

555 2867 654 2907 ras
681 2846 1006 2921 elephanti.
1039 2844 1183 2900 Hinc
1234 2842 1450 2897 horreo
1507 2855 1578 2895 ac
1624 2842 1837 2903 tremo,
1898 2850 2035 2890 cum
2069 2850 2205 2891 eam

553 2938 715 2994 diem
738 2950 978 2992 mecum
1003 2937 1239 3004 reputo,
1271 2945 1395 3001 qua
1424 2941 1624 2983 meam
1662 2924 1944 2997 inspicies
1987 2922 2204 2981 oratio-

552 3043 693 3085 nem
719 3042 733 3094 ;
765 3026 886 3082 imo
909 3023 1088 3079 etiam
1120 3019 1240 3076 fere
1264 3022 1462 3073 mente
1491 3017 1697 3086 lapsus
1740 3030 1896 3069 sum.

907 3129 1078 3208 ac;
1117 3125 1461 3182 EPISTOLA
1511 3121 1817 3179 eccum".

2853 2162 3097 2224 Λιϐάνιος
3128 2161 3400 2232 Βασιλείῳ.

2394 2291 2535 2346 Ἰδοὺ
2561 2292 2807 2362 πέπόμφα
2845 2292 2929 2342 τὸν
2955 2288 3128 2360 λόγον,
3164 2283 3351 2362 ἱδρῶτι
3395 2284 3861 2360 περιρρεόμενος.ῐ1ὠς

2317 2385 2417 2456 γὰρ
2444 2381 2539 2435 οὐκ
2566 2379 2790 2452 ἔμελλον,
2824 2373 2979 2450 ἀνδρὶ
3007 2380 3228 2446 τοιούτῳ
3250 2377 3363 2446 (20)
3398 2378 3609 2446 πέμπων
3635 2377 3709 2425 τόν
3734 2371 3860 2442 λόγον,

2318 2473 2370 2533 ὃς
2401 2471 2570 2530 ἱκανός
2592 2469 2702 2521 ἐστι
2729 2472 2822 2526 τὴν
2855 2466 3125 2527 Πλάτωνος
3178 2470 3367 2536 σοφίαν
3422 2469 3511 2515 καὶ
3567 2463 3861 2534 Δημοσθένους

2321 2556 2598 2617 δεινότητα
2621 2564 2682 2629 τῇ
2717 2560 2834 2628 περὶ
2877 2559 2996 2617 τοὺς
3046 2554 3229 2625 λόγους
3279 2552 3538 2624 εἱμαθείᾳ
3577 2547 3730 2612 δεῖξαι
3753 2545 3862 2618 Ogul-

2318 2648 2561 2720 λουμένας
2609 2649 2778 2719 μάτην
2814 2661 2827 2712 ;
2859 2647 2928 2696 Τό
2998 2639 3057 2697 δὲ
3097 2641 3215 2715 ἐμόν
3272 2649 3532 2709 τοιοῦτον,
3584 2636 3679 2691 οἶον
3715 2634 3858 2702 κώνωψ

2315 2736 2545 2808 ἐλέφαντι
2585 2733 2994 2807 παραλλόμενος.
3034 2732 3188 2783 Ὅθεν
3226 2735 3461 2805 πέφρικα
3497 2733 3582 2780 καὶ
3605 2731 3772 2799 τρέμω,
3793 2728 3860 2777 τὴν

2316 2827 2511 2899 ἡμέραν
2562 2823 2917 2895 λογιζόμενος,
2973 2822 3094 2872 καθ’
3122 2819 3180 2877 ἢν
3226 2817 3490 2889 ἐπισκέψῃ
3544 2819 3653 2876 τοὺς
3700 2813 3858 2882 λόγους·

2314 2922 2504 2988 μικροῦ
2533 2909 2592 2966 δὲ
2624 2912 2736 2982 (21)
2763 2915 2852 2963 καὶ
2874 2918 2973 2962 τῶν
3005 2917 3194 2982 φρενῶν
3221 2907 3556 2962 ἐκπέπτωκα.

2847 3126 3182 3176 ΕΠΙΣΤΟΛΗ
3203 3119 3376 3174 ΤΝΓ’.

1383 3248 1620 3304 Laudat
1655 3247 1905 3302 Basilius
1928 3250 2257 3304 orationem
2288 3249 2527 3307 Libanii
2569 3249 2650 3308 ad
2678 3265 2738 3306 se
2785 3249 3049 3304 missam.

1099 3375 1351 3430 Basilius
1397 3372 1664 3428 Libam’o.

627 3502 765 3571 Legi
795 3500 1130 3557 orationem
1163 3503 1352 3562 tuam,
1381 3511 1417 3551 o
1445 3494 1904 3568 sapientissime,
1941 3499 1997 3551 et
2028 3495 2203 3551 valde

556 3591 891 3649 admiratus
917 3605 1073 3643 sum.
1114 3589 1156 3643 Ο
1199 3602 1409 3652 musae,
1459 3589 1516 3639 et
1571 3583 1800 3648 litterae,l
1831 3588 1888 3638 et
1934 3583 2202 3651 Athena),

555 3680 758 3754 qualia
785 3676 1088 3748 largimini
1113 3673 1329 3729 vestris
1362 3671 1735 3728 amatoribus
1769 3670 1781 3726 ι
1815 3673 2028 3736 Quales
2053 3671 2205 3728 fruc-

554 3775 652 3828 tus
683 3770 880 3824 ferunt
924 3766 1025 3839 qui
1051 3781 1158 3837 per
1183 3763 1365 3819 breve
1386 3759 1698 3832 quoddam
1725 3764 1962 3832 tempus
2004 3760 2205 3816 vobis-

553 3874 697 3913 cum
735 3853 1083 3912 versantur!
1145 3853 1188 3908 Ο
1219 3851 1447 3906 fontem
1493 3847 1657 3919 large
1679 3863 1741 3902 se
1772 3847 2200 3919 etfundentem,

553 3945 766 4017 quales
789 3941 1057 4014 praestitit
1084 3939 1429 3994 haurientes
1453 3936 1688 4008 IIpsum
1717 3936 1877 3991 enim
1897 3951 2204 3992 morosum

553 4030 805 4087 videbar
846 4028 992 4082 mihi
1017 4026 1223 4082 videre
1251 4025 1310 4079 in
1343 4025 1612 4080 oratione
1634 4040 1771 4079 cum
1803 4025 2046 4094 garrula
2075 4041 2202 4080 mu-

554 4115 799 4173 liercula
825 4117 1184 4169 versantem.
1222 4111 1439 4165 Vivum
1463 4112 1692 4166 enimet
1723 4112 2057 4168 animatum
2086 4128 2206 4168 ser-

557 4218 800 4262 monem
834 4201 1065 4272 scripsit
1089 4200 1329 4254 interra
1363 4198 1662 4267 Libanius,
1722 4199 1826 4270 qui
1868 4200 2032 4256 solus
2079 4218 2204 4257 ver-

558 4293 653 4351 bis
677 4292 946 4350 animam
968 4289 1214 4358 largitus
1234 4292 1339 4342 est.

1035 4378 1366 4435 EPISTOLA
1401 4377 1727 4432 CCCLIV'“.

2836 3370 3098 3431 Βασίλειος
3131 3368 3386 3438 Λιϐανίῳ.

2385 3499 2633 3569 ’Λνέγνων
2673 3496 2958 3567 τὸνλόγον,
2995 3501 3282 3567 σοφώτατε,
3321 3498 3417 3546 καὶ
3466 3488 3852 3562 ὑπερτεθαύμακαη

2313 3587 2382 3638 Ὦ
2409 3583 2626 3658 μοῦσαι,
2655 3591 2744 3637 καὶ
2769 3585 2933 3656 λόγοι,
2976 3589 3065 3634 καὶ
3097 3583 3335 3646 Ἀθῆναι,
3382 3578 3468 3632 οἷα
3516 3587 3618 3638 τοῖς
3659 3576 3853 3646 ἐρασταῖς

2316 3672 2568 3749 δωρεῖσθε
2603 3673 2615 3727 Ι
2647 3676 2798 3734 Οἱους
2827 3674 3133 3744 κομίζονται
3163 3675 3284 3730 τοὺς
3325 3673 3580 3742 καρποὺς,
3609 3666 3654 3718 οἱ
3689 3662 3853 3735 βραχύν

2313 3782 2430 3814 τινα
2454 3767 2643 3834 χρόνον
2675 3763 2796 3834 ὑμῖν
2827 3765 3187 3832 συγγινόμενοι
3213 3759 3240 3813 ?
3261 3757 3328 3808 Ὠ
3358 3765 3537 3827 πηγῆς
3573 3751 3850 3822 πολνχτᾶμοο

2313 3870 2414 3915 νος,
2443 3851 2579 3910 οῖους
2610 3847 2772 3911 έδειξε
2798 3853 2915 3908 τοὺς
2942 3846 3254 3921 ἀρυομένους
3280 3845 3292 3898 !
3339 3845 3512 3897 Λυτόν
3533 3845 3628 3914 γὰρ
3686 3835 3851 3888 ἐδόκουν

2315 3943 2427 4011 (22)
2455 3938 2578 4012 ὀρᾲν
2605 3937 2651 3990 ἐν
2674 3947 2744 4009 τῷ
2770 3936 2902 4008 λόγῳ
2944 3935 3080 4007 λάλῳ
3136 3938 3358 3986 συνόντα
3406 3937 3617 4005 γυναίῳ.
3646 3928 3852 3998 Ἐμπνονν

2312 4031 2410 4101 γὰρ
2444 4026 2596 4098 λόγον
2637 4025 2720 4078 ἐπὶ
2759 4027 2949 4097 χθονός
2985 4023 3232 4084 meum;
3256 4022 3502 4097 ἔγραψεν,
3541 4021 3590 4080 ὃς
3617 4023 3751 4090 μόνος
3774 4015 3852 4066 τοῖς

2313 4116 2484 4188 λόγοις
2509 4116 2694 4187 ψυχὴν
2726 4113 3038 4189 ἐχαρίσατο.

2854 4383 3186 4432 ΕΠΙΣΤΟΛΙΙ
3213 4375 3381 4431 ΤΝΔ’.

677 4506 916 4562 Gratias
943 4504 1068 4573 agit
1089 4502 1394 4566 Libanius,
1424 4516 1496 4558 ac
1537 4502 1789 4557 vicissim
1826 4517 1861 4558 a
1889 4503 2107 4560 Basilio
2127 4507 2284 4576 petit
2307 4512 2373 4562 ut
2412 4505 2492 4562 ad
2521 4519 2580 4561 se
2603 4505 2801 4560 mittat
2828 4505 3155 4558 orationem
3189 4507 3404 4556 contra
3435 4496 3772 4555 ebrietatem.

1092 4627 1373 4682 Libanius
1432 4622 1712 4684 llasilio.‘

593 4755 799 4808 nNunc
819 4750 1076 4822 cognovi
1127 4766 1224 4806 me
1273 4767 1427 4821 esse,
1485 4751 1652 4824 quod
1692 4751 1895 4807 dicor:
1927 4753 2210 4811 laudante

559 4843 719 4900 enim
748 4856 842 4897 me
867 4840 1098 4908 Basilio,
1122 4856 1191 4896 ex
1224 4842 1507 4896 omnibus
1537 4842 1849 4898 victoriam
1877 4846 2213 4915 reporto.Et

561 4946 700 4988 cum
723 4933 893 4986 tuum
935 4929 1290 4999 suffragium
1343 4931 1698 5003 acceperim,
1748 4931 1882 4988 licet
1938 4931 2085 4988 mihi
2113 4947 2212 4988 su-

631 5067 647 5110 '_
685 5053 842 5110 Alias
870 5055 1046 5110 CLIX.

629 5133 663 5148 "
682 5125 846 5181 Alias
875 5125 1028 5178 CLX.

715 5195 875 5252 Alias
896 5193 1082 5250 CLXI.

770 5268 1096 5340 Ἐὑροὲμενος⁸
1128 5264 1214 5340 ita
1231 5261 1469 5340 codices
1492 5281 1616 5320 sex.
1642 5264 1791 5320 Editi
1820 5266 2107 5337 εὑρόμενος.

630 5335 734 5404 (20)
764 5335 1193 5408 ΤοιούτῳηΗᾶγΙ.
1220 5339 1473 5408 τοσούτῳ.

628 5403 974 5497 (Ἠξὺξιξρού
1003 5403 1079 5463 δέ.
1108 5407 1276 5462 Coisl.
1307 5403 1608 5461 secundus
1653 5412 1708 5462 et
1735 5409 1875 5477 Reg.
1909 5403 2209 5463 secundus

561 5488 751 5553 μικροῦ
784 5488 913 5553 οεζν.

631 5545 741 5620 (‘22)
783 5547 1045 5605 ’Eé‘oxoﬁv.
1108 5547 1286 5608 Addit
1332 5546 1521 5606 codex
1577 5546 1734 5608 Harl.
1782 5551 1868 5601 τόν
1931 5545 2207 5619 δύσκολον,

732 5717 809 5727 συν.-
853 5719 861 5726 .

2835 4625 3076 4686 Λιϐάνιος
3118 4623 3390 4694 Βασιλείῳ.

2393 4761 2498 4806 Νῦν
2565 4755 2718 4824 ἔγνων
2761 4749 2887 4804 εἶναι
2944 4751 2970 4803 ὃ
3049 4749 3284 4822 λέγομαι·
3348 4747 3610 4800 Βασιλεὶου
3677 4739 3761 4810 γάρ
3805 4748 3850 4803 με

2324 4842 2704 4907 ἐπαινέσαντος,
2758 4843 2893 4892 κατά
2945 4842 3147 4891 πάντων
3198 4841 3306 4909 ἔχω
3356 4839 3423 4888 τὰ
3465 4835 3734 4904 νικητήρια.
3777 4822 3850 4874 Καὶ

2323 4928 2609 5001 “Inviti”th
2653 4923 2915 5000 δεξαμένῳ
2943 4927 3052 4995 (23)
3101 4931 3195 4982 τὴν
3243 4928 3339 4982 σὴν
3387 4925 3561 4975 ἔπεστί
3620 4934 3700 4990 μοι
3729 4905 3851 4983 βαδί·

2322 5050 2431 5108 sed
2494 5051 2624 5106 haec
2667 5049 2886 5105 desunt
2935 5048 2996 5103 in
3053 5047 3186 5103 aliis
3225 5062 3367 5102 mss.
3405 5049 3463 5100 et
3512 5039 3702 5108 editis,
3721 5037 3768 5088 et
3790 5023 3848 5082 ad

2320 5106 2660 5190 marginem
2689 5121 2834 5176 satis
2864 5125 3000 5191 apte
3029 5119 3246 5191 posita,
3296 5115 3568 5191 videntur
3609 5111 3664 5165 in
3690 5106 3847 5191 iPSPE

2322 5169 2669 5248 contextum
2717 5169 3009 5262 migrarsse
3081 5169 3574 5262 ised’necesisaria
3609 5169 3725 5262 non
3742 5169 3848 5225 sunt

2323 5246 2573 5320 etiacile
2601 5246 2999 5333 supplentur,
3025 5246 3254 5333 Ibidem
3291 5258 3450 5333 editi,
3503 5259 3582 5304 τὸν
3631 5246 3745 5313 λαλῳ
3775 5257 3846 5290 τέ’

2322 5339 2491 5396 νόντα,
2526 5334 2630 5387 sed
2659 5329 2943 5387 articulus
2969 5330 3138 5385 deest
3158 5330 3219 5384 in
3245 5329 3672 5400 quinquemsf;

2396 5406 2504 5475 (25)
2533 5404 2812 5475 Δεξαμένῳ.
2837 5402 3014 5475 βοίεῙ·
3044 5387 3282 5475 primus:
3330 5404 3386 5454 εί
3412 5387 3582 5475 39d;-
3601 5387 3844 5475 δεξίίαῗῗέδιῗξ

2324 5447 2512 5532 Ρείιῖῑὸ
2533 5447 3587 5547 ᾖῖὸἒῗ”οτόά”εἷᾌὲέςὶῖὁέᾗυέὀἳ’ἐιω
3621 5447 3846 5547 uexillum

2323 5564 2456 5617 μετα
2500 5539 2724 5618 σὸϐαροῡ
2753 5552 2842 5601 τοῦ
2869 5539 3216 5616 φρονήματος.
3663 5539 3674 5600 i
