4050 6220
199 266 332 321 1097

1084 268 1565 327 EPISTOLARUM
1603 268 1883 331 CLASSIS
1920 273 2015 330 III.
2055 274 2266 334 EPIST.
2310 277 2630 337 CCCLVIII.

3416 289 3552 344 1098

196 388 301 450 ζειν
330 390 464 460 μετὰ
520 386 746 463 σοϐαροῦ
793 397 885 442 τοῦ
941 387 1302 464 βαδίσματος,
1333 394 1420 446 οἷά
1465 413 1541 455 τις
1595 393 1833 458 ἀλαζὼν.

1931 398 2094 454 ierbo
2120 415 2327 470 gressu
2365 403 2660 474 incedere,
2687 406 2873 464 instar
2900 409 3163 466 nominis
3186 411 3554 481 jactantioris

195 481 315 540 τοὺς
373 479 568 540 πάντας
628 487 962 553 περιφρονῶν.
1030 480 1171 534 Ἐπεὶ
1232 478 1318 534 οὖν
1383 487 1472 536 καὶ
1530 488 1614 537 σοὶ
1664 487 1800 538 κατὰ

196 569 359 640 μέθης
414 567 564 639 λόγος
623 572 930 640 πεπόνῃται,
999 569 1294 644 βουλόμεθα
1356 575 1522 645 τορτῳ
1579 593 1797 648 περιτν-

197 662 335 728 χεῖν.
380 655 534 709 Ἀλλά
595 657 799 730 κομψόν
848 663 938 732 μέν
998 679 1049 712 τι
1112 659 1275 734 λέγειν
1313 661 1407 714 οὐκ
1446 661 1628 715 ἐθέλω*
1670 663 1695 714 ὀ
1738 659 1797 716 δὲ

198 743 349 817 λόγος
380 743 546 818 ὀφθεὶς
577 741 787 809 διδάξει
828 766 892 820 με
945 752 1038 808 τὴν
1081 756 1173 802 τοῦ
1219 749 1382 824 λέγειν
1422 751 1534 824 (24)
1580 754 1793 823 τέχνην.

737 966 1071 1017 ΕΠΙΣΤΟΛΗ
1109 963 1272 1020 ΤΝΕ.

1905 501 2118 543 omnes
2147 493 2604 548 contemnentis.
2641 496 2937 560 Quoniam
2967 498 3144 568 igitur
3183 504 3238 555 et
3263 499 3389 572 ipse
3419 515 3554 556 ora-

1904 574 2128 632 tionem
2157 583 2365 635 contra
2385 580 2728 640 ebrietatem
2750 583 3242 657 elaborasti,eam
3267 589 3554 645 volumus

1903 663 2116 735 legere.
2184 667 2410 725 Interea.
2467 675 2667 728 tamen
2722 673 2905 747 lepidi
2957 677 3295 750 quidquam
3358 678 3556 735 dicere

1906 752 2043 810 nolo
2077 771 2091 809 :
2124 754 2229 810 sed
2257 756 2389 829 ipsa
2419 775 2514 814 me
2546 761 2760 830 oratio,
2803 762 2907 819 ubi
2946 779 3082 821 eam
3113 767 3334 833 videro,
3361 775 3553 824 artem

1903 842 2144 901 dicendi
2181 845 2437 903 docebit.

2420 972 2753 1031 EPISTOLA
2795 978 3058 1035 CCCLV'.

1160 1089 1447 1147 Libanius
1484 1092 1722 1150 Basilio
1743 1090 1973 1164 primas
2003 1093 2354 1166 eloquentia:
2378 1097 2594 1167 defert.

714 1210 960 1274 Λιϐάνιος
1001 1213 1272 1287 Βασιλείῳ.

267 1318 424 1392 Ἀρα,
467 1318 716 1387 Βασίλειε,
757 1323 828 1392 μὴ
870 1321 964 1381 τὰς
1003 1319 1221 1382 Ἀθήνας
1260 1321 1432 1392 οἰκεῖς,
1498 1327 1588 1376 καὶ
1651 1322 1798 1381 λε’ληο

197 1408 288 1467 θας
351 1410 602 1473 σεαυτόν;
672 1407 747 1461 Οὔ
807 1409 906 1482 γὰρ
971 1416 1072 1460 τῶν
1135 1413 1437 1484 Καισαρέων
1499 1413 1547 1463 οἱ
1606 1407 1796 1472 παῖδες

194 1500 365 1546 ταῦτα
421 1492 625 1547 ἀκούειν
673 1491 953 1553 ἠδύναντο,
991 1494 1050 1548 Ἠ
1106 1496 1314 1568 γλῶττα
1367 1499 1468 1572 γάρ
1526 1517 1616 1571 μοι
1669 1501 1794 1550 τού-

197 1601 300 1634 των
356 1581 476 1645 ἐθὰς
540 1583 634 1636 οὐκ
673 1580 770 1641 ἦν·
841 1583 950 1636 ἀλλ’
1007 1587 1229 1658 ὡσπερεί
1285 1605 1400 1638 τινα
1437 1590 1664 1660 κρημνὸν
1706 1583 1796 1638 δι-

199 1668 486 1739 οδεύοντος,
544 1673 805 1744 πληγεῖσα
855 1681 916 1747 τῇ
980 1681 1079 1726 τῶν
1146 1673 1406 1747 ὀνομάτων
1468 1679 1798 1748 καινοτομίᾳ,

202 1759 321 1833 ἐμοί
348 1780 404 1814 τι
432 1769 503 1832 τῷ
530 1767 687 1834 πατρὶ
716 1761 854 1834 ἔλεγε
882 1783 894 1796 ο
956 1765 1148 1835 Πάτερ,
1197 1763 1290 1816 οὐκ
1329 1761 1594 1827 ἐδίδαξας·
1634 1763 1806 1836 ’Όμη-

202 1867 312 1921 ρος,
368 1845 514 1912 οὗτος
573 1848 723 1923 ἀνὴρ,
793 1850 920 1902 ἀλλὰ
975 1851 1210 1920 Πλάτων,
1254 1851 1359 1904 ἀλλ’
1419 1853 1802 1926 Ἀριστοτέλης,

204 1935 336 1989 ἀλλὰ
377 1943 670 2012 Σουσαρίων
885 1940 911 1992 ὁ
975 1943 1041 1992 τὰ
1078 1942 1244 1994 πάντα
1309 1944 1660 2014 ἐπιστάμενος.
1705 1947 1806 1996 Καὶ

203 2033 374 2078 ταῦτα
411 2029 500 2099 μὲν
557 2029 586 2086 ἡ
647 2025 870 2099 γλῶττα.
933 2030 992 2082 Σὶ
1041 2025 1100 2082 δὲ
1152 2032 1253 2097 εἴη,
1295 2029 1545 2097 Baream,
1587 2038 1806 2084 τοιαῦτα

201 2116 345 2188 ἡμᾶς
375 2115 616 2171 ἐπαινιίν.

732 2245 1069 2297 ΕΗΙΣΤΟΛΗ
1109 2242 1268 2307 ΤΝς’.

2437 1223 2730 1282 Libanius
2769 1227 3024 1282 Basilio.

1976 1323 2300 1381 Athenisne
2333 1327 2593 1398 habitas,
2635 1331 2831 1396 Basili,
2868 1336 2925 1387 et
2977 1332 3060 1388 tui
3111 1332 3300 1404 ipsius
3341 1334 3562 1391 oblitus

1907 1413 2016 1468 es?
2045 1417 2172 1470 Non
2199 1416 2362 1472 enim
2389 1417 2841 1475 Caesariensium
2881 1419 2985 1476 ﬁlii
3027 1420 3157 1476 haec
3204 1423 3414 1479 audire
3455 1441 3562 1497 po-

1908 1506 2168 1561 tuerunt.
2200 1507 2322 1560 Mea
2361 1506 2519 1562 enim
2563 1507 2771 1578 lingua
2815 1509 2908 1564 his
2959 1515 3202 1566 assueta
3233 1526 3356 1567 non
3392 1519 3561 1570 erat:

1912 1592 2016 1647 sed
2037 1592 2273 1648 velutin
2309 1594 2596 1667 praecipiti
2617 1597 2885 1668 quodam
2908 1597 3042 1653 loco
3064 1599 3424 1667 incederem,
3464 1617 3565 1657 vo-

1913 1696 2051 1736 cum
2073 1681 2336 1737 novitate
2374 1683 2674 1755 perculsa,
2709 1690 2766 1740 et
2790 1685 2936 1741 mihi
2970 1687 3124 1758 patri
3150 1687 3386 1743 dicebat
3417 1707 3429 1741 :
3464 1691 3568 1744 Pa-

1917 1775 2019 1836 ter,
2047 1769 2162 1825 ista
2190 1785 2311 1826 non
2351 1769 2604 1828 docuisti
2636 1790 2648 1827 :
2685 1776 2976 1830 Homerus
3022 1779 3114 1830 est
3158 1775 3255 1830 hic
3302 1776 3411 1844 vir,
3444 1777 3568 1833 imo

1914 1858 2097 1921 Plato,
2138 1860 2261 1915 imo
2327 1861 2689 1931 Aristoteles,
2749 1862 2872 1918 imo
2937 1864 3197 1925 Susario,
3258 1866 3363 1936 qui
3423 1864 3571 1920 nihil

1915 1949 2230 2018 ignoravit.
2287 1954 2476 2023 Atque
2541 1949 2670 2005 haec
2709 1951 2957 2023 quidem
3015 1952 3245 2023 lingua.
3284 1957 3366 2010 Tu
3406 1969 3566 2027 vero,

1914 2041 2118 2109 Basili,
2147 2040 2324 2096 velim
2351 2040 2599 2096 laudare
2625 2057 2720 2096 me
2751 2042 2947 2114 possis
2977 2041 3057 2098 ob
3090 2042 3250 2101 talia.

2395 2238 2726 2295 EPISTOLA
2766 2238 3010 2295 CCCLVI
3030 2239 3091 2297 ’⁸.

453 2365 784 2436 Respondet
811 2366 1084 2425 Basilius
1112 2367 1381 2437 epistolae
1403 2367 1787 2438 praecedenti,
1819 2381 1992 2440 seque
2029 2365 2390 2436 discipulum
2419 2366 2788 2435 piscatorum
2832 2379 2952 2422 esse
2974 2366 3316 2434 proﬁtetur.

725 2490 992 2555 Βασίλειος
1029 2490 1282 2564 Λιϐανίῳ.

270 2601 580 2670 Δεχομένοις
643 2599 734 2670 μὶν
799 2599 924 2672 ἡμῖν
971 2598 1005 2651 οἶ
1059 2599 1291 2674 γράφεις,
1331 2598 1517 2671 χαραο
1559 2597 1811 2652 ἁπαιτοψ

196 2692 370 2761 μένοις
432 2685 488 2740 ὃὲ
544 2691 673 2761 πρὸς
738 2688 772 2740 ἀ
852 2689 1062 2764 γράφεις
1144 2687 1572 2759 ἆντεπιστελλειν,
1649 2687 1787 2760 ἀγών

195 2782 261 2832 Τί
307 2779 412 2852 γάρ
465 2779 526 2828 ἄν
575 2780 802 2851 εἴποιμεν
858 2780 985 2850 πρὸς
1033 2777 1192 2840 οὕτως
1237 2776 1608 2840 ἀττικίζουσαν
1646 2777 1812 2850 γλῶτ-

197 2885 313 2936 ταν,
382 2865 512 2926 πλὴν
569 2867 648 2920 ὅτι
713 2865 893 2919 ἁλιέων
958 2866 1064 2940 εἰμί
1126 2869 1384 2941 μαθητὴς,
1445 2866 1679 2942 ὁμολογῶ
1717 2882 1810 2921 και

199 2955 331 3037 φιλεῖ)
360 2974 372 3024 ;

732 3086 1068 3136 ΕΠΙΣΤΟΛΗ
1108 3081 1270 3138 ΤΝΖ.

2470 2490 2726 2545 Basilius
2766 2490 3034 2545 Lz‘banio.

1991 2600 2133 2664 Quae
2174 2595 2406 2666 scribis,
2458 2595 2687 2668 accipio
2733 2595 2982 2668 quidem
3019 2595 3193 2651 Iustus
3227 2613 3240 2651 :
3273 2597 3378 2652 sed
3421 2597 3568 2654 dum

1917 2687 2130 2757 exigis,
2171 2690 2235 2742 ut
2269 2685 2348 2740 ad
2399 2701 2468 2740 ea
2506 2701 2643 2756 quae
2683 2685 2993 2756 scripsisti,
3042 2685 3390 2750 rescribam,
3432 2703 3569 2742 sum

1919 2777 2154 2834 anxius.
2187 2774 2340 2842 Quid
2367 2774 2527 2830 enim
2547 2773 2626 2829 ad
2655 2773 2924 2842 linguam
2957 2773 3109 2829 adeo
3137 2773 3567 2831 atticissantem

1917 2866 2192 2931 dixerim,
2224 2863 2336 2920 nisi
2367 2879 2464 2919 me
2492 2862 2858 2936 piscatorum
2886 2877 3013 2916 esse
3044 2861 3407 2934 discipulum
3432 2879 3567 2935 pro-

1916 2955 2068 3014 ﬁteri
2097 2971 2167 3012 ac
2193 2952 2478 3030 gaudere.

2263 3077 2438 3152 462
2475 3077 2812 3134 EPISTULA
2855 3076 3223 3133 CCCLVII‘“.

469 3207 654 3278 Rogat
686 3207 982 3264 Basiliam
1012 3205 1303 3264 Libanius
1330 3211 1396 3263 ut
1419 3207 1535 3263 sibi
1559 3222 1868 3264 maerorem
1899 3206 2093 3263 solvat
2124 3219 2193 3262 ex
2213 3204 2423 3276 aliqua
2452 3203 2621 3258 illius
2651 3201 2894 3272 epistola
2922 3207 3287 3270 conceptum.

722 3331 969 3393 Λιϐάνιος
1006 3329 1278 3404 Βασιλείῳ.

268 3443 336 3494 Τί
387 3441 563 3492 παθὼν
613 3439 876 3501 Βασίλειος
924 3435 1276 3514 ἓδνσχέρανεν
1314 3441 1373 3492 τὸ
1431 3441 1669 3515 γράμμα,
1711 3447 1807 3502 τῆς

199 3528 507 3602 φιλοσοφίας
572 3532 630 3581 τὸ
691 3535 1002 3604 γνώρισμα;
1071 3533 1285 3592 Παίζειν
1339 3529 1464 3602 παρ’
1523 3530 1662 3600 ὑμῶν
1703 3525 1807 3580 ἐδι-

200 3616 519 3691 δάχθημενο
589 3616 697 3669 ἀλλ’
752 3621 890 3690 ὅμως
944 3619 1010 3670 τὰ
1051 3622 1266 3690 παίγνια
1308 3620 1488 3690 σεμνὰ,
1529 3622 1617 3670 καὶ
1657 3619 1808 3670 οἰονεὶ

199 3706 366 3778 πολιᾷ
416 3713 696 3782 πρέποντα.
765 3708 918 3763 Ἀλλὰ
981 3713 1114 3785 πρὸς
1176 3717 1271 3771 τῆς
1303 3706 1479 3780 ¹φιλίας
1520 3705 1683 3768 αὐτῆς
1721 3710 1809 3758 καὶ

199 3806 304 3850 τῶν
360 3806 540 3850 κοινῶν
603 3795 908 3875 διατριϐῶν,
947 3799 1104 3854 λῦσόν
1160 3818 1250 3872 μοι
1311 3802 1405 3856 τὴν
1460 3795 1707 3868 ἀθυμίαν,
1747 3796 1809 3853 ἣν

197 3906 292 3960 μοι
344 3889 507 3940 ἔτεκεν
549 3890 578 3947 ἠ
633 3886 901 3948 ἰπιστολὴ.
949 3930 963 3944 .
1008 3931 1021 3946 .
1066 3933 1080 3947 .
1126 3932 1139 3946 .
1184 3927 1199 3942 .
1245 3930 1258 3944 .
1303 3930 1316 3944 .
1364 3925 1379 3941 .
1424 3927 1439 3944 .
1483 3926 1495 3940 .
1542 3926 1555 3942 .
1601 3926 1615 3941 .
1659 3879 1810 3937 οὐδὲν

200 3975 555 4054 διαφέρουσα.
898 3974 904 3982 ’

745 4110 1030 4159 ΕΠΙΣΤΟΛ
1040 4111 1082 4158 II
1120 4103 1289 4158 TNII'.

2470 3327 2755 3383 Libam‘us
2783 3326 3024 3382 Basilio.

1987 3437 2139 3504 Quid
2169 3452 2386 3508 passus
2419 3434 2668 3491 Basilius
2698 3432 2947 3490 moleste
2974 3432 3106 3489 tulit
3149 3433 3396 3501 litteras,
3439 3433 3570 3505 phi-

1915 3526 2205 3600 losophice
2231 3524 2573 3598 specimen?
2600 3522 2824 3579 Ludere
2847 3538 2883 3578 a
2906 3521 3078 3578 vobis
3099 3521 3293 3578 edocti
3315 3539 3527 3578 sumus
3552 3539 3565 3578 :

1915 3619 2334 3672 verumtamen
2377 3613 2609 3669 ludicra
2651 3611 2859 3682 gravia
2908 3616 3067 3681 sunt,
3100 3627 3170 3666 ae
3199 3611 3380 3668 veluti
3409 3612 3570 3668 cani-

1917 3706 2057 3763 tiem
2108 3704 2399 3760 decentia.
2435 3702 2550 3759 Sed
2584 3717 2691 3774 per
2720 3700 3048 3757 amicitiam
3078 3700 3274 3772 ipsam
3300 3715 3570 3756 commu-

1917 3810 2145 3867 nesque
2167 3792 2429 3860 scholas,
2458 3790 2602 3847 mihi
2632 3789 2794 3846 solve
2825 3803 3167 3855 maerorem,
3190 3804 3373 3860 quem
3395 3803 3573 3861 pepe-

1916 3884 1992 3940 rit
2022 3881 2169 3939 mihi
2204 3881 2475 3955 epistola,
2522 3896 2576 3936 a.
2624 3921 2636 3934 .
2683 3919 2698 3937 .
2741 3917 2755 3932 .
2803 3919 2815 3934 .
2861 3919 2875 3934 .
2919 3919 2934 3936 .
2976 3893 3368 3951 nequaquam
3406 3876 3571 3934 diffe-

1917 3987 2076 4030 rens.

2349 4095 2684 4152 EPISTOLA
2724 4093 3014 4149 CCCLVIII
3032 4091 3143 4146 "‘“.

195 4229 383 4286 Dolet
411 4229 700 4286 bibamus
725 4231 886 4302 quod
903 4246 1021 4287 non
1036 4231 1111 4286 sit
1134 4245 1266 4286 cum
1293 4230 1550 4300 Basilio;
1571 4226 1929 4298 gratulatur
1949 4221 2107 4298 quod
2117 4224 2410 4294 juvenum
2437 4234 2640 4277 curam
2665 4217 2953 4275 suadente
2972 4216 3206 4273 Alcime
3227 4214 3577 4318 susceperit.

741 4355 986 4417 Λιϐἁνιος
1021 4353 1295 4426 Βασιλείῳ.

273 4463 350 4515 Ὠ
405 4466 610 4536 χρόνων
676 4460 896 4528 ἐκείνων,
966 4461 1014 4514 ἐν
1080 4463 1156 4524 οἷς
1196 4463 1263 4514 τὰ
1298 4461 1469 4513 πάντα
1507 4458 1631 4534 ἦμεν
1673 4457 1819 4518 ἀλλή-

2477 4345 2766 4402 Libanius
2794 4343 3035 4399 Basilio.

2001 4459 2044 4513 Ο
2078 4460 2349 4527 tempora
2380 4452 2500 4521 illa,
2532 4451 2754 4524 quibus
2785 4453 3000 4506 cuncta
3028 4445 3286 4502 invicem
3319 4458 3581 4499 eramus.

198 4553 354 4615 λοιςί
413 4559 520 4604 Νῦν
588 4548 919 4624 διῳκίσμεθα
967 4559 1203 4626 πικρῶς·
1274 4551 1421 4623 ὑμεῖς
1468 4553 1556 4622 μὲν
1614 4552 1818 4620 ἔχοντες

1934 4550 2099 4603 Nunc
2143 4544 2358 4601 acerbe
2401 4541 2654 4614 sejuncti
2702 4555 2913 4596 sumus
2947 4555 2960 4594 :
2992 4552 3099 4592 vos
3141 4534 3387 4608 quidem
3411 4531 3586 4588 vobis

199 4642 506 4703 ἀλλήλους·
576 4640 679 4712 ἐγὼ
737 4637 796 4694 δε
857 4639 964 4694 ἄνθ’
1028 4642 1170 4712 ὑμῶν
1227 4641 1327 4691 οἶοί
1383 4658 1476 4713 περ
1534 4640 1682 4710 ὑμεῖς
1736 4638 1811 4690 οὐ·

204 4728 366 4788 δὲνα.
407 4733 505 4783 Τὸν
555 4726 613 4783 δὲ
665 4728 914 4802 Ἄλκιμον
963 4728 1134 4780 ἀκούω
1185 4731 1250 4780 τὰ
1287 4732 1406 4780 νέων
1447 4726 1496 4778 ἐν
1532 4731 1674 4802 γήρᾳ
1711 4725 1823 4779 τολ-

202 4828 338 4896 μᾷν,
404 4821 662 4894 καὶπρὸς
715 4823 807 4877 τὴν
862 4818 1062 4891 Ῥώμην
1120 4819 1389 4886 πέτεσθαι,
1429 4817 1703 4889 περιθέντα
1741 4835 1826 4868 σοι

205 4914 301 4963 τόν
368 4916 460 4961 τοῦ
521 4914 747 4961 συνεῖναι
792 4913 898 4968 τοῖς
954 4903 1261 4981 παιδαρίοις
1307 4910 1484 4960 πόνον.
1534 4909 1600 4956 Σὺ
1641 4902 1721 4973 δὲ,
1762 4907 1828 4957 τά

207 5021 267 5054 τε
330 4999 466 5052 ἄλλα
524 5002 690 5073 πρᾶός
749 5017 844 5065 τις,
903 5001 992 5050 καὶ
1049 5004 1201 5050 τοῦτο
1241 4999 1403 5058 οἴσεις
1441 4994 1499 5047 οὗ
1538 4993 1780 5066 χαλεπῶς
1813 5011 1826 5024 ο

213 5089 330 5143 ἐπεὶ
363 5093 454 5141 καὶ
484 5090 608 5161 ἡμῖν
647 5094 738 5140 τοῦ
778 5085 983 5162 γράψαι
1019 5090 1264 5161 πρότερον
1317 5084 1411 5138 οὐκ
1463 5087 1620 5156 ἔσχες
1675 5082 1831 5155 χαλε-

212 5188 356 5240 πῶς.

297 5322 418 5392 (24)
458 5326 560 5372 Τοῦ
586 5318 762 5390 λείειν.
790 5318 880 5374 Sic
908 5334 1051 5392 mss.
1076 5321 1326 5392 septem.
1355 5314 1507 5392 Edili
1533 5321 1624 5392 τοῦ
1644 5313 1827 5385 λόγον.

297 5382 772 5464 ίὲῧλΣονσαρίων.
806 5389 1116 5446 Medicmus
1144 5382 1342 5446 'codex
1374 5382 1690 5458 Σουδαρίων.

303 5466 327 5486 ⁸
359 5462 521 5518 Alias
549 5461 751 5517 CLXII.

597 5570 840 5633 ΡΑτιιοι,
879 5569 979 5626 Gn.
1023 5566 1220 5624 XXXII.

1931 4639 2141 4690 mutuo
2163 4633 2331 4706 potiti
2355 4651 2368 4700 ;
2396 4647 2508 4702 ego
2539 4645 2682 4686 vero
2704 4644 2811 4701 pro
2833 4625 3005 4684 vobis
3028 4623 3333 4681 neminem
3351 4621 3586 4677 habens

1931 4723 2111 4779 vestri
2134 4721 2409 4777 similem.
2434 4724 2612 4775 Porro
2645 4717 2940 4773 Alcimum
2974 4713 3158 4771 audio
3183 4728 3276 4768 res
3292 4713 3587 4783 juvenum

1935 4813 1998 4869 in
2029 4814 2330 4868 senectute
2361 4807 2605 4874 audere,
2639 4811 2695 4862 et
2738 4806 2817 4862 ad
2860 4808 3111 4860 Romam
3144 4801 3370 4867 volare,
3419 4803 3588 4874 post-
3674 4815 3681 4819 ‘

1937 4916 2123 4974 quam
2154 4915 2294 4955 eum
2336 4897 2608 4954 laborem
2636 4894 2741 4951 tibi
2783 4892 3092 4966 imposuit,
3127 4895 3191 4948 ut
3219 4907 3358 4946 eum
3389 4887 3590 4962 pueris

1940 5004 2212 5047 maneas.
2242 4991 2326 5043 'I‘u
2349 5001 2512 5053 vero,
2543 5001 2683 5041 cum
2709 4983 2866 5039 circa
2896 4982 3013 5039 alia
3041 4997 3285 5055 quoque
3311 4993 3594 5036 mansue-

1944 5086 2038 5136 tus
2069 5079 2173 5148 sis,
2195 5079 2310 5134 hoc
2335 5077 2518 5133 etiam
2547 5090 2670 5132 non
2693 5089 2849 5145 cegre
2880 5072 3066 5142 feres;
3093 5067 3592 5145 quandoquidem

1944 5185 2055 5225 nec
2086 5167 2411 5224 molestum
2444 5163 2549 5221 tibi
2575 5163 2702 5234 fuit,
2732 5167 2795 5219 ut
2842 5161 2921 5219 ad
2945 5177 3057 5219 nos
3086 5161 3250 5234 prior
3279 5156 3593 5214 scriberes.

2019 5313 2058 5333 "
2091 5310 2248 5365 Alias
2275 5308 2495 5364 CLXIII.

2020 5379 2495 5510 :LI‘ifgotelerii
2543 5378 2912 5439 Monument.
2945 5377 3051 5433 Ec.
3099 5374 3200 5431 Gr.
3237 5376 3277 5428 t.
3313 5374 3376 5441 ll,
3419 5384 3481 5441 p.
3511 5372 3598 5424 06-

2182 5468 2225 5507 )l
2278 5493 2290 5511 .

3268 5552 3336 5606 35
