4074 6220
595 231 732 288 1099

1085 357 1424 412 EPISTOLA
1463 357 1764 414 CCCLIX'.
1807 409 1810 412 ,

1951 233 2010 289 S.
2053 233 2302 290 BASILII
2341 233 2558 290 MAGNI

3741 244 3850 300 1100

2877 365 3214 414 ΕΠΙΣΤΟΛΗ
3252 362 3416 418 ΤΝΘ’.

587 479 906 537 Silentium
938 479 1190 534 Libanio
1222 481 1570 549 exprobrat,
1610 481 1888 549 Basilius,
1921 495 2096 558 seque
2125 481 2212 536 ait
2238 483 2492 538 libenter
2525 483 2608 558 ad
2652 497 2784 539 eum
2829 485 3194 554 volaturam,
3226 485 3280 540 si
3297 487 3490 543 ticeret
3509 501 3529 558 ,'
3569 488 3658 542 sed
3684 503 3790 544 cum
3817 493 3864 546 id
3927 488 3934 493 ’

1803 569 1924 607 non
1959 553 2154 618 liceat,
2181 569 2480 610 sermones
2509 556 2758 610 mittere.

1143 675 1394 730 Basilius
1423 675 1692 730 Libanio.

656 783 738 834 Tu
765 779 1012 851 quidem
1057 781 1158 852 qui
1191 781 1528 836 universam
1577 787 1844 836 veterum
1891 785 2080 836 artem
2133 785 2238 836 tua

585 870 646 924 in
677 875 874 924 mente
903 869 1269 937 conclusisti,
1291 869 1498 924 tandiu
1525 870 1680 936 siles,
1702 871 1854 925 adeo
1879 875 1940 924 ut
1967 886 2040 924 ne
2071 870 2128 924 in
2151 869 2234 925 lit-

583 959 722 1015 teris
765 959 1014 1030 quidem
1063 959 1292 1030 aliquid
1337 959 1484 1013 lucri
1525 960 1824 1015 concedas
1873 959 2067 1014 nobis.
2115 963 2235 1028 Ego

583 1063 744 1116 vero,
777 1048 824 1102 si
855 1053 984 1102 tuta
1013 1047 1162 1102 foret
1205 1047 1426 1103 Daedali
1457 1065 1574 1118 ars,
1609 1049 1688 1104 ad
1711 1053 1764 1104 te
1795 1048 2117 1108 venissem,
2149 1047 2236 1104 fa-

585 1136 824 1194 bricatis
848 1137 994 1192 Icari
1031 1136 1158 1191 alis.
1203 1141 1476 1192 Attamen
1503 1139 1794 1210 quoniam
1821 1153 1938 1192 non
1973 1140 2110 1194 licet
2147 1153 2236 1192 ce-

581 1241 713 1280 ram
745 1225 852 1280 soli
883 1226 1287 1290 committere;
1321 1241 1430 1296 pro
1461 1227 1660 1280 Icariis
1693 1227 1822 1296 alis,
1854 1229 2024 1283 mitto
2057 1227 2132 1282 ad
2157 1230 2235 1298 _te

581 1331 910 1378 sermones,
937 1315 1038 1386 qui
1071 1315 1393 1369 ostendant
1423 1315 1750 1370 amicitiam
1775 1323 2063 1373 nostram.
2101 1315 2235 1370 Haec

579 1407 670 1457 est
691 1407 890 1456 autem
921 1407 1132 1458 natura
1161 1417 1531 1469 sermonum,
1567 1409 1628 1458 ut
1653 1405 1872 1460 animus
1903 1403 2235 1460 insidentes

579 1505 814 1545 amores
871 1489 1222 1546 manifestos
1251 1483 1505 1548 't'aciant.
1563 1495 1750 1564 Atque
1801 1493 1928 1548 haec
1987 1491 2232 1566 quidem

579 1593 904 1634 sermones.
964 1581 1047 1634 Tu
1117 1595 1252 1634 vero
1323 1579 1646 1635 adduxeris
1707 1597 1808 1636 eos
1869 1595 2232 1653 quocunque

575 1667 778 1736 voles;
811 1673 990 1741 atque
1039 1669 1217 1724 tantis
1265 1669 1490 1724 viribus
1541 1669 1848 1741 praeditus,
1895 1675 2079 1726 taces.
2117 1669 2230 1724 Ve-

573 1772 710 1811 rum
737 1755 816 1812 ad
835 1773 946 1813 nos
971 1773 1214 1831 quoque
1237 1773 1576 1814 sermonum
1601 1759 1794 1815 fontes
1829 1758 2098 1829 transfer,
2126 1757 2230 1830 qui

575 1843 680 1918 qui
705 1861 778 1900 ex
809 1861 910 1902 ore
940 1851 1044 1902 tuo
1065 1845 1394 1918 proﬂuunt.

1091 1971 1427 2027 EPISTOLA
1467 1971 1686 2028 CCCLX
1703 1971 1764 2027 ".

2269 679 2318 730 A

2883 675 3146 739 Βασίλειος
3191 677 3416 751 Λιϐανιῳ

2417 787 2484 834 Σὺ
2541 787 2630 855 μὲν
2669 783 2787 841 ὅλην
2835 788 2930 842 τὴν
2977 793 3076 836 τῶν
3133 785 3360 838 παλαιῶν
3408 793 3586 860 τέχνην
3613 787 3654 840 ἐν
3689 798 3740 861 τῇ
3777 809 3867 840 σαν.

2344 879 2434 922 τοῦ
2499 872 2842 932 κατακλείσας
2911 869 3139 945 διανοίᾳ,
3203 882 3442 926 τοσοῦτον
3498 883 3652 946 σιγᾷς,
3689 880 3744 936 ὡς
3775 875 3868 948 μηδ’

2345 958 2392 1011 ἐν
2432 960 2729 1020 ἐπιστολαῖς
2781 963 2905 1033 ἡμῖν
2955 957 3166 1012 διδόναι
3225 981 3274 1013 τι
3339 960 3632 1036 κερδαίνειν.
3671 965 3780 1036 Ἐγὼ
3813 963 3866 1030 δὲ,

2345 1052 2482 1122 ἅπερ
2551 1046 2611 1106 ἦν
2673 1047 2894 1120 ἀσφαλὲς
2959 1052 2988 1106 ἦ
3051 1058 3140 1102 τοῦ
3203 1047 3527 1104 διδασκάλου
3577 1053 3681 1118 (26)
3730 1058 3869 1124 τέχνη,

2347 1133 2499 1194 ἦλθον
2565 1138 2625 1188 οἷν
2689 1139 2832 1210 παρά
2901 1143 3004 1206 σοὶ,
3071 1143 3408 1210 ποιησόμενος
3465 1141 3657 1212 Ἰκάρου
3715 1146 3868 1212 πτερόν.

2345 1224 2481 1277 Ἀλλ’
2534 1227 2671 1296 ὅμως
2737 1221 2920 1284 ἐπειδὴ
2989 1223 3082 1276 οὐκ
3122 1228 3233 1278 ἔστι
3273 1235 3550 1279 πιστεῦσαι
3587 1228 3700 1298 ἡλίῳ
3733 1233 3863 1301 κηρόν,

2345 1311 2458 1364 ἀντὶ
2521 1321 2621 1364 τῶν
2690 1314 2894 1387 Ἰκάρου
2959 1323 3175 1386 πτερῶν,
3236 1313 3514 1367 ἐπιστέλλω
3575 1333 3650 1367 σοι
3715 1315 3869 1386 λόγους,

2343 1397 2644 1462 δὲικνύντας
2709 1407 2804 1460 τὴν
2870 1403 3117 1476 ἡμετέραν
3173 1403 3368 1474 φιλίαν.
3433 1407 3586 1464 Φύσις
3637 1400 3690 1456 δὲ
3735 1403 3870 1476 λόγων,

2342 1493 2616 1562 μηνύουσα
2662 1493 2779 1550 τοὺς
2845 1493 2976 1542 κατὰ
3023 1491 3208 1562 ψυχὴν
3261 1493 3474 1564 ἔρωτας.
3535 1499 3790 1546 Καὶταῡτα

2343 1581 2390 1631 οἱ
2427 1579 2591 1648 λόγοι.
2651 1583 2715 1630 Συ
2783 1577 2974 1640 αὐτοὺς
3037 1579 3183 1650 ἄγοις
3224 1581 3352 1632 ὅπου
3395 1579 3603 1652 βούλειτ
3659 1585 3735 1633 καὶ
3766 1579 3870 1636 τελι-

2342 1675 2524 1719 κοῦτον
2577 1670 2766 1741 κράτος
2831 1672 3158 1740 κεκτημένος,
3223 1673 3443 1740 σιωπᾷς.
3487 1669 3633 1720 Ἀλλὰ
3673 1673 3872 1741 μετάστη-

2345 1773 2433 1808 σον
2473 1761 2562 1807 καὶ
2614 1753 2690 1827 ἐφ’
2743 1757 2880 1828 ἡμᾶς
2909 1759 3000 1818 τὰς
3047 1753 3148 1808 ἀπό
3191 1764 3284 1809 τοῦ
3317 1761 3574 1830 στόματός
3599 1777 3682 1810 σου
3709 1765 3788 1809 τῶν
3816 1755 3872 1808 λό-

2343 1865 2447 1916 γων
2477 1847 2673 1917 πηγάς.

2899 1975 3237 2022 ΕΠΙΣΤΟΛΗ
3277 1970 3392 2023 ΤΞ.

863 2096 950 2150 De
976 2101 1187 2151 sancta
1225 2096 1522 2150 Trinitate
1547 2102 1600 2151 et
1633 2087 2080 2162 Incarnatione,
2111 2099 2458 2152 sanctorum
2489 2094 2884 2164 invocatione,
2922 2108 3246 2165 eorumque
3276 2095 3650 2164 imaginibus.

777 2219 878 2273 Ea:
906 2219 1156 2286 epistola
1187 2218 1268 2273 ad
1294 2221 1610 2275 Julianum
1641 2221 2015 2290 Apostatam.

643 2396 982 2453 Secundum
1017 2396 1468 2452 immaculatam
1505 2397 1686 2453 ﬁdem
1729 2399 2218 2471 Christianorum,

567 2503 754 2560 quam
785 2486 1071 2540 divinitus
1103 2502 1311 2541 sumus
1343 2487 1526 2542 sortiti
1569 2488 1876 2554 confiteor,
1938 2493 1992 2544 et
2043 2493 2222 2544 testor

567 2592 665 2631 me
685 2573 924 2630 credere
945 2573 1004 2629 in
1039 2591 1226 2630 unum
1263 2577 1446 2630 Deum
1469 2579 1700 2630 Patrem
1722 2577 2216 2648 omnipotentem,

569 2665 754 2719 Deum
777 2667 1029 2732 Patrem,
1063 2665 1241 2718 Deum
1269 2663 1501 2732 Filium,
1537 2667 1720 2720 Deum
1756 2665 2036 2738 Spiritum
2087 2683 2219 2721 san-

566 2757 728 2808 ctum
759 2769 770 2805 :
797 2767 986 2807 unum
1019 2755 1224 2816 Deum,
1258 2751 1366 2808 tria
1393 2751 1578 2809 adoro
1611 2759 1666 2808 et
1707 2753 1992 2822 gloriﬁco.
2023 2755 2216 2810 Conﬁ-

563 2847 692 2899 teor
718 2849 916 2898 autem
939 2845 996 2898 et
1017 2842 1136 2898 Filii
1156 2843 1214 2897 in
1241 2859 1419 2898 carne
1445 2843 1981 2916 dispensationem,
2009 2849 2064 2900 et
2117 2847 2215 2901 Dei

565 2932 918 2989 Genitricem
970 2937 1240 2988 sanctam
1293 2933 1555 2998 Mariam,
1608 2949 1741 3004 quas
1787 2931 1953 2989 illum
2007 2949 2214 2990 secun-

563 3023 712 3078 dum
739 3039 984 3078 carnem
1013 3023 1258 3093 peperit.
1303 3023 1576 3094 Suscipio
1615 3029 1812 3080 autem
1869 3031 1924 3080 et
1975 3031 2216 3081 sanctos

559 3111 886 3183 apostolos,
921 3111 1246 3184 prophetas
1275 3117 1332 3166 et
1363 3122 1658 3183 martyres
1685 3129 1696 3176 ;
1730 3117 1786 3168 et
1813 3114 1891 3169 ad
1918 3115 2214 3186 supplica-

563 3199 807 3264 tionem,
841 3216 974 3271 quae
1007 3201 1070 3255 fit
1100 3203 1238 3266 Deo,
1262 3201 1374 3256 hos
1403 3201 1641 3270 invoco,
1663 3205 1724 3256 ut
1745 3219 1851 3273 per
1871 3219 1990 3274 eos,
2019 3203 2212 3270 idest,

560 3289 1056 3344 interventionem
1105 3305 1333 3356 eorum,
1391 3289 1685 3361 propitius
1740 3290 1914 3362 463
1951 3293 2096 3348 mihi
2141 3297 2214 3352 sit

559 3377 900 3433 misericors
961 3381 1135 3443 Deus,
1185 3382 1242 3433 et
1292 3377 1644 3434 delictorum
1687 3380 1834 3434 mihi
1879 3382 2211 3454 redemptio

559 3467 682 3534 ﬁat,
715 3473 774 3523 et
819 3468 1210 3524 condonetur.
1255 3467 1420 3523 Unde
1463 3473 1519 3524 et
1577 3469 1952 3526 characteres
1999 3473 2211 3543 imagi-

557 3573 707 3612 num
729 3573 936 3612 eorum
960 3557 1192 3612 honoro
1222 3561 1278 3612 et
1301 3557 1538 3612 osculor
1557 3559 1792 3634 eximie,
1817 3575 1954 3616 cum
1985 3562 2076 3616 htB
2099 3569 2212 3620 tra-

557 3646 694 3702 ditae
745 3647 860 3702 sint
903 3665 938 3702 a
983 3647 1205 3702 sanctis
1237 3647 1541 3718 apostolis,
1579 3664 1686 3703 nec
1727 3649 1842 3704 sint
1867 3651 2207 3721 prohibitus,

554 3736 678 3794 imo
705 3738 768 3792 in
790 3737 1074 3794 omnibus
1103 3737 1368 3793 ecclesiis
1389 3739 1606 3794 nostris
1633 3739 1882 3810 depictis
1915 3741 2048 3798 sint.

1022 3933 1358 4028 EPISTOLA
1399 3935 1736 3991 CCCLXI'".

2259 2221 2298 2274 Β
2341 2217 2431 2270 Ἐκ
2469 2225 2563 2278 τῆς
2605 2215 2880 2278 ἐπιστολῆς
2928 2217 3086 2268 αὑτοῦ
3137 2219 3268 2291 πρὸς
3311 2218 3583 2271 Ἰουλιανόν
3631 2221 3707 2270 τὸν
3753 2235 3872 2290 πεῖραι

3047 2305 3232 2364 ϐάτην.

2407 2396 2552 2445 Κατά
2603 2398 2696 2451 τὴν
2760 2395 2926 2446 θεόθεν
2994 2392 3475 2468 ἐπικεκληρωμένην
3539 2395 3654 2466 ἡμῖν
3711 2391 3872 2464 ἀμώμη-

2328 2501 2412 2534 τον
2478 2487 2658 2534 πίστιν
2723 2491 2821 2532 τῶν
2883 2489 3214 2554 ’Χριστιανῶν
3254 2482 3494 2554 ὁμολογῶ
3531 2489 3615 2533 καὶ
3653 2483 3870 2550 συντίθημι

2329 2573 2590 2623 πιστεύειν
2649 2571 2722 2630 εἰς
2773 2571 2858 2624 ἕνα
2920 2574 3048 2622 Θεὸν
3109 2575 3316 2645 Πατέρα
3361 2575 3751 2646 παντοκράτορα,
3779 2571 3869 2620 Θεὸν

2327 2663 2412 2712 τὸν
2455 2664 2677 2732 Πατέρα,
2751 2663 2880 2712 Θεὸν
2943 2663 3030 2710 τὸν
3089 2663 3230 2726 Υἰόν,
3299 2663 3435 2712 Θεὸν
3498 2665 3554 2712 τό
3617 2666 3796 2730 Πνεῦμα
3831 2659 3869 2706 τὸ

2327 2751 2474 2820 ἅγιον
2504 2769 2518 2783 ·
2586 2751 2672 2801 ἕνα
2730 2751 2880 2810 Θεὸν,
2943 2751 3012 2800 τὰ
3075 2753 3196 2822 τρία
3257 2757 3542 2823 προσκυνῶ
3577 2753 3657 2799 καὶ
3693 2744 3866 2808 δοξάζω.

2323 2837 2588 2912 Ὁμολογῶ
2637 2833 2695 2891 δὲ
2742 2843 2832 2890 καὶ
2887 2842 2982 2895 τὴν
3035 2845 3126 2889 τοῦ
3173 2839 3296 2890 Υὶοῠ
3327 2841 3576 2911 ἔνσαρκον
3612 2839 3867 2906 οἰκονομίαν,

2323 2933 2412 2979 καὶ
2469 2931 2719 2978 Θεοτὸκον
2768 2931 2862 2983 τὴν
2909 2928 3045 2978 κατὰ
3079 2929 3250 2997 σάρκα
3288 2933 3545 2978 τεκοῦσαν
3585 2925 3722 2976 αὐτὸν
3757 2922 3867 2992 ἁγίτι

2325 3023 2550 3084 Μαρίαν.
2619 3019 2852 3087 Δέχομαι
2916 3011 2974 3067 δὲ
3038 3020 3128 3066 καὶ
3193 3019 3310 3075 τοὺς
3379 3014 3556 3086 ἁγίους
3595 3012 3866 3074 ἀποστόλους,

2323 3111 2606 3180 προφήτας,
2676 3110 2766 3156 καὶ
2829 3106 3120 3178 μάρτυρας,
3189 3109 3277 3156 καὶ
3339 3105 3415 3167 εἰς
3471 3111 3561 3162 τὴν
3615 3107 3732 3176 πρὸς
3777 3103 3867 3151 Θεὸν

2326 3197 2522 3247 ἱκεσίαν
2563 3197 2774 3253 τούτους
2831 3191 3194 3264 ἐπικαλοῦμαι,
3237 3199 3332 3244 τοῦ
3403 3191 3480 3246 δι’
3543 3193 3712 3252 αὐτῶν,
3751 3191 3869 3260 ἡγονν

2325 3281 2418 3336 διὰ
2465 3293 2558 3345 τῆς
2603 3287 2866 3355 μεσιτείας
2918 3282 3106 3344 αὐτῶν,
3151 3281 3294 3334 ἵλεων
3325 3301 3420 3354 μοι
3453 3284 3680 3354 γενέσθαι
3711 3284 3782 3330 τόν
3813 3297 3868 3347 γι·

2320 3373 2618 3446 λάνῦρωπον
2687 3375 2834 3436 Θεὸν,
2903 3375 2992 3422 καὶ
3055 3369 3238 3444 λύτρον
3297 3391 3394 3442 μοι
3443 3379 3540 3424 τῶν
3587 3370 3867 3440 πταισμάτων

2319 3464 2560 3534 γενέσθαι
2598 3465 2687 3512 καὶ
2741 3456 3003 3517 δοθῆναι·
3074 3461 3184 3510 ὅθεν
3247 3465 3337 3512 καὶ
3407 3464 3528 3520 τοὺς
3587 3463 3868 3532 χαρακτῆρας

2319 3561 2418 3604 τῶν
2473 3551 2676 3604 εἰκόνων
2739 3549 2906 3602 αὐτῶν
2963 3557 3097 3620 τιμῶ
3158 3553 3247 3600 καὶ
3297 3557 3598 3622 προσκυνῶ,
3637 3547 3738 3599 κατ’
3770 3543 3866 3605 ἐξαί-

2317 3660 2461 3715 ρετον
2527 3643 2716 3692 τούτων
2783 3633 3217 3712 παραδεδομένων
3277 3635 3332 3688 ἐκ
3397 3647 3499 3688 τῶν
3579 3637 3724 3708 ἁγίων
3777 3631 3866 3683 ἀπσ-

2321 3730 2536 3800 στόλων,
2576 3734 2665 3781 καὶ
2719 3728 2812 3780 οὐκ
2843 3727 3296 3802 ἀπηγορευμένων,
3351 3725 3458 3778 ἀλλ’
3497 3729 3544 3778 ἐν
3584 3729 3756 3784 πάσαις
3783 3725 3866 3778 ταῖς

2319 3817 2620 3880 ἐκκλησίαις
2650 3819 2678 3875 ii:
2687 3825 2793 3890 μῶν
2815 3819 3006 3868 τούτων
3031 3813 3499 3888 ἀνιστορουμένων.

2855 3946 3190 3993 ΕΠΙΣΤΟΛΗ
3227 3940 3394 3993 ΤΞΛ’.

557 4057 984 4123 Apolinarium
1015 4058 1276 4111 consulit
1312 4071 1522 4113 auctor
1551 4063 1804 4124 epistola:
1833 4065 1905 4119 de
1945 4067 2087 4120 μείς-ε
2125 4073 2178 4123 et
2223 4068 2568 4124 substantia:
2609 4067 2910 4122 vocabulis
2935 4081 3007 4122 ac
3046 4065 3120 4120 de
3157 4065 3687 4128 consubstantiali;
3711 4075 3770 4116 ac
3788 4046 3868 4112 sibi

627 4129 820 4210 simile
855 4129 980 4182 sine
1024 4129 1371 4210 discrimine
1393 4131 1630 4197 fatetur
1675 4137 1864 4202 magis
1913 4137 2152 4203 placere
2195 4155 2374 4210 quam
2407 4139 2940 4194 consubstantiale.
2975 4137 3330 4206 Gregorium
3362 4137 3628 4192 sodalem
3655 4149 3768 4188 cum
3793 4142 3867 4199 pa-

627 4197 888 4254 rentibus
920 4213 1039 4254 esse
1067 4199 1331 4253 nuntiat.

1197 4323 1560 4390 Apolinario.

626 4401 879 4469 Domino
927 4427 1060 4468 meo
1107 4411 1612 4467 reverendissimo
1635 4413 1998 4484 Apolinario,
2053 4419 2205 4474 Basi~

551 4503 689 4558 lius.
722 4507 907 4557 Antea
935 4501 1178 4574 quidem
1223 4501 1299 4556 ad
1341 4507 1392 4556 te
1437 4501 1510 4557 de
1567 4502 1712 4557 locis
1763 4505 2204 4577 Seripturarum

551 4589 824 4644 obscuris
893 4589 1267 4660 scripsimus,
1321 4595 1378 4642 et
1429 4589 1620 4658 gavisi
1665 4607 1874 4646 sumus
1937 4599 2062 4650 tum
2127 4596 2202 4652 de

549 4678 1048 4750 responsionibus
1079 4679 1216 4744 tuis,
1251 4684 1376 4733 tum
1409 4677 1482 4733 de
1517 4681 1844 4750 promissis.
1875 4685 2038 4739 Nunc
2061 4701 2200 4740 vero

548 4767 746 4837 major
798 4765 974 4820 nobis
1005 4767 1160 4821 circa
1187 4767 1421 4836 majora
1471 4783 1614 4822 cura
1637 4769 1948 4840 incumbit,
1987 4773 2046 4826 in
2077 4789 2200 4844 qua

548 4857 732 4912 alium
771 4854 1076 4910 neminem
1116 4855 1267 4909 inter
1323 4856 1503 4926 hujus
1571 4859 1857 4929 temporis
1925 4860 2200 4917 homines

2939 4331 3216 4404 Ἀπολιναρ
3224 4335 3304 4402 ίῳ.

2383 4431 2466 4494 Τῷ
2520 4420 2750 4495 δεσπότῃ
2801 4441 2900 4494 μου
2959 4418 3362 4493 αἰδεσιμωτάτῳ
3407 4419 3752 4487 Ἀπολιναρίῳ,
3799 4419 3864 4462 Bs-

2317 4511 2520 4572 σίλειος.
2566 4517 2818 4585 Πρότερον
2857 4515 2946 4582 μέν
3007 4527 3088 4560 σοι
3139 4513 3260 4581 περὶ
3307 4516 3408 4560 τῶν
3453 4509 3502 4558 ἐν
3541 4514 3648 4568 ταῖς
3687 4506 3864 4576 Florali;

2313 4601 2525 4672 ἀσαφῶν
2609 4599 2986 4670 ἐπιστελλόμεν,
3064 4603 3153 4648 καὶ
3228 4596 3638 4670 ηὗφραινόμεθα,
3711 4593 3771 4650 οἷς
3827 4605 3864 4638 τε

2311 4691 2550 4761 ἔπειαπες’
2585 4689 2660 4748 οἷς
2717 4707 2770 4740 τε
2827 4689 3112 4757 ὑπισχνοῦ·
3161 4692 3266 4738 Νῦν
3307 4681 3366 4736 δέ
3407 4685 3598 4756 μείζων
3627 4685 3736 4754 ἡμῖν
3769 4679 3861 4744 ὑπὲὲ

2309 4779 2556 4850 μειζόνων
2587 4779 2616 4834 ἡ
2653 4781 2858 4850 φροντὶς
2895 4773 3296 4848 προσελήλυθεν,
3337 4773 3412 4834 εἰς
3459 4777 3522 4832 ἣν
3571 4768 3740 4824 οὐδένα
3781 4766 3862 4818 ἓτε-

2309 4885 2396 4941 ρον
2427 4869 2614 4938 ἔχομεν
2653 4869 2702 4917 ἐν
2759 4873 2862 4924 τοῖς
2907 4871 2996 4914 νῦν
3043 4861 3358 4936 ἀνθρώποις,
3399 4869 3630 4914 τοιοῦτον
3673 4855 3861 4910 κοινωνόν

543 4945 860 5014 habemus,
895 4945 1194 5014 ejusmodi
1251 4952 1596 5002 consortem
1645 4953 1700 5002 et
1758 4949 2195 5020 auxiliatorem,

2318 4959 2396 5006 mi
2431 4957 2735 5028 προστάτην
2783 4952 3214 5016 ἐπικαλέσασθαι,
3261 4952 3439 5002 ὁποῖόν
3483 4969 3540 5003 σε
3577 4953 3661 5001 καὶ
3695 4945 3736 4997 ἐν
3767 4947 3862 5014 γνω-

542 5035 618 5091 ad
651 5049 832 5107 quem
863 5047 1264 5100 recurremus,
1297 5035 1540 5104 qualem
1578 5039 1630 5088 te
1653 5037 1826 5090 nobis
1853 5039 2005 5092 Deus
2036 5039 2200 5096 dedit

537 5129 596 5181 et
651 5122 899 5178 scientia
971 5137 1372 5192 sermoneque
1447 5129 1817 5193 accuratum,
1897 5127 2197 5198 simulque

536 5230 786 5272 accessu
812 5210 1069 5266 facilem.
1117 5211 1262 5264 Cum
1319 5226 1459 5278 ergo
1511 5211 1548 5264 ii
1593 5213 1698 5282 qui
1748 5219 1964 5270 cuncta
1987 5217 2198 5286 permi-

544 5306 730 5368 scent,
773 5316 842 5356 ac
874 5297 1252 5354 sermonibus
1291 5298 1846 5372 quaestionibusth
1873 5303 2080 5359 orbem
2113 5321 2198 5360 re—

611 5429 628 5448 "
661 5423 1044 5500 Es-Cotelerii
1071 5423 1436 5478 Monument.
1467 5422 1636 5478 Eccl.
1675 5425 1775 5478 Gr.
1809 5429 1845 5480 t.
1898 5427 1967 5497 Il,
2014 5445 2074 5500 p.
2103 5435 2194 5490 97.

599 5501 639 5519 "'
671 5496 833 5554 Alias
864 5497 1018 5552 CCV.
1213 5511 1222 5516 '

2311 5063 2389 5097 σει
2427 5050 2516 5098 καὶ
2581 5043 2629 5095 ἐν
2693 5043 2832 5113 λόγῳ
2889 5040 3076 5116 ἀκριϐῆ
3138 5059 3194 5092 τε
3249 5041 3377 5112 ὁμοῦ
3419 5043 3506 5090 καὶ
3543 5038 3814 5109 εὐπρόσιτον
3843 5045 3860 5075 ο

2310 5137 2438 5195 Θεὸς
2489 5135 2613 5204 ἡμῖν
2663 5129 2996 5206 ἐδωρήσατο.
3039 5129 3178 5182 Ἐπεὶ
3219 5125 3307 5178 οὖν
3347 5130 3396 5178 οἱ
3441 5129 3606 5178 πάντα
3643 5125 3859 5196 φύροντες,

2307 5227 2392 5272 καὶ
2453 5222 2618 5293 λόγων
2675 5226 2766 5272 καὶ
2830 5221 3140 5290 ζητημάτων
3203 5221 3295 5273 τὴν
3351 5216 3650 5287 οἰκουμένην
3707 5205 3860 5280 ἐμπλή-

2309 5329 2510 5380 σαντες,
2543 5313 2599 5362 τό
2629 5317 2724 5371 τῆς
2757 5307 2941 5368 οὐσίας
2971 5311 3150 5379 ὄνομα,
3204 5307 3273 5365 ὡς
3317 5303 3579 5378 ἀλλότριον
3607 5307 3698 5352 τῶν
3744 5296 3858 5347 θείων

2379 5435 2444 5454 '"
2477 5436 2558 5488 Ex
2588 5433 2854 5488 Monum.
2887 5431 3056 5487 Eccl.
3093 5429 3196 5484 Gr.
3229 5431 3269 5484 t.
3303 5427 3370 5495 Il,
3401 5443 3462 5498 p.
3495 5429 3583 5481 84.

2375 5504 2488 5575 (26)
2521 5507 2672 5562 Fort.
2708 5499 2992 5558 Δαιδάλου.
3028 5501 3302 5559 Corma.
