4050 6220
227 258 352 314 1101

1146 256 1627 313 EPISTOLARUM
1665 254 1948 315 CLASSIS
1984 259 2077 313 III.
2118 258 2333 316 EPIST.
2374 260 2655 317 CCCLXll.

3439 258 3580 316 1102

220 382 425 453 λογίων,
483 378 737 448 ἐξέϐαλον,
795 378 1120 441 καταξίωσον
1177 381 1303 452 ἡμῖν
1358 386 1609 452 σημᾶναι,
1680 382 1813 441 ὅπως

1930 381 2110 451 plent,
2146 382 2293 439 usim
2325 399 2430 439 seu
2461 383 2810 441 substantiae
2840 399 3084 453 nomen,
3116 383 3282 440 velut
3310 382 3577 440 alienum

221 489 271 522 τε
310 473 358 522 οἱ
396 474 609 543 πατέρες
648 468 789 537 αὐτῷ
830 467 1152 542 ἐχρήσαντο,
1183 474 1272 521 καὶ
1313 469 1355 521 εἰ
1391 466 1644 541 μηδαμοῦ
1676 470 1813 542 εὗρες

222 558 267 611 ἐν
306 567 368 630 τῇ
400 565 575 630 Γραφῇ
615 562 864 629 κείμενον.
917 561 1014 610 Τὸν
1061 560 1161 630 γὰρ
1204 557 1466 610 ἐπιούσιον
1514 560 1690 631 ἄρτον,
1722 562 1813 610 καὶ

222 652 305 700 τὸν
331 648 451 699 λαὸν
482 650 567 698 τὸν
614 650 934 718 περιούσιον,
968 652 1055 699 καὶ
1096 650 1139 699 εῖ
1166 667 1218 700 τι
1259 654 1512 711 τοιοῦτον,
1560 650 1625 707 ὡς
1664 643 1813 699 οὐδὲν

222 741 415 809 ἔχοντα
456 740 622 788 κοινὸν
669 733 1040 791 διαπτύουσιν.
1074 736 1292 791 Ἔπειτα
1345 742 1518 809 μέντοι
1574 743 1663 790 καὶ
1698 742 1816 810 περὶ

224 828 382 879 αὐτοῦ
420 834 508 878 τοῦ
535 828 819 898 mendici;
847 826 934 895 (οὗ
981 827 1140 879 ἕνεκεν
1184 829 1417 899 ἠγοῦμαι
1446 834 1613 879 ταῦτα
1650 847 1812 879 κατα-

224 917 493 977 σκευάζειν
544 915 749 981 αύτούς,
792 913 991 987 βαθέως
1033 920 1126 973 τὴν
1182 916 1364 968 οὐσίαν
1419 912 1812 987 διαϐάλλοντας,

220 1009 345 1079 ὑπὲρ
377 1014 468 1059 τοῦ
506 1002 772 1077 μηδεμίαν
821 1010 1004 1078 χώραν
1054 1013 1127 1076 τῷ
1175 1008 1439 1079 ὁμοουσίῳ
1488 1005 1811 1077 καταλιπεῖν)

222 1093 485 1148 διαλαϐεῖν
533 1097 659 1166 ἡμῖν
697 1093 1012 1167 πλατύτερον
1053 1093 1366 1167 βουλὴθητι,
1400 1100 1514 1147 τίνα
1551 1099 1644 1152 τὴν
1686 1091 1811 1147 διά-

217 1205 355 1238 νοιαν
395 1186 528 1255 ἔχει,
574 1188 663 1235 καὶ
699 1191 810 1257 πῶς
853 1182 912 1234 ἂν
966 1185 1127 1255 ὑγιῶς
1178 1183 1401 1254 λέγοιτο,
1460 1184 1536 1254 ἐφ’
1588 1184 1655 1234 ὧν
1695 1186 1813 1236 οὔτε

168 1279 360 1345 “γένος
422 1276 593 1324 κοινὸν
655 1273 1013 1344 ὑπερκείμενον
1088 1274 1368 1345 θεωρεῖται,
1438 1275 1555 1324 οὔτε
1636 1272 1811 1324 ὑλικὸν

217 1365 549 1433 ὑποκείμενον
589 1362 957 1433 προϋπάρχον,
999 1360 1094 1412 οὐκ
1138 1359 1499 1435 ἀπομερισμός
1542 1368 1635 1412 τοῦ
1682 1379 1811 1432 προ-

220 1456 365 1524 τέρου
398 1450 469 1512 εἰς
508 1453 564 1501 τὸ
597 1446 859 1523 δεύτερον.
892 1456 1005 1509 Πῶς
1053 1447 1140 1501 οὖν
1177 1455 1287 1522 χρὴ
1333 1449 1494 1520 λέγειν
1537 1452 1811 1521 ὁμοούσιον

219 1546 303 1593 τὸν
340 1544 458 1593 Υίὸν
500 1548 571 1609 τῷ
615 1543 799 1613 Πατρὶ,
854 1539 925 1600 εἰς
975 1536 1240 1611 μηδεμίαν
1289 1541 1481 1591 ἔννοιαν
1536 1548 1633 1591 τῶν
1673 1539 1812 1612 εἰρη-

221 1636 380 1703 μένων
456 1632 911 1697 καταπίπτοντας,
1010 1627 1224 1685 θελησον
1309 1629 1433 1700 ἡμῖν
1501 1628 1813 1703 πλατύτερον

224 1716 577 1793 ὃιαρθρῶσαι.
628 1716 803 1788 Ἡμεῖς
863 1718 951 1787 μὲν
1005 1718 1107 1789 γὰρ
1152 1716 1521 1789 ὑπειλήφαμεν,
1575 1719 1695 1791 ὅπερ
1753 1716 1813 1769 ἆν

224 1806 354 1861 εἶναι
382 1807 501 1858 καθ’
545 1807 792 1857 ὑπόθεσιν
839 1813 930 1857 τοῦ
978 1809 1178 1880 Πατρός
1228 1806 1383 1858 οὐσία
1428 1806 1619 1879 ληφθῇ,
1662 1814 1813 1859 τοῦτο

180 1895 356 1950 ἐἶναι
401 1898 598 1955 πάντως
651 1893 930 1965 ἀναγκαῖον
968 1900 1057 1947 καὶ
1111 1900 1202 1953 τὴν
1242 1903 1332 1947 τοῦ
1385 1900 1507 1948 Υίοῦ
1556 1895 1814 1969 λαμϐάνεα

224 1990 369 2040 σθαι.
408 1986 565 2037 Ὠστε
632 1984 674 2036 εἰ
722 2005 823 2055 φως
862 1987 1064 2050 νοητὸν,
1122 1981 1316 2053 ἀίδιον,
1373 1985 1666 2056 ἀγέννητον,
1722 1991 1814 2043 τὴν

222 2076 311 2128 τοῦ
358 2078 561 2149 Πατρός
600 2074 781 2126 οὐσίαν
838 2093 919 2134 τις
970 2073 1130 2144 λέγοι,
1200 2082 1304 2145 φῶς
1358 2078 1563 2142 νοητὸν,
1620 2071 1812 2141 άίὸιον,

218 2167 486 2236 γεννητὸν,
526 2168 614 2215 καὶ
660 2166 752 2220 τὴν
792 2170 883 2214 τού
916 2169 1233 2233 Μονογενοῡς
1282 2162 1463 2215 οὐσίαν
1503 2162 1624 2235 ἐρεῖ.
1681 2167 1815 2237 Πρὸς

218 2252 274 2307 δὲ
333 2258 427 2312 τὴν
466 2256 713 2309 τοιαύτην
753 2254 944 2304 ἔννοιαν
1003 2248 1149 2304 δοκεῖ
1197 2271 1287 2322 μοι
1339 2254 1368 2310 ἡ
1426 2259 1516 2304 τού
1578 2250 1815 2326 ἀπαραλ-

218 2342 424 2402 λάκτως
453 2342 635 2413 ὁμοίου
684 2344 820 2413 φωνὴ
864 2340 1054 2412 μᾶλλον
1116 2344 1245 2414 ἥπερ
1301 2342 1330 2397 ἠ
1392 2348 1484 2391 τοῦ
1535 2342 1815 2413 ὀμοουσίου

218 2435 508 2503 ἁρμόττειν.
580 2435 684 2489 Φῶς
730 2432 832 2503 γὰρ
876 2434 1004 2500 φωτὶ
1060 2425 1326 2501 μηδεμίαν
1384 2427 1431 2480 ἐν
1489 2437 1561 2499 τῷ
1627 2428 1816 2501 μᾶλλον

217 2526 302 2572 καὶ
350 2521 505 2577 ἧττον
544 2523 631 2577 τὴν
676 2516 932 2591 διαφορὰν
976 2521 1120 2589 ἔχον,
1176 2520 1363 2570 ταυτὸν
1421 2521 1509 2591 μὲν
1557 2517 1652 2569 οὐκ
1691 2516 1818 2571 εἶναι

218 2606 387 2671 (διότι
412 2607 460 2659 ἐν
493 2603 610 2678 ἰδίᾳ
638 2615 932 2679 περιγραφῇ
984 2615 1074 2667 τῆς
1122 2606 1307 2667 οὐσίας
1361 2605 1499 2658 ἐστὶν
1534 2606 1816 2678 ἑκάτερον),

220 2702 398 2770 ὅμοιον
457 2693 516 2749 δὲ
571 2696 686 2760 κατ’
737 2695 918 2748 ούσίαν
977 2694 1205 2768 ἀκριϐῶς
1262 2693 1684 2767 ἀπαραλλάκτως,
1730 2694 1816 2767 ὀρ-

222 2789 319 2850 θῶς
354 2788 415 2836 ἂν
456 2782 603 2857 οἶμαι
654 2785 913 2856 λέγεσθαι.
966 2788 1081 2838 Εἴτε
1120 2780 1207 2837 οὖν
1255 2787 1450 2845 ταύτας
1496 2789 1605 2857 χρὴ
1650 2781 1818 2838 διαλέα

219 2877 413 2947 γεσθαι
467 2877 560 2935 τὰς
610 2872 821 2940 ἐννοίας,
873 2876 972 2927 εἴτε
1022 2872 1195 2946 ἑτέρας
1245 2873 1458 2945 μείζους
1510 2873 1816 2944 ἀντιλαϐεῖν,

223 2967 289 3027 ὡς
343 2968 503 3035 σοφὸς
559 2963 731 3037 ἰατρὸς
778 2964 889 3030 (καὶ
935 2964 1037 3035 γὰρ
1079 2962 1382 3035 ἐξεφήναμέν
1434 2982 1519 3016 σοι
1564 2966 1629 3015 τὰ
1668 2962 1715 3017 ἐν
1753 2972 1816 3036 τῇ

1926 486 1962 526 a
1998 473 2181 526 sacris
2212 472 2417 528 litteris
2464 474 2763 544 ejecerint,
2809 475 3060 545 dignare
3097 473 3438 544 signiﬁcare
3467 475 3579 530 mi-

1924 560 2006 626 hi,
2052 577 2174 633 quo
2218 568 2394 633 pacto
2439 565 2644 618 Patres
2695 579 2766 618 eo
2812 564 2905 618 usi
2947 563 3184 633 fuerint,
3226 568 3281 619 et
3322 579 3401 620 an
3440 562 3577 620 nul-

1923 647 2029 703 libi
2075 650 2136 704 in
2194 650 2497 721 Scriptura
2548 652 2849 707 inveneris
2906 652 3188 724 positum.
3249 655 3399 709 Nam
3460 667 3577 724 pa-

1923 752 2064 793 nem
2102 738 2325 793 dictum
2373 740 2657 804 ἑπιούσιον,
2707 745 2764 796 et
2810 740 3107 811 populum
3154 745 3479 814 περιούσιον,
3520 745 3579 799 et

1925 826 1977 881 si
2004 827 2152 898 quid
2182 827 2393 896 simile,
2431 829 2608 900 quasi
2638 828 2783 883 nihil
2813 828 3077 884 habeant
3101 828 3196 884 hic
3224 845 3573 899 commune,

1922 915 2246 987 despuunt.
2282 917 2506 972 Deinde
2542 932 2683 973 vero
2720 922 2777 972 et
2807 917 2881 972 de
2911 917 3045 988 ipso
3077 918 3576 976 consubstantiali

1922 1006 2188 1076 (propter
2225 1006 2392 1077 quod
2423 1011 2567 1077 puto
2617 1022 2719 1061 eos
2767 1006 2883 1062 ista
2929 1005 3249 1072 adornare,
3300 1007 3406 1079 qui
3437 1008 3579 1064 sub-

1923 1094 2205 1150 stantiam
2246 1095 2483 1166 penitus
2530 1095 2915 1165 transﬁgunt,
2967 1100 3030 1151 ut
3082 1095 3323 1151 nullum
3371 1095 3577 1154 locum

1917 1181 2261 1254 relinquant
2312 1182 2943 1253 consubstantialitati)
2996 1182 3332 1255 disceptare
3399 1183 3576 1241 nobis

1920 1270 2116 1326 fusius
2154 1271 2319 1336 velis,
2354 1285 2538 1344 quem
2576 1288 2822 1328 sensum
2870 1272 3115 1339 habeat,
3163 1276 3219 1328 et
3259 1273 3575 1345 quomodo

1922 1359 2239 1416 salubriter
2285 1361 2644 1432 proferatur,
2699 1361 2762 1417 in
2816 1361 3020 1427 rebus,
3066 1361 3127 1417 in
3190 1361 3415 1433 quibus
3463 1380 3575 1420 nec

1922 1465 2111 1519 genus
2142 1466 2465 1505 commune
2503 1450 2951 1521 superpositum
2988 1450 3267 1511 cernitur,
3308 1466 3419 1506 nec
3443 1468 3575 1509 ma-

1922 1538 2125 1594 teriale
2151 1539 2491 1610 subjectum
2527 1540 2693 1612 prius
2737 1539 3050 1606 exsistens,
3092 1554 3203 1595 nec
3233 1539 3573 1599 distributio

1923 1628 2101 1699 primi
2140 1628 2201 1683 in
2248 1627 2608 1683 secundum.
2653 1628 2783 1693 Qua
2821 1628 3003 1697 igitur
3036 1627 3267 1684 ratione
3298 1633 3575 1700 oporteat

1855 1732 1897 1785 Β
1925 1716 2122 1771 dicere
2166 1715 2380 1771 Filium
2416 1717 2573 1772 Patri
2610 1715 3218 1783 consubstantialem,
3246 1716 3307 1772 in
3336 1717 3573 1775 nullum

1924 1804 2351 1876 praedictorum
2400 1820 2684 1860 sensuum
2736 1804 3082 1873 incidendo,
3138 1805 3233 1863 fac
3278 1808 3342 1861 ut
3396 1805 3574 1862 nobis

1926 1893 2215 1965 prolixius
2262 1893 2542 1965 explices.
2602 1897 2719 1949 Nos
2776 1894 3077 1966 siquidem
3130 1895 3571 1967 existimamus,

1925 1981 2226 2054 quidquid
2278 1999 2350 2038 ex
2398 1983 2745 2054 hypothesi,
2810 1982 2998 2039 Patris
3049 1983 3390 2041 substantia
3444 2000 3579 2040 esse

1928 2076 2221 2140 sumatur,
2254 2071 2414 2126 idem
2441 2071 2691 2127 omnino
2732 2088 2862 2128 esse
2906 2077 2963 2128 et
3006 2072 3409 2130 substantiam
3451 2074 3579 2132 Filii

1928 2160 2084 2214 sumi
2114 2161 2453 2216 necessario
2473 2160 2693 2217 debere
2718 2179 2731 2225 ;
2757 2160 2910 2216 adeo
2947 2166 3008 2217 ut
3037 2162 3084 2217 si
3114 2162 3252 2233 quis
3295 2162 3580 2220 substan-

1927 2248 2072 2305 tiam
2105 2249 2294 2304 Putris
2327 2248 2720 2322 appellaverit
2742 2249 2947 2305 lumen
2975 2250 3089 2306 sub
3120 2250 3579 2320 intelligentiam

1929 2337 2171 2400 cadens,
2206 2343 2520 2403 aeternum,
2572 2338 2944 2407 ingenitum;
2998 2338 3293 2410 Unigeniti
3335 2356 3580 2412 quoque

1930 2425 2329 2482 substantiam
2359 2432 2683 2482 vocaturus
2716 2426 2790 2483 sit
2817 2426 3023 2483 lumen
3077 2426 3192 2483 sub
3242 2427 3579 2499 intelligen-

1930 2514 2073 2571 tiam
2105 2514 2352 2582 cadens,
2380 2520 2693 2579 aeternum,
2744 2517 3038 2585 genitum.
3080 2519 3146 2571 ln
3189 2516 3354 2573 hunc
3396 2533 3578 2589 porro

1932 2618 2177 2659 sensum
2216 2603 2362 2659 mihi
2400 2603 2653 2673 vide-tur,
2684 2620 2899 2660 vocem
2946 2605 3158 2660 similis
3200 2620 3328 2663 sme
3371 2604 3583 2663 discri-

1928 2693 2122 2758 mine,
2172 2692 2364 2761 magis
2412 2707 2779 2763 congruere,
2831 2708 3019 2765 quam
3071 2709 3284 2750 vocem
3339 2696 3586 2753 consub-

1928 2782 2259 2837 slantialis.
2300 2784 2449 2837 Nam
2491 2781 2596 2837 lux
2639 2797 2777 2852 quas
2809 2798 2947 2837 cum
2977 2781 3110 2837 luce
3139 2782 3369 2839 nullam
3397 2783 3583 2841 habet

1933 2870 2269 2927 secundum
2294 2871 2487 2943 magis
2508 2874 2566 2927 et
2594 2872 2797 2927 minus
2825 2870 3249 2936 differentiam,
3274 2877 3433 2928 recte
3454 2873 3585 2945 qui-

1932 2960 2072 3015 dem
2118 2975 2255 3016 mea
2292 2959 2586 3015 sententia
2615 2959 2733 3016 dici
2769 2964 2985 3032 potest,
3027 2975 3151 3017 non
3185 2960 3403 3017 eadem
3453 2975 3584 3017 esse

222 3050 470 3127 καρδίᾳ),
498 3056 555 3104 τὸ
584 3055 672 3124 μὲν
719 3050 1019 3125 ἁῤῥωστούν
1049 3055 1220 3116 ἴασαι,
1261 3056 1318 3104 τὸ
1358 3047 1417 3104 δὲ
1449 3054 1640 3128 σαθρὸν
1698 3054 1817 3105 ύπο-

1932 3064 2070 3105 cum
2119 3047 2239 3114 illa,
2289 3048 2789 3119 quandoquidem
2839 3047 2899 3103 in
2930 3048 3179 3120 propria
3228 3047 3582 3106 substantia

567 3145 717 3193 παντὶ
768 3137 826 3193 δὲ
877 3144 1052 3215 τρόπῳ
1121 3139 1413 3212 βεϐαίωσον
1468 3144 1623 3213 ἡμᾶς.
1689 3145 1823 3203 Τοὺς

220 3234 351 3302 μετὰ
420 3238 508 3291 τῆς
574 3228 835 3290 εὐλαϐείας
901 3249 997 3281 σου
1059 3226 1313 3301 ἀδελφοὺς
1363 3227 1695 3302 ἀσπάζομαι,
1733 3235 1822 3284 καὶ

226 3149 360 3217 στήρ
370 3142 474 3204 ιξον
509 3162 520 3173 -

222 3320 355 3383 ἀξιῶ
412 3322 543 3390 μετὰ
596 3326 690 3369 σου
739 3320 993 3389 εὔχεσθαι
1051 3320 1177 3392 ὑπὲρ
1218 3320 1383 3389 ἡμῶν,
1427 3320 1509 3370 ἵνα
1554 3321 1819 3392 σωθῶμεν.

220 3415 277 3459 Ὁ
334 3408 547 3481 ἑταῖρος
598 3411 902 3481 Γρηγὸριος,
957 3411 1041 3459 τὸν
1086 3410 1216 3479 μετὰ
1259 3415 1355 3458 τῶν
1418 3410 1604 3477 γονέων
1654 3407 1823 3479 ἐλόμε-

220 3517 305 3560 νος
382 3496 519 3569 βίον,
586 3497 758 3556 αὐτοῖς
828 3500 1099 3549 σύνεστιν.
1164 3495 1431 3566 Ὑγιαίνων
1499 3494 1821 3549 ἓπιπλεῖστον

223 3584 553 3656 φυλαχθείης
584 3586 728 3656 ἡμῖν,
778 3582 978 3655 ὠφελῶν
1026 3585 1161 3655 ἡμᾶς
1209 3588 1298 3636 καὶ
1351 3590 1463 3646 ταῖς
1505 3583 1690 3655 εὐχαῖς
1732 3589 1821 3637 καὶ

220 3681 284 3745 τῇ
314 3679 531 3743 γνώσει.

1932 3138 2427 3196 determinatione
2459 3142 2711 3211 utraque
2756 3138 3051 3207 consistit;
3102 3139 3210 3194 sed
3254 3139 3466 3197 similis
3498 3154 3584 3196 se-

1932 3228 2201 3284 cundum
2236 3226 2643 3284 substantiam
2671 3226 2945 3283 absolute
2969 3243 3039 3284 ac
3068 3242 3175 3300 per
3204 3228 3429 3285 omnia.
3453 3228 3586 3287 Sive

1930 3333 2075 3387 ergo
2112 3317 2223 3372 has
2254 3320 2529 3387 oporteat
2573 3316 2772 3389 eloqui
2804 3316 3223 3386 cogitationes,
3268 3318 3393 3375 sive
3432 3317 3586 3375 alias

1930 3406 2191 3476 majores
2222 3420 2551 3472 assumere,
2587 3411 2652 3462 tu
2698 3411 2992 3478 tanquam
3034 3407 3261 3479 peritus
3305 3409 3586 3467 medicus

1927 3495 2057 3567 (tibi
2085 3495 2247 3550 enim
2268 3510 2403 3567 quae
2431 3494 2613 3551 corde
2639 3495 2904 3565 gerimus
2934 3493 3187 3551 fecimus
3214 3497 3585 3569 manifesta),

1928 3584 2097 3656 quod
2126 3584 2371 3656 quidem
2401 3599 2631 3653 aegrum
2675 3588 2764 3640 est
2799 3599 2969 3653 sana,
3011 3585 3179 3657 quod
3212 3602 3354 3644 vero
3384 3587 3585 3646 debile

1935 3671 2209 3737 suﬂulci;
2243 3670 2409 3728 omni
2447 3676 2651 3728 autem
2694 3672 2881 3728 modo
2925 3673 3220 3730 conﬁrma
3266 3690 3401 3731 nos.
3452 3678 3587 3732 Fra.

224 3765 346 3816 tres
382 3760 486 3833 qui
518 3766 623 3817 tua
654 3777 789 3815 cum
823 3759 1039 3831 pietate
1060 3760 1288 3830 degunt
1319 3759 1533 3827 saluto,
1566 3764 1623 3815 et
1651 3776 1819 3831 rogo,
1845 3765 1912 3817 ut
1942 3776 2063 3816 una
2098 3764 2295 3816 tecum
2336 3775 2447 3832 pro
2476 3759 2654 3816 nobis
2683 3765 2873 3829 orent,
2912 3775 3035 3831 quo
3073 3760 3329 3817 salutem
3373 3777 3583 3819 conse-

219 3866 516 3923 quamur.
549 3849 728 3922 464
764 3848 992 3906 Sodalis
1026 3848 1365 3919 Gregorius,
1411 3849 1595 3905 electa
1632 3865 1772 3905 cum
1818 3848 2171 3923 parentibus
2218 3849 2360 3919 vita,
2400 3848 2567 3921 apud
2605 3864 2709 3906 eos
2745 3854 2851 3907 est.
2897 3850 3091 3905 Sanus
3130 3850 3208 3908 ad
3246 3849 3581 3922 plurimum

219 3944 468 4013 tempus
498 3938 872 3995 conserveris
902 3938 1103 4009 nobis,
1131 3938 1428 4009 adjuvans
1454 3954 1567 3997 nos
1597 3943 1656 3997 et
1680 3939 1959 4011 precibus
1981 3944 2038 3996 et
2063 3938 2357 3996 doctrina.

772 4122 1108 4171 ΕΠΙΣΤΟΛΗ
1148 4118 1277 4172 ΤΞΒ’

2437 4116 2772 4173 EPISTOLA
2802 4115 3087 4172 CCCLXll'

220 4241 645 4312 Respondetur
668 4243 1031 4312 praecedenti
1056 4244 1341 4312 epistolae,
1366 4248 1421 4300 et
1442 4242 1731 4315 quomodo
1752 4244 1934 4299 Pater
1962 4247 2018 4298 et
2046 4242 2238 4297 Filius
2258 4257 2443 4297 unum
2473 4242 2596 4297 sint
2624 4240 2972 4310 exponitur,
2997 4242 3287 4311 exemplis
3306 4257 3338 4300 e
3356 4249 3582 4302 natura

1598 4332 1865 4388 humana
1895 4331 2197 4388 adductis.

692 4455 940 4530 Βασιλεὶῳ
984 4455 1359 4528 Ἀπολινάριος.

297 4580 555 4638 canem
626 4582 909 4645 πιστεύεις,
977 4584 1065 4631 καὶ
1129 4578 1409 4652 φιλολόγως
1475 4578 1666 4646 ζητεῖς,
1733 4583 1823 4631 καὶ

217 4670 351 4743 παρ’
401 4670 548 4739 ήμῶν
596 4673 655 4721 τὸ
698 4670 967 4742 πρόθυμον
1014 4668 1265 4740 ὀφείλεται
1314 4664 1407 4720 διὰ
1456 4671 1548 4724 τὴν
1591 4669 1823 4739 ἀγάπην,

214 4758 261 4810 εἰ
301 4762 405 4809 καὶ
441 4761 501 4809 τύ
552 4760 722 4810 ἰκανὸν
752 4767 823 4828 τῷ
852 4757 987 4829 λόγῳ
1030 4762 1101 4829 μὴ
1136 4758 1328 4823 ἕποιτο,
1378 4753 1470 4807 διά
1518 4774 1572 4808 τε
1609 4760 1667 4807 τὸ
1702 4758 1826 4827 bui-

212 4867 369 4919 τερον
418 4843 604 4916 ἐνδεὲς,
634 4853 724 4899 καὶ
761 4850 818 4898 τὸ
850 4855 940 4898 τού
983 4848 1287 4919 πράγματος
1331 4847 1601 4917 ὑπερφυές.
1655 4844 1830 4898 Ούσία

214 4941 341 5007 μία,
388 4936 486 4987 οὐκ
544 4936 751 5009 ἀριθμῷ
805 4941 958 5007 μόνον
1021 4935 1243 5006 λέγεται,
1301 4937 1474 5006 ὥσπερ
1528 4933 1709 5005 λέγεις,
1740 4938 1830 4987 καὶ

213 5030 270 5077 τὸ
306 5023 360 5076 ἐν
418 5030 516 5095 μιᾷ
551 5032 866 5099 περιγραφῇ,
914 5023 1040 5075 ἀλλά
1083 5029 1172 5075 καὶ
1223 5020 1367 5083 ἰδίως
1408 5022 1690 5094 ἀνθρώπων
1731 5019 1829 5074 δύο

215 5120 309 5166 καὶ
344 5114 751 5181 ἄλλουνὼουοῦν
793 5123 893 5166 τῶν
936 5116 1071 5165 κατά
1117 5118 1259 5185 γένος
1319 5113 1619 5185 ἑνιζομένων
1646 5134 1658 5146 ·
1700 5116 1831 5165 ὥστε

215 5206 397 5274 ταύτῃ
430 5222 487 5274 γε
516 5203 605 5254 καὶ
635 5199 731 5254 δύο
761 5208 851 5253 καὶ
890 5202 1098 5254 πλείονα
1138 5203 1251 5273 (27)
1292 5206 1478 5267 nugo}
1520 5199 1649 5253 εἶναι
1697 5203 1831 5253 κατὰ

214 5296 315 5349 τὴν
370 5291 579 5359 οὐσίαν,
627 5294 753 5344 καθὸ
806 5296 895 5344 καὶ
948 5295 1133 5351 πάντες
1165 5293 1427 5364 ἄνθρωποι
1469 5287 1642 5361 Ἀδάμ
1680 5288 1830 5361 ἐσμεν

219 5381 293 5442 εἷς
328 5384 490 5446 ὄντες,
523 5381 612 5432 καί
654 5377 821 5432 Δαϐίὸ
872 5382 897 5431 ὁ
936 5388 1027 5431 τοῦ
1059 5377 1224 5432 Δαϐὶὸ
1256 5376 1387 5445 υῶς,
1435 5382 1503 5440 ὡς
1539 5382 1729 5430 ταυτὸν
1761 5380 1829 5429 ὠν

298 5539 422 5609 (27)
460 5541 609 5597 Fort.
644 5539 898 5603 πλείονας.
926 5542 1121 5597 Cornu.

2423 4454 2654 4511 Basilio
2676 4453 3094 4524 Apolinarius.

2011 4582 2080 4636 Ut
2109 4580 2209 4635 Dei
2249 4583 2559 4636 amantem
2585 4578 2784 4635 virum
2815 4577 2987 4635 decet
3023 4576 3239 4649 credis,
3261 4582 3320 4635 et
3360 4582 3427 4638 ut
3450 4579 3591 4638 doc-

1936 4669 2106 4725 trinae
2135 4668 2442 4723 studiosus
2477 4667 2736 4739 quaeris;
2770 4672 2953 4739 atque
2978 4683 3015 4723 a
3060 4667 3238 4724 nobis
3270 4675 3591 4742 promptus

1937 4758 2176 4812 animus
2202 4755 2455 4811 debetur
2484 4761 2729 4827 propter
2759 4755 3136 4824 cbaritatem,
3167 4756 3302 4814 licet
3343 4758 3593 4820 scientia

1939 4844 2243 4900 sufﬁciens
2267 4860 2390 4899 non
2432 4849 2739 4916 sequatur,
2781 4860 2922 4899 cum
2958 4844 3038 4901 ob
3068 4845 3462 4916 indigentiam
3486 4864 3593 4905 no-

1939 4939 2149 5002 stram,
2191 4937 2320 4988 tum
2342 4932 2423 4988 ob
2461 4933 2543 4987 rei
2577 4932 3058 4989 immensitatem.
3079 4936 3207 4992 Una
3233 4936 3592 5009 substantia,

1940 5037 2063 5079 non
2093 5037 2349 5077 numero
2379 5020 2575 5077 solum
2624 5020 2859 5087 dicitur,
2903 5023 3432 5094 quemadmodum
3482 5026 3591 5099 ais,

1939 5115 1996 5167 et
2050 5109 2217 5183 quod
2266 5115 2358 5165 est
2399 5109 2464 5165 in
2502 5124 2626 5165 una
2675 5109 3210 5181 determinatione;
3258 5114 3367 5172 sed
3413 5114 3597 5172 etiam

1940 5201 2181 5272 proprie
2232 5198 2494 5254 duorum
2550 5198 2869 5255 hominum
2926 5204 2984 5256 et
3025 5202 3269 5258 alterius
3321 5202 3593 5274 cujusve,

1939 5288 2045 5360 qui
2080 5287 2141 5342 in
2174 5302 2391 5357 genere
2432 5292 2805 5343 adunantur:
2841 5287 2923 5345 ita
2951 5293 3014 5345 ut
3050 5288 3165 5346 hac
3205 5290 3434 5346 ratione
3472 5289 3596 5349 duo

1941 5392 2013 5432 ac
2038 5376 2239 5448 plures
2288 5375 2450 5431 idem
2503 5376 2997 5431 sintsecundum
3047 5377 3489 5449 substantiam;
3534 5378 3597 5435 in

2016 5539 2033 5557 '
2075 5536 2158 5591 Ex
2188 5536 2556 5594 Monument.
2590 5537 2758 5593 Eccl.
2798 5537 2901 5593 Gr.
2938 5540 2980 5592 t.
3023 5536 3088 5601 ll,
3119 5551 3179 5606 p.
3210 5538 3303 5593 86.
