4074 6220
552 2852 565 2895 (

567 268 701 321 1103

1925 251 1983 306 S.
2034 244 2285 304 BASILII
2332 242 2552 302 MAGNI

3721 258 3833 309 1104

565 394 862 465 quantum
883 401 1094 442 omnes
1124 384 1400 441 homines
1426 380 1619 437 Adam
1655 393 1891 445 sumus,
1921 375 2026 447 qui
2052 387 2212 428 unus

2342 375 2498 441 εκείνῳ
2528 386 2539 399 ·
2572 372 2710 423 καθα
2762 375 2851 422 καὶ
2894 374 2980 424 τόν
3032 373 3151 424 Υὶόν
3187 371 3345 444 λέγεις
3392 373 3548 435 καλῶς
3575 382 3705 427 τοῦτο
3739 374 3843 429 εἶναι

566 462 799 543 simus;
832 481 890 532 et
919 473 1126 541 David,
1154 471 1387 528 Davidis
1420 470 1599 535 tilius,
1630 466 1736 540 qui
1769 464 1931 521 idem
1969 462 2044 517 sit
2073 476 2212 517 cum

568 569 702 626 illo:
738 568 888 621 sicut
930 569 984 620 et
1019 562 1231 619 Filium
1262 564 1419 615 recte
1459 557 1674 615 asseris
1718 554 1779 610 id
1828 568 1957 608 esse
2005 563 2215 605 secun-

569 660 716 715 dum
746 652 1168 721 substantiam,
1200 648 1367 723 quod
1398 653 1484 703 est
1510 649 1702 701 Pater.
1733 642 1911 698 Aliter
1952 640 2111 696 enim
2136 636 2216 693 Fi-

569 750 683 805 lius
714 762 838 802 non
871 748 1029 799 esset
1083 742 1258 805 Deus,
1293 753 1434 793 cum
1483 736 1545 791 in
1584 732 1859 789 confesso
1909 730 1982 785 sit
2030 742 2219 782 unum

572 853 701 893 esse
751 851 821 890 ac
870 832 1066 888 solum
1104 830 1292 884 Deum
1351 830 1619 882 Patrem:
1666 837 1786 894 quo
1839 822 2013 893 pacto
2060 831 2219 871 unus

572 927 787 992 Adam,
817 922 1135 979 hominum
1168 916 1404 989 generis
1451 916 1773 987 princeps;
1805 915 1862 967 et
1904 924 2063 964 unus
2115 909 2223 961 Da-

572 1017 698 1083 vid,
726 1013 871 1083 regii
918 1008 1151 1081 generis
1181 1010 1413 1062 auctor.
1466 1009 1658 1074 Atque
1705 1002 1806 1067 ita,
1848 1014 2040 1055 unum
2088 1009 2223 1051 esse

534 1163 546 1171 ,
576 1121 767 1177 genus
814 1098 1281 1172 superpositum,
1319 1098 1421 1151 aut
1454 1108 1637 1149 unam
1670 1089 1989 1146 materiam
2024 1085 2222 1155 subje-

575 1201 756 1259 ctam,
811 1191 872 1245 in
926 1190 1095 1243 Patre
1154 1190 1209 1241 et
1269 1183 1441 1248 Filio,
1497 1198 1533 1237 a
1587 1179 1861 1250 cogitatis
1901 1176 2223 1240 auferetur,

577 1299 716 1339 cum
739 1276 1134 1353 principalem
1160 1270 1668 1343 assumpserimus
1694 1266 2118 1340 proprietatem
2134 1277 2228 1316 su-

577 1369 773 1445 premi
798 1348 1099 1440 principii,
1135 1366 1192 1417 et
1239 1374 1460 1431 genera
1504 1374 1576 1413 ex
1611 1372 1900 1427 generum
1948 1348 2231 1426 principi-

578 1443 716 1521 bus.
780 1456 859 1512 ad
914 1450 1284 1521 unigenitam
1342 1446 1574 1520 prolem
1630 1462 1699 1500 ex
1749 1460 1870 1499 uno
1936 1443 2230 1515 principio

578 1550 891 1606 orientem.
918 1546 1067 1598 Nam
1095 1539 1475 1610 aliquatenus
1507 1539 1742 1591 tantum
1784 1531 2087 1602 ejusmodi
2135 1548 2229 1587 res

580 1639 643 1695 in
682 1631 1139 1691 similitudinem
1186 1626 1455 1682 veniunt.
1502 1623 1799 1689 Quoniam
1847 1636 2041 1692 neque
2080 1620 2235 1676 Ada-

2326 462 2463 512 κατὰ
2503 463 2597 517 τὴν
2641 459 2847 525 οὐσίαν,
2886 462 3005 534 ὅπερ
3060 463 3085 512 ό
3127 466 3323 535 Πατὴρ,
3386 459 3517 515 Οὐδὲ
3567 466 3657 535 γὰρ
3706 464 3847 537 ἑτέρως

2328 548 2388 599 ἆυ
2434 545 2493 605 ἦν
2553 551 2681 608 Θεὸς
2732 550 2756 599 ό
2801 551 2942 616 Υἱός,
2997 549 3100 610 ἑνός
3165 550 3560 623 ὁμολογουμένου
3608 559 3686 604 καί
3726 558 3849 624 μόνον

2330 645 2462 690 Θεοῦ
2502 644 2593 688 τοῦ
2639 641 2835 711 Πατρός
2865 653 2878 668 ’
2928 640 2995 700 ὦς
3041 658 3140 690 που
3181 644 3268 691 καὶ
3305 637 3376 701 εἷς
3423 637 3606 714 Ἀδὰμ,
3646 640 3851 715 όάνθρὼ-

2330 746 2437 779 πων
2466 726 2751 798 γενάρχης,
2797 731 2886 778 καὶ
2918 728 2989 788 εἷς
3028 723 3215 798 Δαϐὶὸ,
3248 729 3272 779 ὀ
3318 737 3408 781 τοῦ
3441 728 3689 801 βασιλείου
3714 736 3854 802 γένους

2333 813 2651 889 ἀρχηγέτης.
2702 818 2876 887 Ταύτῃ
2932 820 2991 886 γέ
3040 836 3122 868 τοι
3160 822 3248 868 καὶ
3304 817 3351 869 ἓν
3392 815 3516 870 εἶναι
3563 823 3691 887 γένος
3739 821 3856 893 ὑπερ-

2333 908 2581 975 κείμενον,
2615 902 2643 960 ἢ
2684 909 2810 975 μίαν
2861 903 2987 961 ὕλην
3036 906 3395 978 ὑποκειμένην,
3454 906 3533 960 ἐπὶ
3582 911 3760 981 Πάτρός
3792 912 3863 965 uti

2334 999 2479 1059 Υιοῡ,
2540 994 2996 1066 περιαιρεθήσεται
3051 1002 3152 1045 τῶν
3200 996 3467 1064 ὑπονοιῶν,
3518 998 3631 1047 ὅταν
3678 1001 3753 1053 την
3800 1016 3858 1068 γε·

2333 1084 2594 1152 ναρχικήν
2632 1080 3009 1152 παραλάϐωμεν
3051 1078 3291 1139 ἰδιότητα
3318 1092 3413 1144 τῆς
3442 1082 3670 1135 ἀνωτάτω
3705 1083 3858 1157 ἀρχῆς,

2336 1171 2517 1220 καὶτὰ
2565 1168 2619 1220 ἐκ
2657 1178 2756 1221 τῶν
2803 1178 3073 1244 γεναρχῶν
3125 1176 3267 1241 γένη,
3314 1175 3438 1245 πρὸς
3475 1175 3531 1223 τό
3576 1170 3623 1223 ἐκ
3663 1178 3861 1243 τῆςμιᾱς

2339 1259 2510 1333 ἀρχῆς
2562 1262 2826 1330 μονογενὲς
2879 1264 3144 1331 γέννημα’
3178 1265 3395 1333 μετρίως
3434 1263 3532 1335 γὰρ
3584 1263 3644 1313 τὰ
3690 1269 3863 1312 τοιαῦτα

2340 1350 2410 1410 εἰς
2453 1351 2703 1421 ὁμοίωσιν
2742 1351 2975 1421 ἔρχεται.
3011 1351 3153 1401 Καθό
3194 1346 3331 1421 μηδὲ
3370 1357 3459 1401 τοῦ
3501 1346 3761 1421 Ἀδὰμ,ως
3787 1352 3865 1401 6:9-

2340 1439 2593 1502 πλάστου,
2635 1443 2724 1489 καὶ
2771 1440 2937 1510 ἡμῶν,
2994 1440 3059 1499 ὡς
3113 1437 3621 1512 ἀνθρωπογεννήτων,
3667 1439 3708 1490 ἓν
3752 1440 3866 1512 υπέρ-

2341 1547 2508 1579 κειται
2537 1530 2682 1597 γένος
2714 1543 2726 1555 ·
2780 1525 2886 1577 ἀλλ’
2919 1528 3076 1588 αὐτὸς
3106 1525 3386 1601 ἀνθρώπων
3424 1526 3565 1601 ἀρχή
3600 1541 3614 1557 ⁵
3652 1530 3765 1598 μήτε
3797 1527 3865 1583 ὕλη

2343 1620 2487 1674 κοινὴ
2531 1616 2688 1668 αὐτοῦ
2726 1634 2781 1667 τε
2822 1619 2912 1667 καὶ
2966 1617 3135 1687 ἡμῶν,
3168 1614 3275 1667 ἀλλ’
3316 1615 3467 1675 αὐτὸς
3522 1617 3551 1673 ἡ
3596 1617 3771 1667 πάντων
3804 1613 3870 1666 ἆν-

580 1743 705 1795 mo,
744 1729 810 1779 ut
857 1737 962 1795 per
999 1723 1185 1775 Deum
1225 1714 1486 1783 condito,
1530 1717 1589 1769 et
1626 1711 1823 1778 nobis,
1858 1715 1920 1766 ut
1963 1726 2071 1782 per
2125 1710 2230 1765 ho-

2347 1708 2562 1777 θρὼπων
2612 1706 2875 1764 ὑπόθεσις.
2912 1709 3055 1761 Μήτε
3104 1709 3206 1775 μὴν
3255 1712 3348 1757 τοῦ
3381 1703 3565 1775 Δαϐὶὸ,
3602 1712 3681 1757 καὶ
3707 1714 3783 1758 τοῦ
3811 1710 3872 1777 γέ.

582 1817 775 1873 mines
825 1809 1057 1883 genitis,
1118 1821 1311 1861 unum
1369 1801 1794 1875 superponitur
1841 1815 2067 1869 genus;
2129 1798 2236 1853 sed

583 1907 711 1978 ipse
754 1907 843 1958 est
887 1896 1207 1955 hominum
1256 1891 1617 1965 principium
1658 1908 1671 1945 :
1730 1903 1927 1960 neque
1986 1886 2235 1943 materia

584 1977 927 2053 communis
966 1990 1056 2043 est
1084 1983 1165 2039 illi
1210 1981 1567 2046 nobiscum;
1625 1977 1729 2033 scd
1780 1977 1907 2049 ipse
1952 1982 2039 2031 est
2088 1991 2234 2030 cun-

584 2092 819 2141 ctordm
840 2078 1161 2135 hominum
1182 2070 1869 2139 fundamentum.Neque
1893 2066 2071 2121 etiam
2094 2080 2238 2133 erga

584 2172 875 2230 Davidem
923 2182 993 2223 ac
1038 2179 1228 2234 genus
1282 2176 1354 2215 ex
1396 2156 1616 2213 Davide
1659 2160 1881 2222 ortum,
1920 2153 1981 2208 id
2025 2154 2237 2226 praeia-

585 2262 883 2333 telligitur,
914 2258 973 2313 in
1016 2255 1315 2326 quantum
1350 2254 1438 2303 est
1470 2245 1695 2301 David:
1738 2244 2237 2316 quandoquidem

585 2351 826 2411 Davidis
892 2342 1249 2419 proprietas,
1310 2354 1347 2394 a
1410 2334 1637 2391 Davide
1708 2333 1934 2404 incipit,
1995 2338 2052 2387 et
2107 2332 2238 2387 fun-

583 2443 937 2501 damentum
962 2431 1238 2490 omnium
1277 2426 1382 2499 qui
1414 2440 1484 2479 ex
1536 2439 1606 2478 eo
1651 2422 1945 2491 originem
1992 2420 2239 2485 ducunt,

581 2537 709 2607 ipse
768 2532 856 2585 est
913 2542 926 2580 :
985 2520 1092 2577 sed
1156 2518 1304 2591 quia
1368 2514 1498 2570 haec
1565 2510 1871 2580 deﬁciunt,
1925 2510 1987 2565 in
2053 2526 2243 2581 quan-

583 2599 714 2682 tum
741 2619 873 2676 alim
901 2617 1040 2669 sunt
1076 2604 1541 2665 communitates
1595 2602 1869 2656 omnium
1926 2599 2243 2655 hominum

584 2715 664 2772 ad
687 2710 974 2773 invicem,
1020 2698 1231 2774 quales
1268 2696 1522 2750 fratrum
1555 2710 1568 2747 :
1602 2695 1663 2747 at
1711 2690 1870 2745 circa
1920 2688 2157 2745 Patrem
2190 2695 2247 2747 et

585 2802 795 2862 Filium
836 2797 954 2852 hoc
992 2806 1116 2848 non
1138 2784 1417 2859 reperies,
1447 2781 1553 2837 sed
1596 2796 1666 2837 ex
1715 2783 1839 2835 toto
1878 2778 2050 2833 Pater
2085 2778 2246 2850 prin-

585 2894 833 2968 cipium,
875 2890 933 2942 et
958 2882 1137 2938 Filius
1187 2893 1260 2932 ex
1290 2871 1607 2947 principio.
1646 2870 1842 2934 Quare
1885 2883 1995 2923 nec
2040 2867 2242 2924 distri-

582 2957 755 3043 butio
774 2984 863 3037 est
893 2971 1069 3049 primi
1099 2970 1161 3024 in
1197 2961 1555 3029 secundum,
1582 2958 1746 3015 velut
1769 2958 1831 3013 in
1861 2957 2237 3029 corporibus,

582 3087 799 3133 verum
832 3047 1234 3138 generationis
1288 3050 1645 3126 productio:
1688 3063 1884 3119 neque
1925 3047 2085 3102 enim
2130 3048 2236 3103 Pa-
2268 3078 2307 3133 ρ

586 3164 689 3222 tris
738 3136 1077 3233 proprietas
1131 3144 1290 3200 velut
1332 3142 1393 3197 in
1450 3137 1659 3195 Filium
1704 3136 1900 3191 divisa
1947 3136 2077 3204 fuit,
2128 3136 2234 3191 sed

588 3251 713 3310 Filii
739 3223 1087 3320 proprietas
1126 3252 1198 3291 ex
1245 3224 1788 3320 paternaprodiit:
1842 3225 2002 3281 idem
2052 3225 2113 3279 in
2143 3223 2234 3280 di-

586 3313 886 3400 versitate,
933 3335 992 3385 et
1046 3327 1348 3382 diversum
1397 3318 1460 3373 in
1509 3314 1816 3370 identitate
1860 3331 1872 3365 :
1927 3313 2238 3385 quomodo

589 3428 805 3485 dicitur
833 3428 1067 3480 Patrem
1111 3427 1244 3469 esse
1288 3410 1349 3465 in
1398 3406 1563 3472 Filio,
1610 3407 1667 3459 et
1696 3403 1905 3458 Filium
1949 3404 2008 3458 in
2044 3403 2236 3459 Patre.

590 3526 791 3593 Neque
837 3512 996 3570 enim
1045 3500 1355 3562 diversitas
1404 3494 1679 3552 absolute
1728 3491 1991 3547 servabit
2026 3492 2240 3549 verita-

588 3580 716 3671 tem
738 3599 1063 3663 ﬁliationis.
1108 3608 1219 3650 nec
1258 3603 1465 3644 rursus
1493 3581 1775 3639 identitas
1816 3580 2242 3637 indivisionem

588 3702 995 3777 hypostaseos
1030 3707 1043 3745 :
1091 3682 1198 3740 sed
1241 3684 1565 3777 utrumque
1608 3674 2003 3777 coniunctum
2050 3677 2140 3725 est
2171 3687 2241 3727 ac

589 3760 775 3851 unius
830 3780 1028 3848 modi;
1079 3775 1239 3832 idem
1289 3768 1543 3831 diverse,
1585 3766 1642 3819 et
1688 3760 1989 3816 diversum
2025 3761 2240 3818 eodem

590 3848 814 3945 modo;
866 3878 931 3929 ut
974 3860 1292 3925 vocabula,
1325 3871 1460 3928 quae
1504 3852 1583 3909 ad
1632 3850 1717 3906 rei
1770 3848 2237 3905 declarationem

587 3938 923 4045 pertingere
954 3954 1282 4027 nequeunt,
1322 3961 1427 4017 per
1472 3942 1597 3997 vim
1641 3938 2024 3996 adducantur
2057 3956 2069 3993 :
2102 3954 2241 3993 con-

588 4027 866 4116 iirmarite
916 4038 1370 4109 intelligentiam
1434 4036 1729 4105 nostram,
1773 4027 2046 4093 Domino,
2098 4044 2237 4082 cum

587 4163 697 4221 per
724 4154 937 4199 vocem
969 4134 1166 4201 major
1183 4128 1229 4161 ⁵ο
1263 4125 1495 4177 Patrem
1521 4117 1768 4189 quidem
1809 4116 1871 4170 in
1897 4116 2236 4188 aequalitate

587 4204 884 4307 majorem
914 4220 1177 4285 exhibet,
1220 4210 1428 4269 Filium
1484 4222 1626 4261 vero
1665 4205 1727 4260 in
1772 4204 1993 4259 minori
2041 4205 2236 4281 gradu

584 4292 907 4403 praeditum
960 4305 1337 4403 aequalitate“:
1380 4292 1811 4403 quod'dpﬁuit,
1842 4292 1913 4391 in.
1959 4292 2233 4403 (‘stng

2343 1814 2461 1855 νους
2500 1801 2590 1846 τοῦ
2630 1792 2685 1845 ἐκ
2726 1790 2911 1857 Δαϐὶδ,
2944 1801 3347 1867 προεπινοεῐται,
3378 1796 3507 1846 καθὸ
3538 1791 3691 1847 Δαϐὶδ
3718 1811 3729 1825 ⁸
3770 1794 3872 1847 ἐπεί-

2343 1903 2437 1959 περ
2470 1885 2498 1941 ἠ
2524 1890 2614 1934 τοῦ
2655 1878 2819 1935 Δαϐίὸ
2860 1878 3032 1940 ὶδιότη
3046 1904 3085 1945 ς,
3120 1881 3219 1933 ἀπὸ
3250 1891 3341 1934 τοῦ
3365 1880 3532 1935 Δαϐιὸ
3561 1886 3778 1956 ἄρχεται,
3809 1888 3872 1934 καὶ

2345 1976 2375 2032 ἠ
2409 1974 2655 2033 ὑπόθεσις
2683 1980 2781 2023 τῶν
2813 1970 2865 2033 ἐξ
2909 1971 3065 2023 αὐτοῦ
3095 1974 3320 2041 πάντων,
3376 1972 3529 2034 αὐτός
3559 1992 3570 2005 ⁸
3599 1972 3694 2024 ἀλλ’
3733 1969 3869 2031 ἐπειδὴ

2345 2072 2511 2115 ταυτα
2577 2060 2930 2125 ἀπολείπεται,
3001 2063 3129 2113 mos
3210 2061 3342 2113 εἰσιν
3406 2063 3567 2134 ἕτεραι
3636 2066 3873 2123 κοινότητες

2348 2153 2628 2224 ἀνθρώπων
2702 2152 2940 2203 ἁπάντων
2995 2156 3123 2223 πρός
3176 2151 3455 2217 ἀλλήλους,
3506 2154 3605 2204 οἶαι
3664 2153 3717 2203 ἂν
3758 2148 3874 2204 ἀδελ-

2349 2252 2488 2315 φῶν·
2536 2241 2620 2294 ἐπὶ
2669 2238 2726 2293 δὲ
2774 2244 2979 2315 Πατρός
3030 2245 3119 2292 καὶ
3168 2246 3294 2293 Tia-3
3340 2248 3569 2294 τοιοῦτον
3620 2242 3702 2294 οὐκ
3750 2245 3873 2305 ἔστιν,

2350 2331 2478 2383 ἀλλὰ
2514 2334 2570 2383 τό
2610 2330 2722 2382 ὅλον
2783 2334 2962 2401 Πατὴρ
3022 2329 3186 2401 ἀρχὴ,
3240 2335 3330 2381 καὶ
3360 2332 3478 2393 Υἱός
3522 2333 3573 2383 ἐκ
3607 2338 3691 2392 τῆς
3728 2329 3874 2404 ἀρχῆς.

2351 2421 2553 2472 Οὐκοῦν
2593 2415 2716 2471 οὐδὲ
2758 2416 3112 2491 ἁπομερισμός
3167 2426 3258 2470 τοῦ
3301 2423 3554 2493 προτέρου
3602 2419 3663 2480 εἰς
3695 2422 3743 2471 τό
3791 2415 3877 2470 δεν-

2350 2529 2516 2585 τερον,
2571 2510 2744 2581 ῶσπερ
2794 2507 2877 2559 ἐπὶ
2933 2510 3206 2578 σωμάτων,
3250 2506 3363 2559 ἀλλ’
3396 2507 3730 2579 ἀπογέννησις,
3775 2504 3878 2558 Οὖόε

2352 2602 2450 2672 γὰρ
2491 2600 2520 2657 ἠ
2567 2601 2771 2672 Πατρός
2804 2593 3011 2656 ἰδιότης
3058 2598 3293 2671 καθάπερ
3354 2598 3424 2658 εἰς
3476 2600 3587 2650 Υἱὸν
3631 2596 3877 2670 ἀπομεμέρι-

2356 2708 2500 2758 σται,
2533 2687 2641 2739 ἀλλ’
2682 2689 2710 2744 ἠ
2763 2693 2852 2738 τοῦ
2892 2687 3015 2737 Υἰου
3055 2683 3109 2737 ἐκ
3139 2694 3229 2746 τῆς
3268 2694 3365 2738 τοῦ
3405 2690 3601 2762 Πατρός
3648 2685 3877 2757 ἐκπέρηνρ

2354 2780 2535 2831 τουτόν
2585 2775 2633 2828 έν
2682 2775 2961 2847 ἑτερότητι,
3002 2768 3091 2826 καὶ
3138 2775 3307 2849 ἕτερον
3363 2774 3411 2827 ἐν
3462 2780 3748 2833 ταυτότητι·
3781 2775 3876 2825 καθὸ

2351 2868 2554 2939 λέγεται
2612 2868 2820 2936 Πατέρα
2873 2860 3000 2914 εἶναι
3052 2861 3100 2914 ἐν
3164 2866 3287 2933 riga,
3342 2869 3432 2916 καὶ
3479 2868 3592 2917 Υίόν
3639 2863 3681 2916 ἐν
3731 2868 3873 2935 Πατρί.

2352 2960 2484 3009 Οὔτε
2547 2958 2645 3029 γὰρ
2698 2956 2728 3012 ἡ
2786 2953 3021 3028 ἑτερότης
3077 2951 3249 3014 ἁπλῶς
3297 2954 3511 3025 φυλάξει
3555 2958 3641 3011 τὴν
3692 2952 3873 3011 ἀληθειαν

2347 3055 2441 3107 τῆς
2480 3048 2734 3112 υἰότητος,
2779 3045 2895 3095 οὔτε
2934 3044 2962 3099 η
3014 3046 3269 3102 ταυτότης
3300 3040 3371 3094 αὖ
3420 3047 3475 3095 τό
3523 3042 3769 3115 ἀμέριστον
3805 3049 3872 3101 τῆς

2345 3137 2683 3195 ὑποστάσεως
2714 3150 2726 3163 '
2762 3130 2869 3183 ἀλλ’
2917 3131 3153 3207 ἑκάτερον
3195 3132 3498 3204 σύμπλοχον
3543 3138 3627 3184 καὶ
3663 3128 3869 3191 ἐνοειόἐς⁸

2348 3229 2534 3278 ταυτὸν
2566 3222 2766 3297 ἑτέρως,
2806 3226 2895 3272 καὶ
2935 3222 3101 3293 ἕτερον
3149 3224 3436 3284 ὡσαύτως·
3498 3223 3575 3273 ἵνα
3620 3242 3690 3282 τις
3721 3223 3774 3273 τὰ
3800 3221 3872 3293 ρή-

2347 3335 2509 3389 ματα,
2573 3318 2644 3385 μὴ
2706 3311 3043 3384 ἐφικνούμενα
3096 3318 3190 3372 τῆς
3248 3308 3871 3376 δηλῶσεως,ἑκϐιάσηται·

2352 3402 2684 3477 βεϐαιοῦντος
2730 3403 2855 3473 ἡμῖν
2903 3407 2996 3451 του
3041 3404 3235 3473 Κυρίου
3267 3404 3367 3457 τὴν
3400 3404 3604 3466 ἔννοιαν,
3640 3404 3718 3451 καὶ
3764 3398 3801 3449 ἐν

2350 3493 2544 3565 μείζων
2586 3494 2675 3564 μὲν
2739 3490 2945 3545 ἰσότητι
3001 3489 3136 3559 (‘28),
3198 3492 3521 3561 παριστάναι
3568 3492 3647 3540 τόν
3702 3492 3871 3557 Πατέρα,

2350 3586 2437 3635 τὸν
2479 3579 2538 3634 δὲ
2570 3584 2710 3651 Υίόν,
2746 3578 2792 3631 ἐν
2833 3577 3087 3630 ὑποϐάσει
3133 3581 3192 3629 τὸ
3240 3581 3361 3629 ἴσον
3393 3582 3610 3650 ἔχοντα*
3642 3580 3746 3649 ὅπερ
3795 3570 3871 3626 ἐδί-

2353 3670 2505 3734 δαξεν
2545 3669 2593 3723 ἐν
2639 3665 2869 3741 ὁμοειδεῖ
2924 3671 3033 3739 μεν,
3089 3668 3340 3740 ὑφειμένῳ
3398 3664 3458 3720 δε
3500 3672 3623 3740 φωτὶ
3671 3673 3777 3717 νοεῖν
3812 3665 3871 3713 τόν

2352 3761 2492 3827 Υἰόν,
2552 3764 2623 3832 μὴ
2666 3763 2759 3816 την
2820 3757 3003 3808 οὐσίαν
3051 3755 3477 3827 ἐξαλλάττόντας,
3531 3755 3650 3808 ἀλλὰ
3693 3758 3739 3807 τὸ
3785 3751 3869 3803 αὐτὸ

2350 3847 2726 3922 ὑπερϐεϐληκός
2764 3850 2851 3898 καὶ
2908 3844 2955 3896 ἐν
3004 3848 3181 3917 ὑφέσει
3238 3847 3572 3921 θεωροῦντας.
3605 3847 3663 3897 Οἱ
3696 3846 3769 3916 μὲν
3800 3844 3867 3911 γὰρ

2347 3942 2439 3997 τὴν
2480 3938 2662 3989 οὐσίαν
2711 3934 2758 3987 ἐν
2800 3931 3024 4007 οὐδεμιᾷ
3061 3938 3347 3991 ταυτότητι
3383 3931 3779 4010 παραδεξάμενοι,
3804 3933 3868 3984 τὴν

2348 4022 2596 4100 ὁμοίωσιν
2647 4025 2843 4088 ἔξωθεν,
2877 4027 3106 4097 φέροντες
3164 4032 3234 4093 τῷ
3286 4026 3393 4094 Υὶῷ
3456 4014 3867 4099 προστιθέασιν’ὁ

2348 4114 2415 4175 δὴ
2471 4121 2561 4168 καὶ
2626 4117 2718 4176 ἓως
2772 4112 3051 4187 ἀνθρώπων
3102 4108 3383 4180 διαϐαίνει,
3436 4122 3534 4165 τῶν
3581 4112 3859 4185 ὁμοιουμένων

2343 4214 2415 4277 τῷ
2457 4214 2590 4275 Θεῷ.
2625 4206 2689 4255 Οἱ
2716 4199 2773 4255 δὲ
2798 4206 2884 4260 την
2920 4203 3168 4274 ὁμοίωσιν
3212 4210 3315 4261 τοῖς
3360 4208 3611 4275 ποιήμασι
3637 4205 3868 4273 πρέπουσαν

2346 4291 2562 4361 εἰδότες,
2592 4293 2637 4345 ἐν
2669 4295 2950 4348 ταυτότητι
2980 4293 3069 4362 μεν
3114 4294 3199 4341 τόν
3232 4294 3349 4342 Υίόν
3386 4293 3695 4343 συνάπτουσι
3728 4286 3864 4355 Πατρὶ.

586 4378 806 4493 ἔρροὶοὶ
834 4378 1101 4483 quidem,
1134 4402 1195 4454 at
1225 4386 1489 4449 inferiori
1540 4384 1716 4457 465
1770 4381 1997 4436 lumine
2028 4382 2233 4438 intelli-

1232 4486 1242 4493 ·
1431 4484 1440 4493 ι
1553 4476 1597 4493 ιε
1671 4471 2062 4493 -__L_;-...:.__-_
2129 4474 2229 4493 --λ

2347 4378 2767 4456 ὑφειμένῃιρῗζήτῄ
2790 4384 3098 4443 ,ταυτότητι
3122 4399 3133 4411 ·
3172 4380 3252 4429 ἱνα
3291 4384 3363 4450 μὴ
3401 4380 3605 4441 αὖτὸςό
3650 4378 3863 4445 Πατήρ,ἱῖ

2400 4478 2431 4493 μγ
2454 4491 2493 4493 ,κ
2527 4474 2693 4493 ..ηυξ
2716 4491 2726 4493 _
2797 4468 2823 4493 Α
2869 4464 3100 4493 ἓ..-...-.·’.Α
3130 4472 3451 4493 _---:.____-__
3494 4476 3557 4493 -.τ
3615 4465 3741 4493 1.13..
3764 4461 3851 4493 1-2;”

587 4471 996 4581 iamiam;
1052 4504 1175 4548 non
1230 4476 1612 4540 immutando
1666 4471 2089 4539 substantiam,
2126 4474 2233 4528 sed

1311 4577 1319 4581 ’
1543 4566 1553 4575 ’
1680 4566 1724 4581 “
1756 4562 1808 4581 ²“
1860 4561 2199 4581 Α-Μᾼμεκιη

585 4561 1034 4655 gonsiderando
1054 4581 1238 4643 idem,
1271 4577 1328 4629 et
1358 4566 1633 4641 superius
1671 4566 1728 4618 et
1756 4562 1817 4618 in
1853 4561 2061 4617 ordine
2090 4562 2235 4618 infe-

581 4650 744 4744 riori.
770 4682 838 4736 At
860 4677 1022 4734 enim
1052 4668 1157 4743 qui
1198 4656 1600 4720 substantiam
1622 4654 1691 4744 in
1726 4650 1892 4707 nulla
1921 4650 2233 4708 identitate

583 4738 928 4833 admittunt,
977 4738 1431 4817 similitudinem
1486 4742 1856 4800 extrinsecus
1918 4738 2241 4795 afferentes

582 4829 729 4920 Pilio
759 4829 1084 4928 adjiciunt:
1123 4842 1289 4919 quod
1335 4852 1483 4928 sane
1509 4832 1591 4928 ad
1624 4831 1788 4928 ipsos
1834 4844 2082 4928 qudque
2129 4829 2233 4884 ho.

582 4917 776 5010 mines
812 4917 1021 5002 transit
1073 4917 1177 5009 qui
1210 4935 1326 4987 Deo
1365 4920 1680 4983 assimilati
1720 4922 1880 4974 sunt.
1940 4917 2051 4983 Qui
2089 4933 2233 4972 vero

581 5036 956 5112 cognoscunt
971 5006 1423 5083 similitudinem
1446 5011 1732 5070 creaturis
1753 5006 2231 5075 convenientem,

579 5095 990 5191 iduidentitate
1038 5111 1289 5187 quidem
1333 5104 1543 5161 Filium
1584 5116 1722 5156 cum
1760 5100 1929 5153 Patre
1984 5095 2235 5166 conjun-

580 5186 749 5296 gunt;
774 5214 882 5272 sed
902 5186 1209 5269 identitate
1234 5192 1661 5258 submissiore;
1685 5204 1759 5245 ne
1791 5187 1919 5259 ipse
1943 5188 2108 5242 Pater
2138 5186 2228 5257 sit,

2346 4478 2496 4544 μέρος
2526 4474 2749 4542 Πατρός,
2792 4468 2825 4519 ἃ
2866 4464 3100 4528 δυνατῶς
3130 4472 3454 4541 παρίσταται
3492 4476 3581 4537 τῷ,
3611 4465 3741 4524 ἀλλος
3764 4461 3862 4514 Υἱὸς.

2346 4561 2480 4614 οὕτω
2522 4563 2666 4627 Θεὸς,
2714 4559 2819 4630 οὐχ
2850 4561 2918 4618 ὡς
2963 4556 3168 4623 ἐκεῖνος,
3208 4555 3315 4608 ἀλλ’
3356 4560 3425 4619 ὡς
3458 4556 3507 4619 ἐξ
3535 4555 3726 4619 ἐκείνου,
3759 4548 3803 4601 οὐ
3826 4546 3862 4595 τό

2345 4654 2705 4723 πρωτότυπον,
2773 4647 2881 4700 ἀλλ’
2939 4647 3101 4699 εἰκών.
3171 4642 3333 4706 Οὗτος
3387 4648 3664 4718 όμοούσιος,
3729 4639 3865 4708 Egypt-

2345 4743 2510 4811 μένως
2540 4740 2684 4812 παρὰ
2712 4739 2883 4790 πάντα
2929 4741 3017 4787 καὶ
3068 4732 3381 4797 ἰδιαζόντως
3403 4754 3415 4767 ο
3458 4735 3559 4806 οὐχ
3605 4735 3663 4791 ὡς
3694 4731 3748 4781 τὰ
3779 4727 3865 4794 ὁμου

2343 4836 2491 4899 γενῆ,
2549 4828 2654 4899 οὐχ
2703 4830 2771 4888 ὡς
2810 4829 2875 4878 τὰ
2922 4825 3359 4899 ἀπομεριζόμενα,
3400 4822 3506 4875 ἀλλ’
3536 4826 3600 4883 ὡς
3626 4820 3673 4872 ἐκ
3698 4801 3771 4868 τοῦ
3791 4813 3863 4866 ἑνὸς

2342 4922 2522 4989 γένους
2552 4921 2642 4969 καὶ
2682 4912 2851 4975 εἴδους
2904 4924 2999 4975 τῆς
3030 4916 3293 4979 Θεότητος,
3334 4912 3382 4965 ἓν
3414 4917 3500 4964 καὶ
3527 4914 3667 4983 μόνον
3702 4902 3863 4970 ἀπογέν-

2343 5026 2504 5079 νημα,
2538 5003 2821 5079 ἀδιαιρέτῳ
2853 5009 2942 5056 καὶ
2972 5002 3235 5075 ἀσωμάτῳ
3265 4998 3473 5076 προόδῳ
3504 5015 3517 5030 ’
3547 4998 3653 5050 καθ’
3677 4996 3725 5052 ἣν
3748 4993 3861 5063 μόνον

2344 5100 2401 5148 τό
2427 5103 2612 5167 γεννῶν
2640 5094 2688 5147 ἐν
2726 5103 2789 5167 τῇ
2822 5100 3092 5165 γεννητικῇ
3151 5088 3397 5158 ἰδιότητι,
3455 5087 3685 5163 προῆλθεν
3711 5081 3765 5139 εἰς
3793 5080 3860 5130 τὴν

2342 5187 2646 5255 γεννητικὴν
2685 5186 2799 5253 (29)
2831 5179 3093 5237 ἰδιότητα.

581 5253 1272 5384 ξὲῗὲξιζέξῖτῖέῗᾷόω
1304 5287 1579 5359 potenter
1614 5253 2105 5335 diemor-istrantur
2147 5253 2253 5346 per
2303 5253 2475 5339 illud,
2515 5272 2680 5329 Alius
2713 5271 2924 5337 Filius;
2955 5274 3040 5326 sic
3090 5274 3264 5338 Deus,
3308 5285 3429 5326 non
3474 5271 3534 5323 ut
3563 5265 3665 5329 ille,
3706 5254 3790 5312 sed
3812 5253 3860 5305 ut

654 5438 701 5473 ⁵ο
731 5438 901 5491 Joan.
932 5442 1054 5493 xxv,
1088 5423 1175 5477 28.

658 5595 772 5665 (’28)
804 5593 956 5649 Fort.
988 5584 1201 5660 μείζονα
1402 5589 1475 5625 ισ.
1505 5566 1777 5623 Cornum.

2419 5560 2527 5630 (29)
2558 5560 2717 5616 Fort.
2755 5562 3024 5629 γενητήν.
3050 5558 3248 5613 COTEL.
