4050 6220
242 347 384 404 1105
1102 346 1119 412 ς
1148 342 1628 405 EPISTOLARUM
1672 349 1841 408 CLAS

2010 351 2102 407 III.
2143 351 2358 408 EPIST.
2398 351 2702 409 CCCLXIV.
3458 354 3476 407 Ι
3494 353 3592 407 106

241 486 313 526 ex
341 469 442 525 illo
468 486 481 537 ;
515 485 637 526 non
662 470 1036 543 primitivum
1072 472 1399 544 exemplar,
1433 472 1539 529 sed
1569 473 1792 545 imago.
1826 475 1927 532 Hic
1949 475 2496 545 consubstantialis,
2527 475 2831 549 praecipue
2858 489 3037 547 super
3068 473 3275 529 omnia
3314 477 3371 530 et
3417 489 3597 547 pecu-

239 557 496 625 liariter;
528 575 652 615 non
684 564 975 633 tanquam
1008 577 1078 617 ea
1108 577 1242 633 quae
1270 567 1408 617 sunt
1428 562 1699 634 ejusdem
1731 564 1982 636 generis,
2008 580 2130 620 non
2154 570 2445 636 tanquam
2477 581 2549 622 ea
2578 582 2713 637 quae
2746 564 3064 620 distributa
3094 569 3267 631 sunt;
3296 564 3402 619 sed
3432 556 3597 619 velut

238 663 312 703 ex
344 663 467 704 uno
498 663 717 718 genere
746 666 991 722 unaque
1023 650 1220 722 specie
1246 650 1595 721 divinitatis,
1621 668 1745 709 una
1774 658 1832 709 et
1862 653 1993 709 sola
2017 653 2358 725 progenies,
2393 653 2705 709 individuo
2736 658 2791 709 et
2833 653 3199 725 incorporali
3229 667 3591 725 progressu:

236 751 348 809 per
367 752 550 809 quem
576 738 745 810 quod
766 742 1011 809 generat
1041 754 1295 796 manens
1326 739 1386 795 in
1409 741 1756 810 generativa
1784 743 2170 815 prOprietatc,
2204 743 2497 815 processit
2519 743 2581 799 in
2612 743 2875 813 genitam
2909 744 3356 816 proprietatem.
3678 736 3685 741 ’

778 921 1107 970 ΕΗΙΣΤΟΛΗ
1147 916 1301 973 ΤΞΓ.

2432 922 2671 978 EPISTO
2682 923 2766 977 LA
2793 922 3126 979 CCCLXlll'.

238 1020 577 1080 Laudatur.
605 1037 796 1093 supra
820 1024 973 1081 alios
1001 1024 1303 1095 Scipturoe
1334 1024 1687 1094 interpretes
1738 1024 2158 1154 Aplolinariitis,
2191 1027 2266 1083 ab
2321 1043 2498 1100 eoque
2538 1029 2791 1097 petitur,
2824 1033 2889 1083 ut
2936 1043 2995 1084 se
3025 1028 3097 1083 de
3126 1027 3298 1084 rebus
3328 1028 3592 1086 obscuris

1634 1112 1817 1153 consu
1850 1113 1869 1151 ι
1897 1114 1978 1154 pa
2010 1114 2068 1154 ια
2100 1114 2193 1154 ur.

1634 1112 1869 1153 consult
1893 1112 2193 1168 patiatur.

852 1235 1125 1312 Ἀπολιναρ
1134 1241 1213 1310 ίῳ.
1860 1225 1908 1278 Α

1860 1225 1908 1278 Α
2576 1242 2623 1296 A
2632 1242 2955 1311 polinario.

308 1346 392 1413 Τῷ
432 1338 665 1415 δεσπότῃ
709 1362 830 1415 μου,
879 1351 949 1414 τῷ
995 1341 1398 1418 αὶδεσιμωτάτῳ
1439 1342 1626 1417 ἀδελῷ,
1679 1345 1834 1399 Ἀπο-

2017 1348 2271 1405 Domino
2307 1364 2461 1413 meo,
2493 1349 2996 1405 reverendissimo
3020 1348 3203 1415 fratri,
3225 1349 3590 1421 Apolinario,

233 1429 470 1503 λιναρίῳ,
538 1432 822 1492 Βασᾶειος.
892 1435 1250 1506 Διημάρτομεν
1323 1444 1422 1486 τῶν
1502 1438 1832 1507 προφάσεων,

1996 1438 2216 1494 asilius.
2252 1439 2480 1511 Elapsae
2529 1444 2669 1494 sunt
2708 1438 3079 1507 occasiones,
3112 1438 3337 1510 quibus
3376 1439 3595 1495 licebat

238 1512 318 1569 δι’
344 1520 410 1569 ὧν
468 1516 581 1577 ἐνῆν
634 1526 937 1591 προσειπεῖν
986 1540 1080 1572 σου
1128 1526 1221 1579 τὴν
1271 1520 1555 1589 εὐλάϐειαν,
1600 1528 1835 1594 καίτοιγε

1993 1529 2222 1585 ietatem
2251 1532 2416 1583 tuam
2439 1527 2685 1600 alloqui,
2702 1528 2810 1583 etsi
2830 1527 3105 1584 lubenter
3130 1528 3206 1583 ad
3219 1527 3443 1583 litteras
3461 1529 3592 1584 illas

238 1602 412 1669 ἡδέως
466 1607 525 1659 ἂν
592 1606 676 1660 ἐπὶ
727 1615 837 1670 τοῖς
888 1610 1195 1684 γράμμασιν
1244 1612 1454 1673 ἐκείνοις
1510 1610 1836 1665 ἐπιστείλαν-

1992 1617 2454 1689 ascripserimus.
2487 1619 2560 1672 Te
2601 1617 2761 1672 enim
2809 1616 2870 1671 in
2911 1616 3146 1673 silentio
3194 1616 3461 1673 obtinere
3491 1634 3591 1673 vo-

236 1715 342 1757 τες.
369 1699 428 1749 Σὲ
476 1699 574 1769 γὰρ
624 1696 673 1749 ἐν
732 1705 903 1770 σιωπῇ
962 1703 1204 1771 κατέχειν
1244 1704 1336 1757 τὴν
1370 1696 1565 1759 ἡδονὴν
1605 1699 1681 1753 ἐπ’
1712 1700 1835 1753 ἐκεί-

1992 1711 2236 1779 iptatem
2258 1707 2320 1762 in
2349 1706 2461 1762 illis
2490 1706 2665 1762 laetati
2702 1723 2929 1761 sumus.
2974 1710 3122 1763 Nam
3159 1723 3369 1763 revera
3415 1706 3591 1763 nobis

238 1793 352 1847 νοις
396 1786 656 1857 ἥσθημεν.
696 1784 891 1847 ’Ὁντως
945 1789 1047 1861 γὰρ
1115 1788 1239 1859 ἡμῖν
1293 1784 1472 1850 ἔδοξας
1523 1785 1596 1849 οἷς
1652 1792 1837 1842 πεπνύ-

1994 1797 2109 1851 isus
2138 1812 2201 1851 es
2225 1798 2383 1851 solus
2411 1810 2620 1865 sapere
2651 1812 2663 1849 :
2697 1795 3087 1868 interpretum
3119 1800 3321 1851 autem
3369 1797 3593 1852 umbrae

248 1876 395 1926 σθαι·
453 1882 552 1925 τῶν
606 1874 984 1947 ἐρμηνευόντων
1035 1873 1093 1928 δὲ
1153 1880 1299 1929 σκιαὶ
1357 1875 1636 1930 ἀίσσουσιν
1702 1880 1835 1949 (30)·

2081 1891 2204 1941 tant
2239 1903 2251 1940 :
2284 1884 2367 1939 ita
2413 1884 2491 1941 ad
2546 1884 2809 1940 solidum
2857 1900 3102 1940 sensum
3154 1885 3593 1957 expositionem

247 1963 414 2023 οὕτως
436 1960 508 2014 ἐπ’
538 1959 799 2035 ἀσφαλοῦς
834 1972 927 2026 τῆς
958 1961 1190 2026 διανοίας
1232 1970 1326 2023 τὴν
1382 1965 1631 2037 εξήγησιν
1674 1968 1838 2039 οἷγων,

1993 1974 2139 2030 ucis.
2174 1976 2239 2029 Et
2268 1977 2422 2028 certe
2456 1989 2617 2028 nunc
2654 1973 3216 2044 cognoscendorum
3248 1974 3592 2030 divinorum

245 2056 350 2105 Καὶ
406 2059 493 2103 νῦν
552 2048 619 2110 δὴ
672 2052 820 2105 πλέον
872 2054 896 2105 ὁ
952 2056 1071 2129 ἔρως
1113 2062 1202 2115 τῆς
1242 2059 1480 2126 γνώσεως
1544 2065 1643 2107 τῶν
1698 2058 1841 2109 θείων

2001 2063 2327 2135 ,oquiorum
2369 2062 2589 2134 cupido
2639 2063 2932 2133 majorem
2988 2064 3047 2118 in
3097 2064 3348 2119 modum
3409 2062 3600 2133 tangit

240 2140 428 2213 λογίων
481 2141 701 2195 ἅπτεται
737 2150 827 2204 τῆς
867 2143 1057 2216 ψυχῆς
1097 2164 1217 2217 μου.
1270 2143 1548 2217 Προϐαλεῖν
1611 2148 1702 2218 μὲν
1754 2142 1839 2199 οὖν

2001 2153 2225 2207 nimum
2275 2167 2502 2208 meum.
2557 2154 2629 2207 At
2679 2150 2787 2207 tibi
2844 2167 3178 2224 proponere
3208 2152 3484 2224 qumdam
3529 2168 3600 2207 ex

244 2250 332 2283 σοι
385 2238 483 2283 τῶν
540 2230 902 2307 ἀπορουμένων
962 2236 1077 2286 τινὰ
1138 2232 1364 2301 ἀποκνῶ,
1397 2239 1468 2307 μὴ
1530 2230 1667 2297 δόξω
1713 2240 1843 2312 πέρα

2007 2240 2153 2296 ubiis
2186 2256 2303 2295 non
2338 2239 2555 2309 audeo,
2582 2255 2656 2294 ne
2690 2240 2891 2295 videar
2920 2240 3074 2296 ultra
3101 2241 3355 2296 modum
3382 2241 3606 2296 ﬁducia

242 2328 339 2372 τοῦ
401 2325 591 2396 μέτρου
647 2320 984 2396 ἐμφορεῖσθαι
1022 2331 1112 2383 τῆς
1167 2324 1486 2398 παρρησίας.
1544 2330 1744 2395 Σιωπᾲν
1786 2321 1841 2377 δὲ

2006 2330 2189 2401 :pleri.
2225 2332 2438 2386 Tacere
2471 2345 2612 2385 vero
2642 2330 2857 2385 iterum
2886 2345 3010 2385 non
3058 2332 3352 2399 sustineo,
3401 2334 3605 2403 partu-

244 2410 401 2464 πάλιν
455 2411 514 2463 οὐ
561 2421 815 2487 καρτερῶ,
862 2410 1062 2466 ὠδίνων
1113 2417 1201 2465 xui.
1250 2415 1323 2466 ἔτι
1366 2412 1676 2487 προσλαϐεῖν
1718 2414 1843 2487 ἐφιέ-

2010 2436 2136 2485 ens,
2166 2419 2488 2492 adhucque
2528 2423 2896 2475 antevertere
2954 2420 3236 2489 gestiens.
3280 2421 3474 2485 Quare
3504 2434 3606 2492 op-

247 2520 415 2573 μενος.
475 2500 727 2576 Ἀριστον
777 2498 864 2553 οὖν
921 2521 1011 2575 μοι
1056 2504 1333 2574 ,κατεφάνη
1416 2504 1679 2555 πυθέσθαι
1729 2522 1844 2570 σου,

2010 2524 2175 2563 mum
2224 2507 2387 2563 factu
2445 2507 2674 2575 censui,
2707 2512 2773 2563 ut
2822 2513 3209 2580 percontarer
3234 2524 3307 2565 ex
3354 2512 3429 2578 te,
3460 2525 3609 2565 num

248 2603 467 2671 πότερον
527 2596 670 2670 ἓφίης
718 2600 864 2672 ἡμῖν,
923 2600 962 2651 ὦ
1034 2602 1312 2673 θαυμάσιε,
1374 2598 1565 2673 ἐρωτᾷν
1634 2620 1685 2652 τι
1749 2608 1847 2653 τῶν

2013 2598 2368 2653 ermissurus
2420 2596 2748 2665 nobissis,
2799 2613 2835 2653 o
2896 2596 3273 2665 admirando,
3334 2597 3612 2654 nonnihil

250 2686 641 2761 ἀπορουμένων,
691 2689 719 2749 ἦ
780 2692 890 2764 χρὴ
945 2692 1038 2748 τὴν
1082 2690 1319 2762 ἡσυχίαν
1368 2691 1530 2760 οἴγειν.
1581 2688 1849 2763 Ὀπότερον

2013 2691 2328 2757 iterrogare
2372 2686 2445 2741 de
2500 2686 2922 2756 controversis,
2957 2702 3035 2741 an
3092 2691 3365 2757 Oporteat
3412 2692 3612 2743 tenere

255 2772 305 2829 δ’
331 2776 393 2828 ἆν
426 2776 702 2851 ἀποκρίνῃ,
750 2785 903 2831 τοῦτο
955 2778 1237 2853 φρλάξομεν
1280 2787 1371 2832 τοῦ
1424 2778 1628 2833 λοιποῦ.
1670 2777 1854 2853 Ἔρρω-

2016 2775 2285 2831 lentium.
2319 2774 2620 2830 Utrumvis
2666 2789 2847 2845 porro
2873 2774 3265 2846 respondeas,
3296 2775 3359 2829 id
3414 2775 3614 2831 obser-

256 2870 409 2938 μένον
465 2885 519 2919 τε
566 2871 655 2919 καὶ
722 2868 941 2939 εὔθυμον
1008 2871 1098 2919 καὶ
1156 2869 1569 2943 ὑπερευχόμενον
1644 2869 1853 2939 ἔχοιμεν

2015 2863 2244 2919 abimus
2275 2863 2580 2935 deinceps.
2620 2864 2845 2919 Sanum
2868 2863 3192 2935 laetumque
3218 2867 3274 2918 et
3302 2878 3412 2934 pro
3438 2862 3614 2939 nobis

260 2973 319 3008 σε
355 2951 391 3007 δ
396 2959 609 3008 ιαπαντό
619 2975 657 3016 ς.

1966 2957 2239 3010 orantem
2271 2956 2323 3008 te
2349 2951 2769 3025 possideamus
2796 2967 3052 3024 semper.

794 3105 1130 3153 ΕΠΙΣΤΟΛΗ
1178 3098 1307 3153 ΤΞΔ’
1322 3143 1334 3155 .
2366 3098 2393 3150 Ε

2366 3094 2711 3152 EPISTOLA
2747 3094 3116 3150 CCCLXIV".

336 3205 628 3264 Basilium
654 3209 897 3279 frustra
927 3209 1239 3279 quaesitum
1270 3207 1333 3263 in
1368 3206 1747 3278 Cappadocia
1776 3204 2171 3279 Apolinarius
2198 3203 2403 3259 oblata
2434 3204 2741 3279 occasione
2766 3217 2879 3279 per
2903 3204 3150 3279 litteras
3176 3202 3424 3279 salutat.
3454 3204 3617 3279 Nun-

260 3281 381 3335 tiat
412 3281 639 3337 venisse
654 3273 966 3349 episcopos
996 3279 1349 3350 Egyptz'os,
1388 3273 1700 3349 et‘s'cripta.
1727 3273 1925 3350 allata
1950 3291 2071 3332 esse
2094 3290 2343 3350 prorsus
2368 3276 2706 3350 necessaria
2736 3275 2817 3329 ad
2845 3290 2940 3350 eos
2970 3273 3352 3350 refellendos,
3387 3276 3487 3345 qui
3514 3290 3619 3331 an-

261 3357 363 3407 tea
391 3358 597 3420 aperte
634 3346 1154 3417 co'ntradicebarit,
1174 3346 1344 3407 nunc
1364 3346 2061 3413 occulte'conlradicunt,
2090 3347 2437 3420 introducto
2462 3347 2651 3401 simili
2677 3347 3003 3420 secundum
3036 3346 3371 3420 essentiam,
3390 3352 3619 3420 utcon-

258 3418 653 3548 gbstantiale
701 3423 1046 3495 abrogetur.
1099 3425 1279 3479 Sanw
1303 3423 1447 3492 ﬁdei
1484 3421 1885 3481 defensionem
1911 3418 2137 3476 nemini
2176 3419 2370 3488 magis
2418 3432 2748 3487 congruere
2772 3418 3070 3484 declarat,
3104 3432 3283 3489 quam
3315 3419 3531 3473 Basilio
3562 3424 3617 3474 et

316 3509 576 3548 reaorzo.

316 3509 576 3565 regorzo.

730 3583 978 3655 Βασιλείῳ
1019 3582 1398 3655 Ἀπολινάριος.

2458 3578 2680 3635 Basilio
2718 3578 3130 3648 Apolinarius.

331 3696 420 3761 Τῷ
468 3687 696 3763 δεσπότῃ
753 3709 875 3762 μου,
919 3698 990 3761 τῷ
1026 3692 1373 3761 ποθεινοτάτῳ
1423 3685 1645 3761 ἀδελφῷ,
1699 3694 1860 3740 Βασι-

2044 3685 2299 3742 Domino
2389 3702 2546 3755 meo,
2606 3686 3058 3758 exoptatissimo
3129 3685 3311 3755 fratri,
3382 3685 3615 3755 Basilio,

260 3779 398 3851 λείῳ,
437 3780 793 3852 Ἀπολινάριος
831 3780 879 3830 ἐν
931 3783 1106 3852 Κυρίῳ
1161 3783 1389 3854 χαίρειν·
1428 3785 1535 3831 Ποῦ
1574 3781 1662 3850 μὲν
1719 3782 1858 3849 ἤμην

2025 3775 2355 3847 polinarius
2407 3774 2468 3830 in
2521 3775 2773 3830 Domino
2842 3774 3120 3830 salutem.
3180 3774 3436 3829 Ubinam
3486 3773 3617 3844 ipse

259 3870 441 3938 οώτός,
489 3865 739 3939 δέσποτα,
797 3876 896 3920 ποῦ
948 3864 1007 3921 δὲ
1064 3869 1093 3926 ἡ
1162 3870 1501 3925 ποθεινοτάτη
1567 3871 1703 3939 φωνὴ
1773 3871 1858 3919 καὶ

2019 3880 2157 3931 iam,
2191 3863 2457 3933 domine,
2488 3863 2591 3919 ubi
2644 3879 2786 3920 vero
2834 3862 3341 3919 desideratissima
3390 3877 3531 3929 vox,
3561 3865 3618 3918 et

255 3960 487 4035 γράμμα
529 3962 587 4010 τό
648 3959 904 4025 σύνηθεςς
955 3962 1007 4009 τί
1053 3953 1112 4009 δὲ
1157 3956 1216 4009 οὐ
1247 3962 1424 4029 παρὼν
1457 3956 1680 4029 ἀμύνεις,
1712 3957 1739 4015 ἦ
1770 3960 1854 4008 καὶ

2018 3956 2265 4009 )nsuetae
2294 3952 2501 4008 litterae
2523 3952 2550 4007 ?
2582 3968 2688 4008 cur
2718 3956 2917 4009 autem
2949 3968 3071 4008 non
3119 3967 3386 4023 praesens
3415 3950 3617 4006 defen-

258 4048 411 4101 ἁπὼν
480 4047 861 4121 παρακελεύεις,
931 4045 1155 4118 πολέμου
1222 4049 1473 4099 τοσούτου
1555 4048 1692 4097 κατὰ
1764 4054 1857 4107 τῆς

2016 4042 2084 4111 is,
2127 4046 2233 4097 aut
2261 4041 2446 4097 etiam
2487 4040 2709 4097 absens
2748 4039 3095 4104 cohortaris,
3128 4045 3292 4095 tanto
3319 4038 3477 4095 bello
3510 4040 3615 4094 ad-

257 4136 530 4197 εὖσεϐείας
572 4136 875 4210 ἑρρωγοτος,
944 4140 1033 4187 καὶ
1084 4138 1229 4207 ἡμῶν
1278 4136 1382 4188 οἷον
1432 4135 1479 4187 ἐν
1518 4140 1651 4208 μέσῃ
1684 4154 1856 4208 παρα-

2015 4146 2179 4185 ersus
2236 4130 2520 4202 pietatem
2567 4134 2935 4201 erumpente,
2981 4128 3280 4200 nobisque
3330 4127 3487 4183 velut
3553 4127 3614 4182 in

256 4226 411 4289 τάξει
456 4224 695 4298 βοώντων
752 4228 878 4298 πρὸς
934 4227 1058 4285 τοὺς
1107 4224 1343 4298 ἑταίρους
1387 4222 1480 4277 διὰ
1524 4230 1618 4283 τὴν
1662 4223 1716 4277 ἐκ
1759 4233 1855 4276 τῶν

2016 4219 2171 4275 tedia
2229 4220 2355 4275 acie
2402 4218 2803 4275 clamantibus
2834 4217 2912 4274 ad
2965 4218 3184 4286 socios,
3221 4222 3463 4290 propter
3509 4216 3615 4273 ho-

256 4316 521 4387 πολεμίων
589 4312 751 4386 βίαν,
806 4316 864 4366 Σὲ
920 4310 1000 4382 δὲ,
1054 4311 1167 4365 οὐδ’
1222 4315 1359 4374 ὅπως
1405 4314 1465 4365 ἂν
1524 4314 1855 4386 ζητήσωμεν,

2016 4310 2153 4365 tium
2180 4309 2305 4365 vim
2325 4307 2351 4361 ?
2372 4309 2453 4363 Te
2485 4314 2703 4375 autem,
2738 4324 2812 4363 ne
2842 4308 3087 4380 quidem
3115 4307 3425 4379 quomodo
3454 4323 3615 4378 quae-

260 4410 481 4479 ἔχομεν⁹
549 4403 658 4457 ἐπεὶ
722 4400 860 4477 μηδὲ
922 4404 982 4455 οὔ
1058 4405 1336 4475 τυγχάνεις
1390 4400 1674 4478 διατρίϐων
1725 4406 1859 4478 εὑρί-

2012 4398 2145 4454 ituri
2171 4398 2384 4464 simus,
2413 4397 2802 4466 intelligimus
2837 4415 2849 4451 :
2875 4396 3369 4469 quandoquidem
3391 4410 3500 4450 nec
3521 4396 3611 4450 in-

262 4514 482 4567 σκομεν.
516 4492 650 4545 Ἀλλ’
698 4492 936 4553 ἐζήτησα
981 4494 1072 4565 μὲν
1116 4492 1166 4544 ἐν
1202 4501 1264 4566 τῇ
1321 4491 1704 4563 Καππαδοκῶν,
1752 4492 1859 4545 ἐπεὶ

2014 4489 2246 4544 enimus
2273 4487 2477 4544 locum
2510 4486 2687 4558 £66
2714 4486 2776 4541 in
2826 4501 2950 4558 quo
3000 4484 3272 4541 versaris.
3308 4482 3422 4539 Sed
3476 4498 3613 4538 con-

262 4590 359 4637 καὶ
414 4584 578 4645 οὕτως
625 4582 869 4655 ἤγγελλον
908 4584 957 4634 οἱ
1004 4580 1051 4633 ἐν
1097 4587 1273 4654 Πόντῳ
1331 4602 1416 4635 σοι
1470 4587 1856 4655 περιτυχόντες,

2017 4578 2184 4634 uisivi
2211 4578 2478 4650 quidem,
2509 4576 2571 4631 in
2597 4575 3002 4648 Cappadocia,
3033 4574 3173 4647 quia
3195 4575 3277 4630 sic
3306 4575 3616 4631 nuntiave-

259 4673 586 4746 ἐπηγγέλθαι
628 4691 684 4725 σε
726 4678 915 4731 ἡᾶττον
968 4672 1255 4734 ἐπανθξεινο
1311 4672 1415 4744 οὐχ
1460 4672 1604 4747 εὗρον
1639 4669 1697 4724 δε
1740 4674 1858 4724 ἔνθα

2013 4672 2104 4723 int
2132 4666 2235 4739 qui
2277 4671 2331 4722 te
2362 4666 2521 4722 nacti
2548 4666 2786 4722 fuerant
2824 4665 2887 4720 in
2928 4664 3137 4736 Ponto,
3170 4665 3522 4737 promisisse
3560 4670 3612 4721 te

260 4762 511 4827 ἤλπιζον.
561 4768 669 4813 Νῦν
719 4757 778 4813 δὲ
822 4760 901 4813 ἔτι
959 4780 1016 4813 σε
1060 4763 1196 4812 κατά
1243 4765 1337 4819 την
1407 4760 1565 4819 αὐτὴν
1609 4757 1859 4832 διάγοντα

2017 4761 2086 4812 to
2133 4771 2515 4811 reversurum
2556 4771 2667 4810 nec
2724 4754 2919 4827 reperi
2974 4753 3077 4809 ubi
3108 4771 3510 4826 speraveram.
3544 4758 3616 4810 At

260 4857 453 4925 χώραν
499 4851 751 4919 ἀκούσας,
808 4849 959 4910 εὐθὺς
1005 4857 1079 4920 τῷ
1129 4857 1330 4923 μηνυτῇ
1389 4855 1480 4902 xui.
1529 4851 1588 4903 τὸ
1643 4852 1859 4924 γράμμα

2017 4861 2131 4901 unc
2163 4861 2303 4900 cum
2334 4843 2630 4900 audierim
2661 4848 2715 4900 te
2740 4844 2938 4899 adhuc
2964 4858 3036 4899 ea
3066 4843 3124 4898 in
3162 4844 3406 4916 regione
3453 4860 3616 4901 com-

262 4942 608 5014 ἐνεχείρησα.
660 4939 821 5013 Ὅπερ
882 4936 1178 5011 δεξάμενος,
1229 4944 1300 5008 μὴ
1354 4944 1572 4993 καὶτοῦ
1621 4938 1861 5014 ἀντιγρά-

2017 4934 2212 5006 iorari,
2262 4934 2464 4989 statim
2503 4938 2559 4989 et
2617 4932 2800 4988 indici
2838 4932 3157 5004 epistolam
3209 4934 3446 4990 tradidi.
3486 4936 3616 4999 Qua

263 5053 377 5105 φειν
409 5030 652 5106 ἀπόσχῃ,
685 5033 749 5091 ὡς
795 5034 884 5082 καὶ
939 5032 1123 5082 τούτου
1164 5027 1681 5103 συναποδημοῡντος.
1721 5028 1862 5082 Ἴσοι

2017 5028 2241 5096 coepta,
2283 5038 2428 5079 cave
2466 5037 2541 5077 ne
2571 5037 2694 5077 non
2735 5020 3050 5088 rescribas,
3082 5023 3249 5094 quod
3306 5027 3363 5079 et
3414 5022 3464 5077 is
3493 5037 3616 5077 una

264 5120 346 5193 δὲ,
398 5124 467 5183 ὡς
519 5120 571 5173 ἐν
626 5128 698 5191 τῷ
755 5120 947 5194 μεταξύ
1000 5124 1204 5193 γέγονεν
1261 5118 1556 5172 ἐπισκόπων
1601 5116 1862 5193 ἐπίδημία

2020 5112 2405 5186 eregrinetur.
2459 5111 2614 5169 Scito
2660 5115 2879 5181 autem,
2920 5111 3091 5183 quod
3122 5112 3428 5182 interjecto
3473 5115 3619 5166 tem-

263 5218 368 5263 τῶν
429 5208 519 5262 ἀπ’
561 5211 849 5281 Αἰγύπτου,
889 5214 980 5263 καὶ
1026 5212 1314 5283 γράμματα
1353 5205 1569 5267 διεδόθη
1614 5212 1862 5282 σύμφωνα

2020 5219 2121 5259 ore
2177 5202 2549 5258 advenerunt
2605 5201 2869 5275 episcopi
2937 5201 3212 5273 tEgyptii,
3278 5204 3335 5257 et
3397 5199 3618 5271 scripta

264 5299 512 5361 παλαιοῖς
557 5302 886 5375 γράμμασιν,
930 5305 1038 5361 τοῖς
1089 5318 1143 5352 τε
1188 5301 1344 5358 θείοις
1392 5298 1584 5367 αὐτοις,
1634 5306 1725 5351 καῖ
1760 5306 1863 5359 τοίς

2020 5292 2239 5365 ntiquis
2306 5292 2539 5364 scriptis
2611 5289 3023 5361 congruentia,
3083 5304 3317 5345 necnon
3400 5287 3619 5343 divinis

266 5389 391 5443 καθ’
453 5391 746 5462 ὁμοφωνίαν
819 5397 916 5441 τῶν
985 5390 1130 5442 θείων
1204 5391 1253 5441 ὲν
1314 5392 1510 5461 Νικαίᾳ
1568 5397 1861 5463 γραφεῖσιν.

2025 5384 2144 5448 )SiS,
2168 5383 2359 5455 iisque
2406 5398 2543 5455 qua:
2576 5380 2998 5439 convenienter
3026 5378 3241 5433 divinis
3285 5377 3624 5450 conscripta

347 5517 461 5588 (30)
486 5512 607 5572 ’06‘.
632 5518 698 5587 K,
723 5518 847 5571 495.
2048 5512 2091 5531 ἀ
2126 5497 2271 5565 Ibid.
2297 5526 2359 5581 p.
2388 5512 2477 5566 90.

345 5607 470 5661 ‘Ex
493 5605 869 5663 Monument.
895 5603 1064 5661 Eccl.
1098 5603 1199 5661 Gr.
1232 5606 1270 5659 t.
1301 5602 1366 5675 Ιῐ,
1398 5616 1459 5675 p.
1492 5605 1583 5661 89.
