4074 6220
547 320 681 376 1107

1906 322 1964 378 S.
2022 321 2273 378 BASILII
2319 322 2540 379 MAGNI

3715 330 3823 383 1108

542 443 786 502 fuerunt
832 445 1058 501 Nicaeae.
1086 446 1431 503 Necessaria
1471 450 1671 503 autem
1696 449 1821 502 erat
1840 446 2193 502 eorumdem

2305 444 2596 518 Ἀναγκαία
2654 447 2713 501 δὲ
2767 446 2827 508 ἦν
2875 468 2987 522 μετ,
3048 450 3340 520 ἐξηγήσεως
3394 458 3486 502 τῶν
3548 450 3694 505 αὐτῶν
3753 454 3823 505 ἐπ-

544 550 685 590 cum
742 536 1169 607 explanatione
1193 536 1479 608 repetitio,
1513 542 1759 608 propter
1807 537 2055 592 minime
2108 553 2198 592 sa-

544 638 689 679 nam
710 640 1078 697 pravamque
1096 629 1408 681 contextus
1424 626 1994 697 interpretationem,
2010 642 2197 697 quam

462 699 475 709 ’
544 711 583 766 ii
639 712 1099 769 introduxerant
1138 714 1244 786 qui
1288 718 1491 785 aperte
1540 714 1785 787 quidem
1836 714 1977 769 olim
2053 731 2195 769 con-

544 801 942 871 tradicebant,
984 819 1144 858 nunc
1187 819 1330 858 vero
1358 803 1892 859 contradictionem
1924 804 2037 859 sub
2060 820 2196 875 spe-

546 891 635 947 cie
693 892 1087 948 enarrationis
1130 892 1366 948 celant:
1423 892 1527 948 ubi
1562 897 1685 948 erat
1714 893 2198 949 consubstantia-

548 979 728 1036 litatis
757 981 1025 1051 maligna
1054 981 1391 1051 abrogatio,
1422 982 1598 1053 quasi
1646 998 1765 1037 non
1818 981 2062 1037 deberet
2112 982 2199 1037 in-

548 1068 729 1138 telligi
778 1071 950 1140 juxta
1006 1070 1191 1125 ullam
1242 1072 1509 1126 Graecam
1545 1070 2047 1139 abnegationem;
2089 1086 2197 1143 pro

550 1157 1047 1214 consubstantiali
1087 1163 1290 1213 autem
1333 1158 1826 1214 introducebatur
1879 1160 2068 1215 simile
2108 1176 2197 1215 se-

550 1246 821 1301 cundum
880 1246 1281 1301 substantiam
1344 1263 1356 1301 :
1404 1247 1568 1317 quod
1617 1248 2019 1315 excogitatum
2088 1253 2197 1314 est,

552 1334 800 1391 confuse
832 1335 1215 1390 nominatum
1246 1338 1337 1390 est
1359 1334 1653 1391 malitiose
1679 1334 2042 1392 intellectum
2074 1355 2086 1392 :
2128 1337 2202 1391 si-

552 1423 803 1497 quidem
830 1424 1177 1491 similitudo,
1208 1441 1409 1480 rerum
1453 1429 1543 1481 est
1588 1441 1723 1498 quae
1765 1430 1905 1481 sunt
1959 1427 2021 1482 in
2065 1427 2202 1482 sub-

551 1513 789 1579 stantia,
824 1528 948 1568 non
1001 1529 1137 1585 quae
1188 1512 1612 1571 substantiales
1660 1518 1840 1571 sunt:
1891 1532 2012 1588 quo
2053 1515 2200 1571 scili-

547 1607 639 1658 cet
670 1602 751 1658 sic
780 1602 1118 1659 substantia
1161 1603 1514 1659 assimiliata
1578 1603 2021 1674 intelligeretur,
2054 1622 2199 1678 qua-

544 1689 615 1746 lis
646 1690 822 1746 fuerit
852 1691 1019 1746 verbi
1047 1692 1240 1761 gratia
1270 1695 1465 1748 statua
1494 1698 1768 1765 respectu
1799 1694 2199 1766 imperatoris.

546 1779 763 1835 Contra
806 1795 943 1852 quin
991 1779 1350 1852 rescriptum
1400 1785 1490 1837 est
1544 1781 1710 1853 quod
1742 1781 1820 1837 ab
1851 1782 2202 1838 hominibus

2307 536 2578 608 ανάληψις,
2636 536 2730 591 διὰ
2800 543 2887 596 τὴν
2940 558 3044 610 ουχ
3096 540 3215 610 ὑγιῆ
3268 548 3365 591 τῶν
3422 547 3641 613 κειμένων
3684 544 3826 611 παρεξ-

2306 631 2516 696 ἡγησιν,
2563 627 2621 685 ἦν
2666 627 2875 699 εἰσῆγον
2933 629 2980 681 οἱ
3028 629 3186 682 πάλαι
3254 633 3341 701 μὲν
3414 630 3632 705 ἆντικρυδ
3678 632 3827 682 αντιλέ-

2303 735 2498 787 γοντες,
2548 725 2637 768 νῦν
2697 715 2757 769 δε
2801 724 2895 775 τὴν
2937 717 3230 789 ἀντιλογίαν
3290 718 3569 790 ἐξηγήσεως
3633 727 3827 791 σχήματι

2307 803 2736 878 μεθοδεύσαντες.
2786 810 2905 859 ἔνθα
2950 805 3011 865 ἦν
3070 810 3099 865 ἡ
3158 816 3244 860 τοῦ
3285 811 3557 881 ὁμοουσίον
3593 820 3829 882 κακοῦργος

2306 895 2582 969 ἀναίρεσις·
2636 899 2706 958 ὡς
2763 897 2854 948 οὐκ
2903 897 3185 969 ὀφείλοντος
3218 901 3447 951 νοεῖσθαι
3484 901 3590 950 κατ’
3631 897 3829 969 οὐδεμίαι

2305 987 2525 1058 ἄρνησιν
2569 985 2886 1044 Ἑλληνικήν·
2947 985 3307 1058 ἀντεισαγωγή
3368 985 3427 1040 δὲ
3472 996 3557 1040 τοῦ
3601 989 3845 1060 ὀμοουσίονῖ

2302 1078 2360 1126 τό
2416 1076 2591 1146 ὅμοιον
2646 1077 2761 1127 κατ’
2820 1077 3022 1147 ουσίαν,
3073 1079 3194 1149 ὅπερ
3248 1075 3581 1139 ἐπετηδεύθη,
3639 1076 3833 1149 χνδαίως

2306 1167 2613 1238 ὀνομασθὲν,
2650 1171 2739 1217 καὶ
2791 1168 3065 1226 κακοήθως
3107 1168 3305 1222 νοηθέν-
3351 1163 3527 1223 ἐπειδὴ
3575 1168 3602 1223 ἡ
3641 1169 3832 1238 ὁμοιότης

2305 1263 2403 1306 τῶν
2454 1253 2501 1304 ἐν
2556 1254 2730 1325 οὐσία,
2775 1257 2886 1306 ἐστὶ
2966 1263 3065 1305 τῶν
3139 1252 3429 1307 οὐσιωδὼν⁸
3482 1257 3560 1306 ἱνα
3612 1253 3669 1312 δὴ
3715 1276 3834 1314 ουτως

2306 1343 2608 1414 ὡμοιωμένη
2644 1342 2799 1394 οὐσία
2830 1342 2986 1394 οὐσία
3014 1350 3218 1410 νοῆται,
3245 1342 3346 1403 οἷος
3368 1342 3428 1394 ἂν
3457 1346 3530 1400 εἴη
3560 1346 3641 1394 καὶ
3667 1340 3835 1417 ἀνδριὰς

2305 1433 2436 1504 πρὸς
2495 1429 2739 1503 βασιλέα.
2804 1435 2939 1506 Πρός
2990 1432 3117 1506 ἅπερ
3178 1430 3491 1504 ἀντεγράφη,
3537 1434 3590 1484 τὸ
3635 1434 3721 1484 ὑπό
3765 1440 3835 1483 τῶν

2306 1519 2531 1573 εὐσεϐεῖν
2590 1517 2800 1573 εἰδότων
2871 1525 2961 1572 καὶ
3017 1520 3365 1593 βουλομένων,
3416 1523 3495 1573 ὅτι
3556 1523 3650 1591 οὐχ
3705 1522 3845 1592 ὅμοιον,

2308 1611 2441 1679 Θεῷ,
2477 1608 2603 1661 ἀλλὰ
2655 1612 2784 1661 Θεὸν
2838 1605 2994 1667 δηλοῖ
3043 1612 3101 1661 τό
3151 1610 3540 1682 ὅμοούσιον,ὡς
3581 1608 3841 1680 ἂνγέννημσί

2305 1703 2522 1768 γνήσιον
2558 1702 2646 1750 καὶ
2700 1706 2793 1759 τῆς
2834 1699 2997 1759 αὐτῆς
3036 1698 3221 1760 οὐσίας
3260 1707 3330 1769 τῷ
3383 1704 3709 1770 γεγεννηκότι.
3743 1706 3838 1749 Συν-

2309 1790 2547 1857 εισὴγετο
2598 1783 2656 1839 δε
2712 1791 2801 1839 καὶ
2858 1791 2915 1839 τό
2971 1792 3087 1859 περὶ
3150 1790 3463 1861 Πνεύματος,
3509 1790 3573 1847 ὡς
3637 1788 3721 1838 ὑπὸ
3766 1794 3835 1837 τῶν

543 1870 714 1943 pium
740 1870 967 1939 dogma
996 1870 1500 1940 cognoscentibus
1547 1874 1605 1926 et
1652 1870 2017 1927 sectantibus
2043 1876 2201 1927 tene-

2309 1878 2548 1946 Πατέρων
2607 1873 2654 1926 ἓν
2702 1882 2763 1947 τῇ
2825 1875 2953 1934 αὗτῆ
3010 1881 3188 1928 πίστει
3248 1884 3321 1946 τῷ
3390 1884 3501 1947 Θεῷ
3561 1880 3643 1927 καὶ
3679 1883 3736 1944 τῷ
3760 1876 3836 1941 Tit;

543 1963 659 2027 tur,
691 1958 939 2015 nomine
971 1958 1617 2016 consubstantialitatis
1656 1960 1866 2015 Filium
1906 1960 2198 2017 declarari

541 2063 665 2105 non
692 2047 948 2104 similem
968 2050 1109 2117 Deo,
1130 2048 1239 2105 sed
1262 2050 1468 2116 Deum,
1487 2053 1694 2122 utpote
1717 2050 2043 2119 genuinam
2062 2066 2201 2121 pro-

540 2137 661 2193 lem
690 2137 1086 2211 ejusdemque
1117 2154 1256 2195 cum
1288 2138 1556 2208 genitore
1599 2138 1966 2195 substantiae.
2010 2140 2197 2196 Simul

542 2228 721 2285 etiam
770 2226 1021 2284 allatum
1078 2228 1187 2285 fuit
1233 2228 1399 2301 quod
1446 2227 1523 2284 ad
1575 2228 1861 2300 Spiritum
1917 2228 2195 2300 pertinet,

542 2318 647 2391 qui
701 2318 989 2374 nimirum
1039 2335 1073 2375 a
1121 2317 1399 2374 Patribus
1443 2316 1504 2372 in
1539 2316 1753 2373 eadem
1779 2316 1921 2373 ﬁdei
1954 2317 2197 2389 exposi-

541 2408 700 2465 tione
749 2408 905 2465 Patri
966 2411 1022 2464 et
1085 2406 1224 2463 Filio
1271 2406 1618 2479 apponitur,
1670 2405 1815 2479 quia
1867 2406 1931 2462 in
1983 2406 2197 2462 eadem

2307 1968 2563 2036 κειμένου,
2624 1965 2703 2016 ὅτι
2746 1966 2883 2016 ἔστιν
2939 1966 2988 2016 ἐν
3059 1973 3120 2037 τῇ
3181 1965 3310 2037 αὐτῇ
3376 1966 3595 2022 θεότητι.
3643 1968 3731 2021 Τὴν
3773 1958 3835 2013 οὖν

2306 2062 2397 2113 τῆς
2472 2052 2733 2113 εὐσεϐείας
2815 2056 3007 2113 ταύτης
3081 2053 3385 2126 πρεσϐείαν,
3447 2059 3557 2106 τίνα
3639 2052 3751 2111 εἰκὸς
3794 2048 3837 2106 ἦν

2306 2142 2440 2194 οὕτω
2480 2149 2722 2214 μετεῖναι,
2776 2144 2843 2204 ὡς
2901 2145 2987 2194 τόν
3045 2139 3502 2207 σπουδαιότατον,
3551 2141 3650 2214 ἅμα
3776 2135 3837 2189 δι-

2308 2234 2475 2303 σπότῃ
2508 2250 2607 2301 μου
2660 2236 2949 2307 Γρηγορίῳ,
2984 2231 3039 2293 ὃς
3091 2228 3205 2283 οὐδ’
3259 2232 3419 2294 αὐτὸς
3447 2226 3709 2301 οὗδαμόθεδ
3741 2230 3836 2300 γρά-

2306 2339 2406 2391 φει,
2450 2315 2573 2371 οὔδε
2605 2340 2848 2393 σημαίνει
2878 2320 3125 2383 καθάπαξ
3157 2316 3311 2374 οὐδέν
3340 2340 3353 2390 ;
3394 2318 3635 2394 Ἔρρωσο,
3662 2313 3840 2369 δέσποτα

2308 2410 2663 2464 ποθεινότατε.

544 2498 771 2554 exsistit
799 2497 1127 2554 divinitate.
1162 2497 1350 2567 Hujus
1383 2486 1562 2566 igitur
1592 2495 1705 2568 pia:
1733 2496 2038 2551 sententiie
2078 2494 2462 2566 legationem,
2497 2513 2678 2569 quem
2710 2497 2910 2553 decuit
2957 2497 3112 2553 adeo
3150 2498 3457 2571 persequi,
3512 2513 3576 2553 ac
3616 2500 3663 2551 te
3694 2494 3839 2549 virum

542 2586 1048 2657 laudatissimum,
1078 2602 1202 2642 una
1232 2601 1371 2641 cum
1403 2584 1653 2640 domino
1684 2599 1820 2640 meo
1853 2583 2159 2654 Gregorio,
2190 2584 2297 2656 qui
2350 2585 2573 2657 pariter
2616 2585 2781 2642 nullo
2827 2602 2900 2642 ex
2927 2585 3061 2642 loco
3094 2586 3323 2653 scribit,
3358 2603 3465 2642 nec
3498 2584 3585 2642 vel
3615 2581 3765 2639 semel
3787 2579 3839 2635 de

545 2676 837 2750 quapiam
862 2692 925 2733 re
956 2677 1269 2733 certiorem
1302 2674 1472 2732 fecit?
1500 2671 1669 2741 Vale,
1692 2673 1937 2730 domine
1968 2674 2233 2730 maxime
2264 2673 2699 2731 desiderabilis.

1168 2799 1510 2857 EPISTOLA
1542 2799 1861 2855 CCCLXV‘.

2758 2805 3089 2853 ΕΟΙΣΤΟΚΗ
3121 2798 3278 2853 ΤΞΕ’.

617 2893 691 2949 [η
724 2908 954 2949 summa
978 2892 1369 2961 Cappadoch
1391 2891 1757 2957 calamitate,
1784 2906 1916 2945 cum
1946 2889 2125 2959 ﬂuvii
2146 2886 2462 2961 inundatio
2484 2903 2578 2961 res
2600 2891 2961 2961 necessarias
2983 2905 3011 2944 e
3032 2890 3244 2945 vicinis
3264 2890 3583 2954 provinciis
3598 2884 3837 2942 advehere

546 2981 666 3020 non
697 2966 939 3027 sineret,
972 2960 1229 3034 rogatur
1261 2961 1637 3025 Theodosius,
1672 2966 1737 3015 ut
1764 2962 2036 3030 ﬂuvium,
2068 2960 2271 3029 pontis
2311 2960 2730 3016 commoditate
2758 2960 3050 3030 adhibita,
3080 2963 3270 3016 veluti
3304 2962 3564 3017 Rubrum
3595 2972 3736 3014 mare
3759 2968 3830 3023 pe-

545 3037 720 3092 dibus
745 3036 1021 3105 pervium
1054 3035 1301 3104 efﬁciat.

744 3124 1002 3181 Basilius
1032 3139 1253 3193 magno
1288 3122 1643 3192 imperatori
1664 3121 2009 3177 Theodosio.

621 3214 942 3271 Calamitas
999 3212 1215 3269 accidit
1267 3213 1327 3267 in
1384 3211 1628 3282 regione
1680 3216 1905 3282 nostra,
1968 3225 2088 3265 non
2134 3224 2207 3263 ex

551 3319 842 3374 corporeo
884 3318 1049 3373 casu,
1109 3302 1215 3357 sed
1272 3318 1344 3357 ex
1388 3316 1687 3372 aquarum
1739 3299 2000 3355 efﬂuvio.
2040 3297 2207 3354 Unde

552 3395 759 3448 autem
806 3390 944 3457 hoc,
999 3390 1382 3462 patefaciam.
1433 3389 1695 3445 Plurima
1744 3388 1899 3444 nivis
1967 3387 2208 3442 emissio

553 3478 713 3535 facta
738 3484 827 3535 est
857 3478 917 3533 in
947 3483 1215 3533 nostram
1256 3477 1566 3549 paludem.
1610 3478 1736 3541 Qua
1766 3475 2041 3531 nondum
2074 3490 2212 3531 con-

556 3568 775 3639 gelata,
802 3568 1147 3640 supervenit
1175 3569 1389 3622 ventus
1435 3564 1690 3634 calidus,
1725 3564 2023 3636 simulque
2052 3564 2212 3619 cadit

555 3658 836 3716 australis
896 3657 1111 3715 imber.
1171 3659 1366 3723 Quare
1411 3655 1609 3711 subita
1644 3654 2036 3726 confertaque
2083 3657 2214 3708 orta

555 3748 1004 3821 liquefactione,
1060 3745 1341 3803 immensi
1396 3744 1544 3801 moti
1604 3748 1744 3800 sunt
1790 3743 2027 3809 ﬂuctus,
2073 3758 2212 3798 cum

557 3839 807 3910 perenni
866 3838 1051 3893 ﬂuvio
1099 3835 1386 3909 permisti,
1432 3850 1502 3890 ac
1557 3833 1961 3889 exundatione
2020 3847 2213 3903 eaque

560 3932 924 3998 personante
950 3931 1303 3998 superantes
1326 3930 1450 3981 tum
1492 3925 1763 3995 linguam
1794 3928 1921 3981 tum
1946 3921 2214 3977 oculum.

560 4016 614 4068 Is
644 4018 737 4069 est
759 4014 865 4085 qui
885 4014 1062 4068 nobis
1094 4019 1250 4068 sorte
1284 4012 1495 4081 obtigit
1523 4012 1755 4067 vicinus
1788 4011 2025 4077 ﬂuvius,
2054 4025 2217 4065 ema-

561 4117 719 4157 nans
769 4102 1014 4173 quidem
1059 4117 1131 4155 ex
1180 4100 1483 4169 Armenia,
1513 4100 1890 4154 descendens
1946 4115 2083 4155 vero
2138 4098 2217 4154 ad

562 4190 1037 4246 sacratissimum
1060 4189 1263 4244 lacum
1293 4188 1782 4255 Sebastenorum,
1800 4188 1857 4243 in
1878 4203 2060 4259 quem
2080 4203 2218 4243 vere

562 4277 880 4346 nominati,
936 4293 1005 4332 ac
1056 4276 1335 4347 generosi
1379 4275 1781 4347 quadraginta
1853 4275 2063 4331 Christi
2114 4275 2220 4330 mi-

562 4368 713 4437 lites,
737 4366 903 4438 gravi
933 4368 1119 4423 borea
1166 4366 1347 4421 ﬂante
1379 4364 1547 4419 inﬁxi
1590 4366 1750 4418 sunt.
1799 4367 1880 4417 Ac
1916 4362 2057 4418 inde
2095 4362 2221 4429 (ad-

563 4460 727 4515 mitte
758 4474 876 4523 me,
910 4458 1133 4529 optime
1156 4456 1503 4527 imperator,
1534 4469 1675 4509 vera
1703 4450 2019 4511 dicentem)
2040 4450 2212 4523 467

563 4548 659 4603 ille
718 4548 933 4602 ﬂuvius
966 4544 1347 4602 circumdans
1390 4560 1524 4610 nos,
1556 4542 1713 4597 velut
1765 4557 1909 4610 gens
1932 4541 2218 4613 quaedam

2472 3119 2736 3181 Βασίλειος
2758 3128 2829 3190 τῷ
2857 3120 3065 3193 μεγάλῳ
3096 3118 3314 3193 βασιλεῖ
3332 3121 3441 3192 (31)
3475 3115 3734 3173 Θεοδοσίω.

2389 3210 2559 3269 Πάθος
2612 3208 2881 3266 ἀπήντησε
2907 3216 2967 3267 τῆ
3008 3209 3128 3261 καθ’
3164 3211 3324 3281 ἡμᾶς,
3364 3214 3532 3281 χώρᾳ,
3562 3206 3645 3259 οὐκ
3683 3224 3727 3256 εκ
3762 3220 3841 3254 σω-

2316 3307 2540 3371 ματικῆς
2607 3303 2949 3371 περιπετείας,
3010 3296 3116 3350 ἀλλ’
3170 3297 3222 3361 ἐξ
3294 3296 3499 3351 ὑδάτων
3574 3293 3840 3368 ἐπιρρύσεως.

2318 3390 2480 3440 Πόθεν
2543 3384 2602 3438 δὲ
2674 3394 2847 3452 τοῦτο,
2920 3383 3165 3444 δηλώσω.
3230 3392 3412 3459 Γέγονε
3469 3383 3699 3439 καταϐολὴ
3756 3382 3841 3450 χιόο

2317 3498 2413 3528 νων
2450 3478 2558 3545 (32)
2614 3475 2774 3533 πολλὴ
2820 3485 2881 3534 τῆ
2916 3475 3031 3528 καθ’
3063 3478 3203 3548 ἡμᾶς
3242 3475 3421 3549 λίμνῃ.
3455 3481 3614 3533 Mirm)
3651 3468 3700 3523 ti":
3724 3468 3843 3522 αὐτῆς

2319 3564 2807 3639 κρυσταλλωθείσης
2861 3568 2992 3633 (33),
3062 3566 3350 3636 ἐπιγίνεται
3428 3571 3616 3635 πνεῦμα
3688 3558 3839 3628 θερμὸν.

2320 3659 2410 3705 καὶ
2454 3653 2643 3726 ὄμϐρος
2674 3659 2843 3715 νότιος
2897 3657 3187 3725 συμπίπτει
3236 3654 3371 3726 αὐτῇ
3401 3654 3528 3725 (34).
3567 3651 3753 3723 Ἀθρὸας
3781 3642 3841 3694 οὖν

2318 3748 2597 3815 γενομένης
2661 3750 2757 3803 τῆς
2829 3743 3039 3811 τήξεως,
3099 3741 3383 3796 ἆνείκαστα
3429 3742 3625 3799 ἐκινήθη
3667 3736 3841 3812 ῥεύματα

2324 3831 2515 3903 ἂεννοίῳ
2583 3840 2801 3903 ποταμῷ
2858 3834 3335 3904 συνεπιμέγνύμενα
3379 3840 3450 3903 τῷ
3503 3830 3631 3894 eam,
3684 3820 3838 3885 ενα-ἄλο).

2322 3941 2378 3974 τε
2438 3927 2566 3991 ἄντι,
2642 3921 3013 3995 ὑπερϐαίνοντα
3081 3922 3195 3992 (35)
3232 3922 3446 3994 γλώσσῃ
3502 3923 3585 3971 καὶ
3637 3911 3839 3986 ὀφθαλμῷ-

2325 4012 2489 4071 Οὖτος
2527 4014 2553 4063 ό
2600 4011 2779 4083 λαχὼν
2833 4012 2956 4081 ἡμῖν
2985 4015 3168 4081 γείτων
3206 4015 3437 4084 ποταμός
3466 4030 3479 4043 ·
3523 4004 3747 4063 ἕκϐλύζων
3781 3997 3843 4068 μὲν

2326 4101 2380 4153 ἐκ
2409 4110 2505 4161 τῆς
2552 4109 2651 4152 τῶν
2694 4100 2992 4174 Ἀρμενίων,
3053 4098 3450 4173 ἐκϐιϐαζόμενος
3481 4094 3538 4149 δὲ
3582 4095 3624 4147 ἓν
3657 4099 3709 4149 τῆ
3738 4091 3841 4160 ἱερω-

2324 4193 2456 4261 τάτῃ
2509 4189 2657 4261 λίμνῃ
2735 4197 2834 4240 τῶν
2889 4186 3239 4251 Σεϐαστηνῶν,
3298 4189 3370 4251 εἰς
3424 4187 3482 4246 ἣν
3531 4187 3577 4237 οἱ
3619 4184 3839 4254 penuriam

2326 4285 2417 4333 καὶ
2472 4286 2696 4350 γενναῖοι
2744 4297 3137 4353 τεσσαρακοντα
3181 4285 3273 4330 τοῦ
3312 4282 3538 4350 Χριστοῦ
3591 4272 3840 4342 στρατιῶται

2331 4368 2517 4441 βορέου
2579 4364 2749 4420 δεινοῦ
2796 4351 3109 4427 πνεύσαντος
3148 4368 3258 4435 (36)
3302 4366 3626 4437 ἐνεπάρησαν.
3657 4351 3840 4443 Κάκεῖθει

2331 4456 2503 4531 (δέξαι
2559 4477 2621 4529 με
2695 4461 2752 4509 τό
2798 4456 2987 4517 ἀληθὲς
3049 4455 3282 4527 λέγοντα,
3344 4451 3603 4528 κράτιστε)
3659 4445 3841 4531 οὗτος,ο

2328 4547 2649 4621 περικυκλῶν
2707 4548 2846 4619 ἡμᾶς
2902 4548 3074 4618 ὥσπερ
3132 4546 3271 4607 ἔθνος
3323 4544 3555 4616 πολέμιον
3606 4524 3840 4621 σ’ὧνλφθδξ⁴

564 4636 812 4691 inimica
857 4639 913 4690 et
966 4633 1388 4698 formidabilis,
1447 4649 1568 4689 non
1617 4646 1836 4704 parum
1863 4645 1977 4687 nos
2019 4634 2207 4687 terret.

2330 4616 2452 4711 ρων,
2493 4636 2550 4688 οὐ
2601 4616 2794 4710 μικρῶς
2848 4638 2987 4707 ἡμᾶς
3034 4616 3253 4706 ἐκφοϐεῖ.
3311 4637 3443 4686 Ποσὶ
3490 4632 3585 4702 γὰρ
3639 4616 3840 4711 μηδέποῖε

564 4724 737 4780 Nullo
789 4725 951 4780 enim
1012 4739 1286 4795 unquam
1337 4723 1427 4779 vel
1469 4728 1738 4793 tempore
1767 4719 1861 4776 vel
1906 4720 2091 4776 modo
2119 4736 2220 4793 pe~

564 4813 745 4868 dibus
804 4813 1210 4885 permeabilis,
1268 4808 1389 4869 nan
1435 4812 1723 4885 permittit
1759 4816 1823 4866 ut
1864 4809 2221 4866 necessariae

563 4902 741 4959 nobis
775 4918 845 4957 ac
876 4902 1049 4957 utiles
1079 4903 1381 4972 regiones,
1412 4901 1807 4958 transvehant
1850 4915 2081 4956 merces
2107 4914 2222 4972 op-

563 4996 876 5065 portunas.
918 4990 1279 5059 Galatarum,
1336 4992 1607 5063 inquam,
1634 4995 1690 5046 et
1734 4987 2221 5062 Paphlagonum,

564 5087 621 5137 et
678 5079 1291 5152 Hellenopontiorum,
1320 5095 1428 5151 per
1479 5094 1635 5151 quas
1668 5082 1724 5133 et
1768 5094 1839 5133 ex
1865 5076 2088 5149 quibus
2118 5076 2225 5132 ob-

561 5166 812 5223 veniunt
856 5181 989 5237 quae
1033 5163 1209 5219 nobis
1239 5167 1379 5219 sunt
1407 5162 1754 5219 necessaria
1784 5161 2085 5234 praecipue
2112 5176 2221 5234 pa-

635 5274 654 5292 '
684 5276 767 5330 Ex
793 5274 1065 5330 Monum.
1097 5272 1266 5328 Eccl.
1291 5271 1390 5325 Gr.
1421 5274 1460 5327 t.
1496 5275 1561 5337 11,
1590 5286 1649 5342 p.
1682 5275 1771 5327 9'7.

634 5363 743 5431 (31)
778 5362 880 5419 Al.
907 5369 975 5433 τῷ
1007 5359 1218 5433 βασιλεί
1240 5364 1490 5415 tantum.
1515 5358 1648 5415 COT.

632 5452 752 5522 (32)
772 5451 874 5505 Αἰ.
908 5455 1109 5522 χιόνος.
1146 5452 1221 5506 ID.

632 5540 742 5610 (33)
768 5538 872 5595 Αἱ.
900 5538 1200 5612 κρυστάλλῳ
1226 5540 1504 5610 παγείσης.
1537 5539 1611 5592 ID.

632 5624 747 5695 (34)
776 5625 873 5681 Αι.
912 5626 1073 5698 αὐτῷ,
1101 5631 1176 5682 ιο.

2328 4728 2694 4799 περαιούμενος
2748 4726 2862 4794 (37)
2912 4725 3044 4776 κατά
3090 4742 3207 4775 τινα
3248 4726 3435 4797 χρόνον
3476 4720 3505 4778 ἦ
3549 4718 3728 4789 τρόπον,
3775 4719 3841 4802 WE

2330 4815 2619 4887 ἀναγκαίας
2644 4817 2771 4887 ἥμιν
2810 4834 2899 4866 και
2932 4812 3215 4873 λυσιτελεῖς
3253 4807 3510 4884 πατρίδας
3539 4808 3591 4859 οὐ
3630 4807 3839 4893 σλγχωξεξ

2332 4902 2664 4978 διακομίζειν
2718 4906 2783 4956 τὰ
2840 4902 3221 4977 ἐμπορευόμενοι
3277 4896 3555 4959 ἐπιτήδεια.
3625 4895 3737 4959 Λέγω
3786 4874 3834 4931 δὴ

2328 5005 2429 5047 τῶν
2506 4994 2740 5048 Γαλατῶν
2814 4998 2904 5046 καὶ
3008 4992 3353 5065 Παφλαγόνων
3422 4992 3507 5043 καὶ
3571 4979 3836 5036 Ἐλληνοπον

2328 5090 2448 5138 τίων
2494 5087 2626 5155 (38),
2655 5080 2729 5136 δι’
2785 5084 2853 5135 ὧν
2892 5103 2983 5136 και
3014 5082 3067 5146 ἐξ
3095 5080 3161 5136 ὧν
3192 5085 3257 5135 τὰ
3298 5080 3541 5153 ἀναγκαῖα
3580 5074 3686 5161 ἡμῖν
3710 5073 3835 5161 “PM:

2331 5195 2463 5243 εστι,
2497 5174 2728 5248 μάλιστά
2766 5176 2795 5233 ἡ
2830 5181 2923 5227 τοῦ
2948 5175 3108 5250 ἄρτου
3154 5169 3415 5245 anatom-
3465 5153 3735 5241 κρυμώδονς
3766 5166 3833 5198 ον’

2398 5361 2515 5422 (31)
2551 5357 2653 5412 Al.
2680 5353 3083 5430 ὑπερϐάλλοντα.
3109 5357 3190 5412 11).

2401 5446 2507 5515 (36)
2534 5446 2583 5501 Α
2598 5447 2637 5501 Ι.
2668 5445 3086 5507 ἐπιπνεύσαντος,
3121 5447 3197 5499 ῐο·

2400 5538 2503 5603 (37)
2544 5536 2643 5590 Al.
2677 5541 2987 5611 περώμενος.
3017 5537 3095 5590 In.

2397 5624 2505 5694 (38)
2537 5625 2583 5678 A
2596 5625 2637 5681 ἱ.
2660 5623 3089 5682 Ἑλλησποντίων.
3119 5625 3197 5678 ID.
