4050 6220
245 341 392 396 1109

1152 331 1642 390 EPISTOLARUM
1677 331 1958 390 CLASSIS
1997 333 2092 386 Ill.
2133 331 2345 387 EPIST.
2389 329 2696 386 CCCLXV].

3467 327 3610 379 mo

245 483 348 524 σης
371 471 467 524 τῆς
490 461 780 537 περικύκλῳ
803 468 920 532 γῆς,
969 464 1058 512 καὶ
1101 458 1158 512 ἐκ
1183 465 1275 510 τοῦ
1305 461 1636 531 περιέχοντος
1665 455 1835 530 ἀέρος,

1962 455 2051 510 nis
2081 453 2459 510 abundantia
2490 472 2504 510 ε
2537 468 2678 510 cum
2705 451 2904 508 vicina
2925 450 3194 523 undique
3221 453 3376 506 terra
3397 446 3612 518 frigida

245 551 306 604 ἐκ
325 561 416 612 τῆς
433 543 1526 626 ἁστραποϐροντοχαλαζοριιθροδαμάστου
1549 547 1660 618 (39)
1685 545 1813 620 ὀργῆ
1825 567 1846 607 ς

249 637 635 712 δισμουμένης.
673 639 748 691 Oi}
777 641 962 712 μικρὸν
985 633 1044 690 δε
1074 635 1270 688 ἀπειλεί
1295 639 1386 686 καὶ
1417 636 1446 692 ἡ
1487 642 1580 686 τοῦ
1617 639 1842 707 πατρίου

249 728 440 800 ἀλγους
471 729 686 802 Ἀργέου
717 726 996 799 ὑπεροψία.
1037 729 1104 778 Σὺ
1156 721 1242 778 οὖν
1274 720 1690 790 ἐκδυσωπηθιὶς,
1721 725 1846 796 κρά-

249 836 420 884 τιστε,
468 817 854 888 φιλοτιμεῖσθαι
907 815 1120 871 θέλησον
1169 817 1262 870 τὴν
1317 814 1574 885 ὑποφοράν
1607 831 1701 864 σου
1725 819 1846 882 γῆν·

251 907 316 958 ἶν’
345 907 478 958 οὕτω
517 909 685 976 τούτῳ
725 904 772 956 ἐν
805 903 1023 976 ἀφθονίᾳ
1049 905 1272 977 γεφύρας
1311 903 1660 974 περαιοῦσθαι
1689 899 1850 974 ἐφαρ-

251 997 568 1066 μοσάμενος,
605 990 779 1064 δείξῃς
809 991 963 1043 αὐτὸν
1013 995 1127 1043 νέαν
1165 989 1416 1062 Ἐρυθρὰν
1455 985 1846 1062 ὀδοιπόριστον.

251 1088 356 1138 Καὶ
401 1085 500 1156 γὰρ
547 1091 619 1152 τῷ
656 1081 1056 1150 πολυστινάκτῳ
1115 1079 1217 1152 βίῳ
1261 1079 1374 1148 (40)
1433 1087 1532 1129 τῶν
1580 1075 1850 1130 Ἰουδαίων

257 1172 678 1242 σπλαγχνισθεὶς
709 1172 734 1222 ὁ
763 1173 974 1244 Κύριος.
999 1171 1217 1228 τούτους
1261 1166 1515 1240 ἁϐρὸχοις
1559 1171 1687 1219 ποσὶ
1745 1165 1850 1238 βα-

249 1257 422 1320 δίζειν
455 1257 740 1317 εὐδόκησεν
771 1261 840 1320 ὡς
875 1255 971 1310 διὰ
1010 1257 1172 1331 ξηρᾶς
1203 1256 1252 1308 ἐν
1281 1265 1343 1328 τῇ
1396 1257 1644 1330 Ἐρυθρᾷ,
1677 1251 1850 1308 δεδω-

247 1355 354 1409 κὼς
385 1347 558 1410 αὐτοῖς
587 1352 932 1422 προηγὴτορα
959 1349 1042 1398 τὸν
1081 1349 1294 1400 Μωσέα.
1331 1343 1496 1404 Πολὺς
1525 1341 1615 1396 οὖν
1655 1346 1780 1414 ἡμῖν
1825 1345 1849 1394 ὁ

243 1445 342 1490 τοῦ
369 1445 614 1508 ποταμοῦ
645 1441 856 1509 τρόπος,
903 1435 1190 1508 ἀνθρώποις
1235 1435 1325 1506 μὶν
1369 1438 1574 1504 γέγονεν
1605 1432 1810 1504 ὄλεθρος
1834 1453 1846 1464 ·

245 1528 356 1578 ἄνω
390 1523 450 1578 δί
473 1525 843 1596 πιλαγίζοντος
867 1523 1048 1584 αὑτοῦ,
1093 1527 1185 1574 καὶ
1213 1527 1386 1574 πᾶσαν
1425 1521 1723 1595 χλοηφόρον
1751 1529 1850 1592 γῆν

245 1613 600 1684 ἑκθλίϐοντος,
625 1619 716 1666 καὶ
759 1613 816 1664 ἐκ
843 1621 935 1672 τῆς
967 1612 1106 1674 ἰλύος
1137 1615 1452 1682 σκεπομένης
1480 1619 1570 1670 τῆς
1601 1609 1849 1684 ἀρούρας,

249 1702 456 1772 ἀνάγκη
515 1703 786 1774 λιμώττειν
835 1705 922 1753 τὸν
965 1699 1200 1774 ἀροτῆρα
1255 1697 1403 1772 βοῦν,
1436 1703 1526 1752 καὶ
1571 1701 1740 1750 πάντα
1785 1701 1852 1752 τὰ

1961 543 2056 608 sit,
2089 547 2268 614 atque
2299 558 2372 598 ex
2404 557 2538 598 aere
2561 541 2884 610 ambiente,
2919 555 3144 611 perque
3171 539 3324 594 iram
3353 537 3608 606 fulgure,

1961 632 2204 702 tonitru,
2239 632 2556 702 grandine,
2589 631 2838 686 ﬂumine
2887 629 3276 699 aﬂligentem,
3309 627 3607 698 colligata.

1961 725 2076 778 Nec
2115 737 2332 794 parum
2381 721 2560 776 etiam
2605 721 2870 776 minatur
2913 719 3088 790 patrii
3139 718 3384 784 doloris,
3417 715 3612 786 Argmi

1961 813 2184 866 montis
2214 809 2621 880 supercilium.
2655 812 2738 864 Tu
2764 807 2944 876 igitur
2985 811 3290 874 exoratus,
3319 811 3612 878 praestan-

1961 899 2214 966 tissime,
2245 899 2398 954 bene
2425 899 2641 953 mereri
2659 897 2808 952 velis
2839 897 2914 952 de
2947 901 3104 952 terra
3131 895 3232 951 tibi
3263 895 3608 960 tributaria;

1959 993 2026 1044 ut
2041 989 2124 1043 ita
2145 988 2410 1043 efﬁciens
2440 987 2692 1042 ﬂuvium
2715 985 2916 1057 pontis
2947 983 3371 1040 commoditate
3395 983 3608 1054 trajici,

1959 1077 2246 1133 ostendas
2277 1075 2446 1132 illum
2497 1081 2788 1148 tanquam
2839 1090 3066 1130 novum
3123 1089 3289 1130 mare
3339 1072 3611 1128 Rubrum

1959 1165 2218 1236 pedibus
2251 1165 2544 1236 pervium.
2577 1164 2807 1220 Etenim
2847 1162 3144 1218 infelicem
3181 1160 3480 1232 valdeque
3513 1175 3611 1230 ge-

1959 1253 2334 1310 mebundam
2359 1253 2703 1309 Judaaorum
2731 1253 2916 1308 vitam
2941 1253 3259 1308 miseratus
3293 1249 3607 1316 Dominus,

1959 1359 2030 1398 ex
2057 1342 2326 1398 bonitate
2348 1359 2457 1398 sua
2477 1341 2666 1397 voluit
2685 1347 2752 1396 ut
2771 1342 2810 1396 ii
2839 1341 3096 1413 pedibus
3119 1341 3290 1396 siccis
3312 1356 3420 1412 per
3443 1355 3610 1396 mare

1961 1430 2254 1494 Rubrum,
2287 1431 2464 1502 quasi
2513 1446 2620 1502 per
2671 1429 2930 1497 aridam,
2979 1429 3342 1496 incederent,
3393 1428 3608 1484 tradito

1957 1520 2175 1576 iisdem
2205 1521 2264 1576 in
2297 1520 2514 1576 ducem
2547 1519 2776 1576 itineris
2809 1517 2994 1575 Mose.
3029 1517 3236 1589 Itaque
3259 1517 3430 1574 varia
3443 1516 3612 1572 ﬂuvii

1961 1608 2126 1679 apud
2155 1623 2265 1664 nos
2297 1607 2614 1674 curricula,
2647 1606 3004 1664 hominibus
3033 1605 3280 1677 quidem
3304 1605 3466 1660 fuere
3492 1604 3610 1660 exi-

1961 1697 2227 1768 tio:ipso
2257 1701 2458 1752 autem
2479 1711 2736 1768 superne
2761 1695 3112 1765 inundante,
3141 1694 3610 1766 universamque

249 1793 514 1863 ύποζύγια
545 1799 638 1852 τῆς
667 1789 958 1862 περικύκλῳ
985 1797 1104 1860 γῆς.
1143 1793 1244 1841 Καὶ
1285 1791 1328 1840 εί
1357 1791 1445 1860 μιν
1485 1785 1544 1846 ἦν
1583 1789 1847 1862 ἅνθρωπος

1962 1791 2182 1844 terram
2203 1801 2500 1858 pascuam
2531 1789 2840 1854 atterente,
2874 1799 3114 1840 necnon
3143 1783 3302 1842 arvis
3327 1783 3475 1840 limo
3499 1783 3610 1840 ob-

255 1876 476 1946 ἁδικῶν,
499 1879 594 1930 οὐκ
623 1877 682 1930 ἂν
709 1877 1052 1950 ἐπαυσάμεθα
1079 1883 1184 1938 τοῖς
1221 1873 1593 1951 δικαστηρίοις
1631 1881 1848 1949 χρώμε-

251 1988 353 2022 νοι.
379 1971 476 2020 Τὸν
507 1965 565 2020 δὴ
595 1971 772 2040 νόμοις
811 1971 882 2038 μὴ
913 1968 1216 2038 πειθόμενον
1247 1969 1494 2038 μέγιστον
1517 1968 1772 2036 ποταμὸν,
1801 1970 1851 2018 τί

249 2056 314 2108 ἂν
341 2059 446 2128 ἄρα
480 2053 590 2108 δέοι
617 2076 698 2118 τις
729 2054 1162 2130 ἐφαρμόσασθαι;
1211 2059 1297 2108 Σοὶ
1335 2051 1424 2106 οὖν
1463 2055 1716 2126 εὔχεσθαι
1747 2050 1848 2123 δεῖ,

245 2149 522 2220 κράτιστε,
553 2155 626 2216 τῷ
657 2144 706 2196 ἐν
737 2151 836 2216 μιᾷ
863 2152 1048 2219 καιροῦ
1077 2145 1210 2218 ῥοπῇ
1249 2143 1544 2196 ἀναστεῖλαι
1583 2139 1851 2216 δυναμένῳ

245 2240 340 2288 τὸν
363 2243 460 2288 τῶν
491 2231 782 2306 ὁδοιπόρων
811 2229 1077 2290 κίνδυνον.

1959 1875 2150 1946 tectis,
2177 1889 2425 1930 necesse
2455 1879 2544 1930 est
2575 1878 2638 1930 ut
2669 1873 2892 1930 esuriat
2921 1877 3122 1930 arator
3147 1873 3282 1940 bos,
3315 1887 3456 1928 cum
3479 1871 3610 1928 reli-

1959 1963 2096 2035 quis
2141 1963 2432 2034 jumentis
2472 1962 2654 2018 totius
2711 1961 2990 2032 regionis.
3050 1965 3118 2018 Et
3155 1977 3297 2019 vero
3339 1961 3388 2016 si
3423 1961 3610 2018 homo

1961 2051 2167 2108 fuisset
2197 2053 2302 2124 qui
2333 2051 2567 2108 homini
2603 2051 2842 2108 fecisset
2879 2051 3186 2122 injuriam,
3205 2066 3330 2107 non
3357 2050 3612 2106 destitis-

1961 2157 2163 2198 semus
2197 2141 2274 2196 ad
2302 2141 2628 2198 tribunalia
2670 2157 2796 2198 rem
2829 2141 3056 2198 diﬂ‘ere.
3085 2145 3156 2198 At
3183 2141 3246 2198 in
3273 2142 3610 2198 maximum

1959 2229 2208 2286 ﬂuvium
2239 2271 2252 2294 ,
2307 2229 2544 2300 legibus
2605 2245 3004 2302 nequaquam
3068 2230 3608 2303 obtemperantem,

239 2323 542 2396 quidnam
593 2321 823 2394 aliquid
875 2321 1092 2394 poterit
1137 2321 1476 2378 adamare?
1507 2320 1800 2386 Quocirca
1840 2319 1918 2376 ad
1947 2322 2002 2375 te
2051 2334 2258 2390 preces
2297 2317 2641 2376 deferendae
2691 2323 2854 2389 sunt,
2887 2319 3320 2392 potentissime,
3351 2319 3460 2392 qui
3487 2335 3611 2378 uno

245 2410 538 2485 temporis
569 2413 901 2478 momento,
931 2411 1234 2466 viatorum
1254 2409 1588 2482 periculum
1615 2409 1817 2466 sistere
1842 2411 2032 2482 potes.

791 2521 1128 2570 ΕΠΙΣΤΟΛΗ
1159 2515 1311 2580 ΤΞς-’.

2415 2517 2756 2574 EPISTOLA
2797 2517 3106 2575 CCCLXVI.

319 2611 652 2661 Anuoumo.
685 2637 754 2646 —
783 2605 880 2660 En
909 2607 1119 2676 magni
1147 2605 1358 2661 Basilii
1401 2605 1840 2677 epistolamtea‘
1865 2607 2066 2677 prisco
2119 2606 2321 2662 codice
2367 2607 2576 2662 Veneto
2623 2607 2780 2674 LXI,
2810 2607 2863 2676 f.
2885 2611 3008 2668 324,
3042 2623 3078 2662 a
3107 2623 3200 2664 me
3223 2608 3608 2677 ert-scriptam,

247 2693 388 2748 quae
414 2679 554 2732 olim
583 2677 928 2732 clarissimis
958 2691 1190 2748 quoque
1218 2677 1362 2732 viris
1385 2676 1712 2748 Marciana:
1739 2676 2106 2734 bibliothecae
2131 2677 2602 2746 descriptoribus
2639 2679 2938 2734 Zannetio
2969 2684 3150 2748 atque
3185 2676 3462 2736 Morellio
3491 2682 3612 2736 ine-

243 2747 380 2804 dita
412 2749 538 2820 visa
563 2754 682 2814 est;
705 2753 884 2820 atque
915 2747 1118 2820 utrum
1149 2749 1224 2820 sit
1254 2747 1486 2820 alicubi
1504 2749 1816 2820 postremis
1847 2748 2144 2820 hisannis
2169 2748 2349 2820 edita,
2376 2749 2524 2804 mihi
2545 2764 2665 2820 non
2697 2755 2950 2820 constat,
2984 2747 3088 2804 sed
3111 2756 3269 2806 certe
3295 2753 3356 2805 in
3385 2753 3612 2820 plenis-

245 2822 402 2876 sima
427 2819 710 2874 Garnerii
730 2817 988 2874 editione
1007 2819 1408 2874 desideratur.
1435 2819 1526 2873 Ea
1557 2817 1846 2890 scribitur
1879 2819 1960 2872 ad
1997 2819 2298 2874 Urbicium
2337 2817 2724 2886 monachum,
2758 2819 2838 2874 ad
2867 2817 3036 2890 quem
3068 2821 3206 2875 alia?
3243 2817 3616 2876 duaiBasilii

248 2891 516 2958 epistola:
546 2895 808 2955 ea'stant,
840 2905 1048 2956 nempe
1077 2893 1173 2944 123
1208 2895 1260 2944 et
1289 2893 1416 2952 262,
1439 2893 1502 2942 in
1537 2889 1914 2944 Garneriana
1946 2891 2221 2944 editione.
2259 2891 2690 2960 Argumentum
2718 2891 3046 2960 titulusque
3065 2897 3169 2958 est,
3203 2894 3282 2944 De
3305 2893 3613 2946 continen-

249 2961 356 3016 tia.
389 2961 591 3030 Neque
623 2975 755 3032 aero
785 2963 1076 3028 scriptum
1111 2960 1219 3015 hoc
1261 2961 1628 3032 Basilianum
1666 2961 1908 3032 diutius
1951 2975 2056 3030 ego
2085 2961 2400 3016 celandum
2447 2961 2734 3026 arbitror,
2764 2963 3094 3029 praesertim
3129 2963 3266 3032 quia
3296 2961 3516 3016 Suidas
3541 2977 3612 3018 ac

249 3033 508 3087 Photius
541 3031 700 3102 nihil
725 3033 1117 3100 praestantius
1139 3037 1252 3102 aut
1281 3031 1590 3097 epistolari
1619 3031 1964 3086 characteri
2009 3032 2514 3088 accommodatius
2546 3033 2752 3088 Basilii
2786 3034 3048 3102 epistolis
3087 3031 3609 3102 essejudicarunt.

252 3105 368 3160 Mn
394 3101 683 3158 .Biblioth.
715 3117 850 3160 nov.
883 3105 1080 3172 Patr.,
1109 3101 1223 3170 III,
1250 3104 1374 3158 450.

249 3190 520 3252 Βασίλειος
545 3193 676 3264 πρὸς
715 3188 992 3264 Ούρϐίκιον
1039 3189 1334 3262 μονάζοντα
1375 3193 1494 3263 περὶ
1529 3187 1844 3264 ἐγκρατείας.

1962 3191 2024 3248 S.
2068 3193 2277 3248 Basilii
2340 3192 2422 3248 ad
2475 3191 2780 3249 Urbicium
2835 3193 3195 3250 monachum
3253 3195 3504 3264 epistola
3542 3195 3614 3250 de

331 3351 510 3413 Καλῶς
564 3357 746 3420 ποιεῖς,
790 3352 942 3412 ὅρους
995 3352 1120 3422 ἡμῖν
1161 3349 1326 3410 εὐθεῖς
1381 3349 1591 3423 ὁρίζων,
1639 3351 1720 3402 ἶνα
1775 3353 1847 3421 μὴ

251 3443 407 3512 μόνον
437 3437 736 3511 ἐγκράτειαν
784 3435 976 3512 ἴδωμεν
1033 3439 1166 3510 (41),
1207 3436 1334 3489 ἀλλὰ
1389 3441 1478 3490 καὶ
1525 3441 1612 3489 τὸν
1652 3443 1850 3512 καρπὸν

249 3529 434 3588 αὐτῆς.
465 3527 640 3580 Ἔστιν
685 3524 770 3579 οὖν
825 3529 849 3579 ὁ
904 3529 1105 3600 καρπὸς
1152 3526 1338 3595 αὐτῆς,
1389 3534 1522 3580 Θεοῦ
1577 3531 1847 3600 μετουσία.

247 3621 322 3670 Τὸ
371 3619 471 3692 γὰρ
524 3621 594 3690 μὴ
655 3619 976 3692 φθείρεσθαι,
1011 3623 1143 3670 Θεοῦ
1182 3619 1420 3689 μετέχειν
1471 3614 1642 3666 ἐστίν·
1678 3619 1848 3689 ὥσπερ

251 3711 312 3759 τὸ
369 3707 686 3778 φθείρεσθαι,
726 3704 850 3778 βίου
907 3709 1182 3778 μετουσία.
1219 3703 1523 3778 Ἐγκράτεια
1577 3707 1677 3780 γὰρ
1712 3703 1849 3758 ἐστιν

257 3801 502 3868 σώματος
553 3797 796 3870 ἄρνησις,
847 3799 938 3846 καὶ
993 3793 1243 3868 ὁμολογία
1299 3795 1429 3867 πρὸς
1488 3799 1633 3848 Οεον.
1689 3793 1849 3848 Ἀπο-

327 3903 438 3973 (39)
491 3897 1640 3983 ςΑστραποϐρὶοντοχαλαζορειθροθαμάστου.
1703 3903 1850 3956 Cum

253 3971 382 4029 tota
409 3971 660 4044 epistola
687 3971 882 4044 Basilii
905 3971 1058 4044 stylo
1083 3977 1138 4027 et
1158 3971 1704 4044 ingenio’discolor,
1723 3977 1848 4028 tum

249 4041 522 4124 marime
571 4044 684 4124 hoc
737 4041 1066 4124 plusquam
1113 4041 1540 4124 .sesquip‘edale
1573 4042 1844 4124 verbum.

251 4115 426 4172 Unde
437 4113 868 4170 nonimmerito
885 4113 1220 4178 Cotelerius,
1237 4113 1341 4184 qui
1361 4113 1518 4168 hanc
1536 4113 1850 4184 epistolam

247 4187 314 4243 in
334 4187 530 4242 lucem
543 4185 747 4252 edidit,
765 4191 907 4242 tom.
925 4188 966 4240 ll
981 4185 1246 4240 Monum.
1265 4185 1676 4248 Eecl.Grzceav,
1693 4185 1850 4240 hanc

250 4257 510 4332 apponit
525 4261 730 4332 notam
749 4273 806 4328 p.
825 4261 949 4332 5_5_9.
969 4257 1032 4310 In
1045 4257 1239 4332 primo
1257 4271 1286 4312 e
1306 4256 1845 4332 codicibus,inquit,

253 4323 550 4385 emunctae
570 4323 1006 4384 naris-criticus
1046 4323 1434 4382 adnotaverat
1467 4344 1480 4382 :
1513 4327 1570 4378 Ἠ
1602 4323 1844 4384 ἐπιστολή

255 4401 416 4464 αὕτη,
458 4403 572 4471 αὖτε
604 4397 704 4450 ἀπὸ
737 4407 833 4450 τῶν
871 4399 1158 4469 νοημάτων,
1201 4399 1316 4449 οὔτε
1365 4396 1464 4448 ἀπὸ
1491 4405 1586 4459 τῆς
1617 4400 1850 4471 φράσεως

253 4475 422 4524 ἔοικεν
445 4468 574 4523 εἶναι
599 4477 690 4522 τοῦ
711 4469 950 4540 Μεγάλου
969 4468 1276 4524 ίΒασιλείου.
1301 4471 1420 4540 Hoc
1445 4475 1538 4523 est
1559 4487 1572 4524 :
1599 4468 1716 4525 Ista
1733 4471 1850 4538 epi-

2601 3265 2988 3319 continentia.

2037 3354 2206 3407 Rectc
2239 3351 2406 3414 facis,
2438 3353 2633 3424 justos
2673 3351 2847 3408 nobis
2882 3353 3031 3408 ﬁnes
3058 3351 3374 3420 deﬁniens,
3399 3357 3464 3410 ut
3491 3369 3614 3410 non

1962 3439 2156 3495 solum
2187 3440 2638 3508 continentiam,
2657 3457 2866 3496 verum
2890 3441 3068 3498 etiam
3088 3443 3216 3512 ejus
3236 3442 3494 3499 fructum
3517 3459 3613 3500 co-

1963 3543 2346 3600 gnoscamus.
2393 3533 2488 3584 list
2513 3531 2694 3600 igitur
2736 3531 2963 3586 fructus
2989 3533 3264 3603 ejus,Dei
3291 3534 3616 3606 participa-

1961 3618 2079 3674 tio:
2113 3619 2332 3674 etenim
2363 3634 2486 3674 non
2519 3620 2844 3692 corrumpi,
2896 3621 3144 3692 perinde
3201 3627 3288 3676 est
3323 3638 3392 3677 ac
3425 3625 3612 3678 Deum

1961 3707 2350 3780 participare;
2382 3707 2554 3764 sicuti
2611 3709 2936 3781 corrumpi,
2993 3709 3199 3764 mundi
3231 3711 3611 3782 participatio

1959 3801 2066 3851 est.
2119 3796 2495 3853 Continentia
2559 3797 2798 3867 negatio
2856 3799 3126 3870 corporis
3192 3803 3318 3870 est,
3387 3803 3444 3854 et
3509 3799 3612 3854 Dei

1961 3907 2248 3972 stagnum
2281 3903 2767 3966 Sebastenorum,
2783 3905 2948 3970 gravi
2973 3903 3154 3959 ﬂante
3167 3905 3371 3970 borea,
3389 3905 3608 3962 inﬁxos

1963 3975 2163 4048 (uisse,
2199 3973 2260 4028 id
2291 3975 2772 4048 peregrinitatem
2797 3975 2976 4048 hujus
2999 3976 3265 4048 epistolae
3296 3977 3446 4048 adeo
3469 3977 3624 4048 con?

1961 4045 2180 4118 ﬁrmat,
2214 4051 2274 4099 ut
2305 4045 2484 4100 mirer
2505 4045 2965 4118 Tillemontium,
2989 4045 3090 4118 qui
3113 4047 3270 4102 hanc
3295 4047 3607 4103 difﬁculta-

1959 4120 2080 4172 tem
2102 4116 2463 4188 observavit.
2489 4117 2766 4188 duﬁbitare
2805 4116 3088 4188 potuisse,
3123 4123 3325 4173 utrum
3353 4119 3604 4174 Basilius

1959 4187 2226 4256 epistolae
2249 4191 2455 4242 auctor
2485 4187 2692 4242 haberi
2723 4187 2911 4244 necne
2959 4188 3219 4244 deberet.
3256 4191 3400 4246 Cum
3445 4191 3604 4246 enim

1958 4257 2058 4314 illa
2078 4257 2151 4312 de
2173 4257 2576 4330 quadraginta
2593 4259 2959 4328 martyribus
2981 4261 3184 4330 opinio
3205 4261 3604 4317 recentiorum

1961 4329 2299 4386 Graecorum
2323 4335 2498 4390 est,ut
2517 4329 2644 4402 ipse
2659 4329 3600 4402 observatTillemontius,tom.V,

1957 4417 2017 4473 p.
2051 4404 2310 4468 789,tum
2331 4415 2470 4456 vero
2493 4401 2754 4470 Gregorii
2776 4401 3024 4472 Nysseni
3047 4407 3098 4473 et
3121 4401 3318 4454 Basilii
3341 4402 3604 4473 testimo-

1959 4471 2074 4526 niis
2095 4474 2334 4542 penitus
2359 4477 2676 4542 repugnat,
2709 4471 2968 4542 quorum
3008 4471 3154 4526 alter
3193 4471 3601 4541 quadraginta

251 4543 438 4606 stola,
454 4557 651 4614 neque
679 4557 754 4598 ea:
778 4539 988 4614 scrisis,
1027 4555 1215 4610 neque
1235 4553 1310 4596 ea:
1329 4539 1588 4614 dictione
1613 4541 1852 4614 videtur
1881 4539 1924 4592 Ι)
1959 4539 2254 4614 martyres
2273 4541 2330 4598 in
2357 4539 2588 4598 balneis
2603 4539 2860 4614 publicis
2880 4541 3082 4614 frigori
3102 4539 3404 4612 expositos
3420 4542 3599 4614 fuisse

251 4629 382 4670 esse
399 4609 612 4682 Magni
629 4609 1320 4670 Basilii.Videturtamen
1341 4609 1851 4682 Tillemontioliaac

251 4681 521 4757 epistola
534 4683 818 4757 juvenem
839 4687 894 4757 et
915 4683 1212 4757 rhetorem
1230 4681 1510 4757 Basilium
1532 4697 1650 4736 non
1669 4681 1851 4736 dede-

253 4752 556 4832 cuisse,__et
575 4754 996 4832 Theodosium,
1013 4753 1118 4832 cui
1135 4752 1424 4832 inscripta
1448 4757 1554 4832 est,
1577 4767 1704 4832 non
1723 4768 1850 4832 ma-

253 4842 450 4898 gnum
475 4821 1082 4898 illumimperatorem
1105 4821 1393 4893 intelligit,
1407 4821 1512 4878 sed
1531 4822 1852 4898 praesidem

253 4893 526 4968 aliquem
547 4893 963 4970 Cappadociae.
983 4895 1264 4970 iniquum
1280 4909 1424 4970 sane
1441 4893 1598 4950 esset
1615 4893 1856 4970 injuve-

251 4985 334 5026 ne
349 4963 656 5024 summam
673 4963 812 5038 styli
828 4963 1182 5038 gravitatem
1195 4963 1518 5038 requirere;
1533 4963 1640 5038 sed
1653 4963 1854 5038 tamen

253 5039 484 5110 Basilio
501 5035 816 5110 nunquam
835 5035 1100 5110 defuisse
1115 5035 1470 5110 crediderim
1485 5035 1742 5110 pellucid
1754 5052 1854 5110 um

253 5109 596 5182 quemdam
637 5105 926 5166 orationis
971 5107 1246 5182 nitorem,
1287 5108 1392 5179 qui
1443 5105 1550 5164 toti
1587 5105 1852 5182 epistolae

255 5177 511 5254 prorsus
521 5180 704 5254 deest.
719 5186 758 5236 A
769 5184 936 5236 uctor
945 5179 1210 5251 epistolae
1221 5177 1642 5254 imperatorem
1655 5177 1854 5254 ipsum
1897 5207 1902 5212 -

255 5249 666 5324 Theodosium
677 5295 690 5316 ,
703 5267 890 5324 quem
909 5249 1262 5321 regnantem
1275 5249 1562 5324 non_v_idit
1583 5249 1853 5324 Basilius,

255 5323 578 5396 manifeste
611 5319 954 5396 alloquitur,
980 5319 1054 5377 ut
1083 5325 1247 5396 patet
1290 5337 1363 5376 ex
1403 5321 1498 5396 bis
1527 5319 1724 5396 Verbis
1751 5337 1763 5376 :
1789 5325 1854 5374 Σύ

257 5392 350 5448 οὖν
378 5391 792 5466 ἐκδυσῳπηθεὶξ,
815 5391 1490 5466 κράτιστα-φιλοτιμεῖσθαι
1522 5392 1734 5452 θέλησον
1764 5397 1856 5449 τὴν

259 5469 523 5538 ὑποφορόν
546 5465 638 5517 ϐου
659 5475 778 5538 γῆν·
797 5465 880 5521 Tu
901 5465 1086 5538 igitur
1103 5470 1406 5538 exoratus,
1437 5465 1858 5538 prazstantissi:

260 5533 539 5606 me,'bene
553 5533 774 5596 mereri
793 5533 940 5595 velis
961 5535 1036 5594 de
1061 5541 1224 5592 terra
1240 5535 1360 5606 tibi
1383 5533 1730 5592 tributaria.
1745 5533 1860 5591 Sed

255 5605 434 5684 quOd
459 5607 536 5668 de
559 5607 964 5682 quadraginta
1001 5605 1372 5681 martyribus
1405 5606 1642 5676 dicitur,
1663 5621 1768 5664 eos
1797 5605 1859 5662 in

1959 4612 2184 4678 narrat,
2211 4617 2355 4668 tom.
2397 4617 2486 4680 Ill,
2527 4612 2676 4686 pfiil
2701 4612 3022 4686 t,ABasilius
3051 4628 3320 4686 veroeos
3349 4614 3412 4668 in
3451 4613 3599 4670 urbe

1961 4699 2172 4756 passos
2206 4699 2372 4756 resse,
2408 4683 2542 4738 non
2579 4699 2718 4738 vero
2757 4683 2814 4738 in
2848 4689 3062 4752 stagno
3091 4683 3354 4756 declarat
3386 4701 3397 4738 :
3438 4687 3601 4741 Tunc

1961 4753 2170 4824 igitur,
2202 4753 2413 4825 inquit,
2447 4761 2591 4810 tom.
2629 4757 2692 4822 ll,
2729 4770 2788 4825 p.
2831 4759 2944 4812 lEi'Z.
2991 4771 3052 4808 ca
3087 4757 3139 4808 in
3173 4755 3294 4810 illos
3343 4757 3458 4810 lata
3481 4773 3600 4811 sen-

1961 4831 2132 4898 tentia-
2177 4828 2274 4892 est,
2315 4833 2374 4898 ut
2409 4826 2521 4898 sub
2555 4825 2643 4880 (tio
2687 4829 3094 4895 pernoctarcnt,
3145 4842 3268 4881 cum
3319 4831 3596 4898 stagnum,

1959 4897 2170 4967 circum
2197 4895 2336 4966 quod
2361 4896 2579 4950 condita
2611 4899 2730 4967 erat
2757 4898 2953 4950 civitas
2983 4898 3042 4950 in
3071 4914 3180 4967 qua
3212 4900 3392 4954 sancti
3410 4895 3597 4954 decer-

1961 4966 2174 5040 tabant.
2201 4969 2334 5020 esset
2357 4967 2500 5040 velut
2519 4966 2768 5036 quendam
2787 4967 3046 5040 play-tilies
3071 4966 3408 5038 equitabilis,
3427 4971 3600 5040 glacie

1961 5037 2100 5092 illud
2127 5039 2554 5104 transmutante,
2574 5053 2806 5108 cumque
2838 5037 2892 5091 id.
2911 5055 2982 5094 ex
2999 5037 3208 5108 frigore
3230 5041 3298 5094 ad
3317 5037 3600 5096 continen-

1963 5110 2034 5163 tis
2071 5112 2332 5180 naturam
2357 5108 2658 5180 redactum,
2703 5125 2866 5180 super
2893 5109 3114 5164 dorsum
3151 5113 3256 5166 iter
3283 5113 3599 5166 accolarum

1959 5179 2184 5252 pedibus
2209 5182 2386 5252 tutum.
2407 5179 2694 5250 przeberet,
2719 5179 3093 5252 prwtt'reaque
3111 5183 3380 5252 ﬂuviiqui
3393 5181 3602 5250 fugit-er

1961 5250 2229 5320 ﬂuebant,
2256 5250 2428 5320 glacie
2447 5250 2746 5318 constricti,
2771 5250 3058 5308 desiissent
3079 5250 3328 5320 manare,
3356 5255 3406 5306 et
3427 5267 3597 5320 aqua-

1963 5338 2090 5376 rum
2117 5325 2337 5394 natura,
2371 5323 2590 5378 mollior
2647 5323 2706 5376 in
2763 5323 3008 5394 lapidum
3052 5324 3312 5378 duritiem
3343 5337 3604 5376 conversa

1963 5396 2118 5460 esset,
2142 5409 2268 5448 cum
2305 5393 2537 5464 denique
2565 5409 2714 5448 acres
2745 5393 2915 5450 boreae
2937 5397 3102 5464 [latus
3141 5394 3458 5448 animantia
3493 5409 3604 5448 om-

1963 5467 2060 5518 nia
2087 5467 2342 5534 urgerent
2361 5464 2430 5518 ad
2459 5469 2708 5520 mortem.

2037 5533 2150 5606 (40)
2305 5538 2390 5587 τὸν
2429 5535 2836 5608 πολυστένακτον
2859 5535 2996 5608 βίον.
3030 5537 3160 5590 CO'I‘.

2036 5603 2150 5680 (41)
2177 5603 2417 5680 Ἶδωμεν.
2453 5609 2601 5680 Lege
2627 5603 2868 5681 εἰδῶμενξ
2896 5609 3047 5662 EDIT.
