4050 6220
565 310 701 366 1111

1939 310 1999 367 s.
2040 309 2298 369 BASILII
2333 309 2574 383 MAGNI]

3723 324 3831 387 1112

561 431 869 490 confessio
898 448 912 487 :
947 446 982 486 a
1013 431 1231 503 quavis
1258 445 1319 487 re
1352 432 1587 489 mortali
1612 436 1799 489 semet
1819 433 2131 501 abstrahit,
2156 438 2213 490 et

2352 434 2493 486 ταίνει
2524 434 2639 503 (46)
2668 453 2760 486 του
2799 436 2986 492 θνητοῦ
3034 437 3243 507 «ambs,
3293 437 3458 511 ὧσπὶρ
3494 448 3631 512 σῶμα
3672 445 3833 515 ἔχουσα

561 523 754 577 instar
787 521 1056 593 corporis
1109 520 1293 577 habet
1350 521 1632 593 Spiritum
1680 522 1800 590 Dei,
1847 528 1903 579 et
1953 524 2072 580 Deo
2101 538 2214 579 nos

562 610 935 677 commiscet,
960 608 1344 665 aemulatione
1364 610 1632 682 qualibet
1653 616 1831 684 atque
1862 611 2085 667 invidia
2111 627 2213 668 ca-

562 713 722 755 rens.
757 701 903 753 Nam
927 698 1031 771 qui
1058 713 1275 770 corpus
1293 704 1475 769 amat,
1497 698 1597 756 alii
1617 699 1859 755 invidet.
1887 700 1995 766 Qui
2014 704 2215 756 autem

566 788 969 860 corruptionis
998 787 1282 843 morbum
1314 787 1371 843 in
1416 803 1517 844 cor
1558 804 1679 845 non
1714 789 1992 857 admittit,
2022 788 2216 845 labori

568 876 813 933 cuilibet
837 876 1124 949 deinceps
1146 876 1496 933 sustinendo
1527 893 1637 949 par
1674 882 1800 941 est;
1831 882 1887 934 et
1928 877 2063 934 licet
2092 892 2217 934 cor-

567 981 715 1039 pore
746 965 1088 1031 occumbat,
1131 965 1277 1021 vivit
1328 966 1786 1023 immortalitati.
1815 971 1939 1023 lmo
1989 967 2040 1022 si
2090 983 2218 1023 rem

569 1054 829 1127 perfecte
876 1070 1337 1124 cognoscamus,
1380 1055 1748 1111 continentia
1801 1054 2037 1111 videtur
2086 1072 2221 1112 esse

576 1142 873 1215 Deus,qui
904 1142 1053 1198 nihil
1081 1143 1588 1215 coneupiscit,sed
1619 1144 1826 1199 omnia
1848 1144 1907 1199 in
1941 1160 2000 1201 se
2017 1144 2219 1216 habet,

575 1232 851 1304 nihilque
872 1232 1117 1305 appetit,
1142 1247 1252 1287 nec
1274 1233 1398 1287 sive
1433 1233 1621 1288 oculis
1659 1233 1781 1289 sive
1802 1233 2049 1289 auribus
2078 1250 2225 1306 pas-

579 1321 817 1378 sionem
861 1320 1196 1393 experitur;
1231 1322 1335 1376 sed
1375 1321 1542 1376 nulla
1590 1337 1653 1376 re
1681 1320 1977 1391 indigens,
2007 1320 2223 1393 plenus

578 1427 1019 1485 usquequaque
1046 1415 1153 1467 est.
1182 1410 1680 1483 Concupiscentia
1701 1411 1950 1467 morbus
1985 1417 2074 1467 est
2104 1411 2230 1467 ani-

579 1517 734 1569 mae;
768 1500 995 1556 sanitas
1045 1500 1341 1572 ejusdem,
1386 1501 1773 1557 continentia.
1805 1503 2229 1559 Verumtamen

580 1588 748 1644 haud
776 1588 837 1645 in
860 1603 984 1645 una
1004 1588 1203 1661 specie
1230 1588 1656 1645 continentiam
1676 1594 1913 1662 oportet
1933 1595 2224 1664 spectare,

580 1678 763 1735 veluti
785 1678 942 1735 circa
995 1694 1090 1735 res
1132 1694 1421 1735 venereas
1446 1696 1459 1747 ;
1493 1679 1598 1735 sed
1628 1684 1685 1735 et
1713 1680 1775 1735 in
1806 1680 1922 1737 alia
1944 1697 2008 1737 re
2034 1681 2227 1754 quali-

2319 531 2410 576 τοῦ
2437 530 2572 575 Θεοῦ
2624 526 2682 575 τὸ
2732 531 2940 596 Πνεῦμα
2963 545 2976 557 ο
3023 528 3111 576 καὶ
3157 532 3268 596 Θεῷ
3286 530 3558 598 μίσγεσθαι
3590 538 3832 598 ποιεῐ,ο·3τι

2323 611 2478 673 ζῆλον
2510 614 2718 683 ἔχουσα
2749 616 2867 665 οὔτε
2897 614 3100 684 φθόνον.
3122 613 3180 666 '0
3210 617 3308 687 γὰρ
3338 613 3457 690 ἐρῶν
3478 622 3702 689 σώματος,
3718 620 3832 696 ἑτέρῳ

2326 697 2685 773 διαφθονεῖται
2715 720 2728 732 θ
2762 703 2787 754 ὁ
2820 698 2879 754 δὲ
2925 707 2997 774 μὴ
3048 705 3392 776 κομισάμενος
3435 704 3496 765 εἰς
3538 705 3732 777 καρδίαν
3764 719 3832 773 τῆς

2324 792 2513 864 φθορᾶς
2552 795 2645 848 τὴν
2670 794 2843 858 νόσον,
2874 790 3094 865 ἔρρωται
3134 791 3308 844 λοιπόν
3356 797 3488 865 πόνῳ
3514 800 3669 859 παντὶ,
3696 802 3833 871 καίπερ

2325 878 2596 931 ἀποθανὼν
2627 882 2718 952 μεν
2766 888 2837 950 τῷ
2872 885 3098 952 σώματι,
3136 884 3235 944 ζῶν
3281 877 3339 933 δὲ
3364 890 3425 954 τῇ
3476 881 3732 958 ἀφθαρσίᾳ.
3766 894 3836 940 Καὶ

2326 989 2416 1043 μοι
2444 968 2645 1031 τελείως
2699 972 3164 1042 καταμανθάνοντι,
3217 969 3483 1045 ἐγκράτεια
3522 969 3655 1025 δοκεῖ
3690 976 3712 1026 ό
3750 981 3837 1037 Θεὸς

2328 1058 2477 1127 εἶναι,
2505 1060 2584 1110 ὅτι
2614 1054 2839 1131 μηδενός
2867 1057 3125 1131 ἐπιθυμεῖ,
3155 1058 3280 1112 ἀλλά
3316 1062 3480 1113 πάντα
3502 1063 3606 1133 ἔχει
3632 1062 3674 1114 ἐν
3697 1063 3838 1135 ἑαυτῷ*

2328 1152 2418 1200 καὶ
2483 1144 2689 1208 οὐδενός
2752 1146 3007 1221 ὀρέγεται,
3067 1144 3192 1200 οὐδὲ
3255 1150 3365 1218 ἔχει
3420 1151 3571 1210 πάθος
3612 1156 3712 1225 περὶ
3756 1156 3841 1212 τοὺς

2332 1236 2648 1309 ὀφθαλμοὺς,
2678 1232 2801 1288 οὐδὲ
2830 1240 2947 1309 περὶ
2980 1238 3045 1288 τὰ
3074 1237 3210 1288 ὧτα’
3252 1235 3377 1289 ἀλλὰ
3407 1235 3625 1300 ἀνενδεὴς
3650 1240 3841 1306 dimidii-

2331 1346 2428 1401 ρης
2456 1321 2528 1378 δι’
2557 1324 2673 1377 ὅλον
2706 1323 2865 1379 ἐστίν.
2895 1326 3180 1397 Ἐπιθυμία
3208 1330 3357 1388 νόσος
3387 1325 3708 1399 ἐστὶψνχῆς·
3735 1331 3844 1399 ὑγεία

2334 1410 2412 1495 δέ,
2445 1413 2736 1490 ἐγκράτεια.
2763 1412 2839 1466 Οὐ
2882 1417 3036 1487 μόνον
3089 1410 3149 1468 δὲ
3177 1418 3293 1488 περὶ
3327 1413 3375 1468 ἓν
3412 1412 3544 1477 εἶδος
3581 1418 3663 1475 τὴν
3702 1416 3846 1490 ἐγκρά-

2331 1524 2468 1558 τειαν
2500 1501 2582 1556 δεῖ
2611 1505 2755 1576 όρᾷν,
2783 1504 2888 1556 οἷον
2918 1504 3079 1556 ἕνεκεν
3118 1500 3459 1577 ἀφροδισίων,
3502 1503 3621 1557 ἀλλά
3650 1510 3727 1558 καὶ
3762 1512 3845 1577 πιρὶ

2334 1596 2399 1646 τὰ
2429 1592 2558 1645 ἄλλα
2586 1594 2687 1645 ὅσα
2720 1591 2963 1665 ἐπιθυμεῖ
2989 1594 3018 1650 ἡ
3052 1592 3206 1665 ψυχὴ
3254 1602 3439 1661 κακῶς,
3487 1593 3576 1645 οὐκ
3616 1593 3843 1668 ἀρκονμένη

2334 1689 2444 1743 τοῖς
2474 1681 2775 1753 ἀναγκαίοις
2795 1702 2808 1715 ο
2840 1685 3037 1753 γίνεται
3068 1683 3248 1753 φθόνος
3294 1678 3386 1734 διὰ
3420 1687 3652 1757 χρυσίον,
3672 1688 3743 1735 καὶ
3764 1678 3848 1734 ἀδι-

582 1767 705 1839 bet,
738 1784 925 1840 quam
955 1768 1161 1825 anima
1199 1784 1383 1841 prave
1435 1770 1679 1841 appetit,
1711 1771 2063 1827 necessariis
2105 1787 2229 1828 non

2352 1777 2399 1830 ιὴ
2407 1791 2550 1844 ματα
2578 1775 2742 1846 μυρία
2766 1766 2842 1822 δι’
2866 1770 3037 1843 ἐτέρας
3058 1768 3359 1843 ἐπιθυμίας.
3392 1775 3489 1823 Καὶ
3507 1774 3562 1823 τό
3585 1775 3649 1843 μὴ
3675 1773 3847 1843 μεθύειν,

586 1862 882 1914 contenta.
916 1858 1183 1929 Gignitur
1207 1858 1452 1926 invidia,
1480 1858 1560 1914 ob
1586 1874 1824 1927 aurum,
1858 1864 1913 1917 et
1944 1861 2229 1934 improbi-

584 1951 737 2003 tates
796 1948 1169 2012 innumerae,
1222 1948 1302 2013 ob
1349 1947 1497 2004 alias
1554 1948 1930 2021 cupiditates.
1987 1953 2117 2007 Jam
2174 1956 2232 2008 et

583 2035 866 2092 ebrietate
914 2052 1136 2103 carere,
1167 2036 1534 2092 continentia
1576 2041 1699 2104 est;
1732 2042 1788 2093 et
1836 2038 1950 2094 cibi
1983 2038 2231 2111 crapula

582 2142 706 2182 non
728 2127 1012 2199 dirumpi,
1044 2133 1099 2182 et
1126 2142 1345 2199 corpus
1373 2143 1549 2182 suum
1582 2126 1880 2195 cohibere,
1922 2129 2228 2185 continen-

584 2216 664 2272 tia
695 2221 803 2273 est.
836 2219 982 2271 ltem
1012 2215 1213 2288 pravis
1245 2215 1545 2271 dominari
1574 2217 2055 2287 cogitationibus.
2082 2235 2233 2292 quo-

582 2307 691 2361 ties
723 2306 991 2360 animam
1018 2303 1224 2360 turbat
1258 2305 1464 2377 aliqua
1492 2306 1816 2377 phantasia
1849 2323 2046 2381 neque
2072 2308 2234 2366 bona

584 2409 782 2466 neque
834 2393 1064 2449 veritati
1113 2394 1513 2463 consentiens,
1561 2411 1783 2469 corque
1813 2397 1875 2453 in
1926 2414 2117 2455 vanas
2150 2399 2236 2455 di-

587 2483 794 2539 strahit
826 2499 1017 2539 curas.
1055 2486 1303 2539 Prorsus
1333 2499 1445 2540 nos
1488 2484 1708 2541 liberos
1742 2493 1992 2558 praestat
2041 2488 2233 2545 conti-

586 2573 812 2642 nentia,
844 2574 989 2645 quia
1019 2572 1201 2628 simul
1250 2572 1555 2630 medicina
1605 2574 1913 2649 virtusque
1944 2581 2030 2633 est
2063 2596 2075 2634 :
2112 2593 2236 2634 non

588 2662 744 2718 enim
774 2662 1234 2734 temperantiam
1264 2661 1460 2731 docet,
1494 2663 1599 2719 sed
1629 2664 1874 2737 praebet.
1900 2667 2091 2723 Gratia
2115 2666 2236 2737 Dei,

590 2751 957 2808 continentia
987 2755 1096 2807 est.
1140 2750 1316 2807 Jesus
1352 2752 1485 2824 ipsa
1512 2754 1888 2812 continentia
1929 2756 2096 2812 visus
2129 2762 2236 2822 est,

589 2858 728 2897 cum
760 2844 917 2896 terra
957 2841 1230 2913 marique
1270 2841 1457 2897 levior
1484 2841 1631 2899 fuit:
1664 2860 1807 2900 nam
1838 2861 2035 2918 neque
2065 2846 2237 2903 tellus

590 2929 759 2986 illum
785 2930 1047 3003 portavit
1075 2946 1271 3003 neque
1292 2947 1458 2987 mare
1483 2950 1496 2998 ;
1532 2931 1637 2987 sed
1664 2933 1834 2989 sicuti
1856 2950 2021 2991 mare
2052 2935 2242 2993 calca-

590 3020 694 3087 vit,
719 3020 801 3076 ita
820 3020 1011 3076 telluri
1037 3020 1203 3076 oneri
1232 3036 1354 3077 non
1379 3021 1502 3077 fuit.
1520 3024 1667 3077 Nam
1695 3024 1745 3078 si
1766 3039 1838 3079 ex
1861 3026 2241 3097 corruptione

592 3125 758 3165 mors
789 3110 1076 3182 sequitur,
1126 3126 1200 3166 ex
1260 3111 1659 3183 corruptionis
1702 3116 1904 3169 autem
1962 3114 2243 3171 immuni-
2274 3136 2313 3190 ρ

594 3202 734 3265 tate,
764 3198 1220 3267 immortalitas;
1269 3200 1475 3272 utique
1523 3203 1691 3256 Jesus
1737 3200 2019 3259 deitatem
2048 3206 2242 3276 magis

594 3302 719 3358 prce
752 3302 813 3341 se
850 3286 980 3341 tulit
1017 3304 1204 3359 quam
1235 3288 1660 3345 mortalitatem
1694 3294 1826 3359 (42).
1869 3291 2247 3349 Manducavit

596 3374 866 3447 bibitque
881 3375 1166 3445 singulari
1185 3377 1387 3443 modo,
1404 3378 1552 3451 quin
1575 3378 1910 3451 quidquam
1932 3396 2244 3438 comesum

598 3479 671 3519 ex
702 3480 763 3519 se
794 3463 1071 3520 redderet
1100 3466 1214 3535 (43)
1240 3483 1251 3519 :
1278 3471 1442 3522 tanta
1470 3468 1695 3539 quippe
1724 3468 1831 3524 fuit
1860 3469 1920 3524 in
1950 3485 2021 3526 eo
2050 3472 2245 3527 conti-

598 3552 814 3609 nentiae
867 3554 980 3623 vis,
1014 3558 1075 3610 ut
1121 3554 1291 3610 cibus
1348 3555 1409 3611 in
1458 3572 1528 3612 eo
1578 3572 1700 3612 non
1739 3565 2244 3631 corrumperetur,

598 3643 742 3716 quia
791 3642 922 3715 ipse
970 3646 1143 3700 Jesus
1192 3644 1686 3719 corruptibilitate
1726 3647 1970 3705 carebat
2009 3650 2145 3721 (44).
2190 3650 2247 3708 Si

598 3733 785 3790 modo
815 3732 1018 3807 aliqua
1046 3734 1412 3791 continentia
1458 3734 1521 3790 in
1573 3734 1751 3792 nobis
1784 3736 1876 3804 sit,
1910 3738 2248 3810 superiores

599 3823 884 3880 omnibus
915 3840 1145 3879 sumus.
1179 3827 1327 3881 Nam
1349 3829 1406 3881 et
1436 3826 1683 3895 angelos
1707 3825 2251 3901 audivimus,post-

598 3929 781 3985 quam
810 3913 1246 3969 incontinentes
1276 3917 1418 3970 sunt
1442 3913 1654 3985 effecti,
1677 3913 1826 3971 coelo
1848 3921 2090 3988 propter
2112 3932 2250 3973 con-

600 4002 1032 4072 cupiscentiam
1079 4004 1417 4075 preecipites
1465 4009 1631 4060 actos
1664 4005 1839 4060 :victi
1887 3994 2039 4062 sunt'
2064 4006 2244 4078 enim,

601 4104 722 4144 non
754 4089 868 4161 ipsi
894 4107 1001 4161 per
1032 4106 1093 4146 se
1113 4090 1572 4148 descenderunt.
1594 4094 1746 4158 Quid
1770 4094 1928 4149 enim
1958 4094 2072 4150 illic
2103 4111 2248 4166 age-

598 4181 688 4233 ret
717 4177 969 4233 morbus
1010 4177 1126 4243 hic,
1179 4179 1227 4234 si
1256 4179 1365 4250 (45)
1394 4179 1746 4250 hujusmodi
1790 4182 1999 4237 oculus
2022 4183 2247 4240 ibidem

2338 1859 2611 1935 ἓγκράτειά
2642 1858 2781 1912 ἐστιν
2805 1874 2817 1887 ·
2861 1864 2951 1911 καὶ
2978 1863 3036 1912 τό
3067 1860 3141 1932 μὰ
3179 1856 3593 1934 διαρρἠγνυσθαι
3625 1861 3851 1932 ὑπερεμπι-

2338 1949 2589 2022 πλάμενον
2622 1948 2758 2021 (47).
2803 1953 2903 2001 Καὶ
2928 1951 2985 2000 τὸ
3016 1956 3217 2021 κρατεῖν
3247 1957 3340 2000 τοῦ
3374 1955 3618 2022 σώματος,
3640 1949 3853 2022 ίγκράτιιοξ

2341 2038 2502 2101 ἔστιν,
2557 2043 2644 2090 καὶ
2682 2042 2740 2090 τό
2794 2039 3045 2112 κυριεύειν
3088 2036 3355 2109 λογισμῶν
3390 2045 3630 2113 πονηρῶν.
3678 2038 3856 2095 Ποσάκις

2342 2126 2579 2202 ἐτάραξεν
2609 2127 2795 2199 ψυχὴν
2823 2130 3009 2193 ἔννοια,
3041 2126 3135 2178 οὐκ
3166 2125 3339 2197 ἀγαθὴ
3373 2123 3503 2179 οὖσα
3544 2130 3649 2179 οὔτε
3693 2124 3854 2191 ἀληθὲς,

2342 2222 2433 2269 καὶ
2461 2212 2686 2289 καρδίαν
2714 2213 2944 2288 ἐμέρισεν
2975 2213 3047 2275 εἰς
3075 2213 3239 2267 πολλὰ
3269 2216 3551 2288 φροντίζειν
3584 2221 3731 2273 κενῶς.
3762 2213 3856 2265 Πάν·

2343 2325 2444 2367 τως
2476 2304 2733 2378 ἐλευθεροῖ
2777 2304 2806 2361 ἡ
2859 2301 3152 2377 ἐγκράτεια,
3186 2304 3299 2375 ἅμα
3331 2305 3667 2379 θεραπεύουσα
3690 2306 3760 2353 καὶ
3790 2296 3855 2351 δύο

2343 2414 2497 2468 ναμις
2564 2390 2734 2446 οὖσα’
2792 2391 2850 2444 οὐ
2904 2394 3005 2464 γὰρ
3070 2387 3321 2445 διδάσκει
3384 2394 3713 2465 σωφροσύνην,
3766 2387 3856 2440 ἀλλὰ

2345 2488 2587 2560 παρέχει.
2622 2484 2790 2557 Χάρις
2839 2480 2975 2534 ἐστιν
3005 2488 3139 2534 Θεοῦ
3180 2480 3473 2557 ἐγκράτεια.
3506 2484 3687 2541 Ἰησοῦς
3722 2479 3855 2551 ἐγκρά-

2345 2592 2459 2626 τεια
2488 2571 2670 2645 ἐφάνη,
2698 2574 2787 2622 καὶ
2813 2578 2879 2642 γῇ
2904 2574 2994 2621 καὶ
3022 2568 3259 2643 θαλάσσῃ
3291 2578 3476 2643 κοῦφος
3494 2574 3744 2643 γενόμενος.
3763 2568 3857 2619 Οέτε

2346 2665 2444 2736 γὰρ
2492 2669 2559 2733 γῆ
2612 2659 2897 2713 ἐϐάστασεν
2937 2657 3113 2726 αὑτὸν,
3171 2662 3291 2712 οὔτε
3336 2658 3564 2731 πελάγη·
3616 2656 3856 2725 ἄλλ’ὦσπιρ

2350 2750 2604 2809 ἐπάτησεν
2656 2747 2943 2814 θάλασσαν,
2976 2748 3135 2808 οὕτως
3175 2746 3271 2800 οὐκ
3303 2747 3550 2821 ἐϐάρησεν
3585 2750 3667 2805 τὴν
3704 2750 3797 2817 γῆν.
3820 2740 3861 2794 Εἰ

2350 2843 2449 2915 γὰρ
2478 2838 2531 2891 ἐκ
2562 2846 2653 2891 τοῦ
2698 2838 2999 2911 φθείρεσθαι
3028 2840 3087 2889 τό
3126 2834 3425 2905 ἀποθανεῖν,
3464 2836 3515 2889 ἐκ
3545 2833 3599 2889 δί
3620 2842 3698 2887 τοῦ
3723 2830 3862 2905 φθορὰν

2351 2936 2421 3004 μὴ
2458 2933 2617 3002 ἔχειν,
2659 2932 2716 2980 τό
2768 2932 2837 3001 μὴ
2896 2926 3187 2995 ἀποθανεῖν,
3221 2927 3444 2985 θεότητα
3487 2927 3721 2984 ὀῚὰσοῡς
3747 2920 3866 2995 εἰργέ-

2354 3020 2487 3087 ζετο,
2548 3018 2606 3070 οῦ
2664 3019 2975 3075 θνητότητα.
3006 3015 3222 3069 Ἧσθιεν
3285 3020 3377 3068 καὶ
3415 3018 3572 3069 ἔπινεν
3624 3010 3761 3077 ἰδίως,
3802 3007 3867 3059 0'31

2354 3104 2647 3170 ἀποδιδοὺς
2676 3109 2742 3159 τὰ
2772 3104 3032 3179 βρώματα
3053 3123 3066 3136 ⁸
3098 3106 3329 3164 τοσαύτη
3373 3104 3420 3157 ἐν
3450 3104 3583 3173 αὐτῷ
3607 3103 3633 3160 ὴ
3661 3100 3868 3174 ἐγκράτεια

2356 3194 2575 3271 δύναμις
2607 3193 2689 3263 ἧν,
2735 3197 2869 3247 ὥστε
2916 3198 2988 3267 μὴ
3024 3194 3287 3270 φθαρῆναι
3318 3199 3410 3252 τὴν
3448 3196 3629 3268 τροφὴν
3668 3190 3709 3243 ἕν
3752 3186 3868 3255 αᾶτῷ,

2355 3286 2461 3340 ἐπεὶ
2487 3289 2545 3339 τό
2587 3286 2887 3360 φθείρεσθαι
2922 3283 3079 3345 αὐτὸς
3117 3282 3209 3335 οὐκ
3256 3280 3418 3355 εἶχεν.
3442 3281 3634 3353 Ὀλίγον
3653 3297 3697 3330 τι
3724 3275 3763 3329 ἐν
3783 3277 3869 3344 ἡμῖν

2356 3374 2499 3448 ἑάνῇ
2553 3374 2845 3447 ἐγκράτεια,
2901 3370 3145 3444 ἀνώτεροι
3193 3370 3434 3423 ἁπάντων
3486 3366 3642 3443 ἐσμέν.
3682 3368 3765 3419 Καὶ
3800 3361 3868 3432 γὰρ

2355 3463 2601 3536 ἀγγελονς
2644 3463 2940 3533 ἠκούσαμεν
2983 3458 3225 3533 ἀκρατεῖς
3252 3463 3513 3533 γεγονέναι
3553 3452 3871 3510 κατασπασθέν·

2354 3575 2448 3617 τας
2475 3554 2694 3629 οὐρανοῦ
2750 3548 2823 3604 δι’
2866 3550 3165 3623 ἐπιθυμίαν.
3204 3548 3468 3603 Ἐάλωσαν
3494 3550 3610 3623 γὰρ,
3638 3544 3746 3617 οὐχὶ
3768 3542 3873 3593 κατί-

2357 3643 2524 3702 ϐησαν
2548 3657 2562 3672 '
2613 3646 2663 3694 τί
2692 3642 2792 3716 γὰρ
2836 3641 3080 3714 ἔπραττεν
3112 3638 3216 3692 ἐκεῖ
3260 3639 3393 3697 αὕτη
3447 3639 3476 3697 ἡ
3508 3643 3662 3700 νόσος,
3691 3632 3800 3703 εἰμή
3821 3642 3872 3683 τις

2358 3734 2461 3787 ἐκεῖ
2489 3739 2723 3793 τοιοῦτος
2754 3729 3016 3802 ὀφθαλμὸς
3048 3724 3145 3795 iv;
3198 3730 3296 3781 Διὰ
3347 3735 3494 3781 τοῦτο
3531 3728 3676 3798 ἔφην’
3723 3716 3870 3787 Ὀλίγον

2359 3822 2657 3897 ἐγκράτειαν
2690 3819 2773 3871 ἐὰν
2803 3821 3025 3890 ἔχωμεν,
3068 3821 3157 3870 καὶ
3204 3824 3297 3869 τοῦ
3343 3816 3464 3890 βίον
3519 3818 3587 3888 μὴ
3627 3809 3870 3885 ἑρασθῶρεν,

2360 3911 2469 3963 ἀλλ’
2492 3911 2688 3963 αἰώνων
2712 3917 2810 3961 τῶν
2829 3910 3116 3981 ἁνωτέρων,
3145 3906 3247 3959 ἐκεῖ
3278 3904 3650 3979 εὑρεθησόμεθα
3671 3902 3775 3952 ὅπου
3794 3904 3875 3945 ανα-

2358 4006 2622 4073 πέμττομεν
2677 4001 2763 4050 τόν
2794 4003 2930 4050 νοῦνο
2962 4002 3109 4049 Δοκεί
3144 3998 3243 4070 γὰρ
3290 3995 3547 4068 ὀφθαλμὸν
3588 3988 3703 4044 εἶναι
3728 3992 3873 4041 τοῦτον,

2358 4094 2443 4144 τόν
2473 4093 2536 4142 τὰ
2586 4087 2749 4161 ἀφανῆ
2783 4083 2912 4140 ἰδεῖν
2944 4081 3249 4157 δυνάμενον.
3284 4088 3385 4137 Καὶ
3425 4085 3524 4158 γὰρ
3562 4080 3758 4151 λέγεται·
3785 4078 3876 4125 Nov;

2358 4182 2475 4256 όρᾲ,
2506 4182 2595 4230 καὶ
2622 4183 2740 4238 νοῦς
2768 4174 2963 4229 ἀκούει.
2995 4175 3173 4228 Ταῦτά
3205 4192 3288 4226 σοι
3314 4172 3465 4245 ὀλίγα
3493 4168 3743 4230 δοκοῦντα,
3762 4158 3877 4214 πολλα

600 4266 957 4323 exstitisset?
998 4248 1315 4340 Propterea
1361 4248 1535 4323 dixi:
1569 4268 2021 4341 Aliquantulum
2066 4274 2234 4328 conti

2356 4273 2618 4341 γέγραφα·
2654 4268 2733 4319 ὅτι
2782 4264 2972 4321 ἑκάστη
3021 4261 3175 4331 λέξις,
3217 4270 3336 4324 νοῦς
3366 4262 3538 4314 ἐστιν·
3577 4261 3658 4310 καὶ
3685 4248 3799 4306 οῖδα.
3820 4262 3875 4297 οτι

598 4356 817 4411 nentize
850 4354 898 4412 si
928 4356 987 4412 in
1014 4355 1189 4433 nobis
1222 4356 1317 4425 sit,
1350 4360 1407 4413 et
1432 4356 1731 4413 mundum
1759 4357 2007 4415 minime
2038 4359 2234 4433 diliga-

2358 4357 2574 4431 ἀναγνοὺ
2585 4378 2605 4419 ς
2637 4355 2793 4414 αἰσθή
2805 4374 2868 4429 σῃ
2886 4397 2900 4410 .

597 4464 757 4518 mus,
786 4447 893 4503 sed
938 4447 1201 4504 coelestia
1250 4446 1488 4520 saecula,
1541 4448 1658 4505 illic
1705 4448 2083 4505 inveniemur
2124 4466 2248 4523 quo
2277 4454 2541 4506 mentem
2571 4446 3024 4504 intenderimus.
3052 4442 3153 4499 Hic
3209 4441 3371 4499 enim
3390 4438 3617 4497 videtur
3638 4446 3753 4492 esse

597 4537 717 4607 lus,
742 4514 851 4611 qui
886 4538 1208 4593 invisibilia
1232 4514 1723 4611 eernere-potest;
1757 4554 1901 4595 nam
1934 4539 2113 4596 etiam
2144 4514 2327 4611 vulgo
2356 4537 2679 4595 dicisolet:
2716 4536 2875 4593 Ilens
2902 4532 3088 4598 videt,
3118 4535 3173 4588 et
3211 4545 3385 4588 mens
3413 4528 3595 4586 audit.
3616 4528 3784 4582 Pauca
3799 4514 3872 4611 tibi

596 4626 727 4682 haec
757 4600 1053 4695 videntur,
1088 4626 1193 4683 sed
1223 4626 1413 4683 multa
1444 4600 1555 4698 ego
1582 4628 1796 4702 scripsi
1829 4645 1841 4684 :
1873 4628 2090 4686 etenim
2132 4600 2617 4703 unumquodque
2666 4625 2941 4697 verbum,
2988 4637 3201 4680 sensus
3249 4620 3501 4696 quidam
3524 4621 3633 4685 est;
3660 4616 3808 4683 atque
3830 4600 3873 4659 1d

598 4716 724 4773 scio
756 4720 810 4773 te
828 4715 1128 4788 legentem
1150 4715 1273 4773 fore
1296 4718 1696 4788 cogniturum.

2354 4910 2534 4965 mum,
2552 4890 2948 4965 convivantis,
2965 4892 3385 4965 neque_ta_men
3410 4881 3651 4965 naturali
3674 4890 3872 4965 nectitis};

2354 4946 3363 5037 iit'iEb'téxBﬁéiaiiiié{qiiqd'iigm
3401 4961 3474 5037 de
3528 4955 3734 5037 Christ?
3768 4946 3872 5019 ροει

2350 5026 2850 5096 resurrectionem
2881 5026 3098 5108 edente
3124 5026 3789 5108 intelligendum
3811 5084 3850 5108 ,ε

2422 5085 2544 5170 in;
2559 5085 3345 5177 δεῖξινδειεπξιῖξέξιξξέέιῡῖ
3361 5085 3420 5159 ξεῖ
3442 5085 3867 5177 insanientis

2346 5164 2612 5261 vinitatis
2658 5164 3243 5261 privilegibﬂidéis
3294 5188 3445 5261 opus
3486 5164 3869 5261 ‘Sevct'ihAgfg:

2346 5226 2779 5310 ‘éBn‘iii'
2793 5226 3313 5321 ih'EdEéuﬁiiébias,
3335 5226 3504 5317 ‘apud
3533 5255 3633 5298 nos
3655 5236 3706 5291 in
3733 5226 3865 5302 Spiri-

2344 5325 2483 5396 legio
2513 5326 2691 5389 Rom.,
2726 5326 2767 5379 t.
2804 5323 2864 5396 Χ,

670 4893 784 4965 (42)
816 4893 986 4950 Ludit
1023 4895 1482 4967 quodammodo
1530 4896 1779 4953 Basilius
1834 4896 1895 4953 in
1926 4894 2242 4954 vocabulis

597 4967 826 5040 0:67am,
841 4970 903 5040 et
933 4967 1244 5034 θνητότητα,
1272 4968 1435 5040 quod
1465 4970 1664 5040 Latine
1688 4968 2063 5040 ﬁerinequit.

664 5038 780 5112 (i3)
809 5039 926 5112 liae
975 5053 1156 5112 super
1192 5055 1255 5093 re
1284 5038 1759 5112 reverentissime
1792 5038 2244 5112 theologiceque

592 5108 798 5183 scribit
821 5107 1177 5183 Athanasius
1201 5110 1461 5183 corinthi
1482 5110 1802 5183 episcopus
1824 5110 1883 5165 in
1906 5107 2243 5183 fragmento

590 5180 889 5256 quodnos
912 5178 1343 5256 edidimus/44.
1376 5178 1534 5256 class:
1560 5186 1597 5237 t.
1630 5178 2057 5256 X,'p./i_99-500,
2074 5182 2240 5256 quod

588 5251 795 5325 incipit
822 5268 834 5306 :
862 5258 1152 5327 Ζητοῦμεν,
1196 5252 1239 5304 εἰ
1286 5254 1316 5310 ἡ
1368 5251 1635 5327 πλήρωσις
1664 5251 1763 5327 τῶν
1815 5251 2112 5327 βρωμάτων
2154 5252 2237 5307 ἐπὶ

588 5322 823 5399 Χριστοῦ
854 5322 1096 5425 ἐμέκτητο
1118 5328 1207 5425 διοέ
1227 5322 1627 5425 κὲζωσινξΕῐιειί
1653 5322 1962 5425 θηξἮΙέτεὸ
1992 5339 2234 5398 quoque

588 5410 702 5425 una
740 5411 809 5425 ην
832 5411 867 5425 Α
892 5394 1149 5425 χῖηηιῖΑι-ιῖ
1201 5411 1270 5425 na
1347 5394 1715 5425 Μκηιῖηλνιηννι
1820 5412 1847 5425 Α
1874 5396 1982 5425 ,κει
2010 5401 2206 5425 ΑοιιΛηι

2352 5325 2767 5425 ῐϐᾳιλοιέβοιζῖιιὲηξ
2907 5396 2972 5425 ...ὅ
3006 5410 3086 5425 φη
3141 5390 3254 5425 Ωιιιῖ
3288 5394 3353 5425 ..οἳ
3386 5381 3699 5425 rnt-‘nnr‘nl'ﬂ

584 5381 709 5451 una
739 5411 809 5451 ex
832 5394 1272 5464 objectionibus
1300 5394 1740 5451 hmreticorum.
1771 5396 1983 5452 Definit
2008 5381 2230 5464 aute‘m,

2395 5381 2528 5465 J05)
2572 5381 2786 5458 Graece,
2831 5393 2874 5446 εἰ
2902 5396 2972 5464 μή
3006 5410 3105 5453 τις.
3141 5390 3257 5449 Sed
3284 5394 3353 5463 μή
3386 5381 3699 5445 redundare
3732 5381 3860 5427 Viae-

585 5481 803 5545 corpus
827 5465 1045 5545 _(_3hris_ti
1092 5465 1207 5545 hac
1246 5466 1307 5545 in
1337 5481 1400 5521 re
1438 5465 1619 5545 fuisse
1653 5467 1889 5545 steteris
1932 5468 2232 5540 superius,
2340 5470 2457 5545 tur,
2482 5470 2735 5545 propter
2755 5479 2828 5545 ea
2852 5467 3371 5545 quaesequuntur.
3422 5544 3445 5545 Ἠ
3501 5520 3672 5545 ,ΛΑ

588 5482 803 5538 corpus
836 5482 1045 5521 Ullt‘lSIl
1092 5482 1207 5521 nac
1246 5482 1307 5521 in
1337 5482 1400 5521 re
1438 5482 1619 5521 ruisse
1661 5482 1889 5523 mereris
1932 5484 2232 5540 superius,
2340 5482 2455 5533 tur,
2533 5482 2735 5539 ropter
2755 5482 2828 5521 ea
2852 5482 2989 5537 quae
3020 5482 3371 5535 sequuntur.
3501 5526 3512 5538 '
3663 5524 3672 5535 1

588 5535 757 5607 sicuti
788 5536 965 5593 etiam
999 5536 1058 5592 in
1108 5536 1350 5593 insolita
1394 5536 1720 5593 nativitate.
1775 5538 1962 5594 Utitur
1989 5555 2233 5607 quoque
2410 5482 2529 5607 (465>
2554 5533 3025 5607 Ἀποϐαίνειηϐοά
3050 5534 3250 5607 prima
3273 5544 3455 5590 manu
3491 5520 3775 5607 αποσὸενϊεις

584 5591 944 5663 Athanasius
981 5591 1258 5680 exemplo
1275 5591 1576 5666 trinitatis
1592 5591 1751 5665 illius
1783 5591 1950 5682 ipsa
1968 5591 2234 5668 Abi-alia:

2394 5591 3116 5684 (ξ’ῖλὙπεριμπιμπλάμενόν.
3140 5606 3336 5664 Prima
3345 5613 3519 5661 manu
3533 5591 3853 5666 πιμπλάμενον.
