4050 6220
508 365 642 422 1115

1461 362 1829 422 APPENDIX.
1860 396 1920 406 —
1962 365 2304 422 SYMEONIS
2344 362 2897 421 METAI‘HRASTE.

3720 357 3863 414 1116

1096 770 1943 949 ΗΘΙΚΟΙ
2061 770 2175 941 Α

2286 770 2785 944 )ΓΟΙ
2912 755 3269 939 KA’

1943 1031 2428 1081 ΕΚΛΕΧΘΕΝΤΕΣ

782 1175 968 1263 AIA
1046 1178 1505 1265 ΣΥΜΕΩΝ
1588 1177 1825 1265 ΤΟΥ
1902 1178 2550 1265 ΜΑΓΙΣΤΡΟΥ
2627 1179 2822 1262 ΚΑΙ
2898 1171 3608 1262 ΛΟΓΟΘΕΤΟΥ

585 1345 674 1397 Ἐκ
703 1353 886 1396 πασῶν
919 1353 1015 1396 τῶν
1043 1355 1410 1417 πραγματειῶν
1441 1354 1531 1398 τοῦ
1554 1344 1601 1398 ἐν
1632 1346 1802 1417 ἁγίοις
1836 1348 2034 1417 Πανρός
2064 1347 2208 1416 ἡμῶν
2241 1342 2509 1396 Βασιλείου
2542 1341 2895 1416 ἀρχιεπισκου
2924 1345 3234 1413 Καισαρείας
3265 1347 3358 1399 τῆς
3392 1333 3797 1395 Καππαδοκίας.

923 1690 1809 1812 SERMONES
1898 1674 2551 1810 VIGINT'I
2657 1684 3466 1832 QUATUOR

1775 1924 1933 2002 DE
2018 1920 2612 2001 MORIBUS

570 2090 703 2153 Per
736 2090 1149 2169 Symeonem
1184 2090 1601 2171 Magistrum
1627 2086 2201 2171 etLongthetam
2235 2083 2471 2171 selecti
2506 2100 2594 2147 ex
2621 2082 2949 2171 omnibus
2974 2082 3300 2171 operibus
3327 2080 3545 2145 sancti
3576 2080 3819 2144 Patris

1226 2162 1447 2234 nostri
1481 2167 1726 2233 Basilii
1760 2162 2261 2249 archiepiscopi

765 2508 945 2582 469
980 2510 1090 2565 DE
1139 2509 1482 2567 VIRTUTE
1517 2509 1631 2563 ET
1674 2505 1907 2563 VITIO.
2188 2506 2237 2558 Α

1194 2635 1421 2691 SEBMO
1462 2636 1503 2689 Ι.

594 2762 640 2813 1.
680 2758 756 2829 (l)
804 2758 1093 2815 Dominus
1130 2763 1333 2814 noster
1370 2757 1543 2812 Jesus
1576 2755 1839 2813 Christus
1877 2752 2164 2826 apostolis

518 2847 662 2910 suis,
695 2848 941 2917 Euntes,
970 2847 1401 2919 inquit,docete
1426 2861 1625 2901 omnes
1653 2850 1869 2915 gentes,
1891 2846 2166 2899 docentes

516 2938 673 3006 ipsos
701 2939 739 3005 ¹,
772 2952 894 2992 non
930 2937 1059 2992 haec
1100 2936 1347 3009 quidem
1378 2934 1727 3002 observare,
1761 2934 1860 2989 illa
1893 2948 2034 2988 vero
2066 2948 2167 2987 ne-

516 3026 758 3098 gligere:
784 3025 888 3080 sed
904 3040 1143 3081 servare
1163 3027 1360 3081 omnia
1382 3038 1751 3095 quaecunque
1767 3022 2054 3077 mandavi
2074 3037 2165 3076 vo-

520 3113 605 3169 bis
623 3115 665 3179 ³,
689 3113 751 3167 id
767 3117 874 3180 est,
906 3128 982 3169 ne
1010 3113 1333 3167 minimum
1364 3111 1613 3184 quidem
1640 3127 1847 3167 eorum
1866 3110 2166 3182 praeterire

517 3216 655 3273 quae
684 3201 1034 3273 praescripta
1068 3205 1209 3257 sunt
1240 3202 1335 3271 (2).
1358 3201 1587 3256 Etenim
1620 3200 1667 3255 si
1698 3214 1821 3255 non
1842 3199 2049 3254 omnia
2078 3214 2165 3254 es-

519 3294 651 3345 sent
687 3290 865 3345 nobis
896 3290 1235 3346 necessaria
1262 3290 1340 3345 ad
1373 3290 1581 3346 salutis
1616 3285 2016 3362 propositum,
2044 3303 2168 3343 non

518 3378 724 3449 utique
755 3379 960 3451 omnia
990 3380 1280 3435 mandata
1304 3379 1558 3434 fuissent
1578 3380 1951 3450 conscripta:
1972 3391 2168 3448 neque

517 3464 729 3522 fuisset
753 3468 1072 3538 sancitum,
1092 3472 1154 3524 ut
1184 3467 1525 3524 necessario
1548 3471 1925 3523 servarentur
1940 3466 2165 3523 omnia.

518 3555 592 3625 (3)
620 3558 736 3611 Nos
772 3571 912 3611 vero
948 3556 997 3612 si
1029 3556 1121 3612 vel
1157 3557 1404 3613 unicum
1452 3556 1811 3612 mandatum
1841 3554 2168 3611 confecisse

518 3659 633 3700 nos
674 3644 1035 3701 arbitremur
1065 3646 1284 3718 (neque
1324 3646 1483 3701 enim
1520 3644 1848 3700 confecisse
1874 3643 2165 3698 dixerim:

519 3733 723 3790 omnia
757 3734 1057 3807 siquidem
1087 3736 1239 3791 inter
1274 3752 1339 3792 se
1372 3735 1673 3790 cohaerent
1702 3731 2037 3789 secundum
2077 3746 2169 3787 sa-

517 3839 663 3880 nam
695 3824 862 3896 scopi
893 3825 973 3880 ad
1007 3840 1187 3897 quem
1221 3823 1476 3881 tendunt
1503 3826 1821 3889 rationem,
1854 3821 1937 3877 sic
1960 3824 2023 3877 ut
2045 3834 2166 3875 uno
2195 3816 2240 3870 B

520 3912 786 3968 exsoluto
816 3928 1065 3968 necesse
1098 3913 1172 3968 sit
1198 3912 1317 3968 alia
1342 3913 1523 3968 etiam
1550 3910 1727 3967 simul
1754 3909 2167 3980 exsolvi),non

520 4001 600 4055 ob
630 4015 702 4055 ea
729 4015 864 4070 quae
895 4002 1389 4071 pretermisimus
1414 4001 1568 4056 iram
1597 4004 2041 4071 exspectamus,
2061 3995 2171 4053 sed

522 4092 768 4159 propter
804 4086 948 4141 illud
991 4088 1160 4159 quod
1211 4088 1489 4144 videmur
1531 4089 1832 4160 peregisse
1858 4132 1873 4158 ,
1921 4085 2172 4159 praemia

523 4173 947 4246 praestolamur
988 4193 1000 4230 :
1051 4175 1218 4230 haud
1247 4175 1500 4231 scientes
1524 4192 1694 4239 eum,
1726 4177 1829 4247 qui
1861 4192 1932 4231 ex
1962 4175 2172 4231 decem

525 4261 761 4317 talentis
791 4261 905 4317 sibi
934 4262 1275 4318 commissis
1298 4278 1488 4318 unum
1515 4267 1617 4319 aut
1642 4262 1898 4318 alterum
1923 4262 2176 4318 retinue-

523 4350 615 4416 rit,
648 4350 881 4422 reliqua
907 4367 1050 4407 vero
1080 4351 1425 4422 reddiderit,
1450 4367 1574 4406 non
1605 4350 1868 4423 probum
1890 4350 1970 4406 ob
2000 4350 2175 4422 plura

523 4439 835 4511 persoluta
867 4441 1136 4510 agnosci,
1163 4440 1271 4495 sed
1301 4440 1651 4512 improbum
1686 4444 1742 4494 et
1781 4452 2065 4511 rapacem
2095 4439 2175 4495 ob

524 4545 860 4601 paucorum
882 4530 1280 4602 direptionem
1302 4529 1493 4600 argui.
1526 4528 1679 4595 Quid
1696 4534 1896 4585 autem
1927 4528 2061 4585 dico
2086 4529 2177 4585 di-

524 4616 1410 4690 reptionem?quandoquidem
1431 4619 1480 4673 is
1506 4619 1601 4674 cui
1618 4618 2028 4675 concreditum
2053 4617 2179 4673 fue-

526 4708 619 4759 rat
648 4704 939 4760 talentum
972 4723 1186 4772 unum,
1223 4723 1293 4762 ac
1319 4707 1535 4762 deinde
1561 4707 1622 4762 id
1650 4707 1818 4779 quod
1846 4710 2175 4778 acceperat,

526 4793 827 4862 integrum
875 4811 945 4850 ac
987 4796 1282 4851 intactum
1326 4796 1604 4867 reddidit,
1648 4802 1966 4868 propterea
2012 4795 2179 4867 quod

526 4882 813 4937 traditum
839 4883 1130 4939 talentum
1162 4885 1367 4941 fenore
1397 4901 1523 4941 non
1549 4885 2182 4952 auxerit,condemna-

528 4975 623 5027 tur
644 4972 695 5026 3:
726 4978 783 5026 et
809 4973 912 5044 qui
944 4988 1051 5045 per
1079 4974 1442 5030 decennium
1474 4979 1709 5047 patrem
1752 4974 2091 5040 honoravit,
2125 4978 2182 5029 et

526 5063 738 5132 postea
755 5076 941 5118 unam
963 5062 1256 5119 duntaxat
1271 5063 1516 5134 plagam
1538 5064 1938 5129 incussit,non
1961 5066 2027 5119 ut
2045 5063 2182 5135 pius

530 5154 584 5204 et
604 5149 909 5206 beneﬁcus
935 5152 1164 5207 honore
1189 5150 1463 5220 afﬁcitur,
1499 5152 1605 5208 sed
1632 5156 1695 5209 ut
1724 5151 2026 5225 parricida
2047 5167 2184 5207 con-

606 5314 619 5347 ¹
650 5314 850 5370 Matth.
883 5330 1081 5380 xvvm,
1102 5315 1189 5369 19.
1267 5315 1288 5349 ²
1310 5313 1462 5370 ibid.
1490 5317 1582 5372 20.
1658 5317 1679 5349 ³
1702 5315 1901 5371 Matth.
1929 5332 2063 5385 xxv,
2085 5281 2269 5376 νει-ἑο.

601 5458 676 5527 (4)
718 5460 799 5512 Ex
829 5457 1117 5523 asceticis,
1150 5459 1275 5514 328.

603 5528 680 5596 (2)
720 5528 893 5595 Ibid.,
925 5532 1047 5584 329.

601 5601 678 5670 (3)
718 5599 891 5667 Ibid,,
918 5600 1042 5655 328.

2297 2164 2643 2229 Caesareae
2671 2162 3147 2246 Cappadociae.

2624 2507 2773 2556 ΠΕΡΙ
2806 2507 3054 2556 ΑΡΕΤΗΣ
3093 2506 3205 2555 ΚΑΙ
3239 2505 3504 2555 ΚΔΚΙΑΣ.

2861 2633 2900 2681 Λ
2913 2633 3080 2680 ΟΓΟΣ
3129 2627 3211 2681 Δ’.

2354 2756 2400 2808 1.
2442 2752 2500 2805 Ὀ
2539 2755 2628 2825 μὲν
2673 2756 2857 2827 Κύριος
2895 2755 3041 2826 ἡμῶν
3085 2753 3291 2813 Ἰησοῦς
3326 2753 3558 2825 Χριστὸς
3594 2758 3704 2813 τοῖς
3748 2749 3875 2803 απο-

2279 2841 2498 2910 στόλοις,
2586 2844 2961 2915 Πορευθέντες,
3033 2847 3197 2915 φησὶ,
3259 2844 3624 2913 μαθητεύσατε
3702 2842 3874 2892 πάντα

2275 2934 2340 2983 τὰ
2404 2933 2546 2999 ἔθνη,
2589 2928 2934 2992 διδάσκοντες
2977 2931 3182 2997 αὐτοὺς,
3231 2930 3361 3001 οὐχὶ
3403 2932 3469 2982 τὰ
3518 2933 3608 3001 μὲν
3670 2936 3866 3003 τηρεῖν,

2276 3027 2375 3070 τῶν
2444 3016 2503 3071 δὲ
2555 3018 2783 3092 ἀμελεῖν,
2831 3019 2958 3071 ἀλλὰ
3012 3026 3184 3094 τηρεῖν
3237 3020 3404 3070 πάντα
3469 3017 3571 3070 ὃσα
3631 3016 3868 3070 ἐνετειλά-

2275 3128 2378 3181 μην
2427 3108 2583 3179 ὑμῖν,
2636 3112 2875 3161 τουτέστι
2931 3104 3072 3180 μηδὲ
3117 3111 3302 3181 μικρὸν
3359 3127 3410 3160 τι
3467 3113 3707 3181 παρεῖναι
3770 3113 3867 3157 τῶν

2278 3192 2713 3268 διατεταγμένων.
2766 3196 2825 3250 Εἰ
2852 3199 2953 3271 γὰρ
3003 3201 3074 3269 μὴ
3123 3199 3295 3249 πάντα
3341 3198 3464 3269 ἡμῖν
3493 3199 3611 3270 τρός
3649 3198 3736 3247 τὸν
3776 3204 3871 3255 τῆς

2280 3289 2542 3357 σωτηρίας
2606 3284 2797 3338 σϐοπὸν
2838 3284 3101 3357 ἀναγκαῖα
3152 3282 3233 3351 ἧν,
3285 3284 3394 3337 οὒτ’
3453 3284 3513 3336 ἂν
3566 3279 3869 3355 ἐγράφησαὶ

2276 3380 2443 3427 πᾶσαι
2502 3376 2557 3426 αἱ
2613 3372 2832 3438 ἐντολαὶ,
2869 3373 2973 3426 οὒτ’
3014 3376 3075 3426 ἄν
3112 3376 3287 3435 πάσας
3332 3373 3639 3446 φυλαχθῆαι
3678 3370 3868 3445 Juv/o-

2277 3464 2455 3535 ρεύθη.
2495 3461 2671 3535 Ἡμεῖς
2724 3459 2783 3515 δὲ
2829 3466 2953 3536 μίαν
3001 3482 3099 3515 που
3144 3471 3242 3514 τῶν
3284 3461 3491 3514 ἐντολῶν
3535 3466 3871 3519 πεποιηκέναι

2275 3555 2580 3623 νομίσαντες
2620 3550 2700 3621 (οὗ
2746 3554 2844 3624 φὰρ
2897 3550 2958 3603 ἆν
3007 3555 3162 3622 φαίην
3212 3552 3293 3603 ὅτι
3334 3555 3874 3613 ποιήσαντες’πᾱισαι

2275 3642 2377 3713 γὰρ
2405 3638 2631 3697 ἀλλήλων
2662 3642 2891 3711 ἔχονται,
2952 3643 3087 3692 κατὰ
3124 3641 3211 3692 τὸν
3260 3641 3380 3710 ὑγιῆ
3427 3648 3519 3691 τοῦ
3569 3647 3772 3691 σκοποῦ
3796 3642 3868 3705 (4)

2275 3727 2443 3799 λόγον,
2503 3730 2573 3790 ὡς
2619 3726 2666 3780 ἐν
2719 3736 2779 3801 τῇ
2830 3727 2979 3781 λύσει
3030 3736 3121 3790 τῆς
3168 3734 3289 3801 μιᾶς
3328 3733 3417 3780 καὶ
3457 3729 3548 3788 τὰς
3587 3728 3775 3789 λοιπὰς
3822 3726 3873 3787 ἐξ

2278 3815 2510 3889 ἀνάγκης
2568 3817 3065 3889 συγκαταλύισθαι),
3138 3818 3233 3869 οὐκ
3281 3816 3364 3870 ἐπὶ
3428 3824 3538 3877 τοῖς
3601 3819 3871 3890 παρεθείσι

2278 3910 2371 3963 τὴν
2421 3904 2582 3979 ὀργὴν
2631 3903 3043 3978 ἐκδεχόμεμεθα,
3091 3905 3197 3958 ἀλλ’
3248 3905 3330 3959 ἐπὶ
3373 3915 3445 3976 τῷ
3494 3908 3877 3979 κατορθωθέντι

2282 3993 2439 4054 δῆθεν
2492 3998 2581 4056 τὰς
2631 3998 2789 4067 τιμὰς
2834 3995 3177 4068 ἀναμένομεν·
3212 3997 3307 4047 οὑκ
3366 3992 3593 4059 εἰδότες,
3623 3997 3691 4057 ὡς
3738 3998 3767 4046 ὀ
3826 3993 3877 4045 ἐκ

2280 4093 2381 4137 τῶν
2431 4081 2559 4137 δέκα
2612 4084 2871 4138 ταλάντων
2926 4093 3018 4146 τῆς
3082 4086 3529 4159 παρακαταθήκης
3582 4084 3631 4136 ἓν
3686 4103 3789 4135 που
3847 4084 3875 4139 1‘:

2284 4170 2382 4227 δύο
2447 4177 2752 4246 κατασχὼν,
2798 4175 2863 4227 τὰ
2905 4168 2963 4225 δὲ
3005 4172 3164 4225 λοιπὰ
3211 4172 3481 4239 ἀποτίσας,
3522 4172 3649 4243 οὐχὶ
3688 4172 3880 4242 εὐγνώ-

2284 4283 2392 4335 μων
2424 4259 2517 4316 διὰ
2554 4267 2648 4322 τὴν
2688 4261 2931 4315 ἁπότισιν
2975 4270 3073 4314 τῶν
3114 4261 3357 4314 πλειονων
3394 4262 3725 4332 γνωρίζεται,

2285 4349 2467 4413 ἄδικος
2504 4356 2593 4404 καὶ
2640 4351 2945 4413 πλεονέκτης
2984 4350 3070 4405 ἐπι
3140 4358 3201 4422 τῇ
3262 4358 3363 4403 τῶν
3416 4350 3694 4401 ἐλαττόνων
3744 4352 3882 4400 ἀπο-

2288 4447 2532 4517 στερήσει
2613 4441 2920 4513 ἐλέγχεται.
2998 4443 3063 4492 Τί
3129 4436 3190 4491 δὲ
3272 4438 3400 4511 λέγω
3476 4437 3883 4510 ἀποστερήσιι;

2287 4534 2439 4586 ὁπότε
2486 4533 2513 4583 ὁ
2560 4534 2619 4585 τὸ
2682 4530 2729 4584 ἓν
2794 4529 3037 4583 τάλαντον
3084 4530 3421 4595 πιστευθεὶς,
3476 4522 3586 4580 εἶτα
3656 4524 3887 4585 ἀποδοὺς

2288 4622 2447 4676 ἐκεῖνο
2494 4621 2621 4674 αὐτὸ
2682 4618 2958 4693 ὁλόκληρον
3008 4622 3100 4672 καὶ
3155 4618 3393 4690 ἀκέραιον
3458 4619 3484 4669 ὅ
3548 4614 3841 4679 ὑπεδέξατο
3872 4659 3886 4679 ,

2287 4713 2368 4763 ὅτι
2424 4715 2496 4784 μὴ
2552 4712 2972 4785 προσειργάσατο
3035 4709 3109 4779 τῷ
3168 4704 3374 4760 δοθέντι
3405 4747 3418 4772 ,
3474 4712 3846 4780 κατακρίνεται
3874 4726 3886 4737 ·

2287 4804 2378 4851 καὶ
2427 4801 2451 4850 ὁ
2498 4796 2628 4851 δέκα
2680 4801 2765 4856 ἔτη
2810 4801 2894 4849 τὸν
2927 4801 3130 4871 πατέρα
3183 4801 3440 4868 τιμήσας,
3485 4799 3606 4867 μίαν
3658 4791 3717 4846 δὲ
3756 4793 3893 4849 πλεο

2288 4892 2387 4959 ’γὴν
2426 4888 2641 4961 ὕστερον
2700 4886 2929 4959 ἐμϐαλὼν
2979 4890 3137 4957 μόνην
3170 4928 3186 4955 ,
3239 4884 3346 4956 οὐχ
3400 4888 3468 4944 ὡς
3505 4884 3778 4955 εὐεργέτης
3818 4902 3889 4932 τιο

2289 4983 2469 5050 μᾶται,
2535 4976 2643 5028 ἀλλ’
2687 4979 2751 5038 ὡς
2797 4974 3115 5051 πατραλοίας
3166 4972 3598 5034 καταδικάζεται.
3662 4972 3719 5024 Ὀ
3774 4978 3892 5023 τοί-

2287 5088 2377 5120 νυν
2432 5068 2480 5121 ἐν
2531 5074 2767 5143 προκοπῇ
2818 5070 3084 5141 γενόμενος
3139 5064 3342 5137 ἆγαθων
3397 5064 3579 5138 ἔργων,
3623 5060 3735 5115 εἶτα
3786 5082 3893 5114 πα-

2289 5152 2648 5232 λινδρομήσας
2705 5159 2830 5230 πρὸς
2858 5160 2951 5215 τὴν
2998 5154 3230 5229 ἀρχαίαν
3278 5155 3576 5223 συνήθειαν,
3620 5152 3678 5205 οὐ
3731 5156 3893 5225 μόνον

2360 5460 2434 5542 (4)
2459 5466 2576 5542 ,Τοῦ
2608 5477 2832 5542 σκοπου.
2874 5456 3477 5542 Longepreeferenda
3494 5454 3899 5542 videtur‘hec

2289 5526 2589 5617 scriptura
2626 5531 2681 5588 ei
2728 5545 2919 5603 quam
2960 5526 3200 5587 exhibet
3244 5532 3579 5597 contextus,
3610 5534 3704 5579 τοῦ
3733 5526 3899 5597 λόγου

2291 5621 2386 5656 σκο
2393 5622 2484 5656 πον
2491 5644 2505 5657 .
