4074 6220
216 297 360 357 1121

1290 298 1519 357 SERMO
1557 298 1599 352 l.
1628 326 1695 337 —
1735 298 1825 354 DE
1863 297 2158 356 VIRTUTE
2196 303 2278 358 ET
2315 304 2517 361 VITIO.

3448 326 3582 383 1122

205 424 363 478 ἐστὶν
409 427 582 497 ὥσπερ
626 423 674 475 ἐν
723 420 918 494 παιδιᾷ
967 422 1157 490 κύϐων,
1216 420 1348 496 τῇδε
1398 421 1608 474 κάκεῖσε
1665 442 1812 493 μετα-

1929 422 2099 491 tium,
2133 427 2356 499 quippe
2388 444 2525 485 cum
2555 431 2795 490 velutin
2818 440 3179 499 tesserarum
3207 444 3352 502 ludo
3384 447 3501 504 huc
3526 455 3583 506 et

205 513 523 586 ϐαλλόμενα·
574 516 705 585 μόνη
764 509 822 565 δὲ
871 514 1147 585 κτημάτων
1219 514 1248 570 ἡ
1321 512 1473 587 ἁρετὴ
1550 510 1819 586 ἀναφαίρε-

204 623 330 672 τον,
398 608 488 655 καὶ
575 602 732 662 ζῶντι
806 607 895 653 καὶ
973 600 1339 659 τελευτήσαντι
1422 605 1817 676 παραμένουσα.

202 694 370 745 ’Ὅθεν
420 689 486 750 δὴ
538 694 625 744 καὶ
664 690 825 743 Σόλων
857 709 948 762 μοι
978 686 1123 743 δοκεῖ
1172 693 1299 766 πρὸς
1328 694 1445 752 τοὺς
1477 691 1722 766 εὐπόρους
1752 690 1820 743 εἰ·

208 789 331 834 πεῖν
362 785 443 852 τό,

717 885 894 958 Ἡμεῖς
924 886 1097 948 αὐτοῖς
1129 885 1187 939 οὗ
1220 883 1608 959 διαμειψόμεθα

214 983 324 1037 Τῆς
364 975 547 1049 ἀρετῆς
587 977 673 1026 τόν
712 972 955 1026 πλοῦτονο
996 972 1103 1025 ἐπεὶ
1136 977 1194 1026 τό
1226 976 1315 1047 μὲν
1337 971 1557 1047 ἔμπεδον
1588 974 1710 1040 αἰεὶ,

402 1067 666 1139 Χρήματα
715 1058 767 1114 δ’
798 1060 1079 1137 ἀνθρώπων
1114 1061 1291 1115 calore
1329 1062 1475 1124 ἄλλος
1505 1065 1637 1134 ἔχει.

298 1227 387 1277 Διό
445 1222 622 1298 ἀρετῆς
674 1224 795 1288 ὑμῖν
848 1220 1193 1294 ἐπιμελητέον,
1243 1220 1282 1273 ὦ
1332 1225 1616 1297 ἄνθρωποι,
1650 1226 1678 1283 ἡ
1728 1230 1817 1277 καὶ

218 1319 581 1384 ναυαγήσαντι
635 1316 1033 1382 συνεκνήχεται,
1081 1317 1170 1363 καὶ
1209 1310 1292 1363 ἐπι
1340 1320 1435 1374 τῆς
1481 1318 1682 1385 χέρσου
1736 1332 1816 1384 γε·

217 1406 425 1473 νόμενον
471 1403 664 1473 γυμνόν
720 1405 1023 1474 τιμιώτερον
1078 1396 1343 1463 ἀποδείξει
1398 1408 1496 1452 τῶν
1566 1398 1813 1473 εὖδαιμὸ·

212 1512 334 1546 νων,
397 1494 495 1543 Καὶ
553 1490 688 1542 οὕτω
728 1489 1026 1562 βιώσωμεν,
1070 1494 1137 1550 ὡς
1192 1486 1458 1562 μηδέποτε
1505 1492 1569 1541 τὰ
1630 1490 1813 1563 παρελ-

215 1583 374 1633 θόντα
421 1583 690 1652 κρείττονα
742 1574 870 1631 εἶναι
926 1586 1025 1630 τῶν
1083 1577 1385 1650 μελλόντωνο
1454 1575 1608 1637 Μηδὲ
1656 1580 1810 1631 εῖπω-

205 1688 326 1741 μεν,
385 1670 464 1720 ὅτι
514 1670 569 1719 αἱ
616 1670 806 1740 ἡμέραι
859 1666 915 1719 αἱ
964 1670 1212 1741 πρότερον
1257 1665 1453 1739 ἀγαθαὶ
1496 1664 1630 1725 ἦσαν
1683 1670 1809 1743 ὑπὲρ

204 1762 425 1819 ταύτας.
480 1758 596 1810 Ἐὰν
656 1758 755 1831 γὰρ
823 1757 877 1807 αἱ
948 1758 1281 1827 προάγουσαι
1330 1758 1521 1830 ἡμέραι
1579 1756 1881 1834 βελτίουςΒ

212 1846 321 1900 ὦσι
375 1856 471 1899 τῶν
524 1848 655 1919 μετὰ
718 1852 903 1913 ταῦτα,
968 1844 1289 1916 λεχθήσεται
1369 1848 1515 1918 ἡμῖν,
1565 1854 1814 1900 Τοσαῦτα

219 1937 433 1990 ἐπάθετε
481 1935 613 2002 εἰκῆ,
672 1933 1074 2008 ἀμαυρουμένων
1134 1943 1234 1986 τῶν
1296 1935 1462 1987 καλῶν
1538 1938 1636 1988 ὑπὸ
1720 1947 1814 2000 τῆς

214 2025 264 2078 ἐν
298 2033 409 2087 τοίς
447 2026 662 2095 ὕστερον
700 2022 957 2095 ἀμελείας.
1001 2022 1201 2097 Ὠσπερ
1255 2025 1355 2097 γὰρ
1403 2024 1428 2075 ὀ
1472 2024 1814 2098 τελειούμενος

208 2123 322 2175 τοῖς
370 2113 659 2186 ἔμπροσθεν
698 2110 1053 2178 ἐπεκτείνεται,
1108 2112 1272 2173 οὕτως
1326 2114 1351 2164 ό
1402 2112 1706 2186 ἁμαρτάνων
1748 2114 1815 2175 εἰς

206 2207 271 2256 τό
314 2206 533 2254 κατόπιν
594 2195 922 2260 ἀναποδιζει.
954 2203 1045 2260 Τίς
1100 2196 1160 2252 δὲ
1197 2204 1389 2272 μείζων
1446 2206 1633 2265 κακίας
1679 2201 1813 2255 ἁπό-

211 2290 401 2359 ὃειξις,
447 2291 475 2349 ἡ
528 2292 557 2347 ἡ
605 2297 695 2341 τοῦ
741 2290 941 2359 ἀγαθοῦ
973 2288 1376 2360 ἐγκαταλειψις;
1413 2296 1533 2361 Καὶ,
1564 2298 1813 2367 πονηρίας

206 2378 495 2454 ὑπερϐολὴ,
545 2382 602 2430 τὸ
659 2377 947 2450 παροξῦναι
991 2380 1078 2429 τόν
1134 2376 1327 2449 ἀγαθὸν
1368 2384 1457 2432 καὶ
1505 2387 1687 2452 πρᾶον.
1742 2385 1811 2434 Τό

206 2474 313 2543 γὰρ
389 2471 617 2539 ἔσχατον
684 2465 733 2518 ἐν
793 2470 1038 2537 πονηρία,
1092 2471 1181 2519 καὶ
1254 2471 1385 2541 πρὸς
1461 2469 1610 2521 ἑαυτό
1672 2469 1810 2523 ἐστιν

207 2559 546 2631 ἀσύμφωνον.
581 2559 670 2607 καὶ
729 2557 860 2607 ἔοικε
912 2558 968 2607 τό
1012 2558 1192 2621 κακὸν,
1246 2556 1304 2607 οὗ
1348 2564 1420 2626 τῷ
1450 2556 1630 2628 ἀγαθῷ
1671 2558 1810 2610 ἐναν-

206 2649 457 2702 τιοῦσθαι
504 2649 681 2718 μόνον,
738 2643 867 2695 ἀλλὰ
922 2649 1013 2696 καὶ
1065 2644 1189 2697 αὗτό
1244 2645 1426 2716 ἐαυτῷ·
1476 2646 1675 2722 Ὠσπερ
1721 2645 1808 2701 οὖν

206 2741 439 2797 ἡττᾶται
488 2738 673 2795 σκότος
706 2740 769 2806 τῇ
829 2740 919 2785 τοῦ
962 2736 1128 2805 φωτός
1165 2739 1454 2809 παρουσίᾳ,
1487 2741 1576 2789 καὶ
1601 2743 1808 2789 νικᾶται

203 2832 359 2887 νόσος
406 2833 467 2897 τῇ
543 2832 639 2885 τῆς
676 2822 852 2894 ὑγείας
910 2819 1187 2896 ἐπιδημίᾳ,
1239 2828 1329 2875 καὶ
1374 2826 1403 2882 ἡ
1450 2825 1564 2877 κατ’
1623 2825 1807 2899 ἀρετὴν

206 2918 448 2989 προκοπὴ
502 2912 584 2965 ἐπὶ
622 2915 679 2964 τό
733 2912 909 2983 μεῖζον
959 2910 1059 2964 ἀπὸ
1114 2920 1215 2965 τῶν
1260 2911 1535 2966 ἐλαττόνων
1577 2919 1672 2972 τὴν
1716 2918 1808 2967 αὖ·

209 3008 368 3070 ξησιν
426 3006 557 3075 ἔχει·
609 3002 742 3054 οὕτω
792 3006 881 3053 καὶ
928 3004 957 3060 ἡ
1010 3009 1107 3064 τῆς
1161 3008 1348 3065 κακίας
1390 3004 1678 3075 χύσιςάπὸ
1708 3015 1808 3058 τῶν

208 3092 599 3168 ὑποδεεστέρων
656 3099 755 3143 τῶν
794 3090 849 3153 ἐξ
897 3089 1068 3166 ἀρχῆς
1121 3090 1203 3145 ἐπὶ
1259 3096 1317 3145 τὸ
1349 3092 1626 3152 ἀνήκεστον
1671 3099 1809 3169 φέρε·
1839 3122 1880 3178 C

206 3204 322 3239 ται.
347 3183 518 3256 Ἀρχὴ
558 3177 616 3232 δὲ
652 3183 777 3253 πρὸς
806 3183 899 3237 τὴν
940 3178 1194 3251 ἀνάληψιν
1234 3190 1332 3233 τῶν
1384 3182 1572 3252 καλῶν,
1610 3186 1639 3242 ἡ
1680 3183 1801 3237 ἀνα-

210 3278 462 3346 χώρησις
533 3277 631 3321 τῶν
710 3276 900 3323 κακῶν.
960 3266 1224 3321 Ἐκκλινον
1279 3272 1403 3346 γὰρ,
1477 3278 1657 3343 φησὶν,
1708 3272 1808 3327 ἀπο

210 3368 402 3427 κακοῦ,
446 3363 536 3410 καὶ
580 3362 801 3416 ποίησον
850 3356 1065 3428 ἀγαθόν.
1125 3358 1185 3411 Εἰ
1251 3362 1350 3434 γὰρ
1425 3360 1572 3423 εὐθὺς
1635 3381 1806 3436 προσ-

214 3447 365 3503 έϐαλέ
422 3468 502 3499 σοι
554 3450 619 3499 τὰ
663 3445 848 3513 τελεια,
887 3444 1202 3510 ἀπωκνησας
1254 3446 1313 3499 ἂν
1347 3453 1475 3521 πρός
1510 3454 1601 3508 τὴν
1632 3449 1807 3521 ἐγχεί-⁸

206 3557 393 3613 ρησιν·
446 3542 553 3588 νυνὶ
593 3532 652 3588 δὲ
706 3542 810 3596 τοῖς
858 3534 1247 3609 εόληπτοτέροις
1284 3557 1341 3590 σε
1366 3541 1687 3611 προσεθίζει,
1721 3544 1806 3593 ἶνα

205 3624 618 3699 κατατολμὴσῃς
656 3632 756 3676 τῶν
788 3624 1104 3696 ἐφεξῆς.Ὠς
1159 3628 1260 3698 γὰρ
1312 3626 1395 3679 ἐπὶ
1449 3636 1544 3689 τῆς
1610 3629 1802 3702 κλίμα-

204 3734 297 3775 κος
349 3720 522 3789 πρώτη
573 3711 848 3776 ἀνάϐασις,
892 3714 921 3770 ἡ
958 3720 1053 3775 τῆς
1079 3722 1176 3785 γῆς
1224 3712 1585 3788 ἀναχώρησις·
1638 3719 1802 3781 οὕτως

202 3804 292 3856 ἐπὶ
332 3811 421 3864 τῆς
460 3804 594 3855 κατὰ
629 3804 756 3854 Θεὸν
799 3801 1079 3869 πολιτείας,
1122 3801 1266 3877 ἀρχὴ
1310 3814 1603 3877 προκοπῆς,
1636 3810 1661 3859 ό
1703 3818 1801 3861 τῶν

199 3894 377 3944 κακῶν
438 3895 731 3965 χωρισμός.
788 3888 917 3952 Ἐως
977 3894 1068 3963 μὲν
1124 3887 1211 3943 οὖν
1231 3895 1417 3955 νήπιός
1466 3894 1604 3948 ἐστιν
1678 3899 1799 3950 ἔκα-

200 4000 326 4042 στος
369 3983 537 4054 ἡμῶν,
576 3982 636 4032 τὸ
685 3979 732 4032 ἐν
762 3986 834 4049 τῷ
881 3983 1099 4053 παρόντι
1137 3976 1243 4037 ἡδὺ
1288 3978 1512 4049 διώκων,
1548 3981 1798 4059 οὐδεμίαν

196 4078 296 4123 τοῦ
356 4070 627 4143 μέλλοντος
681 4066 999 4141 κηδεμονίαν
1050 4077 1295 4123 ποιεῖται·
1332 4070 1459 4147 ἀνὴρ
1502 4070 1560 4127 δὲ
1589 4081 1799 4148 γενόμε-

196 4179 307 4226 νος,
362 4163 490 4232 μετά
567 4162 653 4212 τὸν
719 4158 1051 4232 ἀπαρτισμὸν
1100 4166 1198 4211 τῶν
1254 4160 1476 4231 ἐννοιῶν,
1530 4166 1643 4216 ὀἷον
1675 4168 1798 4241 όρᾷν

200 4246 351 4301 δοκεῖ
378 4242 482 4300 ’τόν
532 4246 648 4321 βίον
688 4248 829 4318 αὐτῷ
876 4247 1193 4320 σχιζόμενον
1223 4253 1353 4323 πρὸς
1382 4252 1570 4325 ἆρετὴν
1596 4260 1684 4307 καὶ
1708 4275 1798 4307 κα-

197 4342 333 4389 κίανο
390 4342 479 4390 καὶ
531 4341 723 4390 πυκνὸν
762 4340 892 4408 πρὸς
938 4336 1171 4408 ἑκάτερον
1201 4341 1259 4388 τὸ
1301 4342 1444 4411 ὄμμα
1484 4350 1576 4403 τῆς
1610 4344 1800 4417 ψυχῆς

195 4432 583 4500 μεταστρέφων,
645 4425 949 4498 παράλληλα
1010 4430 1171 4500 κρίνει
1210 4428 1275 4478 τὰ
1345 4427 1568 4503 ἑκατέρῳ
1635 4453 1867 4521 προσ-ο

196 4521 341 4571 όντα.
374 4521 474 4569 Καὶ
522 4518 547 4567 ό
598 4518 687 4587 μὲν
716 4522 817 4567 τῶν
856 4513 1171 4588 ἁμαρτωλῶν
1212 4513 1326 4586 βίος
1355 4519 1526 4570 πάντα
1557 4517 1796 4577 δείκνυσι

192 4606 262 4656 τὰ
312 4612 401 4656 τοῦ
452 4608 704 4677 παρόντος
754 4603 937 4664 αἰῶνος
994 4605 1203 4675 τερπνοί·
1259 4604 1285 4655 ὁ
1335 4600 1394 4657 δὲ
1448 4616 1546 4658 τῶν
1576 4606 1793 4665 δικαίων

190 4696 329 4766 μόνα
365 4694 635 4765 ὑποφαίνει
673 4695 739 4745 τὰ
789 4700 881 4744 τοῦ
928 4690 1194 4763 μέλλοντος
1249 4690 1438 4764 ἀγαθά.
1488 4701 1587 4749 Καὶ
1626 4701 1655 4757 ἡ
1702 4704 1793 4773 μὲν

190 4790 294 4834 τῶν
327 4787 630 4854 σωζομένων
660 4777 801 4851 ὁδός,
845 4782 967 4833 ὅσον
996 4779 1130 4832 καλὰ
1170 4781 1510 4853 ὑπισχνεῖται
1557 4788 1624 4838 τὰ
1669 4789 1791 4860 μὲλ-

187 4871 366 4939 λοντα,
418 4878 666 4923 τοσοῦτον
720 4869 939 4922 ἐπίπονα
980 4874 1272 4941 παρέχεται
1302 4874 1367 4923 τὰ
1391 4878 1645 4947 παρόντα·
1676 4879 1701 4929 6
1734 4874 1794 4932 δὲ

188 4956 330 5022 ἡδὺς
383 4965 471 5013 καὶ
530 4959 819 5022 ἀκόλαστος
877 4957 989 5032 βίος
1042 4958 1169 5030 οὖχὶ
1217 4958 1657 5035 προσδοκωμένην
1722 4969 1794 5031 εἰς

267 5103 312 5136 ³⁸
347 5102 532 5159 Eccle.
568 5119 666 5173 vn,
698 5104 785 5157 11.
820 5103 865 5137 ¹⁵
890 5099 1076 5159 Galat.
1100 5116 1180 5172 In,
1210 5103 1264 5157 4.
1302 5104 1345 5138 ιθ
1375 5105 1524 5161 Psal.
1560 5122 1760 5181 xxxw,
1792 5110 1884 5165 27.

262 5210 339 5278 (1)
362 5212 442 5265 Ex
465 5225 645 5267 serm.
668 5211 755 5265 De
785 5208 1045 5277 legendis
1076 5208 1247 5263 libris

262 5281 342 5347 (2)
370 5283 449 5336 Ex
478 5284 805 5345 comment,
841 5282 901 5334 in
927 5280 1070 5347 Isa.,
1100 5282 1222 5335 389.

261 5351 337 5407 (3)
362 5351 510 5407 Ibid.

261 5355 311 5405 (3
362 5351 510 5407 Ibid.

261 5351 338 5491 (it
371 5422 518 5477 ιωα.

260 5492 339 5565 (5)
374 5495 626 5565 Uterque
654 5492 845 5549 codex
872 5491 1099 5565 indicat
1127 5495 1443 5555 Antirrhet.

263 5564 341 5632 (6)
371 5566 448 5620 Ex
478 5564 803 5621 comment.
836 5565 899 5620 in
922 5564 1064 5634 Isa.,
1096 5568 1221 5622 388.

1284 5213 1621 5286 gentilium,
1661 5220 1786 5273 177.

1928 511 2068 568 illuc
2107 515 2564 574 transferantur.
2620 522 2814 579 Virtus
2846 533 3047 585 autem
3068 548 3141 588 ex
3180 539 3583 606 possessioni-

1924 598 2042 655 bus
2101 602 2230 659 sola
2277 610 2364 661 est
2397 623 2533 678 quas
2564 617 2826 681 nequeat
2876 617 3117 691 auferri,
3152 598 3208 678 et
3250 625 3471 682 viventi
3508 644 3580 683 ac

1926 694 2164 747 mortuo
2184 709 2305 749 non
2324 694 2491 751 desit.
2524 698 2689 755 Unde
2712 704 2767 757 et
2790 703 2969 762 Solon
2990 706 3139 765 mihi
3167 711 3402 770 videtur
3428 715 3580 773 illud

1926 782 2006 838 ad
2036 781 2251 837 divites
2278 783 2494 841 dicere.

2183 891 2475 949 Virtutem
2507 910 2625 950 non
2656 897 2809 953 mihi
2831 900 3052 957 divitiis

1925 977 2283 1036 Permutare
2315 982 2479 1049 libet;
2534 999 2792 1055 namque
2822 987 2946 1045 haec
2985 994 3251 1049 consistit
3267 996 3327 1052 in
3361 1014 3574 1071 aevum,

2134 1070 2369 1125 DivitiaD
2390 1070 2608 1128 cedunt
2628 1089 2791 1131 nunc
2812 1075 2940 1137 tibi,
2976 1094 3140 1136 nunc
3160 1082 3287 1138 alii.

1996 1230 2069 1300 (t)
2097 1232 2289 1295 Quare
2311 1230 2596 1288 habenda
2626 1239 2714 1291 est
2736 1236 2926 1304 vobis,
2951 1254 2986 1294 ο
3012 1240 3310 1315 homines,
3344 1248 3579 1305 virtutis

1923 1332 2087 1387 cura,
2120 1335 2254 1390 quas
2285 1324 2340 1375 et
2370 1335 2489 1376 una
2514 1338 2653 1377 cum
2675 1326 2991 1396 naufragio
3015 1336 3312 1397 enatat,et
3341 1338 3577 1395 nudum

1920 1406 1982 1461 in
2008 1411 2223 1462 terram
2250 1408 2506 1478 ejectum
2532 1409 2802 1467 felicibus
2819 1415 3028 1472 reddet
3050 1422 3573 1483 venerabiliorem.

1922 1495 1997 1563 (2)
2026 1499 2214 1567 Atque
2243 1496 2324 1552 ita
2363 1498 2545 1553 vitam
2581 1498 2988 1572 instituamus,
3024 1511 3087 1559 ut
3115 1524 3251 1578 quas
3283 1516 3578 1581 praeterie-

1920 1587 2078 1652 runt,
2102 1598 2418 1656 nunquam
2446 1586 2695 1644 meliora
2745 1589 2861 1646 sint
2902 1596 3294 1665 sequentibus
3325 1617 3337 1655 :
3370 1602 3461 1658 Ne
3489 1605 3576 1659 di-

1918 1673 2101 1742 xeris,
2126 1674 2269 1744 quia
2300 1675 2422 1731 dies
2448 1677 2680 1744 priores
2707 1686 2882 1734 erant
2915 1681 3054 1737 boni
3081 1700 3263 1754 super
3283 1688 3387 1744 hos
3417 1692 3480 1744 η.
3518 1693 3575 1749 Si

1921 1760 2081 1816 enim
2111 1761 2237 1817 dies
2264 1762 2490 1833 priores
2523 1767 2951 1835 posterioribus
2982 1777 3122 1827 sunt
3160 1775 3457 1846 meliores,
3490 1781 3576 1835 di-

1921 1853 2084 1906 cetur
2109 1851 2283 1906 nobis
2312 1869 2324 1907 :
2353 1854 2547 1910 Tanta
2570 1857 2738 1924 passi
2757 1860 2895 1913 estis
2924 1861 3052 1915 sine
3073 1876 3255 1919 causa
3283 1867 3327 1900 ¹⁶
3349 1868 3376 1922 ?
3395 1866 3573 1924 bonis

1921 1938 1999 1994 ad
2030 1939 2283 1994 nihilum
2314 1941 2571 1999 redactis
2598 1959 2721 2015 prae
2746 1946 3154 2019 subsequente
3184 1953 3571 2024 negligentia.

1924 2030 2000 2095 (3)
2035 2029 2563 2092 Quemadmodum
2594 2033 2754 2089 enim
2790 2035 2842 2089 is
2887 2037 2991 2108 qui
3022 2038 3101 2093 ad
3146 2042 3572 2112 perfectionem

1921 2116 2247 2185 contendit,
2277 2117 2339 2172 in
2368 2120 2666 2178 anteriora
2698 2125 3077 2194 progreditur
3107 2144 3118 2182 :
3153 2129 3235 2186 ita
3289 2134 3392 2203 qui
3432 2150 3568 2205 pec-

1920 2210 2038 2276 cat,
2062 2204 2237 2277 472
2272 2211 2424 2263 retro
2455 2209 2673 2279 pedem
2702 2212 2898 2269 refert.
2929 2215 3006 2286 (4)
3028 2217 3343 2281 Quodnam
3370 2204 3574 2281 autem

1920 2295 2120 2365 majus
2149 2294 2388 2351 malitiae
2420 2304 2869 2370 argumentum,
2888 2319 3076 2374 quam
3103 2322 3139 2361 a
3163 2307 3325 2364 bono
3356 2310 3573 2368 deﬁce-

1919 2383 2024 2439 re?
2084 2386 2400 2440 Summum
2460 2392 2548 2443 est
2576 2389 2912 2459 pravitatis,
2966 2392 3199 2450 bonum
3244 2412 3315 2452 ac
3367 2400 3575 2458 mitem

1920 2487 2299 2544 exasperare.
2336 2475 2505 2540 Quod
2533 2477 2690 2532 enim
2731 2478 2791 2533 in
2824 2479 3211 2552 improbitate
3237 2490 3574 2546 extremum

1920 2565 2025 2630 est,
2064 2560 2225 2617 idem
2285 2563 2463 2617 etiam
2522 2580 2727 2620 secum
2768 2566 2969 2638 ipsum
3010 2577 3259 2641 pugnat.
3295 2576 3369 2646 (5)
3418 2566 3574 2634 Solet

1919 2649 2079 2704 enim
2109 2650 2341 2705 malum
2366 2666 2490 2706 non
2522 2651 2720 2709 solum
2750 2653 2935 2721 bono,
2969 2658 3072 2713 sed
3105 2660 3287 2717 etiam
3334 2663 3573 2722 sibime-

1918 2737 2055 2808 tipsi
2085 2738 2413 2794 adversari.
2458 2741 3049 2805 Quemadmodmum
3104 2748 3285 2817 igitur
3322 2752 3571 2811 vincun-

1919 2833 2016 2883 tur
2047 2826 2309 2882 tenebrae
2330 2826 2479 2882 lucis
2504 2829 2843 2899 praesentia,
2860 2838 3293 2908 superaturque
3314 2842 3566 2898 morbus

1921 2914 2192 2971 sanitatis
2250 2914 2512 2971 adventu
2567 2918 2644 2987 (6)
2685 2934 2754 2974 ac
2785 2935 3144 2991 progressus
3174 2924 3235 2979 in
3263 2926 3497 2999 virtute,
3531 2946 3568 2987 a

1919 3003 2257 3059 minoribus
2312 3003 2392 3059 ad
2446 3004 2682 3074 majora
2723 3008 2885 3079 capit
2934 3008 3371 3069 incrementum
3430 3035 3442 3071 :
3485 3017 3569 3075 ita

1920 3091 2161 3148 malitiae
2192 3091 2408 3148 effusio
2435 3107 2471 3148 a
2495 3093 2700 3165 parvis
2730 3094 3017 3162 initiis,ad
3040 3097 3269 3170 aliquid
3294 3102 3568 3161 immedi-

1920 3179 2112 3236 cabile
2144 3179 2496 3238 devolvitur.
2530 3182 2600 3253 (7)
2632 3184 2810 3237 Porro
2840 3184 3205 3257 principium
3261 3190 3566 3250 bonorum

1921 3268 2430 3341 acquirendarum
2461 3274 2549 3325 est
2597 3285 2866 3326 recessus
2923 3289 2959 3329 a
3011 3274 3192 3331 malo.
3229 3278 3483 3338 Declina
3531 3299 3569 3340 a

1916 3358 2093 3426 malo,
2116 3357 2329 3429 inquit,
2361 3364 2413 3413 et
2430 3358 2538 3427 fac
2570 3358 2785 3414 bonum
2811 3362 2875 3415 '5.
2911 3362 2987 3432 (8)
3014 3364 3239 3421 Etenim
3272 3366 3321 3423 si
3369 3372 3567 3428 statim

1916 3461 1987 3501 ea
2008 3461 2143 3519 qua:
2177 3450 2316 3501 sunt
2343 3449 2625 3518 perfecta,
2644 3446 2747 3503 tibi
2768 3450 3204 3521 proposuisset,
3238 3455 3317 3510 ad
3340 3472 3411 3513 ea
3445 3463 3571 3515 ten-

1915 3534 2105 3593 tanda
2132 3534 2349 3590 fuisses
2375 3536 2771 3604 cunctantior;
2794 3552 2957 3593 nunc
2984 3544 3185 3596 autem
3200 3542 3569 3603 facilioribus

1911 3628 1965 3681 te
1988 3622 2324 3694 assuefacit,
2355 3627 2422 3678 ut
2440 3623 2518 3679 ad
2544 3639 2614 3680 ea
2638 3640 2774 3697 quae
2804 3632 3155 3701 sequuntur,
3187 3634 3435 3701 aggredi
3466 3652 3569 3691 au-

1912 3712 2079 3769 deas.
2113 3713 2190 3785 (9)
2242 3713 2763 3778 Quemadmoeum
2807 3715 2970 3773 enim
3019 3718 3082 3773 in
3124 3719 3288 3777 scala
3332 3724 3565 3793 primus

1910 3801 2155 3874 gradus,
2195 3816 2471 3857 recessus
2512 3800 2591 3856 ab
2614 3801 2804 3857 humo
2835 3808 2923 3860 est
2955 3822 2966 3859 :
2997 3805 3077 3861 ita
3105 3806 3167 3862 in
3199 3809 3332 3864 vitae
3360 3826 3568 3868 secun-

1909 3891 2057 3945 dum
2078 3892 2266 3945 Deum
2305 3888 2595 3959 instituto,
2628 3891 2931 3962 profectus
2974 3893 3230 3963 initium,
3260 3896 3565 3957 discessus

1908 3996 1946 4037 a
1975 3979 2135 4035 malo
2163 3983 2269 4035 est.
2304 3979 2414 4051 (10)
2448 3981 2599 4035 Dum
2626 3980 2805 4049 igitur
2835 3983 3259 4057 unusquisque
3289 3997 3565 4048 nostrum

1908 4084 2058 4142 puer
2106 4072 2217 4134 est,
2266 4067 2328 4123 id
2375 4068 2544 4141 quod
2574 4068 3111 4140 adestjucundum
3162 4078 3563 4149 persequitur

1906 4172 2106 4232 neque
2134 4156 2317 4214 habet
2335 4156 2523 4213 ullam
2553 4156 2893 4215 futurorum
2923 4176 3167 4230 curam;
3191 4163 3321 4234 jam
3362 4172 3567 4226 autem

1907 4247 1998 4303 vir
2054 4247 2265 4317 factus,
2299 4250 2438 4319 post
2481 4246 2692 4317 judicii
2717 4247 3168 4323 perfectionem,
3213 4253 3416 4310 videre
3450 4257 3567 4315 sibi

1909 4336 2141 4393 videtur
2162 4335 2415 4391 bifidum
2442 4335 2578 4391 vitae
2603 4336 2711 4391 iter
2742 4336 2821 4392 ad
2840 4337 3118 4394 virtutem
3147 4345 3203 4396 et
3230 4342 3463 4413 vitium,
3497 4362 3568 4401 ac

1910 4442 2069 4499 saepe
2095 4424 2338 4481 oculum
2366 4424 2554 4481 animi
2574 4425 2637 4481 in
2662 4428 2987 4499 utrumque
3009 4434 3380 4497 convertens,
3406 4447 3569 4488 com-

1910 4515 2182 4589 parando
2228 4514 2521 4584 dijudicat
2550 4529 2685 4585 quae
2724 4515 2959 4586 utrique
3009 4515 3235 4573 insunt.
3268 4520 3334 4575 Et
3355 4535 3565 4591 pecca-

1911 4610 2109 4661 torum
2159 4602 2407 4675 quidem
2463 4602 2587 4657 vita
2625 4604 2831 4659 omnia
2869 4604 3127 4660 ostendit
3170 4606 3231 4661 in
3284 4610 3565 4680 praesenti

1910 4693 2132 4750 sreculo
2161 4691 2431 4763 jucunda
2464 4707 2476 4745 :
2496 4691 2795 4761 justorum
2843 4707 3006 4758 vero,
3050 4694 3179 4751 sola
3227 4695 3407 4754 futuri
3450 4701 3563 4757 aevi

1906 4783 2070 4838 bona
2114 4784 2572 4836 commonstrat.
2626 4782 2695 4835 Et
2751 4772 2921 4837 certe
2964 4782 3396 4844 salvandorum
3439 4790 3561 4860 via,

1911 4874 2141 4945 quanto
2162 4867 2508 4941 pulchriora
2537 4866 2849 4939 pollicetur
2868 4870 3087 4940 futura,
3113 4876 3279 4931 tanto
3304 4875 3562 4935 laborio-

1916 4960 2077 5017 siora
2102 4956 2344 5014 exhibet
2386 4956 2752 5028 prtesentia:
2797 4958 2910 5028 (11)
2946 4960 3221 5030 jucunda
3262 4974 3462 5022 autem
3504 4973 3560 5026 et

1978 5214 2060 5285 (7)
2088 5212 2171 5285 E_X_
2198 5207 2409 5285 homil.
2445 5210 2505 5263 in
2534 5208 2690 5279 psai.
2721 5224 2760 5277 ι,
2791 5211 2879 5266 93.

1978 5280 2056 5358 (8)
2079 5280 2238 5358 lbi?-

1977 5351 2056 5423 (9)
2078 5351 2228 5423 Ibid.

1975 5420 2407 5492 (10)Ibid.,95.

1976 5494 2093 5564 (11)
2124 5493 2273 5549 Ibid.
