4050 6220
526 278 662 333 H23

1499 257 1870 318 APPENDIX.
1901 284 1970 294 —
1998 249 2342 309 SYMEONIS
2368 248 2905 308 METAPHRASTJE

3739 250 3881 305 1124

520 402 932 470 intemperans
971 394 1094 449 vita
1144 406 1268 447 non
1314 390 1721 460 exspectatam
1747 388 1807 442 in
1838 390 2160 459 posterum,

2277 376 2509 448 ὕστερον,
2562 374 2666 427 ἀλλ’
2724 373 2830 435 ἤδη
2893 383 3164 449 παροῦσαν
3224 383 3545 452 προτείνεται
3594 381 3687 434 τὴν
3751 376 3877 428 ἀπὸ·

524 490 631 545 sed
650 489 779 558 jam
800 487 1154 556 praesentem
1175 477 1454 552 proponit
1476 476 1821 531 volutatem.
1848 478 1925 546 (t)
1953 477 2168 531 Beatus

521 579 702 648 igitur
726 576 825 631 ille
854 572 957 646 qui
1004 568 1322 642 voluptatis
1372 565 1663 621 illecebris
1712 582 1833 620 non
1878 565 2170 621 deductus

528 671 615 722 est
645 665 723 721 ad
762 662 1089 730 interitum,
1123 675 1195 713 ac
1223 658 1285 713 in
1312 656 1621 726 utriusque
1646 655 1756 709 viae
1784 654 2016 709 delectu
2046 668 2170 708 non

524 771 659 812 eam
690 754 997 822 ingressus
1026 753 1117 803 est
1139 762 1273 819 quae
1300 744 1463 799 ducit
1489 742 1568 797 ad
1596 742 1823 813 pejora.
1856 744 1932 813 (2)
1958 745 2169 796 Beatus

520 845 616 901 ille
643 847 729 897 est
775 840 877 912 qui
912 839 988 893 ab
1020 836 1183 893 omni
1219 851 1322 907 spe
1361 849 1563 888 rerum
1620 832 1803 901 hujus
1834 830 2046 885 mundi
2073 845 2167 885 se—

522 934 849 1003 metipsum
873 926 1180 995 abstraxit,
1206 940 1275 978 ac
1305 923 1547 977 unicam
1575 936 1746 992 spem
1776 935 1951 974 suam
1983 921 2168 974 Deum

518 1022 718 1078 habet.
754 1013 1285 1083 Quemadmodum
1316 1012 1477 1067 enim
1522 1008 1878 1064 maledictus
1919 1011 2007 1062 est
2056 1006 2166 1061 ho-

518 1126 619 1165 mo
652 1109 725 1177 (3)
759 1105 863 1178 qui
897 1119 1067 1174 spem
1093 1100 1274 1156 habet
1303 1100 1363 1154 in
1395 1098 1637 1153 homine
1664 1114 1676 1151 :
1702 1097 1781 1151 ita
1813 1094 2164 1149 benedictus

516 1204 604 1254 est
626 1197 730 1268 qui
752 1193 1021 1249 innititur
1051 1189 1321 1244 Domino.
1358 1190 1486 1242 Non
1512 1187 1672 1240 enim
1700 1200 1836 1256 spes
1876 1184 1936 1238 in
1979 1185 2165 1237 Deum

515 1287 776 1343 alternas
810 1282 964 1337 vices
995 1278 1271 1344 admittit,
1294 1292 1404 1331 nec
1432 1274 1579 1329 solet
1612 1273 1899 1327 Dominus
1920 1270 2165 1342 plenam

527 1391 701 1431 suam
727 1387 899 1441 open
926 1369 975 1423 ei
1000 1367 1172 1434 ferre,
1200 1365 1304 1437 qui
1330 1362 1512 1419 modo
1534 1361 1782 1433 quidem
1808 1360 1864 1415 in
1895 1359 2165 1431 pecuniis

521 1479 691 1537 spem
749 1474 924 1513 suam
978 1454 1282 1510 constituit
1324 1452 1476 1507 etin
1533 1449 1722 1521 gloria
1779 1450 2047 1503 humana
2096 1461 2166 1501 ac

518 1550 730 1609 mundi
760 1550 1071 1620 potestate,
1102 1543 1284 1598 modo
1306 1556 1446 1596 vero
1471 1543 1657 1594 Deum
1682 1542 1972 1609 tanquam
1994 1551 2163 1607 spem

2275 466 2481 519 λαυσιν.
2512 466 2781 537 Μακάριος
2835 461 2921 517 οὖν
2961 467 2986 516 6
3036 471 3108 538 μὴ
3150 473 3482 542 περιτραπεὶς
3520 466 3576 517 ἐκ
3626 474 3725 518 τῶν
3776 476 3871 528 τῆς

2278 551 2475 615 ἡδονῆς
2540 551 2902 626 δελεασμάτων
2949 558 3075 627 πρὸς
3131 562 3223 614 τὴν
3278 556 3551 623 ἀπώλειαν,
3589 576 3679 607 και
3724 559 3773 607 ἒν
3806 565 3865 629 τῇ

2278 642 2456 715 ἐκλογῇ
2490 643 2600 713 (11)
2654 650 2753 694 τῶν
2788 639 2922 695 ὁδῶν
2954 643 3202 719 ἑκατέρων
3254 649 3324 716 μὴ
3369 644 3548 705 ἐπιϐὰς
3590 653 3684 705 τῆς
3740 640 3870 696 ὀδοῦ

2277 740 2372 793 τῆς
2403 730 2629 803 ἀγούσης
2676 730 2757 782 ἐπὶ
2805 735 2866 783 τὰ
2905 736 3146 807 χείρονα.
3184 736 3455 805 Μακάριος
3491 734 3712 793 ἁπάσης
3734 732 3869 784 ἐλπί-

2279 816 2371 881 δος
2408 828 2507 870 τῶν
2558 823 2691 871 κατὰ
2733 823 2818 871 τὸν
2853 824 3047 892 κόσμον
3087 828 3265 872 τοῦτον
3316 821 3490 873 ἑαυτὸν
3533 820 3865 884 ἀποστήσας,

2276 914 2363 960 καὶ
2425 913 2583 981 μόνην
2622 911 2758 979 ἔχων
2823 909 3008 960 ἑαυτοῦ
3066 905 3253 961 ἐλπίδα
3300 913 3385 960 τὸν
3435 917 3581 963 Θεὸν.
3634 909 3724 971 Ὠς
3768 912 3867 982 γὰρ

2277 998 2653 1073 ἐπικατάρατος
2692 1000 2975 1072 ἄνθρωπος,
3008 997 3061 1059 ὃς
3100 1002 3193 1056 τὴν
3260 996 3448 1050 ἐλπίδα
3500 1001 3611 1069 ἔχει
3665 998 3743 1050 ἐπ’
3785 1000 3871 1049 οἰν-

2278 1090 2498 1163 θρωπον·
2560 1087 2719 1149 οὕτως
2772 1086 3106 1159 εὐλογημένος
3185 1086 3723 1161 ὀὲπιστηριζὸμενος
3798 1098 3868 1158 τῷ

2278 1181 2470 1251 Κυρίῳ.
2527 1175 2601 1227 Οὐ
2659 1177 2759 1248 γὰρ
2821 1171 3126 1246 ἐπιδέχεται
3202 1173 3654 1248 ἐπαμφοτέρισμὸν
3711 1177 3741 1232 ἡ
3806 1176 3872 1235 εἰς

2277 1269 2402 1318 Θεὸν
2469 1264 2629 1330 ἐλπίς,
2696 1260 2825 1315 σύδὲ
2881 1260 3233 1336 καταδέχεται
3280 1266 3304 1314 6
3348 1267 3537 1337 Κύριος
3590 1263 3871 1338 ὀλόκληρον

2274 1360 2367 1413 την
2418 1352 2543 1429 παρ’
2586 1353 2771 1405 ἑαυτοῦ
2830 1356 3079 1426 παρέχειν
3147 1352 3395 1425 βοήθειαν
3449 1361 3520 1423 τῷ
3581 1355 3707 1404 ποτε
3784 1356 3871 1425 51.122

2275 1444 2358 1497 ἐπὶ
2388 1449 2659 1517 χρήμασιν
2703 1440 2966 1510 ὴλπικότι,
3004 1446 3093 1495 καὶ
3124 1439 3249 1515 δόξῃ
3299 1441 3613 1515 ἀνθρωπίνῃ,
3657 1446 3749 1494 καὶ
3782 1439 3873 1494 δν-

2274 1533 2423 1603 νοίμει
2461 1539 2521 1603 τῇ
2554 1533 2688 1583 κατὰ
2720 1534 2937 1603 κόσμον,
2964 1536 3087 1585 ποτε
3133 1528 3192 1585 δὲ
3232 1532 3386 1584 αὐτὸν
3426 1534 3494 1593 ὡς
3524 1527 3717 1583 ἐλπίδα
3748 1531 3871 1582 ἐαυ-

524 1640 635 1696 sibi
673 1618 991 1709 proponit:
1064 1631 1170 1686 sed
1210 1645 1347 1685 vere
1399 1626 1910 1699 acquiescendum
1948 1624 2008 1679 in
2066 1623 2160 1679 Dei

2277 1627 2366 1671 τοῦ
2416 1618 2841 1695 προϐαλλόμενον
2883 1619 3010 1672 ἀλλὰ
3061 1618 3145 1673 δεῖ
3172 1620 3421 1683 ἀληθινῶς
3444 1619 3873 1674 ἐπωαπαύεσθαι

523 1729 768 1789 auxilio.
2047 1781 2052 1787 ,

592 1825 644 1875 4.
681 1822 753 1888 (t)
786 1812 1045 1887 Imperiti
1084 1813 1284 1866 autem
1314 1807 1613 1874 homines,
1643 1804 1974 1875 mundique
2006 1817 2165 1858 ama-

522 1916 698 1975 tores,
749 1921 883 1960 cum
942 1900 1084 1956 boni
1137 1898 1327 1970 ipsius
1371 1897 1645 1965 ignorent
1673 1899 1975 1959 naturam,
2010 1908 2167 1964 saepe

522 2001 701 2056 beata
723 1992 1087 2057 existimant,
1115 2004 1251 2059 qum
1284 1985 1503 2040 nullius
1531 1983 1700 2055 pretii
1722 1986 1881 2044 sunt,
1904 1981 2165 2049 divitias,

522 2087 860 2147 sanitatem,
893 2080 1023 2134 vitae
1045 2075 1464 2149 splendorem:
1498 2088 1758 2144 quarum
1788 2086 1989 2125 rerum
2020 2068 2167 2124 nihil

524 2181 611 2233 est
636 2189 746 2228 suo
769 2170 962 2242 ipsius
994 2171 1209 2222 natura
1232 2163 1487 2231 bonum,
1520 2176 1641 2217 non
1673 2159 1869 2214 solum
1890 2157 2056 2230 quod
2081 2157 2166 2213 fa-

518 2265 627 2322 cile
649 2264 709 2318 in
738 2257 1037 2315 contraria
1068 2257 1392 2321 mutentur,
1430 2250 1537 2304 sed
1566 2264 1688 2320 quo
1719 2264 1792 2302 ne
1814 2247 2009 2302 bonos
2036 2247 2165 2318 qui-

515 2355 654 2409 dem
686 2349 924 2405 valeant
943 2356 1318 2417 possessores
1340 2355 1481 2394 suos
1502 2337 1860 2406 reddere.(5)
1890 2336 1998 2400 Qui
2022 2351 2163 2405 ergo

513 2445 575 2500 in
623 2443 737 2496 hac
794 2437 916 2491 vita
972 2437 1262 2493 versatur,
1294 2428 1568 2483 nondum
1601 2430 1844 2498 propter
1868 2425 2163 2479 incertum

520 2531 746 2587 exitum
776 2526 991 2580 beatus
1048 2525 1140 2575 est
1180 2515 1634 2591 praedicandus;
1663 2513 1767 2586 qui
1797 2528 1935 2566 vero
1985 2528 2161 2567 suum

517 2617 844 2691 expleverit
871 2610 1157 2676 ofﬁcium,
1181 2608 1485 2676 vitamque
1508 2608 1665 2657 certo
1693 2602 1810 2656 tine
1859 2600 2159 2666 clauserit,

514 2710 564 2765 is
595 2688 740 2777 ijam
795 2703 1009 2757 beatus
1053 2701 1177 2753 tuto
1207 2694 1443 2749 dicitur.
1480 2692 1559 2763 (6)
1586 2694 1649 2745 Et
1676 2690 1780 2761 qui
1808 2688 2032 2777 faciunt
2061 2688 2165 2777 bo-

520 2774 689 2858 num,
735 2793 796 2848 in
835 2791 968 2861 ipsa
1015 2785 1247 2841 actione
1303 2784 1756 2851 consequuntur
1778 2774 2163 2848 approbatio-

2276 1716 2336 1782 τῇ
2370 1712 2513 1784 παρά
2537 1717 2627 1761 τοῦ
2659 1716 2793 1761 Θεοῦ
2834 1708 3075 1783 βοηθείᾳ.

2344 1800 2398 1852 4.
2424 1799 2667 1870 Ἀμαθεῐς
2699 1795 2756 1851 δὲ
2779 1798 3061 1873 ἂνθρωποι,
3094 1803 3185 1851 καὶ
3208 1799 3534 1873 φιλόκοσμοι,
3563 1797 3875 1871 ἀγνοοῦντες

2275 1885 2430 1938 αὐτοῦ
2477 1894 2567 1938 τοῦ
2624 1886 2822 1958 ἀγαθοῦ
2866 1892 2958 1947 τὴν
2998 1890 3173 1960 φύσιν,
3211 1889 3570 1963 μακαρίζουσι
3622 1890 3874 1953 πολλάκις

2273 1978 2339 2026 τὰ
2383 1971 2604 2047 μηδενὸς
2652 1976 2793 2044 ἄξια,
2844 1975 3085 2044 πλοῦτον,
3117 1979 3314 2049 ὑγείαν,
3356 1982 3685 2052 περιφάνειαν
3720 1978 3867 2051 βίον,

2274 2063 2339 2113 ὧν
2361 2060 2510 2116 οὐδὲν
2542 2063 2683 2117 ἐστιν
2715 2064 2905 2137 ἀγαθὸν
2927 2074 2987 2138 τῇ
3015 2066 3196 2119 ἑαυτοῦ
3226 2068 3399 2139 φύσει,
3422 2069 3480 2119 οὐ
3507 2071 3660 2140 μόνον
3684 2071 3872 2120 καθοτι

2269 2148 2461 2225 ῥᾳδίαν
2493 2154 2604 2223 ἔχει
2638 2156 2732 2211 τὴν
2757 2157 2887 2228 πρὸς
2913 2156 2978 2206 τὰ
3006 2153 3210 2207 ἐναντία
3244 2160 3577 2230 περιτροπήν,
3619 2155 3731 2207 ἀλλ’
3786 2160 3868 2208 ὁτι

2271 2236 2409 2312 μηδὲ
2445 2240 2673 2312 ἀγαθοὺς
2713 2239 2933 2295 δύναται
2966 2247 3088 2306 τοὺς
3124 2249 3463 2318 κεκτημένους
3503 2244 3787 2300 ἀποτελεῖν.
3812 2254 3871 2299 'O

2270 2332 2361 2402 μὲν
2400 2330 2486 2381 οὖν
2509 2328 2555 2381 ἐν
2580 2339 2650 2401 τῷ
2682 2329 2783 2404 βίῳ
2813 2335 3108 2405 τυγχάνων,
3134 2335 3277 2386 οὔπω
3315 2338 3656 2409 μακαριστὸς,
3682 2332 3777 2386 διὰ
3811 2340 3869 2387 τὸ

2271 2414 2466 2476 ἄδηλον
2488 2427 2587 2481 τῶς
2608 2418 2881 2482 ἐκϐάσεως·
2912 2424 2937 2474 6
2969 2420 3027 2475 δε
3054 2423 3447 2495 συμπληρώσας
3474 2426 3539 2475 τὰ
3569 2422 3868 2475 ἐπιϐάλλον-

2270 2526 2354 2572 τα,
2380 2512 2469 2559 καὶ
2496 2506 2848 2584 ὼαντιρῥητῳ
2878 2510 3008 2563 τελει
3036 2516 3129 2570 τὴν
3159 2512 3296 2572 ζωὴν
3326 2512 3697 2577 κατακλείσας,
3721 2513 3870 2572 οὗτος

2274 2592 2378 2654 ἤδη
2417 2594 2655 2668 ἀσφαλῶς
2685 2601 3055 2673 μακαρίςεται.
3079 2606 3179 2653 Καὶ
3202 2604 3249 2652 οἱ
3282 2603 3367 2659 μὲν
3420 2600 3611 2671 ἀγαθὸν
3651 2599 3869 2672 ἐργαζο-

2271 2689 2433 2754 μενοί,
2462 2685 2510 2737 ἐν
2556 2687 2695 2757 αὐτῷ
2735 2697 2806 2759 τῷ
2837 2687 2971 2761 ἒργῳ
2996 2692 3053 2740 τὸ
3075 2686 3421 2742 εὐαποδεκτον
3453 2693 3689 2762 ἔχουσιν·
3724 2695 3775 2741 οἱ
3808 2688 3868 2741 δί

2271 2776 2328 2824 τὸ
2358 2778 2516 2825 κακὸν
2550 2779 2832 2847 φεύγοντες,
2864 2778 2958 2829 οὐκ
2993 2777 3077 2830 ἐὰν
3107 2778 3246 2842 ἅπαξ
3277 2780 3303 2838 ἦ
3350 2776 3586 2850 δεύτερον
3620 2777 3865 2829 ἐκκλίνω-

520 2901 660 2941 nem
692 2901 705 2937 :
737 2879 843 2935 sed
861 2877 965 2950 qui
992 2875 1179 2929 vitant
1206 2870 1459 2934 malum,
1490 2864 1780 2922 laudandi
1828 2880 1950 2941 non
2000 2865 2160 2931 sunt,

2277 2881 2375 2931 σιν,
2432 2861 2558 2916 ὦσιν
2598 2864 2657 2915 ἂν
2710 2865 2984 2934 ἐπαινετοὶ,
3044 2866 3149 2919 ἀλλ’
3205 2868 3289 2920 ἐὰν
3368 2865 3643 2926 δυνηθῶσι
3697 2875 3864 2918 κακοῦ

522 2974 572 3029 si
594 2973 739 3027 forte
766 2966 951 3024 semel
977 2962 1151 3035 4.73
1183 2963 1287 3015 aut
1320 2960 1531 3013 iterum
1563 2958 1878 3026 peccatum
1909 2951 2161 3006 evitave-

524 3063 661 3132 rint,
696 3058 801 3114 sed
847 3056 895 3111 si
952 3052 1198 3109 omnino
1242 3047 1383 3103 mali
1409 3044 1835 3116 experientiam
1864 3041 2163 3097 declinare

524 3131 776 3224 possint.
807 3146 882 3215 (7)
913 3143 967 3198 Si
1000 3141 1177 3210 igitur
1198 3139 1430 3207 oportet
1470 3138 1534 3189 ut
1571 3131 2164 3224 quisque_vitam.op-

518 3217 733 3296 timam
763 3234 959 3301 eligat,
990 3232 1301 3300 speretque
1342 3220 1777 3278 consuetudine
1827 3217 2163 3290 jucundam

522 3328 825 3385 redditum
878 3322 967 3385 iri,
1024 3318 1251 3389 optima
1279 3312 1529 3383 aggredi
1561 3326 1669 3383 par
1706 3315 1814 3364 est.
1839 3311 2028 3378 Turpe
2077 3310 2163 3361 est

525 3417 684 3475 enim
726 3420 961 3481 tempus
1009 3421 1273 3479 praesens
1321 3402 1680 3467 amittentes,
1721 3397 1995 3469 elapsum
2025 3411 2160 3467 pos-

523 3511 618 3562 tea
644 3514 946 3565 revocare,
969 3510 1106 3550 cum
1129 3491 1269 3547 nihil
1298 3491 1437 3559 angi
1458 3485 1740 3559 proderit.
1764 3488 1831 3550 (8)
1866 3484 2009 3539 Fieri
2040 3498 2163 3537 non

522 3596 735 3668 potest,
787 3594 850 3642 ut
898 3584 1114 3639 divinaa
1167 3580 1367 3650 gratiae
1400 3591 1653 3649 capaces
1678 3573 2024 3641 reddamur,
2049 3572 2161 3627 nisi

524 3681 762 3740 malitiae
788 3674 1149 3738 affectiones,
1181 3686 1317 3742 quae
1349 3668 1583 3723 animas
1612 3668 1851 3719 nostras
1901 3676 2161 3733 occupa-

522 3774 750 3834 verant,
774 3763 1197 3837 expulerimus.
1219 3757 1348 3813 Vidi
1378 3772 1488 3826 ego
1519 3754 1807 3821 medicos,
1842 3767 1963 3807 non
1998 3750 2161 3823 prius

516 3862 729 3918 dantes
783 3851 1065 3911 salutaria
1116 3848 1578 3910 medicamenta,
1610 3858 1796 3915 quam
1845 3856 1952 3912 per
1975 3838 2161 3896 vomi-

515 3956 645 4007 tum
670 3947 1063 4003 evacuassent
1090 3937 1402 3994 materiam
1442 3933 1805 3999 morbidam,
1829 3947 2017 4004 quam
2048 3929 2160 3986 sibi

522 4035 989 4106 intemperantes
1016 4044 1089 4083 ex
1109 4026 1268 4082 malo
1296 4025 1457 4079 victu
1487 4026 1795 4094 peperant.
1828 4021 1941 4076 Sed
1968 4025 2023 4077 et
2052 4036 2159 4075 vas

523 4119 889 4197 graveolenti
930 4119 1183 4172 humore
1240 4114 1405 4185 prius
1460 4111 1781 4175 imbutum,
1814 4111 1930 4165 nisi
1984 4110 2160 4164 fuerit

2270 2955 2357 3009 τὴν
2414 2961 2594 3029 πεῖραν
2638 2954 2704 3015 εἰς
2757 2958 2814 3007 τὸ
2869 2956 3110 3016 παντελὲς
3169 2953 3477 3029 διαδρᾶναιυ
3512 2957 3573 3009 Εἰ
3616 2953 3704 3008 οὖν
3749 2952 3861 3008 δεοι

2272 3039 2387 3113 βίον
2437 3045 2527 3113 μὲν
2584 3044 2798 3117 ἄριστον
2856 3046 3071 3097 ἕκαστον
3137 3048 3525 3121 προαιρεῖσθαι,
3589 3042 3725 3103 ἡδὺν
3804 3042 3863 3098 δὲ

2270 3127 2575 3204 προσδοκᾲν
2624 3141 2684 3205 τῇ
2745 3136 2995 3207 συνηθείᾳ
3047 3137 3384 3206 γενησεσθαι,
3445 3135 3701 3209 ἐγχειρεῖν
3754 3140 3864 3195 τοῖς

2273 3217 2589 3290 βελτίστοις.
2646 3222 2879 3295 Αὶσχρὸν
2937 3226 3036 3298 γὰρ
3085 3228 3171 3276 τὸν
3237 3229 3471 3298 παρόντα
3505 3228 3686 3298 καιρὸν
3740 3242 3864 3293 προε

2273 3311 2496 3378 εμένους,
2531 3310 2743 3384 ὕστερόν
2785 3313 2901 3363 ποτ’
2942 3311 3311 3365 ἀνακαλεῖσθαι
3354 3317 3410 3365 τὸ
3459 3312 3733 3388 παρελθὸν,
3784 3314 3865 3363 ὅτι

2272 3392 2423 3448 οὐδὲν
2458 3399 2609 3450 ἔσται
2654 3400 2802 3452 πλέον
2855 3402 3172 3473 ἀνιωμένοις.
3215 3409 3297 3471 Τῷ
3352 3403 3461 3454 ὄντι
3496 3406 3595 3474 γὰρ
3653 3401 3867 3473 ἀμήχα·

2270 3489 2353 3535 νόν
2403 3486 2517 3539 ἐστι
2558 3492 2894 3562 χωρητικοὺς
2940 3484 3181 3561 γενέσθαι
3211 3493 3344 3562 ἡμᾶς
3390 3498 3480 3552 τῆς
3534 3495 3669 3551 θείας
3696 3495 3867 3564 χοίρε-

2270 3595 2378 3645 τος,
2430 3581 2500 3647 μὴ
2553 3581 2619 3629 τὰ
2671 3576 2770 3630 ἀπὸ
2820 3583 3004 3639 κακίας
3059 3582 3199 3638 πάθη
3256 3586 3708 3654 προκατασχόντα
3772 3582 3868 3641 τὰς

2269 3663 2450 3736 ψυχὰς
2479 3668 2624 3738 ἡμῶν
2668 3666 3021 3729 ἐξελάσαντας.
3059 3665 3216 3722 Εἶδον
3252 3669 3461 3743 ἰατροὺς
3496 3668 3592 3740 ἑγὼ
3631 3674 3704 3741 μὴ
3740 3676 3865 3741 προ-

2268 3772 2411 3829 τερον
2465 3752 2714 3818 διδόντας
2757 3759 2822 3808 τὰ
2875 3762 3112 3829 σωτήρια
3150 3760 3417 3831 φάρμακα,
3469 3762 3594 3830 πρὶν
3662 3758 3865 3830 ἐμέτοις

2271 3842 2594 3896 ἀποκενώσαι
2645 3849 2737 3903 τὴν
2803 3849 3077 3898 νοσοποιόν
3152 3847 3297 3915 ὕλην,
3370 3848 3429 3905 ἣν
3496 3847 3551 3899 ἐκ
3630 3854 3864 3919 πονηρᾶς

2271 3930 2480 3996 διαίτης
2522 3934 2721 3995 ἑαυτοῖς
2756 3936 2805 3987 οὶ
2858 3933 3142 3989 ἀκόλαστοι
3190 3936 3507 3991 ἐναπέθεντο.
3559 3936 3718 3990 Ἀλλά
3773 3941 3865 3987 καὶ.

2270 4022 2472 4096 ἀγγεῖον
2540 4023 3043 4097 προκατειλημμένον
3117 4026 3217 4077 ὑπὸ
3290 4044 3422 4085 τινος
3486 4027 3645 4099 ὑγροῦ
3734 4022 3867 4077 δυσ-

2269 4110 2460 4183 ώδους,
2490 4117 2561 4185 μη
2623 4112 2889 4181 ἐκπλυθὲν,
2935 4114 2994 4166 οὐ
3043 4119 3115 4187 μὴ
3168 4111 3383 4177 δέξηται
3420 4122 3512 4169 τοῦ
3556 4118 3729 4187 μύρου
3768 4120 3865 4173 τήν

523 4215 767 4277 elotum,
796 4223 919 4264 non
952 4204 1159 4276 recipit
1180 4201 1465 4271 unguenti
1494 4200 1811 4254 fusionem.
1845 4199 2159 4254 Eﬁunden-

2277 4202 2529 4278 ἐπιρροήν.
2582 4208 2666 4255 Δεῖ
2712 4208 2881 4255 τοίνυν
2942 4202 3234 4276 ἐκχυθῆναι
3291 4207 3356 4257 τὰ
3420 4207 3863 4280 προϋπάρχοντα,

518 4305 597 4361 da
623 4316 765 4370 ergo
791 4313 927 4369 quae
960 4309 1123 4366 prius
1145 4293 1397 4355 inerant,
1422 4294 1487 4343 ut
1525 4287 1711 4358 recipi
1749 4288 1985 4359 possint
2028 4305 2159 4360 quae

515 4393 889 4465 ingeruntur.
931 4386 1007 4455 (9)
1027 4386 1173 4438 Nam
1204 4378 1486 4435 omnibus
1524 4375 1776 4449 ‘quidem
1824 4376 1995 4431 adest
2036 4377 2160 4448 Spi-

515 4486 663 4540 ritus
715 4481 1001 4535 sanctus:
1067 4471 1172 4526 sed
1222 4470 1291 4524 iis
1329 4468 1434 4540 qui
1464 4466 1598 4538 puri
1647 4468 1785 4521 sunt
1822 4465 2159 4537 affectibus,

512 4569 878 4643 peculiarem
908 4561 1148 4619 exhibet
1172 4559 1448 4614 virtutem
1478 4574 1490 4620 ;
1518 4560 1578 4610 at
1607 4570 1745 4609 vero
1775 4553 1868 4620 iis,
1898 4570 2160 4625 quorum

515 4642 687 4715 mens
719 4654 944 4727 peccati
970 4649 1251 4706 sordibus
1278 4644 1678 4718 perturbatur,
1713 4642 1981 4700 minime.

585 4753 635 4802 ξ’).
659 4750 771 4813 (10)
794 4742 939 4798 Fieri
961 4741 1121 4794 enim
1147 4752 1269 4793 non
1294 4740 1503 4807 potest,
1540 4738 1601 4788 ut
1626 4733 1685 4786 id
1717 4748 2161 4804 consequamur

512 4837 591 4894 ad
620 4833 785 4907 quod
811 4828 1256 4891 contendimus,
1292 4824 1340 4878 si
1364 4840 1531 4878 mens
1552 4824 1613 4877 in
1636 4822 1836 4877 varias
1866 4838 2039 4878 curas
2072 4825 2157 4880 di-

510 4926 691 4982 ducta
702 4923 793 4985 sit,
813 4915 1331 4993 quemadmodum
1355 4912 1643 4968 Dominus
1660 4910 1999 4983 afﬁrmavit,
2016 4929 2156 4970 cum

578 5052 657 5119 (1)
687 5052 768 5103 Ex
798 5042 1006 5101 homil.
1032 5043 1093 5119 in
1106 5041 1271 5119 mal1
1298 5056 1335 5102 1,

580 5110 656 5191 (2)
691 5124 768 5191 Ex
792 5118 1121 5191 comment.
1155 5112 1216 5163 in
1245 5112 1383 5176 Isa.,
1404 5110 1529 5162 566.

611 5192 659 5247 3)
686 5189 832 5245 lbid.

587 5192 659 5262 (3)
686 5192 832 5245 lbid.
1002 5254 1009 5263 ,

586 5268 656 5331 (li)
692 5265 773 5316 Ex
795 5260 959 5331 hom.
990 5268 1051 5307 ιη
1069 5252 1226 5321 psal.
1256 5266 1294 5317 ι,
1320 5252 1407 5315 92,

588 5330 659 5401 (ὅ)
692 5330 837 5385 Ibid.

542 5398 657 5473 '(6)
691 5398 971 5467 Ibid-’93
1009 5467 1043 5473 _
1112 5466 1125 5473 -
1306 5461 1340 5473 ..

580 5459 654 5543 (7)
684 5476 765 5527 Ex
795 5459 971 5526 serm.
996 5467 1083 5522 De
1105 5461 1369 5534 legendis
1401 5459 1501 5515 lib.
1526 5459 1863 5531 gentilium,
1898 5464 2018 5517 184.

2271 4294 2351 4344 ἱνα
2390 4288 2588 4364 δυνηθῇ
2649 4294 2960 4367 χωρηθῆναι
2990 4296 3056 4345 τὰ
3085 4293 3376 4367 ἐπαγόμενα
3404 4295 3535 4365 (12).
3580 4301 3726 4347 Πᾱσι
3773 4299 3866 4367 μὲν

2266 4384 2367 4455 γὰρ
2407 4384 2620 4455 πάρεστι
2660 4384 2716 4433 τὸ
2775 4388 2981 4454 Πνεῦμα
3026 4385 3084 4434 τό
3115 4383 3283 4454 ἅγιον·
3326 4382 3451 4435 ἀλλά
3476 4391 3583 4445 τοῖς
3614 4386 3706 4456 μὲν
3736 4385 3868 4435 καθ-

2269 4473 2513 4546 αρεύουσι
2562 4479 2661 4522 τῶν
2726 4472 2922 4539 παθῶν,
2988 4476 3082 4529 τὴν
3152 4468 3293 4524 ἰδίαν
3366 4473 3567 4546 ἐμφέρει
3612 4468 3863 4545 δύναμιν·

2268 4568 2377 4620 τοῖς
2416 4556 2473 4611 δε
2513 4562 2569 4611 τὸ
2596 4562 2899 4632 ἡγεμονικὸν
2938 4566 3327 4633 συγκεχυμένον
3368 4565 3583 4633 ἔχουσιν
3616 4560 3722 4613 ἀπὸ
3765 4570 3868 4612 τῶν

2268 4657 2363 4710 τῆς
2389 4648 2646 4723 ἁμαρτίας
2687 4649 2900 4720 σπίλων,
2935 4650 3028 4701 οὐκ
3053 4653 3146 4705 ἔτι.

2341 4743 2391 4793 5.
2425 4734 2708 4791 Ἀδύνατον
2737 4740 2861 4811 γὰρ,
2892 4738 2962 4800 εἰς
2998 4735 3279 4812 διαφόρους
3323 4736 3603 4813 φροντίδας
3639 4748 3735 4793 τοῦ
3776 4749 3869 4793 νοῦ

2266 4826 2627 4901 μεριζομένου,
2694 4829 3081 4899 κατορθοῦσθαι
3132 4832 3189 4880 τὸ
3257 4825 3704 4901 σπουδαζόμενον·
3766 4851 3871 4881 κα-

2268 4918 2367 4976 θὼς
2433 4918 2457 4966 6
2536 4918 2725 4988 Κύριος
2775 4914 3089 4988 ἀπεφήνατο,
3144 4918 3318 4969 εἰπών’
3379 4914 3571 4979 Οὐδεὶς
3641 4915 3871 4971 δύναται

2337 5041 2413 5115 (8.)
2442 5042 2523 5115 Ex
2548 5038 2709 5093 hom.
2729 5039 2794 5094 in
2812 5042 2970 5115 psa‘t.
2996 5056 3111 5115 1_.x1,
3149 5041 3267 5098 196.

2359 5110 2412 5179 9)
2448 5113 2525 5164 Ex
2556 5115 2877 5166 comment.
2910 5110 2971 5165 in
2991 5112 3107 5167 Isa.
3131 5116 3252 5168 379.
3576 5173 3585 5179 _

2359 5120 2412 5179 9)
2448 5120 2525 5164 Ex
2556 5120 2877 5166 comment.
2910 5128 2971 5165 ιη
2991 5120 3107 5167 lsa.
3131 5120 3252 5168 379.

2335 5120 2445 5250 $10)
2471 5182 2838 5253 Engegutus
2867 5183 3065 5251 fusius
3096 5183 3395 5253 tractatis,
3427 5188 3555 5239 350.

2334 5252 2445 5328 (tl)
2472 5250 2714 5328 ’Exloyfi.
2756 5250 3105 5324 Sic’Regius
3143 5254 3351 5316 codex,
3382 5250 3627 5311 'melius
3670 5272 3867 5328 quam

2264 5322 2404 5379 editi
2426 5320 2659 5393 ἐπιλογῇ.

2334 5394 2821 5467 ίῌ12λῈπαγόμενα.
2854 5394 2941 5449 Sic
2960 5399 3270 5452 contextus
3296 5402 3353 5453 et
3374 5396 3597 5467 Regius
3641 5398 3865 5454 codex.

2262 5464 2415 5519 Editi
2432 5465 2767 5536 ὑπαγόμενοι.
