4074 6220
211 234 328 297 H25

1216 234 1446 295 SERMO
1485 236 1525 291 Ι.
1566 265 1632 280 -—-
1670 230 1764 290 DE
1797 229 2093 291 VIRTUTE
2131 238 2217 292 ET
2254 234 2461 295 VITIO.

3398 240 3533 294 1126

206 363 323 417 δυσὶ
370 369 575 437 κυρίοις
641 360 939 415 δουλεύειν⁸
1024 361 1114 413 καὶ
1172 360 1353 413 πάλιν·
1425 359 1500 412 Οῦ
1563 356 1788 412 δύνασθε

1908 330 2043 414 iixit
2070 375 2083 414 :
2116 360 2299 415 Nemo
2318 365 2511 429 potest
2552 361 2784 417 duobus
2811 362 3069 418 dominis
3097 364 3322 420 servire
3352 366 3393 399 ‘7
3419 378 3441 434 ;
3480 370 3535 422 et

204 460 309 523 Θεῷ
348 448 608 504 δουλεύειν
652 457 741 503 καὶ
794 454 1033 523 μαμωνᾷ.
1084 452 1216 501 Οὔτε
1274 451 1373 523 γάρ
1437 447 1595 507 ἄλλης
1650 450 1789 509 τινὸς

204 541 395 601 ἐντολῆς
433 548 679 615 τήρησιν,
735 544 850 591 οὔτε
896 539 1057 597 αὐτήν
1104 543 1192 595 τὴν
1233 541 1359 611 πρὸς
1398 540 1525 590 Θεὸν
1557 536 1784 608 ἀγάπην,

206 634 314 683 οὔτε
366 636 457 687 τήν
519 635 646 705 πρὸς
702 633 823 690 τοὺς
872 628 1089 686 πλησίον
1135 624 1402 699 δυνάμεθα
1438 629 1785 700 κατορθῶσαι,

206 720 369 772 ἄλλοτε
441 724 559 792 περὶ
643 718 773 770 ἄλλα
846 726 957 778 ταῖς
1010 714 1264 777 διανοίαις
1344 715 1786 788 ἀποπλανώμενοι.

207 812 326 860 Οὔτε
364 811 464 880 γὰρ
518 812 710 879 τέχνην
767 811 797 865 ἦ
852 806 1145 877 ἐπιστήμην
1209 805 1430 878 ἀκριϐῶς
1486 803 1789 857 καταλαϐεῖν

209 892 436 965 δυνατὸν,
479 896 658 948 ἄλλοτε
727 895 805 948 ἐπ’
859 894 1017 952 ἄλλην
1060 893 1466 967 μεταϐαίνοντα·
1520 896 1637 945 οὔτε
1687 898 1789 965 μὴν

207 992 321 1057 μιᾶς
370 986 751 1060 περιγενέσθαι,
787 988 857 1055 μὴ
913 985 978 1035 τά
1041 983 1208 1035 οἰκεῖα
1259 990 1349 1036 τοῦ
1391 981 1567 1043 τέλους
1601 985 1789 1054 γνωρί-

211 1092 375 1128 σαντα.
428 1080 513 1126 Δεῖ
568 1076 666 1146 γὰρ
704 1072 1020 1133 ἀκολούθους
1058 1069 1185 1124 εἶναι
1238 1080 1311 1143 τῷ
1353 1080 1531 1142 σκοπῷ
1578 1076 1663 1123 καὶ
1701 1073 1790 1131 τάς

208 1162 427 1235 πράξεις,
457 1165 525 1223 ὡς
581 1158 786 1221 οὐδενὸς
838 1169 938 1212 τῶν
1003 1163 1137 1213 κατὰ
1178 1160 1330 1233 λόγον
1383 1157 1477 1213 διὰ
1514 1168 1611 1211 τῶν
1651 1159 1789 1211 ἀνοι-

208 1256 347 1302 κείων
382 1252 818 1322 κατορθουμένου.
880 1250 1021 1301 Ἐπεὶ
1082 1250 1197 1302 οὔτε
1258 1249 1615 1320 χαλκευτικῆς
1650 1248 1789 1311 τέλος

215 1336 303 1391 διὰ
351 1347 446 1390 τῶν
500 1341 659 1412 ἔργων
702 1346 797 1399 τῆς
853 1342 1130 1410 κεραμείας
1192 1339 1549 1411 περιγενέσθαι

208 1444 304 1493 κεν,
338 1429 449 1478 οὔτε
502 1425 772 1483 ἀθλητικοὶ
841 1429 1083 1498 στέφανοι
1129 1425 1184 1478 ἐκ
1235 1434 1331 1488 τῆς
1368 1430 1487 1498 περὶ
1535 1428 1591 1477 τὸ
1625 1425 1791 1477 αὐλεῖν

208 1512 437 1575 σπουδῆς
473 1517 886 1587 κατορθοῦνται·
948 1514 1056 1566 ἀλλ’
1122 1515 1323 1585 ἑκάστῳ
1378 1513 1505 1566 τέλει
1553 1514 1738 1575 οἰκεῖος
1768 1515 1793 1565 ό

204 1608 350 1664 πόνος
399 1608 491 1654 καὶ
527 1602 867 1674 συναρμόζων
910 1601 1255 1663 ἕπιζητεῖται.
1308 1601 1505 1676 Ὠσπερ
1566 1599 1651 1654 οὖν
1706 1607 1795 1655 καὶ

1629 1340 1790 1408 πέφυ-

1894 463 2105 503 rursus
2135 467 2147 503 :
2181 450 2313 503 Non
2342 452 2583 518 potestis
2613 452 2732 506 Deo
2756 453 2978 506 servire
3005 457 3059 507 et
3089 467 3440 509 mammonae
3466 455 3532 508 ¹³.

1895 536 1969 604 (3)
2003 539 2149 590 Nam
2181 550 2289 591 nec
2320 536 2481 591 aliud
2512 536 3133 608 quodvismandatum
3152 556 3535 609 servare,ne-

1894 639 2012 695 que
2034 626 2215 679 Deum
2237 629 2339 680 aut
2354 626 2700 696 proximum
2721 626 2962 695 diligere
2978 644 3322 698 possumus,
3340 630 3389 684 si
3418 630 3535 685 huc

1896 718 1954 768 et
1983 713 2121 768 illuc
2148 720 2345 769 mente
2376 715 2747 784 divagemur.
2790 716 2993 787 Neque
3024 720 3184 771 enim
3216 723 3404 773 artem
3436 722 3539 774 aut

1897 802 2203 857 scientiam
2225 802 2413 874 probe
2431 802 2642 857 callere
2667 808 2879 875 potest,
2912 804 3105 874 quiab
3125 805 3239 860 alia
3252 807 3329 861 ad
3356 806 3537 862 aliam

1896 891 2107 947 transit
2139 908 2151 947 :
2186 906 2379 963 neque
2403 907 2589 946 unam
2611 892 2789 946 etiam
2804 907 3177 963 comparare,
3195 895 3381 965 quiea
3400 911 3537 966 qua:

1894 982 2139 1055 propria
2168 980 2305 1035 ﬁnis
2336 985 2493 1048 sunt,
2528 981 2781 1049 ignorat.
2816 984 2923 1037 Par
2944 996 3207 1054 namque
3246 989 3334 1039 est
3362 984 3541 1039 actio-

1896 1089 2001 1128 nes
2027 1072 2104 1128 ad
2126 1086 2379 1143 scopum
2396 1076 2451 1125 et
2472 1071 2655 1125 tinem
2689 1071 2987 1141 quadrare
3020 1088 3032 1125 :
3069 1071 3366 1143 siquidem
3396 1072 3543 1127 nihil

1896 1161 2063 1234 quod
2090 1165 2316 1216 rectum
2337 1160 2430 1227 sit,
2462 1160 2559 1215 via
2586 1160 2787 1231 inepta
2812 1164 2867 1214 et
2884 1161 3544 1233 incongruentiperagi-

1896 1256 2011 1305 tur.
2037 1252 2184 1305 Nam
2212 1264 2410 1319 neque
2437 1248 2579 1304 artis
2593 1249 2815 1303 aerariae
2828 1249 2964 1303 ﬁnis
2989 1265 3095 1320 per
3110 1250 3329 1319 ﬁglinae
3359 1265 3545 1321 opera

1898 1339 2128 1410 acquiri
2161 1338 2310 1393 solet
2345 1354 2357 1391 :
2391 1353 2585 1409 neque
2634 1354 2739 1409 per
2792 1338 3069 1393 sedulum
3108 1339 3267 1394 tibiae
3298 1344 3544 1395 cantum

1899 1431 2188 1499 parantur
2216 1426 2507 1481 athletice:
2539 1441 2796 1494 coronae,
2831 1426 2938 1481 sed
2970 1426 3291 1499 unicuique
3321 1427 3425 1483 ﬁni
3446 1444 3545 1499 pe-

1900 1515 2140 1571 culiaris
2190 1529 2260 1569 ac
2303 1514 2557 1568 idoneus
2613 1513 2786 1569 labor
2839 1515 3181 1585 requiritur.
3226 1516 3317 1571 Sic
3364 1517 3544 1572 etiam

1901 1604 2238 1659 exercitatio
2266 1619 2401 1674 quae
2427 1603 2490 1658 fit
2516 1604 2593 1657 ad
2627 1602 2989 1671 placendum
3008 1607 3123 1659 Deo
3140 1604 3312 1673 juxta
3334 1604 3545 1661 Christi

205 1695 235 1751 ἡ
292 1693 519 1753 ἄσκησις
574 1698 669 1752 τῆς
727 1693 861 1742 κατά
924 1694 983 1742 τὸ
1048 1690 1360 1762 Εὐαγγελιον
1416 1698 1507 1742 τοῦ
1560 1699 1794 1764 Χριστοῦ

1908 1693 2309 1762 Evangelium,
2359 1692 2693 1747 recedendo
2721 1708 2755 1747 a
2782 1692 3280 1748 sollicitudinibus
3311 1693 3542 1762 mundi,

204 1785 331 1855 πρὸς
386 1783 515 1833 Θεὸν
559 1779 967 1851 εὐαρεστήσεως,
1016 1778 1064 1830 ἐν
1102 1785 1163 1850 τῇ
1199 1778 1535 1850 ἀναχωρήσει
1583 1787 1681 1830 τῶν
1712 1797 1797 1850 με-

210 1877 392 1944 ριμνῶν
429 1876 522 1920 τοῦ
574 1871 797 1939 κόσμου,
822 1872 911 1919 καὶ
953 1875 1015 1939 τῇ
1076 1866 1312 1919 παντελεῖ
1335 1865 1669 1940 ἀλλοτριώσει
1697 1875 1795 1918 τῶν

207 1964 582 2032 περισπασμῶν
656 1958 1023 2030 κατορθοῦται.
1098 1958 1336 2014 Λυθῆναι
1405 1952 1491 2006 οὖν
1562 1951 1644 2007 δεῖ
1698 1963 1796 2006 τῶν

207 2042 410 2119 δεσμῶν
462 2054 560 2107 τῆς
612 2047 974 2118 προσπαθείας
1029 2052 1120 2096 ⁴νοῦ
1175 2042 1318 2116 βίον,
1341 2048 1487 2115 τόνγε
1521 2042 1794 2110 ἀληθινῶς,

208 2135 499 2187 ἀκολουθεῖν
544 2133 791 2206 μέλλοντα
846 2142 918 2204 τῷ
976 2141 1123 2186 Θεῶ·
1156 2140 1310 2185 τοῦτο
1370 2128 1429 2184 δε
1484 2132 1579 2184 οὐκ
1615 2131 1794 2199 mm,

206 2229 235 2283 ἣ
293 2220 384 2275 διὰ
449 2212 727 2282 παντελοῦς
786 2220 1194 2295 ἀναχωρήσεως,
1226 2226 1315 2273 καὶ
1357 2219 1523 2281 λήθης
1556 2228 1656 2271 τῶν
1691 2240 1796 2272 πα-

203 2314 355 2364 λαιῶν
394 2312 535 2369 ἠθῶν
586 2312 955 2382 κατορθοῦται.
1001 2309 1090 2371 Ὡς
1138 2310 1180 2362 εἰ
1241 2314 1312 2382 μὴ
1383 2308 1799 2380 ἀποξενώσαιμεν

208 2401 417 2461 ἑαυτοὺς
441 2404 531 2451 καὶ
558 2404 861 2470 συγγενείας
900 2407 1160 2471 σαρκικῆς
1214 2402 1304 2449 καὶ
1349 2402 1621 2457 κοινωνίας
1654 2396 1796 2468 βίου,

206 2493 354 2541 οἱονεὶ
392 2491 523 2563 πρὸς
556 2488 722 2561 ἕτερον
782 2490 979 2556 κόσμον
1056 2483 1149 2538 διὰ
1205 2494 1297 2546 τῆς
1346 2490 1582 2557 σχέσεως
1636 2505 1798 2557 μετα-

208 2577 477 2645 ϐαίνοντες,
544 2576 819 2648 ἀμήχανον
870 2578 1006 2647 ἡμᾶς
1063 2577 1425 2649 περιγενέσθαι
1469 2583 1561 2626 τοῦ
1602 2583 1800 2627 σκοποῦ

206 2676 297 2728 τῆς
354 2670 479 2740 πρὸς
538 2668 666 2718 Θεὸν
720 2664 1124 2739 εὐαρεστήσεως.
1182 2662 1240 2715 Ὀ
1291 2668 1460 2715 τοίνυν
1518 2666 1649 2737 πρὸς
1708 2667 1802 2721 τήν

210 2755 486 2827 ἀγγελικὴν
539 2752 686 2816 ἀξίαν
736 2752 1167 2825 μεταταξάμενος,
1217 2751 1260 2803 εἰ
1310 2759 1415 2811 τοῖς
1470 2750 1803 2825 ἀνθρωπίνοις

213 2844 543 2917 ἄμμολύνοιτο
609 2843 847 2909 πάθεσιν,
905 2843 1084 2913 ὅμοιός
1124 2839 1237 2892 ἐστι
1296 2836 1430 2913 δορᾷ
1474 2838 1801 2912 παρδάλεως,

212 2933 270 2992 ἧς
317 2936 431 2983 οὔτε
463 2931 618 2988 λευκή
668 2928 924 2989 παντελῶς
998 2930 1029 2986 ἠ
1100 2928 1233 3001 θρὶξ,
1284 2930 1401 2980 οὔτε
1456 2927 1670 2999 μέλαινα
1722 2926 1805 2981 δι-

1904 1786 1959 1836 et
1974 1780 2138 1835 omni
2159 1795 2409 1851 prorsus
2442 1779 2807 1834 removenda
2819 1781 3033 1835 mentis
3055 1781 3406 1851 evagatione
3418 1796 3548 1852 per-

1902 1869 2115 1924 ﬁcitur.
2151 1868 2227 1938 (4)
2275 1867 2557 1939 Quisquis
2610 1867 2788 1936 igitur
2822 1884 2960 1923 vere
2990 1871 3174 1923 Deum
3207 1869 3379 1941 sequi
3404 1869 3547 1939 vult,

1902 1955 2156 2012 vinculis
2211 1955 2598 2010 affectionum
2637 1956 2772 2010 vitae
2792 1956 2975 2026 hujus
3016 1956 3286 2012 solvatur
3306 1972 3548 2013 necesse

1903 2047 1991 2099 est
2022 2061 2032 2097 :
2066 2043 2127 2097 id
2157 2048 2358 2097 autem
2378 2042 2491 2097 nisi
2511 2057 2618 2113 per
2644 2042 2939 2111 integrum
2962 2059 3262 2099 secessum
3282 2060 3550 2100 morum-

1903 2148 2021 2204 que
2042 2136 2311 2187 veterum
2345 2131 2707 2186 oblivionem
2728 2132 2933 2203 perﬁci
2963 2149 3084 2189 non
3116 2140 3332 2206 potest.
3356 2139 3549 2203 Quare

1904 2219 2018 2274 nisi
2041 2234 2149 2274 nos
2180 2218 2292 2290 ipsi
2324 2223 2378 2272 et
2410 2234 2445 2273 a
2473 2220 2831 2287 cognatione
2861 2221 3085 2275 carnali
3116 2228 3173 2276 et
3203 2238 3238 2277 a
3268 2224 3550 2280 societate

1905 2307 2035 2363 vitae
2056 2306 2712 2373 removerimus,veluti
2744 2308 2820 2361 ad
2852 2307 3103 2364 alterum
3132 2312 3429 2366 mundum
3446 2328 3553 2384 per

1907 2396 2093 2451 animi
2132 2394 2551 2450 habitudinem
2601 2396 3117 2465 transmigrantes,
3168 2415 3422 2471 scopum
3445 2416 3551 2456 no—

1907 2489 2096 2539 strum
2122 2483 2409 2551 attingere
2465 2498 2588 2537 non
2626 2499 2977 2554 possumus,
3028 2488 3147 2541 Deo
3189 2489 3463 2545 videlicet
3492 2494 3555 2546 ut

1906 2573 2276 2645 placeamus.
2306 2572 2381 2637 (5)
2408 2571 2810 2636 Quamobrem
2842 2574 2943 2644 qui
2965 2574 3299 2631 institutum
3327 2578 3554 2647 angelis

1908 2660 2137 2732 aequale
2167 2659 2480 2730 amplexus
2494 2665 2597 2723 est,
2620 2659 2667 2714 si
2693 2661 2998 2716 humanus
3011 2663 3163 2717 vitiis
3188 2665 3549 2737 inquinetur,

1910 2748 2118 2803 similis
2142 2752 2230 2801 est
2254 2747 2559 2818 pantherae
2591 2748 2748 2818 pelli,
2800 2749 2969 2819 cujus
2998 2755 3135 2806 setae
3165 2767 3361 2823 neque
3392 2770 3556 2825 pror-

1910 2852 2011 2890 sus
2040 2836 2226 2904 nigra:
2251 2841 2409 2903 sunt,
2438 2850 2634 2906 neque
2657 2835 2809 2891 albae
2829 2838 3099 2899 omnino,
3132 2840 3238 2893 sed
3269 2857 3406 2895 cum
3438 2842 3556 2898 sint

1909 2923 2284 2979 diversorum
2297 2922 2564 2978 colorum
2586 2924 2839 2979 mistura
2851 2924 3145 2980 distinctae
3166 2932 3223 2982 et
3249 2928 3555 2999 interpun-

208 3020 349 3089 όλου,
373 3019 501 3072 ἀλλά
530 3027 591 3091 τῇ
626 3018 763 3091 μίξει
805 3026 906 3069 τῶν
946 3018 1384 3091 ἑτεροχροούντων
1443 3014 1797 3089 διεστιγμένη,

1913 3017 2043 3080 σιω,
2075 3027 2271 3084 neque
2300 3012 2360 3066 in
2398 3012 2581 3080 nigris
2628 3018 3036 3084 numerantur,
3070 3030 3262 3087 neque
3292 3017 3353 3071 in
3380 3018 3550 3073 albis.

207 3113 325 3161 οὔτε
363 3107 411 3160 ἓν
441 3116 547 3169 τοῖς
595 3107 812 3180 μελασιν
840 3106 941 3177 (1),
982 3110 1094 3158 οὔτε
1115 3104 1163 3156 ἓν
1184 3112 1293 3165 τοῖς
1322 3105 1522 3167 λευκοῖς
1561 3104 1801 3180 ἀριθμεῖ-

204 3215 314 3252 ται.
341 3197 538 3271 Ὠσπερ
572 3192 657 3247 οὖν
688 3197 737 3247 οἱ
771 3196 1054 3267 ζωγράφοι,
1094 3196 1215 3245 ὅταν
1248 3192 1349 3245 ἀπὸ
1372 3194 1574 3245 εἰκόνων
1606 3195 1804 3256 εἰκόνας

205 3290 469 3360 γράφωσι,
500 3287 670 3337 πυκνά
721 3286 851 3356 πρὸς
912 3286 971 3334 τὸ
1028 3279 1369 3355 παράδειγμα
1411 3282 1800 3350 ἀποϐλέποντες,

205 3380 295 3427 τὸν
351 3374 535 3426 inter:
592 3379 914 3446 χαρακτῆρα
939 3374 1065 3444 πρός
1102 3376 1161 3423 τὸ
1210 3370 1403 3423 ἑαυτῶν
1435 3368 1803 3432 σπουδάζουσι

211 3463 501 3534 μεταθεῖναι
531 3460 921 3532 φιλοτέχνημαυ
974 3459 1107 3511 οὕτω
1153 3454 1236 3510 δεῖ
1280 3463 1369 3510 καὶ
1416 3462 1503 3510 τὸν
1534 3456 1801 3512 ἐσπουδα-

208 3555 342 3602 κότα
353 3549 524 3602 ἑαυτὸν
538 3549 614 3619 (2)
626 3555 762 3601 πᾶσι
781 3555 891 3609 τοῖς
902 3552 1081 3622 μέρεσι
1100 3556 1191 3607 τῆς
1204 3546 1385 3622 ἀρετῆς
1402 3547 1803 3620 ἀπεργάσασθαι

205 3640 417 3704 τέλειον,
479 3641 633 3690 οἱονεὶ
688 3640 813 3711 πρὸς
863 3634 1136 3707 ἀγάλματά
1197 3655 1310 3689 τινα
1375 3640 1651 3709 κινούμενα
1713 3644 1801 3691 καὶ

206 3732 481 3800 ἕμπρακτα
517 3730 638 3787 τοὺς
670 3723 821 3797 βίους
879 3733 976 3776 τῶν
1029 3725 1190 3796 ἁγίων
1258 3723 1579 3795 ἀποϐλέπειν,
1624 3731 1713 3778 καὶ
1742 3731 1800 3780 τὸ

203 3816 407 3869 ἆκείνων
438 3814 632 3887 ἀγαθόν
662 3814 848 3866 οἰκεῖον
877 3815 1142 3866 ποιεῖσθαι
1172 3809 1265 3866 διὰ
1300 3818 1585 3885 μιμήσεως.

281 3909 332 3960 6.
376 3904 436 3957 Εἰ
497 3906 596 3976 γὰρ
658 3902 784 3975 βοῦς
964 3905 1211 3977 συνεργὸς
1268 3904 1391 3974 ἡμῖν
1432 3903 1502 3963 εἰς
1546 3910 1800 3979 γεωργίαν

202 3989 547 4065 παραδοθεὶς,
601 3996 692 4043 καὶ
751 4000 917 4063 φωνῆς
956 3999 1047 4043 τοῦ
1100 3996 1367 4066 τρέφοντος
1411 3990 1800 4062 ἰπαισθάνεται,

202 4086 417 4133 καὶτὸν
450 4083 686 4141 συνήθως
740 4080 880 4149 αὐτῷ
931 4084 1287 4154 προσφέροντα
1320 4085 1414 4138 τήν
1463 4086 1654 4153 τροφήν
1698 4082 1806 4135 ἐπι·

200 4176 485 4243 γινώσκει·
519 4174 631 4231 ὄνος
671 4165 729 4221 δε
768 4169 1068 4241 αὐτομάτως
1118 4167 1200 4221 ἰπὶ
1256 4173 1377 4229 τοὺς
1430 4172 1658 4231 συνήθεις
1718 4180 1806 4232 τῆς

200 4259 547 4320 καταλύσεως
574 4263 767 4319 τόπους
824 4260 980 4331 ὁρμᾷ,
1030 4263 1119 4309 καὶ
1166 4262 1397 4316 τοσαύτη
1449 4266 1558 4321 τοῖς
1602 4260 1810 4331 ἀλόγοις

1912 3104 1925 3165 ί
1938 3105 1991 3173 6)
2032 3100 2557 3167 Quemadmodum
2597 3117 2739 3171 ergo
2769 3103 3045 3174 pictores,
3081 3120 3219 3159 cum
3258 3107 3554 3177 imagines

1913 3206 1985 3245 ex
2006 3188 2376 3259 imaginibus
2409 3189 2907 3260 pingunt,crebro
2925 3191 3002 3245 ad
3032 3194 3341 3266 exemplar
3366 3197 3555 3268 respi-

1913 3280 2157 3341 cientes,
2187 3278 2325 3333 inde
2378 3278 2636 3333 formam
2670 3278 2731 3333 in
2760 3296 2935 3334 suum
2970 3281 3147 3354 474
3179 3300 3333 3355 opus
3364 3290 3557 3341 trans-

1912 3368 2062 3423 ferre
2094 3371 2388 3422 conantur
2420 3385 2433 3421 :
2468 3366 2549 3420 sic
2578 3367 2756 3423 etiam
2782 3370 2885 3441 qui
2925 3387 3053 3425 sese
3077 3372 3359 3427 omnibus
3380 3376 3558 3431 virtu-

1912 3458 1985 3513 tis
2014 3456 2289 3528 partibus
2318 3455 2660 3511 absolutum
2682 3458 2966 3529 perficere
2998 3460 3306 3530 studet,ad
3325 3469 3559 3520 sancto-

1911 3563 2046 3600 rum
2100 3546 2271 3611 vitas,
2326 3544 2485 3599 velut
2541 3546 2615 3599 ad
2685 3547 3007 3603 simulacra
3029 3550 3312 3620 quaedam
3343 3553 3480 3607 viva
3505 3557 3559 3608 et

1912 3640 2181 3697 actuosa,
2212 3633 2505 3704 respicere
2535 3633 2733 3704 debet,
2794 3642 2851 3690 et
2890 3638 3055 3708 quod
3085 3638 3199 3694 illis
3231 3639 3385 3695 inest
3412 3641 3559 3697 boni

1911 3740 2089 3778 suum
2127 3721 2421 3778 imitando
2451 3722 2668 3780 facere.

1980 3907 2031 3957 6.
2076 3902 2153 3972 (7)
2194 3903 2342 3956 Nam
2394 3900 2442 3955 si
2493 3900 2632 3965 bos,
2685 3902 2789 3974 qui
2822 3904 2997 3960 nobis
3032 3906 3273 3976 adjutor
3303 3907 3382 3963 ad
3408 3910 3562 3980 agri-

1912 3990 2208 4045 culturam
2259 3989 2456 4057 datus,
2512 4006 2714 4046 vocem
2744 3994 3050 4049 nutritoris
3086 3996 3269 4065 novit,
3302 4012 3564 4071 eumque

1913 4080 2017 4151 qui
2048 4079 2159 4134 sibi
2192 4079 2485 4151 pabulum
2540 4080 2751 4137 afferre
2801 4082 2967 4152 solet,
3010 4087 3322 4154 agnoscit:
3360 4088 3567 4143 asinus

1916 4174 2116 4225 autem
2145 4174 2357 4240 sponte
2382 4174 2612 4225 naturae
2640 4171 2716 4225 ad
2744 4177 3035 4227 consueta
3067 4174 3286 4229 stabuli
3314 4176 3406 4231 sui
3437 4176 3568 4232 loca

1918 4258 2190 4314 festinat:
2226 4258 2275 4312 si
2305 4256 2496 4313 brutis
2514 4259 2879 4315 animalibus
2902 4266 3070 4318 tanta
3100 4264 3251 4318 inest
3274 4262 3568 4321 habitudo

199 4352 336 4423 πρὸς
384 4352 471 4401 τὸν
527 4346 918 4419 ἐπιμελούμενον
957 4349 987 4404 η
1034 4348 1312 4403 συνήθεια·
1377 4352 1537 4399 πόσον
1568 4351 1597 4405 ἡ
1624 4348 1799 4419 λογική

1920 4362 2058 4401 cum
2088 4362 2197 4401 suo
2230 4346 2536 4418 provisore
2572 4367 2584 4401 :
2626 4353 2855 4418 quanta
2908 4349 3241 4404 dilectionis
3288 4353 3347 4405 in
3382 4355 3568 4408 Deum

202 4440 365 4511 φύσις
404 4446 499 4498 τῆς
550 4440 680 4510 πρὸς
719 4440 847 4489 Θεὸν
912 4434 1116 4507 ἀγάπης
1166 4438 1224 4485 τὸ
1283 4440 1465 4508 μέτρον
1521 4436 1812 4496 ἀπαιτηθή-

204 4545 395 4594 σεται;
449 4522 590 4578 Οῦδε
627 4528 727 4599 γὰρ
784 4528 880 4596 μία
926 4523 1114 4596 πρᾶξις
1170 4522 1353 4574 τελειοῖ
1390 4528 1475 4575 τόν
1524 4522 1813 4577 σπουδαῖον

204 4617 343 4669 ἀλλά
392 4620 549 4667 παντὶ
604 4620 859 4689 προσήκει
897 4621 967 4682 τῷ
1027 4611 1129 4685 βίῳ
1175 4614 1262 4671 τάς
1319 4612 1431 4663 κατ’
1469 4611 1653 4687 ἀρετήν
1684 4614 1814 4687 ἐνερ-

200 4711 359 4777 γείας
418 4704 950 4777 συμπαρατείνεσθαι.
1015 4705 1115 4753 Καὶ
1182 4701 1413 4773 καθάπερ
1494 4703 1543 4752 οἱ
1608 4701 1691 4753 ἐπὶ
1758 4707 1814 4754 τό

199 4794 429 4867 λουτρὸν
482 4793 747 4857 εἰσιόντες,
807 4798 1125 4862 γυμνοῦνται
1178 4794 1363 4850 παντὸς
1393 4788 1813 4862 περιϐλήματος·

284 4981 327 5015 ιτ
363 4978 563 5035 Matth.
598 4994 669 5047 vx,
694 4978 781 5031 24.
820 4977 865 5011 ιε
892 4975 1037 5031 ibid.

280 5165 363 5235 (t)
408 5160 626 5235 ocrea
658 5160 1033 5235 τοίςμελασιν,
1087 5159 1347 5235 etc.__S_tic
1394 5164 1819 5235 contextus,et

198 5217 436 5304 Regius
467 5231 657 5287 codex
688 5217 953 5304 melioris
984 5217 1161 5304 εἰσίω.
1182 5230 1333 5285 Editi
1364 5233 1480 5304 οὔτε
1502 5231 1550 5283 ἐν
1582 5239 1688 5291 τοῖς
1708 5217 1814 5283 λευ-

195 5301 324 5368 κοῖξ
354 5305 677 5378 ἀριθμεῖται,
702 5306 817 5354 οὔτε
844 5301 994 5353 πάλιν
1028 5301 1075 5352 ἐν
1102 5308 1210 5361 τοῖς
1240 5301 1700 5373 μεμελανωμένοις.

279 5380 371 5447 (2)
392 5372 640 5428 "Edim-6v-
677 5372 1131 5445 Desumpsimus
1160 5372 1318 5427 hanc
1349 5372 1556 5429 vocem
1578 5390 1649 5428 ex
1680 5389 1818 5429 con-

317 5454 405 5501 tu.

196 5455 496 5590 ίθῗὲξιἘι
522 5516 767 5587 Regalis
792 5516 991 5585 fusius
1023 5515 1322 5583 tractatis,
1353 5518 1476 5572 341.

1921 4451 2207 4490 mensura
2260 4440 2602 4506 reposcetur
2649 4452 2685 4489 a
2728 4437 3003 4492 rationali
3037 4439 3282 4493 natura!
3320 4441 3391 4507 (8)
3442 4443 3568 4495 Non

1922 4525 2080 4579 enim
2111 4524 2264 4579 actio
2297 4540 2416 4578 una
2447 4525 2639 4579 virum
2668 4525 2925 4596 probum
2955 4526 3211 4581 absolvit
3235 4533 3290 4582 et
3317 4528 3566 4600 perﬁcit,

1923 4612 2027 4667 sed
2094 4612 2171 4666 ad
2239 4628 2480 4666 omnem
2534 4612 2718 4667 vitam
2775 4613 3010 4668 extendi
3059 4620 3293 4687 oportet
3346 4617 3572 4671 virtutis

1922 4715 2126 4770 opera.
2144 4702 2295 4766 (9)Et
2325 4700 2844 4770 quemadmodum
2869 4703 3052 4773 quiin
3077 4704 3360 4759 balneum
3378 4706 3572 4775 ingre-

1924 4788 2187 4856 diuntur,
2211 4789 2373 4843 omni
2406 4796 2631 4845 amictu
2663 4790 2985 4853 nudantur,
3032 4793 3113 4847 ita
3158 4794 3339 4850 etiam
3367 4795 3467 4867 qui
3496 4796 3571 4851 ad

1996 5161 2074 5227 (4)
2118 5157 2288 5220 lbid.,
2324 5161 2444 5213 342.

1997 5232 2075 5295 (ii)
2120 5232 2197 5283 Ex
2231 5232 2416 5283 Serm.
2450 5229 2727 5299 ascetico,
2759 5235 2881 5289 320.

2000 5302 2075 5369 (6)
2120 5303 2197 5353 Ex
2226 5299 2394 5370 epist.
2421 5317 2476 5363 ιι,
2501 5306 2590 5355 73.

2002 5376 2074 5433 (7)
2117 5374 2195 5424 lix
2220 5376 2525 5424 comment
2555 5373 2615 5427 in
2644 5374 2757 5440 Isa,
2789 5377 2913 5431 387.

2000 5443 2075 5509 (8)
2118 5443 2196 5495 Ex
2226 5442 2389 5495 hom.
2420 5442 2481 5496 in
2511 5444 2665 5511 psal.
2698 5459 2810 5507 xxv,
2845 5447 2973 5502 354.

2002 5516 2076 5583 (9)
2124 5514 2205 5568 Ex
2237 5513 2423 5568 Serm.
2452 5513 2727 5585 ascetico,
2761 5517 2887 5571 323.
