4074 6220
614 213 746 267 1127

1548 201 1913 261 ΑΡΡΕΝΒῙΧ.
1952 228 2023 246 ·-
2063 198 2405 262 SYMEONIS
2442 200 2965 261 METAPHRASTE

3757 208 3870 264 1128

610 335 936 393 asceticum
987 331 1117 388 vitae
1170 346 1359 403 genus
1426 329 1741 395 accedunt,
1792 328 1959 385 omni
2006 327 2219 386 materi

2290 328 2337 384 Δ
2368 328 2502 380 οὕτω
2539 332 2647 402 χρὴ
2682 333 2770 381 καὶ
2806 331 2927 391 τοὺς
2964 336 3027 402 τῇ
3070 325 3328 401 ἀσκητικῇ
3376 333 3784 403 προσερχομένους
3814 332 3871 400 (8)

612 423 813 480 seaculi
838 423 1018 493 hujus
1044 422 1224 485 exuti,
1249 420 1309 474 in
1335 419 1468 475 vitae
1500 418 1931 491 philosophica)
1974 417 2257 473 institutis

610 513 831 569 versari
861 510 1100 566 debent.
1138 510 1212 579 (t)
1242 510 1443 564 Estote
1468 508 1649 575 enim,
1681 508 1894 579 inquit,
1931 506 2259 575 prudentes

608 604 763 657 sicut
784 605 1081 667 serpentes
1116 599 1181 651 ‘9.
1218 598 1493 668 Serpens,
1545 595 1648 651 ubi
1693 595 1821 666 jam
1872 593 2148 651 exuenda
2171 596 2260 650 est

609 690 801 763 pellis,
836 689 896 743 in
927 687 1130 743 locum
1162 689 1489 756 angustum
1522 688 1576 741 et
1615 683 1814 741 stricte
1839 699 2061 755 corpus
2093 698 2258 738 coer-

610 784 845 837 centem
884 792 1017 832 sese
1044 776 1396 840 immittens,
1452 774 1537 831 sic
1584 777 1885 830 senectam
1935 772 2262 846 prudenter

612 885 682 925 ac
714 867 1012 939 sapienter
1042 864 1220 919 exuit.
1254 862 1427 929 Quod
1464 866 1520 919 et
1543 862 1703 919 idem
1734 878 1845 919 nos
1872 862 2093 919 imitari
2132 861 2261 919 vult

612 958 935 1028 Scriptura,
980 969 1086 1026 per
1135 956 1457 1021 angustam
1507 956 1561 1008 et
1610 955 1840 1007 arctam
1877 950 2039 1008 viam
2067 951 2259 1021 ingre-

610 1046 839 1100 dientes
870 1044 940 1110 ²⁰,
991 1055 1207 1097 exuere
1250 1044 1513 1096 veterem
1556 1040 1885 1105 hominem,
1914 1055 1985 1097 ac
2029 1055 2258 1096 novum

609 1133 858 1189 induere
886 1132 955 1198 ²¹,
971 1134 1036 1186 ut
1055 1133 1258 1186 nostra
1277 1144 1543 1201 quoque,
1586 1127 1746 1184 velut
1766 1128 1997 1201 aquilae,
2013 1129 2261 1200 juventa

610 1224 930 1277 renovetur
954 1220 1024 1273 ε’.
1048 1221 1197 1274 Nam
1226 1216 1451 1273 lumine
1485 1216 1866 1273 illucescente
1896 1220 2262 1273 evanescunt

610 1312 892 1377 tenebrae,
954 1314 1010 1364 et
1062 1309 1314 1364 sanitate
1370 1306 1657 1362 redeunte
1716 1306 2003 1363 molestiae
2063 1307 2262 1363 morbi

612 1403 920 1463 sedantur,
954 1404 1011 1454 et
1038 1398 1283 1453 veritate
1333 1396 1763 1467 demonstrata,
1798 1396 2098 1452 mendacii
2150 1412 2260 1453 na-

611 1498 745 1548 tura
788 1488 1182 1560 redarguitur.
1238 1485 1350 1542 Sed
1378 1486 1645 1557 plerique
1676 1486 1753 1557 ('2)
1792 1486 2066 1542 homines
2092 1486 2264 1542 nubi-

612 1581 725 1636 bus
759 1578 982 1633 similes
1017 1581 1173 1645 sunt,
1206 1591 1343 1647 quae
1399 1589 1511 1646 pro
1566 1579 1880 1631 ventorum
1934 1575 2263 1632 mutatione

2369 417 2501 488 ζωῇ,
2543 418 2716 478 πάσης
2758 417 2885 479 ὕλης
2942 416 3195 490 βιωτικῆς
3246 419 3609 489 γυμνωθένταςι
3661 416 3779 479 ἐντὸς
3818 419 3877 488 (9)

2367 513 2457 558 τοῦ
2532 509 2666 559 κατά
2734 506 3037 578 φιλοσοφίαν
3100 508 3335 577 γενέσθαι
3376 504 3512 577 βίον,
3552 507 3735 557 Γίνεσθι
3783 509 3877 579 γὰρ,

2368 600 2518 665 φησὶ,
2560 599 2798 668 φρόνιμοι
2852 597 2921 657 ὡς
2960 596 3008 647 οἱ
3057 598 3215 666 ὄφεις·
3261 596 3315 659 ὃς
3361 590 3561 648 ἐπειδὰν
3609 589 3878 647 ἀποδύεσθαι

2368 679 2458 755 δέῃ
2526 688 2617 743 τὴν
2678 681 2950 759 λεϐήριδα,
3010 692 3168 754 στενῷ
3225 687 3364 754 τόπῳ
3406 686 3492 735 καὶ
3538 680 3740 754 ἀκριϐῶς
3766 701 3878 753 περι-

2368 776 2640 844 σφίγγοντι
2693 776 2751 825 τό
2807 780 2959 844 σῶμα
3001 769 3213 834 ἐπιδοὺς
3279 771 3476 837 ἑαυτὸν,
3540 774 3772 844 ιρρονίμως
3817 776 3880 822 καὶ

2368 869 2590 924 συνετῶς
2633 858 2919 916 ἀποδύεται
2968 865 3025 915 τὸ
3084 870 3267 936 γῆρας,
3324 859 3483 933 Ὀπερ
3547 856 3627 914 οὖν
3666 863 3744 912 καὶ
3784 861 3880 930 ἡμᾶς

2368 949 2609 1022 βούλεται
2639 951 2664 1003 ό
2706 954 2894 1021 Λόγος,
2962 946 3056 1003 διὰ
3117 958 3212 1011 τῆς
3253 956 3436 1009 στενῆς
3475 952 3561 1003 καὶ
3608 947 3880 1019 τεθλιμμένη

2366 1035 2495 1091 ὀδοῦ
2565 1044 2951 1112 πορευομένους,
3018 1034 3347 1093 ἀποδύεσθαι
3418 1039 3504 1109 μεν
3577 1039 3657 1087 τὸν
3715 1034 3880 1089 παλαιὸν

2366 1128 2655 1202 ἄνθρωπον,
2696 1124 2970 1181 ἐνδύεσθαι
3035 1124 3095 1181 δι
3149 1130 3234 1182 τόν
3284 1130 3413 1194 νέον,
3480 1127 3606 1177 ὥστε
3656 1128 3735 1177 καὶ
3780 1125 3881 1195 ἡμῶν

2368 1218 2825 1287 ἀνακαινισθῆναι,
2872 1219 2941 1278 ὡς
2989 1216 3140 1271 ἀετοῦ
3187 1220 3282 1275 τὴν
3330 1218 3561 1273 νεότητα.
3613 1216 3765 1273 em;
3814 1214 3881 1283 γὰρ

2370 1307 2721 1380 ἀναφανέντος,
2779 1306 3081 1379 ἀφανίζεται
3148 1310 3370 1365 σκότος’
3447 1308 3535 1356 καὶ
3586 1304 3745 1373 ύγείας
3787 1320 3883 1371 παρ-

2370 1400 2552 1467 ούσης,
2603 1398 2669 1449 τά
2708 1394 2914 1469 ὀχληρὰ
2941 1402 3035 1456 τῆς
3064 1398 3219 1447 νόσον
3249 1396 3541 1445 πέπαυταιο
3584 1394 3667 1441 καὶ
3704 1387 3884 1448 ἀληθείας

2370 1482 2805 1557 ἀποδειχθείσης,
2870 1491 2963 1536 τοῦ
3023 1479 3255 1555 ψεύδους
3338 1483 3370 1540 ἡ
3449 1482 3601 1552 φύσις
3659 1478 3883 1548 air/xum.

2370 1574 2509 1628 Ἀλλ’
2583 1577 2632 1627 οί
2687 1573 2864 1626 πολλοὶ
2916 1580 3015 1626 τῶν
3063 1571 3348 1647 ἀνθρώπων
3422 1574 3533 1629 ταῖς
3582 1566 3778 1638 νεφέλαις
3822 1563 3887 1618 ἐοίρ

611 1668 759 1723 alias
780 1668 839 1721 in
881 1666 1063 1721 aliam
1080 1664 1233 1719 aeris
1260 1666 1487 1734 partem
1511 1662 1783 1718 feruntur
1807 1680 1819 1718 :
1853 1664 1931 1732 (3)
1963 1667 2019 1719 et
2041 1663 2220 1736 quibu

2293 1676 2333 1731 Β
2371 1683 2518 1728 κασι,
2580 1665 2712 1735 πρὸς
2773 1665 2863 1723 τὰς
2914 1670 3014 1715 τῶν
3078 1662 3383 1733 πνευμάτων
3439 1655 3707 1732 μεταϐολὰς
3760 1652 3886 1706 mm

611 1757 781 1813 facile
805 1754 1111 1811 mutabilis
1144 1752 1459 1817 sententia,
1506 1752 1600 1807 his
1652 1753 1899 1809 minime
1928 1753 2149 1808 mirum
2175 1757 2263 1809 est

610 1843 742 1898 vitae
802 1842 1078 1898 ordinem
1111 1856 1236 1896 non
1289 1845 1603 1909 constare;
1637 1840 1859 1912 quibus
1909 1857 2048 1898 vero
2087 1841 2265 1899 ﬁrma

610 1949 783 1989 mens
815 1936 921 1997 est,
955 1947 1313 2003 semperque
1344 1935 1627 1988 constans
1657 1934 1713 1987 et
1736 1930 1973 1999 eadem,
2002 1931 2095 1988 his
2125 1948 2266 1989 con-

610 2026 965 2075 sentaneum
1017 2024 1105 2074 est
1148 2020 1331 2075 vitam
1376 2019 1641 2075 instituto
1680 2023 2112 2088 congruentem
2150 2020 2262 2077 du-

611 2125 765 2165 cere.
797 2110 871 2179 (4)
905 2108 1063 2165 Multi
1090 2114 1312 2175 autem,
1362 2107 1508 2163 dum
1534 2123 1754 2179 pravas
1774 2108 1955 2163 etiam
1985 2124 2264 2181 compro-

611 2198 762 2254 bant
784 2196 1066 2258 actiones,
1099 2196 1367 2252 dicacem
1421 2196 1669 2268 quidem
1719 2196 1988 2268 lepidum
2014 2196 2260 2266 dicunt;

613 2302 753 2341 eum
782 2301 921 2341 vero
952 2284 1054 2357 qui
1100 2284 1370 2341 obscena
1418 2286 1598 2341 verba
1634 2285 1878 2358 profert,
1920 2285 2259 2356 urbanum;

614 2373 900 2431 acerbum
927 2378 983 2428 et
1011 2373 1396 2437 iracundum,
1437 2372 1747 2429 hominem
1785 2374 2103 2430 nominant
2139 2390 2263 2431 non

613 2461 1155 2529 contemnendum;
1190 2478 1443 2534 parcum
1483 2467 1540 2518 et
1577 2462 1947 2529 illiberalem,
1997 2467 2063 2518 ut
2093 2464 2265 2519 sedu-

611 2553 739 2608 lum
758 2551 1303 2607 administratorem
1316 2551 1597 2617 laudant;
1620 2551 1849 2607 luxurie
1868 2550 2261 2623 difﬂuentem,

612 2640 1003 2697 utliberalem
1034 2658 1047 2707 ;
1103 2645 1491 2696 scortatorem
1523 2644 1577 2696 et
1605 2639 1921 2708 lascivum,
1972 2644 2039 2696 ut
2065 2641 2264 2697 virum

609 2730 790 2785 rebus
840 2731 964 2785 suis
1014 2728 1441 2799 perfruentem,
1514 2734 1571 2784 et
1643 2729 1829 2785 animi
1885 2729 2188 2785 solutioris
2248 2751 2261 2786 :

610 2834 735 2874 uno
765 2819 969 2885 verbo,
998 2817 1137 2873 vitio
1166 2818 1335 2872 omni
1378 2832 1450 2873 ex
1500 2818 1715 2873 virtute
1762 2817 2058 2888 adjacenti
2096 2817 2264 2875 blan-

608 2907 755 2962 dum
783 2922 1005 2962 nomen
1032 2906 1376 2977 imponunt.
1424 2905 1590 2962 Tales
1646 2921 1748 2961 ore
1790 2906 2037 2978 quidem
2077 2906 2263 2964 bene-

2371 1753 2483 1806 κατ’
2539 1752 2659 1808 ἄλλο
2708 1758 2856 1827 μέρος
2915 1758 3007 1805 τοῦ
3066 1749 3208 1824 ἀέρος
3264 1750 3373 1820 (10)
3429 1747 3780 1819 έκφερομέναιςο
3829 1744 3887 1793 καὶ

2372 1843 2445 1903 οἷς
2496 1844 2586 1915 μὶν
2642 1841 2845 1903 εὔκολος
2891 1844 3017 1913 πρὸς
3072 1837 3363 1913 μεταϐολὴν
3406 1838 3436 1895 ἠ
3496 1832 3708 1903 διάνοια,
3740 1833 3887 1890 τούτοις

2372 1928 2522 1985 ούδεν
2580 1929 2787 1992 ἀπεικὸς
2824 1934 3029 1983 καὶτὸν
3070 1927 3186 2002 βίον
3229 1925 3361 1981 εἶναι
3400 1930 3469 1999 μή
3514 1926 3808 1995 τεταγμένον·
3836 1918 3887 1979 οἷς

2373 2017 2432 2074 δε
2483 2028 2750 2092 πεπηγυῖα
2786 2022 2815 2078 ἠ
2848 2024 3026 2092 γνώμη
3049 2039 3061 2052 ·
3102 2021 3193 2070 καὶ
3226 2015 3309 2069 ἀεὶ
3347 2015 3568 2081 ἑστῶσα,
3604 2014 3686 2066 καὶ
3720 2012 3744 2069 ἡ
3777 2007 3885 2074 αὐτὴ,

2372 2114 2577 2173 τούτοις
2629 2108 2905 2162 ἀκόλουθον
2988 2112 3275 2180 συμφώνως
3364 2112 3426 2177 τῇ
3500 2103 3768 2177 προαιρέσει
3824 2100 3887 2153 τὴν

2374 2201 2512 2261 ζωὴν
2572 2196 2851 2271 διεξάγειν.
2900 2195 3086 2251 Πολλοὶ
3122 2192 3181 2249 δι
3241 2198 3335 2247 καὶ
3386 2194 3481 2253 τάς
3509 2184 3889 2263 πονηράςπράξεις

2373 2287 2776 2362 ἀποδεχόμενοι,
2808 2293 3058 2361 χαρίεντα
3104 2286 3194 2359 μὶν
3238 2287 3329 2337 τόν
3370 2280 3661 2356 εὐτράπελον
3697 2278 3886 2348 λέγουσι·

2373 2384 2458 2433 τὸν
2512 2375 2571 2432 δι
2634 2376 3005 2450 αἰσχρολόγον,
3045 2374 3353 2428 πολιτικόν·
3405 2376 3495 2425 καὶ
3546 2372 3628 2423 τὸν
3658 2367 3808 2441 πικρόν
3828 2366 3887 2415 καὶ

2374 2468 2597 2543 ὀργίλον,
2649 2466 3069 2541 ἀκαταφρόνητον
3137 2463 3498 2536 ὀνομάζουσι·
3569 2460 3649 2513 τὸν
3706 2450 3886 2527 φειδωλὸν

2372 2559 2461 2605 καὶ
2527 2553 2888 2625 ἀκοινώνητον,
2957 2556 3027 2617 ὡς
3100 2552 3456 2625 οἰκονομικὸν,
3517 2546 3781 2599 ἆπαινούσιο
3829 2540 3887 2589 τὸν

2372 2646 2595 2714 ἄσωτον,
2659 2646 2729 2706 ὡς
2784 2643 3093 2716 έλευθέριονο
3178 2643 3272 2694 τὸν
3347 2642 3533 2713 πόρνον
3601 2639 3681 2688 καὶ
3727 2628 3887 2697 ἀσελγῆ»

2371 2732 2753 2786 ἀπολαυστικόν
2803 2752 2921 2784 τινα
2973 2736 3064 2785 καὶ
3150 2728 3416 2803 ἀνειμένον
3442 2748 3454 2761 ·
3519 2730 3604 2779 καὶ
3648 2716 3888 2782 aanimi“;

2370 2828 2545 2875 πᾶσαν
2597 2827 2782 2874 κακίαν
2832 2820 2888 2873 ἐκ
2927 2828 3021 2883 τῆς
3059 2823 3449 2895 παρακειμένης
3479 2818 3588 2887 (11)
3623 2812 3774 2887 ἀρετῆς
3794 2807 3887 2858 ὑπ’

2371 2912 2684 2984 κορίξονται.
2732 2913 2797 2963 Οἱ
2843 2917 3070 2963 τοιοῦτοι
3124 2916 3196 2979 τῷ
3264 2912 3491 2979 στόματι
3540 2906 3623 2977 μεν
3666 2898 3885 2984 ώληοῦἷιυ

608 2996 835 3067 dicunt,
882 3000 948 3051 ut
993 2994 1073 3051 ait
1119 2994 1307 3051 David
1338 2996 1406 3064 ³⁸,
1463 2994 1642 3051 corde
1690 3011 1828 3051 vero
1872 2995 2216 3053 maledicun

2291 3020 2331 3075 ρ
2370 2982 2506 3053 κατὰ
2548 3002 2632 3053 τόν
2686 2997 2873 3065 Δαϐὶδ,
2922 3008 2981 3072 τῇ
3034 2995 3094 3052 δε
3131 2994 3341 3071 καρδίᾳ
3368 3001 3699 3069 καταρῶνται.
3731 2986 3797 3039 Ἐν
3817 2982 3884 3053 γὰρ

610 3088 760 3141 Nam
789 3085 1111 3141 verborum
1157 3084 1457 3140 lenocinio
1480 3084 1967 3141 maledictionem
2016 3101 2261 3142 omnem

606 3173 670 3229 in
697 3190 907 3229 eorum
934 3174 1120 3233 vitam
1150 3172 1483 3240 conferunt,
1524 3173 1821 3229 obnoxios
1868 3173 2000 3229 illos
2030 3178 2261 3230 aeternae

606 3262 983 3318 damnationi
1038 3262 1578 3334 approbationibus
1636 3262 1761 3317 suis
1812 3263 2261 3321 constituentes.

610 3352 684 3421 (5)
731 3354 798 3406 Ut
826 3351 1005 3419 igitur
1050 3366 1174 3407 non
1226 3351 1373 3421 justi
1414 3351 1634 3422 judicis
1669 3368 1839 3424 pares
1869 3352 2119 3424 paribus
2149 3358 2263 3409 sta-

608 3442 774 3493 tuere
801 3438 1133 3505 mercedes,
1162 3439 1266 3493 sed
1305 3454 1551 3495 necesse
1578 3445 1666 3495 est
1719 3444 1784 3495 ut
1830 3439 1973 3495 mali
1993 3441 2265 3513 inceptor

606 3526 972 3582 cumulatius
1002 3526 1305 3599 persolvat
1332 3527 1557 3594 debita,
1603 3528 1653 3581 si
1686 3527 1870 3583 modo
1901 3531 1957 3584 et
1986 3528 2116 3601 ipse
2145 3547 2262 3585 me-

604 3615 717 3671 lior
774 3632 847 3671 ex
894 3614 1202 3688 suppliciis
1253 3615 1488 3670 futurus
1535 3616 1630 3686 sit,
1676 3619 1733 3671 et
1779 3614 1929 3671 alios
1987 3618 2264 3674 meliores

604 3706 871 3762 facturus
912 3704 1184 3777 exemplo
1219 3722 1231 3759 :
1274 3705 1351 3775 (6)
1384 3704 1465 3760 ita
1513 3709 1572 3759 et
1631 3703 1737 3776 qui
1778 3704 1923 3761 boni
1974 3712 2264 3777 prietextu

604 3794 835 3851 malum
866 3794 1021 3863 facit,
1051 3793 1274 3867 duplici
1306 3792 1495 3849 multa
1533 3792 1754 3862 dignus
1786 3798 1876 3849 est
1909 3811 1921 3848 :
1952 3798 2076 3849 tum
2118 3796 2265 3868 quia

602 3884 769 3954 quod
817 3899 939 3939 non
994 3882 1226 3938 bonum
1284 3886 1373 3937 est
1426 3882 1571 3951 agit,
1606 3887 1735 3937 tum
1768 3882 1910 3954 quia
1942 3882 2021 3938 ad
2068 3884 2263 3939 scelus

601 3972 1097 4044 perpetrandum,
1148 3970 1334 4039 bono,
1402 3976 1466 4027 ut
1530 3971 1612 4027 ita
1659 3971 1882 4037 dicam,
1942 3975 2104 4030 socio
2157 3974 2263 4030 ab-

606 4063 812 4116 utitur.

674 4149 852 4220 475
885 4153 938 4201 7.
974 4146 1049 4216 (7)
1077 4146 1423 4201 Cavendum
1463 4146 1643 4215 igitur
1679 4148 1809 4204 viro
1853 4151 2155 4223 prudenti,
2187 4168 2261 4209 ne

602 4239 681 4294 ad
711 4236 878 4306 vulgi
908 4233 1297 4290 rumusculos
1328 4234 1505 4295 vivat.
1533 4239 1590 4290 et
1610 4250 1681 4291 ea
1703 4242 1930 4307 spectet
1949 4255 2085 4310 quae
2106 4240 2260 4297 mul-

2369 3099 2432 3163 τῇ
2500 3098 2600 3142 τῶν
2638 3090 2886 3164 ῥημάτων
2917 3088 3147 3160 εὐφημίᾳ
3190 3092 3377 3139 πᾶσαν
3428 3084 3647 3157 κατάραν
3674 3076 3887 3145 ἐπάγουσιν

2370 3178 2538 3231 αὐτῶν
2595 3186 2658 3250 τῇ
2716 3178 2847 3249 ζωῇ,
2902 3172 3189 3236 ὑποδίκους
3231 3174 3424 3234 αὐτούς
3592 3167 3752 3235 αἰωνία
3779 3175 3889 3255 κατα·

2371 3272 2542 3339 κρίσει
2594 3263 2668 3317 δι’
2712 3266 2779 3317 ὧν
2840 3261 3198 3335 ἀποδέχονται
3250 3264 3616 3318 καθιστῶντες.
3647 3254 3809 3323 Ὠσπερ
3832 3254 3888 3345 ονν

2372 3356 2465 3409 ούκ
2523 3358 2636 3408 ἔστι
2675 3351 2887 3408 δικαίου
2918 3359 3097 3427 κριτοῦ
3129 3355 3257 3414 ἴσας
3298 3353 3433 3424 πρὸς
3493 3350 3610 3407 ῖσας
3651 3339 3809 3413 ὁρίζων
3829 3350 3889 3433 ταξ

2373 3442 2691 3510 ἀντιδόσεις,
2746 3442 2855 3495 ἀλλ’
2892 3441 3088 3513 ἀνάγκη
3148 3444 3237 3493 τὸν
3296 3438 3621 3511 κατάρξαντα
3656 3433 3890 3523 κακοῦ

2371 3536 2679 3607 προσθήκης
2730 3530 2979 3585 ἀποτῖσαι
3041 3532 3107 3582 τὰ
3165 3528 3489 3601 ὀφειλόμενα,
3552 3523 3592 3576 εἰ
3650 3517 3792 3593 μέλλοι
3831 3530 3890 3611 ἦθ’

2370 3626 2453 3683 τός
2500 3642 2553 3675 τε
2620 3620 2836 3695 βελτίων
2882 3627 2999 3681 ταῖς
3045 3623 3329 3692 τιμωρίαις
3358 3608 3782 3695 γενήσεσθαι,κώ
3809 3617 3889 3657 7M

2370 3712 2583 3772 λοιπούς
2651 3713 3087 3783 σωφρονεστέρους
3152 3714 3322 3760 ποιεῖν
3417 3713 3489 3774 τῷ
3582 3693 3885 3764 ύποδείγξιατν

2372 3802 2506 3853 οὕτω
2536 3803 2621 3852 καὶ
2652 3801 2677 3851 ό
2713 3802 2770 3852 τό
2801 3801 2958 3850 κακόν
2989 3800 3037 3850 ἓν
3062 3801 3421 3871 προσχήματι
3440 3799 3530 3845 τοῦ
3568 3788 3744 3861 ἀγαθοῦ
3762 3796 3884 3877 ποιωῇ

2373 3887 2711 3950 διπλασίονος
2740 3891 2992 3960 τιμωρίας
3009 3884 3148 3938 έστὶν
3182 3884 3354 3951 ἄξιος,
3380 3880 3519 3936 διότι
3548 3878 3666 3931 αὐτὸ
3696 3892 3740 3927 τε
3768 3887 3809 3921 το
3825 3879 3886 3966 οττκ

2371 3978 2568 4050 ἀγαθὸν
2624 3976 2916 4051 ἐργάζεται,
2964 3979 3049 4027 καὶ
3092 3978 3363 4049 κέχρηται
3414 3972 3480 4032 εἰς
3534 3971 3589 4022 τὸ
3635 3963 3800 4019 τελέσαι
3825 3963 3885 4009 τήν

2372 4067 2654 4142 ἁμαρτίαν,
2685 4070 2750 4127 ὡς
2780 4065 2839 4117 ἂν
2870 4068 3004 4118 εἴποι
3030 4083 3131 4128 τις,
3150 4070 3224 4133 τῷ
3247 4060 3391 4130 καλῷ
3414 4064 3654 4132 συνεργῷ.
3789 4130 3805 4151 ⁵
3829 4129 3845 4147 ν

2442 4162 2495 4211 7.
2538 4160 2780 4209 Φευκτέον
2847 4150 2933 4206 οὖν
2998 4160 3071 4223 τῷ
3143 4155 3497 4222 σωφρονοῦντι
3536 4147 3591 4198 τό
3639 4142 3745 4215 πρὸς
3779 4142 3885 4192 δοξαν

2372 4247 2491 4318 ζῇν,
2547 4249 2635 4297 καὶ
2692 4246 2758 4296 τὰ
2802 4251 2905 4303 τοῖς
2947 4241 3153 4302 πολλοῖς
3203 4235 3467 4291 δοκοῦντα
3502 4231 3886 4318 περισκοπεῖνβκί

600 4325 835 4383 titudini
855 4324 1219 4397 probantur;
1260 4338 1329 4378 ac
1352 4338 1473 4379 non
1499 4324 1697 4394 potius
1720 4330 1947 4382 rectam
1964 4309 2209 4385 ratione:

2294 4368 2337 4423 ι)
2370 4339 2441 4408 μὴ
2501 4337 2587 4387 τὸν
2663 4333 2813 4407 ὀρθὸν
2864 4332 3015 4403 λόγον
3081 4332 3312 4402 ἡγεμόνα
3363 4326 3624 4379 ποιεῖσθαι
3681 4309 3885 4423 τοῦ

599 4416 682 4473 ita
735 4416 873 4475 vitre
928 4414 1146 4473 ducem
1190 4412 1478 4477 instituat,
1513 4416 1577 4467 ut
1618 4414 1859 4470 etiamsi
1910 4416 2258 4475 hominibus

599 4507 884 4562 omnibus
916 4502 1453 4560 contradicendum
1475 4502 1567 4563 sit,
1588 4504 1822 4560 etiamsi
1840 4506 1996 4561 male
2010 4508 2257 4565 audien-

597 4594 768 4664 dum,
811 4610 881 4650 ac
917 4590 1513 4667 periculumhouesti
1534 4607 1720 4647 causa
1737 4594 2156 4665 subeundum;
2186 4613 2257 4653 ex

2372 4425 2504 4476 ὥστε
2553 4421 2647 4473 κᾶν
2698 4428 2859 4473 πᾶσιν
2918 4420 3208 4494 ἀνθρώποις
3257 4415 3560 4486 ἀντιλέγειν,
3615 4408 3699 4461 κᾶν
3744 4397 3885 4494 αόιςξιν

2370 4518 2458 4565 καὶ
2497 4508 2813 4563 κινδυνεύειν
2846 4512 2971 4582 ὑπὲρ
3028 4514 3118 4561 τού
3168 4506 3330 4558 καλοῦ
3365 4501 3484 4575 δέῃ,
3515 4495 3669 4573 μηδὲν
3694 4486 3886 4581 αιρεισθκξ

2371 4610 2469 4654 τῶν
2542 4601 2703 4674 ὀρθῶς
2780 4598 3109 4672 ἆγνωσμένων
3185 4598 3512 4666 παρακινεῖν.
3564 4591 3654 4641 Τὸν
3710 4588 3791 4655 γὰρ
3841 4588 3885 4641 με

663 4792 709 4827 ¹⁰
743 4788 940 4847 Matth.
972 4806 1031 4856 x,
1070 4793 1155 4844 16.
1198 4790 1245 4825 ²⁰
1282 4758 1481 4846 Matth.
1515 4804 1611 4861 vn,
1650 4792 1736 4845 14.
1777 4792 1822 4827 ³⁸
1858 4792 2077 4849 Coloss.
2108 4810 2191 4866 ιιι,
2234 4799 2265 4850 9

1650 4792 1736 4845 14.
1777 4792 1822 4827 ³⁸
1858 4792 2077 4849 Coloss.
2108 4810 2191 4866 ιιι,
2234 4799 2287 4851 9.
2319 4796 2367 4832 ³³
2400 4795 2552 4854 Psal.
2581 4811 2672 4864 cu,
2707 4800 2757 4850 ὅ.
2800 4796 2849 4830 ³³
2878 4792 3029 4850 Psal.
3066 4810 3178 4864 ιιι,

693 4987 743 5053 1)
786 4988 865 5039 Ex
895 4988 1217 5039 comment.
1254 4986 1314 5040 in
1352 4986 1466 5040 Isa.
1500 4989 1624 5040 378.

691 5060 744 5127 2)
782 5058 860 5110 Ex
891 5055 1065 5127 epist.
1099 5072 1312 5125 ccxuv,
1348 5059 1473 5110 381.

687 5132 740 5196 3)
782 5128 862 5181 Ex
892 5126 1068 5196 epist.
1100 5141 1321 5191 ccxcm,
1357 5130 1483 5182 431.

685 5200 741 5267 4)
782 5199 863 5252 Ex
892 5197 1060 5253 hom.
1094 5198 1156 5251 in
1182 5198 1342 5265 psal.
1377 5212 1485 5265 LXI,
1516 5199 1636 5253 195.

689 5270 741 5336 5)
783 5270 863 5322 Ex
897 5268 1069 5339 epist.
1105 5282 1267 5333 CCLX,
1301 5270 1427 5323 396.

686 5344 739 5399 6)
781 5341 863 5393 Ex
895 5338 1066 5409 epist.
1098 5353 1213 5405 LIII,
1253 5342 1372 5392 147.

682 5412 738 5479 7)
779 5412 860 5465 Ex
891 5424 1069 5465 serm.
1104 5409 1189 5463 De
1211 5409 1477 5480 legendis
1506 5409 1676 5465 libris
1697 5417 1886 5480 gent.,
1919 5413 2042 5467 183.

685 5482 738 5552 8)
778 5483 1263 5556 Ποοσιρχομένους.
1323 5479 1416 5537 Sic
1472 5496 1588 5553 ope
1616 5479 1933 5540 contextus
1964 5482 2257 5541 emenda-

2357 4990 2557 5045 vimus
2584 5004 2836 5061 pravam
2862 4988 3179 5061 lectionem
3205 5001 3636 5061 προερχομενους.

2429 5062 2507 5129 (9)
2548 5045 2739 5122 Ἐντὸς.
2767 5060 2859 5115 Sic
2890 5059 3105 5129 Regius
3132 5045 3343 5115 cod‘cx'
3369 5045 3454 5113 'e't'
3476 5052 3777 5111 contextus.
3802 5045 3887 5091 018‘

2357 5130 2472 5186 lius
2502 5147 2684 5203 quam
2713 5130 2857 5203 editi
2886 5130 2934 5182 ἐν
2963 5138 3092 5193 τοῖς.

2713 5173 3294 5275 ἷξόόξίῖιξέῖιιάἁιια
3333 5215 3405 5256 ex
3452 5195 3628 5266 Regio
3659 5184 3822 5245 codice
3844 5173 3885 5229 et

2362 5277 2666 5329 contextu.
3352 5290 3355 5297 ·
3752 5304 3755 5305 ν
3822 5317 3883 5338 .,

2433 5348 2515 5411 (Η
2534 5350 2551 5414 )
2589 5349 3001 5417 Παρακειμένης.
3054 5342 3148 5417 Sic
3179 5344 3495 5405 contextus
3524 5333 3693 5405 multo
3725 5319 3889 5380 ιιιρὶιιιδ

2363 5430 2552 5486 quam
2581 5415 3011 5492 Metaphrastes
3042 5415 3350 5485 ὑποκειμένη
3365 5432 3405 5479 ς,
