4050 6220
173 291 314 352 1129

1225 293 1454 351 SERMO
1494 292 1535 347 Ι.
1578 319 1644 337 -
1684 289 1776 348 DE
1813 289 2111 348 VIRTUTE
2147 290 2235 346 ET
2270 288 2472 348 VITIO.

3400 285 3537 347 ιιεο

169 418 343 480 οὕτως
391 411 606 487 ἔχοντα,
665 417 716 467 τί
764 418 855 468 τοῦ
907 407 1198 490 Αἰγυπτίου
1248 423 1499 490 σοφιστοῦ
1539 420 1800 493 φήσομεν,

1905 416 1996 488 iis,
2027 432 2162 490 quae
2184 417 2339 473 recte
2370 414 2588 470 statuta
2615 410 2817 484 habet,
2848 409 2995 469 nihil
3023 425 3269 485 prorsus
3292 425 3538 470 movere

172 506 490 574 ἀπολείπειν,
532 504 581 564 ὃς
611 507 768 576 φυτόν
806 503 998 577 ἐγένετο
1051 511 1141 559 καὶ
1199 507 1395 580 Οηρίον,
1440 509 1590 561 ὁπότε
1629 507 1770 582 βού-

170 597 338 662 λοιτο,
381 598 468 646 καὶ
498 600 600 668 πῦρ
648 597 738 645 καὶ
768 589 912 668 ὕδωρ
959 599 1047 648 καὶ
1099 598 1268 648 πάντα
1294 601 1552 669 χρήματα
1584 613 1598 627 ο
1634 601 1771 673 εἴπερ

179 682 251 743 δὴ
293 689 382 736 καὶ
439 682 590 742 αὐτὸς
636 689 723 734 νῦν
763 685 852 755 μὲν
903 686 961 736 τό
1017 681 1221 737 δίκαιον
1265 685 1588 739 ἐπαινέσεται
1633 689 1778 761 παρὰ

177 782 292 835 τοῖς
318 781 472 826 τοῦτο
511 780 706 844 τιμῶσι
738 789 750 802 ⁶
793 779 882 824 νῦν
912 769 970 826 6“:
996 777 1117 835 τοὺς
1165 773 1418 836 ἐναντίους
1449 774 1637 848 ἀφήσει
1686 776 1776 828 λό-

173 882 324 935 γους,
363 863 482 915 ὅταν
525 865 619 920 την
657 857 869 914 ἀδικίαν
907 859 1291 937 εὐδοκιμοῦσαν
1338 864 1614 936 αἴσθηται,
1657 867 1777 942 ὅπερ

182 948 342 1010 δίκην
372 952 448 1022 (1)
474 950 590 1003 ἐστὶ
619 949 872 1020 κολάκων,
914 956 1000 1004 καὶ
1030 960 1126 1016 τῆς
1151 953 1480 1028 Ἀρχιλόχου
1520 953 1779 1016 ἀλώπεκος

178 1045 240 1094 τό
297 1037 570 1115 κερδαλέον
625 1058 679 1092 τε
729 1043 819 1091 καὶ
856 1038 1089 1092 ποικίλον
1151 1040 1384 1108 ζηλοῦνς
1425 1040 1484 1094 Ὀ
1531 1045 1620 1114 μὲν
1677 1043 1779 1117 γὰρ

181 1130 383 1191 ἀληθὴς
447 1129 620 1200 λόγος,
687 1134 776 1182 καὶ
851 1128 953 1182 ἀπὸ
1015 1132 1197 1202 ὑγιοῦς
1261 1128 1498 1193 διανοίας
1564 1138 1780 1206 προιὼν,

184 1221 382 1283 ἁπλοῦς
437 1218 554 1272 ἐστι
617 1221 1086 1295 καὶ-μονότροπος,
1145 1223 1211 1273 τὰ
1276 1221 1408 1272 αὐτὰ
1458 1220 1618 1292 λέγων
1665 1226 1784 1294 περὶ

181 1318 289 1363 τῶν
353 1307 517 1361 αὐτῶν
583 1308 820 1361 πάντοτεο
889 1309 914 1360 ό
977 1304 1036 1362 δε
1099 1309 1328 1371 ποικίλος
1382 1313 1472 1362 καὶ
1527 1312 1781 1382 ιντεχνος,

185 1397 320 1451 πολὺ
382 1399 438 1448 τὸ
502 1394 776 1449 ἔπίπλοκον
841 1402 931 1450 καὶ
987 1397 1370 1469 ἐγκατάσκευον
1427 1401 1584 1471 ἔχων,
1625 1404 1787 1474 μυρίοι

187 1486 742 1559 κατασχηματίζεται,
809 1492 898 1539 καὶ
960 1492 1230 1560 στρέφεται
1300 1491 1522 1564 στροφὰς
1580 1487 1786 1562 ἀμυθή-

187 1595 333 1646 τονς,
364 1578 494 1648 πρός
521 1579 580 1627 τό
630 1583 730 1628 τῶν
777 1573 1200 1646 ἐντυγχανόντων
1258 1575 1476 1648 ἀρέσκον
1536 1597 1789 1654 μεταμορ-

188 1668 458 1739 φούμενος.
492 1665 652 1717 ’Όταν
689 1666 792 1739 γὰρ
850 1665 1015 1727 ἄλλως
1055 1670 1144 1738 μὲν
1205 1670 1404 1738 φύσεως
1460 1669 1561 1740 ἔχῃ
1608 1668 1684 1739 (2)
1724 1673 1789 1722 τὰ

1881 505 2038 561 velit.
2064 507 2214 561 Nam
2241 504 2345 576 qui
2372 518 2491 559 non
2512 501 2595 558 ita
2623 500 2872 558 aﬂ'ectus
2899 505 3010 572 est,
3053 515 3196 558 eum
3243 499 3322 558 ab
3353 503 3539 573 Egy-

1881 594 2008 669 ptio
2036 594 2136 650 illo
2166 593 2436 667 sophista
2465 591 2613 664 quid
2643 591 2880 648 ditl’erre
2910 589 3206 660 dicemus,
3238 590 3362 663 qui,
3397 605 3539 646 cum

1882 681 2076 750 vellet,
2106 682 2314 755 planta
2354 681 2534 737 fiebat
2555 685 2610 736 et
2634 679 2844 745 bestia,
2872 683 2930 736 et
2956 679 3136 751 ignis,
3171 683 3228 736 et
3252 694 3434 752 aqua,
3483 679 3542 736 et

1884 785 1980 829 res
2022 771 2278 828 omnes?
2331 773 2480 827 Nam
2511 778 2566 826 et
2593 769 2720 842 ipse
2759 768 2944 826 modo
2974 767 3222 842 quidem
3247 768 3541 840 justitiam

1885 860 2163 920 laudabit
2209 859 2374 932 apud
2413 875 2515 916 eos
2563 859 2663 932 qui
2705 875 2839 915 eam
2888 857 3138 915 colunt:
3172 857 3357 914 modo
3389 854 3541 914 "vero

1888 951 2223 1007 contrarios
2260 948 2508 1006 habebit
2533 963 2861 1014 sermones,
2886 947 2992 1003 ubi
3021 945 3374 1019 injustitiam
3400 961 3542 1020 pro-

1889 1038 2021 1096 bari
2047 1037 2531 1095 animadverterit
2563 1055 2576 1093 :
2610 1037 2776 1110 quod
2803 1035 3048 1109 quidem
3080 1040 3172 1092 est
3200 1034 3544 1092 adulatores

1890 1127 2129 1194 imitari,
2171 1129 2253 1199 (4)
2281 1131 2339 1184 et
2360 1125 2700 1183 Archilochi
2738 1124 3069 1198 vulpeculae
3107 1123 3392 1181 astutiam
3420 1138 3549 1180 ver-

1892 1218 2234 1290 sutiamque
2261 1215 2550 1273 aemulari.
2585 1219 2661 1286 (5)
2695 1218 2901 1272 Sermo
2931 1213 3178 1288 quidem
3206 1229 3385 1270 verus
3411 1212 3481 1286 [et
3509 1227 3547 1271 8.

1893 1322 2042 1363 sana
2070 1308 2268 1362 mente
2294 1303 2963 1378 proﬁciscens,simplex
2993 1306 3081 1360 est
3108 1307 3164 1361 et
3184 1301 3364 1358 unius
3392 1301 3549 1374 ejus-

1893 1393 2155 1468 demque
2207 1393 2479 1463 rationis,
2512 1393 2730 1450 eadem
2763 1393 2837 1449 de
2873 1392 3090 1449 iisdem
3121 1408 3362 1465 semper
3390 1390 3549 1448 afﬁr-

1894 1499 2072 1543 mans
2100 1501 2114 1540 :
2145 1483 2352 1540 varius
2383 1498 2526 1540 vero
2574 1488 2632 1539 et
2680 1480 3059 1552 artificiosus,
3103 1496 3245 1537 cum
3288 1480 3548 1537 multum

1894 1573 2192 1647 implexus
2248 1573 2327 1630 sit
2381 1575 2438 1628 et
2495 1575 2894 1646 praeparatus,
2956 1574 3268 1628 sexcentas
3314 1569 3550 1627 formas

1897 1663 2168 1734 assumit,
2199 1679 2382 1736 seque
2413 1662 2491 1719 ad
2525 1663 2778 1734 gratiam
2833 1660 3305 1734 colloquentium
3343 1659 3550 1717 conci-

189 1758 497 1828 πράγματα,
529 1753 688 1814 ἄλλως
739 1750 790 1806 δ’
821 1755 869 1806 οἱ
923 1753 1069 1825 λόγοι
1111 1760 1228 1828 περὶ
1285 1755 1452 1808 αὐτῶν
1497 1754 1785 1810 ἀναπείθω-

1905 1752 2166 1810 liandam
2222 1751 2679 1819 transformans,
2737 1751 2798 1807 in
2855 1749 3151 1807 versutias
3198 1749 3550 1806 innumeras

193 1863 273 1911 σι,
305 1847 500 1918 στροφή
559 1847 640 1905 τίς
694 1842 827 1913 ἐστι,
871 1842 1061 1915 μᾶλλον
1095 1841 1154 1896 δὲ
1195 1840 1516 1918 διαστροφὴ,
1554 1848 1653 1899 ὑπὸ
1697 1855 1788 1900 τοῦ

192 1933 352 2005 λόγου
407 1938 523 2008 περὶ
596 1938 690 1991 τὴν
758 1931 994 1992 ἀλήθειαν
1058 1937 1319 2006 γινομένη.
1387 1939 1487 1988 Και
1549 1937 1574 1987 ὁ
1631 1935 1790 1998 άλλως

188 2025 283 2095 μὶν
329 2026 642 2094 φαινόμενος,
683 2020 846 2082 ἄλλως
903 2017 962 2074 δὲ
1020 2021 1087 2083 ὣς
1135 2024 1269 2074 κατὰ
1315 2022 1580 2093 ἀλήθειαν,
1643 2043 1792 2099 στρο-

191 2118 315 2184 φαῖς
367 2116 626 2186 κέχρηται
665 2110 849 2181 λόγων,
900 2109 1108 2163 ἀπατῶν
1154 2115 1273 2174 τοὺς
1315 2115 1584 2180 συνόντας,
1618 2117 1791 2187 ὥσπερ

190 2204 318 2263 τοὺς
371 2208 524 2261 κῦνας
579 2200 771 2271 λαγωοὶ
825 2205 916 2252 καὶ
967 2199 1240 2267 ἀλώπεκες,
1301 2201 1471 2277 ἑτέραν
1530 2199 1794 2256 δεικνύον-

193 2309 300 2360 τες,
356 2292 447 2341 καὶ
506 2289 678 2363 ἰτίραν
743 2293 1063 2363 τρεπόμενοι.
1103 2289 1161 2342 Ἦ
1208 2286 1266 2343 δὲ
1322 2295 1446 2366 πρὸς
1497 2296 1613 2354 τοὺς
1665 2294 1793 2366 φαύ-

195 2379 320 2439 λους
347 2386 448 2431 τῶν
485 2378 647 2450 λόγων
679 2381 948 2446 συνήθεια,
981 2374 1101 2439 ὁδός
1129 2383 1207 2441 τίς
1252 2377 1391 2432 ἔστιν
1416 2379 1500 2433 ἐπὶ
1541 2384 1608 2434 τὰ
1630 2385 1794 2458 πράγ-

197 2486 367 2541 ματα.
407 2464 601 2525 Διό·ὃή
643 2470 786 2539 πάσῇ
821 2467 1018 2542 φυλακη
1053 2471 1144 2527 τὴν
1183 2467 1370 2541 ψυχὴν
1414 2475 1679 2544 τηρητέον,
1720 2476 1792 2544 μὴ

201 2554 299 2611 διὰ
326 2565 421 2619 τῆς
449 2565 548 2610 τῶν
573 2557 736 2630 λόγων
755 2553 947 2618 ἡδονῆς
973 2555 1392 2631 παραδεξάμενοι
1420 2578 1537 2613 τινα
1562 2559 1796 2634 λάθωμεν

200 2654 303 2699 τῶν
333 2651 600 2720 χειρόνων,
632 2648 804 2716 ὥσπερ
845 2649 895 2699 οἱ
932 2647 998 2699 τὰ
1028 2643 1329 2723 δηλητήρια
1373 2652 1504 2721 μετὰ
1539 2657 1630 2702 τοῦ
1658 2650 1796 2724 μέλι-

197 2753 284 2798 τος
328 2740 676 2810 προσιέμενοι.
702 2735 760 2788 Ὀ
790 2739 879 2808 μεν
908 2738 1007 2810 γὰρ
1054 2740 1144 2795 τὴν
1183 2738 1319 2808 ἄχρι
1368 2738 1614 2812 ῥημάτων
1653 2742 1798 2815 παρὰ

196 2831 308 2887 τοῖς
329 2825 495 2887 ἄλλοις
525 2825 829 2898 φιλοσοφίαν
859 2827 991 2899 ἔργῳ
1032 2823 1281 2899 βεϐαιῶν.

432 3107 550 3172 oio;
584 3114 854 3176 πέπνυται,
883 3115 962 3166 τοὶ
989 3109 1048 3165 c3":
1081 3116 1227 3166 σκιαὶ
1255 3111 1558 3168 ἀίσσουσιν.

191 3219 339 3274 Ἐπεὶ
379 3224 437 3272 τό
487 3239 546 3292 γε
599 3220 846 3294 λαμπρῶς
903 3223 993 3293 μεν
1030 3219 1295 3274 ἐπαινέσαι
1346 3226 1442 3282 τὴν
1481 3222 1666 3298 ἀρετὴν
1724 3225 1792 3286 εἰς

194 3313 257 3362 τό
321 3313 503 3381 μέσον,
545 3315 634 3361 καὶ
693 3313 923 3382 μακροὺς
984 3311 1111 3384 ὑπερ
1161 3311 1320 3373 αὐτῆς
1375 3310 1656 3366 ἀποτείνειν
1709 3315 1791 3368 λό-

195 3417 352 3470 γους,
413 3393 526 3468 ἰδία
587 3393 645 3449 δε
705 3401 764 3450 τὸ
821 3393 928 3456 ἡδὺ
986 3403 1084 3470 πρὸ
1145 3408 1240 3461 τῆς
1298 3406 1656 3474 σωφροσύνης,
1707 3410 1796 3457 καὶ

200 3492 265 3539 τὸ
294 3485 438 3538 πλέον
483 3489 624 3558 ἰχειν
661 3489 761 3560 πρὸ
788 3495 882 3539 τοῦ
914 3481 1119 3540 δικαίου
1163 3493 1338 3560 τιμᾷν,
1371 3489 1590 3543 ἐοικέναι
1642 3499 1797 3564 φαίην

201 3574 266 3629 ἃν
324 3578 483 3647 ἔγωγε
533 3572 636 3636 τοῖς
691 3574 774 3628 ἐπὶ
837 3585 1033 3639 σκηνῆς
1094 3579 1512 3651 ὑποκρινομένοις
1567 3584 1632 3634 τὰ
1671 3579 1800 3656 δρά-

204 3685 354 3738 ματα
379 3682 390 3695 '
443 3665 488 3717 οἱ
534 3668 598 3726 ὡς
633 3664 872 3738 βασιλεῖς
908 3666 1150 3727 πολλάκις
1189 3675 1278 3720 καὶ
1335 3666 1595 3723 δυνάσται
1635 3673 1798 3748 εἰσέρ·

205 3773 420 3828 χονται,
459 3760 576 3807 οὔτε
615 3753 848 3828 βασιλεῖς
878 3760 1031 3820 ὄντες,
1083 3760 1197 3808 οὔτε
1237 3754 1516 3831 δυνάσται,
1551 3757 1673 3814 οὐδὲ
1712 3767 1802 3834 μεν

203 3842 298 3897 οὖν
338 3846 500 3916 τυχὸν
542 3842 791 3916 ἐλεύθεροι
838 3848 896 3896 τὸ
943 3848 1213 3918 παράπαν,
1252 3844 1378 3899 Εἶτα
1415 3854 1665 3920 μουσικός
1716 3856 1804 3923 μεν

200 3935 299 3987 οὐκ
340 3932 399 3984 ἂν
461 3933 583 3984 ἑκὼν
643 3928 848 3996 ὃεξαιτο
917 3932 1240 4007 ἀνάρμοστον
1308 3937 1448 4006 αὐτῴ
1512 3943 1605 3998 τὴν
1644 3938 1806 4015 λύραν

231 4022 254 4036 ν

202 4026 339 4075 εἶναι
373 4037 385 4051 °
448 4026 536 4074 καὶ
573 4030 740 4096 χοροῦ
802 4031 1097 4095 κορυφαῖος,
1138 4029 1209 4096 μὴ
1265 4027 1345 4077 ὅτι
1401 4028 1631 4098 μάλιστα
1692 4049 1808 4082 σνν-

201 4106 410 4183 ᾴδοντα
437 4113 522 4161 τόν
575 4114 738 4182 χορόν
780 4113 919 4182 ἔχειν
955 4128 966 4140 ·
1018 4113 1169 4173 αὐτὸς
1229 4110 1287 4167 δέ
1316 4134 1395 4176 τις
1446 4117 1663 4180 ἕκαστος
1694 4115 1808 4171 δια-

206 4199 493 4252 στασιάσει
533 4202 662 4271 πρὸς
701 4198 898 4268 ἑαυτόν,
959 4205 1048 4252 καὶ
1104 4201 1232 4272 οὐχί
1286 4211 1388 4264 τοῖς
1426 4203 1594 4277 λόγοις
1625 4207 1810 4279 ὁμολο-

205 4295 406 4360 ⁹’σοῦντα
442 4290 526 4338 τόν
567 4286 684 4360 βίον
741 4288 1052 4362 παρέξεται;
1095 4294 1228 4342 Οὔτε
1275 4294 1375 4366 γὰρ
1427 4296 1580 4347 ῑππον
1643 4302 1812 4368 ταχὺν

209 4377 418 4433 ποιεῖή
462 4383 551 4428 τοῦ
590 4380 785 4450 πατρὸς
835 4381 945 4450 περὶ
987 4380 1072 4429 τόν
1131 4373 1325 4450 δρόμον
1386 4381 1640 4457 εὐμοιρία,
1699 4389 1814 4439 οὔτε

1897 1842 2162 1899 vertitur.
2215 1843 2361 1896 Cum
2392 1841 2551 1897 enim
2583 1839 2751 1896 aliter
2803 1843 3020 1896 natura
3057 1854 3120 1894 se
3165 1853 3263 1894 res
3293 1837 3544 1905 habent,

1899 1930 2068 1988 aliter
2100 1945 2235 1986 vero
2265 1928 2338 1985 de
2368 1929 2453 1986 eis
2479 1929 2732 1986 suadent
2766 1926 3240 1996 verba,versutia
3263 1926 3552 2001 quaedam

1901 2025 2012 2087 est,
2043 2019 2136 2076 vel
2192 2019 2394 2091 potius
2449 2017 2708 2074 inversio
2756 2017 3020 2074 veritatis
3053 2032 3158 2090 per
3205 2031 3553 2074 sermonem

1900 2108 2083 2166 facta.
2141 2109 2208 2164 Et
2254 2105 2358 2180 qui
2410 2107 2564 2163 alius
2599 2105 2846 2180 quidem
2878 2105 3132 2174 videtur,
3164 2105 3317 2163 alius
3354 2105 3558 2178 reipsa

1901 2201 2011 2269 est,
2048 2196 2309 2269 strophis
2341 2210 2690 2252 sermonum
2720 2195 2921 2258 utitur,
2959 2194 3163 2251 fucum
3215 2193 3442 2251 faciens
3479 2193 3558 2250 iis

1901 2287 2272 2362 quibuscum
2297 2290 2586 2355 versatur,
2601 2284 2850 2358 perinde
2871 2288 2936 2341 ut
2964 2283 3201 2357 lepores
3223 2283 3560 2357 vulpesque

1905 2377 2176 2448 canibus,
2207 2375 2388 2433 aliam
2417 2375 2582 2432 viam
2613 2378 3184 2443 commonstrantes,
3219 2371 3404 2430 aliam
3435 2386 3562 2430 car-

1903 2472 2139 2540 pentes.
2171 2468 2244 2536 (6)
2301 2468 2452 2522 Nam
2507 2463 2890 2520 sermonibus
2939 2462 3144 2535 pravis
3183 2476 3558 2531 assuescere,

1904 2553 2005 2611 via
2021 2553 2307 2627 quaedam
2333 2556 2420 2609 est
2443 2551 2523 2610 ad
2549 2553 2685 2625 ipsa
2703 2551 3268 2624 facta.Quapropter
3283 2549 3560 2607 custodia

1905 2643 2073 2701 omni
2125 2641 2425 2700 servanda
2451 2641 2656 2698 anima
2697 2645 2803 2708 est,
2857 2655 2932 2696 ne
2961 2639 3110 2713 quid
3139 2639 3418 2696 vitiorum
3447 2652 3560 2712 per

1907 2747 2260 2791 sermonum
2289 2730 2660 2804 voluptatem
2689 2728 3102 2804 imprudentes
3127 2727 3559 2801 suscipiamus,

1903 2821 2153 2898 perinde
2194 2825 2259 2878 ut
2286 2821 2390 2894 qui
2433 2835 2574 2877 cum
2603 2818 2778 2875 melle
2817 2821 3066 2874 sumunt
3088 2830 3343 2874 venena.
3369 2819 3444 2888 (7)
3479 2815 3564 2872 Si-

1904 2912 2149 2987 quidem
2197 2909 2304 2983 qui
2331 2907 2778 2982 philosophiam
2808 2905 3172 2964 verbotenus
3200 2903 3369 2980 apud
3406 2902 3561 2962 alios

1902 3004 2270 3069 manentem,
2294 2999 2449 3057 facto
2485 2996 2824 3067 confirmat,

1829 3123 1868 3181 C
1977 3094 2103 3177 ῌίσ
2122 3119 2283 3176 solus
2315 3118 2496 3188 sapit,
2523 3121 2586 3173 at
2617 3116 2878 3173 volitant
2906 3113 3019 3170 alii
3047 3111 3213 3171 velut
3235 3108 3486 3171 umbra.

1906 3225 2411 3300 Quandoquidem
2441 3223 2762 3296 magnifice
2794 3222 3071 3280 virtutem
3113 3220 3458 3279 collaudare
3497 3221 3563 3278 in

1905 3315 2247 3392 propatulo,
2289 3319 2346 3372 et
2382 3314 2598 3384 longos
2627 3312 2703 3369 de
2733 3327 2806 3369 ea
2848 3311 3198 3384 protrahere
3229 3324 3562 3380 sermones,

1905 3407 2187 3482 privatim
2221 3421 2357 3462 vero
2386 3403 2757 3475 voluptatem
2801 3399 3210 3474 temperantiae
3256 3399 3562 3473 praeferre,

1907 3501 1966 3557 et
1989 3498 2292 3570 quaestum
2309 3492 2554 3566 justitiaa
2580 3495 2964 3564 anteponere,
2994 3489 3109 3546 hoc
3151 3503 3266 3560 ego
3287 3488 3560 3559 dixerim,

1911 3586 2104 3644 simile
2133 3600 2261 3641 esse
2287 3581 2594 3640 actoribus
2626 3580 2876 3636 scenicis
2934 3593 3226 3651 personas
3255 3576 3562 3650 quasdam

1912 3672 2360 3738 sustinentibus,
2387 3670 2492 3742 qui
2519 3668 2874 3741 plerumque
2901 3666 3063 3723 velut
3092 3681 3265 3736 reges
3295 3670 3352 3722 et
3372 3665 3566 3737 dyna-

1914 3769 2017 3821 stm
2072 3761 2390 3833 prodeunt,
2420 3774 2560 3815 cum
2607 3773 2718 3814 nec
2754 3772 2927 3828 reges
2979 3770 3092 3811 nec
3147 3753 3446 3825 dynastas,
3495 3767 3568 3810 ac

1915 3854 2168 3910 fortasse
2216 3865 2291 3906 ne
2338 3847 2508 3904 liberi
2537 3845 2784 3918 quidem
2815 3859 3066 3918 prorsus
3109 3842 3247 3898 sint.
3300 3841 3394 3897 Ad
3439 3840 3571 3897 hanc

1915 3941 2182 3998 musicus
2212 3953 2336 3994 non
2363 3936 2578 3992 lubens
2610 3935 2872 4007 patiatur
2917 3932 3236 3988 dissonam
3283 3929 3400 3986 sibi
3438 3943 3572 3986 esse

1916 4031 2132 4103 lyram:
2164 4042 2378 4099 nequae
2407 4022 2726 4098 praefectus
2752 4021 2918 4079 chori
2938 4021 3189 4078 chorum
3220 4019 3333 4076 sibi
3350 4023 3572 4086 astare,

1917 4119 2024 4192 qui
2046 4132 2234 4190 quam
2258 4114 2520 4172 maxime
2550 4111 2882 4170 concinnus
2907 4125 3032 4167 non
3065 4110 3138 4166 sit
3170 4126 3184 4166 :
3219 4124 3258 4167 a
3277 4125 3342 4164 se
3371 4112 3578 4166 autem

1919 4207 2176 4281 quisque
2239 4203 2554 4260 dissidebit
2607 4201 2755 4274 ipse,
2787 4215 2900 4256 nec
2954 4199 3141 4256 vitam
3189 4214 3332 4255 cum
3373 4196 3580 4254 verbis

1923 4293 2394 4353 consentientem
2424 4289 2778 4348 exhibebit?
2811 4290 2889 4360 (8)
2921 4291 3123 4360 Neque
3161 4288 3324 4344 enim
3350 4299 3582 4358 equum

1927 4385 2179 4442 celerem
2208 4382 2404 4439 reddit
2431 4381 2562 4453 ejus
2585 4379 2691 4452 qui
2709 4378 2992 4448 genuitin
3014 4391 3193 4432 cursu
3209 4373 3584 4448 praestantia,

212 4468 374 4526 κυνὸς
410 4463 659 4538 ἐγκώμιον
711 4469 769 4517 τό
817 4484 872 4517 εκ
899 4469 1211 4537 ταχυτάτων
1252 4475 1406 4538 φῦναι
1438 4485 1449 4499 ·
1495 4471 1600 4523 ἀλλ’
1646 4476 1800 4550 ὥσπε,

1929 4489 2124 4548 neque
2145 4472 2311 4530 canis
2324 4469 2594 4528 laudatio
2607 4472 2794 4532 est,ex
2806 4463 3586 4537 velocissimisprognatum

210 4562 316 4608 τῶν
366 4552 526 4604 οῦλων
576 4554 720 4614 ζώων
777 4555 806 4612 ἡ
870 4552 1024 4628 ἀρετὴ
1096 4553 1142 4605 ἓν
1185 4554 1348 4626 ἑαυτῷ
1389 4559 1650 4634 θεωρεῖται
1709 4563 1820 4617 ἐκά-

217 4663 354 4716 στῳ,
388 4643 522 4695 οὕτω
568 4649 658 4696 καὶ
697 4639 886 4716 ἀνδρὸς
934 4640 1072 4706 ἴδιος
1122 4648 1326 4706 ἔπαινος
1353 4648 1378 4698 ό
1417 4647 1472 4700 ἐκ
1508 4659 1607 4703 τῶν
1661 4652 1825 4728 ὑπαρ-

215 4738 426 4808 χόντων
486 4731 626 4804 αὐτῷ
700 4735 1114 4806 κατορθωμάτων
1177 4741 1612 4811 μαρτυρούμενος.
1675 4741 1826 4817 Ἀρι..

217 4833 315 4887 τῆς
358 4825 603 4892 ἄσκησις,
660 4828 830 4896 τίμιον
883 4828 971 4896 μὲν
1013 4834 1191 4900 κτῆμα
1243 4837 1313 4900 τῷ
1352 4833 1551 4900 ἔχοντι,
1607 4831 1827 4892 ἣδιστον

219 4911 284 4967 δὲ
340 4913 506 4985 Θέάμα
566 4919 676 4973 τοῖς
730 4912 1158 4985 ἐντυγχάνουσιν.
1201 4920 1266 4969 Οἱ
1331 4921 1431 4991 γαρ
1491 4925 1583 4979 τὴν
1643 4923 1830 4991 ἀρετὴν

431 4981 441 4985 _
1338 4981 1348 4989 .
1403 4981 1411 4991 .
1675 4981 1685 4998 .

217 5005 502 5073 μετιόντες,
575 5001 793 5074 οἴστροις
868 5000 1122 5070 ἐοίκασιν,
1206 5003 1255 5056 ἐν
1323 5018 1588 5074 νυκτερινῇ
1662 5031 1685 5065 a

868 5000 1122 5070 ἐοίκασιν,
1206 5003 1255 5056 ἐν
1323 5018 1588 5084 νυκτερινῇ
1662 5031 1830 5066 συννε-

225 5095 348 5166 φιίᾳ
401 5092 500 5164 (3),
558 5091 730 5154 ἄλλοις
771 5091 884 5145 κατ’
939 5092 1067 5146 ἄλλα
1105 5099 1234 5170 μέρη
1297 5106 1388 5151 τοῦ
1435 5099 1653 5174 οὐρανοῦ
1712 5100 1834 5158 δια·

305 5289 381 5374 ρ)
410 5287 570 5374 ἰρπερ
603 5284 781 5374 δίκην.
810 5290 952 5374 Reg.
985 5289 1174 5374 code};
1199 5297 1472 5374 uterque,
1505 5298 1627 5373 ὅπερ
1657 5296 1833 5364 δίκης.

242 5431 258 5447 ι
304 5359 385 5432 (2)
412 5359 574 5447 inﬁxi}.
626 5363 769 5432 Reg.
803 5359 993 5418 codex
1038 5360 1199 5436 1092,
1230 5359 1372 5437 ἔχειῖ
1416 5359 1542 5426 Mox
1591 5359 1840 5446 uterque

232 5433 516 5488 ἆναπείθου
525 5451 600 5488 σι.

305 5506 387 5574 (3)
417 5506 703 5588 Συννιφεία.
738 5501 883 5588 liale
905 5503 971 5588 in
1000 5503 1172 5588 editis
1207 5514 1476 5588 iuuatpu'qz,
1523 5514 1688 5588 quod
1715 5517 1844 5588 qui.

232 5561 388 5665 dum
403 5590 518 5665 qpe
539 5561 1095 5665 contextusptﬂeg'ii
1117 5561 1838 5665 codicis‘emeu‘davvimiugsi.

311 5647 394 5722 (4)
427 5647 510 5707 Ex
531 5663 711 5704 serm.
734 5648 823 5704 De
851 5647 1115 5718 legendis
1147 5651 1316 5709 libris
1347 5661 1506 5724 gent.
1540 5659 1666 5716 183.

584 5739 830 5798 PATROL.
875 5736 977 5798 Gn.
1020 5738 1222 5798 XXXII.

1932 4579 2081 4622 esse.
2111 4561 2226 4621 Sed
2271 4557 2795 4634 quemadmodum
2824 4554 3196 4627 reliquorum
3225 4549 3590 4609 animalium

1933 4654 2119 4711 virtus
2153 4652 2217 4708 in
2247 4664 2616 4723 unoquoque
2639 4644 3050 4704 consideratur
3083 4662 3096 4697 :
3129 4644 3212 4701 ita
3233 4647 3291 4700 et
3318 4641 3432 4700 viri
3452 4655 3594 4714 pro-

1935 4744 2066 4816 prin
2111 4741 2244 4798 laus
2280 4743 2393 4807 est,
2421 4753 2559 4810 quae
2607 4751 2681 4792 ex
2705 4733 2964 4808 propriis
2989 4733 3180 4806 ipsius
3210 4736 3371 4789 recte
3420 4729 3594 4788 factis

1938 4830 2346 4889 testimonium
2394 4825 2597 4883 habet.
2632 4826 2704 4895 (9)
2764 4821 3000 4879 Virtutis
3058 4821 3423 4886 exercitatio,
3462 4835 3600 4894 pre-

1941 4920 2090 4978 tiosa
2131 4916 2376 4992 quidem
2428 4913 2678 4970 habenti
2729 4910 3056 4984 possessio,
3081 4909 3600 4983 jucundissimum

1945 5012 2146 5066 autem
2182 5002 2636 5063 occurrentibus
2675 4999 3116 5073 spectaculum.
3155 5003 3309 5059 Nam
3341 4999 3452 5072 qui
3483 4996 3604 5053 vir-

1945 5103 2132 5158 tutem
2163 5095 2370 5154 colunt
2404 5092 2540 5164 (10),
2571 5089 2874 5149 sideribus
2898 5089 3120 5149 similes
3150 5093 3295 5149 sunt
3323 5088 3386 5147 in
3410 5083 3598 5146 nebu-

2021 5299 2099 5368 (5)
2140 5297 2218 5350 lix
2249 5293 2414 5350 hom.
2455 5291 2524 5368 ἔῃ
2543 5289 3135 5368 ρηίηοίρξιιηιᾞιόυ.
3174 5290 3297 5368 195.

2044 5358 2102 5460 ei)
2140 5370 2224 5460 εἰῇ
2239 5380 2456 5460 ΔερεἮὸ
2489 5358 2567 5422 oe
2595 5358 2861 5434 legendis
2885 5361 3052 5418 libris
3089 5364 3251 5431 gent.
3288 5358 3412 5416 175.

2027 5440 2106 5508 (7)
2141 5435 2321 5505 Ibid.,
2357 5437 2483 5492 178.

2029 5514 2107 5578 (8)
2147 5511 2231 5564 Ex
2265 5508 2436 5564 hom.
2471 5508 2552 5578 De
2580 5506 2908 5578 Μαηιᾳηιε,
2928 5505 3068 5578 185.

2054 5515 2107 5578 8)
2147 5515 2231 5564 Ex
2265 5515 2436 5564 hom.
2471 5515 2552 5562 De
2580 5515 2908 5567 Mamanle,
2946 5515 3068 5557 185.

2029 5515 2110 5654 ἓν)
2131 5582 2407 5654 Uterque
2423 5577 2631 5654 codex
2661 5576 2890 5654 indicat
2914 5575 3206 5634 Hexaem.

2031 5647 2147 5727 (t0)
2174 5653 2256 5711 Ex
2285 5647 2462 5724 e'pist,
2491 5664 2641 5715 οων,
2677 5647 2804 5705 243.

3241 5733 3308 5788 36
