  <div class='ocr_page' id='page_1' title='image "/cluster/home/n/w/nwhite01/storage/ocr_20150623/32/hvd.32044048207401/571.png"; bbox 0 0 4050 6220; ppageno 0'>
   <div class='ocr_carea' id='block_1_1' title="bbox 627 250 760 307">
    <p class='ocr_par' dir='ltr' id='par_1_1' title="bbox 627 250 760 307">
     <span class='ocr_line' id='line_1_1' title="bbox 627 250 760 307; baseline -0.008 -1"><span class='ocrx_word' id='word_1_1' title='bbox 627 250 760 307; x_wconf 82' lang='grc'><strong>1131</strong></span> 
     </span>
    </p>
   </div>
   <div class='ocr_carea' id='block_1_2' title="bbox 626 366 2269 441">
    <p class='ocr_par' dir='ltr' id='par_1_2' title="bbox 626 366 2269 441">
     <span class='ocr_line' id='line_1_2' title="bbox 626 366 2269 441; baseline -0.009 -7"><span class='ocrx_word' id='word_1_2' title='bbox 626 376 758 434; x_wconf 80' lang='lat' dir='ltr'>losa</span> <span class='ocrx_word' id='word_1_3' title='bbox 784 380 953 432; x_wconf 90' lang='lat' dir='ltr'>nocte</span> <span class='ocrx_word' id='word_1_4' title='bbox 999 374 1153 429; x_wconf 83' lang='lat' dir='ltr'>alias</span> <span class='ocrx_word' id='word_1_5' title='bbox 1190 371 1321 427; x_wconf 86' lang='lat' dir='ltr'>aliis</span> <span class='ocrx_word' id='word_1_6' title='bbox 1377 366 1505 426; x_wconf 54' lang='lat' dir='ltr'>caeli</span> <span class='ocrx_word' id='word_1_7' title='bbox 1535 372 1737 441; x_wconf 90' lang='lat' dir='ltr'>partes</span> <span class='ocrx_word' id='word_1_8' title='bbox 1780 366 2213 427; x_wconf 87' lang='lat' dir='ltr'>illustrantibus</span> <span class='ocrx_word' id='word_1_9' title='bbox 2255 382 2269 420; x_wconf 86' lang='lat'><strong>:</strong></span> 
     </span>
    </p>
   </div>
   <div class='ocr_carea' id='block_1_3' title="bbox 600 455 2278 539">
    <p class='ocr_par' dir='ltr' id='par_1_3' title="bbox 600 455 2278 539">
     <span class='ocr_line' id='line_1_3' title="bbox 600 455 2278 539; baseline -0.005 -17"><span class='ocrx_word' id='word_1_10' title='bbox 600 481 891 539; x_wconf 39' lang='lat' dir='ltr'>,quorum</span> <span class='ocrx_word' id='word_1_11' title='bbox 931 462 1110 534; x_wconf 73' lang='grc'>476</span> <span class='ocrx_word' id='word_1_12' title='bbox 1166 463 1372 532; x_wconf 87' lang='lat' dir='ltr'>gratus</span> <span class='ocrx_word' id='word_1_13' title='bbox 1400 457 1649 532; x_wconf 87' lang='lat' dir='ltr'>quidem</span> <span class='ocrx_word' id='word_1_14' title='bbox 1695 456 2001 530; x_wconf 84' lang='lat' dir='ltr'>splendor,</span> <span class='ocrx_word' id='word_1_15' title='bbox 2052 455 2156 513; x_wconf 84' lang='lat' dir='ltr'>sed</span> <span class='ocrx_word' id='word_1_16' title='bbox 2206 471 2278 513; x_wconf 89' lang='lat' dir='ltr'>eo</span> 
     </span>
    </p>
   </div>
   <div class='ocr_carea' id='block_1_4' title="bbox 629 545 2278 624">
    <p class='ocr_par' dir='ltr' id='par_1_4' title="bbox 629 545 2278 624">
     <span class='ocr_line' id='line_1_4' title="bbox 629 545 2278 624; baseline -0.006 -14"><span class='ocrx_word' id='word_1_17' title='bbox 629 554 873 624; x_wconf 81' lang='lat' dir='ltr'>gratior,</span> <span class='ocrx_word' id='word_1_18' title='bbox 904 550 1071 623; x_wconf 92' lang='lat' dir='ltr'>quod</span> <span class='ocrx_word' id='word_1_19' title='bbox 1112 564 1235 605; x_wconf 90' lang='lat' dir='ltr'>non</span> <span class='ocrx_word' id='word_1_20' title='bbox 1262 550 1667 620; x_wconf 88' lang='lat' dir='ltr'>exspectatur.</span> <span class='ocrx_word' id='word_1_21' title='bbox 1707 545 1872 602; x_wconf 82' lang='lat' dir='ltr'>Tales</span> <span class='ocrx_word' id='word_1_22' title='bbox 1902 550 1960 601; x_wconf 90' lang='lat' dir='ltr'>et</span> <span class='ocrx_word' id='word_1_23' title='bbox 1984 545 2065 601; x_wconf 88' lang='lat' dir='ltr'>illi</span> <span class='ocrx_word' id='word_1_24' title='bbox 2116 549 2278 612; x_wconf 91' lang='lat' dir='ltr'>sunt,</span> 
     </span>
    </p>
   </div>
   <div class='ocr_carea' id='block_1_5' title="bbox 630 633 2281 715">
    <p class='ocr_par' dir='ltr' id='par_1_5' title="bbox 630 633 2281 715">
     <span class='ocr_line' id='line_1_5' title="bbox 630 633 2281 715; baseline -0.006 -18"><span class='ocrx_word' id='word_1_25' title='bbox 630 641 810 715; x_wconf 80' lang='lat' dir='ltr'>pauci</span> <span class='ocrx_word' id='word_1_26' title='bbox 847 639 1184 696; x_wconf 83' lang='lat' dir='ltr'>admodum</span> <span class='ocrx_word' id='word_1_27' title='bbox 1230 642 1288 693; x_wconf 91' lang='lat' dir='ltr'>et</span> <span class='ocrx_word' id='word_1_28' title='bbox 1341 636 1513 693; x_wconf 86' lang='lat' dir='ltr'>facile</span> <span class='ocrx_word' id='word_1_29' title='bbox 1570 634 2003 701; x_wconf 84' lang='lat' dir='ltr'>numerabiles,</span> <span class='ocrx_word' id='word_1_30' title='bbox 2055 636 2116 691; x_wconf 91' lang='lat' dir='ltr'>in</span> <span class='ocrx_word' id='word_1_31' title='bbox 2164 633 2281 690; x_wconf 90' lang='lat' dir='ltr'>hac</span> 
     </span>
    </p>
   </div>
   <div class='ocr_carea' id='block_1_6' title="bbox 630 722 2283 797">
    <p class='ocr_par' dir='ltr' id='par_1_6' title="bbox 630 722 2283 797">
     <span class='ocr_line' id='line_1_6' title="bbox 630 722 2283 797; baseline -0.006 -11"><span class='ocrx_word' id='word_1_32' title='bbox 630 729 778 787; x_wconf 92' lang='lat' dir='ltr'>tristi</span> <span class='ocrx_word' id='word_1_33' title='bbox 798 745 1001 785; x_wconf 89' lang='lat' dir='ltr'>rerum</span> <span class='ocrx_word' id='word_1_34' title='bbox 1022 726 1385 792; x_wconf 88' lang='lat' dir='ltr'>conditione,</span> <span class='ocrx_word' id='word_1_35' title='bbox 1405 724 1582 797; x_wconf 89' lang='lat' dir='ltr'>quasi</span> <span class='ocrx_word' id='word_1_36' title='bbox 1597 724 1660 779; x_wconf 90' lang='lat' dir='ltr'>in</span> <span class='ocrx_word' id='word_1_37' title='bbox 1688 726 1862 779; x_wconf 92' lang='lat' dir='ltr'>nocte</span> <span class='ocrx_word' id='word_1_38' title='bbox 1882 722 2052 779; x_wconf 87' lang='lat' dir='ltr'>illuni</span> <span class='ocrx_word' id='word_1_39' title='bbox 2076 738 2283 777; x_wconf 89' lang='lat' dir='ltr'>corus-</span> 
     </span>
    </p>
   </div>
   <div class='ocr_carea' id='block_1_7' title="bbox 630 810 2281 891">
    <p class='ocr_par' dir='ltr' id='par_1_7' title="bbox 630 810 2281 891">
     <span class='ocr_line' id='line_1_7' title="bbox 630 810 2281 891; baseline -0.005 -16"><span class='ocrx_word' id='word_1_40' title='bbox 630 823 837 877; x_wconf 90' lang='lat' dir='ltr'>cantes</span> <span class='ocrx_word' id='word_1_41' title='bbox 867 834 879 873; x_wconf 95' lang='lat'><strong>:</strong></span> <span class='ocrx_word' id='word_1_42' title='bbox 910 822 1127 891; x_wconf 71' lang='lat' dir='ltr'>praeter</span> <span class='ocrx_word' id='word_1_43' title='bbox 1150 815 1379 872; x_wconf 88' lang='lat' dir='ltr'>virtutis</span> <span class='ocrx_word' id='word_1_44' title='bbox 1409 813 1684 884; x_wconf 79' lang='lat' dir='ltr'>gratiam,</span> <span class='ocrx_word' id='word_1_45' title='bbox 1710 812 1849 868; x_wconf 88' lang='lat' dir='ltr'>inde</span> <span class='ocrx_word' id='word_1_46' title='bbox 1880 812 2088 881; x_wconf 87' lang='lat' dir='ltr'>etiam,</span> <span class='ocrx_word' id='word_1_47' title='bbox 2114 810 2281 884; x_wconf 92' lang='lat' dir='ltr'>quod</span> 
     </span>
    </p>
   </div>
   <div class='ocr_carea' id='block_1_8' title="bbox 599 901 2280 978">
    <p class='ocr_par' dir='ltr' id='par_1_8' title="bbox 599 901 2280 978">
     <span class='ocr_line' id='line_1_8' title="bbox 599 901 2280 978; baseline -0.006 -13"><span class='ocrx_word' id='word_1_48' title='bbox 599 908 747 978; x_wconf 46' lang='lat' dir='ltr'>-rari</span> <span class='ocrx_word' id='word_1_49' title='bbox 769 910 887 964; x_wconf 82' lang='lat' dir='ltr'>sint</span> <span class='ocrx_word' id='word_1_50' title='bbox 912 907 1181 973; x_wconf 90' lang='lat' dir='ltr'>inventu,</span> <span class='ocrx_word' id='word_1_51' title='bbox 1209 902 1583 960; x_wconf 86' lang='lat' dir='ltr'>desiderium</span> <span class='ocrx_word' id='word_1_52' title='bbox 1614 907 1954 958; x_wconf 82' lang='lat' dir='ltr'>moventes.</span> <span class='ocrx_word' id='word_1_53' title='bbox 1985 901 2063 973; x_wconf 85' lang='grc'>(1)</span> <span class='ocrx_word' id='word_1_54' title='bbox 2090 902 2280 974; x_wconf 81' lang='lat' dir='ltr'>Turpe</span> 
     </span>
    </p>
   </div>
   <div class='ocr_carea' id='block_1_9' title="bbox 632 989 2281 1063">
    <p class='ocr_par' dir='ltr' id='par_1_9' title="bbox 632 989 2281 1063">
     <span class='ocr_line' id='line_1_9' title="bbox 632 989 2281 1063; baseline -0.007 -8"><span class='ocrx_word' id='word_1_55' title='bbox 632 1002 722 1055; x_wconf 88' lang='lat' dir='ltr'>est</span> <span class='ocrx_word' id='word_1_56' title='bbox 748 1001 952 1054; x_wconf 89' lang='lat' dir='ltr'>autem</span> <span class='ocrx_word' id='word_1_57' title='bbox 977 995 1173 1053; x_wconf 89' lang='lat' dir='ltr'>alieno</span> <span class='ocrx_word' id='word_1_58' title='bbox 1201 997 1419 1050; x_wconf 83' lang='lat' dir='ltr'>ornatu</span> <span class='ocrx_word' id='word_1_59' title='bbox 1447 991 1719 1051; x_wconf 85' lang='lat' dir='ltr'>decorari</span> <span class='ocrx_word' id='word_1_60' title='bbox 1751 1008 1891 1048; x_wconf 90' lang='lat' dir='ltr'>eum</span> <span class='ocrx_word' id='word_1_61' title='bbox 1921 991 2027 1063; x_wconf 87' lang='lat' dir='ltr'>qui</span> <span class='ocrx_word' id='word_1_62' title='bbox 2051 1006 2161 1046; x_wconf 80' lang='lat' dir='ltr'>sua</span> <span class='ocrx_word' id='word_1_63' title='bbox 2189 989 2281 1063; x_wconf 90' lang='lat' dir='ltr'>ip-</span> 
     </span>
    </p>
   </div>
   <div class='ocr_carea' id='block_1_10' title="bbox 632 1082 1402 1144">
    <p class='ocr_par' dir='ltr' id='par_1_10' title="bbox 632 1082 1402 1144">
     <span class='ocr_line' id='line_1_10' title="bbox 632 1082 1402 1144; baseline -0.008 -1"><span class='ocrx_word' id='word_1_64' title='bbox 632 1086 759 1144; x_wconf 82' lang='lat' dir='ltr'>sius</span> <span class='ocrx_word' id='word_1_65' title='bbox 788 1086 1001 1143; x_wconf 85' lang='lat' dir='ltr'>virtute</span> <span class='ocrx_word' id='word_1_66' title='bbox 1029 1082 1271 1141; x_wconf 80' lang='lat' dir='ltr'>illustris</span> <span class='ocrx_word' id='word_1_67' title='bbox 1294 1086 1402 1139; x_wconf 89' lang='lat' dir='ltr'>est.</span> 
     </span>
    </p>
   </div>
   <div class='ocr_carea' id='block_1_11' title="bbox 704 1168 2281 1246">
    <p class='ocr_par' dir='ltr' id='par_1_11' title="bbox 704 1168 2281 1246">
     <span class='ocr_line' id='line_1_11' title="bbox 704 1168 2281 1246; baseline -0.004 -13"><span class='ocrx_word' id='word_1_68' title='bbox 704 1180 756 1233; x_wconf 88' lang='lat'>8.</span> <span class='ocrx_word' id='word_1_69' title='bbox 788 1176 865 1245; x_wconf 83' lang='lat'>(2)</span> <span class='ocrx_word' id='word_1_70' title='bbox 892 1178 1098 1246; x_wconf 81' lang='lat' dir='ltr'>Itaque</span> <span class='ocrx_word' id='word_1_71' title='bbox 1128 1188 1203 1228; x_wconf 90' lang='lat' dir='ltr'>ne</span> <span class='ocrx_word' id='word_1_72' title='bbox 1234 1171 1383 1228; x_wconf 89' lang='lat' dir='ltr'>mihi</span> <span class='ocrx_word' id='word_1_73' title='bbox 1412 1171 1580 1227; x_wconf 88' lang='lat' dir='ltr'>dicas</span> <span class='ocrx_word' id='word_1_74' title='bbox 1611 1186 1649 1226; x_wconf 90' lang='lat' dir='ltr'>a</span> <span class='ocrx_word' id='word_1_75' title='bbox 1696 1173 1815 1226; x_wconf 89' lang='lat' dir='ltr'>Deo</span> <span class='ocrx_word' id='word_1_76' title='bbox 1843 1168 2073 1226; x_wconf 88' lang='lat' dir='ltr'>malum</span> <span class='ocrx_word' id='word_1_77' title='bbox 2104 1168 2281 1240; x_wconf 90' lang='lat' dir='ltr'>origi-</span> 
     </span>
    </p>
   </div>
   <div class='ocr_carea' id='block_1_12' title="bbox 599 1256 2284 1334">
    <p class='ocr_par' dir='ltr' id='par_1_12' title="bbox 599 1256 2284 1334">
     <span class='ocr_line' id='line_1_12' title="bbox 599 1256 2284 1334; baseline -0.007 -10"><span class='ocrx_word' id='word_1_78' title='bbox 599 1282 773 1334; x_wconf 89' lang='lat' dir='ltr'>_nem</span> <span class='ocrx_word' id='word_1_79' title='bbox 799 1264 1043 1323; x_wconf 88' lang='lat' dir='ltr'>habere:</span> <span class='ocrx_word' id='word_1_80' title='bbox 1076 1262 1137 1318; x_wconf 92' lang='lat' dir='ltr'>id</span> <span class='ocrx_word' id='word_1_81' title='bbox 1162 1262 1326 1318; x_wconf 88' lang='lat' dir='ltr'>enim</span> <span class='ocrx_word' id='word_1_82' title='bbox 1356 1260 1600 1333; x_wconf 88' lang='lat' dir='ltr'>impium</span> <span class='ocrx_word' id='word_1_83' title='bbox 1632 1262 1738 1328; x_wconf 85' lang='lat' dir='ltr'>est,</span> <span class='ocrx_word' id='word_1_84' title='bbox 1771 1265 2091 1331; x_wconf 84' lang='lat' dir='ltr'>propterea</span> <span class='ocrx_word' id='word_1_85' title='bbox 2117 1256 2284 1332; x_wconf 91' lang='lat' dir='ltr'>quod</span> 
     </span>
    </p>
   </div>
   <div class='ocr_carea' id='block_1_13' title="bbox 604 1349 2285 1423">
    <p class='ocr_par' dir='ltr' id='par_1_13' title="bbox 604 1349 2285 1423">
     <span class='ocr_line' id='line_1_13' title="bbox 604 1349 2285 1423; baseline -0.007 -9"><span class='ocrx_word' id='word_1_86' title='bbox 604 1356 863 1423; x_wconf 28' lang='lat' dir='ltr'>,nullum</span> <span class='ocrx_word' id='word_1_87' title='bbox 913 1352 1290 1411; x_wconf 85' lang='lat' dir='ltr'>contrarium</span> <span class='ocrx_word' id='word_1_88' title='bbox 1333 1367 1370 1407; x_wconf 91' lang='lat' dir='ltr'>a</span> <span class='ocrx_word' id='word_1_89' title='bbox 1401 1350 1699 1406; x_wconf 87' lang='lat' dir='ltr'>contrario</span> <span class='ocrx_word' id='word_1_90' title='bbox 1738 1349 2045 1419; x_wconf 81' lang='lat' dir='ltr'>gignatur.</span> <span class='ocrx_word' id='word_1_91' title='bbox 2083 1351 2285 1420; x_wconf 81' lang='lat' dir='ltr'>Neque</span> 
     </span>
    </p>
   </div>
   <div class='ocr_carea' id='block_1_14' title="bbox 630 1438 2283 1511">
    <p class='ocr_par' dir='ltr' id='par_1_14' title="bbox 630 1438 2283 1511">
     <span class='ocr_line' id='line_1_14' title="bbox 630 1438 2283 1511; baseline -0.007 -9"><span class='ocrx_word' id='word_1_92' title='bbox 630 1445 796 1503; x_wconf 88' lang='lat' dir='ltr'>enim</span> <span class='ocrx_word' id='word_1_93' title='bbox 834 1443 959 1500; x_wconf 88' lang='lat' dir='ltr'>vita</span> <span class='ocrx_word' id='word_1_94' title='bbox 1010 1446 1267 1498; x_wconf 87' lang='lat' dir='ltr'>mortem</span> <span class='ocrx_word' id='word_1_95' title='bbox 1315 1444 1581 1510; x_wconf 80' lang='lat' dir='ltr'>generat,</span> <span class='ocrx_word' id='word_1_96' title='bbox 1614 1454 1811 1511; x_wconf 90' lang='lat' dir='ltr'>neque</span> <span class='ocrx_word' id='word_1_97' title='bbox 1841 1438 2105 1495; x_wconf 65' lang='lat' dir='ltr'>tenebrae</span> <span class='ocrx_word' id='word_1_98' title='bbox 2133 1438 2283 1494; x_wconf 92' lang='lat' dir='ltr'>lucis</span> 
     </span>
    </p>
   </div>
   <div class='ocr_carea' id='block_1_15' title="bbox 605 1526 2285 1609">
    <p class='ocr_par' dir='ltr' id='par_1_15' title="bbox 605 1526 2285 1609">
     <span class='ocr_line' id='line_1_15' title="bbox 605 1526 2285 1609; baseline -0.005 -18"><span class='ocrx_word' id='word_1_99' title='bbox 605 1531 997 1609; x_wconf 74' lang='lat' dir='ltr'>principium</span> <span class='ocrx_word' id='word_1_100' title='bbox 1026 1535 1187 1598; x_wconf 90' lang='lat' dir='ltr'>sunt,</span> <span class='ocrx_word' id='word_1_101' title='bbox 1217 1544 1415 1602; x_wconf 88' lang='lat' dir='ltr'>neque</span> <span class='ocrx_word' id='word_1_102' title='bbox 1445 1526 1695 1584; x_wconf 88' lang='lat' dir='ltr'>morbus</span> <span class='ocrx_word' id='word_1_103' title='bbox 1718 1526 1921 1600; x_wconf 83' lang='lat' dir='ltr'>opifex</span> <span class='ocrx_word' id='word_1_104' title='bbox 1946 1530 2038 1583; x_wconf 78' lang='lat' dir='ltr'>est</span> <span class='ocrx_word' id='word_1_105' title='bbox 2066 1526 2285 1582; x_wconf 86' lang='lat' dir='ltr'>sanita-</span> 
     </span>
    </p>
   </div>
   <div class='ocr_carea' id='block_1_16' title="bbox 626 1614 2287 1695">
    <p class='ocr_par' dir='ltr' id='par_1_16' title="bbox 626 1614 2287 1695">
     <span class='ocr_line' id='line_1_16' title="bbox 626 1614 2287 1695; baseline -0.005 -16"><span class='ocrx_word' id='word_1_106' title='bbox 626 1624 734 1695; x_wconf 59' lang='lat' dir='ltr'>tis;</span> <span class='ocrx_word' id='word_1_107' title='bbox 769 1620 877 1677; x_wconf 91' lang='lat' dir='ltr'>sed</span> <span class='ocrx_word' id='word_1_108' title='bbox 906 1620 968 1677; x_wconf 91' lang='lat' dir='ltr'>in</span> <span class='ocrx_word' id='word_1_109' title='bbox 995 1617 1387 1676; x_wconf 75' lang='lat' dir='ltr'>aifectionum</span> <span class='ocrx_word' id='word_1_110' title='bbox 1417 1614 2016 1682; x_wconf 79' lang='lat' dir='ltr'>commutationibus,</span> <span class='ocrx_word' id='word_1_111' title='bbox 2057 1632 2089 1671; x_wconf 92' lang='lat' dir='ltr'>e</span> <span class='ocrx_word' id='word_1_112' title='bbox 2142 1630 2287 1671; x_wconf 90' lang='lat' dir='ltr'>con-</span> 
     </span>
    </p>
   </div>
   <div class='ocr_carea' id='block_1_17' title="bbox 621 1704 2285 1774">
    <p class='ocr_par' dir='ltr' id='par_1_17' title="bbox 621 1704 2285 1774">
     <span class='ocr_line' id='line_1_17' title="bbox 621 1704 2285 1774; baseline -0.006 -6"><span class='ocrx_word' id='word_1_113' title='bbox 621 1711 817 1769; x_wconf 83' lang='lat' dir='ltr'>trariis</span> <span class='ocrx_word' id='word_1_114' title='bbox 849 1708 929 1765; x_wconf 92' lang='lat' dir='ltr'>ad</span> <span class='ocrx_word' id='word_1_115' title='bbox 954 1707 1258 1764; x_wconf 85' lang='lat' dir='ltr'>contraria</span> <span class='ocrx_word' id='word_1_116' title='bbox 1284 1706 1439 1762; x_wconf 83' lang='lat' dir='ltr'>ﬁunt</span> <span class='ocrx_word' id='word_1_117' title='bbox 1479 1704 1901 1772; x_wconf 86' lang='lat' dir='ltr'>transitiones;</span> <span class='ocrx_word' id='word_1_118' title='bbox 1943 1704 2005 1759; x_wconf 92' lang='lat' dir='ltr'>in</span> <span class='ocrx_word' id='word_1_119' title='bbox 2041 1719 2285 1774; x_wconf 83' lang='lat' dir='ltr'>genera-</span> 
     </span>
    </p>
   </div>
   <div class='ocr_carea' id='block_1_18' title="bbox 621 1792 2285 1866">
    <p class='ocr_par' dir='ltr' id='par_1_18' title="bbox 621 1792 2285 1866">
     <span class='ocr_line' id='line_1_18' title="bbox 621 1792 2285 1866; baseline -0.005 -11"><span class='ocrx_word' id='word_1_120' title='bbox 621 1798 889 1857; x_wconf 89' lang='lat' dir='ltr'>tionibus</span> <span class='ocrx_word' id='word_1_121' title='bbox 918 1812 1083 1863; x_wconf 85' lang='lat' dir='ltr'>vero,</span> <span class='ocrx_word' id='word_1_122' title='bbox 1114 1811 1209 1851; x_wconf 88' lang='lat' dir='ltr'>res</span> <span class='ocrx_word' id='word_1_123' title='bbox 1236 1793 1486 1863; x_wconf 72' lang='lat' dir='ltr'>singulae</span> <span class='ocrx_word' id='word_1_124' title='bbox 1522 1808 1659 1866; x_wconf 59' lang='lat' dir='ltr'>quae</span> <span class='ocrx_word' id='word_1_125' title='bbox 1692 1792 1861 1861; x_wconf 85' lang='lat' dir='ltr'>ﬁunt,</span> <span class='ocrx_word' id='word_1_126' title='bbox 1893 1807 2017 1848; x_wconf 92' lang='lat' dir='ltr'>non</span> <span class='ocrx_word' id='word_1_127' title='bbox 2047 1808 2120 1848; x_wconf 92' lang='lat' dir='ltr'>ex</span> <span class='ocrx_word' id='word_1_128' title='bbox 2145 1806 2285 1847; x_wconf 86' lang='lat' dir='ltr'>con-</span> 
     </span>
    </p>
   </div>
   <div class='ocr_carea' id='block_1_19' title="bbox 610 1878 2279 1955">
    <p class='ocr_par' dir='ltr' id='par_1_19' title="bbox 610 1878 2279 1955">
     <span class='ocr_line' id='line_1_19' title="bbox 610 1878 2279 1955; baseline -0.007 -9"><span class='ocrx_word' id='word_1_129' title='bbox 610 1878 835 1955; x_wconf 78' lang='lat' dir='ltr'>trariis,</span> <span class='ocrx_word' id='word_1_130' title='bbox 886 1887 992 1943; x_wconf 89' lang='lat' dir='ltr'>sed</span> <span class='ocrx_word' id='word_1_131' title='bbox 1023 1903 1095 1942; x_wconf 88' lang='lat' dir='ltr'>ex</span> <span class='ocrx_word' id='word_1_132' title='bbox 1125 1882 1566 1955; x_wconf 89' lang='lat' dir='ltr'>congeneribus</span> <span class='ocrx_word' id='word_1_133' title='bbox 1599 1882 2032 1955; x_wconf 87' lang='lat' dir='ltr'>producuntur.</span> <span class='ocrx_word' id='word_1_134' title='bbox 2061 1880 2279 1936; x_wconf 82' lang='lat' dir='ltr'>Malum</span> 
     </span>
    </p>
   </div>
   <div class='ocr_carea' id='block_1_20' title="bbox 614 1971 2281 2050">
    <p class='ocr_par' dir='ltr' id='par_1_20' title="bbox 614 1971 2281 2050">
     <span class='ocr_line' id='line_1_20' title="bbox 614 1971 2281 2050; baseline -0.007 -13"><span class='ocrx_word' id='word_1_135' title='bbox 614 1979 795 2050; x_wconf 86' lang='lat' dir='ltr'>igitur</span> <span class='ocrx_word' id='word_1_136' title='bbox 831 1993 955 2034; x_wconf 89' lang='lat' dir='ltr'>non</span> <span class='ocrx_word' id='word_1_137' title='bbox 983 1980 1073 2033; x_wconf 91' lang='lat' dir='ltr'>est</span> <span class='ocrx_word' id='word_1_138' title='bbox 1098 1974 1435 2031; x_wconf 84' lang='lat' dir='ltr'>substantia</span> <span class='ocrx_word' id='word_1_139' title='bbox 1464 1972 1675 2029; x_wconf 78' lang='lat' dir='ltr'>vivens</span> <span class='ocrx_word' id='word_1_140' title='bbox 1698 1977 1802 2029; x_wconf 85' lang='lat' dir='ltr'>aut</span> <span class='ocrx_word' id='word_1_141' title='bbox 1826 1973 2096 2028; x_wconf 86' lang='lat' dir='ltr'>animata</span> <span class='ocrx_word' id='word_1_142' title='bbox 2125 1988 2138 2026; x_wconf 87' lang='lat'><strong>:</strong></span> <span class='ocrx_word' id='word_1_143' title='bbox 2173 1971 2281 2027; x_wconf 91' lang='lat' dir='ltr'>sed</span> 
     </span>
    </p>
   </div>
   <div class='ocr_carea' id='block_1_21' title="bbox 618 2060 2280 2127">
    <p class='ocr_par' dir='ltr' id='par_1_21' title="bbox 618 2060 2280 2127">
     <span class='ocr_line' id='line_1_21' title="bbox 618 2060 2280 2127; baseline -0.007 -1"><span class='ocrx_word' id='word_1_144' title='bbox 618 2067 837 2125; x_wconf 67' lang='lat' dir='ltr'>animae</span> <span class='ocrx_word' id='word_1_145' title='bbox 864 2066 1102 2123; x_wconf 73' lang='lat' dir='ltr'>affectio</span> <span class='ocrx_word' id='word_1_146' title='bbox 1130 2063 1332 2120; x_wconf 76' lang='lat' dir='ltr'>virtuti</span> <span class='ocrx_word' id='word_1_147' title='bbox 1353 2060 2003 2127; x_wconf 86' lang='lat' dir='ltr'>contraria,desidiosis</span> <span class='ocrx_word' id='word_1_148' title='bbox 2033 2076 2105 2115; x_wconf 87' lang='lat' dir='ltr'>ac</span> <span class='ocrx_word' id='word_1_149' title='bbox 2129 2060 2280 2116; x_wconf 90' lang='lat' dir='ltr'>iner-</span> 
     </span>
    </p>
   </div>
   <div class='ocr_carea' id='block_1_22' title="bbox 621 2148 2268 2228">
    <p class='ocr_par' dir='ltr' id='par_1_22' title="bbox 621 2148 2268 2228">
     <span class='ocr_line' id='line_1_22' title="bbox 621 2148 2268 2228; baseline -0.005 -15"><span class='ocrx_word' id='word_1_150' title='bbox 621 2156 803 2224; x_wconf 88' lang='lat' dir='ltr'>tibus,</span> <span class='ocrx_word' id='word_1_151' title='bbox 825 2159 1149 2228; x_wconf 89' lang='lat' dir='ltr'>propterea</span> <span class='ocrx_word' id='word_1_152' title='bbox 1177 2151 1344 2224; x_wconf 91' lang='lat' dir='ltr'>quod</span> <span class='ocrx_word' id='word_1_153' title='bbox 1382 2167 1419 2207; x_wconf 91' lang='lat' dir='ltr'>a</span> <span class='ocrx_word' id='word_1_154' title='bbox 1450 2149 1611 2206; x_wconf 91' lang='lat' dir='ltr'>bono</span> <span class='ocrx_word' id='word_1_155' title='bbox 1643 2150 2013 2217; x_wconf 76' lang='lat' dir='ltr'>deciderunt,</span> <span class='ocrx_word' id='word_1_156' title='bbox 2054 2148 2268 2205; x_wconf 85' lang='lat' dir='ltr'>indita.</span> 
     </span>
    </p>
   </div>
   <div class='ocr_carea' id='block_1_23' title="bbox 616 2238 2278 2314">
    <p class='ocr_par' dir='ltr' id='par_1_23' title="bbox 616 2238 2278 2314">
     <span class='ocr_line' id='line_1_23' title="bbox 616 2238 2278 2314; baseline -0.006 -11"><span class='ocrx_word' id='word_1_157' title='bbox 616 2245 834 2303; x_wconf 76' lang='lat' dir='ltr'>Malum</span> <span class='ocrx_word' id='word_1_158' title='bbox 862 2245 1065 2314; x_wconf 86' lang='lat' dir='ltr'>itaque</span> <span class='ocrx_word' id='word_1_159' title='bbox 1092 2241 1427 2297; x_wconf 85' lang='lat' dir='ltr'>forinsecus</span> <span class='ocrx_word' id='word_1_160' title='bbox 1471 2254 1545 2295; x_wconf 91' lang='lat' dir='ltr'>ne</span> <span class='ocrx_word' id='word_1_161' title='bbox 1592 2238 2067 2310; x_wconf 88' lang='lat' dir='ltr'>circumspicias,</span> <span class='ocrx_word' id='word_1_162' title='bbox 2126 2253 2278 2294; x_wconf 86' lang='lat' dir='ltr'>neve</span> 
     </span>
    </p>
   </div>
   <div class='ocr_carea' id='block_1_24' title="bbox 598 2327 2275 2407">
    <p class='ocr_par' dir='ltr' id='par_1_24' title="bbox 598 2327 2275 2407">
     <span class='ocr_line' id='line_1_24' title="bbox 598 2327 2275 2407; baseline -0.004 -18"><span class='ocrx_word' id='word_1_163' title='bbox 598 2332 1044 2407; x_wconf 41' lang='lat' dir='ltr'>.primigeniam</span> <span class='ocrx_word' id='word_1_164' title='bbox 1116 2328 1457 2401; x_wconf 88' lang='lat' dir='ltr'>quamdam</span> <span class='ocrx_word' id='word_1_165' title='bbox 1540 2327 1926 2398; x_wconf 87' lang='lat' dir='ltr'>malignitatis</span> <span class='ocrx_word' id='word_1_166' title='bbox 1995 2332 2275 2383; x_wconf 87' lang='lat' dir='ltr'>naturam</span> 
     </span>
    </p>
   </div>
   <div class='ocr_carea' id='block_1_25' title="bbox 617 2416 2276 2490">
    <p class='ocr_par' dir='ltr' id='par_1_25' title="bbox 617 2416 2276 2490">
     <span class='ocr_line' id='line_1_25' title="bbox 617 2416 2276 2490; baseline -0.004 -12"><span class='ocrx_word' id='word_1_167' title='bbox 617 2420 1075 2479; x_wconf 87' lang='lat' dir='ltr'>comminiscare</span> <span class='ocrx_word' id='word_1_168' title='bbox 1108 2435 1121 2473; x_wconf 91' lang='lat'><strong>:</strong></span> <span class='ocrx_word' id='word_1_169' title='bbox 1156 2418 1261 2474; x_wconf 91' lang='lat' dir='ltr'>sed</span> <span class='ocrx_word' id='word_1_170' title='bbox 1293 2434 1416 2473; x_wconf 62' lang='lat' dir='ltr'>sua;</span> <span class='ocrx_word' id='word_1_171' title='bbox 1439 2416 1695 2490; x_wconf 90' lang='lat' dir='ltr'>quisque</span> <span class='ocrx_word' id='word_1_172' title='bbox 1727 2416 1969 2472; x_wconf 76' lang='lat' dir='ltr'>malitiae</span> <span class='ocrx_word' id='word_1_173' title='bbox 2009 2417 2276 2488; x_wconf 89' lang='lat' dir='ltr'>seipsum</span> 
     </span>
    </p>
   </div>
   <div class='ocr_carea' id='block_1_26' title="bbox 602 2498 2275 2580">
    <p class='ocr_par' dir='ltr' id='par_1_26' title="bbox 602 2498 2275 2580">
     <span class='ocr_line' id='line_1_26' title="bbox 602 2498 2275 2580; baseline -0.004 -12"><span class='ocrx_word' id='word_1_174' title='bbox 602 2498 910 2580; x_wconf 75' lang='lat' dir='ltr'>agnoscat</span> <span class='ocrx_word' id='word_1_175' title='bbox 956 2512 1283 2566; x_wconf 87' lang='lat' dir='ltr'>auctorem.</span> <span class='ocrx_word' id='word_1_176' title='bbox 1316 2511 1396 2576; x_wconf 86' lang='lat'>(3)</span> <span class='ocrx_word' id='word_1_177' title='bbox 1428 2509 1579 2563; x_wconf 82' lang='lat' dir='ltr'>Nam</span> <span class='ocrx_word' id='word_1_178' title='bbox 1617 2507 1667 2562; x_wconf 89' lang='lat' dir='ltr'>si</span> <span class='ocrx_word' id='word_1_179' title='bbox 1715 2505 1943 2562; x_wconf 89' lang='lat' dir='ltr'>malum</span> <span class='ocrx_word' id='word_1_180' title='bbox 1974 2522 2097 2562; x_wconf 91' lang='lat' dir='ltr'>non</span> <span class='ocrx_word' id='word_1_181' title='bbox 2122 2509 2275 2561; x_wconf 89' lang='lat' dir='ltr'>esset</span> 
     </span>
    </p>
   </div>
   <div class='ocr_carea' id='block_1_27' title="bbox 615 2595 2275 2669">
    <p class='ocr_par' dir='ltr' id='par_1_27' title="bbox 615 2595 2275 2669">
     <span class='ocr_line' id='line_1_27' title="bbox 615 2595 2275 2669; baseline -0.004 -14"><span class='ocrx_word' id='word_1_182' title='bbox 615 2598 1043 2669; x_wconf 82' lang='lat' dir='ltr'>voluntarium,</span> <span class='ocrx_word' id='word_1_183' title='bbox 1085 2612 1195 2653; x_wconf 91' lang='lat' dir='ltr'>nec</span> <span class='ocrx_word' id='word_1_184' title='bbox 1226 2597 1288 2652; x_wconf 93' lang='lat' dir='ltr'>in</span> <span class='ocrx_word' id='word_1_185' title='bbox 1335 2600 1544 2651; x_wconf 88' lang='lat' dir='ltr'>nostra</span> <span class='ocrx_word' id='word_1_186' title='bbox 1574 2599 1866 2668; x_wconf 89' lang='lat' dir='ltr'>potestate</span> <span class='ocrx_word' id='word_1_187' title='bbox 1909 2595 2109 2661; x_wconf 89' lang='lat' dir='ltr'>situm,</span> <span class='ocrx_word' id='word_1_188' title='bbox 2151 2608 2275 2649; x_wconf 94' lang='lat' dir='ltr'>non</span> 
     </span>
    </p>
   </div>
   <div class='ocr_carea' id='block_1_28' title="bbox 617 2682 2274 2756">
    <p class='ocr_par' dir='ltr' id='par_1_28' title="bbox 617 2682 2274 2756">
     <span class='ocr_line' id='line_1_28' title="bbox 617 2682 2274 2756; baseline -0.004 -11"><span class='ocrx_word' id='word_1_189' title='bbox 617 2690 818 2746; x_wconf 80' lang='lat' dir='ltr'>tantus</span> <span class='ocrx_word' id='word_1_190' title='bbox 870 2686 1048 2743; x_wconf 88' lang='lat' dir='ltr'>timor</span> <span class='ocrx_word' id='word_1_191' title='bbox 1097 2701 1134 2741; x_wconf 93' lang='lat' dir='ltr'>a</span> <span class='ocrx_word' id='word_1_192' title='bbox 1180 2684 1416 2755; x_wconf 81' lang='lat' dir='ltr'>legibus</span> <span class='ocrx_word' id='word_1_193' title='bbox 1463 2683 1842 2756; x_wconf 89' lang='lat' dir='ltr'>impenderet</span> <span class='ocrx_word' id='word_1_194' title='bbox 1883 2682 2164 2755; x_wconf 88' lang='lat' dir='ltr'>injuriam</span> <span class='ocrx_word' id='word_1_195' title='bbox 2194 2682 2274 2738; x_wconf 90' lang='lat' dir='ltr'>in-</span> 
     </span>
    </p>
   </div>
   <div class='ocr_carea' id='block_1_29' title="bbox 604 2768 2272 2844">
    <p class='ocr_par' dir='ltr' id='par_1_29' title="bbox 604 2768 2272 2844">
     <span class='ocr_line' id='line_1_29' title="bbox 604 2768 2272 2844; baseline -0.004 -10"><span class='ocrx_word' id='word_1_196' title='bbox 604 2768 967 2844; x_wconf 74' lang='lat' dir='ltr'>ferentibus,</span> <span class='ocrx_word' id='word_1_197' title='bbox 998 2791 1109 2831; x_wconf 89' lang='lat' dir='ltr'>nec</span> <span class='ocrx_word' id='word_1_198' title='bbox 1138 2779 1263 2830; x_wconf 88' lang='lat' dir='ltr'>tam</span> <span class='ocrx_word' id='word_1_199' title='bbox 1291 2771 1693 2830; x_wconf 79' lang='lat' dir='ltr'>inexorabiles</span> <span class='ocrx_word' id='word_1_200' title='bbox 1751 2778 1949 2828; x_wconf 90' lang='lat' dir='ltr'>essent</span> <span class='ocrx_word' id='word_1_201' title='bbox 1996 2771 2272 2844; x_wconf 88' lang='lat' dir='ltr'>judicum</span> 
     </span>
    </p>
   </div>
   <div class='ocr_carea' id='block_1_30' title="bbox 616 2859 2274 2934">
    <p class='ocr_par' dir='ltr' id='par_1_30' title="bbox 616 2859 2274 2934">
     <span class='ocr_line' id='line_1_30' title="bbox 616 2859 2274 2934; baseline -0.004 -12"><span class='ocrx_word' id='word_1_202' title='bbox 616 2863 1195 2929; x_wconf 79' lang='lat' dir='ltr'>animadversiones,</span> <span class='ocrx_word' id='word_1_203' title='bbox 1227 2861 1451 2934; x_wconf 89' lang='lat' dir='ltr'>quibus</span> <span class='ocrx_word' id='word_1_204' title='bbox 1499 2876 1606 2932; x_wconf 88' lang='lat' dir='ltr'>pro</span> <span class='ocrx_word' id='word_1_205' title='bbox 1633 2861 1857 2916; x_wconf 90' lang='lat' dir='ltr'>meritis</span> <span class='ocrx_word' id='word_1_206' title='bbox 1894 2860 1978 2916; x_wconf 91' lang='lat' dir='ltr'>rei</span> <span class='ocrx_word' id='word_1_207' title='bbox 2007 2859 2274 2932; x_wconf 90' lang='lat' dir='ltr'>plectun-</span> 
     </span>
    </p>
   </div>
   <div class='ocr_carea' id='block_1_31' title="bbox 616 2948 2273 3026">
    <p class='ocr_par' dir='ltr' id='par_1_31' title="bbox 616 2948 2273 3026">
     <span class='ocr_line' id='line_1_31' title="bbox 616 2948 2273 3026; baseline -0.004 -16"><span class='ocrx_word' id='word_1_208' title='bbox 616 2958 730 3011; x_wconf 91' lang='lat' dir='ltr'>tur.</span> <span class='ocrx_word' id='word_1_209' title='bbox 766 2953 845 3026; x_wconf 78' lang='grc'>(4)</span> <span class='ocrx_word' id='word_1_210' title='bbox 888 2954 1037 3009; x_wconf 87' lang='lat' dir='ltr'>Nam</span> <span class='ocrx_word' id='word_1_211' title='bbox 1084 2951 1133 3007; x_wconf 90' lang='lat' dir='ltr'>si</span> <span class='ocrx_word' id='word_1_212' title='bbox 1174 2950 1455 3006; x_wconf 90' lang='lat' dir='ltr'>vitiorum</span> <span class='ocrx_word' id='word_1_213' title='bbox 1509 2954 1615 3006; x_wconf 90' lang='lat' dir='ltr'>aut</span> <span class='ocrx_word' id='word_1_214' title='bbox 1642 2949 1929 3005; x_wconf 82' lang='lat' dir='ltr'>virtutum</span> <span class='ocrx_word' id='word_1_215' title='bbox 1977 2948 2273 3021; x_wconf 90' lang='lat' dir='ltr'>principia</span> 
     </span>
    </p>
   </div>
   <div class='ocr_carea' id='block_1_32' title="bbox 1583 242 3850 311">
    <p class='ocr_par' dir='ltr' id='par_1_32' title="bbox 1583 242 3850 311">
     <span class='ocr_line' id='line_1_32' title="bbox 1583 242 3850 311; baseline 0.005 -12"><span class='ocrx_word' id='word_1_216' title='bbox 1583 245 1944 300; x_wconf 78' lang='lat' dir='ltr'>APPENDIX.</span> <span class='ocrx_word' id='word_1_217' title='bbox 1983 272 2055 284; x_wconf 93' lang='lat'><strong>—</strong></span> <span class='ocrx_word' id='word_1_218' title='bbox 2093 242 2438 305; x_wconf 66' lang='lat' dir='ltr'>SYIEONIS</span> <span class='ocrx_word' id='word_1_219' title='bbox 2476 244 3029 301; x_wconf 66' lang='lat' dir='ltr'>METAPHRASTIE.</span> <span class='ocrx_word' id='word_1_220' title='bbox 3772 254 3850 311; x_wconf 77' lang='lat' dir='ltr'>ua</span> 
     </span>
    </p>
   </div>
   <div class='ocr_carea' id='block_1_33' title="bbox 2313 365 3878 450">
    <p class='ocr_par' dir='ltr' id='par_1_33' title="bbox 2313 365 3878 450">
     <span class='ocr_line' id='line_1_33' title="bbox 2313 365 3878 450; baseline 0.006 -34"><span class='ocrx_word' id='word_1_221' title='bbox 2313 368 2362 423; x_wconf 70' lang='grc' dir='ltr'>Α</span> <span class='ocrx_word' id='word_1_222' title='bbox 2390 365 2686 437; x_wconf 82' lang='grc' dir='ltr'>λάμπουσιν</span> <span class='ocrx_word' id='word_1_223' title='bbox 2714 381 2728 396; x_wconf 84' lang='lat'>&#39;</span> <span class='ocrx_word' id='word_1_224' title='bbox 2784 367 2851 419; x_wconf 81' lang='grc' dir='ltr'>ὧν</span> <span class='ocrx_word' id='word_1_225' title='bbox 2900 373 3171 442; x_wconf 78' lang='grc' dir='ltr'>χαρίεσσα</span> <span class='ocrx_word' id='word_1_226' title='bbox 3347 373 3376 428; x_wconf 67' lang='grc' dir='ltr'>ἡ</span> <span class='ocrx_word' id='word_1_227' title='bbox 3430 370 3713 445; x_wconf 69' lang='grc' dir='ltr'>λαμπρότης,</span> <span class='ocrx_word' id='word_1_228' title='bbox 3747 384 3878 450; x_wconf 68' lang='grc' dir='ltr'>χαριο-</span> 
     </span>
    </p>
   </div>
   <div class='ocr_carea' id='block_1_34' title="bbox 2395 451 3876 533">
    <p class='ocr_par' dir='ltr' id='par_1_34' title="bbox 2395 451 3876 533">
     <span class='ocr_line' id='line_1_34' title="bbox 2395 451 3876 533; baseline 0.007 -26"><span class='ocrx_word' id='word_1_229' title='bbox 2395 474 2569 528; x_wconf 85' lang='grc' dir='ltr'>στερον</span> <span class='ocrx_word' id='word_1_230' title='bbox 2602 451 2661 508; x_wconf 75' lang='grc' dir='ltr'>δὲ</span> <span class='ocrx_word' id='word_1_231' title='bbox 2700 453 2873 515; x_wconf 77' lang='grc' dir='ltr'>δήπου</span> <span class='ocrx_word' id='word_1_232' title='bbox 2929 462 2989 509; x_wconf 87' lang='grc' dir='ltr'>τὸ</span> <span class='ocrx_word' id='word_1_233' title='bbox 3048 455 3459 533; x_wconf 77' lang='grc' dir='ltr'>ἀπροσδόκητον.</span> <span class='ocrx_word' id='word_1_234' title='bbox 3494 467 3703 515; x_wconf 76' lang='grc' dir='ltr'>Τοιοῦτοι</span> <span class='ocrx_word' id='word_1_235' title='bbox 3734 459 3789 523; x_wconf 74' lang='grc' dir='ltr'>δή</span> <span class='ocrx_word' id='word_1_236' title='bbox 3818 486 3876 517; x_wconf 74' lang='grc' dir='ltr'>ιιι</span> 
     </span>
    </p>
   </div>
   <div class='ocr_carea' id='block_1_35' title="bbox 2392 544 3875 622">
    <p class='ocr_par' dir='ltr' id='par_1_35' title="bbox 2392 544 3875 622">
     <span class='ocr_line' id='line_1_35' title="bbox 2392 544 3875 622; baseline 0.007 -28"><span class='ocrx_word' id='word_1_237' title='bbox 2392 544 2554 614; x_wconf 78' lang='grc' dir='ltr'>οὗτοι,</span> <span class='ocrx_word' id='word_1_238' title='bbox 2600 544 2765 615; x_wconf 83' lang='grc' dir='ltr'>ὀλίγοι</span> <span class='ocrx_word' id='word_1_239' title='bbox 2816 546 3075 608; x_wconf 83' lang='grc' dir='ltr'>παντελῶς</span> <span class='ocrx_word' id='word_1_240' title='bbox 3133 553 3221 599; x_wconf 87' lang='grc' dir='ltr'>καὶ</span> <span class='ocrx_word' id='word_1_241' title='bbox 3261 548 3599 621; x_wconf 68' lang='grc' dir='ltr'>εὐαρίθμητοι,</span> <span class='ocrx_word' id='word_1_242' title='bbox 3634 550 3675 601; x_wconf 72' lang='grc' dir='ltr'>ἓν</span> <span class='ocrx_word' id='word_1_243' title='bbox 3707 560 3757 622; x_wconf 71' lang='grc' dir='ltr'>τῇ</span> <span class='ocrx_word' id='word_1_244' title='bbox 3795 572 3875 604; x_wconf 78' lang='grc' dir='ltr'>σκν-</span> 
     </span>
    </p>
   </div>
   <div class='ocr_carea' id='block_1_36' title="bbox 2394 635 3875 709">
    <p class='ocr_par' dir='ltr' id='par_1_36' title="bbox 2394 635 3875 709">
     <span class='ocr_line' id='line_1_36' title="bbox 2394 635 3875 709; baseline 0.007 -24"><span class='ocrx_word' id='word_1_245' title='bbox 2394 635 2572 706; x_wconf 75' lang='grc' dir='ltr'>θρωπῇ</span> <span class='ocrx_word' id='word_1_246' title='bbox 2633 638 2795 707; x_wconf 70' lang='grc' dir='ltr'>ταύτῃ</span> <span class='ocrx_word' id='word_1_247' title='bbox 2854 638 3171 690; x_wconf 77' lang='grc' dir='ltr'>καταστάσει</span> <span class='ocrx_word' id='word_1_248' title='bbox 3227 644 3318 689; x_wconf 78' lang='grc' dir='ltr'>τοῦ</span> <span class='ocrx_word' id='word_1_249' title='bbox 3371 636 3487 709; x_wconf 79' lang='grc' dir='ltr'>βίον</span> <span class='ocrx_word' id='word_1_250' title='bbox 3532 640 3625 690; x_wconf 82' lang='grc' dir='ltr'>οἷον</span> <span class='ocrx_word' id='word_1_251' title='bbox 3662 643 3703 692; x_wconf 76' lang='grc' dir='ltr'>ἓν</span> <span class='ocrx_word' id='word_1_252' title='bbox 3747 660 3875 695; x_wconf 68' lang='grc' dir='ltr'>σκοτο-</span> 
     </span>
    </p>
   </div>
   <div class='ocr_carea' id='block_1_37' title="bbox 2391 719 3874 801">
    <p class='ocr_par' dir='ltr' id='par_1_37' title="bbox 2391 719 3874 801">
     <span class='ocr_line' id='line_1_37' title="bbox 2391 719 3874 801; baseline 0.005 -28"><span class='ocrx_word' id='word_1_253' title='bbox 2391 727 2528 794; x_wconf 77' lang='grc' dir='ltr'>μήνη</span> <span class='ocrx_word' id='word_1_254' title='bbox 2582 719 2995 797; x_wconf 71' lang='grc' dir='ltr'>διαφαινόμενοι,</span> <span class='ocrx_word' id='word_1_255' title='bbox 3026 730 3151 799; x_wconf 88' lang='grc' dir='ltr'>πρὸς</span> <span class='ocrx_word' id='word_1_256' title='bbox 3178 733 3249 797; x_wconf 79' lang='grc' dir='ltr'>τῷ</span> <span class='ocrx_word' id='word_1_257' title='bbox 3279 724 3332 778; x_wconf 69' lang='grc' dir='ltr'>ἐκ</span> <span class='ocrx_word' id='word_1_258' title='bbox 3361 735 3452 788; x_wconf 75' lang='grc' dir='ltr'>τῆς</span> <span class='ocrx_word' id='word_1_259' title='bbox 3488 725 3656 799; x_wconf 80' lang='grc' dir='ltr'>ἀρετῆς</span> <span class='ocrx_word' id='word_1_260' title='bbox 3686 736 3874 801; x_wconf 79' lang='grc' dir='ltr'>χαρίεντι,</span> 
     </span>
    </p>
   </div>
   <div class='ocr_carea' id='block_1_38' title="bbox 2390 813 3877 892">
    <p class='ocr_par' dir='ltr' id='par_1_38' title="bbox 2390 813 3877 892">
     <span class='ocr_line' id='line_1_38' title="bbox 2390 813 3877 892; baseline 0.005 -29"><span class='ocrx_word' id='word_1_261' title='bbox 2390 813 2465 863; x_wconf 77' lang='grc' dir='ltr'>ἔτι</span> <span class='ocrx_word' id='word_1_262' title='bbox 2519 817 2610 865; x_wconf 80' lang='grc' dir='ltr'>καὶ</span> <span class='ocrx_word' id='word_1_263' title='bbox 2672 821 2744 885; x_wconf 75' lang='grc' dir='ltr'>τῷ</span> <span class='ocrx_word' id='word_1_264' title='bbox 2801 819 3001 886; x_wconf 80' lang='grc' dir='ltr'>σπανίῳ</span> <span class='ocrx_word' id='word_1_265' title='bbox 3066 823 3161 877; x_wconf 80' lang='grc' dir='ltr'>τῆς</span> <span class='ocrx_word' id='word_1_266' title='bbox 3221 817 3478 887; x_wconf 68' lang='grc' dir='ltr'>εὑρέσεως,</span> <span class='ocrx_word' id='word_1_267' title='bbox 3514 820 3569 869; x_wconf 83' lang='grc' dir='ltr'>τὸ</span> <span class='ocrx_word' id='word_1_268' title='bbox 3618 820 3877 892; x_wconf 60' lang='grc' dir='ltr'>περιπόθητον</span> 
     </span>
    </p>
   </div>
   <div class='ocr_carea' id='block_1_39' title="bbox 2390 900 3877 977">
    <p class='ocr_par' dir='ltr' id='par_1_39' title="bbox 2390 900 3877 977">
     <span class='ocr_line' id='line_1_39' title="bbox 2390 900 3877 977; baseline 0.005 -26"><span class='ocrx_word' id='word_1_269' title='bbox 2390 902 2617 970; x_wconf 80' lang='grc' dir='ltr'>ἔχοντες.</span> <span class='ocrx_word' id='word_1_270' title='bbox 2674 902 2910 975; x_wconf 80' lang='grc' dir='ltr'>Αἰσχρὸν</span> <span class='ocrx_word' id='word_1_271' title='bbox 2949 900 3028 967; x_wconf 63' lang='grc' dir='ltr'>δὲ,</span> <span class='ocrx_word' id='word_1_272' title='bbox 3075 902 3359 977; x_wconf 73' lang='grc' dir='ltr'>ἀλλοτρίοις</span> <span class='ocrx_word' id='word_1_273' title='bbox 3396 909 3603 976; x_wconf 81' lang='grc' dir='ltr'>κόσμοις</span> <span class='ocrx_word' id='word_1_274' title='bbox 3646 909 3877 977; x_wconf 78' lang='grc' dir='ltr'>κοσμεῖσθιι</span> 
     </span>
    </p>
   </div>
   <div class='ocr_carea' id='block_1_40' title="bbox 2390 989 3339 1065">
    <p class='ocr_par' dir='ltr' id='par_1_40' title="bbox 2390 989 3339 1065">
     <span class='ocr_line' id='line_1_40' title="bbox 2390 989 3339 1065; baseline 0.006 -26"><span class='ocrx_word' id='word_1_275' title='bbox 2390 992 2476 1040; x_wconf 86' lang='grc' dir='ltr'>τὸν</span> <span class='ocrx_word' id='word_1_276' title='bbox 2497 997 2558 1061; x_wconf 75' lang='grc' dir='ltr'>τῇ</span> <span class='ocrx_word' id='word_1_277' title='bbox 2593 990 2757 1061; x_wconf 83' lang='grc' dir='ltr'>οἰκείᾳ</span> <span class='ocrx_word' id='word_1_278' title='bbox 2797 989 2948 1064; x_wconf 72' lang='grc' dir='ltr'>ἀρετῇ</span> <span class='ocrx_word' id='word_1_279' title='bbox 2982 989 3339 1065; x_wconf 74' lang='grc' dir='ltr'>διαφαινοντα.</span> 
     </span>
    </p>
   </div>
   <div class='ocr_carea' id='block_1_41' title="bbox 2462 1168 3881 1244">
    <p class='ocr_par' dir='ltr' id='par_1_41' title="bbox 2462 1168 3881 1244">
     <span class='ocr_line' id='line_1_41' title="bbox 2462 1168 3881 1244; baseline 0.001 -22"><span class='ocrx_word' id='word_1_280' title='bbox 2462 1168 2516 1224; x_wconf 88' lang='grc'>8.</span> <span class='ocrx_word' id='word_1_281' title='bbox 2553 1171 2653 1220; x_wconf 82' lang='grc' dir='ltr'>Καὶ</span> <span class='ocrx_word' id='word_1_282' title='bbox 2682 1174 2756 1240; x_wconf 86' lang='grc' dir='ltr'>μή</span> <span class='ocrx_word' id='word_1_283' title='bbox 2796 1188 2886 1241; x_wconf 92' lang='grc' dir='ltr'>μοι</span> <span class='ocrx_word' id='word_1_284' title='bbox 2922 1169 3036 1243; x_wconf 76' lang='grc' dir='ltr'>λέγε</span> <span class='ocrx_word' id='word_1_285' title='bbox 3071 1174 3214 1244; x_wconf 83' lang='grc' dir='ltr'>παρὰ</span> <span class='ocrx_word' id='word_1_286' title='bbox 3260 1178 3393 1225; x_wconf 82' lang='grc' dir='ltr'>Θεοῦ</span> <span class='ocrx_word' id='word_1_287' title='bbox 3430 1176 3488 1224; x_wconf 86' lang='grc' dir='ltr'>τὸ</span> <span class='ocrx_word' id='word_1_288' title='bbox 3539 1175 3682 1225; x_wconf 84' lang='grc' dir='ltr'>κακὸν</span> <span class='ocrx_word' id='word_1_289' title='bbox 3718 1178 3791 1231; x_wconf 71' lang='grc' dir='ltr'>τὴν</span> <span class='ocrx_word' id='word_1_290' title='bbox 3828 1180 3881 1242; x_wconf 69' lang='grc' dir='ltr'>γι-</span> 
     </span>
    </p>
   </div>
   <div class='ocr_carea' id='block_1_42' title="bbox 2392 1258 3883 1335">
    <p class='ocr_par' dir='ltr' id='par_1_42' title="bbox 2392 1258 3883 1335">
     <span class='ocr_line' id='line_1_42' title="bbox 2392 1258 3883 1335; baseline 0.004 -28"><span class='ocrx_word' id='word_1_291' title='bbox 2392 1262 2530 1308; x_wconf 86' lang='grc' dir='ltr'>νεσίν</span> <span class='ocrx_word' id='word_1_292' title='bbox 2562 1260 2702 1329; x_wconf 77' lang='grc' dir='ltr'>ἔχειν</span> <span class='ocrx_word' id='word_1_293' title='bbox 2728 1275 2740 1287; x_wconf 92' lang='grc'><strong>·</strong></span> <span class='ocrx_word' id='word_1_294' title='bbox 2781 1260 2841 1312; x_wconf 74' lang='grc' dir='ltr'>οὐ</span> <span class='ocrx_word' id='word_1_295' title='bbox 2870 1262 2971 1335; x_wconf 77' lang='grc' dir='ltr'>γὰρ</span> <span class='ocrx_word' id='word_1_296' title='bbox 3004 1260 3200 1322; x_wconf 68' lang='grc' dir='ltr'>εὐσεϐὲς</span> <span class='ocrx_word' id='word_1_297' title='bbox 3238 1270 3412 1332; x_wconf 82' lang='grc' dir='ltr'>τοῦτο,</span> <span class='ocrx_word' id='word_1_298' title='bbox 3452 1258 3542 1315; x_wconf 78' lang='grc' dir='ltr'>διὰ</span> <span class='ocrx_word' id='word_1_299' title='bbox 3574 1266 3628 1314; x_wconf 85' lang='grc' dir='ltr'>τὸ</span> <span class='ocrx_word' id='word_1_300' title='bbox 3652 1259 3788 1335; x_wconf 75' lang='grc' dir='ltr'>μηδεν</span> <span class='ocrx_word' id='word_1_301' title='bbox 3825 1271 3883 1315; x_wconf 63' lang='grc' dir='ltr'>τῶν</span> 
     </span>
    </p>
   </div>
   <div class='ocr_carea' id='block_1_43' title="bbox 2394 1346 3883 1425">
    <p class='ocr_par' dir='ltr' id='par_1_43' title="bbox 2394 1346 3883 1425">
     <span class='ocr_line' id='line_1_43' title="bbox 2394 1346 3883 1425; baseline 0.007 -27"><span class='ocrx_word' id='word_1_302' title='bbox 2394 1346 2631 1399; x_wconf 76' lang='grc' dir='ltr'>ἐναντίων</span> <span class='ocrx_word' id='word_1_303' title='bbox 2668 1351 2813 1422; x_wconf 84' lang='grc' dir='ltr'>παρὰ</span> <span class='ocrx_word' id='word_1_304' title='bbox 2870 1358 2962 1402; x_wconf 81' lang='grc' dir='ltr'>τοῦ</span> <span class='ocrx_word' id='word_1_305' title='bbox 3017 1350 3244 1405; x_wconf 78' lang='grc' dir='ltr'>ἐναντίου</span> <span class='ocrx_word' id='word_1_306' title='bbox 3304 1355 3558 1424; x_wconf 80' lang='grc' dir='ltr'>γίνεσθαι.</span> <span class='ocrx_word' id='word_1_307' title='bbox 3615 1358 3730 1407; x_wconf 73' lang='grc' dir='ltr'>Οὔτε</span> <span class='ocrx_word' id='word_1_308' title='bbox 3774 1356 3883 1425; x_wconf 63' lang='grc' dir='ltr'>γάρὴ</span> 
     </span>
    </p>
   </div>
   <div class='ocr_carea' id='block_1_44' title="bbox 2397 1437 3887 1514">
    <p class='ocr_par' dir='ltr' id='par_1_44' title="bbox 2397 1437 3887 1514">
     <span class='ocr_line' id='line_1_44' title="bbox 2397 1437 3887 1514; baseline 0.004 -27"><span class='ocrx_word' id='word_1_309' title='bbox 2397 1437 2504 1496; x_wconf 74' lang='grc' dir='ltr'>ζωὴ</span> <span class='ocrx_word' id='word_1_310' title='bbox 2575 1438 2789 1490; x_wconf 86' lang='grc' dir='ltr'>Θάνατον</span> <span class='ocrx_word' id='word_1_311' title='bbox 2848 1446 3019 1511; x_wconf 81' lang='grc' dir='ltr'>γεννᾷ,</span> <span class='ocrx_word' id='word_1_312' title='bbox 3095 1444 3213 1493; x_wconf 71' lang='grc' dir='ltr'>οὔτε</span> <span class='ocrx_word' id='word_1_313' title='bbox 3264 1446 3324 1494; x_wconf 87' lang='grc' dir='ltr'>τὸ</span> <span class='ocrx_word' id='word_1_314' title='bbox 3392 1447 3571 1505; x_wconf 85' lang='grc' dir='ltr'>σκότος</span> <span class='ocrx_word' id='word_1_315' title='bbox 3619 1448 3758 1514; x_wconf 63' lang='grc' dir='ltr'>φωτός</span> <span class='ocrx_word' id='word_1_316' title='bbox 3800 1446 3887 1494; x_wconf 70' lang='grc' dir='ltr'>ἐστιν</span> 
     </span>
    </p>
   </div>
   <div class='ocr_carea' id='block_1_45' title="bbox 2397 1524 3889 1605">
    <p class='ocr_par' dir='ltr' id='par_1_45' title="bbox 2397 1524 3889 1605">
     <span class='ocr_line' id='line_1_45' title="bbox 2397 1524 3889 1605; baseline 0.002 -27"><span class='ocrx_word' id='word_1_317' title='bbox 2397 1524 2563 1601; x_wconf 74' lang='grc' dir='ltr'>ἁρχὴ,</span> <span class='ocrx_word' id='word_1_318' title='bbox 2598 1530 2715 1580; x_wconf 76' lang='grc' dir='ltr'>οὔτε</span> <span class='ocrx_word' id='word_1_319' title='bbox 2770 1530 2801 1587; x_wconf 75' lang='grc' dir='ltr'>η</span> <span class='ocrx_word' id='word_1_320' title='bbox 2853 1533 3004 1590; x_wconf 84' lang='grc' dir='ltr'>νόσος</span> <span class='ocrx_word' id='word_1_321' title='bbox 3037 1531 3216 1602; x_wconf 74' lang='grc' dir='ltr'>ὑγείας</span> <span class='ocrx_word' id='word_1_322' title='bbox 3254 1527 3574 1605; x_wconf 84' lang='grc' dir='ltr'>δημιουργός</span> <span class='ocrx_word' id='word_1_323' title='bbox 3600 1548 3612 1562; x_wconf 83' lang='lat'><strong><em>°</em></strong></span> <span class='ocrx_word' id='word_1_324' title='bbox 3770 1530 3806 1581; x_wconf 74' lang='grc' dir='ltr'>ἐν</span> <span class='ocrx_word' id='word_1_325' title='bbox 3835 1533 3889 1599; x_wconf 68' lang='grc' dir='ltr'>μὲν</span> 
     </span>
    </p>
   </div>
   <div class='ocr_carea' id='block_1_46' title="bbox 2395 1616 3481 1688">
    <p class='ocr_par' dir='ltr' id='par_1_46' title="bbox 2395 1616 3481 1688">
     <span class='ocr_line' id='line_1_46' title="bbox 2395 1616 3481 1688; baseline 0.004 -19"><span class='ocrx_word' id='word_1_326' title='bbox 2395 1622 2511 1678; x_wconf 84' lang='grc' dir='ltr'>ταῖς</span> <span class='ocrx_word' id='word_1_327' title='bbox 2560 1616 2870 1688; x_wconf 82' lang='grc' dir='ltr'>μεταϐολαῖς</span> <span class='ocrx_word' id='word_1_328' title='bbox 2927 1626 3023 1670; x_wconf 74' lang='grc' dir='ltr'>τῶν</span> <span class='ocrx_word' id='word_1_329' title='bbox 3083 1616 3387 1687; x_wconf 77' lang='grc' dir='ltr'>διαθέσεων,</span> <span class='ocrx_word' id='word_1_330' title='bbox 3462 1620 3481 1673; x_wconf 78' lang='grc' dir='ltr'>ε</span> 
     </span>
    </p>
   </div>
   <div class='ocr_carea' id='block_1_47' title="bbox 3462 1618 3890 1674">
    <p class='ocr_par' dir='ltr' id='par_1_47' title="bbox 3462 1618 3890 1674">
     <span class='ocr_line' id='line_1_47' title="bbox 3462 1618 3890 1674; baseline -0.012 0"><span class='ocrx_word' id='word_1_331' title='bbox 3462 1620 3516 1673; x_wconf 71' lang='grc' dir='ltr'>ἐκ</span> <span class='ocrx_word' id='word_1_332' title='bbox 3576 1628 3663 1674; x_wconf 82' lang='grc' dir='ltr'>τῶν</span> <span class='ocrx_word' id='word_1_333' title='bbox 3727 1618 3890 1671; x_wconf 68' lang='grc' dir='ltr'>ἐναντίοι</span> 
     </span>
    </p>
   </div>
   <div class='ocr_carea' id='block_1_48' title="bbox 2324 1706 3891 1781">
    <p class='ocr_par' dir='ltr' id='par_1_48' title="bbox 2324 1706 3891 1781">
     <span class='ocr_line' id='line_1_48' title="bbox 2324 1706 3891 1781; baseline 0.001 -24"><span class='ocrx_word' id='word_1_334' title='bbox 2324 1714 2371 1769; x_wconf 79' lang='grc' dir='ltr'>Β</span> <span class='ocrx_word' id='word_1_335' title='bbox 2397 1709 2528 1781; x_wconf 89' lang='grc' dir='ltr'>πρὸς</span> <span class='ocrx_word' id='word_1_336' title='bbox 2582 1708 2648 1758; x_wconf 78' lang='grc' dir='ltr'>τὰ</span> <span class='ocrx_word' id='word_1_337' title='bbox 2704 1706 2907 1759; x_wconf 79' lang='grc' dir='ltr'>ἐναντία</span> <span class='ocrx_word' id='word_1_338' title='bbox 2944 1709 3000 1759; x_wconf 78' lang='grc' dir='ltr'>αἱ</span> <span class='ocrx_word' id='word_1_339' title='bbox 3042 1712 3389 1780; x_wconf 78' lang='grc' dir='ltr'>μεταστάσεις</span> <span class='ocrx_word' id='word_1_340' title='bbox 3426 1727 3438 1740; x_wconf 91' lang='grc'><strong>·</strong></span> <span class='ocrx_word' id='word_1_341' title='bbox 3478 1710 3524 1762; x_wconf 78' lang='grc' dir='ltr'>ἐν</span> <span class='ocrx_word' id='word_1_342' title='bbox 3576 1706 3629 1762; x_wconf 64' lang='grc' dir='ltr'>δι</span> <span class='ocrx_word' id='word_1_343' title='bbox 3672 1716 3767 1771; x_wconf 84' lang='grc' dir='ltr'>ταῖς</span> <span class='ocrx_word' id='word_1_344' title='bbox 3806 1727 3891 1779; x_wconf 77' lang='grc' dir='ltr'>γενε-</span> 
     </span>
    </p>
   </div>
   <div class='ocr_carea' id='block_1_49' title="bbox 2398 1794 3891 1871">
    <p class='ocr_par' dir='ltr' id='par_1_49' title="bbox 2398 1794 3891 1871">
     <span class='ocr_line' id='line_1_49' title="bbox 2398 1794 3891 1871; baseline 0.004 -26"><span class='ocrx_word' id='word_1_345' title='bbox 2398 1813 2562 1866; x_wconf 76' lang='grc' dir='ltr'>σεσιν,</span> <span class='ocrx_word' id='word_1_346' title='bbox 2618 1794 2712 1846; x_wconf 67' lang='grc' dir='ltr'>οὐκ</span> <span class='ocrx_word' id='word_1_347' title='bbox 2769 1794 2823 1847; x_wconf 75' lang='grc' dir='ltr'>ἐκ</span> <span class='ocrx_word' id='word_1_348' title='bbox 2874 1803 2973 1848; x_wconf 84' lang='grc' dir='ltr'>τῶν</span> <span class='ocrx_word' id='word_1_349' title='bbox 3030 1795 3289 1866; x_wconf 70' lang='grc' dir='ltr'>ἐναντίων,</span> <span class='ocrx_word' id='word_1_350' title='bbox 3333 1798 3439 1851; x_wconf 72' lang='grc' dir='ltr'>ἀλλ’</span> <span class='ocrx_word' id='word_1_351' title='bbox 3491 1802 3544 1851; x_wconf 80' lang='grc' dir='ltr'>ἔκ</span> <span class='ocrx_word' id='word_1_352' title='bbox 3582 1808 3671 1851; x_wconf 81' lang='grc' dir='ltr'>τῶν</span> <span class='ocrx_word' id='word_1_353' title='bbox 3712 1800 3891 1871; x_wconf 66' lang='grc' dir='ltr'>ὁμογενῶν</span> 
     </span>
    </p>
   </div>
   <div class='ocr_carea' id='block_1_50' title="bbox 2390 1882 3889 1961">
    <p class='ocr_par' dir='ltr' id='par_1_50' title="bbox 2390 1882 3889 1961">
     <span class='ocr_line' id='line_1_50' title="bbox 2390 1882 3889 1961; baseline 0 -26"><span class='ocrx_word' id='word_1_354' title='bbox 2390 1882 2608 1935; x_wconf 79' lang='grc' dir='ltr'>ἕκαστον</span> <span class='ocrx_word' id='word_1_355' title='bbox 2670 1892 2770 1935; x_wconf 84' lang='grc' dir='ltr'>τῶν</span> <span class='ocrx_word' id='word_1_356' title='bbox 2824 1891 3101 1958; x_wconf 79' lang='grc' dir='ltr'>γινομένων</span> <span class='ocrx_word' id='word_1_357' title='bbox 3157 1892 3494 1961; x_wconf 76' lang='grc' dir='ltr'>προέρχεται.</span> <span class='ocrx_word' id='word_1_358' title='bbox 3544 1893 3609 1941; x_wconf 88' lang='grc' dir='ltr'>Τὸ</span> <span class='ocrx_word' id='word_1_359' title='bbox 3659 1893 3798 1940; x_wconf 81' lang='grc' dir='ltr'>τοίνυν</span> <span class='ocrx_word' id='word_1_360' title='bbox 3833 1907 3889 1936; x_wconf 80' lang='grc' dir='ltr'>ιι-</span> 
     </span>
    </p>
   </div>
   <div class='ocr_carea' id='block_1_51' title="bbox 2390 1972 3892 2050">
    <p class='ocr_par' dir='ltr' id='par_1_51' title="bbox 2390 1972 3892 2050">
     <span class='ocr_line' id='line_1_51' title="bbox 2390 1972 3892 2050; baseline 0.002 -27"><span class='ocrx_word' id='word_1_361' title='bbox 2390 1976 2478 2023; x_wconf 84' lang='grc' dir='ltr'>κόν</span> <span class='ocrx_word' id='word_1_362' title='bbox 2510 1972 2649 2025; x_wconf 80' lang='grc' dir='ltr'>ἐστιν</span> <span class='ocrx_word' id='word_1_363' title='bbox 2679 1972 2807 2045; x_wconf 75' lang='grc' dir='ltr'>οὐχὶ</span> <span class='ocrx_word' id='word_1_364' title='bbox 2854 1974 3011 2027; x_wconf 71' lang='grc' dir='ltr'>οὐσία</span> <span class='ocrx_word' id='word_1_365' title='bbox 3050 1976 3202 2036; x_wconf 78' lang='grc' dir='ltr'>ζῶσα</span> <span class='ocrx_word' id='word_1_366' title='bbox 3256 1982 3351 2029; x_wconf 81' lang='grc' dir='ltr'>καὶ</span> <span class='ocrx_word' id='word_1_367' title='bbox 3399 1977 3645 2050; x_wconf 74' lang='grc' dir='ltr'>ἔμψυχος,</span> <span class='ocrx_word' id='word_1_368' title='bbox 3697 1975 3798 2029; x_wconf 74' lang='grc' dir='ltr'>ἀλλὰ</span> <span class='ocrx_word' id='word_1_369' title='bbox 3817 1972 3892 2027; x_wconf 63' lang='grc' dir='ltr'>διά·</span> 
     </span>
    </p>
   </div>
   <div class='ocr_carea' id='block_1_52' title="bbox 2391 2060 3893 2141">
    <p class='ocr_par' dir='ltr' id='par_1_52' title="bbox 2391 2060 3893 2141">
     <span class='ocr_line' id='line_1_52' title="bbox 2391 2060 3893 2141; baseline -0.006 -19"><span class='ocrx_word' id='word_1_370' title='bbox 2391 2062 2527 2121; x_wconf 80' lang='grc' dir='ltr'>θεσις</span> <span class='ocrx_word' id='word_1_371' title='bbox 2566 2061 2613 2113; x_wconf 83' lang='grc' dir='ltr'>έν</span> <span class='ocrx_word' id='word_1_372' title='bbox 2674 2062 2829 2135; x_wconf 67' lang='grc' dir='ltr'>ψυχῇ</span> <span class='ocrx_word' id='word_1_373' title='bbox 2889 2062 3129 2128; x_wconf 78' lang='grc' dir='ltr'>ἐναντίως</span> <span class='ocrx_word' id='word_1_374' title='bbox 3184 2068 3392 2137; x_wconf 76' lang='grc' dir='ltr'>ἔχουσα</span> <span class='ocrx_word' id='word_1_375' title='bbox 3440 2070 3565 2138; x_wconf 82' lang='grc' dir='ltr'>πρὸς</span> <span class='ocrx_word' id='word_1_376' title='bbox 3620 2066 3791 2141; x_wconf 73' lang='grc' dir='ltr'>ἀρετήν,</span> <span class='ocrx_word' id='word_1_377' title='bbox 3834 2060 3893 2115; x_wconf 75' lang='grc' dir='ltr'>διὰ</span> 
     </span>
    </p>
   </div>
   <div class='ocr_carea' id='block_1_53' title="bbox 2386 2148 3891 2229">
    <p class='ocr_par' dir='ltr' id='par_1_53' title="bbox 2386 2148 3891 2229">
     <span class='ocr_line' id='line_1_53' title="bbox 2386 2148 3891 2229; baseline 0.007 -29"><span class='ocrx_word' id='word_1_378' title='bbox 2386 2154 2480 2207; x_wconf 85' lang='grc' dir='ltr'>τήν</span> <span class='ocrx_word' id='word_1_379' title='bbox 2538 2148 2638 2202; x_wconf 78' lang='grc' dir='ltr'>ἀπὸ</span> <span class='ocrx_word' id='word_1_380' title='bbox 2690 2159 2781 2204; x_wconf 75' lang='grc' dir='ltr'>τοῦ</span> <span class='ocrx_word' id='word_1_381' title='bbox 2834 2152 2994 2205; x_wconf 84' lang='grc' dir='ltr'>καλοῦ</span> <span class='ocrx_word' id='word_1_382' title='bbox 3060 2154 3139 2223; x_wconf 86' lang='lat'>(6)</span> <span class='ocrx_word' id='word_1_383' title='bbox 3202 2154 3509 2209; x_wconf 78' lang='grc' dir='ltr'>ἀπόπτωσιν</span> <span class='ocrx_word' id='word_1_384' title='bbox 3563 2163 3661 2217; x_wconf 86' lang='grc' dir='ltr'>τοῖς</span> <span class='ocrx_word' id='word_1_385' title='bbox 3713 2156 3891 2229; x_wconf 65' lang='grc' dir='ltr'>ῥᾳθύμοις</span> 
     </span>
    </p>
   </div>
   <div class='ocr_carea' id='block_1_54' title="bbox 2387 2238 3891 2315">
    <p class='ocr_par' dir='ltr' id='par_1_54' title="bbox 2387 2238 3891 2315">
     <span class='ocr_line' id='line_1_54' title="bbox 2387 2238 3891 2315; baseline 0.001 -26"><span class='ocrx_word' id='word_1_386' title='bbox 2387 2238 2710 2312; x_wconf 65' lang='grc' dir='ltr'>ἐγγινομένη.</span> <span class='ocrx_word' id='word_1_387' title='bbox 2744 2244 2829 2299; x_wconf 76' lang='grc' dir='ltr'>Μή</span> <span class='ocrx_word' id='word_1_388' title='bbox 2890 2247 3059 2294; x_wconf 84' lang='grc' dir='ltr'>τοίνυν</span> <span class='ocrx_word' id='word_1_389' title='bbox 3118 2244 3300 2306; x_wconf 79' lang='grc' dir='ltr'>ἔξωθεν</span> <span class='ocrx_word' id='word_1_390' title='bbox 3354 2248 3411 2297; x_wconf 81' lang='grc' dir='ltr'>τὸ</span> <span class='ocrx_word' id='word_1_391' title='bbox 3465 2248 3615 2298; x_wconf 80' lang='grc' dir='ltr'>κακὸν</span> <span class='ocrx_word' id='word_1_392' title='bbox 3654 2248 3891 2315; x_wconf 72' lang='grc' dir='ltr'>περισκόπει,</span> 
     </span>
    </p>
   </div>
   <div class='ocr_carea' id='block_1_55' title="bbox 2384 2324 3891 2408">
    <p class='ocr_par' dir='ltr' id='par_1_55' title="bbox 2384 2324 3891 2408">
     <span class='ocr_line' id='line_1_55' title="bbox 2384 2324 3891 2408; baseline 0.008 -29"><span class='ocrx_word' id='word_1_393' title='bbox 2384 2324 2524 2400; x_wconf 65' lang='grc' dir='ltr'>μηδὲ</span> <span class='ocrx_word' id='word_1_394' title='bbox 2592 2326 2876 2401; x_wconf 74' lang='grc' dir='ltr'>ἀρχέγονον</span> <span class='ocrx_word' id='word_1_395' title='bbox 2942 2350 3061 2383; x_wconf 92' lang='grc' dir='ltr'>τινα</span> <span class='ocrx_word' id='word_1_396' title='bbox 3132 2336 3293 2404; x_wconf 66' lang='grc' dir='ltr'>φύσιν</span> <span class='ocrx_word' id='word_1_397' title='bbox 3367 2338 3614 2408; x_wconf 77' lang='grc' dir='ltr'>πονηρίας</span> <span class='ocrx_word' id='word_1_398' title='bbox 3669 2332 3891 2404; x_wconf 63' lang='grc' dir='ltr'>φατάξον³</span> 
     </span>
    </p>
   </div>
   <div class='ocr_carea' id='block_1_56' title="bbox 2386 2414 3893 2493">
    <p class='ocr_par' dir='ltr' id='par_1_56' title="bbox 2386 2414 3893 2493">
     <span class='ocr_line' id='line_1_56' title="bbox 2386 2414 3893 2493; baseline 0.005 -26"><span class='ocrx_word' id='word_1_399' title='bbox 2386 2414 2512 2468; x_wconf 74' lang='grc' dir='ltr'>ἀλλὰ</span> <span class='ocrx_word' id='word_1_400' title='bbox 2555 2425 2651 2478; x_wconf 87' lang='grc' dir='ltr'>τῆς</span> <span class='ocrx_word' id='word_1_401' title='bbox 2703 2417 2750 2469; x_wconf 82' lang='grc' dir='ltr'>ἐν</span> <span class='ocrx_word' id='word_1_402' title='bbox 2791 2417 2957 2470; x_wconf 72' lang='grc' dir='ltr'>ἑαυτῶ</span> <span class='ocrx_word' id='word_1_403' title='bbox 3012 2426 3201 2482; x_wconf 87' lang='grc' dir='ltr'>κακίας</span> <span class='ocrx_word' id='word_1_404' title='bbox 3257 2422 3479 2484; x_wconf 80' lang='grc' dir='ltr'>ἕκαστος</span> <span class='ocrx_word' id='word_1_405' title='bbox 3529 2422 3691 2475; x_wconf 76' lang='grc' dir='ltr'>ἑαυτὸν</span> 
     </span>
    </p>
   </div>
   <div class='ocr_carea' id='block_1_57' title="bbox 2382 2507 3891 2585">
    <p class='ocr_par' dir='ltr' id='par_1_57' title="bbox 2382 2507 3891 2585">
     <span class='ocr_line' id='line_1_57' title="bbox 2382 2507 3891 2585; baseline -0.006 -17"><span class='ocrx_word' id='word_1_406' title='bbox 2382 2507 2697 2580; x_wconf 65' lang='grc' dir='ltr'>γνωριζέτω.</span> <span class='ocrx_word' id='word_1_407' title='bbox 2744 2507 2819 2559; x_wconf 68' lang='grc' dir='ltr'>Οὐ</span> <span class='ocrx_word' id='word_1_408' title='bbox 2865 2512 2967 2584; x_wconf 74' lang='grc' dir='ltr'>’γὰρ</span> <span class='ocrx_word' id='word_1_409' title='bbox 3016 2509 3099 2579; x_wconf 86' lang='grc' dir='ltr'>ἆν,</span> <span class='ocrx_word' id='word_1_410' title='bbox 3154 2513 3297 2585; x_wconf 81' lang='grc' dir='ltr'>εἴπερ</span> <span class='ocrx_word' id='word_1_411' title='bbox 3340 2511 3582 2565; x_wconf 77' lang='grc' dir='ltr'>ἀκούσιον</span> <span class='ocrx_word' id='word_1_412' title='bbox 3625 2508 3695 2576; x_wconf 73' lang='grc' dir='ltr'>ἦν,</span> <span class='ocrx_word' id='word_1_413' title='bbox 3742 2514 3805 2560; x_wconf 74' lang='grc' dir='ltr'>καὶ</span> <span class='ocrx_word' id='word_1_414' title='bbox 3846 2512 3891 2577; x_wconf 65' lang='grc' dir='ltr'>μὴ</span> 
     </span>
    </p>
   </div>
   <div class='ocr_carea' id='block_1_58' title="bbox 2385 2594 3893 2674">
    <p class='ocr_par' dir='ltr' id='par_1_58' title="bbox 2385 2594 3893 2674">
     <span class='ocr_line' id='line_1_58' title="bbox 2385 2594 3893 2674; baseline 0.004 -27"><span class='ocrx_word' id='word_1_415' title='bbox 2385 2594 2461 2668; x_wconf 71' lang='grc' dir='ltr'>ἐφ’</span> <span class='ocrx_word' id='word_1_416' title='bbox 2500 2598 2646 2669; x_wconf 77' lang='grc' dir='ltr'>ἡμῖν,</span> <span class='ocrx_word' id='word_1_417' title='bbox 2704 2605 2950 2659; x_wconf 83' lang='grc' dir='ltr'>τοσοῦτος</span> <span class='ocrx_word' id='word_1_418' title='bbox 3006 2602 3098 2671; x_wconf 69' lang='grc' dir='ltr'>μεν</span> <span class='ocrx_word' id='word_1_419' title='bbox 3146 2600 3200 2653; x_wconf 79' lang='grc' dir='ltr'>ἐκ</span> <span class='ocrx_word' id='word_1_420' title='bbox 3238 2609 3342 2653; x_wconf 87' lang='grc' dir='ltr'>τῶν</span> <span class='ocrx_word' id='word_1_421' title='bbox 3393 2606 3555 2674; x_wconf 82' lang='grc' dir='ltr'>νόμων</span> <span class='ocrx_word' id='word_1_422' title='bbox 3592 2603 3616 2654; x_wconf 91' lang='lat'>6</span> <span class='ocrx_word' id='word_1_423' title='bbox 3663 2599 3784 2673; x_wconf 63' lang='grc' dir='ltr'>φόϐος</span> <span class='ocrx_word' id='word_1_424' title='bbox 3825 2602 3893 2653; x_wconf 78' lang='grc' dir='ltr'>τοῖς</span> 
     </span>
    </p>
   </div>
   <div class='ocr_carea' id='block_1_59' title="bbox 2384 2681 3965 2764">
    <p class='ocr_par' dir='ltr' id='par_1_59' title="bbox 2384 2681 3965 2764">
     <span class='ocr_line' id='line_1_59' title="bbox 2384 2681 3965 2764; baseline 0 -28"><span class='ocrx_word' id='word_1_425' title='bbox 2384 2681 2663 2738; x_wconf 76' lang='grc' dir='ltr'>ἀδικοῦσιν</span> <span class='ocrx_word' id='word_1_426' title='bbox 2717 2686 2999 2761; x_wconf 76' lang='grc' dir='ltr'>ἐπήρτητο,</span> <span class='ocrx_word' id='word_1_427' title='bbox 3042 2689 3177 2741; x_wconf 73' lang='grc' dir='ltr'>οὕτω</span> <span class='ocrx_word' id='word_1_428' title='bbox 3218 2686 3278 2743; x_wconf 67' lang='grc' dir='ltr'><strong>δί</strong></span> <span class='ocrx_word' id='word_1_429' title='bbox 3342 2690 3677 2764; x_wconf 66' lang='grc' dir='ltr'>ἀπαραίτητοι</span> <span class='ocrx_word' id='word_1_430' title='bbox 3719 2696 3794 2741; x_wconf 75' lang='grc' dir='ltr'>τύν</span> <span class='ocrx_word' id='word_1_431' title='bbox 3834 2683 3891 2737; x_wconf 75' lang='grc' dir='ltr'>δι·</span> <span class='ocrx_word' id='word_1_432' title='bbox 3964 2728 3965 2764; x_wconf 31' lang='lat'>1</span> 
     </span>
    </p>
   </div>
   <div class='ocr_carea' id='block_1_60' title="bbox 2381 2776 3891 2852">
    <p class='ocr_par' dir='ltr' id='par_1_60' title="bbox 2381 2776 3891 2852">
     <span class='ocr_line' id='line_1_60' title="bbox 2381 2776 3891 2852; baseline 0.001 -27"><span class='ocrx_word' id='word_1_433' title='bbox 2381 2779 2674 2849; x_wconf 83' lang='grc' dir='ltr'>καστηρίων</span> <span class='ocrx_word' id='word_1_434' title='bbox 2714 2778 2769 2827; x_wconf 82' lang='grc' dir='ltr'>αἱ</span> <span class='ocrx_word' id='word_1_435' title='bbox 2806 2776 3062 2845; x_wconf 80' lang='grc' dir='ltr'>κολάσεις,</span> <span class='ocrx_word' id='word_1_436' title='bbox 3104 2780 3162 2831; x_wconf 87' lang='grc' dir='ltr'>τὸ</span> <span class='ocrx_word' id='word_1_437' title='bbox 3210 2783 3343 2852; x_wconf 84' lang='grc' dir='ltr'>πρὸς</span> <span class='ocrx_word' id='word_1_438' title='bbox 3402 2779 3547 2843; x_wconf 72' lang='grc' dir='ltr'>ἀξίαν</span> <span class='ocrx_word' id='word_1_439' title='bbox 3596 2786 3693 2842; x_wconf 85' lang='grc' dir='ltr'>τοῖς</span> <span class='ocrx_word' id='word_1_440' title='bbox 3733 2779 3891 2847; x_wconf 69' lang='grc' dir='ltr'>ιιιιούρ⁹</span> 
     </span>
    </p>
   </div>
   <div class='ocr_carea' id='block_1_61' title="bbox 2381 2863 3890 2942">
    <p class='ocr_par' dir='ltr' id='par_1_61' title="bbox 2381 2863 3890 2942">
     <span class='ocr_line' id='line_1_61' title="bbox 2381 2863 3890 2942; baseline 0.001 -29"><span class='ocrx_word' id='word_1_441' title='bbox 2381 2882 2497 2934; x_wconf 86' lang='grc' dir='ltr'>γοις</span> <span class='ocrx_word' id='word_1_442' title='bbox 2556 2863 2978 2938; x_wconf 79' lang='grc' dir='ltr'>ἀντιμετροῡσαι.</span> <span class='ocrx_word' id='word_1_443' title='bbox 3036 2867 3097 2919; x_wconf 85' lang='grc' dir='ltr'><strong>Εἰ</strong></span> <span class='ocrx_word' id='word_1_444' title='bbox 3143 2871 3243 2942; x_wconf 80' lang='grc' dir='ltr'>γὰρ</span> <span class='ocrx_word' id='word_1_445' title='bbox 3316 2880 3418 2921; x_wconf 82' lang='grc' dir='ltr'>τῶν</span> <span class='ocrx_word' id='word_1_446' title='bbox 3458 2874 3582 2923; x_wconf 80' lang='grc' dir='ltr'>κατὰ</span> <span class='ocrx_word' id='word_1_447' title='bbox 3638 2873 3787 2921; x_wconf 72' lang='grc' dir='ltr'>κακίαι</span> <span class='ocrx_word' id='word_1_448' title='bbox 3833 2886 3890 2915; x_wconf 74' lang='grc' dir='ltr'>κει</span> 
     </span>
    </p>
   </div>
   <div class='ocr_carea' id='block_1_62' title="bbox 2386 2950 3890 3033">
    <p class='ocr_par' dir='ltr' id='par_1_62' title="bbox 2386 2950 3890 3033">
     <span class='ocr_line' id='line_1_62' title="bbox 2386 2950 3890 3033; baseline 0.001 -30"><span class='ocrx_word' id='word_1_449' title='bbox 2386 2950 2573 3025; x_wconf 82' lang='grc' dir='ltr'>ἀρετήν</span> <span class='ocrx_word' id='word_1_450' title='bbox 2619 2952 2974 3027; x_wconf 70' lang='grc' dir='ltr'>ἐνεργημάτων</span> <span class='ocrx_word' id='word_1_451' title='bbox 3022 2955 3116 3007; x_wconf 73' lang='grc' dir='ltr'>οὐκ</span> <span class='ocrx_word' id='word_1_452' title='bbox 3181 2957 3236 3009; x_wconf 83' lang='grc' dir='ltr'>ἐκ</span> <span class='ocrx_word' id='word_1_453' title='bbox 3289 2967 3384 3011; x_wconf 79' lang='grc' dir='ltr'>τοῦ</span> <span class='ocrx_word' id='word_1_454' title='bbox 3429 2960 3503 3033; x_wconf 67' lang='grc' dir='ltr'>ἐφ’</span> <span class='ocrx_word' id='word_1_455' title='bbox 3545 2963 3658 3032; x_wconf 75' lang='grc' dir='ltr'>ἡμῖν</span> <span class='ocrx_word' id='word_1_456' title='bbox 3699 2958 3801 3010; x_wconf 80' lang='grc' dir='ltr'>εἰσιν</span> <span class='ocrx_word' id='word_1_457' title='bbox 3832 2954 3890 3027; x_wconf 75' lang='grc' dir='ltr'>ἀρ·</span> 
     </span>
    </p>
   </div>
   <div class='ocr_carea' id='block_1_63' title="bbox 617 3036 2279 3122">
    <p class='ocr_par' dir='ltr' id='par_1_63' title="bbox 617 3036 2271 3105">
     <span class='ocr_line' id='line_1_63' title="bbox 617 3036 2271 3105; baseline -0.005 -4"><span class='ocrx_word' id='word_1_458' title='bbox 617 3059 741 3101; x_wconf 88' lang='lat' dir='ltr'>non</span> <span class='ocrx_word' id='word_1_459' title='bbox 771 3046 911 3098; x_wconf 90' lang='lat' dir='ltr'>sunt</span> <span class='ocrx_word' id='word_1_460' title='bbox 938 3042 999 3097; x_wconf 91' lang='lat' dir='ltr'>in</span> <span class='ocrx_word' id='word_1_461' title='bbox 1028 3039 1202 3097; x_wconf 90' lang='lat' dir='ltr'>nobis</span> <span class='ocrx_word' id='word_1_462' title='bbox 1241 3040 1373 3105; x_wconf 84' lang='lat' dir='ltr'>sita,</span> <span class='ocrx_word' id='word_1_463' title='bbox 1407 3038 1516 3094; x_wconf 92' lang='lat' dir='ltr'>sed</span> <span class='ocrx_word' id='word_1_464' title='bbox 1570 3042 1709 3093; x_wconf 88' lang='lat' dir='ltr'>sunt</span> <span class='ocrx_word' id='word_1_465' title='bbox 1758 3038 2142 3094; x_wconf 88' lang='lat' dir='ltr'>necessitates</span> <span class='ocrx_word' id='word_1_466' title='bbox 2194 3036 2271 3093; x_wconf 91' lang='lat' dir='ltr'>ab</span> 
     </span>
    </p>
   </div>
   <div class='ocr_carea' id='block_1_64' title="bbox 2335 3036 3891 3122">
    <p class='ocr_par' dir='ltr' id='par_1_64' title="bbox 2335 3038 3891 3122">
     <span class='ocr_line' id='line_1_64' title="bbox 2335 3038 3891 3122; baseline 0.004 -31"><span class='ocrx_word' id='word_1_467' title='bbox 2335 3066 2346 3122; x_wconf 55' lang='grc' dir='ltr'>ι</span> <span class='ocrx_word' id='word_1_468' title='bbox 2381 3045 2506 3112; x_wconf 82' lang='grc' dir='ltr'>χαὶ,</span> <span class='ocrx_word' id='word_1_469' title='bbox 2561 3038 2671 3093; x_wconf 83' lang='grc' dir='ltr'>ἀλλ’</span> <span class='ocrx_word' id='word_1_470' title='bbox 2719 3042 2774 3094; x_wconf 80' lang='grc' dir='ltr'>ἐκ</span> <span class='ocrx_word' id='word_1_471' title='bbox 2831 3050 2920 3104; x_wconf 82' lang='grc' dir='ltr'>τῆς</span> <span class='ocrx_word' id='word_1_472' title='bbox 2958 3047 3160 3117; x_wconf 76' lang='grc' dir='ltr'>φύσεως</span> <span class='ocrx_word' id='word_1_473' title='bbox 3214 3049 3267 3099; x_wconf 80' lang='grc' dir='ltr'>αἱ</span> <span class='ocrx_word' id='word_1_474' title='bbox 3313 3046 3555 3120; x_wconf 77' lang='grc' dir='ltr'>ἀνάγκαι,</span> <span class='ocrx_word' id='word_1_475' title='bbox 3609 3051 3799 3122; x_wconf 79' lang='grc' dir='ltr'>περιττοὶ</span> 
     </span>
    </p>
   </div>
   <div class='ocr_carea' id='block_1_65' title="bbox 619 3126 2273 3203">
    <p class='ocr_par' dir='ltr' id='par_1_65' title="bbox 619 3126 2273 3203">
     <span class='ocr_line' id='line_1_65' title="bbox 619 3126 2273 3203; baseline -0.005 -13"><span class='ocrx_word' id='word_1_476' title='bbox 619 3137 756 3190; x_wconf 90' lang='lat' dir='ltr'>ortu</span> <span class='ocrx_word' id='word_1_477' title='bbox 792 3129 1169 3203; x_wconf 87' lang='lat' dir='ltr'>pendentes:</span> <span class='ocrx_word' id='word_1_478' title='bbox 1229 3126 1467 3184; x_wconf 85' lang='lat' dir='ltr'>inutiles</span> <span class='ocrx_word' id='word_1_479' title='bbox 1527 3131 1667 3183; x_wconf 90' lang='lat' dir='ltr'>sunt</span> <span class='ocrx_word' id='word_1_480' title='bbox 1720 3126 2112 3197; x_wconf 86' lang='lat' dir='ltr'>legislatores,</span> <span class='ocrx_word' id='word_1_481' title='bbox 2168 3126 2273 3198; x_wconf 88' lang='lat' dir='ltr'>qui</span> 
     </span>
    </p>
   </div>
   <div class='ocr_carea' id='block_1_66' title="bbox 607 3215 2275 3289">
    <p class='ocr_par' dir='ltr' id='par_1_66' title="bbox 607 3215 2275 3289">
     <span class='ocr_line' id='line_1_66' title="bbox 607 3215 2275 3289; baseline -0.004 -12"><span class='ocrx_word' id='word_1_482' title='bbox 607 3220 795 3278; x_wconf 84' lang='lat' dir='ltr'>&#39;nobis</span> <span class='ocrx_word' id='word_1_483' title='bbox 824 3218 1065 3289; x_wconf 87' lang='lat' dir='ltr'>agenda</span> <span class='ocrx_word' id='word_1_484' title='bbox 1106 3234 1177 3274; x_wconf 89' lang='lat' dir='ltr'>ac</span> <span class='ocrx_word' id='word_1_485' title='bbox 1230 3216 1518 3287; x_wconf 85' lang='lat' dir='ltr'>fugienda</span> <span class='ocrx_word' id='word_1_486' title='bbox 1565 3216 1961 3288; x_wconf 64' lang='lat' dir='ltr'>praescribunt</span> <span class='ocrx_word' id='word_1_487' title='bbox 1992 3233 2006 3271; x_wconf 87' lang='lat'><strong>:</strong></span> <span class='ocrx_word' id='word_1_488' title='bbox 2038 3215 2275 3271; x_wconf 87' lang='lat' dir='ltr'>inutiles</span> 
     </span>
    </p>
   </div>
   <div class='ocr_carea' id='block_1_67' title="bbox 606 3305 2276 3382">
    <p class='ocr_par' dir='ltr' id='par_1_67' title="bbox 606 3305 2276 3382">
     <span class='ocr_line' id='line_1_67' title="bbox 606 3305 2276 3382; baseline -0.003 -17"><span class='ocrx_word' id='word_1_489' title='bbox 606 3323 869 3382; x_wconf 84' lang='lat' dir='ltr'>quoque</span> <span class='ocrx_word' id='word_1_490' title='bbox 929 3307 1188 3377; x_wconf 88' lang='lat' dir='ltr'>judices,</span> <span class='ocrx_word' id='word_1_491' title='bbox 1252 3306 1358 3379; x_wconf 90' lang='lat' dir='ltr'>qui</span> <span class='ocrx_word' id='word_1_492' title='bbox 1414 3306 1693 3361; x_wconf 86' lang='lat' dir='ltr'>virtutem</span> <span class='ocrx_word' id='word_1_493' title='bbox 1756 3305 2007 3374; x_wconf 90' lang='lat' dir='ltr'>honore,</span> <span class='ocrx_word' id='word_1_494' title='bbox 2067 3305 2276 3361; x_wconf 88' lang='lat' dir='ltr'>vitium</span> 
     </span>
    </p>
   </div>
   <div class='ocr_carea' id='block_1_68' title="bbox 606 3393 2278 3470">
    <p class='ocr_par' dir='ltr' id='par_1_68' title="bbox 606 3393 2278 3470">
     <span class='ocr_line' id='line_1_68' title="bbox 606 3393 2278 3470; baseline 0.001 -23"><span class='ocrx_word' id='word_1_495' title='bbox 606 3397 819 3470; x_wconf 72' lang='lat' dir='ltr'>.pmnis</span> <span class='ocrx_word' id='word_1_496' title='bbox 845 3394 1135 3453; x_wconf 82' lang='lat' dir='ltr'>afﬁciunt.</span> <span class='ocrx_word' id='word_1_497' title='bbox 1169 3398 1298 3451; x_wconf 82' lang='lat' dir='ltr'>Non</span> <span class='ocrx_word' id='word_1_498' title='bbox 1328 3394 1491 3450; x_wconf 89' lang='lat' dir='ltr'>enim</span> <span class='ocrx_word' id='word_1_499' title='bbox 1519 3393 1666 3450; x_wconf 90' lang='lat' dir='ltr'>furis</span> <span class='ocrx_word' id='word_1_500' title='bbox 1714 3397 1805 3449; x_wconf 87' lang='lat' dir='ltr'>est</span> <span class='ocrx_word' id='word_1_501' title='bbox 1833 3393 2138 3466; x_wconf 87' lang='lat' dir='ltr'>iniquitas,</span> <span class='ocrx_word' id='word_1_502' title='bbox 2179 3408 2278 3448; x_wconf 89' lang='lat' dir='ltr'>ne-</span> 
     </span>
    </p>
   </div>
   <div class='ocr_carea' id='block_1_69' title="bbox 608 3482 2278 3559">
    <p class='ocr_par' dir='ltr' id='par_1_69' title="bbox 608 3482 2278 3559">
     <span class='ocr_line' id='line_1_69' title="bbox 608 3482 2278 3559; baseline -0.004 -15"><span class='ocrx_word' id='word_1_503' title='bbox 608 3501 746 3559; x_wconf 75' lang='lat' dir='ltr'>.que</span> <span class='ocrx_word' id='word_1_504' title='bbox 783 3484 1125 3553; x_wconf 73' lang='lat' dir='ltr'>homicidm,</span> <span class='ocrx_word' id='word_1_505' title='bbox 1156 3484 1261 3556; x_wconf 91' lang='lat' dir='ltr'>qui</span> <span class='ocrx_word' id='word_1_506' title='bbox 1285 3498 1360 3539; x_wconf 91' lang='lat' dir='ltr'>ne</span> <span class='ocrx_word' id='word_1_507' title='bbox 1390 3484 1596 3540; x_wconf 89' lang='lat' dir='ltr'>volens</span> <span class='ocrx_word' id='word_1_508' title='bbox 1626 3482 1875 3555; x_wconf 89' lang='lat' dir='ltr'>quidem</span> <span class='ocrx_word' id='word_1_509' title='bbox 1897 3486 2129 3555; x_wconf 90' lang='lat' dir='ltr'>poterat</span> <span class='ocrx_word' id='word_1_510' title='bbox 2155 3497 2278 3538; x_wconf 84' lang='lat' dir='ltr'>ma-</span> 
     </span>
    </p>
   </div>
   <div class='ocr_carea' id='block_1_70' title="bbox 627 3571 2279 3641">
    <p class='ocr_par' dir='ltr' id='par_1_70' title="bbox 627 3571 2279 3641">
     <span class='ocr_line' id='line_1_70' title="bbox 627 3571 2279 3641; baseline -0.002 -10"><span class='ocrx_word' id='word_1_511' title='bbox 627 3590 779 3631; x_wconf 90' lang='lat' dir='ltr'>num</span> <span class='ocrx_word' id='word_1_512' title='bbox 836 3573 1162 3641; x_wconf 90' lang='lat' dir='ltr'>continere,</span> <span class='ocrx_word' id='word_1_513' title='bbox 1222 3573 1303 3628; x_wconf 93' lang='lat' dir='ltr'>ob</span> <span class='ocrx_word' id='word_1_514' title='bbox 1358 3571 1807 3629; x_wconf 90' lang='lat' dir='ltr'>ineluctabilem</span> <span class='ocrx_word' id='word_1_515' title='bbox 1863 3574 2279 3628; x_wconf 87' lang='lat' dir='ltr'>necessitatem</span> 
     </span>
    </p>
   </div>
   <div class='ocr_carea' id='block_1_71' title="bbox 606 3660 2280 3737">
    <p class='ocr_par' dir='ltr' id='par_1_71' title="bbox 606 3660 2280 3737">
     <span class='ocr_line' id='line_1_71' title="bbox 606 3660 2280 3737; baseline -0.001 -17"><span class='ocrx_word' id='word_1_516' title='bbox 606 3665 835 3737; x_wconf 65' lang='lat' dir='ltr'>ipsum</span> <span class='ocrx_word' id='word_1_517' title='bbox 860 3662 939 3719; x_wconf 94' lang='lat' dir='ltr'>ad</span> <span class='ocrx_word' id='word_1_518' title='bbox 969 3660 1277 3733; x_wconf 87' lang='lat' dir='ltr'>agendum</span> <span class='ocrx_word' id='word_1_519' title='bbox 1296 3660 2048 3733; x_wconf 85' lang='lat' dir='ltr'>impellentem.Vanissimi</span> <span class='ocrx_word' id='word_1_520' title='bbox 2078 3666 2280 3718; x_wconf 91' lang='lat' dir='ltr'>autem</span> 
     </span>
    </p>
   </div>
   <div class='ocr_carea' id='block_1_72' title="bbox 628 3749 2284 3828">
    <p class='ocr_par' dir='ltr' id='par_1_72' title="bbox 628 3749 2284 3828">
     <span class='ocr_line' id='line_1_72' title="bbox 628 3749 2284 3828; baseline -0.003 -17"><span class='ocrx_word' id='word_1_521' title='bbox 628 3753 897 3828; x_wconf 88' lang='lat' dir='ltr'>profecto</span> <span class='ocrx_word' id='word_1_522' title='bbox 926 3753 1029 3825; x_wconf 90' lang='lat' dir='ltr'>qui</span> <span class='ocrx_word' id='word_1_523' title='bbox 1048 3756 1204 3809; x_wconf 87' lang='lat' dir='ltr'>artes</span> <span class='ocrx_word' id='word_1_524' title='bbox 1222 3751 1533 3808; x_wconf 80' lang='lat' dir='ltr'>excolunt:</span> <span class='ocrx_word' id='word_1_525' title='bbox 1556 3752 1784 3823; x_wconf 90' lang='lat' dir='ltr'>quippe</span> <span class='ocrx_word' id='word_1_526' title='bbox 1799 3749 2073 3819; x_wconf 85' lang='lat' dir='ltr'>frugibus</span> <span class='ocrx_word' id='word_1_527' title='bbox 2092 3751 2284 3806; x_wconf 87' lang='lat' dir='ltr'>abun-</span> 
     </span>
    </p>
   </div>
   <div class='ocr_carea' id='block_1_73' title="bbox 629 3839 2283 3914">
    <p class='ocr_par' dir='ltr' id='par_1_73' title="bbox 629 3839 2283 3914">
     <span class='ocr_line' id='line_1_73' title="bbox 629 3839 2283 3914; baseline -0.001 -15"><span class='ocrx_word' id='word_1_528' title='bbox 629 3842 801 3899; x_wconf 90' lang='lat' dir='ltr'>dabit</span> <span class='ocrx_word' id='word_1_529' title='bbox 828 3842 1111 3914; x_wconf 86' lang='lat' dir='ltr'>agricola,</span> <span class='ocrx_word' id='word_1_530' title='bbox 1163 3841 1404 3898; x_wconf 88' lang='lat' dir='ltr'>tametsi</span> <span class='ocrx_word' id='word_1_531' title='bbox 1458 3855 1655 3912; x_wconf 91' lang='lat' dir='ltr'>neque</span> <span class='ocrx_word' id='word_1_532' title='bbox 1712 3839 1945 3896; x_wconf 89' lang='lat' dir='ltr'>semina</span> <span class='ocrx_word' id='word_1_533' title='bbox 1972 3840 2033 3895; x_wconf 90' lang='lat' dir='ltr'>in</span> <span class='ocrx_word' id='word_1_534' title='bbox 2062 3844 2283 3897; x_wconf 86' lang='lat' dir='ltr'>terram</span> 
     </span>
    </p>
   </div>
   <div class='ocr_carea' id='block_1_74' title="bbox 604 3928 2279 4002">
    <p class='ocr_par' dir='ltr' id='par_1_74' title="bbox 604 3928 2279 4002">
     <span class='ocr_line' id='line_1_74' title="bbox 604 3928 2279 4002; baseline -0.002 -14"><span class='ocrx_word' id='word_1_535' title='bbox 604 3931 891 4001; x_wconf 76' lang='lat' dir='ltr'>‘dejiciat,</span> <span class='ocrx_word' id='word_1_536' title='bbox 922 3945 1119 4002; x_wconf 89' lang='lat' dir='ltr'>neque</span> <span class='ocrx_word' id='word_1_537' title='bbox 1156 3930 1372 3985; x_wconf 89' lang='lat' dir='ltr'>falcem</span> <span class='ocrx_word' id='word_1_538' title='bbox 1395 3932 1650 3985; x_wconf 90' lang='lat' dir='ltr'>exacuat</span> <span class='ocrx_word' id='word_1_539' title='bbox 1679 3945 1693 3984; x_wconf 90' lang='lat'><strong>:</strong></span> <span class='ocrx_word' id='word_1_540' title='bbox 1726 3932 2024 3985; x_wconf 90' lang='lat' dir='ltr'>mercator</span> <span class='ocrx_word' id='word_1_541' title='bbox 2051 3928 2279 3998; x_wconf 89' lang='lat' dir='ltr'>itidem,</span> 
     </span>
    </p>
   </div>
   <div class='ocr_carea' id='block_1_75' title="bbox 630 4018 2283 4091">
    <p class='ocr_par' dir='ltr' id='par_1_75' title="bbox 630 4018 2283 4091">
     <span class='ocr_line' id='line_1_75' title="bbox 630 4018 2283 4091; baseline -0.002 -14"><span class='ocrx_word' id='word_1_542' title='bbox 630 4020 787 4089; x_wconf 89' lang='lat' dir='ltr'>velit,</span> <span class='ocrx_word' id='word_1_543' title='bbox 837 4019 1005 4087; x_wconf 90' lang='lat' dir='ltr'>nolit,</span> <span class='ocrx_word' id='word_1_544' title='bbox 1050 4034 1237 4090; x_wconf 90' lang='lat' dir='ltr'>supra</span> <span class='ocrx_word' id='word_1_545' title='bbox 1285 4019 1541 4074; x_wconf 88' lang='lat' dir='ltr'>modum</span> <span class='ocrx_word' id='word_1_546' title='bbox 1592 4018 1856 4085; x_wconf 90' lang='lat' dir='ltr'>ditescet,</span> <span class='ocrx_word' id='word_1_547' title='bbox 1907 4018 2029 4075; x_wconf 89' lang='lat' dir='ltr'>fato</span> <span class='ocrx_word' id='word_1_548' title='bbox 2055 4019 2107 4074; x_wconf 92' lang='lat' dir='ltr'>ei</span> <span class='ocrx_word' id='word_1_549' title='bbox 2136 4035 2283 4091; x_wconf 87' lang='lat' dir='ltr'>opes</span> 
     </span>
    </p>
   </div>
   <div class='ocr_carea' id='block_1_76' title="bbox 632 4106 2281 4182">
    <p class='ocr_par' dir='ltr' id='par_1_76' title="bbox 632 4106 2281 4182">
     <span class='ocr_line' id='line_1_76' title="bbox 632 4106 2281 4182; baseline 0 -18"><span class='ocrx_word' id='word_1_550' title='bbox 632 4110 1276 4177; x_wconf 83' lang='lat' dir='ltr'>coacervante.Magnae</span> <span class='ocrx_word' id='word_1_551' title='bbox 1302 4112 1503 4162; x_wconf 91' lang='lat' dir='ltr'>autem</span> <span class='ocrx_word' id='word_1_552' title='bbox 1520 4106 1634 4162; x_wconf 69' lang='lat' dir='ltr'>illae</span> <span class='ocrx_word' id='word_1_553' title='bbox 1654 4107 2122 4165; x_wconf 87' lang='lat' dir='ltr'>Christianorum</span> <span class='ocrx_word' id='word_1_554' title='bbox 2141 4124 2281 4182; x_wconf 88' lang='lat' dir='ltr'>spes</span> 
     </span>
    </p>
   </div>
   <div class='ocr_carea' id='block_1_77' title="bbox 633 4194 2286 4269">
    <p class='ocr_par' dir='ltr' id='par_1_77' title="bbox 633 4194 2286 4269">
     <span class='ocr_line' id='line_1_77' title="bbox 633 4194 2286 4269; baseline 0.001 -16"><span class='ocrx_word' id='word_1_555' title='bbox 633 4200 1061 4254; x_wconf 87' lang='lat' dir='ltr'>evanescentes</span> <span class='ocrx_word' id='word_1_556' title='bbox 1091 4196 1369 4251; x_wconf 89' lang='lat' dir='ltr'>excident</span> <span class='ocrx_word' id='word_1_557' title='bbox 1399 4194 1596 4265; x_wconf 89' lang='lat' dir='ltr'>nobis,</span> <span class='ocrx_word' id='word_1_558' title='bbox 1640 4212 1781 4251; x_wconf 92' lang='lat' dir='ltr'>cum</span> <span class='ocrx_word' id='word_1_559' title='bbox 1828 4212 2027 4269; x_wconf 87' lang='lat' dir='ltr'>neque</span> <span class='ocrx_word' id='word_1_560' title='bbox 2053 4199 2286 4269; x_wconf 89' lang='lat' dir='ltr'>justitia</span> 
     </span>
    </p>
   </div>
   <div class='ocr_carea' id='block_1_78' title="bbox 599 4284 2283 4360">
    <p class='ocr_par' dir='ltr' id='par_1_78' title="bbox 599 4284 2283 4360">
     <span class='ocr_line' id='line_1_78' title="bbox 599 4284 2283 4360; baseline 0 -16"><span class='ocrx_word' id='word_1_561' title='bbox 599 4301 607 4308; x_wconf 84' lang='lat'>&#39;</span> <span class='ocrx_word' id='word_1_562' title='bbox 635 4284 967 4344; x_wconf 88' lang='lat' dir='ltr'>honoribus</span> <span class='ocrx_word' id='word_1_563' title='bbox 998 4284 1134 4341; x_wconf 89' lang='lat' dir='ltr'>ullis</span> <span class='ocrx_word' id='word_1_564' title='bbox 1184 4284 1500 4356; x_wconf 84' lang='lat' dir='ltr'>afﬁciatur,</span> <span class='ocrx_word' id='word_1_565' title='bbox 1532 4301 1730 4357; x_wconf 90' lang='lat' dir='ltr'>neque</span> <span class='ocrx_word' id='word_1_566' title='bbox 1760 4286 2043 4357; x_wconf 88' lang='lat' dir='ltr'>puniatur</span> <span class='ocrx_word' id='word_1_567' title='bbox 2072 4304 2283 4360; x_wconf 88' lang='lat' dir='ltr'>pecca-</span> 
     </span>
    </p>
   </div>
   <div class='ocr_carea' id='block_1_79' title="bbox 634 4372 2282 4448">
    <p class='ocr_par' dir='ltr' id='par_1_79' title="bbox 634 4372 2282 4448">
     <span class='ocr_line' id='line_1_79' title="bbox 634 4372 2282 4448; baseline 0.001 -17"><span class='ocrx_word' id='word_1_568' title='bbox 634 4378 784 4445; x_wconf 90' lang='lat' dir='ltr'>tum,</span> <span class='ocrx_word' id='word_1_569' title='bbox 824 4378 1145 4448; x_wconf 87' lang='lat' dir='ltr'>propterea</span> <span class='ocrx_word' id='word_1_570' title='bbox 1170 4372 1336 4447; x_wconf 91' lang='lat' dir='ltr'>quod</span> <span class='ocrx_word' id='word_1_571' title='bbox 1365 4373 1513 4429; x_wconf 85' lang='lat' dir='ltr'>nihil</span> <span class='ocrx_word' id='word_1_572' title='bbox 1565 4372 1644 4428; x_wconf 90' lang='lat' dir='ltr'>ab</span> <span class='ocrx_word' id='word_1_573' title='bbox 1694 4372 2046 4429; x_wconf 89' lang='lat' dir='ltr'>hominibus</span> <span class='ocrx_word' id='word_1_574' title='bbox 2094 4375 2282 4433; x_wconf 92' lang='lat' dir='ltr'>libero</span> 
     </span>
    </p>
   </div>
   <div class='ocr_carea' id='block_1_80' title="bbox 633 4462 2285 4537">
    <p class='ocr_par' dir='ltr' id='par_1_80' title="bbox 633 4462 2285 4537">
     <span class='ocr_line' id='line_1_80' title="bbox 633 4462 2285 4537; baseline 0 -15"><span class='ocrx_word' id='word_1_575' title='bbox 633 4466 819 4523; x_wconf 86' lang='lat' dir='ltr'>animi</span> <span class='ocrx_word' id='word_1_576' title='bbox 862 4464 1172 4537; x_wconf 91' lang='lat' dir='ltr'>proposito</span> <span class='ocrx_word' id='word_1_577' title='bbox 1230 4468 1461 4533; x_wconf 88' lang='lat' dir='ltr'>agatur.</span> <span class='ocrx_word' id='word_1_578' title='bbox 1505 4466 1650 4519; x_wconf 87' lang='lat' dir='ltr'>Nam</span> <span class='ocrx_word' id='word_1_579' title='bbox 1693 4462 1799 4517; x_wconf 90' lang='lat' dir='ltr'>ubi</span> <span class='ocrx_word' id='word_1_580' title='bbox 1845 4464 2195 4531; x_wconf 85' lang='lat' dir='ltr'>necessitas,</span> <span class='ocrx_word' id='word_1_581' title='bbox 2228 4471 2285 4523; x_wconf 92' lang='lat' dir='ltr'>et</span> 
     </span>
    </p>
   </div>
   <div class='ocr_carea' id='block_1_81' title="bbox 630 4552 2284 4620">
    <p class='ocr_par' dir='ltr' id='par_1_81' title="bbox 630 4552 2284 4620">
     <span class='ocr_line' id='line_1_81' title="bbox 630 4552 2284 4620; baseline 0.001 -9"><span class='ocrx_word' id='word_1_582' title='bbox 630 4555 823 4612; x_wconf 72' lang='lat' dir='ltr'>latum</span> <span class='ocrx_word' id='word_1_583' title='bbox 853 4554 1221 4620; x_wconf 82' lang='lat' dir='ltr'>dominatur,</span> <span class='ocrx_word' id='word_1_584' title='bbox 1252 4552 1335 4609; x_wconf 87' lang='lat' dir='ltr'>ibi</span> <span class='ocrx_word' id='word_1_585' title='bbox 1390 4553 1585 4609; x_wconf 89' lang='lat' dir='ltr'>meriti</span> <span class='ocrx_word' id='word_1_586' title='bbox 1614 4552 1767 4608; x_wconf 87' lang='lat' dir='ltr'>ratio</span> <span class='ocrx_word' id='word_1_587' title='bbox 1816 4552 2052 4609; x_wconf 91' lang='lat' dir='ltr'>nullum</span> <span class='ocrx_word' id='word_1_588' title='bbox 2081 4554 2284 4613; x_wconf 89' lang='lat' dir='ltr'>locum</span> 
     </span>
    </p>
   </div>
   <div class='ocr_carea' id='block_1_82' title="bbox 586 4642 2335 4715">
    <p class='ocr_par' dir='ltr' id='par_1_82' title="bbox 586 4642 2335 4715">
     <span class='ocr_line' id='line_1_82' title="bbox 586 4642 2335 4715; baseline 0.001 -15"><span class='ocrx_word' id='word_1_589' title='bbox 586 4642 857 4700; x_wconf 85' lang='lat' dir='ltr'>-habet:</span> <span class='ocrx_word' id='word_1_590' title='bbox 914 4643 977 4700; x_wconf 88' lang='lat' dir='ltr'>id</span> <span class='ocrx_word' id='word_1_591' title='bbox 1028 4642 1195 4715; x_wconf 88' lang='lat' dir='ltr'>quod</span> <span class='ocrx_word' id='word_1_592' title='bbox 1250 4648 1454 4698; x_wconf 89' lang='lat' dir='ltr'>tamen</span> <span class='ocrx_word' id='word_1_593' title='bbox 1500 4643 1876 4715; x_wconf 61' lang='lat' dir='ltr'>praecipuum</span> <span class='ocrx_word' id='word_1_594' title='bbox 1901 4643 2048 4713; x_wconf 89' lang='lat' dir='ltr'>justi</span> <span class='ocrx_word' id='word_1_595' title='bbox 2073 4644 2285 4715; x_wconf 90' lang='lat' dir='ltr'>judicii</span> <span class='ocrx_word' id='word_1_596' title='bbox 2330 4678 2335 4685; x_wconf 93' lang='lat'><strong>-</strong></span> 
     </span>
    </p>
   </div>
   <div class='ocr_carea' id='block_1_83' title="bbox 628 4730 2283 4802">
    <p class='ocr_par' dir='ltr' id='par_1_83' title="bbox 628 4730 2283 4802">
     <span class='ocr_line' id='line_1_83' title="bbox 628 4730 2283 4802; baseline 0.003 -16"><span class='ocrx_word' id='word_1_597' title='bbox 628 4731 1092 4788; x_wconf 86' lang='lat' dir='ltr'>fundamentum</span> <span class='ocrx_word' id='word_1_598' title='bbox 1113 4737 1223 4788; x_wconf 89' lang='lat' dir='ltr'>est.</span> <span class='ocrx_word' id='word_1_599' title='bbox 1248 4732 1325 4802; x_wconf 79' lang='grc' dir='ltr'>(ὅ)</span> <span class='ocrx_word' id='word_1_600' title='bbox 1355 4734 1505 4787; x_wconf 86' lang='lat' dir='ltr'>Nam</span> <span class='ocrx_word' id='word_1_601' title='bbox 1526 4730 1601 4787; x_wconf 90' lang='lat' dir='ltr'>de</span> <span class='ocrx_word' id='word_1_602' title='bbox 1626 4732 1756 4787; x_wconf 84' lang='lat' dir='ltr'>ﬁcis</span> <span class='ocrx_word' id='word_1_603' title='bbox 1774 4738 2027 4788; x_wconf 89' lang='lat' dir='ltr'>narrant</span> <span class='ocrx_word' id='word_1_604' title='bbox 2042 4734 2121 4790; x_wconf 91' lang='lat' dir='ltr'>ab</span> <span class='ocrx_word' id='word_1_605' title='bbox 2151 4734 2283 4791; x_wconf 87' lang='lat' dir='ltr'>aliis</span> 
     </span>
    </p>
   </div>
   <div class='ocr_carea' id='block_1_84' title="bbox 582 4820 2279 4894">
    <p class='ocr_par' dir='ltr' id='par_1_84' title="bbox 582 4820 2279 4894">
     <span class='ocr_line' id='line_1_84' title="bbox 582 4820 2279 4894; baseline 0.001 -18"><span class='ocrx_word' id='word_1_606' title='bbox 582 4846 589 4853; x_wconf 71' lang='grc' dir='ltr'><strong>ο</strong></span> <span class='ocrx_word' id='word_1_607' title='bbox 625 4820 874 4893; x_wconf 87' lang='lat' dir='ltr'>quidem</span> <span class='ocrx_word' id='word_1_608' title='bbox 903 4821 1052 4877; x_wconf 90' lang='lat' dir='ltr'>ﬁcos</span> <span class='ocrx_word' id='word_1_609' title='bbox 1085 4820 1392 4878; x_wconf 87' lang='lat' dir='ltr'>silvestres</span> <span class='ocrx_word' id='word_1_610' title='bbox 1417 4822 1594 4894; x_wconf 80' lang='lat' dir='ltr'>juxta</span> <span class='ocrx_word' id='word_1_611' title='bbox 1646 4822 1963 4879; x_wconf 88' lang='lat' dir='ltr'>hortenses</span> <span class='ocrx_word' id='word_1_612' title='bbox 2001 4825 2231 4880; x_wconf 85' lang='lat' dir='ltr'>conseri</span> <span class='ocrx_word' id='word_1_613' title='bbox 2266 4842 2279 4878; x_wconf 93' lang='lat'><strong>:</strong></span> 
     </span>
    </p>
   </div>
   <div class='ocr_carea' id='block_1_85' title="bbox 588 4908 2281 4983">
    <p class='ocr_par' dir='ltr' id='par_1_85' title="bbox 588 4908 2281 4983">
     <span class='ocr_line' id='line_1_85' title="bbox 588 4908 2281 4983; baseline 0.001 -15"><span class='ocrx_word' id='word_1_614' title='bbox 588 4908 779 4968; x_wconf 82' lang='lat' dir='ltr'>&#39;alios</span> <span class='ocrx_word' id='word_1_615' title='bbox 807 4925 973 4979; x_wconf 90' lang='lat' dir='ltr'>vero,</span> <span class='ocrx_word' id='word_1_616' title='bbox 1022 4909 1172 4966; x_wconf 90' lang='lat' dir='ltr'>dum</span> <span class='ocrx_word' id='word_1_617' title='bbox 1226 4925 1476 4980; x_wconf 86' lang='lat' dir='ltr'>grossos</span> <span class='ocrx_word' id='word_1_618' title='bbox 1524 4909 1792 4983; x_wconf 88' lang='lat' dir='ltr'>capriﬁci</span> <span class='ocrx_word' id='word_1_619' title='bbox 1830 4911 2153 4968; x_wconf 89' lang='lat' dir='ltr'>fructuosis</span> <span class='ocrx_word' id='word_1_620' title='bbox 2209 4928 2281 4969; x_wconf 91' lang='lat' dir='ltr'>ac</span> 
     </span>
    </p>
   </div>
   <div class='ocr_carea' id='block_1_86' title="bbox 2383 3131 3897 3210">
    <p class='ocr_par' dir='ltr' id='par_1_86' title="bbox 2383 3131 3897 3210">
     <span class='ocr_line' id='line_1_86' title="bbox 2383 3131 3897 3210; baseline 0.002 -30"><span class='ocrx_word' id='word_1_621' title='bbox 2383 3132 2431 3181; x_wconf 84' lang='grc' dir='ltr'>οἱ</span> <span class='ocrx_word' id='word_1_622' title='bbox 2478 3132 2752 3203; x_wconf 74' lang='grc' dir='ltr'>νομοθέται</span> <span class='ocrx_word' id='word_1_623' title='bbox 2802 3135 2868 3183; x_wconf 82' lang='grc' dir='ltr'>τὰ</span> <span class='ocrx_word' id='word_1_624' title='bbox 2895 3138 3129 3205; x_wconf 78' lang='grc' dir='ltr'>πρακτέα</span> <span class='ocrx_word' id='word_1_625' title='bbox 3166 3138 3292 3208; x_wconf 78' lang='grc' dir='ltr'>ημῖν</span> <span class='ocrx_word' id='word_1_626' title='bbox 3345 3138 3435 3189; x_wconf 87' lang='grc' dir='ltr'>καὶ</span> <span class='ocrx_word' id='word_1_627' title='bbox 3486 3141 3549 3189; x_wconf 82' lang='grc' dir='ltr'>τὰ</span> <span class='ocrx_word' id='word_1_628' title='bbox 3584 3139 3751 3210; x_wconf 66' lang='grc' dir='ltr'>φευκτὰ</span> <span class='ocrx_word' id='word_1_629' title='bbox 3782 3131 3897 3203; x_wconf 69' lang='grc' dir='ltr'>διορι-</span> 
     </span>
    </p>
   </div>
   <div class='ocr_carea' id='block_1_87' title="bbox 2387 3218 3897 3303">
    <p class='ocr_par' dir='ltr' id='par_1_87' title="bbox 2387 3218 3897 3303">
     <span class='ocr_line' id='line_1_87' title="bbox 2387 3218 3897 3303; baseline 0.003 -33"><span class='ocrx_word' id='word_1_630' title='bbox 2387 3218 2577 3288; x_wconf 80' lang='grc' dir='ltr'>ζοντες,</span> <span class='ocrx_word' id='word_1_631' title='bbox 2628 3227 2861 3295; x_wconf 86' lang='grc' dir='ltr'>περιττοὶ</span> <span class='ocrx_word' id='word_1_632' title='bbox 2902 3219 2961 3275; x_wconf 63' lang='grc' dir='ltr'>δὲ</span> <span class='ocrx_word' id='word_1_633' title='bbox 3008 3228 3097 3276; x_wconf 82' lang='grc' dir='ltr'>καὶ</span> <span class='ocrx_word' id='word_1_634' title='bbox 3135 3227 3184 3276; x_wconf 81' lang='grc' dir='ltr'>οἱ</span> <span class='ocrx_word' id='word_1_635' title='bbox 3238 3221 3500 3279; x_wconf 79' lang='grc' dir='ltr'>δικασταὶ</span> <span class='ocrx_word' id='word_1_636' title='bbox 3557 3231 3723 3303; x_wconf 77' lang='grc' dir='ltr'>ἀρετήν</span> <span class='ocrx_word' id='word_1_637' title='bbox 3762 3228 3897 3293; x_wconf 70' lang='grc' dir='ltr'>τιμῶν·</span> 
     </span>
    </p>
   </div>
   <div class='ocr_carea' id='block_1_88' title="bbox 2385 3312 3895 3390">
    <p class='ocr_par' dir='ltr' id='par_1_88' title="bbox 2385 3312 3895 3390">
     <span class='ocr_line' id='line_1_88' title="bbox 2385 3312 3895 3390; baseline 0.001 -31"><span class='ocrx_word' id='word_1_638' title='bbox 2385 3326 2490 3375; x_wconf 90' lang='grc' dir='ltr'>τες,</span> <span class='ocrx_word' id='word_1_639' title='bbox 2543 3312 2631 3360; x_wconf 88' lang='grc' dir='ltr'>καὶ</span> <span class='ocrx_word' id='word_1_640' title='bbox 2676 3314 2927 3383; x_wconf 80' lang='grc' dir='ltr'>πονηρίαν</span> <span class='ocrx_word' id='word_1_641' title='bbox 2982 3312 3307 3375; x_wconf 82' lang='grc' dir='ltr'>κολάζοντες.</span> <span class='ocrx_word' id='word_1_642' title='bbox 3371 3315 3447 3368; x_wconf 66' lang='grc' dir='ltr'>Οὔ</span> <span class='ocrx_word' id='word_1_643' title='bbox 3494 3319 3590 3390; x_wconf 81' lang='grc' dir='ltr'>γὰρ</span> <span class='ocrx_word' id='word_1_644' title='bbox 3637 3322 3714 3367; x_wconf 80' lang='grc' dir='ltr'>τοῦ</span> <span class='ocrx_word' id='word_1_645' title='bbox 3746 3312 3895 3363; x_wconf 69' lang='grc' dir='ltr'>κλέπτον</span> 
     </span>
    </p>
   </div>
   <div class='ocr_carea' id='block_1_89' title="bbox 2389 3393 3897 3478">
    <p class='ocr_par' dir='ltr' id='par_1_89' title="bbox 2389 3393 3897 3478">
     <span class='ocr_line' id='line_1_89' title="bbox 2389 3393 3897 3478; baseline 0.001 -30"><span class='ocrx_word' id='word_1_646' title='bbox 2389 3398 2446 3448; x_wconf 89' lang='grc' dir='ltr'>τὸ</span> <span class='ocrx_word' id='word_1_647' title='bbox 2488 3393 2749 3470; x_wconf 79' lang='grc' dir='ltr'>ἀδίκημα,</span> <span class='ocrx_word' id='word_1_648' title='bbox 2789 3396 2914 3452; x_wconf 71' lang='grc' dir='ltr'>οὐδὲ</span> <span class='ocrx_word' id='word_1_649' title='bbox 2951 3408 3043 3453; x_wconf 71' lang='grc' dir='ltr'>τοῦ</span> <span class='ocrx_word' id='word_1_650' title='bbox 3081 3408 3287 3474; x_wconf 70' lang='grc' dir='ltr'>φονέως,</span> <span class='ocrx_word' id='word_1_651' title='bbox 3409 3426 3466 3478; x_wconf 81' lang='grc' dir='ltr'>γε</span> <span class='ocrx_word' id='word_1_652' title='bbox 3516 3403 3632 3458; x_wconf 71' lang='grc' dir='ltr'>οὐδὲ</span> <span class='ocrx_word' id='word_1_653' title='bbox 3683 3401 3897 3476; x_wconf 59' lang='grc' dir='ltr'>βουλομέιῳ</span> 
     </span>
    </p>
   </div>
   <div class='ocr_carea' id='block_1_90' title="bbox 2389 3482 3898 3565">
    <p class='ocr_par' dir='ltr' id='par_1_90' title="bbox 2389 3482 3898 3565">
     <span class='ocr_line' id='line_1_90' title="bbox 2389 3482 3898 3565; baseline 0.002 -27"><span class='ocrx_word' id='word_1_654' title='bbox 2389 3482 2612 3539; x_wconf 83' lang='grc' dir='ltr'>δυνατὸν</span> <span class='ocrx_word' id='word_1_655' title='bbox 2653 3485 2713 3546; x_wconf 71' lang='grc' dir='ltr'>ἦν</span> <span class='ocrx_word' id='word_1_656' title='bbox 2742 3497 2949 3563; x_wconf 84' lang='grc' dir='ltr'>κρατεῖν</span> <span class='ocrx_word' id='word_1_657' title='bbox 2978 3499 3071 3553; x_wconf 76' lang='grc' dir='ltr'>τῆς</span> <span class='ocrx_word' id='word_1_658' title='bbox 3108 3498 3318 3565; x_wconf 79' lang='grc' dir='ltr'>χειρὸς,</span> <span class='ocrx_word' id='word_1_659' title='bbox 3360 3492 3453 3548; x_wconf 71' lang='grc' dir='ltr'>διὰ</span> <span class='ocrx_word' id='word_1_660' title='bbox 3489 3500 3546 3548; x_wconf 84' lang='grc' dir='ltr'>τὸ</span> <span class='ocrx_word' id='word_1_661' title='bbox 3594 3488 3898 3563; x_wconf 73' lang='grc' dir='ltr'>ἀναποδραστον</span> 
     </span>
    </p>
   </div>
   <div class='ocr_carea' id='block_1_91' title="bbox 2388 3576 3898 3655">
    <p class='ocr_par' dir='ltr' id='par_1_91' title="bbox 2388 3576 3898 3655">
     <span class='ocr_line' id='line_1_91' title="bbox 2388 3576 3898 3655; baseline 0.01 -28"><span class='ocrx_word' id='word_1_662' title='bbox 2388 3584 2483 3637; x_wconf 85' lang='grc' dir='ltr'>τῆς</span> <span class='ocrx_word' id='word_1_663' title='bbox 2543 3576 2626 3629; x_wconf 79' lang='grc' dir='ltr'>ἐπὶ</span> <span class='ocrx_word' id='word_1_664' title='bbox 2686 3580 2775 3638; x_wconf 79' lang='grc' dir='ltr'>τὰς</span> <span class='ocrx_word' id='word_1_665' title='bbox 2821 3580 3035 3653; x_wconf 77' lang='grc' dir='ltr'>πράξεις</span> <span class='ocrx_word' id='word_1_666' title='bbox 3098 3588 3518 3655; x_wconf 75' lang='grc' dir='ltr'>κατεπειγούσης</span> <span class='ocrx_word' id='word_1_667' title='bbox 3572 3584 3781 3655; x_wconf 62' lang='grc' dir='ltr'>ἀνάγκης·</span> <span class='ocrx_word' id='word_1_668' title='bbox 3824 3584 3898 3630; x_wconf 59' lang='grc' dir='ltr'>να·</span> 
     </span>
    </p>
   </div>
   <div class='ocr_carea' id='block_1_92' title="bbox 2390 3662 3899 3749">
    <p class='ocr_par' dir='ltr' id='par_1_92' title="bbox 2390 3662 3899 3749">
     <span class='ocr_line' id='line_1_92' title="bbox 2390 3662 3899 3749; baseline 0.01 -34"><span class='ocrx_word' id='word_1_669' title='bbox 2390 3668 2658 3718; x_wconf 86' lang='grc' dir='ltr'>ταιότατοι</span> <span class='ocrx_word' id='word_1_670' title='bbox 2690 3662 2750 3719; x_wconf 75' lang='grc' dir='ltr'>δὲ</span> <span class='ocrx_word' id='word_1_671' title='bbox 2796 3670 2997 3728; x_wconf 86' lang='grc' dir='ltr'>πάντως</span> <span class='ocrx_word' id='word_1_672' title='bbox 3044 3671 3117 3741; x_wconf 87' lang='grc'>(7)</span> <span class='ocrx_word' id='word_1_673' title='bbox 3170 3677 3261 3724; x_wconf 81' lang='grc' dir='ltr'>καί</span> <span class='ocrx_word' id='word_1_674' title='bbox 3291 3675 3345 3725; x_wconf 86' lang='grc' dir='ltr'>οἰ</span> <span class='ocrx_word' id='word_1_675' title='bbox 3395 3680 3513 3749; x_wconf 83' lang='grc' dir='ltr'>περὶ</span> <span class='ocrx_word' id='word_1_676' title='bbox 3557 3676 3639 3733; x_wconf 77' lang='grc' dir='ltr'>τὰς</span> <span class='ocrx_word' id='word_1_677' title='bbox 3667 3676 3818 3742; x_wconf 75' lang='grc' dir='ltr'>τέχνας</span> <span class='ocrx_word' id='word_1_678' title='bbox 3842 3684 3899 3715; x_wconf 56' lang='grc' dir='ltr'>ἴθ’</span> 
     </span>
    </p>
   </div>
   <div class='ocr_carea' id='block_1_93' title="bbox 2390 3754 3900 3837">
    <p class='ocr_par' dir='ltr' id='par_1_93' title="bbox 2390 3754 3900 3837">
     <span class='ocr_line' id='line_1_93' title="bbox 2390 3754 3900 3837; baseline 0.002 -33"><span class='ocrx_word' id='word_1_679' title='bbox 2390 3758 2627 3827; x_wconf 79' lang='grc' dir='ltr'>νούμενοι</span> <span class='ocrx_word' id='word_1_680' title='bbox 2653 3772 2665 3786; x_wconf 83' lang='lat'>&#39;</span> <span class='ocrx_word' id='word_1_681' title='bbox 2703 3754 2810 3807; x_wconf 80' lang='grc' dir='ltr'>ἀλλ’</span> <span class='ocrx_word' id='word_1_682' title='bbox 2856 3758 3131 3816; x_wconf 71' lang='grc' dir='ltr'>εὐθηνήσει</span> <span class='ocrx_word' id='word_1_683' title='bbox 3160 3762 3251 3831; x_wconf 67' lang='grc' dir='ltr'>μὶν</span> <span class='ocrx_word' id='word_1_684' title='bbox 3298 3764 3326 3813; x_wconf 82' lang='grc' dir='ltr'><strong><em>ὁ</em></strong></span> <span class='ocrx_word' id='word_1_685' title='bbox 3366 3766 3609 3837; x_wconf 81' lang='grc' dir='ltr'>γεωργὸς,</span> <span class='ocrx_word' id='word_1_686' title='bbox 3645 3767 3758 3835; x_wconf 72' lang='grc' dir='ltr'>μήτε</span> <span class='ocrx_word' id='word_1_687' title='bbox 3798 3760 3900 3827; x_wconf 68' lang='grc' dir='ltr'>σειρ-</span> 
     </span>
    </p>
   </div>
   <div class='ocr_carea' id='block_1_94' title="bbox 2390 3843 3901 3925">
    <p class='ocr_par' dir='ltr' id='par_1_94' title="bbox 2390 3843 3901 3925">
     <span class='ocr_line' id='line_1_94' title="bbox 2390 3843 3901 3925; baseline 0.013 -32"><span class='ocrx_word' id='word_1_688' title='bbox 2390 3861 2467 3914; x_wconf 91' lang='grc' dir='ltr'>μα</span> <span class='ocrx_word' id='word_1_689' title='bbox 2539 3843 2859 3914; x_wconf 73' lang='grc' dir='ltr'>καταϐαλὼν,</span> <span class='ocrx_word' id='word_1_690' title='bbox 2920 3853 3051 3919; x_wconf 83' lang='grc' dir='ltr'>μήτε</span> <span class='ocrx_word' id='word_1_691' title='bbox 3112 3844 3380 3922; x_wconf 79' lang='grc' dir='ltr'>δρεπάνην</span> <span class='ocrx_word' id='word_1_692' title='bbox 3448 3853 3751 3925; x_wconf 43' lang='lat' dir='ltr'>auidae»?</span> <span class='ocrx_word' id='word_1_693' title='bbox 3798 3848 3901 3915; x_wconf 50' lang='lat' dir='ltr'>imi”</span> 
     </span>
    </p>
   </div>
   <div class='ocr_carea' id='block_1_95' title="bbox 2389 3930 3900 4013">
    <p class='ocr_par' dir='ltr' id='par_1_95' title="bbox 2389 3930 3900 4013">
     <span class='ocr_line' id='line_1_95' title="bbox 2389 3930 3900 4013; baseline 0.003 -30"><span class='ocrx_word' id='word_1_694' title='bbox 2389 3930 2677 3991; x_wconf 80' lang='grc' dir='ltr'>πλουτήσει</span> <span class='ocrx_word' id='word_1_695' title='bbox 2727 3931 2786 3987; x_wconf 66' lang='grc' dir='ltr'>δὲ</span> <span class='ocrx_word' id='word_1_696' title='bbox 2834 3937 2859 3987; x_wconf 86' lang='grc' dir='ltr'><strong><em>ὁ</em></strong></span> <span class='ocrx_word' id='word_1_697' title='bbox 2909 3939 3146 4009; x_wconf 82' lang='grc' dir='ltr'>ἔμπορος,</span> <span class='ocrx_word' id='word_1_698' title='bbox 3188 3937 3281 3989; x_wconf 85' lang='grc' dir='ltr'>κᾶν</span> <span class='ocrx_word' id='word_1_699' title='bbox 3318 3939 3593 4013; x_wconf 78' lang='grc' dir='ltr'>βούληται,</span> <span class='ocrx_word' id='word_1_700' title='bbox 3624 3940 3709 3992; x_wconf 75' lang='grc' dir='ltr'>κᾶν</span> <span class='ocrx_word' id='word_1_701' title='bbox 3748 3938 3900 4009; x_wconf 74' lang='grc' dir='ltr'>μή,τὲ;</span> 
     </span>
    </p>
   </div>
   <div class='ocr_carea' id='block_1_96' title="bbox 2392 4020 3899 4103">
    <p class='ocr_par' dir='ltr' id='par_1_96' title="bbox 2392 4020 3899 4103">
     <span class='ocr_line' id='line_1_96' title="bbox 2392 4020 3899 4103; baseline 0.009 -31"><span class='ocrx_word' id='word_1_702' title='bbox 2392 4022 2706 4096; x_wconf 83' lang='grc' dir='ltr'>εἱμαρμένης</span> <span class='ocrx_word' id='word_1_703' title='bbox 2769 4024 2910 4095; x_wconf 72' lang='grc' dir='ltr'>αὐτῷ</span> <span class='ocrx_word' id='word_1_704' title='bbox 2974 4028 3429 4102; x_wconf 78' lang='grc' dir='ltr'>συναθροιζούσης</span> <span class='ocrx_word' id='word_1_705' title='bbox 3485 4033 3549 4082; x_wconf 80' lang='grc' dir='ltr'>τὰ</span> <span class='ocrx_word' id='word_1_706' title='bbox 3583 4030 3816 4103; x_wconf 66' lang='grc' dir='ltr'>ςχρήματα</span> <span class='ocrx_word' id='word_1_707' title='bbox 3860 4020 3899 4071; x_wconf 56' lang='lat' dir='ltr'>Ai</span> 
     </span>
    </p>
   </div>
   <div class='ocr_carea' id='block_1_97' title="bbox 2394 4106 3900 4194">
    <p class='ocr_par' dir='ltr' id='par_1_97' title="bbox 2394 4106 3900 4194">
     <span class='ocr_line' id='line_1_97' title="bbox 2394 4106 3900 4194; baseline 0.004 -32"><span class='ocrx_word' id='word_1_708' title='bbox 2394 4106 2453 4163; x_wconf 71' lang='grc' dir='ltr'>δὲ</span> <span class='ocrx_word' id='word_1_709' title='bbox 2508 4111 2730 4183; x_wconf 79' lang='grc' dir='ltr'>μεγάλαι</span> <span class='ocrx_word' id='word_1_710' title='bbox 2794 4122 2895 4165; x_wconf 84' lang='grc' dir='ltr'>τῶν</span> <span class='ocrx_word' id='word_1_711' title='bbox 2950 4123 3277 4188; x_wconf 82' lang='grc' dir='ltr'>Χριστιανῶν</span> <span class='ocrx_word' id='word_1_712' title='bbox 3326 4116 3535 4180; x_wconf 77' lang='grc' dir='ltr'>ἐλπίδες</span> <span class='ocrx_word' id='word_1_713' title='bbox 3590 4113 3781 4194; x_wconf 72' lang='grc' dir='ltr'>φροῦδοι</span> <span class='ocrx_word' id='word_1_714' title='bbox 3819 4113 3900 4181; x_wconf 63' lang='grc' dir='ltr'>ἡμῖν</span> 
     </span>
    </p>
   </div>
   <div class='ocr_carea' id='block_1_98' title="bbox 2395 4199 3902 4281">
    <p class='ocr_par' dir='ltr' id='par_1_98' title="bbox 2395 4199 3902 4281">
     <span class='ocr_line' id='line_1_98' title="bbox 2395 4199 3902 4281; baseline 0.004 -31"><span class='ocrx_word' id='word_1_715' title='bbox 2395 4199 2731 4271; x_wconf 80' lang='grc' dir='ltr'>οἰχήσονται,</span> <span class='ocrx_word' id='word_1_716' title='bbox 2788 4206 2902 4255; x_wconf 75' lang='grc' dir='ltr'>οὔτε</span> <span class='ocrx_word' id='word_1_717' title='bbox 2959 4200 3298 4267; x_wconf 82' lang='grc' dir='ltr'>δικαιοσύνης</span> <span class='ocrx_word' id='word_1_718' title='bbox 3356 4213 3663 4281; x_wconf 84' lang='grc' dir='ltr'>τιμωμένης,</span> <span class='ocrx_word' id='word_1_719' title='bbox 3710 4209 3799 4258; x_wconf 70' lang='grc' dir='ltr'>οὔτι</span> <span class='ocrx_word' id='word_1_720' title='bbox 3842 4217 3902 4249; x_wconf 73' lang='grc' dir='ltr'>ια·</span> 
     </span>
    </p>
   </div>
   <div class='ocr_carea' id='block_1_99' title="bbox 2394 4292 3902 4371">
    <p class='ocr_par' dir='ltr' id='par_1_99' title="bbox 2394 4292 3902 4371">
     <span class='ocr_line' id='line_1_99' title="bbox 2394 4292 3902 4371; baseline 0.005 -31"><span class='ocrx_word' id='word_1_721' title='bbox 2394 4296 2762 4364; x_wconf 84' lang='grc' dir='ltr'>τακρινομένης</span> <span class='ocrx_word' id='word_1_722' title='bbox 2792 4300 2881 4353; x_wconf 71' lang='grc' dir='ltr'>τῆς</span> <span class='ocrx_word' id='word_1_723' title='bbox 2908 4292 3184 4367; x_wconf 81' lang='grc' dir='ltr'>ἁμαρτίας,</span> <span class='ocrx_word' id='word_1_724' title='bbox 3217 4292 3313 4348; x_wconf 86' lang='grc' dir='ltr'>δια</span> <span class='ocrx_word' id='word_1_725' title='bbox 3370 4301 3431 4349; x_wconf 87' lang='grc' dir='ltr'>τὸ</span> <span class='ocrx_word' id='word_1_726' title='bbox 3474 4293 3635 4371; x_wconf 67' lang='grc' dir='ltr'>μηδὲν</span> <span class='ocrx_word' id='word_1_727' title='bbox 3681 4294 3791 4347; x_wconf 71' lang='grc' dir='ltr'>κατὰ</span> <span class='ocrx_word' id='word_1_728' title='bbox 3821 4303 3902 4360; x_wconf 68' lang='grc' dir='ltr'>ερο-</span> 
     </span>
    </p>
   </div>
   <div class='ocr_carea' id='block_1_100' title="bbox 2321 4379 3902 4471">
    <p class='ocr_par' dir='ltr' id='par_1_100' title="bbox 2321 4379 3902 4471">
     <span class='ocr_line' id='line_1_100' title="bbox 2321 4379 3902 4471; baseline 0 -41"><span class='ocrx_word' id='word_1_729' title='bbox 2321 4416 2365 4471; x_wconf 75' lang='lat' dir='ltr'><strong>D</strong></span> <span class='ocrx_word' id='word_1_730' title='bbox 2398 4379 2599 4451; x_wconf 83' lang='grc' dir='ltr'>άίρεσιν</span> <span class='ocrx_word' id='word_1_731' title='bbox 2675 4383 2775 4433; x_wconf 79' lang='grc' dir='ltr'>ὑπὸ</span> <span class='ocrx_word' id='word_1_732' title='bbox 2854 4391 2954 4434; x_wconf 86' lang='grc' dir='ltr'>τῶν</span> <span class='ocrx_word' id='word_1_733' title='bbox 3028 4384 3307 4457; x_wconf 79' lang='grc' dir='ltr'>ἀνθρώπων</span> <span class='ocrx_word' id='word_1_734' title='bbox 3385 4387 3735 4441; x_wconf 82' lang='grc' dir='ltr'>ἐπιτελεῖσθαι.</span> <span class='ocrx_word' id='word_1_735' title='bbox 3790 4382 3902 4430; x_wconf 69' lang='grc' dir='ltr'>Ὀπυ</span> 
     </span>
    </p>
   </div>
   <div class='ocr_carea' id='block_1_101' title="bbox 2395 4468 3903 4549">
    <p class='ocr_par' dir='ltr' id='par_1_101' title="bbox 2395 4468 3903 4549">
     <span class='ocr_line' id='line_1_101' title="bbox 2395 4468 3903 4549; baseline 0.006 -30"><span class='ocrx_word' id='word_1_736' title='bbox 2395 4472 2496 4542; x_wconf 80' lang='grc' dir='ltr'>γὰρ</span> <span class='ocrx_word' id='word_1_737' title='bbox 2552 4469 2750 4541; x_wconf 80' lang='grc' dir='ltr'>ἀνάγκη</span> <span class='ocrx_word' id='word_1_738' title='bbox 2792 4477 2882 4524; x_wconf 80' lang='grc' dir='ltr'>καί</span> <span class='ocrx_word' id='word_1_739' title='bbox 2922 4473 3199 4547; x_wconf 82' lang='grc' dir='ltr'>εἱμαρμένη</span> <span class='ocrx_word' id='word_1_740' title='bbox 3244 4476 3325 4545; x_wconf 89' lang='grc'>(8)</span> <span class='ocrx_word' id='word_1_741' title='bbox 3366 4484 3567 4549; x_wconf 85' lang='grc' dir='ltr'>κρατεῖ,</span> <span class='ocrx_word' id='word_1_742' title='bbox 3598 4471 3808 4547; x_wconf 69' lang='grc' dir='ltr'>οὐδεμίαν</span> <span class='ocrx_word' id='word_1_743' title='bbox 3831 4468 3903 4536; x_wconf 80' lang='grc' dir='ltr'>ἔχει</span> 
     </span>
    </p>
   </div>
   <div class='ocr_carea' id='block_1_102' title="bbox 2393 4560 3904 4641">
    <p class='ocr_par' dir='ltr' id='par_1_102' title="bbox 2393 4560 3904 4641">
     <span class='ocr_line' id='line_1_102' title="bbox 2393 4560 3904 4641; baseline 0.005 -32"><span class='ocrx_word' id='word_1_744' title='bbox 2393 4565 2577 4632; x_wconf 82' lang='grc' dir='ltr'>χώραν</span> <span class='ocrx_word' id='word_1_745' title='bbox 2627 4564 2684 4612; x_wconf 86' lang='grc' dir='ltr'>τὸ</span> <span class='ocrx_word' id='word_1_746' title='bbox 2738 4565 2866 4635; x_wconf 88' lang='grc' dir='ltr'>πρὸς</span> <span class='ocrx_word' id='word_1_747' title='bbox 2925 4560 3091 4634; x_wconf 80' lang='grc' dir='ltr'>ἀξίαν,</span> <span class='ocrx_word' id='word_1_748' title='bbox 3124 4563 3151 4614; x_wconf 87' lang='grc' dir='ltr'>ὁ</span> <span class='ocrx_word' id='word_1_749' title='bbox 3183 4573 3270 4625; x_wconf 79' lang='grc' dir='ltr'>τῆς</span> <span class='ocrx_word' id='word_1_750' title='bbox 3322 4562 3701 4641; x_wconf 77' lang='grc' dir='ltr'>δικαιοκρισίας</span> <span class='ocrx_word' id='word_1_751' title='bbox 3740 4561 3904 4629; x_wconf 69' lang='grc' dir='ltr'>ὑπάρχει</span> 
     </span>
    </p>
   </div>
   <div class='ocr_carea' id='block_1_103' title="bbox 2395 4638 3905 4727">
    <p class='ocr_par' dir='ltr' id='par_1_103' title="bbox 2395 4638 3905 4727">
     <span class='ocr_line' id='line_1_103' title="bbox 2395 4638 3905 4727; baseline 0.002 -26"><span class='ocrx_word' id='word_1_752' title='bbox 2395 4648 2670 4722; x_wconf 81' lang='grc' dir='ltr'>ἐξαίρετον.</span> <span class='ocrx_word' id='word_1_753' title='bbox 2723 4657 2823 4703; x_wconf 78' lang='grc' dir='ltr'>Καὶ</span> <span class='ocrx_word' id='word_1_754' title='bbox 2885 4654 2986 4725; x_wconf 82' lang='grc' dir='ltr'>γὰρ</span> <span class='ocrx_word' id='word_1_755' title='bbox 3045 4671 3164 4727; x_wconf 85' lang='grc' dir='ltr'>περι</span> <span class='ocrx_word' id='word_1_756' title='bbox 3209 4662 3307 4705; x_wconf 85' lang='grc' dir='ltr'>τῶν</span> <span class='ocrx_word' id='word_1_757' title='bbox 3352 4664 3524 4706; x_wconf 82' lang='grc' dir='ltr'>συκῶν</span> <span class='ocrx_word' id='word_1_758' title='bbox 3588 4673 3745 4727; x_wconf 74' lang='grc' dir='ltr'>φασιν,</span> <span class='ocrx_word' id='word_1_759' title='bbox 3792 4650 3840 4704; x_wconf 73' lang='grc' dir='ltr'>ὡς</span> <span class='ocrx_word' id='word_1_760' title='bbox 3874 4638 3905 4691; x_wconf 64' lang='grc' dir='ltr'>οἷ</span> 
     </span>
    </p>
   </div>
   <div class='ocr_carea' id='block_1_104' title="bbox 2392 4738 3902 4816">
    <p class='ocr_par' dir='ltr' id='par_1_104' title="bbox 2392 4738 3902 4816">
     <span class='ocr_line' id='line_1_104' title="bbox 2392 4738 3902 4816; baseline 0.001 -26"><span class='ocrx_word' id='word_1_761' title='bbox 2392 4741 2482 4808; x_wconf 80' lang='grc' dir='ltr'>μεν</span> <span class='ocrx_word' id='word_1_762' title='bbox 2534 4742 2626 4799; x_wconf 81' lang='grc' dir='ltr'>τὰς</span> <span class='ocrx_word' id='word_1_763' title='bbox 2656 4738 2844 4814; x_wconf 80' lang='grc' dir='ltr'>ἀγρίας</span> <span class='ocrx_word' id='word_1_764' title='bbox 2898 4747 3061 4801; x_wconf 80' lang='grc' dir='ltr'>συκᾶς</span> <span class='ocrx_word' id='word_1_765' title='bbox 3096 4746 3527 4816; x_wconf 78' lang='grc' dir='ltr'>παραφυτεύουσι</span> <span class='ocrx_word' id='word_1_766' title='bbox 3566 4750 3669 4804; x_wconf 83' lang='grc' dir='ltr'>ταῖς</span> <span class='ocrx_word' id='word_1_767' title='bbox 3708 4742 3902 4813; x_wconf 45' lang='grc' dir='ltr'>ἡμέραις</span> 
     </span>
    </p>
   </div>
   <div class='ocr_carea' id='block_1_105' title="bbox 2391 4822 3903 4902">
    <p class='ocr_par' dir='ltr' id='par_1_105' title="bbox 2391 4822 3903 4902">
     <span class='ocr_line' id='line_1_105' title="bbox 2391 4822 3903 4902; baseline 0.001 -25"><span class='ocrx_word' id='word_1_768' title='bbox 2391 4830 2439 4878; x_wconf 84' lang='grc' dir='ltr'>οἱ</span> <span class='ocrx_word' id='word_1_769' title='bbox 2480 4824 2539 4881; x_wconf 64' lang='grc' dir='ltr'>δὲ</span> <span class='ocrx_word' id='word_1_770' title='bbox 2589 4832 2711 4890; x_wconf 77' lang='grc' dir='ltr'>τοὺς</span> <span class='ocrx_word' id='word_1_771' title='bbox 2748 4828 2992 4890; x_wconf 82' lang='grc' dir='ltr'>ὀλύνθους</span> <span class='ocrx_word' id='word_1_772' title='bbox 3037 4826 3379 4901; x_wconf 75' lang='grc' dir='ltr'>ἐκδήσαντες,</span> <span class='ocrx_word' id='word_1_773' title='bbox 3429 4841 3529 4884; x_wconf 85' lang='grc' dir='ltr'>τῶν</span> <span class='ocrx_word' id='word_1_774' title='bbox 3585 4831 3813 4902; x_wconf 71' lang='grc' dir='ltr'>εὐκάρπωυ</span> <span class='ocrx_word' id='word_1_775' title='bbox 3844 4822 3903 4869; x_wconf 65' lang='grc' dir='ltr'>καὶ</span> 
     </span>
    </p>
   </div>
   <div class='ocr_carea' id='block_1_106' title="bbox 2390 4911 3905 4997">
    <p class='ocr_par' dir='ltr' id='par_1_106' title="bbox 2390 4911 3905 4997">
     <span class='ocr_line' id='line_1_106' title="bbox 2390 4911 3905 4997; baseline 0.001 -28"><span class='ocrx_word' id='word_1_776' title='bbox 2390 4917 2595 4989; x_wconf 74' lang='grc' dir='ltr'>ἡμέρων</span> <span class='ocrx_word' id='word_1_777' title='bbox 2647 4926 2817 4969; x_wconf 86' lang='grc' dir='ltr'>συκῶν</span> <span class='ocrx_word' id='word_1_778' title='bbox 2865 4923 2959 4978; x_wconf 80' lang='grc' dir='ltr'>την</span> <span class='ocrx_word' id='word_1_779' title='bbox 3006 4918 3213 4972; x_wconf 83' lang='grc' dir='ltr'>ἀτονίαν</span> <span class='ocrx_word' id='word_1_780' title='bbox 3274 4921 3474 4992; x_wconf 73' lang='grc' dir='ltr'>ἰῶνται,</span> <span class='ocrx_word' id='word_1_781' title='bbox 3520 4922 3690 4997; x_wconf 81' lang='grc' dir='ltr'>ῥέοντα</span> <span class='ocrx_word' id='word_1_782' title='bbox 3728 4911 3811 4973; x_wconf 68' lang='grc' dir='ltr'>ἕδη</span> <span class='ocrx_word' id='word_1_783' title='bbox 3844 4911 3905 4959; x_wconf 61' lang='grc' dir='ltr'>καὶ</span> 
     </span>
    </p>
   </div>
   <div class='ocr_carea' id='block_1_107' title="bbox 578 4997 2277 5073">
    <p class='ocr_par' dir='ltr' id='par_1_107' title="bbox 578 4997 2277 5073">
     <span class='ocr_line' id='line_1_107' title="bbox 578 4997 2277 5073; baseline 0.001 -18"><span class='ocrx_word' id='word_1_784' title='bbox 578 5024 585 5030; x_wconf 83' lang='grc'>·</span> <span class='ocrx_word' id='word_1_785' title='bbox 621 4998 969 5056; x_wconf 73' lang='lat' dir='ltr'>domesticis</span> <span class='ocrx_word' id='word_1_786' title='bbox 1009 4997 1139 5054; x_wconf 80' lang='lat' dir='ltr'>ﬁcis</span> <span class='ocrx_word' id='word_1_787' title='bbox 1166 4998 1435 5072; x_wconf 73' lang='lat' dir='ltr'>alligept,</span> <span class='ocrx_word' id='word_1_788' title='bbox 1461 4999 1735 5073; x_wconf 86' lang='lat' dir='ltr'>ipsarum</span> <span class='ocrx_word' id='word_1_789' title='bbox 1773 4999 2001 5056; x_wconf 86' lang='lat' dir='ltr'>mederi</span> <span class='ocrx_word' id='word_1_790' title='bbox 2024 5000 2277 5057; x_wconf 85' lang='lat' dir='ltr'>inﬁrmi-</span> 
     </span>
    </p>
   </div>
   <div class='ocr_carea' id='block_1_108' title="bbox 2391 5003 3901 5084">
    <p class='ocr_par' dir='ltr' id='par_1_108' title="bbox 2391 5003 3901 5084">
     <span class='ocr_line' id='line_1_108' title="bbox 2391 5003 3901 5084; baseline 0.002 -26"><span class='ocrx_word' id='word_1_791' title='bbox 2391 5003 2799 5080; x_wconf 80' lang='grc' dir='ltr'>σκεδαννύμενον</span> <span class='ocrx_word' id='word_1_792' title='bbox 2855 5012 2943 5061; x_wconf 90' lang='grc' dir='ltr'>τὸν</span> <span class='ocrx_word' id='word_1_793' title='bbox 3006 5013 3203 5084; x_wconf 86' lang='grc' dir='ltr'>καρπὸν</span> <span class='ocrx_word' id='word_1_794' title='bbox 3247 5018 3353 5071; x_wconf 81' lang='grc' dir='ltr'>τοῖς</span> <span class='ocrx_word' id='word_1_795' title='bbox 3403 5010 3633 5071; x_wconf 76' lang='grc' dir='ltr'>ὀλύνθοις</span> <span class='ocrx_word' id='word_1_796' title='bbox 3679 5006 3901 5075; x_wconf 63' lang='grc' dir='ltr'>ἐπέχοντες·</span> 
     </span>
    </p>
   </div>
   <div class='ocr_carea' id='block_1_109' title="bbox 584 5086 2274 5159">
    <p class='ocr_par' dir='ltr' id='par_1_109' title="bbox 584 5086 2274 5159">
     <span class='ocr_line' id='line_1_109' title="bbox 584 5086 2274 5159; baseline -0.001 -11"><span class='ocrx_word' id='word_1_797' title='bbox 584 5087 747 5152; x_wconf 74' lang='lat' dir='ltr'>~tati,</span> <span class='ocrx_word' id='word_1_798' title='bbox 786 5086 918 5159; x_wconf 85' lang='lat' dir='ltr'>jam</span> <span class='ocrx_word' id='word_1_799' title='bbox 953 5086 1345 5158; x_wconf 73' lang='lat' dir='ltr'>difﬂuentem,</span> <span class='ocrx_word' id='word_1_800' title='bbox 1394 5103 1466 5145; x_wconf 88' lang='lat' dir='ltr'>ac</span> <span class='ocrx_word' id='word_1_801' title='bbox 1504 5091 1967 5145; x_wconf 85' lang='lat' dir='ltr'>evanescentem</span> <span class='ocrx_word' id='word_1_802' title='bbox 2012 5088 2274 5147; x_wconf 82' lang='lat' dir='ltr'>fructum</span> 
     </span>
    </p>
   </div>
   <div class='ocr_carea' id='block_1_110' title="bbox 2386 5087 3901 5173">
    <p class='ocr_par' dir='ltr' id='par_1_110' title="bbox 2386 5087 3901 5173">
     <span class='ocr_line' id='line_1_110' title="bbox 2386 5087 3901 5173; baseline -0.008 -23"><span class='ocrx_word' id='word_1_803' title='bbox 2386 5099 2452 5150; x_wconf 79' lang='grc' dir='ltr'>Τί</span> <span class='ocrx_word' id='word_1_804' title='bbox 2507 5092 2569 5149; x_wconf 75' lang='grc' dir='ltr'>δέ</span> <span class='ocrx_word' id='word_1_805' title='bbox 2619 5116 2704 5150; x_wconf 92' lang='grc' dir='ltr'>σοι</span> <span class='ocrx_word' id='word_1_806' title='bbox 2744 5100 2805 5151; x_wconf 87' lang='grc' dir='ltr'>τὸ</span> <span class='ocrx_word' id='word_1_807' title='bbox 2858 5100 3005 5173; x_wconf 80' lang='grc' dir='ltr'>παρὰ</span> <span class='ocrx_word' id='word_1_808' title='bbox 3055 5107 3151 5161; x_wconf 79' lang='grc' dir='ltr'>τῆς</span> <span class='ocrx_word' id='word_1_809' title='bbox 3194 5102 3393 5172; x_wconf 74' lang='grc' dir='ltr'>φύσεως</span> <span class='ocrx_word' id='word_1_810' title='bbox 3440 5102 3685 5172; x_wconf 41' lang='lat' dir='ltr'>uinctum;</span> <span class='ocrx_word' id='word_1_811' title='bbox 3732 5087 3901 5157; x_wconf 69' lang='grc' dir='ltr'>ὃτιχρὸ</span> 
     </span>
    </p>
   </div>
   <div class='ocr_carea' id='block_1_111' title="bbox 689 5282 1700 5356">
    <p class='ocr_par' dir='ltr' id='par_1_111' title="bbox 689 5282 1700 5356">
     <span class='ocr_line' id='line_1_111' title="bbox 689 5282 1700 5356; baseline 0 -17"><span class='ocrx_word' id='word_1_812' title='bbox 689 5282 768 5356; x_wconf 87' lang='grc'>(1)</span> <span class='ocrx_word' id='word_1_813' title='bbox 799 5284 881 5339; x_wconf 87' lang='lat' dir='ltr'>Ex</span> <span class='ocrx_word' id='word_1_814' title='bbox 907 5282 1074 5356; x_wconf 85' lang='lat' dir='ltr'>hom.</span> <span class='ocrx_word' id='word_1_815' title='bbox 1110 5283 1193 5340; x_wconf 92' lang='lat' dir='ltr'>De</span> <span class='ocrx_word' id='word_1_816' title='bbox 1220 5282 1548 5356; x_wconf 77' lang='lat' dir='ltr'>Mamante,</span> <span class='ocrx_word' id='word_1_817' title='bbox 1574 5286 1700 5342; x_wconf 81' lang='grc'>185.</span> 
     </span>
    </p>
   </div>
   <div class='ocr_carea' id='block_1_112' title="bbox 692 5354 1686 5436">
    <p class='ocr_par' dir='ltr' id='par_1_112' title="bbox 692 5354 1686 5436">
     <span class='ocr_line' id='line_1_112' title="bbox 692 5354 1686 5436; baseline -0.003 -22"><span class='ocrx_word' id='word_1_818' title='bbox 692 5354 886 5436; x_wconf 49' lang='lat'>(3)31;</span> <span class='ocrx_word' id='word_1_819' title='bbox 898 5354 1075 5436; x_wconf 72' lang='lat' dir='ltr'>hom.</span> <span class='ocrx_word' id='word_1_820' title='bbox 1098 5370 1140 5411; x_wconf 82' lang='grc' dir='ltr'>ιι</span> <span class='ocrx_word' id='word_1_821' title='bbox 1170 5357 1235 5411; x_wconf 78' lang='lat' dir='ltr'>in</span> <span class='ocrx_word' id='word_1_822' title='bbox 1257 5354 1569 5426; x_wconf 67' lang='grc' dir='ltr'>Ηρααεπιζ,</span> <span class='ocrx_word' id='word_1_823' title='bbox 1596 5358 1686 5416; x_wconf 70' lang='lat' dir='ltr'>te.</span> 
     </span>
    </p>
   </div>
   <div class='ocr_carea' id='block_1_113' title="bbox 684 5425 1709 5583">
    <p class='ocr_par' dir='ltr' id='par_1_113' title="bbox 684 5425 1709 5583">
     <span class='ocr_line' id='line_1_113' title="bbox 684 5425 943 5495; baseline 0.012 -14"><span class='ocrx_word' id='word_1_824' title='bbox 684 5427 760 5495; x_wconf 90' lang='lat'>(3)</span> <span class='ocrx_word' id='word_1_825' title='bbox 790 5425 943 5484; x_wconf 90' lang='lat' dir='ltr'>Ibid.</span> 
     </span>
     <span class='ocr_line' id='line_1_114' title="bbox 686 5498 1709 5583; baseline 0.002 -28"><span class='ocrx_word' id='word_1_826' title='bbox 686 5498 767 5583; x_wconf 61' lang='grc' dir='ltr'>ςξ)</span> <span class='ocrx_word' id='word_1_827' title='bbox 793 5498 883 5583; x_wconf 49' lang='grc' dir='ltr'>,ξι</span> <span class='ocrx_word' id='word_1_828' title='bbox 905 5498 1077 5583; x_wconf 72' lang='lat' dir='ltr'>hom.</span> <span class='ocrx_word' id='word_1_829' title='bbox 1097 5498 1250 5583; x_wconf 61' lang='lat' dir='ltr'>vijn</span> <span class='ocrx_word' id='word_1_830' title='bbox 1268 5499 1587 5583; x_wconf 49' lang='lat' dir='ltr'>gerum&quot;</span> <span class='ocrx_word' id='word_1_831' title='bbox 1612 5503 1709 5583; x_wconf 48' lang='grc' dir='ltr'>ε-σ.</span> 
     </span>
    </p>
   </div>
   <div class='ocr_carea' id='block_1_114' title="bbox 709 5566 1691 5643">
    <p class='ocr_par' dir='ltr' id='par_1_114' title="bbox 709 5566 1691 5643">
     <span class='ocr_line' id='line_1_115' title="bbox 709 5566 1691 5643; baseline 0.012 -24"><span class='ocrx_word' id='word_1_832' title='bbox 709 5570 765 5633; x_wconf 69' lang='lat'><strong>5)</strong></span> <span class='ocrx_word' id='word_1_833' title='bbox 792 5566 878 5624; x_wconf 83' lang='lat' dir='ltr'>Ex</span> <span class='ocrx_word' id='word_1_834' title='bbox 905 5568 1072 5629; x_wconf 81' lang='lat' dir='ltr'>hom.</span> <span class='ocrx_word' id='word_1_835' title='bbox 1095 5586 1137 5628; x_wconf 86' lang='lat' dir='ltr'>v</span> <span class='ocrx_word' id='word_1_836' title='bbox 1161 5572 1230 5628; x_wconf 77' lang='lat' dir='ltr'>in</span> <span class='ocrx_word' id='word_1_837' title='bbox 1257 5566 1579 5643; x_wconf 64' lang='lat' dir='ltr'>Hea-aen,</span> <span class='ocrx_word' id='word_1_838' title='bbox 1600 5573 1691 5631; x_wconf 72' lang='grc'><strong>47.</strong></span> 
     </span>
    </p>
   </div>
   <div class='ocr_carea' id='block_1_115' title="bbox 2415 5264 3903 5375">
    <p class='ocr_par' dir='ltr' id='par_1_115' title="bbox 2415 5264 3903 5375">
     <span class='ocr_line' id='line_1_116' title="bbox 2415 5264 3903 5375; baseline -0.017 -11"><span class='ocrx_word' id='word_1_839' title='bbox 2415 5364 2426 5375; x_wconf 83' lang='lat'><em>_</em></span> <span class='ocrx_word' id='word_1_840' title='bbox 2457 5294 2538 5375; x_wconf 72' lang='grc' dir='ltr'>(δὶ</span> <span class='ocrx_word' id='word_1_841' title='bbox 2574 5295 2887 5375; x_wconf 21' lang='grc' dir='ltr'>Τοῦμκαλοῦ.</span> <span class='ocrx_word' id='word_1_842' title='bbox 2925 5295 3017 5355; x_wconf 90' lang='lat' dir='ltr'>Sic</span> <span class='ocrx_word' id='word_1_843' title='bbox 3036 5297 3176 5369; x_wconf 82' lang='lat' dir='ltr'>Reg.</span> <span class='ocrx_word' id='word_1_844' title='bbox 3206 5264 3396 5355; x_wconf 87' lang='lat' dir='ltr'>codex</span> <span class='ocrx_word' id='word_1_845' title='bbox 3422 5297 3577 5356; x_wconf 82' lang='grc'><strong>1910.</strong></span> <span class='ocrx_word' id='word_1_846' title='bbox 3607 5288 3735 5353; x_wconf 79' lang='lat' dir='ltr'>Ialo</span> <span class='ocrx_word' id='word_1_847' title='bbox 3748 5286 3799 5343; x_wconf 89' lang='lat' dir='ltr'>in</span> <span class='ocrx_word' id='word_1_848' title='bbox 3819 5277 3903 5340; x_wconf 66' lang='lat' dir='ltr'>edi</span> 
     </span>
    </p>
   </div>
   <div class='ocr_carea' id='block_1_116' title="bbox 2386 5368 3172 5424">
    <p class='ocr_par' dir='ltr' id='par_1_116' title="bbox 2386 5368 3172 5424">
     <span class='ocr_line' id='line_1_117' title="bbox 2386 5368 3172 5424; baseline 0.003 -3"><span class='ocrx_word' id='word_1_849' title='bbox 2386 5368 2461 5422; x_wconf 88' lang='lat' dir='ltr'>tis</span> <span class='ocrx_word' id='word_1_850' title='bbox 2486 5369 2544 5421; x_wconf 92' lang='lat' dir='ltr'>et</span> <span class='ocrx_word' id='word_1_851' title='bbox 2562 5371 2845 5424; x_wconf 91' lang='lat' dir='ltr'>contextu</span> <span class='ocrx_word' id='word_1_852' title='bbox 2873 5376 2966 5420; x_wconf 81' lang='grc' dir='ltr'>τοῦ</span> <span class='ocrx_word' id='word_1_853' title='bbox 2986 5368 3172 5424; x_wconf 72' lang='grc' dir='ltr'>κακοῧ.</span> 
     </span>
    </p>
   </div>
   <div class='ocr_carea' id='block_1_117' title="bbox 2459 5438 3675 5510">
    <p class='ocr_par' dir='ltr' id='par_1_117' title="bbox 2459 5438 3675 5510">
     <span class='ocr_line' id='line_1_118' title="bbox 2459 5438 3675 5510; baseline -0.012 -6"><span class='ocrx_word' id='word_1_854' title='bbox 2459 5438 2536 5506; x_wconf 82' lang='grc'>(7)</span> <span class='ocrx_word' id='word_1_855' title='bbox 2565 5440 2795 5500; x_wconf 79' lang='grc' dir='ltr'>Πάντως.</span> <span class='ocrx_word' id='word_1_856' title='bbox 2822 5440 3057 5510; x_wconf 89' lang='lat' dir='ltr'>Legitur</span> <span class='ocrx_word' id='word_1_857' title='bbox 3083 5440 3146 5497; x_wconf 83' lang='lat' dir='ltr'>in</span> <span class='ocrx_word' id='word_1_858' title='bbox 3174 5444 3453 5499; x_wconf 88' lang='lat' dir='ltr'>contextu</span> <span class='ocrx_word' id='word_1_859' title='bbox 3470 5440 3675 5493; x_wconf 75' lang='grc' dir='ltr'>πάντων.</span> 
     </span>
    </p>
   </div>
   <div class='ocr_carea' id='block_1_118' title="bbox 2459 5494 3901 5590">
    <p class='ocr_par' dir='ltr' id='par_1_118' title="bbox 2459 5494 3901 5590">
     <span class='ocr_line' id='line_1_119' title="bbox 2459 5494 3901 5590; baseline -0.024 1"><span class='ocrx_word' id='word_1_860' title='bbox 2459 5494 2536 5590; x_wconf 58' lang='grc' dir='ltr'>ἐξ)</span> <span class='ocrx_word' id='word_1_861' title='bbox 2566 5513 2665 5590; x_wconf 49' lang='grc' dir='ltr'>ιιι</span> <span class='ocrx_word' id='word_1_862' title='bbox 2690 5494 3460 5590; x_wconf 64' lang='grc' dir='ltr'>σὲελαρμέῖηοεὶῖοοὶιῖὲὶῖίιὶ</span> <span class='ocrx_word' id='word_1_863' title='bbox 3481 5514 3538 5571; x_wconf 84' lang='lat' dir='ltr'>et</span> <span class='ocrx_word' id='word_1_864' title='bbox 3571 5510 3700 5579; x_wconf 78' lang='lat' dir='ltr'>Reg.</span> <span class='ocrx_word' id='word_1_865' title='bbox 3735 5494 3901 5559; x_wconf 75' lang='lat' dir='ltr'>codex-</span> 
     </span>
    </p>
   </div>
   <div class='ocr_carea' id='block_1_119' title="bbox 2384 5578 2851 5652">
    <p class='ocr_par' dir='ltr' id='par_1_119' title="bbox 2384 5578 2851 5652">
     <span class='ocr_line' id='line_1_120' title="bbox 2384 5578 2851 5652; baseline -0.013 -15"><span class='ocrx_word' id='word_1_866' title='bbox 2384 5578 2536 5637; x_wconf 67' lang='grc' dir='ltr'>Βάίῆ</span> <span class='ocrx_word' id='word_1_867' title='bbox 2554 5584 2642 5632; x_wconf 72' lang='grc' dir='ltr'>καὶ</span> <span class='ocrx_word' id='word_1_868' title='bbox 2671 5578 2851 5652; x_wconf 58' lang='grc' dir='ltr'>νύσιςζ</span> 
     </span>
    </p>
   </div>
  </div>
