4074 6220
199 280 345 347 U33

1093 285 1320 345 SERIO
1356 283 1422 338 Il.
1453 310 1522 321 -—
1559 278 1652 343 DE
1688 278 2044 347 DOCTRINA
2081 283 2167 339 ET
2201 283 2701 342 ADMONITIONE.

3438 258 3574 349 i134

196 410 459 472 πολλάκις
514 411 655 482 ἡμᾶς
714 413 805 461 καὶ
868 411 1014 483 ποιρά
1068 417 1168 461 τῶν
1225 406 1506 482 ἀλλοτρίων
1560 412 1654 467 τῆς
1708 406 1857 465 στί-Λ

1949 378 2148 472 :rossis
2187 408 2453 480 capriﬁci
2496 414 2857 468 coercentes.
2893 413 3047 479 Quid
3084 413 3214 473 vult
3259 414 3369 471 sibi
3422 415 3573 471 illud

198 517 366 560 στεως
448 499 678 551 εύτονίαν
743 499 861 551 τινὰ
937 495 1354 570 προσλαμϐάνειν
1425 500 1496 557 είς
1560 498 1655 552 τὴν
1710 502 1807 546 τῶν

195 590 416 660 ἀγαθῶν
470 590 631 661 ἔργων
670 584 944 649 ἐπίδειξιν.
983 587 1100 639 Ἐὰν
1152 589 1253 659 γὰρ
1302 581 1424 657 ῖδῃς
1469 587 1555 637 τὸν
1613 581 1662 634 ἐν
1709 581 1811 656 βίῳ

198 676 429 748 teme,
475 678 504 735 ἦ
563 674 666 728 ἀπὸ
713 695 852 738 τινος
890 680 1135 751 αιρέσιως
1180 671 1523 749 ἐνδιασρόφου
1564 673 1655 734 tio;
1690 672 1811 726 Ἐκ-

198 766 429 827 ulna-ia;
485 763 911 837 ἀπεσχισμένον,
957 762 1081 836 βίον
1135 770 1391 836 σώφρονος
1440 767 1526 815 καὶ
1568 770 1663 824 τῆς
1700 762 1811 814 λοι-

200 863 312 917 πῆς
385 856 522 908 κατὰ
580 858 638 907 τὸ
705 851 829 915 ἦθος
886 852 1124 916 εὐταξίας
1180 851 1607 925 ἄπιμελούμινον,
1662 850 1811 904 πλέον

206 951 437 997 σεαυτοῦ
476 947 533 996 τὸ
577 938 868 995 σπουδαῖον
908 941 1196 1010 ἐπίτεινον,
1249 942 1331 993 ἱνα
1365 945 1486 1013 γένῃ
1527 940 1811 1013 παραπλή-

211 1052 335 1096 σιος
388 1040 450 1106 τῇ
492 1031 803 1106 καρποφὸρῲ
844 1038 1002 1104 συκῇ,
1044 1030 1100 1082 ἐκ
1149 1038 1244 1093 τῆς
1282 1039 1382 1083 τῶν
1430 1028 1620 1101 ἀγρίων
1674 1049 1811 1103 παρ-

209 1128 404 1184 ουσίας
440 1121 758 1195 ἀθροιζούσης)
813 1124 908 1179 τὴν
957 1116 1198 1193 δύναμιν,
1247 1124 1338 1171 χαί
1374 1124 1468 1178 τὴν
1511 1124 1613 1193 μὴν
1658 1120 1811 1193 ῥύσιν

211 1210 519 1284 ἐπεχούσῃ,
582 1208 970 1285 ἐπιμελέστερον
1024 1205 1083 1262 δὴ
1136 1212 1223 1261 τὸν
1290 1212 1488 1284 καρπὸν
1539 1207 1807 1281 ἐκτρεφούο

216 1319 316 1372 σῃ.
357 1302 481 1353 Τινὰ
530 1295 590 1351 δὲ
634 1305 735 1351 τῶν
776 1306 945 1369 φυτῶν
1000 1302 1089 1349 καὶ
1140 1302 1233 1356 τὴν
1280 1296 1336 1351 ἐκ
1383 1300 1583 1369 φύσεως
1624 1300 1812 1348 κακίαν

214 1388 531 1461 ἕπιμελεῖαις
582 1395 825 1462 γεωργῶν
906 1388 1282 1457 θεραπενόμενα
1353 1388 1574 1458 ἔγνωμεν
1617 1406 1630 1419 ·
1709 1382 1813 1437 οἷον

212 1481 315 1539 τὰς
344 1478 510 1541 ὀξείας
532 1478 659 1551 ῥοὰς
702 1481 791 1529 καὶ
836 1484 935 1527 τῶν
986 1471 1302 1548 ἀμυγδάλων
1353 1478 1442 1536 τὰς
1488 1478 1815 1549 πικροτέρας,

212 1570 339 1620 ὅταν
387 1563 757 1638 διατρηθείσαι
795 1568 853 1617 τό
892 1567 1017 1639 πρὸς
1054 1572 1113 1635 τῇ
1160 1564 1282 1638 ῥίζῃ
1329 1564 1596 1635 στελεχος,
1648 1572 1820 1636 σφῆνα

211 1658 415 1716 πεύκης
478 1654 697 1729 λιπαρὸν
770 1661 860 1714 τῆς
930 1652 1224 1727 ἐντεριώνης
1292 1657 1448 1725 μέσον
1520 1650 1823 1705 ὃιελαθέντα

1921 500 2151 553 natura!
2175 497 2519 571 exemplum
2547 499 2573 555 ?
2606 500 2779 565 Quod
2808 517 2919 557 nos
2956 503 3046 559 vel
3080 503 3159 561 ab
3188 504 3279 573 iis,
3312 505 3416 578 qui
3443 521 3479 561 a
3506 504 3573 560 fi-

1920 586 1996 643 de
2028 586 2207 643 alieni
2240 594 2394 655 sunt,
2419 588 2714 660 impetum
2744 592 3076 663 quemdam
3108 608 3179 651 ac
3201 594 3467 665 vigorem
3489 593 3569 651 ad

1921 674 2192 732 dandum
2233 676 2535 733 bonorum
2587 693 2835 750 operum
2874 681 3180 752 specimen
3212 699 3371 756 saepe
3408 682 3567 739 acci-

1920 780 2063 837 pere
2092 764 2408 822 debemus.
2437 768 2667 823 Etenim
2694 768 2745 822 si
2774 768 2997 825 videris
3028 787 3189 842 eum,
3217 774 3324 845 qui
3353 778 3457 829 aut
3478 772 3568 828 vi-

1922 858 2045 911 tam
2075 854 2374 911 ethnicam
2405 855 2546 925 agit,
2579 860 2681 913 aut
2728 856 2808 914 ob
2854 873 3198 930 perversam
3230 861 3567 934 quamdam

1919 944 2198 1000 haeresim
2225 943 2301 999 ab
2332 943 2593 1002 Ecclesia
2613 944 2924 1002 abscissus
2954 951 3065 1015 est,
3096 949 3304 1021 probae
3332 966 3403 1006 ac
3433 965 3571 1005 con-

1917 1031 2159 1089 timentis
2184 1032 2319 1087 vitae
2354 1035 2409 1088 et
2438 1032 2685 1105 reliquae
2714 1034 2958 1091 moralis
2988 1035 3316 1109 disciplinae
3347 1037 3570 1094 studio-

1921 1138 2056 1178 sum
2078 1136 2228 1192 esse,
2244 1125 2408 1177 tuam
2429 1122 2625 1192 magis
2655 1122 2895 1179 intende
2917 1124 3315 1195 sedulitatem,
3333 1130 3397 1182 ut
3418 1126 3569 1183 fruc-

1922 1210 2105 1268 tiferae
2131 1210 2248 1266 ﬁco
2288 1226 2361 1265 ex
2392 1210 2818 1282 capriﬁcorum
2847 1210 3021 1283 477
3058 1214 3378 1286 praesentia
3406 1214 3571 1271 colli-

1923 1300 2083 1370 genti
2112 1298 2292 1365 vires,
2331 1302 2390 1354 et
2441 1298 2774 1355 deﬂuvium
2824 1301 3148 1371 cohibenti,
3188 1303 3574 1377 fructumque

1922 1387 2266 1457 diligentius
2310 1387 2629 1443 enutrienti
2664 1431 2678 1456 ,
2730 1388 2942 1445 similis
2983 1390 3229 1447 evadas.
3268 1394 3342 1463 (l)
3390 1395 3573 1449 Porro

1924 1476 2223 1534 naturalia
2250 1476 2662 1548 quarumdam
2690 1477 2973 1535 arborum
3008 1480 3146 1537 vitia
3167 1482 3574 1552 agricolarum

1927 1566 2237 1636 diligentia
2267 1565 2462 1621 curari
2511 1566 2829 1635 novimus;
2871 1569 3216 1641 cujusmodi
3261 1576 3399 1628 sunt
3432 1571 3578 1627 mali

1927 1656 2164 1730 punicae
2195 1655 2405 1723 acidae,
2429 1660 2489 1713 et
2525 1655 2863 1727 amygdalae
2896 1659 3252 1724 amariores,
3277 1675 3434 1731 quae,
3470 1660 3579 1717 ubi

222 1741 517 1814 δέξωνται,
578 1762 649 1805 εις
713 1742 1041 1816 εὐχρηστίαν
1111 1740 1493 1811 μεταϐάλλουσι
1549 1747 1664 1795 τότε
1731 1749 1821 1794 τοῦ

1949 1745 2234 1818 perforato
2271 1743 2349 1800 ad
2388 1743 2655 1800 radicem
2694 1749 2903 1801 trunco
2932 1746 3222 1819 pinguem
3264 1748 3448 1820 picete
3477 1765 3581 1806 cu-

228 1840 411 1906 χυμοῦ
448 1837 542 1891 τὴν
592 1828 929 1904 δυσχέρειαν.
980 1828 1181 1892 Μηδεὶς
1218 1827 1303 1883 οὖν
1344 1832 1393 1884 ἐν
1429 1836 1589 1904 κακίᾳ
1626 1829 1828 1903 διάγων

230 1923 425 1976 ἑαυτοῦ
476 1920 794 1993 ἀπογνώτω.
842 1925 900 1973 Ei
946 1922 1048 1992 γὰρ
1093 1924 1317 1993 γεωργὸς
1372 1928 1470 1972 τῶν
1519 1930 1684 1992 φυτῶν
1739 1925 1828 1984 τὰς

227 2016 519 2073 ποιότητας
573 2008 898 2082 μεταϐάλλει,
930 2008 1100 2079 πολλῷ
1152 2009 1342 2082 μᾶλλον
1392 2012 1420 2069 ἠ
1478 2011 1591 2062 κατ’
1647 2009 1832 2083 ἀρετήν

228 2108 326 2161 Ii;
356 2099 544 2171 ψυχῆς
582 2097 843 2169 ἐπιμέλεια
891 2094 1115 2150 δύναται
1154 2094 1506 2150 παντοδαπῶν
1554 2097 1832 2173 άῤῥωστηῳ

232 2191 415 2261 μάτων
473 2187 865 2262 ἐπικρατῆσαι,
929 2185 978 2239 ἐν
1042 2193 1255 2259 Χριστῷ
1309 2186 1486 2257 Ἰησοῦ
1534 2195 1602 2258 τῷ
1661 2192 1836 2262 Κυρίῳ

236 2280 409 2350 ἡμῶν,
441 2275 480 2349 ᾧ
525 2278 553 2336 ἠ
598 2273 731 2340 δόξα
762 2280 850 2329 καὶ
888 2279 946 2327 τὸ
985 2278 1177 2347 κράτος
1215 2283 1324 2345 νῦν,
1369 2280 1461 2329 καὶ
1505 2275 1602 2339 ἀεὶ,
1645 2283 1734 2330 καὶ
1765 2283 1837 2340 εἰς

236 2372 365 2430 τοὺς
392 2373 585 2427 αἰῶνας
609 2375 710 2418 τῶν
741 2365 959 2422 αἰώνων.
995 2364 1180 2437 Ἀμήν·

497 2673 644 2722 ΠΕΡΙ
698 2671 982 2722 ΔΙΔΑΧΗΣ
1036 2670 1149 2721 ΚΑΙ
1204 2671 1591 2721 ΝΟΥΘΕΣΙΛΣ.

894 2767 1112 2829 ΛΟΓΟΣ
1138 2775 1205 2830 B‘.

1933 1850 2117 1892 neum
2167 1848 2274 1904 per
2312 1832 2575 1888 mediam
2614 1832 2945 1891 medullam
2993 1835 3278 1892 adactum
3309 1853 3585 1910 suscepe-

1937 1922 2075 1985 rint,
2097 1927 2238 1978 tunc
2255 1922 2415 1976 succi
2437 1920 2822 1976 acerbitatem
2851 1922 2915 1977 in
2944 1922 3175 1979 bonum
3196 1940 3378 1981 usum
3399 1930 3588 1981 trans-

1939 2015 2196 2066 mutant.
2238 2013 2422 2065 Nemo
2466 2009 2644 2079 igitur
2680 2009 2740 2063 in
2784 2009 2926 2066 vitio
2968 2010 3212 2080 degens,
3239 2012 3314 2068 de
3350 2028 3411 2068 se
3453 2013 3585 2085 ipse

1940 2101 2238 2172 desperet.
2288 2101 2436 2155 Nam
2484 2098 2533 2152 si
2575 2096 2925 2169 plantarum
2964 2100 3283 2171 qualitates
3326 2101 3594 2173 agricola

1943 2192 2294 2257 commutat,
2311 2185 2499 2242 multo
2514 2186 2708 2256 magis
2724 2185 2959 2242 nullum
2988 2192 3077 2245 est
3103 2188 3465 2246 inﬁrmitatis
3496 2205 3595 2260 ge-

1945 2294 2080 2349 nus,
2114 2276 2282 2350 quod
2314 2290 2437 2332 non
2461 2274 2681 2331 animas
2711 2274 2771 2330 in
2801 2273 2895 2342 iis,
2924 2291 3060 2348 quae
3085 2277 3165 2332 ad
3192 2276 3469 2333 virtutem
3502 2282 3595 2334 at-

1947 2368 2154 2430 tinent,
2186 2365 2420 2421 eultura
2449 2379 2733 2436 superare
2749 2364 2960 2436 possit,
2977 2365 3039 2420 in
3062 2365 3289 2423 Christo
3319 2368 3457 2422 Jesu
3486 2369 3599 2424 Do-

1952 2457 2115 2513 mino
2140 2461 2369 2524 nostro,
2401 2454 2496 2511 cui
2527 2454 2718 2524 gloria
2747 2459 2804 2509 et
2835 2459 3102 2526 potestas
3131 2470 3314 2524 nunc,
3347 2460 3404 2512 et
3444 2472 3597 2512 sem-

1954 2560 2080 2617 per,
2112 2549 2167 2601 et
2186 2545 2247 2600 in
2272 2543 2494 2600 saecula
2521 2542 2901 2599 saeculorum.
2934 2549 3145 2600 Amen.

2122 2669 2233 2724 DE
2271 2667 2675 2724 DOCTRINA
2718 2667 2825 2723 ET
2854 2667 3439 2726 ΑΒΜΟΝΙΤΙΟΝΕ.

2611 2775 2836 2831 SERMO
2877 2777 2947 2831 ll.

331 2874 380 2943 l.
432 2883 490 2937 Εἰ
533 2881 615 2936 ίπὶ
680 2886 962 2943 τοσαύταις
1014 2888 1382 2955 παραινέσεσιν
1412 2924 1425 2949 ,
1476 2880 1538 2943 ἃς
1582 2884 1630 2934 ἓν
1678 2901 1727 2933 τε
1774 2887 1848 2952 τῷ

2038 2891 2082 2939 I.
2116 2886 2191 2957 ('2)
2226 2884 2283 2941 Si
2315 2900 2387 2939 ex
2418 2886 2505 2939 tot
2549 2881 3085 2953 exhortationibus,
3117 2882 3181 2937 in
3212 2882 3437 2955 quibus
3464 2886 3607 2940 tunc

1962 2975 2260 3047 praeterito
2292 2977 2564 3044 tempore
2598 2986 2703 3027 vos
2742 2969 3150 3026 indesinenter
3182 2970 3484 3027 adhortati
3512 2988 3607 3027 su-

249 3082 367 3136 μεν,
420 3068 507 3113 καὶ
548 3059 727 3134 ἑφεξῆς
778 3069 876 3113 τῶν
936 3061 1065 3113 ἑπτὰ
1114 3070 1209 3123 τῆς
1255 3067 1493 3123 νηστείας
1540 3056 1849 3133 ἑϐδομάδων

1962 3081 2117 3130 mus,
2134 3068 2259 3119 tum
2292 3067 2502 3136 postea
2539 3076 2644 3133 per
2673 3060 2783 3115 bas
2812 3063 3039 3131 septem
3063 3059 3431 3131 jejuniorum
3455 3059 3607 3116 heb-

250 3154 443 3213 νυκτὸς
480 3155 569 3202 καὶ
616 3151 807 3224 ἡμέρας
852 3146 1332 3226 διαμαρτυρόμεναι
1374 3151 1494 3222 ύμῖν
1525 3154 1581 3203 τὸ
1629 3149 1853 3221 Εὔαγγέ-

1962 3152 2263 3212 domadas
2301 3155 2477 3208 nocte
2507 3166 2577 3207 ac
2597 3149 2692 3205 die
2720 3148 3105 3220 Evangelium
3128 3148 3334 3219 gratiae
3358 3149 3458 3205 Dei
3481 3149 3610 3207 sine

1962 3244 2084 3300 ulla
2123 3240 2562 3298 intermissione
2611 3238 2784 3294 vobis
2822 3238 3334 3305 deuuntiavimus,
3379 3238 3610 3295 fructus

1934 3333 2164 3409 nullus
2208 3330 2493 3402 nullaque
2524 3328 2744 3384 utilitas
2778 3326 3047 3383 emersit:
3079 3344 3203 3401 qua
3244 3344 3353 3400 spe
3388 3344 3612 3385 sermo-

1960 3437 2100 3478 nem
2158 3420 2338 3477 hodie
2385 3418 2743 3475 habebimus
2772 3417 2800 3472 ‘?
2831 3418 2905 3489 (3)
2960 3420 3109 3473 Nam
3149 3420 3207 3474 et
3253 3418 3519 3488 agricola
3562 3418 3614 3474 si

1962 3512 2164 3584 priora
2194 3510 2427 3565 semina
2456 3511 2635 3564 enata
2682 3522 2803 3562 non
2846 3505 2985 3573 sint,
3016 3506 3093 3562 ad
3124 3506 3287 3563 aliud
3318 3522 3526 3564 semen
3552 3508 3614 3562 in

1962 3599 2178 3654 iisdem
2201 3598 2359 3653 arvis
2384 3611 2591 3652 rursus
2622 3594 3031 3668 spargendum
3046 3594 3288 3665 segnior
3305 3600 3393 3649 est
3414 3601 3471 3651 et
3501 3599 3612 3651 tar-

1962 3690 2116 3745 dior.
2152 3690 2227 3751 (4)
2261 3687 2452 3749 Quare
2484 3686 2665 3740 etiam
2692 3684 3039 3751 tacuissem,
3073 3683 3218 3739 mihi
3258 3682 3499 3753 credite,
3525 3684 3615 3739 ni-

1964 3781 2011 3836 si
2041 3777 2309 3836 Jeremiae
2334 3776 2665 3833 timuissem
2696 3774 3040 3847 exemplum
3068 3790 3079 3827 :
3112 3773 3379 3845 quicum
3401 3773 3477 3829 ad
3510 3788 3615 3845 po-

1965 3869 2177 3942 pulum
2223 3872 2641 3923 contumacem
2680 3864 2861 3920 verba
2903 3862 3100 3918 facere
3142 3862 3355 3930 nollet,
3394 3877 3615 3934 passus

1965 3963 2053 4014 est
2076 3974 2213 4030 quae
2262 3956 2390 4029 ipse
2437 3959 2728 4021 recenset,
2768 3952 2933 4024 quod
2982 3952 3178 4008 factus
3227 3957 3316 4008 est
3358 3951 3514 4021 ignis
3554 3952 3617 4007 in

1965 4048 2096 4119 ejus
2116 4046 2467 4110 visceribus,
2488 4059 2558 4099 ac
2587 4042 2855 4114 undique
2883 4040 3467 4107 dissolvebatur,nec
3497 4039 3616 4097 fer-

1966 4153 2028 4194 re
2051 4142 2285 4209 poterat
2314 4136 2383 4188 3‘.
2408 4135 2485 4206 (5)
2511 4137 2658 4190 Nam
2681 4133 2730 4187 si
2758 4131 3033 4188 naturale
3064 4131 3364 4187 sermonis
3396 4146 3619 4187 munus

1967 4232 2075 4294 est,
2098 4241 2294 4299 neque
2325 4224 2685 4290 obscuritate
2707 4238 2780 4277 ea
2808 4238 2944 4294 quae
2971 4220 3387 4292 signiﬁcantur
3411 4218 3619 4277 occul-

1968 4324 2114 4385 tare,
2146 4331 2343 4389 neque
2372 4327 2895 4385 supervacaneum
2917 4326 3048 4366 esse
3080 4316 3135 4367 et
3162 4326 3409 4379 vanum,
3437 4324 3507 4364 ac
3534 4313 3621 4366 te-

1972 4426 2131 4465 mere
2160 4406 2341 4462 rebus
2367 4404 2815 4459 circumﬂuum:
2858 4402 2933 4463 (6)
2962 4415 3084 4456 non
3105 4399 3393 4454 decorum
3422 4402 3529 4464 est,
3543 4398 3621 4454 de

1971 4498 2175 4555 multis
2211 4495 2393 4551 simul
2439 4493 2750 4557 disserere,
2784 4506 2858 4546 ne
2885 4491 3032 4545 forte
3059 4488 3121 4543 in
3152 4486 3464 4543 moderato
3494 4502 3619 4542 ser-

1970 4602 2150 4644 mone
2175 4584 2411 4641 inutilia
2440 4581 2703 4639 evadant
2745 4595 2882 4651 qure
2913 4578 3227 4648 diligenter
3255 4592 3325 4633 ac
3350 4575 3621 4632 studiose

1972 4676 2220 4731 collecta
2250 4677 2406 4728 sunt.
2442 4674 2600 4728 Mens
2630 4670 2793 4725 enim
2832 4684 2968 4740 quae
2992 4664 3517 4739 apprehendeudis
3546 4665 3621 4721 si-

1972 4763 2101 4820 mul
2129 4761 2412 4819 omnibus
2431 4760 2626 4831 impar
2645 4762 2751 4819 est,
2770 4763 2873 4814 aut
2897 4755 3064 4813 aliter
3090 4772 3153 4811 se
3181 4755 3452 4812 habetac
3478 4770 3619 4811 ven.

1974 4858 2088 4921 ter,
2137 4849 2241 4924 qui
2284 4848 2363 4905 ob
2403 4848 2657 4904 nimiam
2703 4846 3077 4902 saturitatem
3125 4848 3401 4917 sumptos
3453 4844 3621 4901 cibos

1975 4954 2349 5011 concoquere
2370 4951 2495 4992 non
2524 4938 2741 5009 potest.
2772 4935 2849 5004 (7)
2882 4933 2987 4989 Vix
3026 4934 3189 4992 enim
3223 4934 3443 4990 durare
3473 4931 3623 4989 solet

1974 5027 2142 5104 quod
2170 5027 2387 5084 invitus
2408 5022 2689 5081 didiceris
2718 5039 2730 5076 :
2765 5023 2932 5095 quod
2961 5026 3163 5081 autem
3185 5020 3453 5095 jucunde
3482 5034 3621 5077 suav-

252 2971 567 3046 προλαϐόντι
622 2978 799 3047 χρόνῳ
842 2972 1255 3048 παρακαλοῦντες
1313 2974 1448 3044 ὑμᾶς
1520 2972 1579 3024 ού
1646 2967 1849 3024 διελπο-

250 3242 360 3293 λιον
418 3247 507 3298 τῆς
550 3242 770 3314 χάριτος
818 3247 907 3290 τοῦ
966 3247 1099 3291 Θεοῦ
1147 3238 1241 3291 ούκ
1290 3238 1646 3312 ἐπαυσάμεθα,
1701 3235 1851 3292 οὐδὲν

248 3334 458 3400 γέγονεν
498 3327 708 3399 ὄφελος,
755 3326 839 3379 ἐπὶ
886 3332 1060 3389 ποίαις
1108 3327 1281 3380 ἐλπίσι
1338 3324 1699 3400 διαλεχθῶμεν
1748 3331 1849 3385 σό-

255 3432 452 3491 μερον;
494 3416 635 3470 Ἐπεὶ
686 3421 775 3467 καὶ
804 3419 1056 3489 γεωργὸς,
1094 3424 1192 3489 τῶν
1232 3422 1447 3491 πρώτων
1497 3418 1637 3488 αύτῷ
1689 3436 1852 3491 σπερ-

255 3506 434 3577 μάτων
496 3507 566 3577 μὴ
634 3503 955 3577 ὲκφυὲντων,
1028 3504 1367 3580 ὀκνηρότερος
1424 3504 1536 3559 ἐστι
1601 3511 1727 3579 πρὸς
1792 3509 1850 3558 τὸ

256 3590 496 3668 δεύτερον
551 3601 665 3654 ταῖς
724 3596 907 3655 αύταίς
963 3592 1208 3669 ἀρούραις
1262 3595 1414 3647 πάλιν
1462 3594 1847 3668 ἐγκαταϐαλεῖν.

251 3682 417 3735 Ὠστε
464 3680 555 3733 κᾶν
595 3680 871 3740 ἐσιώπησα
896 3725 908 3749 ,
952 3679 1004 3735 εὖ
1042 3686 1153 3735 ἴστε
1180 3726 1193 3747 ,
1235 3684 1279 3736 εἰ
1329 3689 1400 3757 μὴ
1458 3683 1747 3759 ἐφοϐούμην
1793 3689 1851 3739 τὸ

230 3766 560 3843 ὑπόδειγμα
613 3770 858 3844 Ἰερεμίου
902 3793 914 3805 ·
971 3772 1021 3833 ὃς
1064 3777 1195 3848 πρὸς
1243 3772 1428 3832 ἀπειθῆ
1470 3773 1590 3825 λαὸν
1639 3776 1850 3847 φθέγγε-

260 3863 389 3913 σθαι
426 3864 497 3933 μὴ
552 3858 898 3932 βουλόμενος,
957 3864 1137 3913 ἔπαθεν
1178 3860 1346 3914 ἐκεῖνα
1386 3862 1514 3939 άπερ
1560 3863 1715 3924 αὐτὸς
1764 3860 1852 3916 δι-

258 3956 521 4021 ηγήσατο,
583 3952 662 4002 ὅτι
721 3949 911 4021 ἐγένετο
962 3950 1103 4022 αύτῷ
1162 3958 1266 4025 πῦρ
1320 3950 1369 4003 ἓν
1414 3960 1523 4014 τοῖς
1580 3951 1851 4025 ἐγκάτοις,

255 4044 349 4093 καὶ
388 4047 603 4113 παρεῖτο
642 4042 918 4112 πάντοθεν,
956 4044 1045 4092 καί
1093 4041 1187 4093 οὐκ
1226 4037 1457 4100 ἠδύνατο
1504 4046 1687 4116 φέρειν.
1719 4041 1857 4095 Ἐπεὶ

256 4134 361 4203 γαρ
413 4131 565 4199 φύσει
629 4127 780 4203 ἁρετὴ
837 4129 990 4201 λόγου
1024 4170 1037 4195 ,
1124 4134 1256 4202 μήτε
1321 4134 1547 4204 ἀσαφείᾳ
1614 4135 1857 4207 κρύπτειν

258 4222 326 4271 τὰ
376 4222 749 4291 σημαινόμενα,
797 4223 926 4291 μήτε
981 4224 1220 4292 περιττὸν
1266 4222 1391 4273 εἶναι
1440 4226 1528 4274 καὶ
1588 4224 1808 4294 μάταιον
1840 4263 1857 4292 ,

260 4307 371 4365 εἰ,χὴ
423 4314 528 4367 τοῖς
595 4310 874 4381 πράγμασι
943 4308 1277 4382 περιῤῥέοντα
1312 4331 1324 4343 ο
1394 4310 1452 4363 ού
1515 4310 1669 4362 καλὸν
1740 4316 1857 4386 περὶ

259 4395 457 4448 πολλῶν
511 4396 733 4458 εἰσάπαξ
791 4392 1183 4469 διαλεχθῆναι,
1239 4403 1309 4469 μή
1360 4418 1482 4451 ποτε
1529 4406 1591 4472 τῇ
1636 4398 1856 4477 ἀμετρία

260 4491 355 4537 τοῦ
409 4483 566 4557 λόγου
629 4486 886 4558 ἄχρηστα
952 4494 1081 4559 φανῇ
1151 4490 1215 4537 τὰ
1277 4486 1555 4560 φιλοπόνως
1634 4490 1854 4543 συνειλε-

260 4577 426 4647 γμένα
485 4575 776 4625 ’Δτονοῦσα
818 4576 917 4648 γὰρ
965 4576 993 4632 ἡ
1056 4570 1265 4627 διάνοια
1290 4595 1494 4627 παντων
1536 4578 1667 4648 ὁμοῦ
1709 4598 1860 4654 περι-

263 4658 587 4735 ὃράξασθαι,
645 4664 822 4735 ὅμοιον
869 4666 1074 4735 πάσχει
1115 4669 1347 4737 γαστρὶ,
1403 4661 1496 4717 διὰ
1553 4671 1647 4723 τὴν
1699 4668 1861 4743 ὑπερ-

1892 4452 1942 4513 D

263 4749 422 4808 ϐολήν
476 4758 568 4802 τοῦ
616 4756 813 4825 κόρον,
861 4752 933 4815 εἰς
978 4751 1135 4824 πέψιν
1200 4754 1416 4825 ἀγαγεῖν
1470 4756 1535 4805 τὰ
1585 4772 1863 4828 παραπεμ-

234 4830 456 4917 ίφθιντα
506 4844 577 4913 μὴ
639 4837 945 4917 δυναμένῳ.
1008 4847 1178 4895 Βίαιον
1231 4846 1321 4917 μὲν
1374 4844 1475 4915 γὰρ
1517 4844 1741 4915 μάθημα
1804 4844 1863 4896 ού

261 4932 455 5003 πέφυκε
506 4932 839 5003 παραμένειν,
880 4935 938 4983 τὸ
980 4927 1039 4984 δὲ
1084 4933 1216 5006 μετά
1262 4931 1488 5006 τέρψεως
1551 4936 1639 4985 καὶ
1701 4935 1865 5007 χάρι-

238 5010 345 5080 ’τος
376 5015 711 5092 ιίσδυόμενον
758 5026 1105 5097 μονιμώτερόν
1150 5041 1259 5083 πως
1296 5029 1407 5083 ταῖς
1442 5021 1650 5095 ψυχαῖς
1692 5024 1865 5089 ἐνιζά-

340 5200 387 5236 "
410 5202 627 5258 Jerem.
656 5218 752 5273 xx,
782 5204 833 5261 9.

2054 5418 2134 5487 (6)
2175 5408 2254 5473 Ex
2286 5412 2450 5475 hom.
2484 5412 2543 5475 in
2566 5400 2733 5489 illud,
2756 5402 3015 5476 Attende
3044 5417 3152 5475 tibi
3179 5420 3309 5489 ipsi.
3346 5402 3430 5474 l6.

2055 5491 2133 5559 (6)
2148 5490 2229 5544 Ex
2240 5490 2405 5545 hom.
2421 5489 2482 5545 in
2498 5486 2745 5556 illud,Iiz
2756 5492 3058 5561 principio
3068 5486 3207 5547 erat
3222 5486 3625 5551 Verbum,l38.

337 5395 394 5537 μ’
450 5397 543 5521 ξι
571 5398 738 5454 hom.
770 5416 803 5453 v
827 5416 899 5484 ιη,
924 5401 1201 5487 Herem,
1224 5402 1315 5463 46.

337 5398 419 5608 (ἐξ
448 5469 726 5598 Ibxidhbm.
758 5486 847 5528 xw
877 5489 942 5529 ιη
976 5474 1252 5547 ebriosos,
1287 5478 1311 5533 1

2050 5562 2128 5633 (7)
2160 5563 2241 5619 Ex
2266 5561 2434 5620 hom.
2460 5562 2700 5633 inpsal.
2727 5577 2766 5626 ι,
2798 5564 2889 5619 9t.

450 5474 530 5547 gr
558 5469 726 5547 hom.
758 5486 847 5528 xw
877 5474 942 5529 in
976 5469 1252 5547 ebriosos,
1287 5478 1409 5533 122.

242 5552 249 5561 '
337 5540 415 5610 (3)
448 5540 599 5598 Ibid.

341 5614 423 5683 (4)
456 5612 632 5683 lbid.,
665 5615 785 5673 123.
