4050 6220
225 360 361 415 1137

294 484 348 538 3.
380 485 485 535 Τοῦ
504 480 607 555 γὰρ
652 468 1014 552 φιλανθρώπου
1064 486 1198 534 Θεοῦ
1249 483 1340 533 καὶ
1386 486 1622 554 Σωτῆρος
1668 481 1812 553 ἡμῶν
1850 482 1898 537 Α

222 569 405 630 Ἰησοῦ
464 576 700 645 Χριστοῦ
745 568 1004 641 λέγοντος
1045 575 1195 623 Δεῦτε
1239 572 1367 643 πρός
1416 572 1499 642 μὶ,
1545 571 1729 630 πάντες
1765 571 1815 622 οἱ

221 668 503 722 κοπιῶντες
552 663 643 711 καὶ
689 663 1109 733 πεφορτισμένοι,
1139 657 1283 731 κάγὼ
1331 658 1615 712 ἀναπαύσω
1644 661 1812 731 ὑμᾶς’

222 749 318 803 οὐκ
368 744 641 802 ἰαίνδυνον
689 746 1016 801 ἀπωθεῖσθαι
1055 752 1176 811 τοὺς
1221 756 1293 819 τῷ
1343 752 1518 821 Κυρίῳ
1562 745 1637 801 δι’
1668 750 1816 820 ἡμῶν

219 843 558 913 προσιόντας,
600 840 691 890 καὶ
742 837 976 890 ὑπελθεῖν
1024 837 1185 890 αὐτοῦ
1230 841 1317 890 τόν
1369 840 1611 912 χρηστόν
1656 838 1817 909 ζυγὸν

220 926 593 1002 βουλομένους.
638 930 903 1001 Προσὴκει
951 924 1012 980 δε
1060 929 1148 979 τόν
1194 927 1512 1001 παρελθόντα
1560 925 1677 1000 βίον
1714 935 1816 980 τῶν

218 1021 541 1092 προσιόντων
569 1018 1005 1090 καταμανθάνειν,
1036 1021 1129 1070 καὶ
1153 1018 1228 1079 οἷς
1251 1020 1342 1091 μεν
1389 1014 1496 1076 ἤδη
1537 1037 1590 1069 τι
1619 1022 1817 1090 κατώρ-

221 1108 405 1173 θωται,
435 1108 504 1159 τὰ
553 1106 840 1180 τελειότερα
885 1114 987 1158 τῶν
1036 1102 1384 1179 διδαγμάτων
1416 1102 1814 1183 παραδιδόναιο

216 1200 341 1258 τούς
371 1193 431 1250 δε
460 1195 519 1249 ἰκ
549 1193 673 1269 βίου
716 1202 946 1268 πονηροῦ
986 1197 1117 1270 πρὸς
1170 1200 1256 1249 τὸν
1304 1195 1492 1272 ἀκριϐῆ
1555 1194 1671 1269 βίον
1720 1204 1816 1257 τῆς

220 1286 538 1358 θεογνωσίας
575 1286 875 1358 όμήσαντας
903 1285 1192 1358 ἀνακρίνειν
1222 1288 1355 1361 χρὴ,
1399 1286 1568 1339 ὁποῖοι
1596 1288 1656 1338 τό
1686 1286 1814 1348 ἦθός

220 1374 349 1445 εἰσι,
399 1378 466 1447 μὴ
522 1375 769 1445 ἄσταιοι,
822 1378 913 1427 καὶ
967 1376 1095 1448 πρός
1140 1375 1231 1435 τὰς
1279 1378 1482 1449 κρίσεις
1527 1374 1808 1433 εὐκίνητοι.

217 1460 476 1517 ἰ’ποπτον
503 1465 603 1538 γὰρ
652 1470 752 1515 τῶν
794 1463 1041 1515 τοιούτων
1088 1464 1147 1515 τὸ
1174 1462 1508 1536 εὐμετάθετον
1533 1484 1547 1500 ο
1597 1462 1645 1517 οἳ
1683 1468 1811 1541 πρὸς

215 1558 293 1623 τῷ
338 1548 506 1624 μηδεν
549 1552 759 1612 ἰαυτούς
815 1550 1100 1624 ὠφελῆσαι,
1151 1553 1227 1604 ἔτι
1277 1556 1367 1604 καὶ
1420 1551 1605 1627 ἑτέροις
1650 1556 1810 1607 αἴτιοι

218 1638 420 1714 βλάϐης
444 1644 696 1712 γίνονται.
740 1640 879 1694 Ἐπεὶ
910 1636 970 1693 δὴ
1005 1642 1177 1693 πάντα
1215 1639 1477 1714 ἰπιμελείᾳ
1521 1645 1811 1717 κατορθοῦσ-

214 1748 327 1799 ται,
385 1734 477 1783 καὶ
525 1728 676 1802 φόϐος
716 1735 849 1783 Θεοῦ
902 1734 1158 1783 παντοίων
1207 1728 1577 1804 ἐλαττωμάτων
1623 1731 1811 1805 ψυχῆς

1099 353 1328 412 SERMO
1364 354 1430 410 ll.
1475 383 1545 395 -—
1583 352 1674 411 DE
1715 351 2064 412 DOCTBINA
2100 356 2187 413 ET
2220 357 2718 417 ADMONITIONE.

3449 368 3585 422 H38

1999 484 2051 537 3.
2086 481 2162 553 (5)
2193 484 2340 538 Cum
2362 482 2518 539 enim
2547 485 2849 554 benignus
2898 488 3051 543 Deus
3086 490 3143 544 et
3174 487 3446 545 Salvator
3470 504 3583 545 no-

1924 572 2045 625 ster
2102 573 2271 627 Jesus
2330 572 2593 629 Christus
2648 574 2809 631 dicat
2853 593 2865 630 :
2911 577 3111 634 Venite
3135 579 3217 634 ad
3242 593 3353 647 me,
3385 594 3584 635 omnes

1926 660 2031 731 qui
2050 660 2355 729 laboratis,
2381 669 2435 718 et
2457 667 2693 721 onerati
2712 667 2868 737 estis,
2893 674 2947 722 et
2973 683 3077 737 ego
3104 671 3368 737 reﬁciam
3388 684 3488 725 vos
3500 671 3576 733 =5;

1924 748 2329 822 periculosum
2351 756 2440 808 est
2461 752 2744 825 repellere
2763 770 2866 810 eos
2894 756 2997 827 qui
3024 772 3131 828 per
3152 773 3264 812 nos
3285 759 3582 814 accedunt

1924 837 2003 894 ad
2034 837 2374 911 Dominum,
2410 841 2658 913 ejusque
2675 842 2893 912 jugum
2918 859 3101 900 suave
3125 845 3325 900 subire
3344 846 3575 901 volunt.

1926 926 2002 997 (6)
2024 927 2475 984 Prteteritavero
2492 930 2909 987 accedentium
2926 932 3048 987 vita
3058 938 3147 990 est
3161 934 3577 1005 expendenda,

1926 1018 1985 1071 et
2010 1014 2081 1070 iis
2109 1015 2214 1087 qui
2253 1015 2483 1088 aliquid
2535 1022 2691 1074 recte
2716 1019 2845 1089 jam
2876 1022 3186 1089 gesserint,
3217 1022 3581 1078 documenta

1924 1103 2280 1176 perfectiora
2310 1105 2607 1163 tradenda
2632 1113 2771 1164 sunt
2820 1125 2832 1163 :
2876 1110 2982 1181 qui
3026 1115 3228 1166 autem
3281 1127 3351 1166 ex
3389 1127 3581 1183 prava

1923 1192 2048 1249 vita
2076 1193 2157 1249 ad
2182 1193 2507 1266 perfectam
2536 1196 2718 1253 vitam
2766 1197 2829 1252 in
2874 1197 2974 1254 Dei
3022 1199 3361 1269 cognitione
3403 1201 3579 1256 sitam

1921 1285 2252 1353 transeunt,
2285 1283 2398 1340 hos
2430 1285 2797 1355 perscrutari
2827 1303 2938 1359 par
2973 1292 3081 1355 est,
3109 1287 3392 1345 nimirum
3422 1305 3577 1361 qua-

1918 1368 2078 1426 libus
2105 1370 2342 1443 preediti
2373 1372 2487 1428 sint
2530 1374 2822 1446 moribus,
2856 1391 3005 1431 num
3052 1376 3382 1445 instabiles,
3413 1382 3471 1433 et
3515 1378 3578 1434 in

1919 1459 2181 1517 consiliis
2206 1460 2331 1517 suis
2358 1460 2530 1518 facile
2557 1462 2831 1519 mobiles.
2862 1466 3150 1537 Suspecta
3180 1466 3342 1521 enim
3363 1466 3577 1522 talium

1916 1547 2359 1606 inconstantia:
2396 1550 2502 1624 qui
2529 1552 2777 1623 quidem
2806 1559 3211 1626 praeterquam
3246 1556 3413 1626 quod
3458 1548 3577 1628 ipsi

1917 1637 2068 1695 nihil
2093 1638 2359 1695 utilitatis
2388 1641 2654 1713 capiunt,
2694 1647 2985 1715 praeterea
3031 1648 3169 1699 sunt
3191 1643 3371 1701 etiam
3396 1650 3574 1701 cmte—

1919 1727 2001 1785 ris
2034 1728 2375 1786 detrimenti
2407 1735 2705 1788 auctores.
2751 1733 2861 1789 Sed
2905 1734 3052 1802 quia
3093 1733 3241 1789 nihil
3292 1738 3381 1790 est
3407 1734 3574 1806 quod

214 1823 557 1894 περιγίνεται,
625 1814 750 1872 ούδὶ
809 1820 1004 1871 τούτων
1063 1816 1421 1891 ἁπογνωστέον
1466 1819 1634 1892 εὐθὺς,
1684 1820 1814 1875 ἀλλὰ

1919 1832 2043 1875 non
2072 1817 2278 1874 labore
2332 1823 2390 1875 et
2437 1819 2744 1890 diligentia
2771 1822 3134 1895 perﬁciatur,
3165 1838 3236 1879 ac
3267 1824 3444 1879 timor
3473 1824 3574 1878 Dei

216 1908 367 1980 ἄγειν
417 1907 605 1969 αὐτούς
634 1907 701 1969 είς
744 1908 812 1960 τὰ
839 1911 1172 1980 προσήκοντα
1199 1910 1466 1981 γυμνάσια
1501 1905 1603 1977 δεῖ,
1634 1914 1811 1985 χρόνῳ

215 2001 306 2050 καὶ
335 1996 597 2061 ἐπιπόνοις
633 1995 969 2070 ἁγωνίσμασι
1014 2003 1198 2071 πεῖραν
1243 2005 1340 2059 τῆς
1375 2003 1596 2071 κρίσεως
1644 2000 1811 2053 αὐτῶν

212 2085 569 2160 λαμϐάνοντας
593 2087 671 2158 (1)
693 2102 707 2117 ⁶
749 2088 820 2149 ὡς
845 2084 930 2139 ἐάν
957 2105 1009 2139 τι
1041 2084 1252 2159 βέϐαίον
1292 2087 1418 2162 παρ’
1444 2087 1618 2149 αὐτοῖς
1646 2089 1813 2164 εὐρω-

211 2195 329 2250 μεν,
352 2172 642 2239 ἀκινδύνως
663 2175 853 2237 αὐτούς
880 2177 1198 2249 προσίεσθαι
1222 2196 1236 2212 ο
1269 2175 1314 2229 εἰ
1341 2173 1401 2229 δὲ
1419 2180 1518 2250 μὴ,
1539 2176 1635 2241 ἔξω
1661 2181 1811 2242 ὄντας

214 2264 620 2339 ἀποπέμπεσθαι
638 2286 651 2299 ·
676 2266 807 2326 ὥστε
831 2263 1133 2337 ἀζημίωτον
1162 2268 1256 2324 τὴν
1280 2272 1461 2340 πεῖραν
1490 2273 1553 2339 τῇ
1588 2262 1810 2340 ἀδελφό-

210 2373 337 2414 τητι
360 2356 620 2426 γίνεσθαι.
648 2357 748 2407 Τὸν
790 2350 850 2407 δέ
902 2351 1004 2407 ἀπό
1050 2372 1189 2415 τινος
1221 2358 1652 2431 περιφανεστέρου
1685 2355 1808 2429 βίου

211 2446 343 2519 πρὸς
369 2448 465 2503 τὴν
504 2444 622 2497 καθ’
650 2444 900 2517 ὁμοίωσιν
938 2449 1031 2496 τοῦ
1085 2446 1280 2516 Κυρίου
1333 2447 1809 2518 ταπεινοφροσύνην

214 2531 541 2606 ἰπειγόμενον
571 2532 676 2603 (2),
725 2533 920 2605 ὁρίζειν
974 2536 1083 2608 χρὴ
1135 2551 1249 2586 τινα
1292 2540 1391 2585 τῶν
1439 2530 1809 2586 ἐπονειδίστων

214 2618 346 2677 εἶναι
377 2618 663 2675 δοκούντων
716 2623 859 2696 παρὰ
895 2627 1004 2684 τοῖς
1059 2621 1260 2689 ἔξωθεν,
1314 2625 1405 2673 καὶ
1462 2622 1722 2696 ἐπιτηρεῖν
1766 2623 1809 2676 εἰ

207 2714 345 2785 μετὰ
390 2714 563 2773 πάσης
618 2709 974 2787 πληροφορίας
1020 2708 1240 2785 ὶργάτην
1287 2708 1705 2782 ἀνεπαίσχυντον
1734 2719 1807 2783 τῷ

211 2809 329 2872 Θεῷ
377 2800 557 2855 έαυτὸν
607 2805 955 2875 παρίστησιν.
1001 2798 1160 2853 Ὀσοι
1209 2796 1269 2853 δὲ
1319 2800 1419 2853 ὐπὸ
1459 2800 1621 2873 ζυγόν
1669 2805 1807 2865 ὄντες

207 2887 411 2957 δοῦλοι,
444 2897 555 2951 ταῖς
594 2886 917 2963 ἀδελφότησι
964 2891 1377 2964 προσφεύγουσι,
1408 2891 1805 2952 νουθετηθέντας

204 2979 415 3046 αὐτοὺς,
447 2983 537 3032 καὶ
567 2977 936 3052 βελτιωθέντας
982 2980 1056 3051 (3)
1092 2977 1493 3052 ἀποπέμπεσθαι
1533 2982 1643 3052 χρὴ
1693 2986 1805 3043 τοῖς

198 3064 513 3137 δεσπόταις,
556 3068 675 3120 καθ’
706 3068 957 3140 ὁμοίωσιν
1006 3073 1096 3120 τοῦ
1147 3072 1410 3141 μακαρίου
1452 3067 1657 3119 Παύλου
1682 3088 1696 3102 ο
1747 3067 1802 3129 ὃς

192 3160 289 3211 τόν
338 3158 622 3230 Ὀνήσιμον
677 3161 930 3229 γεννήσας
979 3152 1074 3209 διὰ
1126 3163 1219 3209 τοῦ
1280 3155 1620 3228 Εὐαγγελίου,
1672 3156 1798 3210 ἀπέ-
1828 3187 1869 3241 C

195 3246 374 3320 πεμψε
401 3254 475 3317 τῷ
501 3245 775 3319 Φιλήμονι,
802 3249 890 3298 τόν
912 3248 1003 3318 μὲν
1022 3244 1447 3320 πληροφορήσας,
1471 3246 1552 3298 ὅτι
1582 3246 1607 3297 ὁ
1641 3249 1798 3318 ζυγὸς

192 3344 291 3397 τῆς
353 3332 587 3396 δουλείας
647 3334 935 3409 εὐαρέστως
991 3341 1066 3405 τῷ
1129 3338 1304 3409 Κυρίῳ
1369 3336 1796 3408 κατορθούμενος,

196 3423 477 3500 βασιλείας
506 3423 736 3499 οὐρανῶν
782 3423 928 3487 ἄξιον
969 3426 1291 3481 συνίστησι·
1323 3425 1411 3475 τὸν
1452 3419 1511 3476 δὴ
1553 3443 1799 3498 παρακα-

193 3514 372 3577 λέσας,
398 3517 470 3587 μὴ
502 3517 654 3586 μόνον
687 3511 880 3565 ἀνιέναι
918 3516 1011 3571 τὴν
1049 3510 1165 3565 κατ’
1196 3511 1357 3564 αὐτοῦ
1409 3512 1645 3577 ἀπειλὴν,
1674 3511 1800 3565 ἀλλὰ

192 3608 292 3657 καὶ
326 3606 690 3678 χρηστοτέραν
742 3604 883 3673 ἔχειν
924 3604 1055 3678 πρὸς
1094 3601 1250 3654 αὐτὸν
1294 3605 1387 3660 τὴν
1428 3598 1685 3657 διάθεσιν.
1741 3602 1799 3655 Εἰ

194 3696 380 3767 μέντοι
407 3694 567 3754 κακός
610 3692 637 3743 ὀ
688 3687 949 3752 δεσπότης
990 3692 1170 3762 τύχοι,
1203 3691 1480 3764 παράνομά
1526 3710 1643 3743 τινα
1680 3689 1799 3743 ἔπι-

192 3782 438 3849 τάσσων,
462 3782 549 3833 καὶ
574 3783 702 3855 πρὸς
732 3778 1033 3853 παράϐασιν
1081 3778 1286 3841 ἐντολῆς
1310 3779 1384 3848 (4)
1429 3786 1522 3831 τοῦ
1553 3778 1798 3837 ἀληθινοῦ

194 3867 465 3924 δεσπότου
494 3873 584 3921 καὶ
609 3873 795 3944 κυρίου
837 3871 983 3941 ἡμῶν
1004 3870 1182 3927 Ἰησοῦ
1212 3875 1448 3943 Χριστοῦ
1485 3870 1571 3921 τόν
1612 3864 1797 3921 δοῦλον

192 3958 537 4034 βιαζόμενος,
571 3956 923 4029 ἀγωνίζεσθαι
949 3962 1082 4031 χρὴ,
1116 3959 1255 4021 ὅπως
1300 3962 1370 4030 μή
1421 3960 1480 4010 τό
1516 3961 1676 4030 ὄνομα
1705 3964 1797 4010 τοῦ

191 4054 327 4104 Θεοῦ
361 4047 721 4121 βλασφημηθῇ
763 4044 857 4101 διὰ
907 4050 994 4099 τόν
1042 4043 1226 4100 δοῦλον
1265 4046 1471 4116 ἐκεῖνον,
1500 4048 1797 4105 ποιήσαντά

187 4158 269 4204 τι,
304 4138 331 4190 ὁ
361 4142 433 4211 μὴ
482 4135 674 4211 ἀρέσκῃ
724 4143 856 4207 Θεῷ.
902 4138 1263 4211 Κατορθοῦται
1295 4132 1354 4189 δὲ
1393 4134 1550 4207 ἀγὼν,
1585 4136 1615 4195 ἡ
1651 4134 1698 4188 ἐν
1724 4143 1795 4204 τῷ

186 4230 284 4281 τὸν
332 4222 516 4278 δοῦλον
546 4224 733 4278 ἐκεῖνον
761 4226 1180 4299 καταρτισθῆναι
1224 4227 1355 4299 πρὸς
1402 4226 1665 4298 ὑπομονὴν
1694 4233 1794 4276 τῶν

188 4315 575 4391 ἐπιφερομένων
603 4314 742 4385 αὐτῷ
780 4315 1125 4387 μαθημάτων,
1152 4314 1279 4389 ὑπὲρ
1308 4321 1400 4366 τοῦ
1428 4315 1795 4390 πειθαρχῆσαι

191 4412 319 4473 Θεῷ
357 4403 548 4477 μᾶλλον
573 4403 603 4461 ἣ
646 4402 900 4477 ἀνθρώπῳ
924 4420 937 4433 ·
972 4403 1002 4462 ἣ
1050 4400 1099 4455 ἐν
1125 4409 1197 4473 τῷ
1227 4405 1350 4465 τούς
1373 4399 1797 4475 ὑποδεχομένους

1920 1906 2152 1979 quaevis
2183 1906 2401 1964 animae
2441 1910 2585 1966 vitia
2612 1916 2857 1983 superat
2888 1929 2901 1968 :
2934 1928 3010 1968 ne
3050 1914 3147 1968 isti
3174 1912 3424 1985 quidem
3450 1917 3570 1969 sta-

1919 1993 2027 2051 tim
2058 1994 2444 2068 desperandi,
2479 1998 2589 2053 sed
2618 1998 2879 2056 ducendi
2909 2000 2989 2056 ad
3013 2000 3264 2057 idoneas
3285 2000 3569 2058 exercita-

1920 2082 2131 2152 tiones,
2160 2087 2217 2141 et
2261 2090 2531 2159 tempore
2564 2102 2634 2143 ac
2675 2086 2997 2146 laboriosis
3033 2090 3463 2146 certaminibus
3490 2091 3571 2148 ἱᾶ-

1918 2171 2135 2229 cienda
2178 2188 2387 2231 eorum
2434 2176 2728 2249 propositi
2772 2178 3070 2249 probatio,
3098 2178 3181 2235 ita
3220 2183 3285 2235 ut
3332 2180 3383 2235 si
3425 2180 3575 2252 quid

1916 2258 2076 2318 ﬁrmi
2099 2261 2164 2320 in
2191 2262 2339 2335 ipsis
2364 2263 2793 2334 invenerimus,
2808 2270 2934 2323 tuto
2952 2267 3377 2335 admittamus;
3402 2284 3574 2326 secus

1915 2364 2057 2406 vero
2086 2350 2234 2407 dum
2260 2352 2461 2409 adhuc
2506 2358 2673 2411 extra
2716 2360 2875 2418 sunt,
2909 2355 3309 2427 dimittamus,
3340 2371 3449 2413 nec
3476 2372 3574 2414 eo-

1914 2452 2054 2495 rum
2103 2439 2382 2512 probatio
2434 2440 2614 2513 479
2658 2442 2868 2499 damni
2917 2444 3255 2517 quidquam
3284 2444 3571 2501 fratribus

1916 2525 2150 2584 afferat.
2188 2529 2263 2599 (7)
2310 2529 2373 2584 Ei
2400 2536 2603 2587 autem
2650 2532 2755 2604 qui
2812 2532 2891 2588 ab
2939 2532 3257 2590 illustriore
3300 2535 3572 2606 quodam

1915 2614 2054 2672 vita:
2085 2632 2301 2686 genere
2326 2620 2665 2675 secundum
2707 2622 2946 2677 Domini
2982 2622 3331 2694 exemplum
3361 2624 3436 2679 ad
3463 2624 3572 2679 hu-

1913 2704 2227 2763 militatem
2285 2707 2546 2777 festinat,
2584 2708 2814 2781 aliqua,
2842 2726 2977 2783 quas
3026 2711 3325 2783 probrosa
3364 2712 3572 2768 admo-

1913 2792 2063 2850 dum
2092 2794 2257 2867 apud
2288 2801 2565 2853 externos
2597 2812 2731 2853 esse
2759 2798 3096 2869 videantur,
3124 2800 3571 2871 praescribenda

1913 2888 2080 2952 sunt;
2124 2883 2718 2959 observandumque,
2752 2903 2900 2944 num
2933 2904 3071 2943 cum
3110 2888 3278 2944 omni
3303 2889 3572 2961 aequani-

1911 2973 2121 3030 mitate
2152 2975 2419 3048 seipsum
2449 2991 2559 3032 ceu
2588 2978 2935 3049 operarium
2969 2977 3222 3048 pudoris
3261 2983 3568 3049 expertem

1912 3064 2033 3120 Deo
2063 3064 2362 3122 exhibeat.
2388 3070 2461 3137 (8)
2488 3068 2669 3122 Porro
2699 3067 3047 3141 quicunque
3078 3068 3231 3123 servi
3263 3068 3377 3123 sub
3416 3069 3567 3139 jugo

1909 3149 2159 3221 detenti,
2188 3152 2268 3208 ad
2294 3152 2547 3209 fratrum
2570 3160 2935 3212 conventum
2958 3155 3333 3227 confugiunt,
3351 3156 3566 3214 admo-

1907 3238 2015 3296 niti
2039 3243 2097 3296 et
2114 3239 2393 3298 meliores
2414 3242 2628 3313 effecti,
2653 3244 2732 3299 ad
2758 3244 3038 3301 dominos
3061 3261 3203 3301 suos
3220 3245 3564 3302 remittendi

1908 3330 2070 3397 sunt,
2099 3327 2178 3384 ad
2209 3329 2555 3403 exemplum
2580 3330 2739 3388 beati
2760 3332 2945 3403 Pauli,
2970 3334 3077 3405 qui
3100 3349 3240 3388 cum
3263 3333 3565 3405 genuisset

1909 3417 2261 3475 Onesimum
2294 3434 2401 3491 per
2427 3421 2839 3490 Evangelium,
2874 3438 3013 3479 cum
3035 3422 3114 3479 ad
3152 3423 3563 3480 Philemonem

1906 3506 2218 3576 remisit",
2248 3506 2417 3563 alteri
2442 3508 2688 3581 quidem
2715 3510 3112 3582 persuadens,
3146 3512 3445 3568 servitutis
3474 3512 3564 3583 ju-

1908 3610 2074 3666 gum,
2104 3596 2153 3651 si
2196 3597 2296 3667 ita,
2331 3603 2394 3653 ut
2420 3598 2674 3655 Domino
2724 3599 2941 3672 placet,
2998 3600 3241 3668 feratur,
3273 3602 3561 3657 caelorum

1904 3700 2093 3756 regno
2120 3685 2338 3756 dignos
2364 3686 2647 3755 reddere;
2681 3688 2937 3745 alterum
2955 3705 3097 3746 vero
3127 3690 3472 3755 exhortans,
3497 3693 3561 3744 ut

1904 3788 2030 3830 non
2056 3773 2255 3829 solum
2302 3773 2502 3830 minas
2530 3791 2704 3832 servo
2744 3776 3065 3833 intentatas
3105 3778 3449 3839 remitteret,
3481 3779 3558 3847 (9)

1907 3861 2016 3918 sed
2035 3863 2240 3918 animo
2262 3862 2442 3918 etiam
2474 3864 2737 3936 aequiore
2770 3880 2911 3934 erga
2953 3865 3156 3936 ipsum
3195 3864 3556 3922 afﬁceretur.

1907 3949 2020 4007 Sed
2048 3955 2251 4007 tamen
2306 3951 2357 4007 si
2404 3952 2687 4009 dominus
2732 3954 3047 4026 improbus
3098 3956 3192 4023 sit,
3224 3954 3328 4028 qui
3357 3954 3561 4028 aliqua

1904 4044 2113 4096 contra
2136 4040 2331 4111 legem
2355 4041 2724 4112 praescribat,
2755 4042 2999 4114 vimque
3030 4058 3203 4099 servo
3242 4043 3458 4099 inferat
3481 4043 3559 4099 ad

1833 4148 1837 4151 λ
1901 4128 2197 4186 mandata
2224 4130 2345 4185 veri
2377 4130 2505 4186 heri
2557 4136 2614 4188 et
2660 4130 2893 4187 domini
2947 4132 3135 4188 nostri
3179 4134 3320 4189 Jesu
3349 4132 3559 4188 Christi

1901 4216 2206 4287 violanda,
2267 4224 2518 4276 conatus
2570 4219 2748 4275 nobis
2802 4220 3187 4276 adhibendus
3242 4224 3348 4285 est,
3382 4226 3443 4275 ut
3481 4236 3557 4277 ne

1903 4321 2126 4363 nomen
2148 4307 2249 4364 Dei
2281 4307 2735 4380 blasphemetur
2762 4313 3009 4381 propter
3038 4325 3279 4364 servum
3299 4308 3487 4376 illum,
3510 4305 3559 4361 si

1903 4396 2054 4469 quid
2083 4396 2306 4466 fecerit,
2338 4398 2504 4469 quod
2536 4399 2658 4454 Deo
2706 4397 3039 4469 displiceat.
3072 4398 3190 4453 Erit
3226 4405 3426 4452 autem
3457 4411 3555 4451 co-

189 4490 561 4557 ἄναδέξασθαι
598 4496 716 4554 τούς
752 4494 880 4567 ύπερ
912 4492 1074 4544 αὐτοῦ
1104 4489 1449 4565 ίπαγομένους
1480 4491 1654 4553 αὐτοῖς
1679 4511 1797 4545 πει-

1915 4491 2082 4542 natus
2108 4486 2454 4556 laudabilis,
2482 4486 2531 4542 si
2555 4486 2649 4541 vel
2674 4502 2914 4542 servum
2940 4486 3106 4541 illum
3126 4484 3557 4540 confirmamus

187 4584 463 4661 ρασμούς.
519 4586 652 4644 Τοὺς
699 4580 746 4634 έν
806 4586 1038 4655 συζυγίᾳ
1096 4577 1155 4635 δί
1210 4583 1383 4653 γάμου
1424 4582 1643 4652 τοιούτῳ
1694 4580 1799 4654 βίῳ

188 4676 663 4748 προσερχομένους
708 4669 1075 4746 ἀνακρίνεσθαι
1126 4674 1260 4746 χρὴ,
1296 4670 1339 4723 εἰ
1387 4668 1443 4722 ἑκ
1498 4674 1801 4742 συμφωνίας

188 4772 359 4819 τοῦτο
407 4769 642 4826 ποιοῦσι,
683 4764 819 4815 κατὰ
864 4765 959 4821 την
1000 4757 1261 4833 διαταγὴν
1317 4766 1411 4813 τοῦ
1456 4759 1796 4828 Ἀποστόλου,

188 4857 291 4910 καὶ
322 4852 489 4914 οὕτως
535 4850 619 4905 ἰπὶ
651 4851 894 4906 πλειόνων
937 4853 1212 4927 μαρτύρων
1251 4846 1511 4922 δέχεσθαι
1547 4851 1636 4902 τόν
1665 4868 1799 4924 προ-

271 5050 323 5086 ²⁵
354 5045 553 5106 Matth.
586 5061 659 5114 xi,
690 5048 782 5104 28.
857 5045 906 5083 ³⁸
936 5044 1185 5103 Philem.
1214 5047 1307 5103 12.
1388 5046 1435 5082 ³⁷
1464 5046 1589 5102 Act.
1620 5060 1677 5114 v,
1707 5047 1801 5101 29.

274 5244 356 5313 (l)
420 5242 812 5317 Λαμᾷάνοντας.
881 5242 1138 5315 Uterque
1201 5237 1393 5298 codex
1457 5239 1801 5314 λαμϐάνοντες

197 5315 576 5393 [Palmum]
591 5357 604 5393 τ

382 5381 926 5459 Τόν...’έπειγόμενον.
960 5384 1293 5457 Syntaxeos
1322 5382 1474 5441 ratio
1513 5381 1801 5456 postulat,

196 5458 291 5531 tu?
302 5458 637 5531 ἕπει-γομένῳ.
670 5460 823 5531 ΕΒΙῙ.

280 5532 361 5602 (3)
388 5525 624 5602 Αὐτοὺς,
640 5533 728 5581 καὶ
760 5527 1146 5602 βᾼελτιωθέντας.
1170 5528 1306 5584 Haec
1338 5525 1546 5585 addita
1571 5541 1643 5583 ex
1662 5541 1805 5583 con-

204 5599 378 5663 textu
406 5604 465 5656 et
488 5599 669 5671 Regio
699 5599 924 5671 codice.

283 5672 365 5746 (4)
399 5668 605 5733 Ἐντολῆ
618 5692 657 5735 ς.
692 5668 840 5730 Editi
868 5668 1105 5729 addunt
1133 5674 1267 5724 Θεοῦ
1292 5671 1350 5728 et
1367 5668 1550 5744 paulo
1578 5670 1717 5742 post
1732 5670 1805 5741 μὴ

1907 4575 1987 4632 ad
2015 4575 2325 4648 implenda
2346 4581 2691 4632 constanter
2706 4580 3030 4648 praecepta,
3061 4590 3197 4647 quas
3226 4573 3341 4646 ipsi
3362 4573 3555 4645 impo-

1908 4664 2021 4721 sita
2047 4668 2203 4735 sunt,
2229 4669 2295 4721 ut
2350 4667 2468 4721 Deo
2510 4665 2707 4735 magis
2736 4664 2979 4720 obediat
3006 4680 3192 4737 quam
3221 4663 3453 4719 homini
3473 4664 3516 4698 ²τ
3542 4679 3554 4725 ;

1906 4752 2000 4810 vel
2027 4752 2095 4820 si,
2119 4753 2225 4825 qui
2250 4768 2390 4809 eum
2419 4753 2737 4825 recipiunt,
2764 4752 2964 4809 illatas
3008 4752 3123 4808 sibi
3152 4753 3343 4825 ipsius
3374 4767 3559 4808 causa

1909 4841 2264 4902 tentationes
2292 4857 2415 4900 non
2442 4846 2738 4900 recusent.
2772 4840 2883 4905 (10)
2918 4842 2957 4898 li
3004 4857 3148 4900 vero
3199 4843 3304 4915 qui
3358 4841 3557 4899 matri.

1908 5237 2205 5296 ποιήσαντά
2231 5255 2304 5291 τι.
2332 5234 2535 5292 Melius
2566 5234 2629 5292 in
2658 5236 2960 5292 contextu.

1980 5310 2053 5372 (5)
2094 5311 2174 5364 Ex
2200 5310 2433 5379 Regalis
2452 5308 2648 5378 fusius
2679 5310 2977 5378 tractatis,
3012 5307 3132 5363 152.

1983 5382 2061 5454 (6)
2103 5380 2272 5454 1pm.,
2302 5384 2388 5436 30.

1984 5451 2062 5524 (τ)
2097 5451 2271 5524 ωε,
2303 5455 2428 5508 353.

1987 5522 2063 5595 (8)
2095 5522 2247 5595 Ibid.

1987 5592 2063 5666 (9)
2100 5592 2248 5666 Ibid:

1988 5663 2098 5736 (ιο)
2129 5663 2308 5734 lbid.,
2338 5666 2467 5722 354.
