4050 6220
574 336 710 393 1139

1558 336 1925 396 APPENDIX.
1952 365 2025 379 -
2053 336 2398 395 SYMEONIS
2435 333 2957 393 METAPHRASTJE

3728 342 3841 399 ιιιο

572 459 781 516 monia
819 460 1150 530 conjuncti,
1177 460 1255 518 ad
1284 460 1633 532 hujusmodi
1662 461 1793 519 vitae
1838 476 2028 532 genus
2057 477 2222 520 acce-
2249 509 2253 519 .

2361 462 2673 533 περχόμενον.
2728 458 2789 512 Εἰ
2842 454 2909 511 δι
2960 458 3242 519 στασιάζοι
3304 462 3361 511 τό
3401 461 3549 534 ἕτερον
3608 467 3735 539 μίρος
3776 472 3845 520 καὶ

574 547 745 616 dunt,
799 548 1210 618 interrogandi
1256 554 1415 616 sunt,
1467 565 1544 607 an
1584 555 1795 607 mutuo
1825 567 2123 608 consensu
2162 551 2226 607 id

574 636 838 693 eﬂiciant
866 654 939 694 ex
967 639 1235 711 Apostoli
1258 646 1578 712 praecepto,
1604 641 1813 714 sicque
1843 642 1947 714 qui
1975 641 2225 709 accedit,

576 741 781 783 coram
812 727 1086 799 pluribus
1115 728 1365 785 testibus
1392 729 1773 801 recipiendus
1813 735 1924 787 est.
1977 730 2150 797 Quod
2179 730 2231 787 si

576 815 892 873 dissentiat
938 816 1123 873 altera
1162 834 1326 890 pars,
1367 824 1803 892 repugnetque,
1833 820 2000 892 quod
2032 819 2233 876 minus

579 904 831 962 sollicita
857 905 950 973 sit,
982 907 1295 979 quomodo
1327 907 1559 979 placeat
1587 910 1725 979 Deo,
1754 908 1813 965 in
1843 910 2106 965 mentem
2135 923 2235 963 ve-

580 995 706 1052 niat
732 995 1023 1067 Apostoli,
1056 996 1161 1070 qui
1181 995 1325 1053 dicit
1352 1014 1366 1051 :
1390 998 1459 1052 In
1484 1012 1635 1068 pace
1653 1005 1847 1055 autem
1872 1001 2106 1055 vocavit
2126 1011 2234 1054 nos

582 1084 739 1140 Deus
760 1086 830 1139 ³⁸.
861 1087 931 1157 (1)
963 1087 1112 1141 Eum
1160 1085 1340 1155 igitur
1367 1087 1472 1159 qui
1502 1086 1717 1144 relictis
1755 1088 1878 1143 suis
1909 1087 2234 1143 Dominum

586 1174 758 1245 sequi
787 1173 1058 1244 instituit,
1085 1174 1160 1230 de
1190 1174 1279 1237 iis,
1307 1191 1443 1248 quae
1474 1180 1750 1247 spectant
1779 1177 1858 1232 ad
1898 1191 2045 1249 opes
2071 1190 2235 1242 suas,

586 1276 711 1318 non
749 1266 983 1334 oportet
1012 1278 1142 1318 esse
1171 1263 1606 1335 negligentem;
1648 1264 1750 1321 sed
1804 1265 1954 1321 illud
2004 1279 2236 1331 curare,

588 1350 653 1404 ut
681 1350 886 1405 omnia
910 1355 1186 1408 accurate
1213 1351 1522 1423 colligens,
1542 1354 1671 1425 jam
1701 1358 1997 1427 tanquam
2040 1353 2238 1410 Domi-

588 1449 670 1492 no
695 1444 1045 1497 consecrata
1080 1456 1222 1496 cum
1280 1441 1449 1497 omni
1495 1442 1714 1515 pietate
1769 1442 2105 1509 distribuat,
2138 1444 2243 1497 aut

589 1538 699 1596 per
726 1526 1014 1599 seipsum,
1052 1528 1101 1584 si
1145 1533 1358 1601 potest,
1392 1530 1565 1603 eique
1610 1531 1748 1589 licet
1792 1547 1900 1603 per
1937 1532 2244 1604 experiem

590 1612 757 1686 tiam,
791 1621 895 1673 aut
938 1632 1045 1689 per
1099 1617 1270 1685 alios,
1302 1619 1407 1691 qui
1453 1619 1643 1677 multo
1673 1635 1813 1676 cum
1842 1620 2119 1676 examine
2144 1617 2244 1674 de-

591 1700 727 1758 lecti
752 1703 888 1773 sint,
918 1705 1142 1778 quippe
1173 1705 1348 1761 editis
1405 1707 1831 1779 speciminibus
1878 1706 2247 1765 ostenderint

596 1806 660 1848 se
707 1807 812 1848 eas
860 1793 1111 1850 ﬁdeliter
1162 1794 1610 1868 prudenterque
1648 1796 2003 1853 distribuere
2041 1810 2244 1869 posse,

598 1895 737 1937 cum
775 1882 928 1938 scire
979 1883 1200 1940 debeat
1242 1884 1412 1957 ipsas
1466 1901 1591 1942 non
1643 1884 1770 1942 sine
1825 1886 2092 1959 periculo
2142 1887 2249 1941 aut

599 1970 960 2044 propinquis
981 1972 1259 2045 relinqui,
1292 1979 1396 2030 aut
1419 1990 1455 2030 a
1501 1976 1716 2047 quovis
1736 1976 1916 2033 obvio
1944 1973 2244 2031 distribui.

599 2060 829 2116 Etenim
859 2062 907 2117 si
957 2061 1026 2132 is,
1088 2063 1185 2118 cui
1242 2079 1388 2121 cura
1428 2065 1731 2134 regiarum
1787 2065 2247 2134 possessionum

600 2149 949 2217 commissa,
982 2150 1218 2208 etiamsi
1250 2168 1411 2224 saepe
1464 2153 1611 2210 nihil
1661 2154 2050 2210 interverterit
2078 2168 2151 2208 ex
2179 2150 2251 2207 iis

596 2251 734 2309 quae
772 2238 834 2294 in
873 2238 1156 2295 manibus
1192 2240 1480 2309 habebat,
1513 2242 1619 2298 sed
1652 2242 2018 2313 negligentia
2048 2240 2254 2315 aliqua

2337 546 2683 621 διαμάχοιτο,
2715 544 2924 599 ἔλαττον
2950 547 3221 622 φροντίζον
3250 555 3337 608 τῆς
3363 551 3481 622 πρός
3518 552 3631 601 θεὸν
3672 552 3845 627 εὐαρεσ-

2336 644 2554 703 τήσεως,
2610 637 3011 709 μνημονευέσθω
3065 637 3092 687 ό
3138 635 3437 697 Ἀπόστολος
3475 635 3648 708 λέγων*
3688 640 3755 693 Ἑν
3803 639 3848 695 cii

2338 725 2513 799 εἰρήνη
2548 724 2791 783 κέκληκεν
2821 726 2957 796 ἡμᾶς
3005 725 3031 775 ὁ
3063 729 3213 786 Θεὸς.
3252 728 3346 777 Τὸν
3396 730 3554 777 τοίνυν
3580 725 3850 800 ἐξερχόμενοι

2340 813 2442 867 ἀπὸ
2481 822 2579 866 τῶν
2613 810 2782 881 ἰδίων,
2826 820 3006 883 σκοπῷ
3030 821 3125 866 τοῦ
3156 812 3497 872 ἀκολουθῆσαι
3530 822 3593 885 τῷ
3620 822 3784 890 Κυρίῳ,
3808 818 3850 870 εὖ

2339 907 2451 977 χρὴ
2475 910 2933 978 καταφρονητικῶς
2958 906 3077 977 περὶ
3120 910 3219 954 τῶν
3250 899 3577 976 διαφερόντων
3610 903 3731 975 αὐτῷ
3770 902 3852 957 διε-

2342 995 2570 1046 κείσθαυ
2602 990 2731 1044 ἀλλὰ
2752 992 3039 1063 πειρᾶσθαι
3068 993 3239 1044 πάντα
3256 993 3383 1062 μετὰ
3404 990 3647 1065 ἀκριϐείας
3663 992 3852 1062 λαϐόντα,

2343 1084 2415 1145 ὡς
2442 1088 2514 1152 τῷ
2564 1086 2740 1156 Κυρίῳ
2786 1080 2967 1133 λοιπὸν
3022 1080 3362 1153 ἀφιερωμένα,
3400 1082 3522 1152 μετά
3557 1083 3713 1141 πάσης
3748 1082 3856 1135 εὐλε-

2346 1170 2486 1233 ϐείας
2558 1170 2861 1242 οἰκονομεῖν,
2920 1169 2950 1229 ἣ
3021 1165 3095 1221 δι’
3139 1169 3344 1236 ἑαυτοῦ,
3411 1167 3491 1221 ἐὰν
3548 1165 3751 1231 δυνατῶς
3793 1176 3856 1222 ui

2347 1258 2601 1333 ἐμπείρως
2651 1261 2776 1331 ἔχη,
2816 1258 2846 1317 ἣ
2908 1254 3003 1311 διὰ
3058 1265 3158 1310 τῶν
3202 1259 3335 1330 μετά
3389 1254 3681 1329 δοκιμασίας
3715 1258 3859 1321 πολλῆς

2348 1347 2697 1419 ἐπιλεγέντων,
2750 1352 2840 1399 καὶ
2888 1342 3155 1409 ἀπόδειξιν
3197 1342 3499 1398 δεδωκότων
3545 1353 3629 1398 τοῦ
3658 1343 3859 1399 δύνασθαι

2348 1445 2551 1499 πιστῶς
2614 1440 2704 1489 καὶ
2757 1439 3010 1508 φρονίμως
3069 1434 3384 1507 οἰκονομεῖν·
3444 1431 3628 1505 εἰδότα,
3683 1436 3751 1487 ὅτι
3796 1435 3861 1487 οὐκ

2352 1522 2626 1580 ἀκίνδυνόν
2652 1523 2790 1577 ἐστιν
2822 1527 2938 1576 οὔτε
2965 1526 3026 1576 τό
3068 1531 3407 1597 προσαφεῖναι
3442 1531 3545 1584 τοῖς
3572 1524 3762 1587 οἰκείοις,
3781 1526 3863 1573 οὔτε

2350 1617 2410 1667 τὸ
2437 1610 2532 1667 διὰ
2558 1621 2654 1666 τοῦ
2682 1618 2933 1684 τυχόντος
2964 1612 3327 1685 οἰκονομῆσαι.
3365 1612 3426 1667 Εἰ
3463 1615 3559 1685 γὰρ
3606 1613 3630 1663 ό
3675 1606 3865 1685 φροντίδι

2355 1701 2645 1776 βασιλικῶν
2673 1703 2954 1774 κτημάτων
2994 1700 3360 1774 ἐγχειρισθεὶς,
3391 1699 3482 1751 κάν
3524 1705 3589 1771 μὴ
3618 1704 3866 1770 νοσφίσητιι

2353 1790 2599 1853 πολλάκις
2628 1789 2684 1842 ἐκ
2708 1798 2808 1842 τῶν
2858 1790 3096 1862 ἑτοίμων,
3124 1788 3336 1861 ἀμελείᾳ
3374 1786 3431 1843 δέ
3480 1808 3573 1841 τινι
3617 1786 3867 1863 καταπροδᾷ

2353 1882 2422 1933 τὰ
2439 1874 3148 1953 προσκτηθῆναιξδυνάμενα,
3192 1877 3287 1931 οὐκ
3331 1876 3595 1929 ἀπολύεται
3619 1884 3697 1929 τοῦ
3737 1875 3869 1946 ἐγκλί-

2357 1988 2517 2042 ματος
2539 1989 2551 2001 ·
2584 1972 2700 2020 τίνα
2726 1972 2839 2041 χρὴ
2865 1964 3168 2039 προσδοκᾲν
3201 1966 3289 2019 ἐπὶ
3340 1974 3437 2017 τῶν
3493 1962 3591 2023 ἤδη
3620 1980 3870 2035 κατονομασ-

2358 2061 2544 2112 θέντων
2565 2065 2634 2128 τῷ
2687 2063 2861 2130 Κυρίῳ
2911 2061 3004 2115 τὸν
3050 2058 3365 2129 κατάκρισιν
3420 2057 3788 2117 ὑποστήσεσθαι,
3812 2055 3871 2104 τὸν

2357 2151 2577 2221 χαύνωςη
2593 2150 2682 2199 καὶ
2707 2144 3035 2220 ἠμελημένως
3067 2141 3373 2198 διατεθέντα
3392 2146 3468 2211 (4)
3488 2148 3609 2218 πρὸς
3630 2147 3709 2200 τήν
3729 2144 3870 2193 τούτων

2362 2234 2625 2294 διοίκησιν
2641 2252 2655 2303 ;

597 2327 929 2399 prodiderit
952 2345 1089 2401 quas
1133 2330 1364 2403 acquiri
1415 2336 1712 2404 poterant,
1743 2349 1779 2389 a
1833 2334 2080 2389 crimine
2124 2344 2249 2387 non
2304 2325 2639 2384 absolvitur
2671 2340 2684 2379 :
2714 2323 2956 2396 qualem
2983 2321 3464 2394 exspectandum
3495 2325 3577 2377 est
3606 2319 3678 2376 ob
3698 2334 3757 2373 ea
3777 2331 3872 2388 qua

592 2416 723 2487 jam
756 2417 1011 2474 Domino
1041 2417 1240 2476 dicata
1270 2424 1409 2477 sunt
1432 2421 2001 2479 condemnationem
2035 2414 2522 2487 subiturum,qui
2544 2414 2603 2470 in
2618 2414 2701 2470 eis
2726 2411 3222 2470 administrandis
3244 2411 3464 2483 ignave
3494 2426 3560 2467 ac
3587 2407 3875 2479 negligem"

599 2520 667 2561 se
690 2508 991 2576 gesserit?

667 2597 722 2650 4.
750 2598 826 2665 (2)
851 2598 1133 2653 Secessus
1164 2601 1366 2655 autem
1396 2615 1431 2656 a
1460 2600 1712 2669 mundo,
1743 2616 1864 2657 non
1890 2604 1982 2656 est
1999 2612 2250 2671 corpore

598 2687 767 2741 extra
785 2684 981 2756 ipsum
1002 2700 1151 2755 esse,
1175 2687 1280 2743 sed
1301 2688 1573 2745 animam
1598 2690 1677 2746 ab
1702 2689 2089 2745 aﬂectionum
2111 2702 2249 2743 cum

598 2786 850 2844 corpore
881 2775 1275 2832 consensione
1297 2776 1570 2842 avellere,
1598 2792 1668 2833 ac
1695 2779 1822 2833 sine
1843 2778 2076 2833 civitate
2099 2791 2249 2843 esse,

600 2860 727 2916 sine
757 2861 963 2931 domo,
997 2864 1127 2920 sine
1174 2866 1432 2937 propriis
1484 2866 1687 2935 rebus,
1739 2867 1865 2922 sine
1919 2866 2251 2923 amicorum

603 2950 907 3015 societate,
960 2952 1088 3008 sine
1136 2955 1646 3025 possessionibus,
1684 2956 1811 3011 sine
1844 2955 2020 3011 rebus
2057 2954 2135 3011 ad
2174 2954 2254 3008 vi-

602 3044 765 3096 ctum
807 3041 1178 3114 necessariis,
1210 3043 1335 3099 sine
1365 3045 1639 3114 negotiis,
1674 3044 1868 3101 nullas
1897 3060 1992 3100 res
2018 3047 2253 3099 contra-

601 3129 866 3196 hentem,
897 3128 1305 3188 humanarum
1340 3132 1518 3205 480
1562 3133 2019 3205 disciplinarum
2050 3147 2255 3205 exper-

602 3222 746 3286 tem,
759 3223 1040 3289 paratum
1056 3221 1132 3278 ad
1155 3222 1570 3294 suscipiendas
1589 3223 1766 3278 corde
1779 3221 2256 3289 informationes,

2429 2598 2484 2651 4.
2528 2597 2739 2664 Κόσμον
2793 2588 2853 2644 δε
2895 2589 3260 2664 ἀναχώρησις,
3320 2590 3448 2663 οὐχὶ
3504 2590 3593 2652 εξω
3646 2586 3775 2639 αότοῦ
3811 2600 3873 2652 71-

2357 2685 2538 2735 νέσθαι
2565 2688 2895 2754 σωματικῶς,
2929 2679 3057 2731 ἀλλά
3111 2688 3202 2739 τῆς
3254 2682 3384 2754 πρὸς
3430 2682 3487 2731 τό
3544 2686 3680 2750 σῶμα
3720 2689 3875 2744 capas-

2362 2773 2497 2831 θείας
2546 2775 2642 2828 τὴν
2698 2769 2884 2840 ψυχὴν
2940 2767 3257 2842 ἀπορρῆξαι,
3323 2773 3413 2820 καὶ
3467 2768 3685 2838 γενέσθαι
3726 2760 3875 2819 ἄπολιν,

2360 2862 2534 2913 ἄοικον
2564 2901 2582 2927 ,
2651 2854 2854 2912 ἀνίδιον
2890 2900 2902 2924 ,
2969 2856 3299 2930 ἀφιλέταιρον
3331 2901 3347 2927 ,
3414 2855 3703 2927 ἀκτήμονα,
3756 2848 3877 2911 iiiis»,

2362 2948 2693 3022 ἀπράγμονα,
2756 2946 3161 3009 ἀσυνάλλακτον,
3222 2944 3402 3018 ἀμαθῆ
3470 2953 3563 2997 τῶν
3624 2942 3879 3012 ἀνθρωπίνων

2364 3034 2710 3108 διδαγμάτων
2738 3057 2749 3069 ο
2779 3037 2982 3108 ἕτοιμον
3028 3031 3394 3097 ὑποδέξασθαι
3439 3041 3498 3105 τῇ
3546 3027 3724 3105 καρδίᾳ
3756 3021 3880 3083 rati!

2362 3133 2457 3188 τῆς
2516 3127 2653 3187 θείας
2731 3120 3087 3184 διδασκαλίας
3159 3121 3490 3196 ἐγγινομένας
3568 3117 3877 3172 διατυπώσεις”

2361 3216 2672 3286 Ἐτοιμασία
2720 3209 2779 3267 δε
2808 3210 3057 3287 καρδίας,
3088 3214 3117 3270 ἠ
3169 3210 3511 3284 ἀπομαθησις
3554 3217 3646 3262 τῶν
3688 3209 3733 3260 ἐκ
3775 3220 3884 3255 ποπ-

604 3321 742 3379 quee
767 3322 840 3363 ex
864 3307 1138 3366 doctrina
1162 3293 1363 3367 divina
1385 3317 1705 3367 ducuntur.
1723 3315 1823 3367 Est
1842 3316 2042 3367 autem
2062 3308 2253 3365 cordis

2364 3310 2459 3379 ρᾶς
2514 3305 2788 3364 συνηθείας
2840 3307 3325 3375 προκατασχόιτων
3372 3302 3530 3359 αὐτὴν
3592 3293 3881 3366 διδαγμάτων·

608 3398 990 3468 praeparatio,
1012 3399 1515 3458 documentorum
1534 3417 1602 3457 ex
1618 3417 1805 3473 prava
1826 3399 2259 3456 consuetudine

607 3485 756 3543 illud
780 3490 1335 3562 praeoccupandum
1359 3491 1603 3547 oblivio.
1638 3496 1710 3563 (3)
1736 3495 1926 3562 Atque
1956 3489 2099 3545 illud
2130 3488 2232 3561 qui

610 3576 750 3632 dem
776 3577 835 3633 in
865 3578 1076 3650 primis
1126 3579 1356 3635 homini
1412 3583 1598 3636 Deum
1629 3581 1859 3637 amanti
1889 3578 2087 3635 studio
2131 3593 2262 3634 esse

612 3663 810 3732 debet,
826 3682 1102 3723 sermone
1124 3683 1246 3725 non
1272 3668 1479 3725 inscite
1497 3668 1601 3735 uti,
1631 3669 1733 3725 sed
1757 3669 2122 3737 interrogare
2137 3666 2263 3722 sine

613 3755 888 3825 litigandi
941 3758 1161 3827 studio,
1193 3757 1562 3830 respondere
1606 3760 1732 3815 sine
1761 3757 2108 3820 ambitione,
2142 3770 2265 3811 non

614 3845 992 3917 interpellare
1012 3847 1430 3914 disserentem,
1464 3848 1511 3903 si
1529 3848 1678 3920 quid
1705 3847 1865 3903 dicat
1892 3847 2050 3914 utile,
2071 3860 2267 3917 neque

618 3931 908 4004 cupidum
933 3948 1065 4009 esse
1086 3935 1311 4006 proprii
1338 3936 1632 3991 sermonis
1652 3934 2068 3992 ostentationis
2086 3948 2270 3989 causa

620 4021 1033 4087 interserendi,
1051 4024 1304 4079 modum
1325 4029 1524 4079 tenere
1544 4024 1831 4096 loquendi
1862 4030 1917 4080 et
1940 4021 2224 4079 audiendi
2253 4037 2266 4076 :

621 4107 851 4163 discere
875 4108 1057 4164 etiam
1102 4111 1230 4167 sine
1278 4112 1660 4182 verecundia,
1689 4113 1904 4168 docere
1929 4112 2269 4179 liberaliter,

624 4212 735 4252 nec
761 4195 1061 4253 occultare
1091 4198 1141 4253 si
1189 4198 1337 4271 quid
1378 4202 1457 4254 ab
1501 4199 1618 4256 alio
1647 4201 1944 4267 didiceris,
1969 4200 2131 4257 velut
2160 4200 2273 4255 im-

625 4285 833 4358 probae
864 4286 1142 4343 mulieres
1165 4286 1361 4344 facere
1391 4287 1600 4355 solent,
1624 4305 1760 4361 quae
1802 4290 2036 4360 spurios
2065 4295 2275 4361 partus

627 4375 983 4448 subjiciunt;
1017 4378 1123 4433 sed
1176 4381 1346 4447 grato
1378 4377 1581 4433 animo
1627 4383 1939 4450 parentem
1987 4378 2273 4433 doctrinae

626 4465 1162 4539 przedicarc.Voc1s
1175 4482 1316 4522 vero
1333 4482 1517 4522 sonus
1530 4466 1846 4523 mediocris
1868 4465 2275 4538 praeferendus

627 4559 735 4623 est,
759 4560 824 4611 ut
842 4571 950 4610 nec
972 4555 1179 4611 exilior
1200 4554 1471 4611 auditum
1497 4556 1922 4627 praatert'ugiat,
1942 4570 2052 4610 nec
2089 4554 2276 4610 nimia

2366 3398 2575 3467 Πρῶτόν
2626 3411 2685 3464 γε
2721 3395 2947 3462 πάντων,
2997 3389 3323 3452 σπουδάζειν
3380 3395 3625 3463 προσήκει
3670 3390 3743 3438 τόν
3788 3379 3885 3452 φιλῶ

2369 3484 2479 3535 θεον
2519 3479 2691 3554 ἄνδρα
2742 3488 2861 3556 περὶ
2919 3487 3013 3539 τὴν
3065 3489 3157 3533 τοῦ
3205 3480 3367 3551 λόγου
3425 3487 3618 3552 χρῆσιν
3644 3479 3705 3548 μή
3734 3470 3885 3542 ἀμαθῶς

2368 3574 2531 3643 ἕχειν,
2590 3570 2694 3623 ἀλλ’
2759 3570 2950 3645 ἐρωτᾷν
3014 3572 3105 3642 μεν
3172 3570 3526 3641 ἀφιλονείκως,
3593 3558 3885 3635 ἀποκρίνεσθαι

2371 3658 2430 3716 δε
2469 3660 2806 3733 ἀφιλοτίμως,
2864 3664 2935 3733 μὴ
2997 3656 3355 3711 διακόπτοντα
3390 3662 3479 3710 τὸν
3517 3650 3884 3730 προσδιαλεγόμβ

2368 3771 2473 3815 νον,
2507 3752 2628 3803 ὅταν
2658 3768 2708 3802 τι
2757 3754 3029 3823 χρήσιμον
3073 3747 3217 3820 λέγῃ,
3278 3743 3419 3820 μηδε
3475 3745 3786 3815 ἐπιθυμοῦντα
3827 3736 3885 3781 τὸν

2373 3839 2559 3893 ἑαυτοῦ
2614 3838 2763 3909 λόγον
2822 3832 3186 3896 ἐπιδεικτικῶς
3255 3834 3520 3907 ἐμϐάλλειν
3550 3876 3566 3901 ,
3630 3836 3770 3902 μέτρα
3812 3823 3887 3892 ὀρί-

2377 3934 2534 3994 ζοντα
2559 3928 2693 3999 λόγῳ
2740 3931 2827 3979 καὶ
2866 3927 2995 3997 ἀκοῇ
3022 3940 3036 3955 ⁸
3095 3926 3371 3997 μανθάνειν
3420 3919 3478 3976 δε
3524 3917 3887 3987 ἀνεπαισχύντωςς

2375 4024 2466 4071 καὶ
2514 4014 2791 4071 διδάσκειν
2854 4015 3216 4086 ἀνεπιφθόνως,
3268 4017 3361 4065 καὶ
3407 4016 3450 4065 εἶ
3514 4031 3561 4062 τι
3624 4006 3730 4078 παρ’
3771 4002 3890 4068 ἑτέρων

2379 4104 2717 4169 δεδίδακται,
2774 4112 2844 4179 μὴ
2904 4105 3387 4177 ἀποκρυπτόμενον,
3436 4105 3499 4161 ὡς
3545 4102 3597 4152 αἱ
3644 4092 3892 4169 φαύλαιτῶ

2377 4206 2635 4269 ’γυναικῶν
2695 4198 2750 4247 αἱ
2791 4198 2854 4247 τὰ
2903 4196 3031 4247 νόθα
3077 4192 3530 4264 ὑποϐαλλόμεναι·
3585 4188 3701 4240 ἀλλά
3746 4191 3893 4271 κῆρυξ

2384 4306 2491 4340 σειν
2550 4286 2879 4357 εὐγνωμόνως
2933 4287 3019 4335 τόν
3071 4287 3271 4356 πατέρα
3325 4288 3418 4334 τοῦ
3465 4280 3636 4349 λόγου.
3689 4276 3809 4326 Td";
3855 4256 3892 4315 δι

2383 4384 2551 4448 φωνῆς
2617 4376 2642 4426 ό
2708 4378 2862 4441 μέσος
2927 4378 3297 4445 προτιμητέος,
3367 4372 3439 4430 ὡς
3490 4375 3616 4440 μήτε
3668 4359 3893 4449 διαφεύγειν

2379 4470 2471 4523 τὴν
2538 4463 2698 4521 ἀκοὴν
2759 4464 2859 4515 ὑπό
2929 4468 3312 4534 σμικρότητος,
3377 4463 3509 4532 μήτε
3570 4468 3775 4527 ᾳορτικον
3804 4456 3891 4534 et?“

2381 4561 2454 4623 τῷ
2514 4554 2720 4625 μεγέθει
2764 4559 2855 4612 τῆς
2924 4546 3242 4609 διατάσεωςο
3300 4546 3701 4619 προεξετάσαντα
3816 4546 3891 4580 εαυ-

628 4644 1005 4700 contentione
1035 4643 1417 4716 importunus
1446 4645 1536 4700 sit.
1572 4643 2047 4716 Expendendum
2078 4648 2253 4699 tecuu

2383 4650 2455 4712 τῷ
2516 4646 2573 4694 τό
2622 4642 3010 4715 ῥηθησόμενον,
3069 4638 3203 4689 οὕτω
3261 4633 3592 4708 δημοσιεύειν
3648 4631 3722 4679 τόν
3768 4621 3889 4716 λθτοῖο

629 4733 795 4806 prius
814 4732 959 4804 quid
992 4733 1259 4790 dicturus
1277 4733 1376 4795 sis,
1392 4738 1572 4805 atque
1594 4733 1677 4790 ita
1701 4734 1946 4788 demum
1970 4731 2272 4789 edendum

628 4826 686 4879 et
712 4820 1104 4891 vulgandum.
1131 4822 1507 4878 Adeuutibus
1538 4822 1842 4879 affabilem
1859 4837 1988 4878 esse
2019 4825 2273 4893 oportet,

630 4912 885 4985 atquein
902 4911 1212 4985 colloquiis
1237 4929 1514 4982 suavem;
1539 4929 1648 4969 nec
1683 4914 2047 4985 voluptatem
2070 4912 2274 4968 {acetis

628 5002 1010 5060 sermonibus
1038 5004 1349 5074 aucupari,
1406 5003 1512 5060 sed
1550 5003 1815 5075 benigna
1860 5002 2274 5059 adhortatione

624 5093 926 5150 lenitatem
951 5091 1239 5149 obtinere.
1270 5092 1500 5164 Ubique
1536 5093 1846 5165 asperitas,
1898 5091 2131 5148 etiamsi
2160 5091 2272 5147 ob-

619 5182 993 5256 iurgandum
1022 5182 1114 5248 sit,
1142 5181 1480 5254 rejicienda.
1509 5184 1660 5239 Nam
1713 5182 1817 5254 qui
1860 5183 2024 5254 prior
2054 5196 2115 5239 se
2143 5180 2274 5254 ipse

695 5382 743 5418 ³⁸
785 5383 805 5436 I
837 5383 970 5439 Cor.
999 5395 1101 5446 vn,
1134 5384 1220 5438 15.

693 5564 770 5690 (ιζ
809 5563 890 5616 Ex
918 5560 1156 5642 Reguli:
1176 5560 1376 5630 fusius
1408 5561 1708 5630 tractatis,
1733 5562 1857 5617 35L

694 5634 747 5690 (2
796 5632 878 5686 Ex
904 5635 1077 5690 epist.
1104 5647 1164 5690 ιι.
1191 5632 1278 5686 71.

694 5632 767 5702 (2)
796 5632 878 5686 Ex
904 5632 1077 5703 epist.
1104 5647 1164 5701 ιι,
1191 5632 1278 5686 71.

2385 4731 2788 4803 Εὖπροσήγορον
2841 4727 2888 4780 ἓν
2959 4735 3075 4787 ταῖς
3142 4724 3395 4787 ἐντεύξεσι
3429 4766 3446 4789 ,
3512 4721 3686 4793 γλυκὺν
3743 4709 3780 4763 ἐν
3815 4718 3893 4757 ταις

2382 4820 2605 4892 ὁμιλίαις
2629 4836 2640 4849 '
2698 4818 2756 4871 οὖ
2808 4814 2901 4870 διὰ
2930 4825 3023 4878 τῆς
3054 4814 3389 4889 εὐτραπελίας
3418 4816 3474 4865 τὸ
3521 4806 3620 4868 ἡδὺ
3651 4806 3891 4885 θηρώμενθγν

2384 4909 2511 4962 ἀλλά
2569 4904 2663 4961 διὰ
2718 4915 2809 4968 τῆς
2867 4905 3107 4978 εὐμενοῦς
3170 4902 3547 4975 παρακλήσεως
3598 4898 3649 4947 τό
3706 4894 3894 4985 προσῖἰξίῖ

2383 5002 2607 5074 ξχοντα·
2676 5002 2956 5068 πανταχοῦ
3012 4999 3069 5046 τὸ
3107 4997 3308 5066 τραχὺ,
3362 4990 3458 5042 κάν
3510 4987 3782 5057 ἐπιτιμῆσαι
3812 4986 3890 5035 οῖς.

2383 5089 2766 5159 ἀπωθούμενον.
2823 5082 3236 5160 Προκαταϐαλὼν
3279 5084 3380 5155 γὰρ
3433 5078 3603 5131 ἑαυτὸν
3648 5067 3891 5170 διόι“ταῖῖίς

2380 5177 2723 5253 νοφροσύνης,
2766 5175 2929 5236 οὕτως
2992 5169 3367 5245 εὐπαράδεκτος
3428 5171 3569 5220 ἔσται
3614 5168 3679 5227 τῷ
3718 5163 3892 5219 ,δεομένω

2473 5550 2955 5623 3)Ιὶ)ὶ(1.,73.η
3289 5614 3306 5623 _
3420 5606 3498 5623 _.
3607 5606 3673 5623 ⁸,

2473 5556 2526 5623 3)
2552 5556 2725 5619 Ibid.,
2757 5556 2854 5607 '73.
3664 5606 3673 5619 ⁸

2448 5556 2526 5699 ξι)
2557 5625 2878 5679 Διυτεθέντα.
2914 5622 3168 5696 Uterque
3199 5614 3385 5676 codex
3409 5613 3437 5668 ὁ
3466 5606 3712 5666 διατεθείς.
