4050 6220
243 335 383 389 1145

237 464 341 511 σῶν
391 457 627 531 ἐπιμένῃ,
673 462 744 531 μὴ
797 456 1098 532 διδαχθεὶς,
1138 463 1223 512 τόν
1263 464 1451 534 τρόπον
1490 467 1583 522 τῆς
1624 458 1837 533 ἐπανορο
1873 462 1919 515 Α

238 549 464 614 θὼσεως,
515 552 571 600 τὸ
619 550 749 621 αἷμα
789 550 949 603 αὐτοῦ
989 548 1043 602 ἐκ
1086 557 1187 602 τῶν
1234 557 1426 622 χειρῶν
1481 550 1639 602 αὐτοῦ
1681 547 1835 611 ἐκζη-

235 638 549 706 τηθήσεται,
596 640 769 700 καθὼς
810 642 1144 712 γέγραπταιο
1192 644 1274 691 καὶ
1322 638 1569 712 μάλιστα,
1621 637 1707 690 ἐὰν
1758 642 1829 710 μὴ

238 722 316 777 δι’
367 727 580 797 ἄγνοιάν
636 747 685 779 τι
742 727 943 801 παρίδῃ
999 736 1097 781 τῶν
1153 728 1471 803 ἀρεσκόντων
1524 736 1659 799 Θεῷ,
1705 726 1835 781 ἀλλὰ

240 812 335 867 διὰ
390 815 660 869 κολακείαν
725 823 1224 893 συμπεριφερόμενος
1289 825 1399 880 τοῖς
1458 818 1677 871 ἑκάστου
1742 837 1832 869 κα-

238 908 369 969 κοῖς,
431 909 518 963 τὴν
578 904 841 981 ἀκρίϐειαν
902 915 996 969 τῆς
1038 906 1299 968 πολιτείας
1353 906 1565 980 ἔκλύσῃ.
1632 904 1830 980 Ὠσπερ

241 989 299 1045 δε
337 994 365 1045 ό
416 1000 682 1067 προεστὼς
738 997 1018 1057 ὑπεύθυνός
1075 996 1213 1050 ἔστιν
1271 994 1483 1069 ὁδηγεῖν
1541 997 1612 1059 εἰς
1663 999 1833 1049 πάντα

237 1083 331 1139 τὴν
380 1078 728 1155 ἀδελφότητα,
784 1084 917 1137 οὕτω
972 1086 1124 1139 πάλιν
1181 1090 1269 1139 καὶ
1323 1094 1433 1147 τοῖς
1478 1085 1679 1148 λοιποῖς
1726 1087 1833 1138 ἐπες

237 1168 429 1240 ϐάλλει,
485 1171 569 1225 ἐάν
617 1193 740 1226 ποτε
786 1175 1081 1247 ὑποπτευθῇ
1137 1195 1189 1227 τι
1235 1180 1353 1249 περὶ
1398 1179 1483 1228 τὸν
1525 1183 1834 1251 προεστῶτα

236 1259 608 1334 πλημμέλημα,
676 1264 1091 1336 ὑπομιμνήσκειν
1156 1265 1311 1317 αὐτόν
1382 1268 1498 1326 τοὺς
1572 1268 1831 1339 προέχον-

233 1368 324 1409 τας
366 1355 458 1407 τὴν
498 1370 553 1403 τε
590 1349 796 1409 ἠλικίαν
834 1358 922 1405 καὶ
964 1357 1058 1411 τὴν
1099 1355 1323 1408 σύνεσιν.
1367 1353 1484 1407 Ἐὰν
1527 1356 1617 1427 μὶν
1666 1351 1754 1406 οὖν
1799 1350 1828 1411 ἦ

235 1458 287 1490 τι
338 1440 479 1503 ἄξιον
539 1437 885 1513 διορθώσεως,
940 1446 1025 1495 τόν
1092 1461 1145 1495 τε
1204 1440 1423 1516 ἀδελφὸν
1471 1442 1826 1516 ὠφελήσαμεν,

232 1532 321 1578 καὶ
373 1528 582 1590 ἑαυτοὺς
632 1526 707 1581 δι’
755 1529 969 1597 ἐκείνου,
1021 1535 1109 1583 τὸν
1154 1533 1305 1584 οἱονεὶ
1351 1536 1541 1584 κανόνα
1573 1539 1664 1584 τοῦ
1710 1534 1831 1604 ἠμε-

230 1619 380 1689 τέρου
418 1615 541 1691 βίου
590 1621 731 1682 όίντα,
777 1624 866 1671 καὶ
906 1627 969 1691 τῇ
1028 1620 1189 1672 αὑτοῦ
1239 1620 1484 1693 ὀρθότητι
1541 1623 1598 1673 τὸ
1650 1618 1829 1674 ενὸιοί-

234 1724 456 1779 στροφον
505 1714 629 1777 ἡμῖν
686 1705 974 1780 διελέγχειν
1031 1709 1312 1781 ὀφείλοντα,
1382 1713 1508 1783 πρὸς
1571 1714 1628 1763 τὸ
1688 1711 1831 1763 εὐθὺ·

234 1800 637 1869 καταρτίσαντες
663 1818 675 1830 ·
727 1800 809 1849 ἐὰν
850 1794 909 1850 δε
947 1801 1116 1870 μςίτην
1154 1802 1287 1861 τινὲς
1323 1800 1659 1874 ταραχθῶσι,
1691 1799 1828 1857 πλη-ι
1870 1816 1911 1870 Β

234 1887 607 1958 ροσρορηθέντες
683 1883 775 1939 διὰ
847 1894 937 1948 τῆς
1013 1893 1343 1962 φανερώσεως
1411 1896 1509 1940 τῶν
1576 1888 1635 1940 οὐ
1701 1891 1833 1961 μετὰ

236 1970 480 2036 ἀληθείας
538 1977 977 2042 ὑποπτευθέντων,
1044 1985 1133 2037 τῆς
1199 1976 1278 2030 ἐπ’
1334 1978 1471 2049 αὖτῷ
1520 1974 1831 2052 διακρίσεως

235 2059 679 2120 ἀπαλλάσσονται.

306 2334 356 2384 7.
419 2330 495 2382 Οὐ
536 2334 637 2404 γὰρ
697 2331 940 2403 ἀγνοεῖτε,
990 2335 1057 2395 ὡς
1116 2334 1163 2385 οἱ
1216 2340 1535 2405 προεστῶτες
1593 2330 1832 2406 δημοσίᾳ

230 2422 367 2470 πᾶσι
416 2425 760 2494 προκείμενοι,
818 2424 990 2497 ὥσπερ
1039 2424 1087 2474 οἱ
1137 2421 1185 2474 ἐν
1236 2430 1299 2495 τῇ
1354 2422 1589 2496 θαλάσσῃ
1650 2422 1833 2495 προϐε-

234 2506 478 2579 ϐλημένοι
542 2510 806 2577 σκόπελοι,
870 2511 1020 2564 αὐτοὶ
1078 2514 1163 2565 τόν
1225 2514 1384 2583 Θυμὸν
1442 2520 1539 2564 τῶν
1598 2511 1830 2564 ἐναντίων

234 2600 479 2668 κυμάτων
532 2595 904 2669 ὑποδέχονται,
947 2605 1036 2652 καὶ
1093 2605 1212 2675 περὶ
1280 2601 1465 2661 αὐτοὺς
1512 2602 1827 2675 ῥηγνύμενα,

235 2688 303 2737 τὰ
353 2690 567 2739 κατόπιν
612 2689 779 2740 αὐτῶν
840 2689 934 2741 οὐκ
983 2689 1371 2751 ἐπικλύζουσιν.
1422 2690 1552 2761 Ἐγὼ
1606 2692 1695 2761 μεν
1743 2686 1830 2742 οὖν

237 2775 273 2826 ἃ
319 2778 577 2849 κράτιστα
613 2774 741 2829 εἷναι
783 2784 961 2853 κρίνω,
1004 2782 1069 2831 τὰ
1110 2782 1200 2851 μεν
1242 2786 1330 2831 νῦν
1365 2778 1628 2853 εἰρημένα,
1670 2782 1733 2831 τὰ
1773 2775 1833 2833 δε

238 2868 384 2938 παρὰ
424 2868 594 2919 πάντα
631 2870 717 2919 τὸν
764 2866 880 2940 βίον
921 2870 1041 2939 ὑμῖν
1084 2868 1469 2940 ξυμϐουλεύσω.
1512 2867 1619 2922 Κᾶν
1657 2870 1757 2943 γὰρ
1798 2869 1827 2926 ἠ

240 2962 334 3006 τοῦ
373 2960 608 3028 σώματος
642 2955 880 3009 ἀσθένεια
922 2954 1186 3030 ἐμποδίζῃ
1236 2977 1300 3030 με
1345 2960 1427 3028 (ἧν
1466 2957 1560 3010 οὐκ
1608 2955 1836 3029 ἀγνοεῖτε

238 3046 443 3105 πάντως
488 3046 586 3115 (1),
638 3046 735 3103 ὅση
776 3064 866 3118 μοι
915 3048 1185 3119 πάρεστιν,
1236 3045 1290 3097 ἐκ
1328 3053 1420 3107 τῆς
1468 3050 1679 3120 πρώτης
1726 3046 1837 3105 ἠλι-

242 3138 358 3194 κίας
406 3138 569 3207 μέχρι
610 3141 701 3187 τοῦ
746 3140 918 3211 γήρως
960 3137 1143 3188 τούτου
1195 3136 1543 3209 συντραφεῖσοί
1588 3154 1698 3208 μοι,
1747 3138 1837 3188 καὶ
1877 3163 1919 3221 C

241 3220 577 3276 παιδεύουσα
614 3244 694 3296 με,
744 3228 879 3277 κατὰ
920 3229 1013 3284 τὴν
1062 3222 1273 3278 δικαίαν
1310 3230 1485 3298 κρίσιν
1533 3232 1624 3278 τοῦ
1671 3226 1843 3279 πάντα

242 3312 295 3364 ἕν
345 3318 504 3385 σοφίᾳ
546 3313 935 3386 οἰκονομοῦντος
982 3315 1161 3382 Θεοῦ),
1210 3313 1318 3366 ἀλλ’
1366 3315 1453 3374 ἕως
1507 3312 1834 3387 ἀναπνέομεν,

244 3403 525 3455 ὑπεύθυνοί
572 3402 721 3475 ἐσμεν
773 3400 939 3475 μηδὲν
988 3402 1312 3475 ἕλλιμπάνειν
1362 3412 1461 3456 τῶν
1511 3403 1581 3466 εἰς
1635 3400 1840 3456 οἰκοδο⁸

245 3495 348 3562 μὴν
414 3499 512 3544 τῶν
578 3491 763 3547 καλῶν.
832 3498 983 3565 Υμεῖς
1047 3489 1125 3559 δὲ,
1194 3500 1349 3563 τριῶν
1416 3489 1838 3567 ἀρρωστημάτων

243 3585 316 3652 μὴ
367 3589 437 3652 τῷ
490 3581 681 3651 (ister
730 3586 1087 3657 προσεοικέναι
1135 3577 1343 3651 δόξητε,
1398 3578 1537 3653 μηδὲ
1593 3586 1687 3640 τὴν
1743 3588 1838 3642 τῆς

244 3675 449 3741 γνώμης
498 3675 649 3721 νόσον
697 3670 1065 3743 παραπλησίαν
1109 3678 1200 3730 τῆς
1244 3677 1343 3721 τῶν
1390 3670 1457 3730 εἰς
1503 3672 1568 3721 τὰ
1619 3675 1839 3741 σώματα

248 3755 705 3831 δυστυχησάντων
752 3756 978 3822 δείξητε.
1021 3761 1084 3811 Oi
1128 3762 1217 3830 μὲν
1261 3760 1362 3829 γὰρ
1414 3760 1478 3810 τὰ
1528 3761 1691 3830 μικρά
1737 3766 1837 3809 τῶν

241 3850 423 3900 παθῶν
474 3852 771 3918 κάμνοντες,
827 3849 975 3901 αὐτοὶ
1025 3851 1169 3919 παρὰ
1222 3852 1337 3908 τοὺς
1396 3847 1600 3921 ἰατροὺς
1661 3849 1839 3922 ἔρχον-

242 3959 369 3991 ται’
421 3942 468 3991 οἱ
514 3937 572 3992 δὲ
638 3942 737 3991 ὑπὸ
796 3939 1043 4011 μείζόνων
1109 3938 1509 4009 καταληφθέντες
1571 3936 1840 4011 ἀρρωστηο

242 4032 443 4101 μάτων,
495 4028 569 4101 ἐφ’
612 4028 827 4089 ἑαυτοὺς
872 4028 1090 4080 καλοῦσι
1127 4031 1244 4087 τοὺς
1293 4029 1735 4101 θεραπεύσονταςο
1791 4028 1840 4079 οἱ

244 4116 297 4170 δ’
350 4119 416 4178 εἰς
466 4117 741 4177 ἀνήκεστον
799 4117 1051 4177 παντελῶς
1101 4115 1453 4188 μελαγχολίαν
1504 4117 1841 4191 παρενεχθέν-

242 4226 345 4270 τες,
390 4205 514 4260 οὐδὲ
560 4212 869 4281 προσιόντας
909 4208 982 4276 (2)
1029 4211 1351 4280 προσίενται.
1404 4203 1469 4257 Ὀ
1522 4210 1593 4275 μὴ
1638 4206 1841 4261 πάθητε

240 4305 331 4351 νῦν
381 4300 543 4371 ὑμεῖς,
599 4299 758 4373 ὀρθῶς
802 4300 1021 4368 ἔχοντας
1068 4304 1167 4348 τῶν
1215 4295 1477 4367 λογισμῶν
1528 4294 1840 4366 ἀποφεύγον-

241 4407 353 4449 τες·
406 4386 531 4440 ἀλλὰ
573 4392 661 4439 καὶ
694 4383 1032 4451 παιδεύθητε,
1087 4389 1176 4436 καὶ
1218 4386 1592 4455 στοιχειώθητε
1629 4392 1702 4454 τῷ
1742 4388 1839 4455 φό-

242 4477 317 4549 ϐῳ
357 4482 552 4551 Κυρίου
594 4484 685 4527 τοῦ
732 4482 865 4528 Θεοῦ
914 4476 1079 4546 ἡμῶν,
1135 4475 1219 4525 ἵνα
1267 4477 1355 4523 καὶ
1408 4479 1506 4523 τῶν
1555 4471 1834 4543 μελλόντων
1875 4516 1917 4571 D

242 4567 451 4637 ἀγαθῶν
519 4566 825 4636 ἐπιτύχητε,
893 4562 941 4615 ἐν
1007 4569 1223 4637 Χριστῷ
1290 4561 1465 4617 Ἰησοῦ
1526 4568 1599 4629 τῷ
1661 4566 1834 4633 Κυρίῳ

240 4658 409 4728 ἡμῶν,
511 4658 538 4714 ἠ
577 4652 708 4716 ὃοξα
736 4656 911 4705 καὶτὸ
950 4655 1137 4726 κράτος
1180 4653 1272 4702 σὺν
1310 4657 1382 4719 τῷ
1423 4648 1638 4723 ἀνάρχῳ
1678 4650 1838 4701 αὐτοῦ

242 4749 435 4820 Ιῐατρὶ,
502 4748 592 4796 καὶ
656 4752 727 4814 τῷ
792 4746 1030 4812 παναγίω
1094 4744 1183 4792 καὶ
1250 4739 1483 4809 ζωοποιῴ
1550 4740 1836 4809 Πνεύματι,

239 4840 330 4886 νῦν
369 4835 457 4885 καὶ
498 4830 593 4899 ἀεὶ,
636 4836 726 4884 καὶ
766 4831 836 4893 εἰς
873 4833 988 4891 τους
1028 4828 1215 4889 αἰῶνας
1254 4834 1350 4880 τῶν
1389 4825 1606 4882 αἰώνων.
1652 4825 1837 4897 Ἀμήν,

315 5191 361 5225 ⁸⁸
401 5187 605 5245 Ezech.
638 5202 719 5257 ιιι,
739 5189 829 5243 20.

314 5370 387 5437 (1)
428 5363 798 5440 Ἐμπονῖίζῃ...
866 5366 1081 5440 πάντως.
1150 5362 1241 5419 Sic
1307 5363 1555 5433 uterque
1622 5358 1832 5418 codex.

236 5442 389 5497 Editi
417 5437 797 5512 συμποόίσῃ...
820 5439 1025 5512 πάντες.

313 5516 387 5581 (2)
432 5499 766 5585 niceteria,
802 5508 1002 5585 Codex
1036 5509 1505 5585 l992_1rpoqttia:r_a.

312 5576 391 5654 ('3')
428 5576 508 5637 Ek
537 5582 781 5653 Regalis
800 5581 991 5649 fusius
1025 5576 1321 5649 tractatis,
1356 5576 1476 5631 371.

312 5654 392 5727 (ὁ)
431 5656 513 5710 Ex
536 5655 709 5727 epist.
741 5667 885 5720 cuiu,
919 5654 1042 5709 302.

1101 334 1326 393 SERIO
1367 334 1430 390 ll.
1474 361 1545 377 --
1582 334 1672 391 DE
1710 330 2061 392 DOCTBINA
2101 332 2191 391 ET
2228 334 2740 395 ADMONITIONE.

3467 342 3602 397 1146

1947 458 2050 515 Dei
2083 473 2208 515 non
2236 459 2571 533 declararit,
2606 464 2711 519 aut
2742 462 2793 519 si
2819 462 3047 536 lapsus,
3080 463 3143 521 in
3174 478 3245 522 eo
3284 464 3605 538 perstiterit

1942 562 2066 604 non
2089 549 2337 606 edoctus
2369 550 2446 606 ab
2465 566 2536 606 eo
2566 551 2640 607 de
2662 553 3101 610 emendationis
3130 552 3335 624 modo,
3360 555 3602 625 sangui-

1941 650 2083 692 nem
2118 637 2310 709 ipsius
2354 654 2428 694 ex
2481 640 2619 715 suis
2661 641 2946 698 manibus
2990 642 3348 715 requisitum
3394 642 3485 713 iri,
3535 646 3602 699 ut

1943 726 2234 798 scriptum
2250 732 2338 783 est
2354 729 2401 764 ³⁸
2423 744 2435 784 :
2469 733 2524 784 et
2541 730 2824 797 maxime,
2857 731 2907 785 si
2925 731 3071 803 quid
3087 747 3294 788 eorum
3314 748 3449 805 quae
3468 732 3600 805 pla-

1941 817 2075 869 cent
2107 812 2247 883 Deo,
2279 830 2403 871 non
2430 832 2500 872 ex
2532 817 2765 874 inscitia
2792 818 3136 889 neglexerit,
3169 819 3274 875 sed
3298 819 3498 892 potius
3524 835 3598 876 ex

1941 918 2011 959 eo
2041 904 2208 975 quod
2238 903 2318 961 ob
2350 906 2818 962 assentationem
2847 907 2925 962 ad
2952 908 3426 980 uniuscujusque
3455 909 3597 965 vitia

1941 1006 2074 1049 sese
2107 996 2545 1063 accommodet,
2570 994 2899 1068 disciplinae
2943 996 3339 1067 integritatem
3377 997 3599 1055 labefa-

1940 1081 2130 1138 ctarit.
2166 1082 2241 1154 (3)
2277 1086 2467 1156 Atque
2510 1083 2691 1141 etiam
2730 1085 3252 1157 quemadmodum
3284 1086 3597 1158 praefectus

1938 1171 2002 1228 in
2042 1172 2327 1229 omnibus
2368 1173 2621 1230 fratrum
2669 1175 2794 1231 dux
2832 1190 2967 1231 esse
3006 1175 3205 1243 debet,
3241 1177 3326 1232 ita
3354 1191 3597 1249 quoque

1938 1262 2203 1318 vicissim
2220 1262 2464 1335 reliquis
2484 1265 2783 1334 convenit,
2804 1265 2852 1321 si
2872 1266 3121 1337 quando
3142 1266 3597 1339 praefectusipse

1939 1349 2139 1406 delicti
2168 1350 2425 1422 alicujus
2465 1357 2777 1424 suspectus
2814 1352 3006 1421 fuerit,
3040 1359 3104 1410 ut
3146 1354 3345 1427 ipsum
3386 1355 3597 1412 admo-

1939 1442 2123 1494 neant
2162 1438 2265 1511 qui
2305 1454 2443 1495 cum
2485 1444 2658 1496 aetate
2685 1445 2810 1497 tum
2841 1442 3161 1513 prudentia
3198 1447 3503 1514 praestant.
3537 1443 3598 1499 Si

1938 1527 2085 1600 quid
2113 1526 2294 1599 igitur
2329 1527 2525 1594 fuerit,
2558 1529 2724 1601 quod
2753 1531 3064 1586 emendari
3102 1546 3300 1604 operae
3336 1532 3594 1603 pretium

1938 1614 2032 1686 sit,
2074 1615 2424 1687 juvabimus
2467 1622 2522 1674 et
2570 1617 2837 1687 fratrem,
2875 1624 2931 1675 et
2964 1634 3071 1691 per
3114 1619 3283 1675 illum
3332 1625 3595 1677 nosmet-

1937 1704 2128 1776 ipsos,
2160 1720 2231 1760 eo
2260 1706 2367 1777 qui
2387 1704 2570 1762 veluti
2598 1707 2729 1762 vitae
2759 1711 2978 1764 nostra
2993 1706 3201 1779 regula
3222 1712 3328 1775 est,
3362 1722 3593 1781 suaque

1938 1794 2292 1849 rectitudine
2323 1796 2775 1866 perversitatem
2805 1800 3074 1853 nostram
3103 1796 3463 1868 redarguere
3491 1796 3595 1853 de—

1936 1882 2058 1950 bet,
2091 1882 2171 1939 ad
2207 1887 2435 1940 rectam
2464 1884 2623 1941 viam
2662 1900 2699 1941 a
2728 1885 2905 1942 nobis
2930 1885 3177 1941 reducto
3203 1904 3217 1942 :
3272 1886 3364 1942 sin
3394 1890 3595 1942 autem

1938 1973 2158 2028 temere
2184 1971 2406 2027 turbati
2424 1971 2643 2029 fuerint
2662 1973 2935 2030 nonnulli
2962 1972 3119 2030 illius
3143 1989 3349 2043 causa,
3370 1974 3508 2047 ipsi,
3526 1974 3599 2029 iis

1938 2074 2071 2132 quae
2096 2058 2253 2116 falso
2283 2064 2563 2133 suspecta
2593 2060 2828 2119 fuerant
2844 2062 3119 2133 cognitis,
3140 2063 3418 2119 certiores
3434 2060 3596 2133 facti,

1939 2146 2018 2205 ab
2046 2163 2119 2205 ea
2142 2163 2330 2222 quam
2365 2148 2440 2205 de
2470 2149 2603 2222 ipso
2643 2155 3045 2224 conceperant
3083 2150 3427 2225 suspicione
3456 2150 3600 2209 libe-

1941 2242 2171 2293 rantur.

2008 2328 2061 2379 ’1.
2088 2325 2167 2397 (4)
2207 2327 2337 2382 Non
2367 2326 2530 2383 enim
2559 2325 2869 2399 ignoratis,
2901 2342 3007 2383 eos
3036 2328 3140 2401 qui
3164 2332 3453 2400 praasunt,
3496 2343 3598 2401 pa-

1935 2413 2059 2471 lam
2084 2413 2370 2472 omnibus
2400 2416 2769 2489 propositos,
2799 2415 2979 2473 veluti
3012 2415 3297 2488 scopulos
3345 2416 3405 2474 in
3442 2418 3598 2475 mari

1939 2505 2376 2578 prominentes,
2407 2506 2671 2562 furorem
2688 2506 2981 2564 ﬂuctuum
3002 2506 3420 2564 haereticorum
3445 2508 3599 2564 exci-

1938 2608 2100 2667 pere,
2132 2594 2234 2665 qui
2265 2593 2414 2650 dum
2445 2594 2602 2651 circa
2630 2610 2734 2653 eos
2758 2595 3141 2667 franguntur,
3169 2611 3241 2652 ea
3270 2611 3407 2669 qum
3439 2602 3596 2654 retro

1941 2686 2102 2748 sunt,
2117 2698 2241 2739 non
2261 2682 2509 2739 alluunt.
2543 2684 2622 2755 (Β)
2646 2687 2770 2755 Ego
2789 2685 3037 2757 quidem
3057 2701 3191 2758 quas
3209 2685 3441 2757 optima
3462 2701 3597 2743 esse

1940 2772 2412 2843 censeo,partim
2434 2787 2597 2828 nunc
2619 2772 2766 2839 dixi,
2784 2772 3006 2845 partim
3030 2772 3205 2829 vobis
3225 2789 3333 2845 per
3351 2790 3597 2833 omnem

1940 2859 2126 2916 vitam
2158 2859 2446 2917 suadebo.
2470 2862 2549 2933 (6)
2573 2859 2817 2918 Etiamsi
2836 2861 2999 2917 enim
3028 2876 3126 2918 me
3148 2862 3414 2934 corporis
3436 2863 3601 2920 inﬁr-

1942 2949 2121 3007 mitas
2160 2951 2531 3021 constringat
2579 2961 2788 3024 (quam
2832 2966 3080 3023 prorsus
3121 2965 3245 3008 non
3292 2951 3597 3024 ignoratis,

1943 3042 2175 3111 quanta
2203 3039 2349 3096 mihi
2380 3038 2565 3119 adsit,
2606 3054 2643 3095 a
2675 3039 2875 3112 prima
2911 3043 3085 3095 aetate
3120 3039 3199 3096 ad
3226 3038 3385 3097 banc
3412 3054 3604 3113 usque

1946 3132 2307 3185 senectutem
2340 3128 2598 3185 enutrita
2622 3144 2886 3193 mecum,
2920 3143 3137 3202 meque
3165 3130 3471 3200 castigans
3516 3145 3607 3187 se-

1947 3218 2214 3273 cundum
2230 3218 2461 3288 justum
2484 3218 2585 3273 Dei
2607 3217 2923 3289 judicium,
2945 3217 3050 3289 qui
3066 3218 3271 3275 omnia
3286 3217 3348 3274 in
3370 3218 3607 3290 sapien-

1946 3306 2031 3364 tia
2059 3306 2430 3374 moderatur,
2456 3306 2534 3378 (7)
2576 3310 2781 3364 tamen
2823 3306 3095 3380 quandiu
3142 3306 3601 3379 respirabimus,

1945 3394 2093 3451 nihil
2117 3394 2410 3452 debemus
2433 3410 2643 3451 eorum
2670 3396 2963 3465 omittere,
2990 3411 3124 3468 quae
3152 3395 3231 3452 ad
3261 3396 3604 3454 aediﬁcatio-

1944 3499 2082 3541 nem
2124 3483 2427 3542 bonorum
2474 3484 2794 3556 pertinent.
2838 3485 2915 3555 (8)
2963 3486 3077 3540 Vos
3114 3500 3256 3541 vero
3304 3500 3446 3543 cum
3488 3486 3603 3542 tria

1947 3573 2063 3629 sint
2097 3572 2520 3645 aegritudinum
2559 3588 2804 3645 genera,
2843 3573 2895 3630 ei
2936 3573 3100 3646 quod
3138 3573 3472 3631 insanabile
3515 3578 3605 3632 est

1947 3662 2172 3718 similes
2194 3677 2271 3717 ne
2290 3661 2635 3733 videamini,
2664 3678 2857 3735 neque
2883 3661 3215 3719 ostendatis
3238 3663 3424 3718 animi
3447 3677 3604 3719 mor-

1945 3750 2093 3806 bum
2116 3751 2330 3807 morbo
2360 3767 2567 3807 eorum
2584 3751 2685 3823 qui
2714 3765 2964 3822 corpore
2991 3754 3304 3821 aegrotant,
3323 3750 3603 3807 consimi-

1946 3840 2091 3923 lem:
2142 3840 2371 3896 Elenim
2426 3840 2833 3896 invaletudine
2887 3854 3076 3912 parva
3126 3839 3232 3911 qui
3298 3838 3600 3910 laborant,

1946 3930 2059 4002 ipsi
2080 3929 2373 3986 accedunt
2402 3929 2480 3985 ad
2512 3929 2777 3985 medicos
2812 3946 2826 3984 :
2856 3928 2960 4001 qui
2986 3944 3129 3985 vero
3161 3927 3389 3984 morbis
3414 3930 3604 4000 majo-

1946 4020 2114 4076 ribus
2144 4019 2398 4091 correpti
2424 4019 2609 4086 fuere,
2636 4018 2904 4073 medicos
2929 4018 3331 4073 accersuntad
3359 4034 3423 4073 se
3455 4035 3468 4074 :
3500 4019 3607 4091 qui

1950 4113 2152 4165 autem
2183 4108 2243 4163 in
2269 4107 2533 4179 aliquem
2564 4112 2706 4163 atra:
2739 4106 2878 4162 bilis
2905 4105 3192 4161 morbum
3222 4121 3472 4177 prorsus
3498 4106 3610 4163 im-

1948 4196 2366 4253 medicabilcm
2396 4196 2551 4267 lapsi
2577 4201 2735 4261 sunt,
2752 4212 2825 4251 ne
2858 4194 3213 4251 accedentes
3237 4195 3484 4267 quidem
3508 4195 3611 4251 ad-

1948 4287 2209 4342 mittunt.
2231 4285 2403 4351 Quod
2429 4290 2635 4341 cavete
2659 4300 2733 4340 ne
2762 4284 2932 4339 vobis
2963 4300 3127 4340 nunc
3160 4283 3480 4352 accidat,si
3506 4299 3609 4340 eos

1949 4376 2053 4449 qui
2084 4380 2281 4431 mente
2312 4390 2383 4431 ac
2422 4375 2651 4430 ratione
2690 4373 2923 4445 praediti
2967 4377 3127 4439 sunt,
3165 4371 3448 4440 fugiatis;
3498 4371 3608 4427 sed

1948 4463 2264 4520 erudimini
2280 4468 2457 4535 atquc
2471 4462 2788 4518 initiamini
2803 4462 3013 4517 timore
3029 4459 3261 4515 Domini
3276 4459 3376 4513 Dei
3395 4459 3603 4527 nostri,

1946 4559 2008 4609 ut
2038 4554 2372 4609 futurorum
2397 4554 2697 4608 bonorum
2725 4550 3045 4622 participes
3080 4563 3212 4603 esse
3238 4547 3496 4619 possitis,
3540 4547 3603 4603 in

1948 4642 2175 4699 Christo
2200 4642 2346 4696 Jesu
2376 4640 2628 4696 Domino
2658 4643 2886 4703 nostro,
2921 4637 3016 4693 cui
3047 4636 3238 4706 gloria
3259 4642 3314 4691 et
3333 4638 3603 4709 potestas

1946 4746 2085 4788 cum
2116 4736 2338 4785 aeterno
2378 4730 2507 4800 ejus
2547 4731 2737 4796 Patre,
2778 4731 2834 4783 et
2876 4725 3258 4781 sanctissimo
3296 4725 3600 4781 viviﬁcan-

1945 4824 2122 4891 teque
2151 4819 2389 4891 Spiritu,
2419 4833 2582 4874 nunc
2612 4820 2670 4874 et
2696 4832 2957 4889 semper,
2984 4819 3041 4873 et
3068 4816 3130 4872 in
3164 4814 3388 4873 saecula
3420 4830 3604 4871 saecu-

1945 4910 2141 4969 lorum
2156 4950 2169 4964 .
2207 4913 2415 4965 Amen.

2012 5358 2088 5428 (5)
2129 5358 2207 5410 Ex
2240 5368 2417 5428 serm.
2444 5352 2527 5408 De
2557 5348 2818 5428 legendis
2846 5348 3015 5405 libris
3043 5351 3224 5417 gent.,
3262 5348 3380 5403 184.

2015 5426 2093 5498 (6)
2138 5430 2213 5482 lix
2244 5426 2414 5498 epist.
2448 5440 2594 5493 ccm,
2624 5426 2748 5478 299.

2033 5497 2086 5567 7)
2130 5497 2487 5573 lbid.,302._
2556 5566 2570 5573 _
2748 5563 2784 5573 ,,
2973 5559 2983 5573 .

2039 5558 2093 5643 8)
2133 5573 2212 5626 Ex
2240 5558 2418 5625 serm.
2442 5568 2527 5623 De
2550 5563 2811 5637 legendis
2842 5559 3010 5619 libris
3039 5564 3222 5631 gent.,
3254 5558 3379 5616 184.
