4068 6220
520 321 653 378 1147

1502 325 1863 382 APPENDIX.
1904 358 1971 367 ——
2012 326 2352 385 SYIEONIS
2392 324 2918 382 METAPHRASTIE

3707 327 3819 382 me

519 444 697 519 ‘83
740 446 846 503 DE
879 448 1325 508 CHARITATE
1358 451 1445 506 IN
1478 451 1715 508 DEUM
1755 451 1869 507 ET
1907 450 2163 508 P1101!-

2302 455 2427 505 ιεΡι
2504 455 2769 504 ΔΓΔΠΗΣ
2841 456 2968 505 ΤΗΣ
3043 455 3210 504 ΠΡΟΣ
3284 454 3459 502 ΘΕΟΝ
3545 453 3646 502 ιΑι
3711 453 3820 502 TON

1241 522 1447 579 MUM.

1161 647 1389 704 SERMO
1440 646 1532 704 III.

597 766 645 821 1.
690 767 765 836 (1)
788 767 896 833 Qui
925 770 1275 841 semetipsos
1306 788 1342 827 a
1372 772 1577 829 seaculi
1606 772 1765 829 curis
1792 774 2178 829 removerunt

522 871 627 911 cor
666 870 843 912 suum
892 857 1057 914 omni
1098 859 1368 916 custodia
1408 877 1645 918 servare
1677 861 1917 928 debent,
1948 876 2024 917 ne
2055 875 2174 915 un-

523 959 712 1015 quam
752 944 851 1000 Dei
881 946 1302 1015 cogitationem
1341 950 1646 1021 abjiciant,
1680 955 1783 1007 aut
1818 950 2175 1007 memoriam

524 1032 682 1087 illius
712 1033 1080 1090 mirabilium
1110 1036 1474 1109 imaginibus
1501 1056 1798 1095 vanarum
1818 1055 2017 1095 rerum
2040 1053 2178 1095 con-

526 1122 856 1191 taminent;
905 1124 1011 1181 sed
1044 1142 1111 1183 ex
1158 1134 1446 1200 perpetua
1479 1146 1549 1185 ac
1584 1146 1737 1202 pura
1766 1128 2179 1186 recordatione

527 1211 822 1282 impressa
851 1214 1067 1269 animis
1102 1217 1342 1285 nostris,
1376 1218 1536 1275 velut
1569 1218 1835 1289 sigillum
1862 1216 2180 1274 indelebile

529 1307 738 1357 sancta
784 1303 887 1358 Dei
933 1306 1213 1374 cogitatio
1260 1308 1757 1366 circumferenda.
1801 1312 1886 1365 Ita
1937 1308 2098 1363 enim
2146 1322 2182 1362 a

532 1390 707 1445 nobis
738 1399 1125 1464 comparatur
1157 1395 1257 1451 Dei
1294 1396 1553 1467 dilectio,
1585 1413 1721 1469 qua:
1757 1396 1937 1452 simul
1966 1396 2182 1452 excitat

532 1479 610 1534 ad
633 1478 1009 1538 conﬁcienda
1040 1483 1137 1538 Dei
1160 1485 1464 1552 mandata,
1492 1492 1547 1541 et
1569 1486 1704 1557 ipsa
1731 1486 1809 1542 ab
1838 1484 1983 1558 ipsis
2012 1484 2184 1540 vicis-

534 1566 647 1623 sim
714 1574 1003 1638 servatur,
1071 1577 1132 1627 ut
1197 1580 1486 1646 perpetua
1547 1576 1620 1632 sit
1686 1591 1756 1631 ac
1824 1591 1945 1631 non
2012 1574 2185 1629 inter-

535 1656 741 1713 missa.
787 1660 864 1730 (2)
915 1662 1103 1725 Quem
1142 1668 1343 1718 autem
1387 1665 1712 1721 vehemens
1754 1665 2050 1720 Christum
2095 1681 2185 1721 se-

532 1746 758 1819 quendi
790 1748 1083 1819 cupiditas
1106 1755 1281 1821 tenet,
1313 1754 1361 1807 is
1381 1768 1500 1809 non
1525 1754 1785 1828 amplius
1806 1771 1868 1810 se
1898 1753 1976 1809 ad
1998 1753 2182 1809 ullam

533 1850 681 1901 rem,
716 1852 850 1908 qute
885 1837 963 1893 ad
993 1838 1150 1895 hanc
1186 1842 1369 1896 vitam
1402 1844 1666 1912 attineat,
1700 1848 2038 1900 convertere
2068 1860 2180 1915 po-

537 1926 665 1987 test,
680 1940 799 1979 non
819 1926 895 1980 ad
914 1934 1249 1998 parentum.
1270 1937 1373 1986 aut
1392 1934 1870 2005 propinquorum
1889 1948 2181 1998 amorem,

539 2012 588 2067 si
619 2013 848 2068 Domini
886 2018 1191 2089 praeceptis
1224 2019 1592 2077 adversetur.
1624 2021 1956 2077 Tuncenim
1982 2021 2185 2076 locum

535 2099 715 2155 etiam
737 2102 917 2159 habet
948 2104 1091 2161 illud
1118 2124 1129 2161 :
1163 2108 1232 2162 Si
1258 2111 1390 2179 quis
1420 2111 1573 2165 venit
1605 2112 1685 2165 ad
1706 2126 1813 2177 me,
1832 2116 1885 2166 et
1918 2126 2035 2165 non
2062 2110 2187 2164 odit

532 2195 766 2257 patrem
806 2208 976 2249 suum
1018 2202 1071 2250 et
1110 2204 1358 2252 matrem
1404 2199 1471 2256 ³⁷.
1520 2204 1576 2254 et
1620 2205 1827 2253 caetera
1859 2216 1871 2253 :
1906 2200 1980 2269 (3)
2021 2197 2189 2270 quod

536 2278 714 2334 etiam
747 2280 1079 2340 docuerunt
1116 2300 1229 2340 nos
1271 2286 1461 2342 sancti
1502 2287 1735 2343 Domini
1773 2286 2069 2359 discipuli,
2102 2288 2189 2343 Ja-

538 2365 725 2421 cobus
765 2372 820 2424 et
856 2372 1133 2435 Joannes,
1162 2374 1266 2446 qui
1310 2380 1545 2446 patrem
1594 2392 1769 2431 suum
1809 2375 2188 2444 Zebedieum,

539 2454 881 2529 ipsumque,
916 2476 951 2515 a
974 2476 1096 2532 quo
1128 2466 1249 2518 tota
1275 2462 1511 2519 illorum
1538 2465 1731 2519 victus
1772 2464 1922 2521 ratio
1954 2464 2185 2537 pende-

540 2542 662 2609 bat,
692 2548 993 2619 navigium
1027 2551 1353 2623 reliquere;
1409 2553 1714 2610 Matthaaus
1744 2554 1945 2619 etiam,
1979 2554 2081 2627 qui
2113 2553 2191 2609 ab

536 2630 669 2703 ipso
698 2633 912 2693 telonio
939 2640 1208 2711 surrexit,
1228 2642 1669 2713 Hominumque
1694 2648 1930 2699 secutus
1947 2647 2195 2705 est,non

540 2721 739 2778 telonii
789 2726 986 2782 solum
1035 2729 1377 2802 relinquens
1423 2732 1849 2802 emolumenta,
1898 2731 2003 2787 sed
2041 2732 2191 2803 peri-

538 2812 674 2869 cula
721 2815 900 2871 etiam
948 2824 1359 2885 contemnens,
1395 2837 1531 2893 quae
1563 2838 1600 2878 a
1636 2821 2033 2893 potestatibus
2064 2825 2190 2877 tum

540 2901 651 2958 sibi
690 2907 818 2960 tum
861 2910 1326 2976 consanguineis
1370 2910 1491 2965 suis
1528 2911 1983 2983 impendebant,
2024 2911 2191 2983 quod

536 2992 917 3061 vectigalium
974 2997 1235 3053 rationes
1289 2998 1626 3071 reliquisset
1678 3000 1947 3057 infectas.
2008 2999 2189 3056 Paulo

536 3078 797 3154 denique
843 3089 1001 3139 totus
1048 3087 1227 3142 etiam
1268 3088 1533 3143 mundus
1578 3088 1899 3144 cruciﬁxus
1944 3094 2089 3154 crat,
2132 3092 2189 3143 et

2918 527 3246 580 ΠΛΗΣΙΟΝ.

2920 650 3139 699 ΛΟΓΟΣ
3174 643 3247 704 Γ.

2354 773 2407 827 1.
2448 774 2579 834 Τοὺς
2625 778 2723 823 τῶν
2774 770 3035 843 βιωτικῶν
3089 769 3299 831 ἑαυτοὺς
3349 767 3702 832 ain-050mm;
3748 788 3820 841 μι-

2283 868 2494 935 ριμνῶν,
2544 860 2689 934 παίσῃ
2741 859 2939 932 φυλακῇ
2988 865 3163 933 τηρεῖν
3210 862 3467 933 προσήκει
3528 862 3609 915 τήν
3666 858 3821 911 ἑαυτῶν

2284 946 2530 1024 καρδίαν,
2579 951 2648 1011 ὡς
2685 953 2757 1022 μή
2811 967 2931 1001 ποτε
2980 952 3075 1007 τὴν
3122 952 3235 1020 περὶ
3283 953 3417 1000 Θεοῦ
3464 949 3645 999 ἔννοιαν
3680 946 3826 999 ἐκϐάλ-

2284 1038 2408 1105 λειν,
2457 1037 2485 1097 ἡ
2542 1043 2636 1097 την
2690 1042 2898 1110 μνήμην
2948 1045 3046 1089 τῶν
3097 1039 3402 1108 θαυμασίων
3459 1035 3611 1089 αὑτοῦ
3665 1056 3823 1108 φαντα-

2289 1132 2430 1189 σίαις
2485 1136 2583 1178 τῶν
2621 1132 2856 1199 ματαίων
2900 1124 3369 1202 καταρρυπαίνειν
3433 1124 3557 1177 αλλὰ
3618 1120 3701 1177 διὰ
3752 1134 3826 1187 τῆς

2290 1213 2558 1279 διηνεκοῦς
2614 1218 2693 1286 (8)
2758 1220 2848 1268 καὶ
2905 1217 3135 1290 καθαρᾶς
3198 1220 3411 1287 μνήμης
3470 1213 3827 1287 ἐντετυπωμένην

2288 1312 2399 1365 ταῖς
2453 1305 2655 1377 ψυχαῖς
2712 1306 2879 1377 ἡμῶν,
2939 1306 3111 1379 ὥσπερ
3176 1299 3451 1379 σφραγῖδα
3506 1300 3828 1371 ἇνεξάλειπτον,

2287 1400 2378 1452 τὴν
2423 1395 2568 1446 ὁσίαν
2621 1401 2712 1446 τοῦ
2768 1400 2902 1447 Θεοῦ
2948 1396 3143 1447 ἔννοιαν
3194 1396 3501 1467 περιφέρειν.
3556 1393 3717 1453 Οὕτως
3754 1394 3829 1465 γὰρ

2289 1488 2626 1558 προσγίνεται
2676 1486 2799 1555 ἡμῖν
2858 1485 2885 1541 ἡ
2937 1486 3062 1558 πρὸς
3115 1485 3241 1535 Θεὸν
3289 1480 3492 1553 ἀγάπη,
3535 1482 3637 1553 ἅμα
3676 1500 3723 1533 τι
3764 1477 3829 1532 δι-

2292 1578 2563 1645 εγείρουσα
2618 1578 2711 1631 τὴν
2770 1570 3017 1648 ἐργασίαν
3085 1580 3183 1623 τῶν
3237 1570 3449 1623 ἓντολῶν
3514 1578 3600 1622 τοῦ
3659 1574 3831 1643 Κυρίου,

2292 1666 2381 1714 καὶ
2428 1661 2516 1712 ὑπ’
2568 1660 2735 1713 αὐτῶν
2782 1660 2934 1712 πάλιν
2991 1661 3121 1719 αὕτη
3192 1665 3577 1733 συντηρουμένη
3630 1664 3743 1732 πρός
3788 1662 3830 1710 τὸ

2296 1746 2502 1823 διαρκὲς
2538 1753 2627 1802 καὶ
2671 1745 3021 1803 ἀδιάπτωτον.
3062 1748 3119 1801 Ὀ
3165 1745 3223 1802 δὲ
3273 1746 3485 1822 σφόδρα
3528 1756 3586 1821 τῇ
3631 1746 3832 1817 ἐπιθυμία

2291 1846 2381 1890 τοῦ
2421 1837 2715 1891 ἀκολουθεῖν
2762 1846 2833 1908 τῷ
2883 1845 3099 1911 Χριστῷ
3154 1842 3522 1910 κατεχόμενος,
3559 1840 3673 1909 πρὸς
3715 1832 3829 1887 οὐόὶν

2293 1930 2368 1979 ἔτι
2406 1936 2501 1988 τῆς
2541 1928 2678 1989 ζωῆς
2726 1930 2915 1989 ταύτης
2962 1927 3348 1999 ἐπιστραφῆναι
3389 1924 3621 1990 δύναται,
3650 1924 3701 1976 ού
3738 1928 3831 1995 πρὸς

2293 2022 2475 2088 γονέων
2525 2018 2553 2076 ἦ
2604 2018 2803 2070 οἰκείων
2853 2018 3057 2091 φίλτρον
3104 2019 3225 2069 όταν
3279 2016 3645 2089 ἐναντιούμενον
3754 2021 3829 2073 τοῖς

2295 2114 2388 2159 τοῦ
2457 2113 2653 2182 Κυρίου
2715 2110 3111 2181 προστάγμασι.
3178 2111 3308 2158 Τότε
3374 2110 3472 2179 γὰρ
3535 2108 3697 2178 καιρόν
3749 2105 3831 2172 ἔχει

2298 2202 2385 2249 καὶ
2434 2200 2513 2267 τό,
2560 2200 2619 2250 Εἴ
2660 2217 2740 2257 τις
2789 2199 3003 2271 ἔρχεται
3059 2200 3189 2269 πρὸς
3233 2198 3322 2268 μὶ,
3380 2199 3468 2246 καὶ
3515 2192 3571 2247 ού
3614 2198 3738 2265 μισιῖ
3770 2194 3831 2241 τὸν

2300 2290 2497 2360 πατέρα
2562 2287 2745 2355 αὑτοῦ,
2811 2289 2897 2336 καὶ
2964 2289 3057 2344 την
3119 2288 3343 2356 μητέρα,
3422 2288 3510 2335 καὶ
3580 2284 3639 2333 τὰ
3718 2280 3833 2331 λοιπά

2299 2377 2436 2428 καθά
2479 2380 2568 2427 καὶ
2621 2377 2669 2427 οἱ
2710 2374 2852 2447 ἅγιοι
2903 2376 3135 2446 μαθηται
3202 2381 3296 2425 τοῦ
3368 2377 3559 2448 Κυρίου
3615 2366 3832 2431 ὑπέδειξαν

2301 2466 2447 2536 ἡμῖν,
2504 2463 2747 2523 Ἰάκωϐος
2799 2467 2887 2535 μὲν
2938 2467 3027 2515 καὶ
3074 2464 3340 2528 Ἰωάννης,
3397 2461 3728 2519 καταλιπόντες
3773 2462 3836 2508 τόν

2300 2558 2498 2627 πατέρα
2547 2553 2713 2606 αὐτῶν
2762 2549 3096 2616 Ζεϐεδδαῐον,
3151 2557 3244 2603 καὶ
3295 2552 3425 2604 αύτό
3472 2553 3529 2603 τό
3566 2550 3738 2613 πλοῖον,
3767 2551 3832 2603 fit

2300 2649 2475 2695 πᾶσαν
2516 2641 2751 2716 ἀφορμὴν
2790 2649 2881 2693 τοῦ
2914 2640 3035 2714 βίου
3063 2662 3075 2674 ·
3117 2642 3389 2702 Ματθαῖος
3421 2637 3479 2693 δὲ
3509 2639 3591 2692 ἀπ’
3620 2639 3752 2690 αὑτοῦ
3768 2641 3832 2687 τοῦ

2300 2732 2534 2784 τελωνίου
2594 2730 2842 2795 ἀναστὰς,
2888 2734 2973 2781 καὶ
3030 2728 3399 2792 ἀκολουθήσας
3452 2738 3522 2800 τῷ
3581 2731 3747 2799 Κυρίῳ.
3791 2722 3834 2773 οὗ

2300 2822 2365 2871 τὰ
2410 2816 2572 2892 κέρδη
2614 2838 2767 2892 μονον
2814 2822 2879 2871 τὰ
2918 2817 2965 2869 ἐν
3019 2826 3090 2890 τῷ
3137 2818 3363 2889 τελωνίω
3405 2817 3699 2885 καταλιπὼν,
3741 2811 3833 2865 ἀλλὰ

2299 2914 2389 2961 καὶ
2446 2918 2541 2961 τῶν
2594 2905 2847 2961 κινδύνων
2904 2904 3184 2983 ὑπεριδὼν,
3247 2909 3296 2961 οἳ
3351 2906 3690 2961 ἐπακολουθεῖν
3734 2901 3837 2973 ἔμελ.-

2296 2997 2381 3051 λον
2435 2997 2574 3068 αὐτῷ
2625 3017 2679 3049 τε
2729 3002 2818 3049 καὶ
2872 3005 2981 3058 τοῖς
3032 2997 3244 3059 οἰκείοις
3296 3000 3441 3070 παρὰ
3490 3005 3578 3058 τῆς
3632 2994 3833 3057 ἐξουσίας,

2299 3086 2489 3148 ἀτελεῖς
2542 3090 2658 3147 τοὺς
2710 3085 2892 3158 λόγους
2948 3093 3041 3137 τοῦ
3106 3085 3350 3138 τελωνίου
3412 3084 3829 3155 καταλιμπάνοντι·

538 3168 663 3241 ipse
694 3172 942 3227 mundo.
973 3174 1051 3245 (4)
1082 3176 1231 3231 Cum
1254 3177 1414 3232 enim
1454 3177 1686 3249 pietatis
1718 3194 1889 3233 amor
1918 3179 2186 3235 animam

2298 3175 2483 3247 Παύλῳ
2546 3171 2603 3227 δὲ
2668 3179 2756 3227 καὶ
2822 3176 2847 3226 ό
2916 3177 3127 3247 σύμπας
3178 3179 3380 3248 κόσμος
3434 3173 3717 3248 ἕσταύρωτο,
3764 3170 3830 3218 καὶ

542 3263 816 3329 occupat,
847 3266 971 3315 tum
998 3262 1129 3333 ipsa
1154 3280 1332 3320 omne
1360 3281 1704 3336 pugnarum
1728 3282 1919 3336 genus
1946 3267 2148 3322 irridet
2172 3286 2185 3335 ;

543 3351 721 3417 atque
754 3349 985 3404 etiamsi
1013 3366 1223 3407 omnes
1248 3354 1413 3410 illam
1444 3355 1528 3410 rei
1559 3355 1855 3410 adamataa
1887 3371 2074 3411 causa
2101 3356 2188 3427 ja-

544 3434 691 3487 culis
733 3434 941 3506 figant,
989 3438 1283 3495 delectant
1336 3444 1529 3511 magis
1575 3460 1763 3515 quam
1822 3444 2187 3499 excruciant.

545 3525 623 3595 (5)
653 3527 799 3580 Nam
827 3526 872 3580 si
900 3543 1041 3597 erga
1071 3545 1171 3583 eos
1193 3531 1297 3602 qui
1327 3531 1400 3587 de
1422 3532 1599 3588 nobis
1628 3533 1779 3588 bene
1808 3534 1998 3588 meriti
2029 3538 2188 3603 sunt,

544 3613 1023 3673 benevolentiam
1061 3634 1451 3693 amoremque
1499 3623 1829 3678 naturalem
1870 3622 2189 3688 habemus,

544 3704 899 3777 nullumque
942 3724 1063 3764 non
1122 3710 1396 3765 subimus
1444 3711 1731 3780 laborem,
1785 3716 1851 3769 ut
1899 3712 2194 3769 beneficia

544 3794 709 3864 prius
732 3795 787 3850 in
814 3812 923 3851 nos
946 3799 1158 3855 collata
1180 3816 1655 3866 remuneremur;
1684 3803 1967 3874 quisnam
1992 3817 2191 3857 sermo

543 3884 645 3939 Dei
676 3884 837 3941 dona
866 3903 975 3958 pro
1016 3889 1224 3945 merito
1251 3890 1547 3961 explicare
1574 3891 1810 3961 possit?
1848 3894 2033 3946 Tanta
2061 3891 2191 3962 qui-

542 3971 679 4028 dem
712 3980 799 4029 est
827 3975 1044 4029 horum
1077 3977 1414 4043 multitudo,
1455 3983 1519 4033 ut
1548 3979 1726 4034 etiam
1758 3995 2081 4035 numerum
2112 3978 2189 4033 ef-

542 4060 808 4129 fugiant:
857 4063 996 4117 item
1038 4065 1448 4131 magnitudine
1482 4071 1643 4122 tanta
1674 4072 1813 4122 sunt
1840 4072 1896 4123 et
1934 4068 2096 4133 talia,
2127 4071 2193 4123 ut

542 4148 633 4203 vel
661 4149 896 4205 unicum
930 4150 1070 4205 satis
1098 4152 1173 4207 ad
1198 4153 1255 4206 id
1276 4154 1369 4219 sit,
1398 4158 1459 4208 ut
1480 4155 1896 4210 omnimodam
1926 4156 2193 4225 largitori

544 4238 797 4307 gratiam
824 4239 1149 4309 rependere
1182 4239 1532 4296 debeamus.
1566 4244 1641 4311 (6)
1683 4246 1779 4298 Est
1810 4250 2010 4298 autem
2038 4245 2191 4301 adeo

540 4326 761 4394 bonus,
795 4332 859 4383 ut
897 4343 1091 4399 neque
1122 4330 1661 4386 remunerationem
1698 4331 1915 4402 exigat,
1958 4332 2063 4387 sed
2102 4338 2195 4389 sat

542 4416 744 4488 habet,
799 4418 848 4473 si
884 4417 1079 4473 solum
1138 4434 1246 4489 pro
1300 4420 1369 4474 iis
1422 4436 1558 4492 quae
1617 4420 1837 4485 tribuit,
1887 4421 2187 4491 diligatur.

2296 3265 2448 3326 αὐτὸς
2495 3274 2567 3335 τῷ
2605 3269 2809 3336 κόσμῳ.
2847 3263 3008 3315 Ὀταν
3051 3266 3153 3336 γὰρ
3194 3272 3293 3326 τῆς
3351 3262 3599 3322 εὐσεϐείας
3629 3264 3733 3334 ἔρως
3765 3259 3833 3312 τὴν

2296 3355 2481 3426 ψυχὴν
2534 3357 2911 3429 προκατάσχη,
2962 3353 3097 3405 ἁπαν
3151 3352 3285 3425 αὐτῇ
3340 3353 3565 3426 πολέμων
3596 3346 3831 3420 καταγῦα-

2301 3463 2418 3495 στον
2468 3440 2643 3504 εἶδος·
2699 3442 2791 3494 κᾶν
2836 3445 3016 3504 πάντες
3067 3441 3224 3500 αὐτὴν
3274 3445 3402 3514 ὑπὲρ
3448 3448 3537 3494 τοῦ
3572 3440 3829 3508 ποθουμένου

2297 3532 2565 3600 τοξεύωσι,
2622 3534 2871 3604 τέρπουσι
2925 3530 3115 3603 μᾶλλον
3177 3535 3205 3589 ἧ
3269 3532 3601 3589 πλήττουσιν.
3660 3526 3713 3581 Εἰ
3759 3523 3829 3593 γὰρ

2302 3617 2393 3671 διὰ
2441 3625 2533 3677 τὴν
2582 3621 2711 3691 πρὸς
2761 3624 2880 3678 τοὺς
2928 3620 3193 3691 εὐεργέτας
3233 3622 3433 3672 εὔνοιαν
3470 3619 3639 3669 καὶτὸ
3674 3613 3830 3685 φῦντρον

2302 3718 2529 3782 φυσικῶς
2580 3711 2885 3781 αἱρούμεθα,
2927 3714 3014 3761 καὶ
3059 3710 3229 3760 πάντα
3282 3714 3436 3761 πόνον
3487 3708 3555 3767 εἰς
3602 3695 3830 3757 ἀνταπόδοο

2302 3819 2381 3851 σιν
2456 3809 2552 3851 τῶν
2628 3803 3042 3871 προσγενομένων
3117 3801 3243 3870 ἡμῖν
3319 3798 3485 3851 καλῶν
3556 3798 3829 3867 ύπομένομελ.

2299 3893 2376 3948 τίς
2405 3888 2553 3960 λόγος
2591 3888 2749 3951 ἀξίως
2788 3886 3056 3961 ἐφικέσθαι
3099 3895 3198 3939 τῶν
3250 3883 3456 3962 δωρεῶν
3503 3892 3588 3937 τοῦ
3627 3880 3738 3935 Θεοῦ
3766 3873 3828 3928 δύ-

2299 3960 2497 4043 νατάί;
2568 3978 2630 4029 Αἱ
2682 3985 2939 4029 τοσαῦται
2995 3980 3085 4049 μὲν
3139 3976 3243 4028 εἰσὶ
3295 3980 3354 4028 τὸ
3410 3976 3617 4040 πλῆθος,
3671 3974 3723 4030 ὡς
3766 3969 3829 4016 καί

2302 4068 2521 4142 ἀριθμόν
2572 4063 2868 4136 διαφεύγειν
2899 4086 2911 4098 ο
2976 4064 3290 4123 τηλικαῦται
3342 4061 3401 4117 δὲ
3457 4068 3512 4115 τὸ
3558 4061 3739 4135 μέγεθος
3766 4058 3829 4105 καὶ

2298 4164 2558 4223 τοιαῦται,
2608 4158 2741 4207 ὥστε
2784 4154 3011 4228 ἐξαρκεῖν
3062 4158 3153 4205 καὶ
3190 4159 3314 4226 μίαν
3352 4155 3625 4211 ύπευθύους
3652 4151 3829 4220 ἡμᾶςεις

2299 4254 2471 4299 πᾶσαν
2510 4248 2671 4321 χάριν
2710 4252 2781 4315 τῷ
2823 4240 3077 4296 δεδωκότι
3114 4252 3362 4301 ποιῆσαι,
3395 4244 3452 4295 Ὀ
3483 4239 3533 4295 δ’
3561 4241 3703 4297 οὕτως
3729 4250 3828 4284 εστιν

2300 4335 2516 4408 ἀγαθός,
2566 4337 2700 4386 ὥστε
2748 4337 2863 4385 οὔτε
2907 4329 3177 4384 ἀντίδοσιν
3232 4330 3460 4398 ἀπαιτεῖ,
3503 4329 3606 4382 ἀλλ’
3651 4324 3828 4398 ἀρκεῖται

2300 4430 2451 4498 μόνον
2529 4424 2864 4495 ἀγαπώμενος
2942 4421 3015 4493 ἐφ’
3082 4418 3158 4483 οἷς
3222 4418 3433 4477 ἔδωκεν.
3498 4420 3587 4470 Ὧν
3648 4413 3827 4465 ἁπάντων

545 4508 683 4574 Quae
710 4507 915 4563 omnia
956 4507 1056 4561 ubi
1088 4513 1285 4564 mente
1318 4510 1513 4565 recolo
1546 4514 1632 4575 (ut
1670 4526 1875 4567 meum
1907 4511 2187 4568 affectum

2305 4517 2423 4567 ὅταν
2469 4514 2534 4573 εἰς
2583 4515 2773 4564 ἔννοιαν
2836 4510 2963 4563 ἔλθω
3015 4512 3121 4579 (ἵνα
3175 4514 3233 4561 τὸ
3293 4508 3409 4581 ἐμόν
3456 4509 3611 4565 πάθος
3651 4494 3826 4565 ἐξείπυ)ν

544 4595 848 4668 prodam),
909 4598 968 4651 in
1021 4597 1331 4653 horrorem
1383 4598 1707 4669 quemdam
1758 4604 1814 4655 et
1869 4599 2194 4656 terriﬁcum

545 4689 851 4755 stuporem
873 4686 1093 4749 incido,
1110 4687 1433 4758 nequando
1450 4687 1528 4742 ob
1543 4688 1727 4743 animi
1750 4689 2196 4745 inconsideran-

546 4774 710 4843 tiam,
745 4783 847 4830 aut
888 4780 1131 4847 propter
1160 4791 1359 4831 meam
1388 4777 1545 4832 circa
1575 4793 1667 4832 res
1703 4794 1896 4835 vanas
1936 4794 2194 4849 occupa-

544 4863 768 4920 tionem
800 4879 836 4919 a
872 4864 971 4918 Dei
1007 4863 1321 4921 dilectione
1359 4866 1659 4932 excideris,
1692 4866 1927 4924 Christo
1956 4868 2066 4923 sim
2097 4866 2197 4923 de-

539 4952 740 5008 decori
782 4968 851 5009 ac
896 4951 1243 5023 opprobrio.
1289 4954 1364 5025 (7)
1412 4955 1631 5009 Probro
1684 4956 1843 5011 rnim
1864 4960 2049 5012 vertet
2093 4960 2198 5013 Do-

536 5043 702 5100 mino
737 5047 1151 5115 contemptum
1197 5051 1473 5102 nostrum
1506 5045 1805 5111 diabolus,
1843 5060 1913 5101 ac
1947 5045 2020 5101 de
2060 5061 2199 5102 con-

614 5216 655 5249 ³⁷
702 5216 838 5270 Luc.
872 5230 994 5280 xxv,
1022 5217 1112 5270 26.

622 5360 695 5427 (1)
737 5359 818 5412 Ex
845 5357 1087 5427 Regalis
1111 5356 1306 5425 fusius
1337 5358 1633 5413 tractatis.
1666 5359 1787 5412 342.

626 5434 703 5496 (2)
742 5427 916 5497 lbid.,
950 5429 1073 5483 349.

624 5504 704 5570 (3)
744 5499 919 5565 1bid.,
948 5502 1070 5556 349.

632 5571 707 5640 (4)
751 5572 830 5625 Ex
859 5570 1024 5625 hom.
1062 5572 1136 5628 De
1154 5570 1209 5627 S.
1237 5570 1684 5635 Barlaam,139.

633 5646 706 5711 (5)
743 5644 825 5698 Ex
853 5643 1089 5713 Reguli:
1113 5642 1307 5714 fusius
1337 5643 1631 5710 tractatis,
1664 5642 1786 5697 338.

2307 4604 2371 4663 είς
2430 4608 2616 4673 φρίκην
2672 4604 2788 4653 τινὰ
2842 4606 2931 4651 καὶ
2985 4601 3230 4651 ἔκστασιν
3288 4598 3502 4670 φοϐερὰν
3558 4593 3825 4649 καταπίπτει»,

2304 4698 2371 4763 μή
2416 4710 2537 4743 ποτε
2586 4690 2635 4752 ἐξ
2682 4689 2994 4765 ἀπροσεξίας
3030 4696 3121 4740 τοῦ
3170 4696 3279 4756 νοῦ,
3321 4691 3350 4746 ἦ
3401 4694 3490 4747 τῆς
3528 4686 3645 4758 πρὸς
3678 4698 3731 4729 τα
3758 4692 3827 4745 μα·

2302 4800 2425 4831 ταια
2471 4778 2751 4851 ἀσχολίας,
2800 4786 2895 4838 τῆς
2939 4777 3145 4849 ἀγάπης
3189 4785 3279 4829 τοῦ
3320 4782 3444 4829 Θεοῦ
3484 4775 3704 4836 ἐκπεσὼν,
3739 4768 3825 4814 ὄνει-

2306 4864 2397 4928 ὃος
2435 4873 2663 4940 γένωμαι
2710 4874 2782 4936 τῷ
2834 4875 3064 4938 Χριστῷ.
3115 4866 3203 4927 Εἰς
3250 4861 3541 4936 ὀνειδισμὸν
3589 4860 3676 4929 γὰρ
3708 4865 3825 4947 ﬁgo?“

2306 4963 2437 5010 οίσει
2485 4964 2556 5027 τῷ
2612 4961 2786 5030 Κυρίῳ
2839 4960 2933 5014 τὴν
2976 4958 3228 5030 ἡμετέραν
3271 4957 3635 5026 καταφρόνησιν
3671 4944 3693 4994 ὁ
3732 4936 3824 4991 δια-

2307 5045 2468 5113 ϐολος,
2519 5051 2608 5097 καὶ
2665 5044 3058 5116 ἐγκαυχήσεται
3114 5052 3176 5115 τῇ
3224 5043 3456 5112 ἀπειθείᾳ
3497 5041 3659 5110 ἡμῶν
3702 5032 3745 5087 ὃς
3783 5039 3825 5093 7⁸

2382 5360 2462 5447 ςρ)
2500 5356 2677 5447 vis!»
2708 5359 2829 5412 33°-

2500 5428 2721 5560 Ἒὲιᾱέῆς
2754 5494 3051 5560 διηνεκοῦς.
3096 5494 3422 5569 Ρταιροεὶίὶο
3460 5486 3641 5547 addita
3672 5492 3731 5535 ex
3754 5485 3824 5529 οοο

2318 5570 2445 5627 dice
2473 5571 2675 5640 Regio.
