4068 6220
246 360 384 423 ιιιο

1422 366 1647 425 8εῆΜο
1677 367 1768 424 III.
1799 399 1866 410 --
1897 370 1987 426 DE
2018 370 2430 429 CHABITATE.

3467 378 3602 434 “50

244 497 363 544 οὔτε
425 494 613 551 κτίσας
674 484 834 563 ἡμᾶς,
868 493 985 542 οὔτε
1041 482 1310 542 ἀποθανὼν
1357 493 1485 566 ὑπὲρ
1535 494 1699 565 ἡμῶν,
1734 492 1843 545 ἀλλ’

1958 495 2223 552 tumacia
2247 500 2303 552 et
2354 496 2429 553 de
2476 496 2806 561 defectione
2836 501 3042 555 nostra
3069 498 3423 569 gloriabitur
3452 516 3465 555 :
3498 500 3602 573 qui

243 584 385 652 ὅμως
435 582 592 651 ἔσχεν
640 580 781 648 ἡμᾶς
844 578 1255 640 ἀκολουθοῦντας
1304 579 1443 650 αὐτῷ
1493 579 1540 632 ἐν
1584 590 1646 654 τῇ
1692 579 1843 633 ἀπει-

246 670 381 740 θείᾳ,
448 672 539 719 καὶ
591 665 639 719 ἓν
688 674 748 739 τῇ
816 666 1028 739 ἀμελείᾳ
1086 676 1185 719 τῶν
1261 666 1471 720 ἐντολῶν
1536 677 1627 721 τοῦ
1695 675 1845 726 Θεοῦ.

240 764 411 812 Τοῦτο
468 760 527 809 τὸ
578 754 798 827 ὄνειδος,
858 761 915 810 76
956 761 1089 810 κατὰ
1142 765 1234 810 τοῦ
1289 763 1505 831 Κυρίου,
1558 758 1845 835 βαρύτερόν

241 866 335 919 μοι
380 855 479 899 τῶν
518 845 569 899 ἄν
598 855 658 905 τῆ
714 851 887 920 γεέννῃ
946 846 1205 898 κολάσεων
1251 852 1504 919 φαίνεται,
1540 858 1613 919 τῷ
1668 848 1844 922 ἐχθρῷ

239 944 336 989 τοῦ
381 943 619 1008 Χριστοῦ
673 936 799 994 ὕλην
828 938 1067 1007 γενέσθαι
1106 941 1457 1009 καυχήματος
1486 942 1575 990 καὶ
1608 937 1845 1012 ἀφορμὴν

242 1022 509 1099 ἔπαρσεως
576 1027 710 1078 κατὰ
770 1032 861 1078 τοῦ
926 1026 1052 1097 ὑπερ
1106 1026 1252 1097 ἡμων

246 1112 577 1175 ἀναστάντος.

1342 1023 1681 1087 ἀποθανόντος
1757 1033 1844 1080 καὶ

321 1399 377 1453 2.
422 1402 521 1451 Καὶ
574 1400 673 1470 γὰρ
730 1400 921 1470 Κύριον
969 1402 1054 1451 τὸν
1106 1402 1233 1451 Θεὸν
1273 1399 1477 1469 ἀγαπᾷν
1506 1396 1587 1451 δεῖ
1613 1402 1752 1471 πασῃ
1779 1406 1839 1471 τῇ

249 1485 621 1560 ἔνυπαρχούση
690 1489 816 1560 ἡμῖν
872 1490 1000 1562 πρὸς
1048 1492 1107 1540 τὸ
1164 1490 1370 1559 ἀγαπᾷν
1448 1485 1687 1561 δυνάμει,
1755 1494 1846 1540 καὶ

246 1573 453 1646 ἀγαπᾷν
510 1580 599 1628 καὶ
655 1580 743 1628 τὸν
795 1576 1039 1646 πλησίον,
1070 1582 1160 1629 καὶ
1218 1576 1424 1648 ἀγαπᾷν
1465 1582 1552 1629 καὶ
1599 1582 1716 1638 τοὺς
1755 1577 1844 1649 ἐχ-

247 1665 422 1739 υροὺς,
450 1667 532 1717 ἵνα
562 1667 697 1738 ὦμεν
754 1666 955 1735 τέλειοι,
992 1670 1304 1740 μιμούμενοι
1354 1672 1449 1726 τὴν
1497 1672 1847 1743 χρηστότητα

244 1758 342 1806 705
376 1753 426 1805 ἐν
464 1754 699 1829 οὐρανοῖς
747 1758 971 1830 Πατρός,
1004 1760 1091 1808 τὸν
1150 1757 1292 1814 ἣλιον
1341 1757 1500 1809 αὐτοῦ
1555 1755 1845 1809 ἀνατέλλον-

243 1863 334 1905 τος
372 1842 455 1897 ἐπὶ
514 1850 770 1920 πονηρους
802 1851 894 1897 καὶ
944 1844 1197 1917 ἂγαθοὺςο
1253 1847 1321 1908 εἰς
1371 1848 1501 1899 illa
1533 1844 1591 1900 δὲ
1628 1852 1721 1905 τὴν
1752 1855 1845 1899 τοῦ

243 1931 453 2003 ἀγαπᾷν
508 1930 731 2006 δύναμιν
796 1935 1200 2009 παραναλίσκειν
1289 1936 1346 1988 οὗ
1399 1942 1835 2009 συγκεχώρηται.

235 2024 313 2075 Τὸ
351 2025 453 2095 γὰρ
505 2031 596 2083 τῆς
664 2021 868 2096 ἆγοίπης
930 2024 1105 2091 καλὸν,
1159 2026 1199 2076 εἰ
1252 2028 1342 2097 μὲν
1409 2024 1457 2077 ἐν
1511 2034 1583 2095 τῷ
1633 2028 1845 2097 ὀνόματι

237 2117 335 2170 τῆς
375 2108 585 2181 ἀγάπης
627 2112 1005 2186 περιγράφεται
1054 2117 1213 2185 μόνῳ,
1268 2114 1654 2184 καταγελαστόν
1709 2114 1841 2183 ἐστι,

235 2200 331 2250 τὸν
395 2195 540 2251 δεῖνα
592 2204 680 2252 καὶ
734 2204 819 2253 τὸν
880 2198 1026 2253 δεῖνα
1083 2200 1439 2275 ἐκλεγομένους
1480 2203 1575 2274 (Ι),
1644 2206 1843 2263 τούτοις

240 2292 422 2361 μονοις
477 2286 825 2361 μεταδιδόναι
880 2299 970 2342 του
1022 2289 1247 2361 ἀγαπᾷν,
1278 2290 1480 2366 ἐτέρους
1534 2288 1593 2344 δέ
1623 2298 1843 2366 μυρίους

242 2374 534 2428 ἀποκλείειν
571 2386 667 2439 τῆς
721 2382 847 2451 πρὸς
882 2381 943 2430 76
996 2379 1150 2430 καλὸν
1216 2386 1506 2441 κοινωνίας.
1574 2385 1633 2432 Ei
1685 2377 1743 2433 δὲ
1807 2382 1838 2437 ἦ

241 2467 371 2539 πρὸς
419 2470 541 2526 τοὺς
595 2464 881 2539 βλαϐεροὺς
942 2474 1219 2540 συμφωνία
1277 2466 1324 2519 ἐν
1370 2467 1843 2543 ἁγάπηςπροσχή-

244 2572 375 2626 ματι
421 2556 485 2607 τὰ
521 2562 620 2607 τῶν
676 2555 931 2627 πολεμίων
998 2561 1118 2617 τοὺς
1172 2554 1631 2631 προσδεχομένους
1696 2557 1843 2631 ἔργα·

246 2642 412 2710 ζεται,
461 2650 669 2695 σκοπεῖν
716 2643 978 2715 ὀφείλομεν
1043 2644 1119 2706 οἷς
1177 2645 1389 2707 ἑαυτοὺς
1472 2645 1838 2718 ἀναμίγνυμεν.

246 2731 313 2785 Εἰ
359 2735 457 2804 γὰρ
491 2733 516 2783 6
574 2734 843 2804 ἀγαπητὸς
891 2736 1009 2795 Υἱὸς
1041 2742 1133 2786 τοῦ
1168 2743 1305 2787 Θεοῦ
1348 2744 1599 2807 μισεῖται,
1630 2740 1681 2787 τί
1711 2740 1845 2808 μέγα

244 2820 291 2872 εἰ
335 2822 486 2892 ἡμεῖς
536 2829 628 2873 τοῦ
668 2827 855 2894 μίσους
899 2821 1183 2897 ἆξιοὺμεθα
1236 2826 1377 2898 παρά
1420 2823 1710 2896 ἀνθρώποις
1767 2826 1843 2886 οἷς

241 2913 544 2983 περισσεύει
573 2914 631 2962 τό
658 2920 837 2983 κτῆμα
864 2919 956 2963 τοῦ
1010 2917 1238 2984 μίσους;
1294 2913 1429 2971 Πλὴν
1470 2917 1587 2966 οὔτε
1642 2911 1844 2965 οἰκοδο-

242 3001 347 3069 μὴν
405 3007 687 3068 συστῆναι,
751 2997 1058 3073 συνδέσμων
1139 3004 1532 3075 ὑφαιρεθέντων,
1597 3000 1840 3067 δυνατὸν,

242 3090 362 3139 οὔτε
392 3087 710 3146 Ἐκκλησίαν
755 3095 821 3151 εὶς
859 3090 987 3161 ὕψος
1036 3091 1349 3162 αὐξηθῆναι,
1398 3097 1467 3164 μὴ
1532 3088 1827 3163 συνδεδεμέ-

242 3197 335 3234 νην
361 3186 433 3247 τῷ
469 3174 748 3250 συνδέσμῳ
800 3188 897 3239 τῆς
957 3180 1165 3253 εἰρήνης
1210 3186 1418 3243 καὶτῆς
1478 3180 1702 3252 ἀγάπης.
1742 3186 1840 3235 Καὶ
1870 3186 1910 3242 Ο

240 3268 346 3339 γὰρ
372 3262 523 3318 οὐδὲν
553 3267 709 3327 οὕτως
767 3264 905 3319 ἴδιον
951 3277 1046 3329 τῆς
1090 3274 1291 3341 φύσεως
1346 3272 1513 3342 ἡμῶν,
1547 3274 1609 3330 ὡς
1644 3275 1700 3322 τὸ
1730 3290 1841 3321 κοι-

244 3363 417 3407 νωνεῖν
476 3353 733 3421 ἀλλήλοις,
784 3361 874 3409 καὶ
917 3357 1140 3429 χρήξειν
1191 3357 1429 3429 ἀλλήλων,
1482 3364 1570 3410 καὶ
1636 3357 1842 3429 ἀγαπᾷν

249 3446 307 3496 76
373 3443 652 3517 ὁμόφυλον.
714 3446 870 3498 Πλέον
932 3450 1033 3517 γὰρ
1098 3450 1248 3518 ἡμεῖς
1314 3456 1407 3508 τῆς
1451 3448 1557 3509 ἐνὸς
1623 3447 1843 3500 ἑκάστου

253 3540 355 3582 τῶν
402 3529 627 3604 ἀδελφῶν
693 3534 995 3609 ἐπικουρίας
1051 3532 1294 3607 δεόμεθα,
1359 3538 1387 3594 ἦ
1451 3538 1569 3588 ὅσον
1616 3539 1643 3594 ἡ
1702 3536 1845 3611 ἑτέρα

249 3628 351 3671 τῶν
396 3629 590 3696 χειρῶν
640 3630 734 3683 τῆς
790 3622 983 3696 ἑτέρας.
1014 3623 1175 3675 Ὀταν
1204 3628 1302 3696 γὰρ
1350 3628 1473 3698 πρὸς
1507 3626 1640 3676 αὐτὰ
1665 3624 1844 3678 ἀπίδω

248 3712 315 3760 τὰ
375 3710 498 3781 μελη
540 3712 705 3783 ἡμῶν,
766 3714 846 3763 ὅτι
886 3711 933 3764 ἓν
984 3710 1109 3765 οὐδὲ
1172 3713 1337 3784 ἑαυτῷ
1404 3718 1532 3787 πρὸς
1593 3713 1844 3787 ἐνέργειαν

248 3802 519 3873 αὔταρκες,
576 3812 685 3861 πως
751 3800 972 3872 ἐμαυτὸν
1046 3802 1326 3875 λογίσομαι
1392 3804 1618 3878 ἐξαρκεῖν
1682 3804 1845 3874 ἐαυτῷ

245 3891 379 3962 πρὸς
424 3892 490 3939 τὰ
541 3896 633 3940 τοῦ
705 3889 823 3941 ϐίου
891 3909 1224 3963 πραγματα;
1290 3897 1423 3944 Οὔτε
1481 3896 1580 3966 γὰρ
1608 3892 1667 3943 ἂν
1717 3900 1844 3953 ποῦς

246 3975 492 4046 ἀσφαλῶς
541 3974 804 4049 βαδίσειε,
874 3984 944 4051 μὴ
1008 3982 1550 4055 συνυποστηρίζοντος
1600 3988 1691 4033 τοῦ
1744 3980 1844 4033 ἑτέ·

244 4082 362 4134 ρου’
415 4070 530 4117 οὔτε
588 4065 847 4139 ὀφθαλμὸς
904 4070 1065 4139 ὑγιῶς
1119 4066 1251 4133 ἷδοι,
1308 4075 1375 4142 μή
1414 4072 1653 4121 κοινωνὸν
1710 4073 1844 4141 ἔχων

244 4157 336 4205 τόν
388 4156 576 4227 ἕτερον,
631 4161 719 4208 καὶ
772 4156 883 4228 μετ’
949 4158 1109 4209 αὑτοῦ
1169 4165 1454 4231 συμφώνως
1510 4158 1844 4231 προσϐάλλων

244 4252 359 4304 τοῖς
423 4246 647 4318 ὁρατοῖς.
722 4251 820 4298 Καὶ
883 4247 1009 4305 ἀκοὴ
1054 4246 1412 4324 ἀκριϐεστέρα,
1458 4251 1485 4306 ἡ
1543 4246 1615 4301 δι’
1658 4247 1844 4320 ἀμφοῖν

245 4338 355 4384 τοῖν
401 4337 581 4406 πὸροιν
645 4338 736 4393 τὴν
790 4340 958 4407 φωνὴν
1043 4333 1300 4408 δεχομένη
1338 4359 1351 4371 ο
1420 4342 1508 4389 καὶ
1575 4336 1846 4409 ἀντίληψις

245 4426 592 4496 κραταιοτέρα
652 4431 713 4495 τῇ
779 4431 1019 4497 κοινωνία
1064 4435 1163 4477 τῶν
1209 4423 1493 4481 δακτύλων,
1531 4432 1629 4479 Καὶ
1684 4426 1844 4489 ἀπαξ-

1957 598 2094 638 cum
2147 600 2257 639 nec
2309 587 2594 642 creaverit
2645 602 2779 653 nos,
2812 602 2920 642 nec
2965 602 3074 658 pro
3125 587 3302 643 nobis
3356 589 3604 647 subierit

1953 678 2232 743 mortem,
2266 680 2467 730 tamen
2512 691 2635 729 sure
2674 676 3092 744 contumaciae,
3127 692 3370 749 suaeque
3395 678 3456 733 in
3488 678 3601 734 ob-

1954 762 2270 817 servandis
2294 764 2394 819 Dei
2424 764 2725 819 mandatis
2751 763 3128 833 negligentiae
3170 766 3367 821 socios
3392 782 3504 821 nos
3532 781 3602 823 ac

1956 852 2204 907 comites
2260 851 2555 907 habuerit.
2586 852 2733 907 lllud
2785 854 2953 923 quod
3010 853 3264 909 Domino
3320 854 3605 911 inferetur

1953 939 2266 1011 probrum,
2299 946 2354 995 et
2402 940 2502 996 illa
2532 940 2861 997 adversarii
2887 941 3179 1010 jactantia
3209 942 3358 998 mihi
3382 943 3603 1016 suppli-

1955 1030 2063 1085 ciis
2118 1030 2408 1100 gehennae
2468 1030 2709 1100 gravior
2758 1029 3009 1093 videtur,
3041 1030 3204 1101 quod
3257 1031 3463 1087 Christi
3494 1032 3602 1088 ini-

1954 1118 2113 1173 mico
2133 1118 2515 1190 praebeamus
2547 1118 2882 1187 materiam,
2918 1117 3097 1190 484
3125 1118 3417 1174 adversus
3440 1135 3601 1187 eum,

1953 1207 2056 1277 qui
2087 1222 2195 1279 pro
2234 1207 2409 1262 nobis
2448 1212 2724 1263 mortuus
2767 1212 2855 1264 est
2883 1212 2939 1263 et
2968 1208 3305 1273 resurrexit,
3334 1206 3605 1278 jactandi

1954 1311 2019 1351 se
2051 1300 2109 1351 et
2135 1296 2444 1352 efferendi.

2025 1407 2075 1459 2.
2109 1405 2183 1473 (2)
2210 1406 2355 1459 Nam
2400 1404 2719 1459 Dominum
2756 1406 2941 1460 Deum
2974 1408 3210 1476 oportet
3259 1403 3502 1474 diligere
3534 1418 3607 1459 ea

1954 1496 2079 1548 tota
2103 1493 2337 1562 virtute,
2366 1509 2501 1565 quae
2534 1492 2708 1548 nobis
2736 1493 2886 1548 inest
2917 1493 2995 1549 ad
3022 1493 3395 1563 diligendum
3431 1512 3443 1549 :
3478 1492 3607 1548 dili-

1956 1580 2188 1651 gendus
2244 1581 2491 1653 insuper
2531 1581 2842 1653 proximus
2875 1600 2887 1636 :
2947 1587 3084 1637 sunt
3113 1597 3356 1654 quoque
3386 1585 3443 1636 et
3499 1579 3604 1635 ini-

1957 1670 2094 1725 mici
2120 1669 2426 1739 diligendi,
2455 1674 2518 1726 ut
2549 1670 2735 1725 simus
2786 1670 3050 1742 perfecti,
3085 1670 3451 1726 inimitantes
3495 1668 3571 1725 be

1955 1759 2305 1828 nignitatem
2337 1759 2517 1814 Patris
2544 1760 2747 1829 nostri,
2778 1760 2881 1831 qui
2912 1760 2971 1814 in
3018 1758 3181 1815 caelis
3206 1764 3296 1814 est
3330 1776 3342 1813 :
3372 1759 3474 1830 qui
3504 1773 3602 1813 so-

1888 1841 1925 1895 Β
1954 1848 2071 1903 lem
2096 1865 2269 1902 suum
2294 1848 2433 1902 oriri
2458 1847 2593 1903 facit
2616 1864 2797 1920 super
2821 1848 3016 1903 bonos
3039 1852 3093 1903 et
3121 1848 3398 1903 malos”.
3423 1851 3603 1903 Porro

1953 1938 2123 1993 nefas
2176 1943 2264 1992 est
2314 1937 2372 1992 in
2428 1937 2544 1993 alia
2589 1954 2906 2009 perperam
2939 1953 3292 1993 consumere
3321 1937 3442 1993 vim
3475 1936 3604 1992 dili-

1956 2027 2157 2095 gendi.
2192 2031 2268 2094 (3)
2303 2027 2357 2082 Si
2389 2026 2694 2081 charitatis
2731 2026 2959 2082 bonum
2993 2026 3123 2081 solo
3154 2026 3460 2082 charitetis
3498 2041 3603 2081 no-

1954 2116 2113 2171 mine
2145 2116 2676 2183 circumscribitur,
2706 2115 3025 2171 ridiculum
3054 2122 3143 2171 est
3166 2116 3326 2171 hunc
3352 2121 3408 2171 et
3434 2114 3602 2171 illum

1954 2204 2260 2274 eligentes,
2286 2204 2355 2259 iis
2384 2204 2525 2259 solis
2559 2204 2907 2259 charitatem
2933 2204 3254 2276 impertire,
3287 2203 3436 2259 alios
3458 2218 3601 2259 vero

1952 2292 2424 2350 innumerabiles
2464 2292 2542 2348 ab
2568 2292 2723 2348 illius
2756 2292 2899 2348 boni
2927 2292 3471 2348 communicatione
3504 2308 3601 2347 ex-

1953 2383 2211 2439 cludere.
2266 2382 2379 2439 Sed
2426 2382 2471 2437 si
2523 2400 2657 2437 cum
2690 2382 3045 2454 perniciosis
3074 2382 3423 2436 hominibus
3466 2396 3603 2437 con-

1956 2472 2157 2527 sensio
2188 2472 2281 2539 iis,
2316 2487 2351 2526 a
2389 2470 2611 2542 quibus
2665 2471 3010 2543 suscipitur,
3046 2470 3159 2526 sub
3190 2470 3354 2543 pacis
3404 2470 3603 2542 specie

1953 2561 2248 2617 damnum
2275 2560 2451 2615 infert
2472 2560 2713 2625 hostile;
2744 2561 3123 2616 considerare
3150 2559 3444 2615 debemus
3469 2559 3604 2630 qui-

1952 2666 2094 2706 nam
2126 2650 2242 2705 sint
2287 2648 2326 2703 ii
2370 2649 2591 2721 quibus
2624 2664 2734 2704 nos
2786 2649 3210 2705 admiscemus.
3246 2650 3324 2718 (4)
3359 2649 3415 2704 Si
3445 2649 3605 2704 enim

1953 2740 2203 2795 dilectus
2237 2739 2333 2794 Dei
2380 2739 2560 2794 Filius
2611 2739 2749 2795 odio
2782 2740 3058 2809 habetur,
3106 2740 3252 2810 quid
3282 2740 3503 2794 mirum
3558 2740 3608 2793 si

1952 2845 2064 2885 nos
2084 2829 2434 2885 hominibus
2465 2829 2658 2883 odiosi
2684 2846 2894 2884 sumus
2918 2828 2987 2895 ‘9,
3009 2830 3069 2883 in
3096 2828 3315 2900 quibus
3339 2828 3607 2898 profecto

1953 2918 2161 2974 odium
2191 2918 2550 2989 exsuperat?
2582 2919 2866 2973 Cteterum
2895 2932 3090 2989 neque
3122 2916 3441 2971 aedificium
3469 2931 3607 2972 con-

1956 3007 2163 3063 sistere
2213 3005 2425 3061 ablatis
2484 3005 2971 3075 colligationibus
3018 3008 3234 3076 potest,
3268 3019 3463 3074 neque
3502 3005 3606 3059 Ec-

1956 3095 2137 3151 clesia
2192 3095 2501 3166 adaugeri,
2561 3094 2675 3150 nisi
2743 3094 2907 3166 pacis
2963 3094 3309 3165 amorisque
3366 3092 3604 3148 vinculo

1955 3185 2127 3241 fuerit
2180 3184 2478 3253 colligata.
2534 3184 2758 3239 Etenim
2811 3182 2956 3238 nihil
2987 3187 3073 3238 est
3128 3188 3353 3237 naturae
3386 3182 3603 3236 nostrae

1955 3273 2108 3329 adeo
2130 3273 2463 3345 proprium,
2492 3277 2555 3327 ut
2586 3277 2795 3327 mutuo
2816 3272 2968 3326 inter
2989 3288 3099 3327 nos
3133 3270 3601 3339 communicare,

1955 3368 2287 3433 mutuoque
2318 3362 2607 3430 indigere,
2642 3367 2822 3433 atque
2854 3361 3124 3431 ejusdem
3158 3360 3390 3429 generis
3415 3359 3605 3414 homi-

1952 3466 2059 3507 nes
2112 3450 2419 3506 adamare.
2452 3450 2522 3520 εὖ)
2557 3451 2738 3513 Magis
2773 3451 2931 3505 enim
2964 3465 3076 3503 nos
3125 3450 3604 3519 uniuscujusque

1953 3540 2201 3595 fratrum
2258 3537 2479 3594 auxilio
2536 3538 3110 3610 indigemus,quam
3170 3555 3388 3594 manus
3421 3537 3605 3592 altera

1955 3628 2193 3683 alterius
2220 3644 2352 3699 ope.
2391 3630 2461 3698 (6)
2494 3629 2635 3682 Cum
2672 3628 2831 3683 enim
2859 3628 2986 3683 haec
3027 3628 3159 3699 ipsa
3184 3632 3389 3681 nostra
3421 3640 3603 3680 mem~

1953 3716 2062 3772 bra
2094 3716 2432 3782 considero,
2462 3731 2722 3787 quorum
2768 3716 2998 3771 nullum
3033 3716 3144 3771 sibi
3175 3715 3286 3787 ipsi
3318 3714 3391 3768 ad
3426 3727 3603 3781 agen-

1954 3806 2099 3859 dum
2159 3805 2301 3859 satis
2358 3809 2465 3863 est.
2499 3806 2812 3875 quomodo
2866 3804 3011 3859 mihi
3069 3804 3193 3875 ipse
3250 3800 3499 3856 videbor
3526 3799 3604 3854 ad

1952 3893 2087 3947 vitae
2134 3893 2378 3961 negotia
2420 3891 2736 3947 sufﬁcere?
2762 3894 2960 3964 Neque
2991 3891 3151 3945 enim
3183 3905 3287 3961 pes
3318 3893 3442 3944 tuto
3474 3903 3605 3956 gra-

1954 3981 2172 4048 diatur,
2230 3996 2352 4035 nou
2406 3979 2780 4034 suffulciente
2837 3980 3063 4034 altero:
3147 3994 3341 4049 neque
3392 3976 3607 4031 oculus

1954 4076 2109 4126 recte
2166 4068 2384 4133 videat,
2419 4084 2541 4123 non
2600 4068 2833 4123 habens
2884 4068 3135 4123 alterum
3165 4068 3526 4129 consortem,
3552 4070 3608 4120 et

1954 4175 2091 4214 cum
2114 4174 2184 4214 eo
2230 4156 2523 4213 socialiter
2547 4156 2640 4212 his
2679 4173 2815 4228 quae
2846 4157 3143 4227 videntur,
3177 4155 3457 4211 intentus.
3484 4157 3605 4207 Au-

1954 4248 2111 4303 ditus
2141 4247 2493 4315 accuratior,
2522 4246 2623 4318 qui
2661 4262 2767 4319 per
2810 4252 3095 4318 utrosque
3125 4251 3359 4302 meatus
3393 4258 3605 4299 vocem

1955 4338 2222 4409 suscipit,
2248 4341 2305 4391 et
2328 4336 2531 4391 fortior
2553 4336 2954 4408 apprehensio
2975 4336 3300 4405 digitorum
3322 4334 3606 4401 conjunc-

1954 4428 2131 4484 tione.
2169 4428 2233 4482 Et
2260 4425 2319 4480 in
2352 4441 2617 4495 summa,
2652 4425 2799 4480 nihil
2841 4441 3037 4497 neque
3083 4439 3291 4478 eorum
3334 4437 3470 4492 quae
3500 4435 3605 4475 na-

250 4510 441 4579 απλῶς,
498 4509 648 4564 οὐδὲν
712 4516 829 4565 οὔτε
890 4522 991 4565 τῶν
1066 4513 1117 4565 ix
1176 4518 1392 4586 φύσεως,
1449 4519 1563 4567 οὔτε
1624 4523 1723 4567 τῶν
1791 4515 1843 4567 ἐκ

1955 4519 2109 4581 tura,
2134 4529 2329 4587 neque
2350 4531 2559 4570 eorum
2585 4531 2723 4586 quae
2756 4514 2939 4568 libera
2962 4512 3265 4565 voluntate
3293 4508 3607 4581 perﬁciun-

249 4604 595 4673 προαιρέσεως
684 4604 1102 4675 κατορθουμένων
1170 4604 1291 4675 ὁρῶ,
1360 4604 1476 4655 ἄνευ
1563 4612 1652 4664 τῆς
1744 4613 1844 4655 τῶν

248 4688 521 4760 ὁμοφύλων
590 4698 882 4762 συμπνοίας
964 4691 1389 4764 ἑπιτελούμενονο
1455 4695 1581 4743 ὅπου
1637 4713 1697 4763 γε
1752 4699 1842 4747 καὶ

246 4777 385 4833 αὐτὴ
442 4781 471 4835 ἡ
531 4785 829 4852 προσευχὴ,
863 4786 934 4853 μὴ
996 4784 1199 4852 ἔχουσα
1244 4784 1367 4841 τοὺς
1421 4789 1843 4853 συμφωνοῦντας,

245 4862 608 4939 ἆδρανεστέρα
660 4868 771 4921 ἐστὶ
821 4870 989 4939 πολλῷ
1038 4870 1240 4929 ἑαυτῆς,
1282 4872 1597 4921 Νουθετείτω
1658 4889 1714 4922 σε
1744 4880 1842 4923 τῶν

242 4951 563 5028 νυκτερίδων
618 4960 675 5007 76
731 4957 1055 5029 φιλάλληλον,
1089 4960 1145 5010 αἶ
1201 4960 1372 5031 ὥσπερ
1409 4960 1637 5031 ὁρμαθός
1692 4958 1842 5017 ἀλλήο

236 5044 346 5095 »λων
397 5045 627 5115 ἔχονται·
662 5050 748 5097 καὶ
791 5051 862 5118 μὴ
922 5051 980 5099 τό
1050 5045 1435 5119 ἀπεσχισμὲιον
1493 5052 1581 5099 καὶ
1636 5043 1841 5109 ἰδιάζον

318 5236 365 5272 ³⁸
410 5237 610 5295 Matth.
643 5251 700 5306 ν,
736 5240 930 5296 43-45.
1010 5241 1056 5274 ³⁹
1094 5241 1266 5299 Joan.
1298 5256 1398 5310 xv,
1426 5243 1513 5297 18.

238 5505 253 5517 ἢ
312 5434 397 5519 (1),
430 5433 841 5506 Ἐκλεγομένονς.
875 5435 966 5493 Sic
989 5440 1239 5509 uterque
1262 5437 1476 5495 codex.
1511 5436 1655 5494 Editi
1706 5435 1840 5489 ἐκλεο

240 5522 531 5575 λεγμενους.

312 5578 386 5658 (ξ)
428 5578 506 5658 ξι
539 5579 1127 5658 commentnipulsa”
1162 5580 1285 5635 410.

312 5579 366 5643 (2
429 5578 506 5631 Ex
539 5582 863 5633 comment.
892 5579 955 5633 in
986 5581 1000 5634 λ

312 5578 390 5721 (3i
428 5649 509 5704 Ex
530 5648 701 5724 epist.
725 5665 839 5718 cce,
874 5653 1000 5709 385.

1955 4609 2069 4659 tur.
2090 4604 2237 4658 citra
2266 4604 2775 4675 conspirationem
2804 4617 3011 4656 eorum
3043 4616 3177 4671 qua:
3205 4596 3475 4667 ejusdem
3507 4610 3608 4665 ge-

1952 4692 2112 4747 neris
2163 4697 2324 4751 sunt.
2358 4692 2562 4763 perﬁci
2594 4691 2797 4755 video;
2831 4706 2967 4743 cum
3023 4694 3079 4743 et
3109 4702 3316 4760 preces
3362 4686 3523 4756 ipsae,
3556 4684 3605 4739 si

1952 4780 2151 4835 desint
2186 4780 2289 4850 qui
2321 4780 2687 4849 conspirent,
2713 4778 2892 4845 longe
2923 4779 3037 4832 sint
3092 4777 3301 4848 seipsis
3349 4774 3603 4830 debilio-

1951 4884 2065 4923 res.
2092 4868 2168 4936 (7)
2195 4867 2531 4922 Admoneat
2552 4872 2607 4922 te
2636 4874 2882 4922 mutuus
2910 4865 3400 4938 vespertilionum
3433 4878 3606 4919 amor

1951 4956 2054 5028 qui
2086 4955 2407 5011 contextim
2442 4955 2591 5010 inter
2621 4971 2683 5009 se
2715 4955 3020 5011 cohierent
3052 4972 3063 5009 :
3098 4971 3294 5029 neque
3320 4952 3483 5026 quod
3516 4956 3606 5007 est

1952 5049 2297 5117 separatum
2352 5060 2422 5100 ac
2475 5042 2805 5114 singulare,
2839 5046 3223 5116 praestantius
3274 5059 3401 5099 esse
3449 5040 3601 5095 exis-

2023 5434 2100 5503 (4)
2140 5434 2397 5503 Uterque
2426 5429 2616 5486 codex
2649 5428 2875 5503 indicat
2894 5429 3065 5500 epist.

2020 5508 2093 5639 $5)
2134 5502 2409 5583 Ex'cpist.
2441 5519 2603 5566 xcvu,
2635 5502 2753 5557 190.

2045 5579 2100 5635 6)
2141 5573 2292 5628 Ibid.

2045 5579 2100 5635 6)
2141 5573 2292 5628 Ibid.

2020 5646 2099 5718 (7)
2142 5647 2223 5700 Ex
2243 5644 2408 5699 hom.
2436 5660 2525 5697 vui
2558 5644 2617 5699 in
2650 5642 2965 5709 Hexaem.,
3005 5644 3092 5697 77.
