4050 6220
552 332 686 400 “si

1504 322 1866 380 APPENDIX.
1891 319 2235 377 SYMEONIS
2263 317 2811 377 METAPHRASTE.

3722 329 3829 383 illi!

549 455 716 521 tima,
749 468 821 509 eo
871 448 1038 524 quod
1095 447 1439 504 societatem
1471 462 1609 502 cum
1653 446 1876 502 unitate
1913 443 2192 501 admittit.

2312 449 2403 494 τοῦ
2456 451 2757 498 κοινωνικοῦ
2813 447 2901 497 καὶ
2981 445 3240 520 ἡνωμένον
3309 447 3440 517 ἡγοῦ
3501 450 3829 521 προτιμότερον.

547 545 625 613 (1)
652 543 801 600 Nihil
833 542 992 598 enim
1027 555 1139 595 nos
1169 538 1246 595 ab
1276 538 1534 594 invicem
1566 540 1828 609 separat,
1867 535 1980 591 nisi
2012 533 2199 590 animi

550 633 864 704 proposito
893 629 1305 685 dissociemur.
1333 630 1494 683 Unus
1526 625 1701 682 nobis
1746 630 1834 681 est
1887 624 2195 688 Dominus,

553 735 672 776 una
727 719 878 775 ﬁdes
907 720 973 784 ‘0,
1004 733 1141 788 spes
1200 717 1432 773 eadem.
1493 717 1622 772 Sive
1679 718 1861 786 caput
1889 729 1996 768 vos
2035 713 2200 784 ipsos

551 809 926 877 existimatis,
954 824 1077 864 non
1106 812 1303 878 potest
1327 811 1508 878 caput
1535 805 1731 861 dicere
1753 805 2040 877 pedibus:
2072 807 2197 859 Non

551 903 640 954 est
670 898 816 954 mihi
847 913 1001 969 opus
1032 897 1202 952 vobis
1221 897 1289 950 ‘1.
1326 896 1457 952 Sive
1485 910 1594 950 vos
1622 894 1684 950 in
1715 894 1833 950 alio
1878 893 2086 949 ordine
2112 908 2198 948 re-

549 986 794 1061 ponitis,
823 986 999 1042 nobis
1046 986 1107 1040 in
1151 985 1368 1040 eodem
1418 999 1666 1055 corpore
1712 982 2044 1038 constitutis
2075 997 2198 1038 non

551 1076 802 1149 potestis
852 1076 1095 1130 dicere:
1144 1074 1326 1130 Vestri
1373 1089 1496 1129 non
1540 1073 1900 1141 indigemus.
1949 1074 2095 1126 Nam
2145 1074 2202 1128 et

552 1181 773 1221 manus
821 1165 1005 1220 altera
1034 1163 1278 1219 alterius
1311 1167 1461 1232 eget,
1507 1166 1562 1218 et
1592 1178 1699 1233 pes
1755 1160 1902 1216 alter
1947 1160 2200 1216 alterum

551 1255 770 1320 ﬁrmat,
798 1258 854 1310 et
878 1254 1035 1310 oculi
1060 1269 1166 1325 per
1190 1253 1576 1308 concordiam
1605 1251 1760 1307 clare
1787 1267 1856 1308 ac
1886 1251 2201 1323 perspicue

551 1344 776 1400 vident.
808 1346 880 1409 (2)
911 1346 1037 1398 Non
1085 1343 1246 1398 enim
1293 1358 1402 1398 vos
1450 1342 1550 1397 illa
1590 1341 1870 1410 cogitatio
1899 1341 2196 1398 detineat:

554 1435 726 1489 Extra
754 1432 1077 1490 multorum
1110 1432 1340 1488 malum
1370 1447 1602 1500 sumus,
1625 1430 2024 1502 quamobrem
2055 1431 2201 1504 quid

551 1523 729 1580 nobis
784 1538 936 1594 opus
975 1527 1064 1578 est
1115 1538 1253 1578 cum
1285 1522 1415 1577 aliis
1466 1520 1864 1577 communio?
1916 1522 2200 1576 Dominus

554 1612 715 1668 enim
744 1611 971 1668 insulas
1001 1611 1247 1683 quidem
1271 1627 1308 1668 a
1336 1611 1676 1666 continente
1707 1625 1810 1682 per
1854 1625 2020 1666 mare
2058 1610 2203 1665 divi-

554 1701 648 1768 sit,
681 1701 1014 1756 insularum
1073 1716 1216 1756 vero
1272 1700 1500 1756 incolas
1529 1715 1635 1772 per
1682 1699 2031 1755 charitatem
2063 1715 2201 1754 cum

2312 528 2479 584 Ούδὲν
2535 535 2632 605 γὰρ
2687 535 2824 606 ἡμᾶς
2881 537 3104 610 χωρίζει
3148 534 3233 588 ἀπ’
3283 534 3520 602 ἀλλήλων,
3559 536 3633 588 ἐὰν
3679 543 3738 607 μή

2310 626 2610 696 προαιρέσει
2661 626 2747 674 τὸν
2800 629 3078 699 χωρισμὸν
3126 626 3444 698 ύποστῶμεν.
3481 626 3562 686 Εἷς
3601 627 3726 697 ἡμῶν
3752 630 3831 678 ιω.

2309 730 2438 784 ριος,
2470 716 2568 784 μία
2624 717 2823 780 πίστις,
2855 712 2997 776 ἐλπὶς
3049 717 3077 772 η
3149 714 3296 773 αύτή.
3355 719 3466 768 Εἰτε
3517 711 3598 766 οὖν
3655 715 3831 786 κεραλήν

2311 798 2525 862 ἑαυτούς
2572 799 2862 872 λογίζεσθε,
2897 803 2956 854 ού
3007 799 3284 862 δύναταιή
3339 802 3521 875 κεφαλὴ
3570 803 3708 855 εἰπεῖν
3752 811 3831 866 τοῖς

2311 893 2458 941 ποσί.
2506 894 2694 962 Χρείαν
2745 893 2886 964 ὑμῶν
2939 892 3034 944 οῦκ
3085 895 3215 963 ἔχω·
3266 896 3363 944 εἴτε
3396 896 3482 944 καὶ
3509 892 3692 963 ἓνοῖλλη
3727 895 3834 954 τάξει

2310 977 2524 1041 ἑαυτούς
2584 983 2826 1050 τάσσετε,
2877 983 2935 1035 ού
2988 980 3216 1036 δύνασθε
3267 989 3370 1043 τοῖς
3413 981 3459 1034 ἐν
3501 989 3569 1051 τῷ
3606 981 3726 1051 αύτῷ
3755 991 3833 1032 σὼ·

2307 1088 2435 1140 ματι
2510 1077 2976 1146 κατατεταγμένοις
3055 1072 3217 1142 λέγειν
3265 1073 3340 1143 (8)
3419 1074 3496 1140 τὸ,
3539 1075 3704 1144 Χρείαν
3730 1072 3837 1143 ὑμῶν

2311 1159 2406 1211 ούκ
2445 1161 2653 1232 ἔχομεν.
2687 1163 2752 1214 Αἰ
2808 1181 2864 1214 τε
2915 1165 3016 1236 γὰρ
3061 1169 3232 1236 χεῖρες
3280 1159 3504 1218 ἀλλήλων
3547 1156 3834 1222 δίονται,καὶ

2311 1249 2359 1300 οἱ
2410 1246 2569 1310 πόδες
2626 1248 2875 1312 ἀλλήλους
2943 1255 3278 1324 στηρίζουσι,
3305 1254 3395 1301 καὶ
3447 1251 3492 1301 οἱ
3539 1248 3759 1321 ὀφθαλμοὶ
3802 1247 3836 1300 ἄν

2310 1345 2372 1410 τῇ
2439 1343 2710 1411 συμφωνίᾳ
2780 1343 2837 1393 τὸ
2904 1338 3102 1412 ἐναργὲς
3153 1347 3246 1402 τῆς
3303 1337 3627 1408 καταλήψεως
3671 1340 3834 1408 ἔχουσι.

2311 1431 2396 1486 Μὴ
2465 1431 2566 1501 γὰρ
2627 1427 2812 1491 ἐκεῖνος
2887 1430 3093 1502 ύμᾶςὸ
3167 1427 3416 1500 λογισμὸς
3479 1431 3734 1498 κατεχέτω,
3781 1427 3837 1478 ὅτι

2309 1515 2486 1589 Ἡμεῖς
2542 1518 2635 1580 ἔξω
2684 1525 2775 1570 τοῦ
2831 1521 3030 1580 πάθους
3069 1517 3218 1590 ἔσμεν
3285 1526 3385 1570 τῶν
3446 1517 3648 1583 πολλῶν,
3676 1520 3750 1567 καὶ
3779 1520 3836 1575 τίς

2311 1607 2436 1678 ἡμῖν
2488 1611 2648 1678 χρεία
2695 1615 2790 1669 τῆς
2828 1611 2958 1681 πρὸς
2996 1608 3186 1670 αύτούς
3221 1611 3521 1673 κοινωνίας;
3550 1605 3604 1657 Ὀ
3637 1608 3724 1680 γὰρ
3756 1606 3836 1657 Κύ-

2309 1714 2422 1768 ριος
2460 1697 2603 1768 ἡμῶν
2660 1699 2754 1759 τὰς
2798 1701 2886 1770 μὲν
2935 1702 3126 1760 νήσους
3175 1704 3270 1759 τῆς
3327 1698 3537 1768 ἠπείρου
3577 1691 3660 1748 διὰ
3687 1693 3837 1746 θαλείας

553 1789 763 1847 incolis
816 1790 1172 1845 continentis
1217 1790 1438 1860 junxit.
1485 1793 1558 1860 (3)
1587 1793 1705 1844 lloc
1754 1787 1912 1844 enim
1966 1788 2199 1860 potissi-

2315 1805 2413 1847 σης
2455 1782 2721 1857 διέστησε,
2747 1790 2864 1849 τοὺς
2910 1783 2969 1839 δε
3015 1791 3278 1847 νησιώτας
3323 1792 3433 1847 τοῖς
3470 1786 3749 1856 ἠπειρώταις
3771 1778 3838 1834 διὰ

555 1897 723 1937 mum
757 1880 933 1954 485
970 1881 1200 1936 amicus
1228 1881 1305 1936 ab
1328 1879 1639 1936 adulatore
1668 1879 1885 1944 differt,
1910 1879 2073 1951 quod
2106 1879 2203 1934 hic

554 1968 801 2042 quidem
863 1970 942 2025 ad
989 1969 1445 2026 delectationem
1495 1968 1777 2041 loquitur,
1810 1967 1905 2023 ille
1951 1983 2094 2023 vero
2128 1983 2202 2024 ne

554 2058 810 2115 molesta
862 2057 1108 2130 quidem
1157 2057 1672 2130 prmtermittit.(4)
1728 2057 1851 2112 Scis
1905 2056 2052 2128 quid
2081 2061 2201 2112 ate

553 2147 970 2219 praestandum
991 2148 1065 2203 sit
1092 2147 1369 2219 proximo
1390 2147 1416 2202 ‘l
1435 2148 1603 2218 quod
1633 2145 1736 2201 tibi
1767 2144 1884 2217 ipsi
1908 2144 1985 2200 ab
2016 2145 2201 2201 altero

557 2236 643 2291 vis
666 2236 814 2290 ﬁeri.
851 2237 1016 2291 Nosti
1056 2235 1204 2308 quid
1234 2235 1308 2291 sit
1338 2233 1614 2290 malum?
1658 2234 1823 2307 quod
1866 2233 1993 2306 ipse
2049 2233 2200 2289 nolis

551 2323 632 2379 ab
659 2324 776 2380 alio
807 2325 950 2396 pati.
979 2324 1055 2393 (5)
1088 2325 1233 2380 Cum
1269 2323 1428 2379 enim
1461 2340 1532 2379 ex
1564 2323 1682 2378 Deo
1713 2323 2046 2378 audiverim
2081 2341 2092 2378 :
2128 2323 2199 2379 In

553 2412 664 2468 hoc
693 2417 1045 2482 cognoscent
1073 2427 1293 2478 omnes,
1318 2413 1476 2483 quod
1505 2413 1783 2481 discipuli
1819 2413 1936 2469 mei
1965 2413 2118 2475 estis,
2151 2413 2202 2467 si

552 2502 824 2571 diligatis
889 2503 1137 2558 invicem
1163 2503 1230 2573 ⁴²,
1290 2518 1552 2573 cumque
1595 2506 1926 2558 extremum
1977 2518 2200 2558 munus

551 2590 858 2662 discipulis
885 2590 1034 2656 suis,
1059 2607 1233 2646 suam
1260 2591 1320 2646 in
1352 2607 1529 2646 carne
1553 2591 2065 2663 dispensationem
2098 2592 2201 2648 ab-

552 2678 878 2747 soluturus,
895 2695 1105 2750 pacem
1130 2695 1302 2735 suam
1327 2680 1614 2735 Dominus
1636 2679 1936 2753 reliquerit
1953 2680 2159 2736 dicens
2183 2699 2196 2737 :

548 2766 758 2822 Pacem
806 2768 1079 2838 relinquo
1129 2769 1313 2836 vobis,
1341 2783 1548 2836 pacem
1606 2783 1795 2824 meam
1824 2768 1898 2822 d0
1945 2769 2198 2836 vobis“,

549 2853 746 2910 dicere
771 2869 894 2911 non
933 2871 1208 2927 possum,
1242 2872 1338 2911 me
1369 2855 1497 2911 sine
1551 2861 1759 2913 mutua
1803 2857 2110 2927 charitate,
2144 2863 2201 2914 et

548 2945 681 3015 nisi,
715 2949 1013 3017 quantum
1067 2945 1128 3000 in
1183 2960 1279 3000 me
1327 2949 1434 3010 est,
1463 2961 1678 3017 pacem
1728 2961 1866 3001 cum
1917 2947 2201 3003 omnibus

547 3032 831 3102 habeam,
865 3033 1119 3104 dignum
1151 3049 1327 3106 posse
1379 3037 1520 3091 Jcsu
1574 3035 1782 3092 Christi
1816 3051 2060 3092 servum
2098 3052 2200 3093 vo-

549 3121 693 3178 cari.

621 3215 670 3266 3.
707 3212 781 3281 (ὁ)
811 3211 1034 3267 Eodem
1055 3212 1234 3282 igitur
1276 3212 1460 3268 modo
1487 3228 1874 3269 communem
1908 3217 1964 3269 et
1995 3230 2197 3287 aequa-

546 3298 666 3356 lem
696 3301 980 3356 omnibus
1011 3300 1163 3356 inter
1209 3317 1270 3356 se
1324 3301 1673 3357 charitatem
1715 3317 1846 3358 esse
1897 3304 2196 3374 convenit,

546 3403 671 3459 quo
699 3388 883 3444 homo
913 3389 1262 3445 naturaliter
1292 3405 1433 3459 erga
1495 3389 1735 3459 singula
1785 3407 1896 3447 sua
1921 3392 2200 3450 membra

547 3475 798 3532 affectus
845 3481 951 3543 est,
983 3479 1089 3549 qui
1133 3482 1322 3533 totum
1349 3495 1526 3533 suum
1575 3495 1795 3551 corpus
1828 3481 2049 3551 pariter
2101 3497 2196 3537 sa-

547 3581 695 3622 num
738 3565 884 3632 vult,
912 3566 1161 3639 quando
1192 3571 1248 3622 et
1283 3567 1764 3640 uniuscujusque
1807 3569 2063 3624 membri
2088 3570 2195 3626 do-

546 3653 638 3710 lor
693 3655 987 3728 aequalem
1038 3656 1274 3728 corpori
1318 3657 1656 3712 molestiam
1683 3657 1941 3714 exhibet.
1975 3660 2049 3728 (7)
2091 3661 2198 3724 Qui

547 3744 708 3800 enim
739 3746 798 3799 in
825 3749 1124 3801 conventu
1153 3762 1341 3802 unum
1371 3761 1494 3817 prae
1526 3745 1656 3802 aliis
1688 3747 1903 3817 diligit,
1932 3747 2198 3820 seipsum

545 3833 909 3905 imperfectae
923 3835 1230 3890 charitatis
1255 3835 1580 3891 insimulat.
1603 3837 1797 3902 Quare
1811 3853 1881 3891 ex
1904 3841 2201 3892 conventu

548 3925 850 3980 contentio
876 3925 1159 3981 indecora
1190 3931 1246 3982 et
1276 3926 1594 3997 singularis
1616 3942 1787 3982 amor
1828 3932 1964 3982 sunt
1993 3943 2201 3999 aequa-

543 4012 678 4068 liter
697 4013 1089 4068 amandandi.
1112 4015 1306 4069 Oritur
1328 4015 1486 4068 enim
1513 4030 1584 4069 ex
1607 4016 1987 4072 contentione
2010 4017 2203 4072 inimi-

549 4100 733 4156 citia:
793 4099 869 4154 ab
916 4101 1178 4156 amicitia
1211 4118 1348 4157 vero
1388 4103 1736 4174 particulari
1783 4109 1839 4160 et
1888 4105 2202 4162 sodalitate

549 4188 928 4260 suspiciones
987 4193 1042 4243 et
1105 4189 1342 4244 invidiae
1428 4196 1782 4247 nascuntur.
1839 4195 1986 4248 Cum
2039 4194 2202 4250 enim

549 4278 861 4351 aequalitas
887 4278 1170 4344 aufertur,
1190 4279 1249 4334 id
1273 4279 1493 4350 ubique
1518 4281 1600 4335 eis
1623 4282 1726 4352 qui
1749 4297 1816 4336 ea
1843 4283 2198 4354 spoliantur,

549 4367 788 4424 invidiae
819 4372 876 4424 ct
899 4367 1020 4423 odii
1047 4369 1214 4437 origo
1243 4372 1299 4424 et
1321 4383 1506 4423 causa
1533 4375 1640 4424 est.
1674 4371 2199 4434 Quemadmodum

548 4459 730 4527 igitur
771 4459 924 4513 Deus
975 4457 1239 4530 optimus
1281 4475 1352 4513 ex
1395 4474 1571 4530 sequo
1625 4459 1884 4531 impertit
1913 4460 2199 4516 omnibus

549 4547 980 4614 lucem,solem
1030 4564 1209 4603 suum
1261 4564 1441 4620 super
1480 4549 1675 4618 justos
1725 4565 1795 4604 ac
1823 4550 2076 4620 injustos
2103 4567 2200 4606 ex-

551 4636 689 4691 oriri
713 4653 932 4692 curans
961 4640 1006 4672 “
1042 4655 1054 4691 :
1085 4638 1166 4693 ita
1188 4643 1244 4693 et
1295 4640 1393 4693 Dei
1438 4639 1770 4695 imitatores
1811 4656 2197 4697 communem

551 4729 608 4779 et
633 4740 842 4796 parem
868 4726 1172 4782 charitatis
1202 4727 1439 4782 radium
1485 4728 1546 4782 in
1601 4744 1812 4785 omnes
1864 4730 2195 4786 eﬂ'undant.

556 4813 663 4868 Ubi
718 4813 879 4868 enim
937 4815 1135 4871 deﬁcit
1175 4816 1457 4884 charitas,
1487 4817 1603 4872 illic
1642 4817 1848 4890 utique
1888 4820 2016 4890 ejus
2064 4819 2198 4877 loco

550 4902 819 4958 succedit
844 4903 1073 4959 odium.
1105 4905 1277 4970 Quod
1300 4905 1368 4974 si,
1395 4911 1458 4962 ut
1480 4909 1740 4963 Joannes
1763 4908 1861 4978 ait,
1889 4911 2040 4964 Deus
2061 4909 2201 4966 cha-

551 4992 702 5048 ritas
732 4995 814 5048 est
845 4993 911 5062 ‘5,
952 5007 1198 5063 prorsus
1225 5009 1471 5050 necesse
1511 4999 1600 5052 est
1644 4995 1957 5052 diabolum
1987 4997 2199 5053 odium

551 5096 704 5138 esse.
751 5080 915 5136 Sicut
971 5096 1112 5151 ergo
1152 5083 1257 5154 qui
1307 5083 1491 5140 habet
1551 5085 1926 5154 charitatem,
2008 5088 2196 5144 Deum

623 5205 912 5334 “igphes.
943 5221 1020 5274 tv,
1052 5210 1105 5264 5.
1182 5207 1224 5242 “
1267 5208 1288 5261 Ι
1326 5207 1454 5263 Cor.
1482 5223 1580 5277 xu,
1631 5212 1718 5268 l5.

553 5293 633 5343 iv,
666 5293 751 5334 ιι).

627 5401 699 5470 (t)
731 5403 810 5456 Ex
839 5401 1010 5473 epist.
1039 5417 1178 5466 ccm,
1211 5404 1336 5458 301.

622 5473 698 5533 (2)
743 5473 890 5529 lbid.

626 5543 703 5616 (3)
743 5545 823 5598 Ex
840 5546 1027 5616 epist.
1064 5563 1158 5612 xx,
1191 5547 1280 5601 98.

626 5611 702 5681 (4)
733 5617 812 5670 Ex
838 5611 1002 5672 hom.
1034 5633 1086 5670 xl
1109 5611 1171 5672 in
1191 5617 1506 5688 Hexaem,
1538 5619 1626 5675 83.

1796 5211 1844 5245 ⁸³
1896 5212 2070 5268 Joan.
2107 5228 2231 5286 xm,
2263 5216 2352 5282 35,

2312 1884 2399 1935 τῆς
2441 1874 2649 1946 ἀγάπης
2687 1872 2966 1933 συνέδησε.
3009 1880 3108 1929 Καὶ
3160 1879 3328 1947 τούτῳ
3359 1875 3585 1948 μάλιστα
3612 1873 3737 1946 φίλος
3765 1877 3838 1924 πό-

2311 1964 2466 2024 λακος
2519 1961 2811 2038 διενήνοχε,
2851 1973 2924 2036 τῷ
2979 1968 3063 2018 τὸν
3125 1968 3214 2038 μεν
3266 1969 3396 2038 πρὸς
3451 1960 3633 2022 ἡδονήν
3673 1962 3835 2034 ὁμιλεῖν,

2310 2056 2398 2106 τὸν
2443 2049 2503 2106 δε
2549 2049 2688 2125 μηδὲ
2734 2060 2834 2107 τῶν
2874 2052 3171 2106 λυπούντων
3200 2052 3519 2127 ἀπέχεσθαι.
3561 2047 3708 2113 Οἶδας
3733 2046 3778 2102 δε
3803 2055 3838 2101 τί

2310 2147 2549 2205 ποιήσεις
2603 2151 2673 2215 τῷ
2730 2142 2986 2209 πλησίον;
3041 2143 3067 2196 ὃ
3102 2152 3308 2215 σεαυτῷ
3367 2142 3541 2216 βούλει
3579 2139 3687 2216 παρ’
3709 2140 3838 2212 ίτίρον

2308 2234 2574 2304 γενέσθαι.
2639 2228 2806 2294 Οἶδας
2846 2233 2872 2285 ὃ
2929 2237 2980 2285 τί
3032 2237 3155 2286 ποτέ
3185 2231 3302 2286 ἐστι
3351 2236 3410 2285 τὸ
3440 2234 3625 2298 xxxiv;
3654 2229 3772 2282 ὂούκ
3797 2228 3838 2279 ἂν

2310 2321 2458 2383 αύτός
2488 2322 2668 2374 παθεῖν
2741 2321 2872 2375 ἕλοιο
2923 2321 3046 2395 παρ’
3100 2321 3300 2396 ἐτέρου.
3335 2321 3467 2394 Ἐγὼ
3517 2323 3611 2394 γὰρ
3664 2317 3836 2376 ἀκούσας

2307 2414 2451 2485 παρά
2494 2419 2586 2464 τοῦ
2639 2418 2793 2479 Θεοῦ,
2845 2413 2926 2464 ὅτι
2984 2411 3066 2464 Ἐν
3138 2413 3306 2484 τούτῳ
3357 2416 3633 2484 γνώσονται
3677 2410 3834 2474 πάντες,

2309 2501 2390 2554 ὅτι
2453 2499 2566 2573 ἐμοὶ
2625 2502 2859 2572 μαθηταί
2916 2500 3052 2568 ἔστε,
3095 2499 3177 2553 ἓάν
3241 2499 3482 2574 ἀγαπᾶτε
3511 2499 3730 2558 ἀλλήλους
3771 2502 3834 2547 καὶ

2309 2592 2389 2644 ὅτι
2447 2589 2694 2663 ἐξιτήριον
2741 2585 2908 2665 δῶρον
2971 2597 3073 2652 τοῖς
3126 2589 3317 2644 ἑαυτοῦ
3367 2593 3639 2664 μαθηταῖς,
3691 2585 3833 2660 μέλλων

2312 2679 2649 2753 συμπληροῦν
2705 2683 2797 2736 τήν
2850 2678 2897 2731 ἐν
2967 2683 3120 2755 σαρκὶ
3185 2679 3506 2753 οἰκονομίαν,
3563 2683 3648 2736 τήν
3698 2677 3838 2729 ἑαυτοῦ

2311 2768 2515 2841 εἰρήνην
2591 2767 2855 2820 κατιλιπεν
2948 2768 3140 2821 εἰπών·
3217 2769 3446 2844 Εἰρήνην
3510 2767 3684 2840 ἀφίημι
3735 2766 3842 2836 ύμῖν,

2310 2858 2517 2933 εἰρήνην
2541 2862 2635 2915 τὴν
2675 2857 2800 2929 ἐμὴν
2842 2854 3042 2930 δίδωμι
3073 2859 3213 2930 ύμῖν·
3248 2859 3313 2910 ού
3348 2856 3574 2931 δύναμαι
3615 2857 3762 2922 εἰπεῖν,
3787 2853 3844 2904 ὅτι

2310 2948 2428 3000 ἄνευ
2458 2955 2552 3008 τῆς
2584 2945 2634 2998 ἐν
2655 2945 2888 3006 ἀλλήλοις
2918 2945 3122 3018 ἀγάπης
3160 2950 3247 3000 καὶ
3277 2950 3403 3001 ἄνευ
3432 2956 3539 3015 τοῦ,
3578 2949 3631 2999 τὸ
3684 2943 3742 3003 εἰς

2314 3037 2458 3107 ἧκον,
2489 3035 2763 3109 εἰρηνεύειν
2794 3039 2924 3108 πρὸς
2952 3037 3170 3103 πάντας,
3205 3033 3445 3111 δύναμαι
3490 3037 3625 3100 ἄξιος
3651 3033 3848 3089 κληθῆναι

2316 3121 2501 3187 δοῦλος
2526 3124 2703 3182 Ἰησοῦ
2731 3132 2987 3200 Χριστοῦ.

2383 3219 2440 3271 3.
2485 3218 2635 3266 Οὕτω
2682 3219 2854 3266 τοίνυν
2917 3235 3174 3290 προσηκει
3247 3220 3430 3276 κοινήν
3468 3219 3554 3268 καὶ
3608 3216 3712 3272 ίσην
3751 3214 3848 3262 πᾶσι

2309 3303 2441 3376 πρὸς
2499 3299 2748 3362 ἀλλήλους
2800 3304 2894 3358 τὴν
2943 3299 3150 3371 ἀγάπην
3201 3298 3359 3372 εἶναι,
3392 3305 3457 3362 ὡς
3509 3307 3718 3374 φυσικῶς
3752 3297 3849 3365 πρὸς

2308 3385 2374 3443 τει
2417 3389 2534 3442 καθ’
2593 3390 2810 3442 ἕκαστον
2871 3389 3053 3442 ἑαυτοῦ
3093 3389 3219 3462 με’λη
3251 3391 3276 3442 ὁ
3335 3393 3599 3466 ἄνθρωπος
3633 3391 3745 3461 ἔχει,
3782 3383 3848 3436 ἕπ-

2311 3481 2426 3540 ίσης
2459 3479 2611 3531 θέλων
2660 3483 2816 3531 παντὶ
2872 3487 2942 3548 τῷ
3000 3486 3204 3552 σώματι
3233 3483 3332 3539 τὴν
3385 3482 3600 3552 ύγιειαν,
3634 3473 3846 3530 διότικαὶ

2308 3569 2333 3619 ὁ
2391 3572 2540 3629 πόνος
2587 3569 2810 3620 ἑκάστου
2861 3567 3044 3640 μελους
3074 3571 3195 3626 ἴσην
3219 3573 3448 3642 παρέχει
3477 3577 3546 3640 τῷ
3587 3573 3762 3638 σώματι
3779 3567 3846 3617 τήν

2310 3654 2528 3716 ἀηδίαν.
2581 3657 2638 3708 Ὀ
2685 3659 2785 3731 γὰρ
2844 3657 2891 3709 ἐν
2926 3654 3146 3730 συνοδίᾳ
3201 3661 3286 3710 τὸν
3324 3661 3406 3711 ἱνα
3432 3661 3553 3733 ύπερ
3582 3657 3686 3716 τούς
3710 3652 3846 3708 illati:

2311 3747 2544 3819 ἀγαπῶν,
2602 3753 2886 3819 κατηγορεῖ
2949 3746 3133 3799 ἑαυτοῦ
3198 3751 3271 3819 μὴ
3336 3751 3473 3819 ἔχων
3535 3750 3624 3804 τήν
3701 3741 3845 3795 τελείαν

2313 3837 2542 3909 ἀγάπην,
2581 3835 2805 3908 Ὀμοίως
2858 3836 2944 3888 οὖν
2997 3835 3288 3900 ἀπόϐλητος
3341 3837 3483 3890 ἐστιν
3514 3836 3608 3889 ἀπο
3640 3828 3843 3894 συνοδίας

2314 3929 2342 3984 ἦ
2384 3945 2439 3978 τε
2497 3924 2726 3997 ἀπρεπής
2782 3926 2959 3996 μάχη,
2993 3930 3082 3977 καὶ
3134 3927 3164 3982 ἡ
3222 3931 3409 3999 μερική
3474 3923 3715 3984 διάθεσις.
3759 3919 3846 3974 ’Δπὶ

2311 4018 2401 4088 μὲν
2439 4017 2541 4087 γὰρ
2601 4022 2691 4074 τῆς
2744 4017 2924 4086 μάχης
2971 4016 3140 4086 ἔχθρα
3193 4019 3418 4086 γίνεται,
3451 4013 3550 4067 ἀπὸ
3610 4010 3662 4066 δε
3688 4018 3848 4079 τῆςμι·

2312 4113 2461 4179 ρικῆς
2524 4103 2695 4175 φιλίας
2733 4109 2822 4156 καὶ
2880 4101 3131 4178 ἑταιρείας
3190 4104 3417 4175 ὑποψίαι
3473 4109 3560 4156 καὶ
3616 4099 3848 4175 φθονοιγί·

2311 4210 2504 4248 νονται·
2547 4200 2824 4264 πανταχοῦ
2881 4195 2982 4267 γὰρ
3052 4195 3080 4251 ἠ
3142 4201 3235 4245 τοῦ
3273 4197 3396 4246 ἷσου
3469 4198 3700 4267 στέρησις
3741 4187 3846 4259 ἀρχὴ

2311 4289 2400 4336 καὶ
2439 4284 2680 4342 ύποθεσις
2739 4284 2925 4354 φθόνου
2991 4286 3081 4336 καὶ
3149 4279 3459 4354 δυσμενείας
3512 4289 3614 4342 τοίς
3664 4279 3849 4330 ἔλαττον·

2311 4377 2477 4446 μένοις
2531 4377 2746 4444 γίνεται.
2807 4371 3008 4447 ’Ὠσπερ
3059 4367 3147 4424 οὖν
3200 4372 3225 4423 ὁ
3285 4369 3487 4444 ἀγαθὸς
3547 4374 3666 4431 Θεὸς
3714 4367 3847 4419 κοινὴν

2312 4460 2510 4517 δίδωσι
2575 4468 2708 4514 πᾶσι
2773 4466 2865 4519 τήν
2923 4469 3014 4513 τοῦ
3053 4465 3216 4533 φωτὸς
3271 4466 3578 4534 μετουσίαν,
3621 4454 3847 4511 ἁνατῦλυν

2307 4555 2393 4605 τὸν
2427 4551 2569 4610 ἥλιον
2615 4549 2696 4603 ἐπὶ
2746 4547 2987 4612 δικαίους
3027 4555 3116 4603 καὶ
3183 4548 3429 4618 ἀδίκους,
3463 4553 3621 4610 οὕτως
3687 4551 3761 4598 καὶ
3814 4541 3846 4592 οἱ

2306 4647 2536 4715 μιμηταὶ
2585 4648 2677 4693 τοῦ
2727 4648 2859 4693 Θεοῦ
2909 4645 3084 4699 κοινήν
3140 4659 3193 4693 τε
3238 4646 3327 4693 καὶ
3393 4643 3635 4713 ὁμότιμον
3682 4641 3761 4692 τὴν
3781 4639 3847 4687 τῆς

2309 4731 2516 4802 ἀγάπης
2564 4728 2748 4782 ἀκτῖνα
2786 4731 2868 4781 ἐπὶ
2927 4732 3121 4791 πάντας
3187 4735 3488 4805 φερέτωσαν
3569 4728 3719 4781 Ὀπου
3771 4723 3846 4793 γὰρ

2307 4817 2524 4872 ἐλλείπει
2577 4819 2606 4876 ή
2674 4817 2873 4889 ἀγάπη,
2929 4815 3031 4870 ἐκεῖ
3115 4820 3315 4878 πάντως
3383 4817 3749 4890 ἀντεισίρχιται
3804 4809 3845 4858 τὸ

2307 4915 2486 4982 μῖσος.
2512 4907 2572 4962 Εἰ
2620 4903 2697 4973 δε,
2731 4909 2904 4968 καθώς
2952 4925 3110 4978 φησιν
3149 4907 3406 4968 Ἰωάννης.
3447 4906 3507 4960 ’Θ
3551 4908 3671 4964 Θεὸς
3707 4899 3843 4970 ἀγάπη

2311 4997 2472 5066 ἐστὶν,
2524 4995 2723 5068 ἀνάγκη
2781 5001 2932 5048 πᾶσα
2998 4999 3055 5048 τὸ
3106 5003 3263 5068 μῖσος
3328 4993 3460 5048 εἶναι
3496 4998 3581 5047 τὸν
3633 4986 3844 5045 διάϐολοι

2309 5086 2512 5160 Ὠσπερ
2553 5082 2640 5138 οὖν
2689 5085 2715 5137 ὀ
2753 5088 2848 5144 τὴν
2897 5083 3106 5156 ἀγάπην
3151 5087 3307 5156 ἔχων,
3346 5088 3432 5138 τὸν
3482 5086 3604 5138 Θεὸν
3629 5084 3749 5152 ἔχειν
3772 5072 3844 5126 ούο

2431 5212 2477 5248 ⁸³
2514 5212 2686 5282 Joan,
2719 5225 2828 5282 xw,
2861 5213 2951 5268 27.
3027 5210 3074 5246 “
3115 5209 3310 5268 Matth.
3343 5227 3398 5281 v,
3425 5212 3513 5278 45,
3590 5208 3632 5242 ⁸⁵
3669 5204 3687 5258 l
3709 5202 3846 5258 Joan.

2383 5407 2459 5476 (5)
2501 5408 2582 5462 Ex
2607 5405 2778 5478 epist.
2810 5420 2955 5468 ccm,
2989 5407 3116 5478 299.

2382 5483 2460 5544 (6)
2501 5481 2580 5533 Ex
2613 5477 2794 5546 serm,
2827 5477 3107 5544 ascetico,
3141 5479 3263 5532 325.

2375 5551 2454 5620 (7)
2497 5549 2644 5604 Ibid.

2377 5618 2455 5692 (8)
2497 5624 2697 5692 Λέγειν.
2731 5619 2948 5692 Regius
2976 5618 3162 5678 codex
3191 5620 3344 5674 εἰπεῖν
3367 5619 3564 5690 χρείαν.
