4068 6220
199 292 342 351 H53

1333 291 1564 356 SERMO
1602 292 1693 355 IV.
1734 326 1803 341 —-
1842 289 1934 355 DE
1973 298 2464 358 ELEEMOSYNA.

3419 301 3559 359 1154

195 436 301 480 τως
347 418 376 471 ὁ
404 417 465 471 τὸ
493 421 650 491 μῖσος
693 416 851 491 ἔχων,
874 418 961 471 τὸν
1023 415 1264 473 διάϐολον
1311 419 1361 474 ἐν
1406 421 1570 494 ἑαυτῷ
1606 424 1797 498 τρέφει.

1922 422 2095 480 habet
2116 442 2131 492 ;
2158 424 2241 480 sic
2261 423 2364 497 qui
2393 422 2600 480 odium
2624 422 2825 496 habet,
2856 422 2907 479 is
2931 421 3244 480 diabolum
3273 422 3335 481 in
3361 423 3559 497 seipso

195 510 300 561 Διὰ
317 514 474 562 τοῦτο
520 512 778 581 προσήκει
820 512 914 567 τὴν
961 510 1053 581 μὲν
1083 508 1289 582 ἀγάπην
1331 510 1453 570 ἴσην
1491 516 1580 565 καὶ
1618 513 1801 585 ὁμοίαν

194 600 351 673 παρὰ
389 599 597 651 πάντων
651 604 764 659 τοῖς
811 603 974 651 πᾶσιν
1030 595 1178 665 εἶναι,
1231 604 1323 658 τὴν
1372 597 1432 653 δὲ
1475 606 1627 675 τιμὴν
1667 604 1804 656 κατὰ

195 691 262 741 τὸ
330 691 525 761 πρέπον
599 686 805 759 ἑκάστῳ
853 689 1116 759 γίνεσθαι,
1184 694 1284 742 Καὶ
1350 693 1522 765 ὥσπερ
1578 691 1625 744 ἐν
1677 692 1803 765 ἡμῖν

199 776 404 842 αὐτοῖς,
462 777 489 829 ὀ
524 778 616 849 μὶν
672 780 827 839 πόνος
882 776 1101 830 ἑκάστου
1131 786 1229 831 τῶν
1261 777 1658 855 ἀῤῥωστούντων
1706 800 1802 854 με-

197 865 304 919 λῶν
334 869 466 928 ῖσως
518 863 739 918 ἅπτεται
766 872 859 918 τοῦ
890 869 1082 929 παντὸς
1113 872 1373 940 σώματος,
1409 872 1520 922 ἔστι
1576 866 1635 923 δὲ
1664 871 1803 943 ὅμως

199 953 354 1031 ἱτερα
401 954 584 1030 ἐτέρων
635 960 918 1031 τιμιώτερα
969 954 1096 1028 μέλη
1154 956 1236 1027 (οὐ
1286 961 1388 1033 γὰρ
1450 960 1642 1032 ὁμοίως
1681 963 1801 1034 περί

199 1047 293 1098 τὸν
324 1042 588 1117 ὀφθαλμὸν
643 1046 736 1097 καὶ
772 1045 853 1115 (1)
900 1048 1018 1120 περὶ
1071 1047 1157 1098 τὸν
1196 1054 1288 1099 τοῦ
1339 1044 1507 1110 ποδὸς
1546 1045 1801 1101 δάκτυλον

202 1135 418 1206 ἕχομεν,
475 1130 570 1185 κᾶν
623 1133 651 1184 ὁ
700 1136 856 1196 πόνος
909 1137 968 1187 τὸ
1023 1137 1139 1188 ἴσον
1191 1136 1337 1210 ἔχη)’
1397 1136 1559 1198 οὕτως
1588 1142 1681 1196 τήν
1711 1140 1800 1209 μὲν

210 1224 463 1296 συμπαθῆ
498 1218 756 1288 διάθεσιν,
815 1227 907 1276 καὶ
953 1227 1048 1283 τὴν
1096 1222 1424 1296 ἁγαπητικὴν
1465 1231 1655 1299 σχέσιν
1679 1229 1801 1283 ἴσην

207 1307 298 1364 ἰπὶ.
339 1311 542 1364 πάντων
599 1318 693 1362 τῶν
745 1307 795 1362 ἄν
851 1317 915 1383 τῇ
974 1307 1197 1385 συνοδίᾳ
1248 1312 1452 1374 ζώντων
1501 1312 1631 1367 εἶναι
1676 1314 1802 1388 παρ’

209 1398 435 1453 ἕκαστον
482 1404 752 1473 προσήκει·
786 1400 817 1459 ἠ
878 1396 938 1453 δὲ
965 1405 1114 1474 τιμὴ,
1169 1405 1305 1455 κατὰ
1359 1406 1418 1456 τὸ
1474 1402 1680 1475 εὔλογον
1719 1401 1804 1456 ἐπὶ

206 1498 310 1544 τῶν
386 1492 802 1564 χρησιμωτίρων
857 1491 917 1542 τὸ
970 1488 1121 1543 πλέον
1204 1490 1323 1555 ἕξει.
1385 1491 1501 1546 Ἐπὶ
1554 1496 1656 1566 γὰρ
1702 1500 1802 1545 τῶν

203 1586 563 1651 πνευματικῶν
636 1577 869 1640 ἀλλήλοις
918 1580 1400 1655 συναρμοζομὲνων,
1468 1578 1591 1635 οὖδὶ
1633 1583 1663 1640 ἡ
1725 1580 1801 1652 (2)

205 1671 484 1741 σωματικὴ
520 1670 793 1739 συγγένεια
844 1666 993 1721 πλέον
1044 1686 1097 1721 τι
1126 1672 1262 1722 κατά
1293 1673 1388 1729 τὴν
1419 1668 1624 1743 ἀγάπην
1679 1670 1798 1734 ἔξει.

1910 512 2111 569 nutrit.
2146 512 2552 580 Quamobrem
2581 516 2645 569 ut
2674 512 2922 585 aequalis
2951 513 3282 586 similisque
3299 512 3561 570 charitas

1908 603 2226 675 quibusvis
2269 603 2347 659 ab
2387 604 2674 659 omnibus
2710 607 2798 659 est
2836 602 3162 660 exibenda:
3208 603 3293 660 ita
3339 603 3557 674 honor,

1909 691 1994 747 uti
2014 691 2285 759 addecet,
2316 692 2641 764 unicuique
2673 695 2761 747 est
2786 690 3163 747 tribuendus.
3198 692 3274 763 (5)
3315 693 3381 747 Et
3408 695 3473 748 ut
3494 690 3558 747 in

1908 779 2377 853 nobismetipsis,
2435 779 2606 836 dolor
2666 779 3141 851 uniuscujusque
3209 779 3557 851 aegrotantis

1909 869 2167 925 membri
2205 870 2471 925 similiter
2497 874 2690 925 totum
2722 884 2941 940 corpus
2968 868 3224 938 attingit,
3269 872 3327 925 et
3355 874 3559 925 tamen

1911 963 2051 1015 sunt
2092 958 2370 1015 membra
2410 957 2529 1014 alia
2567 957 2697 1013 aliis
2738 956 3163 1029 praestantiora
3197 958 3341 1029 (non
3395 957 3558 1014 enim

1907 1049 2131 1121 pariter
2194 1049 2269 1104 de
2308 1047 2483 1103 oculo
2531 1061 2602 1102 ac
2673 1046 2742 1101 de
2781 1045 2955 1117 pedis
3003 1044 3191 1117 digito
3238 1045 3556 1114 efﬁcimur,

1910 1138 2147 1194 etiamsi
2173 1136 2346 1193 dolor
2388 1134 2639 1209 aequalis
2668 1134 2800 1206 sit):
2829 1135 2912 1190 ita
2958 1149 3456 1207 unumquemque
3498 1134 3562 1189 in

1909 1242 2120 1284 omnes
2139 1227 2315 1299 quiin
2347 1230 2642 1282 conventu
2666 1223 2941 1291 vixerint,
2972 1223 3561 1280 commiserationem

1909 1316 2159 1389 quidem
2198 1320 2379 1388 atque
2427 1328 2698 1370 amorem
2757 1327 2968 1384 parem
3008 1312 3325 1367 ostendere
3362 1326 3561 1385 operm

1910 1405 2167 1477 pretium
2188 1410 2301 1470 est;
2336 1403 2445 1459 sed
2474 1407 2700 1463 tamen.
2731 1406 2796 1456 ut
2829 1400 3018 1466 decet,
3052 1400 3121 1455 iis
3161 1400 3265 1472 qui
3295 1400 3560 1456 utiliores

1911 1499 2052 1550 sunt
2114 1494 2311 1564 major
2377 1492 2680 1547 deferetur
2735 1490 2956 1545 honor.
3006 1492 3156 1545 Nam
3202 1488 3264 1544 in
3316 1488 3413 1544 his
3455 1488 3562 1560 qui

1912 1583 2207 1657 spirituali
2245 1583 2590 1639 animorum
2638 1578 3066 1651 conjunctione
3102 1577 3257 1633 inter
3304 1592 3365 1633 se
3423 1580 3564 1633 sunt

1911 1673 2193 1747 copulati,
2224 1688 2347 1728 non
2398 1670 2603 1727 futura.
2647 1673 2735 1725 est
2786 1669 2983 1740 major
3031 1667 3267 1723 dilectio
3322 1667 3402 1723 ob
3434 1682 3562 1723 cor-

200 1753 331 1809 οὐδε
388 1759 433 1810 εἶ
459 1776 542 1819 τις
580 1752 801 1829 ἁδελφός
828 1775 968 1819 τινος
1010 1760 1147 1811 κατὰ
1177 1761 1350 1834 σάρκα
1398 1764 1497 1826 εἴη,
1530 1765 1559 1820 ἦ
1602 1762 1734 1823 υἱὸς,
1767 1763 1796 1819 ἧ

1922 1763 2178 1837 poralem
2203 1760 2786 1831 consanguinitatem
2811 1776 2823 1813 :
2848 1773 3045 1830 neque
3071 1758 3121 1812 si
3148 1758 3284 1830 quis
3312 1757 3560 1830 quidem

204 1847 466 1921 Θυγάτηρ,
542 1844 591 1898 ἂν
664 1844 861 1899 πλείονι
914 1843 1149 1900 διαθέσει
1228 1852 1358 1924 πρὸς
1404 1852 1490 1902 τὸν
1538 1858 1609 1922 τῷ
1668 1854 1801 1922 γένει

203 1940 545 2010 προσήκοντα
580 1937 725 2010 παρὰ
770 1938 887 1997 τοὺς
932 1934 1118 1999 ἄλλους
1167 1942 1442 2009 γενήσεται
1480 1940 1509 1997 ἡ
1562 1944 1803 1991 κοινωνία

203 2030 299 2076 τοῦ
330 2027 569 2097 αἵματος.
620 2023 679 2077 Ὀ
707 2043 809 2098 γαρ
849 2023 899 2078 ἕν
926 2028 1131 2088 τούτοις
1182 2034 1244 2099 τῇ
1305 2029 1457 2099 φύσει
1486 2025 1800 2098 ἀκολουθῶν,

202 2120 492 2187 κατηγορεῖ
560 2112 769 2183 ἑαυτοῦ,
837 2114 918 2166 ὅτι
965 2117 1108 2168 οὔπω
1182 2114 1381 2178 τελιίως
1439 2114 1639 2175 ἀπέστη
1694 2124 1802 2179 ,τῆς

205 2205 430 2275 φύσεως,
463 2201 573 2255 ἀλλ’
620 2204 696 2256 ἔτι
732 2203 833 2255 ὑπὸ
884 2206 1077 2280 σαρκὸς
1118 2200 1417 2259 διοικεῖται.
1456 2213 1540 2277 Τῷ
1598 2203 1657 2261 δι
1689 2213 1802 2278 Θεῷ

207 2295 359 2366 ἡμῶν
390 2288 524 2357 δόξα
576 2292 643 2355 είς
671 2296 791 2357 τοὺς
816 2292 1000 2355 αἰῶνας
1018 2302 1119 2347 τῶν
1151 2295 1366 2348 αἰώνων.
1409 2296 1597 2369 Ἀμήν.

660 2510 812 2564 ΠΕΡί
851 2512 1369 2569 ΕΛΕΗΜΟΣΥΝΗΣ.

850 2646 1058 2697 ΔΟΓΟΣ
1095 2641 1166 2700 Δ’.

290 2765 339 2819 1.
371 2762 433 2816 Εἰ
461 2763 747 2840 θαυμάζεις
776 2766 854 2839 (3)
881 2767 948 2819 τά
975 2769 1251 2841 χρήματα,
1284 2769 1542 2844 ἄνθρωπε,
1577 2765 1672 2823 διὰ
1720 2771 1808 2828 τὴν

212 2848 301 2903 ἄπ’
373 2852 537 2905 αὐτῶν
630 2859 809 2928 τιμὴν,
872 2860 1055 2909 σκόπει
1108 2860 1271 2910 πόσον
1327 2856 1438 2912 ἐστὶ
1476 2862 1601 2934 πρὸς
1652 2855 1809 2922 δόξαν

210 2937 652 3019 λυσιτιλίστερον,
728 2947 926 3020 μυρίων
1005 2942 1211 2999 παίδων
1274 2952 1475 3024 πατέρα
1548 2967 1810 3023 προσαγοο

209 3033 478 3105 ρεύεσοαι,
535 3037 563 3092 ἦ
624 3038 848 3109 μυρίους
903 3044 1170 3113 στατῆρας
1227 3039 1366 3110 ἔχειν
1420 3038 1467 3091 ἐν
1519 3038 1804 3112 βαλαντίῳ.

1910 1868 2236 1924 germanus
2267 1850 2521 1921 alicujus
2547 1850 2731 1905 frater
2761 1848 2853 1915 sit,
2881 1847 3141 1916 ﬁliusve,
3170 1845 3405 1903 autfilia
3430 1862 3560 1902 ma-

1905 1944 2101 2015 jorem
2122 1956 2266 2009 erga
2288 1937 2830 2007 consanguineum,
2849 1951 3035 2007 quam
3056 1950 3199 2004 erga
3211 1934 3380 2001 alios,
3396 1950 3563 1990 amo-

1908 2048 2037 2088 rem
2064 2030 2271 2087 aﬁ‘eret
2299 2026 2609 2097 sanguinis
2640 2023 3007 2096 conjunctio.
3041 2023 3152 2089 Qui
3183 2023 3344 2078 enim
3373 2022 3433 2078 in
3464 2022 3560 2079 his

1910 2125 2193 2178 naturam
2242 2117 2529 2190 sequitur,
2574 2114 2625 2170 is
2668 2113 2946 2170 nondum
2980 2130 3017 2169 a
3054 2116 3272 2169 natura
3304 2111 3562 2184 perfecte

1909 2208 2233 2268 recessisse
2258 2206 2653 2274 convincitur,
2675 2203 2783 2259 sed
2809 2203 3141 2258 etiamnum
3164 2217 3201 2257 a
3247 2217 3425 2257 carne
3451 2216 3562 2270 gu-

1910 2298 2173 2367 bernari,
2200 2299 2317 2353 Deo
2347 2298 2548 2351 autem
2576 2297 2785 2350 nostro
2817 2291 2889 2347 sit
2908 2290 3100 2363 gloria
3118 2290 3181 2345 in
3209 2288 3431 2348 sucula
3456 2305 3565 2346 sae-

1913 2388 2206 2447 culorum.
2240 2386 2428 2441 Amen
2442 2426 2455 2440 .

2278 2508 2456 2582 486
2496 2506 2607 2565 DE
2642 2504 3005 2564 ELEEMOS
3021 2504 3204 2563 YNA.

2558 2642 2789 2699 SERMO
2831 2641 2916 2696 IV.

1992 2777 2043 2832 t.
2092 2772 2167 2845 (6)
2216 2769 2274 2827 Si
2303 2783 2452 2843 opes
2499 2766 2758 2831 miraris,
2798 2781 2835 2822 o
2872 2765 3078 2832 homo,
3117 2762 3570 2836 provenientem

1918 2879 1989 2921 ex
2017 2863 2100 2919 eis
2129 2862 2444 2929 honorem,
2477 2854 2794 2912 considera
2822 2858 3049 2926 quanto
3093 2852 3169 2907 sit
3198 2850 3278 2907 ad
3315 2850 3570 2921 gloriam

1919 2948 2377 3017 conducibilius,
2406 2947 2864 3002 innumerorum
2902 2941 3164 2997 ﬁliorum
3192 2945 3425 3013 patrem
3467 2954 3573 3011 ap-

1919 3040 2147 3115 pellari,
2170 3053 2358 3112 quam
2388 3035 2739 3091 innumeros
2768 3032 2828 3087 in
2863 3030 3171 3102 marsupio
3194 3033 3442 3085 stateres
3466 3027 3573 3115 has

209 3124 291 3174 Τὰ
318 3124 408 3194 μεν
457 3124 558 3199 γὰρ
605 3128 863 3198 χρήματα
914 3124 1247 3197 καταλείψεις
1303 3126 1542 3194 ἐνταῦθα,
1598 3134 1688 3182 καὶ
1737 3133 1806 3203 μὴ

1922 3114 2078 3187 bere.
2113 3132 2263 3185 Nam
2293 3124 2580 3199 pecunias
2611 3121 2859 3195 quidem
2888 3119 3200 3176 relicturus
3242 3118 3339 3174 hic
3381 3132 3443 3172 es
3476 3114 3572 3172 vel

213 3208 549 3283 βουλόμενος·
616 3216 710 3271 τὴν
764 3210 823 3267 δὲ
877 3212 962 3267 ἐπὶ
992 3222 1097 3276 τοῖς
1138 3213 1348 3287 ἀγαθοῖς
1378 3220 1549 3292 ἔργοις
1604 3218 1807 3291 φιλοτι-

213 3303 340 3371 μίαν
390 3299 728 3374 ἀποκομίσας
784 3305 915 3379 πρὸς
972 3307 1059 3356 τὸν
1126 3308 1409 3378 Δεσπότην,
1468 3308 1589 3360 ὅταν
1644 3304 1810 3381 δῆμος

217 3388 321 3449 ἶλος
368 3387 450 3442 ἐπὶ
500 3397 592 3443 τοῦ
644 3398 819 3445 κοινοῦ
880 3398 1070 3466 Κριτοῦ
1100 3394 1431 3469 περὶστάντες
1486 3396 1589 3467 (4),
1624 3401 1813 3472 τροφέα

220 3480 312 3528 καὶ
364 3476 623 3551 εὐεργέτην
654 3485 744 3532 καὶ
792 3482 963 3534 πάντα
1005 3484 1070 3534 τὰ
1117 3490 1212 3545 τῆς
1270 3483 1649 3560 φιλανθρωπίας
1678 3484 1812 3538 ἀπο-

222 3566 445 3619 καλὼσιν
525 3568 774 3643 ὀνόματα.
860 3576 960 3626 Καὶ
1041 3570 1089 3623 ἓν
1146 3575 1235 3645 μὲν
1300 3578 1589 3650 πανηγύρει
1644 3573 1815 3636 οὐδεὶς

218 3656 453 3709 λυπεῖται
530 3664 807 3733 προέμενος
857 3664 922 3713 τὰ
976 3663 1225 3735 παρόντα,
1280 3669 1369 3716 καὶ
1448 3662 1814 3737 ἀντικτὼμενος

217 3748 283 3798 τὰ
349 3743 604 3800 ἐνδέοντα·
673 3748 779 3801 αλλ’
834 3752 1035 3825 ὅσῳπερ
1085 3754 1146 3804 οἶν
1203 3752 1470 3816 ἐλάττονος
1521 3761 1679 3829 τιμῆς
1754 3758 1817 3808 τά

217 3834 480 3908 πολύτιμα
554 3842 796 3911 πρίηται,
866 3842 1100 3913 τοσούτῳ
1176 3848 1377 3917 χαίρει,
1456 3846 1521 3904 ὡς
1578 3849 1815 3920 λαμπροῦ

214 3923 359 3976 αὑτῶ
441 3931 534 3977 τοῦ
606 3925 1032 4001 συναλλάγματος
1110 3936 1404 4003 γενομένου.
1456 3937 1522 3985 Σὺ
1573 3929 1631 3986 δὲ
1678 3933 1813 4007 λυπῇ

213 4017 465 4088 χρυσίον,
526 4018 615 4066 καὶ
665 4013 937 4090 ἀργύριον,
982 4023 1071 4070 καὶ
1126 4023 1373 4093 κτήματα
1430 4017 1640 4092 διδοὺς,
1673 4042 1821 4076 τουτ-

214 4102 330 4155 ἔστι
378 4102 556 4165 λίθους
606 4108 694 4157 καὶ
742 4112 878 4177 χοῦν
934 4111 1309 4183 παρεχόμενος,
1364 4112 1446 4164 ἱνα
1501 4117 1671 4187 κτήσῃ
1726 4116 1820 4173 τὴν

213 4196 478 4265 μακαρίαν
511 4196 648 4255 ζωήν
678 4208 691 4260 ;
724 4198 787 4246 Τί
814 4191 874 4246 δε
903 4200 992 4247 καί
1020 4202 1128 4268 χρή
1142 4216 1207 4270 ση
1241 4207 1312 4270 τῷ
1342 4198 1552 4273 πλούτῳ
1579 4218 1593 4267 ;
1635 4201 1821 4260 ἐσθῆτι

215 4279 554 4353 πολυτιμήτω
630 4282 923 4356 περιϐαλεῖς
971 4290 1231 4354 σεαυτόν;
1287 4292 1487 4341 Οὔκουν
1585 4287 1682 4344 δύο
1731 4295 1820 4364 μέν

220 4388 308 4423 σοι
360 4378 549 4442 πηχῶν
600 4376 915 4443 χιτωνίσκος
946 4370 1174 4448 ἀρκέσει,
1207 4374 1309 4436 ἐνὸς
1346 4373 1404 4430 δὲ
1437 4381 1642 4451 ἱματίου
1672 4400 1822 4455 περι-

1920 3220 2171 3284 invitus;
2201 3221 2428 3283 contra,
2451 3216 2691 3286 partam
2712 3209 2791 3267 ob
2812 3209 2976 3266 bona
2995 3222 3180 3280 opera
3201 3205 3453 3277 gloriam
3472 3220 3573 3262 ex-

1920 3308 2191 3384 portabis
2227 3305 2307 3363 ad
2355 3302 2697 3364 Dominum,
2730 3315 2869 3355 cum
2910 3297 3136 3354 scilicet
3176 3296 3575 3353 circumstans

1921 3415 2127 3457 coram
2144 3394 2454 3454 communi
2469 3392 2495 3447 J
2506 3391 2677 3448 udice
2693 3388 2956 3463 populus
2977 3387 3197 3455 omnis,
3220 3386 3574 3442 nutritorem

1922 3494 1981 3548 et
2005 3486 2349 3545 beneﬁcum
2378 3482 2720 3553 largitorem
2757 3494 2825 3535 ac
2848 3476 3133 3534 omnibus
3182 3473 3577 3532 humanitatis

1924 3576 2247 3652 appellabit
2279 3571 2643 3630 nominibus.
2679 3570 2754 3639 (7)
2779 3566 3002 3624 Etenim
3030 3566 3091 3621 in
3121 3563 3410 3620 nundinis
3439 3562 3578 3652 qui-

1925 3649 2064 3722 dem
2086 3681 2264 3721 nemo
2291 3662 2450 3717 dolet
2474 3658 2639 3733 quod
2664 3657 3132 3731 profundatquze
3156 3653 3397 3719 adsunt,
3418 3656 3475 3706 et
3495 3649 3579 3705 vi-

1926 3756 2127 3811 cissim
2157 3768 2291 3825 quae
2323 3750 2539 3804 desunt
2571 3748 2914 3818 comparet;
2949 3746 3178 3809 contra,
3220 3754 3343 3811 quo
3386 3736 3578 3793 viliori

1926 3844 2115 3918 pretio
2135 3858 2229 3897 res
2255 3837 2720 3912 pretiosissimas
2737 3831 3095 3898 emerit,hoc
3115 3825 3577 3918 magisfgaudet,

1926 3911 1994 3990 ut
2019 3931 2123 4004 qui
2153 3911 2386 3999 egregie
2407 3925 2743 3995 negotiatus
2771 3922 2863 3977 sit.
2904 3922 2987 3975 Tu
3016 3933 3159 3975 vero
3192 3915 3386 3984 doles,
3414 3911 3582 4004 quod

1929 4000 2145 4080 aurum
2176 4024 2231 4075 et
2262 4019 2577 4086 argentum
2605 4016 2661 4067 et
2706 4026 2853 4083 opes
2878 4007 3105 4075 tradas,
3142 4007 3259 4062 hoc
3298 4008 3408 4071 est,
3433 4000 3583 4074 lapi-

1930 4112 2070 4170 dem
2102 4126 2170 4167 ac
2184 4107 2491 4183 pulverem
2511 4101 2807 4176 praebeas,
2830 4104 2895 4156 ut
2919 4099 3160 4155 beatam
3181 4096 3363 4152 vitam
3381 4091 3585 4183 acqui-

1929 4220 2049 4260 ras.
2085 4181 2199 4258 Sed
2212 4196 2306 4254 cui
2328 4196 2431 4254 tibi
2454 4192 2588 4249 usui
2614 4191 2871 4249 aurum?
2893 4188 3157 4261 pretiosa
3178 4190 3231 4242 te
3252 4188 3418 4240 veste
3432 4181 3586 4239 ami-

1932 4292 2093 4350 cies?
2121 4292 2335 4344 Annon
2358 4287 2615 4341 duorum
2650 4281 2993 4337 cubitorum
3026 4276 3228 4334 tunica
3280 4274 3423 4330 satis
3478 4268 3585 4327 tibi

1932 4380 2127 4445 fuerit,
2158 4382 2215 4434 et
2243 4376 2421 4432 unius
2450 4371 2613 4445 pallii
2644 4368 2899 4425 amictus
2930 4379 3174 4421 omnem
3204 4360 3588 4416 indumento-

220 4458 345 4517 εολὴ
379 4466 552 4512 πᾶσαν
603 4469 703 4512 τῶν
761 4458 1061 4534 ἐνδυμάτων
1120 4462 1442 4539 ἐκπληρώσει
1473 4472 1566 4526 τὴν
1594 4475 1812 4542 χρεία-ις

1932 4487 2067 4527 rum
2114 4465 2531 4524 necessitatem
2578 4456 2884 4531 explebit?
2929 4452 3191 4509 Uterisne
3242 4446 3463 4543 diviti-is
3506 4445 3587 4543 ad

221 4547 358 4601 Ἀλλ’
417 4549 485 4610 εἰς
533 4554 725 4624 τροφὴν
778 4557 1096 4625 καταχρήση
1146 4562 1218 4625 τῷ
1264 4554 1513 4627 πλουτῳ;
1552 4557 1622 4619 εἷς
1673 4561 1825 4633 ἄρτος

223 4639 402 4700 ἱκανὸς
474 4637 855 4713 ἀποπληρῶσαι
911 4646 1161 4715 γαστέρα·
1216 4648 1279 4696 Τί
1356 4641 1443 4696 οὖν
1497 4644 1633 4718 λυπῇ
1684 4664 1697 4714 ;
1761 4650 1825 4710 ὡς

221 4732 365 4788 τίνος
412 4728 815 4804 ὑστερούμενος;
874 4727 1039 4794 Δόξης
1112 4740 1207 4794 τῆς
1266 4732 1365 4786 ἀπὸ
1421 4742 1513 4787 τοῦ
1558 4736 1823 4808 πλούτους

223 4817 334 4870 ἀλλ’
369 4816 454 4869 ἑὰν
482 4822 554 4891 μὴ
582 4824 760 4892 χαμαὶ
816 4820 1051 4894 ζητήσης
1083 4826 1176 4880 τὴν
1222 4818 1402 4893 δόξαν,
1461 4825 1695 4900 εὑρήσεις
1734 4831 1827 4886 τὴν

224 4906 478 4967 ἀληθινήν
508 4912 598 4960 καὶ
637 4907 900 4981 λαμπρὰν,
932 4911 1271 4982 προάγουσαν
1303 4931 1360 4965 σε
1396 4912 1468 4976 εὶς
1519 4918 1615 4973 τὴν
1663 4913 1828 4988 βασι-

221 4996 365 5049 λείαν
420 5003 521 5061 τῶν
571 4996 820 5070 οὐρανῶν.
886 5002 1294 5073 Σκορπιζόμενος
1344 5004 1445 5078 γὰρ
1509 5004 1829 5078 ὁ’π).οῦτος,

225 5086 349 5139 καθ’
404 5086 459 5139 ὃν
510 5087 537 5139 ὁ
570 5088 754 5160 Κύριος
809 5087 1114 5142 ὑποτίθεται
1170 5094 1382 5166 τρόπον,
1438 5096 1631 5166 πίφνκε
1653 5115 1831 5172 παρα-

300 5212 644 5292 (ςΠίςρίτφς
670 5209 932 5292 ὀφθαλμῲ
960 5216 1072 5273 καί.
1131 5216 1264 5273 Haec
1308 5216 1517 5276 addita
1566 5234 1641 5279 ex
1692 5236 1833 5281 con-

226 5280 394 5340 textu
424 5280 487 5338 et
506 5280 716 5353 codice
746 5280 949 5353 Regio,

302 5354 382 5422 (2;
413 5349 553 5406 Οὐδὶ
574 5354 628 5412 ἡ.
656 5353 819 5410 Idem
834 5349 1036 5412 'codex
1065 5353 1217 5412 οὐδὶν
1244 5356 1298 5418 ἡ.

302 5424 383 5504 ς3)
413 5424 473 5504 Ei
500 5426 804 5504 ρανμάζεις.
840 5427 1161 5504 Legiturrt
1214 5433 1516 5504 θαυμάζεις,
1561 5438 1710 5504 quid
1731 5440 1835 5499 ad.

227 5496 480 5581 gniraris
502 5496 610 5579 {in
626 5496 870 5581 duobus
898 5496 1212 5581 codicibus
1236 5496 1450 5581 Regiis,
1465 5496 1833 5581 quibuscum

229 5566 699 5703 ἒρῖὣιέῗοίοηοδ
723 5569 1106 5631 contulimus.
1141 5574 1287 5635 Sunt
1308 5566 1372 5636 Ei
1405 5566 1642 5640 codices
1698 5566 1833 5643 i970

1932 4560 2151 4617 lautius
2180 4553 2507 4611 vivendum
2536 4551 2564 4606 ?
2594 4551 2809 4603 Verum
2843 4542 3017 4616 panis
3043 4555 3200 4595 unus
3231 4534 3584 4592 exsatiando

1933 4647 2123 4706 ventri
2152 4643 2389 4701 sufficit.
2444 4637 2598 4706 Quid
2644 4636 2822 4706 igitur
2869 4629 3101 4688 tristitia
3136 4624 3439 4684 afﬁceris?
3482 4625 3589 4679 Cu-

1930 4738 2177 4809 jusnam
2216 4733 2299 4789 rei
2329 4729 2515 4787 fecisti
2536 4722 2880 4798 jacturam?
2903 4724 2990 4775 An
3017 4716 3218 4790 gloriae
3239 4731 3374 4788 qum
3401 4730 3474 4809 ex
3503 4711 3592 4809 di-

1937 4802 2091 4882 vitiis
2115 4822 2301 4879 oritur
2321 4820 2348 4874 ?
2375 4823 2445 4874 At
2494 4819 2543 4872 si
2573 4813 2743 4871 humi
2777 4809 3032 4882 gloriam
3081 4822 3205 4862 non
3254 4802 3587 4877 quaesieris,

1936 4929 2145 4972 veram
2172 4910 2338 4967 illam
2366 4923 2435 4964 ac
2449 4902 2855 4977 splendidam,
2873 4913 3009 4971 quae
3033 4900 3087 4953 te
3112 4895 3173 4952 in
3190 4910 3445 4967 regnum
3477 4908 3593 4948 ca:-

1937 5005 2136 5063 lorum
2166 4999 2422 5057 deducet
2448 4992 2743 5052 invenies.
2776 4990 2853 5059 (8)
2876 4987 3167 5060 Dispersa;
3191 4984 3351 5041 enim
3381 4996 3591 5037 secun-

1940 5095 2088 5153 dum
2112 5087 2347 5150 Domini
2390 5082 2692 5143 monitum
2721 5077 2942 5136 divitiae
2991 5074 3183 5133 solent
3217 5084 3595 5146 permanere,

2013 5220 2088 5292 (4)
2153 5215 2517 5291 Περιστάντες.
2582 5205 2821 5279 Legitur
2867 5203 2931 5261 in
2981 5203 3264 5259 contextu
3317 5192 3597 5268 περιστάν-

1941 5310 2204 5491 τεῖξῖεκ
2237 5374 2417 5415 serm.
2442 5349 2724 5412 ascetico,
2759 5350 2883 5404 325.

2039 5436 2091 5491 6)
2123 5436 2204 5488 Ex
2233 5432 2402 5488 hom.
2432 5428 2492 5484 in
2518 5420 2664 5480 illud
2696 5423 2883 5486 Lucae,

2039 5411 2093 5503 δῖ
2123 5411 2204 5488 ἕξ
2233 5411 2492 5503 113:;
2518 5420 2889 5503 illudhLucie‘,
2916 5416 3259 5482 Destruam,
3287 5411 3377 5468 45.

2013 5491 2094 5572 ζῆ
2122 5507 2201 5559 Ex
2241 5503 2411 5558 hom.
2440 5502 2503 5557 in
2533 5494 2784 5562 Divitel,
2820 5491 2904 5547 52.

2014 5568 2093 5650 (8)
2124 5573 2299 5644 lbid.,
2331 5577 2420 5631 53.
