4050 6220
591 258 723 322 “55

1597 250 1964 315 APPENDIX.
2005 286 2071 298 ——-
2112 252 2464 313 SYMEONIS
2502 255 3022 313 ΜΕΤΛΡΗΒΔΞΤΔΞ

3734 270 3847 326 “50

587 391 810 447 clausas
840 392 1042 444 autem
1068 385 1337 442 alienari.
1370 385 1428 441 Si
1451 383 1776 449 custodies,
1807 397 1931 439 non
1952 379 2234 447 habebis;

2354 383 2541 452 μένειν*
2603 382 2948 451 συνεχόμενος
2986 375 3068 449 δὲ,
3130 380 3525 456 ἁλλοτριοῦσθαι.
3577 388 3680 441 Ἐὰν
3702 391 3851 461 ρυλασ-

593 478 644 532 si
670 476 1005 548 dispergas,
1046 489 1169 528 non
1212 473 1473 529 amittes.
1518 473 1811 540 Dispersit
1841 471 2024 533 enim,
2075 468 2238 524 dedit

589 566 980 637 pauperibus,
1015 563 1261 633 justitia
1299 565 1427 632 ejus
1466 568 1663 618 manet
1711 562 1773 616 in
1823 561 2109 616 saeculum
2139 574 2242 614 sa:-

593 658 716 713 culi
744 657 811 711 ‘6.
846 655 920 724 (i)
954 654 1146 719 Quare
1176 651 1397 707 debent
1429 652 1532 723 qui
1577 649 1904 722 prudenter
1945 647 2241 719 judicant,

592 760 771 799 usum
801 742 1148 798 divitiarum
1198 740 1279 796 ad
1321 739 1840 812 dispensationem
1884 752 2242 793 concessum

588 832 949 898 existimare,
976 846 1099 886 non
1141 829 1221 885 ad
1252 828 1712 901 perfruendum:
1746 831 1803 883 et
1830 827 1922 882 his
1951 825 2244 897 depositis

587 921 798 989 laetari,
830 924 895 976 ut
917 920 994 975 ab
1022 918 1231 975 alienis
1253 917 1487 985 remoti,
1510 932 1633 973 non
1659 932 1816 985 aegre
1840 916 2013 982 ferre,
2032 919 2096 970 ut
2116 915 2243 970 suis

588 1009 825 1081 privati.
859 1008 1011 1074 Quid
1035 1007 1213 1076 igitur
1238 1005 1522 1061 afﬂictare
1543 1004 1571 1059 ?
1598 1004 1745 1076 quid
1777 1003 1982 1059 animo
2016 1004 2245 1058 discru-

590 1099 747 1154 ciare
774 1112 912 1151 cum
930 1095 1137 1152 audis:
1178 1094 1367 1150 Vende
1396 1109 1527 1165 qua:
1550 1093 1746 1160 habes,
1771 1098 1825 1149 et
1849 1093 1927 1149 da
1952 1092 2243 1161 pauperi-

510 1254 513 1255 ν
592 1187 697 1242 bus
727 1188 768 1220 ‘7
790 1186 817 1240 ?
842 1183 1068 1239 Etenim
1097 1184 1145 1238 si
1176 1187 1229 1237 te
1260 1185 1654 1253 sequerentur
1673 1181 1734 1236 in
1760 1179 2028 1236 futurum
2058 1194 2241 1234 saecu~

588 1276 737 1343 lum,
769 1290 844 1329 ne
875 1273 956 1328 sic
983 1271 1229 1345 quidem
1261 1276 1462 1326 essent
1491 1269 1819 1325 studiosius
1850 1266 2238 1340 exquirenda,

587 1369 793 1435 utpote
828 1378 964 1433 quae
996 1377 1031 1415 a
1059 1360 1322 1432 praemiis
1352 1359 1467 1414 illic
1504 1358 1781 1430 repositis
1809 1356 2238 1413 obscurentur:

587 1454 679 1507 sin
710 1456 912 1507 autem
950 1464 1226 1505 necessse
1249 1454 1338 1504 est
1367 1464 1438 1504 ea
1468 1448 1565 1502 hic
1595 1462 1860 1513 manere,
1887 1462 1993 1501 cur
2024 1462 2144 1501 non
2171 1461 2244 1500 ex

583 1540 679 1597 his
703 1539 1026 1595 divenditis
1055 1538 1290 1593 lucrum
1348 1536 1780 1608 exportamus?
1837 1538 1915 1604 (2)
1954 1533 2243 1606 Quisquis

588 1630 750 1685 enim
786 1628 945 1683 male
977 1626 1100 1681 suis
1130 1626 1311 1681 rebus
1350 1626 1553 1692 utitur,
1586 1623 1949 1679 miserabilis
1981 1628 2090 1685 est,
2120 1637 2245 1677 non

2354 489 2476 542 σῼςν
2531 469 2635 540 οὐχ
2675 468 2804 531 ἕξεις
3005 467 3087 521 έάν
3151 474 3447 546 σκορπίζῃς.
3506 476 3591 528 οὐκ
3625 476 3852 543 ἁπολίσιις.

2351 558 2712 631 Ἐσκόρπισεν,
2801 553 2961 609 ἔδωκε
3046 566 3149 619 τοῖς
3226 565 3447 625 πένησιν,
3516 565 3544 621 ἡ
3605 561 3849 626 δικαιοσύνη

2351 648 2513 700 αὑτοῦ
2595 651 2733 718 μένει
2811 645 2883 707 εἰς
2957 650 3044 698 τόν
3122 648 3283 701 αἰῶνα
3345 659 3430 703 τοῦ
3502 653 3684 714 αἰῶνος.
3728 654 3851 707 Ὥστε

2350 736 2702 808 οἰκονομικὴν,
2736 742 2824 787 τοῦ
2855 735 3081 789 πλούτου
3132 743 3222 796 τὴν
3259 748 3467 814 χρῆσιν,
3499 740 3593 793 ἀλλ’
3644 743 3721 794 οὐκ

2351 825 2660 894 λαυστικὴν,
2740 828 2865 886 τοὺς
2938 830 3208 900 σωφρόνως
3268 828 3608 901 λογιζομένους
3677 831 3851 902 νομίζειν

2350 922 2604 986 προσῆκε,
2652 917 2767 975 καὶ,
2821 912 3220 987 ἀποτιθεμένους
3269 921 3485 989 χαίρειν,
3537 917 3853 992 ὧςξάλλοτρίων

2352 1002 2764 1075 χωριζομένους,
2798 999 2907 1053 ἀλλ’
2933 1000 3061 1073 οὐχὶ
3108 999 3487 1079 δυσχεραίνειν,
3508 1007 3567 1065 ὡς
3597 1014 3683 1057 τῶν
3706 1006 3853 1059 οἰκείων

2351 1093 2715 1151 ἐκπίπτοντας.
2745 1095 2808 1143 Τί
2838 1087 2925 1141 οὖν
2953 1089 3123 1163 λυπῇ;
3176 1098 3229 1144 τί
3284 1095 3600 1155 καταπενθεῐς
3628 1102 3681 1165 τῇ
3722 1095 3855 1167 ψυχῇ,

2352 1178 2571 1232 ἀκούωνο
2650 1178 2898 1237 Πώλησόν
2978 1198 3074 1231 σου
3148 1184 3214 1233 τα
3295 1183 3615 1254 ὑπάρχοπτα,
3657 1188 3732 1235 καὶ
3794 1180 3857 1242 δὸς

2353 1274 2613 1339 πτωχοῖςς
2672 1270 2730 1319 Ei
2759 1272 2848 1340 μεν
2874 1270 2975 1342 γὰρ
3021 1269 3294 1327 ἠκολούθει
3335 1290 3415 1323 σοι
3456 1274 3574 1345 πρὸς
3623 1274 3675 1325 τὸ
3713 1271 3858 1343 μελλον,

2352 1354 2469 1409 οὐδ’
2523 1356 2681 1417 οὓτως
2708 1358 2768 1408 οἶν
2810 1354 2870 1415 ἦν
2922 1354 3382 1429 περισπούδαστα,
3430 1361 3525 1411 ὑπὸ
3572 1368 3659 1412 τῶν
3699 1360 3783 1411 ἐκεῖ
3809 1379 3859 1410 τι·

2353 1451 2484 1518 μέων
2534 1445 2960 1518 ἑπισκοτούμενα”
3022 1446 3067 1499 εἰ
3124 1445 3184 1501 δε
3240 1446 3436 1519 ἀνάγκη
3494 1452 3645 1521 μένειν
3681 1447 3863 1517 ενταῦθα,

2351 1541 2401 1587 τί
2432 1540 2502 1607 μὴ
2555 1534 2905 1601 πλωήσαντες,
2948 1540 3007 1588 τὸ
3065 1534 3156 1588 ἀπ’
3205 1536 3371 1589 αὐτῶν
3423 1534 3597 1609 κέρδος
3635 1536 3856 1608 ἀπενεγκό-

2354 1625 2520 1695 μεθα;
2585 1622 2643 1675 Ὀ
2707 1627 2797 1695 μεν
2871 1626 2973 1696 γὰρ
3030 1633 3203 1687 κακῶς
3253 1632 3364 1687 τςῑς
3405 1622 3521 1678 οὖσι
3562 1628 3861 1698 κεκορημένος,

586 1717 756 1773 aliter
785 1731 972 1788 quam
995 1714 1101 1786 qui
1118 1718 1365 1784 accepto
1384 1712 1462 1769 ad
1485 1712 1689 1767 hostes
1712 1711 2088 1767 ulciscendas
2119 1710 2239 1779 gla-

2357 1712 2583 1781 ἑλεεινός,
2629 1714 2695 1774 ὡς
2739 1714 2764 1764 ό
2822 1721 2893 1784 τῷ
2946 1713 3078 1785 ξίφει
3135 1715 3161 1765 ὅ
3209 1713 3358 1766 ἔλαϐε
3384 1718 3503 1789 πρὸς
3547 1719 3631 1773 τὴν
3657 1722 3739 1766 τῶν
3759 1713 3862 1765 πολε-

586 1806 688 1861 dio
711 1805 1101 1875 semetipsum
1132 1802 1326 1857 libens
1355 1801 1604 1858 sauciat.
1632 1803 1743 1866 Qui
1774 1806 1976 1856 autem
2005 1799 2159 1855 bene
2190 1807 2248 1859 et

588 1894 925 1950 secundum
941 1896 1168 1947 rectam
1182 1891 1476 1946 rationem
1502 1905 1597 1944 res
1622 1905 1762 1945 suas
1786 1892 2019 1953 tractat,
2043 1904 2113 1944 ac
2129 1887 2248 1944 dis-

586 1987 875 2056 pensator
912 1985 1000 2036 est
1021 1981 1325 2036 bonorum
1357 1995 1393 2034 a
1433 1981 1551 2034 Deo
1576 1978 1882 2044 datorum,
1914 1994 2023 2033 nec
2055 1993 2146 2045 ea,
2180 1983 2244 2035 ut

586 2073 716 2144 ipse
747 2070 1112 2143 perfruatur,
1152 2068 1439 2138 congerit,
1481 2067 1661 2124 laude
1690 2073 1747 2123 et
1785 2082 1992 2123 amore
2023 2066 2243 2136 dignus

586 2165 676 2218 est
705 2160 784 2216 ob
815 2159 1196 2215 dilectionem
1227 2157 1288 2213 in
1312 2156 1521 2213 fratres
1548 2173 1618 2213 ac
1643 2155 1953 2213 liberalem
1982 2164 2038 2212 et
2064 2157 2243 2213 bene-

586 2251 767 2307 ﬁcam
794 2247 1082 2304 indolem.

656 2432 710 2485 2.
734 2428 813 2498 (3)
835 2425 1035 2481 Videte
1055 2423 1581 2496 quemadmodum
1608 2423 1931 2479 multitudo
1962 2428 2243 2495 peccato-

584 2534 721 2574 rum
740 2504 1084 2572 nostrorum
1116 2517 1173 2570 et
1196 2514 1337 2569 anni
1371 2517 1757 2584 tempestates
1783 2529 1818 2570 a
1845 2530 1954 2569 sua
1972 2514 2241 2586 ipsarum

584 2610 802 2663 natura
821 2604 1158 2672 abduxerit,
1190 2608 1247 2659 et
1262 2606 1606 2674 temporum
1627 2601 1853 2658 formas
1881 2607 2242 2659 transmuta-

581 2695 732 2753 verit
758 2694 818 2751 in
848 2693 1079 2749 alienas
1118 2696 1580 2764 temperaturas.
1623 2691 1693 2761 (4)
1724 2691 1937 2747 Omnia
1962 2691 2236 2749 enimin-

585 2784 759 2840 solito
781 2782 966 2839 modo
980 2781 1262 2838 terminos
1282 2780 1599 2836 creationis
1613 2778 1785 2851 487
1809 2780 2242 2849 transgredien-

585 2874 666 2931 tia
690 2890 761 2929 ac
804 2871 962 2927 male
1010 2870 1089 2927 ad
1132 2876 1401 2926 nostram
1446 2868 1856 2941 conspirantia
1889 2869 2236 2941 perniciem,

585 2980 623 3021 a
650 2963 815 3019 victu
843 2966 899 3016 et
926 2961 1048 3015 vita
1079 2958 1362 3013 mortales
1394 2958 1671 3026 abigunt.
1713 2959 1854 3023 Quae
1883 2974 2024 3028 ergo
2056 2975 2240 3014 causa

2354 1808 2484 1874 μίων
2549 1803 2768 1874 ἄμυναν,
2828 1804 2993 1873 τούτῳ
3057 1803 3311 1865 ἑκουσίως
3368 1804 3539 1857 ἑαυτὸν
3602 1807 3862 1875 κατατιτρὼο

2357 1911 2512 1943 σκωνο
2534 1893 2559 1942 ό
2601 1887 2659 1943 δὲ
2684 1890 2859 1960 incede};
2903 1896 2992 1943 καὶ
3022 1911 3157 1943 κατα
3195 1896 3282 1944 τὸν
3324 1892 3470 1967 ὀρθόν
3514 1892 3647 1963 λόγον
3672 1893 3726 1944 τὰ
3746 1907 3863 1962 προσ·

2353 1986 2476 2033 όντα
2538 1981 2939 2055 μεταχειρίζων,
2999 1986 3089 2035 καὶ
3153 1981 3419 2054 οἰκονόμος
3484 1990 3576 2034 τῶν
3633 1982 3752 2054 παρὰ
3796 1982 3862 2030 τοῦ

2348 2078 2487 2124 Θεοῦ
2520 2066 2808 2142 δεδομένων
2833 2073 3118 2142 γινόμενος,
3166 2076 3238 2143 μὴ
3299 2072 3425 2143 οὐχὶ
3451 2073 3573 2143 πρὸς
3619 2066 3740 2123 ἰδίαν
3776 2066 3866 2119 ἀπὸ·

2350 2159 2536 2212 λαυσιν
2583 2159 2942 2233 θησαυρίζων,
2997 2158 3327 2213 ἐπαινεῖσθαι
3378 2165 3465 2213 καὶ
3516 2158 3780 2230 ἀγαπᾶσθαι
3804 2153 3865 2207 δί-

2349 2254 2499 2311 καιός
2541 2248 2673 2315 ἐστι,
2732 2244 2829 2302 διὰ
2878 2252 2937 2301 τὸ
3003 2245 3314 2321 φιλάδελφον
3365 2255 3452 2302 καὶ
3498 2252 3757 2301 κοινωνικὸν
3795 2250 3861 2297 τοῦ

2352 2344 2571 2411 τρόπου.

2423 2426 2700 2501 2.Ὀρᾶτε,
2754 2429 2912 2490 ὡςτό
2942 2426 3138 2491 πλῆθος
3187 2435 3289 2480 τῶν
3334 2428 3583 2504 ἡμετέρων
3622 2425 3867 2499 ἁμαρτημά-

2350 2535 2449 2567 των
2480 2521 2569 2568 καὶ
2596 2520 2689 2577 τὰς
2728 2518 2868 2588 ὧρας
2896 2524 2992 2568 τῶν
3052 2515 3259 2568 οἰκείων
3314 2516 3531 2589 ἐξήγαγε
3582 2518 3765 2587 φύσεων,
3805 2515 3867 2560 καὶ

2349 2612 2450 2655 τῶν
2505 2612 2697 2676 καιρῶν
2749 2607 2843 2667 τας
2922 2601 3060 2665 ἰδέας
3118 2605 3189 2667 είς
3263 2604 3564 2666 ἀλλοκότους
3609 2605 3783 2678 κράσεις
3812 2594 3871 2650 δι-

2350 2692 2558 2764 ήμειψε.
2604 2695 2781 2745 Πάντα
2827 2696 2929 2766 γάρ
2960 2703 3148 2756 καινῶς
3192 2696 3277 2765 (8)
3323 2693 3606 2768 ὑπερϐάντα
3630 2694 3728 2750 τούς
3761 2688 3870 2760 ὅρους

2349 2789 2445 2841 τῆς
2496 2787 2735 2849 κτίσεως,
2777 2788 2865 2833 καὶ
2923 2790 3095 2843 κακῶς
3132 2782 3198 2845 εἰς
3254 2788 3351 2841 τὴν
3408 2782 3522 2835 καθ’
3560 2783 3687 2854 ἡμῶν
3714 2796 3870 2848 συμφω-

2349 2876 2581 2928 νήσαντα
2629 2870 2853 2943 βλάϐην,
2922 2880 3013 2924 τοῦ
3073 2871 3195 2945 βίου
3252 2878 3343 2926 καὶ
3399 2882 3491 2935 τῆς
3541 2874 3665 2934 ζωῆς
3701 2863 3871 2926 τοῦςάνο

2352 2963 2587 3033 θρώπους
2660 2959 2953 3016 ἐλαύνουσι.
3020 2967 3106 3024 Τίς
3159 2960 3250 3015 οὖν
3312 2972 3406 3027 τῆς
3451 2961 3652 3024 ἀταξίας
3683 2961 3755 3009 καὶ
3806 2961 3872 3011 τῆς

584 3057 673 3107 est
702 3046 1160 3105 inordinationis
1176 3046 1357 3117 hujus
1381 3051 1559 3118 atque
1588 3046 1999 3102 confusionis?
2030 3050 2106 3117 (5)
2133 3048 2234 3103 Ni-

2351 3053 2666 3121 συγχύσεως
2695 3052 2723 3108 ἡ
2762 3050 2905 3102 αἰτία
2939 3068 2951 3118 ;
3015 3051 3134 3103 Ὀτι
3172 3051 3521 3124 λαμϐάνοντες
3556 3052 3707 3122 ἡμεῖς,
3748 3044 3873 3099 illa;

587 3140 809 3195 mirum
838 3136 982 3209 quia
1012 3151 1152 3189 cum
1174 3134 1608 3204 acceperimus,
1643 3134 1773 3190 aliis
1808 3150 1931 3190 non
1972 3134 2236 3207 imperti-

582 3245 742 3296 mus,
760 3225 1084 3282 laudamus
1109 3222 1594 3291 beneficentiam,
1622 3228 1676 3280 et
1693 3224 1904 3279 eadem
1926 3225 2236 3295 privamus

580 3331 827 3385 egenos.
881 3312 1071 3370 Liberi
1122 3328 1194 3368 ex
1240 3312 1426 3367 servis
1472 3312 1631 3379 facti,
1661 3329 2091 3371 conservorum
2114 3330 2238 3369 non

582 3403 965 3467 miseremur;
995 3402 1321 3457 esurientes
1343 3400 1661 3469 nutrimur,
1691 3406 2033 3471 etegentem
2055 3401 2238 3471 negli-

583 3491 803 3561 gimus.
822 3490 1070 3544 Divitem
1082 3488 1356 3543 datorem
1369 3504 1438 3543 ac
1450 3504 1732 3561 promum
1754 3488 2046 3545 habentes
2068 3490 2237 3561 parci

564 3578 776 3643 effecti
804 3593 1033 3647 sumus,
1062 3576 1327 3648 nihilque
1357 3592 1496 3631 cum
1518 3577 1887 3648 pauperibus
1906 3578 2238 3633 communi-

581 3684 811 3725 camus.
861 3667 1012 3723 Oves
1058 3670 1281 3721 nostrae
1333 3663 1650 3721 abundant
1678 3665 1915 3731 fetibus,
1949 3673 2005 3722 et
2044 3667 2239 3738 major

578 3757 885 3813 nudorum
898 3771 1187 3811 numerus
1201 3770 1392 3827 quam
1424 3753 1649 3810 ovium.
1676 3757 1896 3811 Horrea
1919 3756 1996 3811 ob
2018 3755 2240 3827 reposi-

583 3850 779 3902 tarum
810 3845 1052 3914 frugum
1076 3844 1315 3916 copiam
1346 3843 1407 3898 in
1433 3849 1761 3915 angustum
1781 3850 2098 3915 coguntur,
2126 3861 2237 3900 nec

580 3941 789 3991 tamen
818 3934 1103 4001 hominis,
1143 3932 1248 4004 qui
1281 3932 1576 4001 angustiis
1608 3939 1871 4005 urgetur,
1918 3934 2235 3990 commise-

579 4022 896 4076 rescimus.
944 4022 1020 4089 (6)
1076 4023 1307 4091 Pauper
1336 4035 1397 4073 es
1420 4021 1448 4075 ?
1486 4020 1644 4076 Alter
1684 4025 1769 4077 est
1807 4026 1859 4077 te
1892 4024 2235 4095 pauperior.

578 4110 731 4164 Sunt
758 4106 859 4163 tibi
881 4106 1107 4162 cibaria
1138 4106 1373 4161 dierum
1399 4106 1610 4162 decem
1636 4127 1649 4175 ;
1673 4109 1775 4177 illi,
1808 4112 2010 4166 unius.
2060 4112 2235 4176 Quod

579 4198 686 4253 tibi
712 4198 1001 4268 superest,
1029 4210 1100 4251 ac
1129 4194 1448 4262 redundat,
1472 4195 1533 4249 id
1556 4200 1615 4251 tu
1642 4212 1750 4252 ceu
1782 4198 1979 4254 bonus
2010 4217 2078 4255 ac
2108 4215 2237 4269 gra-

580 4292 674 4344 tus
705 4302 778 4341 ex
817 4301 992 4358 (equo
1025 4300 1164 4340 cum
1195 4289 1405 4355 egente
1444 4285 1741 4355 partiaris.
1769 4289 1845 4341 Ne
1885 4287 2121 4344 dubites
2162 4306 2235 4345 ex

2348 3139 2405 3191 οὐ
2434 3142 2758 3214 παρέχομεν·
2791 3146 2885 3197 τὴν
2954 3140 3257 3214 εὐεργεσίαν
3309 3142 3621 3213 ἐπαινοῦμεν,
3673 3140 3748 3187 καὶ
3788 3132 3873 3182 rai-

2346 3249 2437 3289 της
2508 3227 2887 3303 ἀποστεροῦμεν
2963 3234 3081 3290 τοὺς
3168 3226 3468 3304 δεομένους.
3566 3226 3723 3281 Δοῦλοι
3780 3226 3877 3275 ὄντες

2346 3317 2761 3393 ἐλευθερούμεθα,
2847 3323 2936 3371 καὶ
3025 3315 3347 3391 ὁμοδούλους
3425 3319 3518 3371 οὐκ
3599 3316 3867 3386 οἰκτείρομεν

2345 3416 2611 3466 πεινῶντες
2658 3410 2977 3479 τρεφόμεθα,
3029 3413 3117 3460 καὶ
3184 3412 3273 3461 τόν
3334 3405 3477 3467 ἐνδεῆ
3532 3407 3873 3479 παρατρέχομενο

2348 3491 2584 3553 Ἀνενδεῆ
2620 3500 2856 3568 χορηγὸν
2886 3502 2975 3548 καὶ
3027 3502 3217 3570 ταμίαν
3265 3499 3494 3570 ἔχοντες,
3550 3490 3758 3564 φειδωλοὶ
3799 3487 3871 3555 ἐγε-

2346 3586 2539 3656 νόμεθα
2591 3589 2682 3636 καί
2757 3583 3095 3643 ἀκοινώνητοι
3148 3590 3280 3661 πρὸς
3342 3590 3459 3647 τοὺς
3502 3589 3721 3642 πένητας.
3766 3574 3875 3627 πολύ-

2348 3692 2474 3723 τοκα
2504 3675 2649 3745 ἡμῶν
2696 3676 2763 3725 τά
2815 3673 3074 3749 πρόϐατα,
3134 3681 3224 3727 καὶ
3266 3678 3316 3727 οὶ
3364 3679 3551 3747 γυμνοὶ
3604 3679 3692 3722 τῶν
3734 3661 3873 3738 7.90523

2347 3780 2445 3812 των
2496 3760 2716 3822 πλείους.
2762 3764 2824 3814 Αἱ
2884 3761 3149 3822 ἁποθῆκαι
3215 3774 3289 3835 τῷ
3351 3763 3535 3822 πλήθει
3594 3768 3683 3811 τῶν
3723 3755 3873 3808 iam?

2347 3855 2506 3920 μένων
2533 3858 2846 3915 στενοῧνται,
2876 3856 2965 3921 δεαῇ
3014 3856 3101 3904 τὸν
3160 3851 3497 3926 ἐστενωμένον
3545 3851 3633 3902 οὐκ
3684 3846 3870 3913 ἐλεοῦμεν.

2350 3944 2509 4001 Πένης
2555 3938 2627 4007 si;
2684 3939 2784 3991 ἀλλ’
2834 3939 2987 3992 ἄλλου
3039 3940 3183 4013 ἔχεις
3222 3944 3431 4004 πάντως
3488 3942 3770 4007 πενέστερον.
3800 3932 3873 3979 ¹Σθὶ

2348 4024 2477 4080 δέκα
2515 4031 2717 4101 ἡμερῶν
2766 4032 2832 4080 τα
2882 4034 3045 4097 σιτία,
3104 4031 3280 4081 ἐκείνω
3335 4038 3479 4103 μιᾶς.
3519 4029 3602 4093 Ὠς
3648 4023 3777 4080 καλὸς
3812 4034 3874 4065 και

2346 4116 2618 4189 εὐγνώμων
2645 4118 2744 4189 (9),
2783 4122 2841 4169 τό
2892 4123 2980 4169 σόν
3036 4123 3276 4191 περιττὸν
3321 4118 3641 4171 ἐπανίσωσον
3670 4114 3776 4186 πρὸς
3814 4106 3873 4154 τὸν

2347 4201 2516 4263 ἐνδεῆ.
2572 4210 2656 4264 Μὴ
2719 4205 2949 4278 ὀκνήσῃς
2995 4206 3048 4258 ἐκ
3088 4214 3180 4259 τοῦ
3240 4206 3422 4280 ὀλίγον
3486 4201 3763 4272 δοῦναυμή
3793 4210 3874 4266 προ·

2346 4300 2579 4366 τιμήσῃς
2636 4298 2693 4346 τό
2771 4300 2860 4347 σόν
2904 4300 3161 4371 συμφέρον
3210 4294 3265 4347 ἐκ
3332 4304 3427 4348 τοῦ
3465 4300 3630 4346 κοινοῦ
3669 4282 3872 4340 κινδύνου·

578 4375 820 4431 modico
833 4375 997 4430 dare:
1013 4389 1088 4430 ne
1102 4372 1495 4429 commodum
1513 4379 1680 4429 tuum
1705 4376 1972 4446 periculo
1989 4377 2231 4448 publico

2350 4382 2454 4434 Κᾶν
2505 4389 2571 4443 εὶς
2616 4383 2701 4435 ἕνα
2745 4386 2897 4456 ἄρτον
2948 4392 3165 4459 περιστῇ
3200 4387 3229 4441 ἠ
3279 4390 3471 4458 τροφὴ,
3516 4382 3685 4451 ἐπιστῇ
3727 4368 3875 4441 (ἴτω)

579 4467 936 4536 anteponas.
972 4463 1145 4529 Quod
1177 4462 1227 4518 si
1240 4461 1318 4517 ad
1332 4478 1519 4517 unum
1536 4478 1754 4534 panem
1771 4463 2049 4521 redactus
2064 4466 2230 4523 ciba-

556 4560 675 4619 »tus
701 4554 1034 4625 sit,stetque
1047 4568 1156 4625 pro
1172 4551 1400 4607 foribus
1424 4552 2022 4625 mendicus,promito
2044 4573 2113 4612 ex
2133 4573 2233 4629 pe-

548 4642 840 4708 .nuillum
854 4658 1066 4709 unum,
1081 4642 1595 4714 quemimponens
1607 4644 1911 4715 manibus,
1925 4647 2233 4704 etintuens

577 4730 639 4786 in
653 4730 891 4801 caelum,
906 4729 1312 4787 miserabilem
1323 4730 1481 4787 hanc
1499 4731 1677 4788 simul
1694 4737 1753 4789 et
1770 4738 2002 4805 gratam
2021 4751 2231 4793 vocem

647 4928 695 4965 “
717 4926 872 4983 Psal.
904 4941 1014 4995 cxx,
1049 4929 1103 4981 9.
1181 4928 1225 4960 ιτ
1258 4927 1459 4984 Matth.
1495 4945 1605 4998 xix,
1638 4932 1727 4986 2i.

598 5158 601 5159 γ
646 5092 721 5155 (1)
748 5089 828 5143 Ex
857 5086 1022 5159 hom.
1052 5087 1118 5143 in
1139 5087 1373 5159 divites,
1404 5093 1492 5144 54.

540 5184 548 5191 ·
598 5158 601 5159 ⁷
643 5160 724 5229 (2)
765 5161 847 5213 Ex
876 5158 1041 5215 hom.
1073 5159 1148 5215 de
1167 5159 1413 5215 Invidia
1442 5163 1529 5214 96.

668 5229 719 5295 3)
752 5233 833 5284 Ex
861 5229 1027 5285 hom.
1059 5233 1122 5286 in
1152 5230 1417 5295 Famem,
1449 5234 1536 5286 63.

665 5304 718 5368 4)
738 5300 913 5368 Ibid.,
940 5306 1030 5356 63.

664 5372 714 5439 5)
741 5371 915 5438 Ibid.,
947 5375 1036 5427 64.

640 5443 719 5581 (οἲ
746 5441 921 5503 Ibid.,
948 5444 1038 5498 68.

642 5511 698 5581 (7
750 5513 875 5581 Οὐχ
895 5511 1038 5575 ἕξεις.

642 5511 719 5647 $7)
750 5513 875 5583 Οὐχ
895 5511 1309 5593 ἓξειςᾙῑθιδιίυθ
1337 5511 1529 5569 codex
1553 5514 1645 5567 οὐκ
1676 5519 1833 5590 ἔχεις.

669 5584 724 5647 8)
758 5588 977 5647 Καινῶς.
1008 5585 1101 5640 sic
1126 5583 1341 5647 legitur
1369 5584 1432 5642 in
1464 5585 1714 5645 homilia
1751 5606 1833 5647 un

669 5584 724 5647 8)
758 5588 977 5651 Καινῷς.
1008 5582 1101 5640 Sic
1126 5582 1341 5655 legitur
1369 5584 1432 5642 in
1464 5582 1915 5649 homilia'unde
1944 5594 2070 5652 haec
2112 5596 2215 5653 de-

2346 4479 2460 4533 ταίς
2494 4474 2676 4546 θύραις
2707 4475 2731 4526 ὁ
2764 4475 2955 4545 ζητῶν,
2981 4480 3303 4547 προκόμισον
3356 4473 3412 4525 ἐκ
3442 4480 3531 4525 τοῦ
3578 4470 3781 4542 ταμιείου
3814 4460 3872 4509 τόν

2344 4561 2449 4626 ἕνα,
2481 4568 2568 4613 καὶ
2600 4562 2795 4624 ἐπιθεὶς
2825 4571 2943 4624 ταῖς
2988 4569 3172 4635 χερσὶ,
3203 4567 3337 4636 πρός
3398 4563 3609 4638 οὐρανὸν
3654 4556 3873 4609 ἀνατείνας,

2344 4650 2451 4702 εἰπὲ
2498 4648 2646 4721 λόγον
2689 4651 2897 4703 ἐλεεινὸν
2953 4653 3082 4724 ὁμοῦ
3134 4656 3225 4704 καὶ
3273 4652 3593 4724 εὐγνώμονα.
3634 4642 3711 4705 Εἷς
3762 4638 3873 4709 ἄρτος

2342 4739 2395 4790 ὄν
2423 4738 2560 4813 ὁρᾷς,
2617 4743 2797 4814 Κύριε,
2833 4744 2922 4793 καὶ
2966 4741 2992 4793 ὀ
3034 4737 3277 4801 κίνδυνος
3325 4744 3609 4815 προφανὴς,
3660 4731 3752 4785 ἀλλ’
3803 4723 3874 4794 ἢν

2341 5099 2587 5167 sumpta
2610 5099 2767 5153 sunt.
2798 5101 2868 5154 At
2882 5098 3006 5154 duo
3021 5097 3208 5154 nostri
3231 5095 3475 5154 codices
3489 5092 3697 5152 habent
3710 5079 3867 5163 κοιυῦᾗ.

2339 5170 2749 5251 communiter,
2774 5169 2938 5226 unde
2980 5169 3238 5227 arbitror
3261 5168 3492 5227 factum
3516 5179 3673 5224 esses
3717 5168 3867 5211 κοίνου(

2337 5239 2678 5379 ωῶῗλέιοῗλὸς
2703 5316 2820 5385 καί,
2840 5312 3141 5385 εὐγνώμων.
3183 5310 3277 5385 Sic
3325 5310 3403 5385 in_
3435 5306 3637 5366 homil.

2335 5373 2658 5449 Regiorum
2690 5373 2969 5439 codicum
2989 5373 3137 5440 alter
3164 5381 3323 5443 καλὸς
3354 5382 3635 5452 εὐγνώμων.
3656 5373 3783 5452 Editi
3798 5382 3863 5452 ιξς

2332 5443 2451 5517 λῶξ
2479 5456 2773 5529 εὐγνώμων.
2826 5458 2956 5512 Mox
2997 5454 3140 5512 editi
3189 5443 3544 5509 ἐπωάσῶσον.
3574 5452 3693 5507 Mss.
3732 5443 3785 5497 ut
3821 5445 3865 5490 In

2545 5599 2763 5671 Ἐπιστῄ
2790 5594 2869 5651 δέ.
2886 5596 2979 5655 Sic
3005 5597 3241 5655 codices
3268 5611 3415 5655 mss.
3440 5591 3583 5651 Editi
3601 5589 3765 5655 έτῖιπᾶ
3778 5578 3862 5641 ne"
