4068 6220
478 286 616 346 1159

1421 276 1789 337 APPENDIX.
1828 302 1896 315 --
1936 270 2280 332 SYMEONIS
2321 264 2845 328 METAPHBASTAZ

3700 260 3850 315 1160

474 413 554 486 (1)
586 417 787 487 Neque
844 410 1005 468 enim
1059 405 1474 466 misericordia
1533 404 1661 461 sine
1706 400 1935 474 judicio
1966 396 2129 472 apud

2262 398 2499 469 ιασμένον
2565 400 2638 464 τῷ
2703 388 2931 460 διαϐόλῳ
2998 390 3085 439 καὶ
3142 392 3250 447 τοῖς
3323 384 3558 457 ἆγγῦοις
3635 382 3845 439 αὐτοῦε

476 506 685 569 Deum,
739 515 935 573 neque
980 498 1278 570 judicium
1318 495 1444 552 sine
1500 490 1930 550 misericordia.
1983 491 2130 543 Ante

470 590 769 662 judicium
800 588 979 658 igitur
1007 587 1199 657 diligit
1223 582 1723 647 misericordiam,
1782 584 1837 635 et
1861 582 1997 651 post
2022 578 2132 633 mi-

478 678 868 736 sericordiam
899 677 1061 733 venit
1116 675 1195 733 ad
1228 673 1546 746 judicium.
1581 674 1714 727 llzec
1742 674 1945 726 autem
1981 668 2135 723 inter

482 785 543 826 se
573 768 895 839 conjuncta
937 770 1113 823 sunt:
1143 762 1559 821 misericordia
1599 777 1739 817 cum
1760 757 2019 831 judicio;
2058 771 2134 814 ne

480 862 587 916 aut
618 856 1033 913 misericordia
1081 854 1211 911 sola
1268 851 1579 909 mollitiem
1608 848 1824 922 pariat,
1851 852 1956 905 aut
1975 845 2135 919 judi-

482 949 642 1005 cium
664 946 861 1003 solum
882 945 1093 1003 afferat
1118 941 1622 1017 desperationem.

553 1128 606 1181 4.
643 1125 721 1189 (2)
762 1124 818 1179 Si
845 1137 969 1179 non
999 1120 1289 1185 occidisti,
1340 1136 1463 1177 non
1501 1116 1861 1175 adulterium
1888 1111 2139 1171 commi-

485 1214 632 1282 sisti,
673 1228 870 1284 neque
929 1212 1156 1268 furatus
1196 1226 1280 1277 es,
1312 1224 1509 1281 neque
1556 1211 1763 1264 contra
1788 1203 2140 1277 quempiam

480 1303 701 1359 falsum
766 1301 1174 1357 testimonium
1218 1299 1419 1355 dixisti
1456 1316 1467 1353 :
1504 1295 1898 1353 nihilominus
1939 1298 2141 1349 tamen

487 1391 826 1449 adhibitam
846 1390 905 1444 in
930 1389 1022 1444 his
1036 1387 1288 1460 agendis
1312 1385 1684 1455 diligentiam
1707 1382 2143 1439 tibiinfructuo-

492 1497 623 1537 sam
650 1479 857 1548 efﬁcis,
904 1478 1012 1550 qui
1061 1476 1230 1549 quod
1278 1476 1579 1548 reliquum
1605 1479 1695 1529 est
1722 1488 1844 1528 non
1870 1470 2141 1542 adjicias,

490 1584 613 1640 quo
647 1566 779 1623 solo
805 1566 1002 1638 possis
1033 1565 1094 1621 in
1126 1565 1226 1620 Dei
1246 1580 1498 1633 regnum
1523 1561 1873 1632 ingredi.Ac
1897 1558 2144 1631 quidem

491 1657 909 1713 simedicusea
927 1655 1201 1710 membra
1229 1670 1364 1725 quae
1388 1670 1424 1709 a
1443 1657 1659 1708 natura
1678 1650 1774 1706 vel
1799 1665 1835 1705 a
1854 1647 2144 1722 quapiam

2238 490 2369 538 Οὔτε
2425 486 2526 558 γὰρ
2580 484 2609 540 ἡ
2670 480 2985 552 ἐλεημοσύνη
3026 478 3241 551 ἄκριτος
3277 479 3417 548 παρὰ
3455 483 3590 544 Θεῷ,
3646 477 3767 525 οὔτε
3806 474 3836 530 ἡ

2238 580 2414 647 κρίσις
2454 571 2762 643 ἀνελεημων.
2821 571 2928 641 Πρὸ
2979 570 3069 639 μὲν
3114 568 3211 637 γὰρ
3264 573 3356 624 τῆς
3405 569 3629 636 κρίσεως
3657 560 3842 633 ἀγαπᾲ

2241 663 2607 735 ἐλεημοσύνην,
2658 665 2747 711 καὶ
2820 660 2952 730 μετὰ
3001 660 3093 714 τὴν
3134 654 3477 726 illaquod-am
3509 657 3727 724 ἔρχεται
3758 651 3842 702 ἐπὶ

2240 758 2334 812 τὴν
2372 757 2567 825 κρίσιν.
2622 756 2801 803 Ταῦτα
2865 743 2924 799 δὲ
2969 744 3207 806 ἀλλήλοις
3247 744 3604 809 συνέζευκται,
3638 744 3667 792 ό
3703 739 3839 800 ὓμεος

2242 845 2373 916 μετὰ
2410 850 2499 901 τῆς
2536 844 2774 915 κρίσεως,
2825 840 2907 889 ἱνα
2946 842 3077 907 μήτε
3108 836 3133 885 ό
3180 833 3310 894 ἕλεος
3337 835 3489 905 μόνος
3527 835 3841 903 χαυνότητα

2242 930 2529 1004 ἐμποιήσῃ,
2571 933 2701 1002 μήτε
2766 930 2893 999 μόνη
2954 926 2982 983 ἡ
3045 928 3219 999 κρίσις
3276 920 3567 993 ἀπόγνωσιν
3627 918 3839 993 ἐνεργά-

2247 1041 2426 1080 σηται.

2315 1113 2368 1166 4.
2410 1108 2472 1161 Εἰ
2535 1107 2629 1160 οὐκ
2687 1105 2980 1179 ἐφόνευσας,
3023 1106 3139 1154 οὔτε
3176 1099 3518 1173 ἐμοίχευσας,
3549 1102 3661 1151 οὔτε
3704 1098 3843 1150 ἔκλεε

2246 1200 2367 1272 ψας,
2418 1201 2533 1250 οὔτε
2589 1195 3052 1269 κατεμαρτύρησάς
3110 1208 3246 1253 τινος
3286 1194 3574 1261 μαρτυρίαν
3627 1183 3842 1258 ψευδῆ·

2248 1288 2489 1346 ἀνόνητον
2549 1292 2751 1355 σεαυτῷ
2810 1289 2969 1342 ποιεῖς
3028 1285 3121 1338 τὴν
3174 1282 3293 1352 περὶ
3349 1285 3516 1329 ταῦτα
3575 1272 3842 1345 σπουδήν,

2248 1384 2320 1452 μὴ
2354 1379 2651 1453 προστιθεὶς
2706 1377 2764 1426 τὸ
2818 1373 3007 1442 λεῖπον,
3071 1366 3144 1421 δι’
3197 1368 3257 1420 οὗ
3309 1372 3465 1439 μόνου
3500 1362 3703 1437 δυνήσῃ
3742 1363 3845 1417 εἰσ-

2251 1468 2407 1521 ελθεῖν
2459 1466 2526 1526 εἰς
2562 1470 2655 1522 τὴν
2712 1459 2983 1535 βασιλείαν
3023 1466 3113 1510 του
3154 1464 3306 1511 Θεοῦ.
3340 1461 3438 1508 Καὶ
3469 1455 3626 1526 εἰμεν
3667 1454 3845 1529 ἰατρὸς

2252 1556 2589 1628 ἐπηγγέλλετο
2636 1550 2977 1621 κολοϐῶματα
3046 1546 3227 1619 μελῶν,
3293 1544 3347 1596 ἐκ
3416 1548 3617 1615 φύσεως
3692 1545 3722 1599 ἦ
3796 1541 3845 1604 ἐξ

2253 1647 2544 1723 ἀρρωστίας
2590 1645 2854 1715 προσόντα
2894 1657 2996 1703 σοι,
3032 1634 3450 1710 διορθώσασθαι,
3491 1632 3584 1684 οὐκ
3623 1631 3684 1684 ἂν
3722 1632 3854 1689 £306-

486 1746 833 1803 inﬁrmitate
854 1744 1067 1799 mutila
1086 1720 1298 1811 habes,
1325 1743 1736 1798 restituturum
1762 1755 1824 1795 se
1844 1720 2146 1811 promitte-

2262 1756 2366 1795 αεις
2419 1733 2645 1785 ἀκούωνι
2716 1728 2826 1780 ἐπεὶ
2876 1723 2934 1779 δὲ
2983 1727 3007 1776 ό
3062 1728 3220 1795 μέγας
3267 1730 3364 1773 τῶν
3412 1722 3603 1791 ψυχῶν
3672 1720 3853 1791 ἰατρός

491 1841 600 1903 ret,
636 1834 899 1907 profecto
942 1832 1001 1887 id
1034 1848 1171 1887 cum
1216 1848 1474 1887 maerore
1515 1846 1638 1886 non
1693 1828 1968 1884 audires:
2001 1824 2146 1898 quia

486 1941 629 1980 vero
644 1938 901 1992 magnus
915 1922 1260 1977 animorum
1273 1921 1544 1975 medic’us
1568 1924 1620 1975 te
1633 1916 1952 1991 praecipuis
1964 1915 2144 1970 rebus

486 2013 840 2068 destitutum
878 2010 1000 2065 vult
1032 2010 1362 2081 perfectum
1397 2008 1646 2064 reddere
1679 2022 1783 2079 per
1820 2005 2146 2075 eleemosy-

486 2116 653 2169 nam,
668 2098 1028 2155 beneﬁcium
1040 2098 1341 2169 ejusmodi
1362 2112 1484 2152 non
1497 2096 1740 2167 accipis,
1766 2093 2054 2162 sedluges
2073 2108 2145 2148 ac

488 2208 706 2248 mmres
719 2188 1177 2261 animo,tibique
1191 2188 1423 2243 inutilia
1435 2187 2028 2257 efﬁcis,qua:cunque
2042 2198 2143 2238 an-

491 2285 587 2338 tea
604 2278 914 2336 laborasti.
931 2281 998 2347 (3)
1017 2281 1143 2333 Non
1157 2276 1261 2333 tibi
1278 2276 1404 2348 ipse
1416 2272 2103 2347 magnoperelaborabis
2117 2272 2145 2327 ?

488 2385 611 2427 non
632 2370 691 2424 in
716 2367 987 2440 praesenti
1022 2366 1243 2422 saeculo
1274 2365 1564 2421 recondes
1580 2380 1714 2437 quae
1732 2364 1811 2418 ad
1832 2362 1944 2418 aevi
1960 2361 2144 2417 futuri

492 2459 765 2531 requiem
799 2459 1091 2529 spectant,
1129 2455 1231 2511 ubi
1263 2454 1341 2510 ad
1372 2454 1633 2519 formicae
1673 2451 2017 2523 exemplum
2046 2465 2142 2506 re-

489 2548 755 2621 spexeris
776 2548 803 2603 ?
839 2562 977 2619 qua:
1007 2544 1069 2601 in
1098 2549 1303 2603 aestate
1320 2544 1431 2599 sibi
1456 2544 1569 2616 ipsi
1589 2542 1861 2599 recondit
1886 2540 2143 2598 hiemale

490 2637 868 2703 alimentum,
898 2651 1030 2703 nec,
1052 2634 1198 2707 quia
1217 2633 1488 2689 nondum
1513 2632 1737 2690 adsunt
1755 2630 2145 2688 incommoda

491 2726 729 2793 hiemis,
763 2724 1023 2794 segniter
1052 2728 1291 2795 tempus
1317 2722 1592 2791 traducit,
1637 2721 1744 2777 sed
1791 2718 2145 2777 inexorabili

491 2813 763 2890 quadam
785 2812 1092 2883 diligentia
1111 2812 1190 2869 ad
1219 2828 1467 2885 operam
1492 2828 1554 2868 se
1579 2811 1713 2884 ipsa
1742 2814 1931 2879 urget,
1952 2809 2147 2867 donec

496 2904 893 2961 sufficientem
923 2903 985 2959 in
1013 2902 1237 2959 cellulis
1282 2902 1615 2973 reposuerit
1644 2901 2016 2957 alimoniam.
2046 2904 2149 2956 Ne-

495 3011 614 3069 que
635 2995 696 3050 id
716 2993 1104 3064 negligenter,
1137 2991 1242 3048 sed
1269 2992 1445 3047 efficit
1485 2991 1739 3063 sapienti
1766 2990 2033 3062 quadam
2058 3005 2149 3045 so-

2253 1826 2438 1879 τέλειόν
2470 1842 2525 1874 σι
2550 1817 2644 1873 διὰ
2689 1827 2783 1877 τῆς
2814 1815 3156 1888 ἐλεημοσύνης
3208 1820 3431 1869 ποιῆσαι
3472 1808 3715 1882 βούλεται
3743 1815 3855 1869 τοῖς

2254 1914 2620 1987 καιριωτάτοις
2668 1907 2977 1968 ἐλλείποντα,
3034 1902 3089 1953 οὐ
3146 1898 3281 1973 δέχῃ
3349 1904 3443 1957 την
3481 1901 3664 1969 χάριν,

2254 2006 2448 2062 πενθεῖς
2512 2005 2601 2052 καὶ
2664 1994 3053 2070 σκυθρωποὶζεις
3120 1987 3441 2061 ὀδυνώμενος
3494 1991 3586 2046 τὴν
3643 1987 3851 2058 ψυχὴν,

2253 2100 2343 2147 καὶ
2379 2099 2543 2153 ποιεῖς
2585 2094 2784 2156 σεαυτῷ
2831 2086 3087 2157 ἄχρηστα
3147 2082 3318 2133 πάντα
3353 2080 3453 2130 ὅσα
3508 2096 3591 2129 σοι
3656 2095 3859 2149 προπεςι

2252 2188 2495 2241 πόνηται.
2560 2178 2635 2231 Οὐ
2674 2175 3035 2247 φιλοπονησεις
3073 2174 3192 2244 περὶ
3246 2174 3508 2233 accurat);
3562 2167 3659 2217 οὐκ
3691 2164 3743 2216 ἐν
3781 2171 3855 2234 τῷ

2250 2277 2471 2347 παρόντι
2517 2269 2664 2322 αἰῶνι
2693 2263 3081 2340 προαποθησεις
3137 2261 3231 2319 τὰς
3280 2265 3370 2310 τοῦ
3424 2255 3691 2328 μέλλοντος
3733 2252 3858 2306 ἄνα-

2252 2364 2493 2427 παύσεις,
2554 2358 2679 2432 πρὸς
2718 2358 2773 2406 τό
2828 2347 3128 2421 ὑπόδειγμα
3164 2354 3256 2399 τοῦ
3302 2349 3577 2421 μύρμηκος
3628 2342 3855 2395 ἀποϐλέ-

2251 2450 2394 2523 ψαςς
2448 2450 2500 2511 ὃς
2531 2447 2580 2500 ἐν
2610 2448 2743 2519 θέρει
2768 2447 2861 2499 τὴν
2897 2442 3163 2512 χειμέριον
3212 2440 3405 2510 τροφὴν
3446 2434 3613 2502 ἐαυτῷ
3655 2435 3859 2488 θησαυ-

2250 2540 2409 2613 ρίζει,
2463 2540 2555 2589 καὶ
2607 2533 2710 2604 οὐχ
2747 2532 2828 2583 ὅτι
2867 2533 3025 2601 μήπω
3086 2528 3312 2598 πάρεστι
3349 2525 3414 2574 τὰ
3462 2528 3553 2574 τοῦ
3598 2528 3858 2593 χειμῶνος

2249 2608 2598 2703 λυπηρὰ,διὰ
2640 2622 2899 2697 ῥᾳθυμίας
2922 2618 3255 2692 παραπέμπει
3295 2614 3382 2667 τόν
3437 2614 3652 2688 χρόνον,
3724 2608 3863 2665 ἀλλὰ

2254 2714 2463 2789 σπουδῇ
2516 2734 2617 2767 τινι
2674 2711 3015 2784 ἀπαραιτήτῳ
3078 2708 3209 2780 πρὸς
3252 2708 3344 2761 τὴν
3394 2700 3643 2773 ἐργασίαν
3673 2700 3862 2752 ἑαυτὸν

2254 2809 2561 2872 κατατείνει,
2614 2802 2707 2861 ἕως
2745 2798 2805 2849 ἂν
2849 2800 2941 2855 τὴν
2982 2793 3243 2868 ἀρκοῦσαν
3308 2796 3503 2863 τροφήν
3540 2787 3866 2847 ἐναπόθηται

2256 2902 2361 2956 τοῖς
2412 2896 2697 2966 ταμιείοις*
2729 2892 2820 2940 καὶ
2874 2882 2998 2938 οὐδε
3042 2890 3195 2935 τοῦτο
3240 2880 3506 2955 ῥᾳθύμως,
3720 2883 3862 2950 σοφῇ

2256 3006 2357 3038 τινι
2412 2982 2612 3054 ἐπινοίᾳ
2666 2984 2757 3037 τὴν
2805 2980 2996 3050 τροφὴν
3035 2972 3361 3025 ἐπιπλεῖστον
3415 2966 3649 3043 διαρκεῖν
3679 2986 3867 3041 μηχα-

498 3084 759 3151 lertia,ut
773 3083 976 3155 ipsum
994 3081 1343 3137 alimentum
1358 3096 1545 3153 quam
1567 3081 1901 3136 diutissime
1914 3094 2148 3136 conser-

2262 3081 2498 3147 νῶμενος.
2572 3074 2849 3123 Διακόπτει
2921 3066 3023 3139 γὰρ
3087 3069 3201 3123 ταῖς
3266 3059 3449 3112 ἑαυτοῦ
3508 3056 3704 3129 χηλαῖς
3764 3065 3867 3108 τῶν

502 3180 691 3231 vetur.
739 3172 1004 3228 Dissecat
1033 3172 1192 3228 enim
1215 3171 1337 3227 suis
1368 3170 1607 3238 ungulis
1638 3170 1869 3226 medios
1900 3169 2148 3236 fructus,

503 3279 579 3319 ne
609 3261 1015 3332 germinantes
1055 3260 1165 3315 sibi
1198 3261 1276 3315 ad
1305 3260 1735 3315 nutrimentum
1765 3258 2003 3315 inutiles
2023 3257 2154 3314 red-

505 3352 747 3407 dantur.
771 3348 1027 3404 Eosdem
1044 3349 1220 3404 etiam
1238 3348 1513 3415 exsiccat,
1565 3352 1711 3415 tum,
1738 3364 1878 3403 cum
1897 3363 1997 3403 eos
2018 3362 2151 3403 sen-

504 3440 573 3495 tit
600 3437 972 3493 madefactos
1006 3455 1019 3489 :
1051 3453 1161 3493 nec
1194 3438 1360 3492 omni
1408 3442 1675 3508 tempore
1704 3453 1809 3492 eos
1836 3438 2148 3509 expromit,

508 3528 615 3585 sed
644 3543 783 3581 cum
814 3541 1013 3583 aerem
1064 3526 1124 3581 in
1182 3542 1392 3583 sereno
1431 3532 1586 3582 statu
1628 3542 1983 3581 mansurum
2024 3541 2151 3581 esse

508 3616 902 3692 praesenserit.
928 3619 1053 3671 Non
1079 3616 1282 3687 utique
1302 3616 1773 3672 videasimbrem
1796 3633 1867 3672 ex
1889 3615 2153 3671 nubibus

507 3708 889 3777 defluentem,
923 3709 1149 3777 quanto
1171 3710 1436 3777 tempore
1459 3720 1495 3761 ιι
1518 3706 1783 3761 formicis
1815 3706 2154 3777 expositum

507 3797 877 3854 frumentum
911 3800 1019 3850 est.
1050 3795 1125 3865 (4)
1160 3794 1392 3850 Imitare
1424 3800 1662 3862 terram,
1714 3811 1748 3850 ο
1774 3795 1991 3861 homo;
2033 3794 2155 3850 fru-

508 3890 671 3942 ctum
698 3883 899 3955 profer
918 3883 1078 3939 velut
1104 3883 1221 3949 illa,
1246 3899 1319 3938 ne
1341 3898 1402 3937 re
1423 3883 1758 3940 inanimata
1781 3884 2022 3939 videare
2052 3882 2156 3938 de-

509 3974 706 4032 terior.
742 3975 875 4027 Haac
896 3972 1058 4026 enim
1084 3970 1328 4041 fructus,
1363 3987 1484 4027 non
1530 3978 1594 4027 ut
1638 3973 1769 4045 ipsa
1797 3972 2155 4043 perfruatur,

512 4061 621 4117 sed
652 4060 729 4115 ad
754 4075 933 4113 usum
953 4064 1125 4114 tuum
1152 4059 1446 4115 enutrivit.
1474 4062 1555 4115 'l‘u
1576 4076 1714 4116 vero
1735 4076 2161 4133 quemcunque

512 4148 925 4207 beneficentiae
938 4146 1197 4201 fructum
1211 4147 1562 4213 ostenderis,
1580 4164 1719 4205 eum
1732 4150 1838 4204 tibi
1856 4150 1973 4222 ipsi
2000 4149 2163 4207 colli-

515 4236 626 4307 gis,
658 4234 803 4307 quia
826 4234 1125 4289 bonorum
1167 4248 1420 4305 operum
1442 4236 1632 4303 gratia
1652 4236 1713 4291 in
1742 4236 2052 4307 largitores
2077 4253 2165 4293 re-

514 4324 774 4382 vertitur.
805 4320 1023 4379 Dedisti
1058 4322 1361 4392 esurienti,
1394 4327 1451 4378 et
1472 4328 1641 4380 tuum
1672 4324 1735 4379 fit
1759 4326 1923 4396 quod
1953 4326 2162 4383 datum

2260 3170 2471 3237 καρπῶν
2529 3164 2586 3213 τὸ
2655 3162 2987 3231 μεσαίτατον,
3028 3155 3091 3212 ὡς
3150 3150 3210 3201 ἂν
3258 3155 3328 3221 μή
3388 3146 3654 3219 ἐκρυέντες
3686 3147 3873 3219 ἄχρις-

2266 3274 2377 3307 στοι
2442 3254 2572 3326 πρὸς
2615 3251 2809 3323 τροφὴν
2849 3243 2988 3313 αὐτῷ
3019 3246 3274 3313 γένοιντο·
3336 3243 3424 3289 καὶ
3454 3233 3719 3306 amt.qu
3749 3237 3872 3286 roti-

2262 3362 2399 3406 τους,
2464 3342 2584 3393 ὅταν
2642 3337 2893 3393 αἴσθηται
2932 3331 3098 3384 αὐτῶν
3150 3326 3491 3402 διαϐρόχωνο
3532 3329 3622 3376 καὶ
3676 3323 3778 3378 οὐκ
3818 3322 3870 3376 ἐν

2263 3438 2417 3486 παντὶ
2473 3426 2749 3503 προϐάλλει
2790 3430 2977 3497 καιρῷ,
3035 3418 3142 3470 ἀλλ’
3186 3420 3307 3470 ὅταν
3364 3415 3722 3491 προαίσθηται
3774 3421 3867 3464 τοῦ

2264 3521 2411 3597 ἀέρος
2465 3519 2515 3573 ἐν
2576 3514 2751 3587 εὐὸινῇ
2830 3512 3153 3564 καταστάσει
3211 3507 3610 3580 φυλαττομένου.
3660 3502 3867 3574 Ἀμέλει

2263 3614 2357 3666 ουκ
2402 3611 2460 3663 διν
2516 3604 2652 3669 ἴδοις
2693 3603 2881 3678 ὄμϐρον
2925 3601 2979 3654 ἐκ
3023 3607 3179 3671 νεφῶν
3227 3595 3545 3671 ἐπιρρυέδτα,
3572 3592 3701 3668 παρ’
3740 3594 3870 3645 ὅσον

2263 3707 2453 3776 χρόνον
2493 3700 2548 3751 ἐκ
2593 3705 2689 3749 τῶν
2744 3698 3030 3767 μυρμήκων
3081 3693 3104 3741 ό
3155 3696 3301 3748 σῖτος
3348 3684 3721 3758 προϐέϐληται.
3770 3687 3873 3736 Mi.

2266 3810 2435 3865 μησαι
2480 3794 2570 3846 την
2632 3794 2749 3857 γῆν,
2802 3784 3058 3855 ἄνθρωπε,
3107 3781 3505 3849 καρποφόρησον
3554 3776 3623 3833 ὡς
3676 3770 3869 3835 ἐκείνη,

2268 3885 2337 3953 μὴ
2408 3883 2601 3953 χείρων
2645 3878 2918 3946 φανῇςτῆς
2946 3868 3181 3939 ἀψύχου.
3212 3866 3407 3920 Ἐκείνη
3468 3866 3557 3934 μὲν
3603 3865 3703 3934 γὰρ
3749 3864 3871 3920 τοὺς

2269 3972 2498 4043 καρποὺς
2536 3965 2628 4017 οὐκ
2674 3963 2741 4024 εἰς
2783 3961 2968 4017 ἑαυτῆς
3009 3956 3318 4019 ἀπόλαυσιν,
3363 3951 3469 4004 ἀλλ’
3518 3950 3588 4010 εἰς
3629 3956 3723 4006 τήν
3775 3953 3874 4006 σήν

2271 4061 2559 4131 ὑπηρεσίαν
2596 4050 2853 4126 ἐξέθρεψε.
2895 4052 2959 4101 Σὺ
3011 4043 3069 4099 δὲ
3108 4045 3161 4096 ὃν
3228 4042 3287 4095 ἂν
3341 4037 3573 4111 ἐπιδείξῃ
3634 4048 3727 4099 τῆς
3797 4037 3879 4090 εὖ·

2271 4152 2445 4207 ποιίας
2499 4146 2717 4218 καρπόν,
2780 4146 2979 4207 σεαυτῷ
3031 4142 3210 4187 τοῦτον
3253 4134 3509 4201 συνάγεις,
3562 4125 3706 4180 διότι
3776 4134 3877 4178 τῶν

2275 4237 2482 4309 ἀγαθῶν
2530 4236 2690 4306 ἔργων
2735 4231 2790 4281 αἱ
2841 4229 3057 4300 χάριτες
3097 4222 3180 4275 ἐπὶ
3228 4225 3343 4281 τοὺς
3387 4215 3633 4277 διδόντας
3688 4216 3882 4268 ἐπανα-

2278 4331 2609 4401 στρέφουσιν.
2660 4316 2903 4379 Ἐδωκας
2957 4323 3030 4385 τῷ
3086 4320 3342 4377 πεινῶντι,
3391 4314 3479 4360 καὶ
3540 4311 3631 4359 σόν
3676 4311 3880 4377 γίνεται

515 4418 765 4482 est,cum
779 4411 1189 4469 additamento
1200 4412 1991 4478 rediens.Quemadmodum
2005 4416 2148 4470 enin

2275 4423 2333 4469 τὸ
2389 4413 2559 4482 δοθὲν,
2593 4414 2723 4485 μετὰ
2758 4409 3066 4483 προσθήκης
3121 4401 3411 4454 eamme».
3454 4398 3656 4472 Ὥσπερ
3712 4399 3823 4467 γὰρ
3853 4398 3881 4447 ὁ

514 4504 905 4572 frumentum,
933 4500 1173 4573 quodin
1199 4504 1413 4557 terram
1428 4501 1607 4571 cadit,
1638 4501 1952 4559 inlucrum
1986 4504 2165 4578 489

517 4592 673 4649 cedit
696 4590 1031 4662 projicienti
1059 4607 1071 4645 :
1104 4590 1185 4646 ita
1215 4591 1390 4662 panis
1448 4592 1509 4647 in
1573 4593 1931 4649 esurientem
1971 4596 2169 4667 conje-

518 4685 669 4745 ctus,
703 4680 763 4734 in
793 4684 1100 4751 posterum
1139 4679 1397 4736 multum
1418 4680 1623 4738 afferet
1651 4682 2057 4741 emolumenti.

592 4774 644 4826 5.
686 4771 763 4839 (ὅ)
797 4768 855 4825 Si
892 4768 1122 4825 foribus
1146 4770 1262 4825 tuis
1288 4771 1535 4827 astiterit
1587 4772 1692 4845 qui
1742 4774 2007 4844 penuriae
2044 4791 2167 4831 sua:

520 4862 753 4933 quierat
774 4857 1069 4927 levamen,
1093 4874 1168 4914 ne
1193 4859 1400 4916 videas
1432 4861 1775 4934 inaequalia.
1800 4866 1879 4919 Ne
1910 4864 2164 4921 dixeris:

521 4949 623 5005 Hic
663 4947 893 5004 amicus
922 4952 1031 5017 est,
1085 4948 1182 5004 hic
1240 4951 1748 5021 consanguineus,
1788 4952 1883 5007 hic
1914 4952 2065 5008 bene
2093 4953 2169 5009 de

522 5054 619 5096 me
643 5036 894 5093 meritus
926 5058 938 5093 :
971 5036 1069 5093 ille
1098 5038 1471 5110 peregrinus,
1506 5038 1757 5107 alienus,
1790 5044 2050 5110 ignotus.
2086 5045 2172 5098 In-

522 5127 778 5202 eequalia
804 5127 853 5183 si
872 5126 1098 5191 videas,
1132 5141 1257 5183 non
1286 5143 1657 5200 consequere
1676 5129 2168 5188 misericordiam.

522 5222 746 5279 Natura
775 5222 865 5276 est
897 5233 1057 5274 una:
1092 5221 1220 5274 tum
1244 5217 1341 5274 hic
1368 5222 1497 5275 tum
1516 5218 1612 5275 ille
1635 5218 1821 5277 homo
1842 5225 1954 5292 est;
1980 5237 2171 5295 penu-

620 5462 673 5533 t)
714 5463 796 5517 Ex
822 5461 989 5518 hom.
1020 5461 1085 5516 in
1114 5459 1264 5529 psal.
1296 5462 1615 5530 xxxii,134.

622 5536 676 5597 2)
718 5536 800 5589 Ex
826 5533 991 5590 hom.
1021 5533 1087 5588 in
1119 5533 1361 5597 Divites,
1392 5533 1480 5588 51.

599 5536 654 5604 (2
718 5536 800 5589 Ex
826 5536 991 5590 hom.
1021 5536 1087 5588 in
1119 5536 1361 5597 Divites,
1392 5536 1480 5588 51.

595 5536 676 5677 (3;
715 5604 798 5662 Ex
824 5604 989 5666 hom.
1016 5620 1076 5665 ix
1106 5604 1169 5664 in
1196 5602 1511 5678 ,Ηεξιτιιθηι³
1541 5607 1634 5664 83.

2278 4515 2423 4569 σῖτος
2475 4505 2546 4565 εἰς
2591 4507 2685 4560 τὴν
2714 4507 2813 4572 γῆν
2852 4501 3042 4563 πισῶν,
3082 4488 3269 4565 κέρδος
3311 4498 3382 4561 τῷ
3426 4490 3688 4561 προεμένῳ
3741 4492 3883 4556 γίνε-

2276 4616 2397 4650 ’ται⁸
2456 4595 2618 4654 οὕτως
2676 4592 2701 4642 ό
2768 4590 2920 4662 ἄρτος
2997 4583 3067 4643 εἰς
3126 4585 3212 4633 τόν
3269 4587 3522 4632 πεινῶντα
3601 4574 3879 4632 καταϐλη-

2278 4689 2383 4747 θεὶς
2411 4684 2680 4754 πολύχουν
2709 4683 2802 4737 τὴν
2836 4674 3073 4748 ὠφέλειαν
3101 4671 3167 4731 εἰς
3196 4669 3411 4740 ὕστερον
3448 4662 3805 4720 ἀναδίδωσιν,

2443 4775 2559 4826 Ἐαν
2606 4774 2849 4841 παραστῇ
2878 4772 2939 4837 τῇ
2999 4764 3131 4836 θύρᾳ
3167 4760 3309 4812 σουό
3338 4761 3433 4815 τὴν
3485 4758 3675 4828 χρείαν
3714 4753 3881 4804 αὐτθῦ

2278 4863 2702 4937 ἐπανορθωθῆναι
2753 4856 2939 4920 ζητῶν,
2985 4856 3055 4924 μη
3104 4846 3350 4919 ἀνώμαλα
3390 4841 3532 4917 ἴδῃς.
3565 4847 3653 4901 Μὴ
3690 4844 3880 4914 sing;-

2279 4955 2448 5015 Οὗτος
2490 4949 2656 5023 φίλος,
2702 4947 2849 5006 οὗτος
2893 4944 3167 5012 συγγενὴς,
3214 4938 3369 4997 οὗτος
3408 4934 3709 5008 εὐεργέτης·
3756 4930 3882 4982 ἐκεῖ·

2278 5056 2363 5106 νος
2408 5042 2565 5107 ξένος,
2622 5036 2905 5109 ἀλλότριος,
2963 5032 3252 5101 οἰγνωστος.
3323 5021 3597 5093 Ἀνῶμαλα
3654 5019 3877 5093 βλέπων,

2280 5132 2374 5185 οὐκ
2441 5129 2719 5198 ὶλεηθήση.
2778 5125 2936 5180 Φύσις
3001 5123 3098 5191 μία
3130 5137 3144 5149 υ
3216 5115 3502 5189 ἄνθρωπος,
3572 5114 3668 5162 καὶ
3729 5107 3883 5167 οὗτος

2280 5222 2516 5282 κάκεῖνος
2551 5238 2563 5251 ο
2609 5220 2769 5290 χρεία
2819 5216 2935 5285 μία,
2990 5204 3163 5262 ἔνδεια
3194 5204 3241 5257 ἐν
3291 5202 3600 5276 ἀμφοτέροις
3641 5200 3672 5257 ἡ
3729 5197 3880 5255 αὐτή.

2358 5468 2434 5539 (Ii)
2474 5467 2557 5520 Ex
2579 5462 2745 5539 hom.
2769 5457 2831 5539 in
2850 5452 2998 5539 illud
3025 5447 3589 5539 LchyeﬂLuam,
3612 5444 3702 5501 45.

2476 5540 2560 5593 Ex
2582 5534 2747 5592 hom.
2770 5528 2931 5587 dicta
2956 5527 3017 5583 in
3042 5520 3295 5590 Lacizis,
3321 5520 3443 5573 588.
