4068 6220
177 281 318 340 1161

177 410 276 468 Δὸς
332 413 406 477 τῷ
465 400 690 475 ἀδελφῷ,
751 403 841 454 καὶ
901 406 972 471 τῷ
1011 400 1133 471 ξένῳ
1177 419 1189 431 ·

177 495 541 570 ἀποστραφῇς,
597 494 803 544 καὶτὸν
864 489 1004 551 ξενον
1046 484 1264 560 ἀδελφὸν
1310 487 1494 540 οἰκεῖον
1539 490 1779 544 ποίησαι.

177 585 428 638 Βούλεταί
471 603 528 636 σε
597 581 1036 656 παραμυθητικόν
1091 575 1218 630 εἶναι
1281 585 1380 629 τῶν
1413 573 1685 649 δεομένων,
1723 575 1782 628 οὗ

175 673 678 748 προσωπολήπτην·
750 670 810 722 οὐ
867 677 938 740 τῷ
1003 675 1237 740 συγγενεῖ
1289 663 1531 734 διδόντα,
1585 668 1672 717 τὸν
1723 661 1782 718 δὲ

177 763 318 826 ξένον
373 759 738 833 ἀπωθούμενον
774 779 786 792 ο
843 759 1035 819 Πάντες
1096 759 1194 830 γὰρ
1258 762 1543 826 συγγενεῖς,
1599 756 1780 814 πάντες

177 847 418 922 ἀδελφοὶ,
473 851 658 909 πάντες
711 847 819 908 ἐνὸς
865 849 1062 920 πατρὸς
1115 848 1335 918 ἔκγονοι.
1395 844 1514 897 Εἰσὶ
1542 863 1670 904 τινες
1727 842 1780 906 ἐξ

178 937 514 1014 ἐπικρατείας
563 931 809 989 κινδύνου
875 939 1010 996 τινὸς
1067 933 1478 1008 ἀναρπασθέντες
1538 933 1638 984 ὑπὸ
1685 938 1779 984 τοῦ

181 1033 476 1095 κτίσαντος,
554 1031 644 1079 καὶ
722 1021 990 1098 μηδεμίαν
1077 1026 1284 1095 ἔχοντες
1331 1021 1778 1094 περιλελειμμένην

183 1119 362 1181 αὐτοῖς
412 1117 533 1191 βίον
585 1115 762 1168 λοιπὸν
821 1112 1076 1187 ἀφορμὴν,
1136 1111 1261 1164 ἀλλὰ
1305 1115 1435 1184 μόνῃ
1491 1118 1551 1182 τῇ
1620 1109 1774 1180 φυλῇ

183 1213 276 1260 καὶ
332 1217 402 1278 τῷ
460 1213 662 1278 σώματι
734 1200 1069 1275 διαφυγόντες
1145 1201 1318 1256 αὐτὸν.
1367 1200 1537 1272 Ἡμεῖς
1589 1204 1776 1265 τοίνυν,

191 1298 313 1350 ὅσοι
341 1304 557 1358 τῆςτῶν
613 1291 890 1366 δυσχερῶν
943 1293 1192 1362 ἄγευστοι
1250 1294 1432 1364 πείρας
1491 1287 1776 1360 ἐμείναμεν,

183 1391 364 1444 κοινὴν
444 1385 650 1445 ἐκείνοις
739 1383 1008 1454 προθῶμεν
1095 1385 1189 1438 την
1259 1379 1498 1451 ευποριαν
1563 1379 1776 1444 ἑαυτῶν,

185 1473 678 1546 Ἐναγκαλισωμεθα
770 1475 890 1531 τοὺς
981 1469 1362 1543 περισωθέντας
1453 1467 1600 1540 μόλις

525 1563 744 1632 εῐπωμεν
807 1562 936 1631 πρός
992 1557 1208 1609 ἕκαστον
1269 1557 1519 1617 ἕκαστος·
1590 1559 1779 1629 Νεκρός

1678 1475 1777 1518 τῶν

180 1559 414 1634 ἀδελφῶν
444 1584 454 1596 ·

179 1647 262 1722 ἦν,
325 1655 414 1704 καὶ
481 1649 720 1710 ἀνέζησε·
786 1653 874 1699 καὶ
951 1644 1223 1706 ἀπολωλὼς
1287 1642 1368 1716 ἦν,
1438 1651 1528 1696 καὶ
1575 1646 1775 1714 εὑρέθη“

175 1745 272 1793 καὶ
309 1744 366 1793 τὸ
435 1741 680 1811 συγγενὲς
728 1746 882 1810 σῶμα
923 1737 1288 1807 σκεπάσωμεν,
1355 1734 1775 1806 Ἀντιστήσωμεν
1807 1745 1849 1799 Β

177 1837 300 1890 ταῖς
348 1837 437 1882 τον
492 1834 782 1901 Δυσμενούς
840 1825 1104 1900 ἐπηρείαις
1149 1828 1237 1880 την
1286 1825 1536 1898 ἡμετέραν
1600 1828 1775 1898 παρά-

177 1918 390 1989 κλησιν,
441 1919 528 1970 ἵνα
572 1922 662 1969 καὶ
694 1913 939 1988 βλάπτων
981 1913 1168 1973 ἐκεῖνος
1198 1908 1363 1984 μηδεν
1393 1917 1528 1984 μέγα
1572 1911 1776 1984 βλάψαι

173 2003 334 2079 δοκῇ·
371 2012 460 2060 καὶ
511 2005 832 2077 πολεμήσας,
871 1997 1076 2074 μηδένα
1124 1998 1270 2072 δείξῃ
1321 2000 1398 2072 (1)
1432 2006 1772 2074 νενικημένον

171 2101 268 2148 καὶ
335 2095 580 2170 περιελὼν
636 2098 727 2152 τὴν
764 2092 1005 2166 εὐπορίαν
1065 2098 1164 2140 τῶν
1223 2086 1476 2162 ἀδελ-ρῶν,
1522 2091 1621 2142 ὑπὸ
1687 2097 1776 2151 τῆς

173 2188 437 2257 ἡμετέρας
467 2183 760 2256 φιλοτιμίας
791 2187 968 2254 φανείη
1000 2187 1296 2251 νικώμενος.

249 2279 306 2329 6,
358 2277 452 2326 Διά
505 2276 594 2344 μὲν
619 2274 720 2345 γὰρ
752 2276 846 2328 τὴν
905 2268 1130 2340 ἀγάπην,
1162 2267 1211 2320 ἐν
1245 2267 1496 2325 ἁπλότητι
1523 2271 1610 2320 καὶ
1641 2269 1775 2320 ἀνει-

175 2367 332 2434 μένον
389 2359 519 2414 εἰναι
583 2364 716 2436 πρὸς
776 2363 898 2422 τους
964 2359 1230 2418 αἰτοῦντας
1294 2361 1380 2408 τον
1433 2353 1775 2428 μεταδοτικὸν

177 2449 286 2520 δεῖ,
319 2453 453 2503 κατὰ
508 2453 566 2502 τὸ
599 2452 795 2522 φάσκον
871 2447 1241 2523 παράγγελμα’
1305 2453 1388 2516 Τῷ
1439 2447 1670 2498 αἰτοῦντί
1699 2467 1776 2515 σε,

177 2535 297 2602 δὸς·
331 2539 568 2612 λογισμῷ
617 2535 676 2590 δε
705 2537 858 2590 πάλιν
917 2533 1200 2610 διακρίνειν
1223 2534 1444 2588 ἑκάστου
1477 2539 1567 2594 την
1589 2541 1776 2610 χρείαν

177 2641 281 2684 των
333 2633 775 2706 προσαιτούντων,
842 2630 1014 2690 καθὼς
1064 2627 1112 2679 ἐν
1157 2635 1274 2687 ταῖς
1323 2626 1550 2700 ΙΙράξεσι
1606 2647 1776 2700 μεμα-

180 2723 434 2792 θήκαμεν.
499 2715 770 2772 Διεδὶδοτο
813 2721 916 2790 γὰρ
967 2717 1189 2788 ἑκάστῳ,
1248 2721 1398 2786 φησὶ,
1475 2716 1590 2768 καθ’
1653 2717 1678 2768 ὅ
1727 2737 1778 2769 τι

177 2811 240 2862 ἂν
296 2829 376 2872 τις
429 2815 614 2883 χρείαν
667 2809 826 2879 εἶχεν·
887 2803 1098 2864 Ἐπειδὴ
1152 2807 1250 2880 γὰρ
1295 2803 1473 2858 πολλοὶ
1525 2804 1778 2878 ὑπερϐαί-

177 2916 348 2958 νοντες
400 2902 492 2954 την
553 2903 754 2970 χρῆσιν
807 2901 906 2946 τῶν
962 2893 1276 2965 ἀναγκαίων,
1319 2891 1554 2964 ἀφορμὴν
1615 2896 1776 2965 ἐμπο-

179 2993 324 3062 ρείας
375 2990 462 3038 καὶ
517 2987 766 3038 ὑπόθεσιν
818 2991 1012 3056 τρυφῆς
1075 2981 1318 3054 ἀσελγοῦς
1363 2989 1632 3035 ποιοῦνται
1685 2989 1778 3042 τὴν

177 3081 417 3142 αῖτησιν,
471 3073 827 3144 ἐπιστημόνως
884 3078 972 3124 καὶ
1021 3073 1352 3143 οἰκονομικῶς
1401 3079 1516 3133 ταῖς
1576 3077 1782 3147 χρείαις
1812 3091 1851 3147 C

177 3165 406 3217 ἑκάστου
452 3167 545 3222 την
599 3159 855 3234 διανομὴν
912 3169 1009 3212 τῶν
1053 3158 1343 3231 ἀναγκαίων
1395 3162 1631 3230 γίνεσθαι
1675 3158 1775 3217 δεῖ.

175 3261 302 3315 Τοῖς
327 3255 429 3325 γὰρ
465 3247 528 3308 δὴ
574 3253 641 3304 τὰ
672 3246 914 3323 θρηνώδη
948 3249 1072 3320 μέλη
1114 3252 1242 3322 πρὸς
1270 3253 1362 3306 τὴν
1393 3257 1490 3301 τῶν
1519 3259 1777 3321 γυναικῶν

181 3342 392 3399 ἀπάτην
433 3341 746 3410 συντιθεῖσι,
792 3343 880 3391 καὶ
939 3341 1005 3390 τα
1061 3343 1354 3410 πηρωματα
1398 3345 1488 3390 τοῦ
1541 3345 1778 3411 σώματος

179 3435 270 3483 καὶ
362 3434 428 3482 τά
491 3431 610 3487 {tam
673 3432 804 3504 πρὸς
873 3427 1151 3502 ἐμπορείας
1216 3425 1451 3502 ἀφορμὴν
1517 3431 1776 3482 συντιθεῖ-

187 3539 274 3573 σιν
305 3519 400 3588 (2),
431 3519 486 3570 οὐ
535 3520 734 3578 πάντως
791 3520 848 3570 τὸ
881 3513 1100 3586 δαψιλὲς
1143 3524 1236 3578 τῆς
1294 3513 1562 3579 διακονίας
1602 3517 1778 3589 ὠφέλι-

179 3628 302 3680 μον⁸
365 3607 566 3682 ἀφορμὴ
619 3609 719 3681 γὰρ
772 3607 946 3666 αὐτοῖς
995 3605 1066 3668 εἰς
1113 3607 1358 3663 κακίανη
1409 3611 1644 3679 χορηγία
1690 3627 1776 3677 γε·

179 3701 409 3754 νησέται·
471 3696 598 3748 ἀλλὰ
649 3701 814 3769 μικρᾷ
858 3691 1007 3746 δόσει
1073 3699 1182 3766 χρὴ
1239 3700 1333 3750 την
1385 3703 1483 3746 τῶν
1534 3697 1777 3747 τοιούτων

179 3789 383 3846 ἡλακην
442 3785 788 3850 ἀπωθεῖσθαι,
819 3787 878 3836 τὸ
928 3779 986 3836 δε
1035 3785 1302 3856 συμπαθὲς
1335 3787 1427 3835 καὶ
1471 3780 1778 3855 φιλάδελφον

179 3871 584 3929 ἐπιδείκνυσθαι
631 3877 710 3942 (3)
742 3873 794 3925 ἐν
851 3879 981 3942 τοῖς,
1013 3873 1124 3943 μεθ’
1171 3874 1435 3944 ὑπομονῆς
1472 3877 1566 3930 τὴν
1606 3872 1778 3942 θλίψιν

179 3971 349 4038 φέρειν
404 3961 826 4036 δεδιδαγμένοις,
867 3964 994 4034 ὑπερ
1051 3961 1117 4012 ὧν
1174 3967 1262 4014 καὶ
1300 3961 1636 4033 λεχθήσεται,
1700 3965 1780 4014 ὅτι

185 4057 492 4120 Ἐπείνασα,
551 4059 642 4104 καὶ
697 4047 928 4104 ἐδώκατέ
977 4070 1066 4122 μοι
1119 4058 1318 4122 φαγεῖν.
1373 4053 1467 4104 Διά
1517 4059 1670 4104 τοῦτο
1711 4059 1780 4122 τῷ

181 4149 295 4196 ἄντι
341 4143 614 4216 ἐμπειρίας
655 4141 852 4215 χρῄζει
897 4142 928 4197 η
961 4135 1242 4210 διάγνωσις
1269 4147 1359 4192 τοῦ
1412 4139 1610 4200 ἀληθῶς
1659 4136 1778 4193 δεο-

176 4237 368 4304 μένου,
437 4235 524 4282 καὶ
572 4239 662 4282 τοῦ
717 4233 852 4282 κατά
902 4227 1190 4290 πλεονεξίαν
1249 4228 1534 4290 αἰτοῦντος.
1599 4233 1697 4282 Καὶ
1754 4231 1780 4280 ὁ

175 4326 276 4392 μὲν
331 4329 402 4390 τῷ
436 4319 714 4392 θλιϐομένῳ
774 4315 919 4383 δοὺς,
981 4327 1051 4388 τῷ
1098 4322 1271 4391 Κυρίῳ
1311 4315 1490 4388 ἔδωκε,
1541 4323 1629 4370 καὶ
1661 4319 1782 4390 παρ’

175 4411 349 4463 αὐτου
401 4409 626 4479 λήψεται
678 4411 764 4460 τόν
815 4408 1022 4478 μισθόν·
1087 4408 1113 4458 ὁ
1169 4403 1226 4458 δε
1279 4415 1349 4476 τῴ
1399 4426 1852 4493 περιειοχομενῳῡ

175 4503 594 4571 παρασχόμενος
653 4501 830 4562 παντὶ,
881 4493 1200 4568 προσέρρι-,ιε
1255 4499 1368 4546 κυνὶ
1425 4505 1649 4568 φορτικῴ
1690 4492 1784 4547 δια

175 4593 282 4646 τὴν
315 4583 600 4654 ἀναίδειαν,
624 4585 716 4636 οὐκ
749 4583 940 4654 ἐλεεινῷ
973 4579 1064 4636 διὰ
1093 4587 1184 4640 την
1215 4577 1434 4638 ἔνδειαν,

255 4769 314 4820 7.
369 4765 675 4832 Ἀκούσατε,
733 4764 782 4814 οἰ
837 4760 1100 4828 πλούσιοι,
1161 4761 1315 4812 ὁποῖα
1369 4757 1782 4832 συμϐουλεύομεν

173 4861 290 4915 τοῖς
329 4861 567 4924 πτωχοῖς
613 4849 704 4905 δια
735 4859 826 4910 τὴν
871 4853 1117 4926 ὑμετέραν
1175 4847 1562 4922 ἀπανθρωπίαν,
1593 4847 1782 4920 ἐγκαρ-

177 4950 352 5016 τερεῖν
393 4941 580 5012 μαλλον
629 4949 738 5002 τοῖς
783 4938 992 5006 δεινοῖς,
1021 4941 1050 4996 ἡ
1103 4943 1191 4999 τας
1221 4937 1275 4990 ἐκ
1319 4946 1418 4990 τῶν
1449 4943 1610 4991 τόκων
1643 4957 1781 5010 συμ-

259 5069 332 5104 ‘9'
367 5069 504 5124 Luc.
537 5083 630 5136 xv,
657 5071 746 5124 24.
823 5065 874 5102 ⁵ο
900 5067 1038 5122 Luc.
1069 5079 1144 5134 γι,
1184 5065 1270 5120 30.
1349 5065 1390 5100 ⁵¹
1423 5065 1554 5120 Act.
1591 5079 1666 5132 ιγ,
1691 5063 1778 5120 35.

258 5191 550 5272 (fidem.
583 5189 782 5250 Codex
815 5193 948 5247 1992
973 5185 1163 5254 δεῖξαι.
1194 5187 1286 5246 Sic
1337 5187 1518 5246 etiam
1573 5187 1784 5246 homil.

179 5261 690 5404 Βῆὲὂιὲυντιθεῖσιν.
711 5331 864 5390 Satis
881 5329 1199 5404 commode
1219 5329 1336 5388 hoc
1347 5329 1600 5388 Verbum
1622 5330 1789 5388 deas:

175 5403 246 5462 in
265 5401 500 5462 eodem
519 5405 756 5477 Acodice.
777 5403 1010 5477 Legitur
1033 5401 1096 5458 in
1131 5407 1426 5477 contextu
1441 5405 1782 5477 προτιθεῖσιν.

259 5479 338 5548 (3)
383 5474 830 5548 ἘΜ-δείκνυσθαι.
879 5473 1113 5544 Legitur
1151 5475 1214 5531 in
1243 5473 1376 5548 ipso
1401 5473 1601 5534 Basilii
1649 5489 1788 5533 COD-

177 5545 360 5608 textu
389 5545 807 5620 ἐπιδεικνυμένου
819 5567 836 5608 ;
847 5589 858 5601 .

413 5623 654 5695 Ριιτιίοι..
698 5639 802 5698 Gn.
843 5635 1043 5694 XXXII.

1313 273 1554 332 SERMO
1595 272 1682 328 ιν.
1713 299 1782 314 --
1808 269 1898 326 DE
1927 271 2414 332 ELEEMOSYNA.

1259 404 1384 472 μήτε
1421 402 1504 452 τὸν
1561 393 1782 468 ἀδελφὸν

1891 395 1978 454 ria
2007 412 2150 466 una,
2185 403 2416 469 egestas
2461 399 2524 456 in
2581 401 2838 475 utroque
2857 403 3107 460 eadem:
3157 405 3321 465 fratri
3350 407 3451 478 da,
3485 414 3542 470 et

3405 289 3545 346 H62

1892 487 2210 558 peregrino
2243 506 2254 556 ;
2290 505 2400 546 nec
2451 488 2696 548 fratrem
2727 493 3041 563 averseris,
3074 499 3130 550 et
3155 499 3538 569 peregrinum

1891 591 2002 648 pro
2032 576 2212 633 fratre
2242 577 2420 634 habe.
2454 579 2585 635 Vult
2613 581 2770 636 Deus
2799 583 2857 637 te
2913 581 3326 654 indigentibus
3385 589 3540 646 sola-

1893 665 2041 720 tium
2064 665 2294 734 al't‘erre,
2319 667 2550 725 nullam
2581 685 2978 741 personarum
2997 673 3293 732 rationem
3313 675 3540 736 habere

1889 768 2012 810 non
2039 755 2383 828 propinquo
2421 757 2588 828 dare,
2621 758 3006 830 peregrinum
3043 777 3183 819 vero
3229 765 3536 837 repellere,

1890 843 2110 899 Omnes
2133 845 2294 900 enim
2319 847 2666 920 propinqui,
2701 864 2915 905 omnes
2965 849 3196 922 fratres,
3228 854 3410 911 unius
3436 872 3538 928 pa-

1889 931 1992 987 tris
2019 931 2126 988 tilii
2173 936 2517 1004 omnesjw.
2575 937 2723 992 Sunt
2768 937 2930 1010 quie
2984 937 3260 996 faucibus
3289 943 3537 1013 periculi

1889 1021 2074 1094 erepti
2097 1023 2262 1080 fuere
2289 1040 2324 1080 a
2355 1029 2650 1092 Creatore,
2672 1027 2928 1097 necjam
2955 1027 3144 1084 ullum
3169 1029 3394 1088 habent
3423 1034 3538 1091 sibi

1885 1109 2158 1168 relictum
2187 1113 2326 1170 vitae
2387 1113 2752 1184 subsidium,
2787 1115 2893 1172 sed
2935 1117 3208 1176 animam
3237 1121 3432 1177 solam
3481 1129 3540 1179 et

1887 1213 2106 1272 corpus
2132 1202 2399 1273 periculo
2428 1203 2790 1260 subduxere.
2831 1208 2948 1262 Nos
2969 1222 3136 1278 ergo,
3161 1208 3538 1282 quibuscun-

1887 1305 2005 1362 que
2033 1290 2336 1360 ingustata
2368 1307 2570 1348 rerum
2599 1291 2996 1350 adversarum
3027 1296 3412 1368 experientia,
3435 1315 3536 1358 co-

1887 1379 2051 1450 piam
2078 1384 2346 1436 nostram
2404 1397 2792 1438 communem
2849 1398 2989 1440 cum
3041 1383 3156 1442 illis
3212 1385 3536 1446 faciamus.

1886 1468 2335 1540 Amplectamur
2358 1469 2568 1526 fratres
2597 1470 2693 1526 vix
2735 1476 3017 1540 servatos,
3050 1473 3326 1532 dicamus
3371 1478 3536 1550 quis-

1887 1573 2003 1630 que
2033 1558 2248 1630 cuique
2280 1559 2592 1616 :Mortuus
2621 1567 2772 1626 erat,
2797 1567 2852 1618 et
2880 1563 3098 1619 revixit
3125 1581 3138 1631 ;
3161 1565 3452 1637 perierat,
3475 1575 3533 1624 et

1885 1647 2162 1703 inventus
2193 1653 2276 1702 est
2309 1648 2389 1696 "9:
2424 1653 2603 1720 atque
2623 1664 2844 1720 corpus
2882 1651 3090 1708 nostro
3119 1651 3300 1710 aﬂine
3338 1657 3536 1712 eonte-

1885 1751 2122 1804 gamus.
2154 1736 2553 1808 Opponamus
2581 1736 2806 1794 inimici
2837 1738 3066 1810 injuriis
3093 1744 3368 1798 nostram
3395 1757 3536 1802 con-

1883 1823 2259 1892 solationem,
2291 1829 2358 1882 ut
2382 1825 2562 1882 etiam
2591 1825 2818 1884 laedens
2843 1843 2966 1884 non
3013 1829 3274 1887 multum
3311 1831 3535 1892 laesisse

1883 1912 2174 1984 videatur,
2217 1919 2276 1970 et
2329 1913 2555 1970 bellum
2611 1915 2898 1983 inferens,
2950 1917 3254 1976 neminem
3311 1920 3534 1978 victum

1884 2000 2183 2071 ostendat,
2224 2005 2280 2058 et
2309 2007 2639 2075 postquam
2677 2002 3034 2076 disperdidit
3061 2005 3314 2065 fratrum
3351 2009 3537 2068 facul-

1885 2093 2052 2158 tates,
2093 2089 2448 2148 liberalitate
2483 2095 2695 2150 nostra
2721 2093 2914 2152 victus
2943 2095 3372 2168 comperiatur.

1955 2271 2009 2324 6.
2045 2269 2121 2338 (Ei)
2163 2270 2406 2342 Oportet
2451 2271 2698 2342 quidem
2747 2274 2812 2328 ut
2864 2271 2969 2344 qui
3022 2271 3284 2331 liberalis
3313 2280 3424 2345 est,
3455 2277 3536 2336 ob

1885 2355 2235 2414 charitatcm
2266 2357 2327 2413 in
2367 2357 2744 2431 simplicitate
2773 2359 3042 2432 praebeat
3073 2378 3138 2418 se
3165 2379 3312 2433 erga
3338 2368 3540 2436 peten-

1885 2450 1972 2502 tes
1995 2445 2252 2517 facilem,
2301 2447 2638 2504 secundum
2667 2447 2814 2506 illud
2867 2455 3262 2524 praeceptum,
3297 2453 3540 2512 Petenti

1884 2549 1922 2592 a
1952 2539 2023 2602 te,
2053 2535 2132 2592 da
2155 2537 2232 2602 5°;
2267 2541 2322 2592 et
2361 2553 2576 2596 rursus
2615 2537 2846 2596 ratione
2871 2542 3287 2600 necessitatem
3338 2545 3540 2602 unius-

1885 2624 2179 2698 cujusque
2229 2627 2480 2698 petentis
2509 2626 2840 2698 discernas,
2891 2633 2956 2686 ut
3009 2646 3082 2687 ex
3127 2633 3286 2689 Actis
3331 2633 3540 2694 didici-

1887 2728 2051 2771 mus.
2106 2713 2500 2770 Dividebatur
2553 2717 2710 2773 enim
2775 2717 3048 2790 singulis,
3103 2718 3318 2792 inquit,
3351 2731 3538 2792 prout

1888 2801 2100 2872 cuique
2126 2817 2274 2871 opus
2299 2809 2424 2859 erat
2452 2804 2522 2858 ⁵¹.
2556 2803 2706 2869 Quia
2731 2805 2892 2860 enim
2920 2805 3094 2862 multi
3120 2811 3536 2868 necessarium

1888 2905 2069 2946 usum
2113 2891 2534 2962 transilientes,
2565 2893 3010 2951 mendicitatem
3055 2894 3134 2952 ad
3181 2897 3535 2967 negotiatio-

1888 2978 1982 3034 nis
2011 2978 2414 3048 occasionem,
2446 2983 2502 3037 et
2545 2979 2911 3038 lascivarum
2954 2981 3308 3040 deliciarum
3353 2990 3538 3044 mate-

1885 3069 2038 3126 riam
2091 3073 2446 3126 convertunt
2479 3088 2490 3126 :
2541 3069 2794 3128 scienter
2823 3075 2880 3128 et
2907 3072 3158 3145 provide
3197 3089 3307 3146 pro
3333 3075 3540 3132 unius-

1887 3159 2184 3232 cujusque
2213 3159 2568 3216 necessitate
2589 3159 2930 3218 distributio
2947 3177 3152 3219 rerum
3177 3165 3542 3224 necessaria-

1887 3263 2020 3304 rum
2047 3247 2327 3305 facienda
2354 3249 2458 3317 (6).
2491 3248 2604 3314 Qui
2627 3249 2790 3306 enim
2819 3249 3102 3321 lugubria
3144 3253 3416 3312 carmina
3457 3253 3538 3312 ad

1887 3337 2270 3395 mulierculas
2323 3338 2714 3411 decipiendas
2761 3345 3157 3414 componunt,
3215 3347 3274 3400 et
3327 3343 3540 3404 mutila
3629 3371 3638 3382 ’

1887 3427 2156 3500 corporis
2208 3428 2506 3496 membra,
2537 3444 2608 3486 ac
2664 3427 2868 3486 ulcera
2916 3429 2996 3488 ad
3044 3436 3315 3504 quaestus
3368 3448 3540 3494 occa-

1887 3517 2120 3573 sionem
2175 3516 2596 3574 inveniendam
2651 3517 3030 3591 contingunt,
3059 3535 3184 3578 non
3241 3537 3390 3580 sane
3445 3523 3541 3580 his

1887 3605 2138 3678 copiosa
2179 3606 2448 3677 erogatio
2479 3605 2780 3678 proderit;
2821 3607 2968 3679 ipsis
2988 3610 3152 3666 enim
3181 3611 3538 3668 instrumen-

1887 3698 2016 3750 tum
2047 3697 2232 3750 estad
2255 3693 2586 3766 nequitiam
2613 3694 2942 3753 liberalitas
2967 3713 2981 3752 :
3014 3698 3118 3754 sed
3149 3703 3384 3772 oportet
3411 3715 3538 3756 mo-

1888 3781 2024 3838 dica
2054 3784 2400 3852 erogatione
2429 3783 2728 3854 ejusmodi
2771 3785 3092 3842 hominum
3131 3786 3420 3844 latratum
3447 3801 3539 3845 ar-

1887 3888 2041 3940 cere,
2073 3871 2552 3930 misericordiam
2595 3879 2798 3932 autem
2827 3879 2886 3932 et
2912 3875 3242 3934 fraternam
3279 3877 3540 3935 charita-

1889 3966 2009 4018 tem
2039 3963 2098 4017 in
2138 3977 2242 4018 eos
2277 3961 2592 4018 ostendere
2639 3963 2746 4034 qui
2789 3979 2886 4020 res
2931 3963 3220 4024 adversas
3247 3966 3541 4038 patienter

1887 4051 2146 4123 perferre
2174 4050 2532 4118 didicerunt,
2566 4067 2675 4123 pro
2705 4051 2927 4124 quibus
2956 4059 3014 4111 et
3053 4053 3286 4112 dicetur
3314 4073 3328 4112 :
3373 4057 3538 4113 Esu-

1889 4141 2020 4208 rivi,
2048 4148 2100 4197 et
2129 4141 2372 4196 dedistis
2398 4141 2550 4197 mihi
2575 4142 2948 4200 manducare
2967 4145 3016 4178 δ’
3041 4143 3140 4214 (7).
3165 4145 3543 4218 Quapropter

1890 4229 2256 4302 experientia
2273 4245 2430 4302 opus
2457 4229 2662 4298 habet,
2696 4234 2760 4287 ut
2789 4231 2838 4286 is
2868 4232 2972 4304 qui
3003 4248 3142 4290 vere
3172 4249 3406 4306 pauper
3429 4239 3538 4303 est,

1891 4318 1968 4375 ab
1994 4333 2085 4380 eo,
2135 4318 2238 4390 qui
2270 4335 2338 4374 cx
2389 4319 2638 4375 avaritia
2701 4318 3026 4388 mendicat,
3080 4326 3442 4378 secernatur.
3476 4323 3546 4378 Et

1890 4407 2135 4478 quidem
2165 4405 2439 4479 quisquis
2493 4405 2850 4463 calamitoso
2903 4405 3030 4478 dat,
3061 4407 3224 4463 dedit
3263 4407 3539 4472 Domino,

1892 4499 1946 4551 et
1971 4495 2048 4552 ab
2079 4511 2150 4552 eo
2175 4494 2520 4551 mercedem
2550 4493 2800 4567 accipiet
2825 4513 2837 4549 :
2867 4494 2973 4566 qui
3019 4511 3160 4551 vero
3194 4495 3542 4554 errabundo

1889 4583 2056 4640 omni
2099 4581 2324 4648 tribuit,
2375 4582 2610 4654 projicit
2656 4581 2812 4646 cani,
2865 4580 3120 4638 molesto
3169 4581 3416 4655 quidem
3461 4582 3543 4640 ob

1891 4667 2352 4742 impudentiam,
2375 4669 2482 4726 sed
2502 4685 2626 4726 non
2649 4669 2997 4726 miserando
3019 4669 3100 4727 ob
3124 4670 3542 4743 indigentiam.

1965 4757 2143 4830 490
2171 4765 2220 4813 7.
2245 4756 2818 4828 (8},Audite,divites,
2843 4757 3018 4829 quale
3041 4761 3410 4832 pauperibus
3433 4762 3534 4819 de-

1893 4863 2030 4904 mus
2055 4846 2372 4903 consilium
2393 4845 2474 4902 ob
2507 4845 3303 4921 \‘estraminhumanitatem,
3325 4865 3546 4924 nempe

1895 4941 1958 4993 ut
2006 4934 2368 5006 gravissima
2411 4950 2674 5008 quaeque
2711 4937 3054 4996 constanter
3091 4937 3285 4998 ferant
3325 4941 3546 5014 potius,

1857 5061 1904 5098 ⁵²
1943 5060 2142 5120 Matth.
2171 5076 2304 5126 xxv,
2339 5063 2426 5116 33.

1937 5187 2150 5274 “(alia
2173 5185 2342 5244 hom.
2375 5186 2541 5255 Quod
2578 5185 2902 5246 mundanis
2959 5187 3388 5250 adlwrendum
3427 5205 3548 5246 non

1895 5262 2042 5396 “((351)
2177 5329 2344 5402 bom.
2377 5331 2438 5388 in.
2462 5333 2629 5402 psal.
2659 5347 2781 5402 xu,
2801 5333 2930 5389 357.

1967 5401 2042 5466 (6)
2081 5401 2232 5458 Ibid.

1989 5475 2040 5538 7)
2081 5475 2160 5527 Ex
2183 5473 2336 5545 epist
2356 5488 2440 5545 CL,
2464 5475 2588 5530 241.

1969 5545 2046 5614 (8)
2087 5545 2168 5602 Ex
2198 5543 2366 5604 hom.
2391 5543 2456 5601 in
2483 5545 2639 5617 psat.
2674 5559 2790 5614 xxv,
2815 5543 2940 5606 112.

3313 5637 3378 5693 37
