4068 6220
643 197 773 250 1163

1624 185 1985 240 APPENDIX.
2017 214 2080 222 -—
2106 182 2450 250 SYMEONIS
2482 137 3024 248 METAPHRAS'l‘E.

3778 201 3876 254 1164

635 333 825 394 quam
877 312 1251 371 calamitates
1281 326 1353 367 ex
1401 309 1603 366 fenore
1633 308 2050 381 provenientes
2086 321 2289 380 perpe-

2408 313 2563 381 φορὰς
2618 307 3002 382 ὕποδέχεσθαι.
3035 314 3093 365 Εἰ
3145 310 3201 365 δὲ
3254 313 3500 368 ἐπείθεσθε
3533 327 3595 386 τῷ
3647 326 3805 391 Κυρίῳ,
3828 343 3880 382 τις

637 401 884 464 tiantur.
939 406 1160 460 Morem
1208 401 1255 456 si
1324 399 1576 456 Domino
1643 398 1942 470 gereretis,
2007 397 2152 470 quid
2197 397 2292 451 his

637 495 839 552 verbis
891 495 1046 548 esset
1088 490 1291 562 opus?
1352 491 1498 545 Nam
1544 487 1645 550 ait,
1681 490 1943 544 Mutuum
1974 488 2109 541 date
2141 488 2291 552 iis,a

639 585 852 655 quibus
909 596 1029 636 non
1082 579 1335 649 speratis
1386 583 1727 646 recepturos
1773 591 1869 630 vos
1909 575 2113 630 esse”.
2147 575 2292 630 Cum

640 673 803 729 enim
856 671 1112 744 pauperi
1164 666 1400 724 Domini
1453 666 1646 737 gratia
1693 665 1970 728 dederis;
2020 663 2181 719 idem
2237 668 2296 719 et

642 761 875 816 donum
927 761 1016 814 est
1067 760 1125 812 et
1162 756 1360 812 fenus.
1415 755 1648 811 Donum
1705 752 1974 826 quidem,
2007 751 2173 824 quod
2202 767 2294 806 re-

642 854 956 923 cepturum
1013 849 1070 902 te
1117 844 1264 900 nihil
1317 859 1446 899 esse
1493 858 1700 914 speras
1737 859 1748 896 :
1800 841 1975 896 fenus
2019 856 2182 906 vero,
2215 839 2294 894 ob

645 937 881 994 Domini
929 950 1039 1008 pro
1088 933 1268 1006 inope
1321 931 1716 1004 persolventis
1798 929 2292 991 muniﬁcentiam,

643 1027 770 1100 qui,
822 1023 1034 1098 paucis
1077 1038 1186 1097 per
1226 1034 1558 1094 pauperem
1609 1019 1888 1090 acceptis,
1940 1033 2164 1088 magna
2202 1031 2296 1072 eo-

643 1133 780 1172 rum
837 1115 970 1171 loco
1022 1111 1369 1168 redditurus
1428 1113 1516 1165 est
1565 1109 1662 1178 (ί).
1725 1107 2069 1164 Consideret
2120 1106 2300 1176 igitur

642 1205 896 1260 divitum
938 1202 1197 1276 quisque
1229 1215 1373 1254 suos
1398 1198 1647 1263 reditus,
1675 1213 1707 1253 e
1737 1197 1960 1269 quibus
1989 1199 2106 1251 Deo
2137 1192 2299 1250 dona

649 1293 965 1350 oblaturus
996 1290 1107 1356 sit;
1133 1303 1279 1344 num
1306 1301 1635 1360 pauperem
1658 1285 1910 1358 imperio
1933 1300 2042 1340 suo
2061 1300 2302 1356 oppres-

645 1383 804 1451 serit,
835 1396 985 1436 num
1033 1378 1346 1434 inﬁrmiori
1403 1378 1525 1431 vim
1577 1375 1858 1441 intulerit,
1889 1391 2037 1430 num
2095 1390 2132 1430 a
2161 1373 2299 1429 sub-

645 1471 769 1527 dito
819 1467 1140 1542 quidpiam
1193 1467 1394 1540 inique
1451 1464 1776 1521 exterserit.
1843 1467 2087 1520 Servare
2138 1463 2295 1518 enim

646 1557 814 1633 quod
839 1558 1076 1628 justum
1106 1560 1198 1612 est
1218 1560 1274 1611 et
1297 1571 1564 1628 aequum,
1596 1553 1776 1610 etiam
1805 1554 1866 1609 in
1917 1568 2122 1609 servos
2152 1567 2300 1624 prte-

647 1647 903 1722 cipimur
929 1665 942 1702 :
964 1646 1087 1702 noli
1115 1661 1259 1702 vero
1289 1644 1434 1718 quia
1465 1643 1740 1717 superior
1777 1659 1841 1699 es
1892 1643 2015 1698 vim
2064 1641 2294 1710 afferre,
2337 1650 2380 1704 Β
2412 1638 2605 1710 βιάζου
2635 1656 2652 1671 ο

647 1752 844 1810 neque
873 1735 1020 1808 quia
1072 1739 1262 1806 potes,
1291 1737 1667 1804 extorquere,
1701 1731 1809 1786 sed
1852 1731 1997 1803 quia
2044 1730 2148 1785 tibi
2194 1743 2301 1801 per

647 1827 801 1882 vires
831 1825 989 1890 licet,
1008 1839 1182 1879 exere
1209 1822 1452 1894 justitite
1483 1836 1698 1894 opera;
1722 1837 1866 1877 nam
1897 1822 1956 1876 in
1987 1835 2109 1892 quo
2134 1817 2300 1874 nulla

648 1915 754 1974 tibi
784 1914 963 1972 datur
1005 1911 1281 1979 facultas,
1310 1912 1372 1967 in
1428 1927 1499 1966 eo
1545 1925 1691 1967 sane
1749 1909 1982 1966 nullum
2023 1909 2106 1964 tui
2157 1922 2301 1978 erga

650 2007 838 2060 Deum
859 2001 1090 2058 timoris
1121 2006 1302 2073 atque
1324 1999 1678 2056 obedientiae
1701 1998 2021 2072 specimen
2053 1997 2298 2054 exhibe-

647 2095 742 2152 bis
777 2112 790 2148 :
821 2092 926 2149 sed
951 2092 1012 2147 in
1035 2106 1106 2147 eo
1137 2089 1305 2164 quod
1351 2106 1490 2145 cum
1539 2089 1878 2158 transgredi
1922 2089 2144 2161 possis,
2176 2102 2298 2143 non

650 2180 1088 2253 transgrederis
1126 2198 1139 2248 ;
1172 2180 1220 2234 si
1244 2195 1385 2235 vero
1424 2194 1560 2251 quae
1591 2177 1966 2250 pauperibus
2006 2177 2297 2248 eripuisti,

648 2289 720 2330 ea
776 2273 837 2328 in
884 2285 1184 2343 pauperes
1225 2283 1460 2338 erogas,
1516 2266 1861 2339 prteclarius
1917 2269 2114 2321 tecum
2165 2281 2300 2336 age-

647 2366 826 2418 retur.
864 2360 912 2416 si
942 2375 1139 2432 neque
1159 2373 1424 2431 raperes,
1448 2371 1645 2428 neque
1685 2355 1886 2411 dares.
1917 2359 2117 2427 Neque
2137 2355 2298 2412 enim

649 2450 947 2510 beneﬁcia
999 2452 1077 2504 ab
1111 2447 1320 2522 iniquo
1361 2444 1684 2519 quaestuin
1731 2461 2029 2518 pauperes
2059 2444 2296 2513 collata,

650 2539 770 2593 Deo
821 2540 993 2607 grata
1038 2538 1406 2606 acceptaque
1464 2537 1638 2589 sunt:
1690 2548 1884 2605 neque
1913 2533 2018 2605 qui
2069 2532 2296 2604 rapinis

645 2623 1070 2696 hujuscemodi
1115 2622 1394 2688 abstinet,
1425 2621 1769 2678 laudandus
1813 2626 1918 2691 est,
1967 2621 2014 2677 si
2057 2621 2132 2677 de
2189 2637 2296 2676 suo

645 2713 950 2770 neminem
972 2711 1211 2784 juverit.
1242 2714 1321 2768 De
1367 2710 1460 2766 his
1499 2711 1660 2768 enim
1691 2711 1794 2783 qui
1843 2710 2062 2780 injuste
2111 2709 2298 2782 possi-

646 2803 810 2873 dent,
843 2805 1022 2874 atque
1053 2800 1218 2856 dona
1243 2798 1454 2856 offerre
1508 2800 1630 2855 Deo
1677 2798 2085 2868 egrediuntur,
2116 2798 2300 2870 scrip-

648 2897 777 2951 tum
806 2894 934 2947 est:
989 2892 1364 2959 Sacriﬁcium
1414 2891 1754 2960 impiorum,
1786 2889 2150 2946 abominatio
2199 2904 2296 2945 co-

2400 401 2560 472 χρεία
2616 408 2713 449 τῶν
2787 398 2947 470 λόγων
3033 403 3269 469 το·5των;
3327 405 3566 464 Δανείξετε
3627 410 3732 480 γὰρ,
3775 419 3879 481 φησι,

2401 487 2523 559 παρ’
2594 489 2662 537 ὧν
2718 488 2811 540 οὐκ
2875 489 3103 551 ἐλπίζετε
3168 489 3352 544 λαϐεῖν.
3418 492 3561 544 Ὅταν
3610 499 3699 567 γὰρ
3743 509 3880 568 πτωχὺ

2403 581 2650 648 παρέχειν
2700 577 2884 649 μέλλῃς
3065 576 3156 630 διὰ
3198 583 3281 630 τὸν
3349 583 3544 653 Κύριον,
3597 586 3646 633 τὸ
3693 585 3789 635 αὐτὸ
3825 593 3882 636 και

2404 661 2570 738 δῶρόν
2597 665 2711 717 ἐστι
2753 672 2842 717 καὶ
2875 663 3150 738 δάνεισμα·
3212 665 3373 743 δῶρον
3402 673 3508 741 μεν,
3565 667 3647 723 διὰ
3691 678 3765 731 τὴν
3794 673 3880 726 ὼε)-

2403 757 2619 805 πιστίοιν
2648 761 2742 814 τῆς
2791 752 3093 824 ἀπολήψεως
3114 776 3126 788 ’
3161 751 3415 828 δάνεισμα
3461 754 3536 825 δὲ,
3574 755 3658 810 διὰ
3688 763 3763 817 τὴν
3782 780 3885 831 μεγα-

2403 839 2663 914 λοδωρεάν
2717 849 2806 894 τοῦ
2859 847 3139 908 Δεσπότου,
3186 852 3277 896 τοῦ
3325 843 3662 908 ἀποτιννύντος
3711 851 3807 922 ὑπὲρ
3833 852 3886 900 ar)-

2404 938 2516 981 τοῦ·
2573 930 2627 992 ὁς
2656 933 2821 1004 μικρά
2851 931 3016 983 λαϐὼν
3063 928 3155 984 διὰ
3208 940 3296 984 τοῦ
3350 937 3575 1001 πένητος,
3605 936 3772 1007 μεγαλα
3807 939 3885 1008 ὑπὲρ

2407 1019 2574 1069 αὐτῶν
2607 1015 2932 1074 ἀποδίδωσι.
2974 1026 3230 1072 Σκοπείτω
3259 1027 3423 1073 τοίνυν
3443 1027 3555 1085 τοὺς
3582 1021 3729 1086 ἰδίους
3760 1031 3889 1098 πόρους

2407 1116 2505 1158 τῶν
2557 1108 2909 1160 πλουτούντων
2967 1111 3202 1175 ἕκαστος,
3271 1110 3322 1172 ἐξ
3390 1111 3454 1162 ὧν
3516 1111 3746 1188 ἀναφέρειν
3798 1113 3891 1165 δῶρα

2407 1196 2575 1266 μελλει
2628 1205 2762 1267 Θεῷ,
2795 1204 2866 1270 μὴ
2900 1201 2988 1249 τὸν
3039 1205 3236 1257 πένητα
3287 1198 3734 1267 καταδυνάστευσε,
3772 1209 3893 1273 μὴτὸ)

2409 1285 2774 1360 ἀσθενέστερον
2807 1285 3073 1355 ἐϐιάσατο,
3105 1293 3178 1360 μὴ
3234 1292 3318 1340 τὸν
3349 1291 3661 1361 ὑποκείμενον
3707 1291 3812 1361 αὐτῷ
3843 1312 3895 1343 πε-

2409 1374 2790 1440 πλεονέκτηκεν,
2852 1375 3063 1447 ἐξουσίᾳ
3122 1382 3392 1452 χρώμενος
3467 1377 3572 1430 ἀντὶ
3626 1377 3891 1440 δικαιοσύνης.

2407 1467 2477 1516 Τὸ
2532 1461 2736 1514 δίκαιον
2778 1466 2880 1537 γὰρ
2921 1466 3027 1536 xui:
3056 1470 3148 1522 τὴν
3201 1466 3420 1522 ἰσότητα
3466 1467 3740 1540 κελενόμεθα
3776 1468 3894 1538 φυλάτ-

2409 1571 2511 1604 τειν
2553 1558 2640 1604 και
2680 1556 2813 1626 πρὸς
2856 1556 2978 1613 τοὺς
3026 1549 3373 1625 δούλους
3417 1560 3497 1613 Μὴ
3529 1559 3619 1627 γὰρ
3659 1558 3724 1608 ὅτι
3740 1564 3897 1629 κρατεῖς,

2723 1636 2863 1711 μηδὲ
2914 1643 2994 1693 ὅτι
3043 1638 3293 1706 δύνασαι,
3361 1643 3669 1696 πλεονέκτει·
3721 1643 3803 1695 ἀλλ’
3849 1647 3897 1695 ὅτι

2407 1730 2628 1801 πάρεστί
2683 1747 2766 1780 σοι
2825 1731 2889 1781 τὰ
2920 1739 3014 1792 τῆς
3044 1730 3301 1802 ἐξουσίας,
3338 1728 3503 1795 δεῖξον
3549 1735 3610 1784 τὰ
3637 1742 3715 1795 τῆς
3754 1730 3898 1785 δίκαιοι

2412 1821 2590 1878 σύνης.
2658 1818 2733 1869 Οὐ
2799 1821 2899 1892 γὰρ
2959 1818 3006 1870 ἐν
3173 1825 3244 1892 μὴ
3325 1818 3567 1890 δύνασαι,
3625 1823 3815 1897 παρέξεις
3843 1827 3899 1878 τὶν

2410 1903 2678 1968 ἀπόδειξιν
2744 1916 2839 1968 τῆς
2914 1911 3043 1980 πρὸς
3109 1909 3236 1961 Θεὸν
3304 1911 3536 1971 ὑπακοῆς
3596 1916 3671 1962 καὶ
3724 1918 3795 1962 τοῦ
3839 1916 3898 1978 φοι

2409 1995 2521 2047 ϐου¹

2409 2083 2621 2145 ϐαίνεις.
2678 2085 2736 2136 Εἰ
2792 2081 2849 2136 δὲ
2903 2083 3206 2156 ἀφελόμενος
3257 2090 3322 2139 τὰ
3373 2096 3472 2138 τῶν
3522 2094 3740 2155 πενήτων,
3773 2093 3900 2142 τέλεσι

2602 1995 2710 2046 ἀλλ’
2778 1996 2824 2046 ἐν
2992 1996 3292 2070 παραϐῆναι
3352 1996 3640 2071 δυνάμενος,
3698 1999 3746 2051 οὗ
3786 2018 3898 2071 παρα-

2409 2169 2597 2245 δίδως,
2661 2173 2866 2225 κάλλιον
2923 2171 3065 2230 ἦσθα
3127 2180 3255 2246 μήτε
3313 2176 3555 2250 ἁρπάζων
3587 2181 3701 2248 μήτε
3753 2171 3899 2232 διδούς.

2410 2266 2543 2314 Οὔτε
2595 2265 2693 2333 γὰρ
2752 2262 2804 2324 ἐξ
2855 2259 3052 2314 ἀδίκων
3084 2260 3281 2335 κερδῶν
3328 2265 3590 2339 εὐεργεσία
3612 2270 3717 2337 πρὸς
3738 2268 3802 2315 τὸν
3825 2259 3899 2312 δῖο-

2407 2370 2554 2422 μενον
2607 2348 2761 2409 δεκτὴ
2819 2354 2962 2423 παρὰ
3011 2359 3146 2422 Θεῷ,
3176 2357 3295 2406 οὔτε
3353 2356 3379 2405 ὁ
3423 2363 3518 2405 τῶν
3550 2350 3738 2406 ἀδικιῶν
3762 2353 3898 2421 direxe-

2407 2461 2553 2512 μενος
2600 2441 2881 2511 ἐπαινετὸς,
2953 2441 2994 2494 εἰ
3060 2438 3248 2513 μηδενὶ
3311 2441 3563 2514 μεταδοίη
3627 2452 3709 2494 τῶν
3759 2442 3897 2493 ἐεωτσῦ.

2411 2535 2535 2605 Περὶ
2571 2533 2660 2602 μὲν
2703 2533 2801 2604 γὰρ
2855 2538 2955 2581 τῶν
3009 2527 3356 2599 ἀδικούντων,
3388 2538 3476 2584 καὶ
3524 2530 3659 2605 δῶρα
3681 2539 3770 2600 Θεῷ
3787 2545 3898 2599 προσ·

2409 2623 2572 2693 φέρειν
2653 2618 3073 2691 ἐπιχειρούντων,
3151 2625 3468 2693 γέγραπται·
3544 2626 3702 2674 Θυσίοι
3749 2616 3898 2676 ἇεεξὼν,

2408 2705 2685 2781 βδέλυγμα
2748 2713 2940 2781 Κυρίῳ·
3004 2713 3121 2781 περὶ
3187 2705 3245 2761 δὲ
3311 2717 3412 2761 τῶν
3465 2716 3534 2782 μὴ
3593 2709 3821 2762 ἐλεούντων.
3865 2703 3900 2752 Ὀ

2408 2801 2654 2870 φράσσων
2702 2801 2766 2848 τὰ
2831 2793 2942 2848 ὦτα
2996 2797 3157 2849 αὐτοῦ
3204 2805 3298 2849 τοῦ
3353 2803 3426 2870 μὴ
3483 2800 3747 2850 ὑπακοῦσαι
3797 2798 3900 2847 sear-

3447 2893 3532 2940 καὶ
3589 2887 3671 2939 οὐκ
3740 2888 3845 2936 ἔσται
3887 2899 3902 2927 ο

2405 2907 2508 2950 τος,
2579 2891 2667 2938 καὶ
2770 2885 2927 2946 αὐτὸς
2990 2885 3376 2953 ἐπικαλέσεται,

650 2998 781 3039 ram
812 2980 1158 3037 Domino“.
1215 2982 1292 3036 De
1340 2978 1433 3034 his
1487 2982 1687 3034 autem
1727 2979 1832 3051 qui
1860 2977 2043 3047 [nulla
2071 2977 2294 3032 miseri-

2408 2977 2823 3028 suamme
2873 2982 3026 3027 τοῦτο
3057 2977 3085 3031 ἡ
3139 2981 3407 3048 Παροιμίαι
3463 2975 3778 3049 συμϐουλεύει·
3813 2974 3903 3039 Τίμα
3978 2977 3979 3010 1

652 3068 858 3126 cordia
913 3071 1362 3140 permoventur,
1393 3066 1508 3134 Qui
1552 3066 1791 3122 obturat
1822 3081 1962 3120 sua:
1989 3081 2186 3133 aures,
2225 3080 2301 3121 ne

645 3176 975 3232 pauperem
1025 3156 1337 3223 exaudiat,
1364 3157 1490 3224 ipse
1537 3156 1712 3211 etiam
1763 3154 2082 3220 invocabit,
2115 3169 2301 3226 neque

652 3252 762 3308 erit
781 3252 887 3321 qui
908 3246 1197 3305 exaudiat
1227 3247 1295 3298 ⁵⁵.
1323 3245 1639 3315 Propterea
1663 3247 1867 3300 monet
1909 3248 1966 3299 et
2008 3243 2297 3298 hortatur.

653 3338 978 3394 Paraemia:
1036 3335 1287 3390 Honora
1329 3333 1647 3388 Dominum
1695 3333 1767 3388 de
1831 3331 2136 3387 ’aboribus
2185 3332 2299 3386 tuis

640 3429 826 3497 fustis
859 3444 873 3481 :
903 3432 957 3482 et
975 3424 1272 3495 primitias
1303 3422 1398 3477 illi
1426 3421 1577 3490 offer
1603 3421 1676 3476 de
1706 3423 1820 3476 tuis
1850 3421 2299 3490 fruetibusjus-

653 3517 890 3574 tilia“.
923 3515 982 3572 Si
1010 3513 1172 3569 enim
1201 3510 1607 3582 exiniquitatc
1661 3515 1716 3566 et
1759 3509 1971 3582 rapina
2013 3509 2299 3582 quaedam

649 3606 966 3663 oblaturus
994 3619 1058 3660 es
1115 3604 1257 3667 Deo,
1289 3600 1669 3672 praestantius
1723 3603 1878 3656 esset
1923 3615 2121 3672 neque
2159 3599 2301 3656 talia

651 3695 994 3770 possedisse
1024 3697 1078 3748 te
1119 3704 1414 3763 unquam,
1443 3703 1639 3760 neque
1686 3705 1759 3744 ex
1798 3688 1891 3743 his
1925 3688 2156 3744 offerre.
2190 3689 2300 3743 Pu-

649 3801 787 3841 rum
841 3783 1004 3840 enim
1064 3780 1295 3837 donum
1343 3776 1554 3833 evehet
1602 3793 1864 3850 precem,
1895 3782 1961 3833 ut
2009 3777 2299 3848 scriptum

649 3877 779 3929 est:
810 3875 1022 3930 Preces
1053 3885 1256 3928 eorum
1279 3868 1383 3938 qui
1415 3871 1570 3922 recto
1609 3872 1750 3922 sunt
1791 3867 1988 3931 corde,
2043 3873 2300 3935 accepta?

650 3966 794 4015 sunt
841 3960 1008 4029 apud
1063 3963 1259 4027 ipsum
1285 3957 1354 4010 ⁵⁷.
1418 3958 1480 4011 Et
1529 3970 1771 4011 rursum
1810 3955 1858 4010 si
1906 3955 2220 4027 possidens
2267 3971 2298 4010 e

647 4046 824 4117 justis
878 4045 1194 4101 laboribus
1248 4059 1372 4099 non
1427 4043 1713 4099 obtuleris
1774 4045 1894 4098 Deo
1941 4043 2298 4113 oblationes,

648 4134 872 4208 quibus
896 4134 1134 4190 alantur
1164 4147 1482 4204 pauperes,
1516 4131 1912 4202 imputabitur
1952 4133 2057 4188 tibi
2099 4133 2160 4188 in
2202 4149 2297 4189 ra-

647 4224 861 4298 pinam
901 4227 968 4279 ut
995 4236 1103 4294 per
1150 4219 1512 4293 prophetam
1561 4218 1914 4274 Malachiam
1963 4221 2046 4275 ait
2097 4224 2293 4277 Deus:

645 4313 946 4370 Primitiae
967 4317 1020 4368 et
1041 4310 1284 4366 decima?
1330 4313 1541 4364 vestra;-
1572 4307 1868 4364 vobiscum
1907 4314 2068 4376 sunt,
2097 4316 2151 4366 et
2183 4311 2296 4366 erit

645 4405 709 4460 in
768 4403 1035 4459 domibus
1089 4401 1299 4457 vestris
1330 4398 1589 4466 direptio
1640 4397 1709 4455 ⁵⁸.
1760 4396 1912 4462 Quid
1942 4397 2119 4467 igitur
2161 4403 2295 4456 tuas

644 4492 884 4549 divitias
927 4489 1308 4563 coinquinas,
1337 4504 1374 4544 ο
1411 4487 1618 4553 homo,
1651 4486 1859 4558 iniqua
1885 4485 2052 4543 lucra
2082 4487 2174 4544 his
2202 4506 2296 4545 su-

641 4580 987 4654 peraddens
1008 4580 1036 4635 ‘t
1062 4578 1215 4645 Quid
1250 4576 1720 4634 abominabilem
1754 4576 1899 4632 facis
1924 4576 2292 4636 oblationem

642 4674 810 4726 tuam
866 4685 938 4726 ex
981 4667 1292 4739 injustitia,
1337 4665 1486 4722 dum
1534 4665 1598 4721 id
1640 4666 1853 4722 offerre
1898 4670 2091 4724 teutas
2119 4670 2292 4739 cujus

640 4757 893 4814 nomina
917 4757 1160 4813 alterius
1186 4755 1467 4829 pauperis
1497 4754 1848 4812 miserturus
1873 4769 1936 4811 es
1966 4756 1977 4809 !
2025 4756 2154 4828 ejus
2175 4758 2290 4812 mi-

644 4861 880 4903 sereare
896 4861 1080 4918 quem
1102 4843 1323 4915 injuria
1353 4843 1562 4912 aﬂicis,
1585 4843 1647 4899 in
1695 4843 1858 4900 hunc
1889 4860 2130 4901 summa
2169 4851 2267 4901 ute

713 4971 762 5005 ⁸³
800 4972 937 5027 Luc.
970 4984 1048 5025 v1.
1081 4973 1170 5025 35.

708 5094 784 5166 (ί)
811 5096 1065 5166 Uterque
1089 5093 1281 5150 codex
1300 5093 1538 5166 indicat
1547 5107 1897 5166 sermonem
1921 5093 2008 5149 De
2035 5095 2279 5166 eleemo-

631 5163 797 5238 me
814 5163 1132 5238 etjudieio.
1171 5165 1490 5238 Romilium
1527 5163 1690 5238 illam
1736 5168 1876 5238 post
1918 5165 2278 5238 Matthzeium

629 5235 832 5321 denuo
852 5235 1097 5321 edimus
1119 5237 1198 5292 ad
1227 5235 1456 5292 calcem
1485 5235 1630 5290 tomi
1656 5235 1808 5290 tertii
1847 5235 2026 5305 hujus
2075 5237 2280 5293 editio-

628 5308 1265 5454 miéfgiinlggsilodex
1297 5377 1511 5448 Regius
1555 5376 1818 5434 melioris
1849 5381 2007 5436 nota:
2054 5379 2270 5452 μελλεις,

1247 4969 1295 5004 ⁸⁸
1336 4971 1502 5026 Prov.
1528 4984 1620 5033 xv,
1661 4971 1713 5023 8.

1793 4970 1838 5004 ³⁵
1889 4969 2061 5025 Prov.
2091 4986 2208 5040 xxi,
2241 4973 2329 5028 15.

2408 3068 2494 3116 τὸν
2557 3066 2746 3136 Κύριον
2810 3064 2912 3116 ἀπὸ
2981 3072 3083 3117 σῶν
3148 3060 3373 3117 δικαίων
3440 3070 3616 3135 πόνων,
3675 3068 3746 3115 καὶ
3795 3060 3902 3127 ἀπάρ-

2409 3174 2513 3225 χου
2541 3154 2682 3224 αὐτῷ
2749 3153 2850 3206 ἀπὸ
2921 3163 3023 3205 σῶν
3089 3163 3302 3227 καρπῶν
3363 3152 3705 3216 δικαιοσύνης.
3752 3150 3795 3203 Εἰ

2410 3243 2461 3305 ἐξ
2489 3239 2702 3304 ἀδικίας
2745 3247 2834 3294 καὶ
2895 3243 3130 3316 ἁρπαγῆς
3183 3243 3385 3315 μελλεις
3424 3250 3706 3319 προσφέρειν
3746 3247 3801 3308 τῷ
3820 3243 3902 3303 Θεῷ.

2410 3332 2613 3384 κάλλιον
2642 3338 2774 3403 μήτε
2803 3334 3104 3389 κτήσασθαι
3137 3337 3388 3391 τοιαύτην
3428 3342 3625 3398 κτῆσιν,
3655 3336 3763 3403 μήτε
3799 3341 3903 3396 προτ-

2410 3427 2575 3494 φέρειν
2633 3421 2687 3483 ἐξ
2722 3421 2899 3480 αὐτῆς.
2971 3423 3207 3496 Καθαρον
3263 3427 3370 3497 γὰρ
3441 3421 3599 3497 δῶρον
3649 3421 3808 3472 ἀνοίσει
3848 3417 3901 3466 τὲῖ

2410 3511 2574 3582 εὐχὴν
2639 3513 2735 3579 (4),
2801 3513 2867 3571 ὡς
2934 3513 3245 3582 γέγραπται·

2410 3597 2592 3652 δεκταὶ
2645 3599 2766 3672 παρ’
2824 3599 2986 3669 αὐτῷ.
3035 3605 3132 3652 Καὶ
3193 3601 3370 3668 πάλιν,
3416 3603 3458 3654 εἰ
3510 3608 3739 3672 κτώμενος
3776 3594 3815 3645 ἐκ
3856 3587 3902 3639 δι’

3339 3512 3407 3566 Εὐ
3412 3519 3512 3584 χαὶ
3568 3510 3902 3563 tartari-Mirm.

2408 3695 2568 3741 καίων
2617 3694 2780 3741 πόνων
2826 3693 2898 3760 μὴ
2951 3695 3260 3764 προσφέροις
3321 3699 3436 3761 Θεῷ
3483 3691 3748 3765 προσφορὰς
3785 3678 3903 3750 ἀξίη

2408 3783 2676 3852 τρέφονται
2725 3782 2957 3843 πένητες,
2991 3777 3199 3850 ἁρπαγή
3259 3779 3630 3851 λογισθάσεταί
3691 3794 3774 3836 σοι,
3816 3768 3904 3818 καθί

2410 3888 2540 3939 φησι
2590 3863 2684 3919 διὰ
2730 3874 2820 3918 τοῦ
2858 3873 3125 3938 προφήτου
3167 3867 3451 3939 Μαλαχίου
3490 3870 3516 3920 ὁ
3557 3872 3690 3926 Θεὸς
3715 3863 3761 3916 Δί
3789 3859 3903 3924 am?-

2409 3964 2508 4029 χαὶ
2569 3962 2656 4008 καὶ
2713 3959 2778 4008 τὰ
2838 3953 3123 4008 ἐπιδέκατα
3171 3958 3312 4028 ὑμῶν
3371 3957 3484 4030 μεθ’
3536 3957 3665 4028 ὑμῶν
3709 3953 3804 4012 εἰσι,
3848 3947 3901 3993 ut
3976 3939 3977 3986 Ὺ

2408 4049 2556 4098 ἐσται
2614 4047 2642 4103 ἡ
2704 4043 2974 4118 διαρπαγὴ
3037 4044 3086 4096 ἐν
3142 4053 3253 4106 τοῖς
3290 4049 3455 4106 οἴκοις
3503 4049 3654 4118 ὑμῶν,
3691 4045 3743 4094 Τί
3791 4041 3901 4085 τοίνυν

2406 4135 2634 4207 μολύνεις
2687 4137 2772 4184 τὸν
2832 4140 3026 4184 σαυτοῦ
3097 4133 3340 4196 πλοῦτον,
3407 4137 3652 4208 ἄνθρωπε,
3699 4124 3902 4190 firmam”

2406 4222 2546 4293 αὑτῷ
2575 4225 2640 4274 τὰ
2678 4225 2748 4293 μὴ
2799 4218 2982 4273 δίκαια
3028 4218 3227 4294 κέρδη;
3286 4227 3337 4274 τί
3371 4219 3657 4295 βδελυκτῃν
3695 4218 3818 4269 ποιεῖς
3843 4212 3901 4258 τὴν
3976 4277 3977 4282 η

2409 4319 2604 4364 σαντοῦ
2662 4315 2986 4384 προσφορὰν,
3041 4310 3096 4373 ἐξ
3151 4307 3366 4374 ἀδικίας
3438 4327 3721 4386 προσ-φερειν
3765 4302 3902 4366 ἐπίχει·

2404 4410 2526 4474 ρῶν,
2595 4399 2642 4451 ἐν
2694 4400 2733 4449 ὦ
2800 4399 2994 4472 μελλεις
3042 4402 3208 4472 ἕτερον
3274 4403 3491 4472 πτωχὸν
3530 4398 3706 4460 ἐλεείνς
3752 4393 3900 4442 Ἐκεῖνον

2405 4491 2612 4548 ἐλέησον
2664 4490 2717 4541 ὃν
2776 4485 2973 4548 ἀδικεῖς
3021 4489 3090 4550 εἰς
3121 4495 3300 4541 τοῦτον
3357 4493 3689 4561 κατάχρησαι
3710 4488 3760 4552 τῇ
3786 4474 3899 4548 φιλεῖν

2404 4583 2626 4652 θρωπίᾳ·
2682 4581 2846 4649 τούτῳ
2902 4579 3150 4651 χάρισαι,
3205 4583 3296 4630 καὶ
3344 4578 3628 4653 πληρώσεις
3668 4573 3777 4625 ἔλεον
3816 4577 3901 4660 ili-:1

2402 4675 2634 4743 κρίσεως.
2687 4668 2761 4719 Οὐ
2811 4671 2912 4740 γὰρ
2984 4672 3290 4724 κοινωνήσει
3361 4666 3619 4735 πλεονεξίᾳ
3671 4661 3794 4718 Θεὸς,
3821 4664 3901 4703 θνοί

2400 4758 2605 4830 λῃστῶν
2653 4762 2742 4809 καὶ
2787 4758 3065 4830 ἁρπακτών
3123 4759 3380 4831 κοινωνὸς-
3411 4757 3438 4808 ὁ
3499 4757 3685 4827 Κύριος·
3733 4739 3826 4798 οὐδὲ
3858 4753 3900 4790 ως

2403 4844 2657 4908 ἀδύνατος
2706 4851 2904 4921 τρέφειν
2951 4851 3071 4908 τοὺς
3112 4851 3353 4913 πένητας,
3414 4849 3536 4918 ἡμῖν
3583 4839 3786 4894 κατέλιπε
3828 4842 3898 4896 τρί’

2406 4974 2454 5008 ⁵⁸
2496 4975 2664 5028 Prov.
2696 4987 2777 5034 in,
2810 4976 2862 5028 9.
2940 4973 2984 5006 ⁵⁷
3015 4974 3186 5028 Prov.
3217 4988 3311 5041 xv,
3335 4973 3388 5027 8.
3465 4970 3511 5004 ⁵⁸
3554 4961 3768 5024 Malach.
3793 4952 3893 5016 al.3-

2389 5097 2613 5169 [minus
2638 5096 2850 5169 recte.]

2459 5171 2536 5240 (3)
2577 5167 2818 5228 Δούλους.
2833 5163 3020 5222 idem
3043 5166 3235 5223 codex
3256 5163 3597 5240 ὁμοᾷοὐλους.

2457 5227 2537 5310 (4)
2575 5245 2680 5298 Τὴν
2715 5227 2897 5310 εὐχήν.
2925 5240 3160 5310 δίομορε
3213 5227 3482 5309 ejusdem
3511 5227 3894 5310 codicisuelflﬁf‘

2385 5286 2661 5368 davimus
2682 5286 3680 5380 vuféatani'lectiouem—ri;ﬁxit
3716 5298 3815 5354 M01
3843 5286 3893 5340 Ῑθ·

2384 5382 2652 5452 gendum
2683 5381 2922 5438 videtur
2950 5385 3250 5456 τρέφωνται.
