4068 6220
645 245 777 296 “67

1587 233 1958 291 APPENDIX.
1999 263 2066 275 --
2104 230 2453 292 SYMEONIS
2493 233 3041 296 METAPHRASTE.

3782 253 3882 311 “68

642 365 823 421 etiam
871 361 1086 419 lentius
1136 358 1508 432 gradiamur,
1537 358 1812 430 ejusdem
1867 357 2122 414 miseriae
2153 356 2282 414 effi-

2401 353 2462 410 ὃὶ
2511 359 2826 421 σκεπάζοιτο
2877 365 3139 420 σεσηπόσι
3183 361 3396 438 ῥακίοις,
3436 367 3496 427 ὡς
3534 364 3744 424 ὀδωδότα
3775 375 3883 428 πάλιν

642 455 874 511 ciamur
920 449 1264 524 participes.
1315 451 1399 515 Et,
1448 447 1500 504 si
1545 447 1604 503 in
1652 452 1872 504 terram
1920 447 2146 516 oculos,
2185 463 2290 504 ca-

639 543 904 599 lamitate
955 539 1249 612 pudorem
1293 538 1345 593 ei
1400 537 1744 601 incutiente,
1801 537 2092 592 dimiserit
2151 552 2290 593 eum

638 630 977 704 hypocrisis
1017 627 1275 683 dicimus
1321 625 1648 694 artificem;
1698 625 1748 681 si
1794 642 1936 682 vero
1985 625 2168 682 libere
2221 640 2292 682 ac

639 719 1032 786 contidenter,
1090 717 1251 772 fame
1309 714 1567 784 graviter
1623 714 2064 783 exstimulatus,
2123 730 2290 786 aspe-

638 810 789 864 xerit
817 825 950 874 nos,
981 824 1012 862 e
1043 805 1339 861 contrario
1369 803 1783 875 impudentem
1814 803 2193 876 appellamus
2222 819 2294 859 ac

637 897 989 954 violentum.
1020 899 1104 962 Et,
1135 895 1182 950 si
1226 898 1468 966 opertus
1516 893 1591 949 sit
1635 893 1878 961 integris
1917 892 2184 948 vestibus
2213 891 2293 949 ab

639 989 843 1059 aliquo
889 984 1172 1056 acceptis,
1221 982 1398 1054 quasi
1455 981 1877 1054 inexplebilem
1927 980 2292 1053 repellimus,

637 1094 709 1134 ac
749 1078 1026 1147 juramus
1051 1075 1468 1145 paupertatem
1505 1069 1582 1126 ab
1615 1070 1715 1126 illo
1741 1070 2010 1126 simulari
2036 1087 2048 1136 ;
2079 1069 2127 1124 si
2150 1084 2293 1126 vero

636 1162 979 1238 panniculis
1031 1159 1287 1233 putridis
1340 1159 1672 1229 amiciatur,
1729 1174 1938 1214 rursus
1991 1156 2294 1228 abigimus

638 1254 722 1309 uti
770 1251 926 1307 male
975 1249 1259 1305 olentem.
1291 1250 1356 1303 Et
1385 1247 1668 1318 quamvis
1703 1245 2040 1302 Conditoris
2069 1260 2293 1302 nomen

633 1341 915 1415 precibus
957 1338 1308 1404 admisceat,
1345 1351 1416 1392 ac
1458 1335 1680 1391 similes
1725 1351 2029 1391 aerumnas
2073 1333 2289 1390 indesi-

635 1435 843 1488 nenter
895 1445 931 1484 a
980 1426 1157 1483 nobis
1201 1425 1586 1497 deprecetur,
1623 1429 1826 1481 tamen
1875 1423 2295 1480 immisericor-

2403 443 2682 521 διώκομεν.
2741 455 2841 504 Καὶ
2893 455 3010 504 οὔτε
3059 457 3118 504 τὸ
3169 461 3262 505 τοῦ
3322 459 3575 518 κτίσαντος
3631 463 3767 532 ὄνομα
3806 472 3884 526 ταῖς

2405 538 2691 610 ἱκετηρίαις
2739 538 2922 600 ἐκεῖνος
2977 539 3274 613 ἀναμιγνὺς,
3323 548 3434 596 οὔτε
3478 549 3531 597 τὸ
3568 548 3634 616 (7)
3673 554 3730 620 μή
3769 555 3883 602 τοιον-

2402 645 2512 687 τοις
2560 628 2753 680 πάθεσι
2798 637 3090 703 περιπεσεῖν
3144 632 3280 702 ἡμᾶς
3329 630 3536 705 ἐξορκών
3580 646 3790 708 συνεχῶς,
3819 637 3885 692 δύο

2401 733 2553 767 ναται
2592 721 2684 774 τὴν
2720 715 2890 776 ἀνελεῆ
2943 717 3150 790 κάμψαι
3196 725 3502 795 προαίρεσιν.
3541 727 3626 776 Διά
3665 734 3798 779 ταῦτα
3825 732 3886 798 ὑο-

2403 814 2604 877 ορῶμαι
2649 803 2934 881 βαρύτερον
2978 816 3073 868 τῆς
3104 813 3307 879 γεέννης
3347 813 3403 862 τὸ
3450 819 3568 886 πῦρ,
3608 816 3718 887 ἤπερ
3762 813 3885 877 ἐκεῖνος

2401 894 2428 945 ὁ
2472 897 2558 944 τὸν
2598 894 2842 967 Λάζαρον
2884 891 3144 969 ὑπεριδὼν
3184 894 3446 959 πλούσιος.
3475 898 3579 952 Ἰνα
3612 897 3664 953 ὄε
3695 908 3754 974 μή
3786 913 3887 957 τοῦτο

2401 987 2635 1052 γένηται,
2693 990 2764 1052 τῷ
2820 982 2937 1054 ἐλέῳ
2987 987 3074 1036 τὸν
3129 983 3261 1038 ἔλεον
3321 991 3756 1061 προπτησὼμεθα,
3797 994 3888 1054 ὅπως

2403 1073 2492 1120 καὶ
2547 1077 2647 1121 τῶν
2714 1069 2931 1121 αἰωνίων
2997 1068 3205 1142 ἀγαθῶν
3269 1070 3582 1147 ἕπιτύχωμεν
3636 1079 3679 1128 ἑν
3740 1085 3889 1151 Χριστᾲ

2406 1157 2582 1216 Ἰησοῦ
2619 1165 2689 1228 τῷ
2736 1163 2909 1234 Κυρίῳ
2945 1162 3112 1232 ἡμῶν,
3229 1163 3260 1220 ἡ
3308 1159 3438 1226 δόξα
3473 1169 3556 1216 καὶ
3582 1169 3634 1217 τὸ
3661 1169 3808 1240 κράτος
3832 1172 3891 1219 οὑν

2402 1255 2474 1317 τῷ
2518 1245 2734 1321 ἁνάρχῳ
2782 1247 2939 1300 αὑτοῦ
2977 1254 3144 1324 Πατρὶ
3183 1254 3273 1302 καὶ
3308 1259 3379 1321 τῷ
3422 1253 3644 1323 ζωοποιῷ
3687 1257 3891 1327 [In-5pm,

2402 1343 2489 1387 νῦν
2555 1341 2644 1388 καὶ
2705 1335 2820 1403 ἀεὶ,
2886 1343 2976 1390 καὶ
3038 1337 3110 1401 εἰς
3172 1343 3290 1401 τοὺς
3352 1341 3534 1404 αἰῶνας
3600 1350 3688 1394 τῶν
3741 1344 3890 1397 sidiam

2404 1423 2589 1497 Ἀμήν.

634 1520 775 1575 dem
819 1517 1188 1572 voluntatem
1235 1516 1470 1570 ﬂectere
1513 1530 1638 1570 non
1680 1518 1893 1586 potest.
1943 1516 2321 1585 Quapropter
2368 1511 2659 1582 gehennae
2699 1511 2902 1585 ignem
2951 1516 3292 1586 graviorem
3321 1531 3506 1590 quam
3542 1519 3639 1591 qui
3664 1518 3804 1590 593
3835 1518 3895 1574 di-

633 1609 812 1664 vitem
863 1606 1033 1662 illum
1095 1605 1293 1661 Lazari
1344 1604 1758 1676 despectorem
1807 1601 2166 1668 combussit,
2217 1600 2564 1657 reformido.
2610 1602 2784 1668 Quod
2823 1603 3083 1675 gquidem
3139 1620 3216 1661 ne
3262 1606 3525 1675 eveniat,
3577 1606 3895 1664 misericordia

632 1694 1112 1754 misericordiam
1146 1709 1594 1766 comparemus,
1635 1695 1701 1748 ut
1736 1696 1792 1749 et
1839 1695 2062 1748 aeterna
2109 1689 2270 1747 bona
2313 1705 2764 1762 consequamur
2799 1690 2862 1746 in
2898 1692 3126 1750 Christo
3169 1695 3308 1750 Jesu
3351 1695 3597 1752 Domino
3629 1699 3811 1760 nostro,
3832 1695 3895 1750 cui

633 1785 823 1856 gloria
870 1788 927 1842 et
970 1787 1255 1856 potestas,
1297 1799 1437 1840 cum
1489 1786 1712 1840 aeterno
1757 1781 1889 1854 ejus
1939 1783 2128 1850 Patre,
2172 1782 2229 1837 et
2267 1777 2608 1837 viviﬁcante
2657 1779 2898 1853 Spiritu,
2946 1795 3111 1838 nunc
3156 1787 3215 1840 et
3256 1798 3515 1857 semper,
3556 1787 3612 1842 et
3649 1783 3702 1841 in
3740 1782 3894 1841 secula

633 1874 1018 1932 seeoulorum.
1050 1877 1259 1930 Amen.

856 2037 962 2093 DE
1000 2037 1083 2092 Β]
1101 2035 1338 2092 VITIIS
1371 2035 1480 2090 ET
1507 2033 1937 2092 PAUPERTA
1952 2032 2069 2089 TE.

1297 2160 1526 2215 SERMO
1567 2159 1630 2212 V.

707 2288 757 2341 -l.
799 2287 878 2357 (t)
905 2285 1067 2341 Putei
1091 2282 1294 2340 hausti
1321 2282 1540 2338 melius
1567 2281 1921 2351 scaturiunt,
1946 2283 2029 2336 sic
2059 2283 2116 2336 et
2143 2278 2288 2336 divi-

635 2377 748 2440 tim,
779 2375 828 2430 si
871 2372 1116 2429 stabiles
1155 2371 1289 2439 sint,
1322 2371 1471 2428 nihil
1512 2375 1801 2443 prosunt;
1835 2371 1885 2426 si
1931 2373 2288 2427 moveantur

633 2471 691 2521 et
721 2463 1160 2520 transferantur
1181 2477 1571 2518 communem
1595 2461 1910 2518 utilitatem
1931 2463 2289 2531 promovent

635 2571 705 2612 ac
733 2553 996 2610 fructum
1027 2552 1243 2607 ferunt.
1275 2551 1357 2606 Ac
1385 2551 1588 2607 mirari
1631 2551 1878 2623 quidem
1910 2549 2057 2606 mihi
2103 2548 2284 2621 subit,

633 2641 945 2717 quomodo
986 2645 1122 2714 post
1147 2640 1515 2712 superﬂuam
1541 2643 1599 2696 et
1625 2639 1893 2696 inutilem
1932 2641 2284 2711 sumptuum

635 2732 1155 2802 excogitationem,
1185 2732 1264 2800 (2)
1297 2745 1436 2785 cum
1474 2729 1535 2784 in
1567 2733 1877 2786 sexcentos
1910 2745 2053 2784 usus
2079 2728 2287 2784 distra-

635 2829 745 2879 ctae-
775 2821 992 2878 divitim
1041 2818 1386 2876 redundant
1414 2817 1633 2889 adhuc,
1661 2819 1724 2874 in
1767 2823 1925 2875 terra
1963 2817 2288 2874 detrudun-

636 2917 732 2969 tur
769 2928 806 2969 a
847 2908 1219 2983 possidente,
1250 2912 1306 2964 et
1331 2909 1392 2963 in
1423 2907 1642 2964 abditis
1683 2907 1833 2964 locis
1879 2913 2283 2964 asservantur.

637 3004 810 3072 Papae
837 3001 848 3055 !
880 3003 1207 3072 postquam
1236 2997 1566 3053 innumeris
1595 2997 1943 3069 excogitatis
1965 2997 2164 3053 modis
2186 3014 2288 3054 au-

638 3104 773 3146 rum
819 3087 1140 3144 absumere
1183 3102 1307 3143 non
1346 3087 1556 3159 potuit,
1589 3090 1730 3142 tunc
1773 3085 1921 3142 illud
1971 3085 2087 3142 sub
2132 3091 2290 3144 terra

639 3175 977 3234 occultavit.
1012 3175 1085 3244 (3)
1117 3174 1358 3231 Videtur
1386 3179 1589 3230 autem
1631 3174 1780 3230 mihi
1815 3175 2026 3230 vitium
2069 3175 2288 3231 animm

641 3263 861 3330 divitis,
898 3263 1249 3319 helluonum
1293 3263 1437 3319 vitio
1477 3262 1692 3332 simile,
1739 3264 1844 3336 qui
1887 3263 2121 3320 malunt
2164 3279 2288 3336 prae

641 3351 908 3421 ingluvie
958 3351 1273 3424 disrumpi,
1315 3368 1504 3425 quam
1549 3352 1761 3426 reliqui
1803 3353 2138 3426 quidquam
2182 3353 2291 3408 im—
2330 3381 2370 3436 ρ

641 3439 847 3514 pertiri
881 3440 1218 3510 egentibus.
1253 3443 1329 3509 (4)
1357 3440 1511 3496 Talis
1544 3447 1671 3498 erat
1711 3442 1806 3497 ille
1858 3443 1920 3497 in
1969 3442 2292 3512 Evangelio

644 3530 837 3585 dives.
865 3528 1157 3586 Astabant
1203 3529 1307 3601 qui
1353 3531 1621 3586 animam
1671 3532 1800 3602 ejus
1843 3536 2195 3603 repeterent,
2238 3536 2294 3588 et

643 3618 738 3674 ille
769 3633 976 3674 secum
1005 3617 1336 3674 disserebat
1365 3619 1438 3674 de
1470 3619 1783 3676 alimentis.
1819 3623 1938 3676 Hac
1958 3620 2091 3693 ipsa
2119 3625 2292 3678 nocte

646 3707 1076 3780 abripiebatur,
1108 3712 1165 3764 et
1193 3707 1270 3764 ad
1312 3709 1533 3766 multos
1575 3727 1768 3767 annos
1799 3726 2000 3766 rerum
2047 3726 2292 3784 posses-

648 3799 882 3856 sionem
917 3799 1122 3854 animo
1171 3799 1283 3855 sibi
1325 3799 1609 3870 ﬁngebat.
1637 3804 1713 3871 (ὅ)
1761 3802 1998 3858 Insania
2043 3802 2289 3872 ingens!

647 3889 794 3945 dum
825 3889 1071 3960 quidem
1101 3904 1316 3944 aurum
1350 3889 1410 3944 in
1441 3890 1696 3946 metallis
1717 3895 1862 3954 erat,
1891 3895 2107 3947 terram
2136 3908 2296 3948 scru-

646 3979 925 4037 tabatur:
966 3994 1105 4033 cum
1147 3982 1348 4033 autem
1387 3979 1515 4048 jam
1554 3980 1616 4036 iu
1663 3979 1981 4052 propatulo
2021 3986 2130 4049 est,
2171 3997 2296 4037 rur-

649 4084 751 4124 sus
792 4067 936 4122 illud
966 4067 1026 4122 in
1058 4072 1213 4122 terra
1248 4067 1565 4125 abscondit
1594 4085 1606 4124 :
1641 4069 1858 4124 deinde
1889 4086 2106 4126 aurum
2135 4070 2296 4127 defo-

646 4157 851 4213 diendi
905 4155 1136 4210 evenire
1183 4155 1466 4223 arbitror,
1515 4162 1579 4213 ut
1629 4162 1686 4213 et
1730 4173 1831 4214 cor
1877 4175 2057 4214 suum
2115 4159 2295 4216 simul

647 4245 930 4302 defodiat.
969 4245 1149 4314 Nam,
1181 4243 1388 4315 inquit,
1422 4246 1526 4300 ubi
1566 4247 1884 4303 thesaurus
1929 4254 2087 4313 tuus,
2125 4249 2204 4304 ibi
2240 4255 2293 4306 et

647 4338 840 4392 cor“.
879 4336 956 4404 (6)
1002 4340 1142 4402 Age,
1176 4333 1372 4402 igitur,
1401 4350 1437 4388 ο
1484 4334 1671 4404 dives,
1713 4335 1950 4391 divitias
1991 4337 2149 4393 varie
2176 4338 2294 4394 dis-

646 4440 858 4496 pensa,
895 4423 1016 4479 noli
1064 4438 1289 4492 magno
1336 4423 1615 4486 vendere,
1645 4440 1790 4479 cave
1833 4430 2140 4496 exspectes
2188 4443 2295 4482 an-

645 4529 824 4568 nonae
853 4513 1198 4570 charitatem
1231 4513 1308 4567 ad
1340 4513 1553 4570 horrea
1579 4514 1934 4585 aperienda;
1969 4531 2041 4570 ne
2073 4515 2293 4573 famem

647 4603 778 4658 auri
824 4618 1026 4668 causa,
1061 4619 1134 4657 ne
1164 4603 1428 4658 inediam
1459 4619 1846 4660 communem
1881 4605 1959 4660 ob
1999 4606 2295 4677 privatam

647 4706 836 4761 opum
868 4695 1108 4747 tuarum
1139 4692 1376 4763 copiam
1411 4693 1744 4765 opperiare.
1780 4694 1905 4748 Noli
1936 4693 2062 4750 fieri
2099 4711 2294 4768 caupo
2327 4737 2368 4790 ι)

645 4779 1054 4835 humanarum
1099 4780 1544 4848 calamitatum;
1582 4798 1657 4838 ne
1705 4782 1857 4839 iram
1901 4784 1999 4839 Dei
2027 4784 2293 4840 occasio-

644 4883 786 4925 nem
817 4868 1025 4924 feceris
1067 4871 1423 4940 aggerendaa
1456 4872 1744 4944 pecuniae.
1776 4875 1860 4929 Tu
1885 4873 2046 4928 enim
2077 4889 2292 4931 aurum

643 4955 890 5030 quidem
911 4959 1190 5030 respicis,
1223 4960 1332 5016 sed
1364 4960 1610 5018 fratrem
1651 4965 1821 5019 tuum
1850 4977 1975 5020 non
2004 4962 2287 5035 respicis;

713 5120 761 5156 ⁸³
796 5117 991 5176 Matth.
1025 5135 1103 5188 vr,
1136 5122 1224 5175 2t.

709 5264 788 5400 ξι)
828 5264 908 5319 Ex
933 5262 1100 5318 hom.
1131 5261 1192 5317 in
1222 5259 1367 5340 illud
1401 5263 1590 5331 Lucae,
1619 5265 1962 5336 Destruam,
1992 5269 2081 5323 48.

733 5341 784 5400 '2)
829 5338 907 5390 lix
938 5334 1104 5390 hom.
1135 5335 1197 5389 in
1230 5335 1461 5399 divites,
1497 5336 1585 5392 54.

733 5334 784 5400 '2)
829 5338 907 5390 lix
938 5334 1104 5390 hom.
1135 5335 1197 5389 in
1230 5335 1461 5399 divites,
1497 5336 1585 5392 54.

933 5407 1095 5533 pom.
1129 5406 1190 5462 in
1217 5405 1364 5461 illud
1397 5409 1587 5476 Lucae,
1619 5408 1960 5475 Destruam,
1991 5411 2076 5468 45.

708 5493 718 5533 ι
893 5496 926 5533 lt
961 5521 972 5532 .

823 5479 1097 5609 Exuliom.
1129 5551 1192 5610 in
1223 5550 1454 5626 divites,
1490 5554 1576 5610 54.

2719 2034 2868 2085 ΠΕΡΙ
2909 2036 3227 2086 ΠΛΟΥΤΟΥ
3266 2038 3382 2089 ΚΑΙ
3424 2039 3666 2092 ΠΕΝῙΔΣ.

3029 2163 3247 2211 ΛΟΓΟΣ
3289 2158 3370 2214 Ε’.

2475 2282 2520 2332 ὀ
2577 2281 2652 2331 Τά
2706 2284 2898 2352 φρέατα
2960 2281 3369 2355 εξαντλούμενα,
3423 2285 3683 2358 εὖροώτερα
3724 2287 3889 2352 γίνεταισ

2396 2370 2486 2416 καὶ
2526 2366 2746 2420 πλούτου
2793 2373 2851 2422 τὸ
2895 2372 2986 2441 μὲν
3041 2373 3324 2444 στάσιμον,
3358 2375 3654 2447 ἄχρηστον·
3688 2375 3735 2424 τὸ
3774 2367 3814 2422 6’s
3840 2388 3891 2418 κι-

2395 2457 2636 2526 νούμενον
2674 2458 2754 2527 (8)
2794 2462 2881 2510 καὶ
2909 2458 3234 2530 μεταϐαῖνον,
3267 2463 3563 2535 κοινωφελές
3599 2481 3645 2515 τε
3668 2466 3740 2513 καὶ
3765 2463 3892 2529 rixa?-

2395 2563 2510 2598 πον.
2563 2550 2660 2598 Καὶ
2694 2546 2979 2618 Θαυμάζειν
3016 2568 3108 2619 μοι
3155 2552 3350 2616 ἔπεισι,
3381 2559 3486 2611 πῶς
3525 2553 3644 2622 μετὰ
3677 2554 3753 2607 τὴν
3774 2563 3890 2617 περιτ-

2395 2637 2488 2690 τὴν
2542 2639 2627 2686 καὶ
2681 2637 2956 2710 ἄχρηστον
3008 2645 3109 2689 τῶν
3163 2637 3511 2711 ἀναλωμάτων
3562 2638 3767 2703 ἐπίνοιαν,
3806 2635 3893 2686 ἐπει-

2397 2717 2494 2774 δὰν
2531 2723 2596 2784 εἰς
2641 2730 2842 2799 μαυρία
2885 2721 3238 2789 διασπασθεὶς
3268 2729 3295 2780 ὁ
3327 2727 3540 2790 πλοῦτος
3568 2731 3636 2781 ἔτι
3667 2725 3892 2800 περιτο-τὶς,

2396 2815 2530 2865 κατὰ
2576 2821 2676 2880 γῆς
2724 2814 2929 2866 ὠθεῖται
2973 2818 3114 2889 ποιρά
3145 2824 3235 2870 τοῦ
3285 2820 3522 2890 ἔχοντος,
3549 2823 3631 2870 καὶ
3664 2815 3703 2868 ἐν
3729 2811 3892 2886 ἀποιέρἐ

2397 2919 2500 2961 τοις
2550 2901 2894 2973 φυλάσσεται.
2945 2903 3136 2958 Βαϐαίῑ
3187 2907 3269 2959 ὅτε
3319 2907 3416 2960 οὐκ
3452 2904 3666 2965 isti-nte?
3704 2911 3790 2963 ταῖς
3832 2919 3893 2969 μνη
3976 2967 3977 2978 γ

2395 2994 2534 3063 piat;
2583 2989 2834 3054 ἐπινοίαις
2891 2990 3255 3053 ἐκδαπανῆσαι
3298 3000 3385 3048 τὸν
3434 2995 3668 3065 πλοῦτον,
3710 2996 3797 3046 τότε
3833 2986 3894 3039 τ)-
3976 3027 3977 3065 ζ

2397 3082 2482 3130 τὸν
2515 3078 2582 3140 εἰς
2613 3084 2705 3138 τὴν
2743 3089 2844 3152 γῆν
2893 3081 3249 3156 ἀπεκρύψατο.
3298 3091 3398 3138 Καὶ
3437 3081 3576 3138 δοκεῖ
3608 3103 3685 3156 μοι
3720 3078 3896 3132 τὸπάθος

2397 3176 2487 3229 τῆς
2517 3176 2608 3220 τοῦ
2638 3169 2891 3222 πλουσίου
2921 3171 3105 3242 ψυχῆς
3150 3181 3222 3243 τῷ
3253 3182 3357 3226 τῶν
3394 3174 3766 3247 γαστριμάρνων
3790 3181 3896 3239 7"?”

2399 3262 2653 3324 εοικένοιι,
2722 3262 2771 3310 οἱ
2839 3255 3191 3334 διαῤῥαγῆναι
3256 3262 3451 3335 μᾶλλον
3517 3264 3608 3314 ὑπὸ
3665 3259 3898 3330 λαιμαργίας

2398 3347 2686 3418 αἱροῦνται,
2743 3352 2772 3405 ἧ
2829 3367 2881 3400 τι
2932 3358 3033 3402 τῶν
3084 3349 3342 3422 λειψάνων
3393 3348 3690 3425 μεταδοῦναι
3733 3352 3818 3404 τοῖς
3853 3340 3896 3391 ἐν’

2401 3430 2568 3492 δεέσι.
2617 3441 2858 3498 Τοιοῦτος
2905 3439 2932 3490 ὁ
2974 3436 3020 3490 ἐν
3068 3447 3141 3510 τῷ
3186 3439 3485 3512 Εὐαγγιλίῳ
3531 3440 3760 3497 πλούσιος.
3793 3440 3898 3502 [lapi-

2402 3544 2606 3582 στησαν
2661 3527 2710 3578 οἱ
2767 3531 2862 3585 τὴν
2915 3527 3100 3599 ψυχὴν
3155 3527 3532 3598 ἀπαιτοῦντες,
3583 3527 3776 3583 κάκεῖνος
3823 3520 3896 3590 πεένί

2404 3613 2693 3687 βρωμάτων
2728 3623 2788 3688 τῇ
2818 3615 2972 3688 ψυχῇ
3008 3613 3288 3690 διελέγετο,
3328 3624 3502 3692 Ταύτῃ
3636 3619 3759 3667 νυκτὶ
3790 3624 3896 3681 παρε-

2401 3702 2722 3774 λαμϐάνετο,
2768 3711 2857 3757 καὶ
2902 3713 2972 3767 εἰς
3022 3709 3108 3766 ἔτη
3159 3707 3327 3760 πολλὰ
3374 3713 3466 3767 τήν
3514 3705 3766 3759 ἀπόλαυσιν
3804 3697 3896 3767 ἐφαν-

2402 3793 2610 3854 τάζετο.
2665 3799 2838 3847 Μανία
2895 3791 3079 3854 δεινή·
3134 3798 3228 3858 ἕως
3279 3800 3371 3871 μὶν
3429 3795 3476 3850 ἐν
3534 3793 3767 3869 μετάλλοις
3805 3783 3846 3843 ἦν
3880 3800 3895 3831 ο

2402 3888 2626 3956 χρυσὸς,
2683 3883 2937 3960 ἀνηρεύνα
3000 3891 3092 3944 τὴν
3152 3894 3290 3958 γῆν
3358 3890 3442 3940 ὅτε
3503 3888 3696 3958 φανερὸς
3972 3933 3973 3948 γ

2401 3971 2555 4024 πάλιν
2603 3972 2758 4026 αὐτὸν
2808 3972 2856 4025 ἐν
2903 3983 2962 4047 τῇ
3010 3983 3076 4047 γῇ
3121 3973 3380 4047 ἀφανίζει.
3427 3971 3534 4029 Εἶτ’
3576 3969 3706 4046 οἶμαι
3747 3961 3897 4037 συμϐαί-

2401 4078 2501 4112 νειν
2561 4069 2632 4131 τῷ
2677 4066 3057 4136 κατορύσσοντι
3104 4067 3190 4116 τὸν
3247 4064 3489 4131 πλοῦτον,
3549 4057 3896 4131 συγκατορύσσειν

2402 4155 2491 4202 καὶ
2552 4154 2646 4208 τὴν
2712 4148 2975 4226 καρδίαν·
3045 4151 3213 4205 Ὀπου
3278 4157 3382 4227 γὰρ
3450 4154 3475 4204 ὁ
3537 4148 3766 4221 θησαυρός
3811 4157 3896 4198 σενι

2403 4243 2582 4309 φησὶν,
2659 4239 2763 4292 ἐκεῖ
2824 4246 2914 4292 καὶ
2976 4243 3006 4300 ἡ
3076 4238 3294 4317 καρδία.
3363 4249 3517 4315 Δεῦρο
3578 4235 3676 4304 οὖν,
3731 4226 3896 4284 ποικίλως

2405 4323 2593 4380 διάθου
2642 4333 2728 4381 τὸν
2777 4329 3017 4399 πλοῦτον,
3064 4328 3103 4382 ὦ
3150 4329 3391 4388 πλούσιε.
3433 4335 3512 4387 Μὴ
3543 4319 3894 4402 βαρύτιμοςὲσι·

2402 4421 2473 4488 μὴ
2530 4416 2744 4490 ἀνάμενε
2794 4416 3078 4485 σιτοδείαν,
3132 4422 3214 4471 ἱνα
3255 4418 3464 4492 ἀνοίξῃς
3516 4413 3810 4484 σιτοὸοχιίιν

2401 4503 2550 4577 λιμόν
2602 4503 2828 4577 ἐκδέχου
2875 4504 2970 4559 διὰ
2995 4511 3222 4582 χρυσὸν,
3256 4513 3327 4579 μὴ
3376 4511 3548 4566 κοινὴν
3579 4500 3748 4557 ἔνδειαν
3770 4493 3894 4547 dia?-

2402 4601 2586 4671 πορίοιν
2644 4593 2802 4654 ἰδίαν.
2858 4601 2941 4654 Μὴ
3001 4602 3144 4668 γίνου
3203 4597 3432 4658 κάπηλος
3481 4598 3727 4668 συμφορῶν
3760 4583 3894 4652 ἀνθέδν

2403 4691 2560 4738 πίνων
2586 4701 2598 4713 '
2641 4691 2710 4757 μὴ
2749 4690 2841 4744 τὴν
2891 4685 3051 4759 ὀργὴν
3098 4686 3189 4739 τοῦ
3237 4695 3371 4740 Θεοῦ
3411 4688 3585 4758 καιρὸν
3625 4681 3804 4744 ποιήσῃς
3838 4681 3892 4764 τέ’

2402 4779 2642 4847 ριουσίας
2689 4778 3002 4850 χρημάτων.
3056 4779 3123 4828 Σὺ
3180 4778 3280 4850 γὰρ
3341 4778 3464 4851 πρὸς
3641 4770 3714 4820 τόν
3752 4769 3892 4833 χρυσοῖ

2402 4863 2746 4932 ἀποϐλέπεις,
2807 4868 2891 4917 τὸν
2950 4861 3009 4918 δὲ
3067 4861 3287 4937 ἀδελφὸν
3347 4884 3440 4917 σου
3498 4861 3556 4914 οὗ
3607 4849 3891 4931 προσϐλέπων

2399 4957 2488 5007 καὶ
2531 4961 2622 5006 τοῦ
2669 4956 2760 5027 μὲν
2803 4960 3125 5028 νομίσματος
3180 4953 3539 5027 ἕπιγινώσκεις
3582 4949 3636 5002 τό
3683 4940 3889 5016 χσζοημαν

2469 5267 2548 5409 (6;
2589 5269 2669 5324 Ex
2693 5266 2860 5325 hom.
2893 5265 2955 5323 in
2986 5263 3135 5323 illud
3166 5266 3354 5335 Lucae,
3387 5265 3696 5323 Destruam,
3723 5250 3792 5307 46o

2471 5340 2524 5409 (7
2575 5346 2663 5394 Τό.
2701 5343 2867 5396 Forte
2892 5347 2986 5409 τῷ.
3021 5342 3173 5395 Emr.
3431 5408 3440 5409 ί
3584 5403 3645 5409 ‘_

2494 5342 2548 5405 7)
2575 5346 2663 5394 Τό.
2701 5343 2867 5396 Forte
2892 5347 2986 5405 τῷ.
3021 5342 3173 5395 Emr.
3621 5403 3638 5405 A

2494 5340 2548 5409 7)
2575 5346 2663 5394 Τό.
2701 5343 2867 5396 Forte
2892 5347 2986 5410 τῷ.
3021 5342 3173 5395 Emr.

2467 5340 2551 5480 £8)
2595 5415 2920 5484 Κινφύμενον.
2947 5411 3039 5468 Sic
3062 5417 3310 5484 uterque
3338 5408 3516 5470 codex
3544 5406 3596 5461 et
3614 5391 3772 5459 83.51111
3791 5391 3883 5440 0011‘

2396 5486 2613 5544 textus.
2644 5483 2791 5544 Editi
2817 5487 3162 5558 κοινούμενον,
