4056 6222
197 354 335 414 1169

1214 358 1442 416 SEBMO
1481 360 1543 414 V.
1587 359 1676 415 DE
1717 357 1994 416 DIVITIIS
2033 361 2118 419 ET
2156 362 2607 425 PAUPERTATE

3429 379 3556 434 170

190 484 285 533 καὶ
316 484 410 532 τοῦ
450 476 672 551 δοκίμου
701 476 986 552 διακρίνεις
1010 481 1069 533 τὸ
1113 478 1385 550 κίϐδηλον,
1416 486 1503 535 τὸν
1536 481 1593 536 δὲ
1635 480 1772 536 ἀδελ-

1918 489 1976 542 et
2001 487 2383 547 numismatis
2413 494 2659 566 quidem
2689 497 2897 553 notam
2929 498 3235 569 agnoscis,
3277 502 3335 557 et
3366 517 3402 557 a
3433 504 3527 558 sin

189 572 287 642 φόν
333 571 478 643 παρὰ
531 573 624 626 τὴν
655 573 841 641 χρείαν
890 570 1145 631 παντελῶς
1193 570 1416 643 ἀγνοεῖς.
1469 578 1570 627 Καὶ
1627 575 1656 632 ἡ
1701 576 1792 645 μὲν

188 662 415 732 εὖχροιά
464 676 521 710 σε
565 665 655 711 τοῦ
703 665 913 730 χρυσοῦ
952 656 1229 731 ὑπορὴδει,
1261 663 1377 722 ὅσος
1430 658 1489 715 δέ
1529 682 1613 715 σοι
1666 662 1793 716 ἀκο-

185 746 364 801 λουθεί
382 754 473 800 τοῦ
500 743 703 810 ἐνδεοῦς
734 749 760 800 ὁ
795 752 1096 821 στεναγμός,
1122 750 1179 802 οὐ
1200 748 1407 823 λογίζῃ.

256 1032 311 1086 2.
338 1033 439 1083 Καὶ
484 1033 621 1098 τίνα,
677 1034 856 1103 φησὶν,
907 1026 1099 1098 ἀδικῶ,
1160 1037 1396 1105 συνέχων
1426 1035 1493 1087 τὰ
1522 1032 1787 1112 inaurati;

179 1125 341 1186 Ποῖα,
381 1118 491 1172 εἰπὲ
540 1137 651 1191 μοι,
684 1126 927 1191 mureti;
972 1122 1126 1174 πόθεν
1194 1121 1329 1174 αὐτὰ
1385 1121 1553 1175 λαϐὼν
1601 1124 1673 1185 εἰς
1701 1127 1789 1176 τὸν

181 1206 301 1281 βίον
340 1208 681 1279 εἰσήνεγκας;
715 1208 916 1283 ’Ὠσπερ
957 1210 1018 1261 ἄν
1079 1213 1124 1262 εἴ
1178 1230 1259 1273 τις
1299 1210 1346 1263 ἓν
1412 1214 1609 1285 θεάτρῳ
1664 1215 1785 1265 θέαυ

178 1295 503 1363 καταλαϐὼν,
555 1296 666 1350 εἶτα
714 1297 932 1372 ἐξείργοι
981 1302 1103 1360 τοὺς
1160 1298 1418 1371 ἐπιόντας,
1484 1299 1622 1354 ἴδιον
1668 1304 1787 1355 εαυ-

179 1393 273 1437 τοῦ
310 1389 491 1457 κρίνων
533 1389 591 1438 τὸ
640 1394 825 1449 κοινῶς
881 1393 1014 1439 πᾶσι
1068 1390 1202 1440 κατὰ
1264 1392 1356 1447 τὴν
1396 1398 1598 1463 χρῆσιν
1650 1410 1782 1464 προ-

1542 1482 1619 1533 Τὰ
1680 1482 1780 1554 γὰρ

175 1565 325 1613 κοινὰ
379 1568 859 1638 προκατασχόντες,
906 1562 1025 1617 ἴδια
1067 1573 1340 1618 ποιοῦνται
1396 1564 1489 1619 διὰ
1525 1572 1620 1627 τὴν
1649 1573 1780 1642 πρό-

173 1648 353 1722 ληψιν.
419 1651 562 1704 Ἐπεὶ
636 1652 679 1704 εἰ
729 1656 788 1705 τὸ
853 1656 979 1725 πρὸς
1042 1657 1378 1728 παραμυθίαν
1437 1665 1528 1717 τῆς
1595 1657 1779 1711 ἑαυτοῦ

175 1744 368 1811 χρείας
418 1740 637 1803 ἕκαστος
703 1742 1066 1814 κομιζόμενος,
1110 1746 1169 1796 τὸ
1225 1749 1460 1816 περεττόν
1514 1750 1656 1818 ἠφίει
1708 1756 1779 1819 τῷ

178 1478 426 1545 κείμενον⁵
480 1480 709 1527 τοιοῦτοί
776 1475 879 1528 εἰσι
923 1480 1012 1529 καὶ
1077 1479 1125 1528 οἱ
1198 1477 1459 1533 πλούσιοι.

1903 591 2038 632 cero
2086 577 2489 637 adulterinum
2543 584 2852 647 discernis,
2910 586 3153 645 fratrem
3203 605 3349 645 vero
3401 594 3550 648 tem-

1900 679 2046 736 pore
2074 669 2442 726 necessitatis
2471 687 2717 742 prorsus
2750 674 3017 742 ignoras.
3048 682 3123 732 Ae
3168 678 3391 735 nitidus
3421 682 3554 753 qui-

1900 753 2042 810 dem
2070 757 2201 812 auri
2225 758 2388 815 color
2421 760 2585 816 valde
2629 762 2963 819 admodum
3018 770 3072 820 te
3126 766 3407 832 oblectat,
3441 772 3549 826 sed

1899 848 2119 915 quotet
2142 849 2352 918 quanti
2368 863 2695 918 egenorum
2719 853 2978 921 gemitus
3004 857 3055 909 te
3078 863 3545 928 prosequantur,

1899 948 2024 990 non
2052 940 2317 1009 reputas.

1969 1026 2022 1078 2.
2076 1025 2153 1094 (‘2)
2207 1026 2332 1088 Cui.
2388 1026 2601 1099 inquit,
2660 1028 2947 1099 injuriam
2995 1029 3172 1101 facio,
3231 1034 3379 1089 dum
3408 1052 3549 1094 mea

1898 1112 2173 1169 custodio
2221 1118 2277 1170 et
2324 1115 2589 1173 claudo?
2638 1119 2799 1184 Quae,
2856 1119 2951 1173 dic
3000 1120 3165 1191 mihi,
3229 1125 3331 1178 tua
3362 1130 3548 1180 sunt?

1896 1200 2057 1256 unde
2103 1207 2349 1275 accepta
2395 1206 2456 1260 in
2508 1206 2697 1262 vitam
2730 1207 3025 1263 intulisti?
3073 1209 3239 1266 Velut
3286 1211 3334 1266 si
3381 1214 3543 1285 quis,

1893 1286 2028 1345 loco
2054 1290 2115 1345 in
2143 1292 2372 1348 theatro
2414 1294 2490 1350 ad
2530 1295 2927 1366 spectandum
2968 1303 3287 1371 occupate,
3325 1300 3546 1358 deinde

1892 1376 2294 1448 ingredientes
2315 1384 2553 1450 farceat,
2582 1383 2643 1438 id
2674 1384 2763 1438 sui
2793 1383 2982 1455 ipsius
3010 1388 3321 1457 proprium
3353 1395 3542 1459 ratus,

1891 1469 2053 1538 quod
2089 1468 2166 1523 ad
2209 1470 2483 1525 omnium
2515 1487 2904 1527 communem
2936 1489 3114 1529 usum
3144 1478 3538 1548 proponitur:

1891 1555 2038 1612 tales
2058 1573 2299 1630 quoque
2321 1558 2532 1614 divites
2565 1565 2723 1616 sunt.
2755 1564 2901 1616 Nam
2946 1565 3296 1620 communia
3318 1581 3543 1636 praeoc-

1890 1650 2203 1717 cupantes,
2236 1649 2478 1720 propria
2504 1649 2616 1704 sibi
2648 1650 2873 1706 faciunt
2904 1667 2975 1706 eo
3002 1654 3181 1725 fquod
3232 1669 3542 1725 praeoccu-

1890 1735 2182 1806 paverint.
2217 1738 2387 1801 Quod
2437 1738 2483 1792 si
2513 1753 2635 1793 suaa
2684 1739 2940 1811 quisque
2970 1742 3314 1798 necessitati
3346 1743 3540 1800 suble-

175 1825 423 1900 δεομένῳ,
468 1826 639 1890 οὐδεὶς
683 1833 773 1903 μὲν
813 1830 873 1882 ἂν
914 1827 975 1890 ἦν
1018 1831 1286 1899 πλούσιος,
1345 1830 1516 1895 οὐδεὶς
1591 1831 1651 1888 δε
1706 1834 1772 1888 ἐν·

1888 1824 2104 1879 vandae
2131 1825 2191 1879 in
2216 1826 2401 1881 modo
2421 1827 2585 1898 quod
2616 1828 2757 1883 satis
2778 1832 2867 1883 est
2889 1834 3149 1900 caperet,
3183 1832 3380 1901 egenti
3398 1849 3540 1889 vero

176 1912 272 1975 δεή
288 1937 328 1977 ς.
354 1918 500 1990 Οὐχὶ
528 1922 722 1991 γυμνός
762 1917 1002 1982 ἐξέπεσας
1053 1917 1145 1982 τῆς
1173 1926 1437 1994 γαστρόςς
1477 1923 1537 1975 οὐ
1584 1928 1779 1997 γυμνὸς

170 2005 327 2057 πάλιν
381 2006 450 2068 εἰς
491 2011 586 2066 τὴν
649 2015 748 2079 γῆν
798 2010 1172 2083 ὑποστρέφεις;
1221 2013 1298 2063 Τὰ
1354 2008 1413 2064 δὲ
1436 2016 1666 2087 παρόντα
1698 2034 1780 2067 σοι

170 2096 366 2162 πόθεν;
414 2095 472 2148 Εἰ
523 2097 613 2168 μὲν
647 2097 751 2149 ἀπὸ
797 2100 1127 2169 ταυτομάτου
1188 2098 1373 2170 λέγεις’
1400 2102 1546 2162 οἶθεος
1604 2098 1665 2167 εἶ,
1705 2107 1777 2175 μὴ

167 2183 439 2256 γνωρίζων
480 2188 567 2236 τόν
606 2190 878 2253 κτίσαντα,
915 2182 1054 2258 μηδὲ
1083 2189 1245 2261 χάριν
1298 2191 1433 2260 ἔχων
1486 2198 1558 2260 τῷ
1616 2186 1779 2243 δεδω·

178 2276 313 2323 κότι’
359 2272 403 2324 εἰ
454 2269 511 2326 δὲ
561 2273 830 2347 ὁμολογεῖς
873 2272 1001 2327 εἶναι
1040 2279 1185 2349 παρὰ
1239 2285 1394 2344 Θεοῦ,
1448 2278 1555 2331 εἰπὲ
1580 2282 1667 2331 τὸν
1693 2278 1778 2331 λό-

171 2377 264 2431 γον
304 2363 426 2432 ἡμῖν
454 2358 528 2414 δι’
560 2361 612 2414 ὃν
634 2362 829 2425 ἔλαϐες.
863 2368 947 2421 Μὴ
996 2360 1179 2424 ἄδικος
1226 2366 1252 2417 ό
1309 2369 1449 2431 Θεὸς,
1506 2368 1531 2417 ό
1586 2366 1777 2428 ἀνίσως

168 2450 295 2521 ἡμῖν
343 2445 562 2524 διαιρῶν
607 2453 673 2503 τὰ
700 2459 791 2504 τοῦ
838 2450 992 2523 βίους
1024 2454 1119 2505 Διὰ
1165 2457 1217 2505 τί
1262 2457 1326 2505 σὺ
1366 2457 1456 2526 μὲν
1512 2454 1772 2523 πλουτεῖς,

168 2535 357 2599 ἐκεῖνος
387 2536 445 2591 δὲ
482 2544 725 2607 πένεται;
758 2546 826 2592 Ἦ
850 2541 1057 2601 πάντως
1098 2542 1178 2593 ἳνα
1218 2548 1307 2594 καὶ
1354 2547 1420 2595 σὺ
1459 2549 1774 2617 χρηστότη-

166 2644 253 2688 τος
318 2631 409 2679 καὶ
454 2636 652 2691 πιστῆς
711 2628 1012 2701 οἰκονομίας
1073 2632 1262 2703 μισθὸν
1341 2628 1486 2704 δέξῃ,
1543 2632 1775 2696 κάκεῖνος

161 2722 275 2777 τοῖς
331 2716 571 2787 μεγάλοις
636 2716 813 2779 ἄθλοις
882 2727 977 2780 τῆς
1033 2721 1292 2792 ὑπομονῆς
1332 2720 1577 2794 ξτιμηθῇ.
1640 2714 1774 2775 Ἀλλ’

166 2802 449 2874 ἀναγκαῖος
501 2807 527 2857 ό
583 2806 806 2868 πλοῦτος
862 2803 956 2859 διὰ
984 2813 1106 2868 τοὺς
1153 2805 1371 2871 παῖδας.
1424 2810 1776 2884 Ευπρόσωπος

163 2891 373 2966 ἀφορμὴ
419 2894 705 2957 πλεονεξίας
750 2896 904 2954 αὕτη.
958 2900 1091 2959 Τοὺς
1145 2899 1247 2971 γὰρ
1305 2895 1500 2960 παῖδας
1545 2899 1774 2971 προϐάλ-

161 2981 336 3047 λεσθε,
377 2988 470 3041 τὴν
521 2980 580 3036 δὲ
627 2981 851 3059 καρδίαν
904 2985 1293 3061 πληροφορεῖτε.
1355 2991 1440 3045 Μὴ
1494 2988 1640 3040 αἰτιῶ
1687 3009 1771 3042 τον

162 3068 423 3123 ἀναίτιον·
458 3069 597 3125 ἴδιον
646 3075 760 3144 ἔχει
792 3078 1087 3142 Λεσπότην,
1138 3072 1275 3128 ἴδιον
1325 3076 1610 3149 οἰκονόμον
1648 3080 1771 3151 παρ’

1889 1912 2249 1986 relinqueret
2277 1915 2444 1986 quod
2490 1916 2863 1988 superﬂuum
2895 1924 3007 1987 est,
3043 1934 3223 1974 nemo
3251 1925 3405 1977 esset
3450 1922 3541 1978 di-

1891 2018 2015 2069 ves,
2052 2018 2284 2074 pauper
2302 2019 2503 2060 nemo.
2551 2008 2757 2061 Nonne
2797 2006 3000 2063 nudus
3045 2023 3324 2078 egressus
3368 2027 3431 2065 es
3471 2027 3539 2067 ex

1890 2092 2100 2147 utero?
2123 2107 2324 2147 nonne
2346 2093 2548 2148 nudus
2564 2093 2778 2150 iterum
2796 2095 2857 2150 in
2880 2099 3101 2151 terram
3128 2100 3438 2154 reverteris
3456 2101 3539 2156 ενι

1892 2180 2056 2235 Unde
2079 2185 2278 2236 autem
2305 2180 2410 2237 tibi
2440 2183 2760 2254 praesentia
2802 2182 3003 2241 bona?
3059 2186 3115 2241 Si
3148 2202 3184 2242 a
3204 2202 3348 2242 casu
3379 2189 3539 2244 dixe-

1887 2268 1999 2323 ris:
2027 2268 2250 2341 impius
2283 2286 2366 2337 es,
2408 2271 2512 2343 qui
2543 2270 2717 2343 493
2752 2288 2875 2327 non
2906 2288 3207 2341 agnoscas
3258 2276 3535 2332 Condito-

1886 2372 2014 2413 rem
2044 2374 2239 2430 neque
2284 2361 2537 2428 gratiam
2591 2360 2820 2416 habeas
2872 2361 3179 2432 largitori;
3211 2364 3304 2418 sin
3355 2366 3539 2420 conti-

1888 2448 2024 2503 teris
2043 2463 2172 2503 esse
2194 2463 2231 2503 a
2272 2451 2408 2503 Deo.
2432 2448 2528 2504 dic
2558 2450 2733 2505 nobis
2753 2451 3046 2507 rationem
3078 2468 3183 2507 cur
3212 2454 3537 2525 acceperis.

1888 2538 2041 2592 Num
2089 2537 2345 2606 injustus
2405 2538 2578 2607 Deus,
2618 2539 2724 2610 qui
2768 2540 2945 2594 nobis
2978 2540 3351 2613 inaequaliter
3406 2543 3537 2598 vitae

1886 2626 2223 2681 necessaria
2264 2626 2611 2682 distribuit?
2659 2630 2774 2683 Cur
2810 2631 2871 2683 tu
2920 2629 3166 2700 quidem
3215 2631 3407 2697 dives,
3440 2631 3534 2688 ille

1886 2720 2086 2770 autem
2118 2720 2389 2787 pauper?
2415 2720 2630 2771 Annon
2652 2716 2879 2788 utique,
2913 2722 2976 2771 ut
3000 2720 3057 2772 et
3105 2722 3165 2773 tu
3194 2718 3535 2789 benignita-

1884 2805 1958 2859 tis
1989 2819 2060 2858 ae
2084 2803 2275 2859 ﬁdelis
2300 2804 2766 2875 dispensationis
2792 2805 3134 2861 mercedem
3163 2807 3446 2878 accipias,
3479 2812 3536 2863 et

1882 2893 1978 2949 ille
2033 2894 2266 2964 magnis
2320 2894 2619 2965 patientiae
2657 2884 2922 2967 praemiis
2947 2895 3238 2950 donetur?
3278 2897 3353 2966 (3)
3395 2897 3528 2967 Sed,

1884 2983 2104 3055 inquis,
2135 2983 2488 3038 necessariae
2516 2999 2661 3055 opes
2678 2989 2817 3039 sunt
2846 2988 3090 3055 propter
3110 2983 3353 3039 liberos.
3389 2986 3530 3056 Spe-

1882 3073 2080 3128 ciosus
2133 3071 2228 3127 hic
2275 3072 2539 3127 avaritiae
2596 3077 2916 3144 praetextus
2950 3092 2963 3141 ;
2996 3073 3217 3128 liberos
3262 3089 3531 3146 namque

157 3163 221 3212 οὐ
268 3162 345 3230 (1)
398 3166 491 3218 τήν
535 3165 672 3224 ζωὴν
719 3159 954 3233 ἐδέξατο,
1018 3164 1141 3239 παρ’
1185 3164 1343 3217 αὐτοῦ
1382 3166 1475 3227 τὰς
1533 3165 1770 3240 ἀφορμάς

1885 3162 2264 3234 praetenditis,
2294 3162 2521 3218 interea
2547 3178 2689 3218 vero
2720 3162 3059 3218 satisfacitis
3080 3168 3277 3218 vestro
3301 3164 3526 3220 animo.

157 3250 455 3319 ἀναμενέτω
529 3258 619 3303 τοῦ
687 3251 830 3323 βίου.

156 3338 367 3410 ἐγράφη
454 3340 521 3391 τὰ

154 3427 309 3485 πώλη
320 3431 409 3479 σόν
478 3448 572 3481 σου

920 3257 1005 3311 Μὴ
1074 3259 1183 3315 τοῖς
1246 3260 1608 3326 γεγαμηκόσιν
1675 3276 1767 3309 ουκ

618 3340 952 3412 Εὗαγγελια;
1011 3342 1070 3395 Εἰ
1150 3342 1304 3404 θελεις
1370 3344 1552 3406 τελειος
1617 3345 1764 3413 εἶναι,

665 3433 730 3482 τὰ
788 3432 1117 3503 ὑπάρχοντα,
1190 3438 1278 3484 καὶ
1342 3429 1435 3494 δὸς
1511 3442 1763 3505 πτωχοῖς.

156 3517 289 3568 "Ore
319 3520 457 3588 ᾔτεις
485 3520 628 3591 παρὰ
656 3526 747 3571 τοῦ
796 3518 929 3573 Θεοῦ
981 3526 1075 3579 τὴν
1133 3518 1435 3588 εὐπαιδίαν,
1487 3524 1570 3576 ὅτε
1615 3525 1766 3586 ἠξίου

154 3608 404 3677 γενέσθαι
448 3605 653 3660 παίδων
698 3614 894 3684 πατὴρ,
930 3605 1032 3684 ἆρα
1082 3613 1406 3684 προσετίθεις
1453 3620 1627 3684 τοῦτο,
1666 3618 1765 3676 Δός

154 3713 256 3766 μοι
284 3699 454 3765 τέκνα,
493 3698 575 3748 ἱνα
622 3701 943 3771 παρακούσω
1000 3707 1099 3751 τῶν
1129 3698 1339 3751 ἐντολῶν
1372 3720 1467 3753 σου
1496 3718 1509 3766 ;
1560 3698 1647 3762 δός
1676 3721 1767 3774 μοι

156 3786 336 3838 τέκνα.
395 3786 476 3836 ἵνα
516 3790 588 3857 μὴ
651 3788 834 3857 φθάσω
876 3786 945 3848 εἰς
1004 3793 1095 3846 τὴν
1146 3787 1418 3860 βασιλείαν
1460 3798 1560 3841 τῶν
1613 3791 1766 3865 οὐρα-

156 3880 290 3939 νῶν;
348 3878 435 3934 Τίς
485 3870 543 3927 δε
599 3879 689 3927 καὶ
736 3875 998 3947 ἐγγυητὴς
1050 3878 1198 3930 ἔσται
1265 3886 1360 3940 τῆς
1427 3886 1519 3931 τοῦ
1569 3876 1766 3943 παιδός

152 3966 528 4035 προαιρέσεώς,
574 3964 655 4015 ὅτι
695 3964 765 4026 εἰς
819 3961 942 4017 δέσν
1011 3971 1271 4039 χρήσεται
1323 3974 1427 4028 τοῖς
1482 3964 1705 4034 ,δοθεῖσι
1746 3986 1760 4037 ;

152 4049 367 4111 πολλοῖς
414 4054 516 4124 γὰρ
570 4053 596 4104 ό
643 4051 884 4120 πλοῦτος,
912 4055 1171 4129 ὑπηρέτης
1224 4054 1504 4117 ἀκολασίας
1546 4055 1759 4127 ἐγένετο.

154 4140 302 4211 Ὀρα
330 4134 439 4203 οὖν,
470 4144 541 4211 μὴ
575 4143 705 4212 μετὰ
737 4145 936 4213 μυρίων
966 4146 1132 4193 πόνων
1163 4146 1249 4195 τὸν
1304 4143 1526 4197 πλοῦτον
1580 4143 1763 4220 ἀθροί-

152 4245 278 4292 σας,
332 4226 456 4285 ὗλὴν
500 4226 889 4303 ἁμαρτημάτων
930 4228 1121 4302 ἑτέροις
1172 4234 1601 4305 παρασκευάσῃς,
1653 4233 1763 4286 εἶτα

149 4316 373 4389 εὑρεθῇς
404 4312 566 4387 διπλᾲ
602 4320 998 4390 τιμωρούμενος,
1047 4319 1114 4370 ὧν
1166 4338 1219 4371 τε
1266 4320 1421 4381 αὗτὸς
1470 4318 1761 4387 ἠδίκησας,

146 4410 248 4456 καὶ
279 4405 347 4456 ὧν
392 4404 557 4479 ἓτερον
588 4404 912 4479 ἐφωδίασας.
959 4409 1025 4460 Οἱ
1091 4410 1181 4480 μὲν
1232 4412 1330 4483 γὰρ
1376 4406 1559 4471 παῖδες
1624 4415 1764 4485 παρά

1878 3251 2005 3307 Noli
2045 3252 2284 3323 culpam
2323 3251 2568 3321 rejicere
2615 3252 2677 3306 in
2708 3252 3380 3324 insontem;proprium
3414 3255 3527 3307 Do-

1876 3342 2110 3396 minum
2140 3341 2344 3407 habet,
2376 3340 2689 3412 proprium
2719 3345 3040 3396 rectorem:
3090 3358 3125 3397 a
3163 3358 3285 3414 quo
3340 3342 3527 3398 vitam

1875 3430 2122 3501 accepit,
2147 3430 2224 3486 ab
2253 3431 2385 3502 ipso
2421 3430 2556 3485 vitae
2593 3430 2866 3486 subsidia
2897 3435 3218 3502 exspectet.
3265 3435 3418 3487 Num
3458 3432 3528 3487 iis

1874 3518 1979 3591 qui
2000 3518 2382 3575 matrimonio
2394 3519 2586 3589 juncti
2613 3524 2773 3583 sunt,
2796 3519 3015 3591 scripta
3031 3536 3156 3575 non
3181 3524 3324 3575 sunt
3338 3523 3529 3577 Evan-

1874 3608 2028 3679 gelia
2048 3608 2076 3662 ‘I
2117 3608 2187 3664 Si
2215 3609 2302 3663 vis
2327 3608 2633 3677 perfectus
2661 3623 2801 3675 esse,
2842 3609 3028 3664 vende
3052 3624 3183 3680 qua?
3234 3609 3436 3679 habes,
3470 3617 3524 3665 et

1873 3697 1952 3752 da
1971 3697 2332 3765 pauperibus
2359 3698 2428 3751 δι.
2454 3697 2599 3751 Cum
2621 3696 2852 3768 prolem
2875 3712 3267 3752 numerosam
3290 3702 3523 3769 peteres

1875 3800 1911 3841 a
1942 3786 2215 3854 Domino,
2249 3801 2388 3840 eum
2417 3800 2661 3856 rogares
2691 3788 2755 3840 ut
2781 3786 2953 3841 ﬁeres
2981 3784 3306 3841 liberorum
3330 3790 3518 3857 pater,

1872 3873 2096 3929 illudne
2128 3873 2446 3929 addidisti:
2490 3876 2573 3929 Da
2596 3874 2743 3929 mihi
2773 3873 3012 3941 liberos,
3056 3878 3161 3930 tua
3190 3877 3254 3930 ut
3296 3873 3520 3930 violem

1870 3964 2215 4035 prmeepta?
2266 3966 2351 4018 Da
2390 3963 2537 4018 mihi
2567 3962 2860 4029 sobolem,
2917 3967 2981 4019 ut
3010 3963 3090 4019 ad
3120 3978 3375 4033 regnum
3402 3980 3516 4019 eue-

1868 4052 2066 4109 lorum
2097 4067 2221 4108 non
2241 4052 2589 4125 perveniam
2604 4052 2631 4107 ?
2650 4053 2743 4108 Ad
2767 4053 2895 4108 haec
2916 4052 3235 4110 voluntatis
3261 4052 3365 4108 ﬁlii
3386 4053 3521 4125 quis

1870 4142 1979 4197 erit
2036 4156 2316 4213 sponsor,
2372 4141 2539 4212 quod
2594 4140 2869 4197 videlicet
2917 4140 3073 4197 datis
3130 4141 3310 4197 rebus
3361 4146 3521 4198 recte

1870 4244 2090 4285 usurus
2115 4228 2233 4285 sit?
2252 4231 2402 4285 Nam
2447 4229 2667 4284 divitiae
2700 4229 2901 4285 multis
2927 4229 3198 4285 exstitere
3254 4228 3518 4285 libidinis

1870 4318 2179 4386 ministrae,
2228 4321 2407 4391 atque
2449 4318 2834 4391 impuritatis.
2890 4318 3038 4374 Vide
3077 4318 3257 4387 igitur
3302 4333 3377 4373 ne
3428 4317 3518 4373 di-

1868 4408 2042 4463 vitias
2070 4406 2381 4463 laboribus
2404 4406 2717 4479 permultis
2748 4411 3155 4471 coacervatas,
3210 4405 3343 4461 aliis
3393 4420 3518 4460 ma-

144 4498 346 4566 Ἱονέων
421 4492 586 4567 μηδὲν
647 4492 938 4569 δεξάμενοι,
1011 4497 1209 4560 ἑαυτοῖς
1293 4498 1541 4560 πολλάκις
1592 4500 1761 4561 οἱκους

1885 4495 2079 4551 ;eriam
2126 4499 2510 4567 peccatorum
2578 4494 2781 4559 facias,
2839 4496 3173 4565 posteaque
3238 4491 3517 4563 plectaris

148 4583 436 4641 ἐποίησα-ν’
510 4587 537 4642 ἡ
599 4584 753 4657 ψυχὴ
807 4583 866 4638 δὲ
921 4588 1065 4660 παρὰ
1128 4594 1224 4639 σοῦ
1277 4586 1756 4660 ἐγκαταλειφθεῖσα,

145 4676 305 4744 παρὰ
334 4677 467 4733 τίνος
513 4673 878 4741 ἐλεηθήσεται;
938 4680 1001 4728 Τί
1045 4678 1213 4727 τοίνυν
1262 4684 1508 4729 τοσοῦτον
1578 4676 1761 4735 ἐπτόη-

149 4782 249 4814 σαι
271 4766 393 4835 περὶ
422 4765 507 4815 τόν
528 4768 734 4836 χρυσόν
759 4782 773 4831 ;

1867 4584 2093 4655 duplici
2124 4598 2325 4655 paena,
2362 4586 2491 4638 tum
2539 4582 2784 4638 nomine
2814 4596 3048 4648 eorum,
3076 4596 3211 4652 quae
3237 4580 3365 4652 ipse
3398 4579 3517 4635 ini-

1865 4688 1984 4745 que
2016 4673 2208 4741 egisti,
2241 4676 2370 4727 tum
2401 4687 2634 4737 eorum,
2656 4686 2793 4742 quas
2827 4670 2975 4725 alter
3004 4668 3113 4725 abs
3162 4673 3218 4726 te
3272 4669 3518 4741 adjutus

1865 4762 2234 4834 perpetrarit.
2271 4762 2348 4831 (4)
2376 4763 2442 4816 Et
2467 4760 2712 4833 quidem
2738 4758 3117 4826 liberi,nulla
3163 4774 3200 4815 a
3250 4760 3517 4831 parenti.

142 4850 272 4906 bus
319 4856 566 4922 accepta
620 4850 987 4918 haereditate,
1033 4850 1393 4924 plerumque
1446 4850 1713 4925 sibiipsis
1764 4853 1982 4909 domos
2008 4852 2327 4921 pararunt:
2358 4853 2417 4905 at
2460 4854 2575 4905 tute
2619 4849 2857 4915 animae,
2904 4848 2949 4903 si
2989 4863 3125 4904 eam
3178 4849 3365 4907 semel
3412 4864 3516 4905 ne-

144 4937 372 5009 gligas,
410 4938 543 5009 quis
581 4938 958 4995 miserebitur
991 4939 1019 4994 ?
1055 4939 1207 5004 Quid
1246 4940 1423 5011 igitur
1475 4943 1641 4997 tanto
1683 4939 1811 4997 auri
1826 4938 2121 4996 desiderio
2150 4937 2446 4994 afficeris?

229 5030 282 5081 3.
315 5030 403 5087 Τίς
428 5026 789 5089 καλλωπιστὴς
822 5024 1065 5087 ἠδυνήθη
1135 5032 1258 5099 μίαν
1300 5030 1495 5103 ἡμέραν
1544 5038 1614 5100 τῷ
1660 5028 1762 5102 βίῳ

145 5117 506 5188 προσθεῖναι;
558 5136 691 5178 τινος
745 5116 981 5189 ἐφείσατο
1042 5118 1259 5178 θάνατος
1322 5113 1416 5170 διά
1473 5120 1557 5169 τόν
1610 5117 1766 5171 πλοῦ-

150 5221 283 5272 τον;
343 5209 483 5269 τίνος
526 5205 789 5278 ἀπέσχετο
846 5210 993 5267 νόσος
1040 5202 1135 5259 διὰ
1171 5208 1238 5259 τὰ
1283 5212 1569 5278 χρήματα;
1628 5206 1763 5270 Ἕως

231 5356 282 5394 σε
313 5354 424 5412 Job
456 5373 492 5425 ι,
522 5357 613 5413 21.
644 5358 691 5393 ⁶¹ο
720 5356 920 5414 Matth.
947 5372 1066 5425 nux,
1092 5359 1181 5413 2!.

236 5508 313 5583 (1)
340 5509 472 5583 Παρ’
502 5509 582 5565 οὗ.
616 5510 867 5583 Legitur
891 5508 1059 5583 apud
1094 5508 1383 5583 Basilium
1407 5509 1547 5583 παρξ
1584 5509 1763 5575 ἄλλου,

152 5579 267 5636 ubi
298 5579 503 5655 tamen
532 5579 719 5655 eodei
740 5579 1119 5655 ‘golbertinus
1138 5580 1464 5655 habetnap’
1485 5579 1576 5655 δε.

236 5655 313 5721 (2)
334 5654 419 5707 Ex
446 5651 613 5709 hom.
644 5652 704 5708 in
735 5650 883 5709 illud
905 5654 1095 5722 Lucae,
1127 5650 1489 5721 Destruam”
1520 5654 1609 5721 49,

1943 5032 1994 5085 3.
2022 5028 2099 5098 (5)
2124 5027 2265 5093 Quis
2293 5044 2365 5083 ex
2394 5027 2464 5082 iis
2492 5024 2597 5100 qui
2620 5026 2757 5099 plus
2789 5043 2964 5101 aequo
2990 5029 3246 5085 vestium
3275 5029 3517 5099 elegan-

1871 5118 2017 5175 tiam
2054 5118 2359 5185 aii‘ectant,
2390 5118 2585 5191 potuit
2605 5133 2791 5175 unam
2824 5119 2984 5176 diem
3010 5136 3133 5176 suae
3162 5120 3353 5192 ipsius
3380 5118 3515 5174 vitae

1872 5206 2169 5278 adjicere?
2214 5206 2318 5280 qui
2370 5207 2635 5281 pepercit
2656 5223 2821 5266 mors
2866 5209 2947 5267 ob
2976 5209 3259 5266 divitias?
3311 5223 3348 5265 a
3394 5220 3519 5279 quo

1949 5508 2017 5578 (3)
2040 5510 2119 5563 Ex
2146 5507 2313 5567 hom.
2342 5510 2404 5566 in
2430 5510 2664 5579 divites,
2699 5513 2783 5564 59.

1944 5581 2017 5650 (4)
2050 5580 2221 5647 Ibid.,
2250 5584 2338 5635 60.

1946 5650 2233 5722 (5)1bid.,
2269 5655 2353 5707 59.
