4068 6220
206 367 360 420 1173

1146 363 1370 419 SERMO
1411 364 1479 417 V.
1529 391 1596 402 —
1635 361 1728 416 DE
1767 359 2040 414 DlVlTllS
2084 363 2166 417 ET
2206 365 2679 424 PAUPERTATE.

3452 377 3590 434 1174

206 493 540 560 συμμαχίαν
615 484 771 536 ἐλθὼν
852 485 1092 556 πολέμιον
1177 486 1351 561 εὗρενυ
1430 485 1815 558 ἀλεξιφάρμακα

1905 484 2204 552 .reddere,
2260 490 2408 560 quid
2450 491 2528 548 ad
2579 497 2713 547 tuas
2765 494 2988 563 januas
3045 496 3419 566 quaesivisset
3456 500 3483 555 ?
3545 503 3589 558 Ο

203 577 532 651 περιζητώνς
571 571 909 646 δηλητηρίοις
957 575 1034 643 (1)
1077 572 1301 646 ἐνέτυχε.
1344 579 1460 627 Δεον
1499 575 1826 646 παραμυθεῖ-

211 669 349 719 σθαι
397 672 488 718 τού
536 660 729 736 ἀνδρὸς
773 667 865 720 τὴν
903 669 1193 734 πτωχείαν,
1247 669 1312 716 σύ
1363 661 1422 716 δε
1463 663 1826 716 πολυπλασια-

209 756 326 816 ζεις
385 759 474 812 τὴν
542 749 778 805 ἔνδειαν·
839 753 1012 826 ὥσπερ
1080 752 1140 803 ἂν
1207 757 1250 805 εἴ
1315 773 1394 813 τις
1455 752 1642 825 ἰατρῶν
1697 754 1827 822 πρός

212 847 509 918 κάμνοντας
551 842 743 906 εἰσιὼν,
785 840 900 893 ἀντὶ
948 848 1040 894 τοῦ
1086 842 1157 904 εἰς
1199 843 1399 914 ὑγίειαν
1443 842 1630 902 αύτούς
1670 839 1826 892 ἐπαν-

212 940 456 1004 αγαγεῖν,
511 932 539 983 6
610 927 668 982 δὲ
733 934 818 982 καί
866 935 925 982 τό
981 933 1166 1004 μικρὸν
1229 931 1468 1002 λείψανον
1525 939 1621 992 τῆς
1670 925 1824 981 δυνά-

214 1041 350 1093 μεως
406 1019 802 1096 προσαφελοιτο.
876 1025 974 1072 Καὶ
1032 1025 1097 1072 σύ
1158 1025 1328 1072 τοίνυν
1392 1022 1485 1082 τὰς
1554 1020 1824 1092 συμφορὰς

213 1119 319 1162 τῶν
372 1109 579 1175 ἀθλίων,
630 1107 867 1183 ἀφορμὴν
923 1112 1094 1182 πόρων
1150 1117 1315 1182 ποιῇ·
1383 1113 1474 1161 καὶ
1538 1110 1711 1181 ὥσπερ
1773 1109 1822 1157 οἱ

215 1205 446 1272 γεωργοὶ
497 1197 719 1273 ὄμϐρους
775 1201 1024 1270 εὔχονται
1077 1199 1148 1259 εἰς
1197 1198 1666 1270 πολυπλασιασμὸν
1718 1205 1816 1248 τῶν

219 1291 552 1363 σπερμάτων.
603 1288 734 1339 οὕτω
781 1293 869 1339 καὶ
921 1292 984 1339 σὺ
1038 1284 1238 1351 ἐνδείας
1291 1293 1379 1339 καὶ
1441 1287 1663 1360 ἀπορίας
1727 1285 1815 1338 ἀν-

215 1379 438 1448 θρώπων
485 1376 764 1443 ἐπιζητεῖς,
821 1378 904 1428 ῖνα
950 1381 1033 1428 καὶ
1095 1383 1178 1429 σοὶ
1228 1376 1408 1450 ἐνεργά
1454 1378 1519 1428 τὰ
1557 1380 1816 1449 χρήματα

209 1472 452 1538 γένηται.

280 1649 333 1700 5.
403 1649 502 1697 Καὶ
556 1645 582 1695 6
630 1647 720 1716 μεν
759 1643 931 1705 ζητῶν
978 1648 1037 1696 τὸ
1078 1640 1359 1716 δάνεισμα,
1392 1649 1546 1716 μέσος
1584 1642 1811 1716 ἀμηχα-

198 1739 322 1795 νίας
369 1731 767 1804 ἀπειλημμένος,
809 1735 931 1785 ὅταν
970 1736 1060 1805 μὲν
1108 1737 1238 1806 πρὸς
1275 1738 1369 1791 τὴν
1407 1737 1583 1786 πενίαν
1614 1728 1806 1803 ἀπίδῃ,

1937 589 2064 628 rem
2131 576 2411 634 miseram
2478 585 2535 636 et
2598 580 3014 638 calamitosam
3066 583 3078 637 Ξ
3159 584 3329 643 Venit
3394 588 3591 646 subsi-

1935 662 2104 718 dium
2146 681 2422 736 quaerens
2457 686 2468 722 :
2521 669 2625 724 sed
2660 669 2897 728 hostem
2935 673 3198 742 reperit;
3251 676 3589 735 remedium

1935 749 2082 808 dum
2156 755 2504 826 requireret,
2571 757 2634 813 in
2703 774 2938 816 venena
3003 759 3232 819 incidit.
3311 764 3588 825 Officium

1937 843 2101 896 tuum
2143 841 2338 900 fuerat
2377 846 2484 901 viri
2527 845 2844 903 sublevare
2889 847 3204 920 inopiam:
3251 856 3314 909 at
3358 855 3424 910 tu
3484 854 3589 912 ad-

1933 944 2118 1000 auges
2156 937 2528 1002 egestatem;
2577 932 2740 990 velut
2796 935 2846 991 si
2887 937 3024 1008 quis
3067 937 3337 996 medicus
3392 958 3586 1014 aegro-

1932 1021 2024 1072 tos
2061 1018 2346 1086 invisens,
2406 1039 2545 1078 cum
2598 1021 2682 1078 eis
2733 1021 2952 1080 debeat
3003 1027 3313 1084 restituere
3362 1031 3584 1089 sanita-

1931 1112 2070 1180 tem,
2139 1111 2473 1167 econtrario
2539 1111 2632 1168 vel
2697 1111 2945 1184 exiguas
3010 1115 3230 1172 virium
3298 1118 3584 1192 reliquias

1927 1199 2173 1260 adimat.
2207 1203 2290 1256 Tu
2320 1201 2498 1270 igitur
2528 1201 2884 1258 miserorum
2909 1202 3280 1262 calamitates
3316 1212 3584 1280 quaestus

1924 1289 2306 1344 occasionem
2330 1289 2498 1345 facis.
2524 1293 2589 1346 Et
2613 1291 2764 1346 sicut
2780 1291 2976 1347 coloni
3003 1292 3083 1347 ad
3102 1295 3404 1351 seminum
3424 1295 3580 1352 mul-

1922 1377 2612 1449 tiplicationem'imbres
2652 1384 2978 1452 exoptant:
3021 1379 3102 1436 ita
3147 1387 3204 1438 et
3247 1387 3308 1438 tu
3350 1390 3580 1455 egesta-

1922 1471 2008 1521 tes
2039 1470 2096 1522 et
2123 1465 2360 1538 inopias
2389 1466 2707 1524 hominum
2736 1475 2929 1540 optas,
2961 1468 3068 1524 tibi
3113 1474 3176 1526 ut
3212 1478 3575 1544 quaastuosae

1919 1554 2035 1610 sint
2059 1557 2348 1626 pecuniae.

2097 1649 2177 1700 Ae
2223 1645 2543 1718 pecuniam
2584 1645 2833 1718 quidem
2873 1645 2979 1719 qui
3009 1648 3226 1720 quaerit
3253 1647 3476 1719 fenore,
3508 1652 3571 1707 in

1917 1733 2131 1789 mediis
2151 1732 2609 1790 difﬁcultatibus
2632 1734 3008 1800 constitutus,
3041 1753 3182 1794 cum
3211 1738 3454 1811 respicit
3489 1738 3570 1796 ad

200 1822 560 1893 ἀπογινώσκει
605 1827 697 1880 τὴν
743 1825 975 1875 ἔκτισιν·
1021 1825 1142 1875 ὅταν
1192 1819 1250 1875 δὲ
1291 1826 1420 1896 πρὸς
1467 1827 1561 1880 τὴν
1608 1829 1806 1895 παρού-

1915 1827 2355 1895 paupcrtatem,
2397 1821 2470 1878 de
2521 1822 2814 1880 solutione
2851 1823 3174 1898 desperat;
3233 1844 3374 1884 cum
3423 1845 3567 1885 vero

199 1930 308 1963 σαν
367 1910 618 1982 ἀνάγκην,
675 1911 978 1984 κατατολμᾴ
1033 1919 1124 1964 τοῦ
1183 1908 1546 1983 δανείσματος.
1603 1910 1691 1972 Ὡς
1747 1907 1806 1962 δὲ

192 2002 268 2050 τὰ
315 2001 408 2070 μὲν
443 2005 700 2074 χρήματα
749 1999 982 2074 ὑπορρεῖ,
1027 2001 1054 2052 6
1104 1997 1162 2052 δὲ
1209 2006 1398 2074 χρόνος
1455 2005 1645 2071 προῖὼν
1688 2003 1805 2060 τοὺς

190 2089 386 2148 τόκους
432 2088 598 2157 ἐαυτῷ
650 2091 979 2164 συμπροάγει
1005 2110 1016 2122 ο
1085 2088 1144 2140 ού
1205 2091 1382 2148 νύκτες
1448 2087 1620 2158 ἐκείνῳ
1685 2086 1805 2139 ἀνά-

189 2195 397 2228 παυσιν
446 2182 706 2251 φέρουσιν,
767 2177 872 2249 οὐχ
916 2179 946 2237 ἡ
988 2179 1158 2251 ἡμέρα
1195 2174 1414 2253 φαιδρὰ,
1447 2178 1552 2249 οὐχ
1599 2178 1624 2228 6
1664 2177 1806 2238 ἣλιος

187 2270 409 2341 τερπνός
433 2287 447 2298 ·
493 2265 620 2318 ἀλλά
659 2263 999 2341 δυσχεραίνει
1048 2271 1136 2319 τόν
1186 2266 1323 2340 βίον,
1356 2274 1502 2339 μισεῖ
1545 2269 1632 2327 τὰς
1671 2268 1799 2339 ἡμέ-

185 2372 298 2424 ρας
337 2357 465 2429 πρὸς
512 2359 606 2413 τὴν
652 2357 974 2430 προθεσμίαν
1013 2354 1362 2428 ἐπαγομένας.
1406 2355 1511 2408 Κᾶν
1541 2351 1795 2428 καθεύδῃ,

184 2443 430 2495 ἐνύπνιον
481 2442 658 2517 βλέπει
709 2449 795 2496 τόν
854 2441 1153 2512 δανειστὴν,
1204 2447 1364 2496 κακόν
1419 2447 1539 2517 ὄναρ
1597 2452 1660 2516 τῇ
1719 2463 1798 2496 κε-

187 2530 331 2603 φαλῇ
383 2533 802 2606 παριστάμενονο
853 2533 947 2584 κᾶν
989 2541 1250 2607 γρηγορῇ,
1303 2536 1470 2586 ἔννοια
1516 2532 1656 2602 αύτῷ
1704 2539 1792 2585 καὶ

187 2626 403 2692 φροντὶς
449 2623 475 2673 6
526 2627 677 2684 τόκος
736 2621 894 2680 ἐστίν,
941 2622 1077 2675 Ἀλλ’
1124 2625 1266 2674 ἔστιν
1324 2623 1478 2674 εἰπεῖν
1526 2625 1616 2673 καὶ
1661 2625 1790 2696 πρὸς

184 2712 286 2758 τὸν
330 2704 687 2781 δανειζόμενον
713 2731 725 2743 ·
780 2716 900 2762 Πίνε
947 2707 1120 2764 ὕδατα
1155 2709 1257 2763 ἀπὸ
1300 2719 1401 2762 σῶν
1432 2708 1676 2782 ἀγγείων,
1702 2715 1792 2762 καὶ

186 2796 300 2850 ἀπὸ
360 2805 460 2849 σῶν
517 2802 744 2874 φρεάτων
793 2808 1006 2871 πηγῆςο
1061 2803 1322 2864 τουτέστι,
1381 2803 1451 2870 μὴ
1511 2797 1587 2850 ἐπ’
1645 2797 1792 2850 ἀλλο-

183 2891 341 2959 τρίας
389 2889 556 2958 πηγὰς
606 2885 821 2960 βάδιζε,
872 2887 978 2940 ἀλλ’
1035 2888 1090 2952 ἐξ
1139 2887 1337 2941 οἰκείων
1379 2884 1608 2940 λιϐάδων
1665 2890 1789 2940 σύν-

183 2995 290 3046 αγε
339 2977 416 3047 (2)
479 2986 679 3048 σεαυτῷ
733 2980 819 3038 τὰς
875 2980 1214 3052 παραμυθίας
1259 2985 1351 3030 τοῦ
1409 2976 1554 3050 βίον.
1609 2977 1791 3049 Ἔχεις

181 3064 542 3137 χαλκώματα,
583 3064 797 3134 ἐσθῆτα,
853 3068 1158 3139 ὑποζύγιον,
1220 3071 1377 3125 σκεύη
1436 3063 1786 3133 παντοδαπά;

1911 1917 2275 1985 praesentem
2327 1912 2665 1969 considerat
2717 1918 3066 1984 egestatem,
3114 1915 3317 1974 audax
3367 1916 3435 1974 ﬁt
3487 1915 3566 1973 ad

1912 2002 2106 2058 fenus.
2133 2003 2204 2073 (4)
2234 2001 2348 2058 Sed
2369 2018 2507 2057 cum
2538 2002 2760 2058 sensim
2784 2003 3066 2062 difﬂuunt
3092 2007 3387 2079 pecuniae,
3412 2013 3562 2064 tem-

1912 2107 2151 2164 pusque
2199 2091 2589 2162 progrediens
2637 2108 2845 2148 secum
2889 2091 3063 2150 fenus
3118 2095 3382 2164 advehit,
3437 2113 3560 2153 non

1910 2186 2116 2237 noctes
2145 2181 2199 2235 ei
2234 2179 2504 2252 requiem
2551 2179 2829 2247 afferunt,
2871 2196 2996 2238 non
3039 2182 3169 2239 dies
3207 2184 3413 2240 hilaris
3447 2190 3556 2254 est,

1909 2286 2032 2326 non
2076 2269 2167 2325 sol
2212 2268 2535 2341 jucundus,
2582 2269 2690 2326 sed
2731 2270 2920 2326 vitam
2959 2270 3212 2329 moleste
3252 2272 3382 2329 fert.
3425 2261 3561 2331 Odit

1904 2358 2034 2415 dies
2065 2357 2145 2414 ad
2191 2358 2577 2414 constitutum
2608 2362 2847 2430 tempus
2881 2357 3252 2418 festinantes.
3294 2357 3469 2428 Quod
3507 2363 3556 2418 si

1905 2448 2185 2516 dormiat,
2234 2446 2396 2502 videt
2444 2445 2845 2504 feneratorem
2903 2447 2963 2504 in
3020 2451 3272 2520 somnis,
3321 2450 3554 2509 malum

1900 2535 2226 2602 somnium,
2272 2533 2453 2606 capiti
2505 2539 2851 2591 astantem:
2909 2535 2960 2591 si
3006 2553 3150 2596 vero
3187 2537 3409 2611 vigilet,
3458 2555 3554 2596 co-

1898 2625 2102 2698 gitatio
2143 2625 2196 2680 ei
2231 2631 2291 2680 et
2326 2640 2471 2680 cura
2507 2623 2681 2680 fenus
2711 2629 2818 2680 est.
2847 2626 2923 2696 (5)
2954 2629 3170 2684 Verum
3205 2635 3263 2686 et
3294 2629 3372 2685 ad
3411 2645 3551 2686 eum

1897 2716 2004 2789 qui
2052 2715 2256 2770 fenore
2312 2713 2544 2785 accipit,
2606 2713 2802 2769 dicere
2839 2711 2995 2784 licet,
3042 2716 3191 2773 Bibe
3242 2732 3430 2789 aquas
3476 2717 3550 2776 de

1898 2807 2012 2860 tuis
2049 2803 2206 2860 vasis
2241 2803 2311 2871 δε,
2347 2807 2404 2857 et
2436 2801 2511 2857 de
2547 2799 2814 2857 fontibus
2843 2801 2981 2870 tuis,
3009 2802 3126 2860 hoc
3157 2809 3265 2870 est,
3297 2805 3376 2861 ad
3405 2804 3548 2864 alie-

1895 2909 2008 2950 nos
2035 2892 2229 2949 fontes
2254 2906 2329 2947 ne
2350 2889 2591 2959 accede,
2623 2889 2730 2946 sed
2758 2906 2832 2946 ex
2855 2891 3114 2964 propriis
3141 2889 3419 2949 laticibus
3441 2893 3546 2951 tibi

1894 2983 2028 3055 ipse
2060 2981 2192 3037 vitae
2227 2979 2439 3036 solatia
2466 2994 2780 3052 compara.
2824 2979 3022 3035 Habes
3060 2996 3209 3038 vasa
3245 2997 3420 3047 terea,
3449 2998 3546 3038 ve-

1896 3075 2070 3139 stem,
2105 3071 2468 3140 jumentum,
2509 3067 2730 3124 diversi
2776 3068 3018 3137 generis
3059 3068 3492 3142 supellectilem
3518 3072 3547 3128 ?

183 3161 358 3206 ταῦτα
421 3151 624 3207 ἀπόδου
649 3177 668 3204 ο.
731 3158 901 3208 πάντα
962 3158 1218 3228 προέσθαι
1282 3153 1589 3226 κατάδεξαι,
1654 3156 1787 3215 πλὴν

1905 3163 2030 3215 Haec
2075 3157 2312 3214 vende:
2353 3157 2538 3213 induc
2583 3157 2645 3213 in
2689 3156 2962 3214 animum
3005 3158 3212 3215 omnia
3253 3159 3546 3232 projicere

178 3251 288 3303 τῆς
335 3241 634 3317 ἐλευθερίας.
696 3244 826 3296 Ἀλλ’
879 3245 1207 3317 αἰσχύνομαι
1257 3245 1392 3297 αύτά
1430 3241 1787 3317 δημοσιεύειν,

183 3336 344 3402 φησί.
388 3336 452 3384 Τί
492 3329 600 3398 οὖν,
654 3335 732 3386 ὅτι
770 3337 956 3407 μικρόν
995 3334 1210 3405 ὓστερον
1248 3334 1400 3396 ἄλλος
1435 3335 1570 3387 αὐτὰ
1610 3355 1788 3408 προκο-

187 3424 360 3490 μίσει,
415 3427 502 3473 καὶ
568 3421 885 3496 ἀποκηρύξει
943 3426 1012 3474 τὰ
1077 3426 1164 3489 σά,
1234 3429 1322 3476 καὶ
1374 3422 1450 3476 ἐπ’
1505 3423 1789 3496 ὀφθαλμοῖς

189 3515 312 3568 σοῖς
379 3508 695 3571 ἐπευωνίζων
773 3511 905 3562 αύτά
978 3509 1336 3579 διαϐήσεται;
1413 3512 1613 3565 Βελτιον
1678 3520 1789 3574 ταῖς

185 3600 326 3649 κατά
390 3603 574 3674 μικρὸν
642 3599 887 3660 ἐπινοίαις
952 3604 1043 3658 τὴν
1098 3605 1283 3676 χρείαν
1341 3603 1787 3676 παραμυθεῖσθαι,

187 3688 217 3743 ἡ
275 3685 471 3760 ἀθρόως
530 3687 812 3760 ἐπαρθέντα
869 3697 974 3749 τοίς
1029 3688 1330 3763 ἀλλοτρίοις,
1397 3690 1610 3765 ὕστερον
1669 3692 1791 3742 πάν.

184 3796 288 3827 των
348 3778 480 3848 ὁμοῦ
545 3786 646 3829 τὼν
703 3781 998 3850 προσόντων
1060 3778 1512 3851 ἀπογυμνοῦσθαι.
1578 3781 1638 3833 Εἰ
1698 3783 1787 3851 μὲν

183 3861 278 3916 οὖν
313 3868 453 3936 ἔχεις
492 3869 603 3919 ὅθεν
639 3863 871 3937 ἀποδῷς,
921 3872 970 3918 τί
1007 3868 1133 3939 οὐχι
1171 3874 1263 3926 τὴν
1292 3876 1561 3942 παροῦσαν
1592 3865 1788 3921 ἔνδειαν

179 3957 241 4008 ἐκ
299 3958 494 4006 τούτων
551 3964 651 4007 τῶν
704 3955 944 4029 ἀφορμῶν
1012 3952 1286 4023 διαλύεις;
1356 3957 1400 4010 εἰ
1465 3953 1524 4011 δε
1582 3957 1792 4030 ἀπορεῖς

180 4047 311 4115 πρὸς
373 4047 466 4100 τὴν
527 4047 745 4112 ἔκτισιν,
807 4049 966 4096 κακόν
1038 4055 1181 4116 κακῷ
1249 4049 1563 4119 θεραπεύεις.
1632 4052 1789 4107 Πένης

179 4131 228 4184 εἰ
277 4139 385 4201 νύν,
434 4131 540 4183 ἀλλ’
601 4133 890 4206 ἐλεύθερος·
942 4131 1309 4207 δανεισάμενος
1355 4132 1434 4202 δε,
1477 4141 1593 4189 οὔτε
1631 4136 1791 4190 πλου-

175 4226 380 4286 τήσεις,
433 4227 520 4272 καὶ
574 4227 667 4280 τὴν
724 4221 1009 4296 ἐλευθερίαν
1068 4222 1412 4297 ἀφαιρεθήσῃ.
1469 4225 1653 4287 Δοῦλος
1692 4235 1784 4278 τού

181 4305 548 4371 δεδανεικότος
577 4312 602 4361 6
644 4306 1028 4382 δανεισάμενος,
1070 4317 1159 4362 καὶ
1199 4308 1384 4372 δοῦλος
1411 4314 1485 4384 (3)
1532 4317 1782 4386 μισθοφό·

173 4417 291 4470 ρος,
349 4397 702 4472 ἀπαραίτητον
751 4404 910 4470 φέρων
967 4404 1060 4458 τὴν
1125 4399 1469 4472 λειτουργίαν.
1523 4405 1587 4454 Oi
1639 4407 1782 4463 κύνες

175 4485 420 4549 λαξόντες
474 4489 823 4560 ἡμεροῦνταιο
871 4490 895 4538 6
946 4485 1220 4549 δανειστὴς
1277 4489 1547 4560 λαμϐάνων
1595 4511 1780 4562 προσε-

173 4576 464 4647 ρεθίζεται.
531 4576 607 4627 Οὐ
668 4579 888 4629 παύεται
963 4577 1214 4643 ὑλακτων,
1285 4576 1410 4629 ἀλλά
1479 4583 1536 4630 τὸ
1605 4580 1775 4632 πλεῖον

175 4663 436 4724 ἐπιζητεῖ.
497 4663 612 4717 Ἐἀν
664 4665 880 4737 όμνύῃς,
939 4664 1184 4718 ἀπιστεῖ·
1245 4665 1421 4738 ἐρευνᾲ
1485 4670 1551 4718 τα
1611 4663 1777 4734 ἔνδον,

176 4755 246 4804 τά
297 4752 702 4825 συναλλάγματα
743 4773 836 4806 σου
894 4754 1336 4826 πολυπραγμονεῖ.
1391 4755 1503 4808 Ἐπὶ
1546 4763 1776 4827 γαμετῆς

175 4846 550 4912 καταισχύνει,
599 4842 682 4894 ἐπὶ
732 4843 888 4913 φίλων
939 4842 1269 4918 καθυϐρίζει,
1318 4843 1366 4895 ἐν
1413 4851 1522 4904 ταῖς
1560 4843 1777 4917 ἀγοραῖς

174 4931 362 5000 ἄγχει,
403 4935 560 4982 κακόν
611 4935 913 5004 συνάντημα
967 4932 1166 5005 ἑορτῆς,
1221 4933 1440 4984 ἀϐίωτόν
1495 4951 1575 4985 σοι
1619 4952 1776 4984 κατα-

178 5019 425 5080 σκευάζει
463 5024 548 5071 τὸν
603 5020 739 5091 βίον.
793 5021 946 5074 Ἀλλά
983 5021 1204 5093 μεγαλη,
1258 5028 1438 5093 φησιν,
1484 5026 1511 5079 ἡ
1556 5020 1769 5092 auem,

248 5196 296 5231 "
341 5198 510 5254 Prov.
540 5213 594 5263 v,
622 5197 709 5252 15.

249 5378 330 5450 (1)
389 5377 754 5450 Δηλητηρίοις.
805 5380 897 5450 Sic
950 5379 1144 5436 Basilii
1187 5383 1518 5450 contextus.
1575 5380 1772 5438 Codex

177 5448 398 5523 Regius
420 5449 557 5503 1992
577 5448 761 5523 habet
791 5448 1105 5523 δηλητηρίῳ.
1141 5451 1290 5506 Edili
1323 5449 1664 5523 δηλητήριον,

253 5520 330 5580 (2)
372 5523 584 5591 Σύναγε.
637 5522 730 5577 Sic
765 5522 926 5578 idem
972 5520 1188 5591 Regius
1228 5521 1417 5579 codex
1463 5529 1521 5580 et
1573 5523 1771 5581 Basnlii

177 5595 520 5674 οοξὶέθξιξιει
540 5591 687 5674 εείίίί
717 5595 998 5674 irreleva-

253 5662 330 5731 (3)
355 5667 455 5715 Καὶ
488 5659 687 5725 δοῦλος.
717 5659 866 5720 Editi
885 5659 1098 5720 iterum
1123 5664 1357 5720 addunt
1383 5671 1493 5736 καί,
1520 5666 1625 5721 sed
1645 5667 1770 5723 haec

1895 3253 2112 3320 praater
2155 3247 2509 3303 libertatem.
2557 3245 2673 3302 Sed
2718 3261 2816 3302 me
2849 3244 3054 3318 pudet,
3085 3246 3296 3320 inquit,
3336 3249 3548 3306 isthmc

1893 3337 2029 3393 voci
2074 3336 2370 3410 praeconis
2420 3335 2734 3408 subjicere.
2791 3336 2904 3391 Cur
2953 3335 3134 3405 igitur
3183 3336 3362 3409 paulo
3411 3343 3549 3412 post

1895 3426 2048 3482 alius
2078 3442 2150 3482 ea
2175 3429 2454 3497 exponet,
2485 3430 2850 3496 tuorumque
2879 3422 3177 3482 bonorum
3225 3426 3401 3484 faciet
3442 3445 3546 3486 au-

1895 3516 2174 3583 ctionem,
2222 3512 2400 3586 495
2446 3519 2504 3570 et
2539 3512 2635 3569 vili
2664 3514 2856 3586 pretio
2887 3514 2966 3570 ob
2995 3513 3205 3571 oculos
3241 3519 3376 3573 tuos
3403 3533 3547 3574 ven-

1895 3604 2040 3660 det?
2087 3604 2281 3660 Satius
2313 3607 2421 3668 est,
2456 3608 2580 3659 arte
2609 3608 2667 3659 et
2693 3602 2990 3660 industria
3015 3603 3309 3676 paulatim
3338 3621 3546 3662 neces-

1895 3694 2128 3750 sitatem
2172 3691 2392 3756 levare,
2439 3707 2626 3763 quam
2669 3691 2879 3748 alienis
2929 3691 3312 3750 facultatibus
3355 3694 3548 3752 subito

1895 3781 2138 3846 elatum,
2171 3780 2456 3852 deinceps
2476 3780 2760 3836 omnibus
2793 3781 2969 3836 simul
2997 3780 3177 3837 bonis
3215 3781 3456 3840 nudari.
3490 3783 3548 3839 Si

1898 3871 2078 3941 igitur
2104 3867 2294 3925 habes
2321 3868 2483 3924 unde
2519 3868 2742 3934 solvas,
2773 3885 2879 3924 cur
2913 3875 3276 3942 praesentem
3314 3875 3547 3942 egesta-

1898 3963 2018 4016 tem
2039 3958 2205 4014 hisce
2227 3956 2462 4014 auxiliis
2500 3973 2625 4014 non
2649 3956 2898 4029 depelljs
2923 3957 2951 4012 ?
2985 3957 3085 4015 Sin
3111 3958 3402 4016 solvendo
3422 3975 3548 4016 non

1899 4065 1984 4115 es,
2015 4049 2246 4106 malum
2286 4051 2448 4104 malo
2488 4063 2682 4104 curas.
2712 4049 2788 4113 (6)
2839 4049 3070 4122 Pauper
3106 4063 3170 4104 es
3207 4064 3392 4119 nunc,
3438 4049 3547 4105 sed

1893 4139 2061 4196 liber.
2090 4141 2416 4208 Argentum
2435 4136 2485 4192 si
2513 4136 2717 4192 fenore
2749 4137 3103 4208 sumpseris,
3120 4153 3244 4193 non
3267 4137 3546 4208 ditesces,

1894 4227 1999 4284 sed
2042 4227 2311 4284 libertate
2355 4225 2712 4298 spoliabere.
2763 4225 2872 4291 Qui
2921 4227 3243 4299 pecuniam
3292 4227 3548 4301 sumpsit

1891 4317 2116 4384 fenore,
2165 4314 2514 4372 feneratoris
2549 4331 2758 4371 servus
2788 4317 2894 4382 est,
2921 4315 3046 4372 imo
3088 4331 3298 4371 servus
3326 4317 3543 4388 stipen-

1888 4407 2137 4475 diarius,
2176 4403 2544 4462 inexorabile
2586 4405 2876 4461 exhibens
2896 4404 3316 4460 ministerium.
3348 4406 3539 4460 Canes

1886 4495 2237 4568 accipiendo
2257 4497 2705 4562 mansuescunt,
2721 4493 3019 4550 fenerator
3035 4507 3176 4548 vero
3198 4491 3540 4565 recipiendo

1885 4585 2163 4640 irritatur.
2207 4587 2335 4639 Non
2380 4583 2540 4638 enim
2587 4581 2864 4639 allatrare
2902 4581 3144 4650 desinit,
3199 4580 3304 4638 sed
3361 4580 3540 4655 plura

1885 4674 2171 4746 exposcit.
2207 4673 2265 4729 Si
2291 4672 2609 4742 juraveris,
2641 4687 2767 4728 non
2797 4671 3001 4728 credit.
3039 4673 3179 4738 Quae
3207 4672 3267 4728 in
3306 4669 3538 4730 uadibus

1885 4761 2092 4831 habes,
2122 4763 2530 4833 perscrutatur
2563 4778 2575 4826 ;
2632 4763 2737 4816 tua
2764 4759 3076 4830 diligenter
3099 4761 3349 4833 indagat
3377 4777 3536 4819 com-

1885 4850 2130 4906 mercia.
2179 4851 2472 4904 Praesente
2502 4864 2711 4915 uxore,
2743 4849 2926 4905 afﬁcit
2961 4851 3016 4905 te
3044 4849 3296 4922 pudore,
3329 4866 3536 4908 coram

1884 4937 2095 4994 amicis
2123 4935 2378 5008 imponit
2401 4935 2828 4992 contumeliam
2863 4957 2875 5005 ;
2917 4935 2973 4993 in
3007 4937 3373 4995 mercatibus
3404 4937 3535 4996 fan-

1884 5042 1981 5083 ces
2027 5023 2423 5094 constringit;
2474 5024 2670 5081 malus
2717 5029 2803 5082 est
2857 5025 3008 5084 festo
3051 5026 3147 5084 die
3200 5042 3530 5111 occursus;

1881 5381 2438 5462 conjunctiondeest
2479 5382 2540 5438 in
2577 5383 2784 5440 codice
2813 5385 2994 5454 Regio
3037 5386 3170 5439 t992
3209 5387 3266 5439 et
3293 5381 3354 5438 in
3385 5395 3532 5438 con-

1881 5452 2044 5510 textu
2077 5452 2290 5509 Basilii.

1953 5526 2032 5595 (li)
2071 5527 2152 5597 Ex
2176 5523 2346 5597 hom,
2378 5527 2440 5581 in
2464 5542 2556 5597 ps.
2590 5543 2697 5591 xw,
2729 5525 2845 5581 l08.

1973 5597 2025 5666 δ)
2070 5593 2252 5666 lbid.,
2287 5596 2406 5653 109.

1974 5661 2029 5737 δ)
2069 5661 2215 5723 Ibid.
