4068 6220
245 331 382 387 H77

1209 327 1437 385 SERMO
1465 327 1528 382 ν.
1569 355 1638 366 -
1665 323 1755 378 DE
1781 321 2054 380 DIVITIIS
2087 326 2170 382 ET
2205 325 2672 384 PAUPERTATE.

3461 333 3599 390 H78

241 457 306 508 τὰ
343 455 606 528 χρήματα
652 450 783 521 ὁμοῦ
831 451 920 502 καὶ
977 447 1297 520 δανείζεται,
1341 455 1431 504 καὶ
1473 455 1736 523 γεννᾶται,
1767 451 1849 501 καὶ

1967 448 2178 506 lulant.
2221 451 2498 508 Nondum
2512 451 2673 507 enim
2691 449 2752 505 in
2765 463 2985 506 manus
3003 449 3309 524 accepisti,
3331 455 3388 510 et
3407 455 3612 512 tamen

241 545 550 616 ὑποφύεται.
613 543 772 592 Οὔπω
830 541 931 614 γαρ
983 535 1141 602 ἐδέξω
1209 541 1281 602 εἰς
1335 548 1556 616 χεῖρας,
1611 539 1700 591 καί
1764 544 1856 589 τοῦ

243 637 496 707 παρόντος
551 632 715 702 μηνός
765 626 1040 700 ammon;
1089 633 1180 686 τὴν
1229 628 1501 704 ἐργασίαν,
1553 633 1653 682 Καὶ
1705 631 1854 678 τοῦτο

243 722 398 774 πάλιν
445 717 738 786 δανεισθὲν,
786 720 952 792 ἕτερον
1006 721 1164 770 κακόν
1215 717 1469 792 ἐξέθρεψε,
1510 718 1714 771 κάκεῖνο
1754 717 1854 768 ἔτει

244 831 356 883 ρον,
389 813 482 862 καὶ
511 812 571 860 τό
614 810 775 858 κακόν
825 807 897 867 εἰς
948 809 1158 882 ἄπειρον
1183 829 1196 841 ·
1231 812 1389 871 Τόκος
1423 811 1548 880 γὰρ,
1576 809 1644 869 ὡς
1682 804 1849 877 οἶμαι,

247 895 342 952 διὰ
393 903 489 956 τὴν
545 895 856 966 πολυγονίαν
907 897 977 966 (1)
1033 903 1124 950 τοῦ
1179 905 1344 950 κακοῦ
1395 900 1847 969 προσηγόρευται·

243 990 400 1042 πόθεν
451 989 554 1060 γάρ
595 983 843 1050 οἶλλοθεν;
883 983 948 1036 Ἦ
997 987 1144 1057 τάχα
1177 990 1328 1048 τόκος
1373 985 1574 1059 λέγεται
1623 983 1716 1040 διὰ
1760 988 1850 1048 τὰς

248 1075 442 1138 ὠδῖνας
505 1079 595 1128 καὶ
648 1072 837 1140 λύπας,
897 1073 958 1136 ἃς
1010 1072 1239 1147 ἐμποιεῖν
1297 1083 1414 1138 ταῖς
1476 1075 1685 1148 ψυχαῖς
1749 1084 1849 1128 τῶν

252 1162 624 1236 δανειζομένων
667 1167 910 1233 πέφυκεν.
941 1160 1028 1225 Ὠς
1069 1166 1171 1238 γὰρ
1225 1164 1254 1222 ἠ
1306 1160 1436 1226 ὠδὶς
1470 1171 1532 1237 τῇ
1573 1165 1848 1238 τικτούσῃ,

251 1255 418 1314 οὕτως
465 1255 492 1310 ἡ
539 1251 836 1324 προθεσμία
882 1259 954 1320 τῷ
1004 1253 1248 1327 ὑποχρέῳ
1295 1256 1640 1326 παρίσταται.
1688 1257 1849 1316 Τόκος

249 1342 335 1396 ἐπὶ
398 1345 554 1413 τόκῳ,
619 1347 854 1414 πονηρῶν
920 1343 1106 1411 γονέων
1171 1345 1396 1415 πονηρόν
1457 1345 1683 1412 ἔκγονον.
1744 1344 1852 1404 Τὰς

249 1427 470 1504 ἐχίδνας
507 1429 716 1502 λέγουσι
754 1432 848 1486 τὴν
885 1433 1122 1504 γαστέρα
1148 1439 1244 1492 τῆς
1283 1433 1481 1504 μητρός
1511 1427 1850 1494 διεσθιούσας

244 1521 548 1572 τίκτεσθαι·
598 1521 688 1570 καὶ
731 1519 780 1570 οἰ
813 1523 959 1570 τόκοι
1007 1522 1128 1581 τοὺς
1182 1522 1357 1581 οἴκους
1405 1527 1505 1571 τῶν
1548 1519 1847 1592 ὀφειλόντων

243 1611 554 1682 εκφαγόντες
583 1605 983 1678 ἀπογεννῶνται.
1015 1609 1094 1660 Τὰ
1123 1611 1399 1683 σπέρματα
1427 1612 1603 1684 χρόνῳ
1633 1611 1810 1680 ρύεται
1829 1629 1843 1642 ο
1881 1585 1924 1637 Β

241 1699 270 1750 ό
340 1694 400 1749 δὲ
463 1701 610 1756 τόκος
686 1700 912 1768 σήμερον
979 1702 1251 1768 γεννᾶται,
1317 1697 1406 1750 καί
1473 1703 1690 1770 σήμερον
1753 1704 1846 1750 τοῦ

245 1791 439 1839 τίκτειν
507 1785 752 1858 ἄρχεται,
803 1791 915 1838 Τῶν
972 1785 1294 1858 αὐξουμένων
1349 1787 1588 1850 ἕκαστον,
1636 1783 1846 1838 ἐπειδὰν

248 1876 374 1946 πρός
439 1877 498 1926 τό
565 1875 752 1928 οἰκεῖον
810 1873 1063 1947 ἀφίκηται
1123 1878 1364 1949 μέγεθος,
1433 1883 1531 1936 τῆς
1590 1875 1847 1939 αὐξήσεως

251 1981 481 2016 σταταιο
529 1966 588 2015 τό
640 1959 700 2016 δε
757 1972 856 2016 τῶν
907 1964 1216 2017 πλεονεκτῶν
1264 1963 1512 2040 ἀργύριον
1553 1973 1624 2036 τῷ
1671 1969 1848 2037 χρόνῳ

243 2057 404 2104 παντὶ
445 2051 899 2128 σοδμπαραύξεται.
935 2055 1012 2106 Τὰ
1055 2053 1164 2114 ζῶα
1201 2051 1509 2128 παραδόντα
1552 2061 1663 2116 τοῖς
1703 2053 1850 2125 ἐκγό-

245 2159 355 2201 νοις
401 2141 478 2212 (2)
520 2144 576 2193 τὸ
621 2145 834 2207 τίκτειν,
887 2141 1023 2194 αὐτὰ
1068 2149 1156 2203 τῆς
1203 2147 1430 2205 κυήσεως
1481 2146 1738 2196 παύεται·
1783 2143 1852 2194 τὰ

245 2225 308 2281 δὲ
353 2237 452 2281 τῶν
496 2225 783 2282 δανειστῶν
829 2228 1054 2305 ἀργύρια
1084 2235 1174 2283 καὶ
1213 2233 1278 2283 τὰ
1307 2230 1638 2304 ἐπιγινόμενα
1666 2235 1846 2298 τίκτει,

252 2321 431 2370 καὶτὰ
461 2316 667 2391 ἀρχαῖα
714 2319 904 2378 νεάζει.
939 2324 1040 2371 Καὶ
1088 2321 1261 2394 ὥσπερ
1303 2318 1386 2372 ἐπὶ
1414 2328 1506 2379 τῆς
1542 2319 1761 2394 χολέρας
1800 2320 1849 2370 οἱ

243 2409 304 2458 τό
357 2405 438 2458 ἀεὶ
480 2407 861 2480 προίστάμενον
903 2405 1226 2480 ἐξαιροῦντες
1265 2409 1364 2478 (3),
1406 2411 1496 2460 καὶ
1554 2414 1674 2481 πρὶν
1725 2427 1850 2459 παν-

249 2493 402 2555 τελῶς
457 2495 785 2568 καθαρθῆναι
849 2491 1092 2568 δευτέραν
1148 2500 1333 2568 τροφὴν
1395 2493 1847 2567 ἐπεμϐαλλόμενοι,

243 2583 398 2635 πάλιν
431 2584 614 2656 ἐμοῦσι
643 2587 773 2657 μετὰ
815 2581 1007 2647 ὀδύνης
1037 2590 1126 2638 καὶ
1177 2593 1533 2659 σπαραγμῶν·
1586 2586 1720 2636 οὕτω
1758 2585 1848 2638 καί

245 2673 296 2724 οἱ
354 2670 724 2746 δανειζόμενοι,
775 2677 959 2736 τόκους
1022 2673 1070 2728 ἐν
1127 2677 1290 2726 τόκων
1347 2672 1843 2746 μεταλαμϐάνοντες,

245 2767 336 2814 καὶ
385 2768 507 2836 πρὶν
561 2762 850 2837 ἐκκαθᾶραι
901 2763 968 2814 τὰ
1015 2771 1218 2836 πρῶτα,
1267 2759 1504 2838 δεύτερον
1553 2761 1846 2834 ἐπεισάγον-

247 2869 332 2912 τες
374 2847 650 2924 δάνεισμα,
680 2851 864 2926 μικρὸν
908 2855 1098 2926 χρόνον
1153 2859 1264 2913 τοῖς
1303 2851 1584 2924 ἀλλοτρίοις
1627 2851 1844 2927 ἐναϐρυ-

247 2943 486 3012 νόμενοι,
552 2941 767 3014 ὕστερον
829 2946 918 2992 καὶ
987 2943 1054 2994 τὰ
1110 2941 1276 2994 οἰκεῖα
1335 2937 1625 3014 ὠδύραντο.
1696 2941 1846 2994 Ἀλλὰ

243 3027 461 3096 πολλοὶ,
533 3033 704 3102 φησι,
781 3034 870 3082 καὶ
945 3029 1000 3083 ἐκ
1069 3025 1416 3102 δανείσματος
1485 3029 1838 3087 ἐπλούτησαν.

249 3117 478 3184 Πλείους,
521 3116 600 3186 δὲ,
651 3117 798 3191 οἶμαι
841 3124 931 3172 καὶ
979 3118 1194 3192 βρόχων
1245 3119 1464 3190 ἥψαντο.
1517 3123 1582 3171 Σὺ
1633 3115 1690 3172 δὲ
1730 3123 1849 3180 τοὺς

245 3207 642 3280 ἀπαγξαμένους
672 3207 764 3260 οὐκ
808 3210 1062 3280 ἀριθμεῖς,
1095 3211 1144 3260 οἱ
1191 3213 1285 3266 τὴν
1329 3207 1412 3259 ἐπὶ
1461 3213 1570 3268 ταῖς
1610 3206 1846 3266 ἀπαντή-

247 3315 393 3349 σεσιν
579 3296 840 3368 αἰσχύνην
899 3303 968 3370 μὴ
1029 3302 1281 3371 φέροντες,
1334 3299 1421 3348 τόν
1481 3293 1556 3348 δι’
1607 3296 1844 3368 ἀγχόνης

255 3387 474 3437 θάνατον
533 3393 623 3438 τοῦ
681 3384 1048 3448 ἑπονείδίστως
1106 3387 1201 3458 ζῇν
1269 3391 1643 3458 προετίμησαν.
1697 3382 1850 3438 Εἶδον

251 3473 352 3544 ἐγὼ
409 3473 615 3526 ἐλεεινόν
662 3475 846 3548 θέαμα,
895 3472 1094 3537 παῖδας
1147 3474 1438 3548 ἐλευθέρους
1497 3476 1622 3547 ὑπὲρ
1679 3481 1852 3546 χρεῶν

253 3571 512 3636 πατρικῶν
573 3562 874 3635 ἑλκομένους
934 3564 1004 3626 εἰς
1059 3567 1116 3616 τό
1169 3569 1474 3638 πρατήριον.
1533 3563 1643 3614 Οὔκ
1711 3567 1852 3634 ἔχεις

249 3651 548 3703 καταλιπεῖν
600 3657 854 3726 χρήματα
903 3660 1007 3712 τοῖς
1057 3657 1252 3718 παισί;
1301 3657 1370 3724 μὴ
1418 3652 1714 3724 προσαφέλῃ
1761 3657 1850 3704 καὶ

251 3744 350 3796 τήν
383 3739 658 3810 εὐγένειαν.
687 3741 772 3794 Ἐν
803 3749 954 3793 τοῦτο
995 3738 1323 3814 διατήρησον
1361 3741 1534 3801 αὐτοῖς
1567 3745 1624 3792 τό
1673 3749 1850 3812 κτῆμα

257 3835 352 3890 τῆς
412 3828 714 3902 ἐλευθερίας,
770 3835 862 3888 τὴν
919 3832 1398 3902 παρακαταθήκην,
1446 3829 1507 3887 ἣν
1559 3832 1702 3897 παρὰ
1749 3839 1847 3882 τῶν

243 3921 432 3987 γονέων
485 3917 790 3991 παρέλαϐες.
859 3915 1050 3980 Οὐδεὶς
1114 3925 1286 3971 πενίαν
1351 3922 1544 3993 πατρὸς
1602 3917 1842 3976 ἐνεκλήθη

243 4011 370 4058 ποτέ
394 4027 406 4038 ·
441 4007 648 4078 ὄφλημα
689 4004 748 4060 δὲ
785 4016 1026 4080 πατρῷον
1071 4009 1142 4070 εἰς
1187 4005 1550 4081 δεσμωτήριον
1589 4009 1724 4078 ἄγει.
1757 4011 1842 4065 Μή

241 4095 534 4167 καταλίπῃς
596 4105 950 4170 γραμματεῖον
1015 4099 1190 4170 ὥσπερ
1261 4096 1388 4170 ἀρὰν
1453 4101 1712 4169 πατρικήν
1775 4095 1846 4158 εἰς

243 4181 451 4246 παῖδας
479 4185 900 4238 καταϐαίνουσαν
928 4191 1016 4238 καὶ
1047 4185 1305 4257 ἐκγόνους.

313 4280 367 4329 7.
413 4275 638 4338 Πλοῦτος
685 4278 810 4348 γὰρ,
850 4280 1029 4348 φησὶν,
1070 4275 1152 4327 ἐέιν
1201 4275 1313 4349 ῥέῃ,
1365 4279 1436 4348 μὴ
1490 4275 1842 4350 προστίθεσθε

243 4361 492 4436 καρδίαν.
553 4367 839 4436 Θαύμασον
901 4370 994 4422 τὴν
1057 4369 1248 4436 φωνήν.
1313 4363 1576 4433 Πλοῦτος,
1643 4370 1920 4450 φησὶν,θ

251 4453 340 4506 ἐὰν
387 4455 506 4528 ῥέῃ.
565 4453 778 4512 Ῥενστή
837 4455 866 4511 ἡ
927 4457 1082 4526 φύσις
1127 4459 1220 4504 τοῦ
1267 4451 1510 4521 πλούτου,
1555 4453 1845 4526 χειμάρρου

243 4543 488 4616 ὀξύτερον
552 4547 673 4604 τοὺς
758 4545 972 4614 ἔχοντας
1031 4545 1389 4616 παρατρέχει·
1457 4540 1634 4593 ἄλλοτε
1697 4541 1846 4592 ἄλλον

239 4640 438 4706 πέφυκε
518 4633 954 4706 παραμείϐεσθαι.

239 4721 448 4794 ὑψηλοῦ
499 4727 792 4798 φερόμενος,
851 4721 1042 4794 ἐγγίζει
1095 4725 1184 4794 μὲν
1241 4727 1344 4780 τοῖς
1409 4729 1712 4794 παρεστῶσι
1775 4728 1836 4790 τῇ

1037 4638 1138 4686 Καὶ
1211 4634 1386 4704 ὥσπερ
1463 4635 1696 4703 ποταμός
1760 4631 1846 4702 ἀφ’

237 4814 409 4884 ὄχθῃ,
445 4813 576 4884 ὁμοῦ
624 4809 682 4864 δι
735 4811 907 4882 ἥψατο
951 4817 1038 4864 καὶ
1083 4811 1232 4872 εὖοὺς
1265 4811 1608 4884 ὑπεχώρησεν
1639 4824 1652 4837 ·
1708 4809 1844 4862 οὕτω

237 4909 330 4954 καὶ
385 4903 416 4958 ἡ
477 4909 570 4954 τοῦ
622 4899 846 4954 πλούτου
899 4899 1109 4954 εὐκολία
1156 4899 1410 4961 ὀξυτάτην
1457 4901 1569 4970 ἔχει
1615 4903 1704 4950 καὶ
1743 4897 1842 4950 ὀλι-

237 4993 450 5064 σθηρὰν
507 4995 600 5048 τὴν
647 4995 964 5064 παρουσίαν,
1021 4995 1108 5042 καὶ
1173 4987 1357 5050 ἄλλους
1414 4987 1466 5050 ἐξ
1517 4985 1678 5039 ἄλλων
1747 5005 1842 5038 πα-

309 5169 359 5204 ⁵⁶
399 5168 552 5226 Psal.
579 5184 687 5240 LXI,
729 5169 744 5222 1
767 5170 811 5225 ι.

303 5349 386 5420 (1)
415 5349 512 5420 Διά
562 5345 1046 5420 τήνῄπολυγονίαν.
1109 5345 1202 5403 Sic
1253 5359 1405 5402 mss.
1455 5347 1512 5402 et
1531 5345 1844 5402 contextus

231 5413 458 5478 Basilii.
501 5417 650 5474 Editi
675 5413 768 5470 δια
793 5413 906 5470 τινα
933 5417 1264 5489 πολυγονίαν.

309 5493 384 5560 (2)
419 5497 536 5551 Τοῖς
589 5491 836 5561 ἐκγόνοις.
900 5489 992 5544 Sic
1021 5485 1302 5544 codicum
1352 5485 1500 5544 alter
1551 5489 1609 5542 et
1647 5485 1842 5544 Basilii

231 5568 570 5634 contextus.
599 5560 748 5617 Editi
775 5560 1017 5634 ἐγγόνοις.

308 5637 388 5700 (3)
419 5629 1055 5704 Ἐξαιροῦντες.⁷Εοεὶῐυτ
1085 5629 1145 5688 in
1175 5631 1458 5688 contextu
1485 5629 1764 5702 ἐξερῶντες.

1887 2721 1926 2776 C

1966 544 2281 613 praesentis
2302 543 2531 598 mensis
2561 545 2827 614 qurestus
2857 543 2968 596 ate
2990 543 3357 614 exposcitur.
3389 547 3454 600 Et
3481 545 3614 602 haec

1963 634 2221 706 pecunia
2242 650 2450 690 rursus
2469 633 2672 690 fenore
2685 635 2955 704 accepta,
2977 632 3206 688 malum
3218 633 3474 691 alterum
3487 635 3610 704 alit,

1963 725 2020 777 et
2045 721 2184 777 illud
2213 723 2486 789 alterum,
2518 727 2698 794 atque
2722 722 2804 776 sic
2829 719 3060 776 malum
3087 721 3148 776 in
3173 722 3496 782 inﬁnitum.
3523 727 3614 781 Et-

1963 811 2144 878 enim,
2173 811 2407 882 opinor,
2467 817 2634 878 τοκός,
2668 809 2730 865 id
2767 813 2871 876 est,
2899 815 3136 878 partus,
3174 811 3251 867 ob
3305 813 3613 882 ingentem

1959 901 2104 958 mali
2120 901 2545 958 fecunditatem
2563 901 2938 956 nominatur.
2967 899 3133 954 Unde
3147 901 3306 956 enim
3328 901 3614 960 aliunde?

1957 994 2074 1048 Aut
2103 991 2250 1048 forte
2277 994 2448 1058 τοκός,
2480 990 2596 1046 hoc
2622 993 2730 1054 est,
2747 993 2980 1060 partus,
3011 988 3228 1044 dicitur
3249 990 3329 1046 ob
3375 991 3614 1048 dolores

1959 1096 2030 1138 ac
2059 1079 2384 1150 molestias,
2420 1095 2572 1151 quas
2604 1078 2824 1134 animis
2857 1093 3066 1132 eorum
3093 1078 3198 1148 qui
3215 1078 3418 1135 fenore
3447 1095 3616 1136 acce-

1957 1171 2194 1240 perunt,
2219 1167 2368 1224 solet
2380 1181 2603 1224 creare.
2635 1168 2704 1222 Ut
2719 1165 2878 1220 enim
2899 1164 3288 1236 puerperium
3307 1166 3616 1238 pariturae,

1959 1255 2043 1311 ita
2072 1256 2199 1311 dies
2233 1256 2456 1312 indicta
2485 1254 2734 1310 debitori
2758 1253 2965 1310 instat.
3002 1253 3199 1308 Fcnus
3221 1253 3411 1310 fenori
3452 1255 3616 1312 addi-

1958 1349 2110 1414 tum,
2141 1349 2463 1416 parentum
2494 1343 2797 1399 malorum
2827 1341 2990 1398 mala
3019 1347 3108 1398 est
3137 1342 3396 1400 soboles.
3436 1343 3618 1403 Aiunt

1955 1433 2218 1505 viperas,
2237 1433 2384 1490 dum
2399 1433 2749 1502 gignuntur,
2763 1434 3034 1487 ventrem
3047 1431 3255 1486 matris
3267 1433 3613 1490 corrodere:

1953 1523 2129 1578 fenus
2150 1538 2414 1594 quoque,
2432 1521 2617 1578 erosis
2643 1537 2714 1576 ac
2731 1520 3108 1591 consumptis
3126 1519 3468 1576 debitorum
3481 1522 3616 1578 aedi-

1953 1611 2088 1683 bus,
2117 1610 2402 1667 nascitur.
2435 1610 2677 1668 Semina
2699 1608 2986 1681 temporis
3019 1623 3346 1679 progressu
3395 1610 3614 1678 germi-

1953 1706 2129 1756 nant:
2149 1717 2334 1757 usura
2363 1715 2504 1755 vero
2529 1697 2705 1755 hodie
2737 1701 3075 1768 generatur,
3109 1701 3165 1753 et
3187 1696 3368 1754 hodie
3401 1713 3613 1770 parere

1952 1791 2178 1864 incipit.
2209 1789 2514 1862 Quidquid
2545 1787 2774 1854 crescit,
2805 1785 2909 1842 ubi
2933 1787 3012 1842 ad
3042 1788 3352 1860 propriam
3381 1789 3614 1858 magni-

1953 1881 2224 1938 tudinem
2245 1879 2598 1954 pervenerit,
2617 1877 2837 1934 desinit
2865 1877 3073 1948 augeri
3098 1895 3111 1946 ;
3133 1892 3459 1934 avarorum
3471 1894 3613 1935 vero

1955 1966 3029 2040 argentumomnitemporeaugescit.
3055 1965 3355 2023 Animalia
3368 1967 3472 2024 ubi
3487 1983 3612 2024 suae

1957 2059 2153 2116 soboli
2203 2060 2326 2115 vim
2365 2059 2816 2131 impertiverunt
2854 2056 3156 2128 pariendi,
3218 2056 3615 2130 supersedent

1955 2149 2363 2222 praegnatione
2383 2165 2396 2203 :
2421 2152 2481 2203 at
2499 2147 2903 2202 feneratorum
2916 2145 3188 2216 pecuniae
3207 2146 3616 2202 etadnaseen-

1955 2243 2044 2295 tes
2075 2237 2338 2310 pariunt,
2387 2241 2445 2292 et
2468 2239 2696 2292 veteres
2741 2237 3136 2290 renovantur.
3161 2236 3239 2306 (.5)
3277 2238 3344 2290 Et
3393 2235 3545 2290 sicut
3572 2233 3614 2290 ii

1955 2326 2060 2400 qui
2078 2325 2318 2382 cholera
2333 2325 2630 2390 laborant,
2643 2323 2706 2379 id
2719 2337 2958 2394 semper
2970 2322 3136 2394 quod
3153 2327 3290 2380 ante
3307 2327 3616 2395 sumptum

1956 2417 2064 2484 est,
2081 2415 2344 2486 ejiciunt,
2359 2418 2414 2470 et
2431 2413 2479 2468 si
2499 2416 2635 2468 ante
2656 2412 2953 2480 integram
2971 2412 3394 2482 purgationem
3413 2411 3616 2468 cibum

1956 2505 2208 2562 alterum
2240 2504 2504 2575 capiunt,
2531 2502 2694 2558 hunc
2720 2517 2930 2556 rursus
2964 2517 3104 2556 cum
3139 2501 3366 2566 dolore,
3389 2505 3447 2557 et
3475 2517 3614 2558 cum

1953 2609 2278 2650 nervorum
2293 2590 2681 2648 convulsione
2711 2593 3000 2644 evomunt
3023 2607 3036 2644 :
3067 2591 3152 2645 sic
3173 2592 3280 2662 qui
3299 2589 3502 2646 fenore
3522 2605 3620 2646 ac-

1955 2681 2202 2755 cipiunt,
2233 2680 2436 2736 usuris
2464 2693 2790 2734 usurarum
2825 2692 2955 2732 sese
2990 2682 3339 2744 onerantes,
3367 2681 3426 2734 et
3450 2683 3618 2734 antc-

1952 2786 2136 2844 quam
2163 2769 2392 2842 priores
2405 2783 2598 2823 usuree
2617 2769 2968 2838 purgentur,
2988 2765 3236 2821 alteram
3253 2765 3600 2837 adjicientes

1952 2874 2282 2933 parumper
2311 2857 2372 2914 in
2403 2855 2614 2912 alienis
2636 2853 2890 2925 gloriati,
2915 2859 3042 2909 tum
3062 2855 3310 2909 demum
3332 2854 3416 2910 rei
3436 2855 3616 2911 etiam

1955 2947 2266 3008 familiaris
2314 2947 2614 3018 jacturam
2671 2943 2898 3012 lugent.
2951 2942 3150 3014 Atqui,
3179 2941 3404 3014 inquis,
3445 2943 3618 3000 multi

1955 3039 2136 3096 etiam
2161 3037 2364 3094 fenore
2394 3033 2534 3090 facti
2561 3037 2702 3089 sunt
2729 3032 2963 3087 divites.
2991 3033 3062 3086 At
3093 3046 3235 3086 vero
3265 3029 3488 3102 plures,
3525 3047 3614 3088 ar-

1957 3127 2162 3197 bitror,
2193 3125 2272 3182 ad
2299 3125 2550 3196 laqueos
2577 3123 3002 3194 pervenerunt.
3041 3121 3124 3175 Tu
3148 3133 3288 3175 vero
3337 3123 3612 3190 strangu-

1957 3215 2109 3272 latos
2127 3230 2251 3270 non
2272 3226 2582 3278 numeras,
2605 3210 2710 3283 qui
2721 3209 3208 3265 vadimoniorum
3226 3207 3489 3264 dedecus
3507 3210 3613 3265 mi-

1957 3304 2120 3359 nime
2151 3302 2428 3366 ferentes,
2459 3299 2570 3356 sibi
2601 3303 2852 3355 mortem
2869 3297 3456 3370 malueruntlaqueo
3475 3313 3614 3354 con-

1959 3393 2230 3458 sciscere,
2265 3407 2454 3464 quam
2487 3387 2777 3463 probrose
2825 3389 3038 3444 vivere.
3077 3387 3200 3442 Vidi
3232 3403 3342 3458 ego
3373 3387 3615 3444 misera-

1956 3482 2076 3538 bile
2128 3480 2560 3554 spectaculum,
2633 3479 2928 3548 ingenuos
2973 3492 3216 3549 pueros,
3285 3476 3364 3534 ob
3420 3478 3610 3549 patris

1957 3570 2180 3636 debita,
2203 3569 2442 3625 venales
2462 3567 2522 3623 in
2541 3567 2739 3624 torum
2752 3566 3036 3639 pertrahi.
3061 3568 3190 3621 Non
3218 3565 3408 3622 habes
3433 3581 3610 3637 pecu-

1957 3660 2122 3715 niam
2165 3675 2350 3730 quam
2379 3657 2687 3729 relinquas
2733 3655 2870 3711 ﬁliis
2895 3655 2924 3710 ‘t
2965 3657 3120 3712 Cave
3177 3655 3610 3724 ingenuitatem

1955 3747 2040 3803 eis
2069 3747 2334 3803 auferas.
2379 3748 2568 3800 Unam
2605 3745 2762 3799 hanc
2815 3743 2959 3814 ipsis
2988 3758 3278 3798 conserva
3321 3741 3611 3797 libertatis

1954 3834 2418 3908 possessionem,
2445 3831 2786 3904 depositum
2816 3831 2982 3896 illud,
3007 3830 3172 3901 quod
3195 3847 3230 3886 ει
3259 3829 3611 3902 parentibus

1953 3923 2257 3996 accepisti.
2289 3921 2520 3979 Nemini
2567 3936 2836 3992 unquam
2881 3919 3068 3991 patris
3093 3923 3419 3992 paupertas
3467 3919 3610 3974 data

1951 4017 2041 4068 est
2061 4011 2294 4068 crimini
2318 4029 2330 4066 :
2362 4016 2422 4066 at
2441 4015 2758 4082 paternum
2790 4007 3060 4064 debitum
3082 4009 3144 4063 in
3162 4023 3464 4063 carcerem
3487 4007 3603 4062 du-

1951 4103 2051 4158 cit.
2081 4105 2161 4158 Ne
2181 4099 2490 4172 relinquas
2515 4097 2930 4170 syngrapham
2961 4113 3070 4154 ceu
3100 4103 3421 4169 paternam
3435 4112 3604 4154 exse-

1951 4189 2280 4247 crationem
2309 4189 2368 4244 in
2407 4188 2562 4244 ﬁlios
2590 4202 2662 4244 ac
2699 4191 2952 4258 nepotes
2987 4185 3486 4242 descendentem.

2019 4285 2073 4334 7.
2115 4279 2194 4350 (6)
2224 4277 2464 4334 Divitiae
2489 4277 2668 4340 enim,
2686 4275 2898 4348 inquit.
2930 4276 3283 4345 siaf/luant,
3305 4277 3490 4331 nolite
3510 4289 3610 4331 cor

1951 4383 2254 4439 apponere
2270 4369 2339 4423 5“.
2373 4366 2416 4420 Η
2425 4381 2540 4421 anc
2555 4379 2768 4420 vocem
2783 4364 3103 4420 admirare.
3121 4363 3378 4432 Divitiw,
3395 4363 3609 4432 inquit,

1951 4459 2004 4513 si
2029 4459 2319 4528 afﬂuant.
2361 4453 2540 4512 Fluxa
2569 4458 2658 4510 est
2687 4451 3032 4508 divitiarum
3061 4455 3299 4516 natura,
3349 4452 3610 4504 torrente

1954 4545 2126 4602 citius
2157 4543 2591 4618 praeterlabitur
2611 4555 3018 4614 possessores,
3045 4538 3216 4610 497
3255 4535 3404 4594 alios
3441 4535 3610 4592 aliter

1955 4635 2369 4691 solet'mutare.
2393 4633 2435 4698 Ο
2447 4629 2920 4688 uemadmodum
2935 4628 3017 4684 ﬂu
3027 4627 3154 4682 vius
3174 4623 3382 4682 abalto
3395 4624 3610 4682 labens

1952 4723 2023 4780 iis
2052 4721 2298 4795 quidem
2329 4720 2434 4792 qui
2463 4719 2542 4776 ad
2563 4719 2760 4790 ripam
2788 4719 2986 4773 astant
3006 4713 3474 4787 appropinquat,
3502 4712 3608 4770 sed

1955 4810 2136 4866 simul
2163 4813 2224 4866 ut
2253 4807 2523 4876 contigit,
2543 4807 2742 4862 statim
2774 4805 3031 4860 secedit:
3065 4805 3148 4860 ita
3167 4803 3346 4860 etiam
3371 4802 3608 4860 divitia-

1953 4914 2088 4955 rum
2111 4895 2472 4952 iustabilitas
2509 4893 2956 4950 velocissimam
2995 4891 3412 4961 lubricamque
3456 4906 3608 4962 prte-

1953 4985 2208 5044 sentiam
2253 4982 2457 5052 habet,
2491 4983 2642 5040 alios
2686 4997 2756 5038 ex
2804 4981 2936 5038 aliis
2992 4985 3336 5056 permutare
3373 4979 3608 5036 solitam

2027 5343 2104 5414 (4)
2137 5341 2540 5414 ’Λπαντήσεσιν.
2595 5339 2791 5414 Longe
2855 5333 3246 5414 printerenda
3282 5333 3412 5390 haec
3465 5335 3604 5390 scri-

1953 5405 2130 5486 ptura
2173 5412 2226 5466 ei
2254 5428 2386 5486 quae
2413 5411 2625 5481 legitur
2653 5405 3020 5466 in'contextu
3059 5405 3426 5472 ἀπαιτήσεσιν,
3455 5419 3604 5463 exa-

1955 5483 2212 5541 ctio-num
2234 5483 2504 5540 dedecus.

2021 5559 2092 5626 (5)
2121 5557 2204 5609 Ex
2223 5554 2388 5626 bom.
2417 5555 2480 5626 in
2503 5553 2666 5626 psal.
2697 5567 2818 5617 xxv,
2847 5549 2969 5626 ltg.

2021 5623 2096 5696 (6)
2125 5627 2204 5682 Ex
2233 5625 2400 5682 hom.
2433 5625 2495 5679 in
2518 5623 2678 5694 psat.
2701 5637 2814 5688 Lm,
2853 5623 2968 5678 198.
