4056 6222
460 348 596 408 H79

1448 307 1816 404 APPENDIX.
1849 375 1917 385 —
1948 339 2288 398 SYMEONIS
2323 337 2857 400 ME'l‘APHRASTE

3679 350 3818 403 {180

455 473 642 532 Hodie
669 472 852 545 hujus
873 473 964 527 est
989 486 1150 543 ager,
1199 486 1331 527 cras
1362 470 1621 540 alterius,
1666 474 1723 528 et
1767 467 1948 544 paulo
1976 468 2112 539 post

2240 464 2561 536 ›αμείϐεσθαι
2629 475 2934 540 πεφυκυῖαν,
3012 476 3235 541 Σήμερον
3299 467 3455 522 τοῦδε
3519 472 3544 521 6
3617 473 3814 542 ἀγρὸς,

458 561 634 620 alius.
657 560 903 633 Respice
927 558 1006 616 ad
1027 560 1279 616 civitatis
1293 560 1507 617 domos
1529 566 1705 633 ;quot
1712 560 1842 631 jam
1861 555 2112 613 nomina

459 661 531 708 ex
560 667 682 723 quo
705 653 1018 707 exstructas
1037 653 1194 714 sunt,
1209 652 1526 722 accepere,
1551 650 1719 704 aliter
1734 649 1812 704 ab
1834 645 1952 702 alio
1973 660 2112 717 pos-

459 754 691 796 sessore
711 737 1044 812 appellatae.
1080 738 1414 804 Quinetiam
1433 733 1649 794 aurum
1667 751 1903 809 semper
1931 750 1963 790 e
1989 747 2115 788 ma-

457 828 641 885 nibus
671 828 802 900 ejus
831 843 1012 901 quem
1038 843 1222 901 penes
1262 831 1367 899 est,
1411 827 1679 897 elabens,
1739 824 1818 882 ad
1860 823 2114 880 alterum

419 935 422 938 '
458 916 692 987 transit,
724 921 780 974 et
811 915 889 972 ab
915 915 1014 972 illo
1036 915 1114 972 ad
1144 915 1355 972 alium.
1389 915 1898 989 Comprehensam
1927 925 2116 968 manu

459 1023 688 1080 aquam
709 1007 938 1064 facilius
967 1007 1166 1080 possis
1191 1007 1512 1076 continere,
1531 1023 1719 1080 quam
1744 1003 1981 1061 divitias
2010 1001 2117 1058 tibi

463 1100 805 1154 constanter
833 1111 1090 1152 servare.
1125 1097 1206 1152 Ne
1233 1096 1414 1166 igitur
1429 1095 1701 1152 invideas
1717 1111 1748 1151 e
1764 1093 1940 1151 valde
1959 1091 2120 1148 locu-

461 1184 725 1257 pletibus
754 1185 1041 1258 cuipiam,
1078 1200 1274 1257 neque
1315 1185 1445 1256 ejus
1485 1185 1672 1240 vitam
1715 1183 1960 1239 beatam
1992 1194 2120 1237 esse

462 1273 737 1330 duxeris:
765 1278 821 1330 et
849 1274 896 1328 si
936 1273 1205 1346 undique
1227 1289 1298 1330 ac
1329 1290 1402 1329 ex
1427 1273 1597 1328 uberi
1635 1271 1893 1328 fontium
1925 1273 2120 1326 scatu-

459 1361 653 1432 rigine
701 1360 1125 1417 circumﬂuant
1173 1362 1470 1434 pecuniae,
1506 1377 1578 1416 ne
1615 1360 1776 1415 hanc
1806 1375 2006 1415 rerum
2029 1374 2122 1413 co-

463 1451 632 1523 piam
672 1449 1051 1522 amplexeris.
1099 1454 1180 1521 (1)
1232 1453 1360 1506 Non
1409 1466 1647 1524 semper
1687 1447 2009 1506 laudabilis
2033 1451 2124 1504 est

463 1543 812 1614 paupertas,
831 1536 936 1594 sed
948 1556 1078 1612 quae
1092 1539 1425 1596 secundum
1448 1540 1868 1611 evangelicum
1883 1537 2125 1595 concili-

465 1642 660 1683 umex
682 1625 871 1684 libera
900 1626 1212 1684 voluntate
1240 1627 1742 1701 perficitur.Mu1ti
1772 1627 1956 1696 enim,
1987 1641 2126 1681 cum

463 1731 765 1790 pauperes
799 1715 935 1785 sint,
965 1716 1015 1772 si
1043 1715 1356 1773 facultates
1377 1721 1630 1790 spectes,
1654 1716 1965 1790 proposito
1989 1730 2129 1770 ava-

2219 555 2308 604 καὶ
2352 557 2531 628 αὔριον
2579 556 2753 624 ἄλλον,
2803 565 2891 610 καὶ
2937 559 3048 630 μετ’
3104 559 3268 629 ὀλίγον
3322 559 3503 614 α’λλου.
3564 559 3816 613 Ἀπόϐλε-

2221 641 2318 712 ψον
2360 647 2484 715 πρὸς
2532 648 2624 707 τὰς
2670 645 2717 699 ἐν
2762 655 2824 719 τῇ
2873 648 3012 700 πόλει
3063 648 3246 711 οἰκίας,
3279 654 3421 701 πόσα
3467 646 3573 707 ἤδη
3626 648 3711 721 ἀφ’
3755 649 3815 701 οὗ

2221 736 2494 802 γεγόνασιν
2551 733 2779 808 ὀνόματα
2833 737 3217 810 μετειλήφασιν,
3278 737 3455 790 ἄλλοτε
3512 737 3599 790 ἀπ’
3657 739 3814 790 ἄλλον

2222 827 2320 872 τῶν
2375 827 2696 896 κεκτημένων
2752 824 3146 899 ὀνομαζόμεναι.
3195 831 3293 879 Καὶ
3343 830 3542 900 χρυσὸς
3595 826 3673 879 ἀεὶ
3723 830 3818 889 τὰς

2224 915 2316 960 τοῦ
2372 913 2585 982 ἔχοντος
2630 920 2815 987 χεῖρας
2870 911 3143 990 διαρρέων,
3193 916 3265 987 ἐφ’
3319 917 3487 989 ἕτερον
3532 911 3815 983 διαϐαίνει,

2225 1002 2314 1051 καὶ
2363 997 2454 1052 ἀπ’
2499 999 2691 1054 ἐκείνου
2739 1005 2867 1076 πρὸς
2917 1004 3086 1060 ἄλλον.
3137 1004 3339 1058 Μᾶλλον
3398 1001 3623 1058 δύνασαι
3674 1001 3821 1077 ὕδωρ

2227 1097 2290 1162 τῇ
2340 1095 2486 1162 χειρὶ
2541 1089 2826 1164 περιλαϐὼν
2887 1101 3196 1166 κατασχεῖν,
3239 1093 3268 1152 ἣ
3318 1093 3539 1146 πλοῦτον
3597 1090 3827 1167 διαρκὼς

2233 1187 2432 1249 σεαυτῷ
2485 1189 2831 1254 συντηρῆσαι.
2879 1186 2964 1241 Μὴ
3012 1187 3182 1235 τοίνυν
3234 1183 3476 1255 ζηλώσῃς
3515 1191 3614 1235 τῶν
3661 1184 3826 1256 ὑπερ-

2229 1267 2587 1321 πλουτούντων
2634 1271 2770 1337 τινὰ,
2801 1269 2941 1343 μηδὲ
2974 1277 3278 1347 μακαρίσῃς
3317 1272 3477 1323 αὐτοῦ
3515 1276 3609 1328 τὴν
3643 1271 3785 1332 ζωὴν
3813 1291 3826 1302 ·

2232 1356 2326 1409 κᾶν
2366 1356 2688 1429 πολλαχόθεν
2748 1377 2832 1411 σοι
2888 1365 2976 1412 καὶ
3028 1359 3080 1422 ἐξ
3133 1359 3362 1432 ἀφθόνων
3411 1368 3588 1431 πηγῶν
3643 1359 3830 1432 περιρ-

2231 1449 2320 1520 ῥέῃ
2367 1450 2433 1499 τά
2461 1454 2737 1522 χρήματα,
2775 1453 2847 1521 μὴ
2880 1445 3144 1524 προσδέξῃ
3175 1450 3339 1502 αὐτῶν
3379 1455 3471 1507 τὴν
3501 1453 3830 1522 περιουσίαν.

2235 1535 2346 1588 Οὐκ
2395 1535 2472 1588 ἀεὶ
2522 1533 2580 1588 δὲ
2626 1535 2863 1596 ἐπαινετὴ
2917 1541 2947 1596 ἡ
3000 1544 3260 1611 πτωχεία,
3302 1537 3409 1589 ἀλλ’
3459 1539 3488 1595 ἡ
3541 1536 3596 1588 ἐκ
3647 1555 3831 1610 προαι-

2233 1630 2419 1698 ρέσεως
2472 1626 2606 1678 κατά
2652 1629 2739 1678 τὸν
2791 1627 3120 1700 εὐαγγελικὸν
3172 1631 3364 1680 σκοπὸν
3419 1627 3828 1701 κανορθουμένη.

2238 1713 2424 1766 Πολλοὶ
2461 1716 2561 1789 γὰρ
2609 1720 2818 1787 πτωχοὶ
2869 1720 2960 1789 μὲν
3008 1726 3070 1789 τῇ
3125 1722 3418 1790 περιουσίᾳ,
3463 1714 3833 1767 πλεονεκτικώ-

464 1803 686 1861 rissimi
712 1810 876 1862 sunt:
910 1821 1066 1878 quos
1098 1822 1222 1862 non
1245 1805 1434 1862 salvat
1463 1806 1816 1877 indigentia,
1845 1803 1952 1861 sed
1987 1818 2127 1876 pro-

2240 1822 2381 1855 τατοι
2409 1799 2468 1856 δε
2496 1812 2555 1876 τῇ
2584 1809 2883 1878 προαιρέσει
2911 1810 3269 1878 τυγχάνουσιν
3294 1827 3307 1839 ·
3341 1806 3428 1868 οὓς
3458 1804 3562 1875 οὐχ
3592 1805 3619 1862 ἡ
3655 1799 3834 1855 ἔνδεια

465 1893 732 1966 positum
778 1893 1160 1951 condemnat.
1211 1895 1288 1966 (2)
1318 1894 1542 1951 Divitiae
1571 1899 1776 1952 autem
1820 1898 1876 1950 et
1915 1891 2125 1963 gloria.

467 1985 768 2055 quatenus
796 1981 992 2040 bonos
1006 1999 1128 2040 non
1145 1982 1404 2040 reddunt
1424 1999 1822 2060 possessores,
1854 1997 1979 2038 non
1992 1983 2131 2036 sunt

469 2081 543 2126 ex
563 2086 774 2127 eorum
803 2086 1081 2140 numero,
1113 2083 1246 2144 Quae
1277 2077 1496 2128 natura
1529 2075 1670 2128 sunt
1693 2071 1887 2127 bona:
1921 2072 2130 2141 quate-

469 2173 586 2218 nus
614 2175 756 2216 vero
802 2160 1264 2233 prosperitatem
1313 2159 1644 2232 quamdam
1665 2160 1728 2216 in
1778 2157 1897 2215 vita
1925 2161 2131 2214 nostra

471 2247 760 2317 efﬁciunt,
784 2249 978 2321 magis
1000 2249 1314 2306 contrariis
1334 2248 1615 2320 eligenda
1627 2250 2131 2320 suntpauperlate

470 2342 528 2394 et
545 2337 897 2409 ignominia.
920 2342 1113 2412 Atque
1125 2339 1254 2395 haec
1283 2339 1530 2411 quidem
1555 2337 1860 2394 nonnullis
1884 2336 1963 2393 ad
2008 2334 2130 2390 dis-

473 2425 861 2483 tribuendum
898 2426 1119 2484 dantur
1149 2444 1186 2484 a
1217 2430 1334 2484 Deo
1365 2427 1526 2484 velut
1563 2426 1890 2493 Abraham,
1921 2422 2132 2490 Jacob,

473 2518 531 2571 et
560 2515 881 2572 similibus.
910 2517 1206 2590 [mprobis
1238 2533 1378 2574 vero
1405 2516 1753 2589 provocatio
1782 2519 1942 2582 sunt,
1975 2517 2040 2569 ut
2069 2521 2131 2567 se

472 2603 552 2661 ad
575 2604 884 2661 meliorem
906 2604 1142 2677 frugem
1173 2607 1484 2679 recipiant,
1502 2605 1583 2661 ita
1604 2609 1669 2660 ut
1696 2604 1800 2676 qui
1831 2605 1968 2676 post
1993 2604 2130 2657 tan-

474 2696 596 2748 tam
645 2708 682 2749 a
711 2696 831 2750 Deo
851 2693 1236 2766 benignitatis
1264 2691 1759 2764 signiﬁcationem
1786 2685 2130 2766 perseverat

472 2777 530 2836 in
563 2781 895 2854 iniquitate,
930 2800 993 2839 se
1049 2784 1177 2856 ipse
1209 2783 1336 2839 sine
1361 2781 1484 2839 ulla
1520 2780 1924 2838 excusationis
1954 2779 2129 2835 venia

471 2870 807 2928 obnoxium
838 2873 1328 2929 condemnationi
1359 2871 1701 2928 constituat.
1737 2869 1847 2936 Qui
1879 2868 2128 2942 quidem

473 2960 672 3029 justus
701 2963 807 3028 est,
827 2973 1023 3034 neque
1057 2961 1133 3017 ad
1149 2960 1404 3025 divitias,
1429 2976 1568 3017 cum
1591 2958 1830 3025 adsunt,
1853 2957 1949 3028 adj
1960 2955 2127 3028 ungit

2241 1896 2418 1961 σώζει,
2447 1891 2554 1945 ἀλλ’
2601 1896 2631 1951 ἡ
2681 1901 2983 1967 προαίρεσις
3029 1902 3347 1971 κατακρίνει.
3379 1894 3598 1948 Πλοῦτοὲ
3634 1890 3695 1944 δὲ
3737 1898 3832 1943 καὶ

2240 1975 2390 2048 δόξα,
2423 1982 2552 2034 καθὸ
2599 1985 2690 2055 μὲν
2741 1981 2799 2034 οὐ
2842 1991 2980 2036 ποιεῖ
3023 1988 3146 2046 τοὺς
3187 1987 3407 2056 ἔχοντας
3459 1981 3709 2054 ἀγαθοὺς,
3735 1979 3827 2032 οὐκ

2240 2071 2352 2122 ἔστι
2393 2079 2488 2122 τῶν
2528 2073 2662 2123 κατά
2709 2074 2863 2144 φύσιν
2917 2072 3161 2144 ἀγαθῶν
3195 2074 3323 2125 καθὸ
3369 2068 3429 2124 δὲ
3467 2073 3669 2146 εὔροιαν
3714 2089 3832 2120 τινα

2237 2163 2528 2231 παρέχεται
2575 2159 2720 2232 ἡμῶν
2751 2169 2823 2230 τῷ
2869 2160 2992 2233 βίῳ,
3021 2163 3327 2236 αἱρετώτερα
3371 2159 3484 2212 ἐστι
3531 2167 3630 2211 τῶν
3681 2157 3832 2209 ἐνανε-

2238 2251 2378 2318 τίων,
2412 2254 2583 2311 πενίας
2625 2253 2715 2302 καὶ
2755 2247 2989 2323 ἀτιμίας.
3015 2258 3194 2304 Ταῦτα
3221 2255 3394 2324 μέντοι
3422 2255 3532 2308 τοίς
3575 2251 3665 2319 μὲν
3695 2245 3835 2297 οἰκο-

2241 2341 2418 2408 νομίας
2446 2339 2606 2390 ἕνεκεν
2638 2334 2853 2391 δίδοται
2891 2343 3035 2412 ποιρά
3062 2346 3152 2392 τοῦ
3184 2344 3336 2405 Θεοῦ,
3367 2339 3434 2398 ως
3463 2343 3536 2406 τῷ
3569 2333 3834 2408 Ἀϐρααμ,

2240 2431 2330 2478 καὶ
2353 2435 2425 2498 τῷ
2454 2425 2657 2495 Ἰακὼϐ,
2689 2435 2778 2481 καὶ
2807 2437 2917 2491 τοῖς
2940 2432 3213 2490 τοιούτοις.
3251 2435 3373 2488 Τοῖς
3403 2423 3461 2478 δὲ
3502 2423 3835 2498 φαυλοτέροις

2237 2515 2528 2588 πρόκλησίς
2566 2514 2678 2569 ἐστι
2723 2525 2815 2569 τοῦ
2847 2517 3193 2590 βελτιωθῆναι
3234 2519 3370 2568 κατά
3397 2519 3484 2568 τὸν
3517 2518 3730 2586 τρόπον,
3761 2515 3832 2572 ὡς

2239 2606 2264 2656 ὅ
2301 2623 2361 2676 γε
2405 2608 2538 2678 μετά
2582 2608 2841 2664 τοσαύτην
2889 2605 2943 2658 ἐκ
2987 2614 3121 2659 Θεοῦ
3170 2602 3412 2668 δεξίωσιν
3464 2603 3712 2674 ἐπιμένων
3760 2608 3826 2672 τῇ

2239 2689 2445 2766 ἀδικίᾳ,
2495 2693 2875 2770 ἀναντιρρήτως
2907 2695 3087 2748 ἑαυτὸν
3117 2690 3369 2748 ὑπόδικον
3407 2701 3467 2765 τῇ
3519 2695 3829 2761 κατακρίσει

2239 2784 2575 2842 καθίστησιν.
2628 2784 2685 2836 Ὀ
2733 2789 2904 2856 μέντοι
2963 2781 3188 2851 δικαιος,
3229 2787 3346 2836 οὔτε
3402 2786 3652 2854 παρόντος
3709 2778 3829 2830 ἐπι-

2237 2875 2509 2945 στρέφεται
2551 2879 2641 2925 τοῦ
2683 2872 2934 2943 πλούτου,
2973 2877 3089 2925 οὔτε
3131 2877 3202 2945 μὴ
3250 2875 3501 2944 παρόντος
3543 2867 3783 2928 ἐπιζητεί
3814 2887 3828 2897 ο

2234 2959 2292 3012 οὔ
2335 2963 2436 3033 γὰρ
2477 2959 2856 3023 ἀπολαυστικὸς
2895 2962 3010 3015 ἐστι
3057 2969 3155 3014 τῶν
3197 2957 3507 3031 δεδομένων,
3535 2956 3641 3009 ἀλλ’
3691 2955 3830 3008 οἰκο-

473 3050 779 3115 animum;
804 3064 1000 3122 neque
1027 3065 1151 3117 eas,
1185 3066 1322 3105 cum
1346 3048 1587 3118 absunt,
1619 3046 1878 3119 exquirit
1906 3065 1919 3114 ;
1945 3044 2121 3117 siqui-

2240 3055 2478 3121 νομικὸς·
2528 3047 2703 3113 οὐδεὶς
2746 3045 2806 3104 δὲ
2850 3059 2947 3103 τῶν
2986 3047 3040 3104 εὖ
3086 3052 3401 3123 φρονούντων
3447 3046 3717 3120 ἐπιτρέχει
3761 3053 3828 3116 τῇ

473 3134 614 3192 dem
644 3151 767 3194 non
799 3137 1012 3194 fruitur
1031 3137 1407 3200 concreditis,
1454 3137 1558 3194 sed
1597 3149 1806 3192 earum
1835 3133 2123 3190 adminis-

475 3225 662 3280 trator
690 3229 795 3281 est.
832 3228 1018 3282 Nemo
1050 3229 1253 3282 autem
1284 3226 1552 3300 prudens
1580 3224 1889 3295 negotium
1939 3207 2128 3278 ambit

476 3313 539 3367 in
568 3311 777 3368 alienis
831 3313 1012 3369 rebus
1064 3313 1512 3381 distribuendis,
1543 3313 1656 3369 nisi
1702 3309 2032 3382 respexerit
2049 3305 2130 3364 ad

473 3399 721 3456 laudem
776 3400 962 3474 vulgi,
994 3403 1091 3458 cui
1134 3403 1414 3459 homines
1441 3403 1501 3458 in
1535 3401 1740 3474 aliqua
1780 3399 2128 3456 auctoritate

477 3487 784 3545 constituti
806 3489 1193 3547 admirationi
1214 3493 1351 3546 sunt
1365 3501 1434 3547 ac
1453 3487 1839 3546 aemulationi.
1858 3487 1936 3557 (3)
1957 3481 2129 3554 Quod

477 3575 527 3631 si
555 3575 619 3631 in
648 3577 1036 3650 despiciendo
1094 3593 1344 3651 corpore
1374 3577 1674 3636 exercitati
1705 3591 1998 3642 essemus,
2028 3574 2129 3631 vix

477 3665 642 3722 aliud
662 3665 999 3741 quidquam
1013 3667 1423 3726 humanarum
1442 3683 1642 3725 rerum
1665 3666 2124 3723 admiraremur.

479 3756 634 3822 Quid
659 3756 819 3813 enim
845 3757 973 3829 jam
998 3758 1195 3826 nobis,
1233 3759 1282 3815 si
1311 3758 1579 3831 corporis
1600 3756 1934 3827 voluptates
1971 3752 2130 3808 fasti-

478 3845 742 3914 diamus,
766 3861 921 3918 opus
954 3847 1027 3903 sit
1051 3847 1294 3918 divitiis,
1323 3846 1599 3920 equidem
1624 3861 1750 3901 non
1768 3843 1941 3901 video
1970 3860 1984 3912 ;
2012 3841 2131 3897 nisi

474 3934 817 4004 jucundum
847 3936 920 3991 sit
950 3940 1008 3992 et
1050 3942 1287 4007 gratum
1316 3935 1610 3993 thesauris
1663 3933 1916 3990 defossis
1961 3945 2130 3988 more

479 4020 898 4078 fabulosorum
928 4023 1263 4080 draconum
1287 4025 1621 4094 invigilare.

551 4111 610 4163 8.
642 4107 716 4175 (4)
746 4107 812 4163 ld
839 4109 1428 4184 itaquepreecipuum
1458 4117 1565 4179 est,
1589 4115 1647 4167 et
1675 4111 1847 4181 cujus
1868 4109 2131 4166 maxime

481 4210 691 4252 curam
713 4210 915 4265 gerere
945 4197 1318 4255 Christianus
1340 4199 1536 4266 debet,
1570 4202 1634 4255 ut
1662 4198 1898 4254 vitiosis
1945 4197 2130 4254 affec-

479 4282 642 4340 tibus
671 4283 778 4356 qui
802 4284 952 4341 varii
1009 4291 1148 4343 sunt
1175 4303 1246 4343 ac
1283 4285 1521 4352 diversi,
1550 4286 1942 4356 animamque
1971 4281 2118 4338 coin~

2236 3135 2468 3210 ἀσχολίᾳ
2521 3146 2616 3202 τῆς
2661 3148 2762 3207 τῶς
2813 3139 3089 3213 ἀλλοτρίων
3141 3135 3411 3210 διανομῆς,
3444 3136 3527 3189 ἐὰν
3579 3140 3651 3208 μὴ
3704 3138 3833 3207 πρὸς

2233 3231 2328 3285 τὴν
2357 3237 2456 3279 τῶν
2507 3228 2703 3281 πολλῶν
2752 3228 3014 3301 ἀποϐλέπῃ
3057 3226 3234 3296 δόξαν,
3267 3228 3315 3281 οἱ
3365 3227 3701 3300 θαυμάζουσι
3740 3229 3832 3275 καὶ

2237 3315 2459 3379 ζηλοῦσι
2486 3322 2607 3381 τοὺς
2655 3317 2704 3370 ἐν
2744 3317 2960 3392 ἐξουσίᾳ
3000 3325 3102 3371 τινὶ
3140 3322 3494 3379 καθεστῶτας.
3528 3315 3588 3368 Εἰ
3628 3311 3688 3366 δὲ
3737 3319 3834 3364 τοῦ

2239 3413 2481 3479 σώματος
2510 3409 2762 3483 ὑπερορᾲν
2801 3408 3195 3480 μελετήσαιμεν,
3231 3407 3399 3479 σχολῇ
3432 3405 3482 3477 γ’
3513 3403 3573 3455 ἀν
3615 3403 3739 3454 ἄλλο
3778 3421 3831 3451 τι

2234 3504 2332 3548 τῶν
2381 3495 2710 3568 ἀνθρωπίνων
2771 3498 3152 3569 θαυμάσαιμεν.
3202 3501 3264 3550 Τί
3313 3498 3412 3569 γὰρ
3466 3496 3547 3546 ὃτι
3603 3497 3832 3566 χρησώ-

2235 3587 2369 3658 μεθα
2399 3585 2478 3655 (5)
2526 3593 2596 3655 τῷ
2643 3583 2868 3656 πλούτῳ,
2916 3587 3004 3644 τὰς
3057 3581 3151 3636 διὰ
3204 3591 3296 3636 τοῦ
3348 3589 3585 3654 σώματος
3631 3577 3832 3638 ἡδονὸις

2235 3672 2594 3745 ἀτιμάζοντες,
2648 3672 2746 3744 ἐγὼ
2792 3671 2883 3744 μὲν
2933 3673 3046 3744 οὐχ·
3085 3673 3226 3744 ὁρᾶν
3270 3671 3400 3730 πλὴν
3449 3671 3494 3723 εἰ
3538 3674 3638 3742 μὴ,
3696 3672 3831 3720 κατά

2235 3764 2358 3823 τοὺς
2403 3762 2452 3813 ἐν
2506 3769 2608 3821 τοίς
2659 3763 2840 3832 μύθοις
2898 3753 3204 3835 δράκοντας,
3262 3757 3455 3818 ἡδονήν
3513 3779 3628 3810 τινα
3691 3764 3831 3829 gas-95¢

2239 3847 2526 3925 θησαυροῖς
2555 3854 3029 3925 κατορωρυγμένας
3061 3849 3420 3922 ἐπαγρυπνεῖν.

2310 4121 2364 4173 8.
2421 4122 2490 4171 Τὸ
2543 4121 2632 4189 μὲν
2685 4116 2772 4169 οὖν
2823 4121 3210 4190 προηγούμενον
3266 4116 3424 4183 ἐστιν,
3482 4116 3541 4168 οὗ
3599 4115 3833 4188 μάλιστα

2237 4212 2494 4280 προσήκει
2541 4211 2628 4258 τὸν
2676 4211 2992 4279 Χριστιανὸν
3034 4206 3389 4278 ἐπιμελεῖσθαι
3419 4205 3520 4277 (6),
3557 4207 3835 4277 γυμνωθῆ-

2237 4314 2320 4346 ναι
2357 4296 2424 4347 τὰ
2465 4296 2599 4346 κατὰ
2625 4298 2717 4352 τὴν
2763 4298 2949 4347 κακίαν
2978 4295 3118 4351 πάθη
3151 4297 3216 4345 τὰ
3253 4293 3465 4346 ποικίλα
3492 4311 3545 4345 τε
3589 4297 3678 4344 καὶ
3719 4289 3838 4344 δια-

479 4372 754 4444 quinant,
771 4372 1128 4432 denudetur.
1161 4375 1379 4432 Deinde
1398 4391 1542 4432 vero
1563 4378 1816 4448 oportet,
1839 4377 1907 4428 ut
1925 4369 2029 4444 qui
2051 4367 2127 4427 ad

2240 4402 2389 4456 φορα,
2437 4380 2509 4435 δι’
2553 4384 2620 4433 ὧν
2667 4382 2939 4456 μολύνεται
2979 4384 3008 4440 ἡ
3045 4382 3223 4455 ψυχὴ.
3265 4387 3378 4455 Χρὴ
3433 4379 3492 4434 δὲ
3533 4401 3669 4433 κατα
3715 4377 3836 4432 δεύ-

482 4460 808 4520 sublimem
841 4463 1174 4522 secundum
1219 4466 1408 4522 Deum
1447 4464 1633 4522 vitam
1662 4461 1925 4535 respicit,
1982 4474 2129 4531 opes

481 4566 626 4606 suas
659 4567 730 4608 ac
758 4551 1073 4610 facultates
1111 4554 1487 4628 derelinquat
1513 4573 1527 4611 :
1556 4554 1702 4627 quia
1729 4567 1929 4608 rerum
1955 4553 2129 4606 terre-

482 4651 702 4696 narum
731 4655 872 4698 cura
884 4657 954 4698 ac
987 4643 1324 4701 sollicitudo
1339 4660 1624 4715 magnam
1649 4644 1710 4700 in
1733 4642 1937 4698 animo
1963 4638 2134 4696 aber-

481 4728 777 4785 rationem
809 4737 1117 4801 generant.
1147 4734 1291 4789 Cum
1321 4733 1500 4803 igitur
1515 4733 1717 4806 plures
1741 4731 1819 4787 ad
1849 4727 2132 4785 eumdem

485 4814 697 4871 salutis
723 4832 976 4890 scopum
995 4819 1224 4887 intenti,
1256 4835 1644 4877 communem
1681 4819 1834 4876 inter
1864 4833 1928 4872 se
1948 4815 2133 4870 vitam

485 4905 749 4977 amplexi
778 4905 1084 4979 fuerint,id
1109 4910 1261 4966 inter
1287 4910 1458 4983 ipsos
1473 4914 1610 4968 ante
1631 4907 1837 4966 omnia
1867 4898 2134 4964 obtineat

484 5005 728 5051 necesse
757 4999 867 5062 est,
896 5001 964 5053 ut
991 5013 1184 5054 unum
1206 4998 1266 5054 in
1296 4999 1581 5056 omnibus
1602 5000 1677 5054 sit
1698 5013 1820 5060 cor,
1845 4999 1902 5054 et
1924 4997 2138 5054 volun-

485 5089 578 5142 tas
610 5100 750 5157 una,
783 5101 1097 5160 unumque
1144 5087 1508 5145 desiderium
1545 5092 1726 5160 atque
1754 5092 1820 5144 ut
1866 5086 2137 5160 praecipit

555 5282 636 5354 (1)
663 5285 746 5338 Ex
772 5282 938 5340 hom.
966 5283 1031 5339 in
1046 5283 1210 5354 psal.
1228 5297 1425 5354 xxxm,
1457 5285 1583 5339 147.

558 5355 634 5427 (2)
661 5356 743 5427 Ex
771 5369 865 5427 ep.
896 5367 1164 5427 ccxxva
1190 5353 1316 5427 364ἶ

556 5421 637 5494 (3)
668 5426 750 5479 Ex
777 5421 956 5480 serm.
989 5425 1075 5480 De
1107 5421 1370 5494 legendis
1394 5423 1559 5479 libris
1587 5434 1763 5495 gem,
1798 5425 1918 5479 182.

561 5495 640 5563 (li)
662 5497 742 5549 Ex
774 5511 953 5552 serm.
984 5497 1261 5558 ascetico,
1291 5500 1412 5552 323.

557 5567 648 5640 (5)_
679 5565 799 5640 ὀῑι
851 5567 1199 5640 χρησώμεθα.
1257 5565 1450 5640 Basilii
1502 5569 1816 5640 contextus
1866 5569 1960 5640 En”
1998 5587 2137 5640 χρη-

492 5637 707 5707 σόμεθα.
755 5635 985 5708 Legitur
1031 5635 1366 5714 χρησόμεθα,
1431 5641 1492 5693 in
1537 5635 1669 5693 cod.
1723 5638 1878 5695 1992.
1939 5635 2130 5710 supra

2237 4490 2379 4546 τερον
2444 4471 2632 4543 λόγον,
2687 4476 2777 4523 καὶ
2838 4477 2930 4529 τὴν
2996 4479 3092 4522 τῶν
3157 4472 3502 4546 ὑπαρχόντων
3563 4469 3839 4539 ἀποταγὲν

2239 4563 2652 4634 κατορθωθῆναι,
2713 4571 2784 4633 τῷ
2835 4566 2964 4637 πρὸς
3017 4565 3104 4612 τὸν
3156 4564 3290 4613 κατὰ
3343 4565 3465 4613 Θεὸν
3517 4560 3720 4630 ὑψηλὸν
3758 4561 3839 4630 ('7)

2241 4649 2581 4703 ἀποϐλέποντι
2622 4649 2774 4723 βίον⁶
2811 4647 2951 4703 διότι
2996 4649 3154 4704 πολὺν
3202 4655 3424 4722 παρέχει
3466 4652 3838 4722 περισπασμὸν

2240 4749 2302 4814 τῇ
2341 4740 2495 4813 ψυχῇ
2550 4743 2580 4798 ἡ
2632 4749 2730 4792 τὼν
2777 4740 2963 4792 ὑλικῶν
3010 4741 3330 4813 πραγμάτων
3385 4744 3586 4812 φροντίς
3637 4757 3693 4790 τε
3746 4743 3840 4789 καὶ

2241 4827 2523 4902 ἐπιμέλεια.
2579 4827 2740 4881 Ὀταν
2819 4826 2906 4882 οὖν
2957 4827 3158 4889 πλείους
3211 4833 3329 4902 περὶ
3380 4830 3464 4879 τὸν
3513 4827 3668 4879 αὐτὸν

2242 4941 2423 4984 ποντες
2485 4929 2576 4982 τῆς
2643 4926 2899 4993 σωτηρίας
2977 4922 3169 4972 σκοπὸν
3194 4961 3209 4986 ,
3275 4921 3368 4975 τὴν
3432 4915 3540 4989 μετ’
3608 4915 3845 4975 ἀλλήλων

2246 5011 2385 5071 ζωὴν
2429 5007 2837 5077 καταδέξωνται,
2871 5015 2979 5082 χρὴ
3013 5016 3167 5060 τοῦτο
3197 5010 3296 5081 πρὸ
3335 5008 3539 5058 πάντων
3584 5005 3633 5058 ἐν
3663 5007 3845 5065 αὐτοῖς

2245 5100 2594 5173 κρατηθῆναι,
2655 5102 2714 5149 τὸ
2781 5102 2906 5169 μίαν
2964 5096 3013 5148 ἐν
3070 5102 3206 5148 πᾶσι
3269 5093 3494 5168 καρδίαν
3549 5092 3699 5162 εἶναι,
3760 5102 3848 5146 καὶ

2243 5279 2554 5335 contextus
2583 5282 2765 5340 καὶτῷ
2791 5277 2930 5335 Ἰὼϐ.

2314 5351 2393 5421 (6)
2427 5347 2833 5420 Ἐπιμελεῐσθαι.
2871 5349 2986 5404 Hoc
3014 5346 3269 5421 verbum
3297 5345 3525 5421 deerat
3542 5346 3600 5421 in
3629 5343 3848 5406 editis;

2244 5413 2352 5478 sed
2375 5413 2519 5476 cum
2541 5413 2786 5492 prorsus
2816 5419 3222 5476 necessarium
3263 5417 3354 5484 sit,
3383 5413 3530 5472 illud
3559 5415 3849 5488 desump-

2247 5493 2441 5550 simus
2473 5507 2542 5545 ex
2579 5495 2878 5546 contextu.

2315 5569 2396 5634 (7)
2453 5565 2715 5634 T6v-xatz'd
2744 5566 2865 5634 Θεὸν
2892 5561 3109 5629 ὑψηλὸν.
3171 5557 3456 5634 Codicum
3501 5558 3660 5634 alter
3715 5563 3847 5630 πρὸς

2249 5625 2388 5690 θεῖον
2403 5638 2489 5686 καὶ
2513 5631 2730 5704 ὑψηλὸν.
2760 5625 3080 5691 Εοῐιῑθίιιιε
3119 5635 3247 5703 πρὸς
3271 5633 3357 5682 τὸν
3389 5628 3626 5702 ὑψηλόν]
