4056 6222
264 377 394 433 1181

1483 376 1709 435 SERMO
1749 376 1838 429 Vl.
1871 404 1939 415 -
1963 376 2053 432 DE
2084 381 2414 442 AVABITIA

3480 395 3617 456 1182

265 501 465 573 θελημα
506 499 575 569 ἓν,
608 504 693 551 καὶ
738 504 863 571 μίαν
901 499 1207 574 ἐπιθυμίαν,
1250 509 1338 557 καὶ
1386 505 1558 567 καθὼς
1603 503 1857 576 νομοθετεί

1969 505 2508 581 Apostolus,unum
2530 509 2823 567 efﬁciatur
2844 526 3063 584 corpus
3082 527 3153 568 ex
3165 513 3412 570 diversis
3433 532 3619 573 mem-

264 590 290 641 ό
323 586 655 653 Ἀπόστολος,
694 587 741 640 ἓν
780 590 1017 659 γενέσθαι
1077 599 1229 664 σῶμα
1282 591 1337 643 ἐκ
1385 588 1647 665 διαφόρων
1698 588 1861 663 μελῶν

268 680 730 753 συνηθροισμένον.
772 684 936 730 Τοῦτο
979 675 1036 731 δὲ
1088 680 1181 731 οὐκ
1226 683 1368 733 ἔστιν
1410 681 1573 743 οῦηλως
1602 680 1860 753 κατορθω-

269 769 446 837 θῆναι,
496 766 539 818 εἰ
577 770 648 838 μὴ
684 764 839 819 ἐκεῖνο
880 774 1173 841 κρατήσειε,
1218 773 1276 821 τό
1327 776 1397 842 μη
1442 768 1859 842 ἐπονομάζεσθαι

266 876 371 907 τινι
398 854 843 927 ἀποτεταγμένως,
884 861 1014 928 μήτε
1055 860 1273 931 ἱμάτιον,
1304 865 1437 931 μήτε
1490 867 1688 930 σκεῦος,
1727 861 1860 930 μήτε

270 944 393 996 ἄλλο
424 964 475 995 τι
500 952 599 996 τῶν
645 944 715 1004 εἰς
771 948 864 1003 τὴν
897 950 1072 1004 κοινὴν
1111 947 1249 1008 ζωὴν
1274 952 1701 1021 χρησιμευόντων
1737 964 1747 975 ·
1778 947 1861 999 ἶνα

271 1038 493 1087 ἕκαστον
523 1037 717 1086 τούτων
752 1043 843 1096 τῆς
880 1042 1067 1109 χρείας
1181 1043 1268 1091 καὶ
1297 1044 1368 1111 μὴ
1402 1045 1493 1091 τοῦ
1524 1042 1856 1111 κεκτημένου.

273 1130 370 1176 Καὶ
428 1125 600 1197 ὡσπερ
651 1122 975 1198 ἀνάρμοστόν
1025 1128 1134 1179 ἐστι
1183 1136 1253 1199 τῷ
1300 1128 1499 1199 μείζονι
1555 1133 1759 1199 σώματι
1799 1129 1857 1178 τό

264 1217 451 1287 μικρὸν
484 1215 703 1285 ἱμάτιον,
749 1214 777 1272 ἦ
828 1222 897 1285 τῷ
935 1220 1226 1290 μικροτέρῳ
1272 1221 1331 1269 τό
1376 1216 1700 1291 τελειότερον,
1752 1212 1859 1281 ἀλλ’

266 1302 467 1372 ἑκάστῳ
522 1304 581 1354 τὸ
641 1304 935 1377 σύμμετρόν
980 1304 1093 1355 ἐστι
1144 1310 1233 1359 καὶ
1271 1306 1519 1377 ἐπωφελες
1566 1309 1654 1357 καὶ
1702 1304 1857 1379 εὐάρ-

265 1409 491 1462 μοστον·
533 1390 693 1451 οὕτως
741 1396 830 1443 καὶ
883 1390 1105 1445 ἐνταῦθα
1150 1395 1178 1451 ἡ
1221 1392 1388 1459 κλίνη,
1438 1396 1504 1446 τὰ
1553 1399 1857 1469 στρώματα,

266 1483 324 1530 τὸ
376 1480 559 1553 θερμὸν
615 1478 963 1551 περιϐόλαιον,
1003 1485 1062 1533 τὸ
1102 1477 1359 1555 ὑπόδημα
1395 1491 1487 1535 τοῦ
1539 1484 1672 1534 πάνυ
1720 1487 1857 1554 χρῄ-

265 1570 468 1637 ζοντος,
518 1568 645 1642 οὐχὶ
686 1578 777 1621 τοῦ
827 1576 1142 1642 κεκτημένου
1201 1569 1331 1625 εἶναι
1363 1571 1567 1645 ὀφείλει.
1613 1577 1712 1625 Καὶ
1758 1592 1857 1625 κα-

263 1658 427 1731 θάπερ
471 1666 544 1728 τῷ
590 1678 845 1731 φαρμακῳ
886 1660 911 1711 ό
942 1663 1373 1734 τραυματισθεὶς,
1407 1662 1567 1732 οὐχό
1612 1662 1857 1731 ὑγιαίνων

260 1752 543 1819 κέχρηται,
576 1749 710 1798 οὕτω
748 1752 838 1799 καὶ
866 1757 963 1800 τῶν
993 1750 1123 1821 πρὸς
1148 1756 1241 1809 τὴν
1272 1748 1445 1802 ἄνεσιν
1484 1758 1576 1803 τοῦ
1618 1757 1859 1822 σώματος

1972 592 2093 649 bris
2121 605 2609 669 coagmentatum
2629 602 2696 655 ετ.
2733 604 2849 656 Hoc
2872 605 3068 657 autem
3090 601 3255 658 aliter
3278 604 3619 676 perﬁcinon

1972 690 2182 754 potest,
2226 687 2404 761 498
2434 691 2547 744 nisi
2579 690 2901 745 obtinuerit
2950 691 3079 746 haec
3121 693 3516 760 consuetudo,
3558 700 3620 753 ut

1970 772 2119 829 nihil
2139 777 2493 833 nominatim
2520 794 2589 833 ac
2614 777 3281 852 peculiaritercuiquam
3304 782 3616 853 tribuatur,

1968 876 2165 935 neque
2187 865 2636 933 vestimentum,
2685 882 2882 939 neque
2915 884 3043 935 vas,
3074 885 3269 942 neque
3299 871 3618 944 quidpiam

1969 951 2131 1009 aliud
2163 953 2327 1009 exiis
2360 971 2495 1027 quae
2519 956 2867 1011 conducunt
2893 957 3026 1012 vitae
3046 960 3386 1027 communi;
3411 965 3475 1016 ut
3497 962 3613 1017 sin-

1967 1040 2109 1110 gula
2146 1041 2359 1098 usibus
2384 1044 2762 1112 necessariis,
2794 1060 2916 1099 non
2944 1049 3143 1101 autem
3166 1048 3614 1118 possessoribus

1968 1128 2359 1189 destinenfur.
2392 1134 2456 1187 Et
2507 1133 2679 1189 sicuti
2713 1133 3139 1190 vestimentum
3185 1151 3443 1207 parvum
3490 1152 3615 1193 cor-

1968 1218 2099 1289 pori
2129 1220 2367 1287 majori,
2402 1225 2507 1276 aut
2534 1222 2733 1293 majus
2773 1237 2963 1293 parvo
3008 1238 3133 1277 non
3176 1223 3471 1292 convenit,
3506 1224 3614 1279 sed

1965 1305 2261 1377 quidquid
2291 1308 2505 1378 cuique
2523 1309 3049 1366 accommodatum
3083 1310 3259 1379 est,id
3290 1310 3427 1367 utile
3457 1315 3616 1368 estet

1967 1394 2358 1451 commodum
2384 1413 2395 1451 :
2425 1397 2505 1453 ita
2533 1396 2715 1453 etiam
2754 1397 2871 1453 alia
2892 1398 3116 1468 omnia,
3144 1398 3349 1465 lectus,
3385 1405 3616 1469 stragu-

1964 1481 2044 1551 la,
2083 1482 2350 1538 calidum
2394 1484 2837 1555 vestimentum,
2882 1483 3055 1541 valde
3106 1485 3429 1555 indigentis
3488 1502 3615 1543 esse

1967 1569 2206 1640 debent,
2260 1587 2382 1627 non
2433 1573 2814 1645 possidentis.
2875 1575 3405 1640 Quemadmodum
3454 1575 3617 1630 enim

1968 1658 2410 1716 medicamento
2436 1662 2539 1733 qui
2570 1660 2919 1717 vulneratus
2950 1666 3060 1731 est,
3100 1678 3223 1717 non
3262 1663 3365 1735 qui
3407 1679 3612 1730 sanus,

1966 1748 2181 1803 utitur:
2217 1749 2299 1804 sic
2336 1750 2515 1805 etiam
2552 1749 2637 1805 vir
2666 1767 2801 1823 quae
2825 1750 2903 1807 ad
2924 1749 3364 1807 sublevandum
3397 1764 3614 1823 corpus

262 1834 654 1907 ἐπινοουμένων,
716 1836 820 1907 οὐχ
877 1838 902 1888 ό
956 1846 1182 1911 τρυφῶν,
1233 1837 1341 1890 ἀλλ’
1398 1844 1429 1890 ὅ
1486 1844 1706 1911 χρῄζων
1762 1847 1857 1901 τῆς

1969 1838 2301 1906 excogitata
2328 1845 2489 1907 sunt,
2520 1854 2641 1894 non
2680 1839 2786 1912 qui
2812 1838 3064 1895 delicate
3093 1839 3266 1905 vivit,
3294 1838 3400 1895 sed
3441 1840 3490 1894 is
3521 1838 3615 1895 cui

263 1921 485 1995 ἀνέσεως
539 1921 787 1975 ἀπολαύει
830 1920 1049 1985 δικαίως
1087 1925 1185 1995 (εἰ),
1218 1928 1265 1978 ἐν
1315 1934 1529 1998 Χριστῷ
1568 1933 1742 1983 Ἰησοῦ
1786 1934 1857 1995 τῷ

264 2015 442 2083 Κυρίῳ
471 2012 699 2082 ἠμῶν,ᾧ
739 2015 768 2069 η
805 2009 935 2077 δόξα
974 2018 1061 2065 καὶ
1094 2018 1151 2065 τό
1190 2017 1379 2086 κράτος
1422 2015 1487 2075 εἰς
1526 2019 1644 2073 τοὺς
1674 2014 1857 2073 αἰῶνας

265 2107 371 2150 τῶν
403 2098 616 2155 αἰώνων.
662 2102 845 2172 Ἀμην.

750 2242 897 2291 ΠΕΡΙ
941 2244 1380 2297 ΠΛΕΟΝΕΞΙΑΣ.

904 2367 1120 2415 ΛΟΓΟΣ
1161 2364 1207 2427 ς’
1218 2406 1228 2416 .

338 2464 574 2520 1.”Οταν
632 2466 702 2527 εἰς
755 2467 925 2519 οἰκίαν
980 2466 1173 2540 ἀνδρὸς
1230 2468 1576 2545 ἀπειροκάλου
1624 2475 1700 2540 (2)
1757 2473 1858 2524 εἰσ-

264 2552 414 2616 έλθω,
448 2558 537 2605 καὶ
568 2551 668 2605 ἴδω
699 2554 861 2613 αὐτὴν
912 2562 1196 2618 παιντοίοις
1239 2562 1586 2630 γεγανυμένην
1630 2559 1857 2626 οῖνθεσιν,

267 2636 392 2691 οἶδα
428 2642 507 2693 ὅτι
546 2643 695 2703 οὗτος
742 2640 893 2696 οὐδὲν
959 2654 1059 2697 τῶν
1111 2646 1380 2720 ὁρωμένων
1435 2653 1715 2720 τιμὼτερον
1771 2653 1859 2700 κέ-

267 2748 481 2795 κτηται,
514 2730 641 2783 ἀλλά
670 2734 734 2783 τὰ
762 2736 851 2804 μὲν
882 2732 1078 2805 ἄψυχα
1105 2734 1565 2803 καλλωπίζει,⁶την
1597 2732 1860 2807 δεψυχήν

268 2815 570 2891 ἀκόσμητον
628 2824 763 2892 ἔχει.
827 2827 1013 2874 Καίτοι
1068 2828 1247 2897 μυρίοι
1302 2822 1549 2895 ἐφεστᾶσι
1599 2832 1661 2896 τῇ
1728 2826 1861 2898 θύρᾳ

269 2914 497 2979 πτωχοὶ,
552 2914 726 2961 πᾶσαν
757 2910 972 2969 ἐλεεινὴν
1015 2910 1245 2983 ἀφιέντες
1283 2917 1453 2983 φωνήν
1483 2928 1495 2942 ⁸
1542 2914 1568 2965 ό
1609 2910 1667 2965 δὲ
1699 2913 1861 2987 ἀρνεῖ-

266 3014 353 3047 ται
402 3000 496 3055 τὴν
537 2993 713 3068 δόσιν,
773 2996 1027 3052 ἀδύνατον
1077 2997 1207 3052 εἶναι
1261 3000 1420 3073 λέγων
1473 3001 1710 3077 ἐπαρκεῖν
1753 3012 1860 3064 τοῖς

264 3086 502 3138 αἰτοῦσι.
541 3091 640 3139 Καὶ
694 3092 756 3159 τῇ
807 3092 899 3160 μὲν
928 3089 1144 3162 γλώσσῃ
1178 3088 1470 3162 ἐξόμνυται,
1513 3093 1610 3143 ὑπὸ
1658 3088 1719 3144 δὲ
1767 3100 1861 3156 τῆς

1963 1924 2242 1981 levamen
2273 1942 2428 1998 opus
2471 1930 2581 1993 est,
2616 1928 2830 1984 merito
2875 1926 3217 2000 perfruitur,
3269 1928 3331 1984 in
3385 1928 3613 1985 Christo

1966 2014 2107 2069 Jesu
2131 2016 2382 2072 Domino
2408 2022 2637 2079 nostro,
2665 2017 2760 2073 cui
2783 2017 2975 2089 gloria
3010 2022 3065 2073 et
3103 2022 3368 2091 potestas
3404 2016 3465 2073 in
3498 2033 3611 2073 sre-

1968 2101 2100 2159 eula
2134 2103 2512 2162 saeculorum.
2541 2109 2749 2161 Amen.

2490 2240 2615 2297 DE
2656 2241 3084 2299 AVARITIA

2631 2366 2861 2423 SERMO
2891 2366 2955 2421 Vl

2044 2473 2089 2525 1.
2126 2474 2201 2541 (4)
2235 2471 2490 2537 Quando
2523 2472 2583 2527 in
2611 2471 2865 2528 domum
2895 2472 3083 2545 inepti
3140 2472 3245 2528 viri
3291 2470 3614 2542 ingredior,

1966 2559 2263 2631 videoque
2280 2560 2473 2631 ipsam
2488 2561 2826 2631 omnigenis
2839 2561 3211 2617 renidentem
3225 2561 3613 2630 ornamentis,

1967 2647 2229 2717 intelligo
2253 2664 2390 2703 cum
2408 2649 2555 2704 nihil
2578 2648 2649 2703 iis
2676 2665 2811 2720 quae
2838 2650 3119 2706 videntur
3146 2650 3462 2722 pretiosius
3482 2666 3616 2722 pos-

1966 2735 2178 2807 s'dere,
2215 2737 2319 2791 sed
2362 2753 2578 2793 ornare
2604 2737 2917 2809 diligenter
2966 2739 3319 2803 inanimata,
3346 2738 3617 2794 animam

1968 2841 2107 2881 vero
2165 2824 2451 2882 incultam
2494 2826 2871 2899 relinquere,
2908 2830 3271 2899 Quanquam
3318 2826 3617 2882 innumeri

1969 2918 2130 2969 stant
2160 2929 2269 2986 pro
2300 2914 2530 2969 foribus
2554 2930 2856 2987 pauperes
2888 2913 3117 2970 nullam
3140 2930 3261 2970 non
3283 2915 3614 2969 amittentes

1968 3017 2179 3057 vocem
2206 3001 2640 3073 miserabilem;
2672 3008 2852 3073 negat
2880 3003 2975 3059 ille
3002 3019 3062 3058 se
3084 3002 3388 3069 daturum,
3430 3017 3613 3073 seque

1968 3090 2334 3147 aitsufﬁcere
2346 3106 2469 3146 non
2481 3107 2661 3163 posse
2675 3091 3048 3162 rogantibus.
3066 3094 3129 3147 Et
3142 3090 3348 3161 lingua
3363 3089 3612 3163 quidem

265 3178 447 3247 χειρός
475 3174 740 3247 ἐλέγχεται
765 3193 777 3206 '
814 3186 1068 3247 σέωπῶσα
1104 3181 1202 3254 γὰρ
1251 3181 1280 3237 ἡ
1316 3183 1431 3253 χεὶρ
1472 3185 1565 3238 τὴν
1606 3178 1857 3252 ψευδολο-

1969 3178 2159 3249 ejurat
2186 3195 2308 3235 non
2338 3196 2538 3253 posse,
2574 3180 2680 3235 sed
2702 3196 2738 3237 a
2769 3196 2954 3236 manu
2986 3180 3274 3251 arguitur.
3323 3177 3425 3236 Illa
3452 3178 3613 3235 enim

261 3268 383 3333 γίαν
435 3266 711 3335 κηρύσσει,
765 3274 1280 3339 περιαστραπτομένη
1344 3268 1442 3320 θ)πό
1499 3277 1589 3330 τῆς
1642 3269 1723 3321 ἐπὶ
1768 3276 1859 3322 τοῦ

263 3348 551 3404 δακτυλίου
593 3350 894 3425 σφενδόνης,
933 3354 1109 3408 Ἀθλιε
1148 3362 1239 3408 καὶ
1287 3357 1557 3429 miihi-mp
1577 3377 1613 3427 ς,
1668 3363 1859 3419 πόσους

269 3438 491 3492 δύναται
540 3443 605 3501 εἷς
644 3462 737 3494 σου
779 3440 1057 3506 δακτύλιος
1096 3454 1266 3519 χρεῶν
1305 3445 1572 3498 ἀπνἰο)σαι
1598 3460 1613 3476 ο
1664 3452 1861 3510 πόσους

268 3533 445 3592 οἴκους
485 3537 907 3593 καταπίπτοντας
964 3531 1291 3607 ἁνορθῶσαιῐ
1340 3539 1450 3587 Μία
1492 3553 1586 3587 σου
1641 3535 1860 3599 κιϐωτός

269 3627 366 3669 τῶν
409 3622 625 3691 ἱματίων
658 3617 879 3672 δύναται
911 3618 1081 3693 δῆμον
1129 3621 1404 3694 ὁλόκληρον
1429 3625 1678 3697 ῥιγοῦντα
1713 3643 1859 3697 περι-

270 3707 475 3759 ϐαλεῖν·
509 3707 615 3760 ἀλλ’
656 3710 925 3781 ὑπομένεις
971 3713 1234 3782 ἄπρακτον
1288 3710 1593 3784 ἀποπέμψαι
1635 3715 1720 3764 τόν
1772 3716 1863 3765 πέ-

270 3816 420 3861 νητα,
462 3801 533 3868 μὴ
576 3796 881 3868 φοϐούμενος
918 3802 976 3850 τὸ
1020 3795 1224 3851 δίκαιον
1262 3807 1357 3861 τῆς
1402 3796 1715 3860 ἀντιδόσεως
1770 3808 1860 3853 τοῦ

268 3893 471 3956 κριτοῦ.
500 3886 611 3936 Οὐκ
650 3885 896 3953 ἠλέησας,
925 3888 1020 3938 οὐκ
1063 3886 1321 3959 ἐλεηθηση
1352 3904 1365 3917 '
1409 3888 1502 3940 οὐκ
1533 3888 1739 3951 ἧνοιξας
1768 3894 1859 3947 τὴν

268 3974 458 4043 οἰκίαν,
501 3971 888 4047 ἀποπεμφθηση
938 3984 1030 4035 τῆς
1061 3973 1329 4048 βασιλείας
1354 3989 1370 4006 ⁸
1403 3977 1497 4029 οὐκ
1536 3974 1735 4038 ἔδωκας
1772 3980 1859 4029 τὸν

267 4064 445 4134 ἄρτον,
476 4062 535 4114 οὐ
566 4061 706 4134 λήψῃ
756 4068 850 4120 την
908 4064 1112 4115 αἰώνιον
1142 4064 1301 4125 ζωήν.
1346 4065 1500 4118 Ἀλλὰ
1547 4070 1741 4123 πένητα
1782 4065 1834 4118 λέ

264 4172 373 4223 γεις
402 4156 642 4210 σεαυτόν.
690 4151 847 4223 Κάγὼ
902 4156 1206 4227 συντίθεμαι
1238 4175 1251 4189 ·
1297 4160 1448 4217 πένης
1486 4159 1587 4229 γάρ
1628 4155 1788 4223 ἐστιν,
1830 4158 1857 4209 ό

262 4240 463 4293 πολλῶν
493 4237 691 4303 ἐνδεής.
734 4241 941 4295 Πολλῶν
982 4239 1042 4295 δὲ
1095 4244 1228 4315 ὑμᾶς
1267 4240 1448 4305 ἐνδεεῖς
1493 4254 1630 4297 ποιεῖ
1666 4250 1724 4297 τὸ
1762 4254 1859 4306 τῆς

265 4332 547 4401 ἐπιθυμίας
576 4328 876 4404 ἀκόρεστον.
925 4338 1047 4392 Τοῖς
1090 4328 1220 4383 δέκα
1256 4333 1523 4394 ταλάντοις
1559 4332 1691 4386 ἄλλα
1729 4331 1859 4386 δέκα

261 4417 492 4470 τάλαντα
538 4420 956 4491 προστεθηκέναι
1012 4416 1377 4480 σπουδάζετε·
1431 4418 1640 4474 ἐπειδὰν
1691 4425 1858 4475 εἴκοσι

1969 3268 2099 3324 silet
2118 3267 2499 3340 quidem,sed
2521 3269 2906 3325 mendacium
2925 3269 3228 3343 praedicat,
3253 3269 3460 3325 annuli
3476 3268 3616 3341 pala

1971 3375 2319 3415 coruscans.
2348 3363 2390 3416 Ο
2409 3359 2614 3415 infelix
2630 3365 2809 3433 atque
2829 3361 3028 3424 miser,
3053 3359 3218 3432 quod
3246 3364 3441 3432 potest
3462 3374 3617 3414 unus

1971 3452 2108 3502 tuus
2136 3447 2395 3503 annulus
2422 3464 2537 3503 aere
2564 3448 2758 3504 alieno
2782 3447 3067 3504 liberare!
3093 3452 3241 3520 quot
3265 3446 3618 3503 domoscor-

1970 3541 2210 3591 ruentes
2242 3536 2492 3605 erigere!
2518 3540 2789 3592 Arcatua
2807 3532 3086 3592 vestiaria
3112 3537 3206 3593 vel
3228 3538 3409 3592 unica
3424 3538 3618 3608 potest

1974 3630 2163 3679 totum
2180 3625 2474 3697 populum
2494 3626 2709 3695 frigore
2736 3625 3025 3694 rigentem
3046 3625 3329 3691 amicere;
3350 3628 3617 3680 ettamen

1973 3714 2228 3768 sustines
2248 3729 2577 3786 pauperem
2602 3730 2726 3769 non
2748 3714 3039 3769 donatum
3067 3713 3383 3781 dimittere,
3392 3713 3615 3782 justam

1967 3801 2187 3872 judicis
2216 3803 2541 3858 vindictam
2563 3820 2682 3859 non
2716 3803 3140 3858 reformidans.
3182 3805 3309 3858 Non
3334 3801 3616 3855 misertus

1968 3900 2053 3957 Bs,
2077 3906 2200 3946 non
2228 3906 2595 3963 consequere
2631 3890 3138 3947 miscricordiam:
3168 3902 3289 3945 non
3324 3887 3613 3961 aperuisti

1969 3977 2242 4048 domum,
2274 3996 2310 4036 a
2335 3995 2520 4051 regno
2549 3980 2911 4036 excluderis:
2946 3995 3167 4053 panem
3208 3994 3334 4034 non
3367 3976 3608 4043 dedisti,

1968 4081 2091 4125 non
2122 4068 2376 4141 accipies
2405 4068 2591 4125 vitam
2619 4072 2926 4125 aeternam.
2957 4067 3071 4125 Sed
3100 4081 3431 4140 pauperem
3458 4062 3609 4119 dicis

1970 4159 2225 4229 teipsum
2252 4175 2263 4224 ;
2292 4163 2348 4215 et
2391 4173 2503 4229 ego
2550 4158 2871 4215 assentior.
2899 4160 3132 4230 Pauper
3159 4158 3321 4212 enim
3358 4160 3463 4226 est,
3504 4154 3610 4226 qui

1968 4247 2169 4303 multis
2199 4247 2447 4317 indiget.
2489 4248 2603 4304 Vos
2654 4253 2856 4304 autem
2914 4245 3269 4303 insatiabilis
3314 4243 3611 4316 cupiditas

1968 4336 2294 4392 multorum
2324 4335 2561 4407 indigos
2586 4336 2765 4392 efﬁcit
2825 4336 3080 4392 Talentis
3124 4334 3356 4401 decem,
3398 4332 3607 4387 decem

1968 4425 2089 4482 alia
2118 4424 2375 4495 adjicere
2415 4426 2759 4482 conamini:
2805 4424 3017 4495 viginti
3066 4423 3309 4491 coactis,
3361 4419 3608 4477 totidem

260 4512 497 4578 γένηται,
567 4506 697 4559 ἄλλα
755 4516 992 4561 τοσαῦτα
1035 4508 1344 4579 ἐπιζητεῖτε,
1396 4516 1488 4561 καὶ
1536 4511 1615 4563 ἀεὶ
1673 4512 1745 4580 (3)
1799 4516 1857 4563 τὸ

1969 4515 2253 4587 quaeritis,
2289 4529 2485 4587 neque
2527 4513 2931 4586 appetentiam
2965 4512 3129 4567 sistet
3165 4508 3348 4605 quod
3372 4522 3613 4605 semper

261 4598 687 4669 προστιθέμενον,
718 4596 847 4666 ουχὶ
876 4601 970 4654 τήν
1018 4598 1182 4670 ὁρμὴν
1231 4598 1464 4665 ἵστησιν,
1491 4597 1595 4649 ἀλλ’
1638 4598 1857 4670 ἀναφλέ-

261 4702 343 4755 7n
392 4687 485 4741 τὴν
539 4683 727 4755 ὄρεξιν,
766 4683 966 4758 Ὠσπερ
1022 4689 1122 4758 γὰρ
1179 4692 1285 4747 τοῖς
1327 4688 1609 4757 μεθύουσιν
1649 4685 1853 4759 ἀφορμὴ

259 4779 357 4824 τοῦ
387 4777 551 4824 πίνειν
580 4774 611 4830 ἡ
671 4775 947 4847 προσθήκη
1010 4782 1103 4826 τοῦ
1158 4778 1297 4827 οἴνου
1343 4780 1563 4847 γίνεται,
1604 4776 1738 4828 οὕτω
1767 4782 1856 4829 καὶ

262 4863 311 4913 οἱ
376 4862 675 4915 νεόπλουτοι
734 4862 899 4915 πολλὰ
962 4866 1312 4937 κτησάμενοι,
1380 4864 1623 4917 πλειόνων
1680 4864 1855 4919 ἐπιθυ-

259 4954 443 5023 μούοι,
496 4959 568 5021 τῷ
622 4950 701 5004 ἀεὶ
754 4954 1138 5027 προστιθεμένῳ
1194 4959 1287 5012 *ην
1351 4960 1499 5007 νόσον
1565 4958 1849 5026 τρέφοντες,

253 5047 348 5096 καὶ
393 5047 752 5115 περιτρέπεται
798 5043 978 5105 αὐτοῖς
1024 5046 1054 5101 ἡ
1109 5040 1315 5103 σπουδὴ
1344 5048 1475 5119 πρὸς
1503 5047 1563 5096 τό
1603 5042 1848 5100 ἐναντίον.

250 5132 330 5184 0'3
360 5135 460 5205 γὰρ
492 5130 749 5206 εὐφραίνει
802 5133 986 5193 αὐτοὺς
1026 5134 1091 5185 τὰ
1140 5138 1404 5206 προσόντα
1444 5141 1678 5185 τοσαῦτα
1709 5138 1846 5200 ὄντα,

250 5224 374 5274 ὅσον
437 5220 587 5273 λυπεῖ
636 5224 701 5275 τὰ
749 5218 1010 5288 ἐνδέοντα,
1080 5223 1209 5295 ἅπερ
1268 5223 1329 5275 ἂν
1382 5222 1558 5283 αὐτοῖς
1605 5222 1846 5277 ἂλείπειν

321 5329 366 5363 δ’
394 5332 417 5384 I
450 5330 580 5386 Cor.
619 5345 720 5400 xu,
767 5333 848 5384 12.

321 5458 394 5518 (1)
425 5459 663 5513 Δικαίως.
712 5454 901 5510 Minus
934 5455 1254 5512 commode
1300 5455 1467 5513 deest
1504 5470 1577 5514 ea
1625 5472 1742 5512 vox
1780 5458 1840 5513 in

252 5529 533 5580 contextu
564 5523 786 5580 Basilii.

325 5599 401 5669 (2)
469 5595 859 5669 Ἀπειροκάλου.
899 5596 1099 5669 iAddit
1149 5598 1344 5655 Basilii
1395 5602 1709 5656 contextae.
1754 5605 1841 5651 καὶ

257 5666 595 5738 όψιπλούτου,
616 5666 681 5725 εἰ
709 5682 839 5727 sero
868 5668 1097 5730 divitis.

1968 4604 2230 4672 additur,
2262 4602 2384 4659 imo
2410 4603 2683 4659 accendit
2703 4601 3060 4674 appetitum.
3084 4594 3610 4665 Quemadmodum

1966 4692 2127 4747 enim
2159 4691 2338 4747 ebriis
2376 4690 2498 4746 vini
2532 4690 2799 4746 accessio
2828 4684 3076 4744 bibendi
3109 4688 3177 4743 ﬁt
3216 4686 3491 4742 occasio:
3526 4684 3610 4740 sic

1965 4782 2144 4835 etiam
2175 4794 2382 4835 recens
2409 4779 2577 4835 dilati
2618 4778 2719 4834 ubi
2760 4777 2950 4833 multa
2994 4775 3395 4849 acquisierint,
3435 4773 3612 4846 plura

1963 4864 3606 4940 concupiscunt,semperaddendomorbumnutrientes,

1962 4957 2167 5029 eisque
2191 4970 2368 5011 suum
2401 4954 2666 5011 studium
2695 4955 2850 5010 cedit
2888 4954 2949 5010 in
2982 4954 3371 5012 contrarium.
3403 4954 3604 5023 Neque

1960 5045 2119 5101 enim
2141 5042 2460 5117 praesentia
2489 5044 2651 5099 bona
2674 5058 2813 5099 cum
2838 5047 3005 5099 tanta
3043 5043 3181 5107 sint,
3208 5045 3442 5098 tantum
3470 5037 3601 5094 illos

1957 5134 2309 5199 exhilarant,
2342 5136 2640 5205 quantum
2678 5134 3035 5188 contristent
3089 5146 3224 5203 quas
3253 5129 3595 5194 desunt,ea,

1955 5224 2227 5296 inquam,
2259 5238 2395 5295 quae
2434 5220 2548 5279 sibi
2576 5222 2787 5278 deesse
2812 5224 3049 5294 putant.
3071 5223 3221 5278 Nam
3251 5232 3388 5274 cum
3418 5215 3597 5273 lietari

2025 5460 2102 5541 (β)
2148 5463 2246 5510 Καὶ
2277 5457 2373 5541 (ξεί.
2400 5457 2687 5541 Voculum
2732 5453 3507 5541 addidimluseircontextiiﬁ
3532 5457 3594 5537 et

1955 5518 2233 5584 codicum
2262 5529 2467 5585 altero.
2485 5528 2645 5584 Idem
2676 5528 2865 5582 codex
2882 5525 3064 5597 paulo
3087 5528 3221 5579 ante
3246 5541 3335 5573 και
3362 5518 3587 5577 ἐπειδάν.

2025 5601 2102 5673 (4)
2132 5602 2207 5654 Ex
2234 5600 2399 5666 hom,
2433 5602 2493 5654 in
2521 5602 2765 5671 Divites,
2790 5603 2877 5655 56.
