4068 6220
462 292 599 350 1183

1427 284 1803 343 APPENDIX.
1834 314 1900 324 —
1929 284 2271 343 SYMEONIS
2318 283 2849 343 ΜΕΤΑΡΗΒΑΞΤᾸΞ

3690 292 3827 349 1184

460 417 627 490 ipsos
646 428 759 488 par
785 416 1045 482 esset,ac
1072 411 1329 482 gratiam
1353 410 1599 481 habere,
1619 410 1781 483 quod
1799 414 1924 467 tam
1955 410 2108 466 mul-

2228 409 2538 465 ὑπόθωνται.
2595 415 2710 464 Δέον
2748 413 2849 485 γὰρ
2896 410 3081 473 αὐτοὺς
3110 412 3473 487 εὐφραίνεσθαι
3521 418 3614 467 καὶ
3661 418 3821 490 χάριν

464 507 537 561 tis
568 508 707 560 sunt
733 502 1176 575 opulentiores:
1212 505 1422 557 contra
1464 516 1622 571 regre
1661 501 1861 557 ferunt
1905 516 1975 556 ac
2009 500 2111 555 do-

460 593 584 650 lent
630 609 691 647 se
715 592 862 647 forte
891 591 968 646 ab
1000 605 1124 646 uno
1173 595 1276 648 aut
1304 591 1489 646 altero
1520 590 1906 661 locupletiore
1938 602 2111 661 supe-

464 682 610 738 rari.
670 682 748 751 (l)
788 684 989 752 Neque
1035 695 1137 734 eos
1178 680 1286 752 qui
1318 695 1381 734 se
1422 680 1569 751 ipsis
1614 678 1924 734 inferiores
1977 680 2115 733 sunt

466 775 911 834 enumerantes,
934 785 1046 842 pro
1075 769 1147 824 iis
1182 784 1317 841 quae
1346 768 1591 837 habent,
1627 768 1849 838 gratias
1883 765 2114 839 persol-

466 864 617 917 vunt
643 860 909 931 largitori
941 858 1214 914 beneﬁco
1248 876 1260 914 :
1307 857 1485 930 499
1521 858 1643 913 imo
1673 858 1830 913 facta
1858 872 1997 911 cum
2042 870 2114 911 eo

465 948 633 1022 quod
663 948 1045 1021 praestantius
1066 946 1649 1019 estcomparatione,
1688 950 1985 1019 quantum
2020 960 2117 999 su-

466 1042 750 1111 perentur
774 1041 1139 1109 reputantes,
1180 1037 1263 1093 ita
1296 1040 1548 1092 mmrent
1577 1041 1633 1092 et
1665 1037 2117 1107 conqueruntur

465 1127 644 1184 bonis
704 1126 915 1182 alienis
971 1125 1206 1198 privati,
1275 1141 1345 1181 ac
1402 1125 1450 1180 si
1508 1125 1631 1180 suis
1691 1124 2111 1196 spoliarentur.

467 1216 545 1287 (2)
567 1219 715 1271 Nam
737 1215 841 1287 qui
869 1215 1243 1271 necessarios
1282 1213 1569 1270 terminos
1616 1227 1941 1279 excessere,
1971 1227 2114 1267 cum

463 1304 593 1374 jam
623 1304 756 1367 sibi,
780 1318 948 1358 more
973 1318 1184 1357 eorum
1218 1302 1323 1374 qui
1353 1302 1413 1357 in
1448 1301 1676 1357 declive
1704 1301 1993 1366 feruntur,
2025 1299 2116 1355 ni-

465 1392 549 1448 hil
580 1393 824 1447 tirmum
872 1394 1174 1463 suppetat,
1201 1390 1277 1446 ad
1305 1390 1474 1462 quod
1525 1405 1587 1445 se
1614 1390 1925 1462 recipiant,
1972 1405 2116 1444 nus-

467 1496 653 1553 quam
686 1480 933 1536 ulterius
965 1478 1160 1551 abripi
1182 1479 1577 1535 intermittunt
1607 1496 1618 1533 :
1657 1478 1761 1533 sed
1792 1494 1914 1551 quo
1943 1478 2119 1551 plura

469 1568 896 1641 compararint,
934 1584 1005 1623 eo
1053 1568 1249 1638 magis
1289 1584 1444 1640 opus
1482 1566 1796 1623 habebunt
1846 1567 2117 1639 paribus,

470 1662 573 1713 aut
590 1658 765 1713 etiam
800 1655 1195 1728 amplioribus
1217 1656 1294 1712 ad
1316 1656 1707 1729 cupiditatem
1730 1655 2114 1727 explendam,

469 1746 806 1801 secundum
839 1744 1197 1801 Execestidaa
1222 1744 1414 1801 ﬁlium
1438 1744 1741 1814 Solonem,
1764 1744 1868 1817 qui
1898 1742 2006 1801 ait:

468 1854 833 1909 Diuitiarum
866 1852 1096 1909 homini
1119 1854 1257 1922 ﬁnis
1284 1869 1403 1909 non
1435 1852 1703 1909 constitit
1729 1852 1918 1912 ultus.

465 2014 529 2069 In
559 2013 653 2070 his
684 2014 865 2071 etiam
888 2013 1229 2085 Theognide
1252 2013 1540 2086 magistro
1566 2012 1860 2069 utendum
1886 2015 1994 2083 est,
2009 2011 2115 2086 qui

467 2102 606 2159 dicit
629 2121 641 2159 :

558 2211 695 2266 Non
723 2225 856 2267 amo
882 2210 1143 2279 divitias,
1172 2226 1292 2266 non
1314 2215 1485 2280 opto:
1520 2210 1623 2266 sed
1652 2208 1801 2265 mihi
1827 2224 2017 2277 parvo

679 2284 884 2338 Vivere
906 2284 1234 2352 contingat,
1262 2283 1466 2353 nitque
1492 2284 1700 2336 timere
1728 2282 1895 2336 mali.

538 2387 661 2457 Ego
689 2393 889 2445 autem
910 2388 1185 2458 Diogenis
1207 2388 1475 2444 admiror
1502 2388 1775 2444 omnium
1800 2387 1974 2443 simul
1998 2387 2111 2443 hu-

470 2492 794 2532 manarum
821 2493 1023 2533 rerum
1042 2482 1480 2549 contemptum,
1512 2477 1616 2550 qui
1646 2493 1706 2533 se
1732 2492 1871 2546 rege
1888 2492 2112 2546 magno

466 2566 875 2637 pronuntiavit
904 2565 1200 2637 ditiorem,
1254 2566 1421 2638 quod
1464 2569 1525 2622 in
1563 2566 1683 2621 vita
1723 2565 2113 2638 paucioribus

468 2669 655 2725 quam
682 2654 776 2709 ille
808 2658 1026 2725 egeret.
1068 2654 1275 2710 Avaris
1306 2658 1531 2723 autem,
1572 2654 1688 2709 nisi
1736 2653 1926 2725 Pythii
1970 2653 2114 2725 Mysi

466 2742 922 2810 adsinttalenta,
949 2743 1066 2799 nisi
1093 2744 1214 2799 sint
1235 2750 1401 2799 terra:
1428 2747 1513 2799 tot
1534 2747 1590 2799 et
1620 2747 1703 2799 tot
1728 2744 1963 2814 jugera,
1995 2742 2111 2797 nisi

463 2844 752 2902 pecorum
785 2848 995 2901 greges
1016 2831 1337 2899 innumeri,
1369 2830 1625 2887 sufﬁciet
1657 2831 1829 2886 nihil.
1879 2832 1954 2901 (3)
1998 2830 2112 2886 Sed

462 2920 985 2991 quemadmodum
1017 2921 1054 2975 ii
1100 2922 1204 2991 qui
1251 2920 1443 2976 scalas
1482 2920 1917 2987 conscendunt,
1958 2919 2110 2992 pede

462 3024 699 3081 semper
719 3009 799 3064 ad
830 3012 1203 3081 superiorem
1231 3009 1490 3079 gradum
1538 3014 1733 3065 erecto
1765 3024 1886 3064 non
1942 3010 2107 3081 prius

2225 500 2385 569 ἔχειν,
2438 502 2699 551 τοσούτων
2752 504 2897 562 ὄντας
2937 501 3314 577 εὐπορωτέρους
3349 524 3361 536 ·
3396 506 3445 556 oi
3503 500 3562 556 δὲ
3624 501 3817 576 δυο-ξιοο⁴

2224 595 2398 660 ροῦσι,
2450 594 2539 640 καὶ
2571 584 2877 657 όδυνῶνται,
2910 592 2990 641 ὅτι
3037 590 3144 650 ἑνός
3186 611 3288 643 που
3337 593 3365 650 ἡ
3424 589 3672 665 δευτέρου
3723 601 3815 643 τῶν

2226 676 2711 750 ὑπερπλουτούντων
2750 678 3215 751 ἀπολιμπάνονται.
3252 687 3351 733 Καὶ
3414 680 3474 733 οὗ
3525 686 3645 742 τοὺς
3690 683 3817 733 ὑπο-

2228 760 2532 841 δεεστέρους
2558 765 2953 841 ἀπαριθμούμεν
2967 788 3036 836 οι,
3058 774 3152 827 τὴν
3182 772 3307 843 ὑπὲρ
3348 772 3415 841 ᾦν
3446 774 3634 842 ἔχουσι
3658 775 3813 843 χάριν

2227 851 2594 929 ἀποπληροῦσι
2631 863 2703 927 τῷ
2741 856 2976 929 εὐεργέτῃ
3002 875 3015 888 ⁸
3056 857 3183 910 ἀλλὰ
3211 866 3274 931 τῇ
3302 863 3433 931 πρὸς
3469 862 3525 911 τό
3557 862 3810 933 ὑπερέχον

2228 947 2503 1018 συγκρίσει
2536 960 2548 973 ⁸
2591 946 2711 997 ὅσον
2742 944 3105 999 ἀπολείπονται
3131 946 3474 1020 λογιζόμενοι,
3507 949 3577 1010 ὡς
3613 947 3809 1000 οἰκείων

2227 1036 2557 1107 στερούμενοι
2600 1042 2700 1086 τῶν
2762 1034 2952 1109 ἕτεροις
3000 1040 3316 1110 προσόντων,
3359 1038 3517 1099 οὕτως
3576 1036 3815 1090 ἀνιῶνται

2224 1127 2313 1175 καὶ
2348 1128 2788 1196 καταμέμφονται.
2830 1127 2895 1177 Οἱ
2936 1128 3038 1201 γὰρ
3069 1135 3169 1178 τῶν
3208 1125 3502 1198 ἀναγκαίων
3548 1129 3680 1200 ὅρων
3728 1128 3819 1190 ἔξω

2224 1214 2506 1283 γενόμενοι,
2538 1214 2920 1288 παραπλήσίως
2961 1221 3071 1276 τοῖς
3107 1218 3245 1267 κατὰ
3280 1224 3372 1268 τοῦ
3410 1224 3639 1291 πρανοῦς
3679 1236 3822 1290 φερο-

2226 1303 2420 1372 μένοις,
2467 1305 2597 1376 πρός
2635 1298 2785 1355 οὐδὲν
2815 1305 3072 1376 στάσιμον
3112 1304 3317 1376 ἔχοντες
3345 1303 3626 1371 ἀποϐῆναι,
3660 1302 3822 1356 οὐδα-

2228 1397 2328 1461 μοῦ
2370 1399 2459 1451 τῆς
2511 1390 2579 1451 εἰς
2630 1394 2688 1443 τό
2731 1396 2913 1466 πρόσω
2964 1398 3119 1465 φορᾶς
3173 1394 3449 1446 ἵστανται·
3484 1393 3589 1446 ἀλλ’
3622 1397 3823 1468 ὁσῳπερ

2228 1477 2288 1529 ἀν
2341 1477 2497 1530 πλείω
2524 1478 3063 1552 προσπεριϐάλωνται,
3097 1488 3189 1533 τοῦ
3218 1485 3340 1534 ῖσου
3391 1479 3620 1551 δέονται,
3660 1484 3689 1539 ἡ
3737 1488 3825 1534 καὶ

2227 1565 2458 1627 πλείονος
2499 1570 2625 1640 πρὸς
2674 1572 2770 1625 τὴν
2822 1576 2918 1629 τῆς
2974 1568 3252 1642 ἐπιθυμίας
3300 1569 3650 1645 ἐκπλήρωσιν,
3692 1574 3827 1622 κατὰ

2227 1659 2315 1708 τόν
2347 1652 2719 1719 Ἐξηκεστίδου
2746 1656 2966 1726 Σόλωνα,
2998 1660 3049 1719 ὃς
3069 1678 3199 1732 φησι
3222 1675 3241 1693 ⁶

2229 1850 2460 1907 Πλούτου
2554 1849 2606 1905 δ’
2703 1849 2854 1907 ούδὶν
2928 1858 3091 1930 τέρμα
3184 1859 3512 1928 πεφασμένον
3542 1926 3558 1930 _
3593 1850 3828 1928 ἀνδράσι

3540 1926 3753 1997 [κεῖται.

2222 2036 2307 2101 Τῷ
2348 2027 2407 2083 δι
2460 2027 2708 2102 Θεόγνιδι
2762 2033 2887 2105 πρός
2947 2038 3114 2085 ταῦτα
3169 2028 3481 2102 διδασκάλῳ
3533 2036 3823 2107 χρηστέον,

2222 2120 2421 2192 λέγοντι
2451 2136 2464 2150 ·

2225 2225 2336 2278 Οὐκ
2394 2229 2582 2311 ἔραμαι
2641 2227 2899 2291 πλουτεῖν,
2950 2227 3057 2280 οὔτ’
3103 2230 3332 2315 εξχομαι
3363 2244 3377 2258 ·
3425 2227 3556 2279 ἀλλά
3603 2246 3695 2300 μοι
3748 2229 3823 2283 εἴη

2418 2296 2521 2370 Ζῇν
2554 2298 2655 2350 ἀπὸ
2694 2308 2792 2351 των
2824 2299 3008 2371 ὀλίγων
3037 2296 3203 2372 μηδὲν
3234 2296 3412 2372 ἔχοντι
3451 2296 3631 2353 κακόν.

2294 2404 2424 2475 Ἐγὼ
2471 2401 2529 2457 δὲ
2582 2409 2671 2457 καὶ
2728 2409 2995 2476 Διογένους
3047 2408 3250 2478 ἄγαμαι
3294 2410 3390 2464 τὴν
3432 2407 3640 2457 πάντων
3695 2406 3825 2475 ὁμοῦ

2221 2500 2320 2546 τῶν
2359 2492 2689 2566 ἀνθρωπίνων
2729 2494 3016 2567 ὑπεροψίαν
3066 2498 3119 2557 ὃς
3167 2514 3223 2567 γε
3269 2499 3360 2547 καὶ
3416 2494 3680 2567 βασιλέως
3734 2502 3824 2546 τοῦ

2223 2582 2448 2655 μεγάλου
2512 2584 2692 2636 ἑαυτὸν
2750 2583 2973 2657 ἀπέφηνε
3030 2585 3427 2658 πλουσιώτερον,
3490 2593 3564 2655 τῷ
3623 2585 3822 2637 ἐλαττό-

2222 2690 2319 2721 νων
2366 2672 2395 2729 ἦ
2453 2670 2651 2741 ἐκεῖνοςκ
2693 2674 2829 2724 κατά
2860 2675 2948 2724 τὸν
3001 2672 3119 2745 βίον
3170 2670 3552 2747 προσδεῖσθαι,
3584 2680 3706 2734 Τοῖς
3765 2669 3824 2724 δὲ

2223 2760 2565 2833 πλεονέκταις,
2618 2761 2661 2813 εἰ
2710 2766 2782 2833 μὴ
2838 2764 2904 2814 τὰ
2944 2765 3142 2815 Πυθίου
3200 2770 3292 2816 τοῦ
3358 2762 3547 2816 Μυσοῦ
3598 2768 3818 2835 προσείη

2222 2850 2466 2917 τάλαντα,
2508 2855 2598 2902 καὶ
2628 2851 2823 2923 πλέθρα
2850 2860 2949 2922 γῆς
2997 2857 3131 2904 τόσα
3158 2856 3248 2903 καὶ
3297 2856 3446 2921 τόσα,
3489 2857 3582 2904 καὶ
3624 2850 3823 2924 βοσκη-

2220 2941 2396 3011 μάτων
2429 2940 2579 3011 ἑσμοὶ
2626 2941 2832 3001 πλείους
2878 2942 2903 2999 ἲ)
2957 2940 3275 3014 ἀριθμῆσαι,
3318 2938 3471 2994 οὐδὲν
3526 2941 3820 3016 ἐξαρκέσει.

2221 3028 2354 3079 Ἀλλ’
2393 3031 2565 3101 ὥσπερ
2611 3033 2659 3082 οἱ
2698 3034 2787 3091 τὰς
2834 3030 3093 3103 κλίμακας
3135 3030 3515 3101 ἀναϐαίνοντες,
3563 3031 3642 3083 ἀεὶ
3699 3036 3826 3103 πρὸς

462 3099 915 3171 conquiescunt,
938 3115 1124 3171 quam
1151 3099 1230 3155 ad
1256 3115 1561 3155 summum
1611 3099 1989 3170 perveniant:
2026 3100 2108 3155 sic

2228 3122 2311 3174 τὴν
2336 3119 2703 3191 ὑπερκειμένην
2853 3116 3101 3191 βαθμίδα
3147 3123 3205 3171 τὸ
3264 3124 3412 3191 ἴχνος
3467 3123 3724 3193 αἴροντες,
3768 3122 3825 3172 οὔ

464 3191 521 3242 et
540 3186 600 3242 bi
630 3187 879 3259 quando
907 3187 1069 3242 hunc
1096 3187 1342 3243 divitem
1366 3188 1645 3255 assecuti,
1679 3186 1993 3243 confestim
2025 3188 2113 3243 di-

466 3275 597 3331 tiori
626 3274 823 3330 adhuc
848 3290 1024 3346 pares
1048 3274 1173 3330 ﬁeri
1205 3279 1535 3331 conantur:
1570 3279 1625 3331 et
1654 3275 1755 3331 ubi
1787 3292 1924 3331 eum
1963 3290 2109 3347 quo-

468 3379 586 3435 que
617 3363 939 3432 attigerint,
972 3363 1236 3419 studium
1275 3380 1453 3419 suum
1507 3366 1585 3420 ad
1638 3365 1817 3421 alium
1868 3365 2112 3421 transfe-

465 3457 623 3517 runt,
657 3456 714 3507 ct
741 3466 862 3507 non
886 3456 1120 3508 cessant
1140 3453 1218 3508 ab
1249 3454 1591 3526 appetenda
1611 3454 1895 3526 potentia,
1918 3454 2112 3511 donec

463 3541 522 3596 in
556 3540 811 3597 sublime
843 3542 1048 3609 evecti,
1073 3542 1193 3598 alto
1215 3559 1361 3599 casu
1384 3544 1613 3617 seipsos
1639 3543 2038 3601 contundant.

534 3812 585 3863 2.
620 3811 694 3878 (4)
728 3813 917 3883 Atque
944 3814 1008 3867 ut
1027 3810 1131 3883 qui
1154 3826 1275 3883 prae
1297 3811 1536 3886 insaqia
1561 3813 1762 3866 mente
1788 3811 2110 3881 motisunt,

462 3913 555 3953 res
586 3899 752 3971 ipsas
778 3915 900 3956 non
923 3900 1255 3967 intuentur;
1283 3901 1391 3955 sed
1420 3916 1492 3955 ea
1506 3914 1578 3955 ex
1599 3900 1819 3972 quibus
1846 3899 2112 3956 afﬁciun-

464 3990 591 4042 tur:
630 3988 711 4041 sic
743 4003 1063 4043 avarorum
1086 3990 1617 4061 animus,pecuniae
1634 3989 1915 4046 aviditate
1933 3990 2113 4045 obru-

468 4078 581 4138 tus,
609 4078 827 4129 cuncta
857 4083 1326 4142 aurum,cuncia
1347 4082 1663 4145 argentum
1693 4078 1882 4134 videt:
1917 4095 1987 4135 ac
2025 4078 2114 4134 lu-

465 4160 705 4216 bentius
732 4176 947 4217 aurum
973 4178 1152 4232 quam
1178 4163 1366 4219 solem
1396 4164 1719 4220 intueatur.
1736 4167 1890 4221 Verti
1912 4167 2119 4223 omnia

466 4250 528 4305 in
549 4250 679 4305 auri
710 4255 991 4305 naturam
1015 4255 1278 4323 exoptat,
1313 4257 1492 4323 atque
1518 4253 1577 4308 in
1606 4253 1668 4308 id
1693 4254 1985 4310 incumbit
2005 4270 2116 4326 pro

463 4338 634 4394 virili.
658 4339 810 4406 Quid
828 4341 990 4395 enim
1012 4355 1135 4396 non
1156 4340 1401 4397 molitur
1428 4346 1673 4414 propter
1702 4344 1958 4399 aurum?
1977 4345 2116 4399 Fru-

2220 3211 2467 3281 πρότερον
2533 3206 2864 3278 ἀφίστανται,
2928 3214 3052 3282 πρὶν
3105 3209 3165 3259 ἀν
3213 3217 3309 3270 τῆς
3371 3210 3535 3281 ἄκρας
3606 3207 3829 3280 ἀφίκωνο

2220 3314 2306 3346 ται
2337 3300 2412 3359 (6)
2446 3312 2459 3326 ”
2512 3296 2645 3348 οὕτω
2684 3302 2773 3348 καὶ
2826 3298 2990 3364 οὗτοι,
3043 3300 3162 3350 ὅταν
3200 3306 3379 3350 τοῦτον
3433 3302 3521 3349 τόν
3572 3297 3827 3350 πλούσιον

2220 3384 2625 3452 καταλάϐωσιν,
2682 3386 2829 3446 εὐθὺς
2885 3395 2956 3457 τῷ
3012 3387 3375 3461 πλουσιωτέρῳ
3446 3389 3824 3460 παρισωθῆναι

2222 3474 2568 3545 φιλονεικοῦσι
2597 3490 2609 3503 ·
2642 3473 2735 3525 κᾶν
2780 3474 2856 3527 ἐπ’
2902 3475 3087 3528 ἐκεῖνον
3127 3478 3419 3547 φθάσωσιν,
3452 3474 3536 3527 ἐπὶ
3562 3478 3652 3526 τόν
3673 3475 3826 3526 οἱλλον

2220 3567 2315 3621 τήν
2358 3561 2597 3621 σπουδὴν
2628 3569 2996 3639 μεταφέρουσι,
3036 3570 3125 3617 καὶ
3154 3564 3213 3616 ου
3251 3568 3504 3616 παύονται
3543 3573 3643 3626 τῆς
3690 3567 3827 3616 κατὰ

2220 3658 2314 3709 τὴν
2369 3650 2678 3705 δυναστείαν
2731 3656 2916 3726 ὁρμῆς,
2970 3657 3063 3715 ἓως
3098 3654 3159 3704 ἁν
3221 3653 3529 3724 ὑψωθεντες,
3581 3652 3685 3705 ἀπὸ
3743 3673 3829 3724 μεθ

2221 3748 2415 3815 τεώρου
2447 3750 2538 3794 τοῦ
2568 3748 2842 3814 πτώματος
2875 3743 3088 3803 ἑαυτοὺς
3113 3742 3504 3817 καταρρήξωσι.

2295 3836 2347 3886 2.
2407 3835 2507 3884 Καὶ
2572 3834 2744 3904 ὥσπερ
2803 3834 2851 3883 οἱ
2894 3831 2993 3884 ὑπὸ
3037 3837 3227 3903 μανίας
3278 3834 3573 3905 παράφοροι
3640 3830 3703 3882 οὐ
3765 3835 3828 3882 τά

2224 3922 2511 3993 πράγματα
2568 3919 2873 3992 βλέπουσιν,
2925 3919 3051 3972 ἀλλά
3097 3924 3164 3972 τὰ
3208 3920 3262 3972 ἐκ
3313 3928 3404 3973 τοῦ
3449 3922 3656 3979 παθους
3707 3940 3831 3991 φανο

2223 4009 2507 4069 τάξονταιο
2565 4009 2723 4069 οὕτως
2761 4011 2790 4067 ἡ
2850 4016 2942 4061 τοῦ
2995 4008 3299 4062 πλεονέκτου
3348 4009 3503 4079 ψυχὴ
3560 4016 3626 4079 τῇ
3688 4009 3833 4080 φιλο-

2226 4104 2507 4171 χρηματίᾳ
2552 4100 2965 4169 καταχωσθεῖσα
3004 4100 3101 4168 (7),
3151 4100 3319 4151 πάντα
3374 4101 3605 4172 χρυσόν,
3656 4102 3831 4149 πάντα

2226 4190 2451 4262 ἄργυρον
2476 4186 2676 4259 βλέπει.
2711 4182 2895 4239 Ἥδιον
2936 4185 2996 4237 ἂν
3028 4182 3117 4259 ἴδῃ
3162 4188 3237 4257 (8)
3265 4190 3349 4239 τόν
3379 4188 3610 4259 χρυσόν,
3638 4185 3705 4243 τῆ
3744 4191 3831 4237 τὸν

2228 4276 2391 4335 ἣλιον.
2421 4280 2649 4347 Εὔχεται
2671 4277 2839 4328 πάντα
2863 4279 2991 4348 πρός
3022 4280 3116 4333 τὴν
3141 4283 3231 4327 τοῦ
3253 4282 3463 4349 χρυσοῦ
3488 4277 3645 4346 φύσιν
3672 4294 3834 4345 μετα-

2227 4363 2501 4435 ϐληθῆναι,
2529 4368 2620 4416 καὶ
2650 4362 2841 4416 ἐπινοεῖ
2875 4362 3045 4435 μέντοι
3075 4364 3192 4416 καθ’
3236 4366 3358 4416 ὅσον
3411 4364 3515 4415 οἶόν
3545 4382 3621 4418 τε.
3664 4369 3836 4415 Ποίαν

463 4433 736 4485 mentum
753 4429 821 4485 iit
840 4428 924 4484 illi
953 4445 1193 4493 aurum,
1210 4429 1421 4485 vinum
1448 4430 1508 4486 in
1530 4447 1745 4487 aurum
1765 4433 2108 4501 concrescit,

2228 4456 2323 4526 γὰρ
2351 4458 2599 4526 μηχανὴν
2633 4449 2727 4505 δια
2756 4456 2963 4526 χρυσὸν
3010 4452 3070 4504 οὐ
3109 4460 3277 4519 κινεῖ;
3310 4451 3367 4503 Ὀ
3423 4459 3565 4511 σῖτος
3619 4457 3835 4525 χρυσὸς

462 4515 615 4573 lanae
650 4516 731 4573 illi
766 4517 827 4573 in
865 4533 1081 4574 aurum
1125 4522 1467 4581 vertuntur;
1518 4523 1856 4575 mercatura
1893 4522 2112 4591 omnis,

461 4605 657 4661 omnis
678 4605 916 4662 solertia
937 4608 1094 4679 parit
1117 4607 1197 4662 illi
1216 4622 1452 4663 aurum.
1470 4609 1675 4679 Ipsum
1694 4624 1911 4664 aurum
1936 4623 2111 4677 gene-

459 4698 552 4749 rat
606 4695 1020 4766 semetipsum,
1053 4695 1201 4751 dum
1248 4711 1357 4769 per
1386 4696 1595 4753 fenore.
1644 4696 2109 4769 multiplicatur;

459 4797 653 4853 neque
685 4782 839 4837 ullus
868 4784 1009 4839 linis
1050 4785 1350 4857 reperitur
1387 4786 1749 4857 cupiditatis.
1787 4791 1868 4843 Ac
1912 4789 2113 4861 pueris

459 4870 707 4942 quidem
731 4871 957 4939 gulosis
977 4872 1337 4946 plerumque
1366 4876 1852 4941 concedimus,ut
1879 4877 1951 4932 iis
1975 4894 2112 4949 quae

465 4960 733 5032 cupiunt,
749 4975 879 5016 sese
908 4960 1153 5017 abunde
1178 4962 1477 5035 expleant,
1493 4969 1557 5020 ut
1573 4980 1680 5036 per
1699 4966 1995 5036 majorem
2016 4982 2113 5023 sa-

469 5049 765 5107 turitatem
804 5049 1110 5105 fastidium
1154 5051 1303 5122 ipsis
1351 5052 1653 5109 aiferatur.
1704 5058 1937 5113 Avarus
1989 5071 2114 5115 non

536 5177 612 5245 (1)
639 5178 722 5231 Ex
760 5175 926 5231 hom.
957 5175 1022 5230 in
1049 5181 1237 5233 mart.
1268 5178 1565 5247 Jutittam,
1597 5180 1692 5234 39.

546 5250 619 5319 (2)
650 5250 727 5302 Ex
759 5262 940 5319 serm.
962 5248 1337 5319 Detegcndis
1366 5249 1531 5304 libris
1554 5256 1740 5319 gent,
1776 5251 1897 5307 183.

541 5318 618 5389 (3)
648 5321 728 5373 Ex
759 5318 923 5373 hom.
946 5318 1009 5373 in
1030 5318 1260 5383 divites,
1290 5323 1375 5373 57.

542 5389 618 5459 (4)
652 5390 737 5463 Ex
764 5390 930 5446 hom.
964 5390 1025 5443 in
1063 5389 1209 5463 illud
1240 5392 1430 5457 Lucae,
1460 5390 1801 5463 Destruam,
1840 5396 1926 5449 47.

544 5463 620 5534 (ὅ)
651 5460 1059 5534 ’ὶ·περκειμένην.
1095 5460 1185 5518 Sic
1215 5464 1529 5517 contextus
1555 5460 1949 5523 BasiliiJEditi
1972 5480 2109 5523 nos-

473 5530 557 5603 tri
568 5530 922 5603 ὑποκειμένην.

542 5602 622 5671 (6)
649 5602 979 5673 Ἀφίκωνται.
1012 5605 1177 5662 Forte
1197 5602 1490 5674 ἐφίκωνται.
1524 5606 1678 5661 EDIT.

2225 4542 2365 4612 αὐτῷ
2404 4546 2636 4613 γίνεται*
2671 4543 2697 4593 ό
2746 4540 2880 4601 οἰνος
2929 4541 3000 4603 εἰς
3046 4544 3253 4614 χρυσόν
3299 4546 3694 4613 μεταπήγνυται
3718 4558 3733 4570 ⁸
3767 4547 3836 4594 τα

2224 4634 2337 4706 ἔρια
2358 4632 2497 4701 αὐτῷ
2544 4630 2955 4706 ἀποχρυσοῦται
2982 4647 2993 4659 ·
3046 4636 3193 4682 πᾶσα
3230 4629 3477 4702 ἐμπορία,
3532 4635 3683 4681 πᾶσα
3714 4629 3832 4682 ἐπί-

2221 4740 2337 4773 νοια
2383 4724 2590 4795 χρυσόν
2648 4720 2788 4791 αὐτῷ
2835 4722 3091 4793 προσάγει
3155 4720 3260 4789 (9).
3328 4718 3495 4779 Αὐτὸς
3550 4718 3737 4770 ἑαυτὸν
3804 4721 3830 4771 ό

2222 4814 2430 4883 χρυσός
2459 4808 2735 4881 ἀπογεννᾲ,
2758 4808 3304 4879 πολυπλασιαζόμενος
3359 4806 3407 4859 ἐν
3452 4804 3787 4879 δανείσμασι
3813 4826 3826 4837 ο

2221 4905 2308 4951 καὶ
2346 4898 2483 4959 τελος
2531 4906 2627 4960 τῆς
2680 4897 2958 4970 ἐπιθυμίας
3008 4897 3104 4949 οὐκ
3151 4896 3521 4969 ἐξευρίσκεται.
3567 4902 3680 4948 Τῶν

2221 4990 2322 5060 γὰρ
2364 4984 2569 5040 παίδων
2607 4994 2717 5049 τοῖς
2745 4986 2945 5059 λίχνοις
2990 4982 3216 5057 ἀφειδῶς
3258 4985 3505 5047 πολλάκις
3546 4982 3829 5059 ἐνδίδομεν

2223 5085 2322 5129 τῶν
2374 5072 2847 5149 περισπουδάστων
2907 5077 3017 5145 (in)
3077 5074 3630 5147 ὑπερεμπίμπλασθαι,
3690 5078 3826 5131 ὥστε

2291 5184 2371 5255 (7)
2396 5184 2849 5255 ,Καταχωσθιῖσά
2881 5182 3205 5237 Contextus
3226 5182 3650 5253 πατασχεθείσα.

2296 5250 2366 5324 (8)
2392 5250 2733 5326 Ἱδῃ.ἰῖόι“ιθ
2766 5250 2893 5307 irim.
2926 5255 3076 5326 Eon.

2294 5323 2370 5394 (9)
2403 5323 2685 5399 Προσάγει.
2727 5326 2819 5399 Sic
2858 5324 3136 5380 codicum
3168 5324 3315 5380 alter
3353 5327 3410 5381 et
3439 5323 3636 5380 Basilii
3680 5338 3824 5380 cono

2224 5397 2455 5452 textus.
2471 5397 2621 5452 Editi
2649 5398 2886 5467 προάγει.

2433 5475 2543 5520 Τῶν
2573 5464 2830 5541 περισπού
2842 5464 3069 5541 άστων.
3098 5467 3191 5523 Sic
3216 5466 3378 5541 idem
3408 5465 3597 5524 codex
3621 5470 3677 5524 et
3706 5469 3818 5524 Ba-

2223 5538 2334 5595 silli
2359 5536 2683 5597 COntextus.
2713 5538 2861 5597 Editi
2881 5546 2954 5608 τῷ
2990 5536 3453 5611 περισπουδάστῳ.
