4056 6222
255 290 390 346 1185

1435 282 1660 343 SERMO
1699 277 1790 339 Vl.
1829 308 1897 322 —
1935 277 2025 338 DE
2062 283 2415 343 AVARITIA.

3469 296 3604 353 1186

253 418 326 482 τῷ
392 407 763 485 ὑπερϐάλλοντι
826 409 962 481 κόρῳ
1001 410 1094 465 τὴν
1158 406 1491 484 ἀποστροφὴν
1541 406 1851 480 ἐμποιῆσαι.

1971 404 2107 463 item
2133 425 2148 464 :
2178 407 2285 464 sed
2313 424 2436 482 quo
2476 406 2752 482 pluribus
2801 408 3223 484 impletur,hoc
3251 413 3428 486 plura
3455 415 3613 473 desi-

250 483 311 553 Ὀ
377 496 437 554 δὲ
475 498 814 566 πλεονέκτης,
866 496 972 569 οὐχ
1025 496 1186 560 οὕτως
1217 511 1230 525 ·
1280 495 1388 549 ἀλλ’
1451 498 1556 567 ὅσῳ
1612 495 1856 549 πλειόνων

256 591 574 665 ἐμφορεῖται,
631 589 874 643 πλειόνων
923 585 1140 660 ἐφίεται.
1199 591 1269 642 Τὸ
1325 592 1415 662 μὲν
1481 595 1584 662 πῦρ
1646 582 1856 639 ἐπειδὰν

257 684 636 755 καταπρήσεως
687 677 910 748 ἅψηται,
972 673 1190 730 σπεύδει
1243 684 1416 730 πᾶσαν
1487 676 1858 748 ἐπινεμηθῆναι

260 775 354 828 τὴν
385 767 529 827 ῡλην·
573 771 662 820 καὶ
701 763 871 828 οὐδεὶς
908 765 1049 838 αύτῷ
1097 767 1173 838 (1)
1213 774 1409 825 στῆσαι
1463 763 1704 834 δύναται,
1737 768 1857 839 πρὶν

262 861 324 912 οἶν
382 857 615 930 ἐπιλείπῃ
676 858 707 916 ἡ
758 855 877 915 ύλη.
929 859 1027 910 Τόν
1085 852 1144 910 δε
1195 857 1496 915 πλεονέκτην
1535 861 1587 909 τί
1635 852 1857 908 δύναται

260 947 539 1020 ἐπισχεῖν;
574 949 744 1021 Πυρός
793 945 908 998 ἐστι
954 944 1352 1022 χαλεπώτερος,
1378 947 1547 999 πάντα
1593 940 1688 997 διὰ
1733 963 1856 996 συν-

261 1042 442 1109 εχείας
498 1039 795 1108 νεμόμενος.
854 1032 1040 1088 ’Ἑλαϐε
1108 1037 1175 1086 τὰ
1237 1041 1330 1087 τοῦ
1393 1033 1640 1093 πλησίον
1705 1031 1855 1095 ἄλλος

258 1124 478 1197 ἀνεφάνη
545 1128 747 1196 γείτων,
803 1127 893 1175 καὶ
948 1125 1014 1176 τά
1051 1121 1244 1177 ἐκείνου
1297 1120 1745 1187 ἐξιδιοποιήσατο.
1779 1121 1855 1175 Οὐ

257 1223 367 1278 τοῖς
396 1217 616 1267 κατόπιν
648 1216 922 1288 προσέχει,
971 1213 1051 1265 ὅτι
1089 1212 1254 1266 πολλά
1275 1230 1287 1244 ο
1324 1212 1452 1266 ἀλλά
1487 1220 1597 1274 τοῖς
1643 1212 1855 1266 λείπου-

258 1324 361 1367 σιν,
412 1302 492 1356 ὁτι
529 1306 765 1375 γείτονας
825 1305 1094 1360 κέκτηται.
1122 1302 1234 1355 Ούκ
1298 1302 1553 1379 εὐφραίνει
1599 1303 1666 1354 τὰ
1720 1320 1854 1359 κτη-

260 1395 425 1446 θέντα⁶
467 1391 598 1444 ἀλλά
651 1391 802 1444 λυπεῖ
848 1393 914 1444 τά
967 1390 1242 1464 λειπόμενα
1272 1411 1285 1426 ο
1323 1392 1382 1444 ού
1445 1399 1507 1465 τῇ
1569 1389 1853 1444 ἀπολαύσει

258 1491 356 1534 τῶν
414 1482 778 1554 συναχθέντων
816 1485 1090 1555 προσέχει,
1119 1479 1228 1532 ἀλλ’
1253 1480 1435 1534 ἑαυτὸν
1491 1477 1762 1552 ἐκδαπανᾷ
1787 1487 1850 1552 τῇ

255 1571 510 1644 ἐπιθυμίᾳ
552 1578 644 1632 τῆς
699 1577 791 1622 τοῦ
842 1568 1071 1632 πλείονος
1121 1575 1374 1632 κτήσεως.
1416 1571 1546 1624 Εἶτα
1573 1569 1854 1646 ἀγρυπνίαι

256 1659 502 1729 ἐντεῦθεν,
561 1662 617 1712 αἱ
666 1663 957 1732 μέριμναι,
1008 1661 1062 1712 αἱ
1123 1655 1429 1735 φροντίδες.
1486 1663 1550 1713 Τί
1605 1665 1850 1728 ποιήσω;

260 1747 470 1803 Καθελῶ
517 1767 619 1821 μου
687 1749 781 1811 τὰς
837 1745 1144 1819 ἀποθήκας,
1197 1752 1286 1801 καὶ
1350 1737 1587 1820 μείζονας
1651 1744 1856 1802 οἰκοδοο

258 1842 437 1910 μήσω.
485 1835 702 1912 Ἀφρον,
741 1834 790 1889 ἐν
837 1838 997 1910 ταύτῃ
1048 1844 1110 1909 τῇ
1173 1842 1322 1890 νυκτὶ
1373 1835 1659 1891 ἀπαιτοῦσι
1712 1839 1858 1912 παρά

260 1933 358 1980 σοῦ
422 1929 516 1985 τὴν
579 1924 810 1998 ψυχήνο
869 1924 905 1977 ἃ
986 1922 1046 1978 δὲ
1111 1925 1420 1999 ἡτοίμασας,
1495 1931 1599 1979 τίνι
1654 1928 1853 1994 ῖσταις

256 2015 465 2076 Μείζων
503 2022 594 2076 τῆς
645 2014 854 2068 αἰωνίου
910 2013 1175 2076 κολάσεως
1203 2015 1229 2067 ό
1267 2014 1426 2087 γέλως
1462 2021 1557 2077 τῆς
1587 2013 1854 2078 ἀϐουλίας.

256 2104 314 2158 Ὀ
362 2107 464 2180 γὰρ
519 2103 630 2176 μετ’
673 2102 845 2175 ὀλίγον
901 2101 1230 2177 ἀνάρπαστος
1261 2103 1484 2175 ἄγεσθαι
1523 2104 1602 2175 (2)
1639 2103 1854 2176 μέλλων,

256 2195 346 2248 οἶα
398 2192 750 2266 βουλεύεταις
802 2192 1010 2246 Καθελῶ
1076 2210 1176 2266 μου
1239 2195 1333 2255 τάς
1397 2191 1683 2255 ἀποθήκας.
1745 2199 1857 2247 Κα-

258 2285 358 2346 λῶς
387 2289 591 2354 ποιεῖς,
634 2287 789 2356 φαίην
845 2283 906 2334 οἶν
963 2283 1124 2354 ἔγωγε
1177 2286 1309 2355 πρὸς
1365 2283 1519 2335 αὐτόν
1548 2296 1562 2312 ⁶
1603 2282 1727 2346 ἄξια
1754 2286 1855 2358 γὰρ

257 2375 610 2446 καθαιρέσεως
659 2376 727 2426 τὰ
789 2379 1001 2445 ταμιεῖα
1044 2380 1133 2433 τῆς
1191 2368 1400 2433 ἀδικίας
1434 2415 1448 2431 ,
1509 2374 1858 2426 Κατάσκαπτε

259 2470 370 2523 ταῖς
445 2462 628 2515 ἑαυτοῦ
691 2465 898 2536 χερσὶν,
951 2461 987 2512 οἱ
1030 2469 1203 2523 κακῶς
1258 2457 1610 2534 ᾠκοδόμησας
1659 2461 1747 2513 λύε
1793 2463 1858 2513 τά

261 2547 616 2623 σιτοδοχεία,
658 2549 769 2603 ὅθεν
832 2547 1006 2612 οὐδεὶς
1081 2549 1278 2609 ἀπῆλθέ
1325 2569 1448 2604 ποτε
1520 2551 1856 2626 παραμυθίας

260 2653 460 2712 τυχων’
531 2638 782 2711 ἀφάνισον
835 2641 1004 2691 πάντα
1053 2635 1190 2691 οἷκον
1223 2681 1236 2706 ,
1270 2638 1558 2702 πλεονεξίας
1633 2637 1853 2710 φύλακα,

261 2728 624 2782 ἀποσκεύασον
680 2727 913 2802 ὀρόφους,
970 2727 1168 2801 περίελε
1223 2732 1476 2800 τοίχους,
1513 2723 1680 2790 δεῖξον
1729 2725 1857 2797 ἡλίῳ

261 2821 350 2872 τόν
415 2817 737 2891 εύρωτιῶντα
787 2824 948 2884 σῖτον,
997 2816 1218 2890 ἐξάγαγε
1275 2815 1327 2870 ἐκ
1367 2816 1598 2890 φυλακῆς
1650 2818 1734 2868 τόν
1775 2811 1859 2868 δέ-

263 2925 419 2980 σμιον
459 2905 674 2959 πλοῦτον
705 2949 718 2974 ,
762 2903 1111 2979 θριάμϐευσον
1158 2907 1223 2958 τά
1254 2907 1493 2957 σκοτεινά
1516 2911 1607 2957 τοῦ
1638 2907 1861 2976 μαμωνᾶ

260 3001 572 3067 καταγώγια
606 3037 618 3050 .
679 2993 889 3048 Καθελὼ
950 3013 1051 3067 μου
1109 2995 1201 3056 τάς
1261 2993 1552 3062 ἀποθήκας,
1609 2997 1698 3046 καὶ
1750 2997 1862 3064 μεί-

259 3087 414 3146 ζονας
474 3080 811 3156 οἰκοδομήσω
846 3125 858 3140 .

261 3192 364 3244 σῃς
403 3173 506 3244 (3),
536 3177 585 3225 τί
621 3190 745 3226 ποτε
789 3174 894 3245 ἄρα
945 3169 1274 3245 ὃιανοηθῆσῃ
1309 3191 1321 3240 ;
1356 3169 1490 3231 ἦπου
1539 3170 1692 3225 πάλιν
1739 3171 1864 3222 καθ-

1965 493 2154 552 derat.
2181 497 2258 568 (4)
2308 497 2466 568 Ignis
2513 502 2838 571 postquam
2885 514 3178 556 accensus
3235 506 3342 575 est,
3376 503 3619 562 festinat

1964 585 2278 643 materiam
2299 603 2541 644 omnem
2563 588 2889 661 depascere
2914 607 2926 642 :
2949 605 3060 646 nec
3078 590 3404 665 quisquam
3424 595 3618 666 prius-

1964 687 2149 744 quam
2179 675 2430 732 materia
2447 675 2853 743 deﬁciat,eum
2879 677 3082 735 sistere
3106 683 3324 752 potest.
3354 685 3620 739 Avarum

1964 767 2167 819 autem
2196 764 2346 836 quid
2375 769 2569 838 potest
2605 765 2883 822 cohibere
2903 767 2930 823 ?
2961 770 3101 838 Igne
3141 769 3278 842 ipso
3319 775 3406 828 est
3443 787 3620 845 aspe-

1961 851 2102 920 rior,
2134 853 2339 910 omnia
2362 854 2734 911 continenter
2767 855 3126 927 depascens.
3145 859 3461 932 Usurpavit
3485 877 3621 933 quae

1964 940 2220 1014 proximi
2245 945 2419 1011 sunt;
2454 942 2606 998 alius
2653 943 2877 1015 prodiit
2904 944 3163 1013 vicinus,
3193 947 3322 1017 ejus
3376 964 3622 1022 quoque

1964 1029 2130 1086 bona
2153 1030 2267 1086 sibi
2318 1031 2684 1104 assumpsit:
2726 1033 2900 1104 500
2928 1048 3050 1089 non
3099 1036 3350 1092 attendit
3380 1037 3449 1092 iis
3483 1054 3620 1109 quia

1963 1119 2130 1190 prius
2148 1124 2320 1192 parta
2345 1120 2605 1188 fuerunt,
2629 1121 2796 1192 quod
2825 1122 3018 1178 multa
3051 1128 3219 1179 sunt:
3246 1124 3354 1179 sed
3381 1124 3454 1180 iis
3481 1141 3618 1197 qum

1963 1206 2373 1280 desunt,quod
2399 1208 2629 1265 vicinos
2654 1209 2992 1267 habet.Non
3021 1211 3261 1269 laetatur
3284 1214 3614 1286 possessis:

1963 1295 2069 1353 sed
2099 1296 2174 1352 de
2214 1297 2287 1352 iis
2329 1313 2466 1370 quas
2517 1297 2754 1368 desunt,
2787 1298 2950 1356 dolet
2977 1317 2990 1355 :
3022 1316 3219 1374 neque
3249 1302 3330 1359 ad
3373 1318 3446 1359 ea
3474 1318 3613 1376 quae

1963 1385 2263 1457 congessit
2288 1382 2655 1458 perfruenda
2683 1387 2956 1444 animum
2988 1390 3252 1463 appellit,
3287 1391 3392 1447 sed
3423 1409 3612 1464 opum

1961 1473 2327 1546 ampliorum
2356 1473 2655 1531 desiderio
2679 1475 2946 1532 absumit
2972 1479 3612 1550 semetipsum.Deinde

1961 1561 2103 1619 hinc
2131 1562 2370 1633 vigiliae,
2397 1578 2575 1630 curae,
2601 1563 3051 1620 sollicitudines.
3075 1567 3225 1631 Quid
3245 1566 3496 1623 faciam?
3516 1570 3619 1625 Di-

1961 1666 2138 1709 ruam
2160 1652 2374 1709 horrea
2387 1659 2598 1723 mea,et
2611 1654 2912 1723 ampliora
2937 1655 3616 1727 wdiﬁcabo.Stulte,hac

1885 1770 1925 1826 Β
1959 1748 2132 1799 nocte
2161 1744 2421 1800 animam
2450 1748 2617 1799 tuam
2658 1749 2929 1812 repetunt
2951 1760 2988 1802 a
3018 1750 3103 1802 te:
3128 1761 3263 1818 quae
3292 1753 3489 1805 autem
3513 1763 3619 1818 pa-

1962 1831 2130 1902 rasti,
2164 1832 2336 1901 cujus
2361 1837 2536 1888 erant
2567 1832 2614 1868 ‘3
2635 1831 2663 1886 ‘2
2690 1831 2768 1902 (5)
2793 1834 2928 1890 Haec
2983 1833 3175 1891 irrisio
3225 1836 3484 1892 stultitiae
3516 1853 3618 1893 su-

1964 1923 2135 1992 perat
2177 1919 2541 1992 supplicium
2589 1924 2904 1977 aeternum.
2933 1921 3044 1987 Qui
3066 1923 3226 1979 enim
3269 1924 3455 1997 paulo
3484 1928 3622 1997 post

1963 2009 2292 2082 rapiendus
2322 2014 2414 2067 est
2437 2013 2494 2066 et
2513 2009 2931 2082 abducendus,
2953 2012 3158 2084 qualia
3173 2014 3236 2070 in
3258 2015 3464 2071 animo
3485 2030 3619 2071 ver-

1965 2102 2059 2156 sat
2083 2098 2331 2156 consilia
2345 2099 2374 2154 ?
2397 2100 2717 2157 Destruam
2742 2099 2959 2158 horrea
2973 2105 3307 2160 mea.Recte
3331 2103 3620 2174 facis,ego

1964 2189 2093 2261 ipse
2119 2189 2173 2245 ei
2199 2188 2666 2259 dixerim.Digna
2694 2189 2857 2246 enim
2887 2195 3025 2247 sunt
3050 2208 3180 2264 qua:
3210 2191 3618 2260 destruantur,

1965 2276 2295 2350 iniquitatis
2345 2278 2580 2335 horrea.
2607 2278 2743 2334 Tuis
2773 2279 2901 2351 ipse
2938 2279 3222 2336 manibus
3264 2282 3434 2337 dirue
3480 2297 3618 2353 quas

1965 2365 2124 2423 male
2174 2365 2506 2423 aediﬁcasti.
2542 2366 2715 2423 Solve
2743 2366 3164 2426 fromentarias
3211 2385 3426 2441 penus,
3454 2369 3619 2425 unde

1964 2469 2145 2511 nemo
2175 2469 2450 2527 unquam
2479 2454 2768 2511 allevatus
2798 2455 3207 2513 exiit.Destrue
3236 2472 3480 2513 omnem
3514 2457 3618 2514 do-

1965 2559 2137 2600 mum
2182 2542 2449 2599 avaritiaa
2497 2544 2833 2611 custodem,
2864 2549 3059 2602 everte
3114 2549 3288 2614 tecta,
3329 2545 3617 2602 demolire

1967 2646 2194 2700 muros,
2222 2631 2470 2688 ostende
2497 2631 2610 2689 soli
2648 2631 3015 2689 frumentum
3054 2634 3377 2703 cariosum,
3403 2634 3555 2690 educ
3586 2649 3619 2690 e

1967 2735 2209 2780 carcere
2222 2721 2447 2777 vinctas
2467 2722 2873 2794 opes,produc
2889 2723 2948 2778 in
2968 2723 3280 2794 publicum
3303 2724 3620 2781 tenebrosa

1967 2825 2338 2866 mammonae
2369 2809 2682 2866 conclavia
2713 2827 2726 2865 :
2762 2813 3077 2868 Destruam
3127 2812 3341 2869 horrea
3385 2827 3536 2882 mea,
3567 2819 3620 2869 et

1968 2901 2204 2970 majora
2226 2898 2540 2968 aediﬁcabo.
2564 2898 2737 2964 Quod
2759 2899 2809 2954 si
2824 2899 2953 2955 haec
2983 2915 3227 2972 quoque
3259 2900 3623 2983 impleveris,

1970 2988 2116 3061 quid
2146 2993 2272 3044 tum
2301 2987 2669 3057 excogitabis
2685 2989 2713 3045 ?
2733 3004 3022 3045 rursusne
3041 2989 3396 3059 destrues,et
3415 3005 3624 3045 rursus

911 3083 1027 3137 Ἐἀν
1103 3079 1162 3136 δε
1245 3088 1334 3136 καὶ
1405 3086 1594 3143 ταύτας
1659 3080 1859 3154 ἐμπλή-

1971 3075 2294 3132 zediﬁcabis
2308 3078 2336 3132 ?
2363 3075 2514 3141 Quid
2541 3075 2991 3150 stultius,quam
3019 3077 3294 3135 laborare
3310 3082 3624 3150 perpetuo,

1973 3165 2269 3222 aediﬁcare
2288 3164 2621 3236 diligenter,
2649 3170 2706 3223 et
2733 3166 3045 3236 diligenter
3070 3167 3374 3223 destruere
3398 3168 3426 3224 ?

258 3265 542 3336 αιράσεις,
608 3266 697 3314 καὶ
772 3260 925 3315 πάλιν
1005 3258 1407 3334 οἰκοδομήσεις;
1459 3265 1558 3315 Καὶ
1632 3266 1684 3313 τί
1748 3261 1942 3312 τούτων
2008 3255 2340 3328 ἀνοητότερον
2374 3295 2388 3322 ,
2455 3253 2716 3328 ἀπέραντα
2796 3257 3055 3329 μοχθεῖν,
3124 3252 3419 3329 οἰκοδομεῖν
3498 3259 3628 3328 μετά

261 3348 528 3416 σπουδῆς,
569 3355 658 3403 καὶ
677 3354 808 3424 μετὰ
848 3347 1085 3412 σπουδῆς
1113 3353 1377 3427 καθαιρεῖν
1407 3367 1420 3417 ;

337 3469 390 3523 3.
421 3465 526 3520 Κοῐν
591 3469 679 3539 μέν
745 3464 975 3539 ἀκούσῃς
1008 3507 1022 3533 ,
1091 3464 1342 3524 Πωλησόν
1401 3484 1496 3518 σου
1552 3467 1619 3517 τοί
1691 3465 1863 3540 ὑπαρ-

264 3573 454 3626 χοντα,
517 3559 602 3607 κοὶ
666 3551 759 3615 δός
824 3561 1082 3627 πτωχοῖς,
1147 3555 1230 3606 ἵνα
1292 3557 1419 3626 ἔχῃς
1467 3551 1672 3626 ἐφόδιον
1737 3556 1867 3628 πρός

262 3649 360 3703 τὴν
413 3643 617 3696 αἰώνιον
676 3643 986 3714 ἀπόλαυσιν,
1041 3642 1248 3718 ἀπερχῃ
1302 3642 1617 3716 λυπούμενος
1645 3657 1658 3673 ⁸
1701 3643 1761 3694 οἷν
1809 3638 1866 3694 δὲ

265 3733 518 3806 ἀκούσῃς,
543 3736 634 3794 Δός
676 3739 936 3808 χρήματα
970 3733 1179 3806 γυναιξὶ
1232 3729 1528 3804 χλιὸώσαις
1553 3775 1566 3800 ,
1600 3728 1692 3793 δὸς
1719 3730 1867 3784 λιθο-

267 3822 431 3890 ξόοις,
477 3825 703 3889 τέκτοσι,
743 3820 1101 3894 ψηφοθέταις,
1153 3823 1466 3894 ζωγράφοις,
1520 3824 1728 3892 χαίρεις
1801 3822 1871 3880 ὡς

266 3907 338 3968 δή
374 3930 426 3962 τι
452 3913 738 3984 χρημάτων
785 3915 1088 3985 τιώιὼτερον
1145 3916 1554 3983 κατακτώμενος·
1587 3909 1708 3980 Ούχ
1747 3909 1872 3984 ὁρᾷς

261 4004 387 4062 τοὺς
451 4006 664 4073 τοίχους
709 4004 924 4063 τούτους
972 4004 1089 4062 τοὺς
1139 4002 1238 4054 ύπό
1285 4008 1376 4053 τοῦ
1444 4005 1640 4076 χρόνου
1684 3999 1871 4074 καταρ-

262 4092 508 4166 ῥυέντας,
542 4087 609 4141 ὧν
669 4093 735 4143 τὰ
799 4090 1018 4161 λείψανα
1070 4093 1243 4164 ὥσπερ
1295 4090 1536 4144 σκόπελοι
1591 4109 1724 4151 τινες
1780 4085 1872 4142 ὃιά

264 4190 369 4242 τῆς
398 4180 592 4242 πόλεως
643 4181 821 4240 πάσης
867 4178 1164 4251 ἀνέχουσι;
1208 4184 1372 4232 Πόσοι
1417 4177 1549 4238 ἦσαν
1606 4180 1741 4231 κατά
1778 4181 1871 4236 τὴν

2042 3472 2095 3526 3.
2130 3469 2206 3541 (6)
2236 3468 2407 3535 Quod
2432 3468 2482 3524 si
2510 3469 2808 3526 audieris:
2852 3471 3045 3528 Vende
3073 3487 3205 3545 qua:
3231 3472 3430 3542 habes,
3462 3478 3518 3529 et
3543 3473 3625 3530 da

1965 3558 2338 3630 pauperibus
2365 3560 2438 3627 θθ,
2459 3563 2525 3614 ut
2538 3558 2770 3616 habeas
2799 3560 3080 3616 viaticum
3108 3561 3186 3618 ad
3202 3565 3486 3618 aeternam
3502 3560 3625 3616 feli-

1973 3648 2232 3712 citatem,
2265 3646 2395 3702 abis
2450 3647 2633 3703 tristis
2667 3665 2680 3703 :
2715 3649 2765 3705 si
2802 3665 2944 3705 vero
2983 3650 3243 3706 audieris
3276 3664 3287 3703 :
3323 3655 3408 3706 Da
3446 3666 3625 3722 pecu-

1973 3737 2105 3793 nias
2133 3735 2484 3792 mulieribus
2521 3735 2868 3806 luxuriosis,
2899 3738 2975 3794 de
3022 3738 3316 3810 lapicidis,
3347 3739 3533 3794 fabris
3555 3737 3624 3793 li-

1976 3823 2218 3894 gnariis,
2242 3823 2592 3879 hominibus
2615 3824 2877 3881 calculos
2905 3824 3622 3898 locantibus,pictoribus,

1977 3916 2118 3969 tunc
2144 3911 2390 3985 perinde
2421 3912 2650 3982 gaudes
2680 3913 2810 3969 acsi
2830 3914 3165 3986 quidquam
3195 3914 3466 3987 pecuniis
3495 3928 3628 3986 pre-

1976 4000 2189 4057 tiosius
2220 3999 2519 4072 acquiras.
2545 4003 2671 4056 Non
2709 4001 2874 4058 vides
2902 4003 3124 4059 moenia
3167 4003 3295 4059 haec
3344 4001 3631 4074 temporis

1977 4089 2361 4147 diuturnitate
2390 4088 2681 4161 collapsa,
2713 4107 2975 4162 quorum
3019 4091 3283 4164 reliquiae
3317 4091 3480 4148 velut
3508 4107 3634 4146 sco-

1977 4177 2100 4250 puli
2126 4177 2377 4250 quidam
2394 4193 2500 4250 per
2523 4182 2710 4235 totam
2728 4179 2940 4235 urbem
2967 4181 3270 4238 eminent?
3293 4180 3634 4250 Quod,cum

265 4269 420 4323 πόλιν
457 4275 668 4331 πένητες
716 4271 908 4321 τούτων
970 4267 1320 4342 ἐγειρομένων,
1367 4270 1417 4320 οἵ
1483 4266 1578 4321 διὰ
1615 4272 1707 4326 τὴν
1755 4271 1862 4341 περ]

1977 4271 2408 4336 extruerentur,
2443 4271 2614 4324 erant
2641 4269 2703 4324 in
2732 4269 2881 4326 urbe
2921 4285 3242 4342 pauperes,
3275 4271 3379 4341 qui
3409 4270 3488 4326 ob
3519 4268 3642 4325 col-

266 4366 436 4411 ταῦτα
467 4354 705 4415 σπουδὴν
731 4359 831 4410 ὑπὸ
872 4365 970 4409 τῶν
1016 4362 1130 4410 τότε
1181 4356 1442 4410 πλουσίων
1489 4365 1870 4430 παρεωρὼντο;

270 4455 385 4500 Ποῦ
427 4453 598 4500 τοίνυν
630 4449 658 4505 ἠ
686 4446 898 4521 λαμπροί
929 4454 1026 4498 τῶν
1067 4448 1225 4520 ἔργων
1282 4451 1620 4511 κατασκευὴ;
1665 4454 1766 4498 ποῦ
1816 4441 1875 4498 δὲ

268 4538 298 4588 ὁ
334 4538 418 4589 ἐπὶ
567 4539 762 4588 τούτων
810 4535 1162 4608 μεγαλουργίᾳ
1193 4534 1505 4606 ζηλούμενος
1537 4551 1550 4602 ;
1593 4533 1667 4585 Ού
1699 4537 1762 4584 τα
1786 4537 1874 4605 μὲν

272 4630 611 4698 συγκέχυται
661 4630 750 4677 καὶ
808 4625 1110 4696 ἠφάνισται,
1145 4625 1319 4697 ὥσπερ
1360 4626 1426 4675 τὰ
1462 4626 1592 4675 κατά
1655 4619 1876 4675 παιδιὰν

269 4714 324 4769 ἓν
365 4721 482 4776 ταῖς
545 4713 784 4786 ψάμμοις
833 4715 932 4766 ὑπὸ
983 4722 1081 4765 τῶν
1151 4709 1355 4767 παίδων
1415 4711 1874 4784 φιλοτεχνούμενα,

268 4805 299 4858 ὁ
343 4800 404 4856 δὲ
443 4802 490 4855 ἐν
517 4811 589 4874 τῷ
619 4800 725 4875 ἀὸῃ
758 4809 945 4871 κεῖται,
972 4801 1056 4855 ἐπὶ
1104 4809 1165 4874 τῇ
1221 4797 1428 4873 σπουδῇ
1477 4809 1576 4852 τῶν
1642 4805 1876 4873 ματαίων

266 4891 748 4966 μεταμελούμενος;
791 4891 1034 4963 Μεγάλην
1095 4893 1186 4962 ἔχε
1243 4893 1333 4947 τὴν
1372 4889 1578 4961 ψυχὴν,
1620 4887 1875 4963 ἄνθρωπε.

265 4988 466 5053 Τοῑχοι
499 4976 558 5034 6“.
603 4985 692 5033 καὶ
729 4983 911 5056 μικροὶ
948 4984 1039 5032 καὶ
1089 4980 1314 5052 μείζονες
1351 4983 1444 5038 τὴν
1476 4978 1637 5036 αὐτὴν
1687 4983 1877 5052 χρείαν

268 5068 541 5144 πληροῦσι
594 5075 698 5130 τοῖς
739 5069 978 5141 ἔχουσιν.
1007 5065 1194 5139 Ἔχεις
1254 5064 1560 5135 ἀποθήκας,
1601 5064 1684 5120 ἐὰν
1737 5065 1880 5140 θελῇς

351 5212 400 5250 ⁵⁸
440 5213 577 5268 Luc.
611 5226 709 5268 xu.
747 5211 928 5269 18-20.
1003 5211 1050 5246 ⁶⁹
1090 5209 1292 5268 Matth.
1316 5225 1425 5279 xxx,
1451 5213 1540 5266 2i.

355 5354 431 5423 (1)
473 5353 640 5425 Αὐτῷ.
674 5352 1020 5425 Legendum
1052 5349 1284 5425 videtur
1321 5351 1467 5406 αὐτό.
1496 5353 1650 5408 Eorr.

355 5426 435 5495 (2)
476 5424 753 5496 Ἀγεσθαι.
794 5424 1079 5481 Codicum
1120 5424 1267 5480 alter
1302 5425 1560 5496 γενέσθαι.

358 5499 436 5569 (3)
473 5495 675 5569 ζεμπλή
687 5516 800 5568 res.
836 5496 929 5556 Sic
958 5499 1207 5568 uterque
1232 5495 1423 5554 codex
1447 5499 1504 5556 et
1536 5497 1872 5557 contextus.

284 5566 442 5629 Editi
467 5566 768 5643 ἐμπλήσεις.

1977 4357 2168 4413 latum
2198 4357 2259 4413 in
2289 4372 2362 4413 ea
2387 4357 2655 4414 studium
2687 4375 2724 4414 a
2753 4358 3037 4415 divitibus
3063 4360 3192 4429 ejus
3225 4358 3509 4429 temporis
3532 4373 3633 4413 ne-

1981 4445 2400 4516 gligebantur?
2431 4445 2540 4502 Ubi
2585 4446 2764 4518 igitur
2819 4446 3143 4519 splendida
3197 4460 3451 4517 operum
3477 4447 3632 4500 stru-

1981 4541 2150 4591 ctura
2171 4535 2196 4589 ?
2228 4534 2332 4590 ubi
2361 4534 2478 4604 ille,
2509 4535 2614 4606 qui
2644 4551 3013 4608 magnopere
3041 4534 3404 4591 laudabatur
3428 4534 3508 4590 ob
3534 4549 3632 4590 eo-

1981 4639 2116 4680 rum
2135 4623 2650 4692 magnilicentiam
2670 4624 2697 4678 ‘I
2726 4628 2933 4680 Nonne
2951 4623 3076 4678 haec
3087 4623 3331 4696 quidem
3349 4622 3633 4695 prolapsa

1983 4716 2039 4769 et
2067 4710 2310 4775 abolita,
2335 4715 2400 4768 ut
2427 4727 2519 4780 ea,
2551 4728 2687 4784 quas
2712 4712 2774 4768 in
2795 4727 2980 4768 arena
3007 4727 3044 4767 δ,
3063 4711 3267 4785 pueris
3287 4711 3633 4768 ludentibus

1982 4804 2387 4869 exstruuntur,
2418 4801 2587 4856 illum
2629 4806 2832 4858 autem
2852 4802 2914 4857 in
2941 4801 3175 4858 inferno
3195 4801 3497 4872 jacentem
3525 4802 3634 4858 im-

1982 4890 2154 4964 pensi
2177 4887 2358 4945 rebus
2387 4889 2556 4945 vanis
2608 4889 2788 4945 studii
2827 4891 3111 4962 poenitet?
3142 4891 3230 4947 Sis
3257 4891 3462 4947 animo
3493 4907 3631 4948 ma-

1984 4995 2125 5052 gno,
2151 4995 2187 5035 o
2217 4978 2423 5034 homo.
2448 4977 2591 5036 Muri
2618 4981 2745 5034 tum
2766 4980 2938 5052 parvi
2957 4983 3087 5037 tum
3115 4979 3324 5050 magni
3353 4979 3638 5038 eumdem

1985 5067 2434 5142 possidentibus
2463 5083 2644 5125 usum
2659 5072 2966 5141 praestant.
2996 5069 3073 5142 (7)
3100 5068 3295 5128 Habes
3322 5069 3558 5138 horrea,
3591 5066 3641 5125 si

2062 5352 2140 5424 (4)
2176 5352 2259 5408 Ex
2287 5351 2452 5424 hom.
2476 5351 2639 5410 dicta
2662 5354 2725 5411 in
2749 5355 3004 5418 Lacizis,
3035 5354 3159 5412 390.

2060 5423 2138 5496 (5)
2180 5427 2260 5479 Ex
2288 5423 2454 5496 bom.
2477 5425 2539 5480 in
2567 5424 2714 5481 illud
2756 5427 2944 5496 Lucra,
2967 5427 3304 5496 Destruam,
3333 5425 3422 5480 48.

2061 5495 2140 5563 (6)
2182 5496 2265 5550 Ex
2292 5495 2459 5553 hom.
2489 5499 2548 5552 ἰη
2580 5497 2810 5563 divites,
2839 5501 2925 5553 55.

2061 5569 2142 5636 (7)
2183 5568 2267 5626 Ex
2287 5565 2456 5631 hom.
2485 5567 2550 5628 in
2575 5567 2724 5631 illud
2747 5569 2939 5642 Lucae,
2970 5567 3308 5645 Destruam,
3331 5568 3421 5630 49.
