4056 6222
238 265 370 320 1189

1417 251 1650 314 ΞΕΒΜΟ
1688 252 1775 305 Vl.
1815 277 1888 302 πη
1923 249 2018 306 DE
2061 249 2409 310 AVARITIA.

3454 243 3590 319 μεθ

233 389 418 458 μένους
480 378 742 454 προσίὸω,
804 381 1036 439 ὕποπτος
1091 379 1272 438 αὐτοῖς
1335 374 1836 457 ἤδηδγεγενημένος

1970 373 2125 437 είεω,
2152 372 2266 428 illis
2293 375 2424 445 jam
2451 372 2718 446 perﬁdiae
2743 386 2814 429 ac
2837 368 3195 445 proditionis
3212 375 3458 432 nomine
3493 392 3592 432 su-

239 474 308 534 εὶς
357 472 640 536 ἀπιστίαν;
680 476 797 530 llo);
833 469 1034 525 οἰκήσω
1063 472 1155 526 τὴν
1197 467 1391 533 οἰκίαν,
1423 463 1628 538 ἐμαυτῷ
1669 483 1835 516 κατα-

242 564 504 622 σκευάσας
562 564 654 617 τήν
714 555 1010 623 ἀπαιδίανς
1060 566 1169 616 πῶς
1225 559 1308 608 ἐπὶ
1359 555 1617 630 τράπεζαν
1685 552 1835 620 ἔλθω,

243 650 298 702 ἐκ
343 651 593 708 τοιαύτης
641 649 941 719 προφάσεως
987 650 1082 703 τὴν
1130 645 1378 719 εὐπορίαν
1422 645 1694 715 ἔχουσαν;
1739 644 1840 698 Καὶ

245 742 270 792 6
294 741 392 811 μὲν
430 739 561 810 μετά
591 740 790 812 μυρίων
822 732 1063 808 δακρύων
1106 737 1191 786 τὸν
1237 733 1478 806 φίλτατον
1509 740 1607 784 τῶν
1639 727 1838 785 παίδων

247 825 645 899 ἀπεμπωλήσων
691 827 902 896 ἔρχεται
927 844 938 854 ο
992 825 1049 876 σε
1095 818 1153 875 δε
1200 822 1257 875 οὐ
1297 824 1524 894 κάμπτει
1561 824 1620 872 τὸ
1658 821 1840 884 πάθος,

250 916 310 966 οὐ
359 915 608 986 λογισμὸν
651 911 924 984 λαμϐάνεις
961 920 1052 972 τῆς
1082 914 1298 984 Quaem»;
1331 909 1468 983 ⁸Αλλ⁹
1500 912 1524 963 6
1556 914 1643 982 μεν
1692 909 1844 982 λιμὸς

252 1008 464 1076 συνέχει
516 1007 602 1054 τὸν
652 1001 854 1066 ἄθλιον,
902 1005 968 1053 σὺ
1022 997 1082 1053 δὲ
1133 999 1392 1071 ἀναϐάλλῃ
1442 1004 1534 1051 καὶ
1578 999 1842 1074 εἰρωνεύῃ,

248 1097 572 1166 μακροτέρων
624 1091 764 1160 αὐτῷ
816 1090 1222 1149 κατασκευάζων
1268 1094 1359 1146 τὴν
1405 1089 1702 1161 συμφοράν,
1746 1090 1845 1142 Καὶ

247 1185 275 1233 6
320 1185 409 1254 μεν
456 1183 521 1232 τα
572 1179 856 1250 σπλάγχνα
897 1183 1216 1252 προτείνεται
1256 1183 1411 1249 τιμὴν
1459 1186 1563 1228 τῶν.
1605 1184 1802 1251 τροφῶν
1828 1196 1842 1208 ο

252 1278 348 1323 σοῦ
379 1265 439 1321 δὲ
481 1269 540 1321 οὗ
581 1272 732 1340 μόνον
763 1268 857 1318 οὐκ
902 1265 1171 1342 ἀποναρκᾷ
1212 1269 1240 1325 ἡ
1284 1271 1430 1340 χεὶρ,
1461 1265 1518 1318 ἐκ
1547 1273 1644 1316 τῶν
1671 1267 1847 1316 τοιού-

252 1379 351 1409 των
415 1366 690 1431 συμφορῶν
757 1353 1121 1429 ὑποδεχομένη
1175 1360 1489 1428 τιμήματα⁸
1567 1352 1696 1405 ἀλλὰ
1758 1357 1847 1404 καὶ

256 1448 578 1518 ζυγομαχεῖς
635 1449 753 1520 περὶ
810 1452 898 1497 τοῦ
954 1445 1214 1505 πλείονος·
1276 1449 1365 1497 καὶ
1421 1445 1560 1503 ὅπως
1590 1441 1649 1494 ἂν
1715 1441 1847 1494 πολύ

251 1535 420 1586 λαϐὼν
470 1535 677 1588 ἔλαττον
732 1531 874 1607 ὃώης
933 1533 1248 1606 φιλονεικεῖς,
1305 1534 1631 1608 πανταχόθεν
1681 1529 1848 1604 βαρύ-

251 1646 349 1676 νων
379 1629 472 1682 τὴν
506 1626 776 1696 συμφορὰν
805 1631 878 1693 τῷ
905 1621 1084 1694 ἀθλίῳ.

438 1790 543 1842 Τὴν
603 1780 880 1836 Σελευκίδα
929 1788 987 1834 τὸ
1040 1786 1246 1859 ὄρνεον,
1301 1783 1377 1836 ἐπ’
1418 1784 1686 1856 εὐεργεσία
1749 1789 1848 1833 τῶν

259 1874 578 1947 ἀνθρώπων,
647 1872 925 1946 ἀκόρεστον
993 1870 1123 1925 εἶναι
1186 1875 1211 1924 6
1274 1877 1489 1936 κτίστης
1556 1881 1654 1924 τῶν
1723 1871 1849 1924 ὅλων

258 1962 675 2034 ἐμηχανήσατο·
720 1965 784 2014 σὺ
839 1959 897 2014 δὲ
946 1960 1030 2014 ἐπὶ
1074 1960 1242 2034 βλάϐη
1296 1970 1392 2013 τῶν
1439 1961 1636 2014 πολλῶν
1676 1961 1850 2035 ἀκόρε-

259 2071 384 2104 στον
430 2058 650 2104 σεαυτοῦ
694 2056 780 2110 τὴν
824 2051 1009 2122 ψυχὴν
1039 2054 1447 2114 κατεσκεύασας.
1479 2051 1853 2124 ’Δλληλοφάγοι

258 2149 359 2192 τῶν
409 2143 610 2212 ἰχθύων
649 2142 697 2192 οἰ
726 2140 977 2207 πλεῖστοι,
1006 2140 1094 2191 καί
1139 2141 1166 2191 6
1213 2145 1518 2214 μικροτέρος
1565 2139 1690 2213 παρ’
1718 2139 1854 2192 ἐκεί-

257 2249 362 2289 νοις
402 2228 592 2303 βρῶμά
636 2228 746 2281 ἐστι
792 2237 883 2282 τοῦ
922 2229 1174 2300 μείζονος.
1227 2232 1333 2282 Κάν
1379 2249 1502 2282 ποτε
1547 2229 1720 2302 συμϐῇ
1767 2233 1853 2282 τὸν

259 2327 352 2372 τοῦ
401 2319 668 2380 ἐλάττονος
715 2337 1054 2392 κρατησαντα
1103 2319 1274 2395 ἑτερου
1324 2321 1560 2390 γενέσθαι
1621 2320 1852 2394 θήραμα,

261 2409 362 2460 ὑπο
413 2412 508 2465 τὴν
564 2413 688 2479 μίαν
734 2409 952 2478 ἄγονται
1001 2411 1236 2482 γαστέρα
1282 2415 1374 2460 τοῦ
1430 2407 1743 2462 τελευταίου.
1793 2413 1857 2460 Τί

261 2493 351 2548 οὖν
381 2498 527 2568 ἡμεῖς
556 2497 820 2568 ἄνθρωποι
847 2497 919 2570 (1)
957 2495 1078 2548 ἀλλο
1109 2515 1160 2547 τι
1189 2503 1432 2568 ποιοῦμεν
1481 2495 1529 2547 ἐν
1576 2504 1637 2568 τῇ
1694 2515 1856 2548 κατα-

265 2582 556 2657 δυναστείᾳ
605 2593 706 2636 τῶν
754 2581 1172 2658 ὑποδεεστέρωνς
1203 2590 1254 2637 τί
1299 2581 1531 2658 διαφέρει
1559 2592 1649 2637 τοῦ
1693 2584 1858 2637 τελευ-

264 2679 413 2726 ταίου
468 2673 657 2745 ἰχθύος
687 2675 712 2725 6
743 2681 805 2746 τῇ
860 2676 1134 2749 Ααιμάργῳ
1173 2673 1510 2746 φιλοπλουτίᾳ
1555 2681 1659 2734 τοῖς
1698 2672 1861 2731 ἀπλη-

263 2769 452 2836 ρώτοις
517 2770 611 2824 τῆς
676 2762 968 2824 πλεονεξίας
1031 2763 1193 2815 αὐτοῦ
1258 2762 1465 2823 κόλποις
1516 2761 1860 2836 ἀποκρύπτων

268 2856 390 2912 τοὺς
452 2851 724 2916 ἀσθενεῐς;
777 2852 995 2913 Ἐκεῖνος
1074 2849 1173 2906 εἷλε
1229 2857 1292 2905 τὰ
1343 2861 1434 2905 τοῦ
1486 2857 1737 2915 πένητος·
1796 2855 1862 2905 σὺ

267 2948 450 2993 τοῦτον
491 2940 659 2993 λαϐὼν
707 2946 860 3016 μέρος
909 2940 1140 3000 ἐποιήσω
1188 2950 1280 3003 τῆς
1315 2947 1617 3016 περιουσίας
1656 2941 1863 2996 ἑαυτοῦ.

266 3027 497 3081 ’Λδίκων
562 3025 878 3103 ἀδικώτερος
952 3029 1168 3101 ἐφάνης,
1234 3035 1321 3082 καὶ
1379 3030 1864 3105 πλεονεκτικὼτερος

267 3118 593 3173 πλεονέκτου.
643 3118 800 3192 Ὀρα,
831 3123 904 3191 μὴ
951 3123 1008 3171 τὸ
1061 3120 1185 3172 αὐτὸ
1227 3139 1284 3172 σε
1327 3126 1488 3193 πέρας
1523 3129 1623 3172 τῶν
1665 3122 1864 3193 ἰχθύων

267 3204 569 3276 ἐκδέξηται,
630 3209 918 3280 ἄγκιστρον
979 3228 1099 3276 που,
1170 3210 1199 3268 ἡ
1265 3212 1469 3284 κύρτος,
1532 3210 1563 3268 ἢ
1628 3207 1862 3263 δίκτυον.

269 3298 483 3356 Πάντως
529 3299 626 3371 γὰρ
674 3301 764 3348 καὶ
805 3298 948 3369 ἡμεῖς
993 3297 1156 3350 πολλά
1194 3306 1293 3350 τῶν
1342 3295 1540 3351 ἀδίκων
1587 3296 1867 3362 διεξελθόν-

270 3405 371 3448 τες,
440 3390 533 3442 τὴν
590 3390 886 3438 τελευταίαν
943 3391 1196 3459 τιμωρίαν
1261 3386 1355 3439 οὐκ
1420 3384 1857 3460 ἀποδρασόμεθα.

275 3476 365 3527 Ἐκ
425 3475 716 3537 πλεονεξίαν
785 3495 870 3528 σοι
929 3475 1198 3528 κατέλιπεν
1255 3479 1281 3527 6
1347 3482 1521 3550 πατὴρ
1584 3483 1864 3546 κτήματα·

274 3560 478 3625 ἀπόδος
505 3571 578 3633 τῷ
609 3559 933 3635 ἠδικημένῳ,
967 3568 1036 3635 μὴ
1068 3567 1131 3624 ὡς
1164 3560 1312 3616 ἰδίων
1353 3562 1624 3617 ἀντιποιοῦ
1649 3587 1660 3597 ·
1695 3565 1871 3638 ἁμαρ-

275 3658 392 3714 τίας
448 3655 558 3704 ἐστὶ
609 3651 945 3726 κληρονομία.
988 3649 1218 3714 Ἀὃίκως
1264 3650 1798 3726 καταδουλωσάμενος
1843 3656 1870 3706 6

277 3746 452 3816 πατὴρ
503 3739 668 3812 ἀφῆκέ
703 3759 789 3792 σοι
829 3736 1050 3792 δοῦλονο
1097 3736 1187 3802 δὸς
1232 3741 1368 3812 αὐτῷ
1418 3745 1484 3793 σὺ
1533 3747 1626 3801 τὴν
1675 3741 1872 3795 ἐλευθε-

276 3835 416 3903 ρίαν,
449 3830 533 3882 ῖνα
577 3827 795 3900 κάκείνῳ
841 3833 1152 3906 κουφοτέραν
1198 3835 1429 3902 ποιήσῃς
1476 3836 1570 3889 τὴν
1620 3829 1873 3903 βάσανον,

276 3925 370 3971 καὶ
415 3927 615 3990 σεαυτῷ
665 3923 758 3976 τὴν
806 3918 1094 3992 ἐλευθερίαν
1137 3921 1569 3993 παρασκευάσῃς.
1620 3925 1703 3979 Μὴ
1752 3939 1876 3994 προ-

279 4011 510 4083 φασίζου
539 4016 658 4071 τοὺς
706 4007 918 4072 παῖδας.
963 4008 1152 4072 Παίὃές
1196 4012 1332 4078 εἰσι;
1369 4013 1660 4088 θησαύριζε
1704 4017 1876 4074 αὐτοῖς

280 4104 550 4176 θησαυρὸν
608 4100 833 4155 αἰώνιον.
894 4101 1180 4154 Κατάλειπε
1241 4102 1421 4165 αὐτοῖς
1480 4103 1686 4175 μνύμην
1749 4102 1877 4174 ἀγα-

281 4193 398 4258 θὴν,
433 4190 461 4248 ἦ
512 4188 734 4242 πλοῦτον
763 4191 842 4257 (2)
883 4189 1040 4242 πολύν
1062 4211 1074 4223 ·
1117 4193 1316 4253 πάντας
1365 4196 1590 4250 ποίησαι
1621 4198 1712 4244 τοῦ
1749 4211 1876 4245 παι-

280 4276 373 4340 δὸς
421 4285 510 4330 τοῦ
561 4284 656 4330 σοῦ
706 4281 929 4353 πατέρας
979 4275 1074 4330 διὰ
1119 4286 1210 4339 τῆς
1251 4279 1449 4341 εὐνοίας
1491 4280 1595 4352 (3).
1647 4279 1872 4352 Ἀνάγκη

1945 462 2230 533 spectus‘?
2270 461 2583 528 Quomodo
2637 460 2926 518 habitabo
2977 461 3250 530 domum,
3302 464 3407 537 qui
3447 466 3595 526 mihi

1944 550 2073 622 ipse
2095 550 2209 606 sim
2249 555 2460 607 auctor
2497 550 2770 608 orbitatis
2789 550 2817 604 ?
2848 551 3164 616 Quomodo
3203 553 3490 610 accedam
3515 554 3594 614 ad

1947 654 2245 706 mensam,
2313 639 2487 709 cujus
2553 639 2931 696 abundantia
2985 655 3235 696 causam
3299 643 3600 711 ejusmodi

1945 726 2129 784 habet
2150 727 2177 782 τε
2194 731 2384 799 Atque
2405 726 2498 782 ille
2523 727 2770 800 quidem
2791 728 3125 786 innumeris
3151 745 3290 784 cum
3309 729 3594 803 lacrymis

1949 815 2073 874 abit
2096 816 2518 872 charissimum
2542 816 2800 872 ﬁliorum
2823 817 3168 872 venditurus
3193 835 3206 872 :
3235 821 3289 874 te
3314 834 3456 875 vero
3473 835 3600 884 non

1951 905 2132 962 tlectit
2155 904 2485 974 calamitas,
2518 920 2712 976 neque
2734 905 3008 966 animum
3037 910 3211 962 tuum
3235 907 3396 965 subit
3427 913 3599 965 natu-

1949 1009 2029 1050 rae
2073 993 2372 1064 cogitatio.
2403 993 2581 1064 Atqui
2609 992 2798 1048 fames
2823 992 3111 1048 miserum
3151 993 3321 1048 illum
3358 997 3598 1066 premit,

1952 1085 2016 1138 tu
2043 1097 2186 1137 vero
2225 1081 2524 1138 cunctaris
2562 1096 2632 1136 ac
2659 1080 2879 1146 illudis,
2931 1079 3340 1137 calamitatem
3390 1082 3444 1138 ei
3469 1082 3602 1139 red-

1952 1169 2101 1226 dens
2125 1169 2482 1239 longiorem.
2524 1172 2591 1225 Et
2639 1168 2735 1225 ille
2778 1168 3026 1241 quidem
3059 1168 3291 1226 viscera
3317 1186 3430 1226 sua
3466 1186 3601 1242 pre-

1953 1259 2103 1315 tium
2152 1258 2576 1314 alimentorum
2612 1257 2894 1329 porrigit;
2923 1261 3024 1314 tua
3073 1274 3216 1314 vero
3253 1274 3475 1316 manus
3529 1275 3604 1320 ex

1953 1346 2254 1419 ejusmodi
2271 1345 2710 1404 calamitatibus
2728 1347 2919 1417 pretia
2975 1345 3258 1414 referens,
3279 1363 3401 1403 non
3420 1348 3604 1404 modo

1955 1450 2078 1492 non
2116 1437 2334 1506 stupet,
2369 1434 2475 1490 sed
2505 1434 2579 1488 de
2610 1434 2800 1506 pretio
2831 1434 3013 1489 etiam
3045 1434 3380 1504 contendis,
3428 1435 3605 1507 quasi

1954 1525 2090 1597 plus
2112 1525 2257 1582 satis
2284 1523 2522 1593 offeras,
2555 1528 2735 1596 atque
2784 1523 3053 1580 studium
3080 1524 3142 1578 in
3189 1538 3260 1579 eo
3289 1524 3492 1597 ponis,
3539 1528 3605 1582 ut

1953 1613 2091 1686 plus
2110 1613 2432 1686 accipiens,
2458 1612 2660 1668 minus
2690 1611 2818 1681 des,
2849 1612 3069 1674 misero
3091 1611 3400 1672 undelibet
3426 1628 3604 1674 accu-

1881 1717 1920 1773 Β
1955 1701 2195 1759 mulans
2224 1701 2646 1760 calamitatem.

2114 1791 2190 1862 (4)
2216 1795 2402 1848 Avem
2432 1788 2799 1847 Seleucidem
2827 1791 3250 1852 universorum
3277 1795 3478 1868 opifex
3501 1793 3608 1856 h0¢

1959 1879 2193 1936 minum
2245 1878 2438 1950 gratia
2468 1879 2736 1935 condidit
2786 1879 3223 1951 insatiabilem;
3266 1888 3330 1941 tu
3374 1901 3520 1942 vero
3545 1886 3608 1941 in

1959 1967 2287 2025 multorum
2317 1967 2640 2040 perniciem
2670 1969 2943 2026 animum
2985 1973 3154 2027 tuum
3185 1972 3608 2046 inexplebilem

1960 2056 2225 2118 eﬂecisti.
2256 2057 2339 2133 (5)
2379 2056 2638 2112 Piscium
2683 2057 2924 2128 plurimi
2978 2065 3196 2118 vorant
3231 2078 3294 2118 se
3326 2063 3608 2138 invicem,

1960 2147 2280 2218 minorque
2321 2146 2487 2218 apud
2519 2145 2654 2203 illos
2703 2147 3058 2205 alimentum
3095 2155 3183 2207 est
3222 2153 3492 2223 majoris.
3542 2155 3612 2210 Et

1963 2235 2012 2290 si
2040 2250 2313 2306 unquam
2353 2235 2683 2305 contigerit,
2729 2240 2795 2292 ut
2846 2237 2898 2292 is
2942 2237 3048 2310 qui
3080 2239 3253 2311 502
3313 2241 3613 2302 minorem

1963 2327 2366 2396 superaverat,
2399 2323 2644 2380 alterius
2682 2323 2787 2380 ﬁat
2817 2324 3054 2398 praeda:
3095 2327 3280 2383 ambo
3321 2327 3382 2384 in
3421 2343 3614 2384 unum

1964 2416 2020 2472 et
2039 2411 2323 2468 eumdem
2342 2413 2685 2484 posterioris
2705 2417 2978 2470 ventrem
2996 2414 3432 2485 ingrediuntur.
3465 2416 3618 2481 Quid

1963 2499 2142 2571 igitur
2171 2499 2338 2556 aliud
2360 2515 2474 2563 nos
2506 2500 2778 2558 homines
2815 2502 3075 2573 agimus,
3115 2503 3264 2560 dum
3308 2505 3616 2578 tyrannica

1957 2592 2024 2646 'et
2079 2589 2348 2662 potentia
2396 2589 2799 2662 opprimimus
2857 2591 3213 2648 inferiores?
3239 2593 3391 2658 Quid
3429 2610 3467 2652 a
3509 2609 3618 2667 po.-

1970 2682 2193 2734 stremo
2221 2677 2387 2749 pisce
2415 2677 2612 2735 differt
2638 2677 2709 2745 is,
2741 2679 2845 2752 qui
2870 2694 2995 2752 prae
3041 2681 3246 2738 voraci
3269 2681 3618 2742 divitiarum

1971 2765 2297 2839 cupiditate
2333 2766 2394 2822 in
2424 2765 2886 2838 inexplebilibus
2916 2769 3178 2826 avaritiae
3219 2785 3342 2826 sum
3385 2770 3619 2827 sinibus

1971 2853 2298 2912 imbecilles
2360 2854 2730 2911 abscondit?
2786 2855 2885 2911 Ille
2931 2857 3280 2930 possidebat
3336 2857 3622 2930 pauperis

1971 2944 2166 3001 bona:
2203 2949 2264 2999 tu
2304 2943 2507 3015 ipsum
2536 2943 2986 3016 apprehensum
3023 2944 3213 3001 fecisti
3263 2950 3379 3002 tua:
3423 2946 3619 3019 ipsius

1973 3031 2294 3105 opulentia:
2324 3035 2584 3104 partem.
2641 3032 2881 3103 lnjustis
2908 3033 3310 3104 injustiorem.
3332 3038 3391 3092 et
3416 3035 3624 3107 rapaci

1972 3122 2348 3195 rapaciorem
2388 3126 2442 3178 te
2488 3122 2816 3179 ostendisti.
2870 3124 3021 3180 Cave
3074 3124 3334 3197 excipiat
3368 3128 3424 3182 te
3459 3125 3623 3182 idem

1973 3211 2128 3281 ﬁnis,
2156 3210 2262 3283 qui
2282 3210 2474 3282 pisces
2499 3228 2511 3262 :
2534 3209 2756 3267 hamus
2798 3210 3091 3279 videlicet,
3137 3217 3243 3270 aut
3277 3229 3480 3280 nassa,
3520 3217 3628 3271 aut

1974 3303 2119 3356 rete.
2149 3299 2407 3356 Omnino
2429 3299 2588 3355 enim
2610 3303 2668 3356 et
2685 3315 2818 3365 nos,
2849 3300 2902 3356 si
2923 3300 3180 3357 multum
3201 3301 3627 3360 admiserimus

1976 3387 2328 3460 iniquitatis,
2352 3387 2626 3444 ultimam
2644 3404 2767 3444 non
2785 3387 3140 3460 effugiemus
3160 3407 3428 3463 poenam.
3448 3394 3467 3415 "
3485 3393 3630 3448 Pos-

1978 3479 2280 3533 sessiones
2317 3492 2425 3549 per
2469 3477 2750 3548 rapinam
2778 3481 2984 3550 partas
3011 3478 3117 3534 tibi
3159 3479 3397 3554 reliquit
3422 3484 3626 3554 pater:

1977 3565 2162 3622 redde
2193 3570 2256 3622 tu
2278 3565 2499 3637 injuria
2520 3565 2756 3625 affecto.
2778 3571 2939 3622 netu
2966 3566 3074 3623 tibi
3117 3583 3221 3625 eas
3261 3573 3328 3625 ut
3355 3570 3631 3642 proprias

1977 3653 2254 3720 vindica;
2302 3654 2531 3725 peccati
2555 3657 2647 3710 est
2671 3653 3012 3710 haereditas.
3047 3656 3266 3726 Injuste
3293 3656 3357 3711 in
3385 3656 3633 3714 servitu-

1980 3747 2102 3800 tem
2130 3743 2444 3800 redactum
2465 3742 2571 3799 tibi
2597 3759 2838 3799 servum
2877 3743 3114 3816 reliquit
3159 3748 3527 3817 paterzeum
3567 3748 3632 3802 tu

1980 3831 2252 3888 libertate
2278 3831 2462 3900 dona,
2490 3835 2554 3888 ut
2584 3835 2642 3888 et
2667 3830 2752 3887 illi
2795 3830 3020 3888 efﬁcias
3049 3832 3274 3890 leviora
3311 3837 3631 3902 tormenta,

1984 3919 2210 3992 tibique
2229 3919 2565 3976 libertatem
2609 3935 2806 3992 pares.
2859 3920 2934 3991 (6)
2967 3923 3047 3976 Ne
3076 3921 3338 3980 causeris
3389 3921 3631 3978 liberos.

1987 4010 2134 4066 Sunt
2161 4007 2265 4064 tibi
2287 4007 2503 4064 liberi?
2528 4007 2740 4078 collige
2769 4009 2916 4080 ipsis
2941 4008 3295 4066 thesaurum
3317 4013 3634 4067 aeternum.

1986 4097 2269 4170 Relinque
2295 4095 2408 4153 illis
2437 4097 2916 4154 recordationem
2934 4097 3185 4168 bonam,
3217 4098 3416 4169 magis
3447 4115 3636 4172 quam

1983 4185 2222 4242 divitias
2254 4185 2496 4242 multas.
2530 4188 2644 4242 Fac
2687 4185 3130 4256 benevolentia,
3171 4191 3236 4244 ut
3263 4203 3477 4244 omnes
3529 4187 3639 4244 ﬁlii

1983 4275 2069 4332 tui
2099 4275 2218 4331 sint
2244 4278 2462 4348 patres.
2495 4273 2835 4347 Aliquando
2861 4275 2936 4331 de
2956 4276 3078 4332 vita
3097 4274 3356 4332 decedas
3384 4291 3636 4332 necesse

283 4386 342 4420 σε
370 4385 496 4420 ποτε
537 4365 770 4419 ἀπελθεῖν
808 4374 899 4419 τοῦ
930 4365 1052 4439 βίον
1078 4383 1090 4396 ·
1125 4364 1236 4420 εἶτα
1272 4371 1360 4420 τὸν
1405 4371 1494 4420 σὸν
1532 4365 1704 4421 παῖδα
1732 4367 1780 4420 ἐν
1808 4377 1862 4442 τῇ

1985 4367 2107 4433 est;
2140 4364 2359 4421 deinde
2387 4363 2579 4420 ﬁlium
2610 4369 2782 4420 tuum
2810 4364 2870 4420 in
2900 4363 3228 4420 immatura
3258 4367 3426 4420 aetate
3461 4362 3639 4420 relin-

280 4455 536 4528 ἀφηλικίᾳ
599 4455 966 4527 καταλείψεις,
1036 4464 1135 4507 τῶν
1208 4462 1546 4529 προεστώτων
1613 4453 1873 4530 δεόμενον.

281 4545 402 4597 Ἐὰν
450 4547 542 4616 μεν
591 4543 741 4605 καλὸς
793 4548 882 4595 καὶ
932 4543 1129 4615 ἀγαθὸς
1177 4540 1258 4616 ᾖς,
1291 4544 1509 4608 ἕκαστος
1537 4549 1624 4597 τὸν
1669 4549 1758 4597 σὸν
1797 4549 1876 4598 ἔκ-

282 4652 433 4703 γονον
489 4635 662 4704 ὥσπερ
720 4627 858 4684 ἴδιον
916 4631 1188 4706 ἐκθρέψει·
1231 4620 1568 4704 μεμνήσεται
1619 4637 1742 4705 γὰρ,
1797 4635 1878 4686 ὅτι

284 4727 375 4774 καὶ
425 4725 490 4773 σὺ
533 4722 765 4794 ὀρφανῶν
801 4725 974 4794 πατὴρ
1023 4720 1226 4792 ἐγένου.Δ
1267 4722 1384 4774 Ἐὰν
1443 4719 1502 4774 δὲ
1550 4720 1598 4772 ἐν
1653 4727 1888 4798 πονηρίᾳ,

283 4813 478 4881 ζήσας,
516 4813 604 4862 καὶ
638 4809 857 4871 πολλοὺς
905 4809 1167 4878 λυπήσας,
1198 4815 1287 4862 καὶ
1335 4813 1521 4872 παντὸς
1555 4811 1738 4881 θηρίου
1767 4831 1878 4882 χα-

284 4901 569 4973 λεπώτερος
621 4903 888 4971 γενόμενος
937 4905 1047 4960 τοῖς
1108 4901 1602 4971 συντυγχάνουσιν,
1668 4899 1880 4963 ὑπεξέλ-

288 4991 402 5052 θοις
451 4996 544 5042 του
602 4986 746 5060 βίου,
805 4987 1071 5050 κατέλιπες
1137 4990 1222 5040 τὸν
1290 4993 1381 5042 σὸν
1440 4990 1647 5060 ἔκγονον
1713 4991 1882 5042 κοινὸν

283 5079 479 5152 ἐχθρὸν
521 5086 621 5130 τῶν
669 5080 895 5140 ζώντων.
936 5076 1136 5152 Ὥσπερ
1183 5079 1286 5150 γὰρ
1333 5081 1508 5131 τέκνον
1555 5081 1809 5151 σκορπίου
1857 5079 1884 5130 ὁ

352 5204 438 5278 fit)
470 5203 792 5278 ξΑνθρωποι.
829 5203 920 5261 Sic
953 5207 1204 5275 uterque
1235 5202 1422 5261 codex
1459 5205 1518 5258 et
1548 5204 1883 5259 contextus.

285 5271 440 5334 Edlti
529 5271 814 5348 ἅνθρωποι,

363 5348 439 5416 (2)
468 5346 535 5399 Ἦ
602 5343 839 5403 πλοῦτον.
899 5345 1054 5403 Editi
1102 5345 1162 5399 οὗ
1199 5345 1439 5404 πλοῦτον.
1492 5345 1643 5403 Cum
1694 5343 1885 5404 Basilii

289 5422 582 5490 contextu
606 5418 903 5490 consentit
937 5421 1188 5490 uterque
1225 5418 1433 5474 codex.

362 5491 445 5561 (3)
494 5488 589 5544 Διά
632 5498 728 5551 τῆς
783 5489 1000 5550 εὐνοίας.
1050 5487 1118 5544 In
1169 5493 1450 5561 contextu
1742 5487 1888 5561 satis

294 5557 614 5618 commode
643 5561 1035 5618 emendatum
1063 5562 1152 5615 est
1177 5557 1269 5613 διὰ
1280 5568 1376 5621 τῆς
1402 5559 1888 5628 εὐποιίαςφεηεΐα-

1984 4470 2136 4526 ques
2167 4453 2366 4511 adhuc
2404 4452 2700 4510 tutoribus
2729 4456 3026 4523 egentem.
3050 4451 3221 4517 Quod
3260 4452 3311 4507 si
3345 4451 3638 4509 honestus

1987 4543 2168 4599 fueris
2197 4547 2254 4598 et
2285 4543 2504 4611 bonus,
2522 4543 2939 4614 unusquisque
2965 4539 3156 4596 ﬁlium
3177 4544 3348 4596 tuum
3365 4543 3430 4596 ut
3458 4555 3640 4596 suum

1987 4631 2277 4698 enutriet;
2321 4646 2467 4686 nam
2523 4630 2608 4685 eis
2662 4630 2724 4684 in
2762 4631 3028 4684 mentem
3091 4627 3286 4685 veniet
3341 4627 3524 4684 fuisse
3581 4634 3642 4685 te

1987 4735 2233 4792 quoque
2266 4719 2678 4791 orphanorum
2731 4722 3004 4790 patrem;
3047 4717 3144 4777 sin
3191 4720 3396 4774 autem
3423 4720 3642 4791 postea.

1989 4824 2178 4882 quam
2197 4808 2258 4863 in
2287 4807 2515 4863 malitia
2541 4806 2782 4875 vixeris,
2821 4805 3165 4878 multosque
3195 4805 3464 4863 effeceris
3494 4823 3641 4863 moe-

1991 4912 2145 4967 rore,
2178 4900 2234 4952 et
2253 4895 2313 4951 in
2335 4911 2438 4951 eos
2466 4895 2571 4967 qui
2611 4899 2808 4950 tecum
2837 4893 3310 4965 congrediuntur
3328 4895 3456 4954 fera
3474 4896 3644 4952 omni

1991 4987 2174 5043 fueris
2197 4984 2488 5051 acerbior,
2519 4984 2601 5040 ita
2621 4983 2872 5039 demum
2903 4984 3132 5055 migras
3155 4984 3232 5041 de
3257 4985 3415 5052 vita;
3447 4985 3642 5041 ﬁlium

1993 5081 2167 5133 tuum
2203 5073 2493 5147 reliquisti
2542 5087 2931 5129 communem
2994 5072 3320 5130 viventium
3377 5073 3645 5129 hostem.

1997 5199 2516 5272 ciendo,quamvis
2545 5197 2667 5254 duo
2689 5200 2924 5272 tantum
2954 5198 3192 5272 codices
3216 5197 3373 5256 hanc
3390 5195 3644 5272 scriptun

1994 5289 2128 5328 ram
2159 5268 2511 5342 agnoscant,
2553 5270 2750 5326 caeteri
2789 5285 2928 5326 cum
2957 5269 3130 5326 editis
3169 5268 3570 5325 consentiant.

2065 5345 2248 5416 (4)131:
2272 5343 2436 5416 hom.
2473 5344 2534 5397 in
2565 5343 2800 5416 divites,
2844 5345 2934 5398 57.

2093 5410 2146 5476 5)
2185 5415 2268 5470 Ex
2304 5412 2469 5470 hom.
2499 5428 2577 5468 vn
2610 5413 2676 5468 in
2705 5413 3030 5476 Hexaem.,
3057 5410 3147 5466 65.

2093 5420 2122 5471 5
2185 5417 2268 5470 Ex
2304 5417 2469 5470 hom.
2499 5428 2577 5468 vn
2610 5417 2676 5468 in
2705 5417 3030 5476 Hexaem.,
3057 5417 3147 5466 65.

2067 5417 2146 5556 ἰδὲ
2176 5487 2260 5540 Ex
2286 5483 2452 5542 hom.
2485 5483 2646 5542 dicta
2670 5484 2734 5540 in
2764 5483 3016 5547 Lacizis,
3048 5485 3176 5554 591,
