4056 6222
515 261 644 319 “91
1470 255 1837 314 APPENDIX.
1878 283 1944 297 —-
1985 249 2340 314 SYMEONIS
2381 256 2908 318 METAPHRASTE
3737 273 3890 328 “92

515 384 1048 454 Quemadmodum
1069 383 1230 440 enim
1241 382 1578 456 quiscorpii
1603 385 1815 438 natum
1844 395 2154 454 conspexe-

2285 381 2594 455 θεασάμενος
2659 384 2921 458 φοϐεῖται,
2991 391 3064 460 μή
3129 407 3252 442 ποτε
3319 389 3390 453 εἰς
3453 389 3661 450 ἠλικίαν
3735 393 3887 447 ἐλθόν

509 477 605 544 rit,
654 477 821 533 timet
873 491 948 531 ne
1001 473 1252 547 quando
1305 477 1480 530 aetate
1517 472 1856 546 provectior
1905 471 2154 529 imitetul

2275 476 2582 543 μιμησηται
2643 477 2728 525 τὸν
2793 479 3034 548 πατέρα·
3084 477 3218 530 οὕτω
3273 483 3363 531 καὶ
3425 482 3491 531 τὰ
3554 487 3623 533 σα
3691 484 3886 554 ἔκγονα

512 570 778 638 patrem:
831 566 916 621 ita
952 564 1132 620 etiam
1163 563 1278 620 tuis
1327 562 1530 619 liberis
1579 565 1846 635 paternae
1884 561 2166 633 nequitiae

510 653 878 722 haeredibus,
918 654 1280 726 priusquam
1328 651 1408 709 ad
1476 655 1712 708 aetatem
1765 651 2164 724 pervenerint,

511 745 817 799 struantur
841 741 920 798 ab
946 741 1232 798 omnibus
1261 739 1513 796 insidiae.
1544 741 1622 813 (1)
1645 743 1794 796 Nam
1821 744 1885 796 ut
1913 739 2167 796 ﬂumina

509 847 584 888 ex
619 846 812 904 parvo
833 831 1001 888 initio
1031 830 1322 904 profecta,
1355 829 1572 886 deinde
1593 845 1701 902 per
1725 845 1829 886 eas
1856 845 1992 902 quae
2018 845 2164 902 pau—

506 920 676 977 latim
705 919 861 977 ﬁunt
889 921 1266 976 accessiones
1297 918 1748 976 intolerabiliter
1767 921 1963 986 aucta,
1992 916 2166 990 quid-

507 1009 656 1081 quid
675 1008 977 1066 obsistitet
1005 1008 1302 1080 objicitur,
1331 1007 1394 1064 id
1423 1007 1683 1064 violento
1705 1007 1935 1078 impetu
1960 1022 2166 1063 secum

507 1097 790 1166 trahunt;
831 1097 914 1154 ita
942 1098 1124 1154 etiam
1154 1097 1367 1153 divites
1389 1113 1458 1152 cx
1489 1112 1682 1169 parva
1727 1095 1997 1168 potentia
2034 1111 2169 1168 pro-

509 1185 786 1256 deuntes,
827 1187 931 1243 ubi
958 1203 1031 1242 ex
1055 1187 1128 1242 iis
1156 1201 1309 1260 quos
1337 1187 1467 1257 jam
1493 1185 1761 1258 potentia
1787 1202 1899 1241 sua
1925 1200 2171 1257 oppres-

509 1291 638 1332 sere
648 1277 976 1334 inferendae
988 1277 1046 1332 in
1049 1277 1220 1348 juriae
1235 1275 1579 1332 facultatem
1591 1275 1946 1348 ampliorem
1961 1274 2169 1346 adepti

509 1369 666 1432 sunt,
699 1371 842 1422 tunc
867 1367 1133 1438 reliquos
1157 1381 1279 1422 una
1309 1381 1448 1422 eum
1475 1365 1545 1421 iis
1577 1381 1731 1436 quos
1756 1365 1924 1436 prius
1947 1364 2167 1435 injuria

510 1453 784 1521 atl‘ecere,
810 1455 1092 1524 redigunt
1116 1454 1178 1510 in
1205 1453 1568 1522 servitutem,
1585 1454 1772 1524 ﬁtque
1795 1453 1943 1525 ipsis
1969 1456 2167 1525 potes-

509 1541 644 1598 tatis
661 1542 1102 1599 incrementum
1124 1543 1480 1614 magnitudo
1497 1543 1796 1616 nequitiae,
1821 1559 1961 1599 cum
1980 1559 2168 1604 unus,

503 1631 764 1704 quisque
795 1647 1000 1688 eorum
1029 1633 1134 1706 qui
1159 1633 1288 1704 jam
1314 1631 1536 1704 injuria
1560 1631 1754 1688 affecti
1779 1637 1937 1700 sunt,
1969 1635 2166 1704 magis

2273 565 2527 633 πονηρίας
2577 570 2835 636 πατρικῆς
2893 563 3020 617 εἶναι
3074 565 3372 639 κληρονόμοι
3435 569 3882 642 ὑποπτευόμενα,

2272 653 2393 721 πρὶν
2457 650 2525 711 εἰς
2591 650 2796 709 ἠλικίαν
2861 651 3043 724 ἐλθεῖν,
3103 658 3246 730 παρὰ
3305 659 3508 708 πάντων
3573 657 3882 713 ἐπιϐουλευ-

2275 739 2514 796 θήσεται.
2541 737 2629 801 Ὠς
2673 742 2773 814 γὰρ
2823 743 2873 794 οἱ
2918 749 3144 815 ποταμοὶ
3181 746 3238 796 ἐκ
3291 751 3479 820 μικρᾶς
3521 756 3618 809 τῆς
3659 755 3878 820 πρώτης

2275 823 2451 902 ἀρχῆς
2493 827 2821 900 ὁρμηθέντες,
2853 827 2964 884 εἶτα
3009 839 3125 894 ταῖς
3171 833 3288 885 κτα⁹
3333 834 3502 906 ὀλίγον
3539 838 3878 910 προσθήκαις

2275 913 2631 970 ἀνυπόστατον
2693 917 3030 990 λαμϐάνοντες
3089 925 3183 980 τὴν
3248 923 3468 985 αὔξησιν
3494 966 3508 994 ,
3568 932 3640 995 τῷ
3711 923 3880 998 βιαίῳ

2275 1011 2366 1066 τῆς
2421 1012 2580 1079 φορᾶς
2629 1011 2687 1059 τὸ
2739 1007 3064 1081 ἐνιστάμενον
3112 1015 3514 1084 παρασύρουσιν
3543 1033 3556 1046 ·
3607 1013 3748 1066 οὕτω
3807 1012 3876 1074 δη

2273 1097 2364 1147 καὶ
2402 1097 2452 1147 οἱ
2494 1094 2736 1148 πλούσιοι
2781 1095 2835 1148 ἐκ
2871 1105 3062 1172 μικρᾶς
3109 1095 3376 1172 δυνάμεως
3405 1100 3743 1174 προελθόντες
3775 1106 3878 1174 (6),

2275 1188 2365 1236 καὶ
2407 1181 2463 1235 ἐκ
2503 1191 2604 1236 τῶν
2651 1181 2726 1244 ἥδ
2730 1204 2760 1244 η
2809 1183 3398 1241 κπαδυναστευθέντων
3441 1195 3535 1248 την
3565 1199 3657 1244 τοῦ
3701 1192 3882 1247 πλεῖον

2277 1267 2478 1324 ἀδικεῖν
2539 1269 2762 1346 δύναμιν
2822 1275 3336 1349 προσλαμϐάνοντες,
3403 1286 3513 1342 τοῖς
3575 1279 3882 1354 προηδικη-

2275 1365 2445 1432 μένοις
2489 1365 2606 1424 τούς
2660 1361 2988 1435 λειπομένους
3025 1362 3498 1436 καταδουλοῦνται,
3539 1374 3628 1421 καὶ
3673 1377 3882 1440 γίνεται

2275 1450 2452 1511 αὐτοῖς
2492 1447 2764 1524 δυνάμεως
2809 1451 3028 1514 αὔξησις
3065 1456 3094 1511 ἡ
3137 1461 3418 1528 περιουσία
3455 1464 3544 1517 τῆς
3594 1466 3878 1532 πονηρίας,

2273 1538 2478 1592 πλείονα
2519 1539 2670 1611 λόγον
2723 1540 2945 1594 ἑκάστου
2993 1551 3092 1594 τῶν
3147 1540 3477 1616 ἠδικημένων
3529 1549 3744 1618 ἔχοντος
3797 1555 3874 1620 μή

2273 1630 2594 1701 προσ-παθεῖν
2641 1629 2917 1702 ngam,
2951 1631 2979 1688 ἦ
3031 1627 3185 1689 δίκην
3226 1629 3396 1684 λαϐεῖν
3444 1635 3568 1705 ὑπὲρ
3599 1643 3698 1687 τῶν
3735 1639 3872 1707 φθα-

505 1719 792 1777 sollicitus
823 1722 916 1794 sit,
943 1737 1018 1778 ne
1043 1721 1193 1794 quid
1221 1721 1365 1778 mali
1385 1721 1632 1778 ulterius
1663 1723 1944 1794 patiatur,
1975 1737 2162 1795 quam
2195 1729 2235 1786 Β
2275 1719 2494 1776 σάντων.

503 1811 572 1864 ut
600 1809 674 1865 de
711 1809 782 1866 iis
819 1827 956 1884 quae
987 1827 1310 1884 perpessus
1337 1815 1446 1881 est,
1473 1809 1804 1867 vindictam
1835 1814 2052 1868 sumat.

577 1899 629 1954 6.
672 1899 752 1970 (2)
779 1881 861 1956 Ne
889 1881 1069 1970 igitur
1097 1881 1507 1973 concupiscas
1543 1915 1722 1970 agros
1752 1898 2031 1971 proximi.
2081 1902 2162 1956 Nc

505 1985 744 2044 sulcum
789 1987 956 2045 sulco
1010 1989 1324 2060 adjiciens,
1385 2003 1603 2059 agrum
1645 1993 1817 2044 tuum
1864 1987 2158 2060 paulatim

502 2076 830 2149 adaugeas.
881 2079 1186 2143 Quantum
1236 2078 1398 2134 enim
1443 2093 1514 2132 ex
1569 2077 1764 2134 aliena
1813 2075 2160 2134 accessione

505 2172 725 2225 terram
747 2167 1107 2234 dilataveris,
1149 2171 1316 2224 tanto
1345 2168 1545 2238 majus
1578 2169 1893 2238 peccatum
1925 2167 2032 2222 tibi
2061 2182 2160 2224 ac-

504 2257 705 2313 cersis.
729 2260 796 2313 Et
823 2261 977 2314 terra
997 2256 1245 2328 quidem
1281 2272 1418 2329 qua
1439 2255 1546 2312 tibi
1575 2255 1866 2328 paulatim
1891 2271 2158 2312 accesse-

503 2351 618 2410 rat,
667 2351 724 2403 et
747 2361 854 2418 per
890 2345 1205 2402 avaritiam
1243 2348 1419 2418 parta
1473 2345 1688 2414 fuerat,
1721 2345 1814 2401 hic
1863 2352 2153 2414 remanet,

503 2449 614 2490 nec
640 2435 900 2508 amplius
929 2439 1032 2491 tua
1057 2439 1164 2505 est,
1179 2434 1284 2492 sed
1307 2433 1636 2505 haeredum,
1653 2449 1724 2489 ac
1753 2433 1992 2506 iniquas
2007 2450 2155 2506 opes

504 2523 794 2596 relinquis
851 2523 1208 2580 successori.
1281 2524 1466 2579 Terra
1491 2524 1554 2578 ιή
1585 2527 1872 2580 aeternum
1919 2529 2039 2580 stat
2067 2525 2151 2580 "'3:

501 2619 822 2684 peccatum
847 2627 991 2668 vero
1039 2615 1321 2684 sequetur
1354 2612 1526 2684 503
1561 2615 1626 2668 ut
1647 2613 1883 2680 umbra,
1917 2612 2154 2668 *animae

501 2701 670 2757 omni
708 2701 1045 2758 adhaerens.
1077 2701 1609 2767 Quemadmodum
1641 2701 1802 2756 enim
1821 2701 2040 2758 umbra
2062 2715 2157 2758 se-

501 2791 706 2862 quitur
762 2805 1018 2862 corpus:
1051 2790 1133 2846 ita
1162 2794 1218 2846 et
1263 2794 1576 2861 peccatum
1624 2789 1840 2845 animae
1866 2790 2154 2846 adhaeret.

501 2881 578 2951 (3)
591 2883 877 2937 Praeterea
887 2880 1234 2952 quicunque
1252 2879 1555 2951 usurpatis
1569 2878 2158 2951 proximorumIagris

501 2967 718 3026 limites
747 2970 1204 3043 possessionum
1227 2985 1474 3026 suarum
1504 2968 1641 3041 plus
1665 2983 1841 3040 aequo
1871 2968 2155 3024 extende-

2341 1899 2392 1952 6.
2435 1900 2520 1953 Μὴ
2573 1899 2744 1948 τοίνυν
2786 1897 3111 1972 ἐπιθυμήσῃς
3155 1907 3248 1962 τῆς
3279 1906 3369 1952 τοῦ
3397 1899 3616 1959 πλησίον
3655 1910 3868 1974 χώρας.

2269 1989 2352 2042 Μὴ
2413 1985 2632 2050 αὔλακα,
2657 1985 2844 2038 αὔλακι
2887 1990 3208 2060 προστιθεὶς,
3259 1993 3393 2042 κατὰ
3441 1995 3627 2066 μικρὸν
3677 1993 3870 2056 αὗξανε

2267 2079 2360 2132 τήν
2405 2083 2503 2146 γῆν
2685 2074 2846 2128 Ὅσον
2895 2079 2992 2150 γὰρ
3036 2076 3306 2141 πλατύνεις
3351 2077 3405 2131 ἐκ
3453 2088 3546 2138 τῆν
3594 2080 3870 2154 ἀλλοτρίας

2265 2165 2573 2238 προσθήκης
2627 2168 2720 2222 τὴν
2781 2172 2902 2236 γῆν,
2956 2168 3189 2237 τοσούτῳ
3250 2174 3570 2241 μακροτέραν
3629 2189 3712 2223 σοι
3770 2178 3868 2230 τὶν

2265 2252 2526 2326 ἁμαρτίαν
2589 2254 3018 2317 κατασκευάζεις.
3091 2261 3190 2310 Καὶ
3255 2259 3285 2314 ἡ
3353 2261 3442 2328 μὲν
3506 2267 3574 2330 γῆ
3645 2260 3870 2315 ἐνταῦθα

2263 2348 2568 2418 παραμένει,
2613 2345 2748 2394 κατὰ
2791 2349 2975 2416 μικρόν
3025 2363 3110 2397 σοι
3156 2347 3588 2418 προχωρηθεῖσα,
3629 2355 3716 2401 καὶ
3771 2347 3868 2403 Ι3⁵ιὸι

2264 2440 2359 2492 τῆς
2401 2431 2691 2494 πλεονεξίας
2721 2437 2988 2504 γενομένη,
3031 2433 3126 2485 οὐκ
3168 2437 3281 2486 ἔστι
3313 2439 3400 2501 σὴ,
3437 2433 3564 2488 ἀλλὰ
3587 2446 3684 2490 τῶν
3729 2443 3866 2510 μετά

2265 2525 2341 2588 σὲ,
2373 2521 2657 2594 καὶὲὰφίεις
2687 2518 2873 2574 ἄδικον
2901 2529 2972 2592 τῷ
3006 2519 3372 2597 διαδεχομένῳ
3411 2527 3497 2578 τὸν
3541 2525 3678 2598 βίον.
3709 2527 3766 2579 Ἡ
3795 2537 3862 2599 γῇ

2263 2613 2477 2668 ἕστηκεν
2531 2609 2601 2672 εἰς
2647 2612 2734 2662 τόν
2787 2610 2984 2662 αἰῶνα·
3028 2613 3056 2668 η
3117 2608 3175 2664 δὲ
3232 2612 3466 2687 ἁμαρτία
3517 2613 3864 2674 ἀκολουθήσει

2262 2701 2332 2761 ὡς
2387 2701 2532 2768 σκίὰ,
2586 2701 2732 2772 πάσῃ
2786 2699 3004 2771 ἑπομένη
3040 2699 3118 2772 (8)
3175 2701 3361 2774 ψυχῇ.
3418 2702 3614 2779 Ὠσπερ
3672 2707 3776 2776 γὰρ
3833 2708 3862 2762 ἡ

2266 2792 2392 2842 σκιὰ
2443 2796 2514 2859 τῷ
2561 2794 2764 2860 σώματι
2831 2789 3023 2854 ἓπεται,
3080 2789 3220 2842 οὕτω
3287 2795 3372 2843 καὶ
3426 2794 3453 2850 η
3509 2792 3744 2864 ἁμαρτία
3799 2803 3862 2864 τῇ

2263 2877 2416 2950 ψυχῆ
2471 2881 2822 2950 συμπέφυκεν.
2869 2877 3061 2938 ’Ἀλλως
3103 2897 3157 2932 τε
3199 2880 3315 2932 ὅσοι
3357 2884 3487 2952 μετὰ
3525 2892 3866 2956 παρορισμον

2263 2975 2362 3018 τῶν
2401 2966 2644 3034 πλησίον,
2677 2971 2791 3026 τοὺς
2834 2967 2984 3039 ὅρους
3024 2975 3124 3018 τῶν
3171 2967 3370 3020 οἰκείων
3421 2975 3654 3032 κτήσεως
3703 2975 3866 3046 ὑπερ-

501 3067 657 3133 runt,
683 3077 752 3118 eo
779 3061 944 3133 quod
962 3059 1377 3134 possessiones
1407 3059 1520 3115 illm
1541 3073 1666 3114 non
1693 3059 1821 3115 sine
1839 3057 2154 3128 gemitibus

2267 3055 2531 3126 εξέτειναν,
2591 3051 2684 3107 διὰ
2738 3059 2796 3107 τὸ
2858 3053 2958 3108 ἀπὸ
3019 3065 3309 3129 στεναγμοῦ
3363 3065 3463 3111 τῶν
3529 3055 3867 3132 ἠδικημένων

502 3166 713 3207 eorum
733 3149 837 3222 qui
853 3150 1074 3220 injuria
1103 3147 1542 3217 afﬁciebantur,
1562 3147 1800 3203 fuerant
1828 3146 2157 3218 acquisitae,

501 3239 638 3295 facti
678 3241 818 3294 sunt
856 3253 893 3294 a
921 3237 1130 3295 divina
1157 3236 1576 3293 benedictione
1616 3235 1818 3293 alieni.
1861 3235 2026 3291 Unde
2053 3237 2158 3298 ubi

501 3327 711 3383 decem
740 3326 929 3382 boum
971 3327 1142 3397 juga,
1176 3330 1240 3382 ut
1267 3331 1358 3381 est
1388 3323 1554 3398 apud
1585 3325 1802 3380 Isaiam
1829 3325 1899 3394 τι,
1950 3341 2156 3382 arave-

509 3421 666 3486 rant,
696 3417 797 3472 vix
818 3415 1146 3485 laguncula
1173 3430 1298 3472 una
1321 3414 1809 3484 vindemiabilur,
1844 3419 1900 3470 et
1927 3414 2028 3471 ubi
2053 3431 2156 3471 sex

505 3503 726 3562 artabaz
758 3504 994 3562 fuerant
1025 3503 1350 3574 seminatis,
1378 3501 1476 3559 vix
1515 3507 1632 3559 tres
1657 3502 1960 3558 fructuum
1991 3519 2157 3559 men-

500 3609 653 3650 surae
694 3593 1065 3664 colligentur.
1121 3593 1198 3664 (4)
1251 3591 1442 3649 Malus
1499 3592 1562 3647 in
1595 3591 1765 3660 urbe,
1807 3591 2004 3646 malus
2034 3591 2156 3648 ruri

497 3683 732 3740 vicinus
753 3687 842 3739 est
863 3698 1071 3756 rapax.
1105 3681 1278 3739 Novit
1304 3697 1470 3738 mare
1501 3679 1788 3736 terminos
1830 3695 2009 3736 suos:
2035 3696 2154 3736 nox

498 3771 779 3845 antiquos
807 3771 1024 3827 limites
1063 3769 1176 3826 sibi
1218 3769 1598 3842 prrescriptos
1627 3783 1751 3824 non
1789 3767 2186 3854 transgredi-_

423 3877 426 3882 '
497 3863 612 3917 tur.
635 3865 706 3916 At
735 3876 872 3916 vero
893 3860 1077 3916 homo
1105 3875 1295 3930 rapax
1325 3874 1446 3914 non
1475 3861 1712 3914 veretur
1741 3862 1997 3928 tempus,
2031 3872 2153 3913 non

499 3949 774 4017 agnoscit
797 3947 1140 4013 terminum,
1173 3947 1572 4002 successionis
1603 3945 1802 4002 ordini
1826 3961 1948 4002 non
1965 3945 2148 4002 cedit:

502 4037 612 4091 sed
657 4036 813 4104 ignis
843 4037 966 4090 vim
998 4036 1286 4104 imitatur,
1316 4036 1545 4091 invadit
1565 4036 1790 4102 omnia,
1811 4037 2016 4091 omnia
2047 4035 2150 4090 de-

499 4124 784 4197 pascitur.
815 4125 1198 4194 Quaecunque
1227 4123 1391 4178 videt
1415 4123 1650 4191 oculus,
1684 4139 1754 4179 ea
1779 4124 2150 4196 concupiscit

496 4229 708 4285 rapax.
739 4213 876 4268 Non
920 4212 1256 4280 explebitm'
1297 4211 1505 4268 oculus
1551 4211 1805 4268 videndo
1844 4213 1912 4278 75,
1952 4229 2148 4284 neque

2267 4212 2334 4264 Οὐ
2407 4212 2734 4270 πλησθεηται
2809 4211 2834 4262 ό
2902 4209 3160 4282 ὀφθαλμός

495 4318 684 4375 rapax
726 4301 1038 4358 satiabitur
1089 4298 1461 4372 accipiendo.
1507 4299 1777 4356 lnfernus
1807 4316 1930 4356 non
1979 4301 2144 4367 dixit,

495 4393 724 4450 Sufficit
768 4395 1059 4464 1t",neque
1097 4407 1287 4464 rapax
1341 4405 1614 4462 unquam
1673 4390 1839 4455 dixit,
1898 4391 2146 4448 Sufﬁcit.

497 4485 572 4554 (5)
602 4487 675 4541 At
695 4499 833 4540 vero
851 4481 998 4556 quid
1027 4481 1166 4538 inde
1186 4481 1380 4536 lucri?
1400 4481 1644 4553 Vigiliae,
1671 4497 1846 4550 curae,
1872 4479 2151 4537 sollicitu-

493 4575 685 4632 dines.
717 4573 905 4631 Judex
937 4576 1330 4645 exspectatur,
1354 4575 1411 4628 et
1430 4571 1560 4644 ipse
1582 4571 2045 4645 circumspectat
2072 4587 2148 4629 ne

2269 3145 2696 3217 συμπεπορίσθαι
2767 3147 2855 3204 τὰς
2929 3151 3182 3214 κτήσεις,
3249 3145 3509 3220 ἀλλότριοι
3573 3156 3666 3210 τῆς
3723 3152 3868 3212 θειας

2265 3229 2664 3304 ἀπεδείχθησαν
2709 3231 2974 3304 εὐλογίαις⁸
3015 3235 3148 3287 ὥστε
3187 3237 3308 3288 ἔνθα
3361 3239 3516 3308 ζεύγη
3559 3233 3690 3290 δέκα
3723 3236 3868 3309 ῥοῶν

2266 3323 2587 3396 εἰργάσατο,
2635 3323 2773 3374 κατὰ
2831 3326 2919 3374 τόν
2975 3321 3234 3390 Ἠσαίαν,
3293 3328 3448 3397 μόγις
3511 3328 3758 3399 κεράμιον
3819 3328 3868 3380 ἐν

2265 3413 2636 3484 τρυγηθῆναι’
2699 3415 2788 3462 καὶ
2851 3412 2972 3462 ἔνθα
3035 3411 3088 3474 ἓξ
3147 3411 3366 3486 ἀτροίϐαι
3430 3417 3864 3490 κατεσπάρησαν,

2263 3505 2387 3572 τρία
2427 3504 2592 3572 μέτρα
2631 3500 2948 3570 συνάγεσθαι
2991 3503 3080 3553 τὸν
3119 3505 3340 3574 καρπόν,
3384 3506 3614 3576 Πονηρὸς
3640 3503 3689 3556 ἐν
3719 3505 3864 3559 πόλει

2267 3591 2528 3656 σύνοικος,
2575 3591 2795 3662 πονηρὸς
2851 3587 2898 3640 ἐν
2953 3587 3128 3660 ἀγροῖς
3182 3592 3208 3642 ό
3267 3590 3593 3655 πλεονέκτης.
3645 3593 3703 3646 'll
3765 3595 3862 3647 θεί-

2261 3677 2440 3730 λασσα
2491 3673 2604 3730 οἶδε
2653 3679 2721 3728 τὰ
2775 3677 2894 3748 ὅρια
2941 3675 3136 3738 αὐτῆς·
3190 3679 3219 3735 ἡ
3269 3679 3362 3743 νὺξ
3411 3681 3518 3752 οὐχ
3565 3680 3860 3755 ὑπερϐαίνει

2263 3769 2534 3840 ὁροθεσίας
2589 3765 2835 3838 ἀρχαίας.
2893 3765 2953 3818 Ὀ
3005 3765 3312 3830 πλεονέκτης
3369 3765 3429 3820 δὲ
3479 3769 3576 3821 οὐκ
3631 3767 3860 3824 αἰδεῖται

2261 3860 2472 3931 χρόνον,
2527 3854 2587 3906 οὗ
2636 3855 2878 3928 γνωρίζει
2943 3855 3082 3928 ὅρον,
3127 3854 3185 3907 οὗ
3245 3865 3516 3932 συγχωρεῖ
3573 3859 3860 3930 ἀκολουθίᾳ

2263 3941 2567 4016 διαδοχῆς·
2609 3942 2737 3995 ἀλλὰ
2787 3949 3024 4016 μιμεῖται
3053 3951 3144 3996 τοῦ
3181 3948 3347 4018 πυρὸς
3383 3951 3476 4002 τὴν
3509 3944 3654 4018 βίαν,
3693 3951 3864 4002 πάντα

2259 4032 2640 4106 ἐπιλαμϐάνων²
2703 4037 2792 4084 καὶ
2857 4034 3027 4084 πάντα
3101 4031 3476 4106 ἐπινεμόμενος,
3541 4034 3686 4087 Ὀσα
3745 4037 3860 4089 ἐπι-

2259 4123 2430 4177 ϐλέπει
2482 4126 2506 4175 ό
2550 4122 2828 4193 ὀφθαλμὸς,
2877 4123 3134 4174 τοσούτων
3189 4122 3428 4196 ἐπιθυμεῖ
3479 4126 3506 4178 ό
3535 4125 3860 4192 πλεονέκτης,

3243 4220 3332 4264 τοῦ
3417 4214 3542 4284 ὀρᾴν
3572 4255 3586 4280 ,
3648 4221 3736 4267 καί
3801 4217 3858 4268 οὗ

2258 4303 2636 4374 κορεσθησεται
2702 4299 3012 4374 φιλάργυρος
3077 4307 3170 4352 τοῦ
3234 4298 3534 4372 λαμϐάνειν.
3605 4303 3662 4355 Ὀ
3729 4301 3860 4374 ᾅδης

2257 4392 2352 4444 οὐκ
2417 4385 2573 4456 εἶπεν,
2639 4387 2833 4462 Ἀρκεῖ,
2895 4384 3008 4440 οὐδ’
3067 4389 3093 4438 ό
3161 4388 3466 4453 πλεονέκτης
3523 4388 3632 4444 εἶπέ
3701 4411 3858 4446 ποτεο

2260 4480 2455 4551 Ἀρκεῖ.
2513 4481 2582 4531 Τὸ
2642 4473 2701 4529 δὲ
2758 4477 2980 4530 ἐντεῦθεν
3039 4473 3221 4549 κέρδος
3270 4483 3360 4546 τί;
3425 4487 3860 4552 Λγρνττνίαι,

2257 4589 2457 4644 ριμναι,
2497 4563 2786 4642 φροντίδες.
2819 4569 3080 4627 Δικαστὴς
3130 4563 3520 4641 προσδοκᾶται,
3571 4576 3662 4624 καὶ
3715 4567 3864 4648 οὗτος

565 4737 614 4771 ⁷³
653 4734 840 4792 Eccle.
882 4750 920 4800 ι,
961 4739 1014 4792 4.
1055 4735 1103 4769 7‘
1145 4736 1252 4792 Isa.
1305 4749 1354 4800 ν,
1401 4734 1483 4790 10.
1525 4737 1574 4771 τὺ
1619 4733 1806 4792 Eccle.
1847 4749 1885 4800 ι’,
1927 4738 1979 4792 8.
2021 4736 2069 4772 τδ
2101 4733 2154 4794 P1

2267 4775 2274 4793 .
2313 4745 2488 4800 xxvn,
2532 4731 2634 4796 27;
2675 4743 2816 4794 xxx,
2845 4727 2932 4783 16.

566 4918 642 4990 (-1)
670 4915 750 4990 Ex
771 4914 938 4990 _hom.
963 4917 1027 4990 in
1047 4915 1276 4990 divites,
1315 4919 1402 4990 57.

565 4986 644 5060 (2)
665 4989 750 5060 Ex
769 4986 934 5042 hom.
963 4989 1026 5041 ιη
1048 4986 1300 5060 Lacizz's,
1339 4989 1469 5060 590.

563 5057 642 5192 (3)
671 5059 753 5112 Ex
781 5059 1104 5113 comment.
1139 5058 1200 5112 in
1231 5057 1373 5126 Isa.,
1399 5059 1523 5112 486.

567 5131 615 5192 (4
681 5133 760 5186 Ex
790 5129 955 5184 hom.
997 5128 1060 5183 in
1101 5127 1331 5192 divites,
1367 5131 1456 5181 57.

567 5127 641 5200 (4)
681 5133 760 5186 Ex
790 5129 955 5200 hom.
997 5128 1060 5200 in
1101 5127 1331 5200 diuites,
1367 5131 1456 5200 57.

562 5197 640 5274 (5)
679 5203 763 5256 Ex
794 5199 961 5274 hom.
986 5197 1148 5274 dicta
1171 5197 1233 5252 in
1255 5197 1664 5274 Lacizis,_59l.

562 5264 636 5345 (6)
691 5275 778 5345 Οἰῇ
811 5270 1050 5345 πλούσιοι
1117 5266 1178 5345 ἐκ
1247 5273 1433 5345 μικρᾶς
1491 5264 1774 5345 ’δυνάμεως
1821 5266 2146 5345 προελθόντες

489 5337 592 5407 τις.
619 5337 734 5400 Ῥτο
763 5342 855 5399 his
883 5340 1137 5397 vocibus
1163 5337 1377 5408 legitur
1403 5340 1466 5393 in
1497 5337 1778 5410 contextu
1807 5337 1870 5391 οῖ’
1885 5338 1970 5392 ἐπὶ
2012 5342 2148 5410 μέγα

490 5423 580 5474 τῆς
633 5412 902 5486 δυνάμεως
950 5410 1298 5486 προελθόντες,
1345 5411 1450 5486 qui
1497 5409 1588 5486 ad.
1615 5425 1898 5486 magnam
1931 5409 2145 5486 poten-

494 5487 637 5542 tiam
663 5479 1100 5557 pro'veclz’sant.
1123 5481 1236 5538 Sed
1255 5479 1463 5557 nostra
1479 5479 1773 5552 scriptura
1787 5479 1967 5557 longe
1987 5479 2145 5536 vide-

491 5557 586 5614 tur
605 5549 998 5628 praeferenda,
1023 5569 1095 5615 ac
1118 5569 1256 5612 cum
1279 5549 1464 5616 altero
1482 5549 1949 5626 comparationis
1959 5565 2148 5611 mem-

2253 4911 2360 4968 bro
2373 4907 2586 4965 melius
2606 4903 2890 4978 quadrat.
2912 4904 3152 4978 Qumea
3171 4903 3466 4962 consentit
3481 4905 3860 4978 colbertinus

2259 4981 2472 5050 codex,
2503 4977 2619 5050 nisi
2631 4973 2813 5048 ‘quod
2841 4975 3026 5032 habet
3051 4973 3102 5026 ἐν
3140 4981 3365 5048 μακρᾶς,
3395 4977 3564 5048 quod
3595 4985 3860 5037 erratum

2257 5056 2349 5110 est
2375 5049 2784 5106 librariorum.

2351 5123 2405 5192 7)
2418 5126 2517 5178 Τὴν
2529 5128 2647 5192 γῆν.
2677 5117 3213 5192 Minuskcommode
3231 5117 3295 5172 in
3307 5121 3592 5192 contextu
3611 5127 3710 5180 τὴν
3737 5125 3858 5180 σὴν·

2351 5129 2380 5178 7
2418 5126 2517 5178 Τὴν
2529 5128 2647 5192 γῆν.
2677 5123 2868 5174 Minus
2891 5123 3213 5172 commode
3231 5123 3295 5172 in
3307 5123 3592 5177 contextu
3611 5127 3710 5180 τὴν
3737 5125 3858 5180 σήν·

2327 5123 2584 5320 ἓὸἒῐῐασῃ
2605 5191 2846 5262 ἑπομένη.
2863 5187 2954 5245 Sic
2965 5187 3200 5244 videtur
3215 5189 3672 5248 emendandum
3689 5191 3862 5265 quod

2327 5280 2380 5320 re
2433 5268 2566 5320 atur
2603 5262 2665 5317 in
2693 5263 2976 5316 contextu
3005 5264 3138 5311 πᾶσι
3167 5265 3519 5320 παρεπομένη,
3551 5263 3694 5320 Quae
3723 5263 3862 5320 εει-ί-

2253 5251 2571 5336 legebatur
2603 5251 2976 5341 in__c_ontextu
3005 5264 3138 5311 πᾶσι
3167 5265 3519 5341 παρεπομένη,
3551 5263 3694 5328 Quae
3709 5251 3862 5341 rapti:

2253 5329 2433 5408 ptura
2457 5349 2596 5390 cum
2626 5331 2924 5408 vitio__non
2963 5336 3214 5408 careret,
3239 5329 3336 5387 ide
3357 5329 3585 5390 factum
3613 5341 3682 5391 ut
3711 5333 3864 5392 illud

2253 5399 2387 5482 ξςᾶσι
2415 5405 2477 5482 in
2524 5401 2834 5482 nonnullis
2870 5399 3180 5482 codicibus
3202 5399 3352 5482 mss.
3385 5411 3860 5482 expungemtur.

2255 5481 2354 5540 Est
2381 5475 2562 5540 etiam
2581 5477 2946 5548 expunctum
2973 5472 3037 5532 in
3055 5471 3172 5534 hac
3203 5471 3536 5535 novissima
3563 5471 3864 5538 editione.
