4056 6222
574 250 711 315 1199

1534 245 1900 307 APPENDIX.
1939 272 2011 288 —
2048 226 2394 302 svmtaoms
2435 230 2971 305 METAPHRAST/E

3720 252 3824 315 l200

566 378 853 455 peccavit,
880 391 1062 450 prave
1112 373 1191 430 ab
1236 373 1406 430 initio
1461 373 1789 440 educatus;
1819 370 2046 444 quippe
2094 370 2151 423 et
2178 380 2204 424 ο

2324 374 2680 445 προαιρέσεως
2745 372 3134 445 κατακρίνεται.
3173 366 3232 421 Ὁ
3277 370 3360 442 μὲν
3406 373 3496 449 γὰρ
3537 393 3604 436 τις
3648 376 3818 451 ἥμαρτι,

566 468 920 542 parentibus
949 464 1186 535 injustis
1211 466 1560 537 procreatus
1607 461 1870 519 introivit
1897 460 1961 517 in
2005 457 2216 525 vitam,

567 564 623 616 et
652 559 803 613 inter
836 554 1022 611 verba
1058 552 1335 625 factaque
1382 552 1589 625 iniqua
1631 550 1889 607 nutritus
1918 546 2217 604 fuit:alter

566 662 709 703 vero
735 645 923 701 multa
948 642 1179 700 habens
1210 642 1436 697 virtutis
1460 642 1867 707 incitamenta,
1901 635 2216 695 educatio-

564 752 703 793 nem
724 732 1723 801 honestissimam,admonitionem
1741 732 2216 803 parentum,mao

564 826 887 897 gistrorum
916 821 1696 894 disciplinam,auditionem
1717 819 2075 876 diviniorum
2097 830 2215 871 ser-

563 930 840 981 monum,
868 913 1220 981 eatisgatam
1243 911 1739 982 moderatamque
1760 908 2001 964 diaetam
2020 910 2077 962 et
2096 904 2215 961 alia

563 1002 787 1075 quibus
819 1002 1023 1057 anima
1052 1000 1131 1056 ad
1162 999 1436 1055 virtutem
1493 999 1838 1065 instituitur,
1870 1000 2081 1069 postea
2122 997 2213 1049 ta.-

562 1108 701 1147 men
730 1091 1017 1162 delapsus
1050 1095 1139 1144 est
1159 1089 1358 1159 etipse
1378 1088 1437 1142 in
1461 1088 1618 1142 idem
1638 1092 1949 1159 peccatum
1978 1102 1990 1151 ;
2014 1096 2214 1139 nonne

562 1179 864 1250 ergojnre
918 1195 987 1233 ac
1034 1177 1244 1232 merito
1294 1177 1397 1247 qui
1441 1175 1739 1246 ejusmodi
1771 1179 1877 1241 est,
1914 1171 2212 1245 supplicio

561 1268 821 1339 graviori
837 1267 1143 1339 punietur?
1155 1270 1302 1321 Nam
1318 1264 1410 1319 ille
1424 1264 1671 1336 quidem
1693 1264 1772 1320 ob
1786 1263 1915 1320 sola
1933 1263 2215 1335 inspersa

561 1356 781 1412 animis
826 1355 1045 1410 nostris
1078 1353 1365 1409 salutaria
1395 1353 1667 1409 subsidia
1708 1351 2116 1415 accusabitur,
2147 1352 2214 1406 ut

558 1446 642 1500 eis
680 1460 805 1499 non
853 1443 1040 1514 probe
1070 1459 1248 1507 usus;
1279 1439 1383 1496 sed
1414 1441 1509 1496 hic
1556 1442 1821 1513 insuper,
1853 1444 1919 1495 ut
1941 1437 2213 1512 proditor

558 1532 757 1588 omnis
790 1531 906 1586 sibi
962 1530 1230 1586 concessi
1275 1529 1631 1601 adjumenti,
1654 1545 1725 1586 ac
1765 1527 2128 1599 negligentia
2148 1525 2209 1583 in

554 1637 810 1694 pravam
836 1621 1021 1676 vitam
1044 1620 1348 1692 abreptus.

624 1830 680 1884 4.
712 1827 789 1897 (1)
814 1828 1101 1892 Quaenam
1116 1824 1293 1897 igitur
1310 1828 1554 1897 peccata
1569 1824 1809 1881 veniam
1832 1821 1997 1896 apud
2019 1824 2208 1879 Deum

555 1915 825 1972 obtinere
857 1919 1195 1987 possunt,et
1225 1913 1304 1970 ob
1330 1930 1466 1986 qum
1496 1920 1553 1970 et
1580 1913 1659 1969 ob
1684 1911 1891 1985 qualia
1909 1911 2127 1968 delicta
2140 1910 2209 1968 fit

551 2005 688 2079 quis
711 2003 1103 2060 contumaciae
1126 2002 1354 2074 judicio
1376 2002 1721 2059 obnoxius?
1742 2005 1942 2074 Neque
1972 2001 2031 2058 in
2056 1998 2207 2057 mul-

552 2094 803 2151 titudine
835 2109 1031 2165 neque
1060 2093 1124 2148 in
1151 2092 1567 2162 magnitudine
1594 2090 2117 2163 peccatorum,sed
2142 2090 2204 2146 in

553 2199 675 2240 una
722 2182 1146 2238 tantummodo
1182 2182 1597 2252 cujuscunque
1636 2180 1882 2237 tandem
1922 2180 2204 2253 praecepti

550 2270 1341 2343 violatione,eontumaciam
1364 2269 1654 2325 adversus
1669 2271 1853 2325 Deum
1880 2270 2038 2325 clare
2047 2268 2205 2339 judi-

551 2360 674 2416 cari
721 2373 1230 2430 communemque
1286 2357 1641 2413 sententiam
1689 2373 1725 2414 a
1782 2357 1902 2414 Deo
1958 2356 2098 2413 ferri
2142 2356 2204 2413 in

550 2464 792 2505 omnem
824 2446 1295 2502 inobedientiam
1330 2445 1696 2513 invenimus,
1728 2445 2063 2517 Scripturas
2103 2460 2201 2501 sa-

550 2552 682 2593 cras
715 2536 862 2591 dum
885 2535 1237 2592 evolvimus.
1269 2539 1457 2607 Atque
1492 2534 1553 2589 in
1586 2534 1770 2591 Veteri
1795 2533 2042 2605 quidem
2065 2534 2202 2605 lego

548 2623 919 2680 horrendum
938 2624 1107 2679 illum
1142 2622 1333 2695 ipsius
1366 2623 1557 2679 Achar
1586 2624 1812 2681 exitum
1833 2625 1905 2694 ⁷⁸,
1937 2627 2041 2680 aut
2068 2624 2200 2696 ejus

548 2714 657 2786 qui
697 2712 961 2770 Sabbato
990 2713 1155 2783 ligna
1203 2711 1522 2782 collegerat
1554 2712 1621 2779 ⁸ο,
1654 2712 1966 2769 historiam
1994 2729 2007 2767 :
2041 2727 2201 2785 quo-

547 2818 684 2858 rum
716 2807 924 2858 neuter
948 2817 1222 2874 unquam
1265 2801 1429 2856 aliud
1460 2801 1519 2857 in
1554 2803 1741 2857 Deum
1780 2817 2067 2874 peccasse
2097 2804 2202 2858 aut

547 2892 610 2947 in
635 2892 967 2961 hominem,
1001 2893 1123 2947 sive
1168 2906 1459 2960 magnum
1506 2890 1633 2945 sive
1684 2905 1941 2962 parvum
1988 2890 2201 2963 depre-

549 2980 850 3037 henditur.
884 2979 996 3037 Sed
1036 2980 1182 3035 alter
1209 2979 1455 3051 quidem
1504 2978 1584 3034 ob
1615 2979 1807 3034 solam
1850 2994 1921 3035 ac
1950 2979 2201 3051 primam

546 3069 845 3139 lignorum
888 3068 1297 3124 collectionem
1329 3066 1701 3124 inevitabiles
1735 3067 2093 3140 pmnasluit,
2126 3083 2202 3125 ne

547 3157 911 3231 poenitentiae
954 3157 1202 3228 quidem
1247 3156 1490 3212 invento
1514 3156 1670 3225 loco,
1701 3156 2200 3229 quandoquidem

549 3248 652 3304 Dei
704 3247 879 3317 jussu
930 3245 1241 3301 confestim
1279 3261 1316 3301 θ.
1353 3250 1569 3301 cuncto
1616 3245 1842 3318 populo
1894 3245 2200 3318 lapidibus

550 3334 1006 3392 obruitur.A1ter
1030 3333 1368 3405 vero,quod
1393 3333 1588 3389 solum
1613 3334 1951 3391 sustulisset
1974 3334 2203 3407 aliquid

551 3441 623 3481 ex
644 3424 913 3479 donariis
938 3428 994 3479 et
1018 3424 1391 3489 muneribus,
1426 3424 1615 3495 iisque
1645 3423 1918 3479 nonduin
1937 3424 1999 3480 in
2022 3441 2201 3497 syna-

550 3530 774 3585 gogain
808 3513 1154 3584 exportatis,
1182 3513 1442 3567 necdum
1465 3512 1623 3568 abiis
1653 3513 1756 3584 qui
1785 3512 1865 3568 ad
1889 3513 2027 3569 talia
2055 3514 2202 3569 reci-

548 3603 774 3676 pienda
802 3603 1283 3670 destinabantur,
1312 3602 1656 3674 assumptis,
1680 3618 1804 3658 non
1833 3603 1945 3658 sibi
1992 3604 2199 3670 modo,

551 3694 657 3749 sed
682 3695 854 3749 uxori
878 3695 1059 3749 etiam
1087 3697 1143 3748 et
1170 3691 1372 3747 liberis
1394 3691 1553 3746 exitii
1574 3695 1756 3763 atque
1778 3692 2059 3763 perniciei
2089 3709 2200 3749 au-

549 3786 676 3839 ctor
705 3782 1250 3854 fuit,praatereaque
1276 3785 1332 3837 et
1360 3782 1475 3852 ipsi
1506 3781 1895 3838 tabernaculo
1922 3798 2044 3839 una
2064 3798 2202 3839 cum

549 3872 673 3927 suis
718 3872 1026 3927 omnibus.
1074 3874 1326 3942 Jamque
1368 3871 1596 3941 peccati
1649 3871 2110 3941 vindicta.ignis
2139 3873 2203 3929 in

548 3960 822 4025 modum,
850 3958 1143 4029 populum
1174 3974 1417 4013 omnem
1444 3959 1805 4031 populatura
1824 3966 1969 4030 erat,
1995 3961 2198 4033 idque,

550 4062 690 4101 cum
721 4062 917 4117 neque
966 4062 1094 4101 rem
1126 4052 1349 4112 nosset,
1374 4063 1570 4117 neque
1615 4051 1887 4118 peccanti
1927 4052 2202 4108 conscius

554 4136 846 4199 esset,nisi
871 4136 1069 4190 statim
1092 4134 1171 4191 ob
1193 4137 1460 4191 virorum
1491 4136 1938 4195 interfectorum
1967 4141 2201 4199 cladem

549 4225 839 4282 contritus
888 4224 1149 4297 populus
1206 4225 1433 4295 fuisset,
1462 4226 1613 4281 iram
1668 4227 1767 4282 Dei
1817 4229 2097 4303 sentiens,
2130 4248 2201 4288 ac

547 4317 686 4371 Jesu
713 4317 872 4370 Nave
928 4313 1086 4368 filius
1148 4313 1391 4384 pulvere
1444 4330 1804 4385 conspersus
1851 4318 2202 4387 procidisset

2324 467 2564 534 πονηρῶς
2600 463 2658 513 τὸ
2720 458 2774 523 ἐξ
2838 458 3012 533 ἀρχῆς
3076 458 3438 533 τεθραμμένος’
3490 467 3569 515 καὶ
3619 467 3702 541 γὰρ
3759 468 3821 521 καὶ

2323 548 2423 600 ὑπὸ
2469 552 2657 619 γονέων
2709 546 2906 602 ἀδίκων
2960 547 3028 609 εἰς
3066 550 3155 600 τόν
3190 546 3303 621 βίον
3338 551 3590 623 παρὴχθη,
3616 560 3692 606 καὶ
3738 575 3820 608 σνν-

2323 639 2515 710 ετράφη
2569 642 2658 690 καὶ
2695 637 2901 710 ῥήμασι
2937 641 3027 689 καὶ
3072 635 3294 709 πράξεσι
3340 644 3643 713 παρανόμοις.
3690 643 3821 705 "Alio;

2323 720 2383 777 δὲ
2422 724 2586 777 πολλα
2658 729 2796 799 ἔχων
2821 729 2886 778 τὰ
2943 724 3332 798 προκαλούμενοι
3384 726 3524 780 αὐτὸν
3559 730 3618 791 εἰς
3666 729 3819 805 ἀρετήν,

2322 811 2615 888 ἀνατροφὴν
2694 816 3049 887 σεμνοτάτην,
3102 816 3396 873 νουθέτησιν
3448 822 3649 890 γονέων,
3712 817 3809 875 διδα

2324 902 2524 955 σκσῖλων
2558 905 2634 974 (3)
2701 903 2969 977 ἀκρίϐειαν
3004 945 3019 970 ,
3085 902 3335 980 ἀκρόασιν
3390 904 3541 979 λόγων
3599 910 3817 982 θιιοτέρων,

2323 988 2535 1044 δίαιταν
2559 992 2974 1065 κατεσταλμίνην
3002 1034 3017 1061 ,
3049 992 3210 1045 τᾶλλα
3256 995 3332 1056 οἷς
3371 994 3512 1066 ψυχὴ
3542 993 3823 1069 παιδαγωγεῖ-

2319 1100 2405 1133 ται
2469 1084 2600 1156 πρὸς
2661 1080 2884 1156 ἀρετήν·
2928 1079 3039 1135 εἶτα
3101 1086 3190 1135 καὶ
3254 1083 3403 1146 αὐτὸς
3458 1084 3519 1145 εἰς
3576 1090 3657 1143 τὴν
3710 1085 3825 1143 αὐτὴν

2321 1169 2580 1243 ἁμαρτίαν
2655 1170 2937 1226 ὑπωλισθε.
3004 1177 3117 1233 Πῶς
3171 1168 3259 1224 οὖν
3309 1172 3429 1244 οὐχὶ
3483 1172 3735 1248 βαρυτέρας
3770 1172 3826 1227 δι·

2321 1263 2477 1319 καίως
2502 1259 2527 1310 ό
2564 1265 2796 1320 τοιοῦτος
2837 1267 2934 1322 τῆς
2994 1264 3253 1332 τιμωρίας
3306 1258 3665 1328 ἀξιωθήσεταις
3699 1261 3744 1313 ’0

2319 1349 2420 1421 γὰρ
2468 1345 2553 1399 ἐπὶ
2595 1350 2780 1419 μόναις
2816 1354 2933 1408 ταῖς
2969 1352 3414 1422 κατεσπαρμέναις
3454 1347 3500 1401 ἑν
3536 1357 3637 1413 ταῖς
3667 1353 3827 1410 ἐννοίαις

2319 1436 2465 1508 ἡμῶν
2497 1441 2769 1509 σωτηρίοις
2811 1435 3069 1513 ἀφορμαῖς
3117 1436 3500 1508 ὴκληθήσεται,
3529 1441 3590 1501 ὡς
3637 1438 3688 1491 οὐ
3728 1458 3827 1513 χρη-

2323 1526 2538 1597 σάμενος
2593 1524 2777 1587 αὐταῖς
2816 1526 2980 1597 ὑγιῶς
3007 1547 3019 1558 ·
3054 1527 3080 1578 ὁ
3120 1522 3180 1579 δὲ
3228 1529 3356 1602 πρὸς
3383 1530 3539 1599 τούτῳ
3566 1528 3651 1597 (ﬁ),
3692 1531 3827 1587 καὶώς

2317 1608 2665 1686 προδεδωκὼς
2724 1620 2898 1667 πᾶσαν
2953 1619 3048 1672 τὴν
3102 1610 3386 1688 δεδομένην
3439 1616 3569 1687 αὐτῷ
3620 1620 3828 1688 συνεργίαν

2241 1719 2280 1773 Β
2318 1707 2407 1755 καὶ
2438 1698 2473 1754 δ
2480 1703 2516 1755 ι’
2565 1701 2878 1775 ἀπροσεξίαν
2904 1703 2974 1766 εἰς
3004 1705 3091 1756 τὸν
3145 1708 3369 1777 πονηρὸν
3418 1703 3529 1777 βίον
3567 1708 3826 1775 καταουρείς.

2388 1819 2440 1873 4.
2488 1823 2621 1871 Ποῖα
2674 1814 2763 1870 οὖν
2809 1825 2910 1870 τῶν
2954 1817 3346 1893 ἁμαρτημάτων
3398 1823 3683 1892 συγγνώμην
3726 1821 3827 1890 ἔχειν

2316 1901 2537 1959 δύναται
2594 1907 2735 1979 παρὰ
2786 1913 2859 1977 τῷ
2899 1914 3013 1977 Θεῷ
3047 1924 3061 1970 ;
3093 1911 3239 1960 πόσα
3269 1903 3329 1961 δι
3347 1912 3433 1961 καὶ
3482 1906 3658 1965 πηλίκα
3706 1905 3828 1977 ἁμαρ·

2312 1999 2476 2057 τήσας
2504 2014 2584 2057 τις
2618 2038 2633 2063 ,
2680 1996 2960 2056 ὑπεύθυνος
3014 2001 3215 2066 γίνεται
3250 2004 3324 2068 τῷ
3366 2000 3572 2072 κρίματι
3610 2004 3691 2057 τῆς
3718 1993 3827 2048 ἀπει-

2315 2085 2450 2144 θείας
2478 2099 2492 2150 ;
2525 2084 2662 2137 Οὔτε
2688 2082 2737 2135 ἐν
2777 2090 2850 2155 τῷ
2889 2084 3074 2143 πλήθει
3115 2094 3218 2139 τῶν
3266 2086 3699 2159 ἁμαρτανομένων,
3746 2084 3827 2135 οὔτε

2312 2170 2361 2224 ἐν
2398 2181 2471 2245 τῷ
2526 2175 2727 2245 μεγέθει
2791 2180 2892 2225 τῶν
2947 2174 3381 2247 ἁμαρτημάτων,
3416 2174 3463 2227 ἄν
3525 2178 3638 2246 μόνη
3691 2168 3739 2225 δὲ
3783 2176 3826 2241 τῇ

2310 2261 2607 2335 παραϐάσει
2674 2263 2974 2315 οὑτινοσοῦν
3035 2268 3438 2338 προστάγματος
3496 2271 3654 2335 σαφῶς
3709 2266 3830 2331 κρίνο-

2310 2370 2401 2423 μεν
2441 2353 2516 2423 (5)
2572 2356 2667 2410 τὴν
2704 2356 2830 2425 πρὸς
2870 2355 2998 2405 Θεὸν
3048 2352 3313 2408 ἀπείθειαν
3346 2398 3361 2422 ,
3406 2359 3491 2407 καὶ
3544 2354 3689 2404 κοινόν
3735 2352 3830 2401 κατὰ

2310 2442 2487 2502 πάσης
2516 2449 2786 2514 παρακοῆς
2828 2449 2920 2494 τοῦ
2959 2449 3092 2496 Θεοῦ
3135 2445 3193 2496 τό
3232 2452 3400 2517 κρῖμα
3446 2444 3742 2517 εὑρίσκομεν,
3770 2441 3831 2496 τὰς

2313 2531 2453 2591 θείας
2508 2528 2845 2593 ἀναλαϐόντες
2908 2533 3148 2605 Γραφάς.
3193 2532 3277 2587 Ἐν
3320 2536 3410 2605 μὲν
3467 2540 3524 2591 τῆ
3576 2529 3745 2597 Dahis}
3789 2530 3829 2577 τὸ

2310 2617 2522 2693 φοϐερόν
2579 2618 2738 2672 ἐκεῖνο
2795 2628 2887 2673 τοῦ
2941 2620 3121 2695 ”Λχαρ
3185 2620 3609 2694 ἀναγινώσκοντες
3646 2616 3827 2681 relegi:

2308 2712 2402 2766 τὴν
2449 2710 2585 2761 κατὰ
2634 2713 2722 2761 τὸν
2761 2709 2811 2762 ἓν
2852 2709 3099 2781 Σαϐϐάτῳ
3135 2709 3269 2773 ξύλα
3306 2710 3606 2773 ἀναλέξαντα
3638 2710 3829 2780 ἱστορίαν.

2310 2796 2378 2847 ὧν
2417 2798 2656 2869 ἓκάτερος
2699 2794 2849 2851 οὐδὲν
2897 2795 3148 2852 οὐδέποτε
3176 2800 3305 2853 ἄλλο
3335 2799 3428 2853 οὐκ
3470 2798 3539 2862 εἰς
3578 2800 3689 2851 Θεὸν
3712 2798 3833 2866 ἡμαρο

2308 2892 2501 2951 τηκὼς,
2534 2887 2629 2939 οὐκ
2674 2888 2944 2961 ἄνθρωπον
2987 2884 3258 2951 ἠδικηκὼς
3289 2931 3305 2955 ,
3346 2889 3405 2942 οὐ
3443 2892 3589 2961 μέγα,
3613 2886 3665 2939 οὗ
3696 2884 3833 2956 μικρὸν

2310 2974 2436 3038 ὂλως
2460 3018 2478 3041 ,
2522 2976 2816 3049 εὑρίσκεται
2848 3013 2864 3031 .
2920 2976 3054 3029 Ἀλλ’
3081 2979 3107 3029 ὁ
3136 2981 3230 3050 μὲν
3288 2978 3373 3032 ἐπὶ
3424 2981 3547 3051 μόνη
3592 2980 3671 3029 καὶ
3702 2976 3833 3044 πρώτῃ

2310 3074 2408 3117 τῶν
2439 3064 2601 3127 ξύλων
2649 3064 2872 3137 συλλογῇ
2914 3064 3277 3139 ἀπαραίτητον
3342 3064 3536 3121 δίδωσι
3580 3071 3663 3123 τὴν
3702 3059 3834 3123 δίκην,

2310 3151 2435 3207 οὐδὲ
2458 3158 2728 3225 μετανοίας
2764 3160 2917 3208 τόπον
2966 3156 3125 3228 εὑρών
3151 3176 3162 3190 ο
3215 3157 3583 3230 προστάγματι
3608 3156 3696 3227 γάρ
3742 3153 3839 3205 Θεοῦ

2309 3245 2454 3316 παρὰ
2503 3246 2693 3305 παντὸς
2734 3251 2824 3297 τοῦ
2871 3243 2997 3296 λαοῦ
3051 3254 3394 3322 παραχρῆμα
3451 3242 3774 3298 λιθοϐολεῐται.
3800 3238 3839 3288 ’0

2312 3328 2390 3397 δὲ,
2422 3334 2504 3384 ὃτι
2551 3337 2703 3404 μόνον
2742 3332 2970 3405 ὑφείλετο
3009 3353 3062 3387 τι
3106 3342 3206 3387 τῶν
3258 3337 3592 3409 ἀναθημάτων
3623 3376 3637 3404 ,
3663 3332 3779 3385 οὔπω
3800 3322 3838 3378 δὲ

2310 3420 2699 3492 εἰσενεχθέντων
2774 3422 2843 3484 εἰς
2918 3427 3011 3481 τὴν
3080 3431 3435 3498 συναγωγὴν,
3490 3420 3605 3477 οὐδὲ
3671 3413 3839 3492 προσὸε·

2309 3511 2540 3582 χθέντων
2630 3512 2731 3564 υπὸ
2832 3520 2930 3563 τῶν
3023 3512 3433 3588 ἐπιτεταγμένων
3503 3515 3568 3565 τά
3656 3514 3835 3568 τοτα-πα,

2310 3602 2477 3659 αἴτιος
2537 3598 2805 3664 ἀπωλείας,
2838 3601 2945 3673 οὐχ
2984 3602 3148 3673 ἐαυτῷ
3196 3610 3359 3675 μόνῳ,
3395 3603 3519 3655 ἀλλὰ
3568 3605 3647 3653 καὶ
3687 3602 3834 3669 γαμετῇ

2309 3694 2398 3739 καὶ
2442 3692 2656 3758 τέκνοις,
2688 3694 2816 3762 πρὸς
2868 3686 2928 3743 δε
2976 3696 3063 3744 καὶ
3102 3692 3234 3764 αὐτῇ
3287 3700 3477 3765 σκηνῇ,
3507 3696 3597 3744 σὺν
3630 3694 3742 3742 πᾶσι
3761 3690 3838 3741 τοῖς

2314 3773 2466 3837 ἰδίοις
2504 3777 2717 3849 ἐγένετο.
2756 3778 2961 3852 Ἔμελλε
3018 3777 3076 3833 δὲ
3130 3777 3239 3840 ἠδη
3284 3784 3467 3835 θᾶττον
3513 3784 3596 3833 καί
3647 3782 3721 3829 τόν
3752 3776 3837 3825 λαὸν

2308 3866 2532 3933 ἅπαντα,
2566 3871 2729 3941 πυρὸς
2784 3872 2995 3941 τρόπον,
3031 3868 3368 3943 ἐπινέμεσθαι
3423 3879 3512 3931 τῆς
3563 3869 3779 3941 ἁμαρτίας
3799 3866 3837 3910 τά

2309 3958 2486 4026 κακόν,
2519 3962 2608 4008 καὶ
2663 3965 2848 4025 ταῦτα,
2878 3962 2993 4012 οὔτε
3041 3956 3220 4013 εἰδότα
3266 3964 3325 4013 τὸ
3369 3964 3589 4032 γεγονὸς,
3616 3960 3717 4011 οὗτε
3758 3971 3840 4004 ουν·

2310 4050 2569 4115 εγνωκότα
2615 4054 2685 4117 τῷ
2760 4047 3119 4121 ἁμαρτήσαντι
3147 4090 3164 4118 ,
3214 4050 3258 4101 εἰ
3321 4055 3395 4121 μὴ
3458 4052 3647 4120 ταχέως
3687 4044 3732 4095 ἐκ
3775 4046 3839 4095 τὶς

2308 4140 2549 4196 πτώσεως
2594 4143 2691 4188 τῶν
2745 4134 3114 4209 ἀναιρεθέντων
3181 4135 3388 4214 ἀνδρῶν
3431 4135 3688 4211 συνετρίϐη
3730 4128 3839 4203 μενά

2307 4223 2426 4284 λαός
2464 4224 2767 4296 αἰσθόμενος
2815 4233 2906 4286 τῆς
2932 4227 3089 4301 ὀργῆς
3137 4234 3230 4279 τοῦ
3288 4235 3425 4281 Θεοῦ
3450 4271 3464 4297 ,
3515 4230 3652 4278 ἔπεσε
3694 4219 3839 4285 δείδια

2307 4324 2417 4379 τοῖς
2450 4316 2815 4392 πρεσϐυτέροις
2870 4322 3307 4393 καταπασάμενος
3355 4329 3492 4393 χοῦν
3521 4316 3746 4377 Ἰησουςο
3778 4316 3840 4362 τοῦ

548 4419 673 4460 una
702 4420 842 4458 cum
872 4403 1437 4473 senioribus,sicque
1458 4418 1596 4458 reus
1620 4419 1727 4474 per
1748 4409 1969 4460 sortem
1993 4406 2200 4480 depre.

2306 4412 2478 4464 Ναυῆ·
2542 4412 2631 4459 καὶ
2678 4408 2812 4459 οὑτω
2862 4405 2957 4461 διὰ
3000 4408 3194 4482 κλήρου
3242 4412 3552 4485 φωραθεὶςὸ
3580 4412 3734 4477 ἔνοχος
3776 4404 3839 4455 τέ’

547 4493 908 4560 hensus,cas
938 4507 1091 4563 quas
1121 4491 1244 4546 dixi
1270 4506 1484 4563 poenas
1506 4490 2031 4561 dedisset.(2)0uid
2059 4512 2198 4554 vero

550 4582 728 4635 Maria
749 4580 966 4651 Moysis
992 4581 1201 4636 soror?
1224 4579 1325 4635 Illa
1352 4596 1491 4635 cum
1523 4580 1716 4637 solum
1747 4582 1975 4655 aliquid
1991 4591 2200 4646 contra

549 4669 811 4738 Moysem
864 4668 1269 4740 improbando
1321 4668 1589 4738 dixisset,
1613 4669 1796 4743 idque
1834 4672 2033 4744 ipsum
2061 4692 2198 4732 vere

547 4757 819 4829 (uxorem
850 4758 1030 4821 enim,
1054 4758 1703 4832 inquit,AEthiopissam
1732 4760 1845 4817 sibi
1876 4761 1974 4834 adj
1987 4765 2193 4833 unxit),

548 4848 779 4900 tantam
810 4851 1054 4917 experta
1097 4852 1185 4903 est
1215 4848 1315 4903 Dei
1341 4847 1837 4919 indignationem,
1872 4856 1937 4907 ut
1961 4868 2036 4909 ne
2064 4854 2197 4926 ipso

545 4932 796 5005 quidem
811 4936 1007 5007 Moyse
1021 4940 1300 5006 precante
1314 4938 1544 5008 peccati
1556 4940 2194 5011 poenaipsiremittere-

543 5022 844 5080 tur“.Sed
856 5022 1106 5079 istorum
1118 5024 1265 5096 quid
1278 5025 1621 5082 meminisse
1633 5043 1874 5084 necesse
1888 5034 2001 5097 est,
2020 5031 2189 5103 507

2308 4494 2577 4570 εἰρημένην
2608 4492 2806 4549 δέδωκε
2836 4493 3012 4556 δίκην.
3042 4502 3106 4552 Τί
3147 4495 3206 4552 δὲ
3235 4506 3419 4574 Μαρία
3447 4500 3477 4558 ἠ
3525 4494 3700 4569 ἀδελφὴ
3728 4498 3839 4546 Μων·

2309 4588 2435 4645 σέως
2460 4601 2473 4650 ;
2500 4586 2645 4642 Αὕτη
2700 4588 2835 4638 κατά
2884 4592 3145 4649 Μωυσέως
3199 4585 3385 4647 ἐπειδὴ
3437 4587 3544 4641 εἶπέ
3577 4606 3624 4639 τι
3662 4588 3838 4656 μόνονετ

2306 4679 2672 4745 καταγνώσεως
2722 4678 2863 4750 μέρει
2892 4717 2907 4745 ,
2952 4682 3041 4729 καὶ
3092 4684 3243 4729 τοῦτο
3286 4676 3471 4739 ἀληθὲς
3509 4682 3731 4749 (γυναῖκα
3750 4670 3838 4742 γὰρ,

2307 4770 2503 4836 φησιν,
2556 4766 2906 4819 Αἰθιόπισσαν
2954 4766 3126 4820 ἔλαϐεν
3162 4767 3391 4839 ἐαυτῶ),
3450 4772 3692 4826 τοσαύτης
3746 4762 3841 4812 ἀπ’

2305 4855 2441 4925 ράθη
2481 4863 2571 4915 τῆς
2622 4862 2714 4907 τοῦ
2773 4863 2907 4907 Θεοῦ
2946 4855 3389 4927 ἀγανακτήσεως,
3437 4861 3502 4921 ὡς
3558 4851 3685 4928 μηδὲ
3723 4847 3838 4902 αὑτθῧ

2306 4950 2399 4994 τοῦ
2460 4948 2716 5004 Μωυσέως
2772 4945 3077 5007 ἱκετεύοντος
3146 4949 3564 5022 συγχωρηθῆναι
3608 4944 3721 5011 αὐτῇ
3776 4943 3839 4993 τῆς

2307 5030 2568 5111 ἁμαρτίας
2616 5036 2671 5085 τὸ
2712 5031 2993 5107 ἐπιτίμιον.
3024 5039 3122 5088 Καὶ
3180 5040 3227 5089 τί
3296 5032 3382 5090 δεῖ
3427 5040 3541 5110 περὶ
3582 5035 3750 5087 τούτων
3784 5024 3835 5075 Μ’

617 5167 664 5201 ⁷ο
696 5168 815 5223 Jos.
843 5181 939 5235 vn,
968 5169 1057 5221 25.
1090 5166 1136 5201 ⁸ο
1212 5169 1388 5223 Num.
1419 5184 1519 5241 xv,
1548 5173 1633 5227 36.
1678 5171 1723 5205 ⁸¹
1791 5170 1968 5229 Num.
1993 5188 2097 5246 XII,
2134 5180 2200 5235 17
2238 5190 2378 5254 sqq.

738 5310 1144 5408 IliggProaemio
1178 5311 1261 5369 De
1277 5311 1515 5381 judicio
1545 5313 1674 5385 Dei,
1707 5314 1833 5375 217.

728 5381 1088 5539 ﬁdissima.
1118 5455 1284 5539 Hanc
1313 5470 1521 5517 vocem
1551 5456 1898 5539 addidimus
1927 5474 2001 5522 ex
2037 5476 2196 5524 con-

546 5521 712 5578 textu
735 5528 794 5582 et
821 5526 1100 5585 codicum
1123 5526 1328 5587 altero.

2368 5319 2445 5394 (4)
2484 5321 2617 5394 Πρὸς
2651 5320 2840 5392 τούτῳ.
2865 5319 2957 5379 Sic
3001 5320 3163 5379 idem
3205 5321 3395 5381 codex
3450 5325 3508 5381 et
3560 5318 3839 5379 contextus-

2295 5389 2449 5466 Ediﬁ
2480 5389 2611 5466 πρὸς
2637 5389 2809 5447 τοῦτο’.

2366 5464 2448 5534 (5)
2483 5458 2749 5551 ιςλοίνομιν.
2785 5464 3121 5537 Legendum
3152 5465 3391 5525 videtur
3423 5464 3572 5525 utin
3608 5458 3843 5521 contextu

2292 5554 2619 5611 κρινομενην,
