4056 6222
235 329 367 385 1201

1448 326 1674 386 SERMO
1713 327 1826 384 VII.
1850 356 1918 369 -
1950 327 2043 385 DE
2077 329 2385 388 PECCATO

3460 339 3595 397 1202

232 470 363 524 γειν,
413 450 569 505 αὐτὸν
611 458 793 506 τοῦτον
854 451 1074 524 ἀφίντας
1131 457 1377 520 Μωῦσέα,
1419 456 1506 505 τὸν
1552 460 1644 506 τοῦ
1699 461 1796 506 Θεο

1939 451 2077 525 ipso
2107 457 2310 526 Moyse
2340 458 2772 528 prieterito,Dei
2796 459 3043 527 famulo,
3067 474 3291 530 magno
3319 459 3421 518 illo
3441 463 3591 536 viro,

236 543 545 615 θεράποντα,
589 545 672 594 τὸν
714 546 876 613 μέγαν
919 541 1126 610 ἐκεῖνον,
1171 545 1257 596 τὸν
1308 544 1567 603 τοσαύτης
1605 545 1694 614 μεν
1741 546 1832 594 καὶ

232 630 553 693 τηλικαύτης
581 629 865 693 ἀξιωθέντα
889 631 1011 707 παρ’
1052 632 1211 685 αὑτοῦ
1257 640 1429 704 τιμῆς,
1464 632 1598 684 οὕτω
1639 627 1698 683 δὲ
1728 631 1828 682 ὑπὸ

233 719 392 773 αὐτοῦ
459 721 878 795 μαρτυρηθέντα,
942 724 1006 782 ὡς
1072 720 1319 778 ἀκοῦσαι.
1377 717 1517 773 Οἶδά
1585 739 1641 773 σε
1687 722 1831 795 παρά

229 810 470 879 πάντας,
536 813 626 861 καὶ
687 808 909 882 εὕρηκας
968 812 1131 883 χάριν
1186 812 1396 862 ἐνώπιόν
1448 825 1596 882 μου;
1666 809 1829 869 Οὗτος

228 900 331 971 γὰρ
386 896 469 951 ἐπὶ
520 904 614 950 τοῦ
668 894 859 958 ὕδατος
899 906 993 960 τῆς
1050 898 1362 970 ἀντιλογίας,
1415 894 1625 958 οὐδενός
1669 899 1827 949 ἕνεκεν

230 986 425 1059 ἐτέρου,
480 987 510 1046 ἢ
573 988 657 1039 ῑνα
710 990 864 1059 μόνον
922 990 1039 1059 εἴπῃ
1098 994 1170 1057 τῷ
1226 987 1332 1058 λαῷ
1377 986 1691 1058 γογγύζοντι
1752 982 1828 1038 δι’

229 1073 450 1148 ἀπορίαν
511 1072 725 1140 ὕδατος,
791 1080 876 1133 Μὴ
918 1074 976 1128 ἐκ
1031 1076 1229 1137 ταύτης
1268 1085 1363 1139 τῆς
1425 1079 1612 1149 πέτρας
1666 1074 1826 1137 ἐξάξω

224 1164 350 1235 ύμῖν
407 1161 600 1237 ύδωρς
668 1168 852 1217 τούτου
917 1168 1077 1237 μόνου
1152 1167 1312 1218 ἕνεκεν
1386 1164 1532 1225 εὐθὺς
1610 1162 1823 1221 ἀπειλὴν

224 1256 369 1326 παρά
416 1261 509 1306 τοῦ
549 1261 684 1308 Θεοῦ
725 1251 963 1326 δέχεται,
998 1254 1069 1318 εἰς
1099 1259 1193 1314 τήν
1230 1262 1329 1326 γῆν
1373 1261 1467 1316 τῆς
1514 1253 1820 1325 ἕπαγγελίας

224 1342 322 1396 οῦκ
348 1342 752 1412 εἰσελεύσεσθαι,
803 1346 919 1406 ἣτις
960 1340 1020 1403 ἦν
1061 1348 1175 1397 τότε
1203 1352 1304 1395 τῶν
1343 1346 1474 1417 πρὸς
1528 1339 1819 1405 Ἰουδαίους

225 1430 541 1503 ἐπαγγελιῶν
604 1436 662 1485 τό
736 1432 1043 1504 κεφάλαιον.
1098 1433 1259 1485 Ὅταν
1328 1433 1415 1484 οῦν
1472 1428 1573 1484 ἴδω
1638 1439 1818 1484 τοῦτον

219 1520 651 1595 παρακαλοῦντα,
718 1527 809 1573 καὶ
854 1526 926 1593 μη
989 1523 1414 1596 συγγωρούμενον
1440 1536 1453 1551 ⁶
1521 1523 1642 1572 ὅταν
1716 1517 1818 1573 ἴδω

217 1605 484 1681 μηδεμιᾶς
544 1616 859 1682 συγγνώμης
908 1607 1001 1663 διὰ
1052 1613 1118 1663 τὰ
1160 1618 1391 1663 τοσαῦτα
1435 1611 1817 1683 κατορθώματα

213 1696 304 1750 ἐπὶ
356 1705 428 1769 τῷ
481 1696 682 1772 βραχεῖ
724 1697 896 1770 ἕκείνῳ
950 1700 1352 1772 καταξιούμενον
1393 1699 1593 1773 ῥήματι
1622 1719 1634 1732 ·
1685 1697 1814 1769 ούχὶ

1938 544 2024 599 tot
2050 558 2120 598 ac
2154 544 2330 599 tantis
2368 546 2702 603 honoribus
2740 565 2775 604 a
2818 552 2937 604 Deo
2970 549 3278 618 insignito,
3308 555 3365 606 et
3402 550 3595 622 ipsius

1935 630 2277 688 testimonio
2317 632 2398 690 ita
2426 635 2838 707 comprobato,
2874 643 2937 692 ut
2985 636 3281 695 audierit:
3331 640 3488 696 Novi
3540 647 3596 697 te

1928 734 2062 790 prae
2082 722 2377 790 omnibus,
2400 729 2455 779 et
2482 726 2765 781 invenisti
2784 728 3043 796 gratiam
3065 742 3261 783 coram
3288 730 3469 785 me“?
3490 730 3591 785 llic

1935 810 2094 866 enim
2111 811 2190 866 ad
2214 827 2409 884 aquas
2433 815 2949 885 contradictionis,
2968 816 3134 872 nulla
3151 816 3269 873 alia
3290 817 3363 873 de
3376 835 3587 886 causa,

1935 898 2049 954 nisi
2073 900 2240 970 quod
2263 902 2685 958 tantummodo
2710 903 2936 975 populo
2960 904 3038 959 ob
3069 920 3242 977 aqua:
3270 906 3584 975 penuriam

1934 988 2337 1044 murmuranti
2358 989 2602 1057 dixerat,
2618 991 2775 1046 Num
2800 1007 2873 1048 ea:
2902 992 3014 1048 hac
3034 998 3207 1061 petra
3227 994 3472 1050 educam
3492 1011 3582 1051 vo-

1936 1074 2021 1130 bis
2037 1090 2256 1146 aquam
2272 1078 2347 1133 83?
2361 1077 2475 1133 hac
2498 1077 2629 1134 sola
2641 1078 2715 1134 de
2729 1096 2911 1136 causa
2936 1080 3134 1135 statim
3158 1084 3324 1137 aDeo
3338 1084 3584 1139 commi-

1930 1165 2238 1220 nationem
2265 1167 2516 1238 accepit,
2544 1167 2672 1222 fore
2694 1173 2757 1224 ut
2786 1184 2912 1224 non
2934 1168 3345 1239 ingrederetur
3364 1172 3426 1225 in
3467 1176 3583 1226 ter-

1928 1264 2060 1305 ram
2091 1252 2531 1323 promissionis,
2564 1270 2701 1326 quae
2722 1257 3174 1328 omnium,qure
3204 1256 3425 1312 Judaeis
3445 1273 3583 1329 pro-

1928 1339 2117 1395 missa
2140 1341 2396 1408 fuerant,
2423 1347 2562 1398 tunc
2587 1358 2829 1400 summa
2854 1348 2998 1405 erat.
3029 1347 3173 1400 Cum
3196 1345 3374 1416 igitur
3400 1346 3578 1403 video

1924 1427 2088 1485 hunc
2117 1435 2459 1498 rogantem,
2490 1437 2544 1488 et
2572 1433 2809 1488 veniam
2841 1449 2963 1489 non
2995 1433 3366 1489 obtinentem
3394 1451 3405 1501 ;
3436 1452 3573 1491 cum

1924 1516 2099 1574 video
2142 1518 2372 1575 nullam
2413 1520 2495 1575 illi
2532 1526 2616 1577 tot
2657 1538 2727 1577 ac
2769 1527 2937 1578 tanta
2976 1528 3133 1579 recte
3171 1522 3327 1579 facta
3372 1524 3575 1581 brevis

1922 1605 2106 1678 hujus
2161 1609 2330 1665 verbi
2378 1610 2616 1667 veniam
2660 1612 3054 1683 impetrasse;
3119 1628 3322 1669 nonne
3362 1630 3573 1671 revera

1923 1696 2260 1753 secundum
2298 1699 2653 1770 Apostolum
2700 1702 3077 1757 severitatem
3138 1702 3235 1756 Dei
3274 1717 3453 1759 cerno
3476 1704 3572 1760 8“2

211 1788 377 1848 ὄντως
421 1789 525 1860 ὁρῶ
564 1794 699 1840 Θεοῦ
754 1786 1060 1861 ἀποτομίαν,
1119 1790 1252 1840 κατὰ
1313 1790 1398 1841 τὸν
1448 1786 1802 1855 Ἀπόστολονς

1920 1800 2123 1842 nonne
2142 1787 2226 1843 ita
2251 1788 2636 1858 persuadebo
2652 1789 2800 1845 mihi
2821 1789 3000 1862 plane
3024 1806 3233 1847 verum
3251 1807 3379 1847 esse
3400 1792 3568 1847 illud:

210 1874 347 1947 οὐχὶ
370 1874 576 1928 κάκεῖνο
618 1875 802 1938 ἄληθες
829 1875 958 1930 εἶναι
999 1877 1381 1950 πεισθήσομαι,
1418 1879 1495 1946 τὸ,
1531 1876 1590 1929 Εἰ
1646 1876 1671 1927 ό
1721 1872 1811 1927 δί-

209 1983 361 2025 καιος
397 1963 548 2037 μόλις
598 1969 844 2035 σώζεται,
904 1967 931 2019 ὁ
985 1964 1176 2028 ἀσεϐὴς
1228 1971 1317 2018 καὶ
1369 1964 1668 2038 ἁμαρτωλὸς
1710 1971 1811 2017 ποῦ

206 2061 490 2125 φανεῖται;
548 2058 650 2107 Καὶ
704 2060 757 2107 τί
795 2062 960 2108 ταῦτα
994 2054 1163 2128 lis/oo;
1216 2054 1350 2108 Ἠλεὶ
1398 2056 1424 2107 ὁ
1470 2056 1626 2129 ίερεῦς
1682 2054 1808 2127 ύπερ

200 2150 301 2195 τοῦ
344 2139 485 2197 ἰδίου
527 2142 649 2216 βίου
681 2141 846 2217 μηδὲν
895 2143 1285 2217 ἐγκαλούμενος,
1328 2145 1409 2197 ὅτι
1438 2148 1508 2217 μὴ
1541 2151 1651 2206 τοῖς
1675 2145 1809 2205 υἱοῖς

199 2229 453 2295 ἐπεξῆλθε
512 2230 879 2307 σφοδρότερον,
935 2237 1182 2293 τοιαύτην
1249 2232 1480 2291 ἐκίνησεν
1529 2233 1689 2306 ὀργὴν
1741 2240 1803 2305 τῇ

195 2323 548 2393 μακροθυμίᾳ
586 2329 679 2373 τοῦ
744 2330 899 2391 Θεοῦ,
940 2325 1074 2376 ὥστε
1130 2322 1524 2375 ἐπαναστάντων
1583 2321 1807 2393 ἀλλοφύ-

196 2408 324 2479 λων,
365 2413 485 2471 τοὺς
531 2413 618 2473 μεν
650 2413 796 2474 υἱούς
850 2411 1010 2464 αύτοῦ
1041 2412 1257 2473 ἐκείνους
1307 2410 1638 2484 ἀναιρεθῆναι
1672 2413 1807 2462 κατὰ

194 2501 291 2551 τὸν
319 2498 539 2571 πόλεμον
593 2498 641 2551 ἓν
690 2506 787 2573 μιᾷ
847 2502 1035 2575 ἡμέρᾳ,
1086 2502 1373 2560 ἡττηθῆναι
1424 2497 1482 2552 δὲ
1528 2502 1806 2572 σύμπαντα

195 2590 289 2640 τὸν
337 2587 477 2659 λαόν,
535 2594 626 2641 καὶ
672 2592 868 2641 τούτων
934 2597 1109 2642 πεσεῖν
1167 2592 1393 2655 ἱκανοὺς,
1452 2591 1692 2660 γενέσθαι
1747 2585 1805 2641 δὲ

194 2682 291 2729 καὶ
317 2682 434 2749 περὶ
463 2680 557 2736 τὴν
584 2676 804 2731 κιϐωτόν
852 2688 941 2739 τῆς
990 2678 1144 2751 ἁγίας
1197 2687 1289 2731 τοῦ
1329 2686 1462 2732 Θεοῦ
1521 2675 1800 2743 διαθήκης,

192 2766 233 2817 ἂ
296 2772 429 2837 μήτε
494 2767 731 2825 ἠκούσθη
791 2770 914 2820 ποτε
979 2773 1228 2843 πρότερον
1273 2785 1284 2797 ·
1356 2769 1509 2829 ὥστε,
1570 2768 1627 2827 ἧς
1685 2768 1802 2819 οὔτε

197 2854 577 2929 Ἰσραηλίταις,
641 2860 758 2909 οῦτε
805 2860 902 2928 μην
951 2856 1131 2917 αὐτοῖς
1177 2863 1281 2917 τοῖς
1323 2856 1542 2930 ἱερεῦσιν
1581 2856 1798 2922 απασιν,

193 2940 328 2996 οὐδὲ
355 2946 595 3013 πάντοτε,
635 2946 894 2999 ἅπτεσθαι
945 2946 1149 3017 θεμιτὸν
1190 2942 1272 3012 ἦν,
1332 2942 1453 2998 οὐδὲ
1501 2948 1655 3005 τόπος
1711 2944 1800 2995 αὐ-

186 3036 292 3090 τὴν
333 3034 410 3104 1)
442 3035 467 3085 ὁ
496 3038 675 3105 τυχὼν
714 3030 1020 3106 ὑπεδέχετο,
1076 3036 1267 3093 ταύτην
1298 3036 1399 3086 ὑπὸ
1438 3042 1630 3106 χειρῶν
1671 3032 1798 3085 ἀσε-

187 3122 299 3174 ϐῶν
330 3121 509 3175 ἄλλοτε
558 3122 844 3195 ἀλλαχόθεν
900 3125 1349 3195 μετακομίσεσθαι
1401 3126 1503 3192 (2),
1556 3126 1645 3174 καὶ
1685 3120 1797 3175 ἀντὶ
1825 3144 1866 3201 C

184 3220 295 3263 τῶν
329 3216 511 3282 αγίων,
568 3208 793 3265 εἰδώλων
844 3220 987 3273 ναοῖς
1034 3211 1399 3267 ἀποτίθεσθαι.
1440 3211 1547 3283 Ἐφ’
1589 3212 1659 3272 οἷς
1703 3216 1797 3263 πό-

185 3320 286 3354 σον
314 3305 433 3353 τινά
482 3301 774 3355 συνέϐαινεν
807 3298 935 3354 εἶναι
980 3306 1071 3354 καὶ
1099 3304 1212 3353 κατ’
1253 3302 1415 3356 αὐτοῦ
1467 3308 1559 3353 τοῦ
1613 3300 1797 3373 ὀνόμα-

183 3409 283 3452 τος
312 3398 406 3443 τοῦ
461 3398 592 3444 Θεοῦ
626 3390 828 3462 γέλωτα
882 3396 971 3443 καὶ
1018 3390 1213 3462 χλεύην
1257 3392 1401 3463 παρά
1438 3396 1543 3450 τοῖς
1577 3388 1794 3460 ἀλλοφύ-

182 3480 323 3545 λοις,
384 3481 746 3553 στοχάζεσθαι
807 3483 1077 3553 πάρεστιν.
1113 3480 1228 3533 Ἐπὶ
1267 3483 1471 3541 τούτοις
1517 3484 1605 3530 καὶ
1644 3479 1795 3540 αὐτὸς

184 3571 213 3622 ὀ
260 3568 403 3622 Ἠλεὶ
454 3569 585 3621 τελει
640 3572 981 3645 χρησάμενος
1038 3569 1379 3643 οἰκτροτάτῳ,
1431 3568 1642 3625 ἀπειλὴν
1683 3565 1791 3620 ἐδέ-

185 3659 319 3721 ξατο
350 3666 439 3711 τοῦ
480 3665 569 3712 καὶ
609 3664 667 3711 τό
719 3664 926 3733 σπέρμα
974 3660 1132 3713 αὐτοῦ
1182 3659 1663 3717 ἀποκινηθησεσθαι
1701 3666 1793 3710 τοῦ

192 3751 465 3822 ἱερατικοῦ
493 3747 789 3821 ἀξιώματος
823 3791 837 3806 .
897 3750 1018 3822 ὅπερ
1058 3753 1149 3801 καὶ
1196 3753 1391 3820 γέγονε.
1448 3754 1648 3818 Καίτοι,
1700 3754 1792 3799 τοῦ

178 3841 284 3908 μὲν
354 3833 494 3889 ἰδίου
559 3835 681 3909 βίου
738 3839 923 3905 ἕνεκεν,
970 3833 1121 3890 οὐδὲν
1179 3838 1369 3909 ᾐτιάθη
1412 3838 1438 3888 ὁ
1493 3834 1789 3911 πρεσϐύτης

180 3930 334 3979 ποτέ.
392 3931 490 3979 Καὶ
543 3926 718 3987 αὐτοῖς
772 3923 830 3979 δὲ
876 3933 986 3988 τοῖς
1050 3927 1178 3986 υἱοῖς
1230 3925 1323 3977 ούκ
1380 3927 1642 3997 ὑπέμεινεν
1701 3923 1789 3995 ἐφη

182 4016 477 4086 ησυχάσαι
505 4032 517 4044 ·
552 4013 678 4066 ἀλλά
722 4014 884 4068 πολλά
913 4018 1002 4087 μὲν
1030 4019 1272 4088 παρῄνει,
1316 4019 1435 4091 περὶ
1463 4022 1554 4068 τοῦ
1600 4020 1788 4088 μηκέτι

174 4112 297 4166 τοῖς
347 4106 547 4175 ὁμοίοις
611 4103 867 4176 ἐμμένειν,
924 4108 1009 4163 Μὴ
1061 4108 1235 4174 τέκνα,
1290 4104 1469 4176 λέγων,
1524 4109 1595 4176 μη
1629 4121 1640 4135 °
1692 4107 1785 4155 οῦκ

177 4194 390 4266 ἀγαθαι
444 4192 499 4245 αἰ
556 4191 730 4258 ἀκοαὶ,
781 4193 843 4255 ἀς
882 4192 979 4264 ἐγὼ
1026 4192 1197 4245 ἀκούπ
1232 4197 1351 4267 περὶ
1395 4195 1557 4265 ὑμῶν.
1606 4192 1785 4264 Ὅμως

173 4280 472 4355 ἐπειδήπερ
518 4282 645 4354 ούχὶ
690 4286 776 4336 τὸν
818 4287 1079 4355 πρέποντα
1139 4281 1291 4344 ζῆλον
1328 4282 1440 4334 κατ’
1482 4282 1650 4334 αὐτῶν
1689 4281 1782 4333 ἐπ-

172 4371 447 4439 εδείξατο,
480 4370 646 4443 ἐαυτῷ
674 4390 727 4424 τε
757 4374 1035 4438 κάκείνοις,
1083 4376 1172 4423 καὶ
1212 4378 1283 4441 τῷ
1338 4370 1464 4443 λαῷ,
1522 4374 1782 4429 τοσαύτην

168 4469 276 4523 τὴν
344 4468 439 4513 τοῦ
491 4469 625 4515 Θεοῦ
681 4459 875 4532 ἀνῆψεν
930 4462 1118 4534 ὀργήν.
1196 4465 1376 4513 Καίτοι
1414 4464 1572 4513 ἔοικεν
1624 4463 1650 4512 ὁ
1694 4465 1782 4532 μὲν
1817 4497 1859 4552 D

165 4554 404 4623 ἔλεγχος
442 4550 583 4613 τελος
626 4552 766 4622 ἔχειν
788 4554 883 4608 τὴν
910 4547 1195 4623 διόρθωσιν
1231 4557 1324 4603 τοῦ
1351 4550 1735 4623 ἁμαρτάνοντος
1766 4571 1778 4584 ·

164 4644 196 4695 ὁ
244 4637 315 4694 δὲ
349 4635 647 4712 ὀνειδισμὸς
686 4638 770 4692 ἐπὶ
827 4638 1181 4712 ἀσχημοσύνῃ
1227 4647 1318 4691 τοῦ
1362 4638 1662 4700 int-amoto;
1705 4645 1785 4710 γί-

160 4730 391 4784 νεσθαι.
449 4727 508 4781 Εἰ
547 4730 649 4802 γὰρ
696 4732 787 4780 καὶ
838 4729 904 4779 τὰ
938 4726 1161 4780 πλεῖστα
1195 4728 1588 4799 κατωρθωκέναι
1641 4722 1786 4779 δοκεῖ

159 4838 285 4887 τις,
337 4816 519 4887 ὀλίγων
561 4812 621 4869 δέ
658 4834 783 4881 που,
814 4817 844 4874 ἡ
891 4819 981 4868 καὶ
1029 4821 1154 4888 μιᾶς
1212 4817 1524 4874 ἡστινοσοῦν
1578 4814 1785 4877 ἐντολῆς

157 4905 457 4981 ἀμελήσει,
480 4905 509 4962 ἦ
544 4911 616 4975 τῷ
641 4902 1074 4976 πλημμελήσαντι
1102 4900 1405 4977 ἀδιαφόρως
1428 4902 1781 4975 ἔφησυχάσει,

159 5002 268 5051 καὶ
303 4999 377 5068 μὴ
415 4993 570 5055 ζῆλον
609 4993 805 5066 ἀγαθὸν
834 4996 970 5046 κατά
998 4996 1058 5046 τὸ
1087 5001 1255 5068 κρῖμα
1278 5001 1370 5046 τοῦ
1398 5000 1536 5046 Θεοῦ
1579 4988 1781 5045 ἐπιδεί-

162 5089 347 5152 ξεται,
379 5081 465 5135 ἐπὶ
503 5086 665 5156 ταύτῃ
698 5087 828 5156 μόνη
863 5079 1082 5145 δικαίως
1134 5082 1324 5154 ὑφέξει.
1355 5081 1461 5136 Κᾶν
1486 5082 1539 5145 ἐξ
1570 5080 1782 5153 ἀγνοίας

158 5177 322 5246 πάθη
356 5191 410 5225 τι
438 5178 689 5239 τοιοῦτον,
748 5168 873 5225 οὐδὲ
915 5172 1071 5233 οὕτως
1115 5170 1442 5245 ἀτιμώρητος
1488 5168 1778 5243 διαφεύγει.

244 5299 301 5334 ⁸³
324 5295 514 5353 Exod.
547 5310 741 5366 χχχιιι,
777 5300 863 5355 t2.
974 5297 1021 5332 ⁸³
1044 5298 1221 5355 Num.
1246 5313 1341 5369 xx,
1371 5299 1454 5352 10.

243 5423 333 5494 (ι)
374 5425 538 5482 Τόπος
576 5421 765 5494 αὐτην.
797 5421 902 5494 Sic
941 5435 1056 5493 ope
1095 5425 1403 5494 contextus
1448 5424 1504 5477 et
1541 5419 1784 5478 alterius

161 5492 463 5568 codicum
479 5492 950 5568 _e_mendavimus
962 5492 1211 5564 pravam
1233 5493 1551 5568 lectionem
1576 5496 1634 5544 τὸ
1659 5495 1785 5568 πρὸς

161 5568 365 5623 αὐτὴν.
409 5563 637 5637 Ibidem
666 5579 780 5637 ope
806 5568 1118 5637 contextus
1138 5564 1595 5623 emendavimus
1620 5563 1787 5637 quod

161 5641 312 5700 erat
342 5634 509 5710 apud
531 5630 917 5709 Symeonem,
946 5630 1216 5690 οὐδέποτε.

1568 5296 1616 5331 ⁸⁸
1638 5299 1809 5353 Rom.
1841 5311 1922 5365 x1,
1946 5298 2040 5351 22.

1918 1875 1989 1931 Si
1996 1877 2201 1945 justus
2224 1877 2328 1932 vix
2346 1878 2549 1933 salvus
2574 1880 3080 1949 efﬁcitur,impius
3103 1888 3157 1935 et
3171 1887 3454 1949 peccator
3470 1883 3573 1938 ubi

1913 1963 2151 2033 parebit
2174 1966 2220 1999 ⁸⁵
2244 1965 2271 2021 ‘?
2302 1967 2369 2019 Et
2392 1965 2541 2037 quid
2568 1965 2699 2022 haec
2738 1983 3151 2024 commemoro
3173 1969 3200 2024 ?
3231 1969 3352 2024 Heli
3379 1986 3569 2026 sacer-

1916 2051 2053 2119 dos,
2083 2054 2215 2108 vitze
2243 2052 2468 2125 alioqui
2506 2054 2925 2126 integerrime,
2951 2061 3270 2129 propterea
3299 2059 3466 2130 quod
3506 2059 3567 2114 in

1914 2140 2069 2197 ﬁlios
2091 2157 2234 2197 suos
2265 2141 2678 2198 vehementius
2700 2159 2825 2199 non
2860 2143 3259 2214 inveheretur,
3292 2149 3458 2203 tanta
3477 2147 3567 2203 ira

1916 2229 2020 2285 Dei
2035 2228 2341 2286 lenitatem
2364 2230 2649 2298 incendit,
2665 2235 2752 2300 ut,
2785 2231 3140 2302 alienigenis
3171 2233 3565 2306 irruptionem

1913 2317 2290 2386 facientibus,
2312 2319 2394 2374 illi
2420 2319 2535 2393 ipsi
2564 2321 2695 2392 ejus
2718 2320 2823 2376 tilii
2851 2336 2973 2377 una
2999 2320 3096 2377 die
3115 2321 3177 2377 in
3209 2322 3365 2378 bello
3386 2323 3565 2378 inter-

1910 2405 2249 2479 ﬁcerentur,
2278 2415 2781 2483 superareturque
2814 2411 3128 2466 universus
3150 2411 3564 2483 populus,non

1912 2497 2123 2569 paucis
2167 2513 2240 2553 ex
2270 2513 2341 2553 eo
2373 2498 2751 2566 cadentibus,
2784 2500 2907 2555 imo
2939 2500 3123 2555 etiam
3156 2501 3315 2556 circa
3355 2516 3562 2557 arcam

1911 2586 2100 2641 sancti
2136 2586 2379 2641 foederis
2413 2588 2514 2642 Dei
2545 2587 2776 2653 ﬁerent,
2800 2604 2935 2659 quae
2965 2604 3041 2644 ne
3075 2589 3283 2645 audita
3314 2589 3561 2661 quidem

1909 2688 2181 2745 unquam
2214 2680 2393 2730 antea
2424 2674 2695 2731 fuerant:
2742 2676 2827 2731 sic
2856 2682 2920 2732 ut
2948 2692 3090 2733 arca
3128 2693 3316 2748 quam
3361 2694 3561 2749 neque

1910 2760 2414 2833 lsraelitis,neque
2432 2763 2580 2833 ipsis
2604 2763 3018 2819 sacerdotibus
3040 2764 3345 2834 omnibus,
3362 2766 3559 2836 neque

1906 2850 2123 2920 quovis
2148 2856 2416 2923 tempore
2448 2850 2790 2919 contingere
2814 2852 3053 2920 licebat,
3074 2868 3333 2924 quaeque
3352 2868 3476 2907 non
3498 2853 3559 2909 in

1906 2939 2122 3010 quovis
2150 2939 2284 2995 loco
2317 2939 2763 3007 asservabatur,
2812 2941 2931 2996 alio
2969 2940 3207 2996 aliunde
3246 2944 3559 3012 exportata

1908 3027 1983 3083 sit
2008 3027 2085 3083 ab
2116 3028 2317 3099 impiis
2338 3028 2703 3098 manibus,et
2724 3044 2834 3100 pro
2857 3030 3202 3086 sanctuario
3222 3030 3284 3084 in
3312 3029 3555 3085 simula-

1907 3132 2148 3173 crorum
2175 3116 2448 3173 delubris
2488 3118 2780 3175 collocata
2810 3118 3010 3177 fuerit.
3049 3122 3129 3175 Ex
3158 3118 3381 3191 quibus
3412 3135 3556 3175 con-

1898 3206 2126 3276 jectare
2152 3206 2242 3261 fas
2282 3212 2391 3276 est,
2436 3213 2666 3279 quanto
2712 3207 2861 3264 risui
2910 3206 3293 3281 ludibrioque
3352 3209 3555 3281 ipsum

1904 3296 2084 3351 etiam
2118 3296 2217 3351 Dei
2248 3312 2470 3351 nomen
2494 3296 2845 3368 alienigenae
2869 3297 2949 3354 illi
2970 3298 3403 3354 habuerint.Ad
3424 3298 3553 3354 haec

1902 3388 1960 3439 et
1984 3384 2115 3456 ipse
2144 3383 2263 3440 Heli
2292 3386 2631 3441 miserrimo
2657 3386 2820 3443 exitu
2853 3388 3037 3443 vitam
3058 3387 3232 3449 tiniit,
3251 3388 3425 3459 eique
3447 3388 3556 3443 mi-

1901 3478 2082 3528 natus
2114 3478 2203 3529 est
2224 3474 2513 3530 Dominus
2534 3473 2660 3530 fore
2680 3481 2745 3531 ut
2766 3492 2972 3531 semen
2991 3480 3040 3546 ej
3052 3492 3120 3531 us
3137 3492 3173 3532 a
3194 3476 3551 3533 sacerdotali

1900 3561 2187 3631 dignitate
2215 3563 2703 3620 submoveretur:
2733 3565 2899 3637 quod
2931 3570 2987 3621 et
3018 3565 3290 3635 contigit:
3315 3566 3552 3621 tametsi

1900 3667 2082 3707 senex
2105 3652 2183 3707 ob
2215 3668 2359 3707 suos
2389 3652 2580 3725 ipsius
2600 3669 2801 3710 mores
2824 3654 2988 3710 nullo
3008 3670 3277 3727 unquam
3300 3655 3546 3709 crimine

1899 3744 2216 3797 accusatus
2248 3746 2358 3797 est.
2412 3746 2536 3797 lmo
2568 3744 2747 3798 etiam
2784 3758 2981 3815 neque
3011 3744 3268 3798 filiorum
3296 3758 3546 3797 suorum

1898 3830 2123 3901 ﬂagitia
2155 3831 2366 3886 tacitus
2386 3832 2690 3887 sustinuit:
2718 3832 2823 3887 sed
2844 3831 3100 3887 multum
3123 3831 3542 3894 admonuerat,

1898 3924 1963 3975 ut
1982 3935 2056 3975 ne
2088 3919 2351 3992 amplius
2381 3921 2442 3974 in
2474 3920 2771 3991 ejusmodi
2788 3922 3050 3992 peccatis
3076 3910 3539 3993 perseverarent.

1899 4010 2111 4065 Aiebat
2137 4010 2295 4064 enim
2322 4027 2334 4063 :
2363 4010 2555 4077 Absit,
2581 4011 2697 4078 ﬁlii
2717 4014 2737 4065 !
2763 4026 2883 4065 non
2912 4017 3052 4065 sunt
3085 4010 3223 4066 boni
3250 4023 3539 4077 rumores,

1895 4113 2039 4170 quos
2052 4099 2232 4154 audio
2245 4098 2317 4154 de
2328 4098 2489 4154 vobis
2505 4100 2571 4153 ⁸ο.
2590 4100 2887 4165 Quoniam
2902 4103 3107 4155 tamen
3118 4097 3284 4171 quod
3297 4112 3409 4169 par
3418 4102 3544 4153 erat

1894 4188 2081 4244 animi
2108 4186 2375 4243 studium
2418 4189 2475 4243 in
2507 4189 2672 4261 ipsos
2702 4204 2825 4245 non
2857 4189 3136 4258 ostendit,
3168 4188 3283 4243 sibi
3314 4203 3380 4243 ac
3425 4186 3541 4243 illis

1890 4277 2128 4350 ipsique
2170 4275 2400 4349 populo
2432 4282 2659 4335 tantam
2690 4278 2840 4334 iram
2874 4279 2974 4334 Dei
3015 4277 3310 4335 accendit.
3348 4278 3425 4346 (3)
3476 4278 3543 4332 Et

1890 4366 2124 4421 videtur
2138 4365 2382 4438 quidem
2403 4366 2743 4439 objurgatio
2762 4368 2946 4423 tinem
2967 4367 3190 4423 habere
3206 4366 3541 4437 peccatoris

1891 4456 2757 4527 correctionem,opprobrium
2781 4471 2923 4512 vero
2942 4454 3022 4511 ad
3051 4452 3205 4525 lapsi
3236 4451 3538 4507 confusio-

1891 4560 2032 4602 nem
2055 4544 2276 4601 inferri.
2306 4546 2386 4616 (4)
2414 4546 2641 4601 Etenim
2673 4543 2908 4600 etiamsi
2933 4543 3207 4599 videatur
3230 4540 3536 4614 quispiam

1890 4634 2176 4707 praeclare
2194 4632 2493 4705 permulta
2505 4632 3077 4704 iecisse,paucorum
3093 4646 3232 4687 vero
3243 4630 3340 4687 vel
3353 4630 3537 4686 etiam

1892 4723 2073 4779 unius
2094 4721 2417 4792 cujuslibet
2438 4722 2725 4793 praecepti
2752 4720 3062 4791 negligens
3090 4719 3284 4789 fuerit,
3301 4722 3404 4776 aut
3436 4717 3537 4775 de-

1890 4812 2183 4883 linquenti
2214 4808 2619 4866 indifferenter
2656 4809 3040 4881 acquieverit,
3063 4824 3261 4880 neque
3282 4808 3539 4879 diligens

1893 4900 2157 4957 studium
2191 4898 2526 4954 secundum
2560 4898 2661 4954 Dei
2686 4898 2984 4968 judicium
3023 4897 3386 4965 adhibuerit,
3412 4898 3538 4969 jus-

1894 4994 1982 5047 tas
2006 4989 2122 5046 hoc
2159 4987 2356 5044 solum
2381 4986 2629 5043 nomine
2658 5001 2871 5059 poenas
2901 4986 3045 5044 luet.
3078 4986 3252 5054 Quod
3276 4987 3324 5042 si
3356 4987 3537 5042 etiam

1892 5077 2246 5152 imprudens
2278 5076 2392 5134 tale
2428 5075 2577 5148 quid
2622 5080 2846 5149 peccet,
2887 5092 3085 5151 neque
3123 5092 3194 5133 eo
3246 5077 3537 5149 praetextu

1892 5169 2263 5242 supplicium
2294 5166 2553 5237 effugiet.

2162 5294 2208 5329 ³⁵
2238 5296 2257 5349 1
2286 5294 2405 5350 Pet.
2436 5308 2517 5359 1v,
2553 5294 2638 5351 18.
2752 5293 2798 5328 ⁸⁵
2830 5295 2850 5347 ῐ
2884 5295 3023 5364 Reg.
3058 5310 3111 5359 ιι,
3144 5294 3261 5346 24-

1963 5419 2041 5491 ('2)
2070 5420 2555 5492 Μετακομίσεσθαι.
2594 5421 2759 5475 Forte
2781 5416 3247 5491 μετακομίζεσθαι.
3277 5416 3429 5469 Eon.

1966 5493 2045 5561 (3)
2078 5493 2158 5546 Ex
2179 5492 2343 5546 hom.
2378 5493 2440 5545 in
2464 5506 2555 5561 ps.
2586 5507 2705 5556 xw,
2730 5495 2852 5546 3553.

1966 5566 2043 5633 (4)
2079 5564 2239 5619 Unus
2261 5562 2452 5619 codex
2481 5562 2709 5619 indicat
2729 5576 2907 5619 serm.
2931 5562 3114 5616 ascet.
