4056 6222
234 292 370 346 1205

1409 292 1637 372 sessio
1683 289 1789 342 vn.
1841 317 1900 326 -
1940 288 2029 342 DE
2069 289 2402 350 peccaro.

3463 308 3598 364 1206

226 412 403 485 δούλῳ
429 417 518 464 καὶ
561 413 770 483 μαθητῇ
812 411 1076 464 εὐλάϐειαν
1107 410 1522 486 ἐπιδειξάμενος.
1555 409 1702 466 Ἰδὼν
1731 413 1810 484 γὰρ

1943 425 2014 466 ac
2059 416 2517 475 convenientem
2566 437 2740 478 servo
2771 429 2826 479 et
2865 423 3158 496 discipulo
3197 429 3600 488 reverentiam

225 509 316 557 τὸν
346 503 530 556 ἑαυτοῦ
561 505 651 552 καὶ
682 502 884 552 πάντων
919 506 1130 576 Κύριον,
1157 508 1248 554 καὶ
1280 507 1428 575 (θεὸν⁵
1462 507 1552 555 καὶ
1584 501 1830 574 βασιλέα,

224 598 318 645 καὶ
343 600 580 664 Σωτῆρα,
611 595 701 642 καὶ
731 590 862 661 ὁμου
891 592 957 642 τά
981 593 1170 656 πάντα,
1205 590 1254 643 ἐν
1283 594 1542 664 ὑπηρέτου
1591 595 1829 663 σχήματι

225 678 265 734 δ
269 683 626 751 ιαζωσάμενον
651 682 708 730 τό
730 677 942 749 λέντιον,
971 685 1060 732 καὶ
1082 685 1277 733 νίπτειν
1308 686 1430 741 τοὺς
1467 677 1638 742 πόδας
1668 679 1828 731 αὑτοῦ

222 769 560 844 βουλόμενον,
589 768 740 828 εὐθὺς
785 770 960 843 ὥσπερ
993 768 1059 829 εἰς
1111 772 1462 828 συναίσθησιν
1520 768 1677 822 ἐλθὼν
1734 775 1828 828 τῆς

221 861 420 921 οἰκείας
451 857 802 927 ἀναξιότητος,
831 865 920 910 καὶ
945 862 1004 909 τό
1035 857 1244 930 ἀξίωμα
1270 867 1360 911 τοῦ
1399 863 1826 932 προσερχομένου

220 947 597 1018 καταπλαγεὶς,
637 945 904 1009 ἐξεϐόησεο
951 950 1126 1021 Κύριε,
1190 952 1255 1001 σύ
1309 967 1410 1020 μου
1467 954 1663 1009 νίπτεις
1706 951 1825 1008 τοὺς

218 1034 429 1103 πόδας;
469 1042 559 1088 xui
591 1035 742 1088 πάλιν
768 1052 780 1064 ⁸
813 1037 889 1088 Ού
943 1044 1012 1108 μη
1066 1057 1166 1108 μου
1197 1037 1355 1110 νίψῃς
1385 1043 1504 1099 τούς
1548 1034 1714 1097 πόδας
1755 1038 1825 1099 εἰς

219 1132 310 1178 τόν
340 1125 522 1179 αἰῶνα.
548 1125 664 1178 Ἐπὶ
691 1127 857 1196 τούτῳ
881 1131 975 1184 τήν
997 1129 1258 1184 τοσαύτην
1289 1124 1568 1198 ἐκδέχεται
1587 1126 1821 1192 ἀπειλήν,

217 1219 285 1277 ὡς
334 1216 378 1270 εἰ
423 1219 494 1287 μὴ
552 1216 742 1285 ἔφθασε
799 1223 860 1285 τῇ
919 1218 1188 1286 ταχύτητι
1226 1221 1315 1268 καὶ
1361 1213 1685 1288 σφοδρότητι
1729 1224 1822 1277 τῆς

217 1307 453 1364 ὑπακοῆς
483 1299 902 1375 διορθωσάμενος
932 1307 1024 1361 τήν
1057 1301 1372 1375 ἀντιλογίαν,
1405 1301 1556 1357 οὐδὲν
1584 1303 1644 1355 ὄιν
1681 1304 1822 1373 αὐτῷ

218 1401 322 1444 τῶν
353 1395 493 1465 παρά
521 1399 612 1443 τοῦ
670 1397 864 1466 Κυρίου
903 1403 1252 1466 μακαρισμών
1281 1413 1333 1445 τε
1363 1399 1453 1445 καὶ
1497 1389 1701 1467 δωρεῶν
1732 1399 1820 1445 καὶ

217 1480 555 1552 ἐπαγγελιῶν,
592 1477 715 1533 οὐδὲ
746 1480 874 1538 αὐτή
900 1483 930 1538 ἡ
966 1489 1056 1533 τοῦ
1089 1483 1164 1552 (ί)
1197 1489 1329 1534 Θεοῦ
1362 1487 1450 1534 καὶ
1484 1486 1685 1556 Πατρός
1724 1492 1820 1542 τῆς

213 1573 464 1629 τοιαύτης
495 1573 584 1621 καὶ
619 1572 880 1630 τοσαύτης
925 1569 996 1630 εἰς
1027 1573 1114 1621 τόν
1143 1578 1390 1642 μονογενῆ
1426 1573 1543 1622 Υἱόν
1573 1567 1820 1633 εὐδοκίας

209 1658 546 1728 ἀποκάλυψις
604 1663 791 1732 ἤρκεσε
839 1661 1329 1731 παραμυθήσασθαι
1393 1664 1485 1716 τὴν
1546 1667 1816 1734 παροῦσαν

208 1746 504 1804 ἀπείθειαν.

287 1841 342 1893 6.
383 1837 540 1890 Ἀλλά
576 1843 740 1889 ταῦτα
793 1841 880 1904 μεν
933 1836 1020 1889 ἐὰν
1072 1837 1196 1890 θέλω
1245 1837 1563 1908 καταλέγειν,
1597 1839 1698 1889 ὅσα
1727 1837 1812 1890 εύ-

205 1931 384 1998 ρίσκω
408 1929 461 1978 ἐκ
490 1945 542 1978 τε
568 1934 662 1987 τῆς
711 1925 944 1987 Παλαιᾱς
999 1931 1088 1978 καὶ
1122 1933 1314 1987 Καινῆς
1367 1928 1647 1993 Διαθήκης,
1708 1926 1813 1979 ἑπι-

201 2014 379 2085 λείεᾷει
431 2034 494 2087 με
530 2019 676 2086 τάχα
729 2012 1072 2087 διηγούμενον
1105 2017 1130 2066 ό
1180 2020 1391 2088 χρόνος.
1459 2015 1598 2074 Πλήν
1654 2014 1812 2068 ἐκεῖνο

203 2108 366 2175 μόνον
395 2108 525 2177 πρός
565 2108 622 2156 τό
653 2108 816 2175 παρόν
844 2105 1200 2177 μνημονεῦσαι
1253 2103 1553 2176 ἀναγκαῖον,
1582 2109 1639 2157 1'0
1670 2103 1718 2156 ἐν
1745 2113 1806 2176 τῇ

203 2193 408 2266 μεγάλη
469 2199 558 2246 καί
609 2193 798 2268 φοϐερᾴ
835 2203 924 2255 τῆς
963 2200 1183 2268 κρίσεως
1229 2197 1399 2268 ἡμέρᾳ
1451 2198 1578 2268 πρὸς
1607 2199 1726 2256 τοὺς
1757 2195 1811 2257 ἐξ

202 2284 498 2357 ἀριστερῶν
529 2291 619 2335 τοῦ
675 2289 868 2358 Κυρίου
925 2285 1070 2355 ημῶν
1104 2283 1278 2341 Ἰησοῦ
1313 2291 1545 2358 Χριστοῦ
1588 2286 1805 2355 ἱσταμέ-

201 2394 327 2435 νους
392 2371 576 2444 λεχθὲν
630 2374 755 2446 παρ’
809 2374 1001 2426 αύτού·
1068 2375 1357 2446 Πορεύεσθε
1423 2374 1510 2426 ἀπ’
1563 2373 1707 2446 ἐμου,
1759 2376 1808 2426 οἱ

201 2467 580 2534 κατηραῴνοι,
604 2463 676 2523 εἰς
696 2467 754 2514 τό
779 2471 883 2535 πῦρ
904 2466 962 2514 τό
993 2463 1220 2526 αἰώνιον,
1242 2467 1300 2515 τό
1331 2465 1712 2535 ἡτοιμασμένον
1735 2472 1805 2534 τῷ

205 2550 461 2623 διαϐόλῳ,
485 2557 575 2604 καὶ
602 2560 710 2614 τοῖς
749 2551 986 2623 ἀγγέλοις
1009 2553 1169 2604 αὐτοῦ
1193 2567 1205 2580 ·
1239 2552 1344 2624 οὐχ
1374 2553 1454 2603 ὅτι
1480 2551 1803 2623 ἐφονεύσατε,

203 2644 238 2699 ἦ
267 2641 625 2714 ἑπορνεύσατε,
642 2642 671 2699 ἡ
695 2639 1008 2711 ἐψεύσασθε,
1029 2644 1058 2699 ἦ
1083 2637 1377 2698 τιναήδική
1390 2659 1531 2706 σατε,
1553 2642 1581 2698 ἣ
1607 2641 1730 2693 ἄλλο
1756 2661 1804 2692 τι

203 2739 311 2781 τῶν
330 2729 776 2803 ἀπηγορευμένων,
796 2729 891 2781 κάν
915 2733 974 2782 τὸ
999 2728 1339 2802 βραχύτατον
1359 2737 1506 2800 γοῦν,
1530 2728 1802 2804 ἐπράξατε,

204 2817 320 2869 ἀλλ’
348 2819 428 2870 ὃτι
451 2826 550 2870 τῶν
580 2816 788 2888 ἀγαθῶν
818 2820 976 2891 ἔργων
1019 2817 1334 2890 ἠμελήσατε.
1367 2817 1647 2870 Ἐπέίνασα
1677 2822 1802 2890 γὰρ,

204 2914 370 2980 φησι,
397 2913 486 2960 καὶ
515 2906 608 2959 ούκ
647 2903 877 2959 ἐδώκατέ
933 2926 1024 2979 μοι
1055 2915 1233 2979 φαγεῖν
1254 2927 1266 2940 ·
1304 2904 1562 2977 ἐδίψησα,
1595 2912 1683 2960 καὶ
1712 2908 1808 2959 ουκ

200 2997 490 3050 ἐποτίσατέ
555 3015 637 3068 με·
700 2995 896 3058 ἀσθνής
962 3002 1052 3048 καὶ
1113 2995 1162 3048 ἐν
1248 2995 1472 3068 φυλακῇ,
1546 3001 1634 3048 καὶ
1714 2997 1807 3049 ουκ

1942 498 2327 563 declarasset.
2359 509 2508 564 Cum
2540 511 2701 566 enim
2760 512 3008 568 vidisset
3064 530 3242 570 suum
3274 519 3332 572 et
3361 517 3600 576 univer-

1941 603 2149 646 sorum
2182 595 2502 652 Dominum
2534 614 2604 654 ac
2637 602 2846 669 Deum,
2876 607 2933 658 et
2981 617 3209 672 regem,
3238 609 3296 659 et
3326 611 3598 664 servato-

1939 692 2066 733 rem
2097 679 2395 755 simulque
2443 687 2670 753 omnia,
2721 688 2781 744 in
2839 690 3094 746 ministri
3140 691 3356 750 habitu
3412 693 3598 753 linteo

1938 766 2223 838 cinctum,
2255 776 2312 827 et
2336 773 2524 844 pedes
2545 775 2737 847 ipsius
2766 777 2971 834 lavare
2997 779 3323 848 volentem,
3360 799 3504 840 mox
3532 789 3598 842 ut

1937 857 2218 914 conscius
2249 859 2627 931 indignitatis
2655 880 2806 933 sum,
2834 870 2890 921 et
2910 866 2990 922 ob
3019 868 3362 926 accedentis
3402 871 3598 943 digni-

1935 948 2121 1002 tatem
2171 949 2479 1022 attonitus,
2522 952 2883 1010 exclamavit
2935 972 2948 1010 :
3007 957 3279 1024 Domine,
3332 965 3397 1014 tu
3441 962 3594 1020 mihi

1937 1034 2102 1090 lavas
2121 1038 2302 1106 pedes
2325 1041 2374 1074 9‘
2394 1040 2422 1095 ?
2468 1047 2524 1096 et
2570 1042 2789 1098 iterum
2822 1060 2836 1100 :
2869 1045 3007 1100 Non
3057 1046 3285 1104 lavabis
3313 1049 3465 1104 mihi
3490 1065 3594 1120 pe-

1933 1123 2034 1179 des
2064 1125 2131 1180 in
2162 1134 2445 1184 aeternum
2465 1130 2534 1184 95.
2570 1133 2688 1186 Hac
2717 1131 2792 1186 de
2825 1147 3014 1187 causa
3066 1137 3246 1189 tanta;
3293 1135 3346 1190 ei
3399 1136 3591 1194 inten-

1933 1209 2158 1268 duntur
2192 1214 2396 1280 minae,
2429 1223 2495 1272 ut
2533 1218 2650 1273 nisi
2675 1218 2851 1274 celeri
2880 1235 2953 1275 ac
2982 1219 3217 1277 fervida
3242 1221 3592 1282 obedientia

1930 1301 2313 1358 emendasset
2336 1305 2892 1373 contradictionem,
2915 1324 3039 1364 non
3063 1310 3300 1366 Domini
3330 1313 3592 1371 testimo-

1931 1389 2032 1444 nia
2061 1389 2306 1447 beatum
2363 1409 2502 1449 eum
2559 1395 2971 1466 praedicantia,
3033 1413 3154 1453 non
3215 1399 3400 1463 dona.
3461 1417 3588 1461 non

1930 1479 2249 1548 promissa,
2283 1496 2480 1553 neque
2535 1484 2716 1539 etiam
2765 1489 3015 1557 accepta
3067 1503 3103 1542 a
3153 1489 3272 1544 Deo
3328 1495 3387 1545 et
3414 1490 3584 1549 Patre

1928 1566 2062 1621 talis
2088 1582 2159 1622 ac
2189 1573 2368 1624 tantae
2395 1571 2457 1626 in
2489 1571 2704 1628 Filium
2726 1573 3105 1643 unigenitum
3149 1574 3581 1636 benevolentia)

1926 1653 2231 1722 revelatio,
2269 1657 2445 1729 509
2472 1657 2628 1714 hanc
2685 1659 3156 1718 inobedientiam
3209 1678 3424 1722 sanare
3462 1681 3578 1739 po-

1846 1759 1889 1812 Β
1925 1740 2156 1797 tuisset.

1998 1834 2048 1886 6.
2093 1831 2209 1887 Sed
2237 1833 2286 1887 si
2306 1834 2512 1890 omnia
2537 1850 2846 1893 recensere
2885 1837 3087 1909 velim,
3134 1855 3271 1912 quas
3299 1840 3362 1898 in
3387 1844 3574 1900 Veteri

1924 1935 1996 1976 ac
2016 1923 2181 1976 Novo
2200 1923 2573 1980 Testamento
2593 1926 2930 1996 nanciscor,
2952 1928 3202 1985 fortasse
3221 1935 3571 1991 narrantem

1925 2024 2020 2064 me
2053 2014 2290 2078 tempus
2320 2011 2666 2084 deﬁciet.(3)
2691 2019 2857 2072 Nunc
2875 2015 3023 2072 illud
3047 2023 3284 2076 tantum
3307 2036 3572 2078 commc-

1921 2098 2289 2154 morandum
2320 2105 2427 2169 est,
2459 2102 2626 2174 quod
2665 2103 2728 2159 in
2775 2119 3001 2174 magna
3027 2121 3098 2162 ac
3145 2107 3448 2166 horrenda
3465 2110 3567 2181 ju-

1920 2185 2058 2242 dicii
2087 2187 2182 2243 die
2213 2189 2500 2245 Dominus
2526 2195 2728 2247 noster
2745 2194 2918 2248 Jesus
2939 2194 3204 2251 Christus
3227 2196 3343 2266 his,
3365 2199 3470 2270 qui
3486 2199 3566 2257 ad

1916 2273 2130 2331 laevam
2153 2277 2346 2348 ipsius
2377 2279 2622 2335 stabunt
2641 2279 2910 2337 dicturus
2928 2287 3017 2338 est
3039 2300 3054 2338 :
3080 2285 3370 2342 Discedite
3392 2302 3430 2343 a
3449 2303 3564 2357 me,

1915 2365 2241 2432 maledicti,
2271 2367 2336 2422 in
2360 2371 2558 2437 ignem
2578 2375 2886 2441 aeternum,
2919 2373 3028 2442 qui
3046 2377 3301 2442 paratus
3321 2381 3408 2432 est
3434 2375 3566 2434 dia.

1919 2453 2071 2521 bolo,
2103 2461 2158 2511 et
2189 2457 2421 2525 angelis
2455 2459 2582 2526 ejus
2600 2459 2648 2494 ⁹⁶
2681 2475 2696 2513 :
2728 2473 2854 2515 non
2899 2460 3046 2532 quia
3101 2461 3428 2532 occidistis,
3459 2470 3567 2522 aut

1915 2540 2191 2598 fornicati
2219 2544 2383 2612 estis,
2414 2550 2519 2601 aut
2568 2547 2956 2604 mendacium
3001 2548 3262 2618 dixistis,
3293 2556 3400 2610 aut
3441 2553 3566 2611 cui-

1913 2630 2081 2702 piam
2109 2631 2389 2688 intulistis
2413 2633 2719 2704 injuriam,
2752 2640 2855 2692 aut
2881 2636 3048 2694 aliud
3083 2639 3422 2713 quidquam
3449 2641 3567 2700 sal-

1915 2723 2035 2774 tem
2074 2720 2550 2778 minutissimum
2603 2738 2676 2779 ex
2726 2723 2798 2780 iis
2853 2741 2990 2798 quae
3041 2727 3347 2798 prohibita
3401 2737 3564 2803 sunt,

1916 2807 2136 2864 fecistis
2160 2826 2172 2864 :
2206 2809 2316 2866 sed
2335 2810 2480 2882 quia
2509 2811 2674 2869 bona
2700 2829 2888 2885 opera
2923 2815 3290 2885 neglexistis.
3320 2819 3569 2878 Esurivi

1916 2898 2093 2965 enim,
2125 2897 2340 2970 inquit,
2369 2904 2423 2955 et
2454 2917 2572 2956 non
2602 2901 2848 2960 dedistis
2876 2902 3023 2958 mihi
3045 2905 3414 2964 manducare
3440 2923 3464 2963 .·
3489 2909 3568 2964 si-

1921 2985 2045 3053 tivi,
2074 2993 2128 3042 et
2157 3003 2278 3044 non
2327 2988 2570 3045 dedistis
2617 2991 2766 3047 mihi
2809 2997 3018 3060 potum
3045 3008 3070 3050 .·
3105 2995 3385 3062 inﬁrmus
3407 3001 3466 3052 et
3500 2997 3567 3053 in

200 3084 571 3156 ἐπεσκέψασθέ
609 3104 692 3156 με,
723 3085 782 3137 Ὁ
818 3090 989 3137 τοίνυν
1009 3090 1079 3157 μή
1107 3085 1528 3157 ἐκθηλυνόμενος,
1553 3082 1692 3157 μηδὲ
1712 3105 1809 3137 κα-

1923 3089 2181 3142 carcere,
2208 3087 2264 3132 et
2295 3093 2414 3134 non
2455 3079 2739 3135 visitastis
2770 3095 2862 3136 me
2879 3081 2948 3134 υτ.
2984 3081 3095 3147 Qui
3122 3082 3302 3152 igitur
3319 3084 3570 3143 mollitie

196 3179 630 3246 τακαμπτόμενος
681 3176 782 3226 ύπό
821 3173 1254 3246 τῆςέγκρατείας,
1305 3180 1479 3226 πᾶσαν
1532 3178 1699 3245 φυγὴν

197 3265 599 3337 ἁμαρτημάτων
665 3265 1041 3338 κάτωρθωσεν·
1111 3262 1155 3314 εἰ
1213 3259 1272 3314 δὲ
1323 3265 1390 3314 τὰ
1444 3265 1535 3334 μὲν
1591 3262 1813 3315 πλεῖστα

197 3357 411 3425 ἔφυγεν,
453 3353 535 3424 ὑφ’
569 3352 679 3414 ἑνός
700 3349 759 3404 δὲ
789 3360 1078 3425 κρατεῖται,
1103 3352 1196 3403 ούκ
1217 3350 1471 3426 ἐγκρατὴς
1501 3353 1526 3403 ό
1555 3360 1810 3420 τοιοῦτος,

198 3446 274 3503 ὡς
303 3445 421 3495 οὔτε
450 3444 600 3514 ὑγιὴς
630 3444 654 3494 0
686 3443 757 3495 ἐνὶ
790 3451 1069 3514 σωματικῷ
1109 3443 1262 3494 πάθει
1291 3441 1764 3516 παρενοχλούμενος
1793 3461 1805 3473 ·

197 3536 328 3585 οὔτε
359 3530 613 3605 ἐλεύθερος
645 3534 670 3583 ό
695 3531 774 3602 ὑφ’
803 3531 910 3592 ἑνὸς
944 3535 1034 3582 καὶ
1079 3539 1170 3582 τοῦ
1200 3535 1458 3601 τυχόντος
1512 3535 1810 3603 κυριεύομε-

197 3640 308 3680 νος.
374 3627 490 3682 Τοῖς
547 3625 637 3693 μὲν
691 3617 777 3672 οὖν
847 3620 1038 3692 ἰάσιμα
1102 3619 1491 3694 ἁμαρτάνουσιν
1550 3619 1746 3672 ἀπειλεῖ
1783 3623 1808 3672 ὁ

199 3711 382 3781 λόγος,
408 3709 811 3763 ἐπισκέπτεσθαι
841 3709 890 3761 ἐν
920 3705 1104 3784 ῥάϐδῳ
1129 3712 1222 3770 τὰς
1253 3707 1470 3782 ἀνομίας
1499 3709 1686 3771 αὐτῶν,
1719 3715 1809 3762 καὶ

201 3801 256 3851 ἐν
280 3800 504 3869 μάστιξι
533 3802 628 3860 τάς
653 3794 861 3858 ἀδικίας
891 3798 1058 3850 αύτών
1079 3815 1091 3826 ·
1122 3806 1231 3858 τοῖς
1275 3794 1334 3850 δὲ
1373 3797 1588 3858 ἀνιάτως
1619 3801 1808 3869 ἔχουσι

201 3889 379 3959 λέγει’
447 3892 509 3939 Τί
566 3891 642 3939 ἔτι
694 3887 946 3958 πληγῆτε,
1018 3889 1188 3947 πάσας
1248 3884 1659 3949 διεξεληλυθότες
1712 3889 1806 3947 τὰς

199 3977 449 4046 πληγάς;
519 3983 708 4028 Ιίασὼν
770 3980 1186 4048 κατεφρονήσατε
1240 3983 1339 4026 τῶν
1397 3973 1806 4049 ἐπιστρεπτικῶν

197 4069 504 4138 μαστίγων,
539 4069 860 4138 συντριμμός
889 4066 1019 4136 ὑμᾶς
1049 4068 1207 4137 μένει.
1238 4072 1348 4117 Τῶν
1398 4061 1458 4116 δὲ·
1504 4084 1806 4138 περιστατι-

196 4163 306 4216 κῶς
343 4153 729 4226 συμϐαινόντων
781 4156 899 4205 τινὰ
936 4157 1025 4223 μὲν
1082 4153 1470 4229 ἁμαρτημάτων
1500 4155 1644 4206 ἕνεκα
1671 4157 1805 4224 γίνε-

196 4257 331 4297 ται·
362 4245 478 4294 τινά
516 4239 575 4295 δὲ
597 4244 669 4304 εἰς
700 4239 984 4318 διόρθωσιν
1024 4251 1116 4294 τοῦ
1160 4245 1320 4305 ήθους
1360 4251 1454 4294 τῶν
1497 4246 1805 4317 πειραζομέ-

194 4355 299 4386 νων
324 4347 340 4363 ⁸
370 4331 498 4384 οἴλλα
529 4328 586 4384 δὲ
616 4333 741 4405 ὑπὲρ
774 4339 864 4383 τοῦ
886 4330 1184 4404 ἐκτριϐῆναι
1210 4336 1330 4392 τοὺς
1352 4331 1801 4404 ἀπεγνωσμένους,

191 4426 273 4484 ὡς
302 4421 389 4474 ἐπὶ
419 4428 510 4474 τοῦ
565 4427 768 4494 Φαραώ.
803 4423 1013 4480 Τούτοις
1067 4423 1169 4491 γὰρ
1222 4420 1394 4472 ούκέτι
1431 4420 1649 4491 πληγαὶ,
1680 4419 1805 4472 οὐδὲ

189 4514 475 4586 μάστιγες,
505 4509 610 4562 ἀλλ’
646 4509 932 4581 ἀφανισμός
986 4508 1293 4564 ἀπειλεῖται.
1333 4511 1396 4564 Τί
1442 4511 1516 4561 ἔτι
1550 4509 1800 4582 πληγῆτε,

188 4603 269 4652 ὧν
300 4604 394 4650 καὶ
422 4601 488 4650 τὰ
527 4605 747 4670 σώματα
788 4603 879 4650 καὶ
927 4600 980 4650 αἱ
1009 4597 1189 4668 ψυχαὶ
1231 4601 1680 4670 μεμαστίγωνται,
1712 4603 1801 4649 καὶ

187 4685 445 4760 οὐδαμοῦ
485 4689 514 4746 ἡ
551 4683 872 4762 διόρθωσις;
933 4689 1043 4738 ἔστι
1094 4683 1152 4738 δὲ
1193 4685 1434 4745 πολλάκις
1473 4690 1562 4737 καὶ
1592 4687 1621 4743 ἡ
1654 4689 1802 4746 νόσος

186 4779 476 4848 ὠφέλιμος,
522 4777 640 4827 ὅταν
686 4772 1043 4847 παιδαγωγεῖν
1081 4774 1238 4846 μελλῃ
1279 4777 1362 4826 τόν
1403 4774 1800 4847 ἁμαρτάνοντα·

266 5083 318 5115 9‘
345 5082 518 5136 Joan.
548 5095 672 5148 xm,
699 5083 752 5136 6.
832 5081 879 5113 95
905 5077 1050 5134 ibid.
1085 5081 1136 5132 8.
1235 5079 1283 5113 ⁹⁶
1310 5076 1510 5135 Matth.
1540 5092 1677 5146 xxv,
1708 5080 1799 5135 41.

266 5364 350 5434 (1),
379 5363 515 5434 Αὐτὴ
545 5365 574 5422 ἡ
607 5369 720 5419 τοῦ.
750 5361 844 5420 Sic
891 5363 1079 5418 nostri
1110 5362 1348 5419 codices
1379 5365 1437 5418 et
1463 5363 1796 5417 contextus.

185 5433 356 5494 Ediii
389 5433 518 5491 αὐτη
553 5435 733 5489 αὑτοῦ,

271 5508 356 5574 (2)
389 5512 569 5578 Πᾷσαν
603 5513 792 5578 φυγήν.
827 5504 1172 5576 Legendum
1206 5510 1278 5576 μὴ
1310 5510 1485 5578 πᾶσαν
1526 5509 1723 5578 φυγήνἱ
1749 5505 1798 5560 si

188 5577 563 5637 sententiam
595 5574 710 5632 sibi
741 5591 860 5633 non
907 5574 1349 5648 repugnantem
1383 5574 1611 5632 habere
1629 5574 1798 5632 volu-

1834 4463 1878 4516 D

1919 3180 2042 3220 non
2068 3165 2305 3234 difﬂuxit,
2339 3172 2397 3224 et
2443 3185 2481 3225 a
2521 3169 2892 3226 continentia
2943 3187 3014 3227 ac
3040 3174 3437 3244 temperantia
3461 3174 3572 3232 mi-

1918 3256 2081 3312 nime
2105 3255 2383 3328 deﬂectit,
2415 3257 2467 3313 is
2492 3273 2614 3314 non
2653 3273 2898 3315 omnem
2930 3261 3159 3332 peccati
3183 3261 3394 3332 fugam
3423 3278 3573 3320 cou-

1919 3351 2161 3402 secutus
2194 3350 2284 3402 est
2319 3364 2332 3402 :
2365 3346 2472 3403 sed
2525 3347 2574 3403 si
2631 3349 2892 3420 plurima
2941 3350 3191 3423 quidem
3229 3351 3458 3424 effugit,
3489 3352 3571 3410 ab

1919 3452 2042 3492 uno
2068 3452 2206 3492 vero
2237 3441 2555 3509 superatus
2585 3443 2694 3508 est,
2721 3454 2845 3495 non
2875 3445 3220 3512 temperans
3245 3441 3342 3500 ille
3372 3446 3479 3512 est,
3507 3448 3574 3500 ut

1919 3540 2116 3598 neque
2142 3540 2326 3581 sanus
2354 3526 2461 3598 qui
2489 3526 2584 3582 vel
2617 3527 2796 3584 unico
2833 3529 3106 3602 corporis
3143 3531 3359 3588 morbo
3383 3531 3574 3604 agita-

1920 3620 2015 3669 tur
2047 3631 2060 3669 :
2090 3629 2288 3686 neque
2316 3613 2487 3684 liber,
2519 3616 2625 3687 qui
2670 3618 2776 3672 uni
2831 3619 3180 3691 quicunque
3221 3619 3316 3676 ille
3343 3621 3421 3676 sit
3448 3620 3567 3676 do-

1918 3703 2086 3758 mino
2144 3708 2332 3774 paret.
2394 3704 2471 3773 (4)
2528 3704 2630 3759 His
2674 3705 2923 3777 quidem
2975 3722 3239 3778 quorum
3273 3707 3574 3765 sanabilia

1920 3798 2058 3846 sunt
2087 3796 2357 3863 peccata,
2388 3793 2806 3849 interminatur
2837 3794 3142 3866 Scriptura
3167 3795 3313 3863 fore,
3344 3801 3410 3852 ut
3436 3795 3572 3852 visi-

1918 3885 1998 3936 tet
2028 3881 2317 3936 Dominus
2356 3897 2568 3937 eorum
2598 3881 2941 3954 iniquitates
2971 3883 3034 3938 in
3065 3883 3252 3954 virga,
3277 3887 3334 3940 et
3357 3900 3570 3941 eorum

1916 3970 2238 4039 injustitias
2270 3970 2329 4026 in
2356 3971 2795 4026 verberibus!”
2821 3990 2835 4040 ;
2869 3972 2978 4028 sed
3008 3972 3100 4028 his
3129 3973 3237 4046 qui
3263 3973 3572 4031 insanabi-

1916 4059 2046 4116 liter
2067 4065 2470 4131 peccaverunt
2485 4059 2654 4116 dicit:
2673 4060 2830 4128 Quid
2849 4062 3050 4119 adhuc
3070 4063 3570 4133 percutiamim“,

1916 4147 2128 4219 plagas
2158 4163 2372 4204 omnes
2413 4149 2687 4221 experti?
2740 4149 2956 4206 Omnia
3005 4150 3570 4223 contempsistisin-

1914 4236 2072 4293 ﬂicta
2095 4237 2175 4292 ad
2203 4237 2658 4294 emendandum
2696 4237 2955 4309 ﬂagella,
2989 4237 3266 4296 contritio
3288 4255 3396 4296 vos
3441 4256 3570 4296 ma-

1914 4329 2032 4380 net.
2091 4328 2173 4381 ΕΣ
2210 4326 2282 4382 iis
2332 4331 2534 4382 autem
2589 4326 3034 4384 calamitatibus
3081 4344 3220 4399 quae
3259 4327 3562 4394 eveniunt,

1913 4415 2043 4471 aliae
2073 4415 2322 4487 quidem
2351 4416 2632 4472 accidunt
2666 4415 2746 4472 ad
2798 4415 3110 4488 punienda
3139 4419 3405 4488 peccata,
3434 4413 3564 4470 alim

1914 4505 1992 4560 ad
2021 4521 2220 4560 mores
2251 4521 2459 4561 eorum
2486 4505 2589 4578 qui
2621 4509 2924 4561 tentantur
2964 4503 3401 4572 emendandos,
3431 4502 3564 4560 alias

1911 4592 1991 4648 ad
2015 4609 2119 4648 eos
2143 4595 2242 4666 qui
2267 4593 2661 4664 desperantur
2672 4592 3118 4662 atterendos,ut
3144 4592 3206 4648 in
3231 4591 3562 4649 Pharaone.

1911 4682 2010 4735 His
2033 4681 2193 4736 enim
2219 4696 2342 4735 non
2367 4682 2497 4752 jam
2528 4681 2742 4752 plagas
2793 4685 2899 4737 aut
2948 4679 3211 4749 ﬂagella,
3237 4679 3343 4736 sed
3368 4680 3565 4736 interi-

1910 4775 2039 4824 tum
2069 4768 2352 4826 minatur.
2386 4769 2543 4837 Quid
2567 4769 2768 4826 adhuc
2787 4769 3219 4839 percutiamini
3258 4784 3376 4839 vos,
3405 4785 3560 4843 quo-

1910 5073 1954 5105 “
1983 5071 2128 5128 ibid.
2161 5074 2250 5128 42.
2329 5073 2400 5106 97'
2426 5070 2576 5128 Psal.
2600 5085 2869 5141 Lxxxvm,
2900 5075 2989 5130 33.
3067 5073 3115 5108 ³⁸
3143 5075 3261 5130 lsa.
3287 5087 3328 5142 ι,
3353 5078 3381 5129 ε
3403 5101 3423 5138 9

1908 5374 2064 5414 mus.
2097 5357 2324 5415 Ibidem
2349 5356 2673 5428 legendum
2705 5356 2806 5410 ἀπὸ
2835 5367 2928 5419 τῆς
2952 5357 3276 5430 ἐγκρατείας.

1977 5433 2058 5498 (3)
2088 5432 2169 5484 Ex
2194 5432 2490 5486 Proaamio
2518 5432 2600 5486 De
2607 5431 2844 5500 judicio
2872 5431 3004 5500 Dei,
3029 5431 3155 5483 222.

1973 5502 2052 5572 (4)
2077 5503 2161 5556 Ex
2190 5505 2512 5566 comment,
2544 5503 2607 5557 in
2631 5503 2749 5558 Isa.
2771 5503 2894 5558 389.
