4056 6222
598 269 741 328 1207
1580 253 1946 314 APPENDIX.
1989 277 2056 291 —
2097 245 2443 306 svuaoms
2483 251 3009 316 METAPHRASTIE
3777 276 3873 333 12.),

597 409 737 455 rum
761 403 1020 464 corpora
1049 390 1105 444 et
1149 384 1369 442 animae
1398 382 1606 455 ﬂagris
1652 379 1894 439 concisa
1937 376 2107 435 sunt.
2148 384 2262 428 nec

2389 379 2458 427 καὶ
2509 379 2538 434 ἠ
2600 379 2750 451 ύγεία
2815 381 3064 457 βλαϐερὰ,
3119 384 3239 436 ὅταν
3287 383 3483 458 ἐφόδιον
3538 397 3721 463 γίνηται
3781 407 3872 464 πρὸς

601 453 1239 559 usquam-emendatio
1265 475 1275 529 !
1301 475 1378 545 (t)
1411 453 1529 530 Erit
1559 472 1720 529 enim
1781 467 1939 526 utilis
1991 475 2260 559 saepenu-

2389 471 2626 540 ιμαρτίαν
2659 478 2729 540 τῷ
2759 473 2955 543 ἔχοντι.
2989 477 3141 525 Οὕτω
3171 478 3260 528 καὶ
3297 478 3360 528 τὰ
3399 483 3639 552 χρήματα
3671 482 3762 543 ἤδη
3783 453 3874 542 τίσω

601 549 772 633 mero
797 569 886 628 vel
917 566 1189 632 morbus,
1223 579 1362 620 cum
1394 561 1663 619 videlicet
1691 559 2043 634 peccantem
2084 549 2259 606 retre-

2389 561 2630 628 ιπηρεσία
2678 565 2808 632 πρὸς
2863 561 3147 616 ἀκολασίαν
3197 562 3409 638 ἐγένετο,
3440 575 3526 622 καὶ
3554 579 3689 626 πενία
3720 577 3874 640 πολλοὺς

601 661 792 724 nabit.
827 663 892 716 Et
937 672 1137 716 nocua
1178 659 1269 711 est
1325 653 1553 710 sanitas
1606 668 1744 708 cum
1773 643 2002 723 peccati
2040 641 2255 734 instru-

2389 649 2679 734 σωφρόνισε
2708 657 2806 702 τῶν
2840 653 3155 725 ὡρμημένων
3181 664 3366 717 κακῶς.
3393 663 3532 716 Μητε
3547 660 3626 712 οὖν
3645 664 3873 734 φύγηςᾶιιε

603 751 880 810 mentum
904 746 970 803 ﬁt
995 747 1154 802 recte
1172 742 1416 800 valenti.
1451 742 1543 800 Sic
1575 745 1632 799 et
1655 737 1927 814 pecuniae
1950 725 2258 790 nonnullis

2389 725 2467 804 iei",
2494 738 2626 824 μήτε
2659 724 2962 814 προσφύγης
3051 747 3122 815 μη
3149 738 3230 796 δει
3261 745 3334 816 (8)
3359 761 3372 776 ·
3404 745 3507 798 ἀλλ’
3536 750 3581 802 ἓν
3616 724 3690 804 σοι
3709 724 3878 824 Qte-14¢,

602 842 734 914 jam
784 837 861 894 ad
900 833 1212 894 libidinem
1260 831 1697 899 inservierunt;
1741 827 2071 903 paupertas
2115 831 2255 875 vero

2389 838 2489 888 ιτω,
2504 823 2532 880 ἡ
2555 823 2789 900 ἁμαρτία
2811 834 2897 882 καὶ
2913 835 3010 903 μία
3031 838 3304 904 καταφυγὴ
3325 834 3380 887 ἐκ
3407 843 3502 889 τῶν
3530 848 3704 908 κακῶν,
3727 820 3749 893 ό
3779 820 3877 906 Θεηςῂ,

520 983 532 994 ,
602 909 907 1004 plurimos
935 923 1017 983 ad
1045 922 1189 980 vitia
1217 935 1592 994 magnopere
1610 917 2059 1004 propendentes
2083 909 2390 1004 repressit:
2416 910 2618 1004 Neque
2642 915 2827 987 igitur
2855 917 3053 992 fugias
3083 937 3221 994 quae
3243 938 3364 980 non
3389 931 3644 998 oportet;
3672 945 3765 986 nec
3785 948 3878 990 con.

609 993 812 1091 fugias
837 1014 918 1074 ad
946 1027 1134 1087 quem
1161 1027 1286 1070 non
1312 993 1550 1083 oportet
1578 1026 1590 1066 :
1616 1007 1722 1065 sed
1753 1021 1945 1065 unum
1995 999 2099 1060 tibi
2143 993 2502 1065 fugiendum
2534 1002 2610 1061 sit
2638 1010 2976 1080 peccatum,
3005 1013 3063 1068 et
3099 993 3291 1068 unum
3338 993 3880 1090 ex'malisrefugium

611 1109 860 1268 08:22)
889 1192 1049 1251 Multi
1071 1191 1322 1266 quidem
1349 1189 1624 1263 priorum
1648 1189 2039 1262 peccatorum
2061 1178 2270 1240 oblivi-

604 1288 888 1351 scuntur,
921 1281 1156 1340 nullam
1184 1296 1394 1338 eorum
1421 1278 1715 1336 habentes
1748 1276 2067 1335 rationem,
2096 1285 2168 1326 ac
2197 1283 2270 1325 ea

615 1375 1092 1440 contemnentes,
1123 1369 1302 1444 quasi
1354 1367 1523 1426 nulla
1575 1367 1778 1424 futura
1837 1364 1913 1421 sit
1959 1360 2125 1417 ultio.
2160 1357 2271 1424 Qui

613 1460 1077 1536 verojudieium
1106 1459 1209 1516 Dei
1252 1458 1475 1532 jugiter
1529 1457 1715 1514 habet
1766 1453 1846 1512 ob
1891 1450 2121 1517 oculos,
2151 1463 2270 1505 cre-

615 1552 823 1625 ditque
852 1553 1015 1607 certo
1062 1548 1212 1616 fore,
1245 1552 1310 1605 ut
1337 1561 1550 1604 omnes
1603 1561 1810 1602 coram
1842 1541 2055 1599 Christi
2082 1537 2272 1595 tribu-

615 1639 741 1699 nali
781 1640 1089 1708 sistamur,
1136 1641 1206 1695 ut
1257 1639 1520 1710 reportet
1560 1633 1983 1706 unusquisque
2041 1644 2114 1686 ea
2135 1642 2273 1700 quae

615 1729 772 1787 ﬁunt
795 1743 904 1802 per
931 1743 1171 1802 corpus,
1193 1726 1370 1799 juxta
1401 1725 1463 1782 id
1484 1724 1651 1798 quod
1676 1721 1833 1792 fecit,
1866 1721 1991 1778 sive
2018 1718 2270 1780 bonum,

2451 1187 2510 1236 7.
2544 1184 2608 1234 Οὶ
2633 1188 2804 1255 μέντοι
2837 1185 3016 1240 πολλοὶ
3047 1196 3146 1240 τῶν
3172 1188 3456 1266 ἀνθρωπων
3478 1197 3564 1247 καὶ
3579 1193 3722 1254 λήθην
3742 1208 3882 1250 ποιοῦν.

2381 1288 2469 1321 ται
2498 1279 2597 1322 τῶν
2624 1277 2880 1346 προτέρων
2910 1279 3323 1351 ἁμαρτημάτων,
3352 1277 3802 1357 ἀδιαφοροῦντεςέπ¹
3822 1289 3883 1339 αὖ·

2382 1365 2492 1421 τοῖς
2547 1365 2637 1412 καὶ
2693 1373 3147 1437 καταφρονοῦντες,
3199 1371 3268 1431 ὡς
3335 1367 3592 1443 μηδεμιᾶς
3642 1370 3884 1438 ἐκδικήσεως

2382 1454 2753 1521 γενησομένης.
2795 1451 2851 1504 Ὀ
2911 1450 2969 1507 δὲ
3020 1459 3077 1508 τὸ
3135 1453 3479 1532 δικαστήριον
3529 1469 3614 1514 τοῦ
3673 1471 3779 1517 Θεοῦ
3823 1471 3886 1534 πρὸ

2385 1537 2660 1610 ὀφθαλμῶν
2719 1536 2813 1593 διὰ
2872 1547 3065 1607 παντὸς
3117 1547 3278 1617 ἔχων,
3337 1553 3426 1600 καὶ
3480 1556 3790 1623 πεπεισμένος,
3836 1554 3887 1603 ὃτι

2385 1628 2569 1688 πάντες
2607 1634 3063 1704 παραστησόμεθα
3107 1642 3180 1705 τῷ
3223 1634 3431 1708 βήματι
3479 1645 3567 1690 τοῦ
3611 1644 3890 1712 Χριστού,ἰνε

2387 1721 2675 1788 κομίσηται
2695 1719 2912 1781 ἕκαστος
2942 1723 3006 1774 τά
3033 1719 3125 1775 διὰ
3154 1731 3244 1776 τοῦ
3274 1731 3511 1798 σώματος
3530 1733 3647 1800 πρὸς
3669 1729 3699 1779 ἀ
3722 1730 3888 1802 ἕπραξτι,

619 1819 748 1876 sive
768 1817 1082 1887 malum”,
1116 1816 1168 1873 is
1209 1815 1272 1873 in
1312 1813 1611 1872 anxietate
1643 1826 1882 1885 semper
1901 1811 2193 1876 versatur,
2219 1808 2276 1860 et

2389 1806 2486 1856 εἴτε
2517 1802 2730 1876 ἀγαθόν,
2753 1810 2852 1860 εἴτε
2891 1809 3102 1880 φαῦλον,
3124 1812 3174 1864 ἐν
3202 1812 3404 1886 ἀγωνία
3428 1817 3888 1880 καθέστηκιπιίντοτε,

617 1908 784 1965 hunc
832 1907 1044 1966 animm
1092 1922 1218 1962 suae
1270 1903 1544 1962 dolorem
1599 1917 1815 1959 sanare
1869 1898 2136 1965 studens,
2169 1907 2276 1968 per

624 2012 773 2054 suas
802 1995 882 2053 ad
913 1997 1103 2052 Deum
1133 1993 1545 2051 confessiones
1585 2007 1650 2048 se
1695 1991 1823 2063 ipse
1860 1989 2125 2055 accusat,
2179 1998 2273 2039 ex-

623 2085 828 2159 emplo
857 2084 1040 2152 illius,
1085 2085 1190 2158 qui
1245 2083 1367 2140 ait:
1396 2083 1586 2139 Dolor
1630 2095 1793 2138 meus
1837 2079 1900 2135 in
1957 2078 2275 2144 conspectu

622 2191 750 2232 meo
779 2176 1066 2245 semper".
1097 2174 1175 2244 (3)
1204 2171 1364 2228 Multi
1392 2186 1530 2227 vero
1561 2169 1669 2226 etsi
1694 2185 1730 2226 a
1757 2167 1962 2242 pravis
1987 2163 2274 2238 operibus

621 2267 1023 2334 recesserunt,
1052 2261 1200 2318 dum
1227 2261 1400 2334 510
1428 2259 1632 2333 priora
1678 2258 1834 2314 facta
1861 2255 2278 2313 recordatione

621 2354 1000 2426 percurrunt,
1053 2365 1162 2423 per
1218 2365 1355 2412 eam
1417 2364 1577 2422 saepe
1614 2347 1932 2420 quiescens
1983 2346 2278 2400 renovant

621 2443 959 2515 peccatum.
989 2441 1066 2511 (4)
1089 2437 1330 2495 Silentio
1359 2437 1520 2494 enim
1551 2436 1746 2508 sopita
1787 2433 2167 2507 improbitas,
2191 2431 2278 2488 la-

622 2533 752 2587 tens
782 2533 872 2586 est
899 2527 1153 2585 morbus
1176 2527 1238 2584 in
1261 2526 1486 2584 anima.
1511 2528 1592 2598 (5)
1619 2527 1909 2580 Caeterum
1933 2537 2142 2578 eorum
2172 2519 2278 2593 qui

623 2622 882 2694 peccant
910 2616 1184 2675 dimissio
1221 2616 1291 2673 ﬁt
1340 2632 1448 2690 per
1505 2613 1977 2672 derelictionem.
2009 2613 2278 2678 Quorum

621 2712 830 2768 autem
861 2723 1071 2764 curam
1103 2705 1270 2778 gerit,
1303 2705 1376 2762 de
1427 2705 1496 2761 iis
1548 2705 1631 2761 ait
1660 2703 1967 2776 Scriptura
2000 2719 2011 2757 :
2045 2701 2175 2757 Non
2225 2703 2279 2756 te

629 2799 921 2866 deseram,
951 2811 1144 2870 neque
1196 2802 1251 2852 te
1288 2795 1639 2866 derelinquo
1662 2795 1682 2829 ²
1717 2811 1729 2849 :
1785 2808 1816 2848 e
1865 2789 2161 2848 contrario
2201 2789 2278 2845 de

623 2885 850 2961 quibus
872 2900 1124 2958 prorsus
1153 2883 1454 2957 desperat,
1482 2882 1594 2940 bos
1619 2882 1699 2938 ad
1744 2881 1945 2936 carnis
1971 2882 2028 2935 et
2057 2879 2277 2948 cogita-

624 2976 860 3034 tionum
892 2989 1141 3030 suarum
1170 2971 1468 3028 desideria
1506 2969 1804 3044 explenda
1833 2969 2053 3024 liberos
2078 2966 2276 3023 dimit-

628 3067 721 3133 tit,
755 3064 922 3139 quod
969 3063 1055 3121 eis
1110 3061 1425 3136 profutura
1487 3075 1611 3117 non
1677 3059 1750 3116 sit
1807 3057 2273 3115 animadversio.

2385 1899 2475 1947 καὶ
2493 1899 2597 1964 τὴν
2627 1893 2892 1968 ἀλγηδόνα
2919 1907 2981 1972 τῇ
3015 1900 3202 1954 ἑαυτοῦ
3225 1902 3384 1976 ψυχῇ
3412 1909 3595 1964 ταύτην
3623 1907 3820 1959 ἰστασθαι
3843 1909 3890 1975 (9)

2388 1987 2692 2056 φροντίζων,
2727 1985 2884 2049 αὐτὸς
2913 1987 3098 2042 ἑαυτοῦ
3139 2000 3425 2066 κατηγορεῖ
3465 1990 3555 2046 διὰ
3587 2003 3675 2046 τῶν
3713 1997 3809 2068 πρὸς
3833 1998 3888 2046 τὸν

2389 2074 2517 2124 Θεὸν
2549 2070 2826 2146 ἐξομολογή
2837 2095 2982 2144 σεων,
3008 2082 3143 2132 κατά
3168 2083 3257 2132 τὸν
3275 2080 3493 2153 λέγοντα
3509 2103 3520 2116 ·
3538 2083 3592 2136 'll
3614 2081 3810 2154 ἀλγηδών
3825 2103 3890 2154 μου

2389 2161 2600 2214 ἐνώπιόν
2626 2183 2726 2234 μου
2755 2164 2867 2217 ἐστὶ
2917 2162 3011 2220 διὰ
3052 2175 3272 2231 παντὸς.
3322 2171 3504 2224 Πολλοὶ
3535 2170 3588 2226 δὲ
3617 2177 3693 2224 καὶ
3725 2172 3889 2244 ἐπιστρίο

2388 2250 2572 2320 ψαντες
2625 2251 2725 2304 ἀπὸ
2778 2264 3014 2330 πονηρῶν
3077 2261 3260 2332 ἔργων,
3312 2262 3466 2314 οἱονεὶ
3502 2266 3584 2323 τάς
3623 2269 3792 2334 μνήμας
3826 2269 3888 2311 τῶν

2390 2338 2620 2392 παλαιῶν
2673 2345 2832 2415 ἔργων
2889 2351 3363 2420 παρακατέχοντες,
3415 2347 3488 2402 δι’
3534 2351 3686 2403 αὐτῶν
3717 2349 3888 2409 πολλάκις

2391 2426 2716 2482 ἀνανεοῦνται
2774 2436 2869 2490 τὴν
2916 2435 3308 2507 ἡσυχάζονσαν
3349 2439 3615 2513 ἀμαρτιαν.
3652 2445 3789 2493 Κακία
3825 2441 3887 2509 γὰρ

2392 2521 2740 2588 σιωπηθεῖσα,
2771 2525 2923 2585 νόσος
2961 2525 3184 2587 ὑποῡλός
3227 2526 3373 2580 ἐστιν
3415 2529 3460 2579 ἐν
3501 2537 3558 2600 τῇ
3601 2528 3815 2598 ψυχῇ,’[1
3853 2522 3889 2576 δὲ

2388 2608 2566 2669 ἄνεσις
2591 2617 2688 2660 τῶν
2735 2609 3049 2686 ἁμαρτωλῶν
3089 2617 3224 2667 κατά
3252 2615 3611 2689 ἐγκατσῖλειεριν
3637 2621 3808 2689 γίνεται.
3830 2615 3890 2665 Ὠιι

2389 2699 2603 2770 μὲνγὰρ
2643 2706 2936 2773 προνοεῖται
2990 2703 3015 2754 ὁ
3067 2702 3234 2775 λόγος,
3290 2726 3481 2777 φησιν·
3515 2707 3586 2760 Οὐ
3621 2712 3682 2778 μή
3727 2725 3771 2758 σε
3808 2704 3888 2764 ἀνῶ,

2389 2783 2503 2839 οὐδ’
2524 2788 2582 2838 ού
2607 2794 2677 2860 μή
2714 2808 2773 2842 σε
2806 2789 3156 2861 ἐγκαταλείπει)
3177 2811 3187 2823 ·
3213 2795 3281 2846 ὧν
3315 2793 3368 2848 δ’
3397 2797 3457 2848 ἀν
3486 2793 3890 2864 παντελῶςάπογνῷ,

2389 2878 2603 2938 τούτους
2636 2875 2843 2940 ἀνέτους
2870 2879 3059 2952 ἀφίησι
3080 2891 3243 2936 ποιεῖν
3271 2887 3344 2937 τὰ
3367 2886 3620 2958 θελήματα
3647 2893 3724 2944 τῆς
3745 2901 3892 2955 caput;

2388 2969 2478 3016 καὶ
2510 2973 2608 3017 τῶν
2633 2963 2874 3020 διανοιῶν
2903 2969 3092 3038 αὐτῶν,
3125 2974 3194 3034 ὡς
3223 2981 3282 3032 τῆ
3303 2995 3324 3034 ς
3351 2972 3670 3035 nutricatur};
3689 2970 3892 3042 ἀνωφελοῦς

2388 3053 2561 3114 αὐτοῖς
2588 3054 2856 3128 ἐσομένης,
2891 3064 2992 3110 Καὶ
3037 3062 3133 3132 γὰρ
3186 3059 3298 3115 ἐπεὶ
3350 3065 3474 3137 ὑπὲρ
3515 3073 3702 3136 τραῦμα
3741 3067 3808 3112 καὶ
3829 3065 3894 3129 μώ-

627 3153 706 3225 (6)
737 3152 1034 3220 Quoniam
1074 3151 1236 3208 enim
1282 3150 1398 3208 hoc
1446 3153 1760 3223 peccatum
1799 3148 2065 3219 vulnere,
2092 3146 2276 3203 livore

2389 3142 2534 3195 λωπα
2561 3149 2649 3196 καὶ
2679 3145 2883 3217 πληγὴν
2914 3146 3332 3220 φλεγμαίνουσαν
3373 3153 3400 3210 η
3443 3153 3660 3227 ἁμαρτία
3687 3150 3813 3210 ἐστὶν,
3836 3146 3894 3197 οὐκ

627 3257 701 3298 ac
729 3240 912 3315 plaga
936 3243 1202 3296 tumente
1226 3238 1402 3312 pejus
1424 3243 1511 3294 est
1531 3255 1543 3304 ;
1567 3253 1692 3294 non
1718 3240 1806 3292 est
1828 3235 2135 3306 malagma
2164 3235 2276 3290 im-

627 3345 855 3404 ponere
880 3333 1174 3403 tanquam
1208 3328 1288 3386 ad
1316 3328 1584 3402 plagam,
1616 3342 1813 3399 neque
1856 3325 2076 3396 oleum,
2111 3329 2176 3380 ut
2201 3325 2281 3381 ad

626 3419 882 3476 vulnera
913 3436 927 3476 :
959 3433 1070 3475 nec
1091 3418 1220 3490 jam
1245 3434 1403 3492 opus
1427 3417 1699 3475 esthisce
1723 3415 2033 3472 remediis:
2053 3415 2281 3488 quippe

629 3508 868 3580 majora
899 3512 1057 3577 sunt,
1084 3507 1296 3580 inquit,
1330 3511 1739 3580 symptomata
1769 3521 1956 3578 quam
2005 3510 2070 3560 ut
2115 3504 2281 3560 hisee

631 3596 1084 3656 medicamentis
1115 3596 1350 3654 cedant.
1395 3599 1460 3654 Et
1482 3595 1628 3670 quia
1656 3599 1778 3652 tota
1809 3610 1955 3665 gens
1980 3594 2282 3667 peccatrix

630 3693 741 3760 est,
771 3687 1157 3762 populusque
1205 3687 1404 3744 omnis
1451 3685 1713 3760 peccatis
1742 3685 1980 3758 plenus,
2003 3685 2082 3740 ob
2112 3682 2173 3739 id
2204 3683 2282 3739 ad

629 3792 845 3836 omnes
864 3791 1282 3850 saepenumero
1304 3775 1572 3849 pervenit
1594 3773 1980 3849 supplicium.
2013 3776 2082 3828 Et
2114 3789 2285 3829 omne

631 3881 737 3925 cor
771 3872 976 3924 mwret
993 3866 1036 3933 ³,
1059 3865 1208 3922 dum
1236 3864 1299 3921 in
1319 3863 1725 3937 captivitatem
1756 3861 2076 3919 abducitur
2097 3877 2284 3934 popu-

631 3955 726 4011 lus
775 3954 857 4010 ob
900 3957 1168 4025 peccata.
1204 3951 1735 4019 Quemadmodum
1777 3951 1957 4022 igitur
1982 3951 2281 4020 sectionis,

632 4047 739 4099 aut
781 4043 1027 4098 cauterii
1073 4058 1325 4098 causam
1381 4057 1502 4099 non
1553 4042 1804 4098 sustinet
1857 4041 2148 4109 medicus,
2179 4041 2284 4097 scd

632 4128 886 4186 morbus
915 4145 929 4184 :
964 4129 1050 4184 sic
1073 4133 1131 4185 et
1159 4130 1468 4186 civitatum
1495 4129 1832 4186 eversiones
1857 4131 1936 4186 ab
1966 4131 2287 4188 innumera

632 4221 1022 4292 peccatorum
1071 4216 1453 4274 multitudine
1502 4222 1745 4287 exortae,
1781 4233 2025 4274 omnem
2065 4235 2283 4292 quere-

633 4307 758 4366 lam
786 4323 824 4364 a
853 4308 974 4364 Deo
1001 4305 1383 4380 propulsant.

707 4402 762 4457 8.
790 4397 868 4468 (7)
899 4396 1196 4456 Invadunt
1219 4397 1382 4455 enim
1411 4399 1658 4470 propter
1685 4411 1915 4470 paucos
1940 4397 2000 4452 in
2039 4413 2286 4455 omnem

634 4486 933 4563 populum
963 4484 1148 4557 mala,
1179 4501 1252 4542 ac
1294 4485 1594 4556 ﬂagitium
1625 4485 1804 4542 unius
1846 4485 2007 4560 plebi
2050 4486 2155 4542 toti
2179 4503 2285 4543 no-

635 4580 748 4634 cet.
770 4575 966 4633 Acbar
989 4574 1373 4648 sacrilegium
1421 4575 1723 4633 commisit
1747 4576 1789 4644 ‘,
1821 4580 1879 4633 et
1923 4578 2085 4633 totus
2115 4576 2288 4634 casti-

709 4880 758 4916 ”
785 4880 831 4935 ll
857 4879 984 4936 Cor.
1010 4895 1064 4948 ν,
1093 4883 1177 4938 t0.
1279 4882 1294 4916 ¹
1331 4878 1479 4939 Psal.
1513 4895 1731 4950 xxxvu,
1763 4883 1846 4938 18.
1950 4881 1971 4916 ³
2001 4882 2120 4938 Jos.
2148 4896 2186 4947 ι,
2222 4885 2277 4936 5.

709 5185 790 5253 (Ι)
817 5185 900 5242 Ex
928 5183 1095 5240 hom.
1127 5183 1191 5240 in
1213 5197 1305 5254 ps.
1332 5198 1456 5252 XLV,
1490 5188 1609 5239 t7t.

710 5256 786 5330 (2)
815 5258 898 5330 Ex
926 5255 1187 5330 hom._in
1215 5255 1372 5330 psqt.
1402 5271 1611 5323 xxxv",
1640 5257 1766 5312 370.

735 5323 789 5393 3')
820 5329 980 5384 Unus
1002 5327 1192 5383 codex
1216 5323 1441 5382 indicat
1468 5330 1793 5383 comment.
1821 5325 1884 5382 ιή
1915 5323 2033 5383 Isa.

733 5399 787 5463 4)
819 5400 1070 5471 Uterque
1100 5397 1290 5455 codex
1315 5398 1738 5471 indieatserm.
1769 5397 1941 5454 ethic.

712 5469 785 5542 (ὅ)
818 5471 900 5524 Ex
927 5469 1251 5527 comment.
1283 5472 1346 5526 in
1365 5469 1485 5526 Isa.
1517 5471 1640 5524 482.

712 5541 790 5608 (6)
820 5541 902 5596 Ex
926 5546 1250 5600 comment.
1271 5542 1334 5600 in
1357 5542 1476 5600 15a.
1501 5543 1622 5605 390,

2388 3235 2502 3285 ἔστι
2567 3233 2817 3306 μάλαγμα
2866 3233 3115 3290 ἐπιθεῖναι
3153 3239 3222 3301 ὡς
3278 3245 3416 3313 πρὸς
3472 3246 3560 3299 τὴν
3590 3240 3781 3311 πληγήν,
3817 3231 3896 3286 οὐδὲ
3960 3301 3961 3320 γ

2390 3321 2556 3375 ὓ.αιον
2588 3323 2651 3383 ὡς
2673 3327 2802 3397 πρὸς
2833 3327 2898 3377 τὰ
2929 3329 3207 3400 τραύματα
3231 3350 3243 3361 ·
3279 3327 3410 3383 οὐδὲ
3436 3334 3590 3405 χρεία
3617 3337 3697 3390 τῆς
3723 3326 3802 3379 ἀπὸ
3825 3327 3894 3374 τον·
3960 3343 3961 3352 ι

2389 3432 2490 3464 των
2532 3411 2775 3484 βοηθείας
2801 3430 2813 3443 ·
2847 3415 3063 3486 μείζονα
3100 3420 3220 3490 γὰρ,
3254 3425 3412 3490 φησὶ,
3464 3423 3527 3472 tr}.
3565 3412 3895 3491 συμπτώματαὲ

2392 3502 2527 3554 ὥστε
2563 3505 2769 3565 τούτοις
2821 3499 3079 3559 ἐνδοῦναι.
3134 3511 3234 3560 Καὶ
3265 3505 3450 3567 ἐπειδὴ
3485 3511 3591 3577 (10)
3615 3507 3711 3559 ὅλον
3741 3508 3785 3558 τὸ
3807 3504 3897 3558 ἔθνος

2393 3589 2715 3666 ἁμαρτωλὸν,
2745 3597 2832 3645 καὶ
2871 3600 2966 3655 πᾶς
3007 3596 3032 3646 ὁ
3077 3595 3196 3658 λαός
3230 3596 3434 3672 πλήρης
3463 3597 3686 3671 ἀνομιῶν,
3713 3591 3785 3648 διὰ
3800 3600 3898 3644 τούτο

2392 3685 2480 3732 καὶ
2510 3682 2538 3738 ἡ
2583 3684 2796 3744 κόλασις
2828 3682 2911 3734 ἐπὶ
2956 3687 3150 3746 πάντας
3192 3686 3440 3748 πολλάκις
3471 3690 3664 3760 ἔφθασε.
3693 3690 3774 3737 Καὶ
3805 3686 3897 3731 πᾶσι

2393 3765 2592 3843 καρδία
2620 3770 2828 3844 λυπηρά
2858 3775 3083 3845 γέγονεν,
3119 3775 3187 3837 εἰς
3213 3775 3585 3849 αἰχμαλωσίαν
3612 3774 3819 3847 ἀγομένου
3840 3786 3896 3818 τον

2391 3858 2518 3910 λαοῦ
2551 3855 2645 3912 διὰ
2668 3863 2726 3912 τό
2767 3859 3137 3935 ἁμαρτήματα.
3163 3863 3365 3939 Ὠσπερ
3400 3863 3486 3918 οὖν
3511 3874 3598 3926 τῆς
3624 3871 3777 3935 τομῆς,
3801 3860 3818 3915 ἑ
3839 3860 3895 3906 τῦῦ

2393 3957 2672 4021 καυτῆρος,
2707 3949 2811 4022 οὐχ
2843 3951 2867 4001 ό
2903 3951 3074 4023 ἰατρὸς
3101 3956 3287 4019 αἰτιος,
3319 3953 3426 4007 ἀλλ’
3459 3957 3488 4012 ἡ
3520 3959 3689 4015 νόσος·
3715 3951 3818 4003 οὕτω
3842 3948 3895 3996 καὶ

2393 4039 2441 4090 οἱ
2471 4045 2570 4089 τῶν
2596 4037 2786 4091 πόλεων
2811 4038 3113 4114 ἀρανισμοὶ,
3149 4042 3204 4093 ἐκ
3231 4051 3322 4104 τῆς
3363 4043 3604 4117 ἀμετρίας
3629 4050 3716 4093 τῶν
3743 4039 3897 4109 αμαρτι-

2393 4129 2613 4198 νομένων
2652 4131 2745 4186 τὴν
2779 4127 2954 4200 ἀρχὴν
2981 4133 3207 4203 ἔχοντες,
3240 4134 3329 4184 τόν
3358 4135 3485 4186 Θεὸν
3526 4131 3713 4191 ἀπάσης
3735 4124 3897 4200 μέμψεως

2395 4215 2729 4271 ἀπολύουσιν.

2467 4396 2516 4449 8.
2551 4394 2801 4470 Ἔρχεται
2837 4396 2939 4471 γὰρ
2993 4400 3081 4450 καὶ
3116 4394 3190 4450 δι’
3219 4397 3424 4470 ὀλίγους
3471 4401 3620 4468 κακὰ,
3663 4398 3736 4448 καὶ
3759 4390 3898 4465 μοχθν

2395 4487 2510 4557 ρίας
2569 4487 2708 4547 τινὸς
2761 4485 3144 4559 παραπήλαυσε
3201 4485 3396 4560 δῆμος.
3438 4489 3609 4561 ’Ἄχαρ
3660 4479 3897 4559 ἱεροσύὶησῑν

2397 4576 2488 4624 καὶ
2536 4572 2624 4631 ὅλη
2689 4575 2719 4633 ἠ
2753 4573 3045 4649 παράταξις
3093 4575 3422 4647 ἐμαστίζετο.
3471 4577 3529 4629 Ὀ
3582 4572 3758 4647 Ζαμϐρὶ
3800 4563 3896 4619 παύου

2399 4876 2628 4946 3188.1,
2659 4882 2712 4933 5.
2793 4880 2813 4912 ὀ
2838 4879 2960 4934 Jos.
2993 4886 3090 4947 v11,
3127 4883 3176 4937 ι.

2466 5183 2546 5252 '(7)
2576 5183 2659 5238 Ex
2687 5180 2853 5252 hom.
2879 5181 2942 5237 in
2962 5180 3188 5252 famem
3217 5186 3280 5252 et,
3299 5179 3484 5252 siccit,
3509 5181 3594 5236 66.

2490 5245 2539 5323 8)
2570 5253 2641 5325 Ὦ.
2668 5256 2740 5325 μὴ
2778 5249 2878 5308 δεῖ.
2912 5245 3201 5325 Codicum
3232 5251 3395 5323 alter,
3430 5245 3504 5313 οἷς
3531 5245 3732 5325 parte
3819 5304 3870 5325 ,υ

2564 5305 2877 5396 flora-607m:
3235 5305 3541 5392 δοήὶὲχῑὺξ
3563 5305 3796 5374 ἰάσασθαι.
3819 5305 3892 5363 lbi-

2393 5395 2534 5452 dem
2556 5395 2610 5448 ἐκ
2633 5404 2696 5469 τῇ
2731 5396 2914 5469 ἑαυτοῦ
2942 5395 3123 5469 ψυχῇ.
3166 5467 3180 5469 _
3270 5467 3276 5469 _
3570 5464 3600 5469 λ
3683 5457 3710 5469 ..
3799 5447 3870 5469 ι--;

2463 5472 2479 5535 (
2491 5451 2578 5534 ibi
2607 5451 2826 5526 Ετέέιὸἡ.
2853 5451 3421 5527 8ἱοόὧὲίιάιινίωιιε
3440 5479 3550 5538 ope
3569 5457 3712 5532 Regii
3727 5451 3893 5513 codici3

2396 5541 2551 5598 1992.
2581 5538 2752 5610 Editi,
2776 5538 2883 5592 ἐπεὶ
2903 5544 2999 5611 μή.
