4068 6220
265 300 405 357 1209

1461 289 1698 349 SERMO
1737 290 1853 348 VII.
1886 320 1954 334 -—
1993 292 2084 349 DE
2120 294 2446 354 PECCATO.

3486 311 3621 366 i210

266 423 332 483 εἰς
355 424 447 483 τὰς
477 412 876 479 Μαδιανίτιὸας
906 415 1215 491 ἐξεπὸρνευε,
1249 420 1338 469 καὶ
1358 417 1384 469 ὁ
1410 415 1623 490 Ἰσραὴλ
1662 420 1870 470 ἔπιπτεν

1987 421 2161 488 gatus
2200 425 2288 477 est
2315 422 2625 481 exercitus.
2659 427 2893 484 Zambri
2933 427 3351 488 Madianitidas
3401 437 3619 492 scorta-

269 512 340 574 εἰς
372 507 550 567 δίκην.
584 512 685 561 Καὶ
713 506 950 579 καθάπερ
979 508 1004 558 ὁ
1045 505 1241 578 λοιμὸς,
1284 501 1494 559 ἐπειδὰν
1534 506 1642 570 ἑνὸς
1670 505 1874 583 ἀνθρὼ-

270 621 369 654 που
402 601 430 657 ἡ
465 604 687 659 κτήνους
713 596 940 667 ἅψηται,
968 597 1105 648 κατὰ
1132 592 1379 649 διάδοσιν
1410 594 1493 649 ἐπὶ
1537 599 1733 661 πάντας
1758 602 1875 660 τοὺς

274 690 571 762 ἐγγίζοντας
601 684 943 758 διανέμεσθαι
981 690 1200 758 πέφυκεν
1232 705 1244 719 ·
1275 689 1409 738 οὕτω
1434 690 1523 739 xui
1562 689 1611 739 οἱ
1661 685 1877 760 ἐργάται

275 787 367 840 τῆς
399 776 636 849 ἀνομίας,
670 778 729 827 τὸ
760 771 898 827 ἴδιον
942 779 1100 827 κακόν
1143 773 1225 827 ἐπὶ
1255 777 1449 837 πάντας
1474 777 1618 847 οἴγειν
1659 776 1876 848 φιλονει-

278 874 456 936 κοῦσι,
487 863 706 925 πολλούς
736 863 939 924 ἑαυτοῖς
972 863 1372 938 παραπλησίους
1420 867 1657 936 γενέσθαι
1681 865 1879 937 φιλοτι-

281 960 552 1027 μούμενοι,
594 954 677 1006 ἵνα
706 951 754 1005 ἐν
779 960 840 1023 τῇ
866 956 1111 1024 κοινωνίᾳ
1134 960 1231 1004 τῶν
1260 960 1430 1004 κακῶν
1459 949 1783 1026 ὃιοφεύγωσι
1812 958 1879 1008 τα

277 1041 453 1102 ὀνείδη
487 1064 500 1077 ο
534 1048 623 1095 xui
663 1041 807 1102 ἀλλος
836 1041 969 1112 άλλῳ
1001 1049 1097 1104 τῆς
1132 1045 1287 1095 νόσου
1326 1039 1717 1115 μεταδιδόντες,
1751 1064 1875 1096 συν-

276 1142 521 1187 νοσοῦσιν
562 1130 795 1192 ἀλλήλοις
833 1135 922 1183 καὶ
961 1130 1392 1186 συναπόλλυνται.
1434 1132 1566 1185 Οὔτε
1604 1136 1705 1207 γὰρ
1746 1142 1872 1208 πῦρ,

280 1223 712 1294 εὖκαταπρήστου
752 1219 876 1280 ὕλης
914 1219 1196 1292 ἁψάμενον,
1239 1216 1460 1273 δυνατὸν
1500 1227 1570 1295 μὴ
1606 1222 1732 1293 οὐχὶ
1789 1222 1870 1275 ἐπὶ

276 1318 455 1365 πᾶσαν
486 1312 641 1369 αὐτὴν
672 1306 941 1375 διαϐῆναι,
984 1309 1148 1373 ulla);
1172 1329 1224 1363 τε
1248 1309 1343 1361 κᾶν
1374 1309 1595 1384 ἐπιτύχῃ
1648 1315 1869 1383 πνεύμα-

276 1420 360 1462 τος
386 1400 626 1474 ἐπιφόρου
655 1404 749 1458 τήν
777 1398 943 1471 φλόγα
964 1394 1367 1471 ὃιακομίζοντος
1392 1416 1405 1430 ³
1438 1404 1555 1452 οὔτε
1580 1405 1673 1458 τὴν
1704 1400 1866 1474 ὁμαρ-

272 1495 410 1557 τίαν,
463 1489 571 1551 ἑνὸς
610 1488 901 1561 ἁψαμένην,
940 1491 1012 1560 μὴ
1073 1486 1201 1559 ούχὶ
1238 1490 1435 1549 πάντας
1474 1509 1593 1551 τους
1636 1489 1867 1560 £77K!»-

269 1599 362 1642 τας
405 1576 646 1650 διελθεῖν,
708 1578 1023 1642 ἐξαπτόντων
1080 1577 1243 1635 αὐτὴν
1299 1587 1398 1630 τῶν
1437 1580 1739 1651 πνευμάτων
1778 1588 1869 1640 τῆς

268 1674 541 1742 πονηρίας.
1926 1724 1931 1727 λ

344 1880 399 1933 9.
442 1876 506 1927 Ai
550 1876 643 1947 μὲν
680 1876 779 1949 γὰρ
821 1871 913 1926 διὰ
954 1880 1049 1926 τοῦ
1089 1877 1331 1947 σώματος
1368 1876 1577 1948 πράξεις
1607 1880 1695 1928 καὶ
1734 1878 1866 1950 χρό-

273 1985 361 2018 νου
404 1961 633 2032 δέονται,
672 1968 762 2015 καὶ
801 1962 1091 2036 εὐκαιρίας,
1132 1969 1221 2016 καὶ
1260 1967 1522 2035 καμάτων,
1566 1969 1654 2017 καὶ
1695 1983 1871 2037 συνερ-

272 2063 398 2126 γῶν,
442 2058 529 2106 xui
567 2062 661 2115 τῆς
726 2052 907 2113 λοιπῆς
959 2057 1245 2126 χορηγίας.
1301 2055 1362 2107 Αἱ
1404 2051 1463 2106 δὲ
1500 2061 1594 2115 τῆς
1635 2049 1871 2115 διανοίας

272 2148 506 2204 κινήσεις
558 2141 793 2217 ἁχρὸνως
853 2142 1195 2214 ἐνεργούνται,
1252 2142 1461 2205 ἀκόπως
1499 2142 1868 2210 ἐπιτελοῦνται,

273 2233 719 2308 ἀπραγματεύτως
760 2236 1121 2300 συνίστανται,
1156 2235 1321 2285 πάντα
1358 2235 1537 2304 καιρόν
1577 2228 1871 2291 ἐπιτήδειον

273 2326 493 2394 ἔχουσι.
537 2328 635 2376 Καί
665 2324 764 2375 πού
786 2341 867 2384 τις
892 2329 990 2373 τῶν
1045 2320 1279 2395 σοϐαρῶν
1305 2326 1394 2373 xui
1432 2325 1871 2395 κατοφρυωμένων

276 2414 357 2465 ἐπὶ
399 2418 698 2485 σεμνότητι,
754 2412 973 2483 πλάσμα
1031 2414 1369 2486 σωφροσύνης
1422 2412 1603 2474 ἔξωθεν
1643 2417 1870 2485 περικεί-

274 2521 437 2574 μενος,
482 2500 530 2553 ἐν
569 2506 750 2573 μέσοις
788 2501 1127 2573 καθεζόμενος
1170 2500 1413 2562 πολλάκις
1452 2508 1558 2562 τοῖς
1600 2500 1673 2553 ἐπ’
1716 2501 1867 2574 ἀρετῇ

274 2592 431 2643 αὐτόν
471 2592 877 2664 μακαρίζουσιν,
920 2586 1189 2665 ἀπέδραμε
1240 2597 1301 2660 τῇ
1354 2585 1562 2660 διανοίᾳ
1616 2592 1746 2663 πρὸς
1785 2594 1870 2641 τὸν

276 2690 371 2742 τῆς
409 2681 665 2753 ἁμαρτίας
728 2684 882 2731 τόπον
1060 2680 1106 2731 ἐν
1161 2686 1231 2747 τῷ
1291 2678 1471 2751 ἀφανεῖ
1515 2686 1608 2739 τῆς
1646 2675 1869 2753 καρδίας

273 2774 546 2841 κινήματι.
586 2764 708 2820 EH:
774 2776 835 2840 τῇ
880 2772 1139 2840 φαντασίᾳ
1192 2770 1256 2818 τὰ
1296 2763 1717 2837 σπουδαζόμενα,
1763 2768 1871 2821 ἀνε-

275 2862 555 2910 τυπωσατὸ
594 2876 711 2909 τινα
748 2857 952 2929 ὁμιλίαν
992 2856 1084 2908 ούκ
1126 2856 1373 2931 εὐπρεπῆ,
1414 2861 1501 2907 καὶ
1543 2856 1671 2916 ὅλως
1712 2855 1759 2908 ἐν
1799 2864 1871 2925 τῷ

274 2954 477 3020 κρυφίῳ
516 2955 606 3007 τῆς
640 2943 864 3020 καρδίας
905 2946 1237 3019 ἐργαστηρίῳ
1285 2945 1470 3017 ἐναργῆ
1525 2950 1618 3002 τὴν
1676 2942 1872 3003 ἡδονὴν

274 3039 445 3107 ἐαυτῷ
504 3038 874 3111 ζωγραφήσας,
934 3036 1231 3110 ἀμάρτυρον
1297 3038 1398 3086 ἔσω
1459 3039 1552 3093 τὴν
1615 3036 1871 3107 ἁμαρτίαν

273 3128 577 3199 εἰργάσατο.
644 3130 715 3180 Τὸ
771 3128 873 3201 γὰρ
938 3125 1177 3178 πλεῖστον
1238 3132 1333 3186 τῆς
1400 3124 1654 3197 ἁμαρτίας
1721 3126 1768 3177 ἐν
1807 3133 1868 3197 τῇ
1902 3115 1941 3172 C

272 3217 410 3287 ὁρμῇ
472 3215 762 3289 πληροῦται
823 3223 885 3288 τῇ
952 3216 1083 3266 κατὰ
1138 3215 1386 3286 πρόθεσιν
1433 3234 1445 3246 ·
1486 3209 1625 3265 διότι
1694 3214 1747 3264 αὶ
1785 3218 1874 3285 μὲν

272 3312 368 3357 τοῦ
411 3310 643 3375 σώματος
702 3304 918 3377 πράξεις
968 3304 1067 3355 ύπὸ
1128 3301 1324 3354 πολλῶν
1390 3298 1777 3371 ὃιακόπτονται,
1850 3304 1876 3355 ὁ

275 3392 339 3446 δὲ
376 3396 508 3445 κατὰ
545 3395 791 3466 πρόθεσιν
849 3392 1155 3465 ἁμαρτάνων
1218 3399 1290 3460 τῷ
1345 3392 1502 3461 τάχει
1540 3398 1638 3441 τῶν
1678 3394 1875 3463 νοημά-

277 3503 379 3535 των
418 3483 933 3558 συναπαρτιζομένην
975 3485 1085 3554 ἔχει
1123 3485 1218 3538 τήν
1259 3480 1538 3553 ἁμαρτίαν,
1578 3479 1661 3542 ’ος
1700 3483 1801 3556 γὰρ
1844 3484 1871 3539 ἡ

279 3576 404 3625 σκιά
441 3581 513 3642 τῷ
582 3579 805 3645 σώματι,
871 3572 1006 3623 οὕτω
1070 3578 1186 3631 ταῖς
1243 3569 1449 3641 ψυχαῖς
1512 3572 1566 3621 αἱ
1623 3570 1876 3643 ἁμαρτίαι

276 3668 613 3737 παρέπονται,
694 3662 923 3735 ἐναργεῖς
997 3663 1085 3719 τας
1160 3660 1369 3733 πράξεις
1447 3658 1871 3721 ἐξεικονίξουσαι,

270 3752 455 3804 Τελεία
492 3753 582 3822 μεν
621 3747 708 3802 οὖν
766 3754 942 3818 κακία,
1002 3754 1057 3801 τό
1106 3753 1195 3799 καὶ
1254 3755 1429 3820 γνώμη
1490 3753 1578 3799 xui
1628 3749 1875 3820 πράξεσιν

274 3841 588 3911 ἁμαρτάνειν
624 3862 634 3872 -
671 3841 837 3911 ἣμισυ
879 3835 937 3890 δὲ
976 3846 1066 3889 του
1106 3845 1289 3906 κακοῦ,
1333 3836 1414 3888 ἐπὶ
1455 3845 1546 3899 τῆς
1587 3840 1752 3911 ὁρμῆς
1783 3846 1874 3899 τῆς

272 3932 413 3982 κατὰ
452 3926 687 3981 διάνοιαν
730 3935 916 3985 στῆναι
954 3932 1047 3985 τὴν
1106 3926 1389 3999 ἁμαρτίαν.
1449 3927 1523 3978 υύ
1582 3929 1745 3984 πάντη
1789 3924 1876 3979 οὖν

272 4018 604 4089 ἀτιμώρητος
642 4018 668 4068 ὁ
707 4018 842 4068 κατὰ
886 4012 1122 4067 διάνοιαν
1180 4015 1489 4090 ἁμαρτάνων
1532 4036 1543 4048 υ
1587 4014 1695 4065 ἀλλ’
1756 4018 1875 4068 ὅσον

271 4107 493 4159 ἐλλείπει
529 4114 619 4159 τοῦ
656 4112 840 4172 κακοῦ,
900 4112 1146 4157 τοσοῦτον
1187 4104 1327 4175 αύτῴ
1374 4112 1473 4155 τῶν
1511 4109 1679 4155 πόνων
1719 4106 1875 4176 om-

269 4198 576 4271 ρεθησεται.
616 4198 714 4248 Τὸν
780 4198 951 4255 μέντοι
1011 4190 1416 4267 παραδεχθέντα
1474 4193 1545 4254 εἰς
1594 4197 1688 4251 τὴν
1728 4191 1876 4246 αδελ-

272 4291 501 4360 φότητα,
564 4282 674 4337 εἶτα
739 4288 833 4342 τὴν
872 4283 1153 4355 ὁμολογίαν
1194 4282 1538 4353 ἀθετήσαντα,
1590 4284 1725 4336 οὕτω
1764 4289 1871 4357 χρὴ

270 4377 524 4448 ὁρᾶσθαι,
564 4376 628 4434 ὡς
691 4373 763 4434 εἰς
828 4376 956 4426 Θεὸν
997 4371 1370 4446 ἐξαμαρτόντα,
1432 4371 1507 4443 ἐφ’
1546 4371 1624 4442 οὗ,
1678 4378 1769 4424 καὶ
1807 4372 1876 4434 εἰς

1985 512 2080 564 tus
2109 511 2259 577 est“,
2292 515 2348 567 et
2376 514 2554 570 Israel
2584 530 2797 587 poenas
2829 516 3013 573 dedit.
3054 521 3132 590 (2)
3181 523 3262 576 Ac
3300 522 3367 577 ut
3412 523 3619 595 pestis,

1983 596 2088 653 ubi
2120 614 2308 655 unum
2346 600 2677 673 hominem,
2710 610 2812 661 aut
2826 606 3168 677 jumentum
3190 610 3399 682 attigit,
3424 615 3628 669 conta-

1987 688 2084 756 gio
2120 688 2178 743 in
2218 690 2524 760 proximos
2582 709 2855 766 quosque
2900 712 3137 768 serpere
3188 698 3338 756 solet
3380 716 3392 755 :
3441 700 3528 756 sic
3570 705 3627 758 et

1986 774 2318 848 iniquitatis
2358 781 2616 851 operarii
2662 783 2976 855 prOprium
3029 786 3259 843 malum
3304 787 3366 842 in
3412 803 3627 845 omnes

1987 866 2405 923 transfundere
2458 877 2770 942 conantur,
2830 873 3176 947 multosque
3240 877 3351 933 sibi
3408 877 3633 934 similes

1986 953 2115 1010 ﬁeri
2152 971 2522 1030 magnopere
2562 960 2827 1033 cupiunt,
2871 966 2935 1019 ut
2992 962 3053 1018 in
3110 964 3391 1021 vitiorum
3450 968 3635 1023 socie-

1987 1048 2103 1102 tate
2140 1045 2452 1104 infamiam
2493 1050 2673 1106 vitent
2706 1068 2718 1116 ;
2756 1054 2939 1123 atque
2966 1052 3114 1109 alter
3143 1053 3310 1110 alteri
3348 1055 3631 1112 morbum

1985 1134 2411 1207 impertientes,
2454 1142 2747 1207 aegrotant
2771 1138 2970 1207 simul,
3006 1141 3307 1215 simulque
3344 1148 3622 1215 pereunt.

1984 1226 2131 1281 Nam
2171 1242 2367 1298 neque
2393 1225 2569 1296 ignis,
2590 1228 2905 1284 materiam
2938 1231 3335 1303 suscipiendae
3366 1232 3628 1287 ﬂammte

1979 1313 2265 1371 idoneam
2295 1319 2528 1386 nactus,
2567 1316 2831 1373 cohiberi
2870 1321 3083 1389 potest,
3128 1321 3456 1392 quominus
3495 1322 3626 1376 uni-

1976 1419 2217 1459 versam
2269 1404 2579 1476 pervadat,
2631 1405 2916 1473 maxime,
2963 1408 3011 1461 si
3049 1407 3376 1465 vehemens
3414 1414 3625 1466 ventus

1977 1492 2289 1550 ﬂammam
2328 1494 2650 1567 pervehat:
2695 1510 2891 1566 neque
2917 1495 3043 1552 ﬁeri
3082 1502 3294 1569 potest,
3321 1502 3385 1553 ut
3414 1513 3623 1569 pecca-

1978 1586 2125 1649 tum,
2168 1584 2336 1656 quod
2384 1599 2574 1639 unum
2631 1582 2896 1656 aliquem
2946 1586 3223 1655 attigerit,
3272 1586 3353 1642 ad
3409 1602 3622 1643 omnes

1977 1671 2207 1729 vicinos
2246 1688 2371 1730 non
2410 1677 2697 1741 transeat,
2749 1672 2802 1729 si
2856 1675 3138 1747 nequitiae
3196 1674 3436 1748 spiritus
3473 1674 3623 1731 illud

1978 1761 2331 1819 accendant.

2049 1880 2101 1932 9.
2135 1878 2211 1947 (3)
2245 1877 2473 1933 Etenim
2504 1892 2807 1950 corporeae
2846 1878 3113 1935 actiones
3151 1882 3209 1935 et
3246 1882 3511 1951 tempore
3540 1878 3628 1934 in-

1978 1965 2203 2037 digent,
2235 1970 2292 2021 et
2312 1967 2778 2038 opportunitate,
2814 1972 2870 2023 et
2898 1967 3127 2039 labore,
3147 1971 3205 2024 et
3228 1967 3623 2039 adjutoribus,

1980 2055 2240 2128 denique
2271 2056 2501 2128 reliquo
2523 2060 2885 2112 commeatu.
2902 2059 2942 2112 E
2963 2056 3217 2119 diverso,
3251 2057 3628 2126 cogitationis

1980 2151 2181 2202 motus
2222 2146 2369 2201 citra
2408 2145 2696 2217 temporis
2739 2162 2974 2201 moram
3025 2145 3199 2214 ﬁunt,
3240 2143 3630 2217 perficiuntur

1982 2234 2127 2291 citra
2164 2234 2601 2305 lassitudinem,
2646 2234 2792 2290 citra
2828 2235 3137 2305 negotium
3185 2234 3372 2289 ullum
3427 2231 3627 2288 consi-

1981 2328 2161 2389 stunt,
2222 2324 2511 2380 idoneum
2548 2324 2698 2396 ipsis
2738 2328 2829 2380 est
2876 2328 3112 2395 tempus
3150 2338 3349 2379 omne.
3392 2324 3457 2377 Et
3483 2318 3643 2375 sane

1981 2429 2424 2486 nonnunquam
2474 2414 2774 2470 invenitur
2825 2414 2930 2486 qui
2969 2428 3261 2485 arrogans
3298 2412 3391 2482 sit,
3418 2426 3625 2483 super-

1979 2504 2225 2576 biatque
2252 2505 2321 2559 de
2349 2505 2639 2572 gravitate
2665 2510 2721 2559 et
2750 2504 3041 2568 castitate,
3068 2504 3294 2576 quique
3340 2502 3623 2557 extrinse-

1981 2610 2085 2648 cus
2117 2608 2239 2665 prae
2272 2609 2335 2648 se
2359 2593 2553 2648 ferens
2576 2592 3253 2664 temperantiaelarvam,
3276 2607 3344 2646 ac
3366 2590 3626 2662 plerum-

1980 2699 2098 2755 que
2123 2684 2276 2738 inter
2305 2698 2428 2745 eos,
2451 2683 2555 2754 qui
2586 2682 2787 2753 ipsum
2807 2681 2885 2736 ob
2906 2681 3184 2736 virtutem
3209 2680 3456 2735 beatum
3477 2694 3623 2750 prie-

1981 2772 2205 2840 dicant,
2239 2771 2517 2827 desidens
2564 2770 2819 2835 medius,
2854 2784 2992 2824 mox
3036 2773 3238 2825 tamen
3270 2768 3624 2838 cogitatione

1983 2876 2089 2932 per
2118 2859 2418 2915 occultum
2449 2858 2645 2914 cordis
2672 2863 2904 2914 motum
2926 2856 3005 2913 ad
3036 2857 3265 2928 peccati
3296 2857 3493 2911 locum
3526 2870 3629 2909 ac-
3674 2906 3681 2909 _

1989 2952 2204 3005 currat.
2227 2949 2399 3004 V'idet
2425 2949 2627 3005 animo
2644 2947 2983 3018 concupita,
2999 2943 3472 3001 comminiscitur
3492 2958 3630 2997 eon-

1989 3055 2264 3109 gressum
2311 3038 2662 3110 quempiam
2707 3036 3079 3103 indecorum,
3125 3050 3195 3089 ac
3252 3031 3511 3103 denique
3571 3032 3629 3085 in

1989 3127 2195 3183 abdita
2227 3126 2426 3182 cordis
2459 3125 2718 3191 ofﬁcina,
2744 3124 2969 3180 claram
2996 3123 3053 3178 in
3082 3122 3277 3193 seipse
3310 3119 3632 3191 voluptatis

1988 3217 2249 3288 speciem
2280 3215 2641 3287 depingens,
2673 3214 2831 3269 intus
2861 3217 3177 3284 peccatum
3227 3210 3353 3265 sine
3387 3207 3631 3263 testibus

1985 3304 2548 3379 perpetrat.Peeeati
2580 3303 2739 3359 enim
2760 3301 3027 3357 maxima
3055 3316 3195 3372 pars
3217 3300 3277 3354 in
3308 3296 3628 3353 voluntatis

1985 3396 2351 3469 appetitione
2390 3394 2756 3459 absolvitur;
2805 3394 3090 3463 proptera
3144 3388 3310 3461 quod
3364 3386 3630 3458 corporis

1985 3486 2249 3543 actiones
2280 3500 2315 3540 a
2350 3484 2518 3555 511
2575 3482 2775 3538 multis
2820 3479 3309 3552 interpellantur:
3351 3478 3455 3550 qui
3484 3493 3624 3532 vero

1983 3579 2192 3647 peccat
2211 3573 2537 3635 voluntate,
2568 3571 2766 3627 statim
2798 3569 2969 3626 celeri
2992 3568 3426 3637 cogitationum
3456 3571 3624 3621 motu

1983 3668 2296 3738 peccatum
2330 3663 2602 3735 explevit.
2627 3665 2702 3727 (4)
2738 3664 2805 3715 [It
2832 3661 2990 3715 enim
3023 3658 3239 3713 umbra
3268 3671 3509 3726 corpus,
3544 3654 3624 3708 sic

1984 3760 2233 3829 peccata
2254 3755 2491 3809 animas
2530 3753 2911 3817 comitantur,
2944 3752 3249 3818 gestorum
3298 3744 3622 3813 imaginem

1987 3844 2211 3900 claram
2244 3839 2655 3915 exprimentia.
2688 3840 2765 3909 (ὅ)
2789 3842 2889 3893 Est
2913 3839 3071 3893 enim
3095 3836 3357 3907 perfecta
3378 3831 3623 3897 malitia,

1988 3947 2124 3986 eum
2151 3931 2289 4003 quis
2321 3934 2376 3986 et
2401 3929 2705 3984 voluntate
2726 3929 3005 4000 peccatet
3028 3925 3199 3981 factis
3225 3942 3236 3978 :
3263 3920 3513 3977 dimidia
3535 3934 3629 3974 ve-

1986 4036 2052 4076 ro
2083 4020 2226 4076 mali
2246 4035 2387 4090 pars
2413 4022 2520 4089 est,
2538 4034 2675 4072 cum
2701 4021 3013 4088 peccatum
3035 4014 3095 4069 in
3117 4011 3301 4068 animi
3324 4008 3629 4083 proposito

1987 4116 2209 4167 manet.
2243 4110 2448 4182 Itaque
2475 4109 2577 4181 qui
2611 4106 2967 4177 cogitatione
2988 4107 3217 4176 peccat,
3239 4115 3363 4156 non
3383 4098 3632 4154 omnino

1985 4217 2377 4258 remansnrns
2409 4204 2497 4255 est
2529 4197 2785 4252 inultus:
2838 4194 2942 4250 sed
2992 4196 3287 4265 quantum
3342 4188 3545 4243 deﬁcit
3599 4202 3635 4242 a

1988 4291 2171 4357 malo,
2210 4295 2444 4347 tantum
2477 4289 2527 4344 ei
2558 4301 2881 4360 pmnarum
2918 4284 3273 4339 remittetur.
3306 4282 3384 4344 (6)
3425 4277 3633 4348 Utique

1986 4378 2204 4436 horum
2244 4379 2682 4451 unusquisque,
2714 4374 2817 4448 qui
2867 4374 3019 4429 inter
3071 4371 3280 4425 fratres
3329 4364 3633 4451 admissus

271 4467 336 4518 ὃν
373 4469 466 4523 τὴν
505 4463 781 4536 ὁμολογίαν
819 4470 918 4514 τῶν
960 4462 1230 4519 συνθηκῶν
1268 4461 1526 4514 κατέθετο.
1556 4461 1673 4513 Ἐὰν
1707 4457 1767 4513 δε
1805 4462 1875 4524 εἰς

1989 4468 2180 4529 fuerit,
2213 4473 2542 4540 posteaque
2599 4463 3035 4537 professionem
3090 4471 3267 4511 suam
3304 4450 3631 4540 resciderit,

272 4556 411 4607 Θεὸν
468 4553 751 4627 ἁμαρτήσῃ
791 4571 887 4616 τις,
929 4555 1078 4623 φησὶ,
1122 4554 1211 4602 καὶ
1248 4554 1330 4611 τίς
1367 4550 1708 4622 προσεύξεται
1760 4556 1877 4624 περὶ

270 4641 443 4697 αὐτοῦ
484 4658 497 4708 ;
555 4640 613 4694 Ὀ
667 4644 768 4713 γὰρ
828 4640 1031 4711 ἀναθεὶς
1071 4638 1250 4691 ἑαυτὸν
1292 4646 1363 4708 τῷ
1403 4635 1537 4708 Θεῷ,
1601 4635 1711 4689 εἶτα
1749 4642 1878 4709 πρός

276 4730 438 4786 ἄλλον
508 4730 622 4804 βίον
690 4725 1064 4795 ἀποηδὰσας,
1140 4726 1401 4802 ἱερόσυλος
1460 4731 1680 4797 γέγονεν,
1722 4726 1879 4789 αὐτὸς

271 4822 463 4875 ἑαυτὸν
504 4818 812 4890 διακλέψας,
859 4822 949 4870 xui
1015 4816 1317 4890 ἀφελόμενος
1355 4816 1414 4867 τὸ
1454 4821 1545 4866 τοῦ
1585 4820 1718 4867 Θεοῦ
1760 4814 1878 4866 ανά-

273 4915 445 4982 θημα.
490 4911 581 4971 Οἷς
637 4908 847 4980 εὔλογόν
902 4906 1036 4972 ἐστι,
1078 4909 1263 4979 μηκέτι
1305 4905 1463 4979 θύραν
1501 4910 1601 4955 τῶν
1644 4899 1877 4975 ἀδελφῶν

271 5001 602 5071 ἀνοίγεσθαι,
635 4994 774 5071 μηδι
807 4997 850 5051 εἰ
879 4999 1014 5050 κατά
1043 4994 1202 5067 ψιλὴν
1232 4990 1465 5070 πάροδον
1499 4998 1690 5052 σκέπης
1718 4995 1876 5045 ἕνεκεν

272 5085 674 5159 ὶπιδημὸσιιεν.
706 5086 765 5139 Ὀ
794 5088 896 5159 γὰρ
943 5084 1293 5145 ἀποστολικὸς
1322 5086 1490 5136 κανὼν
1539 5085 1766 5156 φανερὸς,
1799 5102 1877 5136 κε·

350 5251 370 5285 ⁵
413 5250 586 5305 Num.
628 5262 759 5315 xxv,
793 5250 847 5303 6.
924 5247 945 5281 ⁵
987 5246 1005 5301 l
1047 5246 1188 5315 Reg.
1230 5259 1289 5313 ιι,
1322 5247 1411 5299 25.

327 5409 429 5497 '(t)
450 5412 636 5464 Τόπον.
667 5407 759 5465 Sic
781 5409 1097 5464 contextus
1126 5408 1184 5463 et
1200 5408 1449 5478 uterque
1471 5403 1680 5461 codex.
1702 5402 1874 5471 Editi,

285 5522 297 5535 .
321 5500 548 5625 high):
570 5550 736 5625 hom.
770 5552 832 5625 in
852 5552 1016 5625 psat.
1050 5566 1089 5625 ι,
1115 5553 1200 5605 96.

357 5618 437 5695 (3⁷)
470 5626 551 5680 Ex
570 5622 737 5681 hom.
766 5622 829 5680 in
847 5618 1015 5693 illud,
1042 5621 1302 5678 Attende
1334 5620 1443 5678 tibi
1468 5618 1606 5691 ipsi,
1641 5621 1725 5677 l7.

1987 4539 2233 4630 perinde
2265 4555 2453 4628 aspici
2482 4554 2678 4620 debet,
2710 4558 2773 4608 ut
2813 4551 2919 4625 qui
2948 4550 3009 4606 in
3054 4548 3239 4602 Deum
3271 4539 3627 4630 peccaverit,

1987 4628 2192 4703 coram
2222 4661 2364 4717 quo,
2394 4649 2451 4701 et
2477 4644 2536 4699 in
2562 4658 2685 4715 quo
2706 4645 3020 4713 pactorum
3052 4633 3495 4692 confessionem
3525 4628 3625 4684 de-

1987 4735 2205 4806 posuit.
2237 4734 2307 4791 Si
2328 4748 2486 4798 vero,
2515 4730 2805 4802 inquit,in
2835 4730 3022 4783 Deum
3048 4726 3177 4797 quis
3200 4720 3556 4792 peccaverit,
3574 4722 3630 4773 et

1987 4825 2119 4895 quis
2143 4821 2340 4877 orabit
2384 4835 2497 4890 pro
2537 4833 2599 4874 eo
2629 4820 2652 4854 δ
2682 4818 2709 4871 ?
2754 4816 2865 4882 Qui
2916 4814 3076 4871 enim
3116 4812 3381 4885 seipsum
3413 4806 3632 4864 dicavit

1991 4914 2130 4978 Deo,
2162 4907 2454 4966 etdeinde
2484 4906 2562 4962 ad
2584 4905 2746 4961 aliud
2780 4904 2911 4959 vitae
2937 4917 3127 4972 genus
3150 4900 3405 4967 transiit,
3438 4898 3632 4954 factus

1987 5004 2080 5057 est
2109 4997 2457 5067 sacrilegus,
2484 5010 2623 5052 cum
2654 4994 2784 5065 ipse
2815 4992 2909 5048 sui
2953 4992 3143 5064 ipsius
3174 4991 3267 5047 fur
3296 4986 3493 5055 fuerit,
3528 4984 3632 5039 do-

1988 5089 2350 5161 nariumque
2390 5086 2508 5143 Deo
2545 5084 2964 5141 consecratum
3017 5078 3344 5139 abstulerit.
3408 5072 3635 5142 Quibus

2061 5418 2138 5487 (4)
2172 5416 2253 5471 Ex
2282 5412 2446 5469 hom.
2486 5413 2549 5467 in
2574 5409 2812 5487 diuites,
2844 5410 2935 5487 δῷς

2059 5479 2136 5559 (Eii
2171 5488 2252 5541 Ex
2282 5486 2604 5559 comment.
2637 5483 2698 5559 in
2728 5480 2845 5559 Isa.
2880 5479 3009 5559 459..

2059 5546 2139 5632 {6)
2166 5560 2245 5614 Ex
2271 5557 2514 5627 [tegulis
2536 5553 2733 5622 fusius
2760 5546 3053 5616 tractam,
3082 5547 3207 5601 355.
