4068 6220
242 322 391 377 1213

1457 318 1685 375 SERMO
1720 319 1831 373 VII.
1862 347 1929 361 -ο
1962 320 2049 375 DE
2079 320 2411 379 PECCATO.

3464 330 3601 385 12M

239 448 278 504 ἦ
347 448 415 497 τὰ
479 444 535 497 ἐκ
592 451 685 496 τού
742 443 938 514 μισθοῦ
1007 440 1168 516 κέρδη
1204 440 1497 509 διωκοντες,
1535 442 1695 495 ἕνεκεν
1752 450 1845 503 τῆς

1966 447 2043 499 les
2069 443 2149 500 ob
2176 452 2440 503 nostram
2463 448 2729 521 ipsorum
2755 449 3061 507 utilitatem
3088 452 3380 508 mandata
3406 452 3603 525 exple-

244 537 445 586 ἕαυτῶν
496 532 734 604 ὡφελείας
784 531 1079 605 πληρούμεν
1137 534 1203 583 τὰ
1252 536 1697 604 προστεταγμένα,
1756 539 1845 584 καὶ

242 627 383 675 κατὰ
436 628 587 674 τούτο
626 625 1001 693 προσεοίκαμεν
1059 628 1163 681 τοίς
1220 622 1470 692 μισθίοις·
1510 621 1537 677 ἦ
1596 617 1667 673 δι’
1719 622 1843 673 αὐτὸ

246 718 309 765 τὸ
338 712 513 777 καλὸν,
554 715 639 763 καὶ
670 716 762 770 τὴν
792 716 921 784 πρὸς
953 714 1039 763 τὸν
1088 707 1359 762 δεδωκότα
1397 713 1522 781 ἡμῖν
1570 716 1656 763 τὸν
1693 716 1846 782 νόμον

251 802 485 872 ἀγάπην,
516 805 790 873 χαίροντες
846 801 926 851 ὁτι
955 800 1114 859 οὕτως
1172 796 1361 869 ἐνδοξῳ
1390 806 1479 851 καὶ
1524 799 1700 869 ἀγαθῴ
1731 808 1845 868 Θεῷ

253 887 515 943 δουλεύειν
545 888 972 959 κατηξιώθκμεν·
1015 893 1103 941 καὶ
1151 886 1302 959 ὶσμεν
1332 888 1494 948 οὕτως
1538 888 1585 940 ἐν
1636 897 1695 959 τῇ
1748 909 1845 940 των

255 981 379 1031 υἱῶν
424 974 680 1033 διαθέσει.
732 981 868 1029 Οὔτε
913 974 1001 1029 οὖν
1031 979 1058 1027 ὀ
1101 976 1149 1029 ἐν
1179 975 1317 1048 φοϐῳ
1348 978 1441 1037 τὰς
1484 977 1685 1036 ἐντολὰς
1732 997 1850 1030 κατ-

253 1070 441 1142 ορθῶν,
494 1074 584 1119 καὶ
634 1068 715 1119 ἀεὶ
779 1070 837 1118 τὸ
890 1074 984 1127 τῆς
1038 1068 1297 1139 ῥᾳθυμίας
1344 1065 1600 1137 ἐπιτίμιον
1654 1068 1848 1139 ὑφορω-

255 1176 427 1229 μενος,
480 1160 543 1208 τὰ
591 1160 681 1228 μεν
732 1162 946 1213 ποιήσει
992 1163 1092 1206 τῶν
1166 1162 1627 1229 προστεταγμένων
1686 1155 1846 1223 αύτῷ,

256 1250 323 1298 τὰ
376 1243 435 1299 δε
463 1246 771 1320 παροψεται·
815 1244 945 1297 ἀλλὰ
990 1250 1086 1301 τὴν
1138 1243 1217 1296 ἐπὶ
1270 1248 1411 1316 πάσῃ
1472 1254 1709 1317 παρακοῇ
1760 1244 1845 1296 ἐκ-

259 1332 480 1392 δίκησιν
527 1337 709 1405 ὁμοίως
766 1332 983 1407 φοϐερὰν
1041 1334 1206 1401 ἐαυτῷ
1247 1333 1589 1402 ύπολῂψεταιι
1623 1340 1712 1384 καὶ
1756 1330 1848 1384 διὰ

257 1432 412 1476 τοῦτο
474 1424 841 1497 μακαρίζεται,
905 1426 975 1483 ὡς
1034 1419 1186 1475 οὐδὲν
1246 1425 1545 1496 αἱρούμενος
1609 1420 1848 1496 παριδεῖν

252 1520 349 1564 τῶν
416 1509 635 1565 δεόντων
672 1515 969 1585 (Μακάριος
1011 1514 1133 1583 γὰρ,
1191 1517 1368 1582 φησιν,
1403 1511 1531 1584 ἀνὴρ
1586 1514 1611 1562 ό
1668 1511 1849 1582 99309-

247 1619 399 1671 μενος
447 1605 535 1652 τόν
604 1603 811 1675 Κύριον·
891 1596 987 1651 διὰ
1051 1604 1140 1663 τίς
1207 1601 1288 1650 ὅτι
1344 1598 1392 1650 ἐν
1458 1608 1574 1661 ταῖς
1629 1600 1849 1659 ἐντολαῖς

250 1688 414 1741 αὑτοῦ
489 1688 695 1746 θελήσει
764 1684 1012 1760 σφοδρα).
1080 1687 1218 1740 Ἀλλ’
1290 1684 1413 1740 οὐδε
1493 1691 1519 1741 ὁ
1586 1691 1849 1760 μισθωτὸς

252 1776 555 1850 παραϐῆναί
614 1796 666 1828 τι
731 1786 831 1828 τῶν
890 1773 1302 1848 διατεταγμένων
1368 1780 1666 1849 αἱρήσεται.
1735 1786 1850 1840 Πῶς

251 1872 355 1940 γαρ
402 1871 680 1938 κομίσεται
726 1870 813 1918 τὸν
855 1868 1049 1937 μισθὸν
1100 1875 1193 1927 τῆς
1242 1866 1515 1940 ίργασίας,
1558 1874 1628 1938 μή
1682 1869 1851 1920 πάντα

253 1956 540 2027 πληρώσας
596 1958 660 2007 τὰ
719 1960 1207 2027 συμπεφωνημίνα;
1272 1961 1371 2009 Καὶ
1434 1959 1537 2029 γὰρ
1588 1955 1672 2009 ἐὰν
1712 1960 1759 2008 ἓν
1799 1976 1850 2008 τι

251 2045 402 2115 λείπῃ
443 2052 543 2095 τῶν
575 2042 888 2114 ἀναγκαίων,
930 2045 1209 2117 ἄχρηστον
1260 2048 1347 2096 τὸν
1386 2048 1531 2118 ἔργον
1555 2054 1629 2115 τῷ
1657 2064 1848 2101 κεκτη-

250 2138 389 2204 μένῳ
419 2137 726 2189 κατέστησε.
781 2138 868 2193 Τίς
925 2129 1036 2199 οὖν,
1094 2136 1347 2204 μενούσης
1377 2135 1452 2201 (1)
1495 2136 1566 2185 ἔτι
1593 2142 1683 2195 τῆς
1716 2133 1850 2205 βλά-

250 2221 375 2285 ϐης,
422 2223 613 2293 μισθὸν
677 2220 912 2274 ὑποτελεῖ
968 2230 1042 2291 τῷ
1096 2218 1453 2287 ἀδικήσαντα
1508 2228 1692 2296 Τρίτον
1721 2220 1780 2280 ἦν
1818 2226 1847 2281 ὴ

249 2313 386 2364 κατὰ
444 2309 652 2382 ἀγάπην
705 2313 991 2382 ύπηρεσία.
1048 2316 1141 2371 Τίς
1181 2309 1270 2363 οὖν
1309 2316 1421 2373 υίὸς
1475 2316 1668 2364 σκοπὸν
1715 2315 1851 2382 ἔχων

250 2408 348 2458 τήν
386 2407 481 2452 τοῦ
537 2404 729 2471 πατρὸς
762 2400 1126 2472 εὐαρέστησιν,
1161 2400 1244 2452 ἐπὶ
1295 2408 1403 2459 τοῖς
1466 2401 1703 2472 μείζοσιν
1754 2402 1851 2452 αύ-

248 2496 340 2542 τον
389 2488 694 2562 εύφραίνων,
763 2497 863 2539 τῶν
908 2490 1234 2562 μικροτάτων
1274 2492 1431 2553 ἕνεκεν
1482 2490 1656 2542 λυπεῖν
1706 2498 1851 2561 αιρὴ-

252 2596 404 2631 σεται
434 2594 447 2643 ;
498 2581 563 2628 Oi
612 2582 781 2629 τοίνυν
827 2579 919 2639 τὰς
949 2577 1191 2637 πλείστας
1221 2586 1319 2629 τῶν
1351 2576 1558 2630 ἕντολὼν
1588 2577 1852 2651 παραϐαί-

250 2685 440 2729 νοντες,
480 2667 527 2719 ἄν
578 2673 708 2737 ποίῳ
757 2672 897 2739 μίρει
946 2668 1204 2738 τετάχθαι
1262 2665 1577 2738 ﬁcii/avrai;
1618 2674 1749 2738 μήτε
1792 2671 1855 2728 ὡς

254 2762 423 2828 Πατρὶ
475 2758 845 2828 ύπηρετούντες
901 2760 971 2825 τῷ
1026 2761 1151 2825 Θεῷ.
1210 2762 1342 2826 μήτε
1382 2758 1449 2815 ὡς
1515 2756 1715 2827 μεγάλα
1765 2756 1853 2807 ἐπ·

253 2845 611 2917 αγγελλομίνῳ
698 2848 1011 2917 πειθομενοι,
1083 2852 1215 2917 μήτε
1281 2846 1343 2905 ὡς
1420 2854 1652 2918 Δεσποτῃ
1724 2842 1854 2897 δου-

252 2936 502 2995 λεύοντες.
1127 2941 1138 2954 ⁸

334 3025 419 3077 12.
463 3030 574 3085 Πῶς
598 3020 656 3075 δι
690 3027 773 3074 τὸν
808 3024 925 3075 καθ’
980 3020 1173 3080 ἡδονὴν
1220 3023 1339 3094 βίον
1384 3032 1471 3076 τοῦ
1504 3025 1617 3076 κατ’
1649 3024 1856 3081 ἐντολὴν

1958 546 2114 593 mus,
2145 538 2198 588 et
2222 534 2337 589 hoc
2365 542 2542 607 pacto
2574 538 2958 594 mercenariis
3011 538 3307 595 efﬁcimur
3337 540 3598 603 similes;

1954 627 2058 678 aut
2077 622 2156 679 ob
2185 624 2384 695 ipsum
2415 627 2760 695 honestum,
2790 634 2847 683 et
2877 643 3147 685 amorem
3171 629 3327 685 illius
3374 631 3479 703 qui
3522 630 3602 686 leo

1954 724 2088 779 gem
2121 712 2297 767 nobis
2322 713 2501 784 dedit,
2534 718 2863 783 gaudentes
2883 715 3049 783 quod
3075 717 3240 787 digni
3276 718 3466 773 simus
3488 718 3601 775 hac

1955 799 2081 862 biti,
2108 801 2212 872 qui
2242 807 2364 857 tam
2394 802 2655 871 glorioso
2684 819 2754 860 ac
2785 804 2948 860 bono
2980 808 3099 861 Deo
3136 807 3505 865 serviamus:
3548 812 3604 862 et

1954 888 2034 944 ita
2058 888 2307 945 demum
2336 897 2395 946 ut
2416 891 2520 947 lilii
2546 891 2861 948 efﬁcimur.
2886 896 3088 966 Neque
3128 895 3307 964 igitur
3335 896 3384 951 is
3412 897 3515 969 qui
3542 896 3600 953 in

1956 978 2163 1033 timore
2193 979 2424 1049 perﬁcit
2456 981 2763 1048 mandata,
2796 997 3152 1055 semperque
3199 984 3447 1040 desidiae
3482 1002 3605 1057 poe-

1956 1081 2097 1121 nam
2130 1074 2384 1134 veretur,
2415 1068 2533 1125 alia
2558 1069 2807 1141 quidem
2837 1085 2973 1143 quas
3000 1071 3111 1127 sibi
3142 1077 3443 1145 praecepta
3486 1075 3605 1129 tue-

1957 1156 2091 1219 rint,
2142 1162 2519 1227 exsequetur,
2555 1158 2672 1214 alia
2729 1173 2869 1215 vero
2917 1160 3218 1230 negliget:
3260 1160 3366 1217 sed
3409 1163 3609 1219 omnis

1956 1244 2377 1300 inobedientire
2426 1247 2749 1304 vindictam
2779 1249 2889 1304 sibi
2921 1265 2993 1305 ex
3016 1265 3193 1322 isquo
3219 1250 3606 1307 metuendam

1956 1333 2377 1404 suspicabitur.
2405 1338 2469 1391 Et
2496 1336 2718 1393 idcirco
2740 1338 2952 1394 beatus
2973 1338 3334 1408 praedicatur
3363 1341 3470 1412 qui
3502 1342 3607 1395 sci-

1956 1422 2088 1477 licet
2116 1421 2261 1476 nihil
2287 1438 2496 1478 eorum
2523 1440 2660 1496 quae
2686 1426 2763 1481 ad
2786 1427 3052 1483 ofﬁcium
3081 1426 3436 1497 pertineant,
3460 1444 3569 1499 pra
3586 1458 3609 1470 -

1956 1511 2276 1566 termittere
2303 1511 2455 1567 velit.
2489 1514 2699 1570 Beatus
2729 1517 2883 1571 enim
2916 1518 3029 1577 vir,
3060 1516 3161 1584 ait,
3185 1518 3292 1587 qui
3310 1522 3474 1572 timet
3496 1518 3607 1571 Do-

1956 1601 2183 1655 minum
2220 1602 2287 1653 ¹¹.
2331 1603 2523 1665 Quam
2556 1602 2638 1658 ob
2677 1619 2925 1660 causam
2958 1604 2985 1658 ?
3024 1606 3165 1675 quia
3197 1606 3259 1660 in
3303 1605 3606 1661 mandatis

1957 1690 2085 1757 ejus
2118 1690 2269 1744 votet
2308 1692 2577 1747 nimis”.
2620 1692 2734 1747 Sed
2782 1707 2979 1765 neque
3026 1694 3433 1750 mercenarius
3478 1693 3609 1766 qui-

1892 1786 1930 1841 Β
1958 1782 2096 1831 dem
2127 1777 2465 1849 quidquam
2507 1795 2718 1835 eorum
2742 1796 2881 1853 quae
2932 1782 3281 1853 praescripta
3320 1782 3459 1850 sint,
3488 1783 3606 1838 vio-

1959 1866 2081 1921 lare
2109 1866 2279 1922 volet.
2310 1869 2629 1933 Quomodo
2658 1871 2819 1925 enim
2844 1885 3041 1943 operae
3088 1870 3427 1927 mercedem
3458 1870 3606 1927 refe-

1957 1958 2064 2021 ret,
2088 1955 2136 2010 si
2165 1960 2339 2025 pacta
2359 1957 2566 2013 omnia
2608 1972 2730 2014 non
2768 1959 3142 2015 servaverit?
3177 1960 3402 2015 Etenim
3434 1959 3483 2015 si
3513 1958 3608 2014 vel

1958 2058 2148 2099 unum
2179 2058 2249 2099 ex
2279 2045 2350 2099 iis
2390 2060 2526 2117 quin
2567 2048 2910 2103 necessaria
2957 2048 3270 2110 extiterint,
3331 2046 3602 2111 defuerit,

1958 2131 2163 2187 inutile
2213 2147 2369 2204 opus
2421 2136 2760 2205 possessori
2821 2136 3102 2192 reddidit.
3162 2136 3377 2207 Ecquis
3405 2135 3603 2203 igitur,

1959 2226 2239 2276 manente
2259 2221 2635 2290 detrimento,
2666 2224 3003 2281 mercedem
3031 2225 3334 2296 persolvat
3374 2223 3607 2295 injurias

1960 2309 2184 2364 actori?
2212 2309 2468 2365 Tertium
2525 2313 2926 2368 ministerium
2978 2318 3105 2369 erat
3134 2312 3214 2368 ob
3257 2312 3607 2368 charitatem

1962 2398 2384 2468 prmstitutum.
2418 2400 2555 2465 Quis
2578 2400 2755 2471 igitur
2783 2401 2962 2470 ﬁlius,
2992 2416 3132 2457 cum
3164 2401 3217 2456 ei
3253 2414 3477 2472 scapus
3514 2399 3607 2466 sit,

1963 2492 2025 2541 ut
2068 2487 2443 2558 complaceat
2488 2490 2664 2561 patri,
2697 2491 2897 2562 ipsum
2928 2492 2991 2546 in
3047 2490 3230 2547 rebus
3277 2489 3614 2561 majoribus

1962 2574 2164 2631 laetitia
2192 2575 2480 2639 afficiens,
2514 2578 2808 2635 tristitiam
2831 2579 2911 2635 ob
2940 2592 3036 2634 res
3066 2578 3298 2635 minimi
3321 2578 3612 2635 momenti

1964 2664 2176 2719 atierre
2195 2665 2396 2721 volet?
2418 2667 2525 2731 Qui
2544 2667 2724 2736 igitur
2752 2671 3085 2725 maximam
3108 2669 3337 2725 violant
3362 2667 3611 2724 manda-

1968 2759 2163 2807 torum
2196 2757 2446 2825 partem,
2478 2770 2600 2825 quo
2631 2756 2691 2811 in
2712 2772 2968 2813 numero
3006 2757 3283 2813 collocari
3317 2755 3615 2829 cupiunt?

1966 2857 2103 2896 cum
2125 2857 2321 2912 neque
2342 2847 2402 2898 ut
2418 2844 2570 2899 Patri
2591 2843 3004 2918 obsequantur
3027 2848 3167 2910 Deo,
3188 2860 3383 2916 neque
3405 2848 3467 2900 ut
3486 2858 3613 2900 ma-

1968 2944 2088 2998 gna
2114 2930 2412 3001 pollicenti
2444 2937 2712 3004 pareant,
2737 2948 2933 3005 neque
2955 2939 3019 2989 ut
3042 2933 3297 2988 Domino
3330 2931 3607 2988 serviant.

2046 3023 2127 3072 r2.
2156 3020 2473 3085 Quomodo
2488 3022 2533 3076 si
2547 3022 2729 3078 vitam
2744 3022 3141 3094 voluptariam
3160 3022 3289 3077 vitae
3300 3035 3437 3092 quae
3445 3020 3613 3090 juxta

251 3117 692 3182 προτιμήσαντες,
741 3112 881 3172 ζωῆς
923 3120 1305 3183 μακαριότητα,
1366 3119 1453 3165 καὶ
1512 3113 1853 3165 ἰσοπολιτείαν

1971 3106 2261 3164 mandata
2272 3108 2524 3177 degitur,
2539 3116 2997 3184 anteponamus,
3014 3111 3147 3166 vitae
3159 3108 3583 3166 beatitudinem
3596 3151 3611 3174 ,

251 3210 359 3253 τῶν
426 3201 603 3271 ἁγίων,
647 3206 735 3251 καὶ
804 3204 897 3259 τας
971 3201 1077 3271 μετ’
1140 3200 1367 3271 ἀγγέλων
1433 3202 1747 3273 εὐφροσύνας
1811 3201 1857 3252 ἓν

251 3295 522 3360 προσώπῳ
596 3290 827 3363 Χριστοῦ
883 3290 1082 3348 ίαυτοῖς
1132 3291 1477 3360 ύποθωμεοας
1530 3298 1737 3350 Νηπιας
1781 3297 1855 3342 όν-

251 3398 355 3437 τως
400 3381 575 3451 φρενὸς
634 3382 698 3429 τὰ
757 3386 976 3430 τοιαῦτα
1037 3380 1402 3449 φαντάσματα.
1492 3385 1607 3440 Πῶς
1671 3383 1857 3451 ἔσομαι

258 3466 556 3538 μετὰΊωϐ,
589 3469 616 3518 ὁ
664 3463 802 3537 μηδὲ
856 3473 943 3523 τὴν
996 3474 1268 3537 τυχοῦσαν
1318 3466 1491 3536 θλίψιν
1546 3469 1657 3537 μετ’
1696 3469 1857 3539 εὐχαὶ

257 3560 465 3628 ριστίας
509 3551 825 3626 ὃεξάμενοςς
887 3562 999 3616 Πῶς
1031 3558 1161 3626 μετὰ
1210 3552 1397 3615 Δαϐὶὸ,
1428 3558 1455 3606 ὀ
1484 3563 1554 3626 μὴ
1610 3561 1734 3626 πρὸς
1772 3561 1858 3608 τὸν

258 3644 501 3716 πολίμιον
566 3648 912 3719 μακροθύμως
976 3641 1263 3709 διατεθείς;
1304 3652 1418 3703 Ila);
1456 3648 1589 3714 μετὰ
1648 3646 1855 3711 Δανιὴλ,

256 3738 286 3786 ό
340 3740 409 3805 μὴ
477 3735 587 3805 μετ’
618 3734 917 3807 ἐγκρατείας
974 3730 1245 3795 διηνεκοῦς
1302 3740 1390 3785 καὶ
1449 3730 1676 3795 δεήσεως
1716 3736 1857 3805 φιλο-

258 3842 421 3875 πονου
451 3828 537 3875 τὸν
595 3828 724 3877 Θεὸν
771 3823 1106 3889 ἐκζητήσαςς
1169 3830 1280 3882 Πῶς
1327 3823 1437 3894 μεθ’
1496 3825 1716 3875 ἑκάστου
1761 3832 1859 3874 τῶν

258 3914 446 3982 ἁγίων,
480 3915 506 3964 ό
562 3920 632 3984 μή
684 3919 792 3974 τοῖς
830 3915 1037 3983 εχνεσιν
1090 3912 1255 3964 αὐτῶν
1308 3918 1711 3986 περιπατήσαςς
1769 3920 1859 3973 Τίς

256 4005 427 4061 οὕτως
492 4004 699 4074 ἄκριτος
769 3999 1063 4064 ἀθλοθέτης,
1133 4005 1201 4063 ὡς
1268 4009 1366 4053 τῶν
1447 4003 1571 4053 ἰσων
1637 4001 1861 4064 ἀξιῶσαι

259 4096 526 4163 στεφάνων
566 4096 650 4143 τὸν
698 4096 936 4151 νικητήν,
970 4097 1054 4142 καὶ
1113 4095 1198 4142 τον
1255 4086 1421 4161 μηδὲν
1470 4094 1858 4161 ἡγωνισμένονς

255 4186 353 4240 Τίς
412 4185 705 4254 στρατηγός
746 4180 810 4239 εἰς
864 4184 957 4236 τὴν
996 4175 1189 4250 μερίδα
1246 4187 1343 4231 τῶν
1403 4180 1600 4231 σκύλων
1639 4179 1691 4242 ἐξ
1743 4184 1860 4233 ἰσου

258 4272 387 4322 ποτε
438 4277 546 4329 τοῖς
594 4272 890 4325 νενικηκόσι
938 4274 1058 4328 τούς
1123 4264 1261 4338 μηδὲ
1314 4273 1557 4338 φανέντας
1628 4268 1710 4321 ἐπὶ
1767 4278 1861 4330 τῆς

259 4360 450 4429 μάχης
480 4354 750 4421 έκά).εσεν;
799 4355 1018 4425 Ἀγαθός
1069 4356 1094 4405 ὀ
1128 4358 1277 4416 Θεὸς,
1309 4353 1437 4405 ἀλλὰ
1492 4362 1580 4406 καὶ
1639 4352 1859 4416 δίκαιος.

1970 3202 2026 3252 et
2046 3197 2298 3253 civitatis
2321 3215 2458 3254 cum
2491 3201 2711 3256 sanctis
2739 3202 2836 3271 jus
2858 3200 3112 3273 mquale.
3130 3205 3187 3256 et
3216 3214 3357 3255 cum
3380 3196 3612 3268 angelis

1969 3286 2264 3355 gaudiain
2287 3288 2495 3344 Christi
2516 3294 2845 3361 conspectu
2859 3289 3035 3346 nobis
3056 3289 3445 3362 pollicemur?
3467 3290 3614 3344 Sunt

1970 3375 2155 3430 animi
2186 3392 2318 3432 vere
2350 3376 2548 3433 stolidi
2575 3378 2714 3435 talia
2741 3385 3103 3435 commenta.
3130 3376 3448 3445 Quomodo
3472 3390 3612 3431 cum

1968 3464 2074 3519 Job
2111 3480 2235 3533 ero,
2262 3465 2365 3536 qui
2412 3480 2487 3521 ne
2516 3466 2882 3522 levissimam
2920 3466 3167 3539 quidem
3208 3464 3615 3522 calamitatem

1970 3570 2106 3609 cum
2127 3556 2453 3623 gratiarum
2470 3556 2703 3612 actione
2725 3555 3064 3629 pertulerim
3084 3558 3111 3612 ?
3137 3553 3453 3622 Quomodo
3474 3567 3614 3609 cum

1974 3642 2217 3710 Davide,
2239 3644 2341 3714 qui
2373 3644 2579 3700 leniter
2594 3660 2690 3700 me
2717 3660 2839 3700 non
2858 3644 3144 3714 gesserim
3173 3658 3313 3699 cum
3338 3641 3618 3697 adversa-

1971 3732 2057 3786 rio
2074 3733 2102 3787 ?
2123 3733 2438 3797 Quomodo
2454 3750 2593 3789 cum
2625 3734 2881 3799 Daniele,
2907 3734 3013 3807 qui
3034 3732 3279 3789 assidua
3303 3730 3613 3787 abstinen-

1972 3820 2054 3875 tia
2092 3826 2148 3877 et
2172 3821 2381 3876 sedula
2420 3822 2763 3893 precatione
2792 3824 2976 3877 Deum
3014 3836 3137 3878 non
3185 3818 3616 3892 exquisierim?

1974 3909 2289 3973 Quomodo
2318 3926 2457 3964 cum
2486 3909 2733 3982 singulis
2762 3910 3075 3982 quibusvis
3101 3909 3341 3969 sanctis,
3358 3906 3463 3980 qui
3492 3906 3618 3962 illo-

1972 4014 2105 4053 rum
2150 3998 2399 4067 vestigia
2428 4007 2665 4054 secutus
2716 4015 2831 4055 non
2865 4001 2976 4055 sim
2997 4000 3026 4055 ?
3050 3999 3191 4065 Quis
3217 3997 3615 4053 certaminum

1973 4088 2195 4143 arbiter
2221 4088 2303 4143 ita
2328 4088 2535 4157 judicii
2565 4104 2777 4161 expers
2802 4095 2913 4159 est,
2946 4094 3007 4145 ut
3055 4088 3337 4144 victorem
3369 4089 3424 4141 et
3474 4099 3615 4141 eum

1972 4177 2077 4247 qui
2118 4190 2242 4231 non
2294 4175 2639 4242 decertavit,
2662 4178 2913 4249 paribus
2956 4177 3195 4233 coronis
3224 4175 3441 4244 dignos
3485 4188 3617 4228 esse

1974 4266 2261 4322 censeat?
2292 4266 2433 4332 Quis
2456 4266 2779 4339 imperator
2808 4267 2878 4323 iis
2902 4268 3007 4339 qui
3038 4266 3306 4329 vicerint,
3336 4268 3393 4319 et
3416 4263 3488 4319 iis
3514 4262 3617 4334 qui

1976 4370 2048 4409 ne
2080 4355 2523 4426 comparuerint
2558 4355 2803 4426 quidem
2836 4356 2893 4411 in
2924 4370 3149 4427 pugna.
3174 4351 3474 4408 distribuit
3510 4365 3617 4403 un-

262 4450 479 4499 Δικαίου
516 4442 595 4513 δε,
638 4448 667 4502 ἡ
731 4448 857 4515 πρὸς
923 4442 1070 4505 ἀξίαν
1133 4438 1425 4509 ἀντίδοσις,
1456 4445 1623 4503 καθὼς
1673 4450 1853 4517 γεγρα-

1973 4459 2161 4516 quam
2193 4444 2489 4516 aequalem
2521 4444 2848 4515 spoliorum
2877 4448 3109 4516 partem
3137 4443 3164 4495 ?
3196 4441 3348 4495 Deus
3370 4436 3619 4509 quidem

263 4553 395 4587 πται
426 4556 438 4568 ·
498 4535 801 4605 Ἀγάθυνον9

262 4622 585 4684 ἐκιλίνοντας
674 4623 744 4683 εἰς
825 4624 916 4683 τὰς
980 4620 1361 4694 στραγγαλιας,
1420 4618 1606 4682 ἀπάξει
1678 4626 1862 4694 Κύριος

260 4717 400 4784 μετά
484 4721 583 4763 τῶν
666 4711 1022 4783 ἐργαζομενων
1102 4714 1197 4767 τήν
1282 4708 1519 4780 ἀνομίαν.
1585 4709 1859 4780 Ἐλεὴμων,

261 4800 397 4853 ἀλλα
439 4806 528 4852 καί
567 4806 763 4873 κριτής,
816 4800 1025 4868 Ἀγαπᾴ
1076 4802 1175 4869 γὰρ
1235 4797 1584 4868 ἐλεημοσύνην
1617 4803 1704 4848 καὶ
1751 4803 1863 4869 κρί-

262 4909 351 4942 σιν
378 4891 403 4941 ὁ
437 4892 641 4963 Κύριος.
699 4889 921 4960 Ἐμαθες
978 4887 1060 4940 ἐπὶ
1102 4891 1239 4946 τίνας
1270 4892 1326 4937 τὸ
1358 4886 1491 4946 ἔλεος
1520 4902 1533 4947 ;
1577 4888 1861 4955 Μακάριοι,

260 4998 331 5048 φη
343 4984 451 5045 σίν,
553 4980 600 5029 οἱ
702 4976 983 5048 ἐλεήμονες,

256 5070 440 5139 Ὀρᾲς,
506 5075 610 5129 πῶς
681 5074 988 5138 κεκριμένως
1052 5070 1313 5137 κέχρηται
1401 5080 1471 5131 τῳ
1539 5060 1677 5129 ἂέῳ,
1747 5062 1863 5114 ούτε

1079 4976 1160 5026 ὅτι
1244 4975 1393 5026 αὐτοὶ
1477 4973 1585 5029 ίλεη
1596 4975 1835 5029 θήσονται
1847 5016 1859 5027 .

260 5158 492 5228 ἀκρίτως
566 5156 731 5220 ἐλεῶν,
812 5160 927 5207 οὔτε
1004 5154 1227 5213 ἀνηλεῶς
1298 5157 1524 5223 κρίνωνς
1606 5150 1860 5221 Ἐλεῂμων

343 5338 384 5369 ¹¹
420 5334 571 5391 Psal.
611 5351 722 5401 cxi,
756 5337 807 5392 1.
890 5336 934 5369 ¹²
974 5332 1120 5390 ibid.
1201 5335 1245 5367 ¹³
1284 5330 1438 5388 Psal.
1472 5344 1663 5393 «:xxnx,
1700 5333 1817 5386 4-5.

886 4537 1060 4605 Κύριε,
1127 4538 1229 4591 τοῖς
1294 4534 1530 4602 αγαθοῖς.
1598 4539 1728 4593 Tm);
1806 4532 1865 4586 δε

1977 4532 2175 4589 bonus
2208 4538 2318 4601 est,
2349 4531 2457 4588 sed
2485 4538 2576 4587 est
2597 4548 2840 4604 quoque
2866 4532 3085 4602 justus.
3112 4528 3259 4584 Justi
3289 4530 3491 4583 autem
3530 4531 3621 4579 est

1977 4636 2357 4675 remunerare
2388 4636 2496 4691 pro
2526 4621 2755 4691 merito,
2782 4620 2932 4675 sicut
2956 4618 3244 4689 scriptum
3279 4619 3367 4671 est
3397 4631 3410 4669 :
3437 4615 3616 4670 Bene-

1974 4712 2096 4777 fac,
2120 4710 2385 4774 Domine,
2412 4711 2594 4763 bonis.
2620 4710 2994 4764 Dectinantes
3011 4713 3211 4762 autem
3232 4707 3294 4760 in
3308 4703 3621 4773 obligatio-

1976 4812 2095 4862 ηας,
2125 4796 2383 4852 adducet
2417 4798 2701 4851 Dominus
2746 4813 2877 4852 cum
2908 4796 3293 4866 operantibus
3336 4794 3620 4862 iniquita-

1977 4892 2089 4943 tem
2117 4886 2181 4938 ’³.
2208 4885 2537 4940 Misericors
2557 4885 2805 4957 quidem
2836 4891 2942 4952 est,
2969 4884 3075 4940 sed
3104 4889 3160 4940 et
3176 4882 3383 4954 judex.
3410 4882 3619 4949 Diligit

1972 4973 2367 5045 enim,inquit,
2382 4989 2434 5027 νη
2445 4975 2851 5029 isericordiam
2868 4981 2921 5029 et
2925 4977 2959 5043 j
2966 4974 3231 5029 udicium
3248 4972 3537 5026 Dominus
3552 4970 3615 5020 ¹⁸.

1976 5062 2310 5119 Didicistine
2334 5062 2585 5132 quinam
2602 5063 2799 5135 sint,5
2814 5065 2855 5133 ι
2869 5064 2922 5135 3
2948 5078 3211 5134 quorum
3236 5056 3623 5116 misereatur?

1976 5153 2166 5218 Beati,
2184 5151 2399 5223 inquit,
2413 5168 2467 5207 m
2481 5152 2849 5221 isericordes,
2863 5154 3140 5223 quoniam
3164 5151 3279 5219 ipsi
3292 5147 3621 5203 misericor-

1900 5330 1946 5364 ιδ
1987 5330 2141 5388 Psal.
2174 5347 2343 5399 χχχιι,
2383 5338 2431 5385 3.

340 5514 423 5580 (t)
460 5517 746 5575 Μενούσης.
792 5514 979 5569 Minus
1017 5509 1334 5567 commode
1364 5509 1529 5564 deest
1558 5523 1629 5564 ea
1660 5521 1775 5562 vox
1806 5507 1865 5562 in
1907 5513 2185 5563 contextu
2224 5510 2439 5565 Basilii.
2490 5508 2715 5564 Ibidem
2746 5507 3004 5577 legimus
3039 5512 3097 5557 ut
3131 5504 3190 5556 in
3242 5503 3518 5555 contextu
3553 5509 3621 5568 τῷ

273 5590 591 5657 κεκτημένῳ.
636 5583 805 5652 Editi,
831 5582 929 5635 τῶν
954 5586 1295 5654 κεκτημένων.
