4056 6222
581 278 715 334 1213

1560 270 1923 328 APPENDIX.
1962 298 2030 311 -—
2071 267 2411 327 SYMEONIS
2449 268 2979 327 METAPHRAST/E

3749 281 3853 343 1216

578 403 743 459 diam
765 402 1200 471 consequentur
1215 398 1278 453 ¹³.
1296 394 1471 454 Vides
1492 411 1678 470 quam
1701 394 2074 454 considerate
2092 396 2209 450 utar

2337 396 2440 467 γὰρ
2504 395 2531 446 ό
2589 397 2778 467 Κύριος
2835 401 2925 449 καὶ
2991 393 3218 461 δίκαιος.
3279 402 3359 458 Μὴ
3418 397 3499 453 οὖν
3555 403 3603 467 ἐξ
3661 404 3852 477 ἡμισείας

580 494 676 547 tur
702 487 1149 558 misericordia?
1171 490 1371 560 Neque
1397 486 1543 543 citra
1560 485 1858 558 judicium
1887 484 2227 542 misericors

580 583 687 647 est,
718 594 914 650 neque
930 577 1162 648 judicat
1188 577 1333 633 citra
1360 575 1853 632 misericordiam.
1886 574 2224 629 Misericors

578 668 739 724 enim
795 668 1083 723 Dominus
1142 671 1193 723 et
1214 666 1505 736 justus”.
1531 667 1609 721 Ne
1635 664 1813 733 igitur
1868 661 2122 719 dimidia
2151 677 2223 717 ex

576 760 745 829 parte
772 756 1096 813 Dominum
1126 770 1581 826 cognoscamus,
1607 769 1806 826 neque
1842 752 2032 825 ipsius
2061 751 2224 807 beni-

576 846 771 916 gnitas
793 845 1048 917 ignaviae
1066 844 1242 900 nobis
1264 843 1503 900 occasio
1527 843 1619 898 sit.
1639 840 1777 898 Ideo
1793 838 2222 908 tonitrua,ideo

574 934 848 1006 fulmina,
882 939 946 991 ut
973 949 1049 991 ne
1079 936 1501 990 contemnatur
1527 932 1787 989 bonitas.
1819 931 1929 997 Qui
1959 930 2139 986 efﬁcit
2158 933 2223 986 ut

574 1024 665 1081 sol
721 1024 948 1080 oriatur
972 1025 1036 1093 ‘7,
1081 1024 1210 1095 ipse
1248 1023 1448 1087 etiam,
1486 1022 1748 1078 caecitate
1786 1020 2080 1076 multat”.
2109 1019 2220 1083 Qui

573 1112 820 1187 imbrem
832 1112 937 1169 dat
958 1114 1022 1180 ιθ,
1038 1112 1429 1182 etiamignem
1443 1110 1594 1183 pluit
1610 1111 1680 1165 ²⁰.
1698 1109 1800 1165 Illa
1817 1108 2217 1171 clementiam,

572 1201 702 1258 haec
732 1202 1108 1259 severitatem
1140 1201 1425 1257 indicant.
1458 1203 1571 1257 Aut
1597 1203 1843 1271 propter
1870 1197 1971 1253 illa
2013 1196 2224 1267 diliga-

572 1306 733 1360 mus,
758 1296 863 1347 aut
888 1294 1134 1362 propter
1161 1291 1290 1346 haec
1312 1289 1651 1354 timeamus,
1677 1303 1754 1343 ne
1774 1286 1949 1343 nobis
1978 1299 2222 1359 quoque

572 1379 808 1437 dicatur
838 1401 851 1436 :
891 1383 985 1436 An
1024 1379 1268 1435 divitias
1300 1378 1583 1434 bonitatis
1622 1378 1751 1446 ejus
1786 1383 1839 1433 et
1869 1375 2221 1446 longanimi-

574 1470 714 1526 tatis
731 1469 1373 1537 contemm's,ignorans
1384 1467 1544 1538 quod
1556 1466 1890 1535 benignitas
1903 1464 2222 1533 Deiadpw-

570 1560 888 1614 nitentium
906 1564 957 1613 tc
973 1558 1171 1614 ducit?
1185 1557 1522 1613 Secundum
1539 1562 1736 1612 autem
1750 1555 2038 1610 duritiam
2053 1560 2219 1610 tuam

569 1652 626 1703 et
651 1648 1027 1717 impaenitens
1051 1662 1172 1717 cor,
1208 1646 1577 1703 thesaurizas
1603 1645 1711 1701 tibi
1733 1646 1888 1700 iram
1918 1645 1979 1699 in
1998 1644 2092 1699 die
2110 1644 2220 1700 ira!

2336 488 2424 536 τόν
2494 490 2682 558 Κυριον
2745 486 3097 559 γνωρίζωμεν,
3161 485 3301 561 μηδὲ
3376 488 3596 566 ἀφορμὴν
3644 493 3851 568 ῥᾳθυμίας

2334 578 2430 632 τὴν
2497 574 2657 627 αὐτοῦ
2716 574 3101 651 φιλανθρωπίαν
3181 577 3528 653 λαμϐάνωμεν.
3585 585 3669 635 Διὰ
3737 594 3850 639 τοῦτο

2338 662 2576 738 βρονταὶ,
2612 660 2706 717 διὰ
2763 672 2916 719 τοῦτο
2964 672 3222 739 κεραυνοὶ,
3276 671 3355 721 ἱνα
3408 676 3476 742 μὴ
3530 684 3849 747 καταφρονῆται

2335 754 2365 810 ἡ
2428 752 2704 823 ἀγαθότης.
2763 753 2820 806 Ὀ
2877 759 2965 807 τὸν
3015 755 3157 814 ἣλιον
3210 756 3501 829 ἀνατέλλων,
3529 765 3611 813 καὶ
3655 761 3847 833 meum

2333 839 2702 903 καταδικάζει.
2757 842 2815 895 Ὀ
2863 847 2951 897 τόν
2999 844 3190 918 ᾄιιϐρον
3228 844 3429 915 διδους,
3459 868 3541 901 και
3570 852 3624 902 τὸ
3648 858 3736 923 πῦρ
3765 852 3849 926 βρέ-

2332 950 2448 1003 χει.
2516 932 2716 986 Ἐκεῖνα
2769 941 2861 995 τῆς
2925 940 3318 1009 χρηστότητος,
3373 945 3533 990 ταῦτα
3573 946 3657 1000 τῆς
3706 940 3851 993 ἄποτος

2332 1027 2472 1095 μίας.
2505 1021 2572 1075 ’Ἥ
2605 1019 2681 1076 δι’
2723 1022 2890 1077 ἐκεῖνα
2936 1022 3310 1098 ἀγαπήσωμεν,
3341 1027 3370 1085 ἡ
3414 1024 3506 1079 διὰ
3552 1035 3700 1081 ταῦτα
3735 1031 3852 1103 φοϐη-

2336 1114 2499 1184 θῶμεν
2536 1113 2636 1183 (5),
2693 1115 2776 1165 ἶνα
2834 1117 2906 1185 μὴ
2955 1114 3091 1188 ῥηθῇ
3151 1120 3241 1168 καὶ
3270 1117 3414 1188 ἡμῖν·
3455 1116 3520 1169 Ἥ
3552 1124 3635 1170 τοῦ
3681 1119 3851 1172 πλουτου

2331 1210 2421 1261 τῆς
2516 1205 2881 1275 χρηστότητος
2954 1202 3116 1256 αὐτοῦ
3212 1210 3301 1258 καὶ
3382 1213 3477 1268 τῆς
3554 1211 3853 1282 μακροθυμίας

2333 1298 2692 1363 καταφρονεῖς,
2772 1290 2988 1364 ἀγνοῶν,
3057 1294 3137 1345 ὅτι
3199 1297 3260 1346 τὸ
3333 1298 3566 1367 χρηστόν
3624 1304 3704 1349 τοῦ
3757 1306 3854 1351 Θεοῦ

2334 1380 2405 1442 είς
2461 1382 2735 1452 μετάνοιάν
2796 1400 2853 1434 σε
2918 1383 3075 1454 άγει;
3149 1386 3294 1436 Κατὰ
3348 1381 3409 1437 δι
3456 1388 3546 1443 τὴν
3589 1385 3856 1462 σκληρότητά

2335 1488 2452 1537 σου,
2510 1474 2601 1522 καὶ
2664 1469 3013 1543 ἀμετανόητον
3077 1468 3325 1548 καρδίαν,
3413 1476 3725 1548 θησαυρίζεις
3793 1496 3855 1530 σι-

2330 1566 2473 1630 αυτῷ
2526 1557 2686 1632 ὀργὴν
2736 1563 2785 1612 ἓν
2834 1562 3003 1634 ἡμέρᾳ
3054 1560 3229 1636 ὀργῆς.
3287 1567 3355 1615 Τί
3393 1558 3452 1615 δέ
3505 1582 3589 1636 μοι
3630 1568 3680 1617 τό
3727 1565 3855 1636 ὄφελος

2328 1655 2428 1701 τῶν
2486 1646 2647 1700 ἀλλων
2686 1650 3126 1722 κατορθωμάτων,
3193 1650 3238 1703 εἰ
3301 1650 3555 1724 μέλλοιμι,
3612 1656 3759 1726 μωρόν
3801 1655 3853 1705 εἰ·

569 1738 637 1792 ²¹.
658 1736 735 1808 (1)
770 1736 995 1810 Ecquid
1021 1736 1171 1792 mihi
1188 1735 1522 1808 proderunt
1541 1739 1750 1791 caetera
1782 1736 1939 1790 recte
1968 1733 2148 1801 facta,
2170 1731 2209 1789 si

2326 1741 2436 1791 πὼν
2482 1740 2570 1790 τόν
2616 1734 2855 1810 ἀδελφόν,
2901 1741 3084 1810 ἔνοχος
3124 1741 3367 1810 γενέσθαι
3395 1748 3457 1813 τῇ
3488 1745 3682 1813 γεέννη;
3710 1746 3851 1814 Τίγὸιρ

567 1831 889 1899 propterea
915 1826 1077 1899 quod
1114 1825 1359 1882 fratrem
1395 1825 1629 1881 fatuum
1666 1822 2070 1896 appellavero,
2103 1823 2216 1879 sim

569 1916 857 1985 gehennae
889 1914 1303 1971 addicendus?
1335 1917 1528 1980 Quam
1555 1913 1716 1969 enim
1745 1912 2059 1968 utilitatem
2086 1926 2214 1983 per-

566 2004 709 2075 cipit
737 2005 838 2076 qui
870 2020 906 2059 a
930 2003 1134 2059 multis
1163 2003 1315 2060 liber
1344 2006 1452 2071 est,
1484 2003 1533 2058 si
1562 2001 1653 2058 vel
1678 2017 1800 2056 uno
1838 2000 2128 2070 redigitur
2150 2000 2213 2056 in

567 2093 951 2149 servitutem?
980 2092 1096 2160 Qui
1118 2092 1300 2161 enim,
1324 2091 1536 2164 inquit,
1559 2092 1712 2160 facit
1734 2096 2066 2159 peccatum,
2091 2104 2212 2145 ser-

564 2197 673 2237 vus
684 2188 766 2237 est
783 2183 1021 2251 peccati
1029 2183 1096 2237 ²².
1119 2180 1271 2246 Quid
1292 2181 1473 2236 etiam
1493 2180 1776 2251 cuiquam
1795 2177 2210 2250 prodestmul-

563 2274 762 2326 torum
796 2269 1149 2325 morborum
1179 2284 1310 2324 esse
1340 2273 1666 2340 expertem,
1694 2269 1742 2323 si
1770 2267 1959 2339 ipsius
1988 2282 2208 2339 corpus

567 2358 660 2416 vel
685 2359 763 2415 ab
800 2374 924 2414 uno
962 2358 1177 2414 morbo
1217 2358 1742 2431 corrumpitur?(2)
1771 2357 1877 2423 Qui
1905 2357 2065 2414 enim
2107 2374 2209 2415 vo-

559 2446 852 2503 luntatem
877 2447 979 2503 Dei
1004 2447 1165 2510 facit,
1190 2447 1296 2503 sed
1333 2463 1456 2503 non
1486 2451 1551 2502 ut
1579 2447 1702 2502 vult
1727 2450 1902 2517 Deus,
1921 2462 2118 2520 neque
2147 2447 2209 2503 in

562 2536 779 2592 affectu
793 2538 1015 2593 amoris
1028 2552 1169 2608 erga
1186 2539 1373 2592 Deum
1394 2536 1455 2593 id
1476 2536 1636 2603 facit,
1653 2536 2049 2606 inutileLhabet
2069 2553 2209 2609 ope-

560 2626 642 2681 ris
676 2625 937 2681 studium
970 2644 981 2681 :
1006 2642 1148 2682 nam
1177 2628 1277 2691 ait,
1307 2628 1494 2682 Amen
1521 2626 1652 2681 dico
1683 2626 1864 2694 vobis,
1888 2627 2031 2698 quia
2049 2641 2210 2682 rece-

558 2720 779 2785 perunt
798 2716 1123 2773 mercedem
1149 2732 1360 2772 suuam
1384 2718 1449 2772 ’³.
1477 2717 1554 2787 (3)
1596 2720 1795 2788 Itaque
1847 2716 2057 2787 primae
2092 2720 2209 2772 tuae

561 2805 807 2874 originis
828 2806 877 2860 si
895 2821 1127 2861 memor
1151 2821 1274 2861 non
1298 2821 1381 2875 es,
1399 2821 1435 2861 ο
1456 2805 1662 2873 homo,
1677 2822 1747 2861 ex
1778 2805 2082 2876 persoluto
2100 2821 2209 2877 pro

561 2897 615 2949 te
645 2894 837 2965 pretio
868 2894 1133 2966 aliquam
1165 2894 1473 2964 dignitatis
1503 2899 1619 2949 tuae
1645 2895 1953 2950 notionem
1980 2894 2204 2965 accipe,

559 2984 638 3039 ad
663 2984 919 3056 pretium
942 2984 1086 3039 illud
1100 3000 1223 3055 quo
1245 2988 1653 3039 commutatus
1669 3000 1731 3039 es
1750 2985 2001 3055 respice,
2017 2990 2206 3039 tuam-

2327 1826 2502 1899 ὄφελος
2558 1834 2653 1888 τῆς
2713 1826 2813 1880 ἀπὸ
2855 1835 2957 1879 τῶν
3010 1827 3208 1881 πολλῶν
3266 1827 3552 1905 ἐλευθερίας
3598 1839 3662 1901 τῷ
3688 1832 3850 1903 ὑφ’ένός

2324 1921 2653 1990 κρατουμένῳ
2716 1916 2786 1978 εἰς
2862 1912 3138 1987 δουλείανς
3211 1917 3271 1969 '0
3348 1921 3447 1992 γὰρ
3510 1928 3673 1990 ποιῶν,
3755 1926 3850 1991 φησὶ

2322 2011 2417 2064 τὴν
2480 2006 2758 2081 ἁμαρτίαν,
2824 2002 3005 2067 δοῦλός
3070 2006 3183 2059 ἐστι
3247 2015 3347 2070 τῆς
3403 2008 3661 2085 ἁμαρτίας.
3699 2012 3751 2061 Τί
3809 2006 3849 2062 δὲ

2321 2092 2504 2169 κέρδος
2557 2103 2653 2157 τῆς
2716 2093 2763 2147 ἐν
2788 2095 2994 2158 πολλοῖς
3026 2094 3275 2158 ἀπαθείας
3333 2106 3407 2168 τῷ
3460 2099 3541 2170 ὑφ’
3582 2101 3674 2159 ἓνὸς
3697 2100 3849 2159 πάθους

2321 2186 2633 2259 φθειρομένῳ
2690 2187 2749 2236 τὸ
2782 2192 2973 2257 σῶμα;
3034 2184 3094 2237 Ὀ
3139 2187 3241 2261 γὰρ
3297 2189 3359 2239 τὸ
3409 2187 3597 2259 θέλημα
3634 2194 3713 2239 τοῦ
3753 2194 3849 2239 Θεοῦ

2321 2273 2684 2347 ἐργαζόμενος,
2711 2278 2782 2347 μὴ
2825 2276 2997 2336 καθὼς
3048 2270 3108 2327 δὲ
3154 2274 3283 2328 θέλει
3317 2278 3343 2327 ό
3377 2280 3523 2342 Θεὸς,
3554 2274 3679 2349 μηδι
3704 2276 3741 2329 ἐν
3767 2273 3852 2328 δια-

2323 2364 2460 2416 θέσει
2516 2371 2608 2424 τῆς
2637 2366 2762 2437 πρὸς
2826 2366 2953 2416 Θεὸν
3000 2362 3209 2435 ἀγάπης
3257 2372 3621 2430 τοῦτονποιῶν,
3665 2364 3847 2421 ἀνόνητον

2319 2454 2433 2523 ἔχει
2495 2456 2589 2509 τὴν
2655 2454 2842 2504 τούτου
2898 2448 3159 2509 σπουδήν.
3219 2451 3390 2525 Ἀμὴν
3444 2456 3541 2529 γὰρ
3594 2455 3706 2525 λέγω
3748 2456 3850 2524 ὑμῖν,

2320 2545 2499 2613 φησιν,
2552 2543 2633 2592 ὅτι
2695 2538 2959 2612 ἀπέχουσι
3020 2544 3107 2592 τόν
3182 2543 3376 2612 μισθόν
3449 2543 3625 2598 αὐτῶν.
3680 2549 3847 2613 Tot-ydo-

2319 2638 2429 2697 οῦν,
2479 2629 2520 2682 εἰ
2570 2634 2637 2699 μὴ
2682 2637 2778 2691 τῆς
2828 2634 3036 2704 πρώτης
3082 2638 3305 2682 σεαυτοῦ
3345 2636 3603 2703 γενέσεως,
3650 2633 3848 2703 ἄνθρωπε,

2318 2722 2601 2791 μέμνησαι,
2671 2719 2725 2771 ἐκ
2786 2726 2883 2779 τῆς
2963 2719 3389 2783 καταϐληθείσης
3444 2722 3565 2794 ὑπὲρ
3626 2728 3707 2773 σοῦ
3738 2726 3848 2790 τιμῆς

2318 2808 2439 2861 λάϐε
2503 2811 2621 2860 τινὰ
2689 2815 2780 2860 τοῦ
2843 2807 3139 2879 ἀξιώματος
3201 2811 3419 2861 ἔννοιαν·
3487 2809 3747 2880 ἀπόϐλεψόν
3781 2827 3849 2858 σου

2316 2902 2441 2971 πρὸς
2478 2901 2534 2950 τὸ
2576 2896 2930 2969 ἀντάλλαγμα,
2953 2902 3043 2949 καὶ
3112 2898 3274 2969 γνῶθι
3340 2906 3556 2951 σεαυτοῦ
3615 2902 3691 2955 τὴν
3722 2897 3847 2959 ἀξίαι.

2315 2994 2399 3056 Τῷ
2445 2985 2783 3058 πολυτιμήτω
2848 2988 3033 3058 αἷματι
3096 2994 3187 3039 τοῦ
3265 2994 3404 3040 Θεοῦ
3449 2988 3755 3062 ἀγοράσθης·
3798 2990 3847 3055 μή

559 3088 676 3144 que
701 3088 965 3143 agnosce
994 3073 1375 3145 dignitatem.
1414 3076 1658 3145 Emptus
1678 3088 1741 3129 es
1769 3073 2203 3145 pretiosissimo

2317 3079 2459 3147 γίνου
2502 3071 2686 3136 δοῦλος
2737 3082 2831 3135 τῆς
2864 3074 3140 3148 ἁμαρτίας.
3189 3077 3343 3138 Σύνες
3401 3084 3609 3129 σεαυτοῦ
3663 3084 3743 3135 τῆς
3790 3092 3850 3123 τι-

562 3163 660 3218 Dei
687 3163 1245 3234 sanguine,peccati
1263 3178 1337 3219 ne
1362 3163 1474 3219 ﬁas
1507 3179 1732 3219 servus.
1754 3163 2015 3232 lntellige
2037 3167 2202 3219 tuam

559 3251 993 3324 praestantiam,
1007 3256 1074 3307 ut
1091 3268 1165 3307 ne
1176 3253 1196 3322 j
1210 3253 1465 3308 umentis
1484 3252 1901 3324 insipientibus
1922 3252 2206 3309 assimila-

559 3340 664 3395 ris.
689 3339 1004 3404 Quomodo
1026 3340 1187 3396 enim
1219 3356 1352 3409 vos,
1376 3341 1482 3414 qui
1514 3341 1705 3397 stultis
1732 3341 2205 3413 perniciosisque

561 3428 1059 3499 concupiscentiis
1082 3429 1315 3485 servitis
1338 3430 1829 3502 velutmancipia,
1873 3430 2058 3486 servis
2087 3432 2202 3487 im-

558 3516 905 3589 perabitis?‘
929 3518 1245 3582 Quomodo
1269 3518 1488 3575 liberos
1508 3522 1737 3575 vestros
1759 3524 1914 3575 recte
1939 3519 2203 3576 institue-

560 3606 656 3671 tis,
686 3606 791 3678 qui
813 3612 1116 3679 expertem
1140 3607 1470 3680 disciplima
1500 3613 1555 3665 et
1582 3610 1805 3665 ordinis
1838 3610 2013 3665 vitam
2043 3610 2202 3679 degi-

557 3696 677 3753 tis?
715 3698 786 3754 Ut
817 3699 970 3754 enim
997 3698 1147 3754 milii
1176 3699 1461 3755 incumbit
1504 3701 1836 3767 necessitas,
1856 3706 1907 3755 et
1942 3716 2027 3756 me
2054 3700 2206 3756 mihi

559 3790 745 3855 est,ut
773 3787 855 3842 ait
882 3787 1223 3858 Apostolus,
1248 3789 1366 3843 nisi
1384 3789 1862 3857 evangelizavero
1888 3788 2200 3859 ",etjusti-

556 3876 699 3931 tiam
723 3876 823 3930 Dei
849 3880 1019 3933 nocte
1032 3876 1249 3949 dieque
1270 3876 1442 3933 vobis
1456 3878 2002 3934 annuntiavertha
2022 3879 2202 3934 etiam

557 3965 727 4020 vobis
756 3980 868 4035 par
906 3966 1262 4035 periculum,
1296 3966 1344 4020 si
1375 3966 1471 4021 vel
1506 3965 1750 4022 desidia:
1778 3983 1880 4022 vos
1900 3967 2200 4037 dederitis,

558 4053 649 4107 vel
677 4052 923 4107 remisse
964 4057 1019 4108 et
1048 4054 1333 4110 dissolute
1363 4054 1424 4109 in
1454 4055 1525 4110 iis
1563 4071 1699 4127 quae
1738 4055 1909 4111 vobis
1956 4057 2203 4113 tradun~

557 4145 655 4196 tur
690 4144 819 4195 tum
843 4139 1189 4210 retinendis,
1224 4145 1351 4196 tum
1395 4157 1574 4213 opere
1608 4144 1982 4217 complendis
2010 4162 2202 4202 verse-

556 4228 723 4286 mini.
750 4228 948 4284 Sermo
974 4227 1133 4283 enim
1165 4244 1329 4300 quem
1354 4232 1589 4286 locutus
1616 4247 1760 4303 sum,
1788 4232 1868 4286 ait
1893 4234 2200 4303 Dominus,

555 4320 661 4376 ille
671 4319 969 4389 judicabit
987 4321 1278 4377 mundum
1292 4321 1355 4376 in
1373 4327 1638 4377 extrema
1665 4322 1759 4379 die
1777 4324 1843 4377 ’5.
1861 4326 1932 4394 (4)
1958 4325 2204 4397 Semper

556 4409 714 4465 enim
746 4408 914 4479 quod
941 4408 1172 4466 bonum
1203 4414 1291 4467 est
1340 4410 1608 4483 cupiens,
1633 4411 1711 4467 ab
1748 4428 1941 4485 eoque
1967 4428 2204 4487 semper
2235 4439 2280 4494 ι)

554 4498 864 4565 aberrans,
898 4498 1127 4554 nullam
1157 4498 1341 4555 aliam
1386 4514 1635 4572 possum
1666 4516 1874 4557 eorum
1890 4517 2027 4574 quae
2051 4503 2205 4561 fiunt

553 4602 801 4643 causam
837 4586 1256 4657 invenire,nisi
1285 4588 1451 4661 quod
1479 4605 1835 4662 persuasum
1864 4591 2078 4664 habeo,
2103 4609 2201 4651 me

550 4679 818 4730 veterum
844 4682 1229 4748 peccatorum
1262 4693 1474 4751 poenas
1510 4680 1876 4751 persolvere.
1918 4683 1987 4737 Ut
2020 4681 2201 4752 igitur

551 4764 805 4821 scientes
859 4766 1116 4824 adversa
1153 4768 1346 4826 fronte
1384 4770 1559 4825 nobis
1606 4771 1822 4827 divinae
1882 4771 2197 4844 Scripturae

552 4868 886 4922 sermones,
915 4869 1027 4926 pro
1054 4855 1338 4913 tribunali
1367 4857 1581 4914 Christi
1621 4859 1971 4931 oppositum
1991 4860 2089 4929 iri,
2116 4861 2198 4918 ita

549 4946 607 4997 et
636 4941 707 4996 iis
735 4957 871 5014 quis
892 4940 1194 5011 dicuntur,
1219 4961 1459 5002 summa
1492 4962 1631 5002 cum
1669 4947 1977 5017 vigilantia
2006 4952 2195 5005 atten-

549 5029 787 5099 damus,
810 5029 1131 5103 etadfopus
1156 5032 1483 5103 perducere
1503 5033 1711 5091 divina
1733 5040 2039 5110 praecepta
2056 5052 2194 5095 cum

620 5193 666 5228 ¹⁵
707 5190 916 5248 Matth.
948 5207 1002 5250 v.
1027 5195 1086 5246 7.

547 5266 591 5299 ²¹
637 5266 803 5319 Rom.
837 5278 897 5330 ιι,
925 5264 977 5330 4,
1004 5267 1055 5318 5.

1174 5192 1218 5226 ¹⁶
1256 5190 1412 5249 Psal.
1443 5209 1590 5259 CXIV,
1619 5198 1672 5252 ὅ.

1132 5263 1179 5298 ²²
1218 5262 1391 5318 Joan.
1422 5280 1544 5332 Xlll,
1578 5268 1671 5322 34.

614 5426 693 5534 (HR
734 5423 1093 5534 Fgﬂltegulis
1122 5422 1319 5492 fusius
1349 5426 1646 5491 tractatis,
1678 5429 1799 5484 329.

733 5494 1000 5624 ἓξῒοω.
1034 5567 1097 5624 in
1128 5568 1282 5638 psat.
1311 5582 1512 5639 vam,
1534 5568 1657 5625 185.

1752 5197 1792 5230 ’τ
1835 5196 2033 5252 Matth.
2055 5212 2114 5265 v,
2142 5201 2234 5255 45.

1754 5267 1803 5302 ³³
1846 5267 2043 5324 Matth.
2078 5285 2158 5326 vr.
2181 5274 2234 5326 2.

2316 3173 2439 3237 μῆς,
2520 3166 2601 3215 ἵνα
2666 3168 2737 3235 μὴ
2803 3165 3163 3237 παρεικασθῇς
3223 3172 3332 3225 τοῖς
3395 3164 3619 3226 ἀνοήτοις
3667 3169 3852 3221 κτήνεσι.

2317 3261 2431 3315 Πως
2500 3256 2601 3327 γὰρ
2666 3260 2766 3304 τῶν
2831 3252 3039 3305 οἰκετῶν
3114 3254 3315 3327 ἄρξετε,
3379 3254 3526 3307 αὐτοὶ
3588 3251 3851 3309 δουλεύοντες

2315 3342 2618 3415 ἐπιθυμίαις
2665 3340 2895 3403 ἀνοήτοις
2955 3346 3046 3394 καὶ
3101 3340 3402 3417 βλαϐεραῖς,
3445 3347 3506 3405 ὡς
3554 3338 3849 3417 ἀνδράποδα;

2316 3439 2432 3493 Πῶς
2455 3434 2577 3492 τοὺς
2605 3428 2803 3491 παῖδας
2841 3432 3198 3499 νουθετήσετε,
3249 3431 3585 3491 ἀνουθέτητον
3639 3434 3756 3492 ζωὴν
3787 3436 3851 3479 καὶ

2313 3518 2630 3574 ἀδιάτακτον
2682 3525 2901 3583 ζῶντες;
2962 3519 3163 3592 Ὠσπερ
3226 3524 3331 3594 γὰρ
3394 3514 3521 3594 ἐμοί’
3558 3520 3734 3592 ἀνάγκη
3774 3517 3850 3570 ἐπὶ·

2311 3629 2495 3676 κειται,
2556 3614 2644 3661 καὶ
2702 3608 2818 3661 οὐαί
2889 3628 2977 3679 μοι
3043 3610 3203 3678 ἐστὶν,
3273 3610 3359 3662 ἐὰν
3428 3615 3499 3683 μὴ
3560 3609 3851 3680 εὐαγγελίζω-

2312 3721 2426 3773 μαι,
2457 3704 2544 3752 καὶ
2595 3698 2886 3771 ἀναγγελλω
2936 3701 2999 3750 τὰ
3059 3695 3401 3771 δικαιώματα
3428 3708 3519 3753 τοῦ
3565 3708 3687 3753 Θεοῦ
3712 3702 3849 3753 νυκτὸς

2312 3811 2365 3844 τε
2412 3796 2501 3843 καὶ
2553 3791 2772 3865 ἡμέρας,
2804 3790 2938 3840 κατά
2984 3790 3071 3840 τόν
3101 3788 3441 3843 ’Δπόστολον-
3476 3791 3607 3843 οὕτω
3651 3793 3729 3840 καὶ
3761 3788 3849 3855 ὑμῖν

2312 3884 2427 3941 ἶσος
2477 3880 2502 3930 ό
2556 3877 2714 3949 ἀγὼν,
2758 3875 3288 3951 ἀπορῥᾳθυμήσασιν,
3344 3879 3373 3937 ἦ
3452 3877 3630 3937 ἀτόνως
3676 3880 3751 3927 καὶ
3792 3872 3847 3922 ἐκ·

2312 3967 2588 4041 λελυμένως
2663 3970 2793 4040 πρός
2844 3985 2897 4018 τε
2957 3971 3053 4025 τὴν
3120 3966 3347 4039 φυλακὴν
3399 3977 3498 4020 τῶν
3548 3959 3849 4041 παραδεδομέο

2311 4078 2408 4109 νων
2455 4061 2545 4109 καὶ
2596 4060 2690 4113 τὴν
2744 4051 2835 4107 διὰ
2873 4062 2972 4107 τῶν
3029 4057 3190 4127 ἔργων
3244 4056 3513 4132 πλήρωσιν
3566 4052 3848 4107 διατεθεῖσα.

2309 4145 2367 4199 Ὀ
2420 4145 2563 4216 λόγος
2606 4147 2705 4220 γὰρ
2755 4144 2807 4195 ὃν
2861 4143 3110 4209 ἐλάλησα,
3166 4151 3325 4218 φησὶν
3373 4147 3399 4198 ό
3473 4147 3670 4219 Κύριος,
3710 4144 3849 4193 ἓκςίνος

2311 4255 2475 4308 κρίνει
2536 4237 2622 4286 τὸν
2678 4237 2872 4305 κόσμον
2940 4233 2989 4285 ἐν
3049 4241 3112 4306 τῇ
3179 4234 3383 4306 ἐσχάτη
3444 4237 3624 4307 ἡμέρα,
3670 4232 3758 4282 Ἀεὶ
3783 4229 3849 4298 μὲν

2311 4327 2410 4399 γὰρ
2469 4324 2725 4376 ἑπιθυαῶν
2779 4328 2871 4375 τοῦ
2920 4321 3103 4389 καλοῦ,
3156 4321 3232 4375 ἀεὶ
3262 4320 3321 4376 δὲ
3379 4321 3739 4395 ἀποτυγχάνων
3784 4312 3849 4366 αὶ·

2310 4421 2423 4485 τοῦ,
2452 4413 2546 4466 οὐκ
2575 4411 2731 4469 ἄλλην
2786 4413 2903 4464 τινὰ
2941 4410 3112 4463 αἰτίαν
3134 4414 3242 4483 ἔχω
3296 4418 3409 4474 τοῖς
3464 4415 3731 4483 γινομένοις
3760 4405 3847 4456 ἐπι-

2309 4511 2459 4573 νοῖεν,
2487 4500 2620 4560 πλήν
2649 4521 2704 4573 γε
2762 4497 2828 4559 δή
2862 4508 2954 4554 τοῦ
3005 4503 3283 4555 πεπεῖσθαι
3318 4501 3550 4554 παλαιῶν
3592 4500 3848 4572 ἁμαρτημα·

2308 4614 2409 4646 των
2450 4592 2722 4645 ἐκτιννύειυ
2762 4587 2937 4653 ὃὶκας.
2983 4590 3073 4653 Ὠς
3101 4587 3189 4643 οὖν
3238 4588 3450 4660 εἰδότες,
3498 4592 3577 4643 ὅτι
3612 4588 3845 4654 ἀντιπρόσ·

2308 4702 2438 4735 ωποι
2478 4683 2603 4754 ἡμῖν
2646 4682 2694 4733 οἱ
2737 4687 2827 4741 τῆς
2864 4682 3205 4733 θεοπνεύστου
3242 4686 3451 4753 Γραφῆς
3493 4679 3632 4751 λόγοι
3668 4678 3843 4731 στήσον-

2306 4792 2393 4824 ται
2442 4771 2525 4824 ἑπὶ
2562 4776 2654 4822 τοῦ
2704 4769 2938 4842 βήματος
2991 4776 3083 4823 τοῦ
3134 4777 3405 4845 Χριστοῦ·
3453 4770 3584 4821 οὕτω
3610 4770 3691 4818 καὶ
3714 4778 3844 4835 προσ·

2305 4869 2483 4934 χῶμεν
2548 4862 2805 4931 νηφόντως
2882 4865 2991 4920 τοῖς
3066 4857 3376 4932 λεγομένοις,
3441 4863 3531 4910 καὶ
3608 4855 3671 4915 εἰς
3731 4854 3844 4923 ἔργον

2303 4954 2622 5023 προαγαγεῖν
2668 4948 2735 4999 τὰ
2776 4948 2887 4999 θεῖα
2940 4942 3252 5019 διδάγματα
3297 4942 3595 5005 σπουδαιως
3640 4938 3843 5011 ἐπειχθῶ-

2305 5055 2417 5109 μεν,
2471 5037 2547 5089 ὅτι
2599 5034 2694 5088 οὐκ
2738 5030 2953 5106 οἶδαμεν
2992 5053 3119 5106 ποια
3166 5036 3332 5110 ἡμέρᾳ
3379 5036 3409 5094 ἡ
3472 5036 3579 5107 ὥρᾳ
3621 5032 3647 5085 ό
3696 5030 3842 5097 Κύριος

2312 5198 2358 5233 ¹⁸
2401 5198 2468 5252 1V
2506 5198 2647 5267 Reg.
2680 5211 2755 5265 vr,
2786 5196 2875 5253 18.
2910 5197 2954 5231 ¹⁹
2998 5194 3175 5253 Zach.
3202 5212 3259 5265 ι,
3292 5197 3343 5254 1.
3419 5196 3469 5232 ³ο
3491 5196 3627 5251 Gen.
3649 5185 3837 5255 xxx,2t.

2310 5270 2357 5305 ³⁸
2398 5270 2575 5326 ICor.
2608 5284 2688 5336 rx,
2711 5271 2799 5325 16.
2879 5268 2925 5302 ³³⁵
2963 5268 3133 5325 Joan.
3159 5270 3362 5337 xu,48.

2396 5432 2449 5504 4)
2490 5432 2571 5504 Ex
2600 5428 2776 5504 epist.
2806 5445 2920 5485 Lix.
2953 5432 3074 5504 153.

2396 5442 2449 5497 4)
2491 5442 2571 5485 ΕΣ
2607 5442 2776 5504 epist.
2806 5445 2920 5485 LIX.
2953 5442 3074 5486 153.

2488 5500 2553 5555 ‘II
2588 5499 2680 5554 διά
2702 5509 2869 5554 ταῦτα
2907 5500 3231 5574 φοϐηθῶμεν.
3264 5502 3397 5559 Haec
3425 5496 3623 5558 addita
3660 5507 3723 5550 ex
3761 5501 3835 5544 co.

2301 5572 2505 5631 dicum
2534 5573 2719 5632 altero
2749 5578 2806 5631 et
2835 5572 3137 5631 contextu.
