  <div class='ocr_page' id='page_1' title='image "/cluster/home/n/w/nwhite01/storage/ocr_20150623/32/hvd.32044048207401/614.png"; bbox 0 0 4056 6222; ppageno 0'>
   <div class='ocr_carea' id='block_1_1' title="bbox 243 288 3597 378">
    <p class='ocr_par' dir='ltr' id='par_1_1' title="bbox 243 288 3597 378">
     <span class='ocr_line' id='line_1_1' title="bbox 243 288 3597 378; baseline 0.004 -13"><span class='ocrx_word' id='word_1_1' title='bbox 243 305 383 365; x_wconf 67' lang='lat' dir='ltr'>i217</span> <span class='ocrx_word' id='word_1_2' title='bbox 1343 297 1574 363; x_wconf 61' lang='grc' dir='ltr'>διεκΜο</span> <span class='ocrx_word' id='word_1_3' title='bbox 1612 292 1752 358; x_wconf 86' lang='lat' dir='ltr'>vm.</span> <span class='ocrx_word' id='word_1_4' title='bbox 1791 328 1861 342; x_wconf 93' lang='lat'><strong>-</strong></span> <span class='ocrx_word' id='word_1_5' title='bbox 1899 289 1991 359; x_wconf 86' lang='lat' dir='ltr'><strong>DE</strong></span> <span class='ocrx_word' id='word_1_6' title='bbox 2040 301 2506 368; x_wconf 78' lang='lat' dir='ltr'>POENITENTIA.</span> <span class='ocrx_word' id='word_1_7' title='bbox 2563 288 2571 290; x_wconf 60' lang='grc'><strong><em>“</em></strong></span> <span class='ocrx_word' id='word_1_8' title='bbox 3457 320 3597 378; x_wconf 71' lang='lat' dir='ltr'>12t8</span> 
     </span>
    </p>
   </div>
   <div class='ocr_carea' id='block_1_2' title="bbox 236 423 1838 510">
    <p class='ocr_par' dir='ltr' id='par_1_2' title="bbox 236 423 1838 505">
     <span class='ocr_line' id='line_1_2' title="bbox 236 423 1838 505; baseline -0.004 -21"><span class='ocrx_word' id='word_1_9' title='bbox 236 433 388 505; x_wconf 73' lang='grc' dir='ltr'>ἡμῶν</span> <span class='ocrx_word' id='word_1_10' title='bbox 427 432 662 504; x_wconf 80' lang='grc' dir='ltr'>ἔρχεται·</span> <span class='ocrx_word' id='word_1_11' title='bbox 706 423 858 500; x_wconf 74' lang='grc' dir='ltr'>Αὐτῷ</span> <span class='ocrx_word' id='word_1_12' title='bbox 907 427 938 488; x_wconf 80' lang='grc' dir='ltr'>ἡ</span> <span class='ocrx_word' id='word_1_13' title='bbox 990 423 1123 493; x_wconf 80' lang='grc' dir='ltr'>δόξα</span> <span class='ocrx_word' id='word_1_14' title='bbox 1168 431 1258 483; x_wconf 81' lang='grc' dir='ltr'>καὶ</span> <span class='ocrx_word' id='word_1_15' title='bbox 1311 431 1372 484; x_wconf 85' lang='grc' dir='ltr'>τό</span> <span class='ocrx_word' id='word_1_16' title='bbox 1400 428 1587 504; x_wconf 75' lang='grc' dir='ltr'>κράτος</span> <span class='ocrx_word' id='word_1_17' title='bbox 1607 427 1678 489; x_wconf 85' lang='grc' dir='ltr'>εἰς</span> <span class='ocrx_word' id='word_1_18' title='bbox 1718 428 1838 489; x_wconf 80' lang='grc' dir='ltr'>τοὺς</span> 
     </span>
    </p>
   </div>
   <div class='ocr_carea' id='block_1_3' title="bbox 1993 423 3595 510">
    <p class='ocr_par' dir='ltr' id='par_1_3' title="bbox 1993 430 3595 510">
     <span class='ocr_line' id='line_1_3' title="bbox 1993 430 3595 510; baseline 0.009 -24"><span class='ocrx_word' id='word_1_19' title='bbox 1993 430 2146 487; x_wconf 76' lang='lat' dir='ltr'>tudio</span> <span class='ocrx_word' id='word_1_20' title='bbox 2167 447 2562 507; x_wconf 80' lang='lat' dir='ltr'>properemus</span> <span class='ocrx_word' id='word_1_21' title='bbox 2585 453 2601 507; x_wconf 91' lang='lat'>;</span> <span class='ocrx_word' id='word_1_22' title='bbox 2625 433 2770 509; x_wconf 86' lang='lat' dir='ltr'>quia</span> <span class='ocrx_word' id='word_1_23' title='bbox 2789 435 3026 510; x_wconf 58' lang='lat' dir='ltr'>quatdie</span> <span class='ocrx_word' id='word_1_24' title='bbox 3046 439 3104 496; x_wconf 91' lang='lat' dir='ltr'>et</span> <span class='ocrx_word' id='word_1_25' title='bbox 3123 439 3276 498; x_wconf 87' lang='lat' dir='ltr'>hora</span> <span class='ocrx_word' id='word_1_26' title='bbox 3304 443 3595 501; x_wconf 75' lang='lat' dir='ltr'>Dominus</span> 
     </span>
    </p>
   </div>
   <div class='ocr_carea' id='block_1_4' title="bbox 237 517 1839 598">
    <p class='ocr_par' dir='ltr' id='par_1_4' title="bbox 237 517 1005 592">
     <span class='ocr_line' id='line_1_4' title="bbox 237 517 1005 592; baseline -0.005 -17"><span class='ocrx_word' id='word_1_27' title='bbox 237 520 428 583; x_wconf 84' lang='grc' dir='ltr'>αἰῶνας</span> <span class='ocrx_word' id='word_1_28' title='bbox 447 527 546 574; x_wconf 89' lang='grc' dir='ltr'>τῶν</span> <span class='ocrx_word' id='word_1_29' title='bbox 576 518 792 576; x_wconf 85' lang='grc' dir='ltr'>αἰώνων.</span> <span class='ocrx_word' id='word_1_30' title='bbox 821 517 1005 592; x_wconf 73' lang='grc' dir='ltr'>Ἀμήν.</span> 
     </span>
    </p>
   </div>
   <div class='ocr_carea' id='block_1_5' title="bbox 1992 517 3594 598">
    <p class='ocr_par' dir='ltr' id='par_1_5' title="bbox 1992 524 3594 598">
     <span class='ocr_line' id='line_1_5' title="bbox 1992 524 3594 598; baseline 0.009 -22"><span class='ocrx_word' id='word_1_31' title='bbox 1992 524 2146 577; x_wconf 89' lang='lat' dir='ltr'>oster</span> <span class='ocrx_word' id='word_1_32' title='bbox 2174 528 2462 580; x_wconf 88' lang='lat' dir='ltr'>venturus</span> <span class='ocrx_word' id='word_1_33' title='bbox 2501 525 2590 598; x_wconf 86' lang='lat' dir='ltr'>sit,</span> <span class='ocrx_word' id='word_1_34' title='bbox 2624 525 2802 582; x_wconf 90' lang='lat' dir='ltr'>nobis</span> <span class='ocrx_word' id='word_1_35' title='bbox 2832 526 3012 598; x_wconf 86' lang='lat' dir='ltr'>plane</span> <span class='ocrx_word' id='word_1_36' title='bbox 3065 533 3152 585; x_wconf 91' lang='lat' dir='ltr'>est</span> <span class='ocrx_word' id='word_1_37' title='bbox 3196 530 3492 590; x_wconf 90' lang='lat' dir='ltr'>incertum</span> <span class='ocrx_word' id='word_1_38' title='bbox 3523 534 3594 590; x_wconf 81' lang='grc'>²⁶.</span> 
     </span>
    </p>
   </div>
   <div class='ocr_carea' id='block_1_6' title="bbox 1948 609 3596 690">
    <p class='ocr_par' dir='ltr' id='par_1_6' title="bbox 1948 609 3596 690">
     <span class='ocr_line' id='line_1_6' title="bbox 1948 609 3596 690; baseline 0.011 -28"><span class='ocrx_word' id='word_1_39' title='bbox 1948 609 2051 664; x_wconf 86' lang='lat' dir='ltr'>Cui</span> <span class='ocrx_word' id='word_1_40' title='bbox 2079 610 2325 682; x_wconf 87' lang='lat' dir='ltr'>quidem</span> <span class='ocrx_word' id='word_1_41' title='bbox 2375 613 2585 686; x_wconf 82' lang='lat' dir='ltr'>gloria,</span> <span class='ocrx_word' id='word_1_42' title='bbox 2615 619 2672 672; x_wconf 86' lang='lat' dir='ltr'>et</span> <span class='ocrx_word' id='word_1_43' title='bbox 2699 619 2984 690; x_wconf 83' lang='lat' dir='ltr'>potestas,</span> <span class='ocrx_word' id='word_1_44' title='bbox 3007 616 3068 674; x_wconf 91' lang='lat' dir='ltr'>in</span> <span class='ocrx_word' id='word_1_45' title='bbox 3098 619 3320 680; x_wconf 79' lang='lat' dir='ltr'>saecula</span> <span class='ocrx_word' id='word_1_46' title='bbox 3350 621 3596 680; x_wconf 66' lang='lat' dir='ltr'>saeculo-</span> 
     </span>
    </p>
   </div>
   <div class='ocr_carea' id='block_1_7' title="bbox 1944 705 2343 758">
    <p class='ocr_par' dir='ltr' id='par_1_7' title="bbox 1944 705 2343 758">
     <span class='ocr_line' id='line_1_7' title="bbox 1944 705 2343 758; baseline 0.013 -4"><span class='ocrx_word' id='word_1_47' title='bbox 1944 713 2100 756; x_wconf 89' lang='lat' dir='ltr'>rum.</span> <span class='ocrx_word' id='word_1_48' title='bbox 2134 705 2343 758; x_wconf 84' lang='lat' dir='ltr'>Amen.</span> 
     </span>
    </p>
   </div>
   <div class='ocr_carea' id='block_1_8' title="bbox 760 827 2362 900">
    <p class='ocr_par' dir='ltr' id='par_1_8' title="bbox 760 828 2362 900">
     <span class='ocr_line' id='line_1_8' title="bbox 760 828 2362 900; baseline -0.002 -22"><span class='ocrx_word' id='word_1_49' title='bbox 760 829 908 878; x_wconf 76' lang='lat' dir='ltr'>IIl-3P1</span> <span class='ocrx_word' id='word_1_50' title='bbox 947 829 1331 879; x_wconf 72' lang='lat' dir='ltr'>METANOIAE</span> <span class='ocrx_word' id='word_1_51' title='bbox 2324 828 2362 900; x_wconf 74' lang='grc' dir='ltr'>ε</span> 
     </span>
    </p>
   </div>
   <div class='ocr_carea' id='block_1_9' title="bbox 1635 827 3237 900">
    <p class='ocr_par' dir='ltr' id='par_1_9' title="bbox 2324 827 3237 900">
     <span class='ocr_line' id='line_1_9' title="bbox 2324 827 3237 900; baseline 0.008 -16"><span class='ocrx_word' id='word_1_52' title='bbox 2324 827 2500 900; x_wconf 73' lang='grc'>514</span> <span class='ocrx_word' id='word_1_53' title='bbox 2550 829 2657 885; x_wconf 87' lang='lat' dir='ltr'>DE</span> <span class='ocrx_word' id='word_1_54' title='bbox 2694 829 3237 892; x_wconf 69' lang='grc' dir='ltr'>ΡἜΝῙΤΕΝΤῙΑ.</span> 
     </span>
    </p>
   </div>
   <div class='ocr_carea' id='block_1_10' title="bbox 883 950 2485 1014">
    <p class='ocr_par' dir='ltr' id='par_1_10' title="bbox 883 950 1210 1008">
     <span class='ocr_line' id='line_1_10' title="bbox 883 950 1210 1008; baseline 0.012 -5"><span class='ocrx_word' id='word_1_55' title='bbox 883 956 1090 1004; x_wconf 79' lang='grc' dir='ltr'>ΛΟΓΟΣ</span> <span class='ocrx_word' id='word_1_56' title='bbox 1131 950 1210 1008; x_wconf 81' lang='grc' dir='ltr'>Η’.</span> 
     </span>
    </p>
   </div>
   <div class='ocr_carea' id='block_1_11' title="bbox 1389 950 2991 1014">
    <p class='ocr_par' dir='ltr' id='par_1_11' title="bbox 2580 955 2991 1014">
     <span class='ocr_line' id='line_1_11' title="bbox 2580 955 2991 1014; baseline 0.005 -2"><span class='ocrx_word' id='word_1_57' title='bbox 2580 956 2807 1013; x_wconf 82' lang='lat' dir='ltr'>SERMO</span> <span class='ocrx_word' id='word_1_58' title='bbox 2849 955 2991 1014; x_wconf 78' lang='lat' dir='ltr'><strong>VIII.</strong></span> 
     </span>
    </p>
   </div>
   <div class='ocr_carea' id='block_1_12' title="bbox 315 1071 1917 1152">
    <p class='ocr_par' dir='ltr' id='par_1_12' title="bbox 315 1071 1836 1147">
     <span class='ocr_line' id='line_1_12' title="bbox 315 1071 1836 1147; baseline -0.004 -16"><span class='ocrx_word' id='word_1_59' title='bbox 315 1079 363 1131; x_wconf 83' lang='grc'><strong>1.</strong></span> <span class='ocrx_word' id='word_1_60' title='bbox 408 1078 585 1138; x_wconf 85' lang='grc' dir='ltr'>Διττός</span> <span class='ocrx_word' id='word_1_61' title='bbox 634 1093 724 1147; x_wconf 89' lang='grc' dir='ltr'>μοι</span> <span class='ocrx_word' id='word_1_62' title='bbox 762 1073 916 1146; x_wconf 84' lang='grc' dir='ltr'>φόϐος</span> <span class='ocrx_word' id='word_1_63' title='bbox 963 1073 1214 1146; x_wconf 70' lang='grc' dir='ltr'>ἐνέσκηψε</span> <span class='ocrx_word' id='word_1_64' title='bbox 1296 1081 1406 1137; x_wconf 83' lang='grc' dir='ltr'>τοῖς</span> <span class='ocrx_word' id='word_1_65' title='bbox 1457 1081 1551 1137; x_wconf 86' lang='grc' dir='ltr'>τῆς</span> <span class='ocrx_word' id='word_1_66' title='bbox 1605 1071 1836 1135; x_wconf 75' lang='grc' dir='ltr'>διανοίας</span> 
     </span>
    </p>
   </div>
   <div class='ocr_carea' id='block_1_13' title="bbox 1995 1071 3597 1152">
    <p class='ocr_par' dir='ltr' id='par_1_13' title="bbox 2016 1078 3597 1152">
     <span class='ocr_line' id='line_1_13' title="bbox 2016 1078 3597 1152; baseline 0.005 -18"><span class='ocrx_word' id='word_1_67' title='bbox 2016 1079 2076 1134; x_wconf 90' lang='grc'>1.</span> <span class='ocrx_word' id='word_1_68' title='bbox 2115 1078 2191 1151; x_wconf 83' lang='grc'>(2)</span> <span class='ocrx_word' id='word_1_69' title='bbox 2220 1078 2445 1152; x_wconf 86' lang='lat' dir='ltr'>Duplex</span> <span class='ocrx_word' id='word_1_70' title='bbox 2478 1079 2654 1137; x_wconf 86' lang='lat' dir='ltr'>timor</span> <span class='ocrx_word' id='word_1_71' title='bbox 2685 1081 2865 1138; x_wconf 85' lang='lat' dir='ltr'>subiit</span> <span class='ocrx_word' id='word_1_72' title='bbox 2893 1082 3112 1140; x_wconf 88' lang='lat' dir='ltr'>mentis</span> <span class='ocrx_word' id='word_1_73' title='bbox 3134 1099 3283 1140; x_wconf 65' lang='lat' dir='ltr'>meae</span> <span class='ocrx_word' id='word_1_74' title='bbox 3302 1084 3467 1140; x_wconf 89' lang='lat' dir='ltr'>sinus</span> <span class='ocrx_word' id='word_1_75' title='bbox 3496 1089 3597 1142; x_wconf 91' lang='lat' dir='ltr'>tua</span> 
     </span>
    </p>
   </div>
   <div class='ocr_carea' id='block_1_14' title="bbox 236 1163 1838 1244">
    <p class='ocr_par' dir='ltr' id='par_1_14' title="bbox 236 1163 1834 1239">
     <span class='ocr_line' id='line_1_14' title="bbox 236 1163 1834 1239; baseline -0.001 -22"><span class='ocrx_word' id='word_1_76' title='bbox 236 1165 451 1227; x_wconf 88' lang='grc' dir='ltr'>κόλποις</span> <span class='ocrx_word' id='word_1_77' title='bbox 507 1163 565 1216; x_wconf 76' lang='grc' dir='ltr'>ἔκ</span> <span class='ocrx_word' id='word_1_78' title='bbox 602 1172 698 1225; x_wconf 81' lang='grc' dir='ltr'>τῆς</span> <span class='ocrx_word' id='word_1_79' title='bbox 753 1169 872 1239; x_wconf 81' lang='grc' dir='ltr'>περὶ</span> <span class='ocrx_word' id='word_1_80' title='bbox 943 1167 1000 1218; x_wconf 65' lang='grc' dir='ltr'>σε</span> <span class='ocrx_word' id='word_1_81' title='bbox 1069 1165 1377 1225; x_wconf 77' lang='grc' dir='ltr'>ὑποθέσεως,</span> <span class='ocrx_word' id='word_1_82' title='bbox 1455 1163 1524 1216; x_wconf 69' lang='lat' dir='ltr'>&quot;ll</span> <span class='ocrx_word' id='word_1_83' title='bbox 1604 1167 1705 1239; x_wconf 78' lang='grc' dir='ltr'>γάρ</span> <span class='ocrx_word' id='word_1_84' title='bbox 1755 1183 1834 1226; x_wconf 86' lang='grc' dir='ltr'>τις</span> 
     </span>
    </p>
   </div>
   <div class='ocr_carea' id='block_1_15' title="bbox 1994 1163 3596 1244">
    <p class='ocr_par' dir='ltr' id='par_1_15' title="bbox 1994 1169 3596 1244">
     <span class='ocr_line' id='line_1_15' title="bbox 1994 1169 3596 1244; baseline 0.004 -23"><span class='ocrx_word' id='word_1_85' title='bbox 1994 1182 2148 1223; x_wconf 78' lang='lat' dir='ltr'>nisa.</span> <span class='ocrx_word' id='word_1_86' title='bbox 2185 1171 2293 1224; x_wconf 86' lang='lat' dir='ltr'>Aut</span> <span class='ocrx_word' id='word_1_87' title='bbox 2334 1169 2496 1225; x_wconf 88' lang='lat' dir='ltr'>enim</span> <span class='ocrx_word' id='word_1_88' title='bbox 2540 1186 2975 1244; x_wconf 67' lang='lat' dir='ltr'>praeoccupans</span> <span class='ocrx_word' id='word_1_89' title='bbox 3016 1188 3113 1228; x_wconf 91' lang='lat' dir='ltr'>me</span> <span class='ocrx_word' id='word_1_90' title='bbox 3171 1172 3596 1228; x_wconf 89' lang='lat' dir='ltr'>immisericors</span> 
     </span>
    </p>
   </div>
   <div class='ocr_carea' id='block_1_16' title="bbox 227 1252 1829 1328">
    <p class='ocr_par' dir='ltr' id='par_1_16' title="bbox 227 1252 1829 1328">
     <span class='ocr_line' id='line_1_16' title="bbox 227 1252 1829 1328; baseline -0.002 -22"><span class='ocrx_word' id='word_1_91' title='bbox 227 1252 561 1326; x_wconf 75' lang='grc' dir='ltr'>’ἀσυμπαθὴς</span> <span class='ocrx_word' id='word_1_92' title='bbox 637 1256 830 1327; x_wconf 80' lang='grc' dir='ltr'>τρόπος</span> <span class='ocrx_word' id='word_1_93' title='bbox 869 1253 1358 1328; x_wconf 78' lang='grc' dir='ltr'>προκαταρξάμενος</span> <span class='ocrx_word' id='word_1_94' title='bbox 1417 1253 1489 1315; x_wconf 81' lang='grc' dir='ltr'>εἰς</span> <span class='ocrx_word' id='word_1_95' title='bbox 1531 1254 1829 1326; x_wconf 80' lang='grc' dir='ltr'>μισανθρω-</span> 
     </span>
    </p>
   </div>
   <div class='ocr_carea' id='block_1_17' title="bbox 1996 1252 3598 1328">
    <p class='ocr_par' dir='ltr' id='par_1_17' title="bbox 1996 1254 3598 1318">
     <span class='ocr_line' id='line_1_17' title="bbox 1996 1254 3598 1318; baseline 0.004 -8"><span class='ocrx_word' id='word_1_96' title='bbox 1996 1254 2197 1312; x_wconf 88' lang='lat' dir='ltr'>uidam</span> <span class='ocrx_word' id='word_1_97' title='bbox 2227 1257 2624 1315; x_wconf 87' lang='lat' dir='ltr'>animimotus</span> <span class='ocrx_word' id='word_1_98' title='bbox 2652 1260 2712 1314; x_wconf 89' lang='lat' dir='ltr'>in</span> <span class='ocrx_word' id='word_1_99' title='bbox 2726 1260 2953 1316; x_wconf 88' lang='lat' dir='ltr'>crimen</span> <span class='ocrx_word' id='word_1_100' title='bbox 2980 1260 3438 1317; x_wconf 83' lang='lat' dir='ltr'>inhumanitatis</span> <span class='ocrx_word' id='word_1_101' title='bbox 3459 1278 3598 1318; x_wconf 88' lang='lat' dir='ltr'>con-</span> 
     </span>
    </p>
   </div>
   <div class='ocr_carea' id='block_1_18' title="bbox 236 1339 1838 1419">
    <p class='ocr_par' dir='ltr' id='par_1_18' title="bbox 236 1339 1835 1418">
     <span class='ocr_line' id='line_1_18' title="bbox 236 1339 1835 1418; baseline -0.002 -22"><span class='ocrx_word' id='word_1_102' title='bbox 236 1348 358 1405; x_wconf 85' lang='grc' dir='ltr'>πίας</span> <span class='ocrx_word' id='word_1_103' title='bbox 404 1343 637 1416; x_wconf 75' lang='grc' dir='ltr'>ἔγκλημά</span> <span class='ocrx_word' id='word_1_104' title='bbox 683 1362 746 1416; x_wconf 79' lang='grc' dir='ltr'>με</span> <span class='ocrx_word' id='word_1_105' title='bbox 800 1342 1148 1418; x_wconf 80' lang='grc' dir='ltr'>πετιρρίπτει,</span> <span class='ocrx_word' id='word_1_106' title='bbox 1211 1344 1242 1402; x_wconf 82' lang='grc' dir='ltr'><strong>ἣ</strong></span> <span class='ocrx_word' id='word_1_107' title='bbox 1329 1339 1476 1404; x_wconf 75' lang='grc' dir='ltr'>αὖθις</span> <span class='ocrx_word' id='word_1_108' title='bbox 1543 1344 1835 1416; x_wconf 74' lang='grc' dir='ltr'>συμπαθεῖν</span> 
     </span>
    </p>
   </div>
   <div class='ocr_carea' id='block_1_19' title="bbox 1993 1339 3595 1419">
    <p class='ocr_par' dir='ltr' id='par_1_19' title="bbox 1993 1343 3595 1419">
     <span class='ocr_line' id='line_1_19' title="bbox 1993 1343 3595 1419; baseline 0.004 -19"><span class='ocrx_word' id='word_1_109' title='bbox 1993 1343 2088 1413; x_wconf 89' lang='lat' dir='ltr'>cit,</span> <span class='ocrx_word' id='word_1_110' title='bbox 2130 1350 2234 1401; x_wconf 89' lang='lat' dir='ltr'>aut</span> <span class='ocrx_word' id='word_1_111' title='bbox 2282 1362 2493 1402; x_wconf 82' lang='lat' dir='ltr'>rursus</span> <span class='ocrx_word' id='word_1_112' title='bbox 2522 1347 2793 1404; x_wconf 86' lang='lat' dir='ltr'>misereri</span> <span class='ocrx_word' id='word_1_113' title='bbox 2836 1348 3161 1419; x_wconf 87' lang='lat' dir='ltr'>volentem,</span> <span class='ocrx_word' id='word_1_114' title='bbox 3194 1350 3375 1406; x_wconf 89' lang='lat' dir='ltr'>etiam</span> <span class='ocrx_word' id='word_1_115' title='bbox 3406 1354 3472 1406; x_wconf 88' lang='lat' dir='ltr'>ut</span> <span class='ocrx_word' id='word_1_116' title='bbox 3518 1350 3595 1407; x_wconf 87' lang='lat' dir='ltr'>ad</span> 
     </span>
    </p>
   </div>
   <div class='ocr_carea' id='block_1_20' title="bbox 239 1431 1841 1509">
    <p class='ocr_par' dir='ltr' id='par_1_20' title="bbox 239 1431 1836 1507">
     <span class='ocr_line' id='line_1_20' title="bbox 239 1431 1836 1507; baseline -0.001 -22"><span class='ocrx_word' id='word_1_117' title='bbox 239 1431 493 1495; x_wconf 72' lang='grc' dir='ltr'>ἐθέλοντα,</span> <span class='ocrx_word' id='word_1_118' title='bbox 543 1436 634 1486; x_wconf 81' lang='grc' dir='ltr'>καὶ</span> <span class='ocrx_word' id='word_1_119' title='bbox 699 1435 829 1507; x_wconf 84' lang='grc' dir='ltr'>πρὸς</span> <span class='ocrx_word' id='word_1_120' title='bbox 881 1434 948 1485; x_wconf 80' lang='grc' dir='ltr'>τὰ</span> <span class='ocrx_word' id='word_1_121' title='bbox 988 1434 1130 1490; x_wconf 74' lang='grc' dir='ltr'>πάθη</span> <span class='ocrx_word' id='word_1_122' title='bbox 1207 1431 1614 1506; x_wconf 72' lang='grc' dir='ltr'>μαλακίζεσθαι,</span> <span class='ocrx_word' id='word_1_123' title='bbox 1667 1440 1836 1492; x_wconf 83' lang='grc' dir='ltr'>κακῶς</span> 
     </span>
    </p>
   </div>
   <div class='ocr_carea' id='block_1_21' title="bbox 1996 1431 3598 1509">
    <p class='ocr_par' dir='ltr' id='par_1_21' title="bbox 1996 1434 3598 1509">
     <span class='ocr_line' id='line_1_21' title="bbox 1996 1434 3598 1509; baseline 0.005 -21"><span class='ocrx_word' id='word_1_124' title='bbox 1996 1434 2084 1490; x_wconf 70' lang='lat' dir='ltr'>itia</span> <span class='ocrx_word' id='word_1_125' title='bbox 2117 1435 2558 1509; x_wconf 89' lang='lat' dir='ltr'>remollescam,</span> <span class='ocrx_word' id='word_1_126' title='bbox 2591 1436 2749 1492; x_wconf 89' lang='lat' dir='ltr'>male</span> <span class='ocrx_word' id='word_1_127' title='bbox 2781 1438 3092 1494; x_wconf 80' lang='lat' dir='ltr'>convertit.</span> <span class='ocrx_word' id='word_1_128' title='bbox 3137 1439 3329 1504; x_wconf 85' lang='lat' dir='ltr'>Quare</span> <span class='ocrx_word' id='word_1_129' title='bbox 3360 1444 3417 1495; x_wconf 90' lang='lat' dir='ltr'>et</span> <span class='ocrx_word' id='word_1_130' title='bbox 3439 1440 3598 1496; x_wconf 88' lang='lat' dir='ltr'>hanc</span> 
     </span>
    </p>
   </div>
   <div class='ocr_carea' id='block_1_22' title="bbox 240 1517 1842 1598">
    <p class='ocr_par' dir='ltr' id='par_1_22' title="bbox 240 1517 1836 1597">
     <span class='ocr_line' id='line_1_22' title="bbox 240 1517 1836 1597; baseline -0.003 -21"><span class='ocrx_word' id='word_1_131' title='bbox 240 1519 538 1580; x_wconf 85' lang='grc' dir='ltr'>διατίθησι.</span> <span class='ocrx_word' id='word_1_132' title='bbox 599 1526 786 1596; x_wconf 72' lang='grc' dir='ltr'>Διόπερ</span> <span class='ocrx_word' id='word_1_133' title='bbox 853 1525 943 1574; x_wconf 82' lang='grc' dir='ltr'>καὶ</span> <span class='ocrx_word' id='word_1_134' title='bbox 993 1517 1374 1597; x_wconf 78' lang='grc' dir='ltr'>διαχαράττειν</span> <span class='ocrx_word' id='word_1_135' title='bbox 1441 1520 1633 1595; x_wconf 83' lang='grc' dir='ltr'>μέλλων</span> <span class='ocrx_word' id='word_1_136' title='bbox 1688 1525 1836 1575; x_wconf 82' lang='grc' dir='ltr'>τουτί</span> 
     </span>
    </p>
   </div>
   <div class='ocr_carea' id='block_1_23' title="bbox 1996 1517 3598 1598">
    <p class='ocr_par' dir='ltr' id='par_1_23' title="bbox 1996 1523 3598 1598">
     <span class='ocr_line' id='line_1_23' title="bbox 1996 1523 3598 1598; baseline 0.003 -20"><span class='ocrx_word' id='word_1_137' title='bbox 1996 1538 2146 1578; x_wconf 73' lang='lat' dir='ltr'>leam</span> <span class='ocrx_word' id='word_1_138' title='bbox 2186 1523 2502 1596; x_wconf 83' lang='lat' dir='ltr'>epistolam</span> <span class='ocrx_word' id='word_1_139' title='bbox 2524 1530 2899 1598; x_wconf 84' lang='lat' dir='ltr'>exaraturus,</span> <span class='ocrx_word' id='word_1_140' title='bbox 2932 1542 3181 1582; x_wconf 88' lang='lat' dir='ltr'>manum</span> <span class='ocrx_word' id='word_1_141' title='bbox 3209 1527 3448 1598; x_wconf 87' lang='lat' dir='ltr'>quidem</span> <span class='ocrx_word' id='word_1_142' title='bbox 3481 1532 3598 1583; x_wconf 86' lang='lat' dir='ltr'>tor-</span> 
     </span>
    </p>
   </div>
   <div class='ocr_carea' id='block_1_24' title="bbox 233 1611 1835 1687">
    <p class='ocr_par' dir='ltr' id='par_1_24' title="bbox 233 1611 1835 1687">
     <span class='ocr_line' id='line_1_24' title="bbox 233 1611 1835 1687; baseline 0 -23"><span class='ocrx_word' id='word_1_143' title='bbox 233 1631 339 1684; x_wconf 88' lang='grc' dir='ltr'>μου</span> <span class='ocrx_word' id='word_1_144' title='bbox 385 1614 442 1664; x_wconf 87' lang='grc' dir='ltr'>τὸ</span> <span class='ocrx_word' id='word_1_145' title='bbox 494 1613 735 1686; x_wconf 75' lang='grc' dir='ltr'>γράμμα,</span> <span class='ocrx_word' id='word_1_146' title='bbox 791 1614 886 1669; x_wconf 78' lang='grc' dir='ltr'>τὴν</span> <span class='ocrx_word' id='word_1_147' title='bbox 932 1612 1024 1684; x_wconf 67' lang='grc' dir='ltr'>μὲν</span> <span class='ocrx_word' id='word_1_148' title='bbox 1067 1618 1226 1687; x_wconf 81' lang='grc' dir='ltr'>χεῖρα</span> <span class='ocrx_word' id='word_1_149' title='bbox 1272 1619 1546 1685; x_wconf 88' lang='grc' dir='ltr'>ναρκῶσαν</span> <span class='ocrx_word' id='word_1_150' title='bbox 1593 1619 1703 1672; x_wconf 87' lang='grc' dir='ltr'>τοίς</span> <span class='ocrx_word' id='word_1_151' title='bbox 1745 1611 1835 1664; x_wconf 84' lang='grc' dir='ltr'>λο-</span> 
     </span>
    </p>
   </div>
   <div class='ocr_carea' id='block_1_25' title="bbox 1994 1611 3596 1687">
    <p class='ocr_par' dir='ltr' id='par_1_25' title="bbox 1994 1615 3596 1686">
     <span class='ocr_line' id='line_1_25' title="bbox 1994 1615 3596 1686; baseline 0.003 -19"><span class='ocrx_word' id='word_1_152' title='bbox 1994 1617 2286 1668; x_wconf 84' lang='lat' dir='ltr'>esccntem</span> <span class='ocrx_word' id='word_1_153' title='bbox 2313 1615 2874 1671; x_wconf 80' lang='lat' dir='ltr'>ratiocinationibus</span> <span class='ocrx_word' id='word_1_154' title='bbox 2897 1615 3303 1686; x_wconf 88' lang='lat' dir='ltr'>eorroboravi,</span> <span class='ocrx_word' id='word_1_155' title='bbox 3337 1617 3443 1672; x_wconf 90' lang='lat' dir='ltr'>sed</span> <span class='ocrx_word' id='word_1_156' title='bbox 3468 1616 3596 1672; x_wconf 86' lang='lat' dir='ltr'>vul-</span> 
     </span>
    </p>
   </div>
   <div class='ocr_carea' id='block_1_26' title="bbox 233 1697 1835 1776">
    <p class='ocr_par' dir='ltr' id='par_1_26' title="bbox 233 1697 1835 1776">
     <span class='ocr_line' id='line_1_26' title="bbox 233 1697 1835 1776; baseline -0.001 -22"><span class='ocrx_word' id='word_1_157' title='bbox 233 1708 450 1774; x_wconf 84' lang='grc' dir='ltr'>γισμοῖς</span> <span class='ocrx_word' id='word_1_158' title='bbox 498 1700 779 1770; x_wconf 77' lang='grc' dir='ltr'>ἕνεύρωσα,</span> <span class='ocrx_word' id='word_1_159' title='bbox 827 1703 886 1753; x_wconf 88' lang='grc' dir='ltr'>τό</span> <span class='ocrx_word' id='word_1_160' title='bbox 936 1697 996 1754; x_wconf 64' lang='grc' dir='ltr'>δὲ</span> <span class='ocrx_word' id='word_1_161' title='bbox 1054 1706 1353 1774; x_wconf 84' lang='grc' dir='ltr'>πρόσωπον,</span> <span class='ocrx_word' id='word_1_162' title='bbox 1407 1702 1732 1776; x_wconf 76' lang='grc' dir='ltr'>ἠπορημένον</span> <span class='ocrx_word' id='word_1_163' title='bbox 1782 1698 1835 1752; x_wconf 85' lang='grc' dir='ltr'>ἐκ</span> 
     </span>
    </p>
   </div>
   <div class='ocr_carea' id='block_1_27' title="bbox 1993 1697 3595 1776">
    <p class='ocr_par' dir='ltr' id='par_1_27' title="bbox 1993 1705 3595 1776">
     <span class='ocr_line' id='line_1_27' title="bbox 1993 1705 3595 1776; baseline 0.004 -20"><span class='ocrx_word' id='word_1_164' title='bbox 1993 1719 2092 1774; x_wconf 79' lang='lat' dir='ltr'>im,</span> <span class='ocrx_word' id='word_1_165' title='bbox 2124 1719 2196 1758; x_wconf 87' lang='lat' dir='ltr'>ex</span> <span class='ocrx_word' id='word_1_166' title='bbox 2226 1709 2518 1776; x_wconf 87' lang='lat' dir='ltr'>concepta</span> <span class='ocrx_word' id='word_1_167' title='bbox 2561 1709 2804 1776; x_wconf 81' lang='lat' dir='ltr'>propter</span> <span class='ocrx_word' id='word_1_168' title='bbox 2826 1709 2879 1760; x_wconf 90' lang='lat' dir='ltr'>te</span> <span class='ocrx_word' id='word_1_169' title='bbox 2912 1705 3142 1762; x_wconf 73' lang='lat' dir='ltr'>tristitia</span> <span class='ocrx_word' id='word_1_170' title='bbox 3175 1706 3445 1776; x_wconf 84' lang='lat' dir='ltr'>anxium,</span> <span class='ocrx_word' id='word_1_171' title='bbox 3467 1723 3595 1762; x_wconf 89' lang='lat' dir='ltr'>mu-</span> 
     </span>
    </p>
   </div>
   <div class='ocr_carea' id='block_1_28' title="bbox 234 1783 1836 1866">
    <p class='ocr_par' dir='ltr' id='par_1_28' title="bbox 234 1788 1836 1863">
     <span class='ocr_line' id='line_1_28' title="bbox 234 1788 1836 1863; baseline 0.001 -21"><span class='ocrx_word' id='word_1_172' title='bbox 234 1797 334 1852; x_wconf 74' lang='grc' dir='ltr'>τῆς</span> <span class='ocrx_word' id='word_1_173' title='bbox 377 1788 461 1843; x_wconf 80' lang='grc' dir='ltr'>ἐπὶ</span> <span class='ocrx_word' id='word_1_174' title='bbox 508 1794 592 1842; x_wconf 82' lang='grc' dir='ltr'>σοὶ</span> <span class='ocrx_word' id='word_1_175' title='bbox 637 1794 944 1863; x_wconf 72' lang='grc' dir='ltr'>κατηφείας,</span> <span class='ocrx_word' id='word_1_176' title='bbox 1000 1788 1280 1843; x_wconf 76' lang='grc' dir='ltr'>ἀλλοιῶσαι</span> <span class='ocrx_word' id='word_1_177' title='bbox 1335 1790 1431 1842; x_wconf 88' lang='grc' dir='ltr'>ούκ</span> <span class='ocrx_word' id='word_1_178' title='bbox 1490 1791 1718 1862; x_wconf 85' lang='grc' dir='ltr'>ἰσχυσα,</span> <span class='ocrx_word' id='word_1_179' title='bbox 1757 1809 1836 1843; x_wconf 89' lang='grc' dir='ltr'>το-</span> 
     </span>
    </p>
   </div>
   <div class='ocr_carea' id='block_1_29' title="bbox 1995 1783 3597 1866">
    <p class='ocr_par' dir='ltr' id='par_1_29' title="bbox 1995 1792 3597 1866">
     <span class='ocr_line' id='line_1_29' title="bbox 1995 1792 3597 1866; baseline 0.002 -20"><span class='ocrx_word' id='word_1_180' title='bbox 1995 1807 2070 1846; x_wconf 66' lang='grc' dir='ltr'>ηνθ</span> <span class='ocrx_word' id='word_1_181' title='bbox 2110 1807 2231 1846; x_wconf 92' lang='lat' dir='ltr'>non</span> <span class='ocrx_word' id='word_1_182' title='bbox 2282 1792 2482 1864; x_wconf 83' lang='lat' dir='ltr'>potui;</span> <span class='ocrx_word' id='word_1_183' title='bbox 2544 1797 2706 1848; x_wconf 88' lang='lat' dir='ltr'>tanto</span> <span class='ocrx_word' id='word_1_184' title='bbox 2762 1793 2909 1849; x_wconf 87' lang='lat' dir='ltr'>mihi</span> <span class='ocrx_word' id='word_1_185' title='bbox 2955 1794 3199 1849; x_wconf 90' lang='lat' dir='ltr'>incusso</span> <span class='ocrx_word' id='word_1_186' title='bbox 3252 1793 3502 1866; x_wconf 89' lang='lat' dir='ltr'>pudore,</span> <span class='ocrx_word' id='word_1_187' title='bbox 3534 1798 3597 1850; x_wconf 89' lang='lat' dir='ltr'>ut</span> 
     </span>
    </p>
   </div>
   <div class='ocr_carea' id='block_1_30' title="bbox 237 1877 1839 1952">
    <p class='ocr_par' dir='ltr' id='par_1_30' title="bbox 237 1877 1836 1952">
     <span class='ocr_line' id='line_1_30' title="bbox 237 1877 1836 1952; baseline -0.001 -21"><span class='ocrx_word' id='word_1_188' title='bbox 237 1880 438 1941; x_wconf 85' lang='grc' dir='ltr'>σαύτης</span> <span class='ocrx_word' id='word_1_189' title='bbox 494 1897 585 1952; x_wconf 86' lang='grc' dir='ltr'>μοι</span> <span class='ocrx_word' id='word_1_190' title='bbox 636 1877 958 1952; x_wconf 71' lang='grc' dir='ltr'>ἐπικειμένης</span> <span class='ocrx_word' id='word_1_191' title='bbox 1006 1877 1292 1952; x_wconf 77' lang='grc' dir='ltr'>αἰσχύνης,</span> <span class='ocrx_word' id='word_1_192' title='bbox 1348 1880 1414 1940; x_wconf 82' lang='grc' dir='ltr'>ὡς</span> <span class='ocrx_word' id='word_1_193' title='bbox 1459 1884 1549 1932; x_wconf 79' lang='grc' dir='ltr'>καὶ</span> <span class='ocrx_word' id='word_1_194' title='bbox 1594 1882 1688 1937; x_wconf 78' lang='grc' dir='ltr'>τήν</span> <span class='ocrx_word' id='word_1_195' title='bbox 1743 1885 1836 1932; x_wconf 84' lang='grc' dir='ltr'>τοῦ</span> 
     </span>
    </p>
   </div>
   <div class='ocr_carea' id='block_1_31' title="bbox 1993 1877 3595 1952">
    <p class='ocr_par' dir='ltr' id='par_1_31' title="bbox 1993 1879 3595 1952">
     <span class='ocr_line' id='line_1_31' title="bbox 1993 1879 3595 1952; baseline 0.002 -18"><span class='ocrx_word' id='word_1_196' title='bbox 1993 1879 2065 1935; x_wconf 88' lang='lat' dir='ltr'>ris</span> <span class='ocrx_word' id='word_1_197' title='bbox 2103 1879 2282 1936; x_wconf 87' lang='lat' dir='ltr'>etiam</span> <span class='ocrx_word' id='word_1_198' title='bbox 2313 1879 2524 1952; x_wconf 86' lang='lat' dir='ltr'>ﬂexus,</span> <span class='ocrx_word' id='word_1_199' title='bbox 2555 1881 2731 1937; x_wconf 82' lang='lat' dir='ltr'>labiis</span> <span class='ocrx_word' id='word_1_200' title='bbox 2757 1883 2905 1938; x_wconf 90' lang='lat' dir='ltr'>meis</span> <span class='ocrx_word' id='word_1_201' title='bbox 2926 1881 2986 1938; x_wconf 91' lang='lat' dir='ltr'>in</span> <span class='ocrx_word' id='word_1_202' title='bbox 3015 1882 3247 1939; x_wconf 89' lang='lat' dir='ltr'>luctum</span> <span class='ocrx_word' id='word_1_203' title='bbox 3264 1884 3595 1951; x_wconf 86' lang='lat' dir='ltr'>conversis,</span> 
     </span>
    </p>
   </div>
   <div class='ocr_carea' id='block_1_32' title="bbox 238 1966 1840 2044">
    <p class='ocr_par' dir='ltr' id='par_1_32' title="bbox 238 1966 1831 2041">
     <span class='ocr_line' id='line_1_32' title="bbox 238 1966 1831 2041; baseline -0.001 -20"><span class='ocrx_word' id='word_1_204' title='bbox 238 1972 498 2041; x_wconf 81' lang='grc' dir='ltr'>στόματος</span> <span class='ocrx_word' id='word_1_205' title='bbox 569 1966 860 2040; x_wconf 79' lang='grc' dir='ltr'>σύμπτυξιν</span> <span class='ocrx_word' id='word_1_206' title='bbox 895 1977 1232 2041; x_wconf 80' lang='grc' dir='ltr'>παραχρῆμα</span> <span class='ocrx_word' id='word_1_207' title='bbox 1303 1971 1530 2036; x_wconf 81' lang='grc' dir='ltr'>πίπτειν,</span> <span class='ocrx_word' id='word_1_208' title='bbox 1571 1976 1670 2020; x_wconf 88' lang='grc' dir='ltr'>τῶν</span> <span class='ocrx_word' id='word_1_209' title='bbox 1714 1987 1831 2039; x_wconf 82' lang='grc' dir='ltr'>χει-</span> 
     </span>
    </p>
   </div>
   <div class='ocr_carea' id='block_1_33' title="bbox 1995 1966 3597 2044">
    <p class='ocr_par' dir='ltr' id='par_1_33' title="bbox 2000 1967 3597 2044">
     <span class='ocr_line' id='line_1_33' title="bbox 2000 1967 3597 2044; baseline 0.002 -21"><span class='ocrx_word' id='word_1_210' title='bbox 2000 1968 2144 2023; x_wconf 88' lang='lat' dir='ltr'>atim</span> <span class='ocrx_word' id='word_1_211' title='bbox 2166 1967 2525 2024; x_wconf 88' lang='lat' dir='ltr'>concideret.</span> <span class='ocrx_word' id='word_1_212' title='bbox 2549 1969 2648 2024; x_wconf 83' lang='lat' dir='ltr'>Hei</span> <span class='ocrx_word' id='word_1_213' title='bbox 2669 1967 2838 2039; x_wconf 88' lang='lat' dir='ltr'>mihi,</span> <span class='ocrx_word' id='word_1_214' title='bbox 2865 1969 3012 2042; x_wconf 89' lang='lat' dir='ltr'>quid</span> <span class='ocrx_word' id='word_1_215' title='bbox 3041 1970 3260 2041; x_wconf 85' lang='lat' dir='ltr'>dicam,</span> <span class='ocrx_word' id='word_1_216' title='bbox 3310 1975 3414 2026; x_wconf 88' lang='lat' dir='ltr'>aut</span> <span class='ocrx_word' id='word_1_217' title='bbox 3449 1971 3597 2044; x_wconf 90' lang='lat' dir='ltr'>quid</span> 
     </span>
    </p>
   </div>
   <div class='ocr_carea' id='block_1_34' title="bbox 229 2054 1831 2132">
    <p class='ocr_par' dir='ltr' id='par_1_34' title="bbox 229 2054 1831 2132">
     <span class='ocr_line' id='line_1_34' title="bbox 229 2054 1831 2132; baseline 0 -22"><span class='ocrx_word' id='word_1_218' title='bbox 229 2055 359 2111; x_wconf 75' lang='grc' dir='ltr'>λέων</span> <span class='ocrx_word' id='word_1_219' title='bbox 417 2077 518 2130; x_wconf 89' lang='grc' dir='ltr'>μου</span> <span class='ocrx_word' id='word_1_220' title='bbox 582 2055 650 2118; x_wconf 75' lang='grc' dir='ltr'>εἰς</span> <span class='ocrx_word' id='word_1_221' title='bbox 723 2056 990 2130; x_wconf 87' lang='grc' dir='ltr'>κλαυθμόν</span> <span class='ocrx_word' id='word_1_222' title='bbox 1060 2056 1468 2132; x_wconf 77' lang='grc' dir='ltr'>ἐκτρεπσμένων.</span> <span class='ocrx_word' id='word_1_223' title='bbox 1523 2054 1728 2130; x_wconf 70' lang='grc' dir='ltr'>Οῖμοιῑ</span> <span class='ocrx_word' id='word_1_224' title='bbox 1783 2062 1831 2110; x_wconf 85' lang='grc' dir='ltr'>τί</span> 
     </span>
    </p>
   </div>
   <div class='ocr_carea' id='block_1_35' title="bbox 1993 2054 3595 2132">
    <p class='ocr_par' dir='ltr' id='par_1_35' title="bbox 1993 2055 3595 2132">
     <span class='ocr_line' id='line_1_35' title="bbox 1993 2055 3595 2132; baseline 0.001 -20"><span class='ocrx_word' id='word_1_225' title='bbox 1993 2056 2200 2128; x_wconf 64' lang='lat' dir='ltr'>agitem</span> <span class='ocrx_word' id='word_1_226' title='bbox 2221 2056 2282 2111; x_wconf 90' lang='lat' dir='ltr'>in</span> <span class='ocrx_word' id='word_1_227' title='bbox 2326 2055 2500 2113; x_wconf 86' lang='lat' dir='ltr'>trivio</span> <span class='ocrx_word' id='word_1_228' title='bbox 2527 2059 2926 2114; x_wconf 83' lang='lat' dir='ltr'>constitutus?</span> <span class='ocrx_word' id='word_1_229' title='bbox 2959 2058 3016 2114; x_wconf 89' lang='lat' dir='ltr'>Si</span> <span class='ocrx_word' id='word_1_230' title='bbox 3045 2058 3194 2114; x_wconf 89' lang='lat' dir='ltr'>mihi</span> <span class='ocrx_word' id='word_1_231' title='bbox 3232 2059 3448 2132; x_wconf 88' lang='lat' dir='ltr'>prioris</span> <span class='ocrx_word' id='word_1_232' title='bbox 3478 2065 3595 2114; x_wconf 66' lang='lat' dir='ltr'>tuas</span> 
     </span>
    </p>
   </div>
   <div class='ocr_carea' id='block_1_36' title="bbox 230 2143 1832 2222">
    <p class='ocr_par' dir='ltr' id='par_1_36' title="bbox 230 2143 1830 2222">
     <span class='ocr_line' id='line_1_36' title="bbox 230 2143 1830 2222; baseline -0.001 -22"><span class='ocrx_word' id='word_1_233' title='bbox 230 2149 386 2217; x_wconf 74' lang='grc' dir='ltr'>εἴπω,</span> <span class='ocrx_word' id='word_1_234' title='bbox 429 2150 460 2205; x_wconf 81' lang='grc' dir='ltr'><strong>ἣ</strong></span> <span class='ocrx_word' id='word_1_235' title='bbox 501 2150 554 2200; x_wconf 80' lang='grc' dir='ltr'>τί</span> <span class='ocrx_word' id='word_1_236' title='bbox 594 2145 914 2220; x_wconf 72' lang='grc' dir='ltr'>λογίσωμαι,</span> <span class='ocrx_word' id='word_1_237' title='bbox 957 2145 1006 2199; x_wconf 82' lang='grc' dir='ltr'>ἐν</span> <span class='ocrx_word' id='word_1_238' title='bbox 1035 2143 1232 2222; x_wconf 73' lang='grc' dir='ltr'>τριόδῳ</span> <span class='ocrx_word' id='word_1_239' title='bbox 1284 2148 1358 2210; x_wconf 83' lang='lat' dir='ltr'>(l)</span> <span class='ocrx_word' id='word_1_240' title='bbox 1419 2146 1830 2219; x_wconf 75' lang='grc' dir='ltr'>ἀπειλημμένοςς</span> 
     </span>
    </p>
   </div>
   <div class='ocr_carea' id='block_1_37' title="bbox 1993 2143 3595 2222">
    <p class='ocr_par' dir='ltr' id='par_1_37' title="bbox 1993 2146 3595 2216">
     <span class='ocr_line' id='line_1_37' title="bbox 1993 2146 3595 2216; baseline 0.001 -13"><span class='ocrx_word' id='word_1_241' title='bbox 1993 2162 2112 2203; x_wconf 62' lang='lat' dir='ltr'>ana;</span> <span class='ocrx_word' id='word_1_242' title='bbox 2143 2146 2387 2202; x_wconf 85' lang='lat' dir='ltr'>vivendi</span> <span class='ocrx_word' id='word_1_243' title='bbox 2416 2146 2665 2203; x_wconf 88' lang='lat' dir='ltr'>rationis</span> <span class='ocrx_word' id='word_1_244' title='bbox 2697 2147 2897 2204; x_wconf 87' lang='lat' dir='ltr'>veniat</span> <span class='ocrx_word' id='word_1_245' title='bbox 2917 2148 2979 2203; x_wconf 90' lang='lat' dir='ltr'>in</span> <span class='ocrx_word' id='word_1_246' title='bbox 2998 2154 3280 2216; x_wconf 88' lang='lat' dir='ltr'>mentem,</span> <span class='ocrx_word' id='word_1_247' title='bbox 3314 2165 3451 2205; x_wconf 90' lang='lat' dir='ltr'>cum</span> <span class='ocrx_word' id='word_1_248' title='bbox 3483 2149 3595 2205; x_wconf 91' lang='lat' dir='ltr'>cir-</span> 
     </span>
    </p>
   </div>
   <div class='ocr_carea' id='block_1_38' title="bbox 237 2235 1839 2310">
    <p class='ocr_par' dir='ltr' id='par_1_38' title="bbox 237 2235 1833 2310">
     <span class='ocr_line' id='line_1_38' title="bbox 237 2235 1833 2310; baseline -0.001 -21"><span class='ocrx_word' id='word_1_249' title='bbox 237 2235 358 2290; x_wconf 76' lang='grc' dir='ltr'>Ἐἁν</span> <span class='ocrx_word' id='word_1_250' title='bbox 415 2235 546 2288; x_wconf 75' lang='grc' dir='ltr'>ἔλθω</span> <span class='ocrx_word' id='word_1_251' title='bbox 593 2235 663 2299; x_wconf 81' lang='grc' dir='ltr'>εἰς</span> <span class='ocrx_word' id='word_1_252' title='bbox 711 2240 922 2309; x_wconf 78' lang='grc' dir='ltr'>μνήμην</span> <span class='ocrx_word' id='word_1_253' title='bbox 985 2243 1081 2297; x_wconf 83' lang='grc' dir='ltr'>τῆς</span> <span class='ocrx_word' id='word_1_254' title='bbox 1151 2240 1405 2310; x_wconf 81' lang='grc' dir='ltr'>προτέρας</span> <span class='ocrx_word' id='word_1_255' title='bbox 1464 2255 1557 2289; x_wconf 86' lang='grc' dir='ltr'>σου</span> <span class='ocrx_word' id='word_1_256' title='bbox 1606 2241 1833 2308; x_wconf 83' lang='grc' dir='ltr'>ματαίας</span> 
     </span>
    </p>
   </div>
   <div class='ocr_carea' id='block_1_39' title="bbox 1991 2235 3593 2310">
    <p class='ocr_par' dir='ltr' id='par_1_39' title="bbox 1991 2235 3593 2310">
     <span class='ocr_line' id='line_1_39' title="bbox 1991 2235 3593 2310; baseline 0.002 -20"><span class='ocrx_word' id='word_1_257' title='bbox 1991 2235 2338 2291; x_wconf 75' lang='lat' dir='ltr'>Jmﬂuerent</span> <span class='ocrx_word' id='word_1_258' title='bbox 2372 2240 2425 2292; x_wconf 90' lang='lat' dir='ltr'>te</span> <span class='ocrx_word' id='word_1_259' title='bbox 2475 2235 2716 2301; x_wconf 62' lang='lat' dir='ltr'>divitiae,</span> <span class='ocrx_word' id='word_1_260' title='bbox 2745 2253 2814 2292; x_wconf 89' lang='lat' dir='ltr'>ac</span> <span class='ocrx_word' id='word_1_261' title='bbox 2835 2236 3004 2292; x_wconf 86' lang='lat' dir='ltr'>humi</span> <span class='ocrx_word' id='word_1_262' title='bbox 3052 2253 3270 2310; x_wconf 91' lang='lat' dir='ltr'>repens</span> <span class='ocrx_word' id='word_1_263' title='bbox 3319 2238 3593 2308; x_wconf 79' lang='lat' dir='ltr'>gloriola,</span> 
     </span>
    </p>
   </div>
   <div class='ocr_carea' id='block_1_40' title="bbox 233 2323 1835 2400">
    <p class='ocr_par' dir='ltr' id='par_1_40' title="bbox 233 2323 1831 2400">
     <span class='ocr_line' id='line_1_40' title="bbox 233 2323 1831 2400; baseline 0.001 -24"><span class='ocrx_word' id='word_1_264' title='bbox 233 2324 586 2398; x_wconf 72' lang='grc' dir='ltr'>ἀναστροφῆς,</span> <span class='ocrx_word' id='word_1_265' title='bbox 659 2325 742 2378; x_wconf 84' lang='grc' dir='ltr'>ὅτε</span> <span class='ocrx_word' id='word_1_266' title='bbox 804 2344 889 2378; x_wconf 90' lang='grc' dir='ltr'>σοι</span> <span class='ocrx_word' id='word_1_267' title='bbox 962 2323 1216 2400; x_wconf 73' lang='grc' dir='ltr'>περιέρρει</span> <span class='ocrx_word' id='word_1_268' title='bbox 1285 2325 1519 2397; x_wconf 79' lang='grc' dir='ltr'>πλοῦτος,</span> <span class='ocrx_word' id='word_1_269' title='bbox 1598 2330 1688 2378; x_wconf 88' lang='grc' dir='ltr'>καὶ</span> <span class='ocrx_word' id='word_1_270' title='bbox 1772 2330 1831 2378; x_wconf 91' lang='grc' dir='ltr'>τό</span> 
     </span>
    </p>
   </div>
   <div class='ocr_carea' id='block_1_41' title="bbox 1990 2323 3592 2400">
    <p class='ocr_par' dir='ltr' id='par_1_41' title="bbox 1990 2324 3592 2399">
     <span class='ocr_line' id='line_1_41' title="bbox 1990 2324 3592 2399; baseline 0.002 -19"><span class='ocrx_word' id='word_1_271' title='bbox 1990 2340 2185 2393; x_wconf 88' lang='lat' dir='ltr'>orreo;</span> <span class='ocrx_word' id='word_1_272' title='bbox 2220 2341 2359 2381; x_wconf 91' lang='lat' dir='ltr'>cum</span> <span class='ocrx_word' id='word_1_273' title='bbox 2390 2324 2775 2382; x_wconf 87' lang='lat' dir='ltr'>adulatorum</span> <span class='ocrx_word' id='word_1_274' title='bbox 2799 2329 2853 2382; x_wconf 91' lang='lat' dir='ltr'>te</span> <span class='ocrx_word' id='word_1_275' title='bbox 2877 2331 3226 2399; x_wconf 88' lang='lat' dir='ltr'>sequeretur</span> <span class='ocrx_word' id='word_1_276' title='bbox 3250 2327 3592 2396; x_wconf 86' lang='lat' dir='ltr'>multitudo,</span> 
     </span>
    </p>
   </div>
   <div class='ocr_carea' id='block_1_42' title="bbox 233 2409 1835 2490">
    <p class='ocr_par' dir='ltr' id='par_1_42' title="bbox 233 2409 1831 2489">
     <span class='ocr_line' id='line_1_42' title="bbox 233 2409 1831 2489; baseline 0.001 -24"><span class='ocrx_word' id='word_1_277' title='bbox 233 2417 561 2489; x_wconf 69' lang='grc' dir='ltr'>χαμαιρεπὲς</span> <span class='ocrx_word' id='word_1_278' title='bbox 591 2409 852 2488; x_wconf 78' lang='grc' dir='ltr'>δοξάριον,</span> <span class='ocrx_word' id='word_1_279' title='bbox 900 2417 1116 2486; x_wconf 73' lang='grc' dir='ltr'>φρίττωο</span> <span class='ocrx_word' id='word_1_280' title='bbox 1149 2415 1307 2472; x_wconf 78' lang='grc' dir='ltr'>ἡνίκα</span> <span class='ocrx_word' id='word_1_281' title='bbox 1354 2417 1521 2467; x_wconf 76' lang='grc' dir='ltr'>εἵπετό</span> <span class='ocrx_word' id='word_1_282' title='bbox 1563 2433 1647 2466; x_wconf 90' lang='grc' dir='ltr'>σοι</span> <span class='ocrx_word' id='word_1_283' title='bbox 1671 2413 1831 2466; x_wconf 73' lang='grc' dir='ltr'>κολα-</span> 
     </span>
    </p>
   </div>
   <div class='ocr_carea' id='block_1_43' title="bbox 1991 2409 3593 2490">
    <p class='ocr_par' dir='ltr' id='par_1_43' title="bbox 1991 2415 3593 2490">
     <span class='ocr_line' id='line_1_43' title="bbox 1991 2415 3593 2490; baseline 0.001 -20"><span class='ocrx_word' id='word_1_284' title='bbox 1991 2415 2347 2488; x_wconf 82' lang='lat' dir='ltr'>uercrisque</span> <span class='ocrx_word' id='word_1_285' title='bbox 2375 2415 2546 2472; x_wconf 88' lang='lat' dir='ltr'>brevi</span> <span class='ocrx_word' id='word_1_286' title='bbox 2566 2432 2636 2472; x_wconf 89' lang='lat' dir='ltr'>ac</span> <span class='ocrx_word' id='word_1_287' title='bbox 2684 2417 3049 2489; x_wconf 88' lang='lat' dir='ltr'>temporaria</span> <span class='ocrx_word' id='word_1_288' title='bbox 3097 2417 3424 2490; x_wconf 87' lang='lat' dir='ltr'>voluptate,</span> <span class='ocrx_word' id='word_1_289' title='bbox 3471 2432 3593 2474; x_wconf 85' lang='lat' dir='ltr'>non</span> 
     </span>
    </p>
   </div>
   <div class='ocr_carea' id='block_1_44' title="bbox 233 2501 1835 2580">
    <p class='ocr_par' dir='ltr' id='par_1_44' title="bbox 233 2501 1835 2578">
     <span class='ocr_line' id='line_1_44' title="bbox 233 2501 1835 2578; baseline 0 -22"><span class='ocrx_word' id='word_1_290' title='bbox 233 2524 338 2556; x_wconf 84' lang='grc' dir='ltr'>κων</span> <span class='ocrx_word' id='word_1_291' title='bbox 368 2502 581 2572; x_wconf 82' lang='grc' dir='ltr'>πλῆθος,</span> <span class='ocrx_word' id='word_1_292' title='bbox 623 2507 713 2555; x_wconf 84' lang='grc' dir='ltr'>καὶ</span> <span class='ocrx_word' id='word_1_293' title='bbox 760 2511 960 2577; x_wconf 85' lang='grc' dir='ltr'>τρυφῆς</span> <span class='ocrx_word' id='word_1_294' title='bbox 1010 2501 1296 2564; x_wconf 79' lang='grc' dir='ltr'>ἀπόλαυσις</span> <span class='ocrx_word' id='word_1_295' title='bbox 1345 2507 1662 2578; x_wconf 87' lang='grc' dir='ltr'>πρόσκαιρος</span> <span class='ocrx_word' id='word_1_296' title='bbox 1707 2506 1835 2575; x_wconf 78' lang='grc' dir='ltr'>μετὰ</span> 
     </span>
    </p>
   </div>
   <div class='ocr_carea' id='block_1_45' title="bbox 1991 2501 3593 2580">
    <p class='ocr_par' dir='ltr' id='par_1_45' title="bbox 1991 2505 3593 2580">
     <span class='ocr_line' id='line_1_45' title="bbox 1991 2505 3593 2580; baseline 0.002 -21"><span class='ocrx_word' id='word_1_297' title='bbox 1991 2521 2072 2561; x_wconf 86' lang='lat' dir='ltr'>ne</span> <span class='ocrx_word' id='word_1_298' title='bbox 2093 2505 2413 2560; x_wconf 78' lang='lat' dir='ltr'>manifesto</span> <span class='ocrx_word' id='word_1_299' title='bbox 2439 2505 2707 2578; x_wconf 89' lang='lat' dir='ltr'>periculo</span> <span class='ocrx_word' id='word_1_300' title='bbox 2734 2509 2792 2562; x_wconf 91' lang='lat' dir='ltr'>et</span> <span class='ocrx_word' id='word_1_301' title='bbox 2818 2505 3027 2579; x_wconf 90' lang='lat' dir='ltr'>iniquo</span> <span class='ocrx_word' id='word_1_302' title='bbox 3067 2511 3335 2579; x_wconf 75' lang='lat' dir='ltr'>quaestu;</span> <span class='ocrx_word' id='word_1_303' title='bbox 3370 2512 3424 2563; x_wconf 89' lang='lat' dir='ltr'>et</span> <span class='ocrx_word' id='word_1_304' title='bbox 3453 2523 3593 2580; x_wconf 87' lang='lat' dir='ltr'>par-</span> 
     </span>
    </p>
   </div>
   <div class='ocr_carea' id='block_1_46' title="bbox 203 2589 1805 2670">
    <p class='ocr_par' dir='ltr' id='par_1_46' title="bbox 203 2589 1805 2670">
     <span class='ocr_line' id='line_1_46' title="bbox 203 2589 1805 2670; baseline 0.001 -24"><span class='ocrx_word' id='word_1_305' title='bbox 203 2599 532 2666; x_wconf 44' lang='grc' dir='ltr'>νπροφανοῦς</span> <span class='ocrx_word' id='word_1_306' title='bbox 616 2589 861 2645; x_wconf 77' lang='grc' dir='ltr'>κινδύνου</span> <span class='ocrx_word' id='word_1_307' title='bbox 927 2597 1016 2645; x_wconf 83' lang='grc' dir='ltr'>καὶ</span> <span class='ocrx_word' id='word_1_308' title='bbox 1080 2589 1280 2645; x_wconf 71' lang='grc' dir='ltr'>ἀδίκων</span> <span class='ocrx_word' id='word_1_309' title='bbox 1343 2598 1534 2670; x_wconf 87' lang='grc' dir='ltr'>πόρων·</span> <span class='ocrx_word' id='word_1_310' title='bbox 1607 2598 1696 2646; x_wconf 75' lang='grc' dir='ltr'>καὶ</span> <span class='ocrx_word' id='word_1_311' title='bbox 1759 2613 1805 2646; x_wconf 59' lang='grc' dir='ltr'>τε</span> 
     </span>
    </p>
   </div>
   <div class='ocr_carea' id='block_1_47' title="bbox 1995 2589 3597 2670">
    <p class='ocr_par' dir='ltr' id='par_1_47' title="bbox 1995 2589 3597 2666">
     <span class='ocr_line' id='line_1_47' title="bbox 1995 2589 3597 2666; baseline 0.002 -17"><span class='ocrx_word' id='word_1_312' title='bbox 1995 2610 2048 2649; x_wconf 87' lang='lat' dir='ltr'>m</span> <span class='ocrx_word' id='word_1_313' title='bbox 2077 2593 2326 2666; x_wconf 89' lang='lat' dir='ltr'>quidem</span> <span class='ocrx_word' id='word_1_314' title='bbox 2356 2589 2823 2665; x_wconf 82' lang='lat' dir='ltr'>magistratuum</span> <span class='ocrx_word' id='word_1_315' title='bbox 2847 2595 3027 2651; x_wconf 91' lang='lat' dir='ltr'>timor</span> <span class='ocrx_word' id='word_1_316' title='bbox 3043 2600 3097 2652; x_wconf 89' lang='lat' dir='ltr'>te</span> <span class='ocrx_word' id='word_1_317' title='bbox 3119 2595 3193 2651; x_wconf 90' lang='lat' dir='ltr'>de</span> <span class='ocrx_word' id='word_1_318' title='bbox 3227 2595 3417 2652; x_wconf 89' lang='lat' dir='ltr'>salute</span> <span class='ocrx_word' id='word_1_319' title='bbox 3439 2597 3597 2666; x_wconf 86' lang='lat' dir='ltr'>cogi-</span> 
     </span>
    </p>
   </div>
   <div class='ocr_carea' id='block_1_48' title="bbox 233 2677 1835 2758">
    <p class='ocr_par' dir='ltr' id='par_1_48' title="bbox 233 2677 1834 2758">
     <span class='ocr_line' id='line_1_48' title="bbox 233 2677 1834 2758; baseline 0 -24"><span class='ocrx_word' id='word_1_320' title='bbox 233 2688 328 2754; x_wconf 86' lang='grc' dir='ltr'>μέν</span> <span class='ocrx_word' id='word_1_321' title='bbox 367 2681 676 2758; x_wconf 80' lang='grc' dir='ltr'>αρχοντικοὶ</span> <span class='ocrx_word' id='word_1_322' title='bbox 725 2680 874 2754; x_wconf 90' lang='grc' dir='ltr'>φόϐοι</span> <span class='ocrx_word' id='word_1_323' title='bbox 924 2677 1249 2757; x_wconf 75' lang='grc' dir='ltr'>διερῥίπιζόν</span> <span class='ocrx_word' id='word_1_324' title='bbox 1307 2701 1402 2735; x_wconf 90' lang='grc' dir='ltr'>σου</span> <span class='ocrx_word' id='word_1_325' title='bbox 1458 2687 1553 2741; x_wconf 74' lang='grc' dir='ltr'>τὴν</span> <span class='ocrx_word' id='word_1_326' title='bbox 1609 2691 1705 2743; x_wconf 81' lang='grc' dir='ltr'>τῆς</span> <span class='ocrx_word' id='word_1_327' title='bbox 1735 2701 1834 2735; x_wconf 88' lang='grc' dir='ltr'>σω-</span> 
     </span>
    </p>
   </div>
   <div class='ocr_carea' id='block_1_49' title="bbox 1991 2677 3593 2758">
    <p class='ocr_par' dir='ltr' id='par_1_49' title="bbox 1991 2681 3593 2755">
     <span class='ocr_line' id='line_1_49' title="bbox 1991 2681 3593 2755; baseline 0.001 -16"><span class='ocrx_word' id='word_1_328' title='bbox 1991 2687 2170 2739; x_wconf 76' lang='grc' dir='ltr'>ωῑθω</span> <span class='ocrx_word' id='word_1_329' title='bbox 2200 2682 2552 2753; x_wconf 81' lang='lat' dir='ltr'>exagitaret;</span> <span class='ocrx_word' id='word_1_330' title='bbox 2585 2681 2805 2755; x_wconf 89' lang='lat' dir='ltr'>partim</span> <span class='ocrx_word' id='word_1_331' title='bbox 2828 2686 2971 2739; x_wconf 87' lang='lat' dir='ltr'>vero</span> <span class='ocrx_word' id='word_1_332' title='bbox 2996 2683 3381 2755; x_wconf 89' lang='lat' dir='ltr'>publicorum</span> <span class='ocrx_word' id='word_1_333' title='bbox 3409 2700 3593 2754; x_wconf 86' lang='lat' dir='ltr'>nego-</span> 
     </span>
    </p>
   </div>
   <div class='ocr_carea' id='block_1_50' title="bbox 235 2767 1837 2844">
    <p class='ocr_par' dir='ltr' id='par_1_50' title="bbox 235 2767 1833 2844">
     <span class='ocr_line' id='line_1_50' title="bbox 235 2767 1833 2844; baseline -0.001 -21"><span class='ocrx_word' id='word_1_334' title='bbox 235 2775 424 2843; x_wconf 81' lang='grc' dir='ltr'>τηρίας</span> <span class='ocrx_word' id='word_1_335' title='bbox 443 2773 708 2838; x_wconf 81' lang='grc' dir='ltr'>ὑπόνοιαν,</span> <span class='ocrx_word' id='word_1_336' title='bbox 734 2779 805 2829; x_wconf 82' lang='grc' dir='ltr'>πῆ</span> <span class='ocrx_word' id='word_1_337' title='bbox 844 2767 903 2824; x_wconf 73' lang='grc' dir='ltr'>δὲ</span> <span class='ocrx_word' id='word_1_338' title='bbox 948 2767 1224 2844; x_wconf 79' lang='grc' dir='ltr'>δημοσὶων</span> <span class='ocrx_word' id='word_1_339' title='bbox 1275 2770 1487 2844; x_wconf 89' lang='grc' dir='ltr'>θόρυϐοι</span> <span class='ocrx_word' id='word_1_340' title='bbox 1534 2767 1833 2824; x_wconf 71' lang='grc' dir='ltr'>διεσάλευον</span> 
     </span>
    </p>
   </div>
   <div class='ocr_carea' id='block_1_51' title="bbox 1989 2767 3591 2844">
    <p class='ocr_par' dir='ltr' id='par_1_51' title="bbox 1989 2771 3591 2842">
     <span class='ocr_line' id='line_1_51' title="bbox 1989 2771 3591 2842; baseline 0.001 -14"><span class='ocrx_word' id='word_1_341' title='bbox 1989 2787 2163 2828; x_wconf 91' lang='lat' dir='ltr'>orum</span> <span class='ocrx_word' id='word_1_342' title='bbox 2221 2771 2517 2828; x_wconf 86' lang='lat' dir='ltr'>tumultus</span> <span class='ocrx_word' id='word_1_343' title='bbox 2577 2775 2745 2826; x_wconf 91' lang='lat' dir='ltr'>tuam</span> <span class='ocrx_word' id='word_1_344' title='bbox 2787 2771 3254 2828; x_wconf 88' lang='lat' dir='ltr'>interturbarent</span> <span class='ocrx_word' id='word_1_345' title='bbox 3316 2773 3591 2842; x_wconf 88' lang='lat' dir='ltr'>domum,</span> 
     </span>
    </p>
   </div>
   <div class='ocr_carea' id='block_1_52' title="bbox 238 2860 1840 2937">
    <p class='ocr_par' dir='ltr' id='par_1_52' title="bbox 238 2860 1837 2937">
     <span class='ocr_line' id='line_1_52' title="bbox 238 2860 1837 2937; baseline 0 -23"><span class='ocrx_word' id='word_1_346' title='bbox 238 2881 337 2914; x_wconf 91' lang='grc' dir='ltr'>σου</span> <span class='ocrx_word' id='word_1_347' title='bbox 364 2866 455 2920; x_wconf 73' lang='grc' dir='ltr'>την</span> <span class='ocrx_word' id='word_1_348' title='bbox 477 2861 674 2927; x_wconf 78' lang='grc' dir='ltr'>ἑστίαν,</span> <span class='ocrx_word' id='word_1_349' title='bbox 708 2862 736 2920; x_wconf 78' lang='grc' dir='ltr'><strong>ἦ</strong></span> <span class='ocrx_word' id='word_1_350' title='bbox 769 2879 823 2914; x_wconf 83' lang='grc' dir='ltr'>τε</span> <span class='ocrx_word' id='word_1_351' title='bbox 854 2865 1056 2933; x_wconf 85' lang='grc' dir='ltr'>συνοχὴ</span> <span class='ocrx_word' id='word_1_352' title='bbox 1116 2870 1213 2914; x_wconf 86' lang='grc' dir='ltr'>τῶν</span> <span class='ocrx_word' id='word_1_353' title='bbox 1255 2869 1430 2914; x_wconf 83' lang='grc' dir='ltr'>κακῶν</span> <span class='ocrx_word' id='word_1_354' title='bbox 1487 2860 1837 2937; x_wconf 76' lang='grc' dir='ltr'>ἀπεσφαίριζέ</span> 
     </span>
    </p>
   </div>
   <div class='ocr_carea' id='block_1_53' title="bbox 1988 2860 3590 2937">
    <p class='ocr_par' dir='ltr' id='par_1_53' title="bbox 1988 2860 3590 2934">
     <span class='ocr_line' id='line_1_53' title="bbox 1988 2860 3590 2934; baseline -0.001 -17"><span class='ocrx_word' id='word_1_355' title='bbox 1988 2866 2120 2934; x_wconf 87' lang='lat' dir='ltr'>tque</span> <span class='ocrx_word' id='word_1_356' title='bbox 2152 2862 2455 2917; x_wconf 86' lang='lat' dir='ltr'>malorum</span> <span class='ocrx_word' id='word_1_357' title='bbox 2487 2860 2827 2932; x_wconf 86' lang='lat' dir='ltr'>frequentia</span> <span class='ocrx_word' id='word_1_358' title='bbox 2849 2865 3112 2916; x_wconf 89' lang='lat' dir='ltr'>mentem</span> <span class='ocrx_word' id='word_1_359' title='bbox 3138 2866 3306 2916; x_wconf 88' lang='lat' dir='ltr'>tuam</span> <span class='ocrx_word' id='word_1_360' title='bbox 3331 2861 3410 2916; x_wconf 88' lang='lat' dir='ltr'>ad</span> <span class='ocrx_word' id='word_1_361' title='bbox 3431 2878 3590 2928; x_wconf 87' lang='lat' dir='ltr'>eum,</span> 
     </span>
    </p>
   </div>
   <div class='ocr_carea' id='block_1_54' title="bbox 237 2947 1839 3026">
    <p class='ocr_par' dir='ltr' id='par_1_54' title="bbox 237 2947 1836 3026">
     <span class='ocr_line' id='line_1_54' title="bbox 237 2947 1836 3026; baseline 0.001 -23"><span class='ocrx_word' id='word_1_362' title='bbox 237 2970 339 3003; x_wconf 89' lang='grc' dir='ltr'>σου</span> <span class='ocrx_word' id='word_1_363' title='bbox 372 2954 458 3003; x_wconf 86' lang='grc' dir='ltr'>τόν</span> <span class='ocrx_word' id='word_1_364' title='bbox 479 2957 596 3003; x_wconf 87' lang='grc' dir='ltr'>νοῦν</span> <span class='ocrx_word' id='word_1_365' title='bbox 626 2953 758 3026; x_wconf 88' lang='grc' dir='ltr'>πρὸς</span> <span class='ocrx_word' id='word_1_366' title='bbox 785 2953 874 3002; x_wconf 87' lang='grc' dir='ltr'>τόν</span> <span class='ocrx_word' id='word_1_367' title='bbox 923 2947 1204 3022; x_wconf 72' lang='grc' dir='ltr'>δυνάμενον</span> <span class='ocrx_word' id='word_1_368' title='bbox 1250 2970 1335 3003; x_wconf 90' lang='grc' dir='ltr'>σοι</span> <span class='ocrx_word' id='word_1_369' title='bbox 1393 2948 1625 3023; x_wconf 80' lang='grc' dir='ltr'>βοηθεῖν·</span> <span class='ocrx_word' id='word_1_370' title='bbox 1681 2953 1836 3010; x_wconf 74' lang='grc' dir='ltr'>ἡνίκα</span> 
     </span>
    </p>
   </div>
   <div class='ocr_carea' id='block_1_55' title="bbox 1990 2947 3592 3026">
    <p class='ocr_par' dir='ltr' id='par_1_55' title="bbox 1990 2948 3592 3023">
     <span class='ocr_line' id='line_1_55' title="bbox 1990 2948 3592 3023; baseline 0 -17"><span class='ocrx_word' id='word_1_371' title='bbox 1990 2951 2046 3007; x_wconf 89' lang='lat' dir='ltr'>ui</span> <span class='ocrx_word' id='word_1_372' title='bbox 2076 2948 2355 3023; x_wconf 84' lang='lat' dir='ltr'>Opitulari</span> <span class='ocrx_word' id='word_1_373' title='bbox 2377 2949 2482 3006; x_wconf 90' lang='lat' dir='ltr'>tibi</span> <span class='ocrx_word' id='word_1_374' title='bbox 2509 2954 2759 3021; x_wconf 85' lang='lat' dir='ltr'>poterat,</span> <span class='ocrx_word' id='word_1_375' title='bbox 2795 2953 3192 3022; x_wconf 88' lang='lat' dir='ltr'>retorqueret;</span> <span class='ocrx_word' id='word_1_376' title='bbox 3218 2966 3353 3005; x_wconf 90' lang='lat' dir='ltr'>cum</span> <span class='ocrx_word' id='word_1_377' title='bbox 3386 2949 3592 3022; x_wconf 84' lang='lat' dir='ltr'>paula-</span> 
     </span>
    </p>
   </div>
   <div class='ocr_carea' id='block_1_56' title="bbox 232 3037 1834 3116">
    <p class='ocr_par' dir='ltr' id='par_1_56' title="bbox 232 3037 1831 3116">
     <span class='ocr_line' id='line_1_56' title="bbox 232 3037 1831 3116; baseline 0.001 -24"><span class='ocrx_word' id='word_1_378' title='bbox 232 3043 377 3093; x_wconf 81' lang='grc' dir='ltr'>κατὰ</span> <span class='ocrx_word' id='word_1_379' title='bbox 426 3043 622 3116; x_wconf 79' lang='grc' dir='ltr'>μικρὸν</span> <span class='ocrx_word' id='word_1_380' title='bbox 683 3037 914 3111; x_wconf 77' lang='grc' dir='ltr'>ἐμιλέτας</span> <span class='ocrx_word' id='word_1_381' title='bbox 989 3038 1390 3114; x_wconf 80' lang='grc' dir='ltr'>περιϐλέπεσθαι</span> <span class='ocrx_word' id='word_1_382' title='bbox 1455 3044 1542 3092; x_wconf 85' lang='grc' dir='ltr'>τὸν</span> <span class='ocrx_word' id='word_1_383' title='bbox 1599 3048 1831 3113; x_wconf 80' lang='grc' dir='ltr'>Σωτῆρα,</span> 
     </span>
    </p>
   </div>
   <div class='ocr_carea' id='block_1_57' title="bbox 1991 3037 3593 3116">
    <p class='ocr_par' dir='ltr' id='par_1_57' title="bbox 1991 3037 3593 3110">
     <span class='ocr_line' id='line_1_57' title="bbox 1991 3037 3593 3110; baseline -0.002 -15"><span class='ocrx_word' id='word_1_384' title='bbox 1991 3056 2046 3095; x_wconf 92' lang='lat' dir='ltr'>m</span> <span class='ocrx_word' id='word_1_385' title='bbox 2077 3040 2449 3096; x_wconf 86' lang='lat' dir='ltr'>Servatorem</span> <span class='ocrx_word' id='word_1_386' title='bbox 2470 3037 2926 3110; x_wconf 88' lang='lat' dir='ltr'>circumspicere</span> <span class='ocrx_word' id='word_1_387' title='bbox 2937 3037 3334 3107; x_wconf 88' lang='lat' dir='ltr'>meditareris,</span> <span class='ocrx_word' id='word_1_388' title='bbox 3349 3038 3593 3094; x_wconf 88' lang='lat' dir='ltr'>timores</span> 
     </span>
    </p>
   </div>
   <div class='ocr_carea' id='block_1_58' title="bbox 232 3126 1834 3202">
    <p class='ocr_par' dir='ltr' id='par_1_58' title="bbox 232 3127 1834 3202">
     <span class='ocr_line' id='line_1_58' title="bbox 232 3127 1834 3202; baseline 0.001 -21"><span class='ocrx_word' id='word_1_389' title='bbox 232 3134 458 3202; x_wconf 82' lang='grc' dir='ltr'>φέροντα</span> <span class='ocrx_word' id='word_1_390' title='bbox 529 3129 618 3199; x_wconf 74' lang='grc' dir='ltr'>μὲν</span> <span class='ocrx_word' id='word_1_391' title='bbox 667 3130 794 3202; x_wconf 85' lang='grc' dir='ltr'>πρὸς</span> <span class='ocrx_word' id='word_1_392' title='bbox 867 3127 1107 3200; x_wconf 82' lang='grc' dir='ltr'>ὠφέλειαν</span> <span class='ocrx_word' id='word_1_393' title='bbox 1167 3131 1288 3191; x_wconf 79' lang='grc' dir='ltr'>τούς</span> <span class='ocrx_word' id='word_1_394' title='bbox 1353 3127 1561 3200; x_wconf 83' lang='grc' dir='ltr'>φόϐους,</span> <span class='ocrx_word' id='word_1_395' title='bbox 1591 3129 1834 3202; x_wconf 81' lang='grc' dir='ltr'>ῥυμόενον</span> 
     </span>
    </p>
   </div>
   <div class='ocr_carea' id='block_1_59' title="bbox 1991 3126 3593 3202">
    <p class='ocr_par' dir='ltr' id='par_1_59' title="bbox 1992 3126 3593 3194">
     <span class='ocr_line' id='line_1_59' title="bbox 1992 3126 3593 3194; baseline -0.001 -10"><span class='ocrx_word' id='word_1_396' title='bbox 1992 3128 2193 3185; x_wconf 89' lang='lat' dir='ltr'>uidem</span> <span class='ocrx_word' id='word_1_397' title='bbox 2212 3127 2318 3183; x_wconf 87' lang='lat' dir='ltr'>tibi</span> <span class='ocrx_word' id='word_1_398' title='bbox 2335 3126 2595 3184; x_wconf 89' lang='lat' dir='ltr'>adtuam</span> <span class='ocrx_word' id='word_1_399' title='bbox 2615 3126 2930 3182; x_wconf 88' lang='lat' dir='ltr'>utilitatem</span> <span class='ocrx_word' id='word_1_400' title='bbox 2947 3126 3322 3194; x_wconf 86' lang='lat' dir='ltr'>inferentem,</span> <span class='ocrx_word' id='word_1_401' title='bbox 3336 3126 3593 3183; x_wconf 88' lang='lat' dir='ltr'>liberan-</span> 
     </span>
    </p>
   </div>
   <div class='ocr_carea' id='block_1_60' title="bbox 233 3214 1835 3289">
    <p class='ocr_par' dir='ltr' id='par_1_60' title="bbox 233 3215 1835 3285">
     <span class='ocr_line' id='line_1_60' title="bbox 233 3215 1835 3285; baseline -0.001 -13"><span class='ocrx_word' id='word_1_402' title='bbox 233 3215 298 3272; x_wconf 80' lang='grc' dir='ltr'>δέ</span> <span class='ocrx_word' id='word_1_403' title='bbox 334 3235 414 3285; x_wconf 81' lang='grc' dir='ltr'>σε,</span> <span class='ocrx_word' id='word_1_404' title='bbox 471 3222 559 3270; x_wconf 83' lang='grc' dir='ltr'>καὶ</span> <span class='ocrx_word' id='word_1_405' title='bbox 618 3221 895 3284; x_wconf 82' lang='grc' dir='ltr'>σκέποντα,</span> <span class='ocrx_word' id='word_1_406' title='bbox 952 3217 1206 3279; x_wconf 76' lang='grc' dir='ltr'>παίζοντα</span> <span class='ocrx_word' id='word_1_407' title='bbox 1243 3217 1357 3269; x_wconf 89' lang='grc' dir='ltr'>κατ’</span> <span class='ocrx_word' id='word_1_408' title='bbox 1417 3217 1576 3270; x_wconf 80' lang='grc' dir='ltr'>αύτον</span> <span class='ocrx_word' id='word_1_409' title='bbox 1621 3217 1670 3270; x_wconf 80' lang='grc' dir='ltr'>ἐν</span> <span class='ocrx_word' id='word_1_410' title='bbox 1723 3239 1835 3282; x_wconf 81' lang='grc' dir='ltr'>ταις</span> 
     </span>
    </p>
   </div>
   <div class='ocr_carea' id='block_1_61' title="bbox 1992 3214 3594 3289">
    <p class='ocr_par' dir='ltr' id='par_1_61' title="bbox 1992 3214 3594 3289">
     <span class='ocr_line' id='line_1_61' title="bbox 1992 3214 3594 3289; baseline 0.001 -17"><span class='ocrx_word' id='word_1_411' title='bbox 1992 3235 2065 3274; x_wconf 68' lang='grc' dir='ltr'>ιω</span> <span class='ocrx_word' id='word_1_412' title='bbox 2092 3232 2234 3273; x_wconf 90' lang='lat' dir='ltr'>vero</span> <span class='ocrx_word' id='word_1_413' title='bbox 2267 3231 2338 3272; x_wconf 91' lang='lat' dir='ltr'>ac</span> <span class='ocrx_word' id='word_1_414' title='bbox 2375 3219 2790 3289; x_wconf 86' lang='lat' dir='ltr'>protegentem</span> <span class='ocrx_word' id='word_1_415' title='bbox 2821 3220 2894 3287; x_wconf 92' lang='lat' dir='ltr'>te,</span> <span class='ocrx_word' id='word_1_416' title='bbox 2929 3214 3034 3288; x_wconf 90' lang='lat' dir='ltr'>qui</span> <span class='ocrx_word' id='word_1_417' title='bbox 3063 3214 3138 3285; x_wconf 89' lang='lat' dir='ltr'>ei,</span> <span class='ocrx_word' id='word_1_418' title='bbox 3187 3216 3334 3272; x_wconf 90' lang='lat' dir='ltr'>dum</span> <span class='ocrx_word' id='word_1_419' title='bbox 3375 3215 3436 3272; x_wconf 89' lang='lat' dir='ltr'>in</span> <span class='ocrx_word' id='word_1_420' title='bbox 3467 3220 3594 3274; x_wconf 89' lang='lat' dir='ltr'>tuto</span> 
     </span>
    </p>
   </div>
   <div class='ocr_carea' id='block_1_62' title="bbox 230 3303 1832 3381">
    <p class='ocr_par' dir='ltr' id='par_1_62' title="bbox 230 3303 1832 3381">
     <span class='ocr_line' id='line_1_62' title="bbox 230 3303 1832 3381; baseline 0.001 -22"><span class='ocrx_word' id='word_1_421' title='bbox 230 3303 462 3367; x_wconf 78' lang='grc' dir='ltr'>ἀδείαις·</span> <span class='ocrx_word' id='word_1_422' title='bbox 516 3308 672 3364; x_wconf 82' lang='grc' dir='ltr'>ἡνίκα</span> <span class='ocrx_word' id='word_1_423' title='bbox 726 3304 1019 3379; x_wconf 75' lang='grc' dir='ltr'>ἐγυμνάξου</span> <span class='ocrx_word' id='word_1_424' title='bbox 1089 3309 1214 3381; x_wconf 87' lang='grc' dir='ltr'>πρὸς</span> <span class='ocrx_word' id='word_1_425' title='bbox 1293 3305 1580 3379; x_wconf 68' lang='grc' dir='ltr'>μεταϐολὴν</span> <span class='ocrx_word' id='word_1_426' title='bbox 1651 3315 1832 3380; x_wconf 74' lang='grc' dir='ltr'>σεμνοῦ</span> 
     </span>
    </p>
   </div>
   <div class='ocr_carea' id='block_1_63' title="bbox 1992 3303 3594 3381">
    <p class='ocr_par' dir='ltr' id='par_1_63' title="bbox 1992 3305 3594 3379">
     <span class='ocr_line' id='line_1_63' title="bbox 1992 3305 3594 3379; baseline -0.001 -16"><span class='ocrx_word' id='word_1_427' title='bbox 1992 3324 2134 3375; x_wconf 77' lang='lat' dir='ltr'>sses,</span> <span class='ocrx_word' id='word_1_428' title='bbox 2161 3305 2461 3375; x_wconf 89' lang='lat' dir='ltr'>illuseras;</span> <span class='ocrx_word' id='word_1_429' title='bbox 2507 3321 2644 3362; x_wconf 89' lang='lat' dir='ltr'>cum</span> <span class='ocrx_word' id='word_1_430' title='bbox 2679 3310 2731 3362; x_wconf 90' lang='lat' dir='ltr'>te</span> <span class='ocrx_word' id='word_1_431' title='bbox 2759 3305 2838 3362; x_wconf 88' lang='lat' dir='ltr'>ad</span> <span class='ocrx_word' id='word_1_432' title='bbox 2867 3305 3248 3362; x_wconf 87' lang='lat' dir='ltr'>innovandos</span> <span class='ocrx_word' id='word_1_433' title='bbox 3278 3305 3594 3379; x_wconf 87' lang='lat' dir='ltr'>acquiren-</span> 
     </span>
    </p>
   </div>
   <div class='ocr_carea' id='block_1_64' title="bbox 230 3392 1832 3472">
    <p class='ocr_par' dir='ltr' id='par_1_64' title="bbox 230 3392 1832 3472">
     <span class='ocr_line' id='line_1_64' title="bbox 230 3392 1832 3472; baseline 0.001 -24"><span class='ocrx_word' id='word_1_434' title='bbox 230 3400 457 3470; x_wconf 87' lang='grc' dir='ltr'>τρόπου,</span> <span class='ocrx_word' id='word_1_435' title='bbox 511 3394 806 3456; x_wconf 77' lang='grc' dir='ltr'>συϐαλίξων</span> <span class='ocrx_word' id='word_1_436' title='bbox 854 3399 944 3467; x_wconf 79' lang='grc' dir='ltr'>μέν</span> <span class='ocrx_word' id='word_1_437' title='bbox 995 3413 1090 3448; x_wconf 88' lang='grc' dir='ltr'>σου</span> <span class='ocrx_word' id='word_1_438' title='bbox 1134 3399 1229 3453; x_wconf 81' lang='grc' dir='ltr'>τὴν</span> <span class='ocrx_word' id='word_1_439' title='bbox 1294 3392 1672 3448; x_wconf 74' lang='grc' dir='ltr'>πολυκίνδυνον</span> <span class='ocrx_word' id='word_1_440' title='bbox 1717 3417 1832 3472; x_wconf 85' lang='grc' dir='ltr'>περι</span> 
     </span>
    </p>
   </div>
   <div class='ocr_carea' id='block_1_65' title="bbox 1994 3392 3596 3472">
    <p class='ocr_par' dir='ltr' id='par_1_65' title="bbox 1994 3395 3596 3470">
     <span class='ocr_line' id='line_1_65' title="bbox 1994 3395 3596 3470; baseline -0.001 -16"><span class='ocrx_word' id='word_1_441' title='bbox 1994 3413 2179 3470; x_wconf 89' lang='lat' dir='ltr'>osque</span> <span class='ocrx_word' id='word_1_442' title='bbox 2191 3397 2474 3452; x_wconf 88' lang='lat' dir='ltr'>honestos</span> <span class='ocrx_word' id='word_1_443' title='bbox 2486 3395 3596 3468; x_wconf 82' lang='lat' dir='ltr'>moresexerceres,periculosissimam</span> 
     </span>
    </p>
   </div>
   <div class='ocr_carea' id='block_1_66' title="bbox 233 3484 1835 3559">
    <p class='ocr_par' dir='ltr' id='par_1_66' title="bbox 233 3484 1835 3559">
     <span class='ocr_line' id='line_1_66' title="bbox 233 3484 1835 3559; baseline -0.001 -21"><span class='ocrx_word' id='word_1_444' title='bbox 233 3489 446 3551; x_wconf 87' lang='grc' dir='ltr'>ουσίαν,</span> <span class='ocrx_word' id='word_1_445' title='bbox 504 3485 648 3536; x_wconf 83' lang='grc' dir='ltr'>οἴκου</span> <span class='ocrx_word' id='word_1_446' title='bbox 697 3502 750 3537; x_wconf 90' lang='grc' dir='ltr'>τε</span> <span class='ocrx_word' id='word_1_447' title='bbox 798 3485 1092 3559; x_wconf 85' lang='grc' dir='ltr'>θεραπείαν,</span> <span class='ocrx_word' id='word_1_448' title='bbox 1152 3489 1242 3536; x_wconf 85' lang='grc' dir='ltr'>καὶ</span> <span class='ocrx_word' id='word_1_449' title='bbox 1315 3489 1556 3537; x_wconf 78' lang='grc' dir='ltr'>συνοίκου</span> <span class='ocrx_word' id='word_1_450' title='bbox 1632 3484 1835 3557; x_wconf 86' lang='grc' dir='ltr'>ὁμιλίαν</span> 
     </span>
    </p>
   </div>
   <div class='ocr_carea' id='block_1_67' title="bbox 1993 3484 3595 3559">
    <p class='ocr_par' dir='ltr' id='par_1_67' title="bbox 1993 3484 3595 3558">
     <span class='ocr_line' id='line_1_67' title="bbox 1993 3484 3595 3558; baseline -0.001 -16"><span class='ocrx_word' id='word_1_451' title='bbox 1993 3503 2114 3542; x_wconf 80' lang='lat' dir='ltr'>iam</span> <span class='ocrx_word' id='word_1_452' title='bbox 2144 3485 2516 3558; x_wconf 86' lang='lat' dir='ltr'>opulentiam</span> <span class='ocrx_word' id='word_1_453' title='bbox 2543 3484 2710 3539; x_wconf 89' lang='lat' dir='ltr'>nihili</span> <span class='ocrx_word' id='word_1_454' title='bbox 2769 3484 3017 3552; x_wconf 87' lang='lat' dir='ltr'>faciens,</span> <span class='ocrx_word' id='word_1_455' title='bbox 3058 3485 3264 3557; x_wconf 88' lang='lat' dir='ltr'>reique</span> <span class='ocrx_word' id='word_1_456' title='bbox 3286 3484 3595 3542; x_wconf 84' lang='lat' dir='ltr'>familiaris</span> 
     </span>
    </p>
   </div>
   <div class='ocr_carea' id='block_1_68' title="bbox 236 3571 1838 3648">
    <p class='ocr_par' dir='ltr' id='par_1_68' title="bbox 236 3571 1837 3648">
     <span class='ocr_line' id='line_1_68' title="bbox 236 3571 1837 3648; baseline 0 -22"><span class='ocrx_word' id='word_1_457' title='bbox 236 3573 692 3646; x_wconf 76' lang='grc' dir='ltr'>ἀπαρνησαμενος.</span> <span class='ocrx_word' id='word_1_458' title='bbox 780 3571 931 3633; x_wconf 62' lang='lat' dir='ltr'>&quot;Ole;</span> <span class='ocrx_word' id='word_1_459' title='bbox 988 3573 1290 3648; x_wconf 76' lang='grc' dir='ltr'>μετάρσιος,</span> <span class='ocrx_word' id='word_1_460' title='bbox 1341 3575 1514 3647; x_wconf 83' lang='grc' dir='ltr'>ῶσπερ</span> <span class='ocrx_word' id='word_1_461' title='bbox 1559 3573 1692 3636; x_wconf 80' lang='grc' dir='ltr'>ξένος</span> <span class='ocrx_word' id='word_1_462' title='bbox 1748 3580 1837 3627; x_wconf 76' lang='grc' dir='ltr'>καὶ</span> 
     </span>
    </p>
   </div>
   <div class='ocr_carea' id='block_1_69' title="bbox 1993 3571 3595 3648">
    <p class='ocr_par' dir='ltr' id='par_1_69' title="bbox 1993 3573 3595 3644">
     <span class='ocr_line' id='line_1_69' title="bbox 1993 3573 3595 3644; baseline -0.001 -14"><span class='ocrx_word' id='word_1_463' title='bbox 1993 3593 2154 3632; x_wconf 82' lang='lat' dir='ltr'>uram</span> <span class='ocrx_word' id='word_1_464' title='bbox 2203 3581 2258 3631; x_wconf 93' lang='lat' dir='ltr'>et</span> <span class='ocrx_word' id='word_1_465' title='bbox 2284 3575 2486 3630; x_wconf 84' lang='lat' dir='ltr'>uxoris</span> <span class='ocrx_word' id='word_1_466' title='bbox 2533 3573 3034 3630; x_wconf 88' lang='lat' dir='ltr'>consuetudinem</span> <span class='ocrx_word' id='word_1_467' title='bbox 3065 3575 3386 3644; x_wconf 79' lang='lat' dir='ltr'>refugiens.</span> <span class='ocrx_word' id='word_1_468' title='bbox 3444 3574 3595 3640; x_wconf 84' lang='lat' dir='ltr'>Quin</span> 
     </span>
    </p>
   </div>
   <div class='ocr_carea' id='block_1_70' title="bbox 233 3660 1835 3736">
    <p class='ocr_par' dir='ltr' id='par_1_70' title="bbox 233 3660 1835 3736">
     <span class='ocr_line' id='line_1_70' title="bbox 233 3660 1835 3736; baseline 0.001 -22"><span class='ocrx_word' id='word_1_469' title='bbox 233 3663 456 3732; x_wconf 77' lang='grc' dir='ltr'>ἀλήτης,</span> <span class='ocrx_word' id='word_1_470' title='bbox 519 3661 714 3736; x_wconf 74' lang='grc' dir='ltr'>ἀγρούς</span> <span class='ocrx_word' id='word_1_471' title='bbox 777 3665 868 3714; x_wconf 85' lang='grc' dir='ltr'>καὶ</span> <span class='ocrx_word' id='word_1_472' title='bbox 917 3660 1088 3722; x_wconf 85' lang='grc' dir='ltr'>πόλεις</span> <span class='ocrx_word' id='word_1_473' title='bbox 1145 3660 1443 3734; x_wconf 82' lang='grc' dir='ltr'>ἐξαμείϐων,</span> <span class='ocrx_word' id='word_1_474' title='bbox 1519 3661 1835 3736; x_wconf 69' lang='grc' dir='ltr'>κατέδραμες</span> 
     </span>
    </p>
   </div>
   <div class='ocr_carea' id='block_1_71' title="bbox 1995 3660 3597 3736">
    <p class='ocr_par' dir='ltr' id='par_1_71' title="bbox 1995 3663 3597 3734">
     <span class='ocr_line' id='line_1_71' title="bbox 1995 3663 3597 3734; baseline -0.002 -13"><span class='ocrx_word' id='word_1_475' title='bbox 1995 3666 2124 3721; x_wconf 76' lang='lat' dir='ltr'>Liam</span> <span class='ocrx_word' id='word_1_476' title='bbox 2143 3669 2304 3720; x_wconf 83' lang='lat' dir='ltr'>totus</span> <span class='ocrx_word' id='word_1_477' title='bbox 2328 3663 2622 3732; x_wconf 85' lang='lat' dir='ltr'>sublimis,</span> <span class='ocrx_word' id='word_1_478' title='bbox 2642 3663 2805 3718; x_wconf 90' lang='lat' dir='ltr'>velut</span> <span class='ocrx_word' id='word_1_479' title='bbox 2821 3664 3169 3734; x_wconf 81' lang='lat' dir='ltr'>peregrinus</span> <span class='ocrx_word' id='word_1_480' title='bbox 3186 3669 3243 3719; x_wconf 87' lang='lat' dir='ltr'>et</span> <span class='ocrx_word' id='word_1_481' title='bbox 3267 3679 3418 3730; x_wconf 89' lang='lat' dir='ltr'>erro,</span> <span class='ocrx_word' id='word_1_482' title='bbox 3438 3664 3597 3732; x_wconf 82' lang='lat' dir='ltr'>agris</span> 
     </span>
    </p>
   </div>
   <div class='ocr_carea' id='block_1_72' title="bbox 235 3749 1837 3829">
    <p class='ocr_par' dir='ltr' id='par_1_72' title="bbox 235 3749 1837 3829">
     <span class='ocr_line' id='line_1_72' title="bbox 235 3749 1837 3829; baseline -0.001 -24"><span class='ocrx_word' id='word_1_483' title='bbox 235 3757 325 3819; x_wconf 71' lang='grc' dir='ltr'>ἐπὶ</span> <span class='ocrx_word' id='word_1_484' title='bbox 379 3755 443 3805; x_wconf 76' lang='grc' dir='ltr'>τὰ</span> <span class='ocrx_word' id='word_1_485' title='bbox 492 3751 850 3825; x_wconf 74' lang='grc' dir='ltr'>Ἰεροσόλυμα,</span> <span class='ocrx_word' id='word_1_486' title='bbox 896 3753 1017 3804; x_wconf 85' lang='grc' dir='ltr'>ἔνθα</span> <span class='ocrx_word' id='word_1_487' title='bbox 1043 3771 1128 3804; x_wconf 90' lang='grc' dir='ltr'>σοι</span> <span class='ocrx_word' id='word_1_488' title='bbox 1151 3757 1240 3804; x_wconf 86' lang='grc' dir='ltr'>καὶ</span> <span class='ocrx_word' id='word_1_489' title='bbox 1272 3751 1430 3814; x_wconf 75' lang='grc' dir='ltr'>αὐτὸς</span> <span class='ocrx_word' id='word_1_490' title='bbox 1461 3749 1837 3829; x_wconf 73' lang='grc' dir='ltr'>ουνιῖιατρίϐων</span> 
     </span>
    </p>
   </div>
   <div class='ocr_carea' id='block_1_73' title="bbox 1994 3749 3596 3829">
    <p class='ocr_par' dir='ltr' id='par_1_73' title="bbox 1994 3752 3596 3825">
     <span class='ocr_line' id='line_1_73' title="bbox 1994 3752 3596 3825; baseline -0.001 -15"><span class='ocrx_word' id='word_1_491' title='bbox 1994 3759 2004 3810; x_wconf 81' lang='lat' dir='ltr'>t</span> <span class='ocrx_word' id='word_1_492' title='bbox 2027 3754 2366 3810; x_wconf 87' lang='lat' dir='ltr'>civitatibus</span> <span class='ocrx_word' id='word_1_493' title='bbox 2394 3753 2747 3824; x_wconf 85' lang='lat' dir='ltr'>peragratis,</span> <span class='ocrx_word' id='word_1_494' title='bbox 2773 3752 2969 3825; x_wconf 84' lang='lat' dir='ltr'>petisti</span> <span class='ocrx_word' id='word_1_495' title='bbox 2988 3752 3386 3824; x_wconf 80' lang='lat' dir='ltr'>Jerosolyma,</span> <span class='ocrx_word' id='word_1_496' title='bbox 3412 3752 3514 3807; x_wconf 89' lang='lat' dir='ltr'>ubi</span> <span class='ocrx_word' id='word_1_497' title='bbox 3541 3755 3596 3808; x_wconf 88' lang='lat' dir='ltr'>et</span> 
     </span>
    </p>
   </div>
   <div class='ocr_carea' id='block_1_74' title="bbox 234 3839 1836 3915">
    <p class='ocr_par' dir='ltr' id='par_1_74' title="bbox 234 3839 1836 3915">
     <span class='ocr_line' id='line_1_74' title="bbox 234 3839 1836 3915; baseline 0.001 -21"><span class='ocrx_word' id='word_1_498' title='bbox 234 3842 559 3914; x_wconf 68' lang='grc' dir='ltr'>ἐμακάριζον</span> <span class='ocrx_word' id='word_1_499' title='bbox 607 3850 708 3894; x_wconf 87' lang='grc' dir='ltr'>τῶν</span> <span class='ocrx_word' id='word_1_500' title='bbox 767 3839 1057 3900; x_wconf 75' lang='grc' dir='ltr'>ἀθλητικῶν</span> <span class='ocrx_word' id='word_1_501' title='bbox 1110 3845 1300 3911; x_wconf 90' lang='grc' dir='ltr'>πόνων,</span> <span class='ocrx_word' id='word_1_502' title='bbox 1351 3843 1432 3894; x_wconf 80' lang='grc' dir='ltr'>ὅτε</span> <span class='ocrx_word' id='word_1_503' title='bbox 1471 3839 1836 3915; x_wconf 73' lang='grc' dir='ltr'>ἑϐδοματικοίς</span> 
     </span>
    </p>
   </div>
   <div class='ocr_carea' id='block_1_75' title="bbox 1994 3839 3596 3915">
    <p class='ocr_par' dir='ltr' id='par_1_75' title="bbox 1994 3839 3596 3899">
     <span class='ocr_line' id='line_1_75' title="bbox 1994 3839 3596 3899; baseline 0 -4"><span class='ocrx_word' id='word_1_504' title='bbox 1994 3859 2074 3898; x_wconf 80' lang='lat' dir='ltr'>)Se</span> <span class='ocrx_word' id='word_1_505' title='bbox 2107 3848 2304 3899; x_wconf 89' lang='lat' dir='ltr'>tecum</span> <span class='ocrx_word' id='word_1_506' title='bbox 2358 3845 2772 3897; x_wconf 85' lang='lat' dir='ltr'>commoratus</span> <span class='ocrx_word' id='word_1_507' title='bbox 2803 3841 2882 3896; x_wconf 89' lang='lat' dir='ltr'>ob</span> <span class='ocrx_word' id='word_1_508' title='bbox 2915 3839 3226 3896; x_wconf 87' lang='lat' dir='ltr'>athletieos</span> <span class='ocrx_word' id='word_1_509' title='bbox 3258 3846 3310 3897; x_wconf 89' lang='lat' dir='ltr'>te</span> <span class='ocrx_word' id='word_1_510' title='bbox 3358 3840 3596 3897; x_wconf 89' lang='lat' dir='ltr'>labores</span> 
     </span>
    </p>
   </div>
   <div class='ocr_carea' id='block_1_76' title="bbox 231 3927 1833 4006">
    <p class='ocr_par' dir='ltr' id='par_1_76' title="bbox 231 3927 1833 4006">
     <span class='ocr_line' id='line_1_76' title="bbox 231 3927 1833 4006; baseline 0.001 -23"><span class='ocrx_word' id='word_1_511' title='bbox 231 3930 451 3992; x_wconf 75' lang='grc' dir='ltr'>κύκλοις</span> <span class='ocrx_word' id='word_1_512' title='bbox 491 3938 671 3991; x_wconf 78' lang='grc' dir='ltr'>νῆστις</span> <span class='ocrx_word' id='word_1_513' title='bbox 725 3927 971 3983; x_wconf 78' lang='grc' dir='ltr'>διατελῶν</span> <span class='ocrx_word' id='word_1_514' title='bbox 1015 3937 1130 4001; x_wconf 76' lang='grc' dir='ltr'>Θεῷ</span> <span class='ocrx_word' id='word_1_515' title='bbox 1184 3930 1659 4006; x_wconf 80' lang='grc' dir='ltr'>προσεφιλοσόφεις,</span> <span class='ocrx_word' id='word_1_516' title='bbox 1709 3934 1833 4004; x_wconf 67' lang='grc' dir='ltr'>ὁμοῦ</span> 
     </span>
    </p>
   </div>
   <div class='ocr_carea' id='block_1_77' title="bbox 1991 3927 3593 4006">
    <p class='ocr_par' dir='ltr' id='par_1_77' title="bbox 1992 3928 3593 4003">
     <span class='ocr_line' id='line_1_77' title="bbox 1992 3928 3593 4003; baseline -0.002 -15"><span class='ocrx_word' id='word_1_517' title='bbox 1992 3936 2194 3989; x_wconf 88' lang='lat' dir='ltr'>catum</span> <span class='ocrx_word' id='word_1_518' title='bbox 2210 3929 2644 4003; x_wconf 64' lang='lat' dir='ltr'>praedicabam,</span> <span class='ocrx_word' id='word_1_519' title='bbox 2667 3945 2806 3985; x_wconf 91' lang='lat' dir='ltr'>cum</span> <span class='ocrx_word' id='word_1_520' title='bbox 2829 3944 2936 4002; x_wconf 87' lang='lat' dir='ltr'>per</span> <span class='ocrx_word' id='word_1_521' title='bbox 2958 3929 3327 4002; x_wconf 87' lang='lat' dir='ltr'>septenarios</span> <span class='ocrx_word' id='word_1_522' title='bbox 3340 3928 3593 3985; x_wconf 86' lang='lat' dir='ltr'>circulos</span> 
     </span>
    </p>
   </div>
   <div class='ocr_carea' id='block_1_78' title="bbox 231 4018 1833 4094">
    <p class='ocr_par' dir='ltr' id='par_1_78' title="bbox 231 4019 1833 4093">
     <span class='ocr_line' id='line_1_78' title="bbox 231 4019 1833 4093; baseline -0.001 -19"><span class='ocrx_word' id='word_1_523' title='bbox 231 4025 325 4074; x_wconf 78' lang='grc' dir='ltr'>καὶ</span> <span class='ocrx_word' id='word_1_524' title='bbox 371 4023 460 4082; x_wconf 81' lang='grc' dir='ltr'>τὰς</span> <span class='ocrx_word' id='word_1_525' title='bbox 488 4028 586 4073; x_wconf 86' lang='grc' dir='ltr'>τῶν</span> <span class='ocrx_word' id='word_1_526' title='bbox 617 4019 897 4092; x_wconf 75' lang='grc' dir='ltr'>ἀνθρώπων</span> <span class='ocrx_word' id='word_1_527' title='bbox 954 4023 1242 4090; x_wconf 79' lang='grc' dir='ltr'>συντυχίας</span> <span class='ocrx_word' id='word_1_528' title='bbox 1290 4019 1425 4090; x_wconf 81' lang='grc' dir='ltr'>λόγῳ</span> <span class='ocrx_word' id='word_1_529' title='bbox 1473 4029 1666 4093; x_wconf 80' lang='grc' dir='ltr'>τροπῆς</span> <span class='ocrx_word' id='word_1_530' title='bbox 1711 4023 1833 4074; x_wconf 76' lang='grc' dir='ltr'>ὑπο-</span> 
     </span>
    </p>
   </div>
   <div class='ocr_carea' id='block_1_79' title="bbox 1994 4018 3596 4094">
    <p class='ocr_par' dir='ltr' id='par_1_79' title="bbox 1994 4018 3596 4093">
     <span class='ocr_line' id='line_1_79' title="bbox 1994 4018 3596 4093; baseline -0.001 -17"><span class='ocrx_word' id='word_1_531' title='bbox 1994 4022 2021 4092; x_wconf 75' lang='lat' dir='ltr'>:j</span> <span class='ocrx_word' id='word_1_532' title='bbox 2034 4037 2188 4076; x_wconf 91' lang='lat' dir='ltr'>unus</span> <span class='ocrx_word' id='word_1_533' title='bbox 2205 4034 2597 4093; x_wconf 88' lang='lat' dir='ltr'>perseverans</span> <span class='ocrx_word' id='word_1_534' title='bbox 2619 4021 2736 4074; x_wconf 90' lang='lat' dir='ltr'>Deo</span> <span class='ocrx_word' id='word_1_535' title='bbox 2749 4018 3280 4092; x_wconf 87' lang='lat' dir='ltr'>philosophareris,</span> <span class='ocrx_word' id='word_1_536' title='bbox 3296 4019 3596 4090; x_wconf 84' lang='lat' dir='ltr'>simulque</span> 
     </span>
    </p>
   </div>
   <div class='ocr_carea' id='block_1_80' title="bbox 231 4107 1833 4182">
    <p class='ocr_par' dir='ltr' id='par_1_80' title="bbox 231 4107 1833 4182">
     <span class='ocr_line' id='line_1_80' title="bbox 231 4107 1833 4182; baseline 0.001 -21"><span class='ocrx_word' id='word_1_537' title='bbox 231 4113 460 4182; x_wconf 75' lang='grc' dir='ltr'>φεύγων,</span> <span class='ocrx_word' id='word_1_538' title='bbox 507 4114 598 4161; x_wconf 85' lang='grc' dir='ltr'>καὶ</span> <span class='ocrx_word' id='word_1_539' title='bbox 643 4111 880 4180; x_wconf 76' lang='grc' dir='ltr'>ἡσυχίαν</span> <span class='ocrx_word' id='word_1_540' title='bbox 931 4108 1097 4178; x_wconf 79' lang='grc' dir='ltr'>ἑαυτῷ</span> <span class='ocrx_word' id='word_1_541' title='bbox 1147 4107 1464 4182; x_wconf 66' lang='grc' dir='ltr'>ἐφαρμόσας,</span> <span class='ocrx_word' id='word_1_542' title='bbox 1526 4114 1644 4170; x_wconf 76' lang='grc' dir='ltr'>τοὺς</span> <span class='ocrx_word' id='word_1_543' title='bbox 1692 4110 1833 4162; x_wconf 86' lang='grc' dir='ltr'>πολι-</span> 
     </span>
    </p>
   </div>
   <div class='ocr_carea' id='block_1_81' title="bbox 1996 4107 3598 4182">
    <p class='ocr_par' dir='ltr' id='par_1_81' title="bbox 1996 4107 3598 4180">
     <span class='ocr_line' id='line_1_81' title="bbox 1996 4107 3598 4180; baseline -0.002 -13"><span class='ocrx_word' id='word_1_544' title='bbox 1996 4126 2312 4180; x_wconf 77' lang='lat' dir='ltr'>mgressus</span> <span class='ocrx_word' id='word_1_545' title='bbox 2333 4109 2638 4164; x_wconf 83' lang='lat' dir='ltr'>humanos</span> <span class='ocrx_word' id='word_1_546' title='bbox 2659 4107 3137 4178; x_wconf 84' lang='lat' dir='ltr'>velutiinfugain</span> <span class='ocrx_word' id='word_1_547' title='bbox 3151 4123 3478 4164; x_wconf 87' lang='lat' dir='ltr'>conversus</span> <span class='ocrx_word' id='word_1_548' title='bbox 3499 4107 3598 4164; x_wconf 87' lang='lat' dir='ltr'>de-</span> 
     </span>
    </p>
   </div>
   <div class='ocr_carea' id='block_1_82' title="bbox 233 4195 1835 4272">
    <p class='ocr_par' dir='ltr' id='par_1_82' title="bbox 233 4195 1835 4272">
     <span class='ocr_line' id='line_1_82' title="bbox 233 4195 1835 4272; baseline 0.001 -20"><span class='ocrx_word' id='word_1_549' title='bbox 233 4203 418 4260; x_wconf 81' lang='grc' dir='ltr'>τικούς</span> <span class='ocrx_word' id='word_1_550' title='bbox 478 4196 726 4271; x_wconf 83' lang='grc' dir='ltr'>θορύϐους</span> <span class='ocrx_word' id='word_1_551' title='bbox 807 4197 1080 4260; x_wconf 81' lang='grc' dir='ltr'>ἐξέκλινας.</span> <span class='ocrx_word' id='word_1_552' title='bbox 1164 4201 1343 4270; x_wconf 77' lang='grc' dir='ltr'>Σακκῳ</span> <span class='ocrx_word' id='word_1_553' title='bbox 1398 4195 1454 4251; x_wconf 72' lang='grc' dir='ltr'>δὲ</span> <span class='ocrx_word' id='word_1_554' title='bbox 1528 4207 1718 4272; x_wconf 81' lang='grc' dir='ltr'>τραχεῖ</span> <span class='ocrx_word' id='word_1_555' title='bbox 1782 4204 1835 4253; x_wconf 76' lang='grc' dir='ltr'>τό</span> 
     </span>
    </p>
   </div>
   <div class='ocr_carea' id='block_1_83' title="bbox 1992 4195 3594 4272">
    <p class='ocr_par' dir='ltr' id='par_1_83' title="bbox 1992 4196 3594 4270">
     <span class='ocr_line' id='line_1_83' title="bbox 1992 4196 3594 4270; baseline -0.001 -14"><span class='ocrx_word' id='word_1_556' title='bbox 1992 4201 2185 4267; x_wconf 82' lang='lat' dir='ltr'>itarcs,</span> <span class='ocrx_word' id='word_1_557' title='bbox 2202 4204 2382 4270; x_wconf 82' lang='lat' dir='ltr'>atque</span> <span class='ocrx_word' id='word_1_558' title='bbox 2397 4196 2717 4269; x_wconf 80' lang='lat' dir='ltr'>tranquillo</span> <span class='ocrx_word' id='word_1_559' title='bbox 2741 4196 2982 4253; x_wconf 84' lang='lat' dir='ltr'>vivendi</span> <span class='ocrx_word' id='word_1_560' title='bbox 3000 4212 3216 4267; x_wconf 82' lang='lat' dir='ltr'>genere</span> <span class='ocrx_word' id='word_1_561' title='bbox 3235 4196 3338 4252; x_wconf 89' lang='lat' dir='ltr'>tibi</span> <span class='ocrx_word' id='word_1_562' title='bbox 3358 4201 3594 4268; x_wconf 87' lang='lat' dir='ltr'>parato,</span> 
     </span>
    </p>
   </div>
   <div class='ocr_carea' id='block_1_84' title="bbox 238 4285 1840 4363">
    <p class='ocr_par' dir='ltr' id='par_1_84' title="bbox 238 4285 1840 4363">
     <span class='ocr_line' id='line_1_84' title="bbox 238 4285 1840 4363; baseline -0.001 -20"><span class='ocrx_word' id='word_1_563' title='bbox 238 4292 400 4362; x_wconf 74' lang='grc' dir='ltr'>σῶμα</span> <span class='ocrx_word' id='word_1_564' title='bbox 459 4308 553 4342; x_wconf 81' lang='grc' dir='ltr'>σου</span> <span class='ocrx_word' id='word_1_565' title='bbox 612 4285 918 4352; x_wconf 74' lang='grc' dir='ltr'>ὃιανύττων,</span> <span class='ocrx_word' id='word_1_566' title='bbox 963 4293 1052 4339; x_wconf 88' lang='grc' dir='ltr'>καὶ</span> <span class='ocrx_word' id='word_1_567' title='bbox 1105 4287 1240 4361; x_wconf 76' lang='grc' dir='ltr'>ζώνη</span> <span class='ocrx_word' id='word_1_568' title='bbox 1304 4289 1506 4362; x_wconf 82' lang='grc' dir='ltr'>σκληρᾷ</span> <span class='ocrx_word' id='word_1_569' title='bbox 1555 4296 1648 4348; x_wconf 75' lang='grc' dir='ltr'>τὴν</span> <span class='ocrx_word' id='word_1_570' title='bbox 1679 4293 1840 4363; x_wconf 76' lang='grc' dir='ltr'>ὀσφὺν</span> 
     </span>
    </p>
   </div>
   <div class='ocr_carea' id='block_1_85' title="bbox 1994 4285 3596 4363">
    <p class='ocr_par' dir='ltr' id='par_1_85' title="bbox 1994 4286 3596 4356">
     <span class='ocr_line' id='line_1_85' title="bbox 1994 4286 3596 4356; baseline -0.002 -12"><span class='ocrx_word' id='word_1_571' title='bbox 1994 4289 2151 4345; x_wconf 83' lang='lat' dir='ltr'>iviles</span> <span class='ocrx_word' id='word_1_572' title='bbox 2173 4287 2465 4343; x_wconf 88' lang='lat' dir='ltr'>tumultus</span> <span class='ocrx_word' id='word_1_573' title='bbox 2493 4286 2848 4342; x_wconf 88' lang='lat' dir='ltr'>deelinares.</span> <span class='ocrx_word' id='word_1_574' title='bbox 2870 4287 3156 4342; x_wconf 68' lang='lat' dir='ltr'>Praeterea</span> <span class='ocrx_word' id='word_1_575' title='bbox 3176 4300 3394 4356; x_wconf 90' lang='lat' dir='ltr'>corpus</span> <span class='ocrx_word' id='word_1_576' title='bbox 3424 4288 3596 4340; x_wconf 90' lang='lat' dir='ltr'>tuum</span> 
     </span>
    </p>
   </div>
   <div class='ocr_carea' id='block_1_86' title="bbox 233 4370 1835 4451">
    <p class='ocr_par' dir='ltr' id='par_1_86' title="bbox 233 4375 1835 4451">
     <span class='ocr_line' id='line_1_86' title="bbox 233 4375 1835 4451; baseline 0.001 -19"><span class='ocrx_word' id='word_1_577' title='bbox 233 4383 618 4451; x_wconf 79' lang='grc' dir='ltr'>περισφίγγων,</span> <span class='ocrx_word' id='word_1_578' title='bbox 659 4386 977 4451; x_wconf 75' lang='grc' dir='ltr'>καρτερικῶς</span> <span class='ocrx_word' id='word_1_579' title='bbox 1029 4380 1095 4429; x_wconf 81' lang='grc' dir='ltr'>τὰ</span> <span class='ocrx_word' id='word_1_580' title='bbox 1177 4377 1309 4428; x_wconf 77' lang='grc' dir='ltr'>ὀστᾶ</span> <span class='ocrx_word' id='word_1_581' title='bbox 1392 4397 1485 4430; x_wconf 87' lang='grc' dir='ltr'>σου</span> <span class='ocrx_word' id='word_1_582' title='bbox 1571 4375 1835 4442; x_wconf 74' lang='grc' dir='ltr'>ὃιέθλιϐες.</span> 
     </span>
    </p>
   </div>
   <div class='ocr_carea' id='block_1_87' title="bbox 1994 4370 3596 4451">
    <p class='ocr_par' dir='ltr' id='par_1_87' title="bbox 1994 4370 3596 4448">
     <span class='ocr_line' id='line_1_87' title="bbox 1994 4370 3596 4448; baseline -0.005 -15"><span class='ocrx_word' id='word_1_583' title='bbox 1994 4377 2140 4433; x_wconf 85' lang='lat' dir='ltr'>ilicio</span> <span class='ocrx_word' id='word_1_584' title='bbox 2171 4391 2388 4448; x_wconf 88' lang='lat' dir='ltr'>aspero</span> <span class='ocrx_word' id='word_1_585' title='bbox 2431 4374 2768 4441; x_wconf 89' lang='lat' dir='ltr'>lancinans,</span> <span class='ocrx_word' id='word_1_586' title='bbox 2801 4379 2858 4429; x_wconf 92' lang='lat' dir='ltr'>et</span> <span class='ocrx_word' id='word_1_587' title='bbox 2888 4388 3041 4430; x_wconf 87' lang='lat' dir='ltr'>zona</span> <span class='ocrx_word' id='word_1_588' title='bbox 3069 4373 3222 4426; x_wconf 91' lang='lat' dir='ltr'>dura</span> <span class='ocrx_word' id='word_1_589' title='bbox 3259 4370 3596 4438; x_wconf 85' lang='lat' dir='ltr'>astringens</span> 
     </span>
    </p>
   </div>
   <div class='ocr_carea' id='block_1_88' title="bbox 238 4457 1840 4539">
    <p class='ocr_par' dir='ltr' id='par_1_88' title="bbox 238 4463 1840 4539">
     <span class='ocr_line' id='line_1_88' title="bbox 238 4463 1840 4539; baseline -0.001 -17"><span class='ocrx_word' id='word_1_590' title='bbox 238 4472 482 4539; x_wconf 86' lang='grc' dir='ltr'>Λαγόνας</span> <span class='ocrx_word' id='word_1_591' title='bbox 543 4463 601 4520; x_wconf 67' lang='grc' dir='ltr'>δὲ</span> <span class='ocrx_word' id='word_1_592' title='bbox 653 4475 764 4528; x_wconf 86' lang='grc' dir='ltr'>ταῖς</span> <span class='ocrx_word' id='word_1_593' title='bbox 813 4463 1030 4527; x_wconf 80' lang='grc' dir='ltr'>ἐνδείαις</span> <span class='ocrx_word' id='word_1_594' title='bbox 1076 4465 1346 4518; x_wconf 85' lang='grc' dir='ltr'>κοιλαίνων</span> <span class='ocrx_word' id='word_1_595' title='bbox 1397 4470 1560 4539; x_wconf 70' lang='grc' dir='ltr'>μεχρι</span> <span class='ocrx_word' id='word_1_596' title='bbox 1601 4478 1700 4521; x_wconf 82' lang='grc' dir='ltr'>τῶν</span> <span class='ocrx_word' id='word_1_597' title='bbox 1751 4491 1840 4520; x_wconf 87' lang='grc' dir='ltr'>νω-</span> 
     </span>
    </p>
   </div>
   <div class='ocr_carea' id='block_1_89' title="bbox 1997 4457 3599 4539">
    <p class='ocr_par' dir='ltr' id='par_1_89' title="bbox 1997 4457 3599 4535">
     <span class='ocr_line' id='line_1_89' title="bbox 1997 4457 3599 4535; baseline -0.005 -14"><span class='ocrx_word' id='word_1_598' title='bbox 1997 4467 2366 4533; x_wconf 77' lang='lat' dir='ltr'>imbostuos,</span> <span class='ocrx_word' id='word_1_599' title='bbox 2399 4462 2690 4535; x_wconf 87' lang='lat' dir='ltr'>patienter</span> <span class='ocrx_word' id='word_1_600' title='bbox 2719 4477 2857 4517; x_wconf 87' lang='lat' dir='ltr'>ossa</span> <span class='ocrx_word' id='word_1_601' title='bbox 2876 4466 2980 4518; x_wconf 89' lang='lat' dir='ltr'>tua</span> <span class='ocrx_word' id='word_1_602' title='bbox 3011 4458 3324 4516; x_wconf 88' lang='lat' dir='ltr'>atterebas.</span> <span class='ocrx_word' id='word_1_603' title='bbox 3351 4457 3501 4522; x_wconf 86' lang='lat' dir='ltr'>Quin</span> <span class='ocrx_word' id='word_1_604' title='bbox 3544 4461 3599 4514; x_wconf 88' lang='lat' dir='ltr'>et</span> 
     </span>
    </p>
   </div>
   <div class='ocr_carea' id='block_1_90' title="bbox 236 4546 1838 4632">
    <p class='ocr_par' dir='ltr' id='par_1_90' title="bbox 236 4556 1838 4632">
     <span class='ocr_line' id='line_1_90' title="bbox 236 4556 1838 4632; baseline 0.001 -24"><span class='ocrx_word' id='word_1_605' title='bbox 236 4562 428 4609; x_wconf 65' lang='grc' dir='ltr'>⁸νιαίων</span> <span class='ocrx_word' id='word_1_606' title='bbox 515 4564 682 4632; x_wconf 77' lang='grc' dir='ltr'>μερῶν</span> <span class='ocrx_word' id='word_1_607' title='bbox 761 4556 1157 4627; x_wconf 79' lang='grc' dir='ltr'>ύπεχαύνωσας·</span> <span class='ocrx_word' id='word_1_608' title='bbox 1258 4559 1347 4606; x_wconf 85' lang='grc' dir='ltr'>καί</span> <span class='ocrx_word' id='word_1_609' title='bbox 1440 4561 1666 4626; x_wconf 82' lang='grc' dir='ltr'>φασκίας</span> <span class='ocrx_word' id='word_1_610' title='bbox 1752 4563 1838 4628; x_wconf 85' lang='grc' dir='ltr'>μέν</span> 
     </span>
    </p>
   </div>
   <div class='ocr_carea' id='block_1_91' title="bbox 1994 4546 3596 4632">
    <p class='ocr_par' dir='ltr' id='par_1_91' title="bbox 1995 4546 3596 4621">
     <span class='ocr_line' id='line_1_91' title="bbox 1995 4546 3596 4621; baseline -0.006 -11"><span class='ocrx_word' id='word_1_611' title='bbox 1995 4555 2052 4611; x_wconf 87' lang='lat' dir='ltr'><strong>Ia</strong></span> <span class='ocrx_word' id='word_1_612' title='bbox 2082 4555 2284 4611; x_wconf 88' lang='lat' dir='ltr'>inedia</span> <span class='ocrx_word' id='word_1_613' title='bbox 2340 4567 2697 4618; x_wconf 89' lang='lat' dir='ltr'>concavans,</span> <span class='ocrx_word' id='word_1_614' title='bbox 2742 4565 2814 4605; x_wconf 87' lang='lat' dir='ltr'>ea</span> <span class='ocrx_word' id='word_1_615' title='bbox 2840 4565 3035 4621; x_wconf 89' lang='lat' dir='ltr'>usque</span> <span class='ocrx_word' id='word_1_616' title='bbox 3079 4548 3157 4603; x_wconf 90' lang='lat' dir='ltr'>ad</span> <span class='ocrx_word' id='word_1_617' title='bbox 3187 4546 3350 4601; x_wconf 89' lang='lat' dir='ltr'>dorsi</span> <span class='ocrx_word' id='word_1_618' title='bbox 3395 4549 3596 4618; x_wconf 90' lang='lat' dir='ltr'>partes</span> 
     </span>
    </p>
   </div>
   <div class='ocr_carea' id='block_1_92' title="bbox 236 4634 1838 4718">
    <p class='ocr_par' dir='ltr' id='par_1_92' title="bbox 236 4641 1838 4718">
     <span class='ocr_line' id='line_1_92' title="bbox 236 4641 1838 4718; baseline 0.001 -21"><span class='ocrx_word' id='word_1_619' title='bbox 236 4645 451 4707; x_wconf 79' lang='grc' dir='ltr'>ἁπαλῆς</span> <span class='ocrx_word' id='word_1_620' title='bbox 497 4651 589 4703; x_wconf 78' lang='grc' dir='ltr'>την</span> <span class='ocrx_word' id='word_1_621' title='bbox 643 4653 844 4717; x_wconf 84' lang='grc' dir='ltr'>χρῆσιν</span> <span class='ocrx_word' id='word_1_622' title='bbox 906 4643 1212 4718; x_wconf 81' lang='grc' dir='ltr'>ἀπηρνήσω·</span> <span class='ocrx_word' id='word_1_623' title='bbox 1265 4641 1470 4716; x_wconf 75' lang='grc' dir='ltr'>ἕνδογεν</span> <span class='ocrx_word' id='word_1_624' title='bbox 1529 4641 1588 4697; x_wconf 71' lang='grc' dir='ltr'>δὲ</span> <span class='ocrx_word' id='word_1_625' title='bbox 1627 4649 1718 4706; x_wconf 76' lang='grc' dir='ltr'>τὰς</span> <span class='ocrx_word' id='word_1_626' title='bbox 1756 4646 1838 4699; x_wconf 82' lang='grc' dir='ltr'>λα·</span> 
     </span>
    </p>
   </div>
   <div class='ocr_carea' id='block_1_93' title="bbox 1994 4634 3596 4718">
    <p class='ocr_par' dir='ltr' id='par_1_93' title="bbox 1994 4634 3596 4712">
     <span class='ocr_line' id='line_1_93' title="bbox 1994 4634 3596 4712; baseline -0.005 -14"><span class='ocrx_word' id='word_1_627' title='bbox 1994 4659 2092 4699; x_wconf 75' lang='lat' dir='ltr'>txa</span> <span class='ocrx_word' id='word_1_628' title='bbox 2121 4641 2387 4708; x_wconf 74' lang='lat' dir='ltr'>effecisti,</span> <span class='ocrx_word' id='word_1_629' title='bbox 2420 4645 2599 4712; x_wconf 82' lang='lat' dir='ltr'>atque</span> <span class='ocrx_word' id='word_1_630' title='bbox 2639 4638 2838 4695; x_wconf 64' lang='lat' dir='ltr'>fasciaa</span> <span class='ocrx_word' id='word_1_631' title='bbox 2867 4636 3062 4693; x_wconf 90' lang='lat' dir='ltr'>mollis</span> <span class='ocrx_word' id='word_1_632' title='bbox 3089 4635 3308 4707; x_wconf 87' lang='lat' dir='ltr'>rejecto</span> <span class='ocrx_word' id='word_1_633' title='bbox 3333 4651 3469 4705; x_wconf 87' lang='lat' dir='ltr'>usu,</span> <span class='ocrx_word' id='word_1_634' title='bbox 3496 4634 3596 4691; x_wconf 84' lang='lat' dir='ltr'>ab-</span> 
     </span>
    </p>
   </div>
   <div class='ocr_carea' id='block_1_94' title="bbox 233 4726 1835 4810">
    <p class='ocr_par' dir='ltr' id='par_1_94' title="bbox 233 4730 1835 4810">
     <span class='ocr_line' id='line_1_94' title="bbox 233 4730 1835 4810; baseline -0.002 -21"><span class='ocrx_word' id='word_1_635' title='bbox 233 4738 418 4810; x_wconf 77' lang='grc' dir='ltr'>πάρας</span> <span class='ocrx_word' id='word_1_636' title='bbox 490 4737 675 4796; x_wconf 87' lang='grc' dir='ltr'>σικύας</span> <span class='ocrx_word' id='word_1_637' title='bbox 748 4730 904 4791; x_wconf 79' lang='grc' dir='ltr'>δίκην</span> <span class='ocrx_word' id='word_1_638' title='bbox 983 4733 1288 4804; x_wconf 84' lang='grc' dir='ltr'>ύφελκύσας,</span> <span class='ocrx_word' id='word_1_639' title='bbox 1358 4740 1463 4793; x_wconf 86' lang='grc' dir='ltr'>τοῖς</span> <span class='ocrx_word' id='word_1_640' title='bbox 1539 4742 1835 4805; x_wconf 74' lang='grc' dir='ltr'>νεφριτικοίε</span> 
     </span>
    </p>
   </div>
   <div class='ocr_carea' id='block_1_95' title="bbox 1995 4726 3597 4810">
    <p class='ocr_par' dir='ltr' id='par_1_95' title="bbox 1999 4726 3597 4787">
     <span class='ocr_line' id='line_1_95' title="bbox 1999 4726 3597 4787; baseline -0.004 0"><span class='ocrx_word' id='word_1_641' title='bbox 1999 4747 2178 4787; x_wconf 86' lang='lat' dir='ltr'>omen</span> <span class='ocrx_word' id='word_1_642' title='bbox 2194 4730 2552 4786; x_wconf 89' lang='lat' dir='ltr'>intrinsecus</span> <span class='ocrx_word' id='word_1_643' title='bbox 2565 4727 2888 4783; x_wconf 70' lang='lat' dir='ltr'>cucurbitre</span> <span class='ocrx_word' id='word_1_644' title='bbox 2903 4726 2963 4781; x_wconf 90' lang='lat' dir='ltr'>in</span> <span class='ocrx_word' id='word_1_645' title='bbox 2976 4740 3209 4781; x_wconf 90' lang='lat' dir='ltr'>morem</span> <span class='ocrx_word' id='word_1_646' title='bbox 3221 4728 3597 4782; x_wconf 86' lang='lat' dir='ltr'>contractum</span> 
     </span>
    </p>
   </div>
   <div class='ocr_carea' id='block_1_96' title="bbox 232 4813 1834 4900">
    <p class='ocr_par' dir='ltr' id='par_1_96' title="bbox 232 4819 1834 4900">
     <span class='ocr_line' id='line_1_96' title="bbox 232 4819 1834 4900; baseline -0.001 -25"><span class='ocrx_word' id='word_1_647' title='bbox 232 4828 465 4899; x_wconf 81' lang='grc' dir='ltr'>χωρίοις</span> <span class='ocrx_word' id='word_1_648' title='bbox 511 4823 936 4900; x_wconf 84' lang='grc' dir='ltr'>προσκολλᾶσθαι</span> <span class='ocrx_word' id='word_1_649' title='bbox 978 4821 1214 4884; x_wconf 74' lang='grc' dir='ltr'>ἐϐιαςου.</span> <span class='ocrx_word' id='word_1_650' title='bbox 1267 4821 1427 4880; x_wconf 83' lang='grc' dir='ltr'>Ὅλην</span> <span class='ocrx_word' id='word_1_651' title='bbox 1481 4819 1568 4893; x_wconf 66' lang='grc' dir='ltr'>ξδε</span> <span class='ocrx_word' id='word_1_652' title='bbox 1615 4827 1708 4882; x_wconf 76' lang='grc' dir='ltr'>τὴν</span> <span class='ocrx_word' id='word_1_653' title='bbox 1755 4831 1834 4882; x_wconf 81' lang='grc' dir='ltr'>τῆι</span> 
     </span>
    </p>
   </div>
   <div class='ocr_carea' id='block_1_97' title="bbox 1997 4813 3599 4900">
    <p class='ocr_par' dir='ltr' id='par_1_97' title="bbox 1997 4813 3599 4886">
     <span class='ocr_line' id='line_1_97' title="bbox 1997 4813 3599 4886; baseline -0.004 -11"><span class='ocrx_word' id='word_1_654' title='bbox 1997 4819 2200 4876; x_wconf 77' lang='lat' dir='ltr'>enibus</span> <span class='ocrx_word' id='word_1_655' title='bbox 2226 4818 2636 4874; x_wconf 84' lang='lat' dir='ltr'>adhaerescere</span> <span class='ocrx_word' id='word_1_656' title='bbox 2671 4814 2950 4886; x_wconf 89' lang='lat' dir='ltr'>cogebas.</span> <span class='ocrx_word' id='word_1_657' title='bbox 2996 4813 3084 4870; x_wconf 86' lang='lat' dir='ltr'>Ad</span> <span class='ocrx_word' id='word_1_658' title='bbox 3113 4814 3260 4886; x_wconf 70' lang='lat' dir='ltr'>haec,</span> <span class='ocrx_word' id='word_1_659' title='bbox 3307 4816 3599 4870; x_wconf 87' lang='lat' dir='ltr'>evacuato</span> 
     </span>
    </p>
   </div>
   <div class='ocr_carea' id='block_1_98' title="bbox 237 4901 1839 4986">
    <p class='ocr_par' dir='ltr' id='par_1_98' title="bbox 237 4911 1839 4986">
     <span class='ocr_line' id='line_1_98' title="bbox 237 4911 1839 4986; baseline -0.002 -19"><span class='ocrx_word' id='word_1_660' title='bbox 237 4915 445 4986; x_wconf 85' lang='grc' dir='ltr'>σαρκὸς</span> <span class='ocrx_word' id='word_1_661' title='bbox 510 4913 726 4986; x_wconf 80' lang='grc' dir='ltr'>πιμελὴν</span> <span class='ocrx_word' id='word_1_662' title='bbox 796 4911 1103 4980; x_wconf 79' lang='grc' dir='ltr'>ἐκκενώσας,</span> <span class='ocrx_word' id='word_1_663' title='bbox 1158 4916 1273 4972; x_wconf 83' lang='grc' dir='ltr'>τοὺς</span> <span class='ocrx_word' id='word_1_664' title='bbox 1359 4921 1458 4963; x_wconf 86' lang='grc' dir='ltr'>τῶν</span> <span class='ocrx_word' id='word_1_665' title='bbox 1516 4913 1839 4986; x_wconf 69' lang='grc' dir='ltr'>ύπογασρίωι</span> 
     </span>
    </p>
   </div>
   <div class='ocr_carea' id='block_1_99' title="bbox 1997 4901 3599 4986">
    <p class='ocr_par' dir='ltr' id='par_1_99' title="bbox 1997 4901 3599 4978">
     <span class='ocr_line' id='line_1_99' title="bbox 1997 4901 3599 4978; baseline -0.005 -13"><span class='ocrx_word' id='word_1_666' title='bbox 1997 4909 2154 4965; x_wconf 87' lang='lat' dir='ltr'>arnis</span> <span class='ocrx_word' id='word_1_667' title='bbox 2181 4912 2305 4964; x_wconf 89' lang='lat' dir='ltr'>toto</span> <span class='ocrx_word' id='word_1_668' title='bbox 2336 4906 2535 4978; x_wconf 91' lang='lat' dir='ltr'>adipe,</span> <span class='ocrx_word' id='word_1_669' title='bbox 2582 4905 2890 4960; x_wconf 78' lang='lat' dir='ltr'>exsiccasti</span> <span class='ocrx_word' id='word_1_670' title='bbox 2929 4909 3167 4960; x_wconf 83' lang='lat' dir='ltr'>strenue</span> <span class='ocrx_word' id='word_1_671' title='bbox 3205 4907 3441 4960; x_wconf 89' lang='lat' dir='ltr'>meatus</span> <span class='ocrx_word' id='word_1_672' title='bbox 3487 4901 3599 4958; x_wconf 88' lang='lat' dir='ltr'>sub</span> 
     </span>
    </p>
   </div>
   <div class='ocr_carea' id='block_1_100' title="bbox 234 4992 1836 5074">
    <p class='ocr_par' dir='ltr' id='par_1_100' title="bbox 234 5000 1836 5074">
     <span class='ocr_line' id='line_1_100' title="bbox 234 5000 1836 5074; baseline -0.001 -20"><span class='ocrx_word' id='word_1_673' title='bbox 234 5003 468 5074; x_wconf 81' lang='grc' dir='ltr'>ὀχετούς</span> <span class='ocrx_word' id='word_1_674' title='bbox 505 5007 744 5072; x_wconf 79' lang='grc' dir='ltr'>γενναίως</span> <span class='ocrx_word' id='word_1_675' title='bbox 789 5000 1064 5074; x_wconf 78' lang='grc' dir='ltr'>ὶξήρανας,</span> <span class='ocrx_word' id='word_1_676' title='bbox 1115 5004 1350 5074; x_wconf 76' lang='grc' dir='ltr'>γαστέρα</span> <span class='ocrx_word' id='word_1_677' title='bbox 1406 5018 1458 5052; x_wconf 80' lang='grc' dir='ltr'>τι</span> <span class='ocrx_word' id='word_1_678' title='bbox 1512 5001 1677 5058; x_wconf 68' lang='grc' dir='ltr'>αὐτὴν</span> <span class='ocrx_word' id='word_1_679' title='bbox 1734 5008 1836 5063; x_wconf 73' lang='grc' dir='ltr'>ταῖς</span> 
     </span>
    </p>
   </div>
   <div class='ocr_carea' id='block_1_101' title="bbox 1999 4992 3601 5074">
    <p class='ocr_par' dir='ltr' id='par_1_101' title="bbox 1999 4992 3601 5066">
     <span class='ocr_line' id='line_1_101' title="bbox 1999 4992 3601 5066; baseline -0.006 -12"><span class='ocrx_word' id='word_1_680' title='bbox 1999 5002 2163 5055; x_wconf 90' lang='lat' dir='ltr'>entre</span> <span class='ocrx_word' id='word_1_681' title='bbox 2190 4997 2354 5064; x_wconf 90' lang='lat' dir='ltr'>sitos,</span> <span class='ocrx_word' id='word_1_682' title='bbox 2383 4998 2438 5051; x_wconf 90' lang='lat' dir='ltr'>et</span> <span class='ocrx_word' id='word_1_683' title='bbox 2457 4993 2592 5066; x_wconf 91' lang='lat' dir='ltr'>ipso</span> <span class='ocrx_word' id='word_1_684' title='bbox 2622 4996 2827 5049; x_wconf 88' lang='lat' dir='ltr'>ventre</span> <span class='ocrx_word' id='word_1_685' title='bbox 2854 4993 3054 5051; x_wconf 87' lang='lat' dir='ltr'>inedia</span> <span class='ocrx_word' id='word_1_686' title='bbox 3081 4997 3402 5063; x_wconf 85' lang='lat' dir='ltr'>coarctato,</span> <span class='ocrx_word' id='word_1_687' title='bbox 3427 4992 3601 5048; x_wconf 88' lang='lat' dir='ltr'>facie-</span> 
     </span>
    </p>
   </div>
   <div class='ocr_carea' id='block_1_102' title="bbox 237 5079 1839 5165">
    <p class='ocr_par' dir='ltr' id='par_1_102' title="bbox 237 5087 1839 5165">
     <span class='ocr_line' id='line_1_102' title="bbox 237 5087 1839 5165; baseline -0.001 -21"><span class='ocrx_word' id='word_1_688' title='bbox 237 5092 477 5152; x_wconf 75' lang='grc' dir='ltr'>ἀσιτίαις</span> <span class='ocrx_word' id='word_1_689' title='bbox 537 5089 861 5163; x_wconf 87' lang='grc' dir='ltr'>συμπτύξας,</span> <span class='ocrx_word' id='word_1_690' title='bbox 936 5091 1002 5141; x_wconf 80' lang='grc' dir='ltr'>τὰ</span> <span class='ocrx_word' id='word_1_691' title='bbox 1066 5087 1374 5164; x_wconf 79' lang='grc' dir='ltr'>πλευριτικὰ</span> <span class='ocrx_word' id='word_1_692' title='bbox 1445 5093 1602 5162; x_wconf 83' lang='grc' dir='ltr'>μέρη,</span> <span class='ocrx_word' id='word_1_693' title='bbox 1673 5089 1839 5165; x_wconf 79' lang='grc' dir='ltr'>ὥσπερ</span> 
     </span>
    </p>
   </div>
   <div class='ocr_carea' id='block_1_103' title="bbox 1999 5079 3601 5165">
    <p class='ocr_par' dir='ltr' id='par_1_103' title="bbox 2002 5079 3601 5156">
     <span class='ocr_line' id='line_1_103' title="bbox 2002 5079 3601 5156; baseline -0.007 -12"><span class='ocrx_word' id='word_1_694' title='bbox 2002 5105 2065 5145; x_wconf 90' lang='lat' dir='ltr'>as</span> <span class='ocrx_word' id='word_1_695' title='bbox 2077 5091 2143 5143; x_wconf 90' lang='lat' dir='ltr'>ut</span> <span class='ocrx_word' id='word_1_696' title='bbox 2164 5089 2407 5142; x_wconf 68' lang='lat' dir='ltr'>costatm</span> <span class='ocrx_word' id='word_1_697' title='bbox 2428 5087 2650 5156; x_wconf 89' lang='lat' dir='ltr'>partes,</span> <span class='ocrx_word' id='word_1_698' title='bbox 2673 5083 2809 5138; x_wconf 88' lang='lat' dir='ltr'>tecti</span> <span class='ocrx_word' id='word_1_699' title='bbox 2833 5082 3008 5154; x_wconf 85' lang='lat' dir='ltr'>quasi</span> <span class='ocrx_word' id='word_1_700' title='bbox 3028 5083 3314 5155; x_wconf 60' lang='lat' dir='ltr'>quadam</span> <span class='ocrx_word' id='word_1_701' title='bbox 3337 5079 3601 5137; x_wconf 89' lang='lat' dir='ltr'>eminen-</span> 
     </span>
    </p>
   </div>
   <div class='ocr_carea' id='block_1_104' title="bbox 235 5170 1837 5254">
    <p class='ocr_par' dir='ltr' id='par_1_104' title="bbox 235 5177 1837 5254">
     <span class='ocr_line' id='line_1_104' title="bbox 235 5177 1837 5254; baseline -0.001 -20"><span class='ocrx_word' id='word_1_702' title='bbox 235 5183 361 5234; x_wconf 80' lang='grc' dir='ltr'>τινὰ</span> <span class='ocrx_word' id='word_1_703' title='bbox 401 5184 589 5253; x_wconf 73' lang='grc' dir='ltr'>στέγης</span> <span class='ocrx_word' id='word_1_704' title='bbox 646 5179 860 5252; x_wconf 76' lang='grc' dir='ltr'>ἐξοχὴν,</span> <span class='ocrx_word' id='word_1_705' title='bbox 912 5185 1020 5240; x_wconf 86' lang='grc' dir='ltr'>τοῖς</span> <span class='ocrx_word' id='word_1_706' title='bbox 1071 5185 1165 5231; x_wconf 83' lang='grc' dir='ltr'>τοῦ</span> <span class='ocrx_word' id='word_1_707' title='bbox 1227 5177 1459 5251; x_wconf 72' lang='grc' dir='ltr'>ὀμφαλοῦ</span> <span class='ocrx_word' id='word_1_708' title='bbox 1511 5182 1718 5254; x_wconf 83' lang='grc' dir='ltr'>μέρεσιν</span> <span class='ocrx_word' id='word_1_709' title='bbox 1763 5182 1837 5232; x_wconf 77' lang='grc' dir='ltr'>ἐπι</span> 
     </span>
    </p>
   </div>
   <div class='ocr_carea' id='block_1_105' title="bbox 1999 5170 3601 5254">
    <p class='ocr_par' dir='ltr' id='par_1_105' title="bbox 2001 5170 3601 5246">
     <span class='ocr_line' id='line_1_105' title="bbox 2001 5170 3601 5246; baseline -0.007 -13"><span class='ocrx_word' id='word_1_710' title='bbox 2001 5193 2037 5234; x_wconf 89' lang='lat' dir='ltr'>a</span> <span class='ocrx_word' id='word_1_711' title='bbox 2074 5175 2356 5232; x_wconf 88' lang='lat' dir='ltr'>umbram</span> <span class='ocrx_word' id='word_1_712' title='bbox 2392 5173 2743 5230; x_wconf 89' lang='lat' dir='ltr'>inducerent</span> <span class='ocrx_word' id='word_1_713' title='bbox 2773 5173 3052 5246; x_wconf 86' lang='lat' dir='ltr'>partibus</span> <span class='ocrx_word' id='word_1_714' title='bbox 3087 5170 3372 5229; x_wconf 83' lang='lat' dir='ltr'>umbilici.</span> <span class='ocrx_word' id='word_1_715' title='bbox 3411 5171 3601 5239; x_wconf 84' lang='lat' dir='ltr'>Atque</span> 
     </span>
    </p>
   </div>
   <div class='ocr_carea' id='block_1_106' title="bbox 240 5256 1842 5344">
    <p class='ocr_par' dir='ltr' id='par_1_106' title="bbox 240 5268 1842 5344">
     <span class='ocr_line' id='line_1_106' title="bbox 240 5268 1842 5344; baseline 0 -19"><span class='ocrx_word' id='word_1_716' title='bbox 240 5270 506 5334; x_wconf 82' lang='grc' dir='ltr'>εσκίαζες.</span> <span class='ocrx_word' id='word_1_717' title='bbox 570 5274 670 5324; x_wconf 80' lang='grc' dir='ltr'>Καὶ</span> <span class='ocrx_word' id='word_1_718' title='bbox 726 5268 1112 5342; x_wconf 82' lang='grc' dir='ltr'>συνεσταλμένῳ</span> <span class='ocrx_word' id='word_1_719' title='bbox 1172 5268 1270 5342; x_wconf 83' lang='grc' dir='ltr'>ὅλῳ</span> <span class='ocrx_word' id='word_1_720' title='bbox 1318 5287 1390 5342; x_wconf 81' lang='grc' dir='ltr'>τῳ</span> <span class='ocrx_word' id='word_1_721' title='bbox 1446 5268 1664 5344; x_wconf 81' lang='grc' dir='ltr'>ὀργάνῳ,</span> <span class='ocrx_word' id='word_1_722' title='bbox 1713 5271 1842 5325; x_wconf 79' lang='grc' dir='ltr'>κατὰ</span> 
     </span>
    </p>
   </div>
   <div class='ocr_carea' id='block_1_107' title="bbox 1999 5256 3601 5344">
    <p class='ocr_par' dir='ltr' id='par_1_107' title="bbox 1999 5256 3601 5335">
     <span class='ocr_line' id='line_1_107' title="bbox 1999 5256 3601 5335; baseline -0.009 -9"><span class='ocrx_word' id='word_1_723' title='bbox 1999 5269 2264 5326; x_wconf 83' lang='lat' dir='ltr'>ontracto</span> <span class='ocrx_word' id='word_1_724' title='bbox 2286 5269 2408 5324; x_wconf 91' lang='lat' dir='ltr'>toto</span> <span class='ocrx_word' id='word_1_725' title='bbox 2438 5278 2690 5335; x_wconf 85' lang='lat' dir='ltr'>organo,</span> <span class='ocrx_word' id='word_1_726' title='bbox 2743 5262 3053 5323; x_wconf 64' lang='lat' dir='ltr'>nocturnis</span> <span class='ocrx_word' id='word_1_727' title='bbox 3100 5261 3262 5321; x_wconf 87' lang='lat' dir='ltr'>heris</span> <span class='ocrx_word' id='word_1_728' title='bbox 3312 5256 3601 5319; x_wconf 83' lang='lat' dir='ltr'>conﬁtens</span> 
     </span>
    </p>
   </div>
   <div class='ocr_carea' id='block_1_108' title="bbox 319 5413 736 5481">
    <p class='ocr_par' dir='ltr' id='par_1_108' title="bbox 319 5413 736 5481">
     <span class='ocr_line' id='line_1_108' title="bbox 319 5413 736 5481; baseline 0 -13"><span class='ocrx_word' id='word_1_729' title='bbox 319 5416 370 5450; x_wconf 79' lang='grc'><strong>²⁶</strong></span> <span class='ocrx_word' id='word_1_730' title='bbox 398 5413 515 5470; x_wconf 86' lang='lat' dir='ltr'>Luc</span> <span class='ocrx_word' id='word_1_731' title='bbox 534 5427 637 5481; x_wconf 81' lang='lat' dir='ltr'>xu,</span> <span class='ocrx_word' id='word_1_732' title='bbox 668 5413 736 5468; x_wconf 78' lang='grc'>40</span> 
     </span>
    </p>
   </div>
   <div class='ocr_carea' id='block_1_109' title="bbox 318 5550 1920 5630">
    <p class='ocr_par' dir='ltr' id='par_1_109' title="bbox 318 5550 1848 5630">
     <span class='ocr_line' id='line_1_109' title="bbox 318 5550 1848 5630; baseline 0.003 -21"><span class='ocrx_word' id='word_1_733' title='bbox 318 5554 502 5630; x_wconf 59' lang='grc' dir='ltr'>(1)]Εν</span> <span class='ocrx_word' id='word_1_734' title='bbox 526 5550 882 5630; x_wconf 44' lang='grc' dir='ltr'>τριρὸῳ.ηείο</span> <span class='ocrx_word' id='word_1_735' title='bbox 907 5567 1022 5630; x_wconf 81' lang='lat' dir='ltr'>ope</span> <span class='ocrx_word' id='word_1_736' title='bbox 1051 5557 1362 5630; x_wconf 78' lang='lat' dir='ltr'>coptextus</span> <span class='ocrx_word' id='word_1_737' title='bbox 1390 5554 1848 5615; x_wconf 80' lang='lat' dir='ltr'>emendavimus</span> 
     </span>
    </p>
   </div>
   <div class='ocr_carea' id='block_1_110' title="bbox 1112 5550 2714 5630">
    <p class='ocr_par' dir='ltr' id='par_1_110' title="bbox 1112 5551 2714 5630">
     <span class='ocr_line' id='line_1_110' title="bbox 1112 5551 2714 5630; baseline 0 -22"><span class='ocrx_word' id='word_1_738' title='bbox 1112 5557 1362 5630; x_wconf 59' lang='lat' dir='ltr'>tptextus</span> <span class='ocrx_word' id='word_1_739' title='bbox 1390 5554 1848 5615; x_wconf 80' lang='lat' dir='ltr'>emendavimus</span> <span class='ocrx_word' id='word_1_740' title='bbox 2028 5553 2100 5625; x_wconf 78' lang='lat'>(2)</span> <span class='ocrx_word' id='word_1_741' title='bbox 2133 5553 2214 5608; x_wconf 82' lang='lat' dir='ltr'>Ex</span> <span class='ocrx_word' id='word_1_742' title='bbox 2236 5551 2410 5628; x_wconf 88' lang='lat' dir='ltr'>epist.</span> <span class='ocrx_word' id='word_1_743' title='bbox 2431 5565 2562 5620; x_wconf 74' lang='lat' dir='ltr'>XLV,</span> <span class='ocrx_word' id='word_1_744' title='bbox 2594 5552 2714 5608; x_wconf 84' lang='lat' dir='ltr'>t33.</span> 
     </span>
    </p>
   </div>
   <div class='ocr_carea' id='block_1_111' title="bbox 245 5622 1214 5700">
    <p class='ocr_par' dir='ltr' id='par_1_111' title="bbox 245 5622 1214 5700">
     <span class='ocr_line' id='line_1_111' title="bbox 245 5622 1214 5700; baseline -0.007 -16"><span class='ocrx_word' id='word_1_745' title='bbox 245 5622 420 5700; x_wconf 80' lang='lat' dir='ltr'>quod</span> <span class='ocrx_word' id='word_1_746' title='bbox 451 5622 579 5686; x_wconf 77' lang='lat' dir='ltr'>erat</span> <span class='ocrx_word' id='word_1_747' title='bbox 607 5627 668 5685; x_wconf 89' lang='lat' dir='ltr'>in</span> <span class='ocrx_word' id='word_1_748' title='bbox 689 5622 883 5697; x_wconf 82' lang='lat' dir='ltr'>editis,</span> <span class='ocrx_word' id='word_1_749' title='bbox 909 5622 969 5678; x_wconf 81' lang='grc' dir='ltr'>ὲν“</span> <span class='ocrx_word' id='word_1_750' title='bbox 983 5622 1214 5700; x_wconf 72' lang='grc' dir='ltr'>προόδῳ,</span> 
     </span>
    </p>
   </div>
  </div>
