4056 6222
258 327 392 380 1221

254 468 343 508 νος
373 469 384 480 ο
415 449 804 514 Μετανοήσατε,
837 465 924 497 κα.
959 445 1312 519 βαπτισθήτω
1341 450 1561 508 ἕκαστος
1602 449 1744 520 ὑμῶν
1773 446 1858 499 ἐπὶ
1891 461 1939 515 Α

256 547 332 607 τῷ
386 536 600 606 ὀνόματι
649 542 741 586 τοῦ
789 540 983 607 Κυρίου
1009 536 1187 594 Ἰησοῦ
1228 538 1296 598 εἰς
1337 539 1520 609 ἄφεσιν
1569 536 1858 610 ἁμαρτιῶν,

256 633 350 677 και
373 624 603 694 λήψεσθε
641 629 734 681 τὴν
762 622 1070 696 ἐπαγγελίαν
1094 635 1186 678 τοῦ
1217 630 1516 699 Πνεύματος
1539 647 1550 659 ο
1585 625 1671 678 ὑπ’
1698 625 1859 678 αὐτού

259 722 352 766 τοῦ
382 718 576 785 Κυρίου
600 713 1140 786 προσλαμϐανόμενος,
1161 715 1394 788 λέγοντος
1421 730 1436 745 ⁸
1468 722 1616 768 Δεῦτε
1649 717 1772 789 πρὸς

259 805 447 862 πάντες
477 805 525 854 οἱ
554 811 831 863 κοπιῶντες
853 808 941 855 καὶ
967 809 1387 878 πεφορτισμένοι,
1405 803 1551 875 κάγὼ
1575 802 1859 856 ἀναπαύσω

261 895 394 964 ὑμᾶς
419 913 429 924 ·
461 891 645 960 ὀκνεῖς,
669 896 758 942 καὶ
798 890 1046 964 βουλεύῃ,
1080 897 1169 945 καὶ
1211 890 1525 965 διαμελλεις.
1555 892 1641 945 Ἐκ
1670 896 1857 950 νηπίου

259 989 346 1036 τον
383 982 532 1052 λογον
564 983 981 1051 κατηχούμενος,
1036 983 1178 1034 οὔπω
1229 985 1443 1036 συνέθου
1491 991 1551 1054 τῇ
1605 981 1855 1053 ἀληθείας

259 1077 480 1124 πάντοτε
509 1071 802 1142 μανθάνων,
831 1067 1038 1122 οὐδέπω
1067 1072 1214 1132 ἦλθες
1238 1075 1364 1148 πρὸς
1399 1077 1492 1130 την
1539 1074 1817 1142 ἐπίγνωσιν
1842 1087 1854 1135 ;

260 1166 561 1235 Πειραστὴς
592 1156 686 1211 διὰ
727 1157 870 1229 βίου,
929 1164 1254 1221 κατάσκοπος
1297 1167 1460 1233 μέχρι
1510 1165 1706 1234 γήρως.
1735 1164 1858 1212 ποτε

255 1255 454 1320 γενήσῃ
497 1254 844 1322 Χριστιανός
877 1253 1001 1300 ποτε
1043 1267 1098 1301 σε
1127 1255 1448 1322 γνωρίσομεν
1479 1253 1548 1309 ὡς
1577 1250 1856 1322 ἡμέτερονς

255 1345 455 1412 ΙΙερυσι
492 1341 577 1388 τὸν
608 1341 840 1410 παρόντα
867 1341 1046 1409 καιρὸν
1089 1333 1355 1410 ἐξεδίχου,
1387 1345 1475 1388 νῦν
1523 1337 1677 1390 πάλιν
1727 1336 1855 1389 ἀνα-

258 1432 421 1498 μένεις
451 1431 538 1477 τὸν
572 1428 801 1477 ἑπιοντα.
826 1425 979 1498 Ὀρα,
1033 1431 1100 1497 μὴ
1157 1427 1365 1500 εὑρεθῇς
1412 1432 1736 1501 μακροτέρας
1762 1434 1858 1488 τῆς

256 1518 394 1576 ζωῆς
423 1518 513 1575 τὰς
550 1516 872 1585 ὑποσχέσεις
903 1519 1223 1586 ποιούμενος.
1256 1519 1365 1566 Ούκ
1402 1513 1554 1577 οἶδας
1583 1522 1633 1567 τί
1661 1515 1857 1578 τέξεται

252 1607 282 1661 η
333 1603 592 1656 ἐπιούσαο
645 1608 716 1674 μὴ
774 1602 1086 1674 ἐπαγγελλου
1127 1607 1190 1654 τα
1235 1610 1304 1675 μη
1360 1606 1446 1655 σά.
1476 1605 1591 1656 Ἐπὶ
1629 1605 1766 1664 ζωήν
1799 1622 1858 1655 σε

252 1693 532 1764 καλοῦμεν,
594 1693 865 1765 οἰνθρωπεο
919 1696 969 1743 τί
1026 1691 1333 1764 ἀποφεύγεις
1384 1699 1472 1750 την
1520 1693 1744 1757 κλῆσιν;
1777 1691 1856 1744 ἄπ’

255 1782 469 1852 ἀγαθῶν
495 1785 773 1853 μετουσίαν
797 1797 809 1810 °
843 1786 895 1832 τί
925 1780 1248 1855 ὑπερϐαίνεις
1273 1788 1365 1840 τήν
1405 1779 1603 1855 δωρεάν
1629 1799 1642 1846 ;
1690 1790 1854 1835 Βασι-
1883 1803 1929 1856 Β

252 1871 369 1924 λεία
414 1871 643 1944 οὐρανῶν
687 1874 964 1928 ἧνοικται·
1015 1874 1041 1922 ὁ
1105 1871 1272 1923 καλῶν
1314 1869 1583 1942 ἀψευδηςο
1655 1875 1682 1930 ἡ
1737 1868 1856 1933 ὀδος

252 1957 441 2033 ῥᾳδία,
476 1959 534 2012 ού
563 1965 784 2031 χρόνου,
822 1960 880 2012 ού
910 1956 1117 2017 δαπάνη
1131 1981 1170 2028 ς,
1189 1960 1249 2012 οὗ
1274 1967 1633 2033 πραγματείας
1660 1967 1820 2036 χρεία
1840 1978 1852 1992 ·

253 2055 307 2101 τί
343 2047 577 2120 μέλλεις
607 2052 660 2099 τί
693 2045 919 2120 ἀναδύῃ,
949 2054 1001 2100 τί
1029 2048 1156 2121 φοϐῇ
1190 2053 1276 2100 τὸν
1328 2053 1502 2119 ζυγὸν,
1537 2053 1708 2122 ὥσπερ
1751 2047 1854 2103 δά-

252 2137 414 2209 μαλίς
465 2156 546 2198 τις
599 2137 984 2210 άπειρόζυγος;
1042 2138 1118 2189 Ού
1145 2137 1310 2210 τρίϐει
1349 2142 1434 2190 τὸν
1463 2139 1686 2210 αὐχένα,
1731 2137 1857 2192 ἀλλά

253 2223 494 2288 δοξάζει.
528 2224 603 2277 Ού
658 2228 757 2300 γάρ
810 2221 1085 2298 δεσμείται
1127 2229 1153 2284 η
1213 2226 1400 2298 ζεύγλη
1433 2233 1550 2301 περὶ
1597 2231 1683 2279 τὸν
1735 2231 1857 2301 τρά-

254 2315 446 2386 χηλον,
502 2314 838 2376 αὐτεξούσιον
885 2313 1123 2375 ἐπιζητεί
1180 2319 1266 2367 τὸν
1331 2315 1629 2387 ύφέλκοντα.
1677 2316 1855 2391 Ὀρᾷς,

253 2405 340 2455 ὁτι
369 2409 740 2476 κατηγορεῖται
775 2403 1017 2477 Ἐφραίμ,
1067 2406 1134 2465 ὡς
1190 2413 1564 2478 παροιστρῶσα
1611 2402 1856 2477 δάμαλις,

253 2491 337 2542 ὅτι
364 2492 570 2542 ἄτακτα
597 2489 996 2564 περιπλανᾶται,
1037 2495 1125 2542 τὸν
1179 2500 1271 2544 τοῦ
1323 2497 1481 2564 νόμον
1535 2493 1695 2562 ζυγὸν
1743 2492 1853 2544 ἀτι-

253 2579 473 2651 μάζωνς
512 2577 722 2641 ’Υποθες
766 2598 860 2632 σου
917 2584 1005 2632 τὸν
1054 2577 1366 2653 ἀδάμαστον
1419 2581 1651 2651 αὐχένα·
1705 2589 1856 2652 γενοῦ

255 2667 545 2739 ὑποζύγιον
595 2675 688 2719 τοῦ
745 2674 1000 2742 Χριστοῦ,
1056 2669 1140 2720 ἵνα
1183 2675 1253 2740 μὴ
1308 2668 1572 2741 ἀφειμένος
1625 2679 1713 2730 τῆς
1743 2671 1856 2731 ζεύ-

253 2755 406 2826 γλης,
437 2752 574 2826 μηδὲ
603 2754 968 2828 ἐλευθεριάζων
999 2764 1071 2826 τῷ
1105 2755 1226 2829 βίω,
1261 2756 1856 2830 ε’ὶεπιχείρητοςῇςτοῖς

256 2848 482 2917 θηρίοις.

335 3119 392 3168 4.
436 3114 495 3167 Εἰ
549 3119 755 3186 χρυσον
806 3123 865 3172 τῆ
902 3114 1188 3186 Ἐκκλησία
1227 3112 1477 3186 διένεμον,
1532 3116 1624 3166 οὐκ
1657 3117 1716 3166 ἄν
1769 3135 1858 3186 μοι
1891 3152 1930 3205 C

251 3202 398 3264 εἶπες
422 3219 436 3233 °
461 3207 648 3277 Αὔριον
669 3204 800 3271 ἣξω,
830 3209 921 3256 καὶ
951 3208 1128 3276 αὔριον
1161 3201 1346 3264 δώσεις
1370 3219 1384 3234 ⁸
1416 3204 1523 3255 ἀλλ’
1552 3204 1767 3277 ἀπῄτεις
1798 3204 1858 3255 ἂν

250 3289 369 3351 ἤδη
419 3297 512 3351 τὴν
562 3289 818 3365 διανομὴν
874 3299 1213 3364 κατεπείγων,
1263 3299 1351 3345 καὶ
1388 3291 1693 3366 ἐδυσφόρεις
1731 3298 1860 3368 πρὸς

252 3387 355 3440 τὴν
408 3382 700 3455 ὑπέρθεσιν.
763 3383 904 3434 Ἐπεὶ
949 3379 1008 3434 δὲ
1063 3382 1168 3453 οὐχ
1227 3381 1352 3443 ὕλης
1407 3386 1676 3456 εὔχροιαν,
1735 3381 1863 3434 ἀλλά

254 3470 452 3541 ψυχῆς
499 3471 838 3544 καθαρότητα
888 3476 1210 3543 προτείνεταί
1272 3490 1354 3522 σοι
1395 3473 1422 3521 ο
1474 3467 1858 3544 μεγαλόδωρος,

254 3562 542 3631 προφάσεις
592 3559 816 3631 πλάττη,
857 3563 945 3610 καὶ
997 3560 1164 3619 αἰτίας
1213 3559 1507 3632 ἀπαριθμῇ.
1564 3561 1623 3611 Ei
1678 3556 1865 3620 δοῦλος

255 3647 546 3719 ἀνθρώπων
579 3643 738 3713 ἦσθα,
780 3649 1082 3722 προεγράφη
1132 3645 1191 3700 δὲ
1223 3645 1429 3709 δούλοις
1461 3647 1740 3721 ἐλευθερία,
1771 3649 1867 3701 ούκ

255 3735 320 3786 ἀν
354 3737 437 3787 ἐπὶ
463 3740 556 3794 τὴν
572 3742 756 3810 κυρίαν
781 3734 1110 3807 ἀπήντησάς,
1151 3741 1470 3809 συνηγόρους
1500 3739 1864 3808 μισθούμενος,

257 3830 354 3876 καὶ
409 3820 666 3886 δικαστὰς
718 3825 1054 3897 παρακαλῶν,
1101 3827 1234 3877 ὥστε
1282 3828 1424 3897 πάσῃ
1478 3834 1695 3897 μηχανῇ
1739 3830 1870 3898 πρὸς

252 3913 547 3985 ἐλευθερίαν
603 3911 963 3986 ἐξαιρεθῆναις
1024 3912 1088 3965 Ἠ
1145 3933 1244 3965 που
1305 3919 1391 3966 καὶ
1449 3915 1718 3986 ῥάπισμα,
1775 3919 1870 3971 τὴν

255 4001 559 4053 τελευταίαν
589 4009 688 4053 τῶν
729 3998 928 4053 δούλων
957 4001 1184 4073 πληγὴν,
1219 4005 1343 4076 ὑπὲρ
1396 4012 1488 4064 τῆς
1535 4005 1667 4074 μετά
1704 4009 1871 4055 ταῦτα

252 4098 362 4142 τῶν
392 4090 651 4161 αἰκισμῶν
679 4089 981 4160 ἀπαλλαγῆς
1003 4087 1330 4162 καταδέχου.
1357 4089 1569 4148 Ἐπειδὴ
1604 4089 1663 4144 δε
1687 4088 1869 4144 δοῦλον

251 4184 386 4230 ὄντα
417 4197 474 4230 σε
503 4179 595 4230 οὐκ
623 4177 925 4253 ἀνθρώπων,
970 4178 1098 4231 ἀλλά
1129 4187 1224 4241 τῆς
1256 4181 1540 4254 ἀμαρτίας,
1567 4180 1715 4233 καλεῖ
1743 4185 1871 4255 πρὸς

251 4267 596 4339 ἐλευθερίανο
622 4268 811 4340 κῆρυξ,
847 4269 932 4319 ἱνα
958 4266 1090 4340 λύση
1117 4274 1207 4339 μέν
1243 4287 1299 4321 σε
1338 4277 1429 4329 τῆς
1473 4270 1870 4341 αἰχμαλωσίας,

257 4355 570 4413 ἑτοπολίτην
599 4353 659 4408 δὲ
705 4364 809 4416 τοῖς
839 4356 1080 4427 ἀγγέλοις
1121 4363 1242 4413 ποιή
1256 4377 1345 4430 σῃ,
1377 4365 1466 4410 καὶ
1496 4364 1607 4410 υίὸν
1629 4364 1717 4430 μεν
1746 4358 1871 4412 ἀπο-

255 4443 409 4516 δείξῃ
435 4453 526 4497 τοῦ
557 4453 711 4511 Θεοῦ,
745 4443 1242 4501 εἰσποιηθένταδιά
1284 4455 1376 4508 τῆς
1406 4450 1644 4522 χάριτος,
1680 4448 1871 4522 κληρο·
1905 4494 1948 4549 D

304 4540 308 4544 -
466 4530 497 4549 ﬁt
605 4542 626 4549 .-
706 4531 718 4547 9
809 4535 827 4549 ιι
847 4542 867 4549 .-
1005 4543 1021 4549 -
1067 4543 1105 4549 --
1281 4544 1295 4548 .-
1413 4540 1430 4549 ιο
1550 4535 1567 4549 κ
1595 4542 1602 4549 ι
1771 4535 1792 4548 ’ν
1863 4543 1874 4549 ι

255 4540 418 4607 νόμον
452 4530 511 4586 δὲ
563 4542 660 4585 τῶν
697 4531 902 4604 ἀγαθῶν
931 4543 1022 4586 τοῦ
1067 4543 1298 4607 Χριστοῦ
1323 4552 1335 4564 ·
1370 4540 1513 4587 οὔπω
1550 4535 1715 4607 λέγεις
1746 4535 1874 4590 εἶναί

257 4641 350 4674 σοι
401 4625 582 4693 καιρὸν
642 4618 902 4684 δέξασθαι
953 4627 1020 4675 τά
1077 4621 1350 4696 διδόμενα.
1381 4623 1448 4675 Ὦ.
1501 4633 1599 4675 τῶν
1638 4634 1874 4699 πονηρῶν

252 4706 568 4781 ἀμποδίωνῐ
603 4708 642 4759 ὦ
673 4717 768 4770 τῆς
830 4710 1068 4782 αἰσχρᾶς
1119 4717 1209 4762 καὶ
1263 4710 1536 4764 ἀτελέα-του
1577 4710 1870 4784 ἀσχολίαςί

250 4798 400 4859 Έως
435 4803 558 4850 ποτε
579 4794 768 4856 ἡδοναί
790 4816 804 4866 ;
835 4800 930 4860 ἕως
959 4805 1083 4852 ποτε
1108 4798 1432 4858 ἡδυπάθειαι
1457 4817 1470 4866 ;
1498 4799 1661 4852 noto»
1683 4799 1875 4860 ἔζησα-

253 4908 353 4961 μεν
385 4892 577 4962 χρόνον
610 4897 683 4958 τῷ
712 4894 915 4962 κόσμῳ,
949 4890 1194 4963 ζήσωμεν
1237 4890 1414 4943 λοιπὸν
1445 4896 1535 4942 καί
1564 4891 1785 4952 ἑαυτοῖς.
1809 4894 1874 4943 Τί

251 4979 454 5048 ψυχῆς
507 4975 787 5048 funditor;
843 4986 897 5032 τί
957 4981 1264 5033 ἰσοστάσιον
1313 4989 1407 5040 τῆς
1461 4979 1731 5053 βασιλείας
1774 4988 1874 5031 τῶν

257 5067 496 5139 οὐρανῶν
523 5084 537 5133 ;
566 5072 658 5128 Τίς
682 5065 1106 5144 ἀξιοπιστότερος
1138 5088 1224 5122 σοι
1255 5067 1548 5142 σύμϐουλος
1577 5077 1668 5121 τοὺ
1697 5076 1830 5123 Θεοῦ
1855 5085 1872 5135 ;

250 5160 335 5215 τίς
368 5161 750 5231 φρονιμώτερος
795 5163 888 5209 τοῦ
937 5165 1119 5230 σοφοῦ,
1153 5159 1182 5216 ἡ
1225 5163 1303 5218 τίς
1353 5158 1739 5232 ὠφελιμώτερος
1780 5164 1874 5209 τοῦ

252 5244 465 5316 ἀγαθοῦ
491 5261 504 5310 ;
532 5249 612 5306 τίς
660 5253 752 5297 τού
801 5251 1076 5309 κτίσαντος
1123 5246 1469 5322 οἱκειότερος;
1504 5243 1644 5300 Ούδε
1667 5254 1731 5320 τῇ
1766 5249 1875 5318 Εὔα

341 5423 390 5455 δ’
425 5426 548 5478 Act.
583 5436 644 5488 ιι,
674 5425 759 5479 38.

849 5425 896 5458 ⁸³
923 5424 1121 5482 Matth.
1153 5440 1235 5493 xx,
1257 5427 1347 5482 28.
1430 5427 1479 5460 ³⁴
1510 5426 1646 5483 Ose.
1667 5440 1745 5492 ιν,
1773 5429 1862 5482 16.

343 5603 420 5671 μ)
468 5603 547 5656 Ex
569 5601 821 5659 homilia
853 5606 912 5659 in
941 5612 1217 5662 sanctum
1250 5607 1559 5676 baptisma,
1598 5611 1716 5663 M6.

1375 324 1604 381 SERMO
1643 324 1782 380 Vill.
1821 352 1889 362 —
1925 321 2018 378 DE
2057 324 2500 383 ΡίΕΝῐΤΕΝτιΑ

3483 336 3618 388 1222

1971 445 2146 502 audis
2177 465 2192 503 :
2223 449 2390 520 Agite
2413 450 2843 519 paenitentiam,
2875 456 2932 506 et
2958 451 3300 520 baptizetur
3332 456 3598 528 unusqui

1968 548 2112 604 sque
2137 541 2394 591 vestrum
2425 539 2486 592 in
2513 538 2752 593 nomine
2787 539 3030 607 Domini
3062 541 3202 595 Jesu
3242 541 3303 594 in
3331 545 3624 598 remissio-

1968 637 2100 678 nem
2119 633 2529 693 peccatorum,
2572 633 2624 682 ct
2675 628 2979 695 accipietis
3005 630 3456 697 promissionem
3494 634 3626 702 Spi-

1969 711 2181 766 ritus”
2204 726 2225 781 ;
2255 714 2360 786 qui
2415 714 2493 769 ab
2524 714 2659 786 ipso
2710 715 2965 770 Domino
3003 715 3296 784 invitatis,
3341 718 3574 776 dicente
3610 739 3623 775 :

1980 800 2180 856 Venite
2209 801 2292 856 ad
2319 817 2412 858 me
2429 817 2630 858 omnes
2649 805 2754 873 qui
2781 804 3094 871 laboratis,
3127 810 3180 861 et
3210 809 3449 863 onerati
3465 812 3626 874 estis,

1969 894 2022 944 et
2053 905 2150 959 ego
2181 891 2449 958 reﬁciam
2485 907 2584 947 vos
2597 892 2675 960 ³³;
2709 891 2899 948 haeres
2929 897 3157 962 tamen,
3201 894 3626 970 deliberasque

1969 983 2026 1033 et
2055 980 2381 1037 cunctaris.
2410 985 2455 1036 A
2498 996 2688 1053 puero
2738 980 2882 1037 ﬁdei
2938 982 3296 1039 rudimentis
3328 985 3623 1055 imbutus,

1968 1066 2242 1123 nondum
2264 1069 2580 1125 assensisti
2599 1070 2878 1125 veritati?
2907 1085 3144 1143 semper
3164 1071 3459 1139 ediscens,
3479 1089 3626 1132 non-

1967 1155 2116 1210 dum
2147 1157 2472 1229 pervenisti
2517 1158 2596 1215 ad
2639 1159 3046 1229 cognitionem
3069 1159 3098 1215 ?
3135 1160 3244 1216 Per
3269 1175 3516 1218 omnem
3545 1164 3627 1219 vi-

1967 1249 2091 1300 tam
2123 1245 2486 1317 explorator,
2510 1247 2590 1304 ad
2622 1253 2986 1303 senectutem
3022 1264 3214 1320 usque
3264 1249 3624 1321 speculator,

1966 1332 2216 1405 quando
2233 1334 2479 1390 tandem
2493 1335 2602 1390 ﬁes
2627 1336 2998 1392 Christianus
3018 1336 3045 1391 ?
3067 1337 3316 1408 quando
3339 1353 3625 1408 agnosce-

1966 1437 2105 1478 mus
2131 1427 2186 1478 te
2219 1429 2284 1479 ut
2326 1427 2643 1480 nostrum?
2669 1430 2842 1480 Anno
2876 1426 3182 1497 superiore
3227 1427 3344 1483 hoc
3382 1433 3623 1501 tempus

1965 1511 2414 1583 praestolabare,
2449 1528 2611 1568 nunc
2662 1529 2872 1568 rursus
2924 1519 3234 1586 exspectas
3277 1521 3618 1572 venturum.

1965 1601 2121 1656 Cave
2146 1599 2621 1673 deprehenderis
2639 1603 2942 1674 promissa
2957 1603 3154 1658 facere
3179 1603 3301 1658 vita
3327 1603 3620 1673 longiora.
3675 1675 3680 1679 .

1966 1690 2214 1758 ignoras
2243 1690 2389 1760 quid
2419 1705 2676 1762 sequens
2708 1690 2836 1745 dies
2873 1691 3048 1763 516
3089 1695 3371 1763 parturus
3406 1693 3515 1759 sit;
3547 1707 3625 1748 ne

1967 1776 2246 1848 promitte
2276 1793 2415 1850 qum
2461 1784 2562 1834 tua
2589 1795 2713 1834 non
2742 1784 2900 1835 sunt.
2951 1781 3040 1835 Ad
3087 1781 3277 1836 vitam
3306 1785 3384 1849 te,
3414 1780 3622 1851 homo,

1966 1880 2296 1932 vocamus;
2345 1867 2492 1938 quid
2531 1867 2690 1937 fugis
2727 1868 3152 1924 vocationem?
3196 1869 3275 1924 ad
3320 1869 3623 1926 bonorum

1963 1953 2487 2027 participationem
2517 1974 2530 2023 ;
2562 1956 2707 2028 quid
2730 1956 2960 2012 donum
2979 1958 3415 2029 praetermittis?
3441 1963 3623 2032 Aper-

1965 2046 2094 2098 tum
2125 2047 2214 2098 est
2260 2043 2554 2099 caelorum
2583 2060 2879 2116 regnum;
2913 2061 3099 2101 verax
3130 2051 3222 2102 est
3262 2047 3368 2119 qui
3406 2052 3618 2112 vocat;

1967 2131 2066 2186 via
2090 2129 2299 2201 facilis,
2330 2148 2453 2188 non
2485 2137 2776 2205 tempore.
2804 2148 2928 2189 non
2956 2139 3226 2207 sumptu,
3252 2151 3376 2192 non
3413 2135 3622 2193 labore

1965 2233 2120 2292 opus
2151 2223 2241 2275 est
2287 2239 2300 2275 :
2343 2220 2493 2293 quid
2521 2221 2766 2277 diﬂ'ers?
2793 2221 2942 2294 quid
2989 2223 3436 2292 tergiversaris?
3473 2223 3621 2296 quid

1959 2309 2176 2380 jugum
2202 2309 2608 2380 perhorrescis
2633 2311 2793 2367 velut
2817 2311 3082 2381 juvenca
3099 2312 3380 2384 quasdam
3403 2312 3620 2384 iugum

1965 2399 2240 2455 nondum
2266 2406 2515 2472 experta
2534 2401 2562 2454 ?
2588 2400 2818 2457 Collum
2857 2416 2981 2457 non
3002 2401 3240 2470 obterit,
3268 2401 3373 2457 sed
3405 2401 3621 2458 conde-

1966 2492 2155 2544 corat.
2203 2491 2405 2560 Neque
2435 2505 2596 2545 enim
2644 2489 2851 2560 jugale
2893 2489 3159 2546 vinclum
3190 2490 3350 2546 circa
3400 2489 3621 2546 collum

1964 2575 2203 2647 ligatur.
2236 2579 2343 2634 sed
2369 2578 2522 2634 ultro
2554 2595 2623 2636 ac
2650 2579 2834 2635 libere
2864 2580 3196 2635 trahentem
3223 2580 3622 2652 poscit.Vides

1965 2665 2230 2721 incusari
2264 2666 2891 2738 Ephraim,tanquam
2931 2665 3181 2723 vitulam
3220 2672 3402 2724 oestro
3431 2667 3624 2740 perci-

1966 2758 2086 2810 tam
2103 2756 2170 2816 ³⁵,
2203 2754 2371 2826 quod
2403 2755 2740 2812 inordinate
2763 2755 2996 2811 oberret
3020 2755 3172 2824 legis
3200 2756 3420 2825 jugum
3447 2755 3625 2811 dede-

1966 2846 2222 2898 corans?
2245 2842 2446 2899 Subde
2474 2842 2836 2899 indomitam
2868 2843 3160 2899 cervicem
3184 2846 3349 2898 tuam
3375 2860 3388 2898 ε
3413 2843 3624 2900 Christi

1966 2933 2078 2988 tias
2104 2933 2466 3004 jumentum,
2504 2941 2566 2990 ut
2590 2949 2666 2989 ne
2710 2935 2858 3004 jugo
2899 2933 3130 2989 solutus
3157 2932 3619 3005 liberioremque

1966 3021 2149 3076 vitam
2181 3022 2428 3091 degens,
2463 3023 2597 3094 capi
2623 3039 2660 3078 a.
2682 3022 2893 3078 bestiis
2925 3021 3094 3078 facile
3117 3022 3344 3094 possis.

2037 3114 2090 3164 4.
2125 3111 2196 3182 (t)
2231 3110 2404 3176 Quod
2434 3111 2482 3166 si
2503 3127 2720 3168 aurum
2744 3111 3015 3166 Ecclesiae
3037 3110 3617 3179 distribuerem,non

1968 3199 2174 3271 utique
2202 3215 2367 3256 esses
2394 3200 2542 3255 mihi
2571 3200 2844 3255 dicturus
2887 3218 2900 3256 :
2944 3202 3085 3263 Cras
3115 3199 3379 3266 veniam,
3411 3203 3470 3256 et
3493 3215 3628 3256 cras

1970 3287 2180 3354 dabis;
2215 3287 2321 3344 sed
2339 3288 2469 3359 jam
2492 3303 2851 3361 exposceres
2872 3303 3096 3358 urgens
3117 3287 3629 3357 distributionem,

1972 3382 2029 3434 et
2056 3376 2405 3433 dilationem
2441 3378 2646 3433 animo
2690 3377 2901 3450 iniquo
2948 3377 3152 3433 ferres.
3188 3377 3302 3434 Sed
3332 3377 3479 3450 quia
3506 3392 3631 3433 non

1975 3465 2289 3522 materiam
2313 3465 2560 3538 pulchre
2583 3466 2933 3532 coloratam,
2955 3466 3061 3523 sed
3080 3466 3299 3522 animae
3312 3466 3636 3539 puritatem

1975 3554 2080 3610 tibi
2106 3554 2278 3610 offert
2308 3569 2569 3624 magnus
2590 3556 2894 3612 donorum
2913 3555 3181 3627 largitor.
3216 3555 3638 3611 comminisce-

1975 3644 2056 3700 ris
2081 3644 2522 3710 excusationes,
2577 3649 2762 3716 atque
2809 3661 3024 3700 causas
3071 3659 3367 3700 recenses.
3421 3647 3640 3701 Servus

1976 3731 2294 3788 hominum
2336 3733 2384 3787 si
2428 3749 2614 3802 esses,
2641 3733 2951 3805 servisque
2987 3733 3193 3788 fuisset
3221 3732 3536 3804 proposita
3564 3731 3637 3788 li-

1977 3821 2199 3890 bertas,
2227 3837 2430 3876 nonne
2453 3822 2532 3878 ad
2561 3827 2780 3878 statam
2816 3822 2978 3877 diem
3003 3823 3385 3892 occurrisses,
3410 3819 3635 3876 condu-

1979 3926 2121 3966 cens
2171 3916 2482 3982 patronos,
2529 3911 2884 3982 judicesque
2916 3925 3161 3980 rogans,
3210 3914 3277 3966 ut
3326 3908 3634 3966 machina-

1980 3999 2138 4054 tione
2169 3999 2333 4054 omni
2360 3999 2423 4055 in
2451 4015 2640 4055 manu
2668 3999 3100 4055 mittendorum
3116 4013 3436 4055 numerum
3457 3997 3634 4054 ascri-

1980 4087 2245 4143 bereris?
2276 4088 2429 4153 Quin
2472 4091 2530 4144 et
2577 4087 2844 4160 alapam,
2893 4091 3265 4160 postremam
3322 4101 3635 4143 servorum

1981 4175 2249 4249 plagam,
2281 4177 2425 4233 utin
2455 4182 2769 4250 posterum
2796 4192 2834 4234 a
2867 4176 3219 4233 verberibus
3255 4175 3406 4232 liber
3432 4174 3634 4242 ﬁeres,

1981 4266 2302 4338 acciperes.
2336 4266 2636 4332 Quoniam
2663 4272 2867 4323 autem
2915 4282 3158 4322 servum
3210 4268 3268 4322 te
3296 4279 3421 4321 non
3446 4264 3638 4321 homi-

1981 4369 2153 4425 num,
2181 4355 2286 4412 sed
2313 4356 2564 4428 peccati,
2592 4359 2769 4412 vocat
2791 4355 2867 4410 ad
2888 4354 3225 4410 libertatem
3249 4367 3472 4424 praeco,
3495 4356 3561 4407 ut
3578 4359 3638 4408 te

1983 4444 2176 4500 solvat
2198 4461 2269 4500 ex
2302 4445 2644 4517 captivitate
2667 4449 2724 4501 et
2752 4460 2825 4499 ex
2854 4458 3032 4515 aequo
3061 4457 3200 4497 cum
3240 4439 3468 4509 angelis
3495 4439 3633 4494 civi-

1984 4537 2102 4588 tate
2133 4533 2338 4600 donet,
2367 4537 2423 4589 et
2451 4534 2644 4588 ﬁlium
2673 4532 2774 4588 Dei
2801 4531 3016 4586 efﬁciat
3044 4528 3402 4600 adoptatum
3425 4527 3637 4597 gratia,

1985 4636 2056 4676 ac
2084 4620 2388 4677 bonorum
2435 4621 2645 4676 Christi
2674 4619 2980 4675 haeredem
3023 4636 3037 4672 :
3088 4615 3363 4672 nondum
3394 4620 3640 4688 tempus

1985 4724 2115 4764 esse
2144 4709 2275 4764 haec
2312 4709 2477 4765 dona
2533 4707 2869 4780 excipiendi
2925 4706 3098 4762 dicis.
3132 4707 3177 4762 0
3203 4704 3638 4777 impedimenta

1984 4797 2204 4868 prava!
2236 4811 2274 4852 ο
2304 4801 2539 4867 turpem
2567 4801 2625 4851 et
2651 4795 3098 4851 interminatam
3134 4791 3594 4865 occupationem
3621 4793 3636 4847 ι

1987 4887 2310 4956 Quousque
2340 4883 2586 4940 tandem
2612 4881 2954 4954 voluptates
2969 4882 2997 4938 ?
3025 4897 3346 4954 usquequo
3367 4880 3594 4938 deliciae
3609 4881 3638 4936 Υ

1985 4971 2252 5028 Viximus
2276 4970 2536 5027 multum
2578 4975 2818 5041 tempus
2863 4969 3118 5039 mundo,
3145 4968 3444 5042 reliquum
3475 4967 3636 5024 viva-

1984 5075 2122 5116 mus
2151 5060 2208 5116 et
2236 5057 2585 5131 nobisipsis.
2637 5056 2864 5130 Ecquid
2891 5056 3112 5113 animae
3156 5053 3589 5128 aequiperabile
3610 5054 3640 5110 ‘I

1984 5148 2134 5221 quid
2161 5163 2349 5219 regno
2403 5146 2698 5204 caelorum
2753 5145 3285 5220 comparandum?
3342 5143 3483 5210 Quis
3529 5141 3638 5199 tibi

1985 5237 2358 5296 consiliarius
2386 5236 2508 5294 ﬁde
2525 5237 2764 5309 dignior
2782 5252 2968 5310 quam
3001 5235 3196 5295 Deus?
3222 5234 3360 5307 quis
3379 5231 3638 5306 pruden-
