  <div class='ocr_page' id='page_1' title='image "/cluster/home/n/w/nwhite01/storage/ocr_20150623/32/hvd.32044048207401/617.png"; bbox 0 0 4056 6222; ppageno 0'>
   <div class='ocr_carea' id='block_1_1' title="bbox 571 285 709 346">
    <p class='ocr_par' dir='ltr' id='par_1_1' title="bbox 571 285 709 346">
     <span class='ocr_line' id='line_1_1' title="bbox 571 285 709 346; baseline 0.022 -3"><span class='ocrx_word' id='word_1_1' title='bbox 571 285 709 346; x_wconf 70' lang='grc'>1223</span> 
     </span>
    </p>
   </div>
   <div class='ocr_carea' id='block_1_2' title="bbox 1547 273 2950 337">
    <p class='ocr_par' dir='ltr' id='par_1_2' title="bbox 1547 273 2950 337">
     <span class='ocr_line' id='line_1_2' title="bbox 1547 273 2950 337; baseline -0.001 -1"><span class='ocrx_word' id='word_1_2' title='bbox 1547 280 1891 337; x_wconf 79' lang='grc' dir='ltr'><strong>ΑΡΡΕΝΟῙΧ</strong></span> <span class='ocrx_word' id='word_1_3' title='bbox 1932 309 2000 321; x_wconf 91' lang='lat'><em>-</em></span> <span class='ocrx_word' id='word_1_4' title='bbox 2040 275 2386 336; x_wconf 83' lang='lat' dir='ltr'><strong>SYMEONIS</strong></span> <span class='ocrx_word' id='word_1_5' title='bbox 2425 273 2950 334; x_wconf 64' lang='lat' dir='ltr'><strong>METAPHRASTIE</strong></span> 
     </span>
    </p>
   </div>
   <div class='ocr_carea' id='block_1_3' title="bbox 3746 291 3860 345">
    <p class='ocr_par' dir='ltr' id='par_1_3' title="bbox 3746 291 3860 345">
     <span class='ocr_line' id='line_1_3' title="bbox 3746 291 3860 345; baseline 0.018 -2"><span class='ocrx_word' id='word_1_6' title='bbox 3746 291 3860 345; x_wconf 66' lang='lat' dir='ltr'><strong>l&#39;2‘25</strong></span> 
     </span>
    </p>
   </div>
   <div class='ocr_carea' id='block_1_4' title="bbox 563 400 2205 485">
    <p class='ocr_par' dir='ltr' id='par_1_4' title="bbox 563 401 2205 485">
     <span class='ocr_line' id='line_1_4' title="bbox 563 401 2205 485; baseline -0.009 -14"><span class='ocrx_word' id='word_1_7' title='bbox 563 413 679 471; x_wconf 93' lang='lat' dir='ltr'><strong>tior</strong></span> <span class='ocrx_word' id='word_1_8' title='bbox 704 409 996 485; x_wconf 83' lang='lat' dir='ltr'><strong>sapiente,</strong></span> <span class='ocrx_word' id='word_1_9' title='bbox 1023 408 1128 463; x_wconf 89' lang='lat' dir='ltr'><strong>aut</strong></span> <span class='ocrx_word' id='word_1_10' title='bbox 1165 404 1305 478; x_wconf 85' lang='lat' dir='ltr'><strong>quis</strong></span> <span class='ocrx_word' id='word_1_11' title='bbox 1336 403 1532 461; x_wconf 85' lang='lat' dir='ltr'><strong>utilior</strong></span> <span class='ocrx_word' id='word_1_12' title='bbox 1579 404 1785 463; x_wconf 82' lang='lat' dir='ltr'><strong>bono?</strong></span> <span class='ocrx_word' id='word_1_13' title='bbox 1815 404 1950 478; x_wconf 88' lang='lat' dir='ltr'><strong>quis</strong></span> <span class='ocrx_word' id='word_1_14' title='bbox 1987 401 2205 461; x_wconf 84' lang='lat' dir='ltr'><strong>Condi-</strong></span> 
     </span>
    </p>
   </div>
   <div class='ocr_carea' id='block_1_5' title="bbox 2314 400 3854 485">
    <p class='ocr_par' dir='ltr' id='par_1_5' title="bbox 2321 400 3854 479">
     <span class='ocr_line' id='line_1_5' title="bbox 2321 400 3854 479; baseline 0.005 -25"><span class='ocrx_word' id='word_1_15' title='bbox 2321 403 2598 474; x_wconf 74' lang='grc' dir='ltr'><strong>συνήνεγκε</strong></span> <span class='ocrx_word' id='word_1_16' title='bbox 2623 409 2687 474; x_wconf 74' lang='grc' dir='ltr'>τῇ</span> <span class='ocrx_word' id='word_1_17' title='bbox 2719 409 2812 455; x_wconf 76' lang='grc' dir='ltr'>τοῦ</span> <span class='ocrx_word' id='word_1_18' title='bbox 2841 406 2997 475; x_wconf 68' lang='grc' dir='ltr'>ὄφεως</span> <span class='ocrx_word' id='word_1_19' title='bbox 3024 400 3292 476; x_wconf 77' lang='grc' dir='ltr'>συμϐουλῇ</span> <span class='ocrx_word' id='word_1_20' title='bbox 3335 405 3601 464; x_wconf 82' lang='grc' dir='ltr'>πεισθῆναι</span> <span class='ocrx_word' id='word_1_21' title='bbox 3641 409 3808 479; x_wconf 80' lang='grc' dir='ltr'>μᾶλλον</span> <span class='ocrx_word' id='word_1_22' title='bbox 3834 415 3854 469; x_wconf 71' lang='grc' dir='ltr'><strong>ᾖ</strong></span> 
     </span>
    </p>
   </div>
   <div class='ocr_carea' id='block_1_6' title="bbox 554 493 2205 571">
    <p class='ocr_par' dir='ltr' id='par_1_6' title="bbox 554 493 2205 571">
     <span class='ocr_line' id='line_1_6' title="bbox 554 493 2205 571; baseline -0.007 -10"><span class='ocrx_word' id='word_1_23' title='bbox 554 506 682 560; x_wconf 87' lang='lat' dir='ltr'><strong>tore</strong></span> <span class='ocrx_word' id='word_1_24' title='bbox 711 499 1088 571; x_wconf 88' lang='lat' dir='ltr'><strong>conjunctior</strong></span> <span class='ocrx_word' id='word_1_25' title='bbox 1108 495 1135 551; x_wconf 87' lang='lat'><strong>?</strong></span> <span class='ocrx_word' id='word_1_26' title='bbox 1176 497 1292 553; x_wconf 87' lang='lat' dir='ltr'><strong>Nec</strong></span> <span class='ocrx_word' id='word_1_27' title='bbox 1314 497 1446 552; x_wconf 79' lang='lat' dir='ltr'><strong>Evae</strong></span> <span class='ocrx_word' id='word_1_28' title='bbox 1484 494 1709 567; x_wconf 81' lang='lat' dir='ltr'><strong>profuit</strong></span> <span class='ocrx_word' id='word_1_29' title='bbox 1742 493 2034 568; x_wconf 85' lang='lat' dir='ltr'><strong>serpentis</strong></span> <span class='ocrx_word' id='word_1_30' title='bbox 2067 508 2205 550; x_wconf 82' lang='lat' dir='ltr'><strong>con-</strong></span> 
     </span>
    </p>
   </div>
   <div class='ocr_carea' id='block_1_7' title="bbox 552 574 2207 657">
    <p class='ocr_par' dir='ltr' id='par_1_7' title="bbox 552 574 2207 657">
     <span class='ocr_line' id='line_1_7' title="bbox 552 574 2207 657; baseline -0.005 -9"><span class='ocrx_word' id='word_1_31' title='bbox 552 591 683 648; x_wconf 88' lang='lat' dir='ltr'><strong>silio</strong></span> <span class='ocrx_word' id='word_1_32' title='bbox 727 587 1054 646; x_wconf 82' lang='lat' dir='ltr'><strong>credidisse</strong></span> <span class='ocrx_word' id='word_1_33' title='bbox 1111 574 1543 657; x_wconf 64' lang='lat' dir='ltr'><strong>magis&#39;quam</strong></span> <span class='ocrx_word' id='word_1_34' title='bbox 1606 585 1864 641; x_wconf 87' lang='lat' dir='ltr'><strong>Domini.</strong></span> <span class='ocrx_word' id='word_1_35' title='bbox 1918 586 1961 642; x_wconf 95' lang='grc' dir='ltr'>Ο</span> <span class='ocrx_word' id='word_1_36' title='bbox 2001 583 2207 655; x_wconf 84' lang='lat' dir='ltr'><strong>inepta</strong></span> 
     </span>
    </p>
   </div>
   <div class='ocr_carea' id='block_1_8' title="bbox 546 670 2205 742">
    <p class='ocr_par' dir='ltr' id='par_1_8' title="bbox 546 670 2205 742">
     <span class='ocr_line' id='line_1_8' title="bbox 546 670 2205 742; baseline -0.006 -6"><span class='ocrx_word' id='word_1_37' title='bbox 546 679 770 736; x_wconf 80' lang='lat' dir='ltr'><strong>verba!</strong></span> <span class='ocrx_word' id='word_1_38' title='bbox 803 680 931 734; x_wconf 83' lang='lat' dir='ltr'><strong>Non</strong></span> <span class='ocrx_word' id='word_1_39' title='bbox 961 679 1136 732; x_wconf 84' lang='lat' dir='ltr'><strong>vacat</strong></span> <span class='ocrx_word' id='word_1_40' title='bbox 1163 673 1401 742; x_wconf 87' lang='lat' dir='ltr'><strong>sanari;</strong></span> <span class='ocrx_word' id='word_1_41' title='bbox 1433 673 1708 730; x_wconf 90' lang='lat' dir='ltr'><strong>nondum</strong></span> <span class='ocrx_word' id='word_1_42' title='bbox 1747 672 2032 730; x_wconf 80' lang='lat' dir='ltr'><strong>ostendas</strong></span> <span class='ocrx_word' id='word_1_43' title='bbox 2057 670 2205 727; x_wconf 88' lang='lat' dir='ltr'><strong>mihi</strong></span> 
     </span>
    </p>
   </div>
   <div class='ocr_carea' id='block_1_9' title="bbox 545 760 2204 835">
    <p class='ocr_par' dir='ltr' id='par_1_9' title="bbox 545 760 2204 835">
     <span class='ocr_line' id='line_1_9' title="bbox 545 760 2204 835; baseline -0.005 -11"><span class='ocrx_word' id='word_1_44' title='bbox 545 766 778 835; x_wconf 87' lang='lat' dir='ltr'><strong>lucem;</strong></span> <span class='ocrx_word' id='word_1_45' title='bbox 811 763 1088 821; x_wconf 89' lang='lat' dir='ltr'><strong>nondum</strong></span> <span class='ocrx_word' id='word_1_46' title='bbox 1133 762 1470 834; x_wconf 86' lang='lat' dir='ltr'><strong>conjungas</strong></span> <span class='ocrx_word' id='word_1_47' title='bbox 1526 778 1622 818; x_wconf 88' lang='lat' dir='ltr'><strong>me</strong></span> <span class='ocrx_word' id='word_1_48' title='bbox 1659 760 1803 832; x_wconf 86' lang='lat' dir='ltr'><strong>regi.</strong></span> <span class='ocrx_word' id='word_1_49' title='bbox 1837 763 2044 819; x_wconf 83' lang='lat' dir='ltr'><strong>Nonne</strong></span> <span class='ocrx_word' id='word_1_50' title='bbox 2072 760 2204 816; x_wconf 78' lang='lat' dir='ltr'><strong>haec</strong></span> 
     </span>
    </p>
   </div>
   <div class='ocr_carea' id='block_1_10' title="bbox 545 851 2204 930">
    <p class='ocr_par' dir='ltr' id='par_1_10' title="bbox 545 851 2204 930">
     <span class='ocr_line' id='line_1_10' title="bbox 545 851 2204 930; baseline -0.005 -14"><span class='ocrx_word' id='word_1_51' title='bbox 545 861 751 930; x_wconf 85' lang='lat' dir='ltr'><strong>aperte</strong></span> <span class='ocrx_word' id='word_1_52' title='bbox 798 854 1104 928; x_wconf 85' lang='lat' dir='ltr'><strong>loqueris?</strong></span> <span class='ocrx_word' id='word_1_53' title='bbox 1147 855 1272 910; x_wconf 93' lang='lat' dir='ltr'><strong>Imo</strong></span> <span class='ocrx_word' id='word_1_54' title='bbox 1316 852 1499 909; x_wconf 90' lang='lat' dir='ltr'><strong>etiam</strong></span> <span class='ocrx_word' id='word_1_55' title='bbox 1543 851 1638 908; x_wconf 88' lang='lat' dir='ltr'><strong>his</strong></span> <span class='ocrx_word' id='word_1_56' title='bbox 1694 851 2072 908; x_wconf 83' lang='lat' dir='ltr'><strong>absurdiora.</strong></span> <span class='ocrx_word' id='word_1_57' title='bbox 2119 853 2204 908; x_wconf 89' lang='lat' dir='ltr'><strong>&#39;l‘u</strong></span> 
     </span>
    </p>
   </div>
   <div class='ocr_carea' id='block_1_11' title="bbox 549 939 2202 1014">
    <p class='ocr_par' dir='ltr' id='par_1_11' title="bbox 549 939 2202 1014">
     <span class='ocr_line' id='line_1_11' title="bbox 549 939 2202 1014; baseline -0.005 -10"><span class='ocrx_word' id='word_1_58' title='bbox 549 947 712 1004; x_wconf 89' lang='lat' dir='ltr'><strong>enim</strong></span> <span class='ocrx_word' id='word_1_59' title='bbox 742 946 792 1002; x_wconf 92' lang='lat' dir='ltr'><strong>si</strong></span> <span class='ocrx_word' id='word_1_60' title='bbox 820 959 982 1002; x_wconf 88' lang='lat' dir='ltr'><strong>esses</strong></span> <span class='ocrx_word' id='word_1_61' title='bbox 1014 941 1249 999; x_wconf 83' lang='lat' dir='ltr'><strong>tributis</strong></span> <span class='ocrx_word' id='word_1_62' title='bbox 1272 941 1528 1014; x_wconf 84' lang='lat' dir='ltr'><strong>publicis</strong></span> <span class='ocrx_word' id='word_1_63' title='bbox 1554 941 1876 1007; x_wconf 75' lang='lat' dir='ltr'><strong>obnoxius,</strong></span> <span class='ocrx_word' id='word_1_64' title='bbox 1901 939 2202 996; x_wconf 90' lang='lat' dir='ltr'><strong>nuntiare-</strong></span> 
     </span>
    </p>
   </div>
   <div class='ocr_carea' id='block_1_12' title="bbox 549 1027 2198 1107">
    <p class='ocr_par' dir='ltr' id='par_1_12' title="bbox 549 1027 2198 1107">
     <span class='ocr_line' id='line_1_12' title="bbox 549 1027 2198 1107; baseline -0.005 -15"><span class='ocrx_word' id='word_1_65' title='bbox 549 1040 768 1107; x_wconf 88' lang='lat' dir='ltr'><strong>turque</strong></span> <span class='ocrx_word' id='word_1_66' title='bbox 796 1031 1108 1090; x_wconf 88' lang='lat' dir='ltr'><strong>undelibet</strong></span> <span class='ocrx_word' id='word_1_67' title='bbox 1125 1029 1500 1087; x_wconf 88' lang='lat' dir='ltr'><strong>debitoribus</strong></span> <span class='ocrx_word' id='word_1_68' title='bbox 1528 1029 1806 1086; x_wconf 90' lang='lat' dir='ltr'><strong>rescissio</strong></span> <span class='ocrx_word' id='word_1_69' title='bbox 1827 1028 1962 1085; x_wconf 71' lang='lat' dir='ltr'><strong>seris</strong></span> <span class='ocrx_word' id='word_1_70' title='bbox 1983 1027 2198 1086; x_wconf 89' lang='lat' dir='ltr'><strong>alieni:</strong></span> 
     </span>
    </p>
   </div>
   <div class='ocr_carea' id='block_1_13' title="bbox 548 1117 2202 1193">
    <p class='ocr_par' dir='ltr' id='par_1_13' title="bbox 548 1117 2202 1193">
     <span class='ocr_line' id='line_1_13' title="bbox 548 1117 2202 1193; baseline -0.004 -13"><span class='ocrx_word' id='word_1_71' title='bbox 548 1123 769 1180; x_wconf 86' lang='lat' dir='ltr'><strong>deinde</strong></span> <span class='ocrx_word' id='word_1_72' title='bbox 791 1126 949 1179; x_wconf 90' lang='lat' dir='ltr'><strong>esset</strong></span> <span class='ocrx_word' id='word_1_73' title='bbox 987 1119 1092 1193; x_wconf 89' lang='lat' dir='ltr'><strong>qui</strong></span> <span class='ocrx_word' id='word_1_74' title='bbox 1127 1124 1181 1176; x_wconf 93' lang='lat' dir='ltr'><strong>te</strong></span> <span class='ocrx_word' id='word_1_75' title='bbox 1221 1135 1328 1192; x_wconf 92' lang='lat' dir='ltr'><strong>per</strong></span> <span class='ocrx_word' id='word_1_76' title='bbox 1356 1119 1639 1191; x_wconf 88' lang='lat' dir='ltr'><strong>injuriam</strong></span> <span class='ocrx_word' id='word_1_77' title='bbox 1669 1123 1977 1192; x_wconf 81' lang='lat' dir='ltr'><strong>expertem</strong></span> <span class='ocrx_word' id='word_1_78' title='bbox 2007 1117 2202 1175; x_wconf 85' lang='lat' dir='ltr'><strong>facere</strong></span> 
     </span>
    </p>
   </div>
   <div class='ocr_carea' id='block_1_14' title="bbox 550 1207 2201 1284">
    <p class='ocr_par' dir='ltr' id='par_1_14' title="bbox 550 1207 2201 1284">
     <span class='ocr_line' id='line_1_14' title="bbox 550 1207 2201 1284; baseline -0.004 -16"><span class='ocrx_word' id='word_1_79' title='bbox 550 1211 735 1284; x_wconf 90' lang='lat' dir='ltr'><strong>hujus</strong></span> <span class='ocrx_word' id='word_1_80' title='bbox 765 1207 1230 1268; x_wconf 88' lang='lat' dir='ltr'><strong>condonationis</strong></span> <span class='ocrx_word' id='word_1_81' title='bbox 1278 1212 1628 1273; x_wconf 89' lang='lat' dir='ltr'><strong>conaretur;</strong></span> <span class='ocrx_word' id='word_1_82' title='bbox 1661 1207 2060 1277; x_wconf 84' lang='lat' dir='ltr'><strong>indignareris</strong></span> <span class='ocrx_word' id='word_1_83' title='bbox 2091 1208 2201 1262; x_wconf 87' lang='lat' dir='ltr'><strong>uti-</strong></span> 
     </span>
    </p>
   </div>
   <div class='ocr_carea' id='block_1_15' title="bbox 552 1293 2204 1374">
    <p class='ocr_par' dir='ltr' id='par_1_15' title="bbox 552 1293 2204 1374">
     <span class='ocr_line' id='line_1_15' title="bbox 552 1293 2204 1374; baseline -0.004 -17"><span class='ocrx_word' id='word_1_84' title='bbox 552 1317 672 1374; x_wconf 90' lang='lat' dir='ltr'><strong>que</strong></span> <span class='ocrx_word' id='word_1_85' title='bbox 703 1305 760 1356; x_wconf 91' lang='lat' dir='ltr'><strong>et</strong></span> <span class='ocrx_word' id='word_1_86' title='bbox 785 1299 1104 1369; x_wconf 89' lang='lat' dir='ltr'><strong>clamares,</strong></span> <span class='ocrx_word' id='word_1_87' title='bbox 1131 1303 1197 1352; x_wconf 90' lang='lat' dir='ltr'><strong>ut</strong></span> <span class='ocrx_word' id='word_1_88' title='bbox 1246 1297 1512 1368; x_wconf 89' lang='lat' dir='ltr'><strong>legitima</strong></span> <span class='ocrx_word' id='word_1_89' title='bbox 1558 1296 1902 1353; x_wconf 87' lang='lat' dir='ltr'><strong>communis</strong></span> <span class='ocrx_word' id='word_1_90' title='bbox 1928 1293 2204 1352; x_wconf 86' lang='lat' dir='ltr'><strong>beneﬁcii</strong></span> 
     </span>
    </p>
   </div>
   <div class='ocr_carea' id='block_1_16' title="bbox 554 1383 2204 1462">
    <p class='ocr_par' dir='ltr' id='par_1_16' title="bbox 554 1383 2204 1462">
     <span class='ocr_line' id='line_1_16' title="bbox 554 1383 2204 1462; baseline -0.004 -17"><span class='ocrx_word' id='word_1_91' title='bbox 554 1388 827 1462; x_wconf 89' lang='lat' dir='ltr'><strong>portione</strong></span> <span class='ocrx_word' id='word_1_92' title='bbox 858 1387 1172 1459; x_wconf 90' lang='lat' dir='ltr'><strong>spoliatus.</strong></span> <span class='ocrx_word' id='word_1_93' title='bbox 1196 1389 1524 1458; x_wconf 88' lang='lat' dir='ltr'><strong>Postquam</strong></span> <span class='ocrx_word' id='word_1_94' title='bbox 1555 1401 1693 1441; x_wconf 78' lang='lat' dir='ltr'><strong>vero</strong></span> <span class='ocrx_word' id='word_1_95' title='bbox 1723 1401 1848 1442; x_wconf 91' lang='lat' dir='ltr'><strong>non</strong></span> <span class='ocrx_word' id='word_1_96' title='bbox 1883 1383 2204 1458; x_wconf 77' lang='lat' dir='ltr'><strong>praeterito-</strong></span> 
     </span>
    </p>
   </div>
   <div class='ocr_carea' id='block_1_17' title="bbox 551 1469 2207 1541">
    <p class='ocr_par' dir='ltr' id='par_1_17' title="bbox 551 1469 2207 1541">
     <span class='ocr_line' id='line_1_17' title="bbox 551 1469 2207 1541; baseline -0.005 -8"><span class='ocrx_word' id='word_1_97' title='bbox 551 1493 688 1534; x_wconf 85' lang='lat' dir='ltr'><strong>rum</strong></span> <span class='ocrx_word' id='word_1_98' title='bbox 718 1475 903 1532; x_wconf 89' lang='lat' dir='ltr'><strong>modo</strong></span> <span class='ocrx_word' id='word_1_99' title='bbox 930 1473 1315 1540; x_wconf 89' lang='lat' dir='ltr'><strong>condonatio,</strong></span> <span class='ocrx_word' id='word_1_100' title='bbox 1332 1472 1439 1528; x_wconf 90' lang='lat' dir='ltr'><strong>sed</strong></span> <span class='ocrx_word' id='word_1_101' title='bbox 1464 1472 1801 1530; x_wconf 88' lang='lat' dir='ltr'><strong>futurorum</strong></span> <span class='ocrx_word' id='word_1_102' title='bbox 1824 1473 2005 1530; x_wconf 88' lang='lat' dir='ltr'><strong>etiam</strong></span> <span class='ocrx_word' id='word_1_103' title='bbox 2029 1469 2207 1541; x_wconf 86' lang='lat' dir='ltr'><strong>largi-</strong></span> 
     </span>
    </p>
   </div>
   <div class='ocr_carea' id='block_1_18' title="bbox 552 1561 2201 1637">
    <p class='ocr_par' dir='ltr' id='par_1_18' title="bbox 552 1561 2201 1637">
     <span class='ocr_line' id='line_1_18' title="bbox 552 1561 2201 1637; baseline -0.004 -15"><span class='ocrx_word' id='word_1_104' title='bbox 552 1567 744 1623; x_wconf 89' lang='lat' dir='ltr'><strong>tiones</strong></span> <span class='ocrx_word' id='word_1_105' title='bbox 774 1563 1187 1637; x_wconf 70' lang='lat' dir='ltr'><strong>prienuntiatae</strong></span> <span class='ocrx_word' id='word_1_106' title='bbox 1217 1567 1384 1630; x_wconf 91' lang='lat' dir='ltr'><strong>sunt;</strong></span> <span class='ocrx_word' id='word_1_107' title='bbox 1418 1567 1474 1618; x_wconf 93' lang='lat' dir='ltr'><strong>te</strong></span> <span class='ocrx_word' id='word_1_108' title='bbox 1506 1563 1635 1635; x_wconf 88' lang='lat' dir='ltr'><strong>ipse</strong></span> <span class='ocrx_word' id='word_1_109' title='bbox 1665 1562 1886 1632; x_wconf 83' lang='lat' dir='ltr'><strong>injuria</strong></span> <span class='ocrx_word' id='word_1_110' title='bbox 1915 1561 2201 1625; x_wconf 77' lang='lat' dir='ltr'><strong>afﬁciens,</strong></span> 
     </span>
    </p>
   </div>
   <div class='ocr_carea' id='block_1_19' title="bbox 553 1650 2206 1726">
    <p class='ocr_par' dir='ltr' id='par_1_19' title="bbox 553 1650 2206 1726">
     <span class='ocr_line' id='line_1_19' title="bbox 553 1650 2206 1726; baseline -0.005 -16"><span class='ocrx_word' id='word_1_111' title='bbox 553 1656 848 1726; x_wconf 88' lang='lat' dir='ltr'><strong>quantum</strong></span> <span class='ocrx_word' id='word_1_112' title='bbox 908 1668 984 1707; x_wconf 91' lang='lat' dir='ltr'><strong>ne</strong></span> <span class='ocrx_word' id='word_1_113' title='bbox 1024 1651 1178 1707; x_wconf 90' lang='lat' dir='ltr'><strong>ullus</strong></span> <span class='ocrx_word' id='word_1_114' title='bbox 1229 1650 1479 1722; x_wconf 82' lang='lat' dir='ltr'><strong>quidem</strong></span> <span class='ocrx_word' id='word_1_115' title='bbox 1532 1651 1810 1707; x_wconf 87' lang='lat' dir='ltr'><strong>inimicus</strong></span> <span class='ocrx_word' id='word_1_116' title='bbox 1843 1650 2206 1721; x_wconf 85' lang='lat' dir='ltr'><strong>imprecatus</strong></span> 
     </span>
    </p>
   </div>
   <div class='ocr_carea' id='block_1_20' title="bbox 2319 491 3857 571">
    <p class='ocr_par' dir='ltr' id='par_1_20' title="bbox 2319 491 3857 571">
     <span class='ocr_line' id='line_1_20' title="bbox 2319 491 3857 571; baseline 0.005 -28"><span class='ocrx_word' id='word_1_117' title='bbox 2319 498 2380 563; x_wconf 77' lang='grc' dir='ltr'>τῇ</span> <span class='ocrx_word' id='word_1_118' title='bbox 2423 498 2513 543; x_wconf 75' lang='grc' dir='ltr'>τοῦ</span> <span class='ocrx_word' id='word_1_119' title='bbox 2546 497 2830 547; x_wconf 86' lang='grc' dir='ltr'>Δεσπὸτου.</span> <span class='ocrx_word' id='word_1_120' title='bbox 2855 492 2922 545; x_wconf 75' lang='grc' dir='ltr'>Ὠ</span> <span class='ocrx_word' id='word_1_121' title='bbox 2951 501 3041 553; x_wconf 81' lang='grc' dir='ltr'>τῆς</span> <span class='ocrx_word' id='word_1_122' title='bbox 3071 491 3290 555; x_wconf 77' lang='grc' dir='ltr'><strong>ἀτοπίας</strong></span> <span class='ocrx_word' id='word_1_123' title='bbox 3317 501 3413 546; x_wconf 84' lang='grc' dir='ltr'>τῶν</span> <span class='ocrx_word' id='word_1_124' title='bbox 3442 493 3630 565; x_wconf 79' lang='grc' dir='ltr'>λόγωνὲ</span> <span class='ocrx_word' id='word_1_125' title='bbox 3664 499 3747 550; x_wconf 69' lang='grc' dir='ltr'><strong>οὐκ</strong></span> <span class='ocrx_word' id='word_1_126' title='bbox 3769 504 3857 571; x_wconf 79' lang='grc' dir='ltr'><strong>ᾱγω</strong></span> 
     </span>
    </p>
   </div>
   <div class='ocr_carea' id='block_1_21' title="bbox 2319 579 3858 657">
    <p class='ocr_par' dir='ltr' id='par_1_21' title="bbox 2319 579 3858 657">
     <span class='ocr_line' id='line_1_21' title="bbox 2319 579 3858 657; baseline 0.005 -24"><span class='ocrx_word' id='word_1_127' title='bbox 2319 580 2520 654; x_wconf 73' lang='grc' dir='ltr'>σχολὴν</span> <span class='ocrx_word' id='word_1_128' title='bbox 2552 583 2791 654; x_wconf 83' lang='grc' dir='ltr'>ὑγιᾱναι’</span> <span class='ocrx_word' id='word_1_129' title='bbox 2838 588 2996 655; x_wconf 74' lang='grc' dir='ltr'>μήπω</span> <span class='ocrx_word' id='word_1_130' title='bbox 3039 601 3130 655; x_wconf 86' lang='grc' dir='ltr'>μοι</span> <span class='ocrx_word' id='word_1_131' title='bbox 3157 579 3328 655; x_wconf 68' lang='grc' dir='ltr'>δείξῃς</span> <span class='ocrx_word' id='word_1_132' title='bbox 3357 587 3414 635; x_wconf 79' lang='grc' dir='ltr'><strong>το</strong></span> <span class='ocrx_word' id='word_1_133' title='bbox 3446 594 3571 656; x_wconf 71' lang='grc' dir='ltr'><strong>φώς⁹</strong></span> <span class='ocrx_word' id='word_1_134' title='bbox 3603 592 3748 657; x_wconf 78' lang='grc' dir='ltr'>μήπω</span> <span class='ocrx_word' id='word_1_135' title='bbox 3790 608 3858 641; x_wconf 86' lang='grc' dir='ltr'><strong>σν-</strong></span> 
     </span>
    </p>
   </div>
   <div class='ocr_carea' id='block_1_22' title="bbox 2313 669 3857 746">
    <p class='ocr_par' dir='ltr' id='par_1_22' title="bbox 2313 669 3857 746">
     <span class='ocr_line' id='line_1_22' title="bbox 2313 669 3857 746; baseline 0.006 -25"><span class='ocrx_word' id='word_1_136' title='bbox 2313 669 2482 743; x_wconf 66' lang='grc' dir='ltr'>νιίψης</span> <span class='ocrx_word' id='word_1_137' title='bbox 2511 678 2582 742; x_wconf 77' lang='grc' dir='ltr'>τῷ</span> <span class='ocrx_word' id='word_1_138' title='bbox 2627 669 2856 743; x_wconf 85' lang='grc' dir='ltr'>βασιλεῖ.</span> <span class='ocrx_word' id='word_1_139' title='bbox 2901 671 2977 724; x_wconf 68' lang='grc' dir='ltr'><strong>Οὐ</strong></span> <span class='ocrx_word' id='word_1_140' title='bbox 3007 679 3174 724; x_wconf 83' lang='grc' dir='ltr'>ταῦτα</span> <span class='ocrx_word' id='word_1_141' title='bbox 3202 671 3362 744; x_wconf 55' lang='grc' dir='ltr'>λὴεις</span> <span class='ocrx_word' id='word_1_142' title='bbox 3391 674 3653 746; x_wconf 55' lang='grc' dir='ltr'>ἄντικρυς</span> <span class='ocrx_word' id='word_1_143' title='bbox 3690 678 3857 732; x_wconf 76' lang='grc' dir='ltr'>Μᾶλλον</span> 
     </span>
    </p>
   </div>
   <div class='ocr_carea' id='block_1_23' title="bbox 2317 755 3856 840">
    <p class='ocr_par' dir='ltr' id='par_1_23' title="bbox 2317 755 3856 840">
     <span class='ocr_line' id='line_1_23' title="bbox 2317 755 3856 840; baseline 0.005 -28"><span class='ocrx_word' id='word_1_144' title='bbox 2317 755 2377 812; x_wconf 70' lang='grc' dir='ltr'><strong>δὲ</strong></span> <span class='ocrx_word' id='word_1_145' title='bbox 2395 762 2461 812; x_wconf 80' lang='grc' dir='ltr'>τὰ</span> <span class='ocrx_word' id='word_1_146' title='bbox 2490 761 2683 813; x_wconf 82' lang='grc' dir='ltr'>τούτων</span> <span class='ocrx_word' id='word_1_147' title='bbox 2708 759 3100 836; x_wconf 81' lang='grc' dir='ltr'>ἀλογιστότερα.</span> <span class='ocrx_word' id='word_1_148' title='bbox 3147 765 3212 815; x_wconf 83' lang='grc' dir='ltr'><strong>Σὺ</strong></span> <span class='ocrx_word' id='word_1_149' title='bbox 3245 758 3323 830; x_wconf 76' lang='grc' dir='ltr'><strong>δὲ,</strong></span> <span class='ocrx_word' id='word_1_150' title='bbox 3351 762 3394 814; x_wconf 81' lang='grc' dir='ltr'>εἰ</span> <span class='ocrx_word' id='word_1_151' title='bbox 3417 766 3503 834; x_wconf 71' lang='grc' dir='ltr'>μὲν</span> <span class='ocrx_word' id='word_1_152' title='bbox 3535 760 3586 824; x_wconf 74' lang='grc' dir='ltr'><strong>ἧς</strong></span> <span class='ocrx_word' id='word_1_153' title='bbox 3615 763 3856 840; x_wconf 73' lang='grc' dir='ltr'>ἐγγεγραμο</span> 
     </span>
    </p>
   </div>
   <div class='ocr_carea' id='block_1_24' title="bbox 2315 845 3856 925">
    <p class='ocr_par' dir='ltr' id='par_1_24' title="bbox 2315 845 3856 925">
     <span class='ocr_line' id='line_1_24' title="bbox 2315 845 3856 925; baseline 0.005 -22"><span class='ocrx_word' id='word_1_154' title='bbox 2315 854 2458 922; x_wconf 85' lang='grc' dir='ltr'>μένος</span> <span class='ocrx_word' id='word_1_155' title='bbox 2485 857 2590 912; x_wconf 87' lang='grc' dir='ltr'>τοῖς</span> <span class='ocrx_word' id='word_1_156' title='bbox 2622 845 2908 924; x_wconf 79' lang='grc' dir='ltr'><strong>δημοσίοις</strong></span> <span class='ocrx_word' id='word_1_157' title='bbox 2927 849 3214 925; x_wconf 71' lang='grc' dir='ltr'>ὀφλήμασι,</span> <span class='ocrx_word' id='word_1_158' title='bbox 3237 860 3406 924; x_wconf 80' lang='grc' dir='ltr'>χρεῶν</span> <span class='ocrx_word' id='word_1_159' title='bbox 3430 849 3486 905; x_wconf 76' lang='grc' dir='ltr'>δε</span> <span class='ocrx_word' id='word_1_160' title='bbox 3507 851 3749 909; x_wconf 79' lang='grc' dir='ltr'>ἀποκοπαὶ</span> <span class='ocrx_word' id='word_1_161' title='bbox 3772 865 3856 920; x_wconf 81' lang='grc' dir='ltr'>τοῖς</span> 
     </span>
    </p>
   </div>
   <div class='ocr_carea' id='block_1_25' title="bbox 2313 937 3856 1020">
    <p class='ocr_par' dir='ltr' id='par_1_25' title="bbox 2313 937 3856 1020">
     <span class='ocr_line' id='line_1_25' title="bbox 2313 937 3856 1020; baseline 0.003 -28"><span class='ocrx_word' id='word_1_162' title='bbox 2313 940 2618 1002; x_wconf 77' lang='grc' dir='ltr'><strong>ὑπευθύνοις</strong></span> <span class='ocrx_word' id='word_1_163' title='bbox 2635 940 3113 1016; x_wconf 73' lang='grc' dir='ltr'>περιηγγελθησαν,</span> <span class='ocrx_word' id='word_1_164' title='bbox 3132 937 3245 994; x_wconf 77' lang='grc' dir='ltr'>εἶτά</span> <span class='ocrx_word' id='word_1_165' title='bbox 3263 959 3343 1004; x_wconf 86' lang='grc' dir='ltr'>τις</span> <span class='ocrx_word' id='word_1_166' title='bbox 3365 937 3425 999; x_wconf 72' lang='grc' dir='ltr'>ἦν</span> <span class='ocrx_word' id='word_1_167' title='bbox 3456 942 3480 993; x_wconf 83' lang='grc' dir='ltr'><strong>ό</strong></span> <span class='ocrx_word' id='word_1_168' title='bbox 3507 945 3626 1017; x_wconf 87' lang='grc' dir='ltr'>πρὸς</span> <span class='ocrx_word' id='word_1_169' title='bbox 3652 943 3856 1020; x_wconf 73' lang='grc' dir='ltr'>ἐπήρειαν</span> 
     </span>
    </p>
   </div>
   <div class='ocr_carea' id='block_1_26' title="bbox 2312 1029 3859 1106">
    <p class='ocr_par' dir='ltr' id='par_1_26' title="bbox 2312 1029 3859 1106">
     <span class='ocr_line' id='line_1_26' title="bbox 2312 1029 3859 1106; baseline 0.003 -26"><span class='ocrx_word' id='word_1_170' title='bbox 2312 1029 2528 1102; x_wconf 77' lang='grc' dir='ltr'>ἄμοιρόν</span> <span class='ocrx_word' id='word_1_171' title='bbox 2557 1047 2614 1081; x_wconf 93' lang='grc' dir='ltr'><strong>σε</strong></span> <span class='ocrx_word' id='word_1_172' title='bbox 2645 1036 2865 1087; x_wconf 80' lang='grc' dir='ltr'>ποιῆσαι</span> <span class='ocrx_word' id='word_1_173' title='bbox 2903 1037 2995 1090; x_wconf 87' lang='grc' dir='ltr'><strong>τῆς</strong></span> <span class='ocrx_word' id='word_1_174' title='bbox 3043 1033 3434 1102; x_wconf 77' lang='grc' dir='ltr'>συγχωρήσεως</span> <span class='ocrx_word' id='word_1_175' title='bbox 3471 1033 3655 1092; x_wconf 80' lang='grc' dir='ltr'>ταύτης</span> <span class='ocrx_word' id='word_1_176' title='bbox 3697 1031 3859 1106; x_wconf 76' lang='grc' dir='ltr'>ἐπιχειο</span> 
     </span>
    </p>
   </div>
   <div class='ocr_carea' id='block_1_27' title="bbox 2310 1117 3861 1196">
    <p class='ocr_par' dir='ltr' id='par_1_27' title="bbox 2310 1117 3861 1196">
     <span class='ocr_line' id='line_1_27' title="bbox 2310 1117 3861 1196; baseline 0.005 -27"><span class='ocrx_word' id='word_1_177' title='bbox 2310 1126 2413 1196; x_wconf 86' lang='grc' dir='ltr'>ρῶν</span> <span class='ocrx_word' id='word_1_178' title='bbox 2439 1135 2451 1150; x_wconf 82' lang='grc'><em>’</em></span> <span class='ocrx_word' id='word_1_179' title='bbox 2517 1117 2830 1190; x_wconf 70' lang='grc' dir='ltr'><strong>ἠγανάκτεις</strong></span> <span class='ocrx_word' id='word_1_180' title='bbox 2884 1117 2946 1171; x_wconf 79' lang='grc' dir='ltr'>ἂν</span> <span class='ocrx_word' id='word_1_181' title='bbox 2981 1123 3075 1172; x_wconf 76' lang='lat' dir='ltr'><strong>xui.</strong></span> <span class='ocrx_word' id='word_1_182' title='bbox 3124 1117 3294 1189; x_wconf 73' lang='grc' dir='ltr'>ἐϐόας,</span> <span class='ocrx_word' id='word_1_183' title='bbox 3332 1123 3398 1181; x_wconf 82' lang='grc' dir='ltr'><strong>ὡς</strong></span> <span class='ocrx_word' id='word_1_184' title='bbox 3436 1124 3492 1173; x_wconf 85' lang='grc' dir='ltr'>τὸ</span> <span class='ocrx_word' id='word_1_185' title='bbox 3525 1119 3771 1175; x_wconf 64' lang='grc' dir='ltr'>ἐπιϐάλλον</span> <span class='ocrx_word' id='word_1_186' title='bbox 3798 1143 3861 1176; x_wconf 84' lang='grc' dir='ltr'><strong>σοι</strong></span> 
     </span>
    </p>
   </div>
   <div class='ocr_carea' id='block_1_28' title="bbox 2311 1207 3861 1282">
    <p class='ocr_par' dir='ltr' id='par_1_28' title="bbox 2311 1207 3861 1282">
     <span class='ocr_line' id='line_1_28' title="bbox 2311 1207 3861 1282; baseline 0.003 -22"><span class='ocrx_word' id='word_1_187' title='bbox 2311 1211 2461 1282; x_wconf 79' lang='grc' dir='ltr'>μέρος</span> <span class='ocrx_word' id='word_1_188' title='bbox 2489 1216 2585 1270; x_wconf 87' lang='grc' dir='ltr'><strong>τῆς</strong></span> <span class='ocrx_word' id='word_1_189' title='bbox 2613 1217 2789 1270; x_wconf 82' lang='grc' dir='ltr'><strong>κοινῆς</strong></span> <span class='ocrx_word' id='word_1_190' title='bbox 2821 1211 3044 1282; x_wconf 80' lang='grc' dir='ltr'>χάριτος</span> <span class='ocrx_word' id='word_1_191' title='bbox 3077 1207 3472 1282; x_wconf 80' lang='grc' dir='ltr'>ἀφαιρούμενος.</span> <span class='ocrx_word' id='word_1_192' title='bbox 3503 1207 3702 1270; x_wconf 76' lang='grc' dir='ltr'>Ἐπειδὴ</span> <span class='ocrx_word' id='word_1_193' title='bbox 3735 1208 3784 1265; x_wconf 75' lang='grc' dir='ltr'>δι</span> <span class='ocrx_word' id='word_1_194' title='bbox 3818 1213 3861 1264; x_wconf 72' lang='grc' dir='ltr'><strong>οὗ</strong></span> 
     </span>
    </p>
   </div>
   <div class='ocr_carea' id='block_1_29' title="bbox 2312 1297 3863 1374">
    <p class='ocr_par' dir='ltr' id='par_1_29' title="bbox 2312 1297 3863 1374">
     <span class='ocr_line' id='line_1_29' title="bbox 2312 1297 3863 1374; baseline 0.003 -25"><span class='ocrx_word' id='word_1_195' title='bbox 2312 1301 2464 1369; x_wconf 82' lang='grc' dir='ltr'>μόνον</span> <span class='ocrx_word' id='word_1_196' title='bbox 2495 1298 2679 1369; x_wconf 72' lang='grc' dir='ltr'>ἄφεσις</span> <span class='ocrx_word' id='word_1_197' title='bbox 2715 1305 2815 1348; x_wconf 72' lang='grc' dir='ltr'>τῶν</span> <span class='ocrx_word' id='word_1_198' title='bbox 2855 1298 3229 1372; x_wconf 79' lang='grc' dir='ltr'><strong>παρελθόντων,</strong></span> <span class='ocrx_word' id='word_1_199' title='bbox 3288 1297 3415 1351; x_wconf 74' lang='grc' dir='ltr'>ἀλλὰ</span> <span class='ocrx_word' id='word_1_200' title='bbox 3452 1305 3540 1351; x_wconf 78' lang='grc' dir='ltr'><strong>καὶ</strong></span> <span class='ocrx_word' id='word_1_201' title='bbox 3591 1297 3763 1374; x_wconf 80' lang='grc' dir='ltr'>δωρεαὶ</span> <span class='ocrx_word' id='word_1_202' title='bbox 3788 1309 3863 1353; x_wconf 84' lang='grc' dir='ltr'>τῶν</span> 
     </span>
    </p>
   </div>
   <div class='ocr_carea' id='block_1_30' title="bbox 2313 1386 3862 1462">
    <p class='ocr_par' dir='ltr' id='par_1_30' title="bbox 2313 1386 3862 1462">
     <span class='ocr_line' id='line_1_30' title="bbox 2313 1386 3862 1462; baseline 0.003 -24"><span class='ocrx_word' id='word_1_203' title='bbox 2313 1386 2595 1459; x_wconf 86' lang='grc' dir='ltr'>μελλόντων</span> <span class='ocrx_word' id='word_1_204' title='bbox 2625 1389 3130 1462; x_wconf 78' lang='grc' dir='ltr'>προεκηρύχθησαν,</span> <span class='ocrx_word' id='word_1_205' title='bbox 3177 1389 3334 1451; x_wconf 74' lang='grc' dir='ltr'>αὐτὸς</span> <span class='ocrx_word' id='word_1_206' title='bbox 3373 1389 3549 1442; x_wconf 77' lang='grc' dir='ltr'>ἑαυτὸν</span> <span class='ocrx_word' id='word_1_207' title='bbox 3607 1387 3799 1456; x_wconf 71' lang='grc' dir='ltr'>ἀδικῶν,</span> <span class='ocrx_word' id='word_1_208' title='bbox 3838 1392 3862 1443; x_wconf 79' lang='grc' dir='ltr'>ἁ</span> 
     </span>
    </p>
   </div>
   <div class='ocr_carea' id='block_1_31' title="bbox 2312 1471 3861 1554">
    <p class='ocr_par' dir='ltr' id='par_1_31' title="bbox 2312 1471 3861 1554">
     <span class='ocr_line' id='line_1_31' title="bbox 2312 1471 3861 1554; baseline 0.005 -26"><span class='ocrx_word' id='word_1_209' title='bbox 2312 1471 2525 1548; x_wconf 72' lang='grc' dir='ltr'>μηδ’ἆν</span> <span class='ocrx_word' id='word_1_210' title='bbox 2550 1484 2650 1529; x_wconf 82' lang='grc' dir='ltr'>τὼν</span> <span class='ocrx_word' id='word_1_211' title='bbox 2684 1475 2890 1551; x_wconf 79' lang='grc' dir='ltr'><strong>ἐχθρῶν</strong></span> <span class='ocrx_word' id='word_1_212' title='bbox 2941 1483 3025 1530; x_wconf 82' lang='grc' dir='ltr'><strong>σοί</strong></span> <span class='ocrx_word' id='word_1_213' title='bbox 3074 1498 3153 1541; x_wconf 88' lang='grc' dir='ltr'>τις</span> <span class='ocrx_word' id='word_1_214' title='bbox 3196 1478 3517 1550; x_wconf 60' lang='grc' dir='ltr'>ἐπηράσατο,</span> <span class='ocrx_word' id='word_1_215' title='bbox 3569 1485 3659 1532; x_wconf 78' lang='grc' dir='ltr'>οἴει</span> <span class='ocrx_word' id='word_1_216' title='bbox 3704 1501 3861 1554; x_wconf 74' lang='grc' dir='ltr'>προσοο</span> 
     </span>
    </p>
   </div>
   <div class='ocr_carea' id='block_1_32' title="bbox 2313 1563 3860 1640">
    <p class='ocr_par' dir='ltr' id='par_1_32' title="bbox 2313 1563 3860 1640">
     <span class='ocr_line' id='line_1_32' title="bbox 2313 1563 3860 1640; baseline 0.003 -23"><span class='ocrx_word' id='word_1_217' title='bbox 2313 1569 2500 1626; x_wconf 76' lang='grc' dir='ltr'>κόντως</span> <span class='ocrx_word' id='word_1_218' title='bbox 2532 1563 2927 1638; x_wconf 70' lang='grc' dir='ltr'>βεϐουλεῦσθαι,</span> <span class='ocrx_word' id='word_1_219' title='bbox 2952 1572 3042 1620; x_wconf 79' lang='grc' dir='ltr'><strong>καὶ</strong></span> <span class='ocrx_word' id='word_1_220' title='bbox 3069 1567 3345 1628; x_wconf 75' lang='grc' dir='ltr'>λυσιτελῶς</span> <span class='ocrx_word' id='word_1_221' title='bbox 3387 1568 3742 1640; x_wconf 71' lang='grc' dir='ltr'><strong>ἐντεθυμῆσθαι</strong></span> <span class='ocrx_word' id='word_1_222' title='bbox 3774 1579 3860 1640; x_wconf 67' lang='grc' dir='ltr'>περὶ</span> 
     </span>
    </p>
   </div>
   <div class='ocr_carea' id='block_1_33' title="bbox 2317 1652 3860 1729">
    <p class='ocr_par' dir='ltr' id='par_1_33' title="bbox 2317 1652 3860 1729">
     <span class='ocr_line' id='line_1_33' title="bbox 2317 1652 3860 1729; baseline 0.001 -21"><span class='ocrx_word' id='word_1_223' title='bbox 2317 1664 2559 1721; x_wconf 73' lang='grc' dir='ltr'>σεαυτοῦ,</span> <span class='ocrx_word' id='word_1_224' title='bbox 2601 1657 2651 1716; x_wconf 89' lang='grc' dir='ltr'><strong>ὃς</strong></span> <span class='ocrx_word' id='word_1_225' title='bbox 2678 1675 2737 1727; x_wconf 88' lang='grc' dir='ltr'>γε</span> <span class='ocrx_word' id='word_1_226' title='bbox 2765 1655 2826 1708; x_wconf 79' lang='grc' dir='ltr'><strong>οὗ</strong></span> <span class='ocrx_word' id='word_1_227' title='bbox 2859 1652 2996 1728; x_wconf 73' lang='grc' dir='ltr'>δέχῃ</span> <span class='ocrx_word' id='word_1_228' title='bbox 3027 1662 3120 1715; x_wconf 69' lang='grc' dir='ltr'><strong>την</strong></span> <span class='ocrx_word' id='word_1_229' title='bbox 3148 1660 3351 1729; x_wconf 63' lang='grc' dir='ltr'>ἄφεσιν,</span> <span class='ocrx_word' id='word_1_230' title='bbox 3380 1657 3483 1709; x_wconf 73' lang='grc' dir='ltr'>αλλ’</span> <span class='ocrx_word' id='word_1_231' title='bbox 3514 1657 3860 1720; x_wconf 72' lang='grc' dir='ltr'>ἐναποθνήσκεις</span> 
     </span>
    </p>
   </div>
   <div class='ocr_carea' id='block_1_34' title="bbox 552 1735 2205 1822">
    <p class='ocr_par' dir='ltr' id='par_1_34' title="bbox 552 1735 2205 1814">
     <span class='ocr_line' id='line_1_34' title="bbox 552 1735 2205 1814; baseline -0.004 -16"><span class='ocrx_word' id='word_1_232' title='bbox 552 1746 726 1813; x_wconf 90' lang='lat' dir='ltr'><strong>esset,</strong></span> <span class='ocrx_word' id='word_1_233' title='bbox 758 1744 1017 1814; x_wconf 80' lang='lat' dir='ltr'><strong>putasne</strong></span> <span class='ocrx_word' id='word_1_234' title='bbox 1059 1746 1111 1796; x_wconf 90' lang='lat' dir='ltr'><strong>te</strong></span> <span class='ocrx_word' id='word_1_235' title='bbox 1170 1741 1590 1796; x_wconf 89' lang='lat' dir='ltr'><strong>convenienter</strong></span> <span class='ocrx_word' id='word_1_236' title='bbox 1632 1739 2024 1805; x_wconf 88' lang='lat' dir='ltr'><strong>consuluisse,</strong></span> <span class='ocrx_word' id='word_1_237' title='bbox 2057 1735 2205 1794; x_wconf 90' lang='lat' dir='ltr'><strong>utili-</strong></span> 
     </span>
    </p>
   </div>
   <div class='ocr_carea' id='block_1_35' title="bbox 2314 1735 3859 1822">
    <p class='ocr_par' dir='ltr' id='par_1_35' title="bbox 2315 1743 3859 1820">
     <span class='ocr_line' id='line_1_35' title="bbox 2315 1743 3859 1820; baseline 0.004 -23"><span class='ocrx_word' id='word_1_238' title='bbox 2315 1753 2425 1807; x_wconf 86' lang='grc' dir='ltr'>τοῖς</span> <span class='ocrx_word' id='word_1_239' title='bbox 2453 1743 2785 1817; x_wconf 73' lang='grc' dir='ltr'>ὀφλήμασιν;</span> <span class='ocrx_word' id='word_1_240' title='bbox 2837 1745 2895 1798; x_wconf 78' lang='grc' dir='ltr'><strong>Εἰ</strong></span> <span class='ocrx_word' id='word_1_241' title='bbox 2937 1748 3029 1818; x_wconf 73' lang='grc' dir='ltr'><strong>μεν</strong></span> <span class='ocrx_word' id='word_1_242' title='bbox 3059 1745 3222 1799; x_wconf 71' lang='grc' dir='ltr'>πολλὰ</span> <span class='ocrx_word' id='word_1_243' title='bbox 3271 1751 3368 1799; x_wconf 70' lang='grc' dir='ltr'><strong>σου</strong></span> <span class='ocrx_word' id='word_1_244' title='bbox 3427 1746 3537 1800; x_wconf 80' lang='grc' dir='ltr'>ἐστι</span> <span class='ocrx_word' id='word_1_245' title='bbox 3577 1751 3640 1800; x_wconf 78' lang='grc' dir='ltr'><strong>τα</strong></span> <span class='ocrx_word' id='word_1_246' title='bbox 3664 1748 3859 1820; x_wconf 55' lang='lat' dir='ltr'><strong>dirupti-</strong></span> 
     </span>
    </p>
   </div>
   <div class='ocr_carea' id='block_1_36' title="bbox 551 1827 2206 1902">
    <p class='ocr_par' dir='ltr' id='par_1_36' title="bbox 551 1827 2206 1902">
     <span class='ocr_line' id='line_1_36' title="bbox 551 1827 2206 1902; baseline -0.003 -15"><span class='ocrx_word' id='word_1_247' title='bbox 551 1834 760 1902; x_wconf 87' lang='lat' dir='ltr'><strong>terque</strong></span> <span class='ocrx_word' id='word_1_248' title='bbox 813 1829 1164 1901; x_wconf 87' lang='lat' dir='ltr'><strong>tibimetipsi</strong></span> <span class='ocrx_word' id='word_1_249' title='bbox 1215 1829 1573 1902; x_wconf 89' lang='lat' dir='ltr'><strong>providisse,</strong></span> <span class='ocrx_word' id='word_1_250' title='bbox 1635 1828 1742 1900; x_wconf 90' lang='lat' dir='ltr'><strong>qui</strong></span> <span class='ocrx_word' id='word_1_251' title='bbox 1804 1827 2024 1884; x_wconf 83' lang='lat' dir='ltr'><strong>scilicet</strong></span> <span class='ocrx_word' id='word_1_252' title='bbox 2082 1841 2206 1882; x_wconf 90' lang='lat' dir='ltr'><strong>non</strong></span> 
     </span>
    </p>
   </div>
   <div class='ocr_carea' id='block_1_37' title="bbox 553 1917 2208 1980">
    <p class='ocr_par' dir='ltr' id='par_1_37' title="bbox 553 1917 2208 1980">
     <span class='ocr_line' id='line_1_37' title="bbox 553 1917 2208 1980; baseline -0.005 -3"><span class='ocrx_word' id='word_1_253' title='bbox 553 1919 843 1977; x_wconf 83' lang='lat' dir='ltr'><strong>admittas</strong></span> <span class='ocrx_word' id='word_1_254' title='bbox 869 1918 1400 1980; x_wconf 89' lang='lat' dir='ltr'><strong>condonationem,</strong></span> <span class='ocrx_word' id='word_1_255' title='bbox 1424 1917 1530 1974; x_wconf 91' lang='lat' dir='ltr'><strong>sed</strong></span> <span class='ocrx_word' id='word_1_256' title='bbox 1555 1917 1615 1973; x_wconf 90' lang='lat' dir='ltr'><strong>in</strong></span> <span class='ocrx_word' id='word_1_257' title='bbox 1635 1934 1750 1972; x_wconf 68' lang='lat' dir='ltr'><strong>(ere</strong></span> <span class='ocrx_word' id='word_1_258' title='bbox 1773 1917 1968 1974; x_wconf 88' lang='lat' dir='ltr'><strong>alieno</strong></span> <span class='ocrx_word' id='word_1_259' title='bbox 1993 1917 2208 1972; x_wconf 86' lang='lat' dir='ltr'><strong>immo-</strong></span> 
     </span>
    </p>
   </div>
   <div class='ocr_carea' id='block_1_38' title="bbox 553 2003 2208 2078">
    <p class='ocr_par' dir='ltr' id='par_1_38' title="bbox 553 2003 2208 2078">
     <span class='ocr_line' id='line_1_38' title="bbox 553 2003 2208 2078; baseline -0.004 -13"><span class='ocrx_word' id='word_1_260' title='bbox 553 2008 723 2065; x_wconf 89' lang='lat' dir='ltr'><strong>riaris</strong></span> <span class='ocrx_word' id='word_1_261' title='bbox 743 2009 771 2064; x_wconf 88' lang='lat'><strong>?</strong></span> <span class='ocrx_word' id='word_1_262' title='bbox 803 2007 862 2065; x_wconf 93' lang='lat' dir='ltr'><strong>Si</strong></span> <span class='ocrx_word' id='word_1_263' title='bbox 890 2007 1082 2064; x_wconf 90' lang='lat' dir='ltr'><strong>multa</strong></span> <span class='ocrx_word' id='word_1_264' title='bbox 1111 2011 1251 2063; x_wconf 90' lang='lat' dir='ltr'><strong>sunt</strong></span> <span class='ocrx_word' id='word_1_265' title='bbox 1278 2011 1529 2078; x_wconf 85' lang='lat' dir='ltr'><strong>peccata</strong></span> <span class='ocrx_word' id='word_1_266' title='bbox 1558 2011 1679 2076; x_wconf 89' lang='lat' dir='ltr'><strong>tua,</strong></span> <span class='ocrx_word' id='word_1_267' title='bbox 1710 2021 1785 2063; x_wconf 91' lang='lat' dir='ltr'><strong>ne</strong></span> <span class='ocrx_word' id='word_1_268' title='bbox 1815 2006 2098 2077; x_wconf 85' lang='lat' dir='ltr'><strong>desperes</strong></span> <span class='ocrx_word' id='word_1_269' title='bbox 2126 2003 2208 2060; x_wconf 90' lang='lat' dir='ltr'><strong>ob</strong></span> 
     </span>
    </p>
   </div>
   <div class='ocr_carea' id='block_1_39' title="bbox 557 2095 2207 2162">
    <p class='ocr_par' dir='ltr' id='par_1_39' title="bbox 557 2095 2207 2162">
     <span class='ocr_line' id='line_1_39' title="bbox 557 2095 2207 2162; baseline -0.004 -9"><span class='ocrx_word' id='word_1_270' title='bbox 557 2096 1022 2154; x_wconf 87' lang='lat' dir='ltr'><strong>multitudinem.</strong></span> <span class='ocrx_word' id='word_1_271' title='bbox 1061 2096 1170 2153; x_wconf 79' lang='lat' dir='ltr'><strong>Ubi</strong></span> <span class='ocrx_word' id='word_1_272' title='bbox 1218 2097 1374 2152; x_wconf 82' lang='lat' dir='ltr'><strong>enim</strong></span> <span class='ocrx_word' id='word_1_273' title='bbox 1415 2095 1745 2152; x_wconf 76' lang='lat' dir='ltr'><strong>abundavit</strong></span> <span class='ocrx_word' id='word_1_274' title='bbox 1775 2095 2084 2162; x_wconf 75' lang='lat' dir='ltr'><strong>delictum,</strong></span> <span class='ocrx_word' id='word_1_275' title='bbox 2115 2109 2207 2148; x_wconf 88' lang='lat' dir='ltr'><strong>su-</strong></span> 
     </span>
    </p>
   </div>
   <div class='ocr_carea' id='block_1_40' title="bbox 554 2182 2207 2256">
    <p class='ocr_par' dir='ltr' id='par_1_40' title="bbox 554 2182 2207 2256">
     <span class='ocr_line' id='line_1_40' title="bbox 554 2182 2207 2256; baseline -0.004 -14"><span class='ocrx_word' id='word_1_276' title='bbox 554 2186 998 2256; x_wconf 80' lang='lat' dir='ltr'><strong>perabundavit</strong></span> <span class='ocrx_word' id='word_1_277' title='bbox 1019 2185 1316 2254; x_wconf 58' lang='lat' dir='ltr'><strong>gratia”;</strong></span> <span class='ocrx_word' id='word_1_278' title='bbox 1341 2183 1392 2237; x_wconf 90' lang='lat' dir='ltr'><strong>si</strong></span> <span class='ocrx_word' id='word_1_279' title='bbox 1413 2183 1596 2239; x_wconf 86' lang='lat' dir='ltr'><strong>modo</strong></span> <span class='ocrx_word' id='word_1_280' title='bbox 1613 2184 1868 2254; x_wconf 81' lang='lat' dir='ltr'><strong>gratiam</strong></span> <span class='ocrx_word' id='word_1_281' title='bbox 1886 2182 2207 2254; x_wconf 82' lang='lat' dir='ltr'><strong>suscipias.</strong></span> 
     </span>
    </p>
   </div>
   <div class='ocr_carea' id='block_1_41' title="bbox 2316 1832 3861 1910">
    <p class='ocr_par' dir='ltr' id='par_1_41' title="bbox 2316 1832 3861 1910">
     <span class='ocr_line' id='line_1_41' title="bbox 2316 1832 3861 1910; baseline 0.001 -24"><span class='ocrx_word' id='word_1_282' title='bbox 2316 1853 2478 1907; x_wconf 87' lang='grc' dir='ltr'>ματα,</span> <span class='ocrx_word' id='word_1_283' title='bbox 2509 1837 2581 1906; x_wconf 81' lang='grc' dir='ltr'>μὴ</span> <span class='ocrx_word' id='word_1_284' title='bbox 2611 1832 2891 1906; x_wconf 78' lang='grc' dir='ltr'>ἀθυμησῃς</span> <span class='ocrx_word' id='word_1_285' title='bbox 2919 1843 2992 1905; x_wconf 82' lang='grc' dir='ltr'>τῷ</span> <span class='ocrx_word' id='word_1_286' title='bbox 3030 1834 3130 1894; x_wconf 72' lang='grc' dir='ltr'><strong>πλη</strong></span> <span class='ocrx_word' id='word_1_287' title='bbox 3144 1837 3236 1890; x_wconf 88' lang='grc' dir='ltr'>θει.</span> <span class='ocrx_word' id='word_1_288' title='bbox 3270 1835 3440 1888; x_wconf 86' lang='grc' dir='ltr'>Ὀπου</span> <span class='ocrx_word' id='word_1_289' title='bbox 3478 1840 3572 1910; x_wconf 76' lang='grc' dir='ltr'><strong>γὰρ</strong></span> <span class='ocrx_word' id='word_1_290' title='bbox 3617 1836 3861 1890; x_wconf 63' lang='grc' dir='ltr'>ἐπλεόνασεν</span> 
     </span>
    </p>
   </div>
   <div class='ocr_carea' id='block_1_42' title="bbox 2316 1923 3861 2000">
    <p class='ocr_par' dir='ltr' id='par_1_42' title="bbox 2316 1923 3861 2000">
     <span class='ocr_line' id='line_1_42' title="bbox 2316 1923 3861 2000; baseline 0.001 -27"><span class='ocrx_word' id='word_1_291' title='bbox 2316 1925 2346 1980; x_wconf 79' lang='grc' dir='ltr'>ἡ</span> <span class='ocrx_word' id='word_1_292' title='bbox 2391 1923 2640 1997; x_wconf 78' lang='grc' dir='ltr'>ἁμαρτία,</span> <span class='ocrx_word' id='word_1_293' title='bbox 2673 1923 3165 1996; x_wconf 71' lang='grc' dir='ltr'>ὑπερεπερίσσευσεν</span> <span class='ocrx_word' id='word_1_294' title='bbox 3211 1927 3240 1983; x_wconf 82' lang='grc' dir='ltr'><strong>η</strong></span> <span class='ocrx_word' id='word_1_295' title='bbox 3271 1930 3473 2000; x_wconf 79' lang='grc' dir='ltr'>χάρις·</span> <span class='ocrx_word' id='word_1_296' title='bbox 3525 1925 3605 1978; x_wconf 73' lang='grc' dir='ltr'><strong>ἐὰν</strong></span> <span class='ocrx_word' id='word_1_297' title='bbox 3647 1925 3762 1997; x_wconf 67' lang='grc' dir='ltr'>δέχῃ</span> <span class='ocrx_word' id='word_1_298' title='bbox 3792 1932 3861 1982; x_wconf 66' lang='grc' dir='ltr'>τὴν</span> 
     </span>
    </p>
   </div>
   <div class='ocr_carea' id='block_1_43' title="bbox 2317 2007 3860 2089">
    <p class='ocr_par' dir='ltr' id='par_1_43' title="bbox 2317 2007 3860 2089">
     <span class='ocr_line' id='line_1_43' title="bbox 2317 2007 3860 2089; baseline 0.002 -27"><span class='ocrx_word' id='word_1_299' title='bbox 2317 2015 2498 2084; x_wconf 70' lang='grc' dir='ltr'>χάριν.</span> <span class='ocrx_word' id='word_1_300' title='bbox 2519 2012 2577 2063; x_wconf 82' lang='grc' dir='ltr'><strong>Εἰ</strong></span> <span class='ocrx_word' id='word_1_301' title='bbox 2608 2007 2667 2064; x_wconf 74' lang='grc' dir='ltr'><strong>δὲ</strong></span> <span class='ocrx_word' id='word_1_302' title='bbox 2690 2014 2858 2085; x_wconf 77' lang='grc' dir='ltr'>μικρὰ</span> <span class='ocrx_word' id='word_1_303' title='bbox 2881 2018 2971 2064; x_wconf 84' lang='grc' dir='ltr'><strong>καὶ</strong></span> <span class='ocrx_word' id='word_1_304' title='bbox 3002 2012 3200 2082; x_wconf 72' lang='grc' dir='ltr'>εὐτελῆ,</span> <span class='ocrx_word' id='word_1_305' title='bbox 3228 2020 3321 2067; x_wconf 80' lang='grc' dir='ltr'><strong>καὶ</strong></span> <span class='ocrx_word' id='word_1_306' title='bbox 3343 2015 3403 2067; x_wconf 72' lang='grc' dir='ltr'><strong>οὑ</strong></span> <span class='ocrx_word' id='word_1_307' title='bbox 3429 2017 3556 2089; x_wconf 80' lang='grc' dir='ltr'>πρὸς</span> <span class='ocrx_word' id='word_1_308' title='bbox 3581 2017 3772 2068; x_wconf 70' lang='grc' dir='ltr'>θάνατον</span> <span class='ocrx_word' id='word_1_309' title='bbox 3791 2033 3860 2067; x_wconf 84' lang='grc' dir='ltr'>σον</span> 
     </span>
    </p>
   </div>
   <div class='ocr_carea' id='block_1_44' title="bbox 2319 2101 3862 2177">
    <p class='ocr_par' dir='ltr' id='par_1_44' title="bbox 2319 2101 3862 2177">
     <span class='ocr_line' id='line_1_44' title="bbox 2319 2101 3862 2177; baseline 0 -23"><span class='ocrx_word' id='word_1_310' title='bbox 2319 2105 2383 2155; x_wconf 76' lang='grc' dir='ltr'>τὰ</span> <span class='ocrx_word' id='word_1_311' title='bbox 2410 2101 2781 2175; x_wconf 81' lang='grc' dir='ltr'>ἁμαρτήματα,</span> <span class='ocrx_word' id='word_1_312' title='bbox 2806 2106 2854 2153; x_wconf 90' lang='grc' dir='ltr'><strong>τί</strong></span> <span class='ocrx_word' id='word_1_313' title='bbox 2884 2101 3110 2173; x_wconf 76' lang='grc' dir='ltr'><strong>ἀγωνιᾷς</strong></span> <span class='ocrx_word' id='word_1_314' title='bbox 3137 2107 3194 2155; x_wconf 82' lang='grc' dir='ltr'><strong>τό</strong></span> <span class='ocrx_word' id='word_1_315' title='bbox 3224 2104 3430 2177; x_wconf 79' lang='grc' dir='ltr'>μέλλον,</span> <span class='ocrx_word' id='word_1_316' title='bbox 3462 2107 3513 2167; x_wconf 83' lang='grc' dir='ltr'><strong>ὃς</strong></span> <span class='ocrx_word' id='word_1_317' title='bbox 3542 2125 3594 2176; x_wconf 85' lang='grc' dir='ltr'>γε</span> <span class='ocrx_word' id='word_1_318' title='bbox 3629 2105 3711 2158; x_wconf 68' lang='grc' dir='ltr'><strong>οὐκ</strong></span> <span class='ocrx_word' id='word_1_319' title='bbox 3752 2104 3862 2175; x_wconf 76' lang='grc' dir='ltr'>ἀγενο</span> 
     </span>
    </p>
   </div>
   <div class='ocr_carea' id='block_1_45' title="bbox 2317 2187 3199 2262">
    <p class='ocr_par' dir='ltr' id='par_1_45' title="bbox 2317 2187 3199 2262">
     <span class='ocr_line' id='line_1_45' title="bbox 2317 2187 3199 2262; baseline 0.002 -20"><span class='ocrx_word' id='word_1_320' title='bbox 2317 2199 2415 2252; x_wconf 83' lang='grc' dir='ltr'>νὼς</span> <span class='ocrx_word' id='word_1_321' title='bbox 2442 2194 2507 2243; x_wconf 81' lang='grc' dir='ltr'>τὰ</span> <span class='ocrx_word' id='word_1_322' title='bbox 2534 2190 2858 2262; x_wconf 75' lang='grc' dir='ltr'>παρελθόντα</span> <span class='ocrx_word' id='word_1_323' title='bbox 2887 2187 3199 2262; x_wconf 76' lang='grc' dir='ltr'>διήνεγκας;</span> 
     </span>
    </p>
   </div>
   <div class='ocr_carea' id='block_1_46' title="bbox 560 2266 3860 2346">
    <p class='ocr_par' dir='ltr' id='par_1_46' title="bbox 560 2266 3860 2346">
     <span class='ocr_line' id='line_1_46' title="bbox 560 2266 3860 2346; baseline 0 -19"><span class='ocrx_word' id='word_1_324' title='bbox 560 2275 729 2346; x_wconf 80' lang='lat'><strong>517</strong></span> <span class='ocrx_word' id='word_1_325' title='bbox 765 2275 842 2344; x_wconf 86' lang='grc'><strong>(1)</strong></span> <span class='ocrx_word' id='word_1_326' title='bbox 881 2273 981 2329; x_wconf 91' lang='lat' dir='ltr'><strong>Sin</strong></span> <span class='ocrx_word' id='word_1_327' title='bbox 1011 2275 1213 2328; x_wconf 87' lang='lat' dir='ltr'><strong>autem</strong></span> <span class='ocrx_word' id='word_1_328' title='bbox 1236 2288 1424 2344; x_wconf 87' lang='lat' dir='ltr'><strong>parva</strong></span> <span class='ocrx_word' id='word_1_329' title='bbox 1452 2287 1523 2328; x_wconf 89' lang='lat' dir='ltr'><strong>ac</strong></span> <span class='ocrx_word' id='word_1_330' title='bbox 1542 2271 1715 2339; x_wconf 85' lang='lat' dir='ltr'><strong>levia,</strong></span> <span class='ocrx_word' id='word_1_331' title='bbox 1739 2287 1850 2328; x_wconf 91' lang='lat' dir='ltr'><strong>nec</strong></span> <span class='ocrx_word' id='word_1_332' title='bbox 1881 2270 1960 2328; x_wconf 90' lang='lat' dir='ltr'><strong>ad</strong></span> <span class='ocrx_word' id='word_1_333' title='bbox 1986 2275 2242 2339; x_wconf 86' lang='lat' dir='ltr'><strong>mortem</strong></span> <span class='ocrx_word' id='word_1_334' title='bbox 2268 2269 2488 2328; x_wconf 83' lang='lat' dir='ltr'><strong>fuerint</strong></span> <span class='ocrx_word' id='word_1_335' title='bbox 2514 2276 2764 2344; x_wconf 81' lang='lat' dir='ltr'><strong>peccata</strong></span> <span class='ocrx_word' id='word_1_336' title='bbox 2793 2274 2915 2334; x_wconf 89' lang='lat' dir='ltr'><strong>tua,</strong></span> <span class='ocrx_word' id='word_1_337' title='bbox 2939 2287 3046 2329; x_wconf 90' lang='lat' dir='ltr'><strong>cur</strong></span> <span class='ocrx_word' id='word_1_338' title='bbox 3079 2272 3298 2330; x_wconf 85' lang='lat' dir='ltr'><strong>anxius</strong></span> <span class='ocrx_word' id='word_1_339' title='bbox 3339 2290 3403 2330; x_wconf 90' lang='lat' dir='ltr'><strong>es</strong></span> <span class='ocrx_word' id='word_1_340' title='bbox 3457 2274 3531 2332; x_wconf 89' lang='lat' dir='ltr'><strong>de</strong></span> <span class='ocrx_word' id='word_1_341' title='bbox 3566 2275 3763 2338; x_wconf 85' lang='lat' dir='ltr'><strong>futuro,</strong></span> <span class='ocrx_word' id='word_1_342' title='bbox 3785 2266 3860 2344; x_wconf 83' lang='lat' dir='ltr'><strong>qui</strong></span> 
     </span>
    </p>
   </div>
   <div class='ocr_carea' id='block_1_47' title="bbox 549 2360 1678 2434">
    <p class='ocr_par' dir='ltr' id='par_1_47' title="bbox 549 2360 1678 2434">
     <span class='ocr_line' id='line_1_47' title="bbox 549 2360 1678 2434; baseline -0.003 -15"><span class='ocrx_word' id='word_1_343' title='bbox 549 2361 718 2419; x_wconf 88' lang='lat' dir='ltr'><strong>haud</strong></span> <span class='ocrx_word' id='word_1_344' title='bbox 736 2362 954 2432; x_wconf 84' lang='lat' dir='ltr'><strong>ignave</strong></span> <span class='ocrx_word' id='word_1_345' title='bbox 986 2361 1284 2434; x_wconf 75' lang='lat' dir='ltr'><strong>praeterita</strong></span> <span class='ocrx_word' id='word_1_346' title='bbox 1313 2360 1628 2433; x_wconf 89' lang='lat' dir='ltr'><strong>pertuleris</strong></span> <span class='ocrx_word' id='word_1_347' title='bbox 1650 2363 1678 2417; x_wconf 70' lang='lat'><strong>‘2</strong></span> 
     </span>
    </p>
   </div>
   <div class='ocr_carea' id='block_1_48' title="bbox 622 2450 2203 2518">
    <p class='ocr_par' dir='ltr' id='par_1_48' title="bbox 622 2450 2203 2518">
     <span class='ocr_line' id='line_1_48' title="bbox 622 2450 2203 2518; baseline 0 -11"><span class='ocrx_word' id='word_1_348' title='bbox 622 2455 674 2507; x_wconf 82' lang='lat'><strong>5.</strong></span> <span class='ocrx_word' id='word_1_349' title='bbox 705 2453 871 2506; x_wconf 85' lang='lat' dir='ltr'><strong>Nunc</strong></span> <span class='ocrx_word' id='word_1_350' title='bbox 898 2450 1055 2506; x_wconf 85' lang='lat' dir='ltr'><strong>velut</strong></span> <span class='ocrx_word' id='word_1_351' title='bbox 1075 2450 1137 2505; x_wconf 92' lang='lat' dir='ltr'><strong>in</strong></span> <span class='ocrx_word' id='word_1_352' title='bbox 1159 2450 1384 2506; x_wconf 84' lang='lat' dir='ltr'><strong>trutina</strong></span> <span class='ocrx_word' id='word_1_353' title='bbox 1413 2451 1679 2507; x_wconf 86' lang='lat' dir='ltr'><strong>animam</strong></span> <span class='ocrx_word' id='word_1_354' title='bbox 1718 2455 1904 2517; x_wconf 88' lang='lat' dir='ltr'><strong>tuam,</strong></span> <span class='ocrx_word' id='word_1_355' title='bbox 1933 2466 1969 2507; x_wconf 94' lang='grc' dir='ltr'><strong>ο</strong></span> <span class='ocrx_word' id='word_1_356' title='bbox 1995 2450 2203 2518; x_wconf 89' lang='lat' dir='ltr'><strong>homo,</strong></span> 
     </span>
    </p>
   </div>
   <div class='ocr_carea' id='block_1_49' title="bbox 550 2539 2204 2613">
    <p class='ocr_par' dir='ltr' id='par_1_49' title="bbox 550 2539 2204 2613">
     <span class='ocr_line' id='line_1_49' title="bbox 550 2539 2204 2613; baseline -0.001 -15"><span class='ocrx_word' id='word_1_357' title='bbox 550 2539 818 2613; x_wconf 83' lang='lat' dir='ltr'><strong>appendi</strong></span> <span class='ocrx_word' id='word_1_358' title='bbox 848 2539 1147 2608; x_wconf 82' lang='lat' dir='ltr'><strong>existima,</strong></span> <span class='ocrx_word' id='word_1_359' title='bbox 1169 2539 1306 2594; x_wconf 89' lang='lat' dir='ltr'><strong>hinc</strong></span> <span class='ocrx_word' id='word_1_360' title='bbox 1333 2540 1413 2596; x_wconf 85' lang='lat' dir='ltr'><strong>ab</strong></span> <span class='ocrx_word' id='word_1_361' title='bbox 1433 2541 1687 2610; x_wconf 82' lang='lat' dir='ltr'><strong>angelis,</strong></span> <span class='ocrx_word' id='word_1_362' title='bbox 1710 2539 2204 2596; x_wconf 73' lang='lat' dir='ltr'><strong>hincadtemoni-</strong></span> 
     </span>
    </p>
   </div>
   <div class='ocr_carea' id='block_1_50' title="bbox 550 2627 2203 2701">
    <p class='ocr_par' dir='ltr' id='par_1_50' title="bbox 550 2627 2203 2701">
     <span class='ocr_line' id='line_1_50' title="bbox 550 2627 2203 2701; baseline -0.001 -16"><span class='ocrx_word' id='word_1_363' title='bbox 550 2627 666 2686; x_wconf 84' lang='lat' dir='ltr'><strong>bus</strong></span> <span class='ocrx_word' id='word_1_364' title='bbox 695 2633 1032 2685; x_wconf 87' lang='lat' dir='ltr'><strong>attractam.</strong></span> <span class='ocrx_word' id='word_1_365' title='bbox 1059 2628 1232 2697; x_wconf 89' lang='lat' dir='ltr'><strong>Utris,</strong></span> <span class='ocrx_word' id='word_1_366' title='bbox 1259 2645 1490 2701; x_wconf 65' lang='lat' dir='ltr'><strong>qumso,</strong></span> <span class='ocrx_word' id='word_1_367' title='bbox 1512 2629 1688 2685; x_wconf 86' lang='lat' dir='ltr'><strong>dabis</strong></span> <span class='ocrx_word' id='word_1_368' title='bbox 1708 2629 1908 2686; x_wconf 89' lang='lat' dir='ltr'><strong>cordis</strong></span> <span class='ocrx_word' id='word_1_369' title='bbox 1932 2644 2203 2686; x_wconf 57' lang='lat' dir='ltr'><strong>momen-</strong></span> 
     </span>
    </p>
   </div>
   <div class='ocr_carea' id='block_1_51' title="bbox 553 2717 2206 2791">
    <p class='ocr_par' dir='ltr' id='par_1_51' title="bbox 553 2717 2206 2791">
     <span class='ocr_line' id='line_1_51' title="bbox 553 2717 2206 2791; baseline -0.001 -16"><span class='ocrx_word' id='word_1_370' title='bbox 553 2718 730 2776; x_wconf 84' lang='lat' dir='ltr'><strong>tum?</strong></span> <span class='ocrx_word' id='word_1_371' title='bbox 761 2717 910 2790; x_wconf 87' lang='lat' dir='ltr'><strong>quid</strong></span> <span class='ocrx_word' id='word_1_372' title='bbox 956 2717 1122 2790; x_wconf 88' lang='lat' dir='ltr'><strong>apud</strong></span> <span class='ocrx_word' id='word_1_373' title='bbox 1161 2721 1217 2774; x_wconf 87' lang='lat' dir='ltr'><strong>te</strong></span> <span class='ocrx_word' id='word_1_374' title='bbox 1258 2717 1502 2775; x_wconf 89' lang='lat' dir='ltr'><strong>vincet?</strong></span> <span class='ocrx_word' id='word_1_375' title='bbox 1552 2717 1833 2791; x_wconf 86' lang='lat' dir='ltr'><strong>voluptas</strong></span> <span class='ocrx_word' id='word_1_376' title='bbox 1878 2719 2098 2781; x_wconf 87' lang='lat' dir='ltr'><strong>carnis,</strong></span> <span class='ocrx_word' id='word_1_377' title='bbox 2127 2732 2206 2774; x_wconf 88' lang='lat' dir='ltr'><strong>an</strong></span> 
     </span>
    </p>
   </div>
   <div class='ocr_carea' id='block_1_52' title="bbox 553 2807 2206 2880">
    <p class='ocr_par' dir='ltr' id='par_1_52' title="bbox 553 2807 2206 2880">
     <span class='ocr_line' id='line_1_52' title="bbox 553 2807 2206 2880; baseline -0.001 -16"><span class='ocrx_word' id='word_1_378' title='bbox 553 2808 774 2864; x_wconf 60' lang='lat' dir='ltr'><strong>animae</strong></span> <span class='ocrx_word' id='word_1_379' title='bbox 819 2807 1263 2864; x_wconf 85' lang='lat' dir='ltr'><strong>sanctimonia?</strong></span> <span class='ocrx_word' id='word_1_380' title='bbox 1295 2809 1681 2880; x_wconf 65' lang='lat' dir='ltr'><strong>praesentium</strong></span> <span class='ocrx_word' id='word_1_381' title='bbox 1734 2807 2074 2876; x_wconf 89' lang='lat' dir='ltr'><strong>oblectatio,</strong></span> <span class='ocrx_word' id='word_1_382' title='bbox 2127 2823 2206 2864; x_wconf 88' lang='lat' dir='ltr'><strong>an</strong></span> 
     </span>
    </p>
   </div>
   <div class='ocr_carea' id='block_1_53' title="bbox 552 2896 2205 2970">
    <p class='ocr_par' dir='ltr' id='par_1_53' title="bbox 552 2896 2205 2970">
     <span class='ocr_line' id='line_1_53' title="bbox 552 2896 2205 2970; baseline 0 -17"><span class='ocrx_word' id='word_1_383' title='bbox 552 2896 893 2953; x_wconf 77' lang='lat' dir='ltr'><strong>futurorum</strong></span> <span class='ocrx_word' id='word_1_384' title='bbox 922 2896 1287 2952; x_wconf 88' lang='lat' dir='ltr'><strong>desiderium</strong></span> <span class='ocrx_word' id='word_1_385' title='bbox 1308 2897 1336 2952; x_wconf 89' lang='lat'><strong>?</strong></span> <span class='ocrx_word' id='word_1_386' title='bbox 1364 2896 1639 2967; x_wconf 87' lang='lat' dir='ltr'><strong>an-geline</strong></span> <span class='ocrx_word' id='word_1_387' title='bbox 1669 2903 1724 2954; x_wconf 93' lang='lat' dir='ltr'><strong>te</strong></span> <span class='ocrx_word' id='word_1_388' title='bbox 1757 2897 2103 2970; x_wconf 90' lang='lat' dir='ltr'><strong>suscipient,</strong></span> <span class='ocrx_word' id='word_1_389' title='bbox 2127 2911 2205 2953; x_wconf 89' lang='lat' dir='ltr'><strong>an</strong></span> 
     </span>
    </p>
   </div>
   <div class='ocr_carea' id='block_1_54' title="bbox 551 2985 2207 3058">
    <p class='ocr_par' dir='ltr' id='par_1_54' title="bbox 551 2985 2207 3058">
     <span class='ocr_line' id='line_1_54' title="bbox 551 2985 2207 3058; baseline -0.001 -14"><span class='ocrx_word' id='word_1_390' title='bbox 551 2985 905 3044; x_wconf 90' lang='lat' dir='ltr'><strong>detinebunt</strong></span> <span class='ocrx_word' id='word_1_391' title='bbox 932 2986 1036 3058; x_wconf 90' lang='lat' dir='ltr'><strong>qui</strong></span> <span class='ocrx_word' id='word_1_392' title='bbox 1054 2986 1184 3058; x_wconf 88' lang='lat' dir='ltr'><strong>jam</strong></span> <span class='ocrx_word' id='word_1_393' title='bbox 1205 2990 1408 3043; x_wconf 91' lang='lat' dir='ltr'><strong>tenent</strong></span> <span class='ocrx_word' id='word_1_394' title='bbox 1430 2989 1458 3043; x_wconf 86' lang='lat'><strong>?</strong></span> <span class='ocrx_word' id='word_1_395' title='bbox 1480 2991 1542 3042; x_wconf 92' lang='lat' dir='ltr'><strong>ln</strong></span> <span class='ocrx_word' id='word_1_396' title='bbox 1560 2987 1686 3044; x_wconf 91' lang='lat' dir='ltr'><strong>acie</strong></span> <span class='ocrx_word' id='word_1_397' title='bbox 1707 2987 1894 3044; x_wconf 90' lang='lat' dir='ltr'><strong>duces</strong></span> <span class='ocrx_word' id='word_1_398' title='bbox 1917 2991 2207 3043; x_wconf 87' lang='lat' dir='ltr'><strong>tesseram</strong></span> 
     </span>
    </p>
   </div>
   <div class='ocr_carea' id='block_1_55' title="bbox 2388 2450 3859 2524">
    <p class='ocr_par' dir='ltr' id='par_1_55' title="bbox 2388 2450 3859 2524">
     <span class='ocr_line' id='line_1_55' title="bbox 2388 2450 3859 2524; baseline -0.003 -19"><span class='ocrx_word' id='word_1_399' title='bbox 2388 2455 2440 2506; x_wconf 88' lang='lat'><strong>5.</strong></span> <span class='ocrx_word' id='word_1_400' title='bbox 2484 2457 2588 2503; x_wconf 77' lang='grc' dir='ltr'>Νυν</span> <span class='ocrx_word' id='word_1_401' title='bbox 2639 2452 2812 2524; x_wconf 79' lang='grc' dir='ltr'>ὥσπερ</span> <span class='ocrx_word' id='word_1_402' title='bbox 2870 2450 2954 2503; x_wconf 81' lang='grc' dir='ltr'><strong>ἐπὶ</strong></span> <span class='ocrx_word' id='word_1_403' title='bbox 3007 2453 3261 2522; x_wconf 82' lang='grc' dir='ltr'>τρυτάνης</span> <span class='ocrx_word' id='word_1_404' title='bbox 3327 2456 3539 2506; x_wconf 84' lang='grc' dir='ltr'>εστοὶναι</span> <span class='ocrx_word' id='word_1_405' title='bbox 3597 2452 3754 2524; x_wconf 80' lang='grc' dir='ltr'>νόμιζέ</span> <span class='ocrx_word' id='word_1_406' title='bbox 3791 2470 3859 2502; x_wconf 78' lang='grc' dir='ltr'><strong>σου</strong></span> 
     </span>
    </p>
   </div>
   <div class='ocr_carea' id='block_1_56' title="bbox 2314 2538 3857 2613">
    <p class='ocr_par' dir='ltr' id='par_1_56' title="bbox 2314 2538 3857 2613">
     <span class='ocr_line' id='line_1_56' title="bbox 2314 2538 3857 2613; baseline -0.002 -23"><span class='ocrx_word' id='word_1_407' title='bbox 2314 2543 2405 2596; x_wconf 77' lang='grc' dir='ltr'>τὴν</span> <span class='ocrx_word' id='word_1_408' title='bbox 2457 2538 2664 2610; x_wconf 59' lang='grc' dir='ltr'>ψυχὴν,</span> <span class='ocrx_word' id='word_1_409' title='bbox 2710 2541 2967 2611; x_wconf 77' lang='grc' dir='ltr'>ἄνθρωπε,</span> <span class='ocrx_word' id='word_1_410' title='bbox 3018 2541 3154 2592; x_wconf 82' lang='grc' dir='ltr'>ἔνθεν</span> <span class='ocrx_word' id='word_1_411' title='bbox 3220 2539 3312 2593; x_wconf 81' lang='grc' dir='ltr'><strong>ὑπ’</strong></span> <span class='ocrx_word' id='word_1_412' title='bbox 3371 2539 3618 2613; x_wconf 75' lang='grc' dir='ltr'>ἁγγελων,</span> <span class='ocrx_word' id='word_1_413' title='bbox 3677 2539 3857 2591; x_wconf 67' lang='grc' dir='ltr'>κάκεῖθεν</span> 
     </span>
    </p>
   </div>
   <div class='ocr_carea' id='block_1_57' title="bbox 2315 2624 3857 2706">
    <p class='ocr_par' dir='ltr' id='par_1_57' title="bbox 2315 2624 3857 2706">
     <span class='ocr_line' id='line_1_57' title="bbox 2315 2624 3857 2706; baseline 0.002 -26"><span class='ocrx_word' id='word_1_414' title='bbox 2315 2629 2416 2681; x_wconf 80' lang='grc' dir='ltr'><strong>ὑπὸ</strong></span> <span class='ocrx_word' id='word_1_415' title='bbox 2483 2624 2744 2700; x_wconf 78' lang='grc' dir='ltr'><strong>δαιμόνων</strong></span> <span class='ocrx_word' id='word_1_416' title='bbox 2803 2625 3154 2701; x_wconf 76' lang='grc' dir='ltr'>ὃιελκομένην.</span> <span class='ocrx_word' id='word_1_417' title='bbox 3219 2634 3376 2682; x_wconf 87' lang='grc' dir='ltr'>Τίσιν</span> <span class='ocrx_word' id='word_1_418' title='bbox 3427 2633 3529 2706; x_wconf 80' lang='grc' dir='ltr'>ἀρα</span> <span class='ocrx_word' id='word_1_419' title='bbox 3588 2626 3754 2690; x_wconf 76' lang='grc' dir='ltr'>δώσεις</span> <span class='ocrx_word' id='word_1_420' title='bbox 3790 2633 3857 2683; x_wconf 73' lang='grc' dir='ltr'><strong>τὴν</strong></span> 
     </span>
    </p>
   </div>
   <div class='ocr_carea' id='block_1_58' title="bbox 2315 2713 3855 2792">
    <p class='ocr_par' dir='ltr' id='par_1_58' title="bbox 2315 2713 3855 2792">
     <span class='ocr_line' id='line_1_58' title="bbox 2315 2713 3855 2792; baseline -0.003 -22"><span class='ocrx_word' id='word_1_421' title='bbox 2315 2718 2481 2789; x_wconf 74' lang='grc' dir='ltr'>ῥοπὴν</span> <span class='ocrx_word' id='word_1_422' title='bbox 2520 2725 2615 2779; x_wconf 82' lang='grc' dir='ltr'>τῆς</span> <span class='ocrx_word' id='word_1_423' title='bbox 2652 2713 2877 2792; x_wconf 74' lang='grc' dir='ltr'>καρδίας</span> <span class='ocrx_word' id='word_1_424' title='bbox 2923 2737 3017 2771; x_wconf 91' lang='grc' dir='ltr'><strong>σου</strong></span> <span class='ocrx_word' id='word_1_425' title='bbox 3061 2723 3210 2787; x_wconf 88' lang='grc' dir='ltr'>τότε;</span> <span class='ocrx_word' id='word_1_426' title='bbox 3260 2723 3319 2771; x_wconf 86' lang='grc' dir='ltr'><strong>τί</strong></span> <span class='ocrx_word' id='word_1_427' title='bbox 3371 2723 3512 2792; x_wconf 77' lang='grc' dir='ltr'>παρὰ</span> <span class='ocrx_word' id='word_1_428' title='bbox 3549 2724 3630 2772; x_wconf 83' lang='grc' dir='ltr'><strong>σοὶ</strong></span> <span class='ocrx_word' id='word_1_429' title='bbox 3665 2724 3855 2778; x_wconf 71' lang='grc' dir='ltr'><strong>νικήσεις</strong></span> 
     </span>
    </p>
   </div>
   <div class='ocr_carea' id='block_1_59' title="bbox 2318 2803 3859 2880">
    <p class='ocr_par' dir='ltr' id='par_1_59' title="bbox 2318 2803 3859 2880">
     <span class='ocr_line' id='line_1_59' title="bbox 2318 2803 3859 2880; baseline -0.001 -22"><span class='ocrx_word' id='word_1_430' title='bbox 2318 2803 2481 2865; x_wconf 75' lang='grc' dir='ltr'><strong>ἡδονὴ</strong></span> <span class='ocrx_word' id='word_1_431' title='bbox 2527 2810 2738 2879; x_wconf 84' lang='grc' dir='ltr'>σαρκὸς,</span> <span class='ocrx_word' id='word_1_432' title='bbox 2800 2807 2828 2865; x_wconf 71' lang='grc' dir='ltr'><strong><em>ἦ</em></strong></span> <span class='ocrx_word' id='word_1_433' title='bbox 2887 2807 3146 2879; x_wconf 76' lang='grc' dir='ltr'><strong>ἁγιασμὸς</strong></span> <span class='ocrx_word' id='word_1_434' title='bbox 3193 2807 3422 2880; x_wconf 74' lang='grc' dir='ltr'>ψυχῆςς</span> <span class='ocrx_word' id='word_1_435' title='bbox 3478 2807 3745 2868; x_wconf 74' lang='grc' dir='ltr'>ἀπόλαυσις</span> <span class='ocrx_word' id='word_1_436' title='bbox 3787 2813 3859 2856; x_wconf 77' lang='grc' dir='ltr'>τῶν</span> 
     </span>
    </p>
   </div>
   <div class='ocr_carea' id='block_1_60' title="bbox 2315 2895 3858 2971">
    <p class='ocr_par' dir='ltr' id='par_1_60' title="bbox 2315 2895 3858 2971">
     <span class='ocr_line' id='line_1_60' title="bbox 2315 2895 3858 2971; baseline -0.003 -23"><span class='ocrx_word' id='word_1_437' title='bbox 2315 2901 2604 2971; x_wconf 85' lang='grc' dir='ltr'>παρόντων,</span> <span class='ocrx_word' id='word_1_438' title='bbox 2647 2897 2676 2954; x_wconf 75' lang='grc' dir='ltr'>ἡ</span> <span class='ocrx_word' id='word_1_439' title='bbox 2736 2904 2836 2948; x_wconf 85' lang='grc' dir='ltr'>τῶν</span> <span class='ocrx_word' id='word_1_440' title='bbox 2903 2895 3183 2969; x_wconf 82' lang='grc' dir='ltr'>μελλόντων</span> <span class='ocrx_word' id='word_1_441' title='bbox 3243 2895 3538 2971; x_wconf 82' lang='grc' dir='ltr'>ἐπιθυμία;</span> <span class='ocrx_word' id='word_1_442' title='bbox 3601 2896 3781 2969; x_wconf 80' lang='grc' dir='ltr'>ἄγγελοί</span> <span class='ocrx_word' id='word_1_443' title='bbox 3819 2911 3858 2945; x_wconf 78' lang='grc' dir='ltr'><strong>σε</strong></span> 
     </span>
    </p>
   </div>
   <div class='ocr_carea' id='block_1_61' title="bbox 2316 2983 3860 3060">
    <p class='ocr_par' dir='ltr' id='par_1_61' title="bbox 2316 2983 3860 3060">
     <span class='ocr_line' id='line_1_61' title="bbox 2316 2983 3860 3060; baseline -0.001 -22"><span class='ocrx_word' id='word_1_444' title='bbox 2316 2983 2732 3060; x_wconf 62' lang='grc' dir='ltr'>παραλήψονται,</span> <span class='ocrx_word' id='word_1_445' title='bbox 2800 2985 2829 3044; x_wconf 74' lang='grc' dir='ltr'><em>ἢ</em></span> <span class='ocrx_word' id='word_1_446' title='bbox 2897 2985 3205 3048; x_wconf 81' lang='grc' dir='ltr'>καθέξουσιν</span> <span class='ocrx_word' id='word_1_447' title='bbox 3265 2989 3320 3039; x_wconf 86' lang='grc' dir='ltr'><strong>οἱ</strong></span> <span class='ocrx_word' id='word_1_448' title='bbox 3396 2991 3721 3060; x_wconf 48' lang='grc' dir='ltr'>κατέχοντες</span> <span class='ocrx_word' id='word_1_449' title='bbox 3778 2983 3860 3036; x_wconf 75' lang='grc' dir='ltr'><strong>Ἐπὶ</strong></span> 
     </span>
    </p>
   </div>
   <div class='ocr_carea' id='block_1_62' title="bbox 554 3071 2205 3152">
    <p class='ocr_par' dir='ltr' id='par_1_62' title="bbox 554 3075 2205 3145">
     <span class='ocr_line' id='line_1_62' title="bbox 554 3075 2205 3145; baseline 0 -13"><span class='ocrx_word' id='word_1_450' title='bbox 554 3075 822 3133; x_wconf 91' lang='lat' dir='ltr'><strong>tribuunt</strong></span> <span class='ocrx_word' id='word_1_451' title='bbox 849 3075 964 3131; x_wconf 90' lang='lat' dir='ltr'><strong>sub</strong></span> <span class='ocrx_word' id='word_1_452' title='bbox 996 3092 1059 3132; x_wconf 89' lang='lat' dir='ltr'><strong>se</strong></span> <span class='ocrx_word' id='word_1_453' title='bbox 1085 3075 1500 3145; x_wconf 87' lang='lat' dir='ltr'><strong>militantibus,</strong></span> <span class='ocrx_word' id='word_1_454' title='bbox 1539 3081 1606 3132; x_wconf 90' lang='lat' dir='ltr'><strong>ut</strong></span> <span class='ocrx_word' id='word_1_455' title='bbox 1650 3081 1707 3133; x_wconf 90' lang='lat' dir='ltr'><strong>et</strong></span> <span class='ocrx_word' id='word_1_456' title='bbox 1734 3077 1910 3134; x_wconf 88' lang='lat' dir='ltr'><strong>amici</strong></span> <span class='ocrx_word' id='word_1_457' title='bbox 1942 3076 2112 3133; x_wconf 85' lang='lat' dir='ltr'><strong>facile</strong></span> <span class='ocrx_word' id='word_1_458' title='bbox 2143 3091 2205 3132; x_wconf 91' lang='lat' dir='ltr'><strong>se</strong></span> 
     </span>
    </p>
   </div>
   <div class='ocr_carea' id='block_1_63' title="bbox 2314 3071 3862 3152">
    <p class='ocr_par' dir='ltr' id='par_1_63' title="bbox 2317 3071 3862 3149">
     <span class='ocr_line' id='line_1_63' title="bbox 2317 3071 3862 3149; baseline 0.001 -22"><span class='ocrx_word' id='word_1_459' title='bbox 2317 3073 2652 3147; x_wconf 81' lang='grc' dir='ltr'>παρατάξεως</span> <span class='ocrx_word' id='word_1_460' title='bbox 2702 3075 2751 3126; x_wconf 79' lang='grc' dir='ltr'><strong>οἱ</strong></span> <span class='ocrx_word' id='word_1_461' title='bbox 2810 3079 3102 3147; x_wconf 80' lang='grc' dir='ltr'>στρατηγοὶ</span> <span class='ocrx_word' id='word_1_462' title='bbox 3146 3078 3204 3128; x_wconf 85' lang='grc' dir='ltr'>τὸ</span> <span class='ocrx_word' id='word_1_463' title='bbox 3257 3077 3510 3149; x_wconf 79' lang='grc' dir='ltr'>σύνθημα</span> <span class='ocrx_word' id='word_1_464' title='bbox 3551 3084 3650 3138; x_wconf 90' lang='grc' dir='ltr'>τοῖς</span> <span class='ocrx_word' id='word_1_465' title='bbox 3685 3072 3758 3128; x_wconf 79' lang='grc' dir='ltr'>ὑπ’</span> <span class='ocrx_word' id='word_1_466' title='bbox 3798 3071 3862 3122; x_wconf 61' lang='grc' dir='ltr'><strong>αὖ·</strong></span> 
     </span>
    </p>
   </div>
   <div class='ocr_carea' id='block_1_64' title="bbox 551 3163 2207 3234">
    <p class='ocr_par' dir='ltr' id='par_1_64' title="bbox 551 3163 2207 3234">
     <span class='ocr_line' id='line_1_64' title="bbox 551 3163 2207 3234; baseline 0 -12"><span class='ocrx_word' id='word_1_467' title='bbox 551 3165 807 3222; x_wconf 88' lang='lat' dir='ltr'><strong>invicem</strong></span> <span class='ocrx_word' id='word_1_468' title='bbox 828 3163 1175 3234; x_wconf 89' lang='lat' dir='ltr'><strong>inclament,</strong></span> <span class='ocrx_word' id='word_1_469' title='bbox 1207 3170 1266 3222; x_wconf 91' lang='lat' dir='ltr'><strong>et</strong></span> <span class='ocrx_word' id='word_1_470' title='bbox 1304 3166 1354 3221; x_wconf 90' lang='lat' dir='ltr'><strong>si</strong></span> <span class='ocrx_word' id='word_1_471' title='bbox 1400 3166 1463 3221; x_wconf 93' lang='lat' dir='ltr'><strong>in</strong></span> <span class='ocrx_word' id='word_1_472' title='bbox 1488 3167 1770 3222; x_wconf 87' lang='lat' dir='ltr'><strong>conﬂictu</strong></span> <span class='ocrx_word' id='word_1_473' title='bbox 1793 3166 2013 3222; x_wconf 84' lang='lat' dir='ltr'><strong>fuerint</strong></span> <span class='ocrx_word' id='word_1_474' title='bbox 2067 3182 2207 3222; x_wconf 91' lang='lat' dir='ltr'><strong>cum</strong></span> 
     </span>
    </p>
   </div>
   <div class='ocr_carea' id='block_1_65' title="bbox 550 3253 2206 3326">
    <p class='ocr_par' dir='ltr' id='par_1_65' title="bbox 550 3253 2206 3326">
     <span class='ocr_line' id='line_1_65' title="bbox 550 3253 2206 3326; baseline 0.002 -16"><span class='ocrx_word' id='word_1_475' title='bbox 550 3253 825 3310; x_wconf 90' lang='lat' dir='ltr'><strong>hostibus</strong></span> <span class='ocrx_word' id='word_1_476' title='bbox 851 3254 1175 3322; x_wconf 87' lang='lat' dir='ltr'><strong>commisti,</strong></span> <span class='ocrx_word' id='word_1_477' title='bbox 1218 3259 1447 3326; x_wconf 89' lang='lat' dir='ltr'><strong>queant</strong></span> <span class='ocrx_word' id='word_1_478' title='bbox 1483 3255 1629 3312; x_wconf 90' lang='lat' dir='ltr'><strong>citra</strong></span> <span class='ocrx_word' id='word_1_479' title='bbox 1659 3255 2080 3312; x_wconf 85' lang='lat' dir='ltr'><strong>confusionem</strong></span> <span class='ocrx_word' id='word_1_480' title='bbox 2113 3271 2206 3313; x_wconf 86' lang='lat' dir='ltr'><strong>sc-</strong></span> 
     </span>
    </p>
   </div>
   <div class='ocr_carea' id='block_1_66' title="bbox 546 3341 2204 3413">
    <p class='ocr_par' dir='ltr' id='par_1_66' title="bbox 546 3341 2204 3413">
     <span class='ocr_line' id='line_1_66' title="bbox 546 3341 2204 3413; baseline 0.002 -16"><span class='ocrx_word' id='word_1_481' title='bbox 546 3341 745 3413; x_wconf 89' lang='lat' dir='ltr'><strong>jungi.</strong></span> <span class='ocrx_word' id='word_1_482' title='bbox 768 3341 1066 3411; x_wconf 86' lang='lat' dir='ltr'><strong>Agnoscet</strong></span> <span class='ocrx_word' id='word_1_483' title='bbox 1093 3346 1144 3398; x_wconf 89' lang='lat' dir='ltr'><strong>te</strong></span> <span class='ocrx_word' id='word_1_484' title='bbox 1161 3357 1364 3413; x_wconf 92' lang='lat' dir='ltr'><strong>nemo,</strong></span> <span class='ocrx_word' id='word_1_485' title='bbox 1387 3347 1669 3400; x_wconf 88' lang='lat' dir='ltr'><strong>nosterne</strong></span> <span class='ocrx_word' id='word_1_486' title='bbox 1695 3344 1798 3413; x_wconf 92' lang='lat' dir='ltr'><strong>sis,</strong></span> <span class='ocrx_word' id='word_1_487' title='bbox 1822 3360 1900 3401; x_wconf 87' lang='lat' dir='ltr'><strong>an</strong></span> <span class='ocrx_word' id='word_1_488' title='bbox 1917 3344 2204 3412; x_wconf 89' lang='lat' dir='ltr'><strong>hostium,</strong></span> 
     </span>
    </p>
   </div>
   <div class='ocr_carea' id='block_1_67' title="bbox 552 3429 2208 3506">
    <p class='ocr_par' dir='ltr' id='par_1_67' title="bbox 552 3429 2208 3506">
     <span class='ocr_line' id='line_1_67' title="bbox 552 3429 2208 3506; baseline 0.001 -20"><span class='ocrx_word' id='word_1_489' title='bbox 552 3429 666 3486; x_wconf 90' lang='lat' dir='ltr'><strong>nisi</strong></span> <span class='ocrx_word' id='word_1_490' title='bbox 682 3430 956 3501; x_wconf 88' lang='lat' dir='ltr'><strong>mysticis</strong></span> <span class='ocrx_word' id='word_1_491' title='bbox 983 3430 1169 3499; x_wconf 88' lang='lat' dir='ltr'><strong>signis</strong></span> <span class='ocrx_word' id='word_1_492' title='bbox 1193 3432 1704 3488; x_wconf 89' lang='lat' dir='ltr'><strong>necessitudinem</strong></span> <span class='ocrx_word' id='word_1_493' title='bbox 1730 3433 2208 3506; x_wconf 76' lang='lat' dir='ltr'><strong>afﬁnitatemque</strong></span> 
     </span>
    </p>
   </div>
   <div class='ocr_carea' id='block_1_68' title="bbox 553 3519 2211 3594">
    <p class='ocr_par' dir='ltr' id='par_1_68' title="bbox 553 3519 2211 3594">
     <span class='ocr_line' id='line_1_68' title="bbox 553 3519 2211 3594; baseline 0 -18"><span class='ocrx_word' id='word_1_494' title='bbox 553 3519 906 3584; x_wconf 88' lang='lat' dir='ltr'><strong>ostenderis,</strong></span> <span class='ocrx_word' id='word_1_495' title='bbox 940 3519 1054 3575; x_wconf 90' lang='lat' dir='ltr'><strong>nisi</strong></span> <span class='ocrx_word' id='word_1_496' title='bbox 1085 3521 1389 3590; x_wconf 76' lang='lat' dir='ltr'><strong>signatum</strong></span> <span class='ocrx_word' id='word_1_497' title='bbox 1418 3521 1492 3577; x_wconf 92' lang='lat' dir='ltr'><strong>sit</strong></span> <span class='ocrx_word' id='word_1_498' title='bbox 1520 3538 1702 3594; x_wconf 87' lang='lat' dir='ltr'><strong>super</strong></span> <span class='ocrx_word' id='word_1_499' title='bbox 1743 3528 1798 3578; x_wconf 89' lang='lat' dir='ltr'><strong>te</strong></span> <span class='ocrx_word' id='word_1_500' title='bbox 1847 3522 2055 3578; x_wconf 90' lang='lat' dir='ltr'><strong>lumen</strong></span> <span class='ocrx_word' id='word_1_501' title='bbox 2085 3522 2211 3577; x_wconf 68' lang='lat' dir='ltr'><strong>vul~</strong></span> 
     </span>
    </p>
   </div>
   <div class='ocr_carea' id='block_1_69' title="bbox 555 3608 2207 3681">
    <p class='ocr_par' dir='ltr' id='par_1_69' title="bbox 555 3608 2207 3681">
     <span class='ocr_line' id='line_1_69' title="bbox 555 3608 2207 3681; baseline 0 -16"><span class='ocrx_word' id='word_1_502' title='bbox 555 3612 649 3665; x_wconf 89' lang='lat' dir='ltr'><strong>tus</strong></span> <span class='ocrx_word' id='word_1_503' title='bbox 679 3608 997 3664; x_wconf 63' lang='lat' dir='ltr'><strong>Domini“.</strong></span> <span class='ocrx_word' id='word_1_504' title='bbox 1052 3610 1368 3674; x_wconf 88' lang='lat' dir='ltr'><strong>Quomodo</strong></span> <span class='ocrx_word' id='word_1_505' title='bbox 1417 3611 1749 3667; x_wconf 88' lang='lat' dir='ltr'><strong>vindicabit</strong></span> <span class='ocrx_word' id='word_1_506' title='bbox 1799 3615 1851 3668; x_wconf 89' lang='lat' dir='ltr'><strong>te</strong></span> <span class='ocrx_word' id='word_1_507' title='bbox 1908 3611 2207 3681; x_wconf 82' lang='lat' dir='ltr'><strong>angelus?</strong></span> 
     </span>
    </p>
   </div>
   <div class='ocr_carea' id='block_1_70' title="bbox 555 3698 2207 3772">
    <p class='ocr_par' dir='ltr' id='par_1_70' title="bbox 555 3698 2207 3772">
     <span class='ocr_line' id='line_1_70' title="bbox 555 3698 2207 3772; baseline 0.002 -18"><span class='ocrx_word' id='word_1_508' title='bbox 555 3699 867 3771; x_wconf 88' lang='lat' dir='ltr'><strong>quomodo</strong></span> <span class='ocrx_word' id='word_1_509' title='bbox 897 3698 1105 3771; x_wconf 83' lang='lat' dir='ltr'><strong>eripiet</strong></span> <span class='ocrx_word' id='word_1_510' title='bbox 1128 3715 1199 3756; x_wconf 83' lang='lat' dir='ltr'><strong>ex</strong></span> <span class='ocrx_word' id='word_1_511' title='bbox 1229 3700 1522 3772; x_wconf 87' lang='lat' dir='ltr'><strong>hostibus,</strong></span> <span class='ocrx_word' id='word_1_512' title='bbox 1544 3701 1657 3757; x_wconf 90' lang='lat' dir='ltr'><strong>nisi</strong></span> <span class='ocrx_word' id='word_1_513' title='bbox 1679 3703 1994 3772; x_wconf 85' lang='lat' dir='ltr'><strong>agnoverit</strong></span> <span class='ocrx_word' id='word_1_514' title='bbox 2013 3701 2207 3772; x_wconf 79' lang='lat' dir='ltr'><strong>signa-</strong></span> 
     </span>
    </p>
   </div>
   <div class='ocr_carea' id='block_1_71' title="bbox 557 3788 2206 3858">
    <p class='ocr_par' dir='ltr' id='par_1_71' title="bbox 557 3788 2206 3858">
     <span class='ocr_line' id='line_1_71' title="bbox 557 3788 2206 3858; baseline 0.001 -13"><span class='ocrx_word' id='word_1_515' title='bbox 557 3788 808 3845; x_wconf 85' lang='lat' dir='ltr'><strong>culum?</strong></span> <span class='ocrx_word' id='word_1_516' title='bbox 863 3789 1182 3854; x_wconf 86' lang='lat' dir='ltr'><strong>Quomodo</strong></span> <span class='ocrx_word' id='word_1_517' title='bbox 1219 3789 1489 3846; x_wconf 88' lang='lat' dir='ltr'><strong>dicturus</strong></span> <span class='ocrx_word' id='word_1_518' title='bbox 1547 3806 1610 3846; x_wconf 90' lang='lat' dir='ltr'><strong>es</strong></span> <span class='ocrx_word' id='word_1_519' title='bbox 1661 3796 1744 3858; x_wconf 92' lang='lat' dir='ltr'><strong>tu,</strong></span> <span class='ocrx_word' id='word_1_520' title='bbox 1794 3791 1897 3847; x_wconf 91' lang='lat' dir='ltr'><strong>Dei</strong></span> <span class='ocrx_word' id='word_1_521' title='bbox 1950 3806 2107 3858; x_wconf 92' lang='lat' dir='ltr'><strong>sum,</strong></span> <span class='ocrx_word' id='word_1_522' title='bbox 2159 3789 2206 3846; x_wconf 92' lang='lat' dir='ltr'><strong>si</strong></span> 
     </span>
    </p>
   </div>
   <div class='ocr_carea' id='block_1_72' title="bbox 553 3879 2207 3947">
    <p class='ocr_par' dir='ltr' id='par_1_72' title="bbox 553 3879 2207 3947">
     <span class='ocr_line' id='line_1_72' title="bbox 553 3879 2207 3947; baseline 0.001 -13"><span class='ocrx_word' id='word_1_523' title='bbox 553 3882 730 3934; x_wconf 89' lang='lat' dir='ltr'><strong>notas</strong></span> <span class='ocrx_word' id='word_1_524' title='bbox 757 3893 830 3934; x_wconf 89' lang='lat' dir='ltr'><strong>ac</strong></span> <span class='ocrx_word' id='word_1_525' title='bbox 859 3879 1120 3947; x_wconf 85' lang='lat' dir='ltr'><strong>insignia</strong></span> <span class='ocrx_word' id='word_1_526' title='bbox 1149 3895 1274 3936; x_wconf 92' lang='lat' dir='ltr'><strong>non</strong></span> <span class='ocrx_word' id='word_1_527' title='bbox 1313 3880 1644 3936; x_wconf 81' lang='lat' dir='ltr'><strong>exhibeas?</strong></span> <span class='ocrx_word' id='word_1_528' title='bbox 1699 3881 2040 3938; x_wconf 86' lang='lat' dir='ltr'><strong>Thesaurus</strong></span> <span class='ocrx_word' id='word_1_529' title='bbox 2083 3895 2207 3936; x_wconf 92' lang='lat' dir='ltr'><strong>non</strong></span> 
     </span>
    </p>
   </div>
   <div class='ocr_carea' id='block_1_73' title="bbox 555 3966 2206 4042">
    <p class='ocr_par' dir='ltr' id='par_1_73' title="bbox 555 3966 2206 4042">
     <span class='ocr_line' id='line_1_73' title="bbox 555 3966 2206 4042; baseline 0.004 -20"><span class='ocrx_word' id='word_1_530' title='bbox 555 3966 909 4035; x_wconf 88' lang='lat' dir='ltr'><strong>obsignatus</strong></span> <span class='ocrx_word' id='word_1_531' title='bbox 929 3967 1120 4038; x_wconf 90' lang='lat' dir='ltr'><strong>deripi</strong></span> <span class='ocrx_word' id='word_1_532' title='bbox 1141 3983 1177 4023; x_wconf 91' lang='lat' dir='ltr'><strong>a</strong></span> <span class='ocrx_word' id='word_1_533' title='bbox 1197 3967 1430 4023; x_wconf 88' lang='lat' dir='ltr'><strong>furibus</strong></span> <span class='ocrx_word' id='word_1_534' title='bbox 1455 3969 1624 4027; x_wconf 88' lang='lat' dir='ltr'><strong>facile</strong></span> <span class='ocrx_word' id='word_1_535' title='bbox 1648 3974 1877 4042; x_wconf 85' lang='lat' dir='ltr'><strong>potest;</strong></span> <span class='ocrx_word' id='word_1_536' title='bbox 1911 3969 2005 4027; x_wconf 90' lang='lat' dir='ltr'><strong>ovi</strong></span> <span class='ocrx_word' id='word_1_537' title='bbox 2036 3970 2206 4041; x_wconf 88' lang='lat' dir='ltr'><strong>signo</strong></span> 
     </span>
    </p>
   </div>
   <div class='ocr_carea' id='block_1_74' title="bbox 553 4051 2206 4130">
    <p class='ocr_par' dir='ltr' id='par_1_74' title="bbox 553 4051 2206 4130">
     <span class='ocr_line' id='line_1_74' title="bbox 553 4051 2206 4130; baseline 0.004 -22"><span class='ocrx_word' id='word_1_538' title='bbox 553 4054 777 4109; x_wconf 89' lang='lat' dir='ltr'><strong>carenti</strong></span> <span class='ocrx_word' id='word_1_539' title='bbox 806 4058 932 4109; x_wconf 87' lang='lat' dir='ltr'><strong>tuto</strong></span> <span class='ocrx_word' id='word_1_540' title='bbox 960 4061 1268 4112; x_wconf 88' lang='lat' dir='ltr'><strong>struuntur</strong></span> <span class='ocrx_word' id='word_1_541' title='bbox 1294 4057 1547 4114; x_wconf 67' lang='lat' dir='ltr'><strong>insidiae.</strong></span> <span class='ocrx_word' id='word_1_542' title='bbox 1575 4059 1650 4127; x_wconf 78' lang='lat'><strong>(2)</strong></span> <span class='ocrx_word' id='word_1_543' title='bbox 1681 4051 1737 4113; x_wconf 92' lang='lat' dir='ltr'><strong>Si</strong></span> <span class='ocrx_word' id='word_1_544' title='bbox 1767 4059 1904 4130; x_wconf 87' lang='lat' dir='ltr'><strong>quis</strong></span> <span class='ocrx_word' id='word_1_545' title='bbox 1935 4059 2206 4115; x_wconf 90' lang='lat' dir='ltr'><strong>medicus</strong></span> 
     </span>
    </p>
   </div>
   <div class='ocr_carea' id='block_1_75' title="bbox 556 4142 2205 4218">
    <p class='ocr_par' dir='ltr' id='par_1_75' title="bbox 556 4142 2205 4218">
     <span class='ocr_line' id='line_1_75' title="bbox 556 4142 2205 4218; baseline 0.005 -22"><span class='ocrx_word' id='word_1_546' title='bbox 556 4142 924 4212; x_wconf 85' lang='lat' dir='ltr'><strong>promitteret</strong></span> <span class='ocrx_word' id='word_1_547' title='bbox 981 4142 1102 4211; x_wconf 83' lang='lat' dir='ltr'><strong>tibi,</strong></span> <span class='ocrx_word' id='word_1_548' title='bbox 1157 4159 1219 4200; x_wconf 91' lang='lat' dir='ltr'><strong>se</strong></span> <span class='ocrx_word' id='word_1_549' title='bbox 1277 4145 1508 4200; x_wconf 88' lang='lat' dir='ltr'><strong>artibus</strong></span> <span class='ocrx_word' id='word_1_550' title='bbox 1565 4147 1933 4218; x_wconf 83' lang='lat' dir='ltr'><strong>quibusdam</strong></span> <span class='ocrx_word' id='word_1_551' title='bbox 1982 4164 2055 4204; x_wconf 90' lang='lat' dir='ltr'><strong>ac</strong></span> <span class='ocrx_word' id='word_1_552' title='bbox 2111 4149 2205 4204; x_wconf 93' lang='lat' dir='ltr'><strong>in-</strong></span> 
     </span>
    </p>
   </div>
   <div class='ocr_carea' id='block_1_76' title="bbox 553 4229 2207 4304">
    <p class='ocr_par' dir='ltr' id='par_1_76' title="bbox 553 4229 2207 4304">
     <span class='ocr_line' id='line_1_76' title="bbox 553 4229 2207 4304; baseline 0.006 -21"><span class='ocrx_word' id='word_1_553' title='bbox 553 4229 783 4285; x_wconf 88' lang='lat' dir='ltr'><strong>dustria</strong></span> <span class='ocrx_word' id='word_1_554' title='bbox 803 4229 1089 4298; x_wconf 85' lang='lat' dir='ltr'><strong>juvenem</strong></span> <span class='ocrx_word' id='word_1_555' title='bbox 1120 4234 1174 4287; x_wconf 91' lang='lat' dir='ltr'><strong>te</strong></span> <span class='ocrx_word' id='word_1_556' title='bbox 1200 4246 1272 4287; x_wconf 80' lang='lat' dir='ltr'><strong>ex</strong></span> <span class='ocrx_word' id='word_1_557' title='bbox 1299 4247 1439 4288; x_wconf 89' lang='lat' dir='ltr'><strong>sene</strong></span> <span class='ocrx_word' id='word_1_558' title='bbox 1482 4234 1783 4291; x_wconf 87' lang='lat' dir='ltr'><strong>facturum</strong></span> <span class='ocrx_word' id='word_1_559' title='bbox 1823 4251 1974 4304; x_wconf 90' lang='lat' dir='ltr'><strong>esse,</strong></span> <span class='ocrx_word' id='word_1_560' title='bbox 2003 4252 2207 4293; x_wconf 91' lang='lat' dir='ltr'><strong>nonne</strong></span> 
     </span>
    </p>
   </div>
   <div class='ocr_carea' id='block_1_77' title="bbox 553 4317 2208 4397">
    <p class='ocr_par' dir='ltr' id='par_1_77' title="bbox 553 4317 2208 4397">
     <span class='ocr_line' id='line_1_77' title="bbox 553 4317 2208 4397; baseline 0.005 -25"><span class='ocrx_word' id='word_1_561' title='bbox 553 4317 928 4374; x_wconf 86' lang='lat' dir='ltr'><strong>desiderares</strong></span> <span class='ocrx_word' id='word_1_562' title='bbox 960 4318 1124 4376; x_wconf 90' lang='lat' dir='ltr'><strong>illam</strong></span> <span class='ocrx_word' id='word_1_563' title='bbox 1183 4321 1396 4377; x_wconf 90' lang='lat' dir='ltr'><strong>adesse</strong></span> <span class='ocrx_word' id='word_1_564' title='bbox 1443 4321 1624 4392; x_wconf 86' lang='lat' dir='ltr'><strong>diem,</strong></span> <span class='ocrx_word' id='word_1_565' title='bbox 1673 4323 1736 4379; x_wconf 90' lang='lat' dir='ltr'><strong>in</strong></span> <span class='ocrx_word' id='word_1_566' title='bbox 1774 4339 1897 4395; x_wconf 85' lang='lat' dir='ltr'><strong>qua</strong></span> <span class='ocrx_word' id='word_1_567' title='bbox 1951 4326 2208 4397; x_wconf 91' lang='lat' dir='ltr'><strong>teipsum</strong></span> 
     </span>
    </p>
   </div>
   <div class='ocr_carea' id='block_1_78' title="bbox 555 4408 2208 4481">
    <p class='ocr_par' dir='ltr' id='par_1_78' title="bbox 555 4408 2208 4481">
     <span class='ocr_line' id='line_1_78' title="bbox 555 4408 2208 4481; baseline 0.007 -20"><span class='ocrx_word' id='word_1_568' title='bbox 555 4408 794 4463; x_wconf 88' lang='lat' dir='ltr'><strong>visurus</strong></span> <span class='ocrx_word' id='word_1_569' title='bbox 817 4424 978 4464; x_wconf 88' lang='lat' dir='ltr'><strong>esses</strong></span> <span class='ocrx_word' id='word_1_570' title='bbox 993 4409 1072 4466; x_wconf 91' lang='lat' dir='ltr'><strong>ad</strong></span> <span class='ocrx_word' id='word_1_571' title='bbox 1088 4411 1279 4466; x_wconf 82' lang='lat' dir='ltr'><strong>aetatis</strong></span> <span class='ocrx_word' id='word_1_572' title='bbox 1294 4411 1557 4481; x_wconf 86' lang='lat' dir='ltr'><strong>vigorem</strong></span> <span class='ocrx_word' id='word_1_573' title='bbox 1569 4428 1873 4470; x_wconf 89' lang='lat' dir='ltr'><strong>reversum</strong></span> <span class='ocrx_word' id='word_1_574' title='bbox 1888 4417 1914 4470; x_wconf 70' lang='grc' dir='ltr'><strong>ἒ)</strong></span> <span class='ocrx_word' id='word_1_575' title='bbox 1931 4415 2046 4471; x_wconf 88' lang='lat' dir='ltr'><strong>Sed</strong></span> <span class='ocrx_word' id='word_1_576' title='bbox 2067 4431 2208 4472; x_wconf 92' lang='lat' dir='ltr'><strong>cum</strong></span> 
     </span>
    </p>
   </div>
   <div class='ocr_carea' id='block_1_79' title="bbox 557 4498 2208 4574">
    <p class='ocr_par' dir='ltr' id='par_1_79' title="bbox 557 4498 2208 4574">
     <span class='ocr_line' id='line_1_79' title="bbox 557 4498 2208 4574; baseline 0.007 -22"><span class='ocrx_word' id='word_1_577' title='bbox 557 4498 907 4568; x_wconf 65' lang='lat' dir='ltr'><strong>paenitentia</strong></span> <span class='ocrx_word' id='word_1_578' title='bbox 945 4499 1241 4556; x_wconf 83' lang='lat' dir='ltr'><strong>facturam</strong></span> <span class='ocrx_word' id='word_1_579' title='bbox 1271 4516 1333 4556; x_wconf 91' lang='lat' dir='ltr'><strong>se</strong></span> <span class='ocrx_word' id='word_1_580' title='bbox 1365 4503 1623 4573; x_wconf 88' lang='lat' dir='ltr'><strong>spondet</strong></span> <span class='ocrx_word' id='word_1_581' title='bbox 1667 4519 1737 4559; x_wconf 88' lang='lat' dir='ltr'><strong>ac</strong></span> <span class='ocrx_word' id='word_1_582' title='bbox 1783 4503 2115 4574; x_wconf 86' lang='lat' dir='ltr'><strong>pollicetur,</strong></span> <span class='ocrx_word' id='word_1_583' title='bbox 2144 4511 2208 4564; x_wconf 89' lang='lat' dir='ltr'><strong>ut</strong></span> 
     </span>
    </p>
   </div>
   <div class='ocr_carea' id='block_1_80' title="bbox 560 4586 2207 4666">
    <p class='ocr_par' dir='ltr' id='par_1_80' title="bbox 560 4586 2207 4666">
     <span class='ocr_line' id='line_1_80' title="bbox 560 4586 2207 4666; baseline 0.005 -24"><span class='ocrx_word' id='word_1_584' title='bbox 560 4586 764 4642; x_wconf 87' lang='lat' dir='ltr'><strong>anima</strong></span> <span class='ocrx_word' id='word_1_585' title='bbox 797 4590 900 4643; x_wconf 89' lang='lat' dir='ltr'><strong>tua</strong></span> <span class='ocrx_word' id='word_1_586' title='bbox 921 4603 1107 4659; x_wconf 87' lang='lat' dir='ltr'><strong>quam</strong></span> <span class='ocrx_word' id='word_1_587' title='bbox 1129 4593 1419 4646; x_wconf 88' lang='lat' dir='ltr'><strong>vetustate</strong></span> <span class='ocrx_word' id='word_1_588' title='bbox 1439 4591 1766 4660; x_wconf 86' lang='lat' dir='ltr'><strong>confecisti,</strong></span> <span class='ocrx_word' id='word_1_589' title='bbox 1796 4608 1865 4648; x_wconf 87' lang='lat' dir='ltr'><strong>ac</strong></span> <span class='ocrx_word' id='word_1_590' title='bbox 1886 4593 2207 4666; x_wconf 88' lang='lat' dir='ltr'><strong>iniquitati-</strong></span> 
     </span>
    </p>
   </div>
   <div class='ocr_carea' id='block_1_81' title="bbox 559 4673 2204 4755">
    <p class='ocr_par' dir='ltr' id='par_1_81' title="bbox 559 4673 2204 4755">
     <span class='ocr_line' id='line_1_81' title="bbox 559 4673 2204 4755; baseline 0.008 -29"><span class='ocrx_word' id='word_1_591' title='bbox 559 4673 667 4728; x_wconf 87' lang='lat' dir='ltr'><strong>bus</strong></span> <span class='ocrx_word' id='word_1_592' title='bbox 693 4689 980 4744; x_wconf 81' lang='lat' dir='ltr'><strong>rugosam</strong></span> <span class='ocrx_word' id='word_1_593' title='bbox 1010 4678 1506 4751; x_wconf 89' lang='lat' dir='ltr'><strong>maculosamque</strong></span> <span class='ocrx_word' id='word_1_594' title='bbox 1543 4681 1877 4750; x_wconf 89' lang='lat' dir='ltr'><strong>reddidisti,</strong></span> <span class='ocrx_word' id='word_1_595' title='bbox 1903 4683 1980 4738; x_wconf 90' lang='lat' dir='ltr'><strong>ad</strong></span> <span class='ocrx_word' id='word_1_596' title='bbox 2012 4683 2204 4755; x_wconf 88' lang='lat' dir='ltr'><strong>pristi-</strong></span> 
     </span>
    </p>
   </div>
   <div class='ocr_carea' id='block_1_82' title="bbox 556 4763 2207 4840">
    <p class='ocr_par' dir='ltr' id='par_1_82' title="bbox 556 4763 2207 4840">
     <span class='ocr_line' id='line_1_82' title="bbox 556 4763 2207 4840; baseline 0.006 -21"><span class='ocrx_word' id='word_1_597' title='bbox 556 4778 705 4819; x_wconf 89' lang='lat' dir='ltr'><strong>num</strong></span> <span class='ocrx_word' id='word_1_598' title='bbox 725 4763 932 4820; x_wconf 80' lang='lat' dir='ltr'><strong>ﬂorem</strong></span> <span class='ocrx_word' id='word_1_599' title='bbox 955 4766 1194 4832; x_wconf 89' lang='lat' dir='ltr'><strong>redeat;</strong></span> <span class='ocrx_word' id='word_1_600' title='bbox 1227 4769 1565 4840; x_wconf 88' lang='lat' dir='ltr'><strong>aspernaris</strong></span> <span class='ocrx_word' id='word_1_601' title='bbox 1586 4770 2081 4838; x_wconf 86' lang='lat' dir='ltr'><strong>benefacientem,</strong></span> <span class='ocrx_word' id='word_1_602' title='bbox 2097 4789 2207 4829; x_wconf 92' lang='lat' dir='ltr'><strong>nee</strong></span> 
     </span>
    </p>
   </div>
   <div class='ocr_carea' id='block_1_83' title="bbox 555 4853 2207 4933">
    <p class='ocr_par' dir='ltr' id='par_1_83' title="bbox 555 4853 2207 4933">
     <span class='ocr_line' id='line_1_83' title="bbox 555 4853 2207 4933; baseline 0.007 -25"><span class='ocrx_word' id='word_1_603' title='bbox 555 4853 817 4909; x_wconf 88' lang='lat' dir='ltr'><strong>accurris</strong></span> <span class='ocrx_word' id='word_1_604' title='bbox 868 4855 946 4910; x_wconf 89' lang='lat' dir='ltr'><strong>ad</strong></span> <span class='ocrx_word' id='word_1_605' title='bbox 994 4858 1477 4928; x_wconf 89' lang='lat' dir='ltr'><strong>promissionem.</strong></span> <span class='ocrx_word' id='word_1_606' title='bbox 1533 4862 1694 4917; x_wconf 86' lang='lat' dir='ltr'><strong>Itane</strong></span> <span class='ocrx_word' id='word_1_607' title='bbox 1743 4878 1883 4919; x_wconf 85' lang='lat' dir='ltr'><strong>vero</strong></span> <span class='ocrx_word' id='word_1_608' title='bbox 1913 4879 2207 4933; x_wconf 86' lang='lat' dir='ltr'><strong>magnum</strong></span> 
     </span>
    </p>
   </div>
   <div class='ocr_carea' id='block_1_84' title="bbox 551 4940 2208 5025">
    <p class='ocr_par' dir='ltr' id='par_1_84' title="bbox 551 4940 2208 5025">
     <span class='ocr_line' id='line_1_84' title="bbox 551 4940 2208 5025; baseline 0.008 -29"><span class='ocrx_word' id='word_1_609' title='bbox 551 4940 997 5012; x_wconf 87' lang='lat' dir='ltr'><strong>pollicitationis</strong></span> <span class='ocrx_word' id='word_1_610' title='bbox 1027 4945 1387 5003; x_wconf 81' lang='lat' dir='ltr'><strong>miraculum</strong></span> <span class='ocrx_word' id='word_1_611' title='bbox 1417 4949 1613 5006; x_wconf 86' lang='lat' dir='ltr'><strong>videre</strong></span> <span class='ocrx_word' id='word_1_612' title='bbox 1655 4967 1778 5008; x_wconf 92' lang='lat' dir='ltr'><strong>non</strong></span> <span class='ocrx_word' id='word_1_613' title='bbox 1823 4952 2030 5025; x_wconf 86' lang='lat' dir='ltr'><strong>cupis?</strong></span> <span class='ocrx_word' id='word_1_614' title='bbox 2056 4968 2208 5024; x_wconf 87' lang='lat' dir='ltr'><strong>quo-</strong></span> 
     </span>
    </p>
   </div>
   <div class='ocr_carea' id='block_1_85' title="bbox 551 5030 2206 5112">
    <p class='ocr_par' dir='ltr' id='par_1_85' title="bbox 551 5030 2206 5112">
     <span class='ocr_line' id='line_1_85' title="bbox 551 5030 2206 5112; baseline 0.008 -27"><span class='ocrx_word' id='word_1_615' title='bbox 551 5030 736 5086; x_wconf 91' lang='lat' dir='ltr'><strong>modo</strong></span> <span class='ocrx_word' id='word_1_616' title='bbox 764 5031 890 5088; x_wconf 89' lang='lat' dir='ltr'><strong>sine</strong></span> <span class='ocrx_word' id='word_1_617' title='bbox 923 5036 1115 5090; x_wconf 88' lang='lat' dir='ltr'><strong>matre</strong></span> <span class='ocrx_word' id='word_1_618' title='bbox 1137 5041 1520 5106; x_wconf 88' lang='lat' dir='ltr'><strong>regeneretur</strong></span> <span class='ocrx_word' id='word_1_619' title='bbox 1541 5039 1724 5096; x_wconf 89' lang='lat' dir='ltr'><strong>homo</strong></span> <span class='ocrx_word' id='word_1_620' title='bbox 1743 5041 1770 5095; x_wconf 90' lang='lat'><strong>?</strong></span> <span class='ocrx_word' id='word_1_621' title='bbox 1785 5041 2096 5112; x_wconf 88' lang='lat' dir='ltr'><strong>quomodo</strong></span> <span class='ocrx_word' id='word_1_622' title='bbox 2123 5043 2206 5098; x_wconf 89' lang='lat' dir='ltr'><strong>in-</strong></span> 
     </span>
    </p>
   </div>
   <div class='ocr_carea' id='block_1_86' title="bbox 552 5123 2210 5201">
    <p class='ocr_par' dir='ltr' id='par_1_86' title="bbox 552 5123 2210 5201">
     <span class='ocr_line' id='line_1_86' title="bbox 552 5123 2210 5201; baseline 0.01 -28"><span class='ocrx_word' id='word_1_623' title='bbox 552 5123 849 5176; x_wconf 88' lang='lat' dir='ltr'><strong>veteratus</strong></span> <span class='ocrx_word' id='word_1_624' title='bbox 909 5124 966 5177; x_wconf 92' lang='lat' dir='ltr'><strong>et</strong></span> <span class='ocrx_word' id='word_1_625' title='bbox 1012 5124 1228 5178; x_wconf 89' lang='lat' dir='ltr'><strong>erroris</strong></span> <span class='ocrx_word' id='word_1_626' title='bbox 1268 5124 1582 5182; x_wconf 89' lang='lat' dir='ltr'><strong>desideriis</strong></span> <span class='ocrx_word' id='word_1_627' title='bbox 1641 5133 1982 5201; x_wconf 89' lang='lat' dir='ltr'><strong>corruptus,</strong></span> <span class='ocrx_word' id='word_1_628' title='bbox 2013 5130 2210 5201; x_wconf 83' lang='lat' dir='ltr'><strong>vigeat</strong></span> 
     </span>
    </p>
   </div>
   <div class='ocr_carea' id='block_1_87' title="bbox 553 5209 2211 5291">
    <p class='ocr_par' dir='ltr' id='par_1_87' title="bbox 553 5209 2211 5291">
     <span class='ocr_line' id='line_1_87' title="bbox 553 5209 2211 5291; baseline 0.007 -25"><span class='ocrx_word' id='word_1_629' title='bbox 553 5223 785 5276; x_wconf 89' lang='lat' dir='ltr'><strong>rursus,</strong></span> <span class='ocrx_word' id='word_1_630' title='bbox 824 5209 1305 5284; x_wconf 89' lang='lat' dir='ltr'><strong>repubescatque</strong></span> <span class='ocrx_word' id='word_1_631' title='bbox 1365 5218 1422 5271; x_wconf 92' lang='lat' dir='ltr'><strong>et</strong></span> <span class='ocrx_word' id='word_1_632' title='bbox 1485 5216 1566 5273; x_wconf 88' lang='lat' dir='ltr'><strong>ad</strong></span> <span class='ocrx_word' id='word_1_633' title='bbox 1613 5231 1828 5274; x_wconf 89' lang='lat' dir='ltr'><strong>verum</strong></span> <span class='ocrx_word' id='word_1_634' title='bbox 1877 5218 2211 5291; x_wconf 87' lang='lat' dir='ltr'><strong>juventutis</strong></span> 
     </span>
    </p>
   </div>
   <div class='ocr_carea' id='block_1_88' title="bbox 633 5335 1581 5410">
    <p class='ocr_par' dir='ltr' id='par_1_88' title="bbox 633 5335 1581 5410">
     <span class='ocr_line' id='line_1_88' title="bbox 633 5335 1581 5410; baseline 0.005 -19"><span class='ocrx_word' id='word_1_635' title='bbox 633 5335 678 5369; x_wconf 73' lang='grc' dir='ltr'><strong>δδ</strong></span> <span class='ocrx_word' id='word_1_636' title='bbox 703 5337 870 5392; x_wconf 82' lang='lat' dir='ltr'><strong>Rom.</strong></span> <span class='ocrx_word' id='word_1_637' title='bbox 903 5353 956 5408; x_wconf 74' lang='grc' dir='ltr'>γ,</span> <span class='ocrx_word' id='word_1_638' title='bbox 990 5340 1077 5394; x_wconf 83' lang='lat'><strong>20.</strong></span> <span class='ocrx_word' id='word_1_639' title='bbox 1156 5339 1202 5374; x_wconf 67' lang='grc'><strong>⁸⁸</strong></span> <span class='ocrx_word' id='word_1_640' title='bbox 1237 5337 1390 5396; x_wconf 82' lang='lat' dir='ltr'><strong>Psa].</strong></span> <span class='ocrx_word' id='word_1_641' title='bbox 1417 5355 1495 5410; x_wconf 77' lang='lat' dir='ltr'><strong>vr,</strong></span> <span class='ocrx_word' id='word_1_642' title='bbox 1530 5346 1581 5396; x_wconf 86' lang='lat'><strong>7.</strong></span> 
     </span>
    </p>
   </div>
   <div class='ocr_carea' id='block_1_89' title="bbox 639 5475 1996 5615">
    <p class='ocr_par' dir='ltr' id='par_1_89' title="bbox 639 5475 1996 5615">
     <span class='ocr_line' id='line_1_89' title="bbox 639 5475 1996 5615; baseline 0.007 -78"><span class='ocrx_word' id='word_1_643' title='bbox 639 5475 713 5615; x_wconf 46' lang='grc' dir='ltr'><strong>ξέέ</strong></span> <span class='ocrx_word' id='word_1_644' title='bbox 739 5479 1108 5609; x_wconf 53' lang='grc' dir='ltr'><strong>Ιιὲῗάιιοωϋὶα</strong></span> <span class='ocrx_word' id='word_1_645' title='bbox 1135 5481 1196 5539; x_wconf 81' lang='lat' dir='ltr'><strong>in</strong></span> <span class='ocrx_word' id='word_1_646' title='bbox 1227 5489 1500 5543; x_wconf 83' lang='lat' dir='ltr'><strong>sanctum</strong></span> <span class='ocrx_word' id='word_1_647' title='bbox 1535 5485 1845 5558; x_wconf 74' lang='lat' dir='ltr'><strong>baptisma,</strong></span> <span class='ocrx_word' id='word_1_648' title='bbox 1877 5494 1996 5546; x_wconf 79' lang='grc'><strong>117.</strong></span> 
     </span>
    </p>
   </div>
   <div class='ocr_carea' id='block_1_90' title="bbox 2315 3157 3861 3240">
    <p class='ocr_par' dir='ltr' id='par_1_90' title="bbox 2315 3157 3861 3240">
     <span class='ocr_line' id='line_1_90' title="bbox 2315 3157 3861 3240; baseline 0.002 -25"><span class='ocrx_word' id='word_1_649' title='bbox 2315 3167 2438 3224; x_wconf 77' lang='grc' dir='ltr'>τοὺς</span> <span class='ocrx_word' id='word_1_650' title='bbox 2469 3157 2827 3234; x_wconf 75' lang='grc' dir='ltr'>διανέμουσιν,</span> <span class='ocrx_word' id='word_1_651' title='bbox 2884 3164 2968 3214; x_wconf 87' lang='grc' dir='ltr'><strong>ἱνα</strong></span> <span class='ocrx_word' id='word_1_652' title='bbox 3013 3168 3103 3216; x_wconf 77' lang='grc' dir='ltr'><strong>καὶ</strong></span> <span class='ocrx_word' id='word_1_653' title='bbox 3150 3165 3199 3216; x_wconf 81' lang='grc' dir='ltr'><strong>οἱ</strong></span> <span class='ocrx_word' id='word_1_654' title='bbox 3255 3163 3398 3236; x_wconf 75' lang='grc' dir='ltr'>φίλοι</span> <span class='ocrx_word' id='word_1_655' title='bbox 3443 3161 3634 3240; x_wconf 77' lang='grc' dir='ltr'>ῥαδίως</span> <span class='ocrx_word' id='word_1_656' title='bbox 3663 3159 3861 3219; x_wconf 68' lang='grc' dir='ltr'>ἀλλήλους</span> 
     </span>
    </p>
   </div>
   <div class='ocr_carea' id='block_1_91' title="bbox 2316 3249 3862 3324">
    <p class='ocr_par' dir='ltr' id='par_1_91' title="bbox 2316 3249 3862 3324">
     <span class='ocr_line' id='line_1_91' title="bbox 2316 3249 3862 3324; baseline -0.004 -21"><span class='ocrx_word' id='word_1_657' title='bbox 2316 3249 2674 3303; x_wconf 82' lang='grc' dir='ltr'>ἀνακαλῶνται</span> <span class='ocrx_word' id='word_1_658' title='bbox 2703 3293 2721 3317; x_wconf 84' lang='grc'><strong>,</strong></span> <span class='ocrx_word' id='word_1_659' title='bbox 2787 3255 2876 3304; x_wconf 81' lang='grc' dir='ltr'><strong>καὶ</strong></span> <span class='ocrx_word' id='word_1_660' title='bbox 2942 3255 3072 3324; x_wconf 84' lang='grc' dir='ltr'>πρὸς</span> <span class='ocrx_word' id='word_1_661' title='bbox 3127 3256 3247 3315; x_wconf 78' lang='grc' dir='ltr'>τοὺς</span> <span class='ocrx_word' id='word_1_662' title='bbox 3333 3251 3590 3315; x_wconf 81' lang='grc' dir='ltr'>ἐναντίους</span> <span class='ocrx_word' id='word_1_663' title='bbox 3647 3251 3723 3303; x_wconf 68' lang='grc' dir='ltr'><strong>ἐὰν</strong></span> <span class='ocrx_word' id='word_1_664' title='bbox 3775 3255 3862 3306; x_wconf 77' lang='grc' dir='ltr'>ταῖς</span> 
     </span>
    </p>
   </div>
   <div class='ocr_carea' id='block_1_92' title="bbox 2319 3338 3862 3415">
    <p class='ocr_par' dir='ltr' id='par_1_92' title="bbox 2319 3338 3862 3415">
     <span class='ocr_line' id='line_1_92' title="bbox 2319 3338 3862 3415; baseline -0.003 -22"><span class='ocrx_word' id='word_1_665' title='bbox 2319 3341 2644 3413; x_wconf 82' lang='grc' dir='ltr'>συμπλοκαῖς</span> <span class='ocrx_word' id='word_1_666' title='bbox 2712 3339 3103 3413; x_wconf 82' lang='grc' dir='ltr'>ἀναμιχθῶσιν,</span> <span class='ocrx_word' id='word_1_667' title='bbox 3167 3342 3413 3415; x_wconf 75' lang='grc' dir='ltr'>εὐκρινης</span> <span class='ocrx_word' id='word_1_668' title='bbox 3473 3338 3684 3399; x_wconf 78' lang='grc' dir='ltr'>δύνηται</span> <span class='ocrx_word' id='word_1_669' title='bbox 3737 3340 3862 3406; x_wconf 76' lang='grc' dir='ltr'>ὑπάρ-</span> 
     </span>
    </p>
   </div>
   <div class='ocr_carea' id='block_1_93' title="bbox 2317 3427 3860 3503">
    <p class='ocr_par' dir='ltr' id='par_1_93' title="bbox 2317 3427 3860 3503">
     <span class='ocr_line' id='line_1_93' title="bbox 2317 3427 3860 3503; baseline 0.003 -21"><span class='ocrx_word' id='word_1_670' title='bbox 2317 3451 2433 3503; x_wconf 85' lang='grc' dir='ltr'>χειν</span> <span class='ocrx_word' id='word_1_671' title='bbox 2490 3432 2516 3483; x_wconf 87' lang='grc' dir='ltr'><strong>ὀ</strong></span> <span class='ocrx_word' id='word_1_672' title='bbox 2574 3435 2874 3503; x_wconf 85' lang='grc' dir='ltr'>χωρισμός.</span> <span class='ocrx_word' id='word_1_673' title='bbox 2931 3427 3124 3492; x_wconf 74' lang='grc' dir='ltr'><strong>Οὐδεὶς</strong></span> <span class='ocrx_word' id='word_1_674' title='bbox 3161 3430 3511 3503; x_wconf 73' lang='grc' dir='ltr'>ἐπιγνώσεται</span> <span class='ocrx_word' id='word_1_675' title='bbox 3577 3451 3648 3502; x_wconf 83' lang='grc' dir='ltr'><strong>σε,</strong></span> <span class='ocrx_word' id='word_1_676' title='bbox 3693 3431 3730 3483; x_wconf 82' lang='grc' dir='ltr'>εἰ</span> <span class='ocrx_word' id='word_1_677' title='bbox 3762 3431 3860 3499; x_wconf 67' lang='grc' dir='ltr'><strong>ἠμέ-</strong></span> 
     </span>
    </p>
   </div>
   <div class='ocr_carea' id='block_1_94' title="bbox 2318 3518 3859 3594">
    <p class='ocr_par' dir='ltr' id='par_1_94' title="bbox 2318 3518 3859 3594">
     <span class='ocr_line' id='line_1_94' title="bbox 2318 3518 3859 3594; baseline -0.004 -22"><span class='ocrx_word' id='word_1_678' title='bbox 2318 3539 2462 3592; x_wconf 86' lang='grc' dir='ltr'>τερος</span> <span class='ocrx_word' id='word_1_679' title='bbox 2493 3518 2556 3588; x_wconf 85' lang='grc' dir='ltr'>εἶ,</span> <span class='ocrx_word' id='word_1_680' title='bbox 2617 3521 2646 3578; x_wconf 76' lang='grc' dir='ltr'><em>ἦ</em></span> <span class='ocrx_word' id='word_1_681' title='bbox 2706 3528 2805 3571; x_wconf 77' lang='grc' dir='ltr'>τῶν</span> <span class='ocrx_word' id='word_1_682' title='bbox 2836 3521 3170 3587; x_wconf 77' lang='grc' dir='ltr'>ὑπεναντίων,</span> <span class='ocrx_word' id='word_1_683' title='bbox 3225 3519 3313 3572; x_wconf 72' lang='grc' dir='ltr'>ἐὰν</span> <span class='ocrx_word' id='word_1_684' title='bbox 3377 3527 3448 3594; x_wconf 79' lang='grc' dir='ltr'>μὴ</span> <span class='ocrx_word' id='word_1_685' title='bbox 3490 3529 3592 3582; x_wconf 87' lang='grc' dir='ltr'>τοῖς</span> <span class='ocrx_word' id='word_1_686' title='bbox 3635 3524 3859 3592; x_wconf 73' lang='grc' dir='ltr'>μυστικοῖς</span> 
     </span>
    </p>
   </div>
   <div class='ocr_carea' id='block_1_95' title="bbox 2321 3609 3856 3684">
    <p class='ocr_par' dir='ltr' id='par_1_95' title="bbox 2321 3609 3856 3684">
     <span class='ocr_line' id='line_1_95' title="bbox 2321 3609 3856 3684; baseline -0.003 -22"><span class='ocrx_word' id='word_1_687' title='bbox 2321 3609 2597 3681; x_wconf 71' lang='grc' dir='ltr'>συμϐολοις</span> <span class='ocrx_word' id='word_1_688' title='bbox 2627 3613 2883 3683; x_wconf 70' lang='grc' dir='ltr'>παράσχῃ</span> <span class='ocrx_word' id='word_1_689' title='bbox 2915 3615 3008 3667; x_wconf 82' lang='grc' dir='ltr'><strong>την</strong></span> <span class='ocrx_word' id='word_1_690' title='bbox 3037 3609 3357 3681; x_wconf 80' lang='grc' dir='ltr'>οἰκειότητα,</span> <span class='ocrx_word' id='word_1_691' title='bbox 3392 3612 3478 3664; x_wconf 73' lang='grc' dir='ltr'><strong>ἐὰν</strong></span> <span class='ocrx_word' id='word_1_692' title='bbox 3524 3617 3593 3684; x_wconf 82' lang='grc' dir='ltr'>μὴ</span> <span class='ocrx_word' id='word_1_693' title='bbox 3642 3609 3856 3681; x_wconf 68' lang='grc' dir='ltr'>σημειωθῇ</span> 
     </span>
    </p>
   </div>
   <div class='ocr_carea' id='block_1_96' title="bbox 2319 3695 3860 3773">
    <p class='ocr_par' dir='ltr' id='par_1_96' title="bbox 2319 3695 3860 3773">
     <span class='ocr_line' id='line_1_96' title="bbox 2319 3695 3860 3773; baseline 0.005 -23"><span class='ocrx_word' id='word_1_694' title='bbox 2319 3697 2403 3750; x_wconf 79' lang='grc' dir='ltr'><strong>ἐπὶ</strong></span> <span class='ocrx_word' id='word_1_695' title='bbox 2472 3701 2528 3750; x_wconf 81' lang='grc' dir='ltr'>σε</span> <span class='ocrx_word' id='word_1_696' title='bbox 2589 3702 2646 3749; x_wconf 80' lang='grc' dir='ltr'>τὸ</span> <span class='ocrx_word' id='word_1_697' title='bbox 2696 3707 2799 3770; x_wconf 65' lang='grc' dir='ltr'><strong>φῶς</strong></span> <span class='ocrx_word' id='word_1_698' title='bbox 2864 3706 2956 3750; x_wconf 75' lang='grc' dir='ltr'><strong>του</strong></span> <span class='ocrx_word' id='word_1_699' title='bbox 3014 3705 3296 3771; x_wconf 77' lang='grc' dir='ltr'>προσώπου</span> <span class='ocrx_word' id='word_1_700' title='bbox 3344 3705 3556 3773; x_wconf 83' lang='grc' dir='ltr'>Κυρίου.</span> <span class='ocrx_word' id='word_1_701' title='bbox 3611 3706 3711 3757; x_wconf 73' lang='grc' dir='ltr'><strong>Πῶς</strong></span> <span class='ocrx_word' id='word_1_702' title='bbox 3755 3695 3860 3746; x_wconf 61' lang='grc' dir='ltr'><strong>ὅστε·</strong></span> 
     </span>
    </p>
   </div>
   <div class='ocr_carea' id='block_1_97' title="bbox 2316 3785 3856 3861">
    <p class='ocr_par' dir='ltr' id='par_1_97' title="bbox 2316 3785 3856 3861">
     <span class='ocr_line' id='line_1_97' title="bbox 2316 3785 3856 3861; baseline 0.003 -24"><span class='ocrx_word' id='word_1_703' title='bbox 2316 3789 2511 3858; x_wconf 71' lang='grc' dir='ltr'>ποιηθῇ</span> <span class='ocrx_word' id='word_1_704' title='bbox 2563 3806 2658 3839; x_wconf 88' lang='grc' dir='ltr'><strong>σου</strong></span> <span class='ocrx_word' id='word_1_705' title='bbox 2698 3789 2724 3838; x_wconf 85' lang='grc' dir='ltr'><strong><em>ὁ</em></strong></span> <span class='ocrx_word' id='word_1_706' title='bbox 2756 3787 2970 3860; x_wconf 81' lang='grc' dir='ltr'>οἱγγελος</span> <span class='ocrx_word' id='word_1_707' title='bbox 2997 3805 3011 3854; x_wconf 76' lang='grc' dir='ltr'>ς</span> <span class='ocrx_word' id='word_1_708' title='bbox 3043 3797 3152 3850; x_wconf 83' lang='grc' dir='ltr'>πῶς</span> <span class='ocrx_word' id='word_1_709' title='bbox 3199 3785 3258 3842; x_wconf 74' lang='grc' dir='ltr'>δι</span> <span class='ocrx_word' id='word_1_710' title='bbox 3315 3788 3563 3861; x_wconf 76' lang='grc' dir='ltr'>ἀφέληται</span> <span class='ocrx_word' id='word_1_711' title='bbox 3591 3793 3670 3842; x_wconf 83' lang='grc' dir='ltr'><strong>τον</strong></span> <span class='ocrx_word' id='word_1_712' title='bbox 3693 3787 3856 3858; x_wconf 67' lang='grc' dir='ltr'>ἐχθρὸν.</span> 
     </span>
    </p>
   </div>
   <div class='ocr_carea' id='block_1_98' title="bbox 2317 3875 3858 3950">
    <p class='ocr_par' dir='ltr' id='par_1_98' title="bbox 2317 3875 3858 3950">
     <span class='ocr_line' id='line_1_98' title="bbox 2317 3875 3858 3950; baseline -0.001 -23"><span class='ocrx_word' id='word_1_713' title='bbox 2317 3876 2402 3928; x_wconf 69' lang='grc' dir='ltr'><strong>ἐὰν</strong></span> <span class='ocrx_word' id='word_1_714' title='bbox 2465 3882 2535 3949; x_wconf 71' lang='grc' dir='ltr'>μὴ</span> <span class='ocrx_word' id='word_1_715' title='bbox 2605 3876 2795 3947; x_wconf 74' lang='grc' dir='ltr'>ἐπιγνῷ</span> <span class='ocrx_word' id='word_1_716' title='bbox 2855 3882 2948 3935; x_wconf 74' lang='grc' dir='ltr'>τὴν</span> <span class='ocrx_word' id='word_1_717' title='bbox 3018 3875 3323 3950; x_wconf 72' lang='grc' dir='ltr'>σφραγίόας</span> <span class='ocrx_word' id='word_1_718' title='bbox 3374 3887 3484 3940; x_wconf 78' lang='grc' dir='ltr'><strong>Πῶς</strong></span> <span class='ocrx_word' id='word_1_719' title='bbox 3544 3875 3600 3931; x_wconf 75' lang='grc' dir='ltr'>δι</span> <span class='ocrx_word' id='word_1_720' title='bbox 3662 3879 3858 3945; x_wconf 51' lang='grc' dir='ltr'>συειοεῑς.</span> 
     </span>
    </p>
   </div>
   <div class='ocr_carea' id='block_1_99' title="bbox 2315 3965 3859 4041">
    <p class='ocr_par' dir='ltr' id='par_1_99' title="bbox 2315 3965 3859 4041">
     <span class='ocr_line' id='line_1_99' title="bbox 2315 3965 3859 4041; baseline -0.003 -23"><span class='ocrx_word' id='word_1_721' title='bbox 2315 3972 2418 4018; x_wconf 77' lang='grc' dir='ltr'><strong>Τοῦ</strong></span> <span class='ocrx_word' id='word_1_722' title='bbox 2485 3973 2618 4017; x_wconf 76' lang='grc' dir='ltr'>Θεοῦ</span> <span class='ocrx_word' id='word_1_723' title='bbox 2678 3966 2804 4038; x_wconf 81' lang='grc' dir='ltr'>εἰμὶ,</span> <span class='ocrx_word' id='word_1_724' title='bbox 2875 3971 2946 4038; x_wconf 75' lang='grc' dir='ltr'>μὴ</span> <span class='ocrx_word' id='word_1_725' title='bbox 3016 3965 3372 4041; x_wconf 77' lang='grc' dir='ltr'>ἐπιφερόμενος</span> <span class='ocrx_word' id='word_1_726' title='bbox 3434 3971 3497 4020; x_wconf 81' lang='grc' dir='ltr'>τὰ</span> <span class='ocrx_word' id='word_1_727' title='bbox 3541 3971 3859 4041; x_wconf 50' lang='lat' dir='ltr'><strong>propicium;</strong></span> 
     </span>
    </p>
   </div>
   <div class='ocr_carea' id='block_1_100' title="bbox 2317 4054 3854 4131">
    <p class='ocr_par' dir='ltr' id='par_1_100' title="bbox 2317 4054 3854 4131">
     <span class='ocr_line' id='line_1_100' title="bbox 2317 4054 3854 4131; baseline -0.01 -10"><span class='ocrx_word' id='word_1_728' title='bbox 2317 4054 2706 4129; x_wconf 75' lang='grc' dir='ltr'>Ἀσφράγιστος</span> <span class='ocrx_word' id='word_1_729' title='bbox 2810 4057 3077 4127; x_wconf 74' lang='grc' dir='ltr'>θησαυρὸς</span> <span class='ocrx_word' id='word_1_730' title='bbox 3168 4055 3562 4131; x_wconf 70' lang='grc' dir='ltr'>εὐεπιχείρητος</span> <span class='ocrx_word' id='word_1_731' title='bbox 3630 4055 3854 4106; x_wconf 73' lang='grc' dir='ltr'>κλέπταις·</span> 
     </span>
    </p>
   </div>
   <div class='ocr_carea' id='block_1_101' title="bbox 2316 4139 3856 4217">
    <p class='ocr_par' dir='ltr' id='par_1_101' title="bbox 2316 4139 3856 4217">
     <span class='ocr_line' id='line_1_101' title="bbox 2316 4139 3856 4217; baseline -0.003 -22"><span class='ocrx_word' id='word_1_732' title='bbox 2316 4143 2573 4217; x_wconf 60' lang='grc' dir='ltr'>πρόϐατον</span> <span class='ocrx_word' id='word_1_733' title='bbox 2635 4142 2958 4215; x_wconf 79' lang='grc' dir='ltr'>ἀσημείωτον</span> <span class='ocrx_word' id='word_1_734' title='bbox 3040 4141 3330 4205; x_wconf 76' lang='grc' dir='ltr'><strong>ἀκινδύνως</strong></span> <span class='ocrx_word' id='word_1_735' title='bbox 3397 4143 3769 4198; x_wconf 66' lang='grc' dir='ltr'>ἐπιϐουλεύεται.</span> <span class='ocrx_word' id='word_1_736' title='bbox 3820 4139 3856 4189; x_wconf 68' lang='grc' dir='ltr'><strong>[ἶ</strong></span> 
     </span>
    </p>
   </div>
   <div class='ocr_carea' id='block_1_102' title="bbox 2317 4227 3856 4306">
    <p class='ocr_par' dir='ltr' id='par_1_102' title="bbox 2317 4227 3856 4306">
     <span class='ocr_line' id='line_1_102' title="bbox 2317 4227 3856 4306; baseline -0.003 -23"><span class='ocrx_word' id='word_1_737' title='bbox 2317 4252 2394 4292; x_wconf 88' lang='grc' dir='ltr'><strong>τις</strong></span> <span class='ocrx_word' id='word_1_738' title='bbox 2444 4233 2629 4306; x_wconf 82' lang='grc' dir='ltr'>ἰατρῶν</span> <span class='ocrx_word' id='word_1_739' title='bbox 2665 4231 3001 4304; x_wconf 77' lang='grc' dir='ltr'>ἐπηγγέλλετο</span> <span class='ocrx_word' id='word_1_740' title='bbox 3051 4253 3155 4298; x_wconf 90' lang='grc' dir='ltr'>σοι,</span> <span class='ocrx_word' id='word_1_741' title='bbox 3205 4244 3482 4306; x_wconf 79' lang='grc' dir='ltr'>μηχαναῖς</span> <span class='ocrx_word' id='word_1_742' title='bbox 3527 4253 3632 4286; x_wconf 90' lang='grc' dir='ltr'>τισι</span> <span class='ocrx_word' id='word_1_743' title='bbox 3683 4227 3856 4282; x_wconf 76' lang='grc' dir='ltr'><strong>καὶέπι·</strong></span> 
     </span>
    </p>
   </div>
   <div class='ocr_carea' id='block_1_103' title="bbox 2316 4321 3856 4397">
    <p class='ocr_par' dir='ltr' id='par_1_103' title="bbox 2316 4321 3856 4397">
     <span class='ocr_line' id='line_1_103' title="bbox 2316 4321 3856 4397; baseline 0.001 -25"><span class='ocrx_word' id='word_1_744' title='bbox 2316 4327 2480 4382; x_wconf 88' lang='grc' dir='ltr'>νοίαις</span> <span class='ocrx_word' id='word_1_745' title='bbox 2532 4326 2639 4374; x_wconf 87' lang='grc' dir='ltr'>νέον</span> <span class='ocrx_word' id='word_1_746' title='bbox 2679 4328 2917 4380; x_wconf 80' lang='grc' dir='ltr'>ποιήσειν</span> <span class='ocrx_word' id='word_1_747' title='bbox 2958 4321 3012 4374; x_wconf 81' lang='grc' dir='ltr'><strong>ἐκ</strong></span> <span class='ocrx_word' id='word_1_748' title='bbox 3051 4327 3309 4397; x_wconf 84' lang='grc' dir='ltr'>γέροντος,</span> <span class='ocrx_word' id='word_1_749' title='bbox 3337 4325 3433 4376; x_wconf 75' lang='grc' dir='ltr'><strong>οὐκ</strong></span> <span class='ocrx_word' id='word_1_750' title='bbox 3485 4324 3543 4375; x_wconf 76' lang='grc' dir='ltr'><strong>ἂν</strong></span> <span class='ocrx_word' id='word_1_751' title='bbox 3591 4322 3856 4391; x_wconf 67' lang='grc' dir='ltr'>ἐπεθύμησας</span> 
     </span>
    </p>
   </div>
   <div class='ocr_carea' id='block_1_104' title="bbox 2241 4410 3854 4500">
    <p class='ocr_par' dir='ltr' id='par_1_104' title="bbox 2241 4410 3854 4500">
     <span class='ocr_line' id='line_1_104' title="bbox 2241 4410 3854 4500; baseline -0.003 -37"><span class='ocrx_word' id='word_1_752' title='bbox 2241 4445 2286 4500; x_wconf 81' lang='lat' dir='ltr'><strong>D</strong></span> <span class='ocrx_word' id='word_1_753' title='bbox 2319 4411 2472 4463; x_wconf 79' lang='grc' dir='ltr'>ἐλθεῖν</span> <span class='ocrx_word' id='word_1_754' title='bbox 2541 4411 2607 4471; x_wconf 82' lang='grc' dir='ltr'><strong>εἰς</strong></span> <span class='ocrx_word' id='word_1_755' title='bbox 2672 4412 2866 4468; x_wconf 83' lang='grc' dir='ltr'>εκείνην</span> <span class='ocrx_word' id='word_1_756' title='bbox 2923 4417 3016 4469; x_wconf 82' lang='grc' dir='ltr'>τὴν</span> <span class='ocrx_word' id='word_1_757' title='bbox 3077 4413 3293 4486; x_wconf 73' lang='grc' dir='ltr'>ἡμέραν,</span> <span class='ocrx_word' id='word_1_758' title='bbox 3335 4413 3385 4465; x_wconf 75' lang='grc' dir='ltr'>ἐν</span> <span class='ocrx_word' id='word_1_759' title='bbox 3525 4413 3721 4464; x_wconf 85' lang='grc' dir='ltr'>σεαυτὸν</span> <span class='ocrx_word' id='word_1_760' title='bbox 3768 4410 3854 4476; x_wconf 59' lang='grc' dir='ltr'>ὁρῷεν</span> 
     </span>
    </p>
   </div>
   <div class='ocr_carea' id='block_1_105' title="bbox 2318 4494 3854 4574">
    <p class='ocr_par' dir='ltr' id='par_1_105' title="bbox 2318 4494 3854 4574">
     <span class='ocr_line' id='line_1_105' title="bbox 2318 4494 3854 4574; baseline -0.021 -1"><span class='ocrx_word' id='word_1_761' title='bbox 2318 4500 2515 4572; x_wconf 66' lang='grc' dir='ltr'><strong>ἔμελλες</strong></span> <span class='ocrx_word' id='word_1_762' title='bbox 2566 4504 2696 4574; x_wconf 78' lang='grc' dir='ltr'>πρὸς</span> <span class='ocrx_word' id='word_1_763' title='bbox 2755 4499 2924 4573; x_wconf 69' lang='grc' dir='ltr'>ἀκμὴν</span> <span class='ocrx_word' id='word_1_764' title='bbox 2972 4503 3398 4574; x_wconf 73' lang='grc' dir='ltr'>ὑποστρέφοντας</span> <span class='ocrx_word' id='word_1_765' title='bbox 3462 4497 3664 4557; x_wconf 68' lang='grc' dir='ltr'>Ἐπειδὴ</span> <span class='ocrx_word' id='word_1_766' title='bbox 3711 4494 3759 4549; x_wconf 73' lang='grc' dir='ltr'><strong>δὲ</strong></span> <span class='ocrx_word' id='word_1_767' title='bbox 3790 4499 3854 4547; x_wconf 66' lang='grc' dir='ltr'>τὶν</span> 
     </span>
    </p>
   </div>
   <div class='ocr_carea' id='block_1_106' title="bbox 2315 4589 3855 4663">
    <p class='ocr_par' dir='ltr' id='par_1_106' title="bbox 2315 4589 3855 4663">
     <span class='ocr_line' id='line_1_106' title="bbox 2315 4589 3855 4663; baseline -0.006 -23"><span class='ocrx_word' id='word_1_768' title='bbox 2315 4589 2501 4660; x_wconf 59' lang='grc' dir='ltr'>ψυχήν</span> <span class='ocrx_word' id='word_1_769' title='bbox 2548 4609 2641 4642; x_wconf 81' lang='grc' dir='ltr'><strong>σου</strong></span> <span class='ocrx_word' id='word_1_770' title='bbox 2706 4589 3051 4648; x_wconf 76' lang='grc' dir='ltr'>ἀναθηλήσειν</span> <span class='ocrx_word' id='word_1_771' title='bbox 3114 4590 3484 4663; x_wconf 80' lang='grc' dir='ltr'>ἐπαγγέλλεταί</span> <span class='ocrx_word' id='word_1_772' title='bbox 3538 4611 3617 4643; x_wconf 91' lang='grc' dir='ltr'><strong>σοι</strong></span> <span class='ocrx_word' id='word_1_773' title='bbox 3669 4593 3694 4646; x_wconf 71' lang='grc' dir='ltr'><strong>η</strong></span> <span class='ocrx_word' id='word_1_774' title='bbox 3741 4603 3855 4657; x_wconf 63' lang='lat' dir='ltr'><strong>pata-</strong></span> 
     </span>
    </p>
   </div>
   <div class='ocr_carea' id='block_1_107' title="bbox 2317 4677 3852 4753">
    <p class='ocr_par' dir='ltr' id='par_1_107' title="bbox 2317 4677 3852 4753">
     <span class='ocr_line' id='line_1_107' title="bbox 2317 4677 3852 4753; baseline -0.001 -24"><span class='ocrx_word' id='word_1_775' title='bbox 2317 4697 2430 4730; x_wconf 90' lang='grc' dir='ltr'>νοια</span> <span class='ocrx_word' id='word_1_776' title='bbox 2455 4722 2468 4746; x_wconf 94' lang='grc'><strong>,</strong></span> <span class='ocrx_word' id='word_1_777' title='bbox 2523 4678 2582 4735; x_wconf 72' lang='grc' dir='ltr'>ἣν</span> <span class='ocrx_word' id='word_1_778' title='bbox 2624 4683 2687 4730; x_wconf 73' lang='grc' dir='ltr'><strong>σὺ</strong></span> <span class='ocrx_word' id='word_1_779' title='bbox 2743 4678 3070 4739; x_wconf 82' lang='grc' dir='ltr'>ἑπαλαίωσας</span> <span class='ocrx_word' id='word_1_780' title='bbox 3103 4720 3120 4750; x_wconf 92' lang='grc'><strong>,</strong></span> <span class='ocrx_word' id='word_1_781' title='bbox 3165 4685 3255 4732; x_wconf 80' lang='grc' dir='ltr'><strong>καὶ</strong></span> <span class='ocrx_word' id='word_1_782' title='bbox 3292 4681 3463 4753; x_wconf 75' lang='grc' dir='ltr'>ρυσην</span> <span class='ocrx_word' id='word_1_783' title='bbox 3513 4681 3663 4737; x_wconf 77' lang='grc' dir='ltr'>αὐτην</span> <span class='ocrx_word' id='word_1_784' title='bbox 3700 4677 3744 4728; x_wconf 76' lang='grc' dir='ltr'><strong>ἐκ</strong></span> <span class='ocrx_word' id='word_1_785' title='bbox 3781 4678 3852 4722; x_wconf 59' lang='grc' dir='ltr'><strong>τάν</strong></span> 
     </span>
    </p>
   </div>
   <div class='ocr_carea' id='block_1_108' title="bbox 2319 4766 3852 4840">
    <p class='ocr_par' dir='ltr' id='par_1_108' title="bbox 2319 4766 3852 4840">
     <span class='ocr_line' id='line_1_108' title="bbox 2319 4766 3852 4840; baseline 0 -23"><span class='ocrx_word' id='word_1_786' title='bbox 2319 4766 2540 4838; x_wconf 74' lang='grc' dir='ltr'>ἀνομιῶν</span> <span class='ocrx_word' id='word_1_787' title='bbox 2599 4772 2687 4820; x_wconf 81' lang='grc' dir='ltr'><strong>καὶ</strong></span> <span class='ocrx_word' id='word_1_788' title='bbox 2766 4767 3117 4840; x_wconf 85' lang='grc' dir='ltr'>ἐσπιλωμένην</span> <span class='ocrx_word' id='word_1_789' title='bbox 3185 4766 3503 4839; x_wconf 73' lang='grc' dir='ltr'>ἀπέδειξας,</span> <span class='ocrx_word' id='word_1_790' title='bbox 3581 4766 3852 4835; x_wconf 62' lang='grc' dir='ltr'>καταφρονεῖς</span> 
     </span>
    </p>
   </div>
   <div class='ocr_carea' id='block_1_109' title="bbox 2317 4847 3850 4930">
    <p class='ocr_par' dir='ltr' id='par_1_109' title="bbox 2317 4847 3850 4930">
     <span class='ocr_line' id='line_1_109' title="bbox 2317 4847 3850 4930; baseline -0.001 -24"><span class='ocrx_word' id='word_1_791' title='bbox 2317 4865 2408 4907; x_wconf 78' lang='grc' dir='ltr'><strong>του</strong></span> <span class='ocrx_word' id='word_1_792' title='bbox 2467 4855 2753 4930; x_wconf 72' lang='grc' dir='ltr'>εὐεργέτου,</span> <span class='ocrx_word' id='word_1_793' title='bbox 2802 4861 2890 4908; x_wconf 83' lang='grc' dir='ltr'>καὶ</span> <span class='ocrx_word' id='word_1_794' title='bbox 2945 4856 3003 4908; x_wconf 68' lang='grc' dir='ltr'><strong>οὐ</strong></span> <span class='ocrx_word' id='word_1_795' title='bbox 3056 4862 3398 4930; x_wconf 76' lang='grc' dir='ltr'>προστρέχεις</span> <span class='ocrx_word' id='word_1_796' title='bbox 3431 4858 3509 4927; x_wconf 84' lang='grc'><strong>(3)</strong></span> <span class='ocrx_word' id='word_1_797' title='bbox 3554 4864 3620 4927; x_wconf 74' lang='grc' dir='ltr'>τῷ</span> <span class='ocrx_word' id='word_1_798' title='bbox 3657 4847 3850 4922; x_wconf 60' lang='grc' dir='ltr'>ἐπηθ-</span> 
     </span>
    </p>
   </div>
   <div class='ocr_carea' id='block_1_110' title="bbox 2319 4941 3850 5019">
    <p class='ocr_par' dir='ltr' id='par_1_110' title="bbox 2319 4941 3850 5019">
     <span class='ocr_line' id='line_1_110' title="bbox 2319 4941 3850 5019; baseline -0.003 -22"><span class='ocrx_word' id='word_1_799' title='bbox 2319 4965 2464 5017; x_wconf 87' lang='grc' dir='ltr'>ματι.</span> <span class='ocrx_word' id='word_1_800' title='bbox 2509 4945 2617 4996; x_wconf 66' lang='grc' dir='ltr'><strong>Οὐκ</strong></span> <span class='ocrx_word' id='word_1_801' title='bbox 2675 4945 2937 5016; x_wconf 83' lang='grc' dir='ltr'>ἐπιθυμεῖς</span> <span class='ocrx_word' id='word_1_802' title='bbox 2989 4941 3139 5011; x_wconf 71' lang='grc' dir='ltr'>ἰδεῖν,</span> <span class='ocrx_word' id='word_1_803' title='bbox 3194 4952 3245 4998; x_wconf 85' lang='grc' dir='ltr'><strong>τί</strong></span> <span class='ocrx_word' id='word_1_804' title='bbox 3302 4950 3359 4998; x_wconf 85' lang='grc' dir='ltr'><strong>τό</strong></span> <span class='ocrx_word' id='word_1_805' title='bbox 3414 4952 3546 5019; x_wconf 76' lang='grc' dir='ltr'>μέγα</span> <span class='ocrx_word' id='word_1_806' title='bbox 3604 4947 3756 5013; x_wconf 72' lang='grc' dir='ltr'>θαῦμα</span> <span class='ocrx_word' id='word_1_807' title='bbox 3789 4943 3850 4990; x_wconf 66' lang='lat' dir='ltr'><strong>fit</strong></span> 
     </span>
    </p>
   </div>
   <div class='ocr_carea' id='block_1_111' title="bbox 2319 5031 3848 5111">
    <p class='ocr_par' dir='ltr' id='par_1_111' title="bbox 2319 5031 3848 5111">
     <span class='ocr_line' id='line_1_111' title="bbox 2319 5031 3848 5111; baseline -0.022 -3"><span class='ocrx_word' id='word_1_808' title='bbox 2319 5037 2696 5105; x_wconf 47' lang='grc' dir='ltr'><strong>ὑποσχέσεως</strong></span> <span class='ocrx_word' id='word_1_809' title='bbox 2748 5043 2855 5095; x_wconf 72' lang='grc' dir='ltr'><strong>πῶς</strong></span> <span class='ocrx_word' id='word_1_810' title='bbox 2907 5036 3024 5088; x_wconf 67' lang='grc' dir='ltr'><strong>ἄνευ</strong></span> <span class='ocrx_word' id='word_1_811' title='bbox 3082 5041 3282 5111; x_wconf 76' lang='grc' dir='ltr'>μητρὸς</span> <span class='ocrx_word' id='word_1_812' title='bbox 3334 5035 3655 5106; x_wconf 76' lang='grc' dir='ltr'>ἀναγεννᾶται</span> <span class='ocrx_word' id='word_1_813' title='bbox 3702 5031 3848 5100; x_wconf 69' lang='grc' dir='ltr'>ἀνθρυ·</span> 
     </span>
    </p>
   </div>
   <div class='ocr_carea' id='block_1_112' title="bbox 2319 5117 3849 5200">
    <p class='ocr_par' dir='ltr' id='par_1_112' title="bbox 2319 5117 3849 5200">
     <span class='ocr_line' id='line_1_112' title="bbox 2319 5117 3849 5200; baseline -0.004 -24"><span class='ocrx_word' id='word_1_814' title='bbox 2319 5141 2452 5190; x_wconf 89' lang='grc' dir='ltr'>πος;</span> <span class='ocrx_word' id='word_1_815' title='bbox 2487 5132 2591 5183; x_wconf 84' lang='grc' dir='ltr'>πῶς</span> <span class='ocrx_word' id='word_1_816' title='bbox 2644 5125 2670 5176; x_wconf 89' lang='grc' dir='ltr'><strong>ό</strong></span> <span class='ocrx_word' id='word_1_817' title='bbox 2727 5123 3103 5196; x_wconf 78' lang='grc' dir='ltr'>παλαιούμενος</span> <span class='ocrx_word' id='word_1_818' title='bbox 3141 5130 3231 5177; x_wconf 78' lang='grc' dir='ltr'><strong>καὶ</strong></span> <span class='ocrx_word' id='word_1_819' title='bbox 3277 5126 3593 5200; x_wconf 62' lang='grc' dir='ltr'>φθειρόμενος</span> <span class='ocrx_word' id='word_1_820' title='bbox 3636 5123 3752 5174; x_wconf 67' lang='grc' dir='ltr'>κατὰ</span> <span class='ocrx_word' id='word_1_821' title='bbox 3786 5117 3849 5170; x_wconf 69' lang='grc' dir='ltr'>τὰς</span> 
     </span>
    </p>
   </div>
   <div class='ocr_carea' id='block_1_113' title="bbox 2322 5202 3846 5287">
    <p class='ocr_par' dir='ltr' id='par_1_113' title="bbox 2322 5202 3846 5287">
     <span class='ocr_line' id='line_1_113' title="bbox 2322 5202 3846 5287; baseline -0.005 -21"><span class='ocrx_word' id='word_1_822' title='bbox 2322 5213 2602 5284; x_wconf 74' lang='grc' dir='ltr'>ἐπιθυμίας</span> <span class='ocrx_word' id='word_1_823' title='bbox 2649 5220 2740 5276; x_wconf 80' lang='grc' dir='ltr'>τῆς</span> <span class='ocrx_word' id='word_1_824' title='bbox 2800 5212 3025 5282; x_wconf 75' lang='grc' dir='ltr'>ἀπάτης,</span> <span class='ocrx_word' id='word_1_825' title='bbox 3101 5221 3297 5287; x_wconf 66' lang='grc' dir='ltr'>σγριγᾲ</span> <span class='ocrx_word' id='word_1_826' title='bbox 3356 5214 3504 5268; x_wconf 77' lang='grc' dir='ltr'>πάλιν</span> <span class='ocrx_word' id='word_1_827' title='bbox 3569 5217 3650 5264; x_wconf 80' lang='lat' dir='ltr'><strong>xui</strong></span> <span class='ocrx_word' id='word_1_828' title='bbox 3705 5202 3846 5268; x_wconf 58' lang='grc' dir='ltr'><strong>ἀνηϐᾷ.</strong></span> 
     </span>
    </p>
   </div>
   <div class='ocr_carea' id='block_1_114' title="bbox 2396 5495 3843 5575">
    <p class='ocr_par' dir='ltr' id='par_1_114' title="bbox 2396 5495 3843 5575">
     <span class='ocr_line' id='line_1_114' title="bbox 2396 5495 3843 5575; baseline -0.011 -8"><span class='ocrx_word' id='word_1_829' title='bbox 2396 5497 2487 5575; x_wconf 54' lang='grc'>(3),</span> <span class='ocrx_word' id='word_1_830' title='bbox 2517 5502 2888 5575; x_wconf 59' lang='grc' dir='ltr'>Προρτρέχεις.</span> <span class='ocrx_word' id='word_1_831' title='bbox 2936 5497 3226 5558; x_wconf 88' lang='lat' dir='ltr'><strong>Codicum</strong></span> <span class='ocrx_word' id='word_1_832' title='bbox 3274 5497 3418 5558; x_wconf 86' lang='lat' dir='ltr'><strong>alter</strong></span> <span class='ocrx_word' id='word_1_833' title='bbox 3471 5495 3651 5570; x_wconf 85' lang='lat' dir='ltr'><strong>prima</strong></span> <span class='ocrx_word' id='word_1_834' title='bbox 3677 5496 3843 5551; x_wconf 66' lang='lat' dir='ltr'><strong>manu,</strong></span> 
     </span>
    </p>
   </div>
   <div class='ocr_carea' id='block_1_115' title="bbox 2323 5571 2897 5642">
    <p class='ocr_par' dir='ltr' id='par_1_115' title="bbox 2323 5571 2897 5642">
     <span class='ocr_line' id='line_1_115' title="bbox 2323 5571 2897 5642; baseline -0.012 -10"><span class='ocrx_word' id='word_1_835' title='bbox 2323 5571 2601 5641; x_wconf 71' lang='grc' dir='ltr'>προσέχεις</span> <span class='ocrx_word' id='word_1_836' title='bbox 2621 5571 2897 5642; x_wconf 81' lang='lat' dir='ltr'><strong>[melius].</strong></span> 
     </span>
    </p>
   </div>
  </div>
