4056 6222
217 260 355 317 1229

1282 264 1511 323 senuo
1553 266 1690 320 VIII.
1731 294 1802 307 —
1839 266 1933 324 ne
1971 232 2435 326 POENITENTIA.

3442 280 3581 338 1230

216 383 379 451 δώσει
407 402 419 415 ·
452 386 622 447 καλῶς
646 385 864 460 ἐχρήσω
893 393 955 459 τῇ
994 383 1273 461 δεδομένη.
1307 386 1509 450 Μηδείς
1541 408 1597 442 σε
1626 389 1815 452 ἐξαπα-

1928 389 2127 445 audis.
2152 393 2404 464 Tempus
2425 393 2790 465 praeﬁnitum
2812 397 3581 469 prorogabitzscilicetdato

212 478 356 527 τατω
406 479 569 535 κένοῐς
605 474 799 547 λόγοις.
851 474 1222 535 Ἐπιστήσεται
1275 480 1375 551 γὰρ
1433 497 1516 529 σοι
1555 476 1815 550 αἰφνίδιος

212 565 446 638 ὄλεθρος,
489 570 579 617 καὶ
625 566 655 622 ἡ
715 571 1053 640 καταστροφὴ
1127 568 1317 639 ὁμοίως
1363 565 1638 638 καταιγίδι
1679 589 1816 643 παρ-

212 658 386 715 έσται.
431 652 577 716 Ἥξει
632 653 848 725 ἄγγελος
895 659 1155 727 κατηφὴς,
1209 654 1425 728 ἀπάγων
1473 654 1663 729 βιαίως
1726 664 1815 711 καὶ

218 747 391 816 σύρων
467 762 563 797 σου
629 747 724 800 τὴν
796 742 985 814 ψυχὴν
1047 740 1326 817 δεδεμένην
1356 752 1474 807 ταῖς
1510 745 1812 820 ἁμαρτίαις,

219 834 389 884 πυκνά
434 836 914 905 μεταστρεφομένην
965 836 1094 907 πρὸς
1150 836 1213 885 τὰ
1250 829 1373 900 ὧδε,
1423 838 1512 886 καὶ
1566 831 1816 907 ὀδυρομέ-

216 941 310 978 νην
368 922 488 974 ἄνευ
527 928 715 992 φωνῆς,
754 928 846 973 τοῦ
884 921 1106 995 ὀργάνου
1136 922 1311 974 λοιπὸν
1341 931 1437 973 τῶν
1470 924 1665 995 θρήνων
1688 922 1817 976 ἀπο-

214 1012 555 1071 κλεισθέντος.
612 1010 681 1063 Ὦ.
740 1014 883 1063 πόσα
933 1010 1217 1086 σπαράξεις
1248 1011 1491 1065 σεαυτόνῖ
1526 1016 1666 1065 πόσα
1695 1032 1816 1065 στε-

214 1100 412 1162 νάξειςε
475 1102 723 1173 ἄπρακτα
777 1109 1033 1172 μετανοῶν
1114 1100 1199 1152 ἐπὶ
1268 1108 1377 1163 τοῖς
1438 1100 1815 1173 βουλευθεῖσιν,

214 1192 338 1242 ὅταν
360 1185 480 1261 ἶδης
526 1193 619 1247 τὴν
650 1186 976 1262 φαιδρότητα
1012 1197 1112 1241 τῶν
1153 1186 1371 1241 δικαίων
1411 1189 1459 1242 ἐν
1514 1198 1575 1261 τῇ
1603 1190 1820 1266 λαμπρᾷ

216 1276 441 1351 διανομῇ
499 1285 600 1329 τῶν
647 1274 851 1351 δώρων,
909 1283 997 1329 καὶ
1044 1283 1139 1336 την
1180 1282 1463 1350 κατήφειαν
1522 1287 1620 1331 τῶν
1652 1280 1817 1353 ἁμαρ-

215 1367 389 1421 τωλῶν
438 1366 487 1418 ἐν
534 1368 604 1437 τῷ
669 1372 843 1420 σκότει
887 1376 959 1438 τῷ
1018 1365 1325 1440 βαθυτάτῳ.
1366 1370 1469 1420 Οἷα
1505 1368 1637 1442 ἐρεῖς
1665 1368 1713 1421 ἐν
1750 1378 1811 1442 τῇ

214 1453 379 1529 ὀδύνη
441 1464 538 1518 τῆς
592 1453 815 1530 καρδίας
864 1475 958 1509 σου
998 1461 1142 1523 τότ-ες
1185 1460 1252 1510 Αἵ
1280 1458 1379 1529 μεε
1412 1461 1486 1530 μὴ
1526 1456 1815 1533 ἀπορρῖψαι

212 1548 273 1598 τὸ
315 1544 455 1620 βαρὺ
511 1552 666 1599 τοῦτο
705 1550 911 1619 φορτίον
976 1555 1073 1607 τῆς
1123 1546 1406 1621 ἁμαρτίας,
1446 1548 1577 1600 οὕτω
1623 1545 1815 1621 ῥᾳδίας

212 1640 382 1697 οὔσης
423 1644 522 1696 τῆς
566 1634 885 1704 ἀποθέσεως,
953 1634 1082 1688 ἀλλὰ
1135 1640 1221 1687 τὸν
1261 1639 1428 1708 σωρὸν
1484 1644 1584 1689 τῶν
1643 1645 1816 1689 κακῶν

211 1727 411 1778 τούτων
469 1722 795 1796 ἐφέλκεσθαι.
867 1728 932 1778 Αἵ
974 1724 1069 1796 fu!
1129 1726 1223 1785 τας
1286 1721 1506 1787 κηλῖδας
1570 1730 1639 1798 μὴ
1684 1724 1813 1779 ἀπο·
1842 1739 1888 1797 Β

210 1814 534 1879 πλύνασθαι,
614 1812 720 1865 ἀλλ’
801 1811 1100 1885 ἐστιγμένον
1155 1810 1285 1877 εἶναι
1339 1821 1449 1875 ταῖς
1508 1814 1816 1888 ἁμαρτίαις.

211 1912 327 1958 Νῦν
378 1903 437 1956 ἂν
483 1907 622 1976 ἤμην
662 1906 795 1976 μετὰ
812 1911 912 1956 τῶν
944 1903 1170 1975 ἀγγέλων
1196 1924 1208 1936 ·
1272 1911 1360 1956 νῦν
1390 1903 1450 1967 ἂν
1490 1913 1598 1971 τοῖς
1654 1905 1817 1979 ούρα-

212 1998 345 2053 νίοις
393 1991 627 2064 ἀγαθοῖς,
675 1991 973 2065 ἐνετρύφων.
1035 1991 1104 2044 Ὠ
1165 2000 1265 2045 τῶν
1331 2001 1565 2065 πονηρῶν
1605 1992 1817 2066 βουλευ-

211 2082 428 2156 μάτωνῑ
479 2079 573 2133 διὰ
622 2085 942 2157 πρόσκαιρον
998 2082 1260 2155 ἁμαρτίας
1307 2080 1619 2153 ἀπόλαυσιν,
1682 2082 1817 2136 ἀθά-

210 2192 349 2223 νατα
383 2169 768 2244 βασανίζομαι·
812 2167 885 2223 δι’
925 2167 1117 2229 ἡδονὴν
1141 2174 1448 2243 σαρκὸς,τῷ
1488 2178 1616 2246 πυρὶ
1640 2191 1815 2247 παρα-

213 2257 466 2333 δίδομαι.
508 2266 694 2313 Δικαία
731 2262 761 2319 ἡ
790 2264 968 2332 κρίσις
996 2267 1087 2312 τοῦ
1131 2268 1286 2316 Θεοῦ.
1331 2259 1672 2333 Ἐκαλούμην,
1726 2266 1817 2313 καὶ

213 2351 328 2422 οὐχ
383 2352 675 2409 ὑπήκουον·
736 2346 1123 2423 ἐδιδασκόμην,
1152 2355 1242 2402 καὶ
1282 2350 1340 2403 ού
1391 2358 1706 2425 προσεῖχον·
1738 2347 1819 2403 δι-

217 2442 573 2513 εμαρτύραντο
611 2458 721 2512 μοι,
763 2437 863 2509 ἐγὼ
923 2434 983 2492 δὲ
1038 2438 1340 2509 κατεγέλων.
1385 2445 1564 2493 Ταῦτα
1601 2445 1691 2492 καὶ
1754 2442 1819 2492 τὰ

215 2536 441 2583 τοιαῦτα
474 2529 611 2603 ἐρεῖς
654 2528 1053 2601 ἀποκλαιόμενος
1112 2532 1349 2595 σεαυτὸν,
1394 2527 1481 2581 ἐὰν
1552 2548 1821 2604 προαναρ-

218 2620 434 2691 ποισθῇς
502 2627 595 2679 τῆς
671 2623 963 2691 μετανοίας.
1019 2619 1312 2693 Ἄνθρωπε,
1370 2618 1399 2677 ἣ
1469 2622 1562 2675 τὴν
1619 2622 1821 2689 γέενναν

218 2706 504 2780 φοϐήθητι,
553 2709 583 2768 ἦ
644 2718 735 2769 τῆς
797 2706 1067 2781 βασιλείας
1120 2705 1506 2766 ἁντιποιήθητι.
1542 2708 1686 2780 Ἐμοὶ
1718 2703 1822 2767 δα-

218 2799 396 2871 κρύειν
444 2798 743 2872 ἐπέρχεται,
784 2799 906 2849 ὅταν
961 2795 1253 2869 ἐνθυμηθῶ,
1306 2797 1387 2850 ὅτι
1436 2798 1504 2848 τὰ
1550 2798 1678 2870 ἔργα
1728 2804 1825 2857 τῆς

217 2886 490 2958 αἰσχύνης
536 2892 797 2961 προτιμᾷς
824 2895 921 2946 τῆς
958 2884 1191 2958 μεγάλης
1235 2881 1395 2947 δόξης
1421 2892 1512 2937 τοῦ
1538 2892 1701 2938 Θεοῦ·
1733 2890 1824 2938 καὶ

220 2971 322 3027 διὰ
362 2979 419 3027 τὸ
448 2983 543 3035 τῆς
585 2974 869 3039 ἀκολασίας
907 2972 1037 3038 ἡδύ,
1072 2970 1539 3035 δυσαποσπάστως
1569 2976 1704 3045 ἔχων
1734 2981 1825 3034 τῆς

212 3064 504 3137 ἁμαρτίας,
530 3073 631 3116 τῶν
688 3063 737 3116 ἐν
784 3063 1113 3135 ἐπαγγελίαις
1165 3062 1373 3134 ἀγαθῶν
1424 3067 1642 3116 σεαυτὸν
1693 3062 1822 3118 ἀπο·
1844 3099 1892 3159 6

211 3153 430 3223 κλείεις,
495 3155 563 3214 ὡς
626 3158 698 3225 μὴ
761 3150 891 3206 ἰδεῖν
959 3155 1027 3204 τὰ
1091 3151 1267 3224 ἀγαθὰ
1333 3151 1674 3227 Ἰερουσαλὴμ
1728 3159 1824 3213 τῆς

215 3241 556 3316 ἐπουρανίου.

294 3331 352 3386 7.
396 3330 635 3384 Βούλεταί
683 3350 741 3384 σε
772 3330 1009 3399 ἐλεῆσαι,
1056 3334 1148 3382 καὶ
1178 3338 1277 3381 τῶν
1324 3329 1491 3383 αὐτοῦ
1544 3329 1824 3404 οἰκτιρμῶν

213 3417 544 3494 μεταδοῦναι
608 3422 634 3474 ὁ
697 3425 898 3495 κριτὴς,
972 3422 1107 3477 κατὰ
1166 3423 1253 3475 τὸν
1306 3420 1546 3477 εἰπόντα·
1620 3420 1827 3491 ’Δγαπᾷ

214 3511 572 3583 ἐλεημοσύνην
636 3516 726 3563 καὶ
798 3516 973 3586 κρίσιν
1044 3512 1070 3562 ὁ
1134 3507 1344 3584 Κύριος.
1411 3509 1549 3564 Ἀλλ’
1603 3508 1686 3562 ἐὰν
1734 3513 1825 3582 μὲν

217 3601 350 3674 εὑρη
384 3620 441 3654 σε
478 3604 605 3673 μετὰ
655 3605 750 3659 τὴν
815 3600 1077 3677 ἁμαρτίαν
1134 3603 1394 3667 ταπεινὸν,
1458 3603 1826 3672 συντετριμμέ-

215 3709 333 3760 νον,
405 3690 569 3742 πολλὰ
624 3688 1058 3762 μετακλαύσαντα
1108 3687 1192 3741 ἐπὶ
1220 3695 1330 3750 τοῖς
1358 3696 1599 3762 πονηροῖς
1635 3691 1823 3762 ἔργοις,

216 3783 290 3833 τὰ
349 3785 593 3853 γενόμενα
656 3787 825 3852 κρυφῆ
890 3777 1318 3851 ἀνεπαισχύντως
1370 3773 1821 3849 δημοσιεύσοιντα,

216 3866 478 3927 δεηθέντα
541 3866 773 3941 ἀδελφῶν
839 3875 1124 3941 συγκαμεῖν
1182 3888 1266 3921 σοι
1321 3871 1447 3940 πρὸς
1520 3871 1613 3925 τὴν
1657 3870 1823 3935 ἴασιν,

213 3959 355 4020 ὅλως
383 3957 588 4011 ἐλεεινόν
629 3977 687 4010 σε
712 3963 979 4030 γενόμενον
1037 3956 1121 4009 ἐὰν
1180 3953 1298 4030 ἴδη,
1364 3958 1585 4028 ἄφθονόν
1616 3975 1699 4008 σοι
1729 3960 1823 4013 τὴν

212 4048 388 4101 αὐτοῦ
436 4046 782 4119 ἐλεημοσύνην
817 4045 1152 4121 ἑπιχορηγεῖ’
1196 4044 1281 4097 ἐὰν
1328 4042 1388 4098 δὲ
1441 4041 1667 4118 καρδίαν
1703 4044 1821 4116 ἀμει

210 4142 493 4197 τανόητον,
550 4140 790 4209 φρόνημα
826 4137 1170 4208 ὑπερήφανον,
1231 4134 1482 4187 ἀπιστίαν
1511 4141 1602 4187 τοῦ
1640 4133 1824 4196 αἰῶνος

211 4236 318 4282 τοῦ
375 4225 662 4299 μέλλοντος,
738 4224 955 4298 ἀφοϐίαν
1017 4233 1112 4287 τῆς
1168 4228 1409 4299 κρίσεως,
1475 4229 1592 4277 τότε
1644 4221 1825 4293 ἀγαπᾷ

212 4318 312 4371 ἐπὶ
370 4320 453 4368 σοὶ
516 4320 609 4374 την
675 4318 871 4388 κρίσιν.
926 4313 1015 4375 Ὠς
1078 4315 1177 4387 γὰρ
1223 4313 1391 4385 ἰατρὸς
1454 4311 1671 4385 ἐμμελὴς
1734 4315 1824 4364 καὶ

211 4406 605 4480 φιλάνθρωπος,
656 4402 1050 4475 καταντλημασι
1108 4406 1356 4475 πρότερον
1420 4406 1510 4454 καὶ
1574 4400 1821 4475 περιπλά-

213 4512 427 4567 σμασιν
487 4493 705 4554 ἁπαλοῖς
762 4499 1006 4566 πειρᾶται
1053 4489 1392 4544 καταστεῖλαι
1461 4494 1521 4542 τὸ
1578 4486 1817 4562 οἴδημα·

208 4580 437 4638 ἐπειδὰν
503 4580 561 4636 δὲ
595 4579 687 4656 ἴδη
729 4579 1012 4643 ἁνενδότως
1040 4585 1130 4633 καὶ
1172 4578 1412 4653 σκληρῶς
1440 4578 1823 4631 ἀντιτυποῦντα

207 4662 310 4729 ’τόν
343 4678 515 4746 ὄγκον,
536 4672 693 4747 ῥίψας
729 4677 786 4724 τὸ
824 4672 989 4724 ἔλαιον
1037 4671 1113 4743 (1)
1154 4674 1239 4722 καὶ
1275 4674 1371 4728 τὴν
1410 4668 1646 4740 μαλακὴν
1686 4666 1823 4739 ἀγω-

204 4770 347 4839 γην,
400 4766 620 4837 αἱρεῖται
646 4762 826 4815 λοιπὸν
862 4765 957 4820 τὴν
1007 4768 1098 4814 τοῦ
1130 4756 1357 4832 σιδήρου
1418 4766 1640 4831 χρῆσιν.
1689 4761 1822 4819 Τοὺς

205 4856 327 4930 γὰρ
386 4850 488 4905 ἀπὸ
542 4851 739 4905 πολλῶν
776 4852 1067 4922 πτωμάτων
1132 4848 1375 4908 πολλάκις
1435 4843 1469 4899 δ
1476 4847 1820 4907 ιαναστάντας

210 4944 279 4997 ἐκ
324 4950 425 5004 τῆς
468 4944 601 4994 κατὰ
647 4940 1031 5016 φιλανθρωπίαν
1052 4941 1431 5011 χειραγωγίας,
1458 4932 1566 4988 εἶτα
1604 4935 1820 5009 ὕστερον

211 5034 327 5087 ὑπό
396 5038 495 5083 τῶν
543 5029 816 5083 ἀσθενειῶν
887 5029 1254 5101 κρατηθέντας,
1298 5024 1495 5079 ἀπειλεῖ
1560 5022 1822 5084 παντελῶς

292 5245 346 5291 ς⁴⁴
376 5243 597 5318 Ephes.
625 5259 684 5311 π,
710 5244 766 5300 6.
784 5241 834 5279 ⁸³
864 5240 887 5296 Ι
913 5240 1271 5311 Thesswﬁ,
1304 5236 1354 5273 "
1376 5233 1535 5294 Psal.
1567 5250 1751 5301 χχχιι,
1768 5238 1818 5291 5.

298 5462 377 5534 (1)
415 5459 698 5541 Τὸέλαιον,
729 5458 822 5541 S_ic
858 5456 1200 5541 contegitus.‘
1400 5452 1490 5507 τὸν
1531 5447 1689 5523 ἔλεον,
1719 5448 1825 5505 mi—

211 5520 640 5594 sericordiam.
671 5530 833 5588 Infra
861 5526 1004 5587 editi
1031 5524 1236 5601 ἀρωγὴν
1268 5520 1335 5589 ,δέ
1372 5542 1508 5589 τινα.

296 5606 377 5680 (2)
414 5605 718 5665 Ihid.121.

1925 483 2193 550 tempore
2219 480 2405 551 probe
2437 498 2588 537 usus
2610 500 2693 539 es.
2712 486 2783 554 (2)
2802 488 2986 541 Nemo
3013 493 3067 542 te
3102 488 3350 546 seducat
3384 490 3579 549 inani-

1927 567 2038 623 bus
2070 568 2264 624 verbis
2299 572 2362 625 “.
2398 574 2546 628 Nam
2588 576 2942 646 repentinus
2974 576 3081 632 tibi
3116 578 3456 638 imminebit
3485 582 3578 645 in-

1925 656 2129 713 teritus
2153 659 2218 723 ‘3,
2245 660 2568 718 etexitium
2598 663 2878 735 procellm
2915 665 3106 721 simile
3127 668 3335 725 aderit.
3377 671 3581 728 Veniet

1922 744 2175 815 angelus
2224 748 2425 817 tristis,
2480 749 2795 807 abducens
2860 752 3146 811 violenter
3209 757 3577 833 trahensque

1923 836 2193 891 animam
2207 841 2370 892 tuam
2386 839 2646 909 peccatis
2658 841 2942 910 vinctam,
2957 843 3168 900 crebro
3180 861 3243 901 se
3257 845 3335 903 ad
3351 863 3423 904 ea
3436 864 3577 921 qum

1924 923 2020 978 hic
2059 930 2197 980 sunt
2222 932 2693 997 convertentem,
2754 945 2825 986 ac
2876 931 3005 987 sine
3034 950 3181 989 voce
3211 942 3573 1008 gementem,

1925 1011 2170 1069 occluso
2193 1015 2322 1084 jam
2354 1017 2689 1084 gemituum
2720 1034 2790 1075 ac
2811 1018 3217 1077 lamentorum
3245 1039 3492 1094 organo.
3528 1028 3573 1085 Ο

1924 1116 2109 1173 quam
2131 1102 2452 1160 dilaniabis
2470 1110 2521 1159 te
2544 1105 2705 1177 ipse!
2739 1116 3036 1179 quantum
3052 1110 3435 1183 ingemisces!
3469 1115 3578 1171 sed

1925 1195 1979 1247 te
2010 1196 2251 1248 tuorum
2272 1192 2662 1251 consiliorum
2702 1196 2921 1255 frustra
2947 1200 3276 1273 paenitebit,
3308 1218 3448 1258 cum
3485 1204 3575 1259 vi-

1923 1278 2097 1335 debis
2124 1280 2262 1336 hinc
2302 1281 2664 1340 hilaritatem
2690 1286 2994 1356 justorum
3018 1288 3092 1343 de
3122 1289 3366 1360 egregia
3389 1291 3577 1351 dono-

1920 1382 2059 1423 rum
2087 1367 2505 1426 distributione
2538 1371 2889 1442 laetantium,
2907 1376 3065 1432 illinc
3086 1393 3407 1437 maerorem
3428 1396 3575 1454 pec~

1922 1462 2195 1512 catorum
2242 1458 2347 1530 qui
2376 1459 2438 1514 in
2469 1460 2776 1518 altissimis
2806 1464 3064 1520 tenebris
3087 1466 3397 1536 jacebunt.
3430 1471 3575 1535 Qum

1922 1549 2064 1601 tunc
2093 1544 2364 1602 dicturus
2402 1563 2465 1603 es
2512 1548 2573 1604 in
2613 1548 2820 1606 dolore
2850 1552 3048 1608 cordis
3076 1555 3208 1610 tui?
3247 1556 3349 1612 Hei
3387 1557 3569 1624 mihi!

1921 1633 2038 1690 hoc
2067 1649 2245 1704 grave
2293 1637 2525 1708 peccati
2574 1654 2752 1707 onus,
2783 1656 2924 1696 cum
2954 1641 3015 1697 1d
3044 1658 3260 1699 exuere
3298 1644 3380 1703 ita
3402 1643 3577 1711 facile

1924 1727 2104 1793 esset,
2128 1739 2251 1779 non
2283 1724 2478 1797 abjeci
2506 1744 2519 1782 :
2548 1727 2654 1783 sed
2682 1728 2900 1785 horum
2952 1732 3252 1789 malorum
3294 1749 3576 1791 acervum

1925 1811 2095 1869 traxi.
2149 1813 2249 1869 Hei
2304 1814 2485 1870 mihi!
2530 1816 2803 1874 maculas
2853 1835 2924 1875 ac
2974 1820 3184 1876 sordes
3212 1837 3336 1879 non
3366 1822 3573 1887 ablui:

1922 1901 2033 1967 sed
2056 1918 2190 1957 sum
2221 1909 2609 1975 peccatorum
2641 1910 2799 1965 notis
2825 1915 3242 1983 compunctus.
3286 1915 3453 1970 Nunc
3477 1928 3576 1979 es—

1926 2006 2053 2046 sem
2080 2007 2220 2046 cum
2252 1992 2482 2063 angelis
2515 2011 2528 2048 :
2562 2010 2725 2052 nunc
2757 1997 3086 2055 caelestium
3113 1999 3415 2061 bonorum
3437 2001 3579 2067 deli-

1924 2080 2033 2135 ciis
2087 2079 2333 2137 fruerer.
2380 2084 2424 2138 0
2456 2099 2643 2156 prava
2692 2088 2980 2143 consilia!
3021 2090 3100 2145 ob
3150 2092 3577 2167 temporariam

1922 2168 2154 2241 peccati
2176 2168 2630 2229 delectationem
2655 2180 2937 2233 aeternum
2956 2180 3302 2237 excrucior:
3330 2182 3410 2238 ob
3440 2196 3576 2251 car-

1923 2257 2018 2313 nis
2039 2257 2416 2330 voluptatem
2456 2260 2577 2332 igni
2632 2263 2859 2322 trador.
2905 2267 3141 2323 Iustum
3172 2269 3578 2341 estjudicium

1926 2346 2029 2402 Dei
2064 2363 2076 2402 :
2110 2348 2468 2415 vocabar,et
2489 2365 2613 2407 non
2644 2353 3007 2411 obediebam
3032 2373 3045 2411 :
3066 2356 3350 2432 docebar,
3375 2364 3432 2417 et
3449 2360 3579 2419 ani-

1926 2450 2097 2490 mum
2136 2451 2259 2492 non
2280 2438 2667 2497 attendebam
2699 2459 2713 2496 :
2744 2443 3210 2502 obtestabantur
3231 2463 3352 2520 me,
3377 2453 3436 2505 et
3463 2463 3578 2521 ego

1927 2523 2301 2580 deridebam.
2334 2529 2468 2583 Haec
2488 2534 2545 2584 et
2574 2528 2692 2586 alia
2721 2531 2994 2602 ejusdem
3024 2536 3259 2605 generis
3288 2537 3581 2612 proferes,

1928 2612 1963 2668 d
1973 2612 2156 2667 eﬂens
2188 2615 2593 2687 temeptisum,
2615 2618 2664 2673 si
2692 2618 2835 2676 hinc
2847 2627 2981 2677 ante
2994 2624 3409 2695 pmnitentiam
3424 2626 3584 2699 abri-

1930 2701 2136 2773 piaris.
2169 2704 2212 2759 Ο
2242 2703 2451 2774 homo,
2475 2712 2579 2762 aut
2615 2708 2958 2778 gehennam
2990 2718 3209 2783 metue,
3239 2718 3343 2771 aut
3362 2716 3585 2781 enitere

1931 2795 1995 2846 ut
2050 2806 2306 2861 regnum
2351 2793 2710 2866 adipiscare.
2774 2798 2909 2859 Mihi
2972 2800 3220 2873 quidem
3287 2804 3449 2860 subit
3498 2804 3585 2879 ις.

1929 2882 2214 2951 crymari,
2260 2898 2399 2938 cum
2448 2884 2564 2939 hoc
2614 2901 2856 2943 mecum
2910 2893 3147 2961 reputo,
3176 2891 3351 2964 quod
3404 2892 3588 2965 turpi-

1930 2969 2157 3025 tudinis
2184 2985 2369 3040 opera
2397 2972 2624 3042 ingenti
2673 2975 2769 3033 Dei
2825 2976 3028 3047 gloriaa
3080 2979 3346 3053 patere,
3392 2981 3587 3058 quod-

1932 3074 2049 3131 que
2088 3063 2336 3130 peccato
2377 3061 2722 3120 ﬁrmissime
2768 3065 3064 3122 inhaerens
3084 3067 3164 3123 ob
3190 3067 3455 3133 libidinis
3478 3069 3587 3144 de-

1932 3146 2312 3204 lectationem
2322 3165 2378 3219 ,a
2391 3152 2703 3221 promissis
2714 3152 2894 3210 bonis
2910 3159 2963 3211 te
2974 3156 3105 3227 ipse
3118 3156 3408 3227 excludis,
3416 3158 3589 3233 sicut

1934 3236 2041 3291 tibi
2074 3236 2329 3293 caelestis
2346 3238 2841 3298 illiusJerusalem
2856 3243 3020 3301 bona
3039 3244 3376 3319 riderenon

2003 3329 2057 3379 7.
2100 3328 2175 3393 (3)
2202 3325 2333 3382 Vult
2362 3327 2444 3382 tui
2473 3328 2746 3385 misereri
2770 3330 2981 3403 judex,
3030 3337 3209 3406 teque
3257 3335 3591 3412 ωίεεεααρ.

1932 3428 2081 3468 num
2100 3429 2350 3470 suarum
2382 3415 2577 3473 facere
2614 3418 2989 3493 participem,
3019 3426 3084 3491 ut
3108 3422 3206 3495 ille
3238 3423 3344 3500 ait,
3370 3425 3589 3506 1)th

1932 3502 2405 3561 misericordiam
2454 3512 2510 3562 et
2544 3507 2850 3575 judicium
2899 3511 3189 3583 Dominus
3218 3513 3289 3579 5',
3400 3502 3587 3589 modo

1932 3596 2068 3664 post
2112 3597 2431 3665 peccatum
2484 3598 2704 3669 reperit
2763 3604 2817 3655 te
2871 3599 3186 3675 humilem,
3238 3605 3586 3680 contritum,

1930 3696 2123 3753 prava
2137 3698 2323 3754 opera
2333 3684 2592 3741 multum
2604 3685 3043 3759 deplorantem,
3061 3691 3113 3762 5
3123 3692 3323 3765 aoac
3340 3708 3421 3751 ea
3449 3709 3587 3769 qua

1928 3769 2089 3825 clam
2124 3771 2283 3827 facta
2307 3778 2444 3828 sunt
2466 3774 2851 3845 evulgantem
2869 3778 3015 3835 citra
3024 3780 3343 3851 pudorem,
3364 3796 3588 3857 εοεᾳςιυ

1930 3863 2050 3914 tem
2076 3858 2286 3916 fratres
2318 3862 2418 3918 tibi
2447 3868 2510 3918 ut
2535 3864 2652 3919 sint
2681 3864 3032 3936 adjumento
3059 3868 3138 3935 ad
3168 3869 3587 3947 accipide

1930 3947 2253 4015 medelam,
2288 3965 2411 4006 uno
2458 3951 2646 4008 verbo
2686 3954 2735 4009 si
2772 3955 3297 4029 commiseratione
3330 3959 3586 4031 dignum

1930 4037 2163 4103 viderit,
2209 4037 2450 4095 abunde
2490 4040 2598 4096 tibi
2637 4058 2813 4099 suam
2855 4043 3228 4119 impertietu;
3246 4048 3587 4121 misericor-

1930 4126 2118 4184 diam.
2151 4128 2207 4183 Si
2236 4144 2380 4185 vero
2410 4145 2514 4185 cor
2550 4133 2839 4203 poenitere
2866 4134 3161 4213 nescium,
3192 4142 3460 4203 mentem
3480 4155 3587 4209 ἣν-

1930 4215 2204 4288 perbam,
2232 4218 2506 4275 animum
2520 4218 2718 4277 futuro
2749 4221 2970 4280 saeculo
2986 4239 3107 4281 non
3125 4225 3488 4299 credentem,
3504 4244 3585 4301 ac

1928 4304 2165 4361 nullum
2201 4306 2411 4377 judicii
2461 4308 2741 4365 timorem
2798 4315 3193 4386 conspexerit,
3224 4320 3366 4383 mne
3402 4317 3469 4385 in
3519 4321 3584 4389 te

1925 4394 2222 4465 judicium
2265 4394 2472 4467 diligit.
2507 4400 2593 4454 lta
2622 4399 2785 4454 enim
2806 4399 3005 4461 bonus
3029 4417 3099 4457 ac
3122 4402 3432 4475 humanus
3452 4421 3583 4475 mg-

1928 4483 2100 4540 dicus
2131 4484 2409 4542 fomentis
2450 4487 2620 4559 prius
2650 4504 2722 4543 ac
2751 4489 3031 4545 remediis
3076 4489 3358 4553 mollibus
3382 4495 3583 4567 tumo-

1927 4588 2057 4629 rem
2079 4574 2287 4631 sedare
2305 4582 2556 4632 conatur
2587 4594 2601 4632 :
2630 4582 2956 4651 postquam
2974 4594 3109 4635 vero
3131 4578 3339 4649 viderit
3353 4581 3581 4658 molem

1928 4662 2075 4717 nihil
2125 4663 2445 4731 remittere,
2524 4670 2705 4739 atque
2774 4666 3121 4739 induratam
3168 4669 3388 4743 reniti;
3450 4677 3581 4747 tum

1928 4748 2176 4807 demum
2206 4752 2442 4823 rejectis
2474 4753 2606 4810 oleo
2645 4771 2718 4810 ac
2753 4755 3024 4817 molliore
3050 4758 3301 4831 curandi
3322 4760 3579 4835 ratione,

1928 4837 2069 4895 ferri
2123 4855 2303 4897 usum
2364 4842 2722 4916 adhibetur)
2777 4844 2850 4899 lis
2904 4845 3089 4919 enim,
3132 4847 3242 4919 qui
3268 4864 3343 4921 ex

1929 4926 2170 4984 casibus
2196 4945 2355 5001 saepe
2376 4930 2802 4987 misericordia:
2846 4932 3065 4990 divinae
3098 4936 3382 5007 praesidio
3402 4938 3583 4996 erecti

1930 5021 2092 5084 sunt,
2123 5033 2194 5075 ac
2223 5017 2440 5077 deinde
2468 5018 2913 5093 inﬁrmitatibus
2954 5024 3357 5109 succubuere,
3384 5026 3582 5095 mina-

2006 5449 2082 5524 (3)
2124 5448 2209 5524 ΕΧ
2234 5447 2401 5505 hom.
2434 5451 2508 5524 in
2524 5452 2684 5522 psal.
2713 5467 2883 5524 χχχιι,
2914 5454 3037 5510 134.

2004 5522 2083 5593 (4)
2124 5521 2379 5594 Uterque
2402 5521 2593 5597 codex
2609 5524 2836 5583 indicat
2858 5521 3183 5599 comment.
3211 5526 3275 5593 in
3294 5525 3411 5586 Isa.
