4056 6222
193 372 320 426 1233

1286 370 1515 428 SERMO
1559 371 1696 425 VIII.
1739 397 1806 411 --
1845 370 1936 428 DE
1977 372 2440 430 POENITENTIA.

3401 338 3536 433 {-234

184 495 406 563 πλείονα,
455 497 544 546 καὶ
600 498 720 566 πρὶν
776 493 1098 566 ὑποϐρύχιον
1146 496 1386 565 γενέσθαι
1433 497 1492 546 τὸ
1546 495 1757 565 σκάφος,

1879 493 2027 549 dum
2071 495 2271 552 adhuc
2314 502 2550 569 tempus
2594 502 2700 565 est,
2735 504 3060 572 antequam
3111 500 3186 554 ad
3227 500 3532 571 integrum

184 582 392 642 ἐκϐολὴν
444 584 758 641 ποιησάσθω
805 592 902 635 τῶν
959 582 1259 656 ἀγωγίμων,
1309 583 1343 635 ἃ
1396 588 1498 655 μὴν
1553 579 1772 644 δεόντως

189 672 428 735 συνέλεξε.
496 675 571 724 Τὰ
645 676 904 746 χρήματα
983 672 1293 731 ἐκϐληθέντα
1375 672 1578 742 καλῶς,
1655 675 1772 723 οὔτε

186 761 463 815 ἀπόλλυται
514 769 625 823 τοῖς
681 759 955 814 ἐκϐαλοῦσι
1007 767 1095 813 καὶ
1145 761 1396 835 ῥίψασινο
1441 761 1550 813 ἀλλ’
1597 763 1770 834 ὥσπερ

185 851 251 914 εἰς
291 848 516 913 ὁλκάδας
570 850 728 912 ἄλλας
773 849 1160 925 ἀσφαλεστέρας
1207 853 1346 911 τινας
1391 853 1482 911 τὰς
1527 858 1627 902 τῶν
1678 868 1771 901 πει

180 946 340 998 νήτων
394 942 680 1013 μεταθέντα
734 943 1011 1015 γαστέρας,
1063 936 1407 1007 διασώζεται,
1456 944 1546 992 καὶ
1595 940 1769 1010 φθάνει

180 1033 307 1103 πρὸς
345 1029 550 1102 λιμένας
597 1028 827 1096 ἐλθόντα,
854 1034 942 1081 καὶ
991 1029 1299 1100 φυλάττεται
1346 1035 1451 1089 τοῖς
1494 1025 1770 1080 ἐκϐαλοῦσι

179 1123 391 1191 κόσμος.

253 1388 302 1438 9.
338 1386 412 1438 Τά
457 1387 558 1459 γὰρ
606 1391 783 1460 χρόνῳ
836 1387 1184 1460 κρατυνθέντα
1234 1386 1371 1444 πάθη
1421 1391 1621 1458 πρῶτον
1675 1386 1764 1454 μὲν

180 1478 367 1546 χρόνον
417 1471 588 1527 δεῖται
634 1478 765 1548 πρός
811 1479 904 1534 την
955 1471 1274 1548 διόρθωσιν·
1310 1477 1486 1526 ἔπειτα
1534 1472 1763 1544 ἰσχυρᾶς

180 1568 265 1614 καὶ
307 1562 638 1636 εὐτονωτέρας
688 1560 974 1634 διαγωγῆς,
1017 1564 1060 1616 εὶ
1090 1562 1265 1634 μελλοι
1312 1582 1392 1623 τις
1427 1568 1520 1613 τού
1565 1559 1764 1632 βάθους

177 1650 332 1704 αὑτοῦ
371 1653 754 1716 καθικνεῖσθαι,
803 1655 936 1706 ὥστε
990 1651 1250 1726 προριδιζα
1288 1649 1466 1713 ἐξελεῖν
1514 1651 1580 1700 τὰ
1634 1653 1762 1722 χρό’

174 1760 245 1811 νῳ
323 1749 505 1816 μακρῷ
568 1747 678 1802 ταῖς
740 1739 950 1812 ψυχαῖς
1013 1740 1374 1815 ὶρριζωθὲντα.
1435 1740 1661 1795 Τοιαύτη
1729 1740 1759 1796 ἡ

1881 584 2125 640 exitium
2175 588 2502 658 perveniat,
2535 588 2798 660 deponat
2826 589 3119 660 majorem
3153 589 3530 645 sarcinarum

1880 681 2131 747 partem,
2164 681 2217 731 et
2266 677 2619 748 priusquam
2666 679 2836 732 navis
2882 679 3327 748 submergatur,
3377 696 3530 734 mer-

1881 764 2040 819 cium
2071 765 2350 821 indecore
2382 771 2800 835 congestarum
2845 767 3195 836 cjeetionem
3225 767 3420 823 faciat.
3454 769 3527 836 (tt)

1880 854 2083 927 Neque
2114 871 2253 910 vero
2283 856 2551 927 pecuniis
2591 856 2780 927 probe
2821 857 3021 926 ejecta}
3060 861 3314 928 pereunt
3342 858 3528 913 etfun-

1879 943 2160 1000 dentibus
2204 962 2273 1000 ac
2325 945 2821 1017 projicientibus;
2880 948 2983 1000 sed
3025 947 3202 1016 quasi
3258 947 3317 1000 in
3378 947 3526 1003 alias

1877 1034 2178 1105 quasdam
2206 1033 2514 1091 onerarias
2559 1051 2746 1090 naves
2778 1034 3043 1099 tutiores,
3077 1050 3412 1106 pauperum
3444 1036 3524 1090 vi—

1877 1122 2090 1178 delicet
2147 1128 2404 1191 ventres,
2459 1127 2780 1195 cxportatae
2837 1127 3290 1191 conservantur,
3335 1127 3393 1178 et
3447 1125 3526 1181 ad

1877 1218 2085 1283 portus
2133 1214 2504 1283 perveniunt,
2552 1213 3091 1284 custodiunturque
3137 1212 3524 1281 jacientibus,

1875 1301 2095 1373 quibus
2121 1306 2474 1358 ornamento
2508 1307 2666 1358 sunt.

1947 1395 1996 1445 0.
2039 1391 2114 1460 (ὅ)
2146 1394 2432 1462 Tempore
2477 1389 2866 1447 corroborata
2893 1390 3056 1446 mala
3101 1390 3367 1460 primum
3396 1392 3525 1462 qui~

1873 1479 2014 1535 dem
2057 1484 2323 1551 tempore
2364 1479 2635 1549 indigent
2668 1484 2729 1534 ut
2773 1485 3097 1544 sanentur;
3130 1478 3348 1534 deinde
3389 1479 3524 1535 forti

1873 1584 1946 1624 ac
1990 1569 2168 1624 tirma
2221 1568 2439 1638 agendi
2470 1570 2718 1635 ratione,
2751 1567 2801 1622 si
2838 1567 2974 1639 quis
3028 1567 3161 1622 velit
3204 1567 3279 1622 ad
3328 1566 3519 1623 imum

1871 1657 2070 1729 ipsum
2121 1658 2490 1728 pertingere,
2540 1657 2693 1712 adeo
2741 1660 2806 1711 ut
2859 1656 3143 1712 radicitus
3193 1655 3523 1712 evelluntur

1873 1762 2010 1820 quae
2035 1746 2217 1816 longo
2247 1751 2515 1819 tempore
2544 1747 2602 1803 in
2633 1747 2852 1803 animis
2879 1747 3112 1803 radices
3139 1751 3407 1816 egerunt.
3440 1748 3520 1814 (6)

178 1828 394 1902 ἐμμελὴς
444 1837 542 1882 τῶν
590 1836 886 1888 Νηνευῑτὼν
935 1831 1208 1902 μετάνοια,
1253 1834 1344 1881 καὶ
1397 1829 1426 1885 ἡ
1490 1831 1621 1900 σοφή
1676 1831 1757 1879 καὶ

1878 1836 2043 1893 Haud
2077 1836 2374 1892 absimilis
2399 1835 2508 1892 fuit
2536 1851 2778 1892 summa
2800 1835 2901 1892 illa
2938 1835 3334 1907 absolutaque
3363 1835 3518 1892 Nini—

176 1922 541 1992 πεπυκνωμίνη
611 1917 784 1990 θλίψις
845 1917 1008 1978 ίκείνη
1038 1960 1052 1982 ,
1119 1920 1232 1980 ἣτις
1297 1914 1420 1970 oriri“:
1479 1919 1544 1970 τα
1603 1915 1768 1987 ἄλογα

179 2004 450 2066 ἀσυνετελῆ
518 2014 615 2070 τῆς
681 2011 936 2081 τιμωρίας
996 2005 1226 2080 ἀφῆκεν
1297 2004 1424 2058 ἀλλά
1481 2007 1569 2057 καὶ
1633 2003 1766 2056 αύτά

177 2093 307 2168 βοᾶν
349 2093 401 2158 ἐξ
439 2094 670 2168 ἀνάγκης
712 2093 1111 2168 ἐμηχανήσατο.
1166 2095 1465 2169 Ἐχωρίσθη
1519 2095 1621 2168 γὰρ
1669 2100 1763 2154 τῆς

175 2183 305 2257 βοὸς
341 2186 367 2237 ό
405 2189 635 2257 μόσχος,
679 2184 922 2244 ἀπηλάθη
967 2194 1056 2246 τῆς
1104 2190 1351 2257 μητρῴας
1397 2183 1558 2244 θηλῆς
1596 2183 1622 2233 ό
1665 2179 1763 2255 ἀρ-

170 2278 336 2335 νειός·
366 2269 581 2326 παιδίον
624 2272 900 2346 ἐπιμάζιον
951 2275 1045 2326 οὐκ
1084 2275 1146 2332 ἧν
1194 2272 1244 2325 ἐν
1283 2279 1393 2332 ταῖς
1445 2279 1540 2332 τῆς
1591 2272 1764 2324 τεκού-

175 2381 274 2424 σης
314 2361 564 2434 ἀγκάλαις
606 2358 956 2416 ἐπιδεικνύναι
984 2379 997 2392 ⁸
1051 2366 1212 2435 φωναὶ
1261 2357 1320 2414 δε
1365 2362 1510 2434 παρὰ
1559 2362 1761 2411 πάντων

171 2452 374 2524 οἰκτραὶ
438 2451 681 2514 ἀλλήλαις
748 2451 1064 2505 ἀντιϐοώσαι
1123 2456 1214 2504 καὶ
1271 2450 1624 2522 ἀντηχοῦσαι.
1685 2452 1762 2501 Td:

170 2546 320 2594 τέκνα
371 2541 694 2614 λιμώττοντα
727 2545 818 2603 τὰς
868 2545 1040 2614 πηγὰς
1095 2541 1266 2603 ἐζήτει
1323 2548 1414 2592 τοῦ
1469 2539 1755 2611 γάλακτος·

171 2633 228 2683 αἱ
275 2634 489 2704 μητέρες
541 2639 614 2703 τῷ
664 2651 867 2704 φυσικῳ
924 2633 1078 2684 πάθει
1131 2628 1564 2701 διακοπτόμεναι,
1620 2647 1759 2700 συμ-

165 2721 359 2773 παθέσι
425 2727 613 2794 φωναῖς
673 2720 1010 2773 ἀνεκαλοῦντο
1064 2722 1131 2773 τὰ
1185 2721 1405 2791 ἔγγοναο
1470 2719 1536 2770 τά
1593 2715 1757 2792 βρέφη

168 2811 304 2862 κατὰ
363 2813 450 2863 τὸν
515 2812 690 2883 ὅμοιον
750 2815 938 2884 τρόπον
1003 2809 1360 2883 λιμώττοντα,
1422 2803 1760 2880 σφοδροτάτῳ

166 2898 416 2972 κλαυθμῷ
474 2898 848 2975 ἀνερρήγνυντο
896 2904 986 2952 καὶ
1044 2897 1367 2973 ἀπέσπαιρον
1395 2915 1408 2928 ’
1469 2900 1523 2949 αἱ
1574 2903 1759 2949 τεκού-

169 3007 261 3042 σαι
344 2996 460 3051 ταῖς
544 2996 790 3062 φυσικαῖς
872 2985 1138 3062 ἀλγηδόσι
1220 2993 1612 3040 κατεκεντούντο
1695 2987 1761 3037 τά

166 3077 454 3150 σπλάγχνα
515 3077 573 3130 Ὀ
624 3077 922 3151 πρεσϐύτης
983 3078 1061 3131 ἐπ’
1114 3077 1314 3131 ἐκείνων
1365 3078 1604 3150 ἐθρήνει,
1671 3079 1761 3126 καὶ

161 3171 260 3224 τήν
331 3167 511 3219 πολιὰν
586 3166 746 3221 ἔτιλλε
814 3171 904 3220 καὶ
971 3166 1307 3241 ἐσπάραττεν.

158 3261 254 3308 καὶ
323 3253 610 3328 ἀκμάζων,
676 3252 1022 3332 σφοδρότερον
1092 3251 1399 3328 ἀπωδύρετο
1431 3271 1442 3285 ·
1513 3256 1540 3306 ό
1606 3257 1761 3315 πένης

157 3344 466 3408 ἐστέναξεν·
540 3346 566 3397 ό
630 3344 883 3406 πλούσιος
946 3343 1306 3418 ἐπιλαθόμενος
1367 3351 1455 3404 τῆς
1521 3349 1757 3417 τρυφῆς,

157 3439 319 3493 ἤσκει
378 3439 469 3493 τὴν
531 3435 882 3488 κακοπάθειαν
945 3437 1010 3496 ὡς
1070 3440 1330 3508 σώφρονα.
1382 3432 1440 3485 Ὀ
1509 3430 1760 3504 βασιλεὺς

157 3523 353 3589 αὐτῶν,
383 3528 474 3582 τὴν
516 3523 862 3600 λαμπρότητα
907 3527 998 3576 καὶ
1039 3529 1134 3581 τὴν
1173 3520 1332 3586 δόξαν
1379 3522 1452 3584 εἰς
1495 3522 1757 3592 αἰσχύνην

155 3611 451 3684 μετέϐαλεν.
520 3613 761 3666 Ἀπέθετο
825 3615 912 3666 τὸν
977 3616 1245 3684 στέφανον,
1311 3616 1424 3678 καὶ,
1464 3614 1603 3662 κόνιν
1668 3616 1758 3670 τῆς

153 3701 380 3773 κεφαλῆς
418 3702 494 3772 (Ἰ)
540 3706 818 3774 κατεχέετο
842 3723 854 3736 ·
897 3705 990 3761 τὴν
1037 3697 1328 3774 ἁλουργίδα
1350 3699 1527 3775 ῥίψας,
1563 3700 1756 3752 σάκκον

154 3793 595 3862 μετημφιάσατο⁶
644 3795 730 3844 τὸν
798 3793 974 3866 θρόνον
1038 3794 1126 3844 τὸν
1171 3789 1391 3862 ’ὑψηλὸν
1460 3788 1604 3862 ἀφεὶς
1667 3791 1756 3839 καὶ

152 3885 434 3953 μετέωρον,
484 3879 705 3943 ἐλεεινῶς
759 3888 820 3953 τῇ
885 3888 953 3953 γῇ
1015 3881 1404 3954 προσεσύρετο·
1466 3882 1559 3936 τὴν
1619 3873 1755 3928 ἰδιά-

152 3970 358 4031 ζουσαν
423 3974 512 4022 καὶ
576 3968 862 4042 βασιλικὴν
921 3969 1217 4022 καταλιπὼν
1277 3968 1578 4022 εὐστάθειαν
1645 3965 1751 4035 (2),

150 4060 463 4132 συνεθρήνει
508 4067 580 4131 τῷ
634 4056 789 4132 δήμῳ
819 4076 831 4090 ⁸
889 4060 958 4122 εἷς
1011 4057 1204 4130 ἐγένετο
1256 4066 1356 4111 τῶν
1402 4055 1621 4124 πολλῶν,
1671 4056 1753 4106 ὅτε

147 4151 246 4201 τὸν
303 4151 473 4200 κοινὸν
534 4149 740 4201 πάντων
807 4152 1070 4207 Δεσπότην
1137 4147 1336 4200 ἔϐλεπεν
1397 4145 1748 4220 ὀργιζόμενον.

144 4244 324 4291 Τοῦτο
388 4233 586 4290 δούλων
649 4237 972 4296 εὐαισθήτων
1037 4241 1293 4310 φρόνημα.
1360 4238 1585 4292 Τοιαύτη
1653 4240 1752 4286 τῶν

147 4325 444 4399 ἁμαρτίαις
499 4325 812 4400 ἐνεχομένων
874 4328 904 4385 ἡ
960 4328 1242 4399 μετάνοια·
1305 4327 1387 4377 ἵνα
1436 4321 1528 4378 διὰ
1580 4325 1754 4383 πάσης

145 4415 363 4476 ἡλικίας
414 4416 444 4474 ἡ
490 4417 865 4489 σκυθρωπὸτης
912 4421 1170 4490 κρατήσῃ,
1223 4415 1530 4486 αἰσθομένης
1576 4432 1629 4466 τε
1663 4417 1753 4464 καὶ

145 4505 509 4572 ἀναισθήτου,
553 4512 649 4568 τῆς
700 4507 791 4578 μὲν
841 4507 978 4558 κατά
1025 4508 1350 4581 προαίρεσιν,
1389 4511 1482 4564 τῆς
1534 4499 1592 4555 δὲ
1639 4501 1753 4554 κατ’
1788 4541 1830 4598 D

143 4593 414 4666 ἀνάγκην.
473 4596 568 4647 Διά
619 4601 775 4647 τοῦτο
828 4591 956 4648 ἰδὼν
1000 4594 1189 4656 αύτούς
1235 4594 1262 4645 ό
1309 4595 1440 4654 Θεὸς
1477 4591 1613 4644 ούτω
1658 4609 1755 4643 τα-

140 4685 520 4748 πεινωθέντας,
565 4686 634 4746 ὡς
691 4681 775 4737 ἐπὶ
823 4682 1238 4759 ύπερϐαίνουσαν
1305 4682 1496 4734 ἑαυτῶν
1568 4679 1756 4732 ταλαι-

139 4776 364 4848 πωρίαν
395 4779 626 4845 παγγενῆ
660 4776 1093 4849 κατακρίναντας,
1118 4775 1209 4825 καὶ
1254 4775 1312 4824 τὸ
1352 4771 1519 4832 πάθος
1546 4768 1756 4833 ἠλέησε,

139 4867 244 4917 καὶ
296 4869 396 4923 τῆς
440 4867 695 4936 τιμωρίας
739 4859 914 4929 ἀνῆκε,
956 4881 1046 4913 και
1090 4864 1149 4914 τὸ
1191 4864 1400 4935 χαίρειν
1449 4857 1756 4930 ἐδωρήσατο

139 4959 263 5012 τοῖς
296 4951 622 5013 εὶαισθητως
649 4952 991 5010 πενθήσασιν.
1034 4947 1200 5004 Ἵδιον
1237 4951 1338 5023 γὰρ
1365 4957 1457 5010 τῆς
1502 4956 1592 5000 τοῦ
1624 4954 1758 5000 Θεοῦ

141 5041 572 5114 φιλανθρωπίας,
626 5043 684 5092 τὸ
737 5045 808 5113 μὴ
873 5047 1042 5112 σιωπῇ
1098 5042 1192 5101 τὰς
1240 5037 1478 5099 κολάσεις
1526 5037 1755 5108 ἐπάγειν,

141 5129 288 5182 ἀλλὰ
347 5131 756 5204 προκηρύσσειν,
817 5124 911 5180 διὰ
969 5137 1069 5180 τῶν
1134 5125 1353 5180 ἀπειλῶν
1411 5125 1761 5200 ⁴προκαλούμε-

137 5239 233 5282 νος
278 5219 363 5291 (3)
421 5217 490 5281 εἰς
533 5220 808 5291 μετάνοιαν
849 5221 971 5278 τούς
1016 5218 1420 5292 ἡμαρτηκότας·
1477 5215 1612 5268 οὕτω
1656 5218 1758 5290 γὰρ

221 5345 313 5416 (1)
354 5349 461 5406 τῆς
509 5341 752 5416 κεφαλῆς.
802 5341 972 5416 Editi,
1002 5341 1084 5395 ἐπὶ
1129 5350 1225 5405 τῆς
1270 5340 1510 5414 κεφαλῆς.
1555 5339 1758 5398 Melius

136 5417 210 5474 in
235 5413 536 5487 'cOntextu
561 5413 748 5487 quem
774 5413 961 5487 secuti
992 5429 1224 5487 sumus.

224 5486 314 5559 (2)
356 5483 696 5540 Εύστάθῖιαν.
735 5485 912 5559 [laud
947 5486 1132 5556 paulo
1179 5483 1570 5559 meliorth
1619 5483 1761 5541 scri-

134 5555 367 5633 ptura,
393 5572 581 5633 quam
612 5556 779 5633 quod
807 5556 869 5633 in
899 5555 1031 5633 ipso
1059 5560 1340 5633 contextu
1369 5555 1661 5633 εὐπάθειαν.

223 5628 313 5701 (3)
360 5626 751 5757 Πέοκαλούμενο
762 5648 802 5689 ς.
817 5626 1137 5684 Contextus
1151 5626 1591 5700 προκαλουμένου.
1607 5629 1762 5686 Uter-

223 5715 278 5757 ιθ
312 5714 389 5757 co
437 5715 510 5757 ex
537 5698 1007 5757 προσκαλούμενος.

133 5698 278 5774 que
312 5698 510 5758 codex
537 5698 1007 5775 προσκαλούμενος.

1875 1927 2131 1983 vitarum
2177 1925 2546 1998 poenitentia,
2581 1929 2759 1998 atque
2782 1924 3048 1996 prudens
3073 1925 3520 1996 vehemensque

1873 2031 2083 2074 eorum
2114 2014 2443 2080 afﬂictatio,
2473 2031 2610 2087 quae
2655 2031 2732 2072 ne
2759 2014 2939 2071 bruta
2974 2013 3220 2087 quidem
3251 2014 3520 2071 animan-

1871 2106 1956 2163 tia
1997 2120 2032 2162 a
2080 2105 2275 2177 poenis
2320 2104 2618 2162 immunia
2655 2103 2908 2160 exemit:
2952 2102 3062 2159 sed
3089 2118 3162 2160 ea
3189 2105 3372 2160 etiam
3416 2119 3518 2161 ne-

1873 2193 2134 2252 cessario
2177 2191 2441 2250 clamare
2472 2193 2720 2250 artiﬁcio
2763 2192 3035 2265 quodam
3083 2193 3304 2263 adegit.
3336 2195 3517 2266 Sepa-

1871 2288 2038 2341 ratus
2079 2297 2348 2354 namque
2379 2285 2470 2339 est
2510 2280 2731 2338 vitulus
2759 2297 2796 2338 a
2824 2296 3032 2348 vacca,
3063 2285 3330 2339 semotus
3367 2285 3456 2338 est
3483 2298 3521 2338 a
3567 2340 3580 2354 ,

1873 2376 2145 2429 materno
2195 2372 2377 2427 ubere
2424 2385 2639 2440 agnus,
2666 2385 2817 2442 puer
2856 2368 3083 2425 lactens
3125 2369 3186 2425 in
3233 2371 3520 2426 maternis

1870 2461 2029 2517 ulnis
2061 2459 2309 2516 minime
2355 2459 2872 2530 conspiciebatur;
2907 2474 3086 2514 voces
3114 2474 3253 2514 vero
3289 2459 3520 2516 emitte-

1869 2549 2093 2605 bantur
2122 2547 2200 2604 ab
2226 2547 2512 2604 omnibus
2541 2547 2932 2617 miserabiles,
2963 2547 3226 2603 vicissim
3255 2547 3518 2604 claman-

1870 2643 1978 2709 tes,
2009 2653 2078 2694 ac
2107 2641 2484 2694 resonantes.
2516 2639 2724 2692 Partus
2767 2636 3096 2692 esurientes
3124 2636 3292 2693 lactis
3321 2635 3518 2695 fontes

1871 2726 2257 2800 quaerebant;
2290 2729 2512 2782 matres
2545 2724 2806 2782 naturali
2833 2724 3146 2781 affectione
3176 2725 3517 2798 discerptae,

1869 2816 2118 2873 vocibus
2173 2815 2762 2873 commiserationem
2817 2830 2989 2870 suam
3041 2813 3518 2883 signiﬁcantibus

1868 2905 2235 2964 revocabant
2275 2904 2450 2961 fetus.
2491 2903 2784 2959 Eumdem
2831 2903 2906 2958 ad
2962 2903 3216 2958 modum
3259 2903 3517 2958 infantes

1868 2995 2027 3052 fame
2056 2993 2424 3056 laborantes,
2453 2991 2681 3061 ejulatu
2720 2990 3250 3047 vehementissimo
3285 2989 3520 3062 frange-

1869 3085 2109 3151 bantur,
2159 3080 2676 3155 palpitabantque,
2724 3085 2782 3138 et
2823 3085 3089 3136 matrum
3135 3079 3365 3136 viscera
3413 3096 3518 3136 na-

1373 3165 1432 3218 ⁸0
1497 3168 1757 3224 νεανίσκος

1871 3173 2164 3232 turalibus
2207 3170 2520 3228 doloribus
2567 3170 3152 3242 eompungebantur.
3191 3174 3344 3226 tnter
3385 3170 3519 3227 illos

1866 3263 2049 3321 ﬂebat
2095 3278 2297 3331 senex,
2332 3266 2388 3317 et
2430 3275 2614 3317 canos
2661 3259 2939 3330 vellebat,
2990 3258 3512 3332 discerpebatque.

1868 3351 2252 3419 Adolescens,
2286 3354 2341 3406 et
2381 3349 2488 3422 qui
2525 3348 2758 3405 ﬂorenti
2799 3352 2970 3404 aetate
3015 3352 3161 3415 erat,
3190 3349 3518 3406 vehemen-

1867 3442 1981 3498 tius
2028 3439 2508 3504 lamentabatur;
2547 3437 2980 3507 ingemiscebat
3018 3453 3285 3510 pauper;
3328 3438 3513 3510 dives,

1867 3529 2216 3586 deliciarum
2262 3527 2503 3598 oblitus,
2537 3527 2909 3583 afﬂictationi
2934 3531 3000 3584 ut
3039 3527 3216 3583 bonae
3247 3544 3310 3583 se
3338 3528 3515 3585 dede—

1865 3619 1988 3676 bat.
2030 3622 2152 3675 Rex
2196 3618 2466 3690 ipsorum
2503 3615 2888 3688 splendorem
2935 3615 3313 3688 gloriamque
3355 3620 3515 3674 tran-

1865 3708 2148 3765 smutavit
2177 3707 2238 3762 in
2271 3705 2719 3761 verecundiam.
2753 3705 3032 3776 Deposita
3061 3721 3303 3767 corona,
3331 3711 3515 3777 caput

1863 3797 2060 3854 cinere
2084 3794 2393 3866 inspersit;
2425 3809 2696 3866 purpura
2723 3792 2981 3863 abiecta,
3008 3793 3201 3849 induit
3229 3809 3508 3850 saccum:

1864 3886 2078 3942 throno
2109 3883 2227 3940 alto
2258 3887 2315 3939 et
2344 3882 2588 3939 sublimi
2616 3882 2915 3946 derelicto,
2948 3881 3274 3938 miserabili
3299 3882 3512 3947 habitu

1860 3974 2028 4032 humi
2071 3971 2319 4045 repebat
2346 3989 2359 4027 :
2393 3971 2709 4044 repudiata
2745 3971 2991 4044 propria
3021 3987 3091 4027 ac
3120 3971 3286 4041 regia
3315 3972 3511 4041 gravi-

1861 4068 1999 4134 tate,
2033 4062 2277 4134 lugebat
2307 4077 2446 4117 cum
2484 4060 2732 4133 populo,
2761 4077 2918 4116 unus
2943 4076 2974 4116 e
3000 4060 3203 4116 multis
3233 4061 3426 4117 factus
3455 4066 3513 4117 et

1861 4153 2150 4227 plebeius,
2181 4151 2346 4223 quod
2378 4165 2766 4207 communem
2793 4150 3083 4206 Dominus
3126 4151 3400 4206 omnium
3430 4150 3512 4205 vi-

1861 4243 2026 4299 deret
2054 4242 2450 4317 iratumnllzec
2471 4245 2559 4296 est
2577 4255 2889 4295 servorum
2911 4255 3092 4295 sensu
3120 4239 3510 4310 praeditorum

1860 4330 2212 4404 prudentia:
2249 4329 2382 4385 talis
2410 4329 2729 4386 hominum
2775 4329 3038 4400 peccatis
3082 4327 3506 4399 implicitorum

1859 4417 2226 4491 pmnitentia,
2261 4421 2326 4471 ut
2350 4417 2586 4472 tristitia
2613 4419 2938 4487 occuparet
2966 4419 3196 4471 aetatem
3241 4430 3509 4481 omnem,

1863 4506 2386 4578 tumsentientem,
2405 4509 2531 4561 tum
2552 4519 2676 4560 non
2698 4503 3070 4570 sentientem,
3089 4502 3254 4558 illam
3274 4508 3507 4574 sponte,

1865 4595 2023 4652 hanc
2051 4599 2258 4668 praeter
2305 4593 2696 4650 voluntatem.
2733 4596 3048 4664 Propterea
3091 4607 3230 4647 cum
3267 4591 3514 4662 vidisset

1863 4687 2019 4740 Deus
2059 4683 2229 4756 ipsos
2258 4683 2343 4737 sic
2372 4682 2741 4748 humiliatos,
2773 4685 2836 4737 ut
2874 4680 3350 4738 condemnarent
3378 4696 3512 4738 sese

1866 4773 1946 4829 ad
1975 4772 2363 4842 gravissimas
2392 4771 2648 4826 mulctas
2695 4770 2894 4826 omnis
2922 4769 3175 4841 generis,
3204 4776 3260 4827 et
3288 4770 3513 4827 doloris

1865 4877 2074 4917 eorum
2105 4859 2383 4915 misertus
2405 4863 2511 4924 est,
2531 4863 2588 4914 et
2608 4874 2852 4930 pmnam
2873 4859 3118 4930 remisit,
3139 4865 3195 4916 et
3220 4859 3515 4930 gaudium

1866 4951 1936 5007 iis
1966 4951 2070 5023 qui
2098 4965 2246 5005 sano
2273 4948 2521 5004 consilio
2550 4948 2844 5010 luxerant,
2867 4948 3116 5019 largitus
3139 4954 3248 5008 est.
3276 4951 3349 5020 (7)
3381 4952 3517 5006 Pro-

1867 5041 2064 5115 prium
2087 5043 2173 5095 est
2191 5038 2350 5094 enim
2377 5039 2477 5093 Dei
2495 5038 2556 5093 in
2577 5038 2853 5094 homines
2879 5041 3101 5095 amoris
3124 5025 3516 5112 nequaquam

1869 5129 2101 5186 silentio
2131 5144 2344 5202 pmnas
2372 5129 2670 5196 irrogare:
2699 5127 2803 5184 sed
2829 5145 2931 5186 eas
2961 5130 3382 5202 praenuntiare,
3411 5143 3518 5201 per

1868 5219 2065 5274 minas
2082 5221 2425 5290 peccatores
2440 5215 2833 5288 provocando
2848 5218 2926 5274 ad
2938 5217 3378 5290 paenitentiam:
3395 5230 3520 5288 qua

1909 5344 2140 5427 “(QAIEX
2169 5341 2336 5397 hom.
2375 5341 2544 5408 Quod
2569 5341 2894 5399 mundanis
2932 5340 3360 5399 adhaerendum
3396 5355 3518 5397 non

1865 5417 1962 5477 sit,
1999 5417 2120 5469 t68.

1943 5486 2015 5556 (5)
2053 5487 2133 5539 Ex
2159 5482 2332 5556 epist.
2367 5498 2509 5548 CLVI,
2539 5487 2665 5539 245.

1943 5556 2020 5627 (6)
2062 5558 2141 5611 lix
2169 5555 2336 5612 hom.
2369 5555 2430 5610 in
2457 5557 2700 5625 famem,
2732 5557 2863 5621 etc.,
2897 5557 2988 5610 65.

1939 5631 2016 5700 ('7)
2059 5629 2142 5684 Ex
2169 5630 2494 5683 comment.
2521 5627 2584 5683 in
2617 5627 2759 5696 Isa.,
2791 5628 2915 5682 480.
