4068 6220
169 369 203 421 1
222 370 336 422 237

1376 372 1609 428 SERMO
1653 376 1741 430 IX.
1773 402 1842 414 —-
1871 374 1961 429 DE
2002 372 2377 429 ORATIONE.

3421 368 3555 422 1238

165 491 420 557 αἰώνιον,
454 496 545 543 καὶ
592 491 825 565 ἁπολαϐῃ
885 494 1095 554 ἕκαστος
1143 498 1277 547 κατὰ
1321 501 1413 554 τὴν
1472 498 1657 569 πρᾶξιν
1696 499 1779 550 αὗ-

1906 496 2243 553 secundum
2265 512 2373 552 sua
2393 495 2580 567 ipsius
2605 510 2791 565 opera
2817 492 3162 565 recipiet.(3)
3187 491 3374 547 Vobis
3392 506 3553 559 vero,

162 590 307 635 τοῦ.
363 580 505 653 Ὑμῖν
566 577 644 645 δὲ,
700 582 815 633 ὅσοι
864 580 1280 654 ἑπεστυγνασατε
1314 594 1374 657 τῇ
1437 585 1789 660 ἀσχημοσύνη

1679 676 1793 729 Ἐὰν

164 763 277 830 μὲν
312 756 463 816 ἴδητε
502 767 872 831 μετανοοῦντας
924 758 1007 813 ἐπὶ
1052 770 1111 833 τῇ
1169 762 1359 835 ἀτοπία
1410 773 1508 816 τῶν
1566 786 1794 839 πεπραγ-

163 678 291 721 τῶν
340 672 830 742 καταγνωσθέντων,
890 670 1048 723 ἐκεῖνο
1106 672 1432 746 ἐντελλόμεθα
1487 678 1564 745 (1)
1594 698 1605 709 ·

163 852 369 918 μένων,
424 849 801 919 συμπαθήσατε
856 850 926 909 ὡς
999 850 1206 910 οἰκείοις
1271 851 1446 923 μέλεσι
1510 859 1791 911 νενοσηκὸ-

167 955 304 988 σιν·
348 936 435 988 ἐὰν
494 932 553 988 δὲ
610 933 1168 1010 ἀπαυθαὸιαζομένους
1213 946 1300 992 καὶ
1347 952 1787 1016 καταφρονούντας

167 1034 281 1088 τῆς
334 1028 585 1099 ὑμετέρας
645 1024 724 1077 ἐπ’
781 1027 953 1087 αὐτοῖς
1004 1027 1171 1090 λύπης
1214 1032 1490 1098 αἴσθησθε,
1534 1032 1786 1094 Ἐξέλοετε

170 1116 241 1167 ἐκ
307 1118 469 1186 μέσου
532 1114 700 1165 αὐτῶν
758 1121 847 1167 καὶ
920 1116 1258 1191 ἀφορίσθητε,
1326 1126 1414 1171 καὶ
1489 1119 1785 1195 ἀκαθάρτου

177 1208 261 1276 μή
296 1204 565 1259 ἀπτησθε·
628 1205 692 1254 ἶν’
748 1206 913 1266 οὕτως
964 1208 1012 1257 οἱ
1050 1210 1139 1278 μὲν
1188 1206 1532 1280 ἐντραπέντες,
1580 1211 1650 1272 εἰς
1680 1210 1789 1263 ἐπί-

177 1312 384 1362 γνωσιν
414 1291 597 1344 ἔλθωσι
647 1301 740 1353 τῆς
796 1293 984 1354 οἰκείας
1013 1300 1199 1355 κακίας
1224 1312 1236 1323 ⁸
1292 1299 1436 1368 ὑμεῖς
1468 1295 1527 1350 δὲ
1552 1307 1642 1351 τοῦ
1683 1302 1786 1361 ςή-

181 1381 282 1433 λου
327 1388 418 1432 τοῦ
467 1384 628 1443 Φινεὲς
656 1386 743 1433 τὸν
773 1386 963 1454 μισθὸν
1002 1382 1328 1447 υποόἐξησοε
1365 1392 1509 1460 παρά
1546 1398 1635 1441 τοῦ
1676 1398 1783 1441 Σω-

181 1478 345 1543 τῆρος
374 1472 517 1541 ἡμῶν
552 1471 725 1527 Ἰησοῦ
754 1480 1009 1547 Χριστοῦ,
1122 1476 1150 1531 ἡ
1200 1471 1337 1537 ὂόζα
1371 1480 1543 1529 καὶτὸ
1573 1481 1782 1552 κράτος,

178 1566 276 1609 νῦν
317 1563 404 1610 καὶ
445 1556 545 1630 ἀεὶ,
587 1564 676 1612 καὶ
720 1560 792 1622 εἰς
835 1565 957 1624 τοὺς
1004 1562 1192 1623 αἰῶνας
1216 1573 1315 1616 τῶν
1342 1566 1557 1618 αἰώνων.
1603 1568 1781 1640 Ἀμήν.

683 1738 832 1785 ΠΕΡΙ
874 1739 1283 1790 ΠΡΟΣΕΥΧΗΣ.

814 1862 1031 1910 ΛΟΓΟΣ
1073 1858 1153 1916 e’.

244 1982 303 2035 1.
348 1984 459 2054 Χρὴ
516 1986 608 2039 τὴν
659 1988 964 2056 προσευχὴν
1030 1988 1100 2056 μὴ
1180 1983 1229 2037 ἐν
1298 1986 1577 2048 συλλαϐαῖς
1639 1992 1782 2061 ἡμᾶς

164 2065 489 2140 ἐκπληροῦν,
522 2066 754 2142 ἀδελφοὶ,
814 2070 940 2123 ἀλλὰ
987 2078 1288 2146 προαιρέσει
1337 2076 1527 2148 μᾶλλον
1568 2078 1775 2151 ψυχῆς,

165 2162 269 2209 καὶ
312 2159 532 2232 πράξεσι
594 2169 708 2221 ταῖς
773 2161 885 2213 κατ’
943 2162 1128 2235 ἀρετὴν
1184 2170 1340 2217 παντὶ
1378 2175 1450 2236 τῷ
1507 2166 1610 2239 βίῳ
1649 2190 1781 2244 παρ-

166 2252 567 2320 εκτεινομέναις.
619 2247 758 2303 Οὐδὲ
796 2254 897 2324 γὰρ
935 2254 1202 2325 ἡγούμεθα
1253 2257 1339 2306 τὸν
1381 2260 1508 2308 Θεὸν
1544 2265 1635 2317 τῆς
1687 2256 1781 2311 διὰ

164 2342 278 2387 τῶν
310 2337 468 2407 λογων
522 2340 855 2411 ὑπομνήσεως
904 2337 1133 2410 δεῖσθαι,
1179 2342 1285 2394 ἀλλ’
1332 2342 1524 2397 εἰδέναι
1578 2352 1665 2399 καὶ
1704 2353 1776 2421 μὴ

170 2424 461 2476 αἰτούντων
513 2429 659 2498 ἡμῶν
702 2430 765 2479 τὰ
809 2434 1081 2501 χρήσιμα.
1139 2431 1195 2483 ἸΙ
1249 2434 1347 2507 γὰρ
1398 2435 1509 2485 θεία
1548 2434 1678 2493 ἀκοὴ
1720 2437 1778 2488 οὐ

174 2522 349 2584 φωνῆς
381 2512 548 2567 δεῖται
573 2520 704 2590 πρὸς
733 2520 982 2576 αἴσθησιν
1006 2537 1019 2548 ·
1068 2517 1179 2572 οἶδε
1207 2524 1308 2595 γὰρ
1332 2528 1418 2574 καὶ
1450 2522 1497 2574 ἐν
1528 2532 1599 2575 τὼ
1639 2532 1781 2584 κινη-

171 2623 313 2673 ματι
374 2614 464 2666 τῆς
529 2604 755 2680 καρδίας
811 2614 1067 2682 γνωρίσαι
1132 2614 1197 2662 τὰ
1254 2610 1655 2685 ἐπιζητούμενα.
1709 2614 1778 2667 Ἦ

172 2692 277 2743 οὐκ
334 2697 554 2761 ακουεις,
613 2698 694 2747 ὅτι
752 2704 977 2757 Μωυσῆς
1031 2696 1198 2771 μηδὲν
1250 2702 1609 2773 φθεγγόμενος,
1651 2701 1779 2755 ἀλλὰ

169 2790 293 2842 τοῖς
357 2781 631 2845 ἀλαλήτοις
688 2786 871 2838 ἑαυτοῦ
940 2796 1247 2860 στεναγμοῖς
1308 2788 1640 2862 ἐντυγχάνων
1706 2801 1778 2863 τῷ

176 2876 381 2944 Κυρίῳ,
411 2876 620 2930 ἠκούετο
660 2877 803 2949 παρὰ
853 2884 945 2928 τοῦ
1002 2882 1195 2952 Κυρίου
1249 2878 1479 2950 λέγοντος
1504 2896 1515 2906 ⁵
1558 2886 1620 2933 Τί
1653 2881 1779 2953 βοᾷς

168 2964 311 3031 πρὸς
330 2966 421 3033 μέ;
456 2964 519 3013 Οἱ
544 2959 601 3014 δὲ
630 2961 678 3014 ἐν
710 2972 780 3034 τῷ
812 2963 915 3036 βίῳ
944 2967 1032 3037 μὲν
1053 2963 1219 3038 μηδὲν
1240 2970 1626 3043 κατορθοῦντες,
1650 2970 1697 3023 ἐν
1722 2968 1780 3025 δὲ

167 3056 239 3121 τῇ
276 3053 566 3124 παρατάσει
602 3060 696 3123 τῇς
740 3064 1047 3127 προσευχῆς
1086 3057 1381 3128 νομίζοντες
1412 3054 1775 3129 δικαιοῦσθαι,

164 3141 372 3191 τούτων
420 3138 745 3193 ἁκουέτωσαν
803 3151 901 3194 τῶν
978 3146 1260 3217 ῥημάτων·
1315 3145 1474 3199 Ὀταν
1518 3152 1611 3212 τὰς
1654 3157 1773 3221 χεῖ-

165 3248 275 3301 ρας
349 3230 487 3300 ὑμῶν
561 3229 815 3288 ἐκτείνητε
898 3237 1023 3307 πρὸς
1087 3238 1191 3305 μὲ,
1268 3234 1584 3311 ama-795'qu
1659 3244 1775 3300 τοὺς

170 3316 470 3389 ὀγθαλμους
530 3340 628 3382 μου
683 3320 765 3391 αφ’
832 3323 1007 3392 ὑμῶν*
1065 3329 1154 3375 καὶ
1216 3324 1298 3377 ἐὰν
1352 3326 1642 3384 πληθυνητε
1682 3333 1773 3387 τὴν

174 3403 385 3475 δέησιν,
449 3409 541 3459 οὐκ
599 3412 973 3483 είσακούσομαε
1065 3414 1226 3484 ὑμῶν,
1296 3415 1369 3466 Ου
1427 3419 1527 3489 γὰρ
1605 3417 1774 3478 ἁπλῶς

178 3498 249 3546 τα
311 3501 518 3569 ρήματα
582 3508 676 3561 τῆς
742 3510 1043 3571 προσευχῆς
1114 3502 1311 3573 ὠφελεῖ,
1363 3503 1491 3555 ἀλλὰ
1546 3510 1603 3557 τὸ
1644 3510 1776 3578 μετά

178 3582 471 3646 σπουδαίας
538 3584 821 3650 διαθέσεως
879 3588 1291 3662 ἀναπέμπεσθαι.
1374 3592 1512 3645 Ἐπεὶ
1569 3601 1657 3646 καὶ
1714 3596 1773 3648 '0

176 3681 458 3746 Φαρισαῖος
519 3685 684 3729 ταυτα
756 3683 887 3750 πρὸς
969 3680 1148 3732 ἑαυτὸν
1213 3685 1570 3753 προσηύχετο,
1647 3685 1774 3756 οὐχὶ

174 3766 309 3837 πρὸς
373 3769 483 3829 τὸν,
508 3770 669 3817 Θεον·
734 3765 1056 3840 ἐπανήρχετο
1094 3772 1193 3841 γὰρ
1232 3773 1359 3843 πρὸς
1399 3770 1601 3840 ἑαυτὸν,
1643 3771 1773 3825 ἐπεί-

174 3872 271 3925 περ
321 3851 369 3903 ἐν
423 3853 655 3927 ἁμαρτία
693 3864 786 3917 τῆς
835 3857 1185 3930 ὑπερηφανίας
1226 3857 1438 3929 ἐγίνιτο.
1489 3863 1584 3911 Διά
1621 3870 1773 3913 τοῦτο

171 3942 268 3993 καί
306 3944 332 3992 ο
385 3949 591 4017 Σωτηρ-
654 3951 1075 4018 Προσευχόμενοι
1133 3944 1191 3999 δὲ
1255 3954 1325 4019 μὴ
1388 3947 1770 4020 βαττοὶογεῖτε,

170 4035 244 4092 ὡς
284 4037 374 4082 καὶ
412 4034 460 4082 οἰ
499 4030 723 4083 ἐθνικοί·
795 4030 1016 4086 δοκοῦσι
1069 4039 1194 4108 γὰρ,
1251 4038 1328 4088 ὅτι
1367 4036 1417 4089 ἐν
1457 4045 1517 4109 τῇ
1562 4038 1775 4092 πολυλοο

167 4128 270 4191 για
335 4120 500 4171 αὐτῶν
568 4120 1108 4181 εἰσακουσθήσονται·
1169 4131 1257 4177 καὶ
1323 4130 1404 4195 τὸ,
1468 4127 1555 4180 Ἐκ
1620 4128 1773 4181 πολυ·

170 4211 358 4279 λογίας
394 4208 485 4261 οὐκ
547 4209 757 4282 ἐκφεύξῃ
820 4210 1093 4284 ἁμαρτίαν.
1163 4219 1326 4267 Τοῦτό
1388 4215 1496 4267 ἐστι
1564 4221 1623 4269 τὸ
1686 4221 1772 4270 αῖ-

170 4318 285 4350 τιον
314 4306 404 4349 τον
437 4297 851 4372 ἀποστρέφεσθαι
998 4306 1111 4362 τοὺς
1150 4302 1446 4376 ὀφθαλμοὺς
1483 4314 1575 4357 του
1615 4316 1770 4375 Θεοῦ,

170 4390 298 4440 ὅταν
359 4387 641 4440 ἐκταθώσιν
707 4392 760 4440 αἱ
822 4398 1013 4462 χεῖρες,
1057 4387 1198 4443 διότι
1254 4395 1321 4445 τὰ
1371 4403 1465 4456 τῆς
1514 4398 1773 4472 ἱκετηρίας

174 4475 414 4548 συμϐοὶα
470 4478 811 4551 παροξυσμοῡ
874 4480 1002 4531 εἰσιν
1070 4480 1319 4551 ἀφορμαί.
1377 4481 1575 4559 ’.Ωσπερ
1630 4486 1689 4537 ἂν
1728 4490 1773 4539 εἴ

169 4587 256 4627 τις
312 4568 420 4618 υιον
479 4586 615 4629 τινος
682 4571 924 4639 φονεύσας
974 4568 1263 4640 ἀγαπητὸν,
1329 4573 1403 4621 ἔτι
1468 4574 1845 4645 ᾑμαγμέναςι)

170 4660 264 4715 τας
303 4663 487 4729 χεῖρας
528 4660 681 4727 ἔχών,
737 4664 991 4731 προτείνοι
1058 4659 1219 4719 αὑτὰς
1274 4669 1343 4729 τῷ
1408 4667 1567 4734 πατρὶ
1605 4664 1772 4733 χαλε-

172 4752 431 4807 παίνοντι,
499 4742 673 4808 δεξιὰν
740 4747 910 4818 φιλίας
966 4748 1297 4820 αἰτούμενος·
1340 4743 1419 4822 ἄρ’
1460 4749 1586 4821 ουχὶ
1626 4757 1773 4823 φανὲν

170 4856 266 4888 του
300 4840 474 4887 τέκνου
504 4841 561 4886 το
592 4837 725 4907 αἷμα
772 4835 818 4888 ἐν
866 4846 923 4904 τῇ
970 4842 1116 4909 χειρὶ
1159 4844 1249 4888 τοῦ
1276 4834 1599 4909 παιδογόνον
1637 4840 1774 4911 μα).-

168 4926 259 4987 ᾎον
309 4924 380 4985 εἰς
432 4924 589 4997 ὀργὴν
632 4928 718 4976 τὸν
762 4922 1078 4997 ἠδικημένον
1112 4924 1333 4997 ἐγείροι;
1376 4933 1625 4979 Τοιαῦταί
1672 4930 1774 4981 εἱσι

171 5020 262 5067 καὶ
295 5016 473 5066 αἰτῶν
504 5011 768 5067 Ἰουδαίων
809 5016 989 5087 εὐχαὶ,
1042 5017 1162 5067 ὅταν
1210 5016 1478 5069 ἐκτείνωσι
1530 5019 1618 5078 τὰς
1656 5025 1772 5089 χεῖ-

169 5123 270 5176 ρας
308 5111 402 5165 τῆς
442 5104 507 5164 εἰς
545 5109 631 5155 τὸν
685 5113 927 5176 μονογενῆ
986 5107 1103 5157 Υἰον
1165 5104 1423 5178 ἁμαρτίας
1486 5104 1772 5179 ἀναμιμνηο

174 5212 403 5245 σκοντων
445 5198 532 5245 τὸν
589 5198 718 5247 Θεὸν
782 5198 871 5245 καὶ
938 5200 1161 5266 Πατέρα,
1230 5200 1319 5246 καὶ⁵
1374 5196 1492 5247 καθ’
1548 5196 1772 5254 ἑκάστην

1811 1860 1852 1912 Β

1903 590 2200 659 quotquot
2240 585 2314 639 de
2344 584 2647 640 actionum
2681 582 3160 654 improbatarum
3187 580 3554 651 turpitudine

1902 674 2198 738 doluistis,
2225 673 2373 727 illud
2403 672 2808 744 praecipimus.
2837 671 2893 725 Si
2922 670 3184 725 videritis
3225 685 3380 741 quos
3410 669 3552 723 stul-

1900 763 2041 819 titiae
2074 767 2376 832 gestorum
2414 776 2662 815 suorum
2690 759 2993 830 pmniteat,
3027 773 3237 813 eorum
3274 759 3553 813 miserea-

1900 852 2049 907 mini
2096 856 2389 922 tanquam
2432 855 2765 905 vestrorum
2804 848 3219 903 membrorum
3250 850 3550 917 aegrotan-

1898 941 2081 1005 tium;
2128 940 2219 995 sin
2250 938 2595 1011 pervicaces
2625 953 2695 992 ac
2722 942 2984 991 vestram
3013 950 3123 1005 pro
3151 934 3298 1005 ipsis
3330 935 3553 991 moesti-

1896 1032 2041 1086 tiam
2069 1033 2412 1101 spernentes
2442 1026 2769 1087 senseritis.
2798 1026 2975 1081 Exite
3004 1025 3078 1080 de
3104 1025 3313 1091 medio,
3363 1031 3417 1080 et
3462 1040 3551 1080 se-

1889 1122 2215 1191 paremini,
2258 1126 2311 1175 et
2343 1118 2717 1174 immundum
2752 1132 2826 1171 ne
2858 1115 3123 1185 tangatis
3142 1115 3189 1147 5°
3220 1132 3233 1168 :
3266 1118 3331 1168 ut
3360 1113 3446 1169 sic
3470 1113 3552 1169 illi

1895 1210 2143 1282 quidem
2172 1209 2399 1281 pudore
2435 1207 2653 1276 affecti,
2688 1221 2863 1261 suam
2896 1205 3167 1277 ipsorum
3194 1203 3554 1275 pravitatem

1896 1302 2264 1369 cognoscant
2291 1315 2303 1351 :
2344 1296 2515 1368 523
2546 1311 2653 1350 vos
2678 1309 2817 1349 vero
2847 1292 3191 1348 mercedem
3225 1291 3554 1348 aamulatio.

1893 1388 1988 1443 nis
2038 1387 2356 1442 Phinees“
2410 1382 2711 1455 recipiatis
2751 1398 2789 1438 a
2836 1382 3147 1438 Servatore
3176 1386 3383 1437 nostro
3411 1382 3554 1437 Jesu

1896 1467 2149 1545 Christo,
2178 1475 2275 1530 cui
2296 1474 2505 1544 gloria,
2539 1476 2597 1527 et
2617 1476 2905 1543 potestas,
2938 1485 3101 1526 nunc
3128 1474 3187 1526 et
3214 1483 3474 1542 semper,
3495 1473 3554 1526 et

1891 1566 1955 1622 in
1985 1564 2205 1621 saecula
2229 1563 2607 1619 saeculorum.
2638 1563 2849 1615 Amen.

2389 1732 2508 1789 DE
2546 1730 2711 1787 ORA
2738 1729 3051 1787 TIONE.

2549 1858 2778 1913 SERMO
2820 1858 2891 1914 IX

1964 1992 2011 2042 t.
2056 1985 2129 2057 (4)
2173 1985 2512 2042 Orationem
2558 2000 2685 2040 non
2732 1983 3111 2057 syllabarum
3138 1981 3407 2038 numeris
3435 1981 3550 2039 ab-

1889 2075 2119 2132 solvere
2167 2091 2279 2131 nos
2318 2076 2571 2145 oportet,
2622 2090 2658 2129 o
2700 2072 2949 2142 fratres;
2992 2072 3099 2127 sed
3125 2071 3312 2128 animi
3342 2072 3553 2128 volun-

1887 2168 2028 2231 tate,
2053 2164 2347 2235 rectisque
2373 2178 2481 2235 per
2511 2165 2699 2217 totam
2728 2161 2917 2217 vitam
2955 2161 3315 2217 actionibus.
3346 2162 3550 2233 Neque

1889 2256 2048 2310 enim
2082 2257 2269 2310 Deum
2296 2252 2664 2309 arbitramur
2692 2255 2755 2308 ut
2795 2252 2996 2307 verbis
3023 2256 3359 2318 moneatur,
3392 2249 3551 2307 indi-

1889 2360 2025 2414 gere
2052 2363 2065 2412 ;
2097 2343 2201 2399 sed
2228 2358 2431 2409 nosse,
2454 2357 2529 2397 ne
2557 2339 2900 2413 petentibus
2919 2340 3168 2413 quidem
3193 2339 3391 2410 nobis,
3412 2354 3551 2411 qum

1889 2431 2297 2490 conducibilia
2327 2431 2463 2486 sint.
2496 2430 2573 2501 (5)
2613 2430 2825 2502 Utique
2856 2430 3102 2487 auditus
3134 2428 3371 2485 divinus
3400 2442 3551 2485 voce

1888 2540 2012 2581 non
2030 2522 2256 2591 indiget
2278 2521 2357 2577 ad
2370 2519 3155 2593 percipiendum,siquidem
3170 2520 3356 2593 petita
3368 2520 3552 2576 etiam

1889 2614 1950 2669 in
1983 2611 2178 2668 cordis
2200 2614 2371 2666 motu
2400 2624 2764 2678 cognoscere
2790 2609 2967 2665 valet.
3004 2612 3213 2665 Nonne
3247 2608 3363 2664 scis
3390 2611 3550 2682 Moy-

1889 2718 2016 2771 sen,
2057 2716 2195 2755 cum
2237 2698 2383 2755 nihil
2420 2697 2787 2770 loqueretur,
2832 2697 2939 2753 sed
2963 2698 3155 2754 tacitis
3202 2698 3325 2753 suis
3351 2696 3548 2771 suspi-

1887 2792 1991 2847 riis
2032 2790 2357 2846 Dominum
2396 2787 2821 2859 interpellaret,
2866 2803 2902 2843 a
2957 2787 3212 2843 Domino
3248 2785 3543 2856 auditum,

1888 2881 2119 2937 dicente
2154 2896 2166 2934 :
2204 2878 2359 2946 Quid
2387 2879 2614 2933 clamas
2640 2878 2722 2933 ad
2749 2877 2942 2933 me"?
2986 2875 3063 2946 (6)
3105 2875 3218 2940 Qui
3238 2874 3405 2931 nulla
3429 2875 3549 2931 vir-

1889 2974 2009 3026 tute
2032 2970 2214 3025 vitam
2238 2983 2414 3023 suam
2436 2968 2751 3033 exornant,
2774 2964 3164 3021 nihilominus
3187 2966 3389 3019 tamen
3411 2979 3544 3021 sese

1888 3060 2235 3116 existimant
2245 3057 2305 3112 in
2317 3071 2564 3129 precum
2578 3071 2826 3111 suarum
2848 3052 3220 3124 longitudine
3227 3052 3247 3124 j
3258 3051 3545 3109 ustificari

1884 3149 2069 3205 verba
2113 3148 2245 3203 haac
2300 3145 2549 3202 audiant
2597 3161 2613 3200 :
2667 3144 2817 3200 Cum
2866 3143 3250 3199 extenderitis
3301 3156 3539 3211 manus,

1885 3245 2154 3295 avertam
2201 3236 2402 3291 oculos
2443 3250 2597 3290 meos
2621 3248 2658 3289 a
2682 3232 3007 3289 vobis:etsi
3047 3232 3542 3301 multiplicaveri-

1887 3330 1959 3384 lis
1976 3327 2469 3398 supplicatioan
2481 3339 2620 3392 ,non
2637 3322 2955 3378 exaudiam
2971 3336 3071 3378 vos
3087 3321 3363 3393 “Neque
3378 3320 3539 3377 enim

1884 3432 2130 3489 precum
2147 3414 2333 3469 verba
2355 3412 2706 3484 simpliciter
2721 3410 2955 3483 prolata
2970 3409 3314 3481 juvant,sed
3331 3409 3379 3464 si
3399 3425 3540 3465 cum

1884 3504 2223 3560 vehementi
2244 3501 2461 3558 affectu
2486 3500 3104 3573 depromantur.l\'am
3125 3502 3182 3553 et
3196 3498 3538 3555 Phan’sa’us

1886 3595 2009 3650 ham
2034 3593 2201 3663 apud
2228 3608 2288 3648 se
2317 3591 2615 3658 orabat“,
2640 3605 2764 3645 non
2808 3587 2973 3661 apud
3011 3590 3235 3644 Deum:
3263 3586 3541 3660 respicie-

1882 3682 1986 3738 bat
2015 3696 2283 3753 namque
2328 3679 2408 3735 ad
2456 3679 2763 3751 seipsum;
2800 3676 3100 3749 siquidem
3142 3676 3204 3731 in
3241 3674 3538 3746 superbia:

1882 3776 2129 3844 peccato
2158 3769 2536 3826 versabatur.
2588 3770 2965 3840 Quapropter
3006 3768 3065 3821 et
3116 3764 3386 3821 Salvator
3409 3763 3490 3820 ait
3520 3779 3536 3819 :

1884 3861 2137 3916 Orantes
2158 3866 2355 3914 autem
2391 3860 2577 3913 nolite
2601 3857 2858 3912 multum
2910 3854 3075 3926 loqui
3094 3854 3248 3909 sicut
3274 3852 3529 3909 ethnici:

1877 3955 2098 4020 putant
2114 3951 2269 4005 enim
2284 3947 2443 4020 quod
2455 3949 2516 4002 in
2531 3945 2906 4017 multiloquio
2917 3959 3023 4000 suo
3034 3942 3445 3999 exaudiantur
3456 3941 3537 4007 δεῖς

1883 4044 1939 4096 et
1962 4037 2110 4095 illud
2139 4055 2152 4092 :
2192 4038 2293 4093 Ex
2316 4037 2697 4107 multiloquio
2727 4051 2849 4090 non
2871 4034 3119 4104 effugies
3140 4037 3451 4102 peccatum
3463 4032 3534 4087 ³⁸.

1884 4131 2004 4185 Hoc
2032 4132 2125 4184 est
2154 4143 2371 4195 causae,
2399 4142 2506 4182 cur
2546 4125 2702 4180 Deus
2744 4123 2951 4180 oculos
2990 4125 3238 4189 avertat,
3270 4136 3411 4177 cum
3436 4135 3539 4177 ex-

1884 4217 2179 4275 tenderint
2204 4232 2442 4287 manus,
2460 4213 2627 4287 quod
2650 4213 2785 4286 ipsa
2820 4210 3271 4286 supplicationis
3293 4208 3541 4283 symbo~

1883 4309 1942 4365 la
1971 4308 2049 4366 ad
2082 4307 2442 4364 irritandum
2472 4306 2641 4362 illum
2681 4305 2800 4361 sint
2838 4304 3212 4361 occasiones.
3243 4301 3543 4367 Quemad-

1884 4399 2139 4455 modum
2173 4397 2222 4453 si
2249 4396 2385 4470 quis
2425 4396 2710 4452 dilectum
2740 4394 2982 4449 alterius
3014 4392 3203 4445 ﬁlium
3234 4389 3538 4453 occiderit,

1885 4505 1955 4544 ac
1988 4503 2207 4543 manus
2240 4502 2385 4541 suas
2418 4485 2616 4540 adhuc
2639 4485 2979 4540 cruentatas
3004 4479 3081 4535 ad
3101 4477 3401 4534 infensum
3423 4475 3540 4533 sibi

1884 4583 2117 4648 patrem
2161 4575 2522 4647 exporrigat,
2554 4572 2983 4641 dexteramque
3021 4566 3301 4635 etﬂagitet
3328 4563 3538 4621 amici-

1884 4666 1979 4721 tiae
2003 4684 2015 4732 ;
2048 4681 2250 4721 nonne
2269 4664 2516 4733 sanguis
2536 4662 2640 4717 ﬁlii
2660 4661 2719 4715 in
2738 4658 2923 4732 ipsius
2938 4654 3325 4712 interfectoris
3347 4669 3540 4711 manu

1883 4769 2186 4825 apparens
2217 4757 2447 4823 patrem
2479 4749 2700 4821 injuria
2730 4746 3014 4804 affectum
3047 4744 3245 4801 acrius
3282 4750 3537 4817 exaspe-

1881 4843 2013 4897 rat?
2044 4840 2354 4910 Ejusmodi
2386 4843 2528 4893 sunt
2563 4837 2910 4893 Iudaeorum
2940 4849 3185 4906 preces;
3235 4832 3539 4907 siquidem

1884 4945 2023 4984 cum
2049 4928 2378 4985 extendunt
2406 4942 2646 4992 manus,
2678 4923 3020 4981 admissum
3056 4923 3117 4979 in
3156 4923 3537 4995 unigenitum

1882 5018 2097 5073 Filium
2128 5017 2319 5072 scelus
2344 5019 2464 5072 Deo
2496 5022 2553 5071 et
2580 5014 2733 5071 Patri
2756 5019 3037 5071 revocant
3063 5013 3127 5071 in
3155 5012 3536 5082 memoriam,

1882 5115 2064 5181 atque
2085 5124 2193 5181 per
2226 5106 2495 5177 singulas
2524 5105 2908 5163 extensiones
2941 5122 3086 5162 suas
3110 5106 3380 5179 ipsorum
3405 5118 3537 5160 ma-

1882 5214 1995 5254 nus
2026 5197 2317 5269 sanguine
2349 5196 2562 5253 Christi
2593 5195 2807 5269 plenas
2834 5195 3176 5253 ostendunt.
3218 5193 3535 5249 Enimvero

248 5310 296 5343 ⁵ο
328 5311 370 5363 ll
399 5313 529 5365 Cor.
560 5327 634 5383 vi,
668 5310 751 5364 17.
821 5310 866 5343 ει
898 5312 1071 5365 Num.
1102 5327 1238 5377 xxv,
1272 5312 1357 5367 11.
1426 5313 1475 5347 ⁵⁸
1504 5312 1687 5369 Exod.
1712 5329 1779 5369 xr

1898 5320 1947 5371 5.
2018 5316 2066 5349 ⁵³
2100 5317 2213 5371 lsa.
2245 5330 2282 5382 ι,
2316 5317 2399 5369 15.
2470 5314 2518 5348 ⁵⁸
2550 5314 2689 5369 Luc.
2719 5328 2888 5383 xvui,
2919 5317 3003 5368 lt.
3062 5312 3112 5348 ⁸⁵
3139 5309 3340 5367 Matth.
3367 5325 3443 5381 γι,
3476 5309 3531 5369 7.

173 5382 225 5416 ⁵⁸
256 5384 424 5436 Prov.
456 5398 517 5448 Χ,
548 5382 631 5435 19.

369 5478 743 5557 ξΕντεξιλόμεθα.
776 5480 1096 5557 Contegtus
1124 5475 1551 5557 διαστελλόμιθα.

249 5548 328 5619 (2')
367 5556 469 5625 Τοῦ
495 5548 932 5625 ἀποστρέφεσθαι.
971 5549 1129 5607 Male
1158 5553 1219 5609 in
1249 5548 1529 5611 contextu
1558 5559 1614 5609 τὸ
1644 5554 1771 5608 ἁπο-

179 5623 515 5694 στρέφεσθαι.

251 5692 331 5763 (3)
371 5694 455 5749 Ex
478 5692 644 5751 hom.
680 5694 741 5749 in
771 5693 1043 5761 ebriosos,
1081 5694 1201 5750 130.

1959 5484 2037 5553 (4)
2078 5486 2159 5537 Ex
2184 5482 2351 5539 hom.
2378 5484 2441 5539 in
2466 5488 2647 5539 mart.
2673 5483 2978 5551 Julittam,
3003 5484 3089 5535 35.

1982 5557 2034 5621 5)
2078 5557 2156 5610 Ex
2184 5554 2351 5610 hom.
2378 5557 2441 5610 in
2466 5556 2623 5624 psal.
2654 5569 2806 5617 ων,
2839 5556 2963 5624 200.

1982 5560 2034 5621 5)
2078 5560 2156 5610 Ex
2185 5560 2351 5610 hom.
2378 5560 2441 5610 in
2466 5560 2623 5624 psal.
2654 5569 2806 5617 ων,
2839 5560 2915 5605 20‹

1958 5560 2037 5697 is)
2077 5628 2158 5682 Ex
2190 5631 2517 5685 comment.
2539 5626 2601 5681 in
2632 5626 2767 5694 lsa.,
2789 5623 2915 5681 408.
