4068 6220
256 404 385 457 1241

1432 415 1659 472 SERMO
1701 420 1787 473 ΙΧ.
1830 447 1897 463 ·-
1941 423 2031 477 DE
2072 424 2447 481 ORATIONE.

3473 430 3614 487 1242

251 533 360 585 τοῖς
405 526 604 598 ὕμνοις,
638 530 809 601 ὥσπερ
869 529 1041 600 ἅλατι,
1074 538 1386 609 παραρτύειν
1426 542 1516 601 τάς
1560 540 1852 617 ἐργασίαςς

1970 562 2153 619 quam
2187 548 2309 605 sale
2331 549 2609 605 condiret
2636 548 2931 622 siquidem
2961 548 3213 606 hilarem
3236 551 3606 622 jucundam-

250 618 313 667 τὸ
351 618 449 689 γὰρ
484 615 658 688 ἱλαρόν
696 622 785 670 καὶ
837 619 1032 673 ἄλυπον
1079 632 1173 685 τῆς
1219 624 1404 698 ψυχῆς
1434 633 1769 704 κατάστημα,
1802 636 1857 686 αἱ

252 712 355 755 τῶν
406 704 577 776 ὕμνων
616 713 940 783 παρηγορίαι
1003 714 1339 785 χαρίζονται,
1402 718 1579 790 Εὗχαὶ
1632 726 1721 773 καὶ
1756 727 1856 798 πρὸ

252 801 352 854 τῆς
397 803 589 866 τροφῆς
636 793 793 857 ἀξίως
850 802 1176 868 γενέσθωσαν
1232 812 1328 855 τῶν
1385 815 1474 859 τοῦ
1523 813 1652 862 Θεού
1688 831 1857 884 παρο-

252 890 390 952 χών,
441 880 510 934 ὧν
550 903 602 936 τε
630 891 718 936 νύν
760 882 978 955 δίδωσι,
1024 896 1112 942 καὶ
1159 892 1227 943 ὧν
1259 898 1384 968 πρός
1413 899 1470 948 τό
1509 897 1687 969 μέλλον
1736 900 1857 953 ἑτα-

252 973 509 1041 μιεύσατο
536 992 549 1005 ο
609 974 767 1044 εὐχαὶ
805 980 895 1027 καὶ
945 981 1076 1049 μετά
1122 983 1214 1043 τὰς
1266 987 1477 1058 τροφὰς,
1513 987 1856 1063 εὐχαριστίαν

252 1065 355 1110 τῶν
409 1056 698 1133 διδομένων
729 1064 975 1133 ἔχουσαί,
1014 1072 1103 1119 καὶ
1148 1072 1358 1128 αἴτησιν
1393 1082 1491 1125 τῶν
1546 1073 1857 1150 ἐπηγγελμέ-

252 1168 371 1203 νων.
413 1148 562 1221 Εύχὴ
608 1147 667 1204 δε
717 1151 871 1219 καλὴ,
923 1156 952 1213 ἡ
1002 1154 1187 1231 ἐναργῆ
1240 1159 1530 1233 ἐμποιοῦσα
1583 1173 1675 1217 τού
1720 1175 1854 1221 Θεοῦ

258 1239 451 1323 ἔννοιαν
488 1246 548 1311 τῇ
599 1239 777 1313 ψυχῇ
808 1250 962 1297 τοῦτο
989 1248 1091 1320 γὰρ
1141 1246 1250 1301 ἔστι
1303 1259 1436 1304 Θεού
1484 1252 1766 1323 ὶνοίκησις,
1793 1277 1851 1309 το

260 1320 357 1377 διὰ
411 1334 504 1387 τῆς
565 1333 775 1399 μνήμης
848 1334 989 1402 ἔχειν
1052 1332 1381 1412 ἐνιδρυμένον
1430 1340 1477 1393 ἰν
1543 1342 1707 1413 ἑαυτῷ
1764 1350 1850 1397 τόν

260 1418 407 1469 Θεὸν.
470 1416 617 1468 Οὕτω
680 1422 930 1491 γινόμεθα
992 1426 1113 1487 ναός
1165 1434 1319 1496 Θεοῦ,
1348 1430 1468 1483 ὅταν
1496 1436 1568 1503 μὴ
1614 1440 1849 1507 φροντίσι

253 1507 465 1573 γηίναις
514 1508 571 1557 τὸ
631 1512 845 1579 συνεχὲς
884 1518 975 1572 τῆς
1022 1519 1231 1587 μνήμης
1296 1515 1670 1590 διακόπτηται,
1710 1522 1850 1595 μηδὲ

252 1600 360 1653 τοῖς
400 1592 829 1666 ἀπροσδοκήτοις
883 1602 1101 1655 πάθεσιν
1162 1607 1187 1657 ό
1250 1614 1367 1671 νούς
1433 1609 1846 1686 ἐκταράσσηται.

252 1681 384 1735 ἀλλά
428 1684 599 1736 πάντα
655 1685 979 1761 ἀποφεύγων,
1008 1690 1091 1745 ἰπὶ
1142 1698 1270 1750 Θεὸν
1323 1696 1598 1773 ἀναχωρῇ,
1653 1702 1851 1756 ὶλελαύ-

248 1792 349 1822 νων
387 1774 455 1824 τὰ
483 1775 910 1850 προσκαλούμενα
939 1780 1090 1833 αὐτόν
1117 1783 1188 1846 εἰς
1244 1783 1501 1859 ἀκρασίαν
1560 1792 1725 1857 πάθη,
1758 1796 1848 1846 καὶ

246 1867 359 1921 τοῖς
421 1865 553 1934 πρὸς
605 1862 785 1937 ἀρετὴν
840 1869 1062 1940 ἄγουσιν
1116 1870 1528 1949 ἐπιτηδεύμασιν
1589 1876 1849 1955 ἐνδιατρί-
1880 1897 1920 1951 Β

249 1948 376 2006 ϐων.
431 1956 531 2004 Καὶ
584 1954 707 2028 ὅπερ
754 1963 865 2018 τοίς
912 1958 1084 2021 ἄλλοις
1116 1961 1141 2013 ὁ
1195 1948 1376 2037 ὄρθρος
1416 1964 1547 2035 ἐστὶ,
1586 1976 1739 2023 τοῦτο
1768 1948 1850 2043 ’τῷ

247 2047 344 2100 τῆς
400 2040 662 2106 εὐσεϐείας
722 2043 986 2122 ἀγωνιστῇ
1070 2055 1127 2103 τὸ
1194 2056 1550 2124 μεσονύκτιον,
1618 2058 1851 2130 μάλιστα

249 2129 458 2200 σχολὴν
487 2139 549 2204 τῇ
590 2132 745 2206 ψυχῇ
779 2143 868 2197 τῆς
915 2148 1208 2212 νυκτερινῆς
1264 2144 1499 2215 ἡσυχίας
1550 2129 1853 2221 χαριζομέ-

243 2238 365 2287 νης,
406 2223 523 2274 οὔτε
588 2223 883 2297 ὅφθαλμῶν,
924 2229 1040 2281 οὔτε
1105 2234 1243 2282 ὤτων
1291 2230 1545 2307 βλαϐερὰς
1592 2234 1751 2299 ἀκοὰς
1815 2238 1844 2297 ἦ

249 2310 373 2371 θέας
430 2317 877 2385 παραπεμπόντων
916 2315 997 2368 ἐπὶ
1053 2315 1298 2392 καρδίαν·
1368 2320 1495 2375 ἀλλά
1554 2329 1644 2375 καὶ
1689 2330 1848 2397 μόνου

245 2397 372 2451 καθ’
402 2397 582 2452 ἑαυτὸν
614 2402 694 2471 (1)
744 2410 836 2455 τοῦ
867 2412 956 2457 νοῦ
984 2414 1055 2477 τῷ
1117 2415 1231 2479 Θεῷ
1284 2414 1545 2478 συνόντος,
1577 2418 1667 2466 καὶ
1706 2411 1850 2489 διορ-

249 2490 502 2561 Θουμένου
551 2493 641 2557 μεν
690 2490 869 2545 ἑαυτὸν
901 2493 948 2546 ἐν
979 2504 1040 2568 τῇ
1096 2503 1274 2570 μνήμη
1312 2507 1409 2551 τῶν
1449 2502 1846 2575 ἠμᾶρτημένων,

247 2581 399 2651 ὅρους
427 2576 486 2632 δὲ
531 2579 697 2652 ἑαυτῷ
736 2583 962 2647 τιθέντος
1020 2589 1151 2660 πρός
1202 2592 1295 2645 τὴν
1353 2588 1581 2643 ἔκκλισιν
1625 2600 1717 2644 τοῦ
1747 2613 1847 2645 κα-

248 2675 365 2731 κοῦ,
395 2674 484 2721 καὶ
532 2674 627 2728 τὴν
680 2674 826 2745 παρὰ
864 2681 997 2726 Θεοῦ
1031 2680 1303 2749 συνεργίαν
1337 2678 1403 2738 εἰς
1444 2683 1538 2738 τὴν
1586 2680 1847 2735 τελείωσιν

246 2765 351 2809 τῶν
384 2756 822 2833 σπουδαζομένων
854 2761 1241 2827 ἐπιζητοῦντος.

322 2850 375 2904 4.
424 2856 586 2901 Τοῦτο
626 2856 715 2902 καὶ
764 2852 793 2908 η
823 2854 958 2905 κατὰ
995 2859 1222 2907 Μωυσέα
1265 2862 1668 2931 παραινίσσεται
1710 2860 1849 2913 ἱστο-

243 2942 359 3013 ρία,
392 2935 599 2992 ὅτιδιά
644 2943 701 2992 τό
768 2944 884 3002 τοὺς
938 2948 1327 3016 προκόπτοντας
1391 2951 1462 3019 μὴ
1532 2946 1849 3021 ἐξομαλίζειν

246 3030 340 3089 τάς
390 3028 620 3102 πράξεις,
667 3028 796 3082 ἀλλά
824 3034 948 3083 ποτε
1004 3034 1094 3103 μεν
1142 3040 1374 3106 κρεῖττον
1414 3034 1587 3108 βιοῦν,
1627 3040 1750 3090 ποτε
1789 3034 1849 3090 δε

246 3113 324 3170 δι’
394 3116 599 3171 ἀτονίαν
675 3118 947 3172 ἑκλύεσθαι
1023 3118 1386 3198 ἀσθενέστερον
1454 3124 1689 3200 ἐνεργεῖν,
1757 3135 1848 3187 τῆς

246 3206 576 3281 ἀνθρωπίνης
614 3211 989 3269 καταστάσεως
1040 3208 1277 3283 σύμϐολα
1333 3210 1393 3271 ἦν
1422 3217 1486 3267 τά
1542 3218 1655 3269 τότε
1707 3219 1845 3287 γινό-
1883 3246 1922 3301 C

244 3314 394 3369 μενα.
444 3296 503 3349 Εἰ
532 3298 623 3369 μεν
660 3298 761 3371 γάρ
795 3296 950 3372 ἐπῆρε
975 3300 1063 3359 τὰς
1096 3308 1303 3375 χεῖρας,
1336 3304 1575 3374 ἓνίσχυεν
1601 3303 1846 3376 Ἰσραήλ-

246 3385 333 3437 ὅτε
374 3381 433 3438 δε
487 3386 684 3443 καθῆκε
723 3387 815 3448 τὰς
864 3394 1072 3461 χεῖρας,
1108 3388 1349 3462 ἐνίσχυεν
1390 3392 1648 3464 Ἀμαλήκ,
1686 3400 1845 3447 ΤοντΔ

251 3478 385 3543 ἐστι,
460 3478 898 3538 καταπιπτούσης
972 3478 1117 3549 ἡμῶν
1172 3487 1265 3540 τῆς
1327 3476 1619 3553 δραστικῆς
1684 3479 1845 3535 δυνά-

250 3580 404 3636 μεως,
448 3563 629 3636 ἰσχύει
677 3567 743 3617 τὰ
800 3564 1203 3619 ἀντιπαλαίοντα
1258 3570 1401 3642 ἡμῖν’
1436 3570 1732 3644 ύοιιουμενης
1787 3570 1847 3625 δέ

249 3658 340 3705 καὶ
408 3649 761 3728 διαιρομένης,
811 3650 1163 3730 δυνατώτερον
1212 3663 1410 3728 γίνεται
1457 3662 1515 3711 τό
1548 3656 1846 3735 διορατικόν

253 3742 303 3796 ἐν
358 3745 482 3815 ἡμῖν
516 3760 529 3773 ·
591 3742 792 3816 ἐπαίρει
837 3748 928 3817 μὲν
974 3748 1074 3819 γὰρ
1116 3748 1141 3798 ό
1177 3749 1241 3798 τά
1278 3749 1383 3799 οἷνω
1416 3748 1603 3819 ζητῶν,
1639 3749 1848 3803 ἐκτείνει

252 3828 314 3884 δε
354 3833 378 3883 ὁ
434 3840 528 3895 τῆς
583 3833 648 3894 εἰς
691 3836 757 3885 τά
804 3852 1082 3906 σωματικά
1139 3833 1387 3907 βοηθείας
1417 3833 1757 3907 ἐπιδεόμενος.
1789 3838 1846 3891 Ὀ

251 3926 422 3973 τοίνυν
462 3920 509 3974 ἓν
548 3930 619 3993 τῷ
656 3931 761 3993 ναῷ
790 3930 881 3974 τοῦ
932 3931 1065 3975 Θεοῦ
1104 3928 1387 3997 γενόμενος,
1422 3926 1479 3977 ού
1516 3926 1843 3998 κακολογίαν,

250 4010 313 4063 οὗ
362 4016 709 4083 ματαιότητα,
761 4013 855 4064 οὐκ
931 4014 1171 4087 αἰσχρῶν
1248 4008 1568 4087 πραγμάτων
1615 4018 1843 4091 ῥήματα,

251 4100 584 4174 ἀπαγγελλει,
638 4102 841 4173 άπαγεξ
888 4102 993 4154 ἀλλ’
1053 4103 1135 4156 Ἐν
1195 4113 1265 4174 τῷ
1330 4114 1433 4157 ναῶ
1483 4106 1660 4175 αὑτοῦ,
1714 4112 1849 4161 κατά

248 4195 339 4244 τὸν
416 4188 604 4259 Δαϐὶδ,
669 4197 769 4252 πᾶς
828 4211 902 4252 τις
965 4191 1099 4263 λέγει
1167 4190 1346 4257 δόξαν.
1418 4194 1734 4254 Ἐστήκασιν
1800 4199 1847 4250 οἱ

250 4280 669 4355 ἀπογραοόμενοι
700 4282 765 4332 τά
802 4282 1015 4354 ῥήματα
1065 4283 1295 4352 ἄγγελοι·
1349 4286 1600 4359 πάρεστιν
1658 4288 1683 4337 ό
1743 4290 1847 4339 Κύ-

250 4390 363 4446 μη
412 4372 500 4429 τὰς
554 4366 815 4431 διαθέσεις
889 4377 987 4421 τῶν
1064 4370 1321 4424 εἰσιόντων
1407 4376 1722 4431 ἑπισκοπῶν,
1788 4375 1845 4427 ἰι

249 4464 526 4533 προσευχὴ
598 4460 817 4511 ἑκάστου
872 4464 1225 4533 πεφανέρωται
1253 4470 1322 4532 τῷ
1354 4470 1487 4533 Θεῷο
1521 4468 1601 4526 τίς
1640 4463 1693 4517 ἐκ
1734 4460 1849 4517 διας

255 4552 463 4617 θέσεως,
495 4554 572 4610 τίς
628 4548 982 4622 ἐπιστημόνως
1044 4548 1279 4613 ἑπιζητεί
1352 4554 1418 4603 τά
1481 4552 1713 4627 οὐράνια·
1772 4560 1849 4616 τίς
1883 4594 1924 4649 D

253 4638 633 4712 ἀφωσιωμένως
666 4641 844 4714 ἄκροις
891 4641 999 4700 τοῖς
1028 4638 1232 4711 χείλεσι
1290 4641 1354 4692 τά
1408 4642 1621 4714 ῥήματα
1686 4644 1845 4715 φθέγ-

248 4731 473 4800 γεται,ἠ
530 4726 590 4781 δε
643 4725 841 4802 καρδία
897 4729 1058 4781 αὐτού
1105 4728 1281 4803 πόρρω
1340 4728 1526 4801 ἀπέχει
1558 4729 1657 4783 ἀπό
1690 4739 1842 4800 Θεοῦ,

253 4820 362 4873 Κάν
420 4820 666 4892 εὔχηται,
695 4822 893 4891 ὑγίειαν
926 4823 1143 4894 σαρκός,
1197 4824 1286 4871 καὶ
1342 4825 1639 4893 σωματικὸν
1695 4822 1849 4875 πλού-

248 4928 357 4979 τον,
384 4915 473 4963 καὶ
503 4907 661 4973 δόξαν
693 4907 1017 4985 ἀνθρωπίνην
1049 4908 1304 4969 ίπιζητεῖ.
1349 4917 1432 4962 Δεῖ
1466 4906 1524 4962 δε
1555 4907 1706 4964 οὐδὲν
1733 4914 1845 4964 τού-

248 5019 371 5067 των,
400 5002 465 5060 ὡς
517 5001 542 5051 ὁ
598 4998 749 5071 λόγος
805 4996 1076 5067 διδάσκει,
1118 4996 1227 5049 ἀλλ’
1292 4999 1369 5053 Ἐν
1417 5006 1490 5069 τῷ
1537 5007 1643 5069 ναῷ
1686 4999 1843 5052 αὐτοῦ

248 5095 347 5150 πᾶς
410 5108 486 5149 τις
532 5086 667 5159 λέγει
735 5084 913 5151 δόξαν.
977 5086 1133 5155 Ἀλλ’,
1184 5088 1224 5138 ὡ
1277 5096 1367 5141 τοῦ
1424 5087 1723 5161 θαύματοςῐ
1779 5090 1845 5140 Oi

248 5181 459 5251 οὖρανοὶ
521 5173 830 5248 διηγοῦνται
896 5172 1054 5239 δόξαν
1119 5183 1275 5232 Θεοῦ.
1332 5175 1592 5249 Ἀγγέλοις
1675 5179 1843 5252 ἔργον,

319 5324 367 5359 δ’
408 5320 593 5379 Exod.
625 5337 762 5379 xvn.
795 5324 876 5378 tt.
955 5322 1003 5357 ⁸⁸)
1044 5322 1201 5380 Psal.
1241 5322 1437 5384 xxvni,
1470 5323 1521 5376 9.

318 5467 393 5537 (1)
435 5470 536 5519 Καὶ
566 5470 723 5538 μόνου
775 5464 893 5519 καθ’
924 5465 1124 5520 ἑαυτόν.
1167 5468 1333 5523 Forte
1379 5467 1539 5537 μόνου
1585 5466 1675 5516 καὶ
1726 5461 1842 5515 καθ’

248 5538 449 5594 έαυτόν.
484 5540 637 5593 Ευιτ.

318 5613 399 5678 (2)
438 5611 519 5682 Ex
547 5609 717 5682 epist.
744 5624 803 5682 ιι,
836 5612 927 5667 74.

319 5683 401 5754 (3)
440 5680 616 5753 ιδίάῖ,
641 5684 732 5738 73.

1968 652 2086 708 que
2103 637 2321 693 animae
2344 637 2809 710 aequabilitatem
2842 639 3205 710 hymnorum
3232 639 3445 696 solatia
3470 656 3611 699 con-

1969 724 2185 780 ferunt.
2217 727 2294 795 (2)
2321 728 2528 781 Preces
2556 730 2691 782 ante
2723 726 2927 783 cibum
2950 727 3117 795 fiant,
3150 743 3285 800 quas
3312 728 3487 783 donis
3509 728 3610 785 Dei

1967 814 2167 883 dignae
2212 816 2348 884 sint,
2382 821 2508 871 tum
2547 832 2682 888 quas
2730 832 2891 872 nunc
2933 816 3201 885 largitur,
3225 822 3351 872 tum
3384 833 3518 889 quae
3548 817 3609 872 in

1966 904 2232 959 futurum
2253 904 2612 972 recondidit;
2642 921 2848 977 preces
2866 906 3048 961 etiam
3066 912 3204 970 post
3224 905 3450 974 cibum,
3471 920 3608 978 quae

1966 996 2021 1049 et
2050 993 2380 1063 gratiarum
2411 994 2716 1049 actionum
2745 1009 2856 1065 pro
2896 994 3153 1066 acceptis
3181 994 3358 1049 bonis
3386 998 3444 1052 et
3469 1009 3607 1067 pro-

1963 1083 2288 1139 missorum
2312 1082 2666 1154 petitionum
2686 1082 2971 1139 habeant.
2995 1084 3070 1153 (3)
3100 1086 3195 1139 Est
3234 1087 3435 1139 autem
3472 1098 3608 1139 ora-

1964 1171 2044 1227 tio
2082 1172 2180 1228 illa
2213 1171 2519 1244 praeclara,
2555 1188 2691 1244 quae
2721 1172 3105 1243 perspicuam
3150 1172 3250 1227 Dei
3301 1171 3609 1228 notionem

1961 1261 2178 1315 animus
2217 1260 2509 1332 imprimit
2542 1282 2553 1315 :
2587 1259 2769 1331 idque
2816 1260 2915 1315 Dei
2945 1258 3303 1315 inhabitatio
3332 1264 3438 1329 est,
3471 1260 3612 1315 insi-

1959 1348 2200 1404 dentem
2232 1349 2390 1405 intus
2437 1351 2624 1405 Deum
2668 1348 2962 1405 memoria
2994 1348 3332 1420 complecti.
3364 1348 3459 1405 Sic
3509 1351 3612 1408 Dei

1958 1439 2253 1495 efficimur
2292 1440 2602 1511 templum,
2634 1456 2771 1495 cum
2798 1454 2909 1494 nec
2935 1438 3182 1496 terrenis
3216 1439 3373 1495 curis
3402 1455 3613 1512 perpe-

1959 1533 2095 1585 tuus
2124 1529 2427 1584 memorias
2458 1534 2627 1585 tenor
2654 1527 3084 1600 interpellatur,
3117 1542 3226 1583 nec
3262 1527 3608 1601 improvisis

1959 1617 2467 1674 commotionibus
2502 1617 2887 1690 perturbatur
2926 1632 3115 1688 mens,
3145 1615 3252 1672 sed
3276 1616 3485 1673 omnia
3522 1617 3611 1673 fu-

1959 1706 2128 1776 giens
2157 1706 2234 1762 ad
2286 1710 2469 1763 Deum
2504 1706 2747 1775 secedit,
2777 1704 3073 1779 repellens
3102 1709 3498 1778 provocantes
3527 1705 3606 1763 ad

1957 1794 2270 1852 libidinem
2332 1796 2701 1865 affectiones,
2734 1810 2804 1852 ac
2844 1794 2906 1851 in
2953 1794 3166 1852 studiis
3195 1793 3274 1851 ad
3330 1792 3605 1852 virtutem

1958 1883 2320 1941 ducentibus
2350 1884 2725 1941 immoratur.
2755 1884 2830 1954 (4)
2876 1882 2991 1940 Sed
3015 1881 3183 1956 quod
3212 1881 3345 1939 aliis
3374 1881 3607 1939 dilucu-

1957 1972 2105 2040 lum,
2131 1972 2193 2029 id
2222 1972 2462 2045 pietatis
2484 1972 2812 2029 cultoribus
2832 1971 3033 2029 media
3056 1986 3175 2028 nox
3201 1988 3216 2027 :
3248 1986 3387 2028 cum
3413 1971 3605 2028 maxi-

1956 2077 2056 2118 me
2083 2064 2383 2118 nocturna
2419 2061 2591 2134 quies
2617 2061 2807 2118 otium
2834 2060 3051 2117 animae
3079 2059 3385 2130 largiatur,
3408 2075 3605 2133 neque

1958 2150 2169 2213 oculis,
2202 2165 2401 2222 neque
2426 2150 2675 2207 auribus
2704 2150 3042 2223 quidquam
3082 2149 3218 2207 visu
3261 2154 3368 2206 aut
3395 2149 3605 2207 auditu

1958 2239 2276 2297 exitiosum
2306 2240 2367 2296 in
2398 2255 2501 2296 cor
2529 2238 2943 2309 imittentibus,
2974 2239 3084 2295 sed
3112 2242 3310 2296 mente
3341 2238 3472 2295 sola
3498 2254 3606 2313 per

1958 2344 2021 2384 se
2068 2345 2208 2386 cum
2242 2332 2361 2385 Deo
2408 2328 2705 2385 rationem
2737 2328 3017 2399 habente,
3051 2343 3235 2402 seque
3276 2329 3606 2398 corrigente

1962 2419 2136 2491 525
2167 2433 2276 2491 per
2326 2421 2713 2489 peccatorum
2744 2417 3225 2473 recordationem
3273 2421 3332 2473 et
3367 2417 3606 2487 regulas

1957 2508 2070 2565 sibi
2099 2508 2213 2582 ipsi
2261 2508 2688 2581 praescribente
2719 2508 2796 2565 ad
2833 2508 2973 2565 vitia
3000 2506 3379 2575 declinanda,
3408 2523 3477 2564 ac
3502 2507 3605 2565 Dei

1959 2597 2252 2653 auxilium
2308 2597 2387 2653 ad
2426 2612 2518 2663 ea,
2550 2613 2687 2670 quae
2742 2597 2940 2654 studio
2997 2596 3201 2667 habet,
3241 2596 3608 2669 perficienda

1956 2685 2340 2759 implorante.

2026 2867 2080 2921 4.
2104 2865 2177 2936 (5)
2217 2866 2336 2921 Hoc
2386 2862 2565 2920 etiam
2595 2861 2769 2918 nobis
2800 2861 2995 2919 innuit
3046 2863 3263 2935 Moysis
3307 2864 3558 2922 historia
3590 2884 3603 2933 ;

1955 2954 2184 3027 quippe
2232 2968 2369 3027 quae
2428 2956 2571 3007 tunc
2612 2950 2860 3019 ﬁebant,
2903 2950 3261 3008 conditionis
3319 2951 3606 3010 humanae

1958 3047 2128 3100 erant
2144 3040 2442 3115 symbola,
2467 3039 2631 3114 quod
2655 3039 2693 3095 ii
2722 3039 2827 3113 qui
2847 3039 3187 3113 proﬁciunt,
3213 3056 3335 3097 non
3362 3041 3494 3114 pari
3514 3057 3609 3098 ra-

1958 3132 2119 3189 tione
2150 3147 2220 3187 ac
2253 3136 2457 3186 tenore
2487 3133 2813 3202 operantur
2844 3148 2857 3186 :
2916 3129 3019 3184 sed
3050 3129 3233 3186 modo
3263 3129 3475 3187 melius
3512 3131 3605 3187 vi-

1958 3226 2125 3288 vunt,
2156 3220 2341 3277 modo
2399 3234 2542 3276 vero
2599 3218 2679 3275 ob
2725 3218 3195 3276 imbecillitatem
3225 3219 3603 3290 franguntur,

1961 3325 2223 3382 suasque
2235 3308 2583 3381 languidius
2595 3312 2843 3365 exerunt
2855 3309 3373 3365 actiones.Etenim
3388 3310 3435 3366 si
3447 3312 3606 3382 Moy-

1959 3415 2055 3456 ses
2100 3397 2391 3454 attolleret
2436 3413 2676 3467 manus,
2722 3397 2999 3455 vincebat
3029 3398 3321 3455 Israel":
3359 3398 3605 3471 quando

1956 3474 2101 3545 vero
2130 3502 2233 3543 eas
2265 3486 2636 3553 demittebat,
2664 3485 3030 3558 prasvalebat
3056 3486 3318 3543 Amalec.
3362 3489 3481 3543 Hoc
3495 3492 3606 3560 est,

1956 3581 2163 3633 nostra
2203 3575 2454 3632 facultas
2496 3580 2744 3631 actuosa
2779 3575 3077 3647 siquando
3099 3575 3316 3633 fatiscit
3341 3592 3411 3632 ac
3440 3592 3607 3648 pros-

1955 3668 2224 3736 ternitur,
2250 3666 2311 3723 in
2340 3681 2453 3721 nos
2474 3663 2798 3737 praevalent
2827 3664 3184 3720 adversaria:
3232 3670 3553 3737 potestates
3588 3684 3601 3722 :

1957 3770 1989 3811 e
2018 3754 2338 3817 contrario,
2372 3754 2421 3809 si
2475 3769 2544 3809 ea
2576 3752 2816 3809 sublata
2845 3752 2904 3808 in
2944 3752 3131 3809 altum
3165 3753 3238 3809 sit
3295 3759 3350 3809 et
3378 3758 3602 3817 erecta,-

1955 3845 2046 3901 vis
2059 3849 2267 3901 nostra
2281 3843 2525 3900 videndi
2545 3843 2700 3899 vires
2722 3843 2986 3913 majores
3005 3843 3271 3899 resumit.
3297 3841 3602 3914 Siquidem

1956 3934 2061 4007 qui
2109 3934 2324 4006 quaerit
2352 3931 2656 4001 sublimia,
2692 3931 2984 3988 sustollit:
3018 3931 3277 3988 extendit
3314 3946 3478 3999 vero,
3499 3930 3605 4003 qui

1958 4023 2037 4080 ad
2068 4021 2515 4095 comparandas
2542 4038 2635 4079 res
2682 4022 3027 4095 corporales
3067 4020 3356 4077 auxilium
3409 4025 3602 4089 rogat.

1956 4115 2032 4186 (6)
2073 4113 2181 4179 Qui
2240 4113 2419 4184 igitur
2474 4112 2534 4169 in
2586 4112 2811 4185 templo
2861 4112 2961 4168 Dei
3014 4114 3121 4175 est,
3148 4125 3272 4167 non
3321 4110 3602 4178 convitia,

1956 4218 2081 4259 non
2110 4218 2207 4259 res
2251 4218 2464 4268 vanas,
2495 4217 2620 4259 non
2647 4201 2830 4257 verba
2859 4201 3140 4257 obscenis
3183 4200 3363 4256 rebus
3392 4198 3606 4256 referta

1956 4290 2200 4363 profert,
2234 4290 2420 4347 absit!
2474 4290 2579 4346 sed
2610 4292 2681 4346 In
2721 4289 2942 4359 templo
2982 4292 3129 4359 ejus,
3181 4293 3245 4344 ut
3284 4288 3364 4343 ait
3394 4287 3603 4358 David,

1957 4383 2204 4453 quisque
2233 4381 2379 4437 dicit
2405 4382 2682 4450 gloriam.
2710 4382 2917 4435 Astant
2938 4377 3154 4447 angeli,
3176 4376 3280 4446 qui
3307 4375 3490 4430 verba
3505 4376 3605 4431 de-

1960 4470 2231 4527 scribunt
2259 4488 2271 4525 :
2306 4469 2475 4524 adest
2506 4468 2813 4531 Dominus,
2837 4466 2941 4539 qui
2971 4465 3242 4521 animum
3264 4462 3603 4530 ingredien-

1958 4558 2105 4615 tium
2120 4558 2399 4614 intuetur.
2414 4560 2621 4613 Preces
2635 4554 3112 4624 uniuscujusque
3133 4550 3461 4607 manifestse
3484 4551 3603 4607 Deo

1959 4652 2128 4711 sunt;
2162 4646 2266 4719 qui
2297 4661 2371 4701 ex
2400 4644 2640 4712 affectu,
2670 4644 2805 4715 quis
2835 4642 2978 4697 scite
3004 4638 3279 4711 exquirat
3304 4638 3601 4705 caelestia;

1956 4735 2094 4809 quis
2119 4733 2524 4807 perfunctorie
2545 4736 2603 4789 et
2622 4730 2903 4788 extremis
2923 4728 3105 4785 labris
3124 4726 3311 4783 verba
3334 4742 3604 4800 pronun-

1956 4824 2078 4887 tiet,
2118 4838 2223 4879 cor
2252 4837 2392 4878 vero
2435 4820 2628 4893 ipsius
2654 4817 2865 4891 procul
2904 4833 2941 4873 a
2980 4819 3119 4872 Deo.
3154 4815 3323 4881 Quod
3363 4816 3412 4872 si
3450 4821 3602 4885 orat,

1954 4911 2153 4968 carnis
2179 4910 2523 4977 sanitatem,
2546 4922 2813 4980 Opesque
2834 4921 3159 4979 corporeas
3184 4908 3242 4961 et
3268 4905 3602 4962 humanam

1952 5000 2206 5071 gloriam
2240 4998 2549 5069 efflagitat.
2599 5000 2820 5052 Horum
2853 4999 3055 5052 autem
3093 4994 3241 5051 nihil
3274 4993 3600 5066 petendum

1952 5095 2060 5152 est.
2094 5094 2158 5146 ut
2197 5088 2497 5160 Scriptura
2522 5086 2737 5142 docet:
2772 5084 2879 5141 sed
2920 5086 2988 5141 In
3022 5085 3234 5155 templo
3265 5086 3394 5153 ejus
3418 5099 3603 5139 unus-

1952 5180 2201 5253 quisque
2223 5178 2367 5235 dicit
2388 5176 2649 5248 gloriam
2662 5176 2730 5231 σθ.
2746 5177 2984 5245 Verum,
2999 5190 3036 5231 o
3058 5189 3185 5231 rem
3203 5171 3600 5231 admiratione

2024 5464 2103 5531 (4)
2142 5461 2317 5529 lbid.,
2338 5466 2427 5517 ‘75.

2024 5536 2099 5604 (5)
2138 5533 2219 5589 Ex
2246 5534 2567 5589 comment.
2591 5531 2655 5587 in
2689 5531 2829 5596 Isa.,
2860 5531 2985 5585 £08.

2023 5602 2103 5675 (6)
2143 5604 2228 5661 Ex
2255 5604 2426 5663 hom.
2460 5605 2523 5661 in
2544 5604 2700 5673 psat.
2731 5616 2923 5667 xxvm,
2957 5602 3078 5657 422.
