4056 6222
539 382 677 440 1243

1492 372 1854 430 ΑΡΡΕΝΒΙΧ.
1892 399 1961 411 -—
1998 370 2341 427 SYMEONIS
2378 371 2934 430 METAPHRASTE.

3719 382 3830 438 1244

542 506 821 578 dignam!
847 505 989 561 Caeli
1015 507 1309 561 enarrant
1334 500 1595 572 gloriam
1618 498 1730 554 Dei
1749 499 1816 550 θι.
1847 496 2036 552 Deum
2067 492 2189 564 glo-

2303 490 2585 567 θοξολογεῖν
2611 497 2697 547 τὸν
2738 500 2886 551 Θεόν.
2933 499 3086 569 [idem
3118 506 3180 569 τῇ
3234 506 3451 572 στρατιᾷ
3510 510 3602 553 τῶν
3653 503 3829 579 ἐπουρα-

543 598 635 655 ria
663 595 920 662 afﬁcere,
952 592 1307 663 angelorum
1336 604 1561 645 munus
1589 592 1701 645 est.
1733 589 1853 641 Hoc
1883 600 2075 640 unum
2104 584 2193 638 est

544 685 729 742 totius
760 682 1016 739 caelestis
1047 680 1336 738 exercitus
1364 678 1654 744 ofﬁcium,
1684 675 1902 731 referre
1944 671 2194 729 creatori

545 773 819 844 gloriam.
843 774 1128 828 Creatura
1147 769 1365 831 omnis,
1381 773 1512 824 tum
1536 766 1741 828 silens,
1757 768 1887 820 tum
1910 762 2191 834 loquens,

544 868 674 920 tum
704 861 975 925 ccelestis,
1008 864 1137 917 tum
1170 864 1423 924 terrena,
1452 857 1553 913 dat
1582 854 1838 927 gloriam
1862 850 2185 909 conditori.

544 951 904 1011 Miserabiles
943 966 1083 1007 vero
1119 949 1419 1017 homines,
1450 949 1777 1019 postquam
1806 941 2042 999 aedibus
2072 938 2196 996 suis

544 1042 763 1098 relictis
792 1040 871 1097 ad
898 1039 1191 1111 templum
1223 1039 1634 1102 cucurrerunt,
1659 1032 1833 1106 quasi
1878 1030 2192 1103 quidpiam

545 1129 927 1187 consecuturi
973 1126 1381 1190 emolumenti,
1412 1130 1615 1181 tamen
1652 1122 1757 1178 Dei
1791 1120 1989 1178 verbis
2018 1134 2195 1175 aures

544 1234 669 1277 non
680 1219 970 1292 praebent,
987 1233 1164 1272 suam
1184 1217 1456 1288 ipsorum
1467 1218 1748 1269 naturam
1763 1226 1886 1267 non
1900 1209 2193 1276 sentiunt;

544 1323 671 1366 non
692 1311 945 1363 maerent
966 1307 1115 1362 dum
1133 1304 1602 1361 reminiscuntur
1620 1305 2037 1373 peccatorum;
2069 1314 2193 1354 non

546 1398 757 1455 timent
776 1395 1110 1467 judicium;
1153 1392 1259 1449 sed
1288 1391 1642 1460 arridentes,
1670 1394 1726 1444 et
1758 1389 1911 1445 inter
1948 1403 2010 1442 se
2046 1388 2192 1457 jun-

547 1490 758 1558 gentes
782 1485 1050 1553 dextras,
1090 1481 1450 1556 precationis
1478 1481 1731 1536 domum
1760 1479 1823 1534 in
1850 1478 2052 1533 locum
2078 1477 2191 1531 im-

544 1575 804 1632 modicae
846 1573 1230 1646 loquacitatis
1271 1575 1525 1635 vertunt,
1554 1568 1859 1642 aspernati
1902 1567 2191 1623 Davidem

546 1663 952 1721 declarantem
973 1668 1030 1719 et
1049 1663 1344 1719 dicentem
1371 1679 1385 1716 :
1407 1662 1477 1716 In
1498 1661 1715 1727 templo
1729 1660 1857 1728 ejus
1879 1658 2193 1728 unusquis-

545 1768 660 1826 que
671 1753 817 1809 dicit
838 1754 1119 1824 gloriam.
1145 1754 1228 1807 Tu
1246 1766 1389 1806 vero
1404 1765 1527 1805 non
1544 1747 1728 1804 modo
1750 1762 1870 1803 non
1891 1746 2186 1818 loqueris:

2299 588 2417 635 νίων
2471 584 2518 637 ἓν
2568 592 2721 638 τοῦτο
2772 589 2934 657 ἔργον,
2969 584 3127 649 δόξαν
3183 585 3487 660 ἀναπέμπειν
3523 598 3590 659 τῷ
3614 596 3827 644 κτίσαντι.

2298 671 2356 727 Ἠ
2388 678 2562 735 κτίσις
2591 680 2759 742 πᾶσα,
2791 675 2821 731 ἢ
2880 694 2933 727 τε
2966 683 3221 728 σιωπῶσαι
3261 682 3348 729 καὶ
3396 679 3709 750 φθεγγομένη,
3740 681 3763 737 ἢ
3794 701 3833 733 τε

2300 765 2669 835 ὑπερκόσμιος,
2704 766 2731 821 ἧ
2789 783 2843 815 τε
2892 770 3171 837 περίγειος,
3225 762 3435 828 δοξάζει
3479 770 3560 819 τόν
3605 774 3830 821 κτίσαντα.

2300 852 2599 927 Ἀνθρωποι
2654 849 2712 905 δὲ
2758 851 2983 924 ἐλεεινοὶ,
3015 854 3381 917 καταλιπόντες
3421 858 3538 917 τοὺς
3590 860 3744 918 οἴκους
3767 865 3832 910 καὶ

2301 942 2384 994 ἐπὶ
2408 945 2495 992 τόν
2550 944 2670 993 ναόν
2710 938 2991 1016 δραμόντες
3023 942 3122 1013 (3),
3153 944 3222 1005 ὡς
3260 940 3326 1002 δή
3358 964 3407 997 τι
3454 945 3651 1006 ἑαυτοὺς
3684 946 3835 1018 ὠφελῂ-

2303 1050 2497 1097 σοντες,
2526 1031 2631 1102 οὐχ
2696 1032 2960 1103 ὑπέχουσι
3019 1034 3115 1092 τὰς
3178 1032 3332 1094 ἀκοὰς
3389 1034 3556 1105 λόγοις
3613 1042 3749 1104 Θεοῦ,
3790 1036 3834 1087 οὐ

2300 1119 2654 1193 λαμϐάνουσιν
2699 1122 2950 1178 αἴσθησιν
3001 1130 3097 1184 τῆς
3149 1121 3342 1175 ἑαυτῶν
3395 1126 3609 1195 φύσεως,
3668 1124 3719 1176 οὐ
3764 1125 3834 1177 λυ-

2301 1216 2520 1261 ποῦνται
2567 1209 2638 1270 εἰς
2688 1215 2897 1281 μνήμην
2947 1219 3047 1262 τῶν
3099 1210 3362 1284 ἁμαρτιῶν
3408 1209 3759 1284 ἀφικνούμενοι,
3790 1214 3833 1264 οὐ

2300 1302 2552 1370 τρέμουσι
2572 1302 2665 1357 τὴν
2704 1303 2897 1371 κρίσιν·
2933 1296 3066 1351 ἀλλὰ
3108 1296 3405 1371 μειδιῶντες
3451 1305 3538 1352 καὶ
3574 1303 3659 1361 τὰς
3702 1298 3835 1364 δεξιὰς

2302 1385 2536 1447 ἀλλήλοις
2594 1385 2943 1458 ἐμϐάλλοντες,
3001 1392 3155 1441 τόπον
3211 1388 3556 1461 μακρολογίας
3609 1393 3685 1441 τόν
3728 1387 3834 1441 οἷκον

2300 1483 2573 1529 ποιοῦνται
2614 1484 2703 1536 τῆς
2741 1486 3065 1549 προσευχῆς,
3123 1481 3503 1550 παρακούοντες
3529 1486 3614 1530 τοῦ
3664 1478 3836 1551 Ψαλμῳ-

2301 1562 2399 1617 δοῦ
2453 1561 2939 1640 διαμαρτυρομένου
2977 1572 3068 1618 καὶ
3111 1565 3367 1637 λέγοντος,
3399 1570 3480 1619 ὅτι
3535 1568 3609 1620 Ἐν
3649 1576 3713 1638 τῷ
3758 1578 3836 1636 ναῷ

2299 1661 2391 1705 τοῦ
2432 1661 2564 1705 Θεοῦ
2596 1660 2698 1716 πᾶς
2729 1674 2809 1716 τις
2836 1654 2971 1725 λέγει
3002 1651 3180 1717 δόξαν.
3214 1660 3281 1708 Σὺ
3322 1654 3383 1709 δέ
3424 1657 3481 1709 οὐ
3510 1662 3652 1729 μόνον
3687 1657 3736 1709 οὐ
3778 1656 3836 1708 λίς

2298 1762 2428 1814 γεις,
2472 1742 2601 1807 ἀλλά
2644 1746 2735 1795 καὶ
2778 1743 2929 1816 ἑτέρῳ
2960 1742 3213 1815 ἐμπόδιον
3254 1751 3395 1818 γίνῃ,
3428 1745 3719 1819 ἐπιστρέφων
3745 1750 3838 1817 πρὸς

547 1842 653 1899 sed
681 1841 848 1899 alteri
875 1842 1055 1898 etiam
1077 1857 1141 1897 es
1163 1840 1616 1913 impedimento,
1643 1838 1747 1909 qui
1768 1853 1906 1893 cum
1927 1836 2033 1894 tibi
2059 1835 2192 1891 red-

2304 1831 2503 1886 ἐαυτόν.
2528 1837 2614 1889 Μὴ
2647 1836 2748 1906 γὰρ
2773 1828 2932 1895 δόξης
2965 1830 3225 1887 ἐπιδέεται
3268 1837 3296 1886 ὁ
3337 1838 3487 1905 Θεὸς,
3518 1834 3638 1888 ἀλλὰ
3664 1837 3714 1887 σε
3747 1832 3841 1907 βου-

546 1931 659 1985 das
689 1931 1197 1985 attentum.Deus
1225 1928 1386 1983 enim
1415 1927 1665 1982 minime
1711 1924 1939 1993 indiget
1967 1924 2154 1994 gloria
2178 1938 2192 1989 ;

548 2017 655 2073 sed
687 2022 741 2074 te
770 2017 897 2073 vult
925 2033 1057 2073 esse
1081 2017 1355 2085 dignum,
1386 2015 1492 2087 qui
1520 2029 1891 2086 consequare
1917 2013 2191 2082 gloriam.

548 2107 942 2179 Quapropter,
978 2106 1147 2174 Quod
1172 2106 1425 2161 seminat
1459 2106 1653 2167 homo,
1676 2103 1788 2159 hoc
1834 2110 1888 2158 et
1917 2108 2091 2158 metet
2122 2104 2193 2161 δ’.

620 2200 670 2250 δ.
697 2199 775 2264 (1)
798 2198 1024 2251 Censeo
1049 2199 1252 2250 autem
1276 2196 1551 2264 oportere
1579 2195 1697 2247 Deo
1727 2191 1893 2247 bona
1919 2190 2195 2260 largienti

546 2284 773 2355 gratias
797 2298 997 2353 agere,
1019 2281 1483 2355 procrastinanti
1507 2295 1649 2335 vero
1669 2295 1792 2335 non
1820 2296 2194 2336 succensere.

546 2375 613 2429 Et
644 2387 791 2427 sane
820 2371 871 2427 si
901 2370 1078 2426 nobis
1117 2369 1347 2427 dederit
1395 2374 1593 2425 tecum
1623 2384 1772 2435 esse,
1806 2369 2036 2440 optima
2064 2368 2196 2425 htBC

547 2460 847 2532 simulque
855 2458 1302 2530 jucundissima
1314 2457 1691 2529 parabimus;
1711 2457 1760 2512 si
1778 2473 1907 2512 rem
1937 2446 2196 2527 differat,

546 2549 844 2606 damnum
899 2548 1106 2605 leniter
1134 2547 1415 2604 feremus.
1450 2550 1597 2602 Nam
1636 2545 1850 2602 melius
1906 2545 2202 2618 profecto,

543 2653 731 2710 quam
752 2652 865 2691 nos
883 2637 997 2708 ipsi
1018 2636 1234 2705 eligere
1247 2635 1572 2708 possimus,
1595 2640 1803 2691 nostra
1824 2636 2192 2691 moderatur.

544 2730 623 2796 (2)
654 2726 919 2796 Halcyon
950 2726 1073 2782 avis
1095 2726 1329 2780 marina
1358 2731 1464 2780 est.
1494 2728 1625 2780 Haec
1655 2724 1941 2795 depositis
1970 2724 2033 2779 in
2061 2724 2197 2795 ipsa

544 2816 900 2885 arena‘ovis,
935 2815 1272 2871 secundum
1301 2815 1436 2886 ipsa
1468 2814 1666 2870 littora
1701 2813 1984 2870 fetiﬁcare
2006 2811 2193 2879 solet;

545 2908 604 2960 et
632 2903 791 2960 circa
811 2903 1075 2961 mediam
1100 2904 1221 2961 fere
1245 2903 1508 2960 hiemem
1536 2903 1736 2975 pullos
1761 2902 2041 2971 excludit,
2068 2908 2195 2959 tum

544 2992 689 3051 cum
740 3010 907 3051 mare
955 2994 1157 3049 multis
1214 2999 1271 3050 et
1320 2993 1594 3049 violentis
1638 2993 1828 3050 ventis
1862 2992 1940 3049 ad
1976 2997 2197 3049 terram

551 3083 726 3155 526
755 3082 1034 3139 alliditur.
1077 3086 1354 3139 Attamen
1402 3082 1839 3153 consopiuntur
1883 3082 2041 3137 venti
2070 3099 2197 3137 om-

544 3186 673 3240 nes,
713 3172 1034 3242 quiescunt
1062 3171 1325 3243 aequorei
1364 3170 1604 3226 ﬂuctus“
1628 3186 1734 3242 per
1772 3175 1989 3241 septem
2038 3170 2191 3237 dies,
2230 3190 2270 3244 ο

543 3260 768 3332 quibus
792 3260 1053 3332 halcyon
1083 3262 1213 3316 ovis
1238 3260 1504 3317 incubat.
1525 3262 1678 3316 Nam
1708 3260 1951 3315 totidem
1978 3260 2195 3316 diebus

548 3347 743 3404 solum
780 3349 980 3422 pullos
1011 3348 1289 3405 excludit.
1344 3352 1489 3405 Cum
1530 3353 1731 3405 autem
1764 3354 1818 3404 et
1861 3350 2017 3405 victu
2046 3350 2195 3421 ipsis

545 3451 701 3508 opus
730 3437 824 3507 sit,
843 3437 992 3493 alios
1022 3442 1251 3509 septem
1276 3438 1406 3493 dies
1429 3438 1507 3493 ad
1534 3437 1836 3509 pullorum
1867 3438 2199 3494 incremen-

546 3528 676 3583 tum
699 3527 854 3580 Deus
882 3525 1404 3582 muniﬁcentissim
1415 3542 1483 3580 us
1512 3525 1763 3580 minimo
1784 3527 1925 3581 huic
1946 3526 2193 3582 animali

542 3613 833 3687 praestitit.
868 3615 1274 3679 Quamobrem
1297 3621 1353 3670 et
1377 3631 1587 3670 omnes
1608 3618 1807 3671 nautae
1836 3614 1951 3670 hoc
1974 3616 2193 3683 sciunt,

545 3703 794 3775 diesque
832 3702 964 3760 illos
1014 3704 1320 3777 appellant
1367 3704 1757 3775 halcyoneos.
1789 3707 1899 3760 Res
1946 3704 2059 3760 illae
2088 3720 2196 3776 per

545 3792 647 3849 Dei
668 3792 731 3847 in
753 3792 933 3850 bruta
957 3792 1401 3865 providentiam
1432 3792 1674 3848 sancitze
1708 3798 1846 3849 sunt
1876 3798 1933 3849 et
1960 3794 2193 3849 ordina-

545 3883 640 3949 ιω,
666 3883 732 3936 ut
760 3885 825 3936 tu
869 3880 964 3936 his
991 3881 1289 3945 incitatus,
1318 3896 1390 3936 ea
1436 3897 1573 3953 quae
1621 3881 1697 3937 ad
1728 3888 1898 3938 tuam
1940 3881 2197 3938 salutem

544 3968 867 4040 pertinent,
892 3984 929 4024 a
949 3971 1067 4024 Deo
1089 3984 1404 4040 exposcas.
1469 3968 1622 4034 Quid
1645 3975 1745 4025 tua
1762 3985 1966 4035 causa,
1990 3970 2094 4042 qui
2113 3969 2196 4026 fa-

547 4059 678 4110 ctus
716 4071 779 4110 es
809 4055 888 4110 ad
919 4056 1020 4111 Dei
1048 4057 1396 4124 imaginem,
1433 4057 1615 4113 etiam
1646 4062 1860 4128 praeter
1886 4063 2196 4130 exspecta-

548 4142 773 4199 tionem
820 4143 949 4197 ﬁeri
972 4158 1096 4199 non
1123 4145 1330 4215 possit,
1356 4160 1495 4199 cum
1518 4146 1766 4201 aviculae
1795 4145 1947 4202 adeo
1970 4148 2197 4218 exiguae

546 4230 743 4302 gratia
762 4234 1001 4286 vastum
1024 4236 1081 4287 et
1100 4232 1473 4288 horrendum
1502 4249 1670 4290 mare
1695 4235 1756 4289 in
1786 4235 1989 4291 media
2003 4236 2199 4291 hieme

546 4318 857 4390 quiescere
879 4319 1141 4390 jussum,
1166 4321 1504 4377 detineatur
1527 4338 1598 4377 ac
1622 4322 1923 4378 frenetur?
1966 4324 2023 4379 Si
2038 4324 2201 4381 enim

542 4407 832 4480 halcyoni
902 4413 1067 4465 tanta
1111 4409 1377 4479 largitur,
1411 4415 1640 4481 quanto
1701 4412 1937 4481 majora
1980 4411 2050 4468 iis
2097 4412 2203 4485 qui

2298 1923 2440 1975 λεται
2494 1922 2636 1984 ἄξιον
2676 1918 2807 1973 εἶναι
2852 1930 2943 1974 τοῦ
3000 1920 3352 1985 δοξασθῆναι·
3406 1929 3562 1989 Διότι,
3598 1924 3658 1976 Ὀ
3686 1929 3840 1995 σπείρει

2302 2013 2591 2087 ἄνθρωπος,
2622 2018 2776 2065 τοῦτο
2805 2016 2894 2063 καὶ
2926 2013 3137 2086 θερίσει.

2373 2194 2426 2245 5.
2466 2195 2581 2265 Χρὴ
2618 2187 2677 2242 δὲ
2708 2186 2915 2243 διδόντι
2940 2194 3029 2261 μεν
3059 2193 3124 2243 τὰ
3164 2190 3341 2263 ἀγαθά
3378 2200 3453 2262 τῷ
3496 2200 3602 2261 Θεῷ
3630 2193 3765 2265 χάριν
3797 2192 3842 2243 εὶ-

2303 2276 2470 2340 δέναι,
2529 2284 2878 2351 ταμιευομένῳ
2912 2276 2972 2332 δε
3011 2284 3081 2351 μὴ
3134 2277 3526 2354 δυσχεραίνειν.
3580 2286 3669 2334 Καὶ
3706 2281 3741 2333 εἰ

2300 2370 2637 2442 παράσχοιτο
2680 2370 2927 2433 συνεῖναι,
2976 2377 3145 2421 ταῦτα
3182 2371 3309 2440 ἡμῖν
3343 2371 3534 2444 ἄριστά
3562 2390 3611 2421 τε
3638 2371 3747 2441 ὁμοῦ
3776 2373 3839 2417 καὶ

2303 2452 2507 2516 ἣδιστα
2552 2459 2880 2529 ἡγησόμεθα·
2942 2457 2986 2509 εἰ
3037 2454 3095 2510 δὲ
3124 2457 3460 2527 ἀναϐάλοιτο,
3492 2460 3656 2531 πράως
3684 2462 3840 2529 οἷσομει

2302 2550 2396 2604 τὴν
2428 2546 2641 2617 ζημίαν.
2676 2546 2917 2618 Ἀμεινον
2954 2550 3053 2619 γάρ
3093 2567 3193 2600 που
3240 2550 3469 2614 πάντως,
3502 2548 3531 2606 ἦ
3563 2550 3625 2608 ὡς
3651 2547 3701 2597 ἂν
3736 2548 3841 2617 ἡμεῖς

2302 2634 2687 2707 προειλοίμεθα,
2758 2632 3035 2687 διοικεῖται
3114 2639 3179 2688 τὰ
3229 2637 3481 2709 ἡμέτερα.
3525 2636 3726 2689 ’Δλκυὼν
3760 2634 3842 2686 ἐστι

2306 2723 2578 2777 θαλάττιον
2628 2726 2818 2798 ὄρνεον.
2877 2726 3017 2782 Αὕτη
3072 2725 3195 2800 παρ’
3227 2726 3418 2786 αὐτοὺς
3467 2728 3711 2778 νοσσεύειν
3756 2726 3843 2782 τοὺς

2303 2813 2574 2885 αἰγιαλοὺς
2620 2819 2862 2886 πέφυκεν,
2918 2813 2996 2867 ἐπ’
3062 2815 3228 2875 αὐτῆς
3268 2818 3336 2867 τὰ
3393 2817 3469 2867 ὠὰ
3522 2825 3611 2877 τῆς
3672 2814 3841 2885 ψάμμον

2302 2905 2646 2976 καταθεμένη·
2703 2908 2792 2955 καὶ
2834 2906 3071 2956 νοσσεύει
3106 2906 3241 2956 κατὰ
3309 2910 3468 2977 μέσον
3521 2924 3614 2957 που
3648 2907 3723 2955 τὸν
3756 2920 3843 2972 χιι.

2303 3002 2468 3065 μῶνα,
2505 2995 2585 3045 ὅτε
2623 2992 2828 3054 πολλοῖς
2864 2998 2954 3045 καὶ
2999 2992 3196 3065 βιαίοις
3228 2992 3445 3067 ἀνέμοις
3480 2997 3510 3052 ἡ
3562 2993 3771 3046 θάλασσα

2302 3090 2370 3154 γῇ
2414 3084 2863 3156 προσαράσσεταισ
2926 3082 3061 3134 Ἀλλ’
3101 3085 3238 3155 ὅμως
3289 3083 3612 3155 κοιμῖςονται
3638 3087 3716 3154 μεν
3749 3081 3847 3133 πάνυ

2302 3191 2379 3231 τες
2410 3172 2610 3242 ἄνεμοι,
2654 3171 2926 3241 ἡσυχάζει
2982 3167 3040 3224 δὲ
3087 3179 3230 3244 κῦμα
3284 3172 3586 3241 θαλάσσιον,
3625 3172 3730 3223 ὅταν
3775 3167 3844 3219 ἀλ·

2304 3265 2439 3312 κυὼν
2502 3260 2710 3330 έπωάζῃ
2778 3263 2870 3321 τὰς
2936 3260 3065 3313 ἑπτὰ
3117 3264 3354 3335 ἡμέρας·
3414 3261 3462 3313 ἐν
3498 3263 3845 3327 τοσαύταιςγαρ

2305 3353 2483 3420 μόναις
2541 3348 2794 3409 ἑκλεπίζει
2845 3353 2967 3411 τοὺς
3017 3354 3273 3411 νεοττούς.
3330 3355 3468 3405 Ἐπεὶ
3517 3348 3573 3403 δὲ
3599 3354 3677 3401 καὶ
3700 3354 3847 3422 τροφῆς

2306 3438 2481 3499 αὐτοῖς
2508 3442 2685 3510 χρεία,
2716 3438 2869 3498 οἰλλας
2917 3439 3048 3491 ἑπτὰ
3085 3444 3215 3511 πρὸς
3269 3445 3365 3497 τὴν
3419 3449 3516 3491 τῶν
3566 3446 3750 3491 νεοττῶν
3782 3437 3846 3485 αὖ·

2306 3527 2505 3589 ξησινό
2537 3524 2900 3601 μεγαλόδωρος
2945 3532 3075 3590 Θεὸς
3131 3537 3202 3598 τῷ
3262 3532 3559 3601 μικροτάτῳ
3592 3532 3695 3597 ζωῳ
3742 3541 3845 3594 παρ·

2306 3619 2515 3686 ἐσχετο.
2547 3615 2708 3668 Ὠστε
2762 3620 2849 3667 καὶ
2901 3622 3136 3669 ναυτικοὶ
3189 3620 3370 3678 πάντες
3409 3621 3560 3669 ἴσασι
3607 3622 3757 3676 τοῦτο,
3782 3616 3846 3661 καὶ

2305 3702 2613 3764 ἀλκυονίδας
2642 3708 2732 3765 τάς
2770 3707 2968 3777 ἡμέρας
3020 3704 3215 3767 ἐκείνας
3244 3708 3707 3778 προσαγορεύουσι.
3748 3708 3845 3753 T19-

2304 3796 2370 3846 τά
2402 3813 2485 3845 σοι
2534 3794 2604 3855 εἰς
2649 3800 2947 3868 προτροπὴν
2988 3802 3077 3846 τοῦ
3112 3796 3270 3847 αἰτεῖν
3322 3798 3465 3870 παρά
3528 3802 3613 3846 τοῦ
3662 3796 3774 3845 Θεοῦ
3800 3788 3847 3838 τά

2306 3885 2435 3957 πρὸς
2476 3887 2740 3954 σωτηρίαν
2772 3879 2865 3935 διά
2892 3891 2985 3944 τῆς
3030 3890 3149 3957 περὶ
3181 3904 3247 3935 τα
3298 3884 3464 3954 ἄλογα
3494 3891 3582 3935 τοῦ
3611 3887 3722 3935 Θεοῦ
3754 3894 3845 3946 προ-

2305 3977 2443 4031 νοίας
2481 3973 2895 4042 νενομοθέτηται.
2944 3970 3009 4024 Τί
3040 3976 3139 4047 γάρ
3174 3973 3269 4025 οὐκ
3300 3973 3361 4025 ἂν
3413 3978 3607 4044 γένοιτο
3649 3977 3733 4021 τῶν
3772 3985 3846 4015 πα·

2306 4058 2543 4132 ροιόόξων
2606 4062 2765 4113 ἕνεκεν
2826 4062 3021 4121 σου.ὃς
3082 4063 3197 4112 κατ’
3255 4062 3429 4114 εἰκόνα
3491 4065 3691 4133 γέγονας
3735 4061 3844 4113 Θεοῦ,

2308 4151 2499 4220 ὅπουγε
2563 4151 2688 4223 ὑπὲρ
2757 4151 2956 4222 ὄρνιθος
3023 4151 3157 4202 οὕτω
3213 4156 3408 4223 μικρᾶς
3462 4154 3491 4209 ἡ
3562 4147 3736 4222 μεγάλη
3783 4150 3847 4193 καὶ

2310 4238 2502 4311 φοϐερὰ
2538 4242 2820 4310 κατέχεται
2859 4239 3120 4302 θάλασσα,
3168 4239 3215 4291 ἐν
3264 4245 3408 4311 μέσῳ
3470 4246 3683 4311 χειμῶνι
3731 4231 3847 4303 γαλῆ·

2309 4349 2399 4386 νην
2444 4330 2586 4400 οἴγειν
2626 4327 3010 4400 ἐπιταχθεῖσα;
3053 4330 3112 4381 Εἰ
3141 4332 3241 4401 γὰρ
3286 4330 3496 4381 ἀλκυόνι
3522 4331 3584 4380 τά
3614 4325 3846 4385 τηλικαᾶτα

2310 4422 2616 4490 χαρίζεται,
2652 4424 2799 4489 πόσῳ
2823 4418 3037 4489 μείζονα
3078 4414 3238 4470 δώσει
3264 4426 3369 4478 τοῖς
3415 4418 3467 4480 ἐξ
3523 4418 3639 4478 ὅλης
3670 4408 3846 4485 καρδίας

544 4496 743 4569 ipsum
803 4502 927 4555 toto
975 4499 1157 4555 corde
1195 4499 1498 4565 invocant,
1558 4514 1961 4555 concessurus
2037 4514 2125 4557 est
2171 4504 2195 4559 ‘2

2313 4505 2675 4577 ἐπιϐοωμένοις
2736 4506 2923 4571 αὐτόν;
2995 4512 3257 4578 Πείσωμεν
3319 4515 3595 4579 τοιγαροῦν
3661 4504 3844 4561 mam”

548 4587 943 4658 Quapropter,
977 4604 1014 4643 ο
1057 4587 1290 4652 fratres,
1320 4589 1469 4644 illud
1517 4594 1806 4646 statutum
1835 4590 2197 4661 habeamus,

547 4690 688 4729 cum
712 4676 942 4731 caeteris
973 4676 1034 4732 in
1062 4677 1342 4748 precibus
1373 4679 1617 4745 nostris,
1653 4684 1782 4734 tum
1812 4680 1989 4735 etiam
2013 4686 2199 4736 tenta-

546 4763 726 4819 tionis
755 4768 1046 4835 tempore,
1072 4781 1195 4821 non
1224 4766 1303 4823 ad
1333 4766 1638 4823 humanas
1683 4783 1823 4840 spes
1868 4783 2201 4838 accurrere,

546 4866 744 4923 neque
774 4852 914 4907 hinc
943 4855 1150 4909 venari
1188 4856 1368 4911 nobis
1400 4856 1729 4911 auxilium:
1780 4856 1885 4911 sed
1928 4857 1988 4912 in
2014 4857 2203 4929 lacry-

547 4940 662 4995 mis
684 4944 741 4995 et
772 4941 1046 5013 suspiriis
1076 4947 1133 4997 et
1160 4942 1467 5000 laboriosa
1495 4961 1670 5016 prece
1702 4945 2033 5017 vigiliisque
2053 4945 2202 5002 assi-

546 5028 682 5084 duis
708 5045 914 5101 preces
953 5030 1228 5089 fundere.
1269 5032 1361 5088 Sic
1390 5033 1552 5088 enim
1586 5050 1697 5088 sua
1726 5033 1958 5090 levatur
2003 5035 2203 5091 anxie-

545 5122 687 5185 tate,
719 5118 903 5189 quiet
930 5120 1269 5176 humanum
1297 5121 1587 5177 auxilium
1631 5127 1697 5177 ut
1725 5138 1954 5177 vanum
2000 5128 2201 5185 conte:

545 5207 718 5277 mnit,
740 5212 796 5263 et
826 5223 963 5280 spes
1003 5208 1067 5263 in
1112 5223 1271 5279 eum,
1306 5209 1402 5263 cui
1434 5210 1713 5266 servandi
1742 5212 1929 5266 nostri
1959 5216 2049 5267 est
2094 5228 2200 5284 po-

617 5351 662 5385 ⁶¹
706 5351 860 5407 Psal.
892 5367 1041 5419 xvm,
1075 5356 1134 5407 2.
1219 5353 1268 5387 θ’
1308 5350 1497 5409 Galat.
1529 5368 1608 5421 v1,
1632 5355 1682 5407 8.

616 5494 691 5561 (1)
730 5492 814 5565 ξι
838 5493 1007 5565 epist.
1035 5512 1071 5563 ι,
1098 5497 1190 5551 70.

618 5564 696 5637 (2)
737 5563 820 5617 Ex
848 5563 1014 5621 hom.
1046 5581 1139 5620 vni
1169 5567 1232 5621 in
1257 5567 1534 5637 Exaem.,
1555 5570 1645 5637 75.

621 5634 694 5701 (3)
735 5639 1037 5706 Δραμόντες.
1130 5639 1448 5694 Contextus
1518 5634 1929 5710 συνδραμόντες.
1992 5637 2194 5696 Codex

2313 4591 2547 4667 ἀδελφοὶ,
2596 4601 2685 4647 καὶ
2737 4594 2785 4646 ἐν
2848 4602 2965 4656 ταῖς
3010 4595 3191 4655 οἱλλαις
3230 4600 3374 4667 ἡμῶν
3430 4596 3679 4661 οιίτιέοέοπ,⁵
3719 4585 3844 4641 καιὲι

2308 4692 2474 4756 καιρῷ
2504 4692 2819 4758 πειρασμοῦ,
2852 4688 2923 4756 μὴ
2966 4688 3093 4758 πρὸς
3145 4683 3468 4756 ἀνθρωπίνας
3526 4678 3722 4739 ἐλπίδας
3748 4676 3843 4727 ἀπε·

2308 4776 2535 4845 τρέχειν,
2601 4769 2739 4844 μηδὲ
2810 4772 2997 4825 ἐκεῖθεν
3060 4773 3262 4833 ἑαυτοῖς
3309 4777 3403 4835 τάς
3445 4770 3680 4845 βοηθείας
3727 4768 3845 4836 θηρά-

2311 4863 2457 4913 σθαι’
2508 4860 2614 4913 ἀλλ’
2668 4862 2716 4914 ἐν
2751 4858 2983 4935 δάκρυσι
3032 4866 3121 4914 καὶ
3171 4869 3494 4935 στεναγμοῖς,
3524 4866 3612 4912 καὶ
3644 4857 3843 4929 φιλοπόνῳ

2306 4959 2609 5022 προσευχῇ,
2659 4956 2748 5002 καὶ
2786 4950 3052 5024 ἀγρυπνίᾳ
3106 4951 3311 5022 εὖτόνῳ,
3359 4952 3448 5010 τάς
3494 4946 3685 5006 δεήσεις
3727 4944 3844 4995 soui-

2310 5041 2457 5097 σθαι,
2489 5040 2641 5091 Οὕτω
2683 5040 2784 5114 γάρ
2833 5039 3084 5110 λαμϐάνει
3137 5038 3386 5112 βοήθειαν
3441 5038 3494 5090 ἐκ
3538 5035 3746 5105 θλίψεως,
3779 5031 3840 5077 καὶ

2305 5137 2396 5188 τῆς
2452 5126 2778 5201 ἀνθρωπίνης
2837 5127 3089 5200 βοηθείας
3158 5132 3223 5189 ὡς
3275 5132 3501 5201 ματαίας
3549 5124 3840 5197 καταφρονῶν,

2305 5222 2394 5269 καὶ
2421 5226 2481 5289 τῇ
2530 5217 2613 5270 ἐπὶ
2655 5220 2741 5269 τόν
2782 5218 2967 5278 σώζειν
3008 5214 3289 5291 δυνάμενον
3332 5219 3467 5288 ἡμᾶς
3505 5209 3666 5267 ελπίδι
3699 5222 3838 5275 στερι-

2302 5500 2519 5569 Regius
2550 5501 2597 5553 έν
2626 5509 2695 5571 νῷ
2735 5508 2892 5558 Θεοῦ.
2933 5503 3221 5559 Contextu
3256 5502 3336 5554 ἐπὶ
3360 5504 3444 5553 τόν
3468 5501 3598 5553 ναόν.
3640 5495 3752 5549 Hac
3792 5496 3838 5541 ω

2302 5571 2476 5628 edttis
2503 5572 2723 5629 nostris
2751 5571 3017 5630 deerant.
