4056 6222
264 361 403 416 1245

1493 370 1723 427 SERMO
1762 372 1823 429 X.
1852 400 1924 414 -
1960 375 2051 431 DE
2087 376 2390 433 JEJUNIO.

3477 380 3618 436 1246

263 484 497 557 ξάμενος.
526 485 647 539 Ὀτι
676 486 817 558 αύτῷ
846 492 1028 561 πρέπει
1058 492 1088 549 ἠ
1123 487 1255 555 δόξα
1296 496 1387 545 καὶ
1420 496 1451 551 ἡ
1496 498 1856 568 προσκύνησις

1970 503 2173 571 testas,
2201 501 2430 558 nititur.
2471 502 2767 567 Quoniam
2816 503 2932 575 ipsi
2978 502 3232 561 debetur
3291 503 3497 574 gloria,
3559 506 3619 561 et

265 577 361 626 σὺν
386 582 458 646 τῷ
490 574 709 649 ἀνάρχῳ
746 578 905 631 αὑτοῦ
950 584 1115 655 Πατρὶ
1167 586 1356 653 καὶτῷ
1407 586 1644 656 ζωοποιῷ
1704 591 1857 640 Πνεύ-

262 683 414 736 ματι,
453 671 542 717 νῦν
579 670 671 718 καὶ
710 665 811 734 ἀεὶ,
867 673 957 721 καὶ
1013 668 1080 730 εἰς
1117 673 1233 731 τούς
1272 671 1460 735 αἰῶνας
1498 682 1598 726 τῶν
1636 676 1855 733 αἰώνων.

264 753 452 825 Ἀμην.

790 857 943 910 ΠΕΡΙ
990 863 1334 917 ΝΗΣΤΕῙΑΣ.

905 971 1120 1018 ΛΟΓΟΣ
1164 966 1219 1022 Γ.

338 1088 388 1141 1.
421 1090 718 1157 Στρατηγοὶ
742 1094 835 1160 μεν
882 1089 950 1150 εἰς
974 1092 1265 1165 παράταξιν
1293 1096 1380 1147 τὸν
1412 1100 1636 1171 στρατὸν
1674 1102 1860 1154 καθισ-

262 1180 467 1237 τῶντες,
519 1182 631 1237 τοῖς
670 1177 1083 1251 παρακλητικοῖς
1134 1181 1303 1254 λόγοις
1348 1188 1450 1259 πρὸ
1499 1194 1599 1238 τῶν
1646 1189 1857 1259 ἀγώνων

263 1266 576 1337 κέχρηνται,
607 1268 696 1316 καὶ
743 1270 1004 1326 τοσαύτην
1056 1272 1170 1342 ἔχει
1220 1269 1441 1346 δύναμιν
1468 1278 1497 1334 ἡ
1530 1282 1857 1349 παραίνεσις,

265 1354 401 1405 ὥστε
428 1356 519 1404 καὶ
547 1360 640 1405 τοῦ
669 1355 888 1407 θανάτου
914 1356 1165 1422 πολλάκις
1194 1368 1579 1437 καταφρόνησιν
1606 1365 1858 1437 ἐμποιεῖν.

268 1447 571 1513 Γυμνασταὶ
601 1437 660 1495 δε
682 1448 773 1495 καὶ
802 1442 1169 1520 παιδοτρίϐαι,
1199 1455 1328 1525 πρὸς
1360 1456 1480 1515 τούς
1519 1456 1566 1506 ἓν
1596 1462 1707 1517 τοῖς
1737 1475 1861 1509 στα-

268 1527 401 1591 δίοις
446 1527 650 1602 ἀγῶνας
686 1536 809 1595 τούς
852 1533 1081 1598 ἀθλητὰς
1126 1543 1499 1611 προσάγοντες,
1543 1543 1705 1597 πολλὰ
1744 1550 1860 1618 περὶ

263 1627 358 1673 τοῦ
381 1628 582 1693 χρῆναι
608 1628 776 1674 πονεῖν
802 1624 928 1698 ὑπὲρ
964 1634 1065 1677 τῶν
1120 1631 1377 1700 στεφάνων
1432 1628 1819 1686 διακελεύονται
1844 1655 1857 1669 ο

264 1711 396 1762 ὥστε
420 1714 509 1762 καὶ
541 1714 957 1771 συνεπείσθησαν
987 1714 1165 1770 πολλοὶ
1189 1726 1249 1790 τῇ
1283 1724 1399 1793 περὶ
1424 1726 1518 1779 τὴν
1542 1727 1687 1780 νίκην
1720 1723 1858 1795 φιλο-

259 1802 415 1870 τιμίᾳ
442 1808 543 1850 τῶν
584 1803 837 1872 σωμάτων
876 1800 1168 1875 ὑπεριδεῖν.
1225 1813 1403 1861 Τοίνυν
1451 1815 1538 1861 καὶ
1588 1812 1700 1883 ἐμοὶ
1744 1816 1858 1872 τούς

259 1895 500 1962 Χριστοῦ
529 1895 845 1963 στρατιώτας
865 1896 995 1966 πρὸς
1020 1897 1105 1944 τὸν
1126 1898 1261 1947 κατὰ
1282 1906 1379 1948 τῶν
1396 1896 1628 1971 ἀοράτων
1651 1900 1858 1973 ἐχθρῶν

258 1978 481 2049 πόλεμον
511 1975 546 2030 δ
553 1980 878 2050 ιατάσσοντι,
908 1987 997 2034 καὶ
1042 1987 1159 2045 τούς
1200 1984 1426 2047 ἀθλητὰς
1456 1997 1550 2049 τῆς
1596 1990 1859 2053 εὐσεϐείας

259 2069 346 2122 ἐπὶ
373 2071 491 2129 τοὺς
516 2076 611 2130 τῆς
644 2065 986 2132 δικαιοσύνης
1019 2077 1295 2145 στεφάνους
1326 2072 1360 2129 δ
1367 2079 1420 2129 ui
1439 2087 1533 2140 τῆς
1563 2078 1858 2153 ἐγκρατείας

255 2161 736 2231 παρασκευάζοντι,
774 2158 1054 2231 ἀναγκαῖος
1084 2164 1111 2214 ό
1152 2162 1301 2235 λόγος
1341 2174 1432 2227 τῆς
1463 2168 1853 2242 παρακλήσεως.

254 2245 504 2318 Ἀγγελοί
537 2247 668 2300 εἰσιν
706 2251 757 2301 oi
803 2250 919 2301 καθ’
958 2250 1185 2310 ἑκάστην
1235 2254 1514 2312 ἐκκλησίαν
1556 2255 1856 2331 ἀπογραφό-

256 2355 402 2408 μενοι
430 2340 546 2398 τούς
568 2340 931 2401 νηστεύοντας.
962 2338 1116 2414 Ὀρα,
1168 2346 1240 2415 μὴ
1288 2340 1322 2395 δ
1329 2348 1382 2395 ιά
1429 2350 1621 2420 μικρὰν
1660 2344 1856 2406 ἡδονὴν

259 2424 553 2499 βρωμάτων
583 2426 857 2501 ζημιωθῇς
884 2431 973 2500 μεν
1003 2433 1092 2487 τὴν
1131 2429 1437 2504 ἀπογραφὴν
1475 2442 1567 2487 τοῦ
1616 2434 1857 2507 ἀγγέλου,

256 2511 513 2567 ὑπόδικον
544 2513 603 2568 δε
634 2520 849 2568 σεαυτὸν
881 2517 1207 2581 λειποταξίου
1231 2531 1439 2592 γραφῆς
1467 2531 1539 2592 τῷ
1572 2525 1856 2596 στρατολο-

256 2608 875 2677 γὰσαντικαταστήσης.
927 2607 1173 2660 Ἐλάττων
1219 2612 1243 2661 ό
1290 2607 1552 2680 κίνδυνος,
1595 2613 1856 2685 ῥίψασπιν

259 2692 344 2745 ἐπὶ
372 2693 706 2766 παρατάξεως
738 2694 1051 2766 ἐλεγχθῆναί
1079 2717 1211 2765 τινα,
1246 2699 1274 2757 ἦ
1318 2704 1375 2751 τὸ
1402 2705 1538 2771 μέγα
1574 2702 1726 2753 ὅπλον
1762 2708 1856 2762 τὴν

256 2788 501 2838 νηστείαν
522 2781 851 2835 ἀποϐαλόντα
880 2794 1119 2855 φανῆναι.
1153 2787 1411 2851 Πλούσιός
1436 2788 1515 2854 si;
1558 2796 1641 2848 Μὴ
1689 2794 1859 2844 καθυιε

257 2869 445 2945 ϐρίσης
474 2876 564 2930 τήν
590 2878 857 2940 νηστείαν,
891 2872 1199 2937 ἀπαξιώσας
1228 2876 1400 2929 λαϐεῖν
1441 2879 1604 2938 αὐτὴν
1627 2882 1855 2953 ὁμοτρά-

253 2960 435 3029 πεζον,
481 2957 621 3032 μηδὲ
668 2969 764 3022 τῆς
802 2961 967 3024 οἰκίας
1013 2964 1173 3016 αὑτοῦ
1226 2967 1410 3037 ἄτιμον
1438 2965 1721 3041 ἀποπέμψῃ
1750 2990 1855 3022 πα-

253 3051 700 3123 ρευημερηθεῖσαν
732 3051 831 3102 ὑπὸ
870 3059 961 3113 τῆς
990 3048 1184 3116 ἡδονῆς
1208 3075 1220 3087 ο
1253 3060 1323 3127 μή
1373 3061 1499 3109 ποτέ
1528 3077 1621 3110 σου
1651 3078 1855 3130 καταγ-

251 3137 404 3210 γείλη
433 3136 516 3190 ἐπὶ
544 3146 636 3191 τοῦ
660 3141 939 3212 νομοθέτου
982 3150 1081 3192 τῶν
1110 3153 1380 3213 νηστειῶν,
1430 3151 1519 3197 καὶ
1556 3146 1851 3199 πολλαπλαο

255 3229 411 3279 σίονά
451 3232 533 3280 σοί
572 3225 671 3279 ἀπὸ
711 3225 1008 3291 καταδίκης
1045 3230 1283 3305 ἐπαγάγῃ
1334 3238 1427 3291 τὴν
1467 3232 1687 3303 ἔνδειαν,
1730 3237 1757 3295 ἡ
1802 3236 1854 3300 ἐξ

254 3314 557 3390 ἀῤῥωστίας
597 3324 854 3389 σώματος,
886 3320 914 3378 ἡ
947 3318 999 3382 ἐξ
1037 3320 1196 3383 ἄλλης
1234 3326 1371 3385 τινὸς
1404 3326 1715 3396 σκυθρωπῆς
1758 3346 1855 3378 πε-

254 3407 572 3481 ριστάσεως,
603 3406 661 3458 Ὀ
690 3415 845 3470 πένης
866 3413 936 3479 μὴ
971 3408 1314 3483 εἰρωνευέσθω
1336 3416 1459 3483 πρὸς
1484 3418 1850 3479 τὴννηστείαν,

256 3494 423 3548 παλαι
455 3498 690 3547 σύνοικον
717 3496 877 3553 αὐτὴν
908 3502 997 3549 καὶ
1029 3495 1333 3569 ὁμοδίαιτον
1363 3503 1520 3571 ἔχων.
1556 3503 1765 3566 Γυναιξὶ
1797 3500 1855 3556 δε

260 3586 433 3656 ὧσπερ
466 3588 523 3637 τό
546 3583 802 3654 ἀναπνεῖν,
834 3586 997 3647 οὕτως
1016 3590 1074 3639 τό
1110 3592 1374 3645 νηστεύειν
1414 3591 1598 3643 οἰκεῖόν
1630 3591 1739 3643 ἐστι
1768 3598 1857 3645 καὶ

258 3676 397 3725 κατά
422 3676 598 3745 φύσιν.
631 3676 697 3726 Οἱ
734 3671 939 3746 παῖδες,
982 3677 1154 3749 ὥσπερ
1196 3687 1293 3728 τῶν
1335 3688 1503 3749 φυτὼν
1543 3684 1608 3732 τὰ
1643 3681 1856 3749 εὐθαλῆ,

258 3769 331 3831 τῷ
370 3771 463 3824 τῆς
500 3768 744 3825 νηστείας
793 3760 951 3816 ὕδατι
1002 3763 1526 3837 καταρδευέσθωσαν.
1568 3776 1688 3830 Τοῖς
1730 3788 1857 3843 πρε-

260 3850 479 3912 σϐύταις
527 3860 717 3923 κοῦφον
754 3861 894 3907 ποιεῖ
928 3857 1015 3905 τὸν
1065 3859 1217 3906 πόνον
1271 3857 1299 3913 ἡ
1357 3854 1411 3907 ἐκ
1468 3857 1689 3909 παλαιοῦ
1727 3862 1859 3932 πρὸς

258 3940 419 3997 αὐτὴν
458 3940 716 4001 οἰκείωσις
740 3962 752 3973 ·
794 3946 940 3994 πόνοι
976 3945 1077 4017 γὰρ
1118 3942 1173 3995 ἐκ
1206 3951 1412 4017 μακρᾶς
1453 3948 1726 4007 συνηθείας
1772 3965 1858 4018 μεθ

256 4029 572 4097 λετηθέντες,
623 4028 933 4103 ἀλυπότερον
1002 4037 1401 4106 προσπίπτουσι
1439 4042 1548 4097 τοῖς
1602 4054 1861 4107 γεγυμναη

260 4123 484 4191 σμένοις.
525 4125 647 4181 Τοῖς
683 4116 981 4194 ὁδοιπόροις
1020 4120 1273 4184 εὐσταλής
1312 4120 1423 4175 ἔστι
1464 4128 1786 4198 συνέμπορος
1823 4126 1853 4183 ἡ

257 4212 496 4265 νηστεία.
558 4206 757 4283 ’Ὠσπερ
818 4211 920 4284 γὰρ
980 4211 1010 4268 ἡ
1061 4214 1226 4283 τρυφὴ
1290 4210 1604 4284 ἀχθοφορεῖν
1671 4213 1859 4276 αὐτούς

259 4294 567 4367 ἀναγκάζει,
600 4300 690 4359 τὰς
732 4295 1043 4358 ἀπολαύσεις
1081 4301 1510 4373 περικομίζοντας
1538 4322 1550 4335 ·
1579 4302 1713 4353 οὕτω
1740 4304 1857 4354 κού-

260 4404 386 4458 φους
424 4385 611 4447 αύτούς
649 4391 739 4437 καὶ
787 4386 1039 4447 εὐζώνους
1096 4389 1123 4444 η
1176 4394 1393 4445 νηστεία
1446 4392 1857 4462 παρασκευάζει.

262 4480 367 4527 Καὶ
406 4482 511 4534 τοῖς
547 4476 638 4546 μεν
676 4482 767 4525 τού
807 4479 1009 4547 κόσμου
1051 4482 1414 4550 στρατιώταις,
1456 4481 1589 4530 κατὰ
1627 4482 1719 4536 τὴν
1758 4488 1857 4531 τῶν

1654 4575 1762 4619 τοῖς
1801 4564 1860 4619 δε

260 4659 633 4723 πνευματικοῖς
685 4652 940 4719 ὁπλίταις,
982 4654 1007 4703 ὁ
1064 4652 1272 4705 ἔλαττον
1327 4656 1463 4724 ἔχων
1500 4663 1593 4715 τῆς
1644 4664 1857 4727 τροφῆς,

260 4564 510 4635 καμάτων
550 4561 846 4635 ἀναλογίαν,
885 4567 944 4616 τό
1000 4567 1298 4636 σιτηρέσιον
1337 4566 1547 4627 αὔξεται
1594 4588 1605 4599 ·

260 4746 323 4794 τό
364 4741 540 4813 μεῖζον
579 4743 692 4812 ἔχει
728 4749 819 4793 τοῦ
876 4740 1183 4813 ἀξιώματος.
1235 4741 1459 4795 Ἀτοπον
1509 4739 1595 4794 οὖν
1636 4741 1748 4795 ἐστι
1786 4748 1857 4817 μὴ

260 4835 474 4903 χαίρειν
513 4833 595 4882 ἐπὶ
634 4832 783 4901 ὑγεία
820 4829 1028 4901 ψυχῆς,
1087 4830 1214 4881 ἀλλά
1250 4830 1527 4882 λυπεῖσθαι
1581 4836 1663 4883 επὶ
1720 4831 1860 4904 βρωο

258 4921 440 4992 μάτων
478 4917 751 4991 ἀπαλλαγῇ
817 4920 918 4990 (1),
979 4924 1069 4971 καὶ
1132 4918 1342 4971 πλείονα
1388 4920 1550 4991 χάριν
1590 4923 1861 4991 φαίνεσθαι

259 5004 511 5068 διδόντας
548 5004 711 5080 ἡδονῇ
753 5011 999 5082 γαστρὸς,
1042 5008 1071 5066 ἡ
1129 5005 1390 5079 ἐπιμελείᾳ
1449 5006 1653 5079 ψυχῆς,
1697 5014 1861 5082 Κόρος

256 5102 349 5171 μὶν
388 5100 488 5170 γὰρ
546 5097 617 5159 εἰς
666 5102 895 5171 γαστέρα
944 5102 1038 5155 τὴν
1080 5098 1242 5169 χάριν
1302 5100 1508 5165 ῐστησι,
1550 5102 1761 5155 νηστεία
1801 5094 1860 5150 δὲ

258 5190 382 5261 πρὸς
419 5186 605 5259 ψυχὴν
643 5184 942 5248 ἀναϐιϐάζει
983 5189 1041 5238 τὸ
1092 5183 1305 5248 κέδσος.
1358 5191 1441 5244 Μὴ
1495 5190 1704 5259 μιμήση
1770 5195 1858 5248 τῆς

253 5281 394 5339 Εὔας
433 5283 525 5336 τήν
562 5282 832 5351 παρακοήν
889 5280 960 5348 μὴ
1015 5276 1168 5328 πάλιν
1233 5274 1526 5347 σύμϐουλον
1577 5272 1848 5349 παραδέξῃ

250 5370 338 5420 τὸν
377 5370 513 5440 ὄφιν,
554 5362 727 5439 φειδοῖ
761 5374 858 5427 τῆς
898 5369 1085 5437 σαρκός
1141 5369 1234 5423 τὴν
1288 5362 1490 5438 βρῶσιν
1547 5365 1853 5437 ὑποτιθέμε-

322 5545 401 5616 (1)
440 5542 766 5616 Ἀπαλλαγῇ.
796 5541 1080 5616 Meliusin
1114 5546 1397 5597 contextu
1419 5541 1712 5615 ὑπαλλαγῇ.

320 5618 401 5685 (2)
445 5617 525 5670 Ex
546 5615 713 5671 hom.
737 5630 776 5670 ιι
815 5617 899 5671 De
916 5615 1177 5684 jejunio,
1213 5617 1295 5669 10.

320 5690 399 5759 (3)
437 5685 614 5754 lbid.,
650 5690 736 5743 ιι.

1968 588 2264 659 adoratio,
2297 605 2437 646 cum
2467 594 2688 646 aeterno
2744 591 2875 661 ejus
2926 593 3116 662 Patre,
3175 603 3233 647 et
3274 591 3615 648 viviﬁcante

1969 677 2209 749 Spiritu,
2235 693 2398 736 nunc
2422 683 2479 737 et
2505 695 2763 753 semper,
2796 685 2851 736 et
2879 682 2941 736 in
2968 680 3191 737 saecula
3216 680 3604 738 smeulorum.

1964 768 2175 822 Amen.

2545 860 2646 913 DE
2680 859 3026 915 JEJUNIO.

2620 966 2847 1022 SERMO
2886 964 2960 1019 X.

2038 1090 2089 1145 1.
2119 1090 2194 1159 (2)
2216 1092 2407 1147 Duces
2432 1106 2571 1148 cum
2601 1090 2792 1147 aciem
2838 1090 3165 1158 instruunt,
3200 1090 3615 1148 exhortatoriis

1965 1179 2340 1235 orationibus
2374 1185 2511 1237 ante
2532 1180 2878 1237 conﬂictum
2912 1180 2995 1236 uti
3021 1180 3234 1243 solent,
3260 1184 3616 1254 tantamque

1965 1268 2085 1323 vim
2116 1268 2292 1324 habet
2314 1285 2384 1324 ea
2413 1269 2766 1338 exhortatio,
2792 1274 2855 1325 ut
2873 1270 3056 1325 etiam
3080 1270 3287 1325 mortis
3308 1274 3617 1343 contemp-

1968 1361 2095 1412 tum
2134 1357 2472 1428 frequenter
2494 1358 2722 1413 afferat.
2748 1358 3026 1414 Similiter
3066 1357 3358 1430 palaestrae
3397 1359 3614 1429 magis-

1968 1448 2040 1502 tri
2077 1451 2134 1503 et
2162 1447 2531 1519 paedotribae,
2551 1464 2688 1502 cum
2716 1446 2795 1503 ad
2824 1447 3000 1503 stadii
3029 1452 3332 1503 certamen
3363 1447 3617 1505 athletas

1967 1536 2329 1607 producunt,
2358 1535 2546 1591 multa
2566 1536 2867 1592 disserunt
2899 1536 2974 1591 de
3003 1535 3210 1591 labore
3237 1551 3346 1608 pro
3376 1537 3615 1593 coronis

1965 1624 2347 1696 perferendo,
2378 1624 2532 1680 adeo
2581 1629 2646 1680 ut
2682 1624 2886 1680 multis
2918 1624 3342 1696 persuaserint,
3372 1629 3438 1680 ut
3488 1624 3616 1681 vin-

1966 1714 2139 1769 cendi
2160 1714 2359 1770 studio
2389 1730 2643 1786 corpora
2690 1718 3158 1770 contemnerent.
3184 1713 3436 1769 Proinde
3468 1714 3616 1772 mihi

1966 1819 2231 1877 quoque,
2261 1803 2367 1875 qui
2393 1804 2603 1860 Christi
2634 1803 2849 1860 milites
2881 1803 2959 1858 ad
2987 1802 3215 1859 bellum
3242 1820 3381 1858 cum
3408 1803 3612 1861 invisi-

1965 1892 2188 1947 bilibus
2225 1891 2498 1947 hostibus
2555 1892 2888 1962 gerendum
2944 1892 3200 1967 instruo,
3248 1895 3306 1947 et
3357 1891 3614 1949 athletas

1966 1981 2199 2054 pietatis
2230 1997 2337 2052 per
2366 1980 2794 2037 abstinentiam
2833 1997 3104 2053 prteparo
3136 1980 3215 2036 ad
3240 1981 3483 2051 justitiaa
3510 1998 3613 2038 co-

1962 2086 2169 2135 ronas,
2198 2087 2353 2144 opus
2401 2076 2489 2127 est
2518 2071 2788 2126 oratione
2828 2068 3251 2125 exhortatoria.
3289 2071 3366 2140 (3)
3406 2070 3612 2140 Angeli

1964 2165 2104 2214 sunt
2123 2160 2228 2231 qui
2257 2158 2317 2215 in
2344 2160 2597 2232 singulis
2629 2158 2895 2216 ecclesiis
2934 2158 3285 2215 describunt
3315 2175 3385 2216 ac
3410 2174 3614 2216 recen-

1965 2253 2097 2305 sent
2117 2249 2526 2320 jejunantium
2552 2249 2778 2321 capita.
2806 2246 2950 2303 Vide
2980 2262 3055 2302 ne
3086 2247 3165 2303 ob
3193 2263 3449 2320 parvam
3470 2249 3615 2305 edu-

1961 2338 2179 2395 liorum
2208 2339 2583 2411 voluptatem
2614 2338 2794 2395 simul
2826 2341 2881 2395 et
2909 2337 3158 2409 priveris
3181 2338 3377 2409 angeli
3408 2355 3614 2396 recen-

1964 2429 2152 2491 sione,
2184 2433 2241 2485 et
2268 2429 2526 2501 teipsum
2551 2427 2716 2501 apud
2742 2444 2881 2485 eum
2911 2427 3015 2499 qui
3032 2428 3354 2482 exercitum
3380 2426 3618 2497 collegit

1964 2516 2296 2572 obnoxium
2328 2516 2515 2572 facias
2544 2516 2865 2572 desertoris
2898 2516 3153 2572 crimini.
3176 2517 3363 2572 Minus
3386 2518 3616 2589 pericu—

1962 2605 2111 2675 lum,
2139 2605 2187 2660 si
2216 2606 2354 2678 quis
2384 2606 2671 2675 fugiendo
2703 2612 2940 2661 scutum
2982 2608 3045 2660 in
3076 2606 3201 2660 acie
3232 2605 3491 2676 abjicere
3516 2606 3616 2663 de«

1964 2694 2387 2766 prehendatur,
2411 2711 2596 2765 quam
2628 2694 2675 2748 si
2702 2709 2994 2763 magnum
3018 2692 3163 2748 illud
3190 2695 3615 2765 scutum,jeju-

1963 2784 2155 2847 nium,
2190 2783 2462 2838 videatur
2493 2783 2841 2856 proiecisse.
2874 2784 3047 2838 Dives
3074 2798 3137 2837 es
3157 2783 3184 2839 ?
3209 2787 3289 2839 Ne
3314 2784 3615 2854 jejunium

1965 2873 2233 2928 atl‘eceris
2269 2872 2652 2937 contumelia,
2681 2873 3008 2928 excludens
3050 2872 3197 2929 illud
3245 2872 3549 2929 fastidiose
3576 2889 3614 2929 a

1962 2977 2187 3017 mensae
2219 2967 2333 3016 tua;
2367 2962 2688 3029 consortio,
2726 2976 2877 3017 neve
2920 2960 3152 3032 absque
3174 2958 3296 3015 ullo
3320 2960 3551 3016 honore
3581 2977 3614 3018 e

1962 3049 2147 3106 domo
2180 3056 2277 3106 tua
2306 3050 2511 3122 ipsum
2541 3050 2859 3121 expuleris,
2884 3066 2920 3106 a
2950 3049 3255 3121 voluptate
3284 3048 3511 3105 victum
3543 3066 3614 3106 ac

1964 3146 2311 3210 superatum
2339 3158 2351 3207 ;
2386 3154 2459 3194 ne
2490 3139 2737 3211 quando
2764 3146 2820 3193 te
2852 3155 3021 3195 reum
3052 3144 3300 3211 peragat
3341 3138 3504 3211 apud
3528 3139 3616 3210 je-

1958 3229 2270 3299 juniorum
2299 3229 2725 3297 legislatorem,
2750 3233 2927 3301 teque
2947 3228 3125 3299 longe
3152 3228 3366 3299 majori
3399 3228 3615 3284 conde-

1964 3324 2239 3374 mnatum
2260 3319 2461 3375 inedia
2477 3318 2742 3381 mulctet,
2762 3319 2884 3373 sive
2903 3334 2973 3373 ex
2999 3317 3255 3374 adversa
3270 3318 3615 3374 valetudine

1964 3408 2250 3479 corporis,
2286 3408 2409 3463 sive
2434 3425 2505 3464 ex
2533 3407 2651 3462 alio
2672 3407 2963 3479 quopiam
2988 3408 3133 3463 tristi
3152 3423 3315 3463 casu.
3338 3406 3447 3474 Qui
3467 3422 3615 3479 pau-

1964 3512 2071 3569 per
2096 3497 2264 3568 527
2303 3502 2412 3561 est,
2447 3513 2521 3553 ne
2548 3496 3071 3567 ludumjejunium
3099 3496 3317 3564 faciat;
3343 3495 3615 3569 quando-

1965 3586 2215 3659 quidem
2244 3586 2390 3641 illud
2414 3588 2544 3658 jam
2592 3586 2735 3642 olim
2788 3587 2973 3642 habet
3019 3591 3075 3641 et
3112 3586 3530 3655 domesticum,
3560 3590 3618 3642 et

1965 3691 2192 3731 mensae
2220 3676 2473 3731 socium.
2503 3679 2683 3732 Porro
2722 3676 3077 3732 mulieribus
3108 3691 3296 3747 quam
3327 3682 3415 3731 est
3441 3680 3616 3730 natu-

1967 3764 2089 3820 rale
2119 3765 2435 3835 respirare,
2454 3769 2573 3820 tam
2599 3765 3067 3821 estconveniens
3078 3764 3399 3835 jejunium.
3425 3764 3612 3829 Pueri,

1966 3853 2125 3909 velut
2151 3853 2369 3925 planta:
2400 3851 2642 3914 virides.
2659 3848 2873 3925 jejunii
2906 3868 3067 3926 aqua
3091 3852 3431 3921 irrigentur.
3457 3850 3616 3908 Seni-

1963 3941 2089 3997 bus
2109 3942 2301 3997 levem
2328 3942 2523 3997 reddit
2541 3941 2815 3998 laborem
2838 3946 3143 3998 contracta
3154 3941 3280 4012 jam
3301 3940 3443 3996 olim
3475 3954 3616 3996 cum

1959 4030 2191 4102 jejunio
2250 4030 2673 4099 familiaritas;
2713 4030 2951 4087 labores
3008 4030 3304 4102 siquidem
3353 4044 3614 4101 quorum

1964 4119 2188 4175 factum
2220 4124 2311 4175 est
2340 4122 2821 4193 experimentum
2848 4119 3031 4188 longo
3060 4134 3191 4185 usu,
3225 4118 3458 4173 minore
3484 4132 3615 4173 mo-

1965 4207 2137 4263 lestia
2198 4207 2464 4265 efficiunt
2491 4209 2866 4265 exercitatos.
2910 4206 3245 4263 Viatoribus
3302 4206 3616 4278 expeditus

1964 4296 2187 4353 itineris
2213 4314 2416 4353 comes
2444 4298 2842 4369 estjejunium
2866 4316 2878 4363 ;
2907 4295 3432 4369 quemadmodum
3453 4295 3616 4351 enim

1964 4385 2142 4442 luxus
2165 4387 2323 4456 cogit
2364 4387 2495 4443 illos
2535 4403 2690 4443 onus
2722 4386 3003 4459 perferre,
3044 4385 3327 4439 nimirum
3377 4399 3449 4437 ea
3477 4398 3616 4453 quas

1969 4474 2047 4530 ad
2072 4475 2315 4532 delicias
2349 4480 2623 4548 spectant
2652 4472 3137 4531 circumferentes
3162 4490 3173 4525 2
3209 4470 3290 4524 sic
3316 4470 3616 4540 jejunium

1969 4580 2070 4619 eos
2092 4569 2147 4619 et
2166 4564 2327 4619 leves
2349 4564 2542 4620 reddit
2559 4569 2615 4619 et
2635 4563 3171 4635 expeditos.Atque
3196 4557 3377 4628 hujus
3402 4557 3617 4614 mundi

1968 4652 2259 4708 militibus
2286 4669 2396 4724 pro
2422 4652 2701 4708 laborum
2725 4650 2952 4707 ratione
2983 4653 3236 4718 augetur
3261 4646 3611 4703 obsonium:

1968 4746 2197 4808 contra,
2236 4741 2387 4796 inter
2416 4739 2759 4811 spirituales
2792 4738 3010 4794 milites
3060 4736 3166 4809 qui
3203 4735 3405 4791 minus
3433 4734 3619 4791 habet

1970 4828 2257 4893 alimenti,
2281 4828 2418 4899 plus
2446 4828 2629 4883 habet
2658 4826 2922 4883 honoris.
2940 4828 3013 4897 (4)
3040 4828 3416 4898 Quapropter
3445 4823 3617 4881 valde

1968 4917 2303 4973 absurdum
2332 4922 2419 4973 est
2447 4933 2568 4972 non
2599 4916 2787 4972 laetari
2817 4915 2891 4970 de
2938 4916 3190 4971 sanitate
3220 4914 3458 4975 animae,
3492 4912 3616 4968 imo

1967 5003 2043 5061 de
2082 5004 2465 5061 commutatis
2504 5004 2653 5060 cibis
2702 5003 2926 5071 dolere,
2968 5020 3039 5060 ac
3084 5003 3269 5059 videri
3317 5001 3463 5057 tales
3511 5001 3619 5072 qui

1966 5094 2105 5165 plus
2126 5093 2467 5149 tribuamus
2486 5092 2777 5165 voluptati
2800 5092 3042 5150 ventris.
3060 5108 3246 5165 quam
3268 5107 3424 5146 curua
3447 5105 3616 5145 men-

1967 5183 2061 5240 tis.
2093 5187 2241 5239 Nam
2272 5183 2332 5239 in
2361 5188 2560 5239 ventre
2592 5182 2818 5238 sistitur
2844 5182 3128 5238 satietatis
3154 5179 3484 5244 delectatio,
3511 5176 3616 5233 sed

1961 5272 2261 5343 jejunium
2314 5273 2373 5328 in
2424 5272 2694 5330 animam
2748 5270 3023 5328 subvehit
3067 5268 3324 5326 lucrum.
3373 5271 3449 5337 (5)
3489 5265 3617 5323 Noli

1962 5361 2183 5420 imitari
2213 5366 2344 5419 Evae
2374 5361 2866 5429 inobedientiam,
2888 5359 3013 5418 noli
3040 5374 3247 5415 rursus
3276 5360 3617 5432 serpentem

2030 5540 2107 5608 (4)
2149 5542 2230 5593 Ex
2254 5538 2421 5595 hom.
2448 5556 2462 5592 ι
2492 5538 2847 5610 Dejejunio,
2877 5540 2933 5594 2.

2033 5610 2107 5680 (ὅ)
2147 5610 2319 5677 lbid.,
2349 5614 2398 5666 3.
