4056 6222
538 336 674 389 1247

1511 330 1874 385 ΑΡΡΕΝΒΙΧ.
1911 357 1978 367 —-
2006 324 2349 383 SYMEONIS
2389 324 2915 382 METAPHRASTE

3716 334 3824 391 1248

539 458 600 515 in
626 454 944 515 consilium
974 454 1282 520 adhibere,
1320 456 1589 514 edulium
1615 456 1695 513 ad
1742 471 1985 514 carnem
2035 449 2175 506 mol-

2296 468 2400 507 νον.
2440 455 2524 508 Μὴ
2566 450 2897 523 προφασίζου
2938 448 3232 524 ἀρρωστίαν
3289 454 3517 523 σώματος
3552 459 3633 506 καὶ
3669 451 3822 507 ἀδυναι

538 546 648 601 lius
676 544 1010 602 curandam
1032 552 1492 617 proponentem.
1522 551 1602 604 Ne
1634 546 1896 604 causeris
1914 541 2182 615 corporis

535 634 840 693 inﬁrmam
869 632 1274 690 valetudinem
1298 651 1367 692 ac
1388 635 1775 693 debilitatem.
1803 639 2003 706 Neque
2026 630 2183 686 enim

533 723 680 780 mihi
713 723 861 779 istas
890 724 1311 780 excusationes
1344 726 1575 797 profers
1604 744 1614 781 :
1650 724 1753 781 sed
1778 723 1985 779 scienti
2013 720 2182 777 dicis.

534 816 682 885 Age,
712 812 808 868 dic
838 813 1007 877 mihi,
1036 814 1310 884 jejunare
1349 830 1473 871 non
1520 821 1709 888 potes,
1744 820 1800 871 et
1848 812 2047 870 satiari
2080 825 2185 883 per

535 905 722 958 totam
745 902 930 957 vitam
958 918 1028 957 ac
1060 904 1352 959 coniicere
1379 920 1598 977 corpus
1623 904 1889 977 pondere
1910 901 2183 958 ciborum

537 996 705 1062 potes
736 992 763 1047 ?
792 992 963 1064 Atqui
1002 992 1273 1062 iniirmis,
1310 1008 1433 1048 non
1481 994 1758 1051 ciborum
1810 992 2181 1054 varietatem,

537 1081 642 1136 sed
672 1080 939 1136 inediam
970 1085 1025 1136 et
1056 1081 1486 1138 abstinentiam
1519 1099 1554 1139 a
1583 1082 1830 1139 medicis
1872 1078 2184 1153 przescribi

537 1168 685 1225 scio.
719 1168 827 1235 Qui
856 1169 920 1225 ﬁt
948 1169 1144 1239 igitur,
1174 1174 1238 1226 ut
1264 1186 1402 1226 cum
1433 1172 1549 1227 ista
1577 1171 1793 1242 possis,
1826 1170 1927 1226 illa
1970 1174 2025 1225 te
2061 1182 2184 1223 non

535 1273 713 1330 posse
751 1258 1019 1314 causeris
1050 1260 1078 1315 ἲ)
1120 1261 1325 1314 Utrum
1375 1260 1565 1315 ventri
1613 1259 1845 1315 facilius
1898 1262 1986 1314 est
2024 1256 2186 1313 tenui

535 1345 694 1402 victu
720 1347 1123 1402 transmittere
1156 1350 1415 1418 noctem,
1443 1363 1519 1403 an
1543 1348 1719 1420 copia
1745 1348 2015 1402 ciborum
2048 1360 2187 1415 gra-

536 1439 743 1492 vatum
770 1436 1018 1505 jacere?
1047 1436 1161 1491 nisi
1218 1436 1365 1492 forte
1414 1453 1449 1493 a
1504 1437 1803 1493 naucleris
1830 1436 1995 1491 dices
2037 1450 2185 1491 onu-

537 1527 691 1580 stam
724 1525 977 1580 sarcinis
1010 1541 1225 1581 navem
1252 1525 1484 1582 facilius
1535 1527 1756 1582 servari
1798 1542 1984 1598 quam
2017 1539 2187 1597 expe-

534 1612 723 1669 ditam
756 1620 813 1669 et
839 1613 1052 1671 levem.
1089 1619 1235 1671 Nam
1280 1616 1477 1671 oneris
1512 1616 1926 1687 magnitudine
1974 1630 2185 1685 grava-

536 1705 680 1769 tam,
701 1703 982 1776 quamvis
1011 1704 1263 1774 exiguus
1290 1704 1506 1761 ﬂuctus
1537 1705 1817 1761 adoriens
1846 1702 2140 1772 demergit
2165 1720 2179 1758 :

533 1796 763 1863 contra,
792 1793 962 1864 cujus
999 1792 1237 1849 sarcina
1290 1793 1607 1851 moderata
1657 1797 1746 1850 est
1791 1808 1861 1850 ac
1918 1791 2179 1858 modica,
2213 1797 2253 1852 Β

534 1880 665 1938 haec
693 1880 865 1938 facile
896 1881 1115 1939 ﬂuctus
1136 1887 1398 1957 superat.

605 1973 660 2027 2.
693 1970 765 2041 (l)
790 1972 1151 2045 Quanquam
1177 1986 1301 2029 non
1330 1972 1587 2029 arbitror
1615 1974 1779 2029 tanto
1810 1970 1955 2028 mihi
1974 1970 2181 2028 labore

534 2073 688 2132 opus
715 2075 863 2127 esse,
900 2064 963 2118 ut
991 2077 1097 2118 vos
1126 2062 1205 2119 ad
1229 2062 1528 2134 jejunium
1554 2063 1850 2126 exhorter,
1871 2064 2098 2134 quanto
2120 2064 2183 2116 ut

532 2148 815 2205 dehorter
844 2166 918 2206 ne
946 2151 1084 2223 quis
1105 2151 1167 2206 in
1196 2152 1403 2208 vitium
1435 2151 1735 2208 ebrietatis
1765 2150 2012 2208 incidat.
2032 2153 2179 2206 Nam

526 2238 828 2309 jejunium
859 2239 1105 2312 quidem
1129 2240 1399 2313 plerique
1426 2240 1648 2313 partim
1678 2240 1757 2297 ob
1796 2238 2182 2296 consuetudi-

532 2340 692 2395 nem,
722 2327 939 2399 partim
968 2326 1047 2384 ob
1076 2328 1373 2401 pudorem
1398 2330 1551 2386 inter
1580 2329 1745 2402 ipsos
1774 2333 2052 2384 mutuum
2079 2344 2179 2383 su-

531 2414 807 2487 scipiunt.
837 2418 1049 2473 Verum
1078 2416 1157 2473 ab
1193 2418 1477 2475 ebrietate
1524 2423 1750 2485 metuo,
1792 2434 1979 2491 quam
2010 2417 2178 2472 vino-

530 2502 675 2559 lenti
701 2520 825 2560 non
850 2504 1213 2578 aliterquam
1245 2512 1558 2580 paternam
1577 2507 1988 2564 haereditatem
2019 2522 2177 2562 mor-

532 2590 704 2648 dicus
752 2597 971 2651 tenent.
1015 2595 1543 2659 Quemadmodum
1588 2596 1749 2653 enim
1792 2596 1898 2668 qui
1944 2594 2179 2666 longin-

528 2695 717 2754 quam
747 2682 1175 2754 profectionem
1207 2684 1525 2752 adornant,
1558 2686 1640 2742 ita
1668 2685 1942 2742 nonnulli
1981 2700 2178 2740 vecor-

528 2771 638 2827 des
664 2771 842 2827 hodie
864 2773 1154 2830 adversus
1174 2776 1444 2848 quinque
1465 2775 1699 2831 dierum
1719 2774 2017 2846 jejunium
2039 2774 2176 2829 vino

528 2858 862 2929 indulgent.
891 2862 1046 2929 Quid
1074 2864 1222 2935 agis,
1245 2879 1281 2920 o
1309 2864 1493 2921 homo
1514 2866 1542 2922 ?
1572 2866 1650 2935 (2)
1674 2867 1858 2920 Nemo
1888 2863 2174 2936 pudicam

529 2962 780 3005 uxorem
807 2949 1073 3020 legitimo
1100 2952 1383 3023 conjugio
1414 2952 1727 3023 ducturus,
1772 2951 1939 3025 prius
1981 2954 2177 3007 scorta

528 3042 585 3094 et
612 3039 982 3097 concubinas
1014 3041 1266 3098 domum
1288 3042 1534 3098 inducit.
1553 3045 1752 3115 Neque
1773 3043 1932 3099 enim
1954 3041 2087 3112 conj
2098 3056 2174 3096 ux

525 3126 792 3198 legitimo
822 3130 1043 3203 patitur
1067 3132 1403 3188 convictum
1427 3132 2011 3204 contuberniumque
2042 3146 2172 3187 cor-
2205 3148 2245 3202 ς

525 3222 859 3288 ruptarum.
907 3219 1161 3277 Proinde
1206 3224 1269 3277 tu
1306 3237 1551 3294 quoque
1604 3238 1744 3278 cum
1796 3226 2175 3293 exspectatur

522 3304 842 3376 jejunium,
876 3323 1021 3363 cave
1053 3310 1217 3381 prius
1246 3309 1596 3368 introducas
1627 3310 1995 3377 ebrietatem,
2047 3327 2173 3367 sco-

525 3397 683 3450 rtum
720 3394 865 3451 illud
895 3396 1224 3469 publicum,
1259 3398 1648 3472 impudicitiae
1688 3405 1963 3471 matrem,
2013 3401 2172 3456 insa-

525 3481 804 3554 nientem,
826 3485 901 3540 ad
933 3486 1138 3543 omnia
1161 3489 1545 3560 turpitudinis
1566 3505 1788 3558 genera
1814 3489 2167 3561 proclivem.

521 3570 906 3642 Jejunantem
937 3574 1091 3631 intra
1129 3591 1304 3632 sacra
1332 3582 1502 3649 septa
1548 3577 1799 3650 suscipit
1839 3576 2165 3635 Dominus:

524 3665 587 3718 at
620 3660 765 3717 luxu
796 3663 1165 3737 crapulaque
1194 3665 1461 3738 plenum,
1493 3666 1676 3723 veluti
1697 3666 2021 3740 profanum
2052 3672 2109 3723 et
2135 3684 2171 3725 a

526 3751 712 3807 sacris
733 3752 1016 3820 alienum,
1040 3770 1430 3829 nequaquam
1448 3756 1623 3829 528
1646 3756 1920 3813 admittit.
1942 3756 2169 3812 Etenim

523 3840 574 3896 si
604 3857 735 3897 cras
764 3843 972 3899 venias
996 3844 1203 3900 vinum
1221 3845 1712 3919 redolens,idque
1734 3846 2023 3903 cruditate
2045 3862 2169 3902 cor-

522 3936 769 4002 ruptum
801 3948 872 3988 ac
898 3934 1319 4004 putrefactum,
1371 3936 1683 4006 quomodo
1720 3936 1826 3992 tibi
1857 3936 2167 4009 crapulam

523 4033 632 4091 pro
660 4020 891 4089 jejunio
920 4021 1237 4091 imputabo
1262 4026 1290 4080 ?
1314 4039 1511 4096 neque
1542 4025 1702 4079 enim
1754 4024 1899 4080 illud
1949 4024 2163 4095 cogita,

523 4107 690 4177 quod
728 4123 963 4162 merum
1010 4109 1116 4163 tibi
1148 4125 1357 4166 recens
1397 4111 1662 4166 infusum
1712 4128 1834 4170 non
1873 4118 1999 4170 est:
2061 4112 2169 4169 sed

523 4194 690 4267 quod
721 4211 757 4251 a
782 4194 922 4251 vino
952 4212 1141 4268 purus
1173 4213 1296 4254 non
1322 4215 1405 4264 es,
1426 4200 1540 4255 hoc
1580 4206 1815 4272 reputa.
1844 4206 1906 4257 ln
1942 4208 2078 4259 utro
2110 4208 2164 4259 te

525 4282 736 4339 ordine
766 4284 1120 4344 collocabo?
1149 4286 1301 4343 inter
1335 4287 1551 4357 ebrios,
1597 4305 1675 4345 an
1711 4290 1863 4346 inter
1893 4292 2171 4362 jejunan-

524 4376 611 4430 tes
637 4375 665 4432 7
696 4374 997 4431 Praeterita
1027 4376 1349 4433 vinolentia
1380 4381 1434 4433 te
1466 4377 1577 4434 sibi
1607 4379 1818 4435 asserit
1848 4397 1860 4434 :
1902 4396 2168 4453 praesens

2295 544 2414 611 μίαν
2458 560 2470 571 ο
2515 538 2572 590 οὗ
2612 541 2712 611 γὰρ
2754 537 2866 611 ἐμοὶ
2904 541 2993 599 τὰς
3048 542 3351 613 προφάσεις,
3404 539 3525 594 ἀλλὰ
3579 550 3646 612 τῷ
3694 541 3822 597 εἰδότι

2293 628 2473 699 λέγεις.
2515 630 2800 685 Νηστεύειν
2841 627 2898 680 οὐ
2940 623 3188 693 δύνασαι,
3232 627 3336 680 εἰπέ
3372 646 3502 700 μοι;
3541 634 3823 704 κορέννυσθαι

2296 716 2354 770 δὲ
2394 713 2487 769 διὰ
2527 715 2671 788 βίον,
2712 720 2802 768 καὶ
2843 716 3127 791 συντρίϐειν
3180 720 3237 768 τὸ
3279 724 3429 789 σῶμα
3480 726 3547 788 τῷ
3587 717 3720 793 βάρει
3750 731 3822 772 τῶν

2295 808 2602 878 εσθιομένων
2644 802 2899 869 δύνασαις
2963 811 3063 859 Καὶ
3100 810 3203 877 μὴν
3241 814 3341 866 τοῖς
3398 804 3680 859 ἀσθενοῦσιν
3728 808 3823 879 οὐχὶ

2296 893 2584 968 βρωμάτων
2632 894 2914 963 ποικιλίαν,
2964 893 3073 946 ἀλλ’
3116 893 3323 947 ἀσιτίαν
3372 900 3457 947 καὶ
3500 892 3680 948 ἔνδειαν
3732 895 3823 950 οἶδα

2293 990 2411 1045 τοὺς
2451 984 2653 1057 ἰατροὺς
2693 983 3085 1045 ἐπιτάσσοντας.
3126 991 3239 1045 Πῶς
3275 981 3363 1036 οὖν
3402 986 3427 1037 ὁ
3461 993 3617 1036 ταῦτα
3651 982 3825 1058 δυνάμει

2294 1094 2392 1145 νος,
2420 1077 2585 1127 ἓκείνα
2609 1076 2909 1147 προφασίζη
2943 1078 3014 1144 μὴ
3051 1070 3313 1126 δύνασθαι
3338 1091 3350 1141 ;
3382 1078 3444 1126 Τί
3466 1073 3759 1148 εὐκολώτερον
3779 1083 3822 1133 τῆ

2293 1171 2509 1238 γαστρὶ,
2536 1164 2767 1221 λιτότητι
2808 1160 3016 1224 διαίτης
3054 1170 3382 1235 παρενεγκεῖν
3411 1168 3501 1221 τὴν
3526 1166 3731 1234 νύκτα,ἑ
3758 1162 3827 1216 δας

2294 1253 2470 1326 ψιλεία
2501 1252 2789 1327 βρωμάτων
2813 1252 3173 1327 βεϐαρημένην
3199 1255 3443 1317 κείσθαι;
3478 1252 3519 1305 εἰ
3545 1257 3611 1325 μὴ
3637 1258 3715 1305 καὶ
3739 1259 3828 1314 τοὺς

2294 1343 2613 1417 κυϐερνητας
2639 1348 2841 1415 φήσεις,
2863 1341 3219 1417 βαρυνομένην
3239 1349 3344 1402 τοῖς
3374 1344 3650 1414 ἂγωγίμοις
3674 1340 3830 1394 ὁλκάδα

2297 1431 2627 1507 εὐκολώτερον
2661 1432 2846 1492 σώζειν
2872 1440 2968 1493 τῆς
2998 1431 3400 1504 εὐσταλεστέρας
3428 1436 3514 1483 καὶ
3542 1434 3732 1503 κούφης.
3751 1437 3828 1488 Τήν

2295 1525 2384 1594 μεν
2409 1524 2511 1592 γὰρ
2543 1525 3032 1594 παραπεπιεσμένην
3062 1528 3133 1590 τῷ
3161 1519 3371 1588 πλήθει,
3413 1519 3634 1594 βραχεῖα
3650 1523 3829 1591 κύματος

2296 1610 2651 1671 ἐπανάστασις
2680 1608 3056 1662 κατεϐάπτισεν
3083 1629 3096 1642 ·
3120 1611 3148 1667 ἡ
3180 1605 3240 1661 δε
3276 1613 3575 1681 συμμέτρως
3606 1617 3692 1660 τῶν
3729 1607 3830 1679 ἀγω-

2294 1704 2461 1772 γίμων
2494 1702 2717 1771 ἔχουσα,
2746 1694 2943 1772 ῥαδίως
2968 1699 3233 1775 ὑπεραίρει
3262 1706 3355 1751 τοῦ
3386 1694 3647 1759 κλύδωνος.

2361 1971 2414 2023 2.
2476 1967 2615 2026 Πλὴν
2670 1967 2728 2020 οὐ
2787 1968 3040 2020 τοσούτου
3098 1986 3188 2039 μοι
3246 1963 3359 2020 δεῖν
3407 1964 3596 2037 ἀγῶνος
3646 1971 3825 2037 ηγοῦμαι

2290 2059 2385 2115 τὴν
2438 2062 2556 2130 περὶ
2610 2061 2854 2118 νηστείας
2908 2056 3267 2132 παράκλησιν,
3324 2057 3446 2109 ὅσον
3499 2062 3584 2108 τοῦ
3630 2061 3691 2129 μή
3740 2074 3828 2107 τινι

2289 2154 2397 2207 τοῖς
2436 2154 2620 2208 κακοῖς
2655 2156 2750 2207 τῆς
2787 2148 2951 2219 μέθης
2988 2152 3308 2219 περιπεσεῖν.
3363 2148 3468 2205 Τὴν
3506 2146 3589 2217 μὶν
3635 2147 3719 2217 γὰρ
3762 2163 3827 2199 νη·

2291 2240 2486 2306 στείαν,
2548 2240 2636 2288 καὶ
2689 2231 2782 2289 διὰ
2838 2240 2930 2293 τὴν
2985 2237 3285 2306 συνήθειαν,
3336 2238 3426 2289 καὶ
3482 2230 3571 2287 διὰ
3619 2238 3701 2291 τὴν
3731 2235 3828 2306 πρὸς

2288 2324 2540 2388 ἀλλήλους
2577 2323 2733 2393 αἰδῶ,
2775 2328 2824 2378 οί
2854 2325 3033 2378 πολλοὶ
3070 2321 3487 2397 καταδέχονται.
3528 2322 3756 2393 Φοϐοῦμαι
3786 2318 3827 2373 δι

2288 2419 2381 2472 τὴν
2421 2416 2602 2487 μέθην,
2647 2415 2727 2481 ἣν,
2770 2416 2943 2490 ὥσπερ
2984 2416 3101 2466 τινὰ
3163 2414 3359 2489 κλῆρον
3415 2420 3661 2486 πατρῷον,
3694 2414 3733 2463 οἱ
3764 2415 3827 2481 φί-

2287 2502 2447 2556 λοινοι
2510 2501 2889 2565 διασώζουσιν,
2952 2502 3040 2564 Ὠς
3093 2506 3193 2578 γὰρ
3244 2506 3300 2556 οἱ
3359 2506 3490 2578 πρὸς
3540 2505 3627 2563 τὰς
3674 2502 3829 2572 μακρὰς

2289 2590 2592 2666 ἀποδημίας
2633 2596 2949 2668 ἁπαίροντες,
3009 2593 3145 2645 οὕτω
3200 2596 3336 2653 τινες
3384 2600 3481 2645 τῶν
3527 2589 3727 2648 ἀνοήτων
3758 2592 3829 2644 σή·

2287 2703 2440 2758 μερον
2504 2688 2634 2759 πρὸς
2690 2687 2782 2746 τὰς
2836 2688 2983 2736 πέντε
3038 2690 3138 2735 τῶν
3192 2690 3448 2741 νηστειῶν
3519 2684 3691 2755 ἡμέρας
3738 2678 3827 2730 civi-

2288 2772 2485 2834 ζονται.
2527 2777 2590 2826 Τί
2630 2780 2811 2844 ποιεῖς,
2871 2771 3140 2845 ἀνθρωπε;
3184 2768 3384 2833 Οὐδεὶς
3418 2778 3632 2843 γυναῖκα
3681 2770 3827 2840 σεμνὴν

2286 2864 2459 2934 νόμοις
2507 2870 2756 2935 γαμικοίς
2808 2860 3093 2933 ἐπάγεσθαι
3142 2860 3363 2933 μέλλων,
3422 2856 3719 2919 παλλακίδας
3762 2860 3827 2907 καὶ

2286 2951 2494 3024 ἑταίρας
2530 2949 2800 3024 προλάϐὼν
2840 2950 3110 3011 εἰσοικίζει
3144 2971 3158 2984 ·
3198 2949 3261 3002 οὗ
3302 2952 3402 3024 γὰρ
3444 2948 3670 3021 ἀνέχεται
3703 2948 3727 3003 ἡ
3761 2962 3826 2995 νο-

2284 3045 2419 3112 μίμη
2461 3044 2554 3099 τὴν
2585 3042 2715 3112 μετὰ
2751 3048 2849 3092 τῶν
2890 3036 3279 3112 διεφθαρμένων
3314 3044 3628 3097 συνοίκησιν.
3650 3040 3723 3093 Μὴ
3750 3037 3828 3086 τοί-

2283 3150 2370 3182 νυν
2409 3134 2499 3181 καὶ
2542 3133 2628 3199 σὺ,
2677 3124 3119 3202 προσδοκωμένης
3175 3134 3447 3194 νηστείας,
3498 3127 3827 3202 προεισαγάγζς

2283 3224 2376 3277 τὴν
2415 3221 2597 3292 μέθην,
2642 3223 2736 3277 τὴν
2775 3215 3049 3291 πάνδημον
3088 3222 3307 3294 πόρνην,
3342 3224 3436 3278 τὴν
3472 3225 3557 3278 τῆς
3593 3216 3830 3285 ἀναισχυν-

2282 3314 2394 3370 τίας
2450 3312 2669 3384 μητέρα,
2719 3313 2813 3367 τὴν
2866 3304 3120 3380 μαινάδα,
3176 3313 3279 3367 τὴν
3336 3312 3463 3381 πρὸς
3511 3314 3671 3360 πᾶσαν
3718 3300 3827 3355 ἰδέαν

2283 3397 2667 3471 ἀσχημοσύνης
2733 3397 2956 3452 εὔκολον.
3023 3401 3121 3450 Τὸν
3184 3401 3521 3465 νηστεύοντα,
3582 3400 3692 3449 εῖσω
3752 3400 3829 3443 τῶν

2285 3491 2428 3560 ἱερῶν
2466 3486 2747 3562 περιϐόλων
2787 3484 3146 3560 παραδέχεται
3184 3488 3209 3539 ὁ
3251 3492 3442 3561 Κύριος
3476 3509 3489 3521 ·
3526 3490 3607 3538 τὸν
3642 3501 3828 3558 κραιπα-

2280 3576 2465 3645 λῶντα,
2534 3579 2602 3638 ὡς
2662 3574 2880 3648 βέϐηλον
2936 3581 3026 3628 καὶ
3067 3574 3286 3648 ἀνίερον,
3332 3577 3391 3628 οὐ
3430 3580 3704 3648 προσίεται.
3740 3571 3827 3623 Ἐὰν

2279 3669 2376 3739 γὰρ
2418 3666 2569 3737 ἔλθῃς
2608 3666 2786 3740 αὔριον
2825 3668 2963 3717 οῖνου
3022 3664 3252 3733 ἀπόζων,
3295 3671 3386 3717 καὶ
3425 3668 3605 3717 τούτου
3643 3662 3824 3717 σεσηπό-

2277 3774 2382 3823 τος,
2424 3763 2528 3815 πῶς
2568 3759 2660 3812 την
2700 3754 2995 3827 κραιπάλην
3036 3753 3107 3814 εἰς
3144 3759 3391 3812 νηστείαν
3433 3773 3515 3806 σοι
3550 3753 3822 3825 λογίσομαις

2278 3848 2361 3902 Μὴ
2421 3847 2521 3918 γὰρ
2586 3845 2665 3895 ὃτι
2725 3848 3023 3918 πρόσφατον
3091 3842 3186 3895 οὐκ
3244 3842 3432 3916 ἐκχέω
3486 3846 3568 3895 τὸν
3621 3844 3821 3915 οἰκρατον,

2276 3933 2384 3986 ἄλλ’
2425 3936 2504 3985 ὅτι
2544 3932 2601 3985 οὗ
2640 3934 2943 4006 καθαρεύεις
2982 3936 3141 4003 οἶνον,
3178 3940 3333 3986 τοῦτο
3385 3933 3608 4005 λογίζου.
3648 3938 3739 3984 Ποῦ
3782 3944 3823 3979 σε

2275 4023 2451 4089 τάξω;
2494 4024 2542 4075 ἐν
2582 4030 2685 4084 τοῖς
2741 4024 3007 4095 μεθύσοις,
3050 4024 3078 4083 ἦ
3140 4022 3188 4075 ἐν
3228 4031 3348 4086 ποῖς
3402 4028 3737 4085 νηστενταίς;
3778 4017 3820 4068 Ἠ

2275 4113 2606 4186 παρελθοῦσα
2666 4112 2967 4186 οἰνογλυγία
3004 4117 3133 4185 πρὸς
3184 4113 3381 4172 ἑαυτὴν
3454 4114 3722 4166 ἐπισπᾶται
3756 4108 3818 4163 ’ἑ

2275 4210 2519 4278 παροῦσα
2555 4199 2726 4256 ἔνδεια
2769 4207 3011 4261 νηστείαν
3066 4211 3479 4277 προσμαρτυρεῖ.
3516 4198 3824 4274 Ἀμφισϐιέτέ·

2280 4311 2434 4364 σιμος
2473 4290 2519 4344 εἶ
2552 4300 2611 4365 τῇ
2655 4293 2785 4365 μέθη
2845 4294 3018 4365 ὧσπερ
3084 4288 3441 4366 ἀνδράποδον,
3500 4296 3587 4343 καὶ
3621 4289 3702 4342 οὐκ
3736 4286 3824 4357 ἁνία

2280 4382 2421 4446 ξεταί
2460 4401 2555 4434 σου
2596 4378 2816 4443 δικαίως
2850 4403 2862 4415 ·
2905 4381 3137 4456 ἐναργεῖς
3165 4384 3257 4444 τὰς
3288 4378 3583 4445 ἀποδείξεις
3617 4387 3700 4440 τῆς
3733 4372 3825 4429 δον·

522 4462 723 4520 inedia
740 4464 1040 4535 jejunium
1068 4466 1434 4523 testiﬁcatur.
1470 4470 1707 4542 Anceps
1737 4484 1818 4535 es,
1853 4474 1909 4525 et
1938 4474 2173 4527 contro-

2285 4472 2417 4534 λείας
2455 4476 2810 4546 παρεχομένη,
2837 4476 2930 4530 την
2970 4472 3140 4542 ὀσμὴν
3179 4478 3269 4525 τοῦ
3304 4475 3447 4524 οἶνον
3478 4473 3641 4545 ὥσπερ
3669 4467 3822 4538 ἀγγείῳ

522 4567 764 4609 versum
778 4554 1135 4611 temulentiae
1158 4554 1335 4612 veluti
1356 4557 1751 4629 mancipium,
1768 4573 1876 4615 nec
1898 4574 2171 4633 unquam

522 4641 778 4698 dimittet
803 4646 877 4711 te,
901 4643 1081 4717 idque
1108 4646 1485 4719 optimojure
1510 4668 1522 4703 :
1554 4648 1780 4722 quippe
1814 4664 1951 4721 quae
1981 4650 2173 4706 mani-

524 4730 676 4786 festa
705 4732 1000 4788 servitutis
1029 4741 1385 4805 argumenta
1430 4736 1709 4809 proferat,
1748 4737 1999 4795 odorem
2046 4738 2171 4795 vini

522 4818 686 4875 velut
704 4819 764 4887 in
794 4819 1008 4891 lagena
1035 4824 1418 4883 residentem.

597 4912 648 4965 3.
680 4909 757 4979 (3)
787 4908 970 4981 Cujus
1001 4913 1272 4983 magistri
1310 4916 1633 4988 praesentia
1670 4932 1998 4989 puerorum
2026 4920 2169 4974 stre-

522 4997 685 5071 pitus
726 5002 851 5055 tam
899 4999 1096 5057 subito
1144 5006 1488 5076 compescit,
1522 5022 1708 5077 quam
1734 5005 2035 5077 jejunium
2064 5006 2168 5062 ob~

523 5088 723 5144 oriens
755 5088 1009 5145 civitatis
1028 5090 1315 5147 tumultus
1338 5096 1613 5151 coercet?
1638 5095 1776 5166 quis
1799 5111 2168 5151 commessa-

524 5180 615 5233 tor
633 5177 851 5250 prodiit
867 5178 929 5235 in
943 5179 1175 5250 jejunio
1188 5181 1217 5237 ?
1236 5181 1372 5253 quis
1389 5182 1607 5239 chorus
1629 5182 1947 5240 lasciviens
1966 5200 2003 5240 a
2016 5185 2169 5257 jeju-

524 5266 624 5323 nio
640 5272 883 5327 coactus
903 5270 1032 5326 est?
1055 5270 1387 5327 Meretriciaa
1410 5271 1973 5344 cantilenaa,insana3
1996 5274 2172 5331 salta-

521 5354 715 5413 tiones
731 5355 929 5413 subito
942 5356 1263 5428 diffugiunt
1284 5374 1315 5415 e
1329 5358 1862 5432 civitate,ajejunio
1876 5366 2170 5436 tanquam

596 5549 672 5686 (lg
703 5548 784 5630 Εκ
806 5550 975 5610 hom.
1003 5568 1043 5607 ιι
1068 5554 1145 5611 De
1171 5553 1423 5625 ieiunio,
1458 5553 1545 5611 l5.

596 5620 650 5686 (2
700 5618 885 5686 lbid.,
918 5626 1007 5679 ιε.

596 5618 885 5688 (2)1bid.,
918 5626 1007 5679 l2.

2281 4560 2704 4634 έναπομείνασαν.

2348 4921 2400 4975 3.
2440 4922 2590 4981 Τίνος
2628 4914 2957 4970 διδασκάλου
2986 4920 3250 4991 παρουσία
3286 4913 3493 4970 παίδων
3524 4912 3721 4989 θόρυϐον
3758 4908 3821 4962 οὗ·

2276 5027 2373 5068 τως
2412 5007 2610 5084 ἀθρόως
2657 5010 2993 5079 καθίστησιν,
3037 5011 3107 5069 ὡς
3172 5009 3200 5066 η
3241 5012 3458 5064 νηστεία
3511 5008 3819 5078 παραφανείη

2276 5103 2513 5172 ταραχὴν
2568 5096 2761 5158 πόλεως
2820 5097 3194 5165 aurarium;
3263 5104 3415 5158 ποῖος
3480 5096 3740 5168 κωμαστὲς
3783 5086 3818 5139 έν

2276 5191 2493 5259 νηστείᾳ
2528 5186 2797 5260 προῆλθε;
2838 5194 2979 5247 ποῖος
3031 5190 3194 5260 χορὸς
3233 5184 3460 5257 ἀσελγής
3494 5183 3588 5236 ἀπὸ
3625 5184 3820 5239 νηστείας

2280 5280 2555 5343 mnium;
2611 5274 2862 5348 Ἀσματα
2920 5277 3143 5350 πορνικὰ
3195 5279 3283 5328 καὶ
3334 5274 3584 5349 ὀρχήσεις
3629 5270 3819 5342 έκμανιῑς

2279 5362 2524 5428 έξαπίνης
2584 5372 2676 5426 τῆς
2736 5364 2925 5426 πόλεως
2991 5364 3384 5441 ὑπεξέρχονται,
3424 5366 3591 5436 ὥσπερ
3639 5361 3726 5412 ὑπὸ
3758 5350 3819 5407 δι·

2352 5559 2428 5631 (3)
2468 5558 2645 5628 lbid.,
2681 5564 2768 5620 l3.
