4068 6220
266 277 405 333 1249

1512 288 1746 347 SERMO
1782 293 1844 349 X.
1866 322 1935 334 —
1961 294 2051 348 DE
2071 294 2374 353 JEJUNIO.

3484 305 3625 364 1250

259 408 464 453 καστοῦ
522 418 659 460 τινος
733 400 1003 475 αύστηροῦ
1067 413 1158 464 τῆς
1214 413 1460 471 νηστείας
1523 408 1851 483 φυγαδευοείι

1976 414 2054 471 ab
2083 420 2322 472 austero
2352 417 2640 490 quopiam
2654 419 2857 490 judice
2881 420 2941 477 in
2963 421 3239 478 exsilium
3262 427 3430 480 aetat.
3452 427 3623 491 Quod

260 509 355 542 σαι
401 489 498 559 (1).
561 488 621 541 Εἰ
660 484 720 542 δε
751 491 937 553 πάντες
985 492 1148 551 αύτην
1180 495 1251 557 εὶς
1277 502 1369 555 τὴν
1401 499 1526 572 ὑπὲρ
1560 509 1658 551 τὼν
1698 521 1862 574 πρακ-

253 582 379 631 τέων
410 576 704 650 σύμϐουλον
740 578 1155 653 παρελάμϐανον,
1217 582 1369 638 ούδεν
1412 584 1600 640 ἐκώλυε
1645 588 1861 662 βαθεῖαν

254 666 465 741 εἰρήνην
514 665 645 719 εἶναι
726 672 861 720 κατὰ
942 677 1116 723 πᾶσαν
1174 678 1267 732 τὴν
1331 675 1657 748 οἰκουμένην·
1728 686 1861 752 μήτε

254 754 413 808 ἐθνῶν
479 757 899 829 ἐπανισταμένων
968 757 1230 831 ἀλληλοις,
1291 770 1419 837 μήτε
1492 765 1858 841 στρατοπέδων

256 844 714 919 συρρηγνυμένων.
764 843 899 899 Ούδ⁹
950 845 1009 899 ἄν
1053 848 1181 912 ὅλως
1230 848 1374 923 εἶχον
1415 858 1471 906 αῖ
1494 853 1705 928 ἐρημίαι
1736 862 1858 920 τούς

250 937 601 1009 κακούργους,
652 936 682 994 ἡ
738 937 794 987 αἱ
842 936 1015 999 πόλεις
1070 943 1194 1002 τούς
1262 946 1611 1015 συκοφάντας.
1644 947 1673 1005 ἦ
1735 951 1857 1010 τούς

251 1026 676 1085 καταποντιστὰς
705 1025 734 1081 ἠ
771 1023 1036 1084 θάλασσα,
1071 1025 1205 1081 Οὐδ’
1233 1030 1294 1081 ἂν
1340 1032 1505 1095 οὕτως
1557 1035 1619 1092 ἦν
1668 1036 1693 1086 ὁ
1741 1035 1854 1108 βίος

257 1114 405 1185 ἡμῶν
463 1112 870 1175 πολυστένακτος
914 1122 1005 1169 καὶ
1064 1125 1341 1192 κατηφείας
1404 1122 1627 1195 πλήρης,
1672 1124 1713 1177 εἰ
1769 1146 1856 1184 νη-

258 1206 408 1255 στεία
440 1206 527 1254 τὸν
568 1200 685 1275 βίον
733 1204 881 1277 ἡμῶν
934 1204 1260 1279 ἐπρυτάνευε.
1317 1210 1560 1269 Δηλονότι
1615 1211 1855 1278 ἐδίδαξεν

257 1290 319 1342 ἆν
383 1294 575 1353 πάντας
616 1292 745 1365 ούχὶ
803 1293 1095 1369 βρωμάτων
1167 1304 1319 1372 μόνον
1367 1300 1687 1375 ἐγκράτειαν,
1728 1304 1857 1359 ἀλλὰ

255 1386 347 1433 καὶ
396 1380 753 1455 φιλαργυρίας,
785 1389 875 1437 καὶ
930 1385 1237 1459 πλεονεξίας,
1285 1395 1375 1442 καὶ
1434 1393 1613 1455 πάσης
1668 1400 1857 1458 κακίας

252 1470 469 1529 παντελῆ
530 1476 693 1542 φυγήν
744 1491 799 1525 τε
841 1479 930 1527 καὶ
983 1474 1341 1551 ἀλλοτρίωσιν.
1387 1481 1527 1539 Αύτη
1575 1486 1661 1535 τὸν
1689 1488 1852 1557 μέγαν

252 1558 477 1633 Σαμψὼν
534 1562 900 1630 ἐτιθηνήσατο,
958 1568 1048 1617 καὶ
1103 1567 1192 1628 ἕως
1258 1568 1341 1621 ὅτε
1425 1581 1705 1644 συμπαρῆν
1779 1584 1852 1646 τῷ

249 1646 431 1723 ἀνδρὶ,
461 1654 598 1703 κατὰ
647 1651 858 1723 χιλίους
914 1656 1127 1709 ἔπιπτον
1170 1657 1220 1710 οἰ
1276 1659 1531 1732 πολέμιοι,
1573 1667 1662 1715 καὶ
1692 1662 1853 1716 πύλαι

248 1738 443 1792 πόλεων
491 1739 807 1809 ἁνεσπώντο,
863 1747 954 1796 καὶ
1004 1744 1201 1808 λέοντες
1250 1752 1343 1807 τήν
1384 1749 1546 1822 ἰσχὺν
1583 1760 1682 1804 τῶν
1738 1772 1850 1825 χει·
1883 1768 1921 1825 Β

246 1837 352 1902 ρῶν
400 1829 507 1901 ούχ
559 1831 863 1902 ὑφίσταντο.
895 1831 1018 1887 Ὀτε
1066 1831 1124 1888 δε
1149 1838 1280 1908 μέθη
1314 1838 1466 1891 αὐτὸν
1510 1845 1600 1893 καὶ
1642 1849 1854 1917 πορνεία

244 1918 561 1995 παρελαϐον,
618 1919 879 1994 ἁλώσιμος
947 1924 1010 1981 ἧν
1082 1932 1194 1988 τοῖς
1284 1925 1520 2003 ἔχθροίς,
1583 1936 1671 1984 καὶ
1751 1940 1851 1984 τῶν

246 2007 528 2082 ὀφθαλμῶν
583 2012 874 2083 στερηθεὶς,
918 2016 1159 2084 παίγνιον
1190 2020 1458 2091 προέκειτο
1495 2026 1602 2081 τοῖς
1656 2017 1852 2075 παιδαο

242 2102 380 2173 ρίοις
421 2105 524 2151 τῶν
563 2097 875 2171 ἀλλοφύλων·
932 2106 1241 2166 Νηστεύσας
1303 2104 1502 2176 Ἠλίας,
1575 2106 1847 2163 ἀπέκλεισε

244 2190 337 2239 τὸν
366 2186 580 2260 οὐρανὸν
612 2192 734 2263 τρία
762 2191 848 2248 ἔτη
894 2195 985 2243 καὶ
1026 2200 1190 2262 μῆνας
1240 2194 1311 2257 ἓξ.
1354 2194 1568 2256 Ἐπειδὴ
1611 2200 1712 2272 γὰρ
1746 2196 1851 2252 εἶδε

244 2274 441 2334 πολλὴν
482 2275 537 2328 ἐκ
569 2284 662 2329 τοῦ
692 2281 847 2353 κόρου
879 2285 1183 2352 τικτομένην
1211 2287 1306 2342 τὴν
1354 2283 1523 2357 ὕϐριν,
1556 2285 1851 2359 ἀναγκαίως

247 2364 429 2428 αὐτοῖς
460 2370 549 2423 τὴν
574 2364 823 2420 ἀκούσιον
867 2367 922 2420 ἐκ
970 2378 1063 2422 τοῦ
1113 2370 1268 2445 λιμοῦ
1311 2380 1554 2431 νηστείαν
1598 2375 1847 2449 ἐπήγαγε,

249 2451 329 2508 δι’
394 2457 458 2518 ἧς
518 2460 645 2530 πρὸς
692 2460 751 2509 τὸ
790 2459 1013 2533 ἄμετρον
1071 2457 1178 2519 ἤδη
1233 2469 1490 2536 χεομένην
1541 2464 1707 2518 αὐτῶν
1756 2472 1849 2525 την

248 2547 510 2621 άμαρτίαν
565 2545 800 2619 ἕστησεν,
858 2551 964 2602 οἷον
1036 2557 1259 2627 καυτῆρί
1339 2573 1441 2606 τινι
1502 2556 1531 2614 ἦ
1598 2564 1728 2628 τομῇ
1785 2564 1846 2629 τῇ

249 2640 461 2707 νηστεία
482 2638 576 2693 τὴν
608 2636 676 2697 εἰς
704 2640 761 2689 τὸ
799 2637 950 2691 πλέον
979 2637 1206 2715 πρόοδον
1245 2651 1336 2695 τοῦ
1364 2651 1527 2696 κακοῦ
1556 2640 1592 2697 δ
1597 2645 1846 2717 ιακόψας.

250 2723 359 2777 Ἰνα
404 2726 503 2798 γὰρ
558 2724 761 2799 μαλάξῃ
805 2730 893 2785 τὴν
948 2726 1240 2801 ἀμάλακτον
1278 2729 1503 2805 καρδίαν
1548 2742 1646 2786 τῶν
1692 2735 1851 2794 σκλη-

244 2813 611 2887 ροτραχηλων,
654 2815 811 2868 εἵλετο
841 2822 931 2869 καὶ
969 2816 1149 2871 ἑαυτὸν
1197 2828 1259 2892 τῇ
1301 2824 1624 2896 κακοπαθείᾳ
1656 2844 1849 2895 συγκα-

242 2899 539 2955 ταδικάσαι
566 2904 593 2955 ὀ
626 2898 852 2966 δίκαιος.
885 2908 987 2959 Αιά
1025 2914 1201 2975 τοῦτο,
1237 2916 1309 2982 Ζῇ
1359 2914 1574 2985 Κύριος,
1610 2916 1653 2965 εἰ
1706 2915 1851 2965 ἐσται

243 2988 391 3067 ὕδωρ
424 2990 507 3044 ἐπὶ
551 2999 642 3053 τῆς
696 3001 818 3064 γῆς,
868 2994 911 3047 εἰ
954 3000 1025 3068 μὴ
1070 2993 1165 3049 διὰ
1212 3004 1469 3071 στόματὸς
1507 3020 1624 3073 μον,
1667 3007 1847 3074 φησίν.

244 3082 445 3147 Οῦτως,
475 3077 711 3134 ἀπέδωκε
737 3087 827 3135 καὶ
850 3091 909 3157 τῇ
951 3090 1103 3159 χήρᾳ
1144 3091 1230 3139 τόν
1268 3085 1456 3153 παῖδα,
1484 3090 1709 3165 ἰσχυρὸς
1758 3112 1851 3163 Ψα⁶
1879 3128 1919 3183 C

242 3176 347 3232 νεὶς
405 3174 542 3224 κατὰ
581 3173 804 3225 θανάτου
863 3169 958 3227 διὰ
994 3181 1258 3240 νηστείας.
1311 3183 1443 3232 Οῦτε
1502 3176 1560 3233 δε
1617 3181 1850 3244 εύποιὶας

247 3259 635 3333 σαλπιζομίνης
673 3261 870 3335 ὄφελος,
921 3269 1010 3317 καὶ
1066 3270 1314 3329 νηστείας
1406 3265 1848 3343 δημοσιευομένης

243 3345 429 3421 κέρδος
489 3346 659 3406 οὐδὲν.
718 3354 796 3404 Τὰ
858 3354 960 3427 γὰρ
1018 3351 1384 3419 ἐπιδεικτικῶς
1474 3363 1723 3431 γενόμενα
1786 3360 1845 3413 ού

247 3441 375 3511 πρὸς
420 3440 506 3490 τὸν
544 3438 707 3491 αἰῶνα
748 3443 834 3491 τὸν
890 3441 1139 3514 μέλλοντα
1182 3448 1268 3496 τὸν
1315 3450 1515 3518 καρπὸν
1548 3446 1845 3517 ἐπεκτείνει,

252 3526 357 3577 ἀλλ’
410 3528 480 3590 εἰς
554 3532 641 3580 τὸν
707 3538 804 3581 τῶν
868 3529 1146 3604 ἀνθρώπων
1208 3537 1412 3588 ἔπαινον
1482 3543 1842 3612 καταστρέφει.

249 3617 529 3690 Ἐλισσαίῳ
577 3615 636 3671 δε
692 3624 926 3683 ποταπὸς
978 3624 1003 3674 ὁ
1054 3622 1211 3695 βίος;
1275 3636 1384 3688 πὼς
1436 3632 1525 3699 μὲν
1576 3633 1718 3703 παρά
1758 3640 1847 3691 τῆς

245 3704 615 3779 Σουναμίτιδος
678 3716 773 3770 τῆς
843 3709 1009 3773 ξενίας
1076 3711 1332 3780 amicius;
1408 3725 1513 3776 πῶς
1584 3714 1642 3770 δε
1696 3718 1848 3780 αύτος

242 3801 365 3858 τούς
410 3802 680 3869 προφήτας
723 3793 1013 3867 “siccare;
1064 3802 1208 3874 Οὐχὶ
1254 3803 1461 3875 λάχανα
1527 3807 1691 3880 ἄγρια
1749 3813 1838 3859 καὶ

240 3884 453 3957 ἄλευρον
504 3884 690 3958 βραχύ
762 3892 856 3945 την
926 3888 1207 3960 φιλοξενίαν
1276 3892 1530 3968 ἐπληρουε
1603 3897 1684 3947 ὅτε
1754 3896 1844 3947 καὶ

241 3982 334 4035 τῆς
381 3974 609 4037 τολύπης
665 3975 1117 4049 παραληφθείσης,
1161 3978 1475 4035 κινδυνεύειν
1533 3984 1735 4055 ἔμελλον
1796 3983 1845 4036 οἰ

240 4062 519 4134 ἁψάμενοι,
562 4064 603 4115 εὶ
633 4069 704 4137 μὴ
738 4072 799 4137 τῇ
836 4066 967 4138 εύχῇ
1012 4069 1087 4137 (2)
1111 4077 1202 4121 τοῦ
1241 4079 1528 4128 νηστευτοῦ
1550 4072 1839 4147 ἡμαυρὼθη

239 4154 299 4203 τὸ
341 4147 682 4226 δηλητήριον.
729 4158 827 4204 Καὶ
875 4153 1205 4222 ἁπαξαπλῶς,
1265 4158 1431 4234 εῦροις
1484 4161 1545 4211 οἶν
1602 4164 1689 4219 τὴν
1745 4180 1841 4219 νη-

244 4244 420 4291 στείαν
476 4241 673 4301 πάντας
702 4244 822 4303 τούς
861 4240 1041 4314 ἁγίους
1080 4244 1146 4305 εἰς
1202 4251 1294 4305 τὴν
1332 4250 1467 4301 κατὰ
1526 4253 1653 4302 Θεὸν
1700 4249 1841 4302 πολι-

243 4333 381 4381 τείαν
421 4334 727 4403 χειραγωγή
740 4349 928 4384 σασαν.

1869 4414 1914 4469 D

314 4599 365 4651 4.
394 4596 543 4651 Ἐστι
582 4618 658 4660 τις
686 4600 839 4672 φύσις
879 4605 1117 4673 σώματος
1169 4604 1228 4661 ἣν
1272 4601 1520 4655 καλοῦσιν
1571 4602 1839 4677 ἀμίαντον,

242 4684 501 4750 ἀνάλωτος
539 4694 686 4764 πυρί·
744 4691 859 4751 ητις
908 4688 955 4741 ἕν
994 4694 1083 4763 μὲν
1120 4698 1180 4763 τῇ
1226 4691 1374 4763 φλογὶ
1404 4696 1632 4765 κειμένη,
1676 4692 1842 4752 ἀπην-

248 4776 555 4849 θρακῶσθαι
610 4774 773 4830 δοκεῖ’
844 4778 1167 4854 ἐξαίρεθεῐσα
1220 4776 1277 4833 δε
1349 4788 1441 4833 τοῦ
1518 4786 1699 4855 πυρὸς,
1775 4786 1842 4845 ὡς

241 4860 404 4917 ὕδατι
433 4865 826 4941 λαμπρυνθεῖσα
860 4870 957 4939 (3),
989 4870 1327 4943 καθαρωτίρα
1364 4874 1585 4942 γίνεται.
1614 4878 1845 4925 Τοιαῦτα

244 4950 305 5012 ἧν
345 4957 412 5006 τὰ
462 4963 560 5007 τῶν
621 4964 778 5031 τριῶν
824 4953 1028 5009 παίδων
1068 4956 1268 5009 ἐκείνων
1330 4964 1573 5032 σώματα,
1628 4960 1681 5012 ἐκ
1749 4969 1845 5023 τῆς

240 5048 488 5107 νηστείας
558 5047 751 5118 ἔχοντα
819 5050 879 5099 τὸ
941 5045 1208 5120 ἀμίαντον.
1252 5048 1335 5102 Ἐν
1372 5052 1474 5123 γὰρ
1515 5057 1577 5123 τῇ
1640 5048 1839 5123 μεγάλη

315 5169 364 5204 ⁸³
391 5168 583 5226 Judic.
615 5184 745 5232 xm.
789 5174 853 5226 14
874 5186 1007 5245 sqq.
1077 5174 1124 5208 ⁸⁸
1157 5173 1226 5230 lII
1250 5176 1389 5245 Reg.
1422 5191 1556 5243 xvii,
1579 5179 1631 5231 l.

312 5292 395 5371 (1)
434 5289 871 5371 fitwad‘thtiam.
898 5295 1196 5371 Codicum
1234 5298 1384 5371 alter
1432 5295 1842 5371 φυγαδευθέντα.

243 5364 604 5491 ψῃ(ὶῗέὶξὺχιῖὶ.
648 5365 740 5423 Sic
764 5370 1082 5426 contextus
1111 5373 1169 5427 et
1193 5364 1474 5428 codicum
1504 5364 1670 5429 alter.
1695 5370 1845 5428 Editi

252 5454 527 5590 663.139
585 5528 754 5590 πυρος
913 5507 1071 5590 ὕδατι
1120 5512 1534 5590 λαμπρυνθείσα.
1564 5517 1697 5574 Haec
1735 5513 1841 5573 ad-

245 5574 464 5638 dita’ex
488 5574 704 5640 eodem
730 5580 935 5641 codice
964 5586 1021 5641 et
1051 5598 1125 5641 ex
1149 5574 1452 5648 contextu.

1972 504 2021 560 si
2046 521 2258 562 omnes
2290 506 2590 577 jejunium
2618 508 2696 564 ad
2737 525 2833 565 res
2863 511 3161 579 gerendas
3213 512 3274 567 in
3303 513 3620 572 consilium

1969 592 2346 663 adhiberent,
2367 595 2515 651 nihil
2541 597 2806 653 obstaret
2820 599 3140 671 quominus
3156 616 3262 673 per
3274 602 3620 659 universum

1970 685 2263 738 terrarum
2290 684 2501 741 orbem
2532 685 2652 742 alta
2676 702 2797 759 pax
2827 694 3007 757 esset,
3040 689 3317 747 videlicet
3343 706 3453 748 nec
3472 690 3619 759 galiis

1967 772 2283 841 egentibus
2328 774 2390 829 in
2423 774 2571 830 alias
2599 775 3071 847 insurgentibus,
3111 795 3223 835 nec
3259 779 3618 837 exercitibus

1968 876 2186 917 manus
2206 861 2358 918 inter
2387 878 2449 918 se
2482 865 2958 920 conserentibus.
2990 866 3056 921 In
3096 883 3339 923 summa
3368 885 3479 925 nec
3517 869 3619 925 de-

1965 952 2122 1004 serta
2146 948 2440 1006 haberent
2468 949 2802 1019 maleﬁcos,
2833 967 2942 1008 nec
2976 954 3241 1011 civitates
3285 955 3619 1030 sycophan-

1964 1041 2074 1103 tas,
2095 1053 2207 1094 nec
2241 1054 2406 1094 mare
2439 1039 2682 1111 piratas.
2719 1043 2832 1095 Nec
2858 1042 2976 1096 vita
2992 1048 3203 1100 nostra
3222 1048 3304 1100 tot
3324 1045 3613 1117 suspiriis,

1962 1130 2049 1181 tot
2069 1126 2430 1182 mceroribus
2449 1132 2603 1184 esset
2624 1127 2875 1194 differta,
2910 1129 2958 1184 si
2981 1129 3280 1201 jejunium
3311 1132 3498 1188 vitam
3515 1149 3621 1190 no-

1963 1218 2149 1270 stram
2169 1214 2549 1284 gubernaret.
2572 1216 2852 1273 Videlicet
2868 1233 3369 1292 unumquemque
3380 1219 3620 1279 doceret

1964 1318 2086 1359 non
2113 1308 2345 1360 tantum
2376 1303 2454 1360 ab
2481 1304 2695 1360 eduliis
2736 1306 3183 1376 abstinentiam,
3205 1324 3414 1364 verum
3436 1310 3616 1367 etiam

1962 1391 2041 1449 ab
2062 1393 2315 1449 avaritia
2336 1398 2391 1449 et
2418 1394 2667 1464 rapinis,
2695 1394 2957 1467 denique
2983 1396 3061 1451 ab
3082 1397 3251 1451 omni
3279 1397 3419 1453 vitio
3442 1414 3615 1470 pror-

1960 1497 2060 1536 sus
2090 1481 2436 1550 abhorrere,
2464 1488 2523 1539 et
2555 1482 2819 1538 alienum
2848 1497 2997 1540 esse.
3033 1484 3110 1555 (4)
3140 1484 3445 1556 Jejunium
3487 1502 3615 1545 ma-

1958 1585 2148 1641 gnum
2178 1571 2348 1627 illum
2377 1573 2778 1643 Sampsonem
2810 1572 3091 1629 educavit
3119 1575 3187 1639 ‘3,
3219 1573 3401 1647 idque
3430 1590 3616 1647 quan.

1957 1660 2065 1715 diu
2101 1659 2232 1717 viro
2287 1660 2499 1731 adfuit,
2556 1660 2857 1717 cadebant
2896 1660 3104 1719 hostes
3156 1662 3337 1736 mille,
3373 1662 3612 1720 urbium

1959 1753 2145 1821 portae
2204 1748 2636 1819 evellebantur,
2667 1749 2873 1807 leones
2921 1749 3109 1807 robur
3158 1767 3413 1808 manum
3451 1751 3611 1809 illius

1960 1853 2084 1894 non
2109 1838 2507 1895 sustinebant.
2544 1841 2616 1893 At
2646 1838 2826 1896 simul
2852 1844 3033 1913 atque
3064 1839 3322 1897 ebrietas
3350 1857 3420 1898 ac
3452 1856 3609 1897 scor-

1960 1927 2104 1983 tatio
2126 1928 2525 1999 apprehendit
2552 1928 2891 1997 hominem,
2929 1929 3102 1987 facile
3136 1930 3202 1987 in
3247 1945 3467 1995 manus
3504 1929 3610 1987 ho-

1960 2016 2138 2072 stium
2159 2015 2581 2088 incidit,atque
2610 2017 2982 2087 exoculatus,
3007 2033 3119 2091 pro
3137 2017 3283 2075 ludo
3298 2018 3608 2091 expositus

1958 2109 2048 2161 est
2090 2106 2290 2177 pueris
2333 2104 2833 2175 alienigenarum.
2875 2106 3050 2177 Elias,
3090 2123 3229 2163 cum
3254 2106 3608 2179 jejunasset,

1961 2195 2173 2251 clausit
2193 2195 2411 2251 caelum
2445 2202 2562 2250 tres
2588 2209 2806 2265 annos,
2838 2210 2908 2252 ac
2937 2211 3177 2252 menses
3222 2213 3347 2253 sex.
3378 2197 3607 2254 Etenim

1957 2302 2097 2341 cum
2126 2284 2355 2342 videret
2382 2286 2639 2342 multam
2656 2285 2824 2342 nasci
2844 2301 2876 2341 e
2902 2285 3171 2342 satietate
3191 2286 3607 2357 petulantiam,

1955 2373 2297 2432 necessario
2313 2372 2427 2429 illis
2444 2373 2919 2430 involuntarium
2940 2390 3015 2430 ex
3033 2374 3193 2430 fame
3210 2374 3508 2446 jejunium
3522 2375 3607 2431 in-

1957 2464 2107 2531 tulit,
2142 2479 2248 2536 per
2276 2462 2446 2535 quod
2471 2462 2618 2520 citra
2648 2463 2899 2519 modum
2923 2466 3057 2534 jam
3084 2464 3339 2520 eﬁ'usam
3367 2463 3609 2521 illorum

1956 2550 2334 2625 iniquitatem
2394 2550 2664 2607 cohibuit
2708 2552 2961 2623 jejunio,
3010 2552 3172 2609 velut
3205 2553 3442 2609 ustione
3504 2557 3607 2609 aut

1957 2640 2400 2713 sectione_quad
2410 2656 2529 2712 am,
2557 2640 2852 2711 majorem
2866 2641 3005 2697 mali
3027 2658 3417 2714 progressum
3432 2642 3607 2699 inter-

1956 2729 2181 2786 eidens.
2235 2729 2311 2801 (5)
2373 2731 2439 2785 Ut
2490 2729 2651 2785 enim
2682 2729 2997 2785 hominum
3030 2729 3248 2786 duram
3287 2730 3605 2787 cerviciem

1955 2818 2310 2875 habentium
2358 2834 2462 2874 cor
2503 2817 2863 2875 indomitum
2912 2818 3229 2889 emolliret,
3275 2820 3365 2874 vir
3405 2819 3605 2891 justus

1954 2907 2145 2964 voluit
2183 2912 2241 2963 et
2263 2906 2531 2978 seipsum
2560 2922 2629 2963 ea
2661 2905 3001 2962 calamitate
3030 2922 3168 2962 cum
3197 2906 3427 2963 caeteris
3465 2922 3605 2961 con-

1956 2996 2265 3052 demnare.
2290 2995 2629 3066 Propterea,
2665 2995 2812 3050 Vivit
2832 2995 3144 3063 Dominus,
3168 2994 3381 3067 inquit,
3409 2995 3463 3050 si
3488 2996 3602 3051 erit

1957 3100 2115 3158 aqua
2157 3100 2340 3155 super
2392 3091 2637 3149 terram,
2669 3084 2790 3140 nisi
2812 3098 2923 3153 per
2952 3099 3014 3140 os
3056 3099 3246 3140 meum
3276 3085 3361 3138 5‘:
3414 3082 3499 3138 sic
3547 3087 3606 3140 et

1956 3174 2216 3231 reddidit
2242 3172 2439 3229 viduae
2490 3172 2705 3240 ﬁlium,
2738 3171 2904 3229 fortis
2958 3171 3153 3228 factus
3183 3172 3470 3229 adversus
3510 3170 3604 3244 ip-

1956 3278 2087 3319 sam
2116 3268 2373 3320 mortem
2404 3278 2511 3335 per
2538 3260 2858 3333 jejunium.
2892 3264 3042 3317 Nam
3072 3276 3181 3316 nec
3221 3259 3368 3317 boni
3402 3259 3601 3333 operis

1955 3352 2102 3408 tuba
2130 3350 2381 3408 nuntiati
2417 3351 2632 3407 utilitas
2661 3350 2822 3419 ulla;
2856 3366 2966 3406 nec
2991 3350 3215 3406 fructus
3256 3349 3410 3405 ullus
3450 3350 3602 3421 jeju-

1954 3442 2037 3498 nii
2067 3441 2129 3496 in
2158 3441 2469 3514 publicum
2492 3440 2719 3513 jactati.
2751 3442 2823 3511 (6)
2848 3441 2989 3506 Quae
3006 3440 3165 3495 enim
3188 3438 3602 3496 ostentationis

1955 3547 2142 3586 causa
2166 3530 2338 3597 ﬁunt,
2370 3546 2441 3586 ea
2468 3540 2860 3602 nequaquam
2893 3528 3211 3601 porrigunt
3251 3528 3511 3584 fructum
3540 3527 3603 3583 in

1956 3619 2243 3675 saeculum
2276 3624 2615 3689 venturum,
2654 3634 2857 3674 verum
2898 3618 2960 3673 in
2995 3617 3314 3673 hominum
3358 3616 3604 3673 laudem

1954 3708 2662 3779 commendationemque
2678 3707 2971 3762 desinunt.
2995 3710 3074 3777 (7)
3097 3708 3323 3761 Rursus
3350 3706 3603 3777 quinam

1953 3798 2145 3853 victus
2176 3796 2345 3852 Elisei
2368 3796 2395 3851 ‘I
2422 3796 2731 3867 quomodo
2758 3794 2924 3867 apud
2954 3793 3388 3851 Sunamitidem
3404 3791 3602 3864 hospi-

1955 3886 2034 3943 tio
2082 3902 2227 3941 usus
2269 3884 2406 3940 est?
2456 3883 2766 3955 quomodo
2813 3884 2941 3954 ipse
2970 3882 3299 3954 prophetas
3334 3879 3603 3951 excepit?

1953 3978 2159 4032 Nonne
2184 3972 2443 4044 agrestia
2471 3972 2636 4028 olera
2673 3988 2744 4027 ac
2782 3971 2990 4027 farina:
3033 3969 3368 4042 pauxillum
3400 3966 3604 4040 hospi-

1952 4062 2190 4120 talitatis
2218 4077 2441 4117 munus
2458 4059 2783 4133 explebant
2801 4060 2828 4115 ?
2858 4074 2981 4132 quo
3007 4064 3274 4131 tempore
3296 4056 3476 4115 etiam
3505 4072 3604 4114 co-

1950 4151 2296 4225 locynthide
2327 4155 2593 4222 sumpta,
2640 4154 2813 4205 erant
2847 4148 3235 4221 periclitaturi
3263 4148 3371 4219 qui
3400 4152 3604 4217 gusta-

1950 4248 2106 4311 rant,
2128 4242 2189 4297 ni
2221 4240 2432 4297 fuisset
2452 4239 2809 4311 jejunatoris
2844 4239 3019 4310 529
3040 4253 3215 4310 prece
3244 4235 3604 4310 dissipatum

1950 4346 2272 4388 venenum.
2300 4334 2507 4402 Atque,
2542 4333 2609 4385 ut
2638 4327 2825 4385 semel
2856 4328 3063 4385 omnia
3092 4326 3314 4391 dicam,
3343 4326 3605 4397 reperies

1951 4425 2248 4495 quotquot
2272 4420 2439 4476 fuere
2466 4418 2679 4485 sancti,
2712 4432 2925 4473 omnes
2955 4432 3058 4488 per
3081 4414 3380 4485 jejunium
3402 4414 3481 4469 ad
3510 4411 3603 4468 vi-

1951 4517 2076 4569 tam
2108 4514 2227 4567 Deo
2257 4509 2502 4579 dignam
2528 4507 2823 4563 institutos
2856 4504 3058 4561 fuisse.

2020 4604 2074 4656 4.
2120 4602 2201 4655 Ea
2258 4604 2345 4654 est
2417 4601 2635 4652 natura
2711 4593 2979 4667 corporis
3042 4589 3381 4662 cujusdam,
3434 4588 3603 4663 quod

1950 4690 2261 4746 amianton
2291 4691 2533 4752 vocant,
2567 4689 2630 4741 ut
2660 4683 2784 4755 igni
2814 4680 3091 4738 consumi
3135 4695 3259 4736 non
3296 4679 3505 4753 possit.
3538 4678 3603 4736 ld

1950 4778 2001 4834 si
2028 4778 2090 4833 in
2107 4777 2358 4833 ﬂamma
2375 4779 2638 4848 ponatur
2666 4773 2901 4829 videtur
2928 4768 3174 4843 quidem
3200 4770 3525 4842 ignescere,
3546 4776 3605 4829 et

1951 4867 2013 4924 in
2043 4881 2305 4940 prunam
2357 4863 2500 4921 verti
2536 4880 2547 4917 :
2600 4862 2703 4919 sed
2737 4862 2785 4916 si
2834 4859 3130 4917 eximatur
3170 4860 3314 4931 igni,
3352 4859 3603 4934 perinde

1952 4954 2121 5029 quasi
2169 4954 2382 5010 fuisset
2429 4967 2592 5025 aqua
2652 4950 3044 5022 illustratum,
3104 4950 3305 5008 evadit
3364 4950 3599 5023 purius.

1954 5042 2311 5117 llujusmodi
2330 5046 2501 5100 erant
2520 5040 2699 5099 trium
2721 5040 2963 5100 illorum
2985 5055 3308 5116 puerorum
3324 5051 3601 5111 corpora,

2024 5297 2102 5367 (4)
2130 5298 2210 5354 Ex
2238 5293 2407 5367 hom.
2431 5309 2469 5350 ιι
2495 5294 2583 5351 De
2592 5294 2849 5365 jejunio,
2883 5295 2969 5353 Μ.

2024 5373 2100 5436 (5)
2134 5370 2213 5423 Ex
2242 5366 2409 5424 hom.
2442 5383 2457 5424 ι
2491 5368 2845 5437 Dejejunio,
2876 5368 2935 5424 ει.

2047 5441 2102 5508 6)
2132 5438 2305 5505 Ibid.,
2324 5443 2377 5493 2.

2047 5441 2102 5508 6)
2132 5441 2305 5505 lbid.,
2324 5443 2377 5493 2.

2026 5441 2102 5583 i7)
2134 5510 2307 5577 lbid.,
2331 5515 2389 5568 ες.
