4056 6222
575 271 705 327 1251

1540 259 1902 318 APPENDIX.
1934 288 2002 297 ——
2028 247 2373 313 SYMEONIS
2415 255 2945 314 METAPHRASTE
3018 276 3021 279 '

3744 268 3848 326 1252

574 399 855 452 naturam
878 391 1127 449 amianti
1143 403 1250 463 per
1263 387 1560 461 jejunium
1585 385 1891 442 habentia.
1914 382 2221 456 Siquidem

2340 379 2492 451 φλογὶ
2526 388 2623 442 τῆς
2686 388 2909 455 καμίνου
2947 383 3101 437 οἱονεὶ
3138 392 3335 458 χρυσοῖ
3397 391 3485 446 τὴν
3538 391 3676 461 φύσιν
3724 396 3845 461 ὄντες,

576 485 637 541 in
664 483 1005 541 vehementi
1034 479 1297 539 fornacis
1338 478 1588 534 ﬂamma
1625 476 1803 549 quasi
1832 478 2048 530 natura
2077 471 2223 526 fuis-

578 579 710 631 sent
735 573 920 641 aurei,
945 571 1027 628 ita
1074 572 1487 643 apparuerunt
1513 578 1676 623 noxa
1723 565 1879 635 ignis
1909 579 1979 620 ac
2004 560 2225 632 injuria

575 663 931 737 superiores.
974 661 1130 727 Quin
1173 664 1234 715 et
1287 673 1436 714 auro
1479 655 1701 712 ostensi
1744 657 1886 709 sunt
1927 652 2221 708 fortiores.

577 755 777 824 Neque
807 750 968 806 enim
998 750 1163 821 ipsos
1185 746 1486 803 conﬂabat
1513 745 1691 815 ignis,
1718 743 1828 798 sed
1856 742 2121 810 integros
2154 738 2223 794 il-

574 840 912 913 libatosque
963 837 1262 895 tuebatur.
1311 836 1485 907 Atqui
1532 832 1679 890 nihil
1727 836 1817 887 est
1853 829 2021 903 quod
2058 828 2224 884 illam

572 936 717 1000 tum;
735 929 1052 987 ﬂammam
1074 926 1366 982 sustinere
1391 924 1699 996 potuisset,
1716 934 1905 994 quam
1933 917 2221 991 naphthe,

575 1021 677 1093 pix
724 1024 784 1076 et
828 1020 1132 1075 sarmenta
1170 1014 1254 1070 sic
1311 1012 1575 1080 alebant,
1607 1016 1672 1067 ut
1716 1010 1794 1066 ad
1824 1006 2228 1082 quadraginta

575 1126 794 1166 novem
827 1107 1060 1164 cubitos
1079 1102 1303 1160 diffusa
1328 1106 1502 1171 esset,
1534 1105 1714 1173 atque
1738 1095 2230 1167 circumjaccntia

579 1200 946 1271 depascens,
976 1193 1271 1268 plurimos
1301 1189 1613 1246 Chaldaeos
1650 1185 2076 1260 absumpserit.
2107 1186 2229 1271 Hoc

575 1269 755 1359 igitur
771 1289 1003 1342 tantum
1024 1280 1372 1338 incendium
1393 1277 1563 1351 pueri
1585 1292 1723 1333 cum
1732 1276 1812 1348 jej
1824 1276 1963 1332 unio
1973 1269 2230 1347 ingressi

577 1375 1026 1441 conculcarunt,
1047 1368 1348 1442 liquidum
1375 1383 1445 1423 ac
1462 1365 1771 1423 roscidum
1786 1380 1989 1421 aerem
2008 1366 2069 1420 in
2089 1365 2229 1434 igne

575 1471 703 1523 tam
726 1460 1069 1520 vehementi
1098 1457 1484 1531 respirantes.
1509 1458 1713 1528 Neque
1736 1454 1901 1511 enim
1946 1454 2105 1525 ignis
2132 1454 2231 1511 vel

574 1555 732 1629 pilos
756 1551 998 1609 illorum
1025 1563 1215 1605 ausus
1241 1551 1330 1602 est
1357 1546 1667 1614 attingere,
1702 1559 1774 1601 eo
1802 1543 1969 1617 quod
1994 1560 2032 1600 a
2070 1544 2227 1615 jeju-

581 1644 682 1700 nio
711 1645 912 1698 essent
941 1638 1082 1696 aliti.
1112 1637 1295 1692 Porro
1340 1633 1544 1691 Daniel
1572 1633 1663 1689 vir
1690 1633 2122 1689 desideriorum
2153 1632 2221 1704 ⁸⁸,

2332 469 2468 520 οὕτω
2515 476 2778 543 κρείττους
2815 481 2910 535 τῆς
2957 474 3061 531 ira
3100 482 3192 527 τοῦ
3221 479 3378 549 πυρὸς
3413 473 3730 532 ὃιεὸείκνυντο
3755 479 3846 553 βλά-

2334 557 2446 618 ϐης.
2490 557 2660 612 Ἠπου
2701 565 2789 612 καὶ
2806 570 3017 634 χρυσοῦ
3051 560 3392 639 δυνατώτεροι
3430 562 3761 624 διεδείκνυντο.
3794 572 3845 623 Οὔ

2331 649 2430 721 γὰρ
2482 648 2731 719 ἐχώνευεν
2768 651 2956 713 αὐτοὺς
2991 656 3051 703 τὸ
3107 660 3235 725 πῦρ,
3278 653 3381 705 ἀλλ’
3415 654 3665 727 ἐφύλαττεν
3712 657 3846 721 αὐτοὺς

2335 734 2631 809 ἀκεραίους.
2690 745 2874 792 Καίτοι
2930 738 3082 793 ούὸεν
3134 741 3195 792 ἄν
3249 741 3439 802 ἐκείνην
3480 749 3585 797 τότε
3614 752 3696 804 τὴν
3728 748 3849 820 φλόγα

2332 825 2557 893 ὑπέστη,
2592 826 2654 885 ἣν
2684 830 2853 900 νάφθα
2888 834 2979 881 καὶ
3023 836 3197 883 πίσσα
3231 836 3318 884 καὶ
3347 831 3649 905 κληματίδες
3674 837 3847 911 ἔτρεφον,

2333 915 2402 974 ὡς
2457 914 2539 967 ἐπὶ
2582 920 2973 992 τεσσαράκοντα
3002 920 3142 972 ἐννέα
3164 927 3356 993 πήχεις
3392 922 3547 981 αὐτὴν
3577 920 3847 996 ὃίαχιῐσθαι,

2333 1008 2425 1055 καὶ
2503 1008 2569 1057 τὰ
2650 1007 2823 1079 κύκλῳ
2883 1008 3045 1071 αὐτῆς
3105 1011 3485 1083 ἐπινεμομένην,
3538 1013 3729 1074 πολλοὺς
3780 1023 3849 1065 τῶν

2336 1090 2617 1148 Χαλδαίων
2666 1094 3006 1158 ἐξαναλῶσαι·
3047 1099 3273 1158 Ἐκείνην
3325 1106 3493 1153 τοίνυν
3542 1108 3629 1160 τὴν
3650 1108 3852 1179 πνρκαίάν

2336 1187 2470 1256 μετά
2527 1191 2771 1248 νηστείας
2832 1187 3162 1257 εἰσελθόντες,
3219 1193 3536 1245 κατεπάτουν
3601 1192 3645 1244 οἱ
3696 1189 3848 1262 παῖδες,

2337 1273 2515 1326 λεπτόν
2554 1273 2681 1351 ἀέρα
2716 1280 2807 1328 καὶ
2859 1273 3105 1351 ἔνδροσον
3161 1278 3209 1330 ἐν
3252 1280 3387 1333 οὕτω
3437 1278 3603 1353 λάϐρῳ
3658 1289 3720 1353 τῷ
3762 1288 3853 1355 πνρὶ

2336 1360 2687 1425 ἀναπνέοντες.
2719 1362 2864 1418 Οὐδὲ
2897 1370 2997 1441 γὰρ
3055 1375 3155 1419 τῶν
3191 1377 3393 1443 τριχῶν
3420 1372 3477 1420 τὸ
3522 1377 3619 1443 πῦρ
3668 1368 3852 1420 κατετόλ·

2336 1470 2474 1523 μησε
2503 1448 2598 1505 διὰ
2624 1458 2685 1504 τὸ
2732 1454 2832 1506 ὑπὸ
2882 1460 3126 1518 νηστείας
3164 1456 3330 1519 αὐτὰς
3369 1457 3682 1532 ἐκτραφῆναι.
3714 1456 3853 1514 Δανιὴλ

2335 1537 2398 1592 δὲ
2445 1542 2472 1593 ό
2527 1540 2657 1615 ἀνὴρ
2716 1551 2814 1594 τῶν
2862 1542 3170 1617 ἐπιθυμιῶν,
3196 1547 3222 1597 ὀ
3257 1554 3399 1622 τρεῖς
3434 1543 3710 1620 ἑϐδομάδας
3740 1548 3852 1620 ἄρτον

2335 1633 2407 1702 μὴ
2462 1635 2661 1703 φαγὼν,
2710 1638 2801 1685 καὶ
2856 1629 3002 1706 ὓδωρ
3069 1639 3141 1707 μὴ
3209 1641 3365 1706 πιὼν,
3420 1641 3511 1689 καὶ
3563 1638 3671 1696 τοὺς
3706 1635 3853 1694 λέοντες

576 1749 716 1790 cum
771 1734 892 1786 tres
936 1724 1362 1784 hebdomadas
1412 1738 1637 1795 panem
1687 1738 1811 1779 non
1843 1722 2081 1787 edisset,
2114 1736 2223 1778 nec

2336 1725 2598 1777 νηστεύειν
2652 1718 2916 1793 ἐδίδαξεν,
2967 1723 3206 1776 εἰσελθὼν
3251 1724 3321 1786 εἰς
3354 1728 3441 1777 τὸν
3489 1725 3679 1779 λάκκον.
3703 1723 3852 1796 Ὠσπερ

574 1821 827 1879 bibisset
845 1832 1091 1891 aquam,
1124 1813 1427 1870 demissus
1454 1811 1516 1866 in
1569 1810 1769 1867 lacum
1800 1811 1983 1867 etiam
2020 1812 2225 1867 leones

572 1911 850 1983 jejunare
877 1906 1103 1963 docuit.
1126 1907 1329 1975 Neque
1360 1902 1521 1957 enim
1566 1900 1771 1957 leones
1818 1900 2026 1957 dentes
2064 1900 2125 1955 in
2159 1900 2225 1955 il-

574 1999 702 2055 lum
731 1997 1064 2069 impingere
1092 1992 1427 2052 valuerunt,
1453 1989 1701 2062 perinde
1737 1990 1912 2062 quasi
1941 2006 1972 2045 e
2000 1988 2223 2062 lapide,

575 2092 680 2147 aut
712 2103 848 2150 tere,
880 2089 984 2141 aut
1021 2082 1138 2139 alia
1162 2080 1453 2154 quapiam
1482 2078 1763 2148 rigidiore
1791 2078 2046 2135 materia
2087 2094 2221 2134 con-

575 2180 770 2234 cretus
808 2175 1034 2230 fuisset.
1068 2170 1234 2225 Adeo
1257 2166 1554 2240 jejunium
1581 2166 1745 2222 velut
1774 2165 2059 2239 quaedam
2089 2166 2227 2224 ferri

574 2269 833 2327 tinctura
859 2264 1133 2319 ﬁrmarat
1156 2258 1265 2313 viri
1295 2256 1449 2312 illius
1480 2271 1721 2327 corpus,
1740 2272 1806 2311 ac
1830 2255 2107 2312 leonibus
2140 2256 2227 2312 in-

578 2352 923 2429 superabile
951 2346 1321 2407 reddiderat.
1349 2346 1427 2415 (1)
1461 2347 1855 2417 Nequaquam
1892 2347 2083 2402 Moses
2125 2361 2229 2401 au-

577 2463 682 2503 sus
726 2444 937 2500 fuisset
980 2438 1260 2495 verticem
1317 2433 1534 2491 montis
1562 2433 1895 2490 fumantem
1917 2435 2227 2505 attingere,

575 2550 775 2609 neque
798 2529 1033 2603 ingredi
1056 2529 1119 2584 in
1147 2526 1398 2593 nubem,
1427 2523 1542 2579 nisi
1564 2523 1775 2580 fuisset
1795 2526 2027 2596 jejunio
2055 2526 2232 2582 obar-

576 2628 797 2682 matus.
854 2622 965 2677 Per
1012 2617 1312 2691 jejunium
1358 2614 1554 2685 legem
1611 2615 1840 2687 accepit
1889 2616 2075 2685 digito
2128 2616 2232 2672 Dei

579 2714 868 2786 'seriptam
897 2711 960 2767 in
988 2709 1230 2780 tabulis,
1261 2712 1441 2780 atque
1478 2710 1540 2765 in
1594 2705 1816 2761 montis
1859 2704 2107 2776 quidem
2136 2721 2232 2761 ca-

577 2802 817 2859 cumine
833 2799 1134 2872 jejunium
1163 2798 1357 2869 legem
1384 2797 1745 2872 impetravit,
1770 2795 1831 2850 in
1860 2794 2061 2849 radice
2086 2810 2229 2850 vero

576 2893 800 2949 montis
814 2891 873 2946 in
882 2889 1109 2960 gluvies
1133 2889 1211 2945 ad
1227 2888 1631 2945 idololatriam
1652 2884 2039 2942 dementavit.
2056 2884 2229 2950 Quod

578 2980 739 3037 enim
767 2978 1042 3045 ,famulus
1089 2977 1494 3051 quadraginta
1539 2977 1670 3033 dies
1709 2975 1952 3047 jejunus
1984 2974 2228 3029 assidue

2340 1811 2434 1883 γὰρ
2500 1807 2557 1860 ἐκ
2613 1809 2781 1872 λίθου,
2822 1811 2854 1868 ἧ
2898 1811 3125 1884 χαλκοῦ,
3166 1814 3196 1871 ἧ
3228 1813 3394 1875 ἄλλης
3429 1816 3562 1874 τινὸς
3591 1813 3854 1888 στερροτέρας

2334 1896 2460 1959 ὕλης
2518 1897 2862 1971 ἑμπεπηγότι,
2910 1901 3146 1974 ἐμϐαλεῖν
3202 1902 3299 1955 οὐκ
3352 1902 3495 1975 εἶχον
3550 1907 3657 1965 τοὺς
3691 1899 3855 1961 ὀδόντες

2335 1989 2384 2040 οἱ
2430 1988 2643 2050 λέοντες,
2699 1990 2879 2053 Οὕτως
2920 1994 3075 2045 οἱονεὶ
3114 1991 3260 2066 βαφή
3305 1990 3531 2069 σιδήρου
3555 1998 3608 2046 τὸ
3638 2001 3763 2066 σῶμα
3790 1998 3854 2044 τοῦ

2336 2075 2528 2150 ἀνδρὸς
2564 2080 2594 2137 ἠ
2641 2086 2857 2138 νηστεία
2897 2088 3234 2151 ποκὼσασα,
3279 2081 3582 2157 ἀδάμαοτον
3610 2082 3745 2137 ἐποίει
3779 2087 3858 2141 τοῖς

2334 2166 2563 2223 λέουσιν.
2596 2169 2707 2221 Οὐκ
2759 2169 2821 2221 ἂν
2885 2172 3237 2245 κατετόλμησε
3278 2181 3507 2235 Μωυσῆς
3552 2173 3856 2243 καπνιζομέιης

2336 2264 2432 2316 τῆς
2480 2267 2711 2331 κορυφῆς
2745 2259 3059 2331 προσϐαλεῖν
3109 2269 3182 2314 τῶ
3237 2266 3373 2338 ὄρει,
3414 2258 3528 2315 οὐδ’
3565 2260 3857 2336 ἆνὲθοὶῥρνσεν

2338 2345 2579 2398 εἰσελθεῖν
2629 2348 2697 2408 εἰς
2733 2353 2821 2400 τὸν
2868 2360 3076 2423 γνοφον,
3116 2353 3160 2403 εἱ
3189 2356 3264 2424 μὴ
3316 2357 3532 2424 νηστείᾳ
3574 2353 3857 2403 καθώπλιστι

2338 2437 2434 2487 Διὰ
2486 2443 2579 2497 τῆς
2632 2442 2879 2500 νηστείας
2929 2443 3023 2497 τὴν
3072 2438 3283 2499 ἐντολὴν
3335 2438 3629 2510 ὑπεδέξατο,
3682 2436 3859 2505 δακτύλῳ

2341 2532 2475 2578 Θεοῦ
2512 2533 2801 2600 γραφεῖσαν
2832 2526 2883 2579 ἐν
2909 2536 3021 2589 ταῖς
3047 2528 3224 2592 πλαξί·
3254 2536 3349 2583 καὶ
3396 2532 3500 2583 ἅνω
3535 2532 3619 2603 μὶν
3654 2531 3679 2586 ἡ
3706 2529 3859 2583 νηστεία

2338 2616 2649 2685 νομοθεσίας
2684 2616 2924 2689 πρόξενος
2942 2623 3161 2689 γίνεται,
3201 2622 3351 2672 κάτω
3396 2616 3454 2672 δὲ
3482 2621 3512 2677 ἡ
3543 2616 3860 2691 ’γαστριμαργία

2339 2705 2409 2766 εἰς
2449 2701 2846 2780 εἰδωλολατρίαν
2912 2708 3137 2782 ἐξέμηνε.
3195 2714 3598 2787 Τεσσαροίκοντα
3641 2710 3725 2780 γὰρ
3771 2722 3861 2775 Eju-

2338 2804 2441 2870 ρῶν
2479 2794 2826 2870 προσεδρείαν
2883 2803 3217 2861 νηστεύοντος
3273 2807 3366 2853 καὶ
3423 2797 3653 2873 δεομένου
3701 2802 3774 2848 τοῦ
3803 2794 3859 2844 θε-

2336 2886 2592 2957 ράποντος
2611 2888 2887 2959 ἄχρηστον
2933 2885 3197 2951 ἀπέδειξεν
3230 2889 3542 2961 οἰνοφλυγία
3575 2893 3678 2960 μία.
3704 2883 3860 2953 Ἃςγάρ

2338 2977 2368 3033 ἡ
2409 2981 2627 3033 νηστεία
2682 2975 2828 3028 ἔλαϐε
2882 2977 3079 3039 πλάκας
3144 2974 3393 3051 δακτύλῳ
3450 2985 3578 3032 Θεοῦ
3626 2979 3862 3047 γραφείσας,

572 3086 824 3128 versans
882 3085 1019 3124 cum
1073 3069 1194 3124 Deo
1246 3067 1704 3139 deprecansque
1752 3064 2111 3131 confecerat,
2164 3064 2226 3119 id

2336 3067 2526 3125 ταύτας
2565 3066 2596 3125 ἠ
2656 3067 2787 3137 μέθη
2839 3066 3161 3141 συνέτριψεν·
3190 3068 3294 3120 οὐκ
3348 3069 3491 3131 ἄξιον
3538 3070 3768 3142 κρίναντος
3801 3065 3864 3111 τοῦ

574 3159 753 3214 unica
766 3156 1113 3213 temulentia
1127 3151 2227 3225 reddiditirritum,infrugiferumque.

573 3252 722 3304 Nam
744 3245 983 3303 tabulas
1003 3262 1156 3318 quas
1166 3244 1466 3316 jejunium
1486 3244 1839 3315 impetrarat
1857 3241 2229 3314 conscriptas

576 3336 763 3405 digito
802 3336 921 3403 Dei,
954 3334 1209 3390 ebrietas
1240 3333 1622 3401 comminuit;
1663 3331 1955 3403 judicavit
2002 3333 2228 3404 quippe

574 3424 873 3498 propheta
895 3423 1129 3480 ebrium
1171 3423 1465 3496 p0pulum
1498 3422 1751 3492 dignum
1791 3436 1913 3476 non
1945 3436 2091 3488 esse,
2123 3422 2228 3493 qui

575 3512 771 3585 legem
793 3514 1090 3585 acciperet
1122 3528 1158 3569 a
1179 3515 1317 3568 Deo.
1349 3510 1577 3583 Ecquid
1605 3509 1941 3582 inquinavit
1966 3512 2145 3579 Esau,
2173 3514 2230 3566 et

577 3619 823 3659 servum
847 3602 984 3658 fecit
1014 3600 1212 3658 fratris
1233 3601 1261 3657 ?
1286 3616 1488 3656 nonne
1515 3598 1784 3655 edulium
1809 3613 2022 3667 unum,
2055 3599 2228 3669 cujus

578 3692 769 3765 gratia
798 3691 1066 3748 vendidit
1089 3691 1189 3763 jus
1209 3688 1595 3764 primogeniti
1616 3686 1665 3723 ⁸⁸
1685 3688 1713 3742 ?
1746 3687 1826 3759 (2)
1878 3688 2029 3745 Cum
2080 3703 2228 3759 qua-

574 3782 824 3854 daginta
845 3782 1080 3838 dierum
1101 3781 1331 3853 jejunio
1352 3780 1736 3851 repurgasset
1755 3776 2025 3833 animam
2043 3777 2223 3848 Elias;

573 3872 657 3929 ita
684 3873 931 3928 demum
977 3871 1039 3926 in
1081 3870 1369 3943 spelunca
1406 3884 1541 3941 qua:
1585 3870 1674 3922 est
1713 3866 1776 3921 in
1806 3865 2057 3937 Choreb,
2090 3882 2228 3938 pro-

575 3961 793 4017 meruit
834 3960 1036 4014 videre
1087 3957 1430 4023 Dominum,
1481 3960 1779 4028 quantum
1817 3955 2063 4027 quidem
2093 3954 2229 4011 licet

573 4048 806 4103 homini
823 4047 1041 4101 videre.
1059 4047 1132 4117 (3)
1155 4047 1417 4112 Quorum
1440 4044 1739 4101 cadavera
1764 4050 2068 4114 prostrata
2086 4050 2225 4100 sunt

576 4136 639 4191 in
678 4137 906 4191 deserto
950 4135 993 4168 ⁸⁷
1015 4135 1044 4188 ‘I
1092 4147 1294 4188 nonne
1348 4148 1580 4199 eorum,
1611 4132 1715 4205 qui
1746 4147 1918 4187 esum
1950 4133 2225 4189 carnium

575 4221 977 4298 ﬂagitabant?
1025 4219 1110 4276 Illi
1155 4219 1350 4276 donec
1397 4223 1566 4274 erant
1595 4220 1856 4275 contenti
1893 4235 2141 4288 manna,
2167 4225 2226 4277 et

576 4332 737 4390 aqua
774 4313 849 4369 de
885 4316 1055 4387 petra
1082 4310 1325 4378 ﬂuente,
1358 4308 1728 4381 superabant
1756 4309 2091 4381 Egyptios,
2116 4326 2225 4381 per

2338 3159 2606 3227 προφήτου
2680 3158 2937 3227 μεθύοντα
2999 3156 3120 3209 λαὸν
3168 3159 3566 3230 νομοθετεῖσθαι
3627 3156 3750 3229 παρὰ
3799 3155 3863 3201 τοῦ

2338 3252 2497 3302 Θεοῦ.
2544 3248 2609 3297 Τί
2664 3248 2750 3297 τὸν
2796 3244 2965 3298 Ἡσαῦ
3004 3244 3317 3318 ἐϐεϐἠλωσι,
3348 3254 3440 3299 καὶ
3494 3246 3687 3303 ἐποίησε
3731 3239 3865 3294 δοῦλον

2334 3342 2427 3387 τού
2457 3331 2714 3407 ἀδελφοῦ;
2748 3335 2806 3387 οὐ
2840 3333 3046 3408 βρῶσις
3073 3341 3189 3409 μία,
3224 3332 3305 3389 δι’
3338 3337 3399 3395 ἢν
3448 3332 3659 3389 ἀπέδοτο
3685 3335 3739 3384 τὰ
3767 3348 3865 3403 πρυ-

2336 3427 2589 3493 τοτόκια;
2634 3429 3041 3498 Τεσσαράκοντα
3086 3425 3266 3487 Ἠλίας
3316 3429 3534 3502 ἡμέραις
3576 3427 3764 3493 νηστείᾳ
3801 3424 3865 3474 τὴν

2337 3517 2517 3586 φύχὴν
2572 3513 2928 3587 ἁποκαθάρας,
2985 3516 3145 3576 οὕτως
3200 3512 3253 3566 ἓν
3317 3525 3392 3588 τῷ
3460 3514 3683 3584 σπηλαίῳ
3730 3518 3787 3580 τῷ
3834 3506 3864 3556 ἓν

2336 3603 2523 3676 Υωρηϐ
2564 3600 2694 3656 ἰδεῖν
2742 3604 3066 3672 κατηξιώθη,
3115 3608 3179 3666 ὡς
3227 3600 3459 3658 δυνατόν
3503 3604 3633 3657 ἐστιν
3676 3596 3783 3653 ἰδεῖν
3810 3595 3867 3647 ἄν·

2335 3694 2550 3766 θρὼπῳ,
2619 3696 2707 3745 τὸν
2762 3697 2974 3766 Κύριον.
3031 3698 3195 3746 Τίνων
3248 3697 3406 3748 ἔπεσι
3459 3697 3524 3747 τὰ
3584 3691 3709 3745 κῶλα
3750 3687 3788 3739 ἓν
3820 3690 3860 3753 τῇ

2338 3780 2545 3854 ίρήμῳ;
2591 3782 2651 3833 ού
2707 3792 2803 3834 νῶν
2853 3788 3181 3855 κρεωφαγίας
3241 3782 3649 3849 ἐπιζητούντωνς
3706 3777 3864 3831 Ἐκεῖνοι

2336 3872 2427 3931 ἕως
2465 3874 2554 3943 μὲν
2612 3872 2865 3945 ἠρκοῦντο
2922 3881 2993 3944 τῷ
3045 3875 3233 3946 μάννα,
3276 3874 3367 3926 καὶ
3399 3882 3471 3945 τῷ
3527 3872 3580 3924 ἐκ
3606 3878 3689 3929 τῆς
3725 3870 3862 3935 πέτραις

2336 3956 2515 4027 ὕδατι,
2549 3960 2867 4032 Αἰγυπτίους
2891 3961 3090 4032 ἐνίκων,
3132 3959 3227 4015 διὰ
3282 3963 3554 4025 θαλάσσης
3579 3957 3762 4023 ὥδευον,
3788 3950 3863 4005 Οὗι

2341 4043 2404 4105 ἧν
2461 4048 2508 4100 ἐ)
2576 4057 2691 4113 ταῖς
2746 4050 2933 4123 φυλαῖς
2988 4052 3157 4103 αὐτῶν
3204 4053 3232 4104 ὀ
3280 4051 3531 4108 ἀσθενῶν.
3584 4042 3765 4103 Ἐπειδὴ
3825 4035 3863 4090 δί

2336 4136 2729 4212 ἐνεθυμήθησαν
2779 4149 2881 4193 τῶν
2936 4149 3097 4215 κρεῶν
3163 4149 3266 4193 τῶν
3314 4141 3559 4206 λεϐήτων,
3605 4142 3685 4190 καὶ
3722 4130 3861 4203 ιστρὼ

2340 4248 2514 4300 φησαν
2543 4237 2660 4290 ταῖς
2711 4229 3011 4302 ἐπιθυμίαις
3066 4230 3137 4292 εἰς
3195 4234 3480 4302 Αἴγυπτον,
3520 4229 3611 4282 οὐκ
3653 4223 3769 4280 εἶδον
3799 4220 3861 4274 τὲν

2336 4330 2433 4394 γῆν
2459 4327 2521 4378 τῆ
2532 4340 2554 4381 ς
2584 4318 2914 4391 ἐπαγγελίας,

493 4470 496 4474 ,
573 4421 739 4463 mare
768 4401 1066 4460 faciebant
1093 4401 1223 4470 iter,
1252 4399 1385 4456 Non
1407 4404 1535 4455 erat
1559 4399 1835 4467 inﬁrmus
1865 4398 1927 4453 in
1952 4398 2223 4457 tribubus
2250 4427 2464 4473 eorum
2486 4411 2555 4463 ea.
2589 4410 2987 4480 posteaquam
3007 4424 3151 4466 vero
3180 4408 3485 4466 recordati
3508 4410 3635 4464 sunt
3654 4399 3862 4460 carnium

574 4496 746 4563 ollas,
769 4498 825 4550 et
844 4491 1139 4549 desiderio
1168 4488 1389 4546 reversi
1411 4492 1552 4543 sunt
1581 4487 1642 4543 in
1671 4488 2017 4558 Egyptum,
2044 4504 2165 4546 non
2196 4502 2489 4559 viderunt
2517 4503 2734 4554 terram
2764 4498 3215 4569 repromissam,

648 4591 699 4641 5.
727 4588 808 4639 Ac
854 4597 930 4638 ne
989 4578 1197 4637 Daniel
1242 4577 1491 4650 quidem
1542 4575 1638 4632 ille
1691 4576 1932 4647 sapiens
1970 4577 2228 4641 visiones
2260 4594 2303 4647 1)

575 4672 845 4741 vidisset,
885 4671 999 4727 nisi
1024 4669 1256 4743 jejunio
1293 4666 1659 4723 reddidisset
1702 4665 1907 4721 anima
1935 4665 2231 4740 limpidio.

574 4778 725 4819 rem.
756 4760 1063 4833 Siquidem
1094 4757 1408 4833 pinguiore
1456 4760 1633 4828 pastu
1674 4770 1785 4811 ceu
1833 4754 2056 4812 fumosi
2104 4761 2234 4832 qui-

576 4853 724 4910 dam
751 4865 1002 4925 vapores
1023 4848 1399 4911 exhalantur,
1440 4846 1546 4919 qui
1575 4846 1774 4903 lucem
1809 4845 1987 4918 350
2036 4847 2234 4907 sancti

578 4941 831 5017 Spiritus
867 4940 929 4996 in
968 4937 1234 4994 hominis
1274 4940 1540 4993 mentem
1586 4935 1998 5005 irradiantem,
2052 4938 2233 5007 quasi

578 5031 771 5089 densa
797 5027 995 5085 nubes
1028 5025 1457 5097 interveniens,
1484 5025 1895 5097 intercipiunt.
1926 5028 2007 5099 (4)
2062 5030 2237 5085 30m-

576 5121 642 5179 ni
662 5118 847 5189 leves,
879 5117 1131 5190 ejusque
1159 5114 1347 5183 modi,
1380 5114 1486 5186 qui
1525 5114 1721 5173 excuti
1766 5113 1939 5172 facile
1974 5116 2233 5188 possint,

2416 4592 2469 4643 5.
2502 4585 2637 4640 Ἀλλ’
2664 4585 2783 4639 οὐδ’
2809 4586 2871 4639 ἂν
2901 4589 2927 4638 ὁ
2960 4591 3118 4658 σοφὸς
3142 4587 3331 4645 Δανιὴλ
3355 4589 3452 4650 τὰς
3495 4587 3729 4641 ὀπτασίας
3752 4571 3860 4634 εἶδεν,

2343 4676 2387 4730 εἰ
2456 4681 2528 4749 μὴ
2588 4682 2805 4749 νηστείᾳ
2857 4674 3235 4752 διαυγεστέραν
3297 4676 3514 4733 ἐποίησε
3566 4679 3653 4732 τὴν
3706 4668 3859 4740 ψυχέν·

2343 4766 2434 4818 Ἐκ
2480 4770 2582 4839 γὰρ
2622 4776 2719 4828 τῆς
2777 4772 3009 4839 παχείας
3058 4775 3251 4841 τροφῆς
3307 4768 3414 4819 οἷον
3468 4758 3747 4819 αἰθαλώδεις

2346 4857 2621 4929 θυμιάσεις
2706 4856 3147 4931 ἁναπεμπόμεναι,
3214 4856 3423 4929 νεφέλης
3500 4853 3648 4911 δίκην
3694 4848 3859 4901 turdi,

2342 4947 2430 5007 τὰς
2487 4944 2587 4998 ἀπὸ
2644 4954 2736 4999 τοῦ
2793 4946 2947 5018 ἁγίου
3004 4949 3298 5020 Πνεύματος
3353 4945 3698 5017 ἐπιγινομένης
3723 4934 3860 5003 mi!"

2343 5034 2461 5106 ψεις
2505 5035 2591 5089 ἐπὶ
2642 5039 2726 5089 τὸν
2771 5044 2891 5090 νοῦν
2931 5034 3329 5091 ὃιακὸπτουσιν.
3376 5039 3475 5089 Καὶ
3510 5033 3654 5087 ὕπνοι
3707 5030 3856 5083 um

2342 5128 2434 5177 καὶ
2491 5126 2890 5199 gemmam“,
2949 5135 3181 5201 φυσικῶς
3241 5123 3588 5185 ἀκολουθοῦσι
3640 5125 3706 5194 τῷ

651 5268 700 5305 δε
741 5264 890 5322 Dan.
946 5277 1006 5331 ι,
1039 5263 1096 5318 2.
1168 5260 1217 5297 ⁸⁵
1239 5257 1413 5316 Hebr.
1442 5273 1527 5327 ιιι,
1570 5262 1656 5314 17.
1714 5259 1760 5294 ετ
1788 5258 2089 5331 Psal.c1v,
2117 5260 2211 5318 37.

2344 5271 2512 5329 Exod
2525 5316 2539 5329 .
2576 5289 2691 5342 xvi,
2732 5277 2786 5331 3.

646 5412 721 5481 (ί)
745 5411 829 5466 Ex
845 5410 1012 5465 hom.
1044 5419 1085 5473 1,
1116 5406 1203 5462 De
1216 5403 1454 5476 jejunio
1485 5406 1539 5459 4.

651 5483 728 5553 (2)
758 5482 931 5551 Ibid.,
963 5484 1015 5535 ε.

2411 5402 2487 5473 (3)
2524 5398 2673 5455 Ibid.
2697 5400 2751 5473 ε.

2408 5470 2493 5545 (4)
2520 5470 2801 5544 Exepist.
2830 5484 2897 5540 ιι,
2935 5471 3027 5525 75.
