4056 6222
547 268 682 322 1255

1500 251 1862 312 ΑΡΡΕΝΟΙΧ.
1903 283 1973 294 -
2011 245 2356 309 SYMEONIS
2393 248 2932 308 ΜΕΤΔΡΗΗΑΒΤᾸΞ

3725 264 3838 321 διεδ

546 392 885 464 peratorem
905 382 1271 443 insanabilia
1286 379 1460 437 nobis
1479 378 1927 452 praecipientem
1939 374 2196 433 breviter

2312 373 2562 427 τάττοντα
2590 374 2715 446 ἡμῖν
2763 377 2832 427 τὰ
2874 373 3061 430 ἀνίατα
3120 375 3340 451 βασύέα
3391 383 3565 452 μικρὸν
3627 383 3839 458 ἀπολογη-

550 479 730 545 dicta,
788 477 1163 532 desinamus.
1215 472 1298 543 (t)
1343 468 1494 526 Velis
1547 466 1750 540 nobis,
1796 464 2194 532 serenissime,

547 581 827 640 parcere;
869 562 974 636 qui
1026 566 1260 620 tantum
1313 557 1722 632 possidemus,
1773 558 2091 629 quantum,
2146 551 2199 608 si

554 655 735 714 hodie
759 651 1076 710 comedere
1093 648 1480 718 voluerimus,
1530 646 1727 713 nobis,
1759 660 1885 702 non
1923 641 2194 699 sufﬁciet.

549 747 755 802 Cessat
802 741 968 816 apud
1008 754 1144 811 nos,
1191 743 1258 795 ut
1324 753 1437 812 par
1509 740 1616 806 est,
1666 747 2001 808 coquorum
2065 746 2196 799 ars;

548 848 661 890 nec
683 847 893 890 eorum
923 829 1110 887 culter
1139 826 1500 898 sanguinem
1530 823 1786 894 attingit.
1824 823 1992 894 531
2031 819 2200 875 Cibo-

546 937 684 980 rum
709 927 1055 979 nostrorum
1092 915 1325 992 optimi,
1355 915 1580 988 quibus
1611 912 1939 980 afﬂuimus,
1987 907 2200 966 herba-

547 1027 685 1070 rum
735 1011 879 1068 folia
929 1012 1070 1066 sunt
1119 1022 1260 1063 cum
1317 1019 1475 1077 pane
1525 1002 1886 1075 asperrimo,
1939 1003 1996 1056 et
2057 997 2201 1054 vino

550 1105 902 1159 acescente:
933 1113 1009 1154 ne
1041 1095 1264 1153 scilicet
1290 1099 1600 1167 stupentes
1634 1106 1848 1147 sensus
1880 1086 2073 1146 nostri
2120 1087 2201 1144 ob

548 1189 773 1247 ventris
833 1186 1160 1258 ingluviem
1206 1184 1266 1240 in
1313 1181 1564 1240 vesania
1615 1183 1948 1237 versentur.
2009 1177 2085 1248 (2)
2135 1178 2204 1234 Et

551 1275 1074 1353 quemadmodum
1105 1274 1166 1330 in
1189 1272 1545 1328 vestimento
1572 1268 1980 1326 necessarium
2000 1265 2202 1338 praeci-

550 1383 669 1441 pue
727 1363 1112 1422 sectandum:
1164 1362 1249 1418 ita
1284 1361 1346 1416 in
1395 1358 1531 1415 cibo
1579 1357 1755 1430 panis
1802 1355 2066 1428 explebit
2092 1369 2202 1410 ne--

552 1456 928 1522 cessitatem;
997 1467 1162 1529 aqua
1241 1448 1480 1506 sedabit
1527 1447 1679 1503 sitim
1719 1449 1878 1503 recte
1936 1443 2197 1501 valenti:

549 1544 773 1619 quibus
799 1537 1089 1599 accedent
1114 1552 1495 1612 quaecunque
1522 1551 1596 1593 ex
1613 1532 2036 1605 gleguminibus
2075 1531 2179 1604 pul

549 1637 757 1690 menta
780 1629 1020 1703 corpori
1041 1628 1195 1684 vires
1225 1626 1305 1683 ad
1355 1623 1729 1682 necessarios
1772 1638 1922 1679 usus
1967 1636 2203 1678 conser-

2309 468 2582 537 σαμένους,
2624 463 2918 518 καταλῦσαι
2956 470 3042 520 τόν
3079 465 3248 540 λόγον·
3299 474 3572 524 Φείσασθαι
3608 476 3736 540 ἡμῶν
3781 481 3838 532 6i-

2303 553 2486 624 λησον,
2525 553 2862 626 γαληνὸτατε,
2919 565 3152 612 τοσαῦτα
3197 562 3339 633 ἡμῶν
3402 570 3715 637 κεκτημένων,
3743 569 3835 635 ὅσα,

2307 644 2367 696 ἆν
2430 649 2655 718 σήμερον
2711 645 3004 720 θελήσωμεν
3058 668 3256 721 φαγειν,
3307 651 3398 703 οὐκ
3445 651 3689 727 ἐξαρκέσει
3721 659 3836 730 ἡμῖν,

2307 733 2485 806 Ἀργεί
2536 737 2660 809 γὰρ,
2717 738 2786 797 ὡς
2834 736 2986 800 εἰκός,
3045 737 3169 813 παρ’
3235 741 3354 812 ἡμῖν
3400 748 3644 819 μαγείρων
3691 750 3836 818 τέχνη,

2308 824 2557 898 μάχαιρα
2594 820 2654 876 δὲ
2691 824 2858 877 αὐτῶν
2907 827 3125 900 αἱμασιν
3164 827 3224 881 οὗ
3271 831 3584 906 προσομιλεῖ.
3627 837 3696 887 Τὰ
3745 833 3840 908 βᾶ-

2309 929 2466 964 τιστα
2509 919 2608 964 τῶν
2646 913 2768 988 παρ’
2818 916 2944 988 ἡμῖν
2986 915 3297 993 βρωμάτων,
3346 918 3393 972 ἐν
3439 923 3514 984 οἷς
3548 924 3577 980 ἠ
3618 919 3839 994 δαψίλεια,

2308 1004 2517 1074 χόρτων
2559 999 2720 1073 φύλλα
2768 1005 2863 1056 σύν
2901 1005 3044 1078 ἄρτῳ
3095 1009 3411 1082 τραχυτάτῳ
3446 1015 3533 1062 καὶ
3571 1019 3637 1081 τῷ
3673 1011 3841 1075 ἐξεστηο

2309 1093 2425 1142 κότι
2453 1093 2594 1161 οἴνῳ,
2641 1092 2775 1144 ὥστε
2813 1096 2886 1165 μὴ
2919 1091 3295 1167 ἐκθαμϐεῖσθαι
3348 1099 3490 1170 ἡμῶν
3537 1103 3601 1152 τὰ
3639 1101 3844 1161 αἰσθητὴ-

2308 1197 2402 1254 ρεα
2451 1181 2552 1233 ὑπὸ
2593 1188 2690 1242 τῆς
2742 1190 3188 1259 γαστριμαργίας,
3249 1191 3335 1240 καὶ
3389 1187 3464 1240 ἐπ’
3517 1188 3752 1264 ἀφροσύνῃ
3787 1198 3839 1264 μή

2310 1267 2692 1324 πολιτεύεσθαι.
2759 1270 2843 1333 Ὠς
2907 1274 3008 1348 γὰρ
3074 1273 3123 1326 ἐν
3190 1284 3263 1346 τῷ
3331 1273 3576 1350 ἔνδύματι
3647 1282 3843 1352 ἡγεῖσθαι

2309 1362 2565 1430 προσήκει
2607 1362 2664 1411 τό
2693 1357 2967 1434 χρειῶδες,
3032 1363 3169 1416 οὕτω
3221 1370 3310 1417 καὶ
3359 1364 3405 1418 ἐν
3454 1375 3514 1440 τῇ
3554 1377 3699 1444 τροφῇ
3727 1371 3842 1444 ἄρτος

2309 1444 2632 1519 ἐκπληρώσει
2691 1453 2784 1506 τὴν
2835 1456 3045 1523 χρείαν,
3096 1459 3186 1506 καὶ
3241 1451 3386 1529 ὗδωρ
3454 1458 3730 1529 θεραπεύσει
3774 1466 3843 1518 τὴν

2309 1530 2475 1607 δίψαν
2511 1543 2586 1608 τῷ
2633 1537 2940 1611 ὑγιαίνοντι,
2996 1546 3084 1594 καὶ
3139 1543 3239 1596 ὃσα
3300 1542 3356 1595 ἐκ
3412 1549 3697 1620 σπερμάτων
3742 1567 3843 1618 παρ-

2309 1622 2563 1696 οψήματα
2598 1631 2730 1701 πρὸς
2785 1632 2881 1691 τὰς
2929 1628 3208 1702 ἀναγκαίας
3259 1639 3446 1707 χρείας
3499 1641 3588 1694 την
3627 1636 3762 1709 ἰσχὺν
3791 1645 3844 1708 τῷ

547 1737 690 1780 vare
743 1721 1013 1793 possunt.
1062 1716 1250 1774 Edere
1293 1717 1497 1771 autem
1525 1713 1719 1779 decet,
1768 1725 1890 1768 non
1936 1709 2203 1766 belluan-

2314 1718 2520 1786 σώματι
2569 1709 2791 1768 δύναται
2840 1713 3236 1773 διασώσασθαι.
3285 1722 3506 1775 Ἐσθίειν
3544 1720 3617 1791 δέ,
3645 1730 3706 1797 μη
3747 1725 3844 1776 lus-

550 1811 700 1868 tium
729 1808 995 1881 speciem
1021 1804 1380 1879 praebentes,
1425 1801 1532 1858 sed
1563 1801 1788 1873 ubique
1840 1799 2203 1856 modestiam

551 1903 607 1957 et
631 1898 938 1956 lenitatem
984 1900 1168 1967 atque
1213 1893 1276 1950 in
1317 1889 1728 1964 voluptatibus
1771 1888 2204 1946 continentiam

548 1987 891 2046 retinentes.
971 1986 1052 2057 (3)
1101 1982 1216 2040 Sed
1280 1980 1429 2054 quid
1469 1979 1736 2036 faciam?
1791 1980 1941 2035 Cum
1991 1992 2202 2034 eorum

549 2093 687 2152 quae
743 2074 906 2131 dicta
957 2076 1096 2129 sunt
1160 2071 1399 2143 copiam
1474 2067 1813 2135 considero,
1864 2065 2017 2124 ultra
2063 2081 2203 2123 mo-

549 2166 700 2223 dum
746 2164 884 2220 ferri
938 2178 1037 2219 me
1096 2159 1298 2216 video:
1363 2173 1503 2213 cum
1587 2161 1789 2212 autem
1862 2155 2079 2211 iterum
2123 2152 2204 2212 ad

553 2255 861 2328 sapientiae
908 2250 971 2306 in
1009 2245 1262 2321 opiﬁciis
1318 2243 1786 2318 splendescentis
1851 2243 2203 2300 varietatem

550 2342 827 2416 respicio,
855 2356 930 2396 ne
977 2337 1272 2410 incepisse
1321 2333 1568 2407 quidem
1599 2332 2007 2390 narrationem
2055 2331 2204 2388 mihi

551 2431 781 2490 videor.
823 2432 1017 2502 Atque
1073 2426 1257 2483 etiam
1332 2424 1558 2480 diutius
1606 2422 1874 2480 detinere
1925 2439 2035 2481 vos
2077 2437 2204 2479 non

554 2519 730 2578 fuerit
768 2517 994 2575 inutile.
1047 2515 1202 2581 Quid
1251 2514 1412 2572 enim
1456 2512 1594 2586 quis
1649 2511 1729 2568 ab
1767 2509 1884 2568 hoc
1931 2516 2203 2585 tempore

555 2607 635 2667 ad
677 2623 869 2680 usque
923 2620 1242 2678 vesperam
1276 2602 1473 2660 facere
1517 2601 1758 2674 possit?
1784 2602 1901 2657 Vos
1947 2616 2070 2658 non
2109 2615 2204 2657 ur-

555 2703 699 2770 gent
725 2697 1162 2760 convivatores,
1193 2708 1317 2750 non
1337 2707 1449 2748 vos
1488 2691 1965 2764 compotationes
1996 2705 2203 2763 exspe-

557 2793 738 2846 ctant.
793 2786 1001 2852 Unde,
1039 2785 1086 2839 si
1143 2781 1418 2851 videtur,
1485 2779 1782 2854 corporali
1830 2778 2057 2852 jejunio
2124 2779 2206 2837 ad

554 2873 979 2934 exhilarandas
1009 2871 1245 2929 animas
1275 2875 1534 2926 utemur.
1569 2872 1737 2940 Saepe
1763 2868 2059 2925 inservisti
2081 2882 2206 2924 car-

555 2965 618 3024 ni
643 2966 724 3023 ad
771 2962 1138 3036 voluptatem
1187 2957 1548 3032 capiendam
1591 2957 1771 3013 hodie
1828 2957 2048 3014 animae
2079 2972 2203 3013 ser-

2314 1799 2463 1860 σὼδη
2521 1811 2948 1880 γαστριμαργίαν
3001 1807 3377 1882 ἐπιφαίνοντα,
3437 1811 3558 1865 ἄλλα
3622 1822 3845 1886 πανταχοῦ

2311 1895 2370 1944 τό
2401 1891 2645 1954 εὐσταθες
2682 1899 2771 1946 καὶ
2817 1902 2980 1970 πρᾶον
3037 1904 3126 1951 καὶ
3183 1905 3304 1976 περὶ
3351 1904 3444 1964 τὰς
3493 1899 3671 1965 ἡδονὰς
3697 1902 3846 1975 ἐγκρα-

2309 1984 2394 2043 τες
2442 1977 2794 2046 διασῶζοντα.
2839 1984 2994 2038 ’Λλλὰ
3031 1993 3082 2040 τί
3135 1991 3325 2059 πάθω;
3378 1990 3536 2044 Ὀταν
3713 1989 3848 2045 ἀπίδω

2311 2075 2437 2146 πρὸς
2496 2076 2556 2125 τὸ
2621 2073 2819 2136 πλῆθος
2883 2084 2982 2128 τῶν
3036 2077 3338 2151 εἰρημένων,
3399 2082 3492 2145 ἔξω
3539 2081 3734 2155 ἐμαυτὸν
3773 2084 3848 2154 όρὼ

2308 2168 2400 2216 τοῦ
2429 2165 2618 2234 μέτρου
2658 2167 2947 2238 φερόμενον·
2998 2167 3119 2219 ὅταν
3169 2165 3228 2222 δε
3285 2169 3443 2223 πάλιν
3493 2175 3614 2244 πρὸς
3665 2175 3714 2224 τὸ
3759 2191 3846 2224 ποι-

2309 2248 2449 2302 κΰιον
2505 2258 2596 2311 τῆς
2652 2254 2701 2304 ἓν
2743 2259 2878 2306 πᾶσι
2919 2263 3012 2307 τοῦ
3064 2264 3198 2310 Θεοῦ
3230 2263 3418 2330 σοφίας
3458 2259 3728 2332 ἀποϐλέψω,
3754 2256 3845 2312 οὐδὲ

2311 2335 2516 2413 ἤρχθαι
2542 2345 2740 2412 νομίζω
2764 2351 2855 2404 τῆς
2885 2339 3196 2416 διηγήσεως·
3237 2348 3355 2420 ἄμα
3380 2345 3439 2402 δε
3485 2354 3573 2402 καὶ
3616 2355 3669 2402 τό
3711 2369 3843 2422 παρα-

2310 2431 2552 2501 κατέχειν
2607 2431 2739 2503 ὑμᾶς
2804 2430 2887 2486 ὶπὶ
2949 2434 3143 2505 πλεῖον,
3205 2437 3304 2490 οὐκ
3372 2441 3655 2515 ἄχρηστον.
3703 2445 3754 2494 Τί
3772 2442 3843 2510 γὰρ

2311 2519 2372 2570 ἄν
2396 2538 2476 2580 τις
2528 2527 2669 2573 ποιοῖ
2721 2524 2807 2574 τὸν
2860 2527 3022 2600 μέχρι
3076 2534 3170 2590 τῆς
3222 2527 3448 2605 ἑσπέρας
3504 2535 3721 2604 χρόνον;
3776 2529 3844 2579 οὐκ

2313 2606 2608 2680 ἐπείγουσιν
2673 2612 2804 2684 ὑμᾶς
2860 2616 2910 2666 οἱ
2963 2615 3285 2691 ἑστιάτορες,
3345 2619 3438 2672 οὐκ
3495 2618 3709 2693 ἀναμένει
3745 2620 3846 2691 ὑμᾶς

2312 2700 2378 2750 τὰ
2410 2703 2702 2773 συμπόσια.
2749 2698 2920 2774 Ὀθεν,
2965 2703 3008 2757 εἰ
3051 2701 3214 2776 δοκεῖ,
3271 2717 3338 2782 τῇ
3375 2719 3632 2783 σωματικῇ
3683 2713 3846 2777 νηστείᾳ

2314 2804 2380 2847 εις
2433 2791 2526 2846 τὴν
2583 2796 2684 2841 τῶν
2735 2790 2927 2862 ψυχῶν
2979 2793 3304 2868 εὐφροσύνην
3358 2797 3846 2873 ἀποχρησόμεθα(5).

2314 2875 2564 2937 Πολλάκις
2621 2879 2952 2953 ὑπηρὴτέσας
3025 2891 3087 2957 τῇ
3167 2892 3333 2960 σαρκὶ
3397 2893 3525 2962 πρὸς
3597 2887 3849 2950 ἀπόλαυσιν,

2315 2969 2538 3038 σήμερον
2595 2973 2657 3038 τῇ
2723 2963 2965 3042 διακονίᾳ
3009 2975 3328 3046 παράμεινον
3368 2984 3460 3040 τῆς
3496 2977 3688 3050 ψυχῆς.
3725 2982 3851 3028 Κατα-

555 3056 679 3113 vire
733 3067 1071 3128 persevera.
1124 3050 1436 3106 Delectare
1489 3048 1553 3103 in
1604 3047 1878 3117 Domino,
1929 3052 1984 3104 et
2035 3047 2203 3103 dabit

2313 3055 2577 3126 τρύγησον
2627 3062 2717 3109 τοῦ
2776 3063 2992 3133 Κυρίου,
3053 3067 3143 3115 καὶ
3202 3058 3318 3134 δῴη
3391 3085 3474 3118 σοι
3524 3069 3588 3118 τὰ
3640 3065 3853 3136 αἰτήματα

559 3146 666 3202 (ibi
683 3143 1000 3214 petitiones
1031 3140 1230 3196 cordis
1259 3138 1349 3194 tui
1376 3139 1451 3192 δ’.
1519 3135 1674 3202 Quid
1713 3137 1875 3192 enim
1933 3135 2201 3208 prodest,

556 3248 785 3306 quaeso,
817 3244 1068 3303 corpore
1092 3227 1388 3299 jejunare,
1429 3223 1700 3281 animam
1737 3239 1882 3281 vero
1931 3224 2205 3280 innume-

557 3322 638 3379 ris
659 3320 835 3377 malis
869 3318 1149 3375 refertam
1181 3330 1310 3373 esse
1329 3315 1357 3370 ?
1381 3313 1492 3381 Qui
1521 3329 1661 3370 vero
1710 3313 1866 3370 male
1895 3329 2021 3370 non
2061 3313 2203 3385 agit,

559 3410 709 3466 alias
732 3413 934 3464 autem
956 3406 1145 3463 otium
1172 3404 1314 3476 agit,
1363 3402 1512 3476 quid
1543 3418 1667 3458 non
1726 3402 1990 3474 loquitur
2019 3403 2206 3458 vani?

558 3498 708 3572 quid
739 3496 987 3554 absurdi
1017 3511 1140 3551 non
1168 3493 1503 3551 auscultat?
1552 3496 1699 3550 Nam
1757 3493 1950 3548 otium
2004 3493 2105 3548 Dei
2144 3492 2207 3550 ti-

559 3605 730 3647 more
749 3586 1120 3656 destitutum,
1150 3585 1222 3642 iis
1253 3585 1356 3659 qui
1377 3589 1646 3656 tempore
1677 3582 1762 3639 uti
1805 3598 1929 3639 non
1962 3587 2205 3652 norunt,

560 3678 848 3751 magister
887 3680 979 3734 est
1056 3674 1381 3748 pravitatis.
1442 3672 1730 3730 Fortassis
1778 3672 1957 3743 igitur
2005 3671 2208 3745 aliqua

560 3770 741 3826 etiam
771 3767 992 3824 utilitas
1040 3781 1112 3821 ex
1152 3764 1222 3820 iis
1265 3779 1402 3836 quae
1453 3762 1754 3827 dicuntur,
1791 3761 2149 3834 percipiatur
2173 3776 2208 3816 a

559 3857 772 3926 vobis;
807 3856 900 3912 sin
934 3854 1155 3917 minus,
1181 3853 1391 3909 saltem
1417 3849 1555 3908 licet
1581 3851 1750 3907 vobis
1787 3866 1894 3924 per
1945 3866 2208 3923 praesen-

559 3949 682 4002 tem
730 3942 1193 4016 occupationem
1250 3956 1376 3998 non
1416 3955 1691 4014 peccare.
1735 3941 1929 4006 Quare
1986 3938 2210 3995 diutius

561 4049 666 4090 vos
698 4032 984 4097 detinere,
1025 4035 1113 4085 est
1159 4029 1383 4086 diutius
1413 4044 1521 4084 vos
1547 4029 1606 4099 ia
1647 4028 1878 4084 delictis
1906 4043 2206 4099 amovere,

562 4126 743 4192 atque
825 4118 904 4174 ad
966 4118 1203 4172 caeleste
1261 4116 1410 4173 illud
1465 4131 1722 4187 regnum
1782 4117 1962 4173 veluti
2025 4131 2212 4174 manu

561 4209 798 4266 ducere.
831 4206 1005 4273 Quod
1039 4204 1286 4279 quidem
1315 4206 1557 4277 assequi
1593 4221 1704 4262 nos
1734 4221 1946 4262 omnes
1976 4207 2212 4263 contin-

561 4303 682 4371 gat,
743 4297 805 4353 in
864 4294 1093 4353 Christo
1145 4295 1288 4350 Jesu
1345 4293 1600 4349 Domino
1653 4299 1885 4358 nostro,
1940 4297 2084 4368 quia
2130 4295 2212 4352 illi

561 4385 815 4444 debetur
826 4383 1034 4456 gloria,
1056 4387 1113 4439 et
1127 4383 1345 4453 honor,
1359 4385 1540 4454 atque
1560 4379 1854 4451 adoratio,
1868 4386 2214 4452 aeternoque

565 4475 746 4532 simul
775 4471 953 4542 Patri,
978 4489 1048 4530 ac
1075 4469 1458 4529 sanctissimo
1482 4469 1929 4543 viviﬁcantique
1951 4469 2208 4542 Spiritui,

564 4580 728 4623 nunc
752 4568 811 4621 et
843 4577 1098 4637 semper,
1157 4565 1215 4618 et
1240 4561 1303 4617 in
1334 4558 1556 4617 saecula
1585 4558 1965 4618 saeculorum.
1998 4564 2211 4618 Amen.

1163 4723 1290 4797 {DE
1320 4723 1478 4782 MOR
1491 4723 1612 4782 TE.

1207 4869 1433 4926 SERMO
1475 4869 1567 4925 x1.

639 5018 693 5075 1.
726 5015 803 5089 (4)
851 5016 894 5072 0
934 5027 1064 5072 rem
1111 5010 1477 5083 mirandam,
1509 5009 1851 5071 charissimi
1880 5011 1893 5066 !
1927 5012 1992 5068 ut
2031 5025 2217 5067 unus-

568 5107 1115 5182 quisquenostrum
1141 5101 1248 5160 ubi
1274 5117 1306 5160 e
1331 5105 1605 5161 materno
1637 5100 1775 5158 sinu
1795 5099 1997 5170 exivit,
2016 5100 2218 5159 statim

640 5271 687 5308 σθ
727 5265 886 5326 Psal.
925 5278 1126 5338 mn,
1156 5265 1213 5322 4.

642 5452 720 5522 (t)
749 5451 834 5506 Ex
861 5445 1033 5522 epist.
1054 5443 1299 5522 x1.i,_l24

641 5517 825 5662 (23131
846 5517 1020 5592 epist.
1049 5532 1108 5586 ιι,
1139 5517 1229 5598 Ἱρ.

646 5595 697 5656 t3
741 5593 824 5649 Ex
849 5590 1018 5652 hom.
1043 5603 1140 5647 vm
1160 5601 1221 5648 tu

646 5585 722 5656 l3)
741 5593 824 5649 Ex
849 5585 1018 5652 h'om.
1043 5585 1140 5647 vm
1160 5588 1221 5648 in
1249 5586 1563 5656 Hexaem.,
1597 5585 1688 5648 79.

2314 3150 2411 3205 τῆς
2439 3141 2664 3218 καρδίας
2705 3165 2819 3203 σου.
2869 3154 2932 3202 Τί
2983 3153 3084 3225 γὰρ
3142 3152 3320 3224 ὄφελός
3370 3159 3624 3214 νηστεύειν
3676 3162 3738 3225 τῷ
3780 3158 3852 3204 σὼ-

2315 3253 2460 3304 ματι,
2503 3239 2596 3293 τήν
2642 3231 2702 3289 δε
2729 3235 2914 3309 ψυχὴν
2942 3245 3141 3313 μυρίων
3179 3252 3357 3295 κακῶν
3397 3243 3733 3318 ἐμπεπλῆσθαι
3755 3258 3768 3308 ;
3810 3240 3853 3291 Ὀ

2314 3327 2385 3395 μὴ
2427 3326 2586 3375 κακὸν
2630 3328 2720 3398 μὲν
2769 3323 3125 3400 ἐργαζόμενος,
3177 3331 3386 3402 σχολὴν
3433 3330 3491 3386 δὲ
3543 3335 3689 3405 ἄγων,
3726 3336 3766 3383 τί
3809 3328 3852 3380 οὐ

2316 3413 2592 3485 φθέγγεται
2613 3422 2712 3466 τῶν
2741 3422 3014 3487 ματαίων;
3071 3425 3123 3472 τί
3164 3421 3261 3473 οὐκ
3314 3422 3489 3476 ἀκούει
3530 3433 3622 3476 τῶν
3657 3425 3852 3484 giras-ms;

2316 3501 2486 3574 Σχολη
2536 3506 2634 3576 γαρ
2693 3506 2812 3557 ἄνευ
2866 3506 3025 3579 φόϐου
3075 3517 3228 3578 Θεοῦ,
3284 3517 3534 3587 πονηρίας
3587 3507 3852 3567 διδάσκαλος

2315 3598 2420 3652 τοῖς
2447 3589 2839 3666 ἀκαιρουμένοις
2865 3594 3001 3652 ἔστί.
3049 3601 3206 3670 Τάχα
3239 3604 3334 3672 μὲν
3365 3598 3452 3654 οὖν
3499 3622 3549 3654 τι
3600 3607 3682 3653 καὶ
3726 3599 3854 3672 ὄτελος

2317 3682 2364 3732 ἓν
2407 3689 2515 3742 τοῖς
2553 3681 2840 3756 λεγομένοις
2873 3687 3134 3758 εὑρήσετε·
3168 3687 3210 3740 εἰ
3241 3686 3305 3743 δὲ
3347 3695 3419 3764 μὴ
3482 3690 3603 3742 ἀλλὰ
3640 3695 3692 3741 τό
3720 3707 3769 3760 γε
3800 3689 3850 3758 μὴ

2319 3767 2629 3843 ἁμαρτάνειν
2656 3769 2709 3823 ἐκ
2750 3780 2840 3834 τῆς
2871 3771 3093 3828 ἐνταῦθα
3143 3778 3267 3850 ὑμῖν
3317 3778 3576 3852 ἀσχολίας
3627 3783 3852 3851 περίεστιν.

2315 3859 2473 3912 ἐιστε
2517 3864 2574 3912 τό
2615 3859 2699 3914 ἐπὶ
2728 3861 2876 3915 πλέον
2935 3869 3199 3936 κατέχειν,
3260 3871 3345 3920 ἐπὶ
3403 3868 3550 3921 πλέον
3593 3868 3720 3920 ἐστὶν
3760 3866 3854 3935 ὑμᾶς

2317 3955 2413 3999 τῶν
2474 3959 2644 4002 κακῶν
2705 3951 2998 4024 ὑπεξάγειν,
3053 3960 3142 4008 καὶ
3198 3961 3332 4028 πρός
3388 3961 3482 4017 τὴν
3537 3967 3631 4009 τὼν
3680 3955 3854 4027 οὖρα-δῶν

2321 4034 2594 4108 βασιλείαν
2623 4049 2987 4115 χειραγωγεῖν,
3021 4040 3082 4106 ἧς
3137 4049 3337 4116 γένοιτο
3393 4049 3590 4109 πάντας
3631 4047 3748 4116 ἡμᾶς
3778 4041 3856 4092 ἐπι·

2319 4134 2521 4198 τυχεῖν,
2556 4146 2603 4180 εν
2634 4136 2848 4202 Χριστῷ
2895 4129 3071 4189 Ἰησοῦ
3109 4142 3182 4204 τῷ
3238 4140 3418 4208 κυρίῳ
3461 4137 3622 4208 ἡμῶν,
3659 4135 3728 4186 ὅτι
3753 4129 3854 4192 αὐτῷ

2320 4220 2501 4289 πρέπει
2550 4219 2578 4275 ἡ
2643 4215 2795 4284 δόξα,
2839 4225 2929 4272 καὶ
2987 4223 3016 4278 ἠ
3073 4227 3231 4294 τιμὴ,
3295 4229 3387 4277 καὶ
3444 4227 3473 4282 ἡ
3533 4236 3852 4299 προσκυνησιςν

2323 4308 2417 4356 σὺν
2465 4313 2533 4376 τῷ
2580 4305 2796 4380 ἁνάρχῳ
2850 4311 3034 4383 Πάτρι,
3080 4316 3169 4363 καὶ
3220 4318 3292 4378 τῷ
3345 4317 3584 4385 παναγίῳ
3639 4315 3719 4363 καὶ
3767 4311 3854 4369 ζωτι-

2243 4423 2287 4478 D
2320 4413 2452 4466 ποιῳ
2517 4397 2796 4468 Ῐινεύματι,
2850 4406 2938 4451 νῦν
2998 4405 3088 4453 καὶ
3149 4398 3248 4473 ἀεὶ,
3312 4408 3404 4455 καὶ
3462 4403 3532 4466 εἰς
3571 4406 3679 4462 τοὺς
3713 4398 3854 4451 αἰῶνας

2318 4493 2416 4538 τῶν
2445 4484 2662 4559 αἰώνων,
2685 4484 2851 4559 Ἀμήν
2863 4530 2877 4544 .

2849 4744 2998 4795 ΠΕΡΙ
3039 4746 3358 4797 ΘΔΝΑΤΟΥ
3369 4785 3384 4800 .

2941 4889 3160 4938 ΛΟΓΟΣ
3199 4883 3300 4941 IA'.

2401 5028 2449 5080 l.
2481 5023 2546 5078 Ὦ
2586 5032 2678 5078 τοῦ
2717 5026 3002 5099 θαύματος,
3037 5026 3326 5100 ἀγαπητοίέ
3381 5027 3492 5089 πῶς
3529 5029 3724 5083 ἕκαστος
3748 5023 3852 5091 ἡμῶν

2326 5117 2459 5186 μετὰ
2512 5118 2571 5168 τὸ
2614 5119 2734 5178 τοὺς
2789 5123 3065 5192 μητρῴους
3126 5117 3348 5179 κόλπους
3408 5116 3698 5190 ἀποφυγεῖν,
3747 5108 3850 5164 εὐθὺς

2332 5444 2409 5524 (ᾖ)
2423 5443 2506 5524 Er
2519 5439 2759 5524 11.οαοᾴ
2777 5441 3106 5524 mundanis
3121 5439 3544 5524 adhaerendum
3558 5426 3854 5524 ngn‘sibléji

2330 5494 2407 5588 {si
2423 5494 2578 5568 Tia—5
2595 5494 2625 5510 “
2645 5494 2915 5594 ﬁgulo}.
3058 5494 3468 5574 emisisset
3476 5494 3482 5496 V
3493 5494 3756 5571 codicum
3801 5494 3856 5556 al-

2411 5587 2522 5645 ter.
2723 5587 3178 5645 αποχρησώμεθα.

2411 5587 2522 5646 ter.
2548 5587 2702 5645 Editi
2723 5587 2936 5670 imo”):
2947 5587 3178 5660 σώμεθα.
