4068 6220
198 293 335 350 1257
1436 292 1666 350 SERMO
1705 293 1769 349 XI
1782 335 1798 350 .

1953 296 2024 351 )E
2057 295 2318 355 MORTE.
3423 311 3559 365 1258

198 425 306 480 τοῖς
373 424 464 470 τοῦ
525 420 720 490 χρόνον
782 417 1034 493 ῥεύμασιν
1129 415 1350 480 ἐνδεθεὶς
1436 420 1795 491 ὑποσύρεται·

1953 422 2192 494 :mporis
2219 424 2440 482 ﬂuento
2465 426 2726 498 illigatus
2754 428 3000 501 rapitur,
3035 445 3272 504 semper
3301 447 3339 489 a
3393 437 3559 505 tergo

198 511 412 560 κατόπιν
457 506 536 559 ἀεὶ
579 512 671 566 τὴν
739 506 1058 580 βεϐιωμένην
1098 510 1292 582 ἡμέραν
1353 507 1463 575 ἐῶ),
1525 515 1612 561 καὶ
1674 514 1799 582 πρός

1952 509 2065 565 iem
2124 528 2311 584 quam
2377 515 2517 571 vixit
2580 516 2948 589 relinquens,
2990 535 3101 575 nec
3167 537 3440 593 unquam
3480 522 3558 580 ad

197 603 292 655 τὴν
329 599 458 669 χθὲς
515 596 798 650 ἐπανελθεῖν
847 593 1117 666 οὐδέποτε,
1183 597 1279 649 κᾶν
1343 597 1574 667 θιλσήοι,
1642 595 1799 651 δυνά-

1952 604 2276 669 esternam,
2342 603 2578 660 etiamsi
2644 606 2806 676 velit,
2867 608 3080 664 reverti
3149 610 3372 667 valens.
3441 615 3558 668 Nos

199 707 358 760 μενος.
417 689 592 761 Ἡμεῖς
647 683 707 740 δὲ
759 684 999 760 ἡδόμεθα
1041 687 1126 740 ἐπὶ
1173 690 1238 740 τὰ
1280 691 1461 764 πρόσω
1510 692 1794 762 φερόμενοι,

1951 692 2108 745 utem
2131 690 2408 748 laetamur
2438 710 2576 749 cum
2607 696 3027 766 progredimur
3045 697 3313 766 ulterius,
3343 705 3400 758 et
3427 718 3557 774 per-

199 783 288 830 καὶ
324 781 418 841 τὰς
446 777 656 840 ἡλικίας
707 776 1016 850 ἀμείϐοντες,
1075 779 1142 838 ὥς
1196 797 1246 830 τι
1295 777 1792 852 προσλαμϐάνοντες,

1953 783 2134 835 tutata
2187 787 2356 837 aetate
2418 783 2592 855 quasi
2632 785 2906 840 nonnihil
2947 789 3346 859 acquirentes,
3414 806 3559 861 gau-

198 873 474 944 χαίρομεν,
531 871 622 919 καὶ
662 870 918 942 μακάριον
975 871 1233 939 κρίνομεν,
1302 869 1423 919 ὅταν
1489 866 1544 918 ἐκ
1606 866 1798 931 παιδός

1950 884 2139 933 emus,
2181 887 2251 926 ac
2289 871 2536 928 beatum
2567 874 2861 945 quiddam
2899 876 3199 945 ducimus,
3242 895 3381 936 cum
3419 882 3556 954 quis

199 962 287 1029 μεν
347 957 510 1030 ἀνὴρ,
577 955 632 1009 ἐκ
695 953 753 1010 δὲ
810 952 999 1029 ἀνδρός
1054 959 1268 1028 γένηταὶ
1333 977 1408 1018 τις
1473 957 1791 1031 πρεσϐύτης,

1949 974 1975 1012 x
2035 975 2220 1031 puero
2280 961 2387 1027 vir,
2429 966 2487 1017 et
2541 979 2615 1017 ex
2668 963 2796 1019 viro
2837 980 3018 1020 senex
3058 963 3252 1022 factus
3291 973 3398 1025 est.
3439 952 3555 1028 Sed

199 1047 502 1120 Ἀγνοούμεν
581 1042 640 1099 δὲ
701 1048 805 1119 ἄρα
865 1053 1111 1099 τοσοῦτον
1178 1044 1483 1110 ἀπολλύντες
1549 1047 1796 1101 ἑκάστοτε

1946 1049 2051 1117 igit
2105 1065 2238 1120 nos,
2288 1055 2522 1107 tantum
2569 1052 2705 1107 vitae
2750 1053 3013 1125 spatium
3053 1070 3090 1110 a
3136 1055 3310 1112 nobis
3345 1059 3552 1132 amitti,

197 1145 286 1198 τῆς
337 1137 493 1202 ζωῆς,
537 1137 656 1188 ὅσον
698 1134 986 1208 ἔζησαμεν·
1048 1139 1136 1188 καὶ
1172 1135 1267 1188 ούκ
1301 1136 1657 1209 αἰσθανόμεθα
1699 1135 1790 1190 δα-

1951 1144 2197 1194 uantum
2223 1140 2515 1208 viximus;
2546 1141 2754 1214 sicque
2784 1143 3179 1200 inscientibus
3212 1146 3388 1202 nobis
3434 1148 3557 1205 vita

200 1230 492 1298 πανωμέδου
530 1233 620 1278 τοῦ
661 1223 804 1298 βίου,
845 1229 1076 1296 καίτοιγε
1136 1223 1214 1278 ἀεὶ
1280 1234 1578 1301 μετροῦντες
1640 1227 1791 1280 αὐτόν

1954 1229 2254 1299 osumitur,
2281 1245 2658 1302 quamquam
2689 1248 2926 1305 semper
2960 1233 3157 1306 ipsam
3189 1250 3260 1290 ex
3291 1250 3363 1292 eo
3392 1237 3560 1308 quod

205 1315 302 1367 ἀπό
338 1323 427 1368 τοῦ
466 1311 895 1389 παραδραμόντος
955 1318 1045 1366 καὶ
1110 1313 1561 1390 παραρρεύσαντος
1593 1337 1606 1349 ο
1668 1314 1793 1370 οὐδὲ

1952 1321 2036 1371 nte
2074 1323 2273 1372 actum
2322 1324 2431 1386 est,
2482 1320 2768 1393 quodque
2804 1321 2933 1392 jam
2981 1325 3387 1394 praeterﬂuit,
3427 1341 3558 1382 me-

203 1404 476 1477 ἐννοούμεν,
505 1407 567 1465 ὡς
617 1405 721 1478 ἄρα
768 1401 984 1471 ἄδηλον,
1042 1405 1231 1456 ὁπόσον
1281 1406 1306 1457 ό
1348 1409 1477 1479 πρὸς
1515 1411 1608 1464 τὴν
1648 1403 1792 1459 ὁδοι-

1949 1418 2124 1460 amur
2171 1423 2184 1460 :
2234 1421 2432 1479 neque
2486 1409 2821 1478 cogitamus
2879 1425 3064 1482 quam
3127 1411 3419 1468 incertum
3460 1417 3555 1483 sit,

201 1501 379 1572 πορίαν
433 1498 627 1553 ταύτην
695 1494 960 1568 ἐκπέμψας
1027 1497 1165 1568 ἡμᾶς
1222 1492 1463 1548 ἐνδοῦναι
1507 1506 1577 1568 τῷ
1613 1502 1791 1570 χρόνῳ

1950 1495 2076 1565 ,32
2110 1499 2405 1566 quantum
2445 1496 2620 1552 nobis
2665 1500 2950 1571 temporis
3001 1499 3079 1555 ad
3109 1499 3272 1557 hunc
3311 1518 3556 1561 cursum

205 1585 538 1659 βουλήσεται.
591 1581 732 1637 Ούδε
762 1582 994 1657 ἐθέλομεν
1027 1592 1235 1638 σκοπεῖν
1267 1583 1512 1660 ἀκριϐῶς,
1537 1595 1663 1640 ποῖα
1702 1590 1791 1660 μὲν

1949 1584 2199 1656 npertire
2225 1584 2364 1641 velit
2403 1585 2507 1657 qui
2555 1602 2666 1641 nos
2716 1586 2790 1642 ad
2835 1587 2949 1643 hoc
2979 1588 3090 1644 iter
3119 1589 3555 1662 perﬁciendum

200 1682 363 1748 κούφα
400 1681 582 1750 φορτία
612 1677 737 1747 πρὸς
765 1677 851 1726 τὸν
883 1682 1113 1727 τοιοῦτον
1146 1671 1340 1748 δρόμον
1371 1678 1516 1748 ημῖν,
1549 1682 1637 1730 καὶ
1663 1697 1792 1751 συμ-

1949 1673 2078 1729 tisit.
2115 1677 2312 1747 Neque
2335 1675 2650 1746 diligenter
2669 1677 3051 1734 considerare
3077 1679 3384 1752 volumus,
3418 1697 3555 1753 quae

201 1768 548 1839 μεθίστασθαι
575 1761 797 1818 δύναται
818 1771 921 1826 τοῖς
945 1763 1218 1827 συλλέξασι
1239 1787 1251 1799 ο
1283 1773 1409 1818 ποῖα
1435 1763 1493 1819 δὲ
1515 1766 1684 1843 βαρέα
1703 1773 1792 1820 καὶ

1947 1763 2149 1819 trcinae
2176 1763 2334 1818 leves
2365 1763 2483 1820 sint
2513 1764 2688 1820 nobis
2714 1765 2791 1821 ad
2817 1766 2980 1822 hunc
3013 1783 3278 1837 cursum,
3301 1775 3358 1824 et
3381 1767 3553 1838 tales,

199 1853 437 1931 δυσχερῆ
497 1860 586 1907 καὶ
643 1853 1019 1928 προσηλωμένα
1069 1862 1131 1927 τῇ
1172 1863 1265 1926 γῆ,
1305 1860 1391 1907 καὶ
1434 1856 1492 1908 ού
1532 1862 1794 1929 πεφυκότα

1949 1859 2125 1911 tcum
2152 1852 2567 1924 colligentibus
2600 1855 2905 1911 transferri
2933 1857 3167 1928 possint
3199 1876 3211 1913 :
3247 1874 3381 1929 quae
3413 1873 3555 1914 vero

195 1953 304 2007 τοῖς
341 1945 630 2018 ἀνθρώποις
695 1945 1018 1996 οἰκειοῦσθαι
1057 1944 1318 2010 καθάπαξ,
1382 1943 1505 1998 ούδε
1572 1967 1788 2019 συγχω-

1950 1958 2112 1998 raves
2153 1943 2269 1998 sint
2333 1947 2391 1998 et
2447 1943 2738 2010 molestae,
2779 1949 2960 2017 atque
3017 1945 3186 2001 humi
3225 1946 3458 2018 defixae,
3499 1953 3556 2004 et

189 2038 414 2111 ρούμενα
467 2031 559 2086 δια
606 2041 701 2092 τῆς
760 2041 938 2096 στενῆς
986 2031 1182 2096 ἐκείνης
1232 2034 1398 2096 πύλης
1438 2034 1792 2095 ἀκολουθῆσαι

1947 2032 2216 2099 ,usmodi,
2281 2036 2342 2088 ut
2405 2037 2620 2106 suapte
2673 2038 2894 2090 natura
2940 2035 3259 2092 hominum
3297 2036 3553 2109 propriae

189 2133 297 2184 τοῖς
336 2127 571 2195 ἔχουσιν.
617 2122 750 2174 Ἀλλ’
789 2124 889 2174 ὅσα
929 2124 1019 2195 μὲν
1058 2127 1168 2198 χρὴ
1222 2123 1504 2196 συλλέγειν,
1540 2127 1790 2200 καταλιμ-

1950 2137 2211 2194 unquam
2253 2137 2384 2177 esse
2414 2122 2668 2194 possint,
2709 2138 2820 2179 nec
2853 2138 3233 2195 possessores
3267 2141 3408 2181 suos
3450 2141 3556 2198 per

190 2217 440 2286 πάνομεν·
501 2214 568 2264 ὧν
629 2208 688 2264 δὲ
747 2213 1000 2287 ύπερορᾷν
1066 2217 1342 2286 προσήκει,
1405 2221 1574 2267 ταῦτα
1611 2215 1789 2268 συλλέ-

1946 2216 2210 2279 ngustam
2249 2210 2414 2266 illam
2465 2215 2701 2283 portam
2766 2211 3055 2285 subsequi
3113 2213 3552 2284 permittantur.

188 2323 364 2377 γομεν.
409 2305 508 2356 Καὶ
559 2301 593 2352 ά
641 2304 729 2374 μεν
783 2303 908 2374 ἡμῖν
965 2301 1232 2374 meam,
1265 2308 1354 2356 καὶ
1399 2309 1595 2377 κόσμος
1635 2309 1790 2368 ὅντως

1945 2300 2016 2356 ed
2070 2305 2272 2356 tamen
2334 2300 2730 2374 relinquimus
2785 2317 2923 2373 quas
2960 2301 3302 2372 colligenda
3340 2307 3551 2360 erant:

190 2395 426 2467 γενέσθαι
494 2389 716 2444 δύναται
775 2397 1016 2465 συμφυὴς
1075 2392 1228 2464 ψυχῇ
1297 2413 1350 2446 τε
1411 2400 1500 2447 καὶ
1564 2401 1787 2467 σώματι,

1953 2406 2032 2446 uae
2071 2406 2214 2446 vero
2253 2394 2636 2446 contemnere
2675 2406 2785 2463 par
2821 2390 3035 2462 fuerat,
3078 2391 3437 2462 colligimus.
3493 2395 3559 2450 Et

193 2487 391 2542 τούτοις
443 2478 567 2534 ούδε
629 2485 997 2555 προσέχομεν·
1054 2481 1088 2532 οἱ
1141 2479 1199 2534 δε
1247 2481 1490 2556 ἀλλότρια
1536 2488 1673 2556 μένει
1712 2481 1794 2537 δι-

1953 2496 2034 2535 uae
2075 2480 2392 2536 nobiscum
2451 2480 2744 2553 copulari,
2811 2498 3070 2555 vereque
3134 2499 3263 2539 esse
3303 2487 3559 2556 possunt

197 2580 407 2640 ηνεκῶς,
441 2575 600 2644 μόνην
657 2573 782 2643 ἡμῖν
823 2570 1274 2643 ἑναποματτόμενα
1321 2573 1395 2644 (1)
1454 2578 1546 2631 την
1587 2574 1792 2646 αἰσχύ-

1949 2576 2320 2627 rnamentum
2357 2571 2578 2626 animae
2610 2570 2789 2626 simul
2820 2576 2876 2627 et
2905 2573 3140 2644 corpori
3171 2575 3555 2642 conveniens,

191 2683 308 2726 νην,
356 2669 522 2714 ταῦτα
579 2659 842 2734 ἀθροίζειν
892 2659 1277 2734 ἐπιχειροῦμεν,
1319 2665 1640 2734 μοχθούντες
1680 2659 1796 2715 δια-

1950 2660 1992 2714 is
2032 2675 2106 2714 ne
2160 2659 2526 2714 attendimus
2573 2659 2817 2732 quidem
2853 2677 2865 2714 :
2900 2676 3037 2732 quas
3079 2677 3220 2717 vero
3268 2667 3556 2735 perpetuo

194 2759 361 2816 κενῆς,
425 2755 513 2802 καὶ
567 2756 839 2810 πονοῦντες
899 2753 1071 2816 πόνον,
1115 2751 1221 2802 οἶόν
1286 2770 1360 2811 τις
1425 2751 1602 2804 ἑαυτὸν
1665 2751 1796 2804 ἀπα-

1945 2748 2097 2804 liena
2124 2753 2389 2817 manent,
2424 2747 2616 2804 solam
2647 2748 2822 2804 nobis
2873 2749 3188 2806 infamiam
3234 2750 3551 2823 inurentia,

194 2850 317 2908 τῶν,
357 2840 421 2900 εἰς
466 2843 772 2914 τετρημένον
824 2839 971 2890 πίθον
1017 2837 1212 2891 ἀντλεῖν
1250 2839 1552 2898 ἐθελήσειεν.
1593 2841 1791 2918 Ὠσπερ

1947 2854 1972 2894 a
2003 2853 2352 2894 coacervare
2387 2837 2669 2903 nitimur;
2715 2853 2960 2894 inanem
3009 2853 3260 2910 operam
3308 2854 3553 2895 sumen-

191 2934 295 3004 γάρ
353 2931 399 2982 οἰ
451 2948 567 2981 τινα
620 2932 996 2999 συντεταμένην
1058 2933 1270 3002 πορείαν
1312 2927 1565 2998 ἀνύοντες,
1608 2932 1690 2985 ἐπὶ
1729 2937 1793 2986 τά

1947 2945 2009 2993 :s,
2043 2933 2223 3000 atque
2245 2925 2542 2998 ejusmodi
2573 2927 2967 2999 suscipientes
2987 2926 3282 2997 laborem,
3302 2925 3553 2999 perinde

196 3024 376 3091 πρόσω
418 3021 510 3080 τὰς
559 3025 657 3069 τῶν
695 3013 871 3070 ποδῶν
930 3015 1118 3090 βάσεις
1165 3017 1518 3092 ἁμιλλωμένας
1549 3020 1791 3086 ἀλλήλαις

1947 3019 2040 3073 tsi
2089 3017 2416 3090 quispiam,
2455 3016 2727 3089 seipsum
2767 3016 3078 3082 seducens,
3133 3016 3195 3072 in
3242 3019 3552 3089 pertusum

191 3109 266 3170 εἰς
323 3104 512 3180 δρόμον
577 3104 893 3179 ἀμείϐοντες,
960 3111 1050 3159 καὶ
1114 3111 1209 3164 τὴν
1266 3106 1344 3160 ἀεὶ
1400 3115 1651 3184 προτέραν
1705 3111 1787 3163 ἐπὶ

1946 3107 2129 3162 otium
2189 3105 2502 3160 infundere
2563 3105 2836 3160 voluerit.
2906 3106 2979 3177 (2)
3021 3103 3552 3171 Quemadmodum

185 3207 284 3260 τῆς
313 3205 407 3268 γῆς
464 3197 780 3271 ἑρεισθεῑσαν
835 3192 1080 3272 δευτέραν
1132 3194 1524 3260 ἀποδεικνύντες
1580 3209 1641 3272 τῇ
1698 3221 1791 3253 τα-

1947 3197 2055 3252 nim
2097 3195 2199 3269 qui
2242 3194 2490 3268 aliquod
2545 3194 2653 3250 iter
2708 3195 2873 3251 haud
2914 3195 3165 3251 remisse
3204 3199 3553 3267 susceptum

186 3292 318 3360 χείᾳ
361 3287 631 3359 μεταθέσει
687 3293 779 3346 τῆς
836 3285 1016 3351 ἄλλης,
1068 3284 1268 3362 ῥᾳδίως
1309 3287 1391 3341 ἐπὶ
1430 3293 1488 3341 τό
1525 3298 1620 3352 τῆς
1659 3287 1788 3343 ὀδοῦ

1947 3285 2244 3348 )nticiunt,
2263 3299 2503 3356 gressus
2525 3283 2750 3357 pedum
2772 3283 2846 3340 ad
2871 3299 3114 3340 cursum
3137 3283 3553 3356 peragendum

185 3382 352 3452 τέρμα
398 3383 668 3451 χωροῦσιν
693 3396 705 3408 ·
767 3384 924 3436 ούτως
970 3378 1018 3428 οἱ
1057 3379 1186 3449 πρὸς
1215 3381 1273 3429 τὸ
1306 3378 1401 3451 ζῇν
1431 3382 1788 3454 παραχθέντες

1949 3375 2166 3432 :rtatim
2204 3374 2450 3430 ulterius
2511 3378 2955 3447 promoventes,
3006 3373 3350 3446 jugiterque
3388 3389 3555 3443 gres-

187 3467 294 3518 ύπὸ
323 3473 410 3518 τοῦ
467 3470 757 3532 κτίσαντος,
792 3466 940 3526 ιύθύς
986 3466 1036 3518 ἐν
1093 3464 1236 3540 ἀρχῇ⁹
1295 3476 1405 3531 τοῖς
1458 3477 1548 3521 τοῦ
1589 3475 1786 3544 χρόνου

1949 3482 2031 3521 1m
2062 3463 2233 3520 humi
2258 3464 2423 3536 prius
2458 3463 2648 3519 ﬁxum
2674 3462 2860 3519 veloci
2894 3462 3138 3519 alterius
3169 3462 3555 3520 translatione

189 3559 456 3628 τμήμασιν
511 3553 917 3628 ἐπεμϐαίνοντες,
971 3561 1062 3608 καὶ
1109 3560 1166 3609 τὸ
1218 3562 1462 3632 πρότερον
1517 3557 1590 3612 ἀεὶ
1623 3580 1786 3613 κατα-

1949 3554 2288 3611 osteriorem
2329 3552 2670 3616 reddentes,
2731 3553 3076 3626 pertingant
3114 3552 3286 3610 facile
3325 3552 3406 3608 ad
3445 3552 3555 3608 vita

189 3643 517 3717 λιμπάνοντες
590 3645 824 3720 ὓστερον,
895 3643 978 3697 ἐπὶ
1035 3648 1092 3697 τὸ
1161 3651 1320 3721 πέρας
1385 3650 1640 3719 φθάνουσι
1694 3659 1788 3713 τῆς

1950 3660 2126 3700 nem:
2171 3643 2252 3698 ita
2292 3642 2396 3714 qui
2445 3643 2504 3697 in
2557 3642 2746 3697 vitam
2803 3659 2839 3698 a
2891 3642 3205 3699 Conditore
3284 3641 3556 3697 introduo

193 3735 350 3796 ζωῆς.
412 3740 511 3788 Καὶ
574 3737 676 3809 γὰρ
745 3739 977 3806 συνεχής
1013 3753 1093 3796 τις
1133 3733 1254 3796 ὁδὸς
1315 3737 1663 3809 ύφηπλώσθαί
1700 3760 1788 3813 μοι

1947 3734 1971 3789 .i
2020 3736 2178 3799 sunt,
2220 3731 2419 3786 statim
2458 3730 2518 3786 in
2563 3731 2696 3801 ipso
2746 3731 2916 3787 initio
2961 3730 3287 3803 particulas
3328 3734 3553 3802 tempo-

193 3825 338 3881 δοκιί
381 3828 408 3883 ἡ
452 3832 697 3899 παροῦσα
737 3827 871 3889 ζωὴ,
909 3829 998 3877 καὶ
1035 3830 1222 3899 πορεία
1280 3822 1616 3901 διειλημμένη
1676 3837 1790 3892 ταῖς

1949 3840 1976 3877 s
2023 3820 2442 3892 ingredientes,
2507 3835 2580 3875 ac
2635 3819 2899 3891 priorem
2957 3834 3196 3891 semper
3269 3818 3554 3891 posterio-

189 3917 418 3976 ἡλικίαις
468 3916 700 3988 καθάπερ
737 3915 1020 3987 σταθμοῖς·
1065 3913 1241 3988 ἀρχὴν
1296 3915 1387 3988 μέν
1443 3920 1646 3989 ἓκάστῳ
1699 3928 1788 3980 τῆς

1945 3929 2023 3969 3m
2054 3911 2474 3982 relinquentes,
2514 3907 2593 3964 ad
2631 3908 2767 3964 vita:
2822 3908 3143 3964 terminum
3181 3907 3551 3981 perveniunt.

186 4002 495 4078 ὁδοιπορίας
560 4007 877 4076 παρέχουσα
943 4005 1036 4064 τὰς
1097 4012 1195 4055 τῶν
1269 4009 1504 4080 μητέρων
1577 4003 1785 4076 ὠδῖνας,

1951 4018 2046 4058 am
2085 4000 2214 4056 haec
2261 3999 2378 4055 vita
2445 4013 2712 4072 praesens
2766 3998 2914 4054 mihi
2968 3997 3202 4054 videtur
3267 3997 3557 4055 continua

183 4100 352 4169 τέρμα
409 4090 467 4146 δὲ
532 4089 889 4146 ύποδιικνῡσα
953 4099 1044 4144 τοῦ
1105 4089 1304 4168 δρόμου
1353 4097 1442 4156 τὰς
1479 4105 1578 4148 τῶν
1617 4099 1788 4170 τάφων

1950 4090 2181 4148 ιιιεᾱτιω
2248 4093 2305 4145 et
2361 4091 2637 4161 porrecta
2689 4087 2787 4143 via
2844 4103 2998 4155 esse,
3039 4092 3097 4144 et
3133 4088 3242 4144 iter
3278 4085 3556 4144 aetatibus

188 4185 422 4244 σκηνάςο
493 4186 582 4234 καὶ
647 4185 775 4254 πρὸς
844 4181 1039 4244 ἐκείνας
1103 4183 1333 4245 ἅπαντας
1395 4186 1620 4256 ἄγουσα,
1672 4191 1790 4248 τούς

1948 4180 2073 4236 uasi
2143 4177 2511 4252 quibusdam
2588 4175 3008 4234 mansionibus
3073 4177 3554 4233 interstinctum:

185 4279 278 4346 μεν
317 4275 519 4342 θάττον,
584 4276 704 4334 τούς
772 4267 831 4324 δε
897 4267 1244 4346 βραδύτερον,
1284 4279 1374 4326 καὶ
1411 4279 1531 4337 τούς
1568 4278 1658 4348 μὶν
1699 4273 1791 4330 διὰ

1951 4270 2064 4326 uod
2106 4275 2170 4326 ut
2207 4268 2598 4342 profectionis
2640 4267 2875 4324 initium
2928 4272 3169 4339 partum
3214 4270 3557 4324 maternum

186 4366 391 4414 πάντων
429 4368 529 4413 τῶν
595 4368 686 4412 τοῦ
749 4364 945 4435 χρόνου
1011 4356 1388 4432 διαστημάτων
1447 4359 1785 4433 όδεύσαντας,

1952 4359 2221 4432 nicuique
2284 4358 2541 4428 exhibet,
2611 4357 2694 4413 ita
2761 4372 2975 4412 cursus
3031 4356 3214 4411 ﬁnem
3305 4353 3558 4409 tentoria

183 4455 310 4512 τούς
372 4447 431 4502 δὲ
493 4446 616 4502 οὐδὲ
675 4456 782 4509 τοῖς
842 4455 1061 4523 πρώτοις
1101 4447 1498 4512 ἐπαυλισθέντας
1536 4460 1626 4504 τοῦ
1667 4452 1789 4526 βίον

1953 4449 2310 4522 :pulcrorum
2367 4446 2644 4503 ostendit.
2705 4451 2897 4518 Atque
2959 4444 3078 4500 huc
3144 4456 3357 4498 omnes
3421 4455 3559 4496 con-

186 4542 462 4612 σταθμοῖς.
1822 4527 2084 4606 “ducit,
2148 4537 2298 4594 alios
2355 4538 2568 4601 citius,
2630 4535 2818 4590 serius
2879 4533 3052 4600 alios,
3131 4536 3188 4587 et
3249 4531 3363 4586 hos
3429 4527 3560 4600 qui-

179 4631 328 4685 dem
368 4644 474 4701 per
512 4628 717 4684 omnia
755 4629 1043 4701 temporis
1083 4627 1388 4684 intervalla
1430 4629 1748 4702 profectos,
1813 4629 1961 4685 alios
2017 4643 2159 4682 vero
2217 4642 2292 4682 ne
2358 4625 2418 4680 in
2475 4624 2687 4696 primis
2742 4622 2989 4695 quidem
3029 4621 3162 4676 vita)
3202 4617 3562 4676 stationibus

177 4720 619 4775 commoratos.

253 4813 311 4861 ‘3.
352 4806 411 4857 '0
442 4809 543 4881 γὰρ
594 4806 797 4868 πλάσας
838 4808 976 4878 ἡμᾶς
1014 4811 1103 4859 καὶ
1156 4806 1424 4878 ψυχάηας
1464 4811 1608 4873 Θεὸς,
1655 4805 1795 4860 ἰδίαν

1977 4813 2029 4862 2.
2071 4808 2150 4876 (3)
2180 4809 2334 4861 Deus
2364 4805 2525 4859 enim
2551 4802 2654 4875 qui
2686 4800 2961 4857 formavit
2992 4816 3103 4856 nos
3149 4804 3205 4856 et
3247 4799 3559 4864 animavit,

177 4893 378 4967 ενῖωκεν
407 4894 596 4969 ἑκάστη
630 4895 784 4968 ψυχῇ
835 4901 930 4954 τὴν
983 4902 1074 4947 τού
1115 4895 1232 4969 βίου
1265 4892 1560 4968 διαγωγὴν,
1593 4902 1681 4948 καὶ
1709 4897 1783 4948 ἆλ-

1955 4896 2122 4951 ηἰιηω
2163 4892 2400 4948 cuilibet
2457 4890 2662 4946 tribuit
2699 4889 3010 4961 prOpriam
3049 4888 3385 4962 quamdam
3425 4891 3561 4944 vita

172 4986 293 5046 λοις
329 4984 516 5046 ἄλλους
560 4987 718 5057 ὅρους
767 4985 921 5048 ἔπηξε
953 4993 1046 5045 τῆς
1079 4981 1284 5048 ἐξόδου.
1323 4989 1420 5037 Τόν
1459 4988 1548 5058 μὲν
1577 4988 1678 5059 γάρ
1713 4987 1775 5038 ἐπ

1953 5000 2160 5048 torum,
2203 4987 2260 5038 et
2308 4981 2438 5036 aliis
2498 4979 2649 5035 alios
2704 4979 2898 5034 exitus
2937 4979 3226 5035 terminos
3283 4976 3559 5050 praeﬁxit.

177 5076 357 5127 πλεῖον
410 5083 725 5150 παραμεῖναι
779 5083 840 5133 τῆ
903 5080 1169 5148 παρουσίᾳ
1225 5083 1317 5137 τῆς
1382 5080 1576 5149 σαρκός
1615 5077 1772 5147 ᾠκονό

1957 5075 2135 5130 tenim
2161 5078 2321 5128 certo
2357 5069 2626 5143 quodam
2676 5069 2930 5124 consilio
2969 5069 3154 5125 voluit
3193 5068 3380 5124 alium
3435 5065 3563 5120 diu-

174 5181 362 5234 μησε·
426 5167 513 5214 τόν
581 5159 640 5215 δὲ
703 5165 886 5214 θάττον
944 5162 1268 5222 ἀπολυθῆναι
1319 5173 1418 5216 τῶν
1461 5161 1668 5238 δεσμῶν
1706 5174 1780 5218 τοέ

1956 5181 2023 5219 us
2054 5163 2111 5218 in
2143 5178 2322 5218 carne
2354 5175 2738 5232 permanere;
2773 5159 2976 5215 statuit
3002 5174 3144 5215 vero
3175 5157 3361 5213 alium
3392 5155 3561 5210 ocius

177 5259 426 5324 σωματος
490 5251 724 5317 ἐτάξατο,
785 5256 921 5304 κατά
975 5257 1094 5315 τούς
1163 5252 1420 5328 ἀρρήτους
1483 5253 1643 5306 αύτού
1702 5262 1783 5312 τῆς

1958 5252 2160 5310 inculis
2186 5250 2452 5324 corporis
2478 5248 2724 5314 exsolvi,
2754 5249 2928 5320 juxta
2959 5246 3291 5304 ineffabiles
3327 5243 3564 5315 sapien-

175 5347 374 5414 σοφίας
431 5347 522 5392 καὶ
582 5348 676 5402 τῆς
739 5336 1087 5404 δικαιοσύνης
1124 5342 1329 5414 λόγους.
1369 5342 1568 5418 Ὠσπερ
1608 5345 1709 5418 γάρ
1750 5363 1775 5395 ο

1958 5361 2000 5399 [ε
2029 5347 2211 5416 atque
2248 5339 2490 5412 justitize
2533 5355 2657 5394 sum
2705 5338 2992 5394 rationes.
3037 5331 3564 5403 Quemadmodum

249 5471 331 5536 (t)
377 5467 888 5548 Ἐναποματτόμενα.
959 5467 1074 5548 δίοΔ
1113 5468 1352 5548 Regius‘
1383 5467 1590 5548 ‘codex
1630 5468 1800 5548 toties

1957 5469 2157 5548 (alii:
2207 5468 2372 5523 hom.
2421 5463 2590 5532 Quod
2640 5463 2961 5519 mundanis
2991 5457 3420 5519 adha’rendum
3448 5471 3563 5512 non

165 5539 429 5604 citatus,
461 5554 532 5594 ac
565 5538 694 5610 ipse
723 5538 904 5594 etiam
943 5538 1275 5598 contextus.
1318 5538 1470 5599 Editi
1509 5539 1771 5600 ἐναποτιθι

565 5538 694 5610 ipse
723 5538 904 5594 etiam
943 5538 1275 5598 contextus.
1318 5538 1470 5599 Editi
1509 5539 1802 5600 ἐναποτιθέ-
1908 5538 2008 5606 sit,
2044 5543 2164 5597 164.

162 5629 332 5682 μενοι.
481 5682 514 5686 _
588 5605 608 5610 ’
775 5681 805 5686 _
1978 5605 2058 5686 ('3)
2098 5613 2181 5668 Ex
2208 5609 2376 5668 hom.
2404 5607 2468 5664 in
2498 5610 2680 5666 mart.
2710 5605 3014 5677 Juliuam,
3035 5606 3123 5661 38.

480 5682 722 5740 Panos.
764 5681 868 5739 Gn.
910 5682 1091 5739 XXXII
1984 5674 1998 5686 “
2041 5674 2054 5685 ’
2998 5674 3007 5677 ⁷
3212 5674 3284 5730 Ito
