4068 6220
525 265 669 320 i259

1493 262 1859 317 APPENDIX.
1891 290 1958 304 —-
1989 259 2339 318 SYMEONIS
2379 263 2906 320 METAPHRASTE

3761 266 3889 318 £260

522 387 703 459 igitur
750 402 822 442 ex
870 386 940 442 iis
992 386 1096 458 qui
1137 386 1198 443 in
1238 402 1538 442 carcerem
1596 386 2016 458 conjiciuntur,
2080 385 2167 442 alii

2287 385 2333 437 ἐν
2381 395 2497 449 ταῖς
2553 387 2781 459 εἱρκταῖς
2846 391 3198 460 εμπίπτοντις,
3258 388 3306 439 οἱ
3370 389 3460 460 μιν
3526 387 3612 439 ἐπὶ
3683 386 3884 438 πλείονα

524 477 748 540 diutius
808 475 1146 531 detinentur
1201 476 1262 531 in
1311 492 1618 532 carcerum
1653 475 2037 542 cruciatibus,
2080 475 2179 531 alii

524 565 602 621 ab
633 581 704 620 ea
753 564 1091 620 calamitate
1120 564 1450 620 liberantur
1480 565 1650 620 citius
1684 582 1696 619 :
1734 565 1817 618 sic
1848 568 1904 619 et
1933 564 2174 634 animae,

523 654 653 711 aliae
681 653 929 726 quidem
969 654 1211 718 diutius,
1244 654 1374 710 alite
1404 671 1547 710 vero
1577 654 1778 709 minus
1809 655 1867 708 in
1911 653 2026 708 hac
2055 653 2178 708 vita

525 743 887 809 detinentur,
927 759 1036 814 pro
1098 743 1392 815 cujusque
1459 743 1670 798 merito
1728 758 1796 798 ac
1863 741 2173 809 dignitate,

521 837 639 890 Deo
680 833 786 905 qui
841 849 954 888 nos
1006 833 1291 898 condidit,
1335 833 1516 888 rebus
1563 833 1858 904 cujusque
1901 837 2173 886 nostrum

518 923 924 996 prospiciente
956 922 1279 994 sapienter,
1325 927 1382 977 et
1439 921 1572 989 alte,
1623 923 1848 994 sicque,
1890 928 1954 977 ut
1999 937 2172 977 mens

520 1014 838 1068 hominum
861 1011 1148 1080 attingere
1171 1027 1293 1066 non
1314 1011 1525 1084 possit.
1547 1013 1619 1081 (t)
1643 1010 2171 1077 Quemadmodum

522 1105 682 1159 enim
713 1102 816 1175 qui
846 1101 905 1156 in
937 1101 1193 1169 navigiis
1218 1101 1549 1170 dormiunt,
1597 1107 1809 1174 sponte
1840 1118 1876 1157 a
1904 1105 2084 1156 vento
2109 1101 2171 1156 in

517 1197 726 1265 portus
767 1191 1166 1254 deducuntur,
1211 1195 1267 1245 et
1303 1190 1583 1262 quamvis
1621 1191 1737 1262 ipsi
1781 1205 2169 1262 nequaquam

518 1281 792 1350 sentiant,
835 1295 1049 1334 cursus
1089 1284 1290 1334 tamen
1329 1294 1433 1333 eos
1479 1279 1558 1334 ad
1605 1279 1924 1335 terminum
1957 1279 2122 1334 ducit
2154 1296 2166 1334 :

519 1372 604 1425 sic
662 1374 719 1425 et
771 1383 902 1430 nos,
967 1367 1273 1422 difﬂuente
1332 1367 1467 1423 vitm
1514 1374 1728 1424 nostra:
1759 1373 2050 1441 tempore,
2086 1368 2170 1424 inr

517 1458 786 1516 sensxbili
808 1458 939 1512 vitae
961 1461 1179 1512 nostra:
1207 1473 1386 1512 cursu
1409 1456 1567 1512 velut
1595 1458 1880 1513 continuo
1901 1458 2170 1529 quodam

516 1552 571 1605 et
599 1547 920 1619 irrequieto
961 1550 1127 1601 motu
1183 1546 1604 1618 unusquisque
1652 1546 1731 1600 ad
1763 1546 2077 1618 proprium
2108 1546 2172 1600 ﬁ-

513 1653 655 1694 nem
695 1635 1067 1693 festinamus.
1113 1639 1174 1690 ln
1212 1634 1327 1690 hac
1366 1634 1486 1692 vita
1538 1635 1731 1692 viator
1787 1651 1849 1691 es
1901 1653 1912 1690 :
1965 1638 2173 1692 omnia

2283 481 2475 549 χρόνον
2516 485 2576 548 τῇ
2620 483 2850 529 κακώσει
2887 485 2985 528 τῶν
3028 473 3404 549 δεσμωτηρίων
3467 481 3539 545 (4)
3595 475 3882 528 ἐναποκλεί-

2285 584 2446 634 ονται,
2491 568 2538 617 οὶ
2579 562 2637 618 δὲ
2677 570 2971 641 ταχυτέραν
3014 567 3320 638 εὑρίσκουσι
3357 570 3450 622 τὴν
3503 574 3599 627 τῆς
3655 585 3882 616 itu/.6772-

2287 655 2424 715 θείας
2490 653 2823 726 ἀπαλλαγήν
2883 656 3019 706 οὔτω
3080 660 3171 706 καὶ
3224 658 3277 708 αἱ
3340 654 3540 726 ψυχαὶ,
3583 659 3640 707 αι
3681 657 3774 726 μὲι
3813 655 3883 706 ἐπὶ

2283 744 2409 795 πολὺ
2450 750 2905 818 προσκατέχονται
2944 753 3006 817 τῇ
3051 744 3156 818 ζωῇ
3208 747 3394 817 ταύτῃ,
3429 747 3484 796 αἱ
3529 741 3588 796 δὲ
3629 743 3714 796 ἐπ’
3749 745 3884 796 ἔλατ-

2282 853 2387 900 τον,
2430 837 2564 885 κατα
2602 839 2696 892 τὴν
2753 833 3030 905 ἀναλογίαν
3078 841 3167 894 τῆς
3215 833 3361 896 ἀξίας
3417 835 3678 886 ἑκάστου·
3726 843 3883 905 σοφῶς

2280 928 2369 974 καὶ
2432 921 2655 995 βαθέως,
2721 928 2810 976 καὶ
2867 927 2936 984 ὡς
2998 924 3092 976 οὐκ
3149 925 3210 975 οἷν
3263 922 3487 995 ἐφίκοιτο
3524 931 3649 986 νοῦς
3689 921 3883 994 ἀνθρω-

2282 1032 2408 1078 πων,
2475 1015 2541 1064 τὰ
2601 1017 2718 1086 περὶ
2778 1014 2998 1066 ἕκαστον
3060 1015 3206 1085 ἡμῶν
3263 1021 3354 1066 τοῦ
3419 1017 3699 1074 κτίσαντος
3753 1015 3886 1084 ἡμᾶς

2279 1100 2690 1175 προϐλεπομένου
2796 1110 2961 1160 Θεοῦ.
3057 1103 3256 1175 Ὠσπερ
3332 1105 3432 1174 γὰρ
3509 1103 3560 1154 οἱ
3660 1103 3711 1155 ἐν
3786 1110 3884 1161 τοῖς

2278 1189 2476 1250 πλοίοις
2542 1187 2881 1255 καθεύδοντες
2966 1191 3267 1264 αὐτομάτως
3329 1193 3430 1244 ύπό
3494 1199 3585 1244 τοῦ
3653 1194 3882 1263 πνεύμα-

3057 1103 3256 1175 Ὠσπιρ
3332 1105 3432 1174 γὰρ
3509 1103 3560 1154 οἱ

2277 1299 2361 1340 τος
2422 1279 2505 1331 ἐπὶ
2559 1279 2768 1353 λιμένας
2832 1283 3065 1352 ἄγονται,
3137 1281 3231 1332 κάν
3272 1281 3419 1334 αὐτοὶ
3458 1285 3529 1352 μη
3597 1280 3886 1333 αἰσθάνων-

2276 1371 2384 1430 τάι,
2419 1369 2525 1420 ἀλλ’
2555 1371 2580 1421 6
2609 1367 2808 1444 δρόμος
2838 1371 3026 1432 αὐτούς
3056 1373 3188 1444 πρὸς
3217 1374 3274 1422 τὸ
3303 1369 3445 1430 τέλος
3481 1369 3664 1442 ἐπάγει
3690 1391 3703 1402 ·
3752 1371 3884 1421 οὕτω

2277 1462 2368 1508 καὶ
2405 1459 2575 1530 ἡμεῖς,
2617 1465 2708 1510 τοῦ
2773 1462 2970 1532 χρόνου
3038 1467 3132 1520 τῆς
3191 1462 3331 1520 ζωῆς
3372 1460 3518 1530 ἡμῶν
3575 1457 3886 1533 παραρρέον-

2277 1565 2391 1609 τας,
2451 1548 2557 1599 οἷον
2623 1567 2725 1600 τινι
2785 1555 2988 1606 κινήσει
3053 1555 3268 1618 συνεχεί
3316 1553 3405 1600 καὶ
3471 1546 3728 1618 ἀπαύστῳ
3765 1549 3883 1618 πρὸς

2278 1639 2337 1686 τό
2388 1635 2574 1688 οἰκεῖον
2628 1637 2842 1696 ἕκαστος
2899 1642 3054 1711 πέρας
3096 1643 3168 1706 τῷ
3225 1635 3523 1689 λανθάνον-τι
3572 1633 3757 1708 δρόμῳ
3793 1645 3885 1696 τῆς

518 1730 851 1794 transeunt,
875 1729 1012 1797 post
1035 1729 1269 1793 tergum
1301 1728 1471 1780 tuum
1501 1725 1919 1797 relinquuntur
1944 1725 2167 1781 omnia.

2282 1725 2423 1786 ζωῆς
2479 1727 2624 1797 ἡμῶν
2674 1728 3103 1798 κατεπειγόμεθα.
3138 1722 3450 1800 Ὀδοιπόρος
3488 1725 3778 1797 ἐφέστηκας
3816 1733 3885 1795 τῷ

505 1817 805 1882 ιΡὶειῑιιίιω,
835 1815 1006 1887 533
1032 1814 1306 1880 herbam,
1331 1831 1579 1886 aquam,
1613 1817 1716 1870 aut
1743 1814 1984 1878 quidvis
2007 1814 2173 1870 aliud

515 1909 764 1979 aspectu
792 1905 1044 1973 dignum
1093 1905 1156 1958 in
1202 1904 1301 1959 via
1349 1903 1545 1959 vidisti
1580 1922 1592 1959 :
1627 1903 1880 1975 paulum
1908 1903 2168 1959 oblecta-

512 2000 630 2061 tus,
687 2010 831 2050 mox
884 1993 1173 2065 praeteris.
1205 1995 1431 2048 Rursus
1473 1993 1532 2065 in
1563 1991 1816 2064 lapides,
1845 1991 2166 2063 convalles,

511 2083 859 2157 praecipitia,
889 2064 1195 2154 scopulos
1244 2087 1301 2136 et
1342 2064 1535 2153 palos,
1569 2085 1673 2136 aut
1697 2080 1873 2134 etiam
1901 2080 1959 2134 in
1988 2080 2168 2148 feras,

511 2174 574 2228 iu
618 2171 905 2228 animalia
947 2169 1238 2241 repentia,
1265 2169 1323 2223 in
1367 2169 1592 2240 spinas,
1621 2172 1675 2223 et
1705 2167 1764 2222 in
1792 2167 1955 2223 aliud
1981 2170 2171 2240 quod-

510 2263 598 2317 vis
638 2259 1031 2315 infortunium
1073 2258 1330 2313 incidisti
1370 2276 1382 2312 :
1412 2263 1736 2329 postquam
1764 2274 1828 2312 es
1854 2257 2167 2330 paululum

511 2350 795 2408 aﬂlictus.
828 2365 970 2404 mox
1018 2349 1132 2404 ista
1182 2347 1489 2419 reliquisti.
1517 2348 1644 2402 Vita
1688 2351 1775 2402 est
1827 2348 2166 2417 ejusmodi:

511 2455 708 2512 neque
765 2440 897 2508 ejus
965 2437 1203 2505 deliciae,
1257 2453 1455 2508 neque
1495 2436 1783 2492 molestim
1823 2443 2170 2493 constanter

509 2531 917 2602 perseverant.
944 2527 1128 2583 Hodie
1171 2532 1232 2582 tu
1281 2526 1518 2581 coluisti
1540 2531 1784 2592 terram,
1829 2543 1958 2582 cras
1999 2527 2165 2594 alter,

508 2622 648 2690 post
674 2618 834 2672 hunc
861 2615 1011 2672 colet
1055 2619 1111 2670 et
1153 2614 1327 2671 alius.
1373 2614 1542 2669 Vides
1589 2630 1767 2685 agros
1807 2615 1918 2670 hos
1949 2620 2006 2670 et
2058 2615 2167 2671 do-

509 2722 644 2763 mos
676 2705 1111 2778 sumptuosas?
1149 2703 1384 2777 quoties
1415 2703 1674 2773 singula,
1718 2720 1791 2759 ex
1829 2721 1952 2776 quo
2008 2705 2166 2761 exsi-

510 2801 694 2858 stunt.
733 2811 956 2851 nomen
999 2794 1126 2864 jam
1167 2793 1521 2849 mutavere?
1568 2793 1931 2849 Dicebantur
1985 2793 2169 2863 hujus

510 2903 659 2956 esse,
703 2889 911 2958 postea
941 2883 1086 2956 ipsis
1115 2883 1466 2956 impositum
1499 2887 1588 2938 est
1634 2898 1855 2938 nomen
1903 2883 2165 2950 alterius,

511 2976 590 3033 ad
617 2975 801 3031 alium
832 2973 1214 3033 transierunt,
1257 2977 1384 3026 tum
1439 2971 1687 3026 demum
1736 2971 1980 3026 alterius
2039 2987 2169 3026 esse

2280 1811 2383 1885 βίῳ
2413 1818 2576 1884 τούτῳ
2600 1828 2613 1843 '
2674 1816 2845 1866 πάντα
2873 1820 3141 1888 παρέρχη,
3177 1818 3347 1867 πάντα
3375 1818 3594 1867 κατόπιν
3634 1833 3728 1866 σου
3755 1819 3887 1886 γίνε-

2277 1921 2384 1957 ται.
2418 1899 2566 1965 Εἶδες
2598 1902 2680 1956 hri.
2706 1912 2798 1966 τῆς
2831 1900 2959 1956 ὁδοῦ
2999 1904 3209 1976 φυτόνῇ
3245 1908 3373 1956 πόαν
3405 1906 3433 1962 ᾖ
3469 1900 3639 1975 ὓδωρ,
3688 1904 3717 1962 ἦ
3773 1905 3801 1954 6
3837 1923 3885 1954 τι

2277 1993 2339 2042 άν
2368 1994 2530 2062 τύχοι
2558 2000 2658 2044 τῶν
2708 1990 2859 2053 ἀξίων
2911 1993 3166 2064 θεάματος
3186 2009 3198 2021 ·
3259 1996 3444 2064 μικρὸν
3473 1991 3518 2043 ἐι
3532 1993 3741 2066 ἐρφθης,
3777 1990 3884 2043 εἶτα

2275 2077 2630 2155 παρέδραμες.
2714 2080 2874 2133 Πάλιν
2958 2081 3198 2152 ἐνέτυχες
3261 2080 3420 2141 λίθοις
3482 2085 3573 2131 καὶ
3637 2081 3881 2152 φάραγξι,

2275 2170 2366 2222 καί
2390 2177 2638 2242 κρημνοῖς
2669 2175 2757 2221 καὶ
2801 2170 3073 2232 σκοπελοις
3115 2177 3204 2222 καὶ
3262 2170 3531 2240 σκόλοψιν,
3580 2174 3608 2227 ᾖ
3664 2189 3764 2221 που
3795 2175 3885 2221 καὶ

2278 2260 2496 2332 θηρίοις,
2528 2263 2617 2311 καὶ
2648 2258 2897 2330 ἑρπετοῖς,
2944 2264 3032 2310 καὶ
3092 2257 3361 2325 ἀκάνθαις,
3415 2262 3504 2309 καί
3535 2277 3679 2309 τισιν
3718 2259 3886 2318 calet;

2275 2357 2375 2399 τῶν
2408 2347 2648 2421 ὀχληρῶν
2671 2365 2682 2376 ’
2746 2352 2932 2421 μικρὸν
2963 2348 3200 2416 ἠνιάθης,
3233 2344 3343 2400 εἶτα
3380 2346 3676 2406 κατελιπες.
3706 2353 3887 2399 Τοιού-

2274 2455 2362 2498 τος
2414 2438 2440 2487 6
2490 2435 2605 2508 βίος
2630 2453 2642 2465 ”
2694 2440 2811 2488 οὔτε
2854 2439 2920 2489 τὰ
2944 2439 3136 2511 τερπνὰ
3168 2441 3380 2508 μόνιμα,
3415 2439 3534 2487 οὔτε
3572 2438 3643 2487 τὰ
3677 2436 3888 2507 λυπηρὰ

2277 2523 2468 2600 διαρκῆ
2526 2529 2855 2598 κεκτημένος.
2912 2532 3138 2599 Σήμερον
3199 2531 3292 2583 την
3352 2533 3447 2596 γῆν
3513 2529 3578 2576 σὺ
3623 2523 3886 2597 ἐγεώργη-

2277 2635 2390 2681 σας,
2457 2620 2546 2666 καὶ
2609 2619 2787 2690 αὔριον
2846 2614 3022 2681 σῦλος,
3091 2620 3180 2667 καὶ
3238 2615 3350 2686 μετ’
3417 2612 3606 2666 ἐκεῖνον
3697 2615 3716 2667 ἐ

2271 2703 2429 2776 Ὁρᾷς
2459 2707 2580 2765 τοὺς
2605 2702 2794 2776 ἀγροὺς
2823 2706 3041 2766 τούτους
3087 2709 3176 2756 καὶ
3225 2705 3312 2764 τὰς
3354 2701 3648 2763 πολυτελεῖς
3681 2704 3887 2771 οἰκίαςς

3697 2633 3888 2688 ετερος,

2274 2797 2418 2845 πόσα
2445 2789 2551 2852 ἤδη
2586 2793 2816 2864 ὀνόματα
2857 2792 2944 2864 ἀφ’
2973 2789 3031 2844 οὗ
3062 2799 3239 2864 γέγονε
3267 2796 3460 2844 τούτων
3491 2794 3714 2844 ἕκαστον
3747 2799 3870 2864 ἤμει

2273 2883 2374 2954 ψη
2407 2890 2508 2935 To?)
2539 2879 2704 2944 δεῖνος
2735 2880 2948 2953 ἐλέγετο,
2985 2881 3094 2935 εἶτα
3123 2884 3498 2955 μετωνομάσθη
3535 2887 3665 2955 πρὸς
3697 2885 3890 2954 ἕτερον,

2274 2975 2401 3048 πρὸς
2455 2976 2539 3024 τὸν
2590 2968 2735 3023 δεῖνα
2793 2971 3061 3043 μετῆλθεν,
3113 2970 3225 3024 εἶτα
3275 2980 3362 3024 νῦν
3441 2970 3598 3023 {27.1w
3665 2970 3892 3043 λέγεται,

510 3066 809 3121 dicuntur.
880 3066 1083 3118 Nonne
1137 3076 1282 3129 ergo
1338 3060 1460 3116 vita
1515 3065 1722 3115 nostra
1759 3061 1858 3115 via
1897 3064 2004 3124 est,
2048 3059 2166 3116 alio

2282 3062 2394 3136 Ἀρ’
2434 3057 2519 3113 οὖν
2559 3061 2663 3131 οὐχ
2704 3057 2829 3121 ὁδὸς
2867 3063 3012 3132 ἡμῶν
3052 3063 3078 3112 ό
3120 3059 3254 3133 βίος,
3313 3059 3492 3112 ἄλλοτε
3539 3059 3696 3112 ἄλλον
3736 3080 3895 3132 μετα-

510 3159 782 3226 tempore
809 3151 992 3207 alium
1023 3149 1350 3221 excipiens,
1397 3149 1537 3205 etin
1583 3164 1705 3221 qua
1755 3148 1864 3204 sibi
1913 3148 2166 3205 invicem

511 3241 842 3297 succedunt
899 3240 1154 3294 omnes?
1180 3239 1257 3308 (2)
1282 3237 1442 3293 Alias
1487 3237 1735 3307 quidem
1774 3236 1906 3292 vias
1930 3253 2066 3309 quas
2096 3253 2169 3293 ex

508 3331 658 3387 urbe
699 3329 778 3385 ad
843 3327 1058 3383 urbem
1115 3328 1365 3396 ducunt,
1422 3327 1559 3383 licet
1605 3326 1929 3394 declinare,
1971 3333 2024 3382 et
2065 3343 2170 3398 per

511 3436 614 3476 eas
652 3434 778 3474 non
841 3417 1165 3490 proﬁcisci,
1207 3417 1256 3472 si
1309 3417 1444 3489 quis
1502 3416 1584 3472 ita
1632 3415 1792 3472 volet
1825 3435 1836 3471 :
1870 3416 1998 3471 haec
2025 3431 2169 3472 vero

508 3510 641 3566 vitae
680 3507 852 3564 istius
891 3506 1009 3568 via,
1053 3505 1288 3562 etiamsi
1326 3522 1439 3561 nos
1495 3504 1732 3560 differre
1791 3520 2033 3561 cursum
2075 3522 2171 3561 vo-

509 3598 817 3666 luerimus,
847 3611 950 3652 eos
981 3596 1084 3667 qui
1132 3595 1193 3649 in
1244 3611 1304 3650 se
1336 3593 1624 3651 incedunt
1667 3593 1922 3650 viatores
1953 3593 2171 3649 violen-

509 3694 596 3746 ter
625 3686 1036 3762 apprehensos
1066 3684 1144 3740 ad
1173 3683 1534 3740 destinatam
1578 3699 1616 3738 a
1665 3683 1917 3739 Domino
1948 3692 2171 3740 metam

509 3778 705 3835 trahit.
757 3781 870 3832 Nec
927 3775 1056 3831 fieri
1112 3778 1326 3846 potest,
1389 3778 1453 3830 ut.
1501 3773 1548 3828 is
1599 3773 1705 3845 qui
1754 3772 1937 3828 semel
2005 3779 2170 3828 extra

507 3871 745 3942 portam
789 3864 867 3920 ad
915 3865 1073 3920 hanc
1102 3863 1287 3919 vitam
1319 3862 1720 3919 deducentem
1752 3877 2027 3931 egressus
2057 3865 2164 3923 est,

507 3956 691 4028 idque
726 3957 834 4010 iter
880 3953 1070 4020 inivit,
1118 3967 1240 4008 non
1289 3951 1472 4008 etiam
1529 3950 1607 4008 ad
1655 3950 1814 4007 illius
1846 3950 2167 4008 terminum

507 4042 842 4116 perveniat.

580 4135 631 4186 3.
674 4130 754 4198 (3)
784 4132 863 4184 Ne
885 4128 1062 4197 igitur
1090 4126 1535 4198 pretiosissimis
1557 4125 1847 4183 vilissima
1873 4128 2165 4198 prteferte,

507 4237 703 4295 neque
743 4218 899 4276 male
966 4216 1365 4282 commutatis,
1435 4215 1582 4272 dum
1641 4217 1956 4272 mortalem
2008 4219 2167 4273 hanc

505 4314 692 4369 vitam
720 4307 1046 4367 immortali
1079 4307 1392 4378 beataeque
1433 4305 1513 4361 illi
1555 4306 1740 4378 quieti
1782 4308 2164 4378 anteponitis.

509 4402 816 4476 Siquidem
857 4403 1072 4472 praeter
1109 4395 1456 4466 ignominiaa
1517 4394 1880 4458 affectiones.
1942 4395 2165 4468 quibus

506 4489 824 4562 voluptarii
878 4487 1146 4559 plerique
1187 4483 1437 4555 subjecti
1495 4490 1653 4548 sunt,
1724 4483 1923 4539 adhuc
1983 4485 2162 4540 etiam

503 4582 640 4636 vitae
674 4577 1080 4646 necessitates,
1124 4574 1692 4646 magnanimitatem
1746 4574 1964 4629 animae
2002 4574 2164 4629 fran-

505 4673 730 4738 gentes,
758 4667 953 4738 ipsam
985 4664 1164 4719 veluti
1196 4664 1474 4732 redigunt
1514 4664 1572 4718 in
1617 4663 1983 4730 servitutem,
2016 4662 2164 4717 dum

504 4758 584 4816 ad
641 4757 836 4812 carnis
882 4753 1241 4811 famulatum
1297 4753 1462 4810 illam
1519 4753 1865 4808 detrahunt.
1899 4752 2008 4807 Ubi
2060 4768 2162 4807 au-

503 4852 622 4905 tem
673 4845 942 4912 servitus,
994 4843 1111 4902 illic
1169 4860 1298 4900 esse
1358 4848 1414 4900 et
1490 4843 1887 4913 ignominiam
1954 4841 2159 4913 liquet.

503 4935 810 5008 Fugienda
836 4934 1015 5006 igitur
1062 4938 1149 4991 est
1193 4935 1334 5001 vita,
1386 4932 1480 4988 cui
1529 4931 1863 5004 ignominia
1911 4931 2162 5002 conjun-

501 5031 597 5084 cta
622 5029 728 5082 est.

569 5172 704 5228 Non
757 5183 980 5241 magna
1035 5167 1222 5236 facio,
1271 5165 1484 5238 inquit,
1524 5167 1703 5221 sime
1755 5164 1897 5220 hero
1919 5165 2157 5306 [lz'gzbdam

1957 5255 1987 5290 .z
2035 5252 2089 5306 z;

1957 5252 2089 5308 :wz;

569 5389 647 5455 (l)
689 5389 772 5442 Ex
801 5383 964 5439 hom.
997 5382 1055 5455 in
1080 5381 1238 5455 paul.
1270 5396 1310 5445 1,
1341 5381 1426 5455 9}.

568 5449 646 5524 (2)
691 5461 770 5511 Ex
796 5456 959 5511 hom.
999 5449 1166 5520 Quod
1196 5450 1520 5507 mundanis
1559 5449 1992 5507 adita-rendam
2035 5467 2153 5507 non

540 5531 571 5554 ΓΙ
632 5533 719 5554 ιρι

497 5533 771 5668 subrigit
799 5599 967 5660 hom.
1001 5599 1062 5656 in
1087 5597 1250 5667 psal.
1282 5611 1406 5666 cxv,
1443 5599 1566 5651 375.

2279 3150 2567 3222 λαμϐάνων,
2622 3155 2710 3202 καὶ
2767 3153 2963 3210 πάντας
3014 3152 3149 3221 ἔχων
3223 3148 3460 3211 ἀλληλοις
3508 3148 3894 3222 ἐφεπομέδ-ους;

2277 3244 2376 3301 Τὰς
2428 3244 2517 3313 μεν
2576 3237 2662 3292 οὖν
2715 3239 2873 3301 ἄλλας
2911 3236 3088 3304 ὁδοὺς,
3131 3241 3253 3292 ὅσαι
3291 3243 3420 3312 πρὸς
3484 3238 3635 3291 πόλιν
3705 3238 3765 3291 ἐκ
3807 3245 3900 3298 πό,

2276 3328 2402 3390 λεως
2460 3331 2698 3400 ἄγουσιν,
2741 3330 2881 3380 ἔστιν
2940 3327 3185 3396 ἐκκλῖναι,
3228 3333 3315 3380 καὶ
3378 3333 3447 3399 μὴ
3515 3323 3749 3380 ὁδεῦσαι
3809 3333 3895 3380 τόν

2280 3424 2348 3490 μὴ
2407 3418 2752 3492 βουλόμενον’
2823 3421 2852 3476 ἡ
2911 3415 2969 3471 δε
3017 3426 3111 3479 τῆς
3160 3419 3298 3481 ζωῆς
3352 3421 3543 3478 ταύτης
3605 3414 3760 3483 ὁδὸς,
3805 3419 3898 3470 κεῖν

2281 3510 2428 3578 ἡμεῖς
2489 3506 2868 3560 ἀναϐάλλεσθαι
2927 3506 3263 3579 βουληθῶμεν
3321 3510 3405 3559 τόν
3474 3503 3696 3579 δρόμον,
3752 3527 3901 3582 περι-

2279 3596 2513 3648 λαϐοῦσα
2559 3601 2688 3671 πρὸς
2737 3595 2881 3668 βίαν,
2934 3594 3018 3648 ἐπὶ
3073 3600 3131 3647 τό
3184 3600 3487 3666 τεταγμένον
3526 3598 3630 3647 ὑπὸ
3681 3607 3782 3648 τοῦ
3817 3606 3898 3650 Δία

2284 3692 2480 3738 σπότου
2542 3690 2694 3757 πέρας
2759 3685 2890 3737 ἕλκει
2957 3688 3077 3747 τοὺς
3144 3684 3220 3737 ἐπ’
3273 3684 3452 3746 αὐτῆς.
3499 3691 3602 3738 Καὶ
3641 3686 3738 3737 οὐκ
3783 3691 3895 3739 ἔστι

2279 3779 2364 3828 τόν
2420 3775 2558 3837 ἅπαξ
2613 3771 3013 3848 ύπεκὸραμόντα
3049 3778 3142 3831 τὴν
3184 3772 3266 3825 ἐπὶ
3304 3769 3454 3825 τόνδε
3497 3778 3585 3825 τόν
3644 3773 3770 3846 βίον
3819 3783 3898 3847 φε-

2277 3883 2472 3939 ρονσαν
2529 3863 2717 3924 πύλην,
2766 3869 2856 3915 καὶ
2907 3871 2997 3922 τῆς
3051 3859 3177 3914 ὁδοῦ
3237 3865 3428 3924 ταύτης
3495 3862 3777 3928 επιϐάντα,
3823 3869 3890 3937 μή

2277 3958 2366 4006 καὶ
2396 3956 2520 4027 πρὸς
2547 3956 2603 4004 τὸ
2632 3951 2769 4012 τέλος
2798 3953 2990 4012 ταύτης
3019 3951 3197 4004 ἐλθεῖν.

2349 4135 2400 4186 3.
2444 4134 2528 4188 Μὴ
2577 4134 2745 4181 τοίνυν
2806 4134 3089 4202 προτιμᾱτε
3130 4136 3231 4180 τῶν
3280 4127 3650 4201 πολυτιμήτων
3682 4133 3755 4182 τὰ
3788 4129 3895 4182 am-

2274 4225 2492 4292 μότατα,
2544 4215 2682 4291 μηδὲ
2742 4223 2894 4270 κακοὶ
2958 4218 3305 4272 συναλλάκται
3342 4221 3568 4290 γίνεσθε,
3616 4227 3712 4278 τὰν
3760 4223 3895 4294 p53:-

2275 4314 2492 4383 ρομένην
2532 4309 2670 4369 ζωὴν
2717 4315 2807 4368 τῆς
2841 4306 3108 4380 ἀφθάρτου
3163 4313 3252 4360 καὶ
3310 4314 3570 4382 μακαρίας
3622 4312 3894 4362 καταστεί-

2277 4417 2405 4461 σεως
2593 4406 2966 4471 προτιμῶντες.
3031 4397 3181 4450 Ἀνευ
3238 4400 3340 4471 γὰρ
3406 4405 3504 4448 τῶν
3557 4399 3890 4470 μαθημάτων

2273 4495 2367 4547 τῆς
2421 4487 2654 4558 ἀτιμίας,
2688 4488 2760 4546 οἶς
2817 4486 2865 4536 οἰ
2921 4485 3151 4538 πλεῖστοι
3182 4494 3280 4536 τῶν
3321 4483 3615 4556 φιληδόνων
3649 4488 3892 4540 ὑπόκειν-

2271 4597 2376 4643 ται,
2421 4579 2496 4628 ἔτι
2539 4581 2625 4628 καὶ
2672 4578 2727 4627 αἱ
2781 4578 2914 4627 κατὰ
2962 4579 3047 4627 τόν
3081 4573 3199 4647 βίον
3244 4582 3447 4648 χρεῖαι,
3475 4583 3572 4636 τῆς
3602 4575 3800 4648 ψυχῆς
3837 4580 3890 4626 τό

2273 4665 2582 4737 μεγαλοφυὲς
2635 4666 3131 4736 κατακάμπτουσαι,
3190 4666 3342 4715 οἱονεὶ
3420 4659 3740 4716 δουλοῦνται
3807 4666 3892 4715 αὶ-

2269 4759 2382 4820 την,
2434 4759 2559 4828 πρὸς
2614 4759 2707 4811 τὴν
2752 4755 3039 4827 ὑπηρεσίαν
3085 4761 3176 4812 τῆς
3229 4755 3420 4828 σαρκὸς
3457 4758 3888 4828 κατασύρουσαι.

2269 4843 2438 4896 ”Οπου
2505 4840 2563 4896 ὃε
2633 4839 2864 4911 δουλεία,
2933 4841 3038 4894 ἐκεῖ
3095 4839 3340 4899 δηλονότι
3378 4847 3468 4893 καὶ
3511 4840 3723 4915 ἀτιμία.
3769 4851 3889 4897 Φεν-

2269 4937 2413 4985 κτέον
2445 4929 2534 4984 οὖν
2565 4937 2657 4990 την
2690 4932 2849 4997 ζωὴν,
2941 4935 2996 4984 τὸ
3028 4932 3209 5003 ἄτιμον
3239 4934 3630 5005 παραπέφυκεν.

2340 5159 2507 5216 Οὐδὲν
2564 5165 2686 5234 γαγ,
2753 5165 2903 5233 φησὶ,
2954 5164 3086 5233 μέγα
3142 5170 3313 5234 ποιῶ.Δ
3345 5160 3570 5234 ἐμαυτόν
3631 5183 3716 5214 σοι
3765 5163 3880 5213 ἁπο-

3259 5217 3472 5304 [ὃιᾶοὺς
3504 5242 3578 5304 τῷ
3607 5231 3840 5306 δεσπότῃ
3863 5255 3874 5266 ε

2333 5380 2410 5448 (4)
2451 5384 2561 5451 Τῶν
2604 5373 3210 5451 δεσμωτηρίων-ΜΘΗ]
3265 5375 3453 5431 codex
3501 5385 3604 5428 τῶν
3649 5375 3875 5451 δεσμῶν,

2265 5451 2325 5504 in
2343 5447 2729 5504 ’vz'nculormn
2769 5447 3157 5502 cruciatibus.

2333 5522 2410 5590 (5)
2453 5521 2850 5578 Καταστάσεως.
2895 5519 2987 5573 Sic
3025 5518 3240 5590 Regius
3279 5517 3468 5574 codex
3525 5523 3584 5574 et
3643 5526 3880 5577 contex—

2263 5595 2382 5648 tus.
2415 5591 2566 5650 Editi
2595 5608 2994 5652 καταπαυσιως.
