4056 6222
182 310 309 365 1261
1420 309 1652 365 SERMO
1692 310 1756 364 Xl

1935 311 1994 366 DE
2032 312 2287 369 MORTE.
2898 278 2903 281 ἰ
3401 325 3537 381 1262

251 432 439 495 Δοῦλος
461 434 561 507 γὰρ
590 432 657 485 ὧν
690 435 800 499 σός,
845 436 927 485 σοὶ
967 434 1220 506 προσάγω
1254 434 1329 506 (1)
1360 436 1419 485 τό
1458 436 1545 487 σόν
1576 442 1777 507 κτῆμα.
1810 436 1853 489 Α

1961 437 2090 492 Tibi
2109 452 2369 511 namque
2395 443 2792 514 servus,quod
2822 449 2988 501 tuum
3019 448 3097 501 est
3125 446 3233 501 tibi
3261 448 3465 517 offero.

186 527 402 586 Πάντως
443 527 544 597 γὰρ
584 532 675 575 τοῦ
726 528 999 584 κτίσαντος
1058 521 1243 576 δοῦλον
1293 526 1525 597 ὑπάρχει
1548 528 1606 576 τό
1648 524 1781 577 ἐκτι-

1939 526 2145 581 mnino
2194 528 2355 584 enim
2407 546 2502 585 res
2553 538 2764 587 creatae
2810 534 3102 589 Creatoris
3148 551 3332 591 servm
3382 540 3541 594 sunt.

184 621 383 687 σμένον.
433 622 721 686 Τοιγαροῦν
766 619 933 677 ζῶντα
998 616 1085 686 μὲν
1126 616 1173 665 ἐν
1227 622 1288 685 τῇ
1326 619 1483 681 σαρκὶ
1530 616 1779 688 πάροικον

1941 614 2228 687 -)Oportet
2259 618 2437 689 igitur
2466 620 2763 677 viventem
2803 622 2863 677 in
2907 638 3085 679 carne
3124 624 3383 681 incolam
3416 642 3543 683 esse

183 703 310 757 εἶναι
367 709 624 779 προσήκει
675 708 762 755 τόν
812 705 1114 775 ἄνθρωπον·
1145 702 1513 774 μεταϐαίνοντα
1562 700 1621 755 δὲ
1677 702 1780 755 ἀπὸ

1943 704 2229 771 nminem;
2270 708 2630 777 migrantem
2662 715 2865 765 autem
2895 727 2966 766 ex
2996 712 3110 767 hac
3142 713 3281 783 vita,
3321 715 3382 770 in
3408 731 3545 787 pro-

180 803 277 855 τῆς
322 794 460 856 ζωῆς
499 796 715 861 ταύτης,
788 800 893 852 τοῖς
954 792 1165 852 οἰκείοις
1236 798 1415 853 τόποις
1466 791 1782 844 ἐναναπαύε-

1942 792 2034 848 riis
2090 793 2238 849 locis
2293 797 2687 867 requiescere.
2758 802 3077 871 Propterea
3129 802 3307 858 etiam
3360 804 3544 861 Abra-

184 887 329 941 σΘαι.
370 886 464 935 Διά
505 890 659 934 τοῦτο
715 886 803 933 καὶ
843 880 1081 955 Ἀϐραὰμ
1125 882 1175 933 ἐν
1227 884 1316 953 μὲν
1460 882 1567 953 ζωῇ
1600 901 1783 956 παροι-

1944 897 2034 937 am
2081 882 2140 938 in
2190 883 2305 938 hac
2357 885 2477 940 vita
2512 886 2710 942 incola
2738 893 2865 943 erat
2898 904 3037 944 cum
3072 890 3442 962 alienigenis,
3474 909 3546 950 ac

179 982 262 1026 κεῖ
295 981 406 1034 τοῖς
436 972 753 1044 ἀλλοφύλοις,
784 968 906 1022 οὐδὲ
962 969 1115 1043 βῆμα
1150 966 1315 1031 ποδός
1362 967 1505 1032 ἰδίας
1564 979 1656 1041 γῆς
1705 990 1781 1022 κε-

1938 986 1966 1024 e
1987 986 2235 1042 passum
2266 973 2513 1044 quidem
2539 975 2708 1045 pedis
2738 980 2908 1031 terrae
2939 979 3195 1049 propriae
3229 982 3498 1051 possedit
3527 1001 3540 1038 :

180 1066 464 1134 κτημένος·
500 1060 546 1113 ἐν
584 1056 643 1111 δὲ
681 1068 741 1132 τῇ
782 1068 915 1131 ταφῇ
967 1060 1158 1111 οἰκείαν
1208 1059 1372 1130 ἐαυτῷ
1423 1064 1514 1116 τήν
1566 1056 1782 1131 δεξαμέ-

1943 1077 1953 1114 ι
1988 1060 2297 1132 sepultura
2344 1068 2547 1119 autem
2581 1066 2891 1136 propriam
2930 1066 3280 1139 sibimetipsi
3304 1073 3545 1140 terram,

178 1172 270 1209 νην
331 1151 491 1202 αὑτοῦ
565 1153 624 1201 τό
666 1157 818 1220 σῶμα
846 1157 945 1220 γῆν
1002 1147 1255 1222 ἀργυρίου
1297 1147 1780 1223 ἐπραγματεύσατο.

1943 1165 2026 1205 uae
2084 1166 2303 1222 corpus
2358 1154 2552 1224 ipsius
2605 1155 2922 1226 exciperet,
2962 1161 3211 1225 argento
3243 1164 3545 1217 mercatus

179 1244 450 1316 Μακάριον
481 1236 568 1292 οὖν
595 1247 667 1309 τῷ
699 1244 827 1305 ὄντι,
885 1244 956 1311 μὴ
1025 1241 1089 1299 ὡς
1128 1238 1337 1300 οἰκείοις
1380 1242 1781 1311 προστετηκέναι

1944 1242 2001 1293 st.
2048 1241 2227 1294 Porro
2281 1240 2530 1297 beatum
2575 1241 2753 1313 plane
2801 1242 2991 1309 fuerit,
3051 1243 3233 1299 rebus
3298 1248 3546 1303 terrenis

183 1340 293 1393 τοῖς
346 1334 393 1383 ἐν
460 1338 522 1401 τῇ
564 1337 652 1400 γῇ,
710 1324 849 1401 μηδὲ
879 1328 1052 1400 ὥσπερ
1094 1324 1352 1402 πατρίδος
1387 1331 1527 1388 τινός
1559 1336 1785 1399 φυσικῆς

1944 1342 2016 1382 on
2072 1332 2136 1382 ut
2188 1330 2444 1400 propriis
2493 1346 2605 1385 nos
2661 1330 2934 1386 addictos
2961 1348 3109 1399 esse,
3137 1349 3333 1406 neque
3362 1336 3546 1393 rebus

186 1420 502 1490 ἀντέχεσθαι
553 1426 653 1469 τῶν
721 1417 1081 1488 ἐνταῦθα
1124 1416 1251 1469 ἀλλά
1290 1422 1383 1476 τὴν
1408 1416 1460 1468 ἐκ
1490 1413 1784 1478 καταδίκης

1945 1417 2292 1473 raesentibus
2350 1423 2643 1491 tanquam
2698 1420 2957 1476 naturali
3019 1422 3260 1477 cuidam
3336 1426 3547 1496 patriae

186 1506 368 1561 ἐνθάδε
418 1504 687 1578 διαγωγὴν
743 1506 1152 1579 βαρυνομένους,
1194 1507 1328 1559 οὕτω
1366 1513 1656 1580 παροικεῖν,
1720 1508 1785 1565 ὡς

1944 1505 2234 1562 :ihaarere:
2262 1507 2369 1562 sed
2399 1513 2668 1564 nostram
2693 1509 2788 1565 hic
2816 1511 3377 1584 commorationem,
3408 1528 3546 1586 quae

183 1598 284 1649 υπὸ
352 1593 619 1649 δικαστῶν
667 1614 813 1646 τινων
878 1593 961 1646 ἐπί
1038 1614 1149 1647 τισι
1221 1593 1665 1666 πλημμελημασιν
1720 1593 1785 1653 εἰς

1945 1611 1965 1650 ε
2009 1594 2511 1652 condemnatione
2567 1597 2742 1653 nobis
2791 1598 3077 1670 imposita
3133 1605 3241 1669 est,
3298 1602 3547 1659 moleste

180 1691 275 1744 την
330 1688 606 1759 ὑπερορίαν
646 1682 701 1735 ἐκ
739 1691 829 1743 τῆς
870 1683 1174 1755 ἐνεγκούσης
1214 1682 1573 1743 ἀπελαθέντας.
1628 1682 1782 1735 Ἀλλά

1946 1691 2168 1753 rentes,
2218 1685 2299 1741 ita
2334 1686 2707 1757 perigrinari,
2752 1688 2929 1759 quasi
2976 1688 3056 1743 ob
3107 1689 3312 1762 aliqua
3332 1691 3548 1749 delicta.

178 1774 383 1845 πλούτῳ
423 1780 623 1845 κομᾲςς
674 1778 764 1825 και
820 1772 903 1824 ἐπὶ
941 1776 1211 1845 προγόνοις
1251 1777 1386 1844 μέγα
1449 1772 1780 1845 φρονεῖς(3);

1946 1773 2251 1843 judicibus
2291 1774 2353 1829 in
2404 1778 2670 1831 exteram
2699 1776 3010 1845 regionem
3055 1792 3128 1833 ex
3175 1779 3370 1849 patria
3390 1780 3548 1851 pulsi

178 1869 271 1916 καὶ
312 1862 573 1934 ἐπαγάλλῃ
620 1858 844 1935 πατρίδι
905 1866 995 1913 καὶ
1032 1861 1204 1913 κάλλει
1247 1867 1508 1933 σώματος,
1550 1866 1639 1913 καὶ
1669 1869 1780 1922 ταῖς

1944 1878 2183 1918 ssemus.
2237 1861 2568 1933 (5)Eﬂ“erris
2615 1880 2755 1919 vero
2794 1864 2873 1920 ob
2920 1864 3199 1923 divitias?
3242 1868 3435 1938 jactas
3492 1874 3546 1925 te

176 1956 320 2023 παρὰ
351 1955 551 2005 πάντων
595 1959 811 2023 τιμαῖς;
872 1949 998 2002 Εἶτα
1037 1951 1130 2001 οὐκ
1169 1947 1337 2018 οἶδας,
1378 1952 1458 2001 ὅτι
1500 1952 1684 2011 θνητὸς
1716 1948 1778 2015 εἶ,

1944 1953 1970 2006 b
1998 1953 2301 2022 majorum
2322 1951 2702 2009 nobilitatem
2723 1954 2750 2009 ?
2793 1954 2869 2009 de
2902 1955 3098 2027 patria
3118 1971 3190 2012 ac
3210 1956 3546 2029 pulchritu-

176 2046 260 2095 ὅτι
322 2050 389 2113 γῆ
445 2039 509 2110 εἶ,
560 2045 650 2092 καὶ
682 2041 754 2101 εἰς
812 2049 908 2111 γῆν
966 2039 1259 2111 Exi-relabor);
1302 2038 1617 2114 Περίϐλεψαι
1668 2044 1778 2099 τους

1942 2041 2031 2096 ine
2058 2042 2344 2113 corporis,
2390 2041 2586 2114 deque
2629 2043 2843 2098 delatis
2874 2044 2953 2099 ab
2978 2045 3265 2103 omnibus
3301 2047 3544 2104 honori-

174 2135 279 2204 πρὸ
324 2139 420 2182 σοῦ
474 2129 523 2181 ἐν
589 2136 705 2189 ταῖς
752 2130 959 2201 ὁμοίαις
1016 2133 1361 2200 περιφανείαις
1402 2127 1776 2191 ἐξετασθέντας.

1942 2147 2004 2185 us
2049 2130 2362 2199 gloriaris?
2415 2135 2576 2187 Itane
2617 2131 2885 2201 ignoras,
2931 2134 3247 2191 mortalem
3292 2140 3348 2192 te
3392 2152 3544 2205 esse,

176 2229 287 2274 Ποῦ
327 2224 376 2272 0i
414 2222 509 2281 τὰς
545 2218 815 2280 πολιτικὰς
842 2214 1153 2279 δυναστείας
1183 2218 1647 2293 περιϐεϐλημένοι;
1682 2226 1778 2270 ποῦ

1942 2236 2109 2275 :rram
2157 2235 2287 2276 esse
2323 2226 2379 2275 et
2434 2220 2494 2275 in
2534 2226 2752 2278 terram
2802 2224 3229 2279 reversurum?
3283 2226 3544 2282 Circum-

177 2314 226 2362 οἱ
300 2307 721 2380 δυσμαχώτατοι
784 2309 1031 2381 ῥήτορεςς
1064 2314 1164 2358 ποῦ
1191 2309 1239 2358 οἰ
1273 2312 1577 2379 στρατηγοὶ,
1614 2306 1662 2359 οἰ
1690 2327 1779 2358 σα-

1945 2310 2055 2364 )ἱοθ
2086 2325 2209 2375 eos,
2254 2310 2357 2382 qui
2379 2315 2517 2366 ante
2543 2314 2600 2365 te
2629 2309 2927 2380 degerunt
2944 2312 3004 2367 in
3029 2312 3324 2369 similibus
3350 2314 3547 2386 splen.

178 2402 397 2471 τράπαι,
434 2400 482 2449 οἱ
513 2400 780 2471 τύραννοι;
811 2397 886 2448 Οὐ
912 2399 1079 2448 πάντα
1099 2400 1271 2463 κόνις;
1306 2396 1365 2447 οὐ
1388 2397 1557 2448 πάντα
1585 2398 1779 2468 μῦθος

1944 2399 2162 2454 aribus.
2191 2398 2297 2454 Ubi
2322 2405 2463 2455 sunt
2491 2400 2595 2471 qui
2620 2400 3013 2470 magistratus
3034 2401 3236 2458 civiles
3260 2419 3496 2473 gessere
3518 2406 3546 2460 ‘I

177 2490 273 2540 0.3x
324 2487 371 2539 ἐν
430 2487 621 2558 ὀλίγοις
649 2486 849 2547 ὀστέοις
889 2489 955 2537 τὰ
979 2490 1289 2558 μνημόσυνα
1328 2486 1532 2551 απῦτῶνς
1592 2484 1779 2556 ’Ἐγκυ-

1944 2487 1995 2542 bi
2029 2487 2204 2559 534
2220 2488 2486 2543 rhetores
2507 2488 3106 2560 illiinexpugnabiles
3122 2493 3151 2548 ?
3176 2493 3546 2550 exercituum

177 2578 278 2647 ψον
308 2584 417 2639 τοῖς
446 2579 647 2647 τάφοις,
698 2576 741 2627 εἰ
803 2572 1003 2647 δυνήσῃ
1059 2572 1347 2649 διακρῖναι,
1397 2580 1473 2634 τίς
1521 2576 1546 2625 ὁ
1578 2575 1779 2635 οἰκέτης

1941 2592 2097 2645 uces,
2153 2581 2429 2648 satrapae,
2483 2577 2766 2648 tyranni?
2805 2581 3024 2635 Annon
3072 2582 3279 2637 omnia
3307 2582 3543 2654 pulvis?

179 2672 271 2718 καὶ
301 2672 380 2727 τίς
418 2668 442 2716 ὁ
485 2662 770 2727 δεσπότης,
798 2669 878 2725 τίς
902 2666 928 2716 ὁ
966 2668 1181 2736 πτωχὸς
1217 2669 1305 2715 καὶ
1343 2668 1421 2724 τίς
1452 2665 1477 2714 ό
1508 2663 1777 2725 πλούσιος.

1944 2680 2094 2719 anon
2127 2664 2332 2720 omnia
2360 2664 2613 2720 fabula?
2665 2680 2871 2721 annon
2927 2668 3201 2739 ipsorum
3248 2673 3546 2730 memoria

177 2758 469 2827 Διάκρινον,
510 2757 553 2805 εἰ
582 2758 661 2814 τίς
694 2773 778 2804 σοι
810 2749 1052 2824 δύναμις,
1130 2756 1214 2804 τὸν
1270 2748 1483 2823 δέσμιον
1526 2750 1627 2803 ἀπὸ
1687 2759 1777 2804 τοῦ

1943 2758 2279 2810 mservatur
2298 2753 2359 2808 in
2390 2754 2598 2825 paucis
2626 2754 2914 2810 ossibus?
2970 2757 3309 2828 Conspicito
3349 2760 3545 2833 sepul-

178 2845 462 2919 βασιλέως,
521 2847 607 2896 τὸν
663 2844 889 2918 ἰσχυρόν
950 2842 1050 2895 ἀπὸ
1094 2850 1187 2895 τοῦ
1245 2841 1513 2903 ἀσθενοῦς,
1558 2846 1642 2894 τόν
1700 2842 1780 2895 εὖ-

1939 2859 2009 2913 ra,
2056 2858 2205 2898 num
2263 2843 2460 2915 possis
2503 2859 2745 2898 servum
2787 2844 2866 2899 ab
2913 2844 3081 2915 hero,
3111 2851 3169 2902 et
3209 2862 3541 2919 pauperem

174 2944 347 3009 πρεπῆ
418 2932 519 2986 ἀπὸ
558 2940 648 2985 τοῦ
701 2928 1005 2992 δυσειδους.
1060 2936 1159 2985 Καὶ
1198 2936 1518 3004 μεμνημένος
1558 2939 1647 2992 τῆς
1688 2935 1776 3003 φύ-

1948 2932 2127 2987 divite
2156 2932 2516 2988 discernere.
2548 2933 2847 3002 Discerne,
2903 2933 2953 2989 si
2983 2950 3107 3006 quo
3134 2935 3316 2991 modo
3346 2941 3540 3008 potes,

177 3044 333 3090 σεως,
366 3022 460 3076 οὐκ
499 3023 771 3096 ἐπαρθὴσςῖ
814 3026 957 3076 ποτέ.

1941 3025 2155 3076 .nctum
2195 3036 2232 3076 a
2259 3035 2420 3090 rege,
2452 3020 2667 3077 fortem
2696 3037 2732 3077 a
2761 3020 2966 3086 debili,
2995 3022 3331 3079 formosum
3362 3040 3401 3081 a
3437 3024 3543 3081 de-

1808 3129 1849 3183 C
1885 3108 2085 3167 formi.
2136 3114 2341 3183 Itaque
2370 3114 2599 3167 naturae
2648 3110 2697 3168 si
2738 3111 3107 3182 memineris,
3137 3128 3459 3187 nunquam
3484 3118 3541 3172 te

1887 3200 2155 3257 extolles.

246 3296 304 3348 4.
344 3296 407 3344 Τί
442 3293 543 3365 γὰρ
585 3289 755 3362 ὄφελος
779 3289 1015 3359 πλουσίῳ
1052 3286 1451 3357 ἀποθνήσκοντι,
1494 3292 1564 3361 μὴ
1608 3285 1778 3340 δυνα-

1957 3292 2011 3345 4.
2055 3291 2129 3362 (6)
2162 3291 2304 3356 Qum
2337 3290 2497 3346 enim
2536 3290 2757 3348 utilitas
2773 3295 2863 3348 est
2889 3292 3052 3349 diviti
3068 3294 3366 3367 morienti,
3399 3311 3540 3354 cum

171 3386 315 3455 μένῳ
375 3380 546 3433 λαϐεῖν
606 3384 693 3431 τόν
733 3379 954 3432 πλοῦτον
990 3381 1084 3429 σὺν
1124 3376 1326 3447 ἑαυτῷ;
1379 3379 1503 3449 ὅσγε
1531 3386 1773 3430 τοσοῦτον

1937 3394 2009 3434 on
2042 3384 2227 3452 queat
2272 3395 2477 3435 secum
2508 3380 2742 3437 auferre
2767 3381 3048 3439 divitias?
3092 3384 3196 3455 qui
3232 3384 3453 3442 scilicet
3474 3386 3539 3442 id

174 3471 283 3523 ἀπὸ
314 3478 410 3531 τῆς
460 3468 792 3530 ἀπολαύσεως
868 3463 1108 3541 ἐκέρδανε
1162 3471 1336 3539 μόνον,
1386 3468 1506 3519 ὅσον
1546 3472 1639 3525 τὴν
1678 3467 1776 3537 ψυ-

1939 3486 1956 3524 :
1997 3486 2208 3525 earum
2254 3470 2634 3541 possessione
2687 3470 2954 3528 lucratus
2997 3472 3070 3529 sit
3127 3472 3346 3545 solum,
3373 3475 3541 3548 quod

175 3565 291 3632 χὴν
343 3559 502 3610 αὐτοῦ
561 3557 609 3610 ἐν
674 3566 735 3630 τῇ
772 3558 879 3629 ζωῇ
920 3559 1085 3627 ταύτῂ
1110 3559 1251 3630 παρά
1279 3563 1379 3607 τῶν
1407 3556 1636 3608 κολάκων
1680 3576 1777 3627 μα-

1941 3559 2076 3614 »εἱυε
2127 3558 2335 3615 anima
2368 3560 2430 3615 in
2467 3559 2581 3615 hac
2637 3559 2762 3615 vita
2812 3560 2890 3616 ab
2916 3561 3333 3619 adulatoribus
3360 3564 3543 3622 beata

173 3650 519 3721 χαρισθῆναι,
590 3648 669 3699 Ἐν
724 3643 783 3699 δὲ
813 3654 884 3717 τῷ
915 3644 1261 3702 ἀποθνόσκειν
1310 3645 1368 3697 οὐ
1421 3644 1643 3716 λήψεται
1680 3652 1775 3697 πᾶ-

1939 3648 2212 3704 raadicata
2254 3649 2345 3705 sit.
2392 3650 2605 3705 Verum
2633 3665 2771 3705 cum
2802 3651 3070 3722 moritur,
3119 3667 3242 3708 non
3272 3656 3541 3710 assumet

176 3758 278 3791 σαν
341 3740 535 3794 ταύτην
594 3741 688 3794 την
749 3734 1057 3810 περιϐολὴν·
1118 3733 1261 3806 μόλις
1317 3731 1520 3807 ἔνδυμα
1554 3734 1777 3805 λήψεται

1939 3753 2130 3793 mnem
2165 3737 2324 3792 hanc
2362 3736 2734 3809 opulentiam
2765 3755 2780 3794 :
2812 3738 2913 3793 vix
2942 3739 3365 3796 indumentum
3386 3740 3541 3798 acci-

173 3827 435 3879 καλύπτον
478 3826 637 3878 αὐτοῦ
701 3827 764 3877 τα
830 3823 1135 3895 ἀσχήμονα,
1183 3828 1273 3875 καὶ
1307 3830 1479 3893 τοῦτο,
1523 3822 1606 3875 ἐὰν
1647 3820 1774 3896 δόξῃ

1936 3828 2025 3891 iet,
2057 3826 2223 3898 quod
2252 3826 2543 3899 pudenda
2578 3828 2707 3897 ejus
2729 3833 3022 3898 tegantur,
3054 3828 3255 3901 idque,
3274 3830 3325 3885 si
3344 3830 3538 3888 visum

172 3925 276 3968 τῶν
344 3916 551 3967 οἰκετῶν
614 3922 722 3975 τοῖς
782 3912 1226 3985 περιστέλλουσιν.
1268 3912 1560 3983 Ἀγαπητὸν
1614 3911 1774 3982 αὐτῷ,

1935 3915 2063 3971 terit
2108 3915 2349 3972 famulis
2388 3916 2590 3988 ipsum
2631 3916 3072 3973 amicientibus.
3113 3920 3266 3975 Bene
3295 3935 3433 3977 cum
3465 3936 3537 3977 eo

168 4014 278 4079 γῆς
319 4004 496 4076 ὀλίγης
539 4004 750 4076 λαχεῖν’
798 4007 887 4055 καὶ
948 4005 1143 4063 ταύτης
1193 3998 1264 4053 δι’
1297 3998 1467 4054 οἶκτον
1495 3999 1770 4074 διδομένης

1936 4010 2088 4061 ctum
2115 4005 2309 4073 fuerit,
2342 4006 2394 4060 si
2424 4006 2700 4077 exiguam
2744 4011 2965 4063 terram
3017 4008 3327 4077 sortiatur;
3377 4025 3538 4067 eam-

172 4095 324 4165 αὐτῷ
364 4097 505 4166 παρὰ
548 4101 648 4145 τῶν
686 4090 1035 4160 κηδευόντων,
1096 4093 1281 4153 οἵτινες
1340 4090 1480 4161 αὐτῷ
1520 4096 1774 4165 παρέχον-

1938 4110 2007 4150 ue
2033 4094 2152 4166 ipsi
2173 4110 2209 4150 a
2233 4094 2461 4151 funeris
2482 4094 2861 4151 curatoribus
2888 4096 3096 4153 datam
3121 4097 3202 4154 ob
3223 4100 3540 4156 commise-

172 4202 266 4236 ται
340 4191 527 4249 ταῦτα,
560 4178 708 4233 αἰδοῖ
744 4190 840 4242 τῆς
877 4189 1056 4242 κοινῆς
1079 4186 1169 4233 καὶ
1199 4179 1521 4254 ἀνθρωπίνης
1560 4184 1774 4253 φύσεως,

1934 4184 2206 4252 itionem,
2254 4186 2359 4257 qui
2418 4184 2470 4241 ei
2516 4184 2720 4241 isthch
2744 4190 3053 4258 praestant,
3084 4186 3163 4243 ob
3193 4189 3536 4245 communis

172 4274 273 4325 οὐκ
328 4272 466 4342 αὐτῷ
533 4272 899 4344 χαριζόμενοι,
942 4270 1070 4321 ἀλλά
1134 4278 1380 4342 τιμῶντες
1431 4275 1526 4328 τὴν
1578 4268 1774 4342 ἀνθρω-

1939 4289 2172 4329 umanas
2204 4279 2433 4330 natura:
2462 4276 2882 4343 reverentiam,
2913 4292 3036 4331 non
3063 4276 3114 4331 ei
3143 4276 3271 4332 haec
3284 4276 3541 4347 largien-

170 4367 404 4419 πότητα.
454 4361 615 4412 Ὥστε
669 4356 821 4412 οὐδεν
886 4367 986 4410 τῶν
1038 4358 1087 4410 ἐν
1141 4367 1212 4429 τῷ
1288 4358 1390 4430 βίῳ
1429 4368 1673 4434 τερπνῶν,
1708 4357 1772 4431 ἐφ’

1937 4379 2000 4430 :s,
2043 4361 2152 4418 sed
2192 4362 2529 4418 humanam
2576 4367 2858 4419 naturam
2903 4364 3132 4419 honore
3189 4362 3539 4420 afﬁcientes.

172 4454 248 4503 ὧν
297 4454 349 4504 οἰ
410 4451 617 4513 πλείους
682 4455 993 4523 μεμήνασιν,
1040 4451 1285 4523 ἡμέτερον
1349 4452 1498 4508 όντως
1545 4448 1707 4515 ἐστὶν,
1748 4450 1774 4507 ἡ

1937 4452 1972 4521 l)
1993 4453 2198 4524 Itaque
2218 4451 2367 4507 nihil
2385 4468 2595 4507 eorum
2621 4468 2758 4524 quas
2783 4453 2845 4507 in
2874 4452 2992 4507 vita
3008 4450 3282 4522 jucunda
3300 4456 3457 4519 sunt,
3481 4456 3539 4509 et

170 4542 424 4613 γενέσθαι
473 4544 722 4613 πέφυκεν
790 4538 898 4590 ἀλλ’
973 4540 1163 4609 ὁμοίως
1248 4536 1485 4589 ἁπάντων
1543 4536 1772 4611 ἀλλότρια

1939 4556 2151 4595 uorum
2184 4541 2375 4611 gratia
2400 4540 2670 4613 plerique
2715 4540 3047 4608 insaniunt,
3100 4554 3235 4595 vere
3264 4543 3541 4596 nostrum

170 4638 437 4706 φαίνεται,
486 4640 584 4682 τῶν
649 4650 704 4682 τε
780 4628 1054 4682 ἀπολαύειν
1119 4625 1430 4693 δοκούντων,
1474 4636 1573 4679 τῶν
1619 4648 1671 4680 τε
1723 4629 1772 4680 οιξ

1939 4635 1999 4695 5t,
2032 4634 2135 4684 aut
2167 4646 2240 4685 ex
2280 4646 2342 4685 se
2371 4645 2505 4685 esse
2544 4634 2748 4701 posset
2780 4646 2794 4685 :
2822 4629 2929 4685 sed
2959 4629 3093 4700 ipsa
3128 4628 3413 4685 omnibus
3431 4644 3541 4703 pa-

165 4719 647 4795 προσπελαζόντων
701 4719 897 4780 αὐτοῖς,
957 4718 1032 4769 Οὐ
1079 4719 1181 4792 γὰρ
1228 4718 1269 4769 εἰ
1324 4721 1527 4790 χρυσόν
1567 4736 1696 4777 τινες
1734 4716 1767 4768 ἐι

1942 4723 2030 4773 ter
2060 4721 2364 4783 extranea,
2398 4723 2523 4774 tum
2572 4718 2646 4773 iis
2698 4719 2801 4790 qui
2827 4718 2913 4774 eis
2949 4717 3063 4774 frui
3092 4717 3391 4787 videntur,
3413 4723 3542 4776 tum

168 4819 251 4881 τῷ
304 4808 410 4881 βίῳ
452 4812 790 4881 συναγάγοιεν
843 4807 1074 4871 ἄπλετον,
1134 4804 1268 4867 ῖδιος
1312 4806 1479 4858 αὐτῶν
1527 4811 1663 4877 μένει
1703 4802 1770 4858 δι·

1940 4824 1961 4861 s
1981 4807 2085 4879 qui
2110 4823 2184 4862 ne
2208 4806 2309 4862 illa
2337 4806 2585 4878 quidem
2617 4808 2934 4876 attingunt.
2966 4810 3083 4864 Nec
3107 4808 3267 4864 enim
3298 4807 3461 4881 siqui
3480 4808 3542 4864 in

166 4907 405 4959 ηνεκῶς·
485 4897 593 4949 ἀλλ’
644 4899 672 4956 1';
708 4898 907 4959 ζῶντας
944 4900 1019 4948 ἔτι
1070 4896 1399 4967 πανταχόθεν
1440 4894 1593 4946 αὐτόν
1642 4914 1768 4968 περι⁴

1939 4896 2013 4953 ita
2036 4895 2366 4969 plurimum
2404 4896 2532 4952 auri
2555 4897 2985 4969 congesserint,
3010 4897 3071 4953 id
3102 4898 3374 4971 ipsorum
3404 4914 3541 4971 pro-

171 4993 500 5062 σφίγγοντας
560 4983 971 5060 ἀποδιδράσκει,
1038 4988 1163 5057 πρὸς
1218 4987 1335 5044 τοὺς
1394 4980 1773 5059 δυνατωτέρους

1942 4987 2090 5042 rium
2114 4989 2405 5061 perpetuo
2436 4988 2666 5055 manet;
2701 4985 2809 5043 sed
2840 4990 2946 5044 aut
2973 4986 3174 5045 adhuc
3200 4987 3544 5045 viventibus

253 5285 334 5355 (l)
376 5284 655 5355 Προσάγω.
703 5282 795 5339 Sic
835 5279 1015 5337 etiam
1058 5279 1218 5337 idem
1249 5279 1440 5336 codex
1470 5295 1609 5336 cum
1641 5295 1778 5336 con-
1961 5282 2036 5355 (4)
2078 5283 2159 5335 Ex
2186 5280 2349 5355 hom.
2381 5281 2443 5355 in
2470 5281 2627 5355 psat.
2659 5296 2771 5355 xiv,
2799 5283 2923 5355 352.

174 5338 367 5412 ιειξιίι.
402 5338 549 5427 Editi
566 5338 843 5427 ’προάγων
1182 5426 1205 5427 ί
1306 5423 1317 5427 _
1515 5421 1531 5427 _

1961 5338 2036 5423 (es;
2078 5355 2158 5427 Ex
2186 5352 2350 5427 hom.
2380 5352 2440 5427 in
2466 5338 2633 5427 illud,
2662 5338 3048 5427 Αιέεηιιείιίῡί
3078 5349 3211 5420 ipsi,
3236 5353 3325 5403 ιι.

256 5426 336 5497 (2)
376 5434 485 5478 Τῶν
512 5421 746 5477 ἐνταῦθα.
784 5426 882 5479 Hic
908 5438 1148 5497 quoque
1170 5423 1395 5497 Regius
1421 5421 1612 5497 codex
1644 5438 1783 5477 con-

1421 5421 1612 5497 codex
1644 5438 1783 5477 con-
1964 5421 2039 5495 (6’)
2082 5426 2164 5478 Ex
2189 5424 2354 5497 hom.
2384 5426 2445 5479 in
2474 5425 2629 5497 psal.
2659 5440 2844 5497 XLvrn,
2881 5424 3000 5497 187.

173 5492 368 5554 sentit
397 5514 534 5552 cum
558 5500 856 5551 contextu.
899 5492 1392 5567 Editi'habebant
1412 5504 1511 5555 τῆς
1539 5492 1778 5567 ἐνταῦθα.
1964 5492 2044 5562 (7)
2084 5497 2165 5549 Ex
2194 5495 2358 5552 hom.
2392 5492 2560 5567 Quod
2608 5494 2927 5552 mundanis
2965 5492 3395 5551 adhaerendum
3426 5508 3546 5550 non

254 5571 338 5637 (3)
376 5574 523 5639 Μέγα
550 5575 770 5640 φρονεῖς.
831 5567 922 5640 Sic
949 5565 1163 5640 Basilii
1206 5570 1537 5622 contextus.
1583 5565 1783 5623 Codex

550 5575 770 5640 φρονεῖς.
831 5565 1163 5640 Sic_Basilii
1206 5570 1537 5622 contextus.
1583 5565 1783 5623 Codex
1893 5568 2134 5636 sit,l65.

174 5641 408 5712 Regius
436 5636 788 5715 μεγαῲρονείς.
814 5637 962 5695 Editi
990 5636 1404 5711 μεγαλόφρονας.
