4056 6222
628 285 762 340 1263

1566 283 1931 341 ΑΡΡΕΝΟΙΧ.
1972 314 2039 324 -
2080 281 2424 339 SYMEONIS
2464 282 2985 343 METAPHRASTA‘I

3806 300 3919 356 1264

624 425 694 465 ac
714 409 859 465 illud
889 407 1158 481 undique
1193 410 1747 480 constringentibus
1791 409 2048 466 elabitur
2072 407 2151 463 ad
2176 424 2250 481 po

2386 407 2704 482 μεταρρυεὶς,
2764 412 2793 469 ἦ
2844 415 2968 484 πρὸς
3038 422 3110 485 τῷ
3184 415 3380 486 θανάτῳ
3434 422 3773 489 γεγενημένους
3830 420 3913 481 ἤδη

623 499 902 555 tentiores
914 498 1194 563 afﬂuens,
1214 499 1451 569 autjam
1470 504 1724 555 mortem
1746 498 2278 571 oppetentesdese-

621 588 712 659 rit,
738 603 848 643 nec
879 587 1006 643 vult
1028 603 1150 643 una
1170 602 1307 643 eum
1338 587 1412 643 iis
1458 589 1560 661 qui
1602 590 1800 661 ipsum
1824 592 2274 661 compararunt,

620 692 868 749 peregre
896 676 1213 748 proﬁcisci.
1242 676 1355 733 Sed
1390 677 1447 732 hi
1469 678 1713 750 quidem
1746 677 1825 733 ab
1846 693 1937 744 eo,
1961 677 2065 749 qui
2083 676 2277 733 viani-

618 782 751 823 mas
783 782 820 822 a
851 768 1078 824 misera
1103 766 1218 821 hac
1241 781 1419 823 carne
1439 770 1700 838 separat,
1721 766 1798 822 ad
1832 764 2277 821 ineluctabilem

616 855 1039 925 migrationem
1073 855 1263 912 tracti.
1296 854 1635 927 frequenter
1665 860 2076 911 couvertentes
2104 871 2167 910 se
2197 854 2277 911 ad

614 946 928 1017 pecunias,
948 943 1199 999 sudores
1219 960 1375 1017 quos
1397 960 1430 999 a
1454 944 1767 1014 juventute
1784 944 1863 1000 ob
1880 960 1979 999 eas
2001 944 2273 1013 emisere,

612 1033 968 1107 deplorant;
1020 1031 1237 1088 divitias
1263 1048 1406 1088 vero
1435 1033 1494 1088 in
1527 1032 1753 1088 alienas
1785 1048 2003 1089 manus
2028 1034 2275 1089 commi-

613 1128 807 1192 grant,
849 1127 1251 1194 posteaquam
1279 1122 1472 1177 solum
1519 1122 1634 1178 illis
1657 1121 1969 1191 colligendi
2002 1121 2273 1179 laborem

610 1216 791 1284 atque
845 1211 1108 1267 avaritias
1153 1210 1378 1265 crimen
1412 1210 1749 1266 asciverint.
1800 1213 2002 1283 Neque
2052 1211 2098 1265 si
2136 1210 2272 1283 quis

608 1300 928 1356 innumera
977 1305 1144 1354 tel'l‘tE
1180 1298 1397 1369 jugera
1428 1299 1759 1370 possideat,
1811 1305 1868 1355 et
1915 1299 2271 1368 magniﬁcas

605 1389 785 1453 aedes,
818 1393 876 1444 ct
919 1387 1322 1444 animantium
1356 1402 1568 1459 greges
1615 1388 1815 1443 omnis
1861 1389 2114 1458 generis,
2146 1390 2266 1445 fue-

603 1477 795 1549 ritque
814 1477 1087 1532 humano
1104 1475 1267 1531 omni
1283 1481 1599 1548 potentatu
1617 1481 1842 1550 septus,
1860 1477 1947 1532 his
1981 1482 2269 1551 perpetuo

602 1565 817 1621 fruitur
849 1582 862 1621 :
899 1564 1001 1620 sed
1027 1580 1238 1620 eorum
1260 1563 1547 1621 dominus
1569 1564 1738 1620 brevi
1765 1564 1960 1620 dictus
1976 1569 2265 1637 tempore,

602 1656 732 1713 aliis
758 1671 970 1711 rursus
995 1670 1145 1726 opes
1193 1653 1370 1719 cedit,
1423 1654 1623 1726 ipsum
1659 1670 1798 1710 vero
1847 1656 2066 1723 exigua
2095 1653 2266 1710 tellus

2385 496 2784 568 καταλιμπάνει,
2826 505 2915 552 καὶ
2976 501 3067 553 οὐκ
3144 501 3300 555 ἐθέλει
3330 510 3434 565 τοῖς
3479 513 3798 578 κτησαμένοις
3825 530 3917 562 crn-

2386 581 2655 658 εκὸημείν.
2714 587 2849 641 Ἀλλ’
2904 591 2951 641 οἱ
2995 592 3085 662 μὶν
3139 592 3239 643 ὑπό
3279 600 3368 643 τοῦ
3397 596 3523 665 1:96;
3561 592 3678 665 βίαν
3703 601 3912 670 χωρίζον-

2385 692 2467 734 τος
2504 678 2597 737 τὰς
2641 674 2823 747 ψυχὰς
2862 687 2955 740 τῆς
3009 678 3337 752 ταλαιπώρω
3375 684 3565 744 ταύτης
3604 690 3778 757 σαρκός
3804 687 3911 740 1710'-

2384 781 2527 835 μενοι
2583 768 2709 836 πρός
2745 770 2838 825 τὴν
2884 765 3170 839 ἀναγκαίαν
3224 765 3368 839 ὀδόν,
3405 775 3568 823 πυκνά
3623 784 3912 849 μεταστρερός

2382 870 2527 922 μενοι
2564 856 2697 927 πρὸς
2734 856 2799 905 τά
2862 860 3140 929 χρήματα,
3174 860 3291 917 τοὺς
3351 856 3404 909 ἐκ
3459 863 3685 922 νεότητος
3732 861 3797 913 ἐπ’
3844 866 3909 916 αὖ·

2382 948 2487 1001 τοῖς
2538 938 2760 1014 ἱδρῶτας
2818 940 3245 1017 ἀποδακρύουσιν
3270 967 3282 980 ο
3339 948 3364 999 ό
3428 947 3639 1012 πλοῦτος
3674 946 3726 1003 δε
3754 952 3811 1014 εἰς
3836 954 3909 1007 ἑτέ·

2381 1049 2483 1102 ρων
2546 1038 2734 1104 χεῖρας
2800 1034 2915 1105 όρᾲ,
2948 1038 3099 1107 μόνον
3157 1034 3366 1098 ἐκείνοις
3414 1040 3498 1088 τόν
3525 1038 3604 1091 ἐπὶ
3642 1047 3695 1111 τῇ
3730 1041 3905 1112 συλλογῇ

2380 1120 2586 1191 μόχθον
2629 1125 2720 1172 καὶ
2768 1125 2827 1173 τὸ
2882 1130 2979 1185 τῆς
3025 1122 3313 1186 πλεονεξίας
3363 1125 3592 1198 ἔγκλημα
3639 1131 3892 1203 προστριψα

2379 1227 2546 1280 μενος.
2611 1213 2742 1262 Οὔτε
2772 1210 2816 1263 εἰ
2852 1209 2935 1264 ἐπὶ
2964 1219 3063 1283 γῆς
3101 1212 3298 1288 πλέθρα
3362 1220 3606 1273 κτησαιτό
3644 1236 3716 1279 τις
3762 1226 3905 1291 μυρία,

2378 1302 2467 1350 καὶ
2523 1297 2929 1373 μεγαλοπρεπεῖς
2993 1301 3182 1368 οἰκίας,
3240 1307 3331 1354 καὶ
3388 1304 3529 1364 ζώων
3598 1304 3905 1377 6717.2;qu-

2377 1383 2640 1459 τοδαπὼν,
2681 1394 2767 1441 xci.
2822 1394 2916 1448 τὴν
2970 1389 3018 1442 ἕν
3069 1390 3360 1465 ἀνθρώποις
3383 1393 3587 1445 οἷπασαν
3608 1395 3904 1469 περιϐάλλοιτο

2379 1472 2710 1541 δυναστείαν,
2749 1476 3000 1531 ἀπολαύοι
3055 1476 3127 1532 δι’
3176 1481 3364 1543 αἰῶνος
3416 1482 3613 1534 αὐτῶν·
3668 1482 3734 1535 ἐπ’
3773 1485 3902 1557 671701

2377 1562 2434 1618 δε
2482 1570 2660 1640 κύριος
2713 1571 2905 1620 τούτων
3093 1570 3423 1643 ὀνομασθείς,
3474 1573 3641 1635 οὒ.λοις
3666 1574 3795 1626 παλιν
3837 1582 3901 1635 τῆς

2375 1655 2617 1729 εὐπορίας
2663 1655 2998 1725 ἕκστὴσεται,
3056 1656 3319 1733 βραχεῖαν
3374 1668 3474 1732 γῆν
3530 1661 3676 1723 αὐτὸς
3727 1659 3897 1725 ὑποδύς.

599 1744 890 1802 recondit.
922 1747 1047 1799 lmo
1068 1743 1249 1798 etiam
1269 1758 1429 1814 saepe
1456 1748 1593 1798 ante
1618 1742 2082 1815 sepulturam,et
2102 1748 2239 1799 ante

2376 1743 2625 1808 Πολλάκις
2674 1742 2733 1798 δε
2780 1752 2871 1799 xui.
2902 1750 3002 1822 πρό
3042 1755 3132 1800 τοῦ
3188 1750 3375 1821 τάφου,
3431 1754 3519 1802 καὶ
3555 1754 3649 1826 πρὸ
3676 1760 3757 1813 τῆς
3781 1752 3902 1805 ἐντεᾱ·

596 1850 783 1907 quam
837 1833 978 1889 hinc
1036 1831 1329 1899 discedat,
1378 1830 1606 1888 videbit
1632 1847 1742 1887 sua
1771 1831 1934 1888 bona
1981 1831 2059 1888 ad
2090 1831 2260 1901 alios,

595 1940 821 1997 eosque
854 1923 1108 1979 fortasse
1141 1922 1440 1986 inimicos,
1472 1922 1752 1979 transire.
1798 1927 1888 1978 An
1909 1921 2262 1991 ignoramus

593 2030 780 2087 quam
813 2012 984 2068 multi
1009 2012 1162 2082 agri,
1193 2027 1381 2084 quam
1417 2011 1620 2067 multae
1639 2011 1823 2080 aedes,
1845 2027 2035 2084 quam
2058 2010 2259 2067 multa:

592 2108 800 2175 gentes
823 2117 893 2158 ac
916 2101 1206 2169 civitates,
1235 2102 1417 2156 etiam
1460 2100 1661 2156 adhuc
1691 2100 2032 2156 viventibus
2060 2101 2163 2173 qui
2187 2116 2261 2157 ea

591 2190 1276 2266 possederunt,aliorum
1291 2188 1678 2245 dominorum
1695 2190 1944 2245 nomina
1957 2189 2258 2262 prioribus

589 2281 781 2337 exutis
804 2278 1156 2335 induerint?
1177 2282 1235 2334 et
1254 2278 1776 2349 quemadmodum
1794 2278 1833 2333 ii
1853 2279 1955 2351 qui
1978 2278 2119 2335 olim
2139 2295 2255 2335 ser-

586 2369 753 2426 vituti
767 2367 1697 2435 addicebantur,conscenderint
1712 2368 2084 2440 principatus
2098 2368 2254 2424 thro-

584 2474 731 2514 num
760 2477 773 2514 :
807 2458 913 2530 qui
932 2472 1075 2513 vero
1096 2456 1327 2512 domini
1348 2455 1597 2528 herique
1618 2456 2012 2522 vocabantur,
2040 2456 2089 2512 si
2112 2472 2253 2513 cum

588 2547 847 2604 subditis
872 2547 1165 2617 sederent,
1192 2545 1344 2602 bene
1373 2561 1577 2602 secum
1605 2552 1807 2602 aetum
1827 2546 2095 2603 arbitrati
2114 2547 2250 2615 sint,

586 2654 656 2694 ac
675 2637 1107 2694 succubuerint
1129 2636 1254 2692 suis
1279 2635 1548 2708 ipsorum
1566 2636 1770 2703 servis,
1784 2636 1987 2703 rebus,
2008 2635 2170 2692 velut
2192 2638 2251 2693 in

584 2734 950 2786 tesserarum
974 2727 1365 2793 circumactu,
1384 2726 1704 2797 derepente
1723 2726 2137 2782 transmutatis
2155 2725 2183 2781 ?

656 2823 710 2874 5.
752 2818 826 2888 (l)
856 2815 1357 2887 Quandocunque
1380 2813 1632 2870 herbam
1658 2814 1778 2871 feni
1798 2819 1855 2871 et
1870 2814 2079 2871 ﬂorem
2107 2831 2250 2873 con-

583 2907 1083 2982 spexeris,veniat
1101 2906 1201 2961 tibi
1216 2905 1276 2961 in
1292 2910 1552 2960 mentem
1567 2904 1838 2961 humana
1850 2905 2252 2975 natura,hanc

583 2998 871 3072 sapientis
905 2996 1069 3052 Isaiae
1100 2995 1430 3065 imaginem
1461 2994 1803 3050 recordanti
1836 3012 1848 3050 :
1885 2996 2086 3051 Omnis
2108 3012 2251 3052 caro

2375 1835 2455 1886 θεν
2536 1832 2966 1904 ἀπαναστάσεως,
3059 1837 3128 1899 εἰς
3232 1838 3458 1912 ἑτέρους,
3527 1845 3612 1892 καὶ
3682 1840 3897 1912 πολεμίους

2370 1926 2557 1995 τυχὸν,
2633 1929 2727 1982 τὴν
2799 1924 3083 1998 εὐπραγίαν
3157 1926 3342 1997 ὄψεται
3416 1928 3808 2001 μεταϐαίνουσαν.
3850 1930 3894 1981 ἸΙ

2370 2012 2461 2064 ουκ
2504 2016 2674 2085 ἴσμεν,
2720 2015 2907 2065 ὀπόσοι
2963 2018 3054 2086 μεν
3108 2013 3292 2089 ἀγροὶ,
3326 2022 3490 2070 πόσαι
3525 2014 3580 2070 δὲ
3607 2018 3766 2087 οἰκίαι,
3791 2024 3894 2070 πόσα

2370 2097 2430 2153 di
2485 2104 2601 2161 ἔθνη
2656 2107 2747 2154 καὶ
2801 2102 2992 2167 πόλεις,
3040 2109 3127 2156 καὶ
3167 2105 3376 2166 ζώντων
3403 2110 3480 2179 (3)
3508 2110 3577 2160 ἔτι
3620 2116 3708 2159 τῶν
3749 2127 3894 2164 κτησα-

2366 2194 2548 2261 μένων,
2608 2190 2790 2265 έτίρων
2870 2191 3098 2264 ὀνόματα
3152 2198 3581 2267 μετημφιάσαντο
3644 2192 3884 2259 demersis;

2364 2284 2452 2331 καὶ
2499 2281 2563 2340 ὡς
2619 2281 2668 2332 οἱ
2722 2283 2812 2353 μεν
2866 2280 3030 2333 παλαι
3071 2278 3523 2354 ὃουλεύοντες,έπὶ
3548 2288 3628 2337 τὸν
3656 2283 3888 2358 τῆςὰρχῆς

2366 2370 2541 2441 θρόνον
2573 2367 2863 2427 ἀνέϐησαν·
2908 2373 2956 2422 οἱ
3014 2367 3071 2423 δε
3109 2374 3285 2445 κύριοι
3340 2379 3429 2426 καὶ
3480 2370 3715 2427 δεσπόται
3750 2374 3886 2425 καλού-

2362 2478 2525 2531 μενοι,
2579 2468 2763 2517 στῆναι
2806 2463 2939 2533 μετά
3000 2470 3099 2513 τὼν
3144 2460 3454 2535 ἀρχομένων
3511 2465 3780 2536 ἠγάπησαν,
3823 2467 3885 2515 καὶ

2360 2556 2467 2609 τοῖς
2530 2549 2722 2601 ἑαυτῶν
2803 2546 3007 2612 δούλοις
3073 2552 3371 2623 ὑπέκυψαν,
3439 2556 3604 2629 ὥσπερ
3665 2554 3708 2606 ἐν
3762 2552 3883 2604 κύϐων

2360 2645 2714 2713 περιτροπαῖς,
2791 2640 3157 2711 μεταχθέντων
3260 2644 3408 2715 οἶφνω
3478 2652 3573 2695 τῶν
3638 2644 3880 2717 agitis/aura:

2360 2726 2538 2790 αὐτοῖς
2556 2744 2569 2795 ;

2432 2819 2506 2889 (5)
2540 2817 2698 2871 Ὀταν
2742 2816 2865 2892 ἶδης
2929 2818 3155 2892 βοτάνην
3186 2826 3393 2895 χόρτου
3452 2828 3536 2876 καὶ
3574 2825 3727 2891 ἄνθος,
3746 2821 3801 2882 εἰς
3832 2825 3879 2873 ἕνα

2358 2926 2499 2959 νοιαν
2576 2910 2736 2983 ἔρχου
2800 2918 2893 2971 τῆς
2950 2907 3277 2984 ἀνθρωπίνης
3346 2916 3560 2985 φύσεως,
3634 2916 3879 2984 μεμνημένος

2358 3004 2449 3057 τῆς
2506 2996 2697 3060 εἰκόνος
2739 3006 2829 3050 του
2900 3006 3061 3071 σοφοῦ
3091 2999 3338 3068 Ἠσαίου,
3371 3004 3451 3053 ὅτι
3516 3008 3658 3054 Πᾶσα
3701 3000 3806 3071 σὰρξ
3832 3001 3877 3057 ὡς

581 3088 949 3158 utfenum,et
963 3088 1155 3141 omnis
1168 3085 1368 3155 gloria
1388 3084 1497 3156 53
1511 3084 1560 3156 5
1580 3085 1835 3140 hominis
1850 3086 2246 3156 uillas/em“.

2367 3090 2571 3161 χόρτος,
2633 3092 2722 3139 xui
2766 3093 2913 3140 πᾶσα
2958 3086 3090 3152 δόξα
3151 3087 3431 3164 ἀνθρώπου
3496 3093 3557 3152 ὡς
3612 3093 3744 3151 οἶνθος
3786 3094 3877 3161 χόρ-

582 3176 733 3233 Nam
757 3176 890 3230 vitae
920 3173 1210 3239 brevitas,
1246 3177 1303 3227 et
1331 3171 1747 3244 prosperitatis
1778 3172 2065 3229 humanie
2094 3173 2247 3231 laeti-

581 3267 683 3334 tia,
704 3264 1098 3335 hilaritasquc
1111 3261 1278 3318 haud
1300 3260 1407 3318 diu
1425 3260 1716 3318 duratura
1741 3262 2247 3320 accommodatis-

582 3356 799 3411 simam
833 3352 997 3424 apud
1025 3352 1385 3425 prophetam
1409 3352 1619 3408 sortita
1645 3356 1733 3408 est
1766 3351 2243 3411 similitudinem.

582 3443 766 3500 Hodie
796 3442 900 3515 qui
938 3442 1113 3498 tloret
1156 3456 1429 3513 corpore,
1474 3441 1580 3514 qui
1628 3457 1751 3514 prae
1774 3442 2001 3498 deliciis
2032 3458 2243 3500 carno-

581 3548 685 3589 sus
705 3538 812 3603 est,
832 3532 935 3605 qui
958 3531 1219 3588 colorem
1250 3546 1369 3603 prae
1386 3531 1575 3587 aetatis
1598 3531 1745 3588 ﬂore
1768 3531 2241 3590 efﬂorescentem

579 3639 699 3696 prae
720 3638 781 3678 se
811 3621 945 3689 fert,
978 3620 1083 3694 qui
1113 3621 1274 3690 viget
1305 3624 1362 3675 et
1406 3635 1544 3677 acer
1578 3624 1682 3691 est,
1731 3624 1790 3676 et
1832 3620 2007 3692 cujus
2036 3622 2243 3695 nequit

579 3712 857 3769 sustineri
893 3712 1176 3784 impetus,
1230 3710 1327 3767 hic
1381 3709 1542 3767 idem
1587 3725 1719 3766 cras
1745 3711 2105 3767 miserabilis
2128 3716 2238 3781 est,

578 3809 683 3861 aut
702 3808 970 3875 tempore
990 3801 1318 3870 marcidus,
1333 3805 1437 3856 aut
1458 3800 1673 3857 morbo
1692 3800 2038 3856 dissolutus.
2075 3802 2240 3867 Quis-

576 3893 743 3964 piam
764 3891 1110 3947 divitiarum
1142 3890 1321 3963 copia
1356 3889 1653 3957 inclaruit,
1685 3889 2007 3963 ipsumque
2036 3890 2243 3949 adula-

580 3986 777 4036 torum
811 3980 1158 4035 circumstat
1192 3978 1514 4034 multitudo
1540 3996 1553 4034 :
1580 3978 1754 4036 adest
1784 3978 2064 4036 ﬁctorum
2092 3981 2237 4037 ami-

578 4084 812 4133 corum,
840 4066 1097 4135 gratiam
1150 4066 1307 4122 illius
1344 4067 1714 4135 venantium,
1740 4068 2099 4125 comitatus:
2131 4069 2240 4126 fre-

578 4160 831 4229 quentes
863 4161 1002 4210 sunt
1032 4154 1492 4225 consanguinei,
1529 4156 1689 4228 iique
1722 4157 2121 4215 simulationis
2152 4176 2242 4216 ar-

576 4245 761 4301 tiﬁcio
786 4242 999 4300 eruditi
1034 4262 1047 4299 :
1083 4243 1255 4299 adest
1274 4258 1494 4313 agmen
1518 4245 1875 4316 sequacium
1897 4246 2240 4305 innumero-

574 4335 853 4408 rum,qui
869 4334 1084 4407 partim
1104 4332 1362 4406 parandi
1392 4331 1505 4388 sibi
1537 4334 1746 4404 gratia,
1764 4334 1977 4406 partim
1994 4336 2074 4392 ob
2086 4336 2237 4395 alias

576 4425 960 4482 necessitates
991 4424 1104 4496 ipsi
1133 4428 1535 4495 astantzquos
1562 4422 1707 4478 dum
1742 4428 1799 4479 et
1822 4423 2237 4491 abiens,etite-
2268 4463 2315 4520 Β

575 4532 711 4571 rum
730 4515 991 4579 rediens,
1012 4529 1215 4569 secum
1242 4513 1439 4582 trahit,
1454 4514 1513 4568 in
1548 4530 1609 4569 se
1626 4514 2064 4571 occurrentium
2092 4531 2235 4573 con-

578 4606 717 4661 citat
744 4604 1053 4660 invidiam.
1084 4603 1250 4659 Adde
1278 4603 1501 4659 divitiis
1520 4604 1699 4659 etiam
1722 4603 1954 4660 civilem
1970 4605 2235 4680 aliquam

575 4698 954 4766 potestatem,
995 4698 1099 4748 aut
1141 4692 1321 4748 etiam
1361 4692 1577 4749 dilatos
1604 4709 1641 4749 a
1680 4692 1922 4765 regibus
1951 4694 2232 4769 honores,

575 4786 681 4839 aut
709 4782 974 4851 gentium
1005 4781 1527 4853 gubernationem,
1541 4788 1645 4839 aut
1664 4783 2034 4840 exercituum
2050 4784 2236 4857 impe-

573 4871 754 4937 rium,
783 4886 1127 4943 praeconem
1160 4887 1384 4944 magna
1405 4887 1549 4929 voce
1580 4877 1717 4929 ante
1742 4872 1946 4945 ipsum
1971 4872 2234 4931 claman-

574 4959 969 5029 tem,lictores
992 4959 1132 5016 hinc
1157 4966 1214 5016 et
1249 4960 1390 5017 inde
1431 4960 1688 5017 subditis
1718 4961 1993 5018 timorem
2015 4965 2235 5032 gravis-

576 5050 799 5107 simum
820 5048 1165 5121 inferentes,
1180 5049 1417 5122 plagas,
1442 5049 1884 5122 publicationcs
1903 5050 2230 5124 bonorum,

644 5259 693 5293 το
733 5260 848 5315 lsa.
879 5272 966 5325 XL,
1000 5258 1059 5312 6.

646 5460 724 5601 (1;
772 5464 854 5517 Ex
881 5461 1047 5518 hom.
1078 5461 1197 5517 vin
1226 5461 1541 5530 Hexam.,
1570 5463 1657 5515 41.

646 5532 699 5600 (2
766 5534 953 5601 Κύριος
982 5534 1195 5587 τούτων.
1248 5532 1341 5589 Sic
1387 5530 1577 5589 codex
1606 5532 1657 5587 Ri

578 5598 589 5610 ο
645 5530 723 5601 (2)
766 5534 953 5605 Κύριος
982 5534 1195 5610 tostus.
1248 5532 1342 5610 sic
1387 5530 1577 5610 codex
1606 5531 1842 5610 Regius,
1886 5532 2227 5610 multoma-

576 5602 694 5667 ius,
711 5602 896 5673 quam
917 5602 1087 5678 quod
1113 5603 1177 5661 in
1202 5602 1379 5662 editis
1401 5617 1476 5662 ac
1503 5602 1639 5678 ipso
1666 5607 1950 5663 contextu
1982 5603 2217 5677 legitur,

2356 3194 2466 3228 τον·
2523 3179 2591 3229 Τὸ
2639 3178 2741 3251 γάρ
2786 3175 3146 3253 ὀλιγοχρόνιον
3176 3187 3268 3240 τῆς
3316 3181 3421 3241 ζωῆ
3434 3202 3475 3250 ς,
3506 3185 3589 3232 καὶ
3615 3184 3666 3232 τό
3694 3178 3734 3230 ἓν
3764 3177 3876 3246 ὢιίγῳ

2354 3268 2637 3339 περιχαρὲς
2710 3269 2800 3317 καὶ
2870 3266 3045 3340 ἱλαρὸν
3111 3275 3205 3329 τῆς
3281 3267 3599 3343 ἀνθρωπίνης
3646 3268 3873 3339 εὐημερίας,

2354 3358 2679 3427 κυριωτάτης
2718 3357 2861 3429 παρά
2890 3364 2962 3425 τῷ
2987 3361 3225 3429 προφήτῃ
3294 3361 3552 3430 τετύχηκε
3601 3366 3684 3419 τῆς
3714 3356 3870 3412 εἰκόνος.

2352 3442 2410 3494 .0
2457 3449 2681 3518 σήμερον
2739 3444 2961 3506 εὐθαλὴς
3015 3446 3089 3516 τῷ
3135 3452 3367 3518 σωματι,
3431 3446 3871 3520 κατασεσαρκωμεης

2353 3533 2453 3584 ὑπὸ
2517 3541 2738 3605 τρυφῆς,
2774 3532 3098 3587 ἐπανθοῦσαν
3143 3537 3284 3607 ἔχων
3323 3540 3417 3595 τὴν
3444 3540 3673 3609 εὔχροιαν
3705 3535 3785 3586 ὑπό
3805 3538 3868 3587 τῆς

2351 3623 2487 3673 κατά
2537 3627 2631 3679 την
2698 3621 2901 3680 ἠλικίαν
2977 3622 3170 3696 ἀκμῆς,
3240 3634 3475 3700 σφριγῶν
3540 3628 3623 3677 καὶ
3674 3624 3866 3682 summ,

2352 3713 2440 3762 xui
2509 3708 2863 3773 ἀνυπόστατος
2926 3716 3017 3771 τὴν
3075 3714 3264 3786 ὁρμὴν,
3343 3718 3518 3787 αὔριον
3572 3714 3710 3773 αὐτὸς
3764 3709 3864 3764 οὗτος

2352 3798 2580 3866 ἐλεεινὸς,
2620 3800 2649 3858 ἦ
2717 3809 2789 3871 τῷ
2832 3806 3009 3876 χρόνῳ
3056 3805 3358 3877 μαρανθεὶς,
3408 3804 3437 3863 ᾖ
3479 3808 3608 3874 νόσῳ
3650 3798 3861 3855 διαλυθεὶς-

2348 3887 2407 3940 Ὀ
2474 3884 2619 3941 δεῖνα
2682 3889 3015 3963 περίϐλεπτος
3077 3890 3161 3943 ἰπὶ
3190 3896 3485 3967 χρημάτων
3509 3895 3765 3964 περιουσίᾳ,
3804 3888 3861 3935 καὶ

2349 3976 2545 4041 πλῆθος
2592 3983 2711 4054 περὶ
2760 3980 2916 4032 αὐτόν
2952 3980 3214 4033 κολάκων·
3275 3979 3561 4059 δορυφορία
3595 3980 3727 4054 φίλων
3752 3991 3860 4049 προσ·
3934 3982 3937 4047 ί

2349 4075 2597 4139 ποιητῶν,
2644 4072 2739 4126 τὴν
2779 4066 2867 4120 ἀπ’
2908 4069 3071 4122 αὐτοῦ
3114 4073 3278 4145 χάριν
3312 4074 3701 4145 θεραπευόντων
3728 4065 3859 4121 πλῆθος
3930 4086 3933 4145 ,ι

2352 4162 2668 4229 συγγενείας,
2709 4162 2797 4210 καὶ
2844 4161 3039 4219 ταύτης
3086 4164 3642 4233 κατεσχηματισμένης
3672 4176 3684 4189 .
3754 4153 3856 4222 iam
3928 4138 3931 4233 ιι

2348 4254 2447 4298 τῶν
2504 4244 2819 4319 ἐφεπομένων
2871 4253 3082 4321 μυρίος,
3131 4257 3231 4300 τῶν
3270 4268 3325 4302 τε
3367 4249 3449 4303 ἐπὶ
3497 4254 3660 4302 σιτίων
3699 4248 3853 4296 καὶτῶν
3926 4260 3927 4295 ι

2348 4336 2460 4387 κατ’
2525 4334 2678 4397 ἄλλας
2726 4342 2908 4409 χρείας
2956 4337 3099 4409 αὖτῷ
3162 4335 3601 4414 προσεδρευόντων
3630 4352 3643 4366 ⁸
3682 4333 3751 4393 οὓς
3795 4330 3850 4377 καί

2346 4428 2539 4497 προῖὼν
2598 4429 2689 4476 καί
2750 4424 2903 4477 πάλιν
2970 4424 3185 4477 ἓπανιὼν
3238 4431 3327 4479 καὶ
3397 4426 3747 4501 ἐπισυρόμενος,
3782 4414 3848 4467 ἐτί-

2347 4516 2525 4585 φθονός
2550 4512 2662 4566 ἐστι
2716 4522 2824 4577 τοῖς
2874 4514 3280 4587 ἐντυγχάνουσι.
3344 4518 3565 4589 Πρόσθες
3604 4522 3664 4583 τῷ
3707 4508 3845 4567 πλοπὲ

2343 4607 2429 4654 καί
2486 4602 2761 4663 πολιτικὴν
2818 4600 3148 4667 δυναστείαν,
3211 4607 3239 4664 ἡ
3304 4608 3519 4666 καὶτὰς
3568 4602 3617 4656 έκ
3662 4594 3844 4673 te“th

2341 4695 2518 4766 τιμὰς,
2570 4694 2599 4752 ἡ
2660 4693 2812 4746 ἐθνῶν
2866 4694 3175 4767 ἐπιμέλειαν,
3242 4695 3272 4754 ἦ
3338 4689 3679 4768 στρατοπέδω
3714 4689 3841 4755 ἐγε,²⁵’

2340 4787 2474 4852 νίαν,
2534 4785 2619 4836 τὸν
2682 4787 2889 4857 κήρυκα
2936 4788 3073 4855 μέγα
3134 4786 3233 4858 πρὸ
3312 4783 3471 4837 αὐτοῦ
3516 4782 3711 4856 βοῶντα,
3766 4772 3841 4823 τοὺς

2338 4868 2681 4945 ῥαϐδούχους
2728 4874 2862 4925 ἔνθεν
2912 4877 3001 4924 καὶ
3046 4874 3180 4925 ἔνθεν
3244 4871 3545 4947 βαρυτάτην
3603 4857 3838 4959 mitur-ir?"
3902 4864 3907 4959 ,1

2340 4930 2450 5023 ίτοῖς
2515 4930 2832 5034 ἀςχομένοις
2872 4930 3255 5033 ἐμϐάλ).οντας,.
3296 4930 3387 5021 τὰς
3438 4960 3643 5031 πληγὰς,
3689 4942 3835 5041 τὰςδε-
3901 4930 3905 5041 ἶ

2339 5052 2570 5121 μεύσεις,
2638 5052 2725 5111 τὰς
2781 5048 3086 5122 ἀπαγωγὰς,
3117 5053 3181 5104 τὰ
3231 5047 3583 5125 δεσμωτήρια,
3620 5044 3831 5107 ἑξίιναϊν

2338 5458 2683 5539 ingressus,
2714 5456 2913 5539 abitis
2942 5463 3184 5528 accepto
3206 5458 3461 5539 nomine.
3609 5534 3659 5539 _
3688 5508 3816 5539 nam
3882 5480 3887 5539 1

2403 5508 2486 5602 (⁷3)
2506 5508 2975 5586 summa;
2986 5508 3572 5589 *πεπτεῶτας
3601 5534 3660 5577 ex
3680 5508 3816 5572 codice
3880 5530 3885 5601 λ

2335 5601 2518 5675 Regio
2546 5617 2619 5660 ex
2649 5604 2951 5662 contextu.

3878 5676 3881 5725 l

3872 5754 3879 5787 i
