4068 6220
245 352 389 407 1263

1505 349 1736 408 SERMO
1779 347 1866 404 XI.
1890 376 1956 388 --
1983 348 2072 404 DE
2110 350 2366 408 MORTE.

3472 347 3613 402 1266

239 492 401 548 ρητος
451 475 478 526 6
527 481 628 526 τῶν
680 474 1000 548 ὑποχειρίων
1051 475 1450 548 συναθροίζεται
1512 473 1688 547 φόϐος.
1748 477 1838 526 Kal

1963 473 2192 542 exsilia,
2217 474 2475 548 vincula,
2531 491 2562 532 e
2601 473 2824 547 quibus
2873 468 3266 528 intolerabilis
3318 468 3416 526 ille
3471 469 3610 526 sub.

239 567 298 614 τί
318 566 445 636 μετὰ
475 570 669 628 τοῦτος
726 567 837 615 Μία
880 561 989 627 νύξ,
1041 566 1130 614 καὶ
1177 566 1396 636 πυρετός
1451 564 1538 628 εἷς,
1572 563 1601 621 ἦ
1635 562 1846 636 πλευρῖ-

241 672 387 722 τις,
436 653 466 712 η
537 655 986 726 περιπνευμονία,
1047 653 1379 727 ἀνάρπαστον
1453 652 1505 716 ἐξ
1571 651 1847 726 ἀνθρώπων

240 740 532 814 ἀπάγουσα
583 746 672 795 τὸν
729 739 996 816 ἄνθρωπον
1049 745 1275 814 οἴχεται,
1345 748 1518 794 πᾶσαν
1581 746 1668 799 τὴν
1731 739 1847 792 κατ’

243 831 402 884 αὐτὸν
436 836 634 890 σκηνὴν
689 830 934 894 ἐξαπίνης
988 830 1435 904 ἀπογυμνώσασα,
1496 851 1584 883 και
1633 832 1662 889 ἡ
1717 827 1847 892 δόξα

244 918 410 978 ἐκείνη
497 922 670 995 ὥσπερ
742 918 973 972 ἕνύπνιον
1037 919 1348 993 ἀπηλέγχθη
1379 963 1392 976 .
1456 920 1617 973 Ὠστε
1683 918 1848 972 ἐπιτέ-

242 1026 454 1060 τευκται
481 1015 554 1078 τῷ
593 1012 833 1081 προφήτῃ
885 1010 913 1066 ἡ
969 1011 1098 1084 πρὸς
1150 1013 1207 1061 τό
1265 1005 1650 1084 ἁδρανέστατον
1691 1009 1846 1069 οἶνοος

245 1103 337 1157 τῆς
376 1095 697 1172 ἀνθρωπίνης
737 1093 897 1160 δόξης
929 1098 1201 1170 ὁμοίωσις.

319 1188 371 1239 6.
401 1183 554 1236 Ἀλλὰ
588 1189 703 1237 τίνα
739 1187 864 1257 ἡμῖν
901 1185 1237 1261 εὐπρόσωπον
1285 1186 1457 1240 αἰτίαν
1510 1195 1601 1247 τῆς
1647 1181 1842 1258 φειδω-

248 1271 365 1334 λίας
420 1276 469 1326 οἱ
514 1279 630 1348 περὶ
679 1278 773 1332 τὴν
822 1277 959 1337 ζωὴν
1012 1278 1209 1334 ταύτην
1272 1274 1576 1349 ἐπτοημένοι
1614 1274 1841 1349 προϐαλ-

247 1359 458 1427 λονται;
492 1362 566 1415 Ού
622 1363 774 1416 πωλῶ
817 1365 882 1416 τὰ
929 1366 1258 1440 ὑπάρχοντα,
1309 1362 1433 1418 οὐδε
1485 1362 1687 1437 δίδωμι
1733 1371 1843 1425 τοῖς

245 1459 498 1522 πτωχοῖς,
549 1448 643 1504 διὰ
687 1455 782 1516 τὰς
823 1452 1108 1526 ἀναγκαίας
1163 1460 1353 1530 χρείας
1397 1463 1487 1508 τοῦ
1535 1453 1678 1528 βίου’
1735 1452 1841 1505 ἀλλ’

247 1537 547 1602 ἀπολαύσας
586 1541 753 1594 αὐτῶν
800 1545 942 1617 παρὰ
988 1545 1163 1596 πᾶσαν
1193 1565 1306 1617 ίμου
1349 1549 1442 1603 τὴν
1489 1544 1650 1615 ζωὴν,
1712 1545 1843 1616 μετὰ

242 1632 336 1686 τὴν
373 1628 605 1688 τελευτὴν
635 1638 727 1684 τοῦ
758 1630 902 1704 βίου,
936 1629 1236 1704 διαδόχους
1272 1639 1565 1706 ποιήσομαι
1603 1641 1700 1685 τῶν
1729 1631 1841 1706 ἐμοὶ

239 1723 538 1792 προσόντων
590 1725 712 1784 τοὺς
775 1727 1015 1784 πένητας.
1075 1731 1197 1776 Ὀτε
1263 1724 1434 1776 ούκέτι
1498 1726 1588 1797 ἔσῃ
1645 1722 1693 1775 ἐν
1757 1721 1841 1774 ἆν-

1954 561 2250 633 jectorum
2284 572 2478 621 metus
2515 564 2864 622 concrescit.
2899 561 3052 628 Quid
3074 575 3216 616 vero
3259 564 3402 632 post
3447 560 3562 616 hoc
3584 559 3612 616 ?

1959 669 2082 710 una
2114 671 2252 722 nox,
2287 662 2390 712 aut
2412 673 2534 713 una
2568 656 2890 725 febris,aul
2920 652 3214 727 pleuritis,
3239 656 3343 707 aut
3372 651 3607 724 pulmo-

1956 743 2050 798 nis
2080 744 2500 815 inﬂammatio,
2558 746 2719 801 hunc
2771 743 3080 800 hominem
3127 757 3199 796 ex
3261 739 3609 796 hominibus

1957 833 2274 906 abreptum
2322 835 2588 901 abducit,
2634 834 2792 890 illico
2847 847 3093 888 omnem
3150 831 3308 886 illius
3361 845 3608 886 scenam

1937 922 2165 991 nudat,
2193 928 2371 996 atque
2403 923 2593 994 gloria
2616 923 2714 979 illa
2744 938 2854 978 ceu
2875 921 3183 978 somnium
3205 935 3334 976 esse
3364 918 3608 976 convin-

1955 1012 2122 1067 citur.
2169 1014 2363 1078 Quare
2412 1018 2550 1084 apte
2613 1012 2908 1085 propheta
2961 1010 3297 1066 humanam
3350 1001 3608 1080 gloriam

1954 1118 2092 1157 cum
2115 1101 2489 1158 debilissimo
2512 1101 2656 1158 ﬂore
2683 1098 3080 1174 comparavit.

2023 1195 2074 1246 6.
2091 1193 2168 1259 (3)
2202 1191 2322 1247 Sed
2349 1207 2683 1264 quamnam
2705 1191 3042 1263 speciosam
3060 1185 3608 1260 parcimonimcau-

1954 1297 2089 1336 sam
2120 1280 2297 1336 nobis
2319 1281 2576 1336 afferunt
2604 1281 2643 1336 ii
2674 1280 2777 1352 qui
2799 1278 3029 1336 attoniti
3052 1277 3235 1347 hujus
3258 1276 3392 1332 vitae
3427 1274 3608 1331 rebus

1952 1370 2386 1427 adeoinhiant?
2411 1374 2538 1426 Non
2557 1373 2755 1426 vendo
2775 1386 2912 1442 qua:
2933 1368 3356 1439 habeo,neque
3368 1365 3448 1422 do
3462 1381 3608 1439 pau-

1951 1459 2216 1532 peribus,
2234 1459 2313 1516 ob
2328 1460 2702 1516 necessarios
2719 1459 2855 1514 vitae
2872 1474 3042 1513 usus.
3070 1456 3183 1514 Sed
3206 1460 3606 1528 posteaquam

1951 1548 2170 1604 divitiis
2187 1548 2402 1605 fruitus
2433 1549 2601 1604 fuero
2623 1564 2729 1620 per
2744 1563 2989 1603 omnem
3006 1546 3193 1601 vitam
3225 1560 3444 1613 meam,
3470 1549 3608 1616 post

1948 1637 2134 1693 ﬁnem
2163 1637 2299 1693 vitae
2332 1653 2481 1693 meae
2513 1653 2809 1710 pauperes
2841 1634 3204 1692 constituam
3229 1633 3499 1688 hteredes
3522 1632 3605 1688 fa-

1950 1727 2240 1784 cultatum
2271 1743 2567 1784 mearum.
2607 1729 2752 1782 Cum
2773 1727 2904 1797 jam
2935 1740 3059 1782 non
3103 1723 3425 1780 versabere
3451 1722 3605 1778 inter

244 1808 494 1880 θρώποις,
551 1815 668 1863 τότε
712 1816 906 1885 γενήσῃ
965 1811 1338 1887 φιλάνθρωπος·
1399 1815 1520 1866 ὅταν
1565 1818 1742 1888 νεκρόν
1783 1831 1838 1865 σε

1950 1817 2246 1887 homines,
2267 1821 2391 1872 tum
2410 1817 2718 1872 humanus
2745 1815 2851 1870 ﬁes
2877 1813 3210 1871 etliberalis
3226 1832 3243 1885 ;
3277 1829 3418 1869 cum
3444 1828 3605 1868 mor-

241 1893 364 1966 ἴδω,
415 1902 530 1951 τότε
587 1903 712 1952 εἴπω
765 1897 1094 1974 φιλάδελφον.
1155 1901 1321 1960 Πολλή
1379 1921 1460 1955 σοι
1526 1904 1685 1976 χάρις
1742 1911 1838 1963 τῆς

239 1984 555 2060 φιλοτιμίας,
604 1990 685 2041 ὄτι
729 1987 777 2041 έν
825 1997 898 2061 τῷ
949 1995 1184 2064 μνήματι
1223 1995 1472 2064 κείμενος,
1517 1996 1606 2043 καὶ
1638 1991 1707 2054 εἰς
1736 2000 1836 2063 γῆν

237 2072 529 2147 διαλυθεὶς,
562 2075 721 2153 ἁδρός
757 2084 876 2154 γίνῃ
935 2088 1052 2143 ταῖς
1104 2077 1364 2144 δαπάναις
1419 2085 1506 2134 καὶ
1533 2081 1836 2155 μεγαλόψυ-

234 2183 362 2237 χος.
403 2171 590 2234 Ποίων,
624 2167 732 2220 εἰπέ
768 2188 878 2241 μοι,
909 2178 1102 2245 καιρῶν
1154 2173 1272 2230 τούς
1327 2173 1550 2243 μισθούς
1603 2170 1834 2230 ἁπαιτὴ-

238 2272 367 2316 σεις.
420 2263 520 2306 τῶν
563 2254 612 2307 ἓν
672 2265 734 2329 τῇ
779 2257 910 2331 ζωῇ,
966 2260 994 2318 ἦ
1054 2267 1154 2311 τῶν
1209 2261 1342 2332 μετὰ
1367 2265 1459 2318 τὴν
1499 2259 1831 2330 ἁποϐίωσιν;

236 2342 379 2395 Ἀλλ’
406 2344 460 2396 ὃν
489 2348 580 2416 μὲν
611 2349 733 2410 ἔζης
770 2352 984 2422 χρόνον,
1019 2345 1431 2418 καθηδυπαθῶν,
1465 2355 1555 2402 καὶ
1598 2359 1659 2424 τῇ
1704 2370 1834 2426 τρυ-

235 2439 304 2506 φῇ
341 2428 614 2508 διαρῤἐων,
665 2431 789 2488 ούδε
846 2436 1184 2510 προσϐλέπειν
1241 2440 1456 2512 ἠνείχου
1503 2443 1624 2502 τοὺς
1678 2444 1836 2500 πένη-

236 2540 351 2582 τας·
412 2519 756 2586 ἀποθανόντος
809 2521 973 2592 δὶα)
1030 2532 1157 2578 ποία
1211 2530 1300 2600 μεν
1329 2528 1555 2603 πρᾶξις;
1608 2537 1752 2590 ποῖος
1778 2526 1838 2583 δε

237 2612 434 2682 μισθός
489 2610 737 2687 ἐργασίας
803 2614 1106 2686 ὀφείλει-αις
1185 2616 1354 2679 Δεῖξον
1422 2621 1488 2669 τὰ
1543 2620 1690 2690 ἔργα,
1747 2624 1837 2671 καὶ

240 2697 446 2752 ἀπαίτει
475 2703 570 2763 τὰς
601 2698 913 2764 ἀντιδόσεις.
966 2700 1156 2765 Οὐδεὶς
1195 2708 1325 2777 μετὰ
1375 2708 1433 2758 τό
1477 2705 1696 2766 λυθῆναι
1744 2712 1837 2766 τὴν

235 2794 530 2864 πανήγυριν
579 2796 1035 2867 πραγματεύεται,
1096 2791 1220 2846 οὐδε
1276 2797 1405 2866 μετὰ
1457 2798 1577 2858 τοὺς
1642 2794 1838 2867 ἀγῶνας

236 2876 519 2931 ἐπανελθὼν
587 2890 946 2954 στεφανοῦται,
1020 2879 1144 2935 οὐδε
1216 2886 1346 2956 μετὰ
1404 2888 1522 2946 τοὺς
1585 2884 1840 2958 πολέμους

235 2963 701 3040 ἀνδραγαθίζεται.
766 2971 842 3023 Ού
899 2976 1070 3024 τοίνυν
1123 2967 1247 3024 οὐδὲ
1300 2975 1432 3046 μετά
1466 2977 1560 3032 τὴν
1600 2977 1736 3037 ζωὴν
1760 2973 1839 3026 εύ-

237 3053 380 3108 σεϐεῖ
424 3053 684 3115 δηλονότι.
746 3059 864 3114 Ἐὰν
915 3063 1016 3135 γὰρ
1061 3061 1240 3134 μέλανι
1281 3068 1372 3114 καὶ
1410 3066 1690 3138 γράμμασι
1718 3083 1837 3116 κατ·

1949 1911 2118 1963 tuum
2142 1912 2195 1963 te
2222 1907 2448 1970 videro,
2500 1911 2641 1962 tunc
2670 1906 2870 1962 dicam
2904 1909 2961 1961 te
3012 1903 3210 1960 fratris
3271 1908 3599 1960 amantem.

1947 1995 2123 2052 Multa
2144 1995 2248 2052 tibi
2277 1995 2597 2051 debebitur
2617 1995 2809 2065 gratia
2824 1993 2905 2051 ob
2920 1993 3419 2061 muniﬁcentiam,
3436 1991 3605 2065 quod

1947 2084 2007 2140 in
2041 2083 2316 2157 sepulcro
2333 2085 2543 2154 jacens
2581 2084 2716 2140 etin
2741 2088 2962 2140 terram
2993 2081 3313 2148 resolutus,
3360 2082 3489 2152 jam
3539 2081 3602 2138 in

1945 2173 2289 2247 sumptibus
2309 2172 2599 2229 faciendis
2619 2172 2826 2242 largus
2847 2171 3139 2228 exstiteris
3152 2176 3330 2244 atque
3351 2185 3602 2240 magna-

1944 2263 2166 2319 nimus.
2193 2263 2293 2318 Dic
2317 2261 2485 2330 mihi,
2513 2277 2747 2336 quaeso,
2802 2277 3213 2334 quarumnam
3259 2265 3600 2333 temporum

1946 2352 2287 2410 mercedem
2320 2367 2638 2425 exposces,
2668 2367 2958 2409 eorumne
2991 2350 3217 2424 quibus
3257 2350 3474 2416 vixisti,
3525 2365 3603 2405 an

1945 2458 2174 2512 eorum,
2209 2458 2347 2514 quae
2377 2447 2517 2514 post
2548 2445 2806 2498 mortem
2848 2445 3055 2497 secuta
3088 2439 3273 2496 sunt?
3318 2438 3434 2497 Sed
3476 2453 3601 2510 quo

1945 2537 2216 2604 tempore
2265 2531 2532 2600 vivebas,
2574 2529 2978 2604 voluptatibus
3008 2529 3248 2586 deditus
3278 2534 3334 2584 et
3372 2527 3603 2584 deliciis

1946 2621 2245 2690 difﬂuens,
2281 2635 2355 2676 ne
2383 2620 2652 2692 aspicere
2681 2619 2928 2691 quidem
2966 2634 3191 2688 egenos
3241 2616 3599 2674 sustinuisti.

1945 2713 2074 2766 Jam
2105 2715 2306 2766 autem
2335 2725 2620 2782 quaenam
2638 2708 2794 2764 actio
2816 2714 2904 2764 est
2919 2707 3136 2762 mortui
3154 2712 3182 2763 ?
3201 2723 3340 2779 quae.
3357 2721 3602 2780 quoque

1946 2799 2146 2872 operis
2174 2813 2403 2854 merces
2434 2797 2726 2853 debetur?
2759 2796 3015 2853 Ostende
3031 2811 3242 2867 Opera.
3269 2799 3326 2850 et
3353 2809 3600 2867 reposce

1945 2889 2707 2945 remunerationem.Nemo
2721 2885 2928 2942 solutis
2940 2885 3229 2941 nundinis
3241 2884 3598 2954 negotiatur:

1947 2994 2057 3034 nec
2079 2983 2216 3050 post
2227 2982 2528 3033 certamen
2548 2975 2978 3048 superveniens
2989 2978 3451 3039 coronatur,nee
3462 2977 3602 3043 post

1948 3066 2172 3122 bellum
2194 3066 2435 3136 egregia
2446 3065 2843 3122 editfacinora
2859 3063 3248 3136 Nequeigitur
3261 3067 3398 3135 post
3411 3061 3598 3118 vitam

233 3145 519 3219 επαγγέλλῃ
551 3150 641 3210 τὰς
693 3148 944 3221 εὐποιίας,
999 3155 1080 3213 τίς
1133 3150 1402 3224 ἀναγγελεί
1444 3172 1528 3205 σοι
1581 3157 1666 3206 τὸν
1713 3173 1836 3206 και-

1950 3157 2118 3214 locus
2146 3157 2300 3212 ullus
2330 3161 2416 3212 est
2459 3155 2695 3228 pietatis
2739 3153 3103 3211 excolendis.
3154 3155 3304 3209 Nam
3349 3153 3395 3208 si
3447 3157 3600 3209 atra-

230 3236 326 3308 ρὸν
357 3243 448 3297 τῆς
486 3233 670 3299 ἔξοδον
705 3254 718 3306 ;
762 3243 842 3302 τίς
894 3238 1155 3313 ἐγγυητὴς
1205 3244 1353 3294 ἔσται
1394 3250 1486 3294 τοῦ
1524 3247 1718 3316 τρόπον
1748 3251 1838 3305 τῆς

232 3323 530 3393 τελευτῆς;
601 3331 766 3380 Πόσοι
829 3330 930 3382 ύπό
1003 3328 1192 3403 βιαίων
1251 3329 1626 3405 ἀνηράσθησαν
1695 3352 1835 3406 συμ-

232 3416 548 3487 πτωμάτων,
606 3413 732 3470 οὐδὲ
789 3423 958 3491 φωνὴν
1031 3419 1191 3494 ῥῆξαι
1266 3423 1652 3495 συγχρηθέντες
1735 3424 1835 3476 ὑπὸ

235 3510 329 3554 τοῦ
376 3504 621 3566 πάθουςὲ
681 3510 745 3558 Τί
812 3504 1072 3580 ἀναμένεις
1132 3512 1332 3585 καιρὸν,
1396 3508 1444 3561 ἑν
1589 3511 1837 3575 πόλλακις

236 3589 361 3645 ούδε
414 3601 517 3645 τῶν
566 3593 829 3667 λογισμῶν
881 3605 982 3649 τῶν
1041 3605 1262 3650 σεαυτοῦ
1314 3601 1406 3672 ἔσῃ
1461 3603 1679 3673 κύριος;
1747 3603 1840 3665 νύξ

244 3679 456 3754 βαθεῖα,
487 3689 579 3737 καὶ
609 3686 641 3743 ἡ
682 3689 835 3747 νόσος
864 3685 1074 3762 βαρεῖα,
1124 3693 1214 3740 καὶ
1262 3690 1287 3742 6
1320 3688 1528 3762 βοηθῶν
1576 3688 1834 3764 οὐδαμοῦ.

238 3771 364 3824 Εἶτα
419 3771 853 3848 περιϐλεψάμενος
910 3773 1015 3848 ᾦδε
1086 3775 1297 3830 κάκεῖσε
1325 3820 1338 3846 ,
1406 3784 1497 3832 καὶ
1561 3777 1687 3832 ἰδὼν
1747 3785 1836 3840 τὴν

233 3866 592 3935 περιεστῶσαν
625 3882 682 3916 σε
739 3862 977 3939 ἐρημίαν,
1028 3870 1144 3919 τότε
1174 3867 1410 3941 αἰσθήσῃ
1437 3877 1532 3930 τῆς
1566 3867 1830 3932 ἀϐουλίας·

231 3952 350 4001 τότε
383 3951 640 4015 στενάζεις
677 3957 773 4011 την
821 3955 1018 4022 ἄνοιαν,
1062 3955 1131 4018 εἰς
1187 3955 1292 4008 οἷον
1340 3960 1521 4030 καιρὸν
1563 3956 1834 4031 ἑταμίεύου

232 4041 331 4096 τὴν
376 4037 603 4109 ἐντολὴν,
643 4040 690 4094 ἓν
747 4051 808 4115 τῇ
865 4047 970 4117 ζωῇ
1024 4047 1115 4118 μεν
1171 4043 1439 4099 ἀπολαύων
1469 4056 1568 4100 τῶν
1607 4045 1831 4120 ἡδονῶν,

231 4124 505 4180 ἀποθανὼν
567 4127 627 4183 δὲ
682 4129 1128 4207 διαπραττόμενος
1172 4138 1236 4189 τὰ
1276 4133 1681 4212 διατεταγμένα.
1711 4139 1834 4192 Ὀτε

233 4218 373 4279 ἔζης,
430 4221 648 4272 σεαυτὸν
691 4229 788 4284 τῆς
832 4221 1030 4285 ἐντολῆς
1080 4227 1377 4298 προετίθῆς·
1447 4231 1578 4301 μετὰ
1645 4225 1704 4281 δὲ
1748 4232 1834 4282 τὸν

236 4306 484 4375 θάνατον,
542 4313 657 4362 τότε
703 4315 792 4370 τὴν
857 4310 1056 4371 ἐντολὴν
1127 4322 1228 4366 τῶν
1281 4315 1488 4390 ἆχθρῶν
1552 4325 1834 4393 προτιμᾷς.

230 4395 348 4450 Ἵνα
403 4399 502 4472 γὰρ
549 4404 620 4472 μὴ
666 4399 796 4475 λάϐῃ
849 4403 875 4454 6
923 4399 1088 4472 δεῖνα,
1128 4401 1346 4474 λαϐέτω,
1397 4411 1575 4478 φησὶν,
1631 4409 1657 4460 6
1706 4417 1836 4484 Χρι-

1948 3252 2152 3304 mento
2180 3263 2250 3302 ac
2273 3245 2489 3302 tabulis
2512 3244 2635 3302 fore
2660 3249 2716 3301 te
2745 3242 3103 3300 beneﬁcium
3130 3242 3600 3316 polliceris,quis

1947 3334 2330 3392 anuuntiabit
2350 3333 2452 3390 tibi
2480 3333 2672 3390 exitus
2691 3335 2960 3406 tempus?
2980 3331 3118 3404 quis
3134 3332 3366 3403 generis
3391 3331 3600 3388 mortis

1947 3442 2206 3499 sponsor
2226 3424 2332 3480 erit
2353 3425 2548 3490 ?Quot
2587 3423 2866 3480 violentis
2896 3422 3138 3478 casibus
3172 3421 3404 3494 abrepti
3435 3425 3596 3487 sunt,

1945 3515 2171 3589 quibus
2185 3530 2256 3570 ne
2270 3529 2478 3569 vocem
2493 3512 2741 3578 quidem
2761 3513 2935 3568 edere
2969 3528 3074 3584 per
3105 3511 3388 3567 morbum
3404 3509 3594 3567 licuit!

1947 3603 2102 3670 Quid
2128 3603 2306 3673 igitur
2343 3607 2654 3674 exspectas
2686 3607 2944 3674 tempus,
2995 3601 3054 3656 in
3077 3616 3201 3673 quo
3233 3598 3597 3671 plerumque

1944 3691 2194 3750 rationis
2215 3707 2336 3748 non
2366 3691 2482 3746 eris
2514 3691 2812 3763 compos?
2841 3707 2976 3746 cum
3008 3688 3595 3760 videliceteril536

1943 3781 2249 3857 profunda
2277 3797 2417 3846 nox,
2450 3779 2704 3837 morbus
2726 3779 2953 3849 gravis,
2976 3794 3157 3835 nemo
3189 3793 3450 3850 usquam
3491 3775 3598 3848 qui

1945 3873 2208 3944 adjuvet.
2235 3869 2457 3927 Deinde
2487 3869 2774 3941 conjectis
2822 3869 2941 3924 huc
2970 3873 3027 3924 et
3052 3866 3191 3923 illuc
3221 3865 3428 3936 oculis,
3489 3869 3597 3921 cir-

1944 3965 2345 4018 cumstantem
2374 3965 2428 4016 te
2459 3958 2844 4015 solitudinem
2886 3957 3284 4030 conspiciens,
3317 3961 3462 4012 tunc
3491 3955 3596 4012 de-

1943 4051 2233 4108 mentiam
2268 4053 2434 4106 tuam
2456 4048 2784 4118 intelliges;
2815 4053 2955 4104 tunc
2997 4047 3232 4120 lugebis
3261 4045 3594 4116 stultitiam,

1943 4140 2110 4214 quod
2138 4143 2508 4212 praeceptum
2531 4137 2911 4194 distulerisin
2935 4137 3051 4194 hoc
3073 4143 3334 4210 tempus,
3358 4136 3596 4193 interim

1943 4229 2090 4285 dum
2122 4227 2370 4285 vivebas
2390 4225 3176 4299 voluptatibusindulgens:
3213 4228 3287 4295 (4)
3325 4229 3598 4282 mortuus

1942 4335 2086 4376 vero
2136 4317 2427 4374 mandata
2467 4317 2806 4389 perficiens.
2866 4315 3079 4382 Quoad
3125 4314 3344 4377 vixisti,
3391 4316 3596 4386 teipse

1943 4407 2251 4483 praetulisti
2278 4405 2610 4463 mandato:
2646 4410 2919 4462 mortuus
2959 4420 3117 4474 vero,
3152 4409 3293 4460 tunc
3337 4403 3596 4457 inimicis

237 4489 382 4548 στός.
434 4492 532 4541 Καὶ
559 4494 610 4542 τί
653 4497 840 4557 τοῦτο;
882 4490 1089 4568 ἓχθρῶν
1144 4494 1337 4565 οῐμυνα,
1394 4497 1422 4554 ἡ
1478 4505 1568 4549 τοῦ
1614 4497 1836 4556 πλησίον

1950 4501 2315 4573 praeceptum
2355 4495 2694 4568 anteponis.
2755 4493 2979 4550 Etenim
3021 4509 3095 4548 ne
3126 4490 3383 4563 accipiat
3408 4489 3594 4546 homo

233 4573 413 4647 ἀγαπη
437 4595 450 4645 ;

306 4761 362 4810 ’7.
405 4759 491 4814 Μὴ
550 4761 720 4810 τοίνυν
771 4755 1085 4835 ὀδυρώμεθα
1109 4762 1204 4822 τὰς
1243 4759 1466 4815 ἐντεῦθεν
1493 4758 1722 4834 ὶξόδους,
1749 4769 1839 4817 καὶ

234 4843 472 4916 μάλιστα
527 4855 626 4898 τῶν
675 4848 832 4901 ὁσίων
869 4845 1092 4922 ἀνδρῶν,
1135 4849 1263 4902 ἀλλὰ
1305 4852 1395 4912 τὰς
1439 4855 1663 4922 γενέσεις
1706 4854 1838 4925 μᾶλ-

233 4932 321 4986 λον
353 4936 444 4986 καὶ
492 4937 584 4996 τὰς
629 4936 700 4998 εἰς
745 4941 841 4996 τὴν
889 4937 1029 4998 ζωὴν
1085 4941 1280 4996 ταύτην
1318 4935 1606 5014 παρόδους.
1661 4941 1717 4993 ’Π
1748 4946 1838 5014 μὶν

231 5025 340 5095 γὰρ
392 5022 460 5085 εἰς
517 5026 604 5076 τὸν
659 5030 856 5100 κόσμον
903 5033 1084 5080 τοῦτον
1132 5025 1338 5091 ε’ὶσοδος
1377 5025 1451 5080 δι’
1482 5027 1699 5102 ἀτιμίας
1728 5028 1841 5084 ἐστὶ

229 5112 404 5186 ῥύπου
434 5117 524 5166 καὶ
576 5109 870 5182 δυσωδίας,
919 5120 1010 5169 καὶ
1056 5116 1123 5168 ὦν
1175 5112 1290 5170 οὐδ’
1330 5116 1390 5169 ἆν
1420 5122 1514 5177 τὴν
1547 5120 1663 5171 θέαν
1690 5118 1840 5173 r616-

232 5199 339 5264 λως
383 5201 676 5275 ἀνάσχοιτο
705 5223 786 5266 τις
829 5213 923 5268 τῆς
956 5205 1092 5268 ζωῆς
1128 5208 1274 5280 ἡμῶν
1303 5208 1706 5280 καθηγουμένων

232 5294 333 5345 Διὰ
382 5295 486 5368 γὰρ
535 5301 636 5346 τῶν
683 5297 929 5348 τοιούτων
976 5299 1006 5355 ἡ
1066 5293 1303 5371 πάροδος
1346 5305 1442 5361 τῆς
1476 5303 1840 5371 σαρκίνηςγε-

308 5437 393 5518 (ᾖ)
421 5435 799 5518 Ἀποθαναντος
832 5435 1082 5518 di.“qu
1105 5440 1306 5507 etiam.
1345 5456 1482 5515 qua:
1515 5439 1840 5518 deerantin

232 5506 537 5596 δόξει-ει
563 5509 780 5596 eodem
805 5510 1011 5596 codice
1031 5506 1388 5596 et'conteigtii
1403 5512 1838 5596 supplevimus.

308 5579 390 5648 (2)
422 5585 578 5641 Τις...
627 5583 1046 5654 καθηγουμίνων.
1081 5583 1426 5654 Legendum
1478 5579 1715 5641 videtur
1759 5603 1840 5644 τις

238 5658 410 5705 τῶν...
445 5654 870 5727 καθηγουμένων.
905 5657 1052 5710 Emr.

1947 4588 2062 4656 ille,
2096 4587 2372 4659 accipiat,
2396 4585 2608 4658 inquit,
2633 4582 2920 4639 Christus.
2961 4585 3029 4636 At
3057 4579 3206 4652 quid
3235 4578 3423 4634 illud?
3448 4578 3594 4634 hos-

1945 4677 2176 4733 tiumne
2205 4675 2374 4745 ultio,
2397 4691 2475 4731 an
2505 4671 2764 4747 proximi
2785 4669 3043 4726 charitas
3065 4672 3090 4724 .9

2018 4771 2071 4820 7.
2099 4767 2180 4836 (5)
2212 4768 2292 4821 Ne
2315 4763 2494 4833 igitur
2520 4777 2732 4817 eorum
2758 4759 2860 4833 qui
2893 4759 3032 4815 hinc
3059 4757 3376 4830 excedunt,
3411 4759 3595 4815 maxi-

1947 4868 2166 4925 meque
2188 4852 2425 4924 piorum
2439 4855 2660 4906 sortem
2685 4849 3022 4918 lugeamus,
3047 4847 3152 4905 sed
3170 4849 3365 4921 potius
3396 4853 3594 4904 ortum

1949 4947 2234 4998 eteorum
2264 4940 2323 4996 in
2353 4939 2511 4995 hanc
2533 4939 2718 4994 vitam
2750 4937 3120 5007 ingressum.
3149 4941 3296 4995 Nam
3319 4938 3592 4994 introitus

1947 5031 2008 5087 in
2019 5030 2179 5086 hunc
2195 5028 2487 5085 mundum
2504 5027 2577 5084 ad
2581 5027 2854 5098 junctam
2868 5026 3456 5098 habetignominiam
3472 5041 3594 5082 sor~

1948 5119 2118 5176 dium
2149 5117 2471 5191 fetorisque
2492 5122 2550 5174 et
2568 5132 2779 5174 earum
2805 5133 3028 5186 rerum,
3048 5132 3308 5191 quarum
3325 5131 3399 5171 ne
3421 5130 3595 5187 aspe-

1950 5214 2112 5265 ctum
2139 5206 2385 5281 quidem
2416 5207 2585 5264 facile
2618 5207 2769 5264 l'erre
2805 5211 3008 5280 posset
3049 5210 3315 5262 nostrum
3356 5203 3595 5275 aliquis,

1947 5299 2051 5373 qui
2090 5299 2150 5355 in
2183 5298 2302 5354 vita
2323 5297 2690 5370 przeivimus.
2722 5297 2833 5353 Per
2855 5295 2994 5354 talia
3027 5294 3187 5351 enim
3246 5292 3596 5350 necessitate

2016 5443 2094 5508 (3)
2126 5443 2205 5497 Ex
2236 5441 2404 5497 hom.
2429 5443 2490 5498 in
2519 5442 2781 5498 Divitiis.
2813 5441 2907 5496 60.

2023 5511 2298 5581 (inhit-1.,
2333 5513 2420 5568 6t.

2020 5583 2192 5655 (5)31:
2225 5583 2390 5639 hom.
2423 5585 2594 5654 inps.
2628 5599 2754 5639 cxx.
2788 5586 2876 5637 63.
