4068 6220
258 323 401 377 1269

254 448 447 506 πάντες
490 440 550 496 δε
598 444 861 517 ἅνθρωποι
910 442 1021 514 μεθ’
1060 444 1204 514 ἡμῶν
1255 446 1533 509 στένοντες,
1594 440 1861 514 παριστά-
1889 439 1937 491 Α

256 556 344 586 ναι
376 534 548 591 ἀπαθῆ
586 537 672 585 τὸν
712 529 944 604 ὀδυρμόν
990 530 1048 583 οὗ
1091 530 1431 589 δυνήσονται·
1476 531 1605 582 ἀλλά
1659 528 1752 580 κᾶν
1799 531 1863 578 τά

257 634 360 676 των
422 632 669 694 ποταμῶν
717 620 953 696 ῥεύματα
1006 618 1232 693 δάκρυον
1297 626 1530 692 γένηται,
1596 619 1861 691 ἐκπληρῶ-

261 732 353 764 σαι
410 722 509 763 τῶν
553 709 861 783 συμϐάντων
900 714 987 762 τὸν
1048 713 1231 784 θρῆνον
1288 711 1381 762 ουκ
1434 709 1725 782 ἐξαρκέσει.
1774 710 1860 759 Διὸ

260 801 568 875 παρακαλῶ,
622 803 687 860 ως
742 806 969 870 γενναῖον
1022 798 1338 870 ἀγωνιστὴν,
1381 818 1569 856 στηναι
1620 801 1747 869 πρὸς
1805 800 1861 847 τὸ

258 893 477 963 μέγεθος
505 898 602 949 τῆς
628 888 853 959 πληγῆς,
895 893 983 940 καὶ
1036 894 1106 960 μὴ
1142 889 1417 941 ὑποπεσεῖν
1464 896 1535 957 τῷ
1578 886 1729 959 βάρει
1770 894 1863 945 τῆς

259 980 443 1042 λύπης,
505 974 644 1051 μηδὲ
701 979 1065 1035 καταποθῆναι
1134 982 1229 1035 τὴν
1279 976 1483 1048 ψυχὴν
1563 975 1719 1027 ἐκεῖνο
1778 994 1862 1026 πε-

260 1073 555 1140 πεισμένον,
589 1069 668 1119 ὅτι
707 1068 801 1117 κοῐν
847 1066 895 1117 οἰ
947 1066 1090 1137 λόγοι
1128 1075 1226 1118 τῶν
1283 1068 1426 1137 παρά
1478 1073 1610 1117 Θεοῦ
1658 1064 1859 1115 οἰκονο-

265 1163 529 1230 μουμένων
605 1154 959 1228 διαφεύγωσιν
1015 1158 1169 1227 ἡμᾶς,
1230 1154 1360 1206 ἀλλά
1416 1158 1618 1215 πάντως
1680 1172 1739 1224 γε
1804 1156 1861 1204 τὸ

266 1250 410 1320 παρὰ
458 1254 547 1297 τοῦ
602 1254 762 1318 σοφοῦ
819 1249 908 1297 καὶ
965 1244 1269 1315 ἀγαπῶντος
1336 1247 1474 1315 ἡμᾶς
1530 1244 1861 1312 οἱκονομηθὲν

269 1334 555 1387 ἀποδεκτόν
608 1334 739 1399 ἐστι,
812 1333 906 1384 κάν
974 1332 1214 1385 ἐπίπονον
1372 1333 1531 1394 Δυτὸς
1580 1334 1680 1404 γὰρ
1727 1328 1858 1399 οἶδε,

266 1434 376 1485 πῶς
406 1425 604 1495 ἑκάστῳ
629 1421 908 1480 διατίθησι
938 1427 995 1474 τὸ
1030 1427 1310 1496 συμφέρον,
1343 1428 1430 1473 καὶ
1472 1419 1566 1474 διὰ
1599 1428 1650 1473 τί
1703 1423 1863 1472 οἰνισα

264 1516 473 1571 τίθησιν
532 1516 655 1585 ἡμῖν
695 1521 785 1565 τοῦ
845 1512 966 1585 βίον
1012 1515 1077 1564 τὰ
1115 1517 1331 1584 πέρατα·
1362 1511 1512 1564 Ἱῖστι
1539 1514 1639 1583 γάρ
1672 1531 1747 1571 τις
1778 1510 1859 1561 ἀν-

264 1605 489 1674 θρώποις
539 1602 684 1653 αἰτία
737 1601 1119 1667 ἀκατάληπτος,
1167 1598 1240 1653 δι’
1291 1601 1351 1659 ἢν
1404 1603 1453 1653 οὶ
1518 1604 1607 1673 μὲν
1676 1603 1858 1652 θάττον

260 1690 489 1743 ἐντεῦθεν
538 1690 849 1762 ἀπάγονται,
904 1694 953 1741 οἱ
1012 1688 1069 1742 δε
1124 1689 1206 1741 ἐπὶ
1245 1690 1413 1743 πλεῖον
1460 1690 1861 1763 προσταλαιπω-
1891 1662 1930 1714 Β

260 1789 365 1853 ρείν
418 1790 488 1850 τῷ
537 1778 779 1853 ὀὸυνηρῷ
826 1782 992 1850 τούτῳ
1030 1778 1132 1851 βίῳ
1162 1779 1659 1850 καταλιμπάνονται.
1700 1778 1859 1830 "ﬂare

262 1870 341 1922 ἐπὶ
395 1876 529 1921 πᾶσι
574 1876 879 1943 προσκυνεῖν
933 1869 1092 1920 αὐτου
1142 1873 1233 1927 τὴν
1285 1868 1667 1941 φιλανθρωπίαν
1718 1868 1860 1939 ὀφεί-

260 1958 435 2030 λομεν,
486 1962 575 2009 καὶ
618 1963 688 2030 μὴ
742 1954 1132 2031 δυσχεραίνειν·
1180 1962 1494 2030 μεμνημένοι
1551 1967 1645 2017 τῆς
1694 1960 1861 2028 μενά..

258 2047 350 2107 λης
377 2047 571 2109 ἐκείνης
600 2053 690 2098 καὶ
729 2044 973 2118 ἀοιδίμου
1008 2054 1201 2117 φωνῆς,
1256 2047 1313 2103 ἣν
1354 2049 1380 2097 ὁ
1432 2051 1589 2118 μέγας
1630 2045 1861 2106 ἀθλητὴς

263 2137 381 2190 Ἰὼϐ
420 2136 695 2208 ἐφθέγξατο
759 2136 841 2187 ἐπὶ
900 2143 1025 2207 μιᾶς
1072 2136 1335 2209 τραπέζης
1392 2133 1515 2187 ἰδὼν
1563 2134 1691 2188 δεκα
1734 2144 1861 2187 παῖ-

263 2224 362 2287 δας
407 2226 454 2276 ἓν
488 2225 721 2300 βραχείᾳ
759 2234 943 2299 καιροῦ
986 2226 1118 2298 ροπῇ
1159 2224 1534 2296 συντριϐέντας·
1568 2226 1627 2277 ’(ζ)
1675 2228 1863 2299 Κύριος

263 2313 471 2381 ἔδωκεν,
516 2319 541 2367 ὁ
591 2320 781 2388 Κύριος
840 2314 1069 2386 ἀφείλετο
1254 2318 1322 2376 ὡς
1380 2324 1452 2385 τῷ
1514 2320 1685 2388 Κυρίῳ
1751 2312 1863 2367 ἕδο-

264 2405 366 2468 ξεν,
416 2406 580 2466 οὕτως
626 2410 715 2455 καὶ
781 2404 1002 2474 ἐγένετο.
1060 2403 1330 2476 Ἠμέτερον
1382 2412 1531 2456 τοῦτο
1578 2404 1635 2455 τὸ
1690 2407 1865 2475 θαῦμα

262 2497 624 2566 ποιησώμεθα’
672 2498 787 2555 ἶσος
836 2496 860 2545 ὁ
910 2495 1102 2565 μισθὸς
1144 2496 1286 2565 παρά
1311 2502 1402 2545 του
1435 2490 1644 2545 δικαίου
1683 2502 1863 2567 κριτοῦ

263 2592 371 2644 τοῖς
422 2586 489 2635 τὰ
562 2587 656 2634 ’ίσα
718 2578 1153 2654 ἐπιδεικνυμένοις
1220 2579 1693 2656 ἀνδραγαθήματα.
1753 2583 1863 2635 Οὐκ

265 2672 690 2745 ἀπεστερήθημεν
759 2680 849 2723 τοῦ
910 2670 1121 2739 παιδὸς,
1182 2670 1288 2723 ἀλλ’
1366 2668 1705 2743 ἀπεδώκαμεν
1790 2680 1862 2741 τῷ

261 2768 533 2836 χρήσαντι
582 2765 677 2832 (2)·
741 2761 835 2813 ουκ
892 2762 1153 2833 ἠφανίσθη
1204 2762 1361 2814 αὑτοῦ
1392 2764 1421 2819 ἡ
1470 2764 1596 2829 ζωὴ,
1642 2760 1748 2812 ἀλλ’
1780 2761 1863 2814 ἐπὶ

264 2857 323 2903 τὸ
374 2851 569 2923 βέλτιον
628 2848 937 2923 ὃιημείφθτγ
983 2851 1039 2902 οὐ
1092 2859 1156 2922 γῆ
1200 2849 1499 2923 κατέκρυψε
1537 2854 1622 2901 τὸν
1663 2849 1864 2922 ἀγαπη-

263 2946 371 3004 τὸν,
421 2940 528 2992 ἀλλ’
578 2940 793 3014 οὐρανὸς
876 2936 1180 3002 ὑπεδέξατο.
1243 2944 1441 3014 Μικρὸν
1492 2939 1860 3012 ἀναμείνωμεν,

261 3036 355 3081 καὶ
401 3032 723 3101 συνεσόμεθα
759 3037 831 3080 τῶ
878 3031 1200 3100 ποθουμένω.
1235 3025 1375 3081 Ουὸε
1431 3028 1584 3088 πολὺς
1615 3030 1640 3080 ὁ
1674 3034 1865 3101 χρόνος
1895 3010 1934 3066 C

263 3127 361 3180 τῆς
410 3115 755 3184 διαστάσεως,
805 3120 1009 3169 πάντων
1058 3122 1231 3189 ὥσπερ
1265 3117 1313 3169 ἐν
1335 3115 1443 3188 οὸᾠ
1464 3126 1535 3187 τῷ
1564 3116 1666 3190 βίῳ
1698 3122 1863 3188 τούτῳ

262 3213 396 3283 πρὸς
453 3214 511 3260 τὸ
561 3210 685 3261 αὐτὸ
746 3214 1074 3279 καταγώγιον
1123 3208 1481 3279 ἐπειγομένων·
1517 3208 1565 3260 έν
1696 3210 1721 3260 ὁ
1774 3212 1863 3280 μὲν

260 3297 636 3370 προκατεὶαϐεν
695 3300 792 3367 (3),
841 3300 867 3349 ὁ
932 3294 989 3349 δε
1073 3297 1309 3365 ἐπῆλθεν,
1367 3300 1391 3348 ο
1460 3294 1518 3349 δὲ
1584 3297 1861 3367 ἐπείγεται,

262 3389 459 3447 πάντας
508 3383 565 3439 δε
620 3387 668 3439 ἓν
714 3383 1038 3457 ὑποδέχεται
1076 3385 1237 3447 τέλος.
1284 3386 1341 3439 Εἰ
1372 3389 1474 3460 γὰρ
1533 3392 1621 3438 καὶ
1684 3388 1863 3439 θᾶττον

264 3481 357 3533 τὴν
406 3473 528 3527 ὁδὸν
577 3475 875 3541 κατέλυσεν,
930 3474 1059 3526 ἀλλὰ
1108 3476 1294 3535 πάντες
1330 3480 1424 3533 τὴν
1455 3475 1618 3534 αὐτὴν
1653 3481 1864 3548 πορευό-

262 3567 437 3637 μεθα,
504 3569 595 3617 καὶ
709 3566 905 3625 πάντας
970 3569 1029 3616 τὸ
1101 3565 1225 3617 αντό
1279 3564 1514 3636 ἀναμένει
1569 3566 1860 3637 κατάλυμα.

264 3655 655 3727 Ἀναμνὴσθητι
731 3662 821 3706 τοῦ
879 3662 972 3706 σοῦ
1020 3658 1235 3727 πατρὸς,
1269 3658 1345 3708 ὅτι
1400 3657 1629 3713 τέθνηκε.
1664 3660 1727 3708 Τί
1777 3652 1863 3707 οὖν

264 3747 587 3817 θαυμαστὸν,
638 3742 692 3796 ἐκ
750 3745 939 3801 θνητοῦ
996 3746 1321 3815 γεννηθέντα,
1388 3746 1575 3801 θνητοῦ
1622 3747 1863 3815 γενέσθαι

260 3840 500 3908 πατέρα;
550 3837 617 3885 To
669 3829 727 3885 δὲ
767 3836 867 3908 πρὸ
923 3835 1077 3907 ὧρας,
1131 3839 1219 3886 καὶ
1258 3838 1378 3906 πρὶν
1418 3836 1734 3908 κορεσθῆναι
1770 3842 1861 3887 τοῦ

262 3923 409 3994 βίου,
470 3928 559 3975 καὶ
612 3926 732 3994 πρὶν
774 3921 845 3985 εἰς
897 3928 1078 3995 μέτρον
1142 3922 1350 3984 ἡλικίας
1416 3921 1594 3987 ἐλθεῖν,
1628 3928 1717 3974 καὶ
1768 3942 1861 3994 pa-

257 4022 410 4071 νῆναι
460 4020 569 4073 τοῖς
600 4012 908 4086 ἀνθρώποις,
950 4018 1039 4064 καὶ
1072 4009 1343 4084 διαδοχὴν
1369 4020 1459 4064 τοῦ
1497 4017 1677 4084 γένους
1701 4032 1862 4064 κατα·

255 4104 445 4156 λιπεῖν·
516 4112 683 4155 ταῦτα
738 4110 832 4155 οὒκ
863 4102 1085 4165 αὔξησις
1122 4112 1213 4155 του
1257 4105 1477 4168 πάθους,
1523 4101 1650 4155 ἀλλά
1698 4122 1861 4177 παρα-

256 4196 426 4267 μυθία
477 4202 566 4245 τοῦ
624 4197 895 4265 γεγονότος
951 4190 1111 4257 ἐστὶν,
1154 4194 1235 4245 ὅτι
1284 4198 1354 4265 μὴ
1424 4192 1685 4245 κατῦκπεν
1730 4195 1857 4268 ὑπὲρ

257 4293 358 4356 γῆς
418 4283 617 4357 ὀρφανά
662 4287 840 4335 τέκνα*
907 4284 987 4334 ὅτι
1054 4286 1124 4354 μὴ
1180 4290 1402 4354 γυναῖκα
1461 4288 1637 4358 χήραν
1689 4283 1859 4354 θλίψει

258 4380 440 4449 μακρᾴ
492 4370 703 4425 ἔκδοτον
762 4370 974 4444 ἀφῆκεν,
1018 4370 1047 4429 ἢ
1098 4366 1252 4445 ἀνδρὶ
1294 4371 1445 4444 ἑτέρῳ
1490 4382 1854 4443 συνοικοῦσαν,
1892 4368 1933 4421 D

257 4470 345 4516 καὶ
406 4472 506 4515 τῶν
554 4468 811 4539 προτέρων
859 4466 1045 4515 τέκνων
1087 4461 1501 4533 καταμελοῦσαν.
1547 4468 1615 4515 Τὸ
1674 4460 1753 4531 δὲ,
1782 4466 1861 4517 ὅτι

259 4554 319 4604 ον
378 4554 641 4626 παρετάθη
692 4561 763 4623 τῷ
821 4550 924 4624 βίῳ
968 4554 1136 4623 τούτῳ
1198 4552 1223 4609 ἡ
1269 4552 1376 4612 ζωὴ
1418 4559 1509 4604 του
1540 4549 1753 4620 παιδὸς,
1788 4558 1862 4613 τίς

258 4643 426 4705 οὑτως
483 4641 754 4715 ἀγνώμων,
815 4643 884 4703 ὡς
948 4644 1020 4713 μὴ
1076 4644 1133 4693 τὸ
1192 4645 1437 4713 μέγιστον
1498 4650 1594 4693 των
1653 4640 1860 4713 ἀγαθῶν

258 4742 414 4786 τοῦτο
443 4734 673 4806 νομίζειν
707 4732 873 4800 dim;
905 4730 962 4784 Ἠ
993 4733 1095 4805 γὰρ
1144 4730 1228 4783 ἐπὶ
1265 4730 1435 4784 πλεῖον
1483 4732 1704 4783 ἐνταυθα
1734 4728 1767 4783 ὃ
1776 4753 1859 4783 ια-

255 4822 436 4896 τριϐὴ,
467 4821 708 4875 πλειόνων
737 4829 907 4873 κακῶν
948 4821 1087 4873 ἐστιν
1117 4820 1349 4895 ἀφορμὴ.

329 4916 384 4973 9.
416 4917 565 4974 Τίνος
622 4912 780 4964 ἕνεκεν
838 4911 965 4983 οὐχὶ
1013 4912 1176 4967 θνητὰ
1220 4917 1417 4983 φρονεῖν
1463 4914 1578 4983 περὶ
1618 4918 1707 4962 τοῦ
1742 4911 1857 4969 θνηο

256 4998 351 5055 τοῦ
408 5002 770 5077 προειθίσθης,
817 5000 926 5053 ἀλλ’
967 4996 1368 5073 ἀπροσδόκητον
1409 5007 1499 5052 τοῦ
1547 4997 1741 5061 παιδὸς
1770 5004 1855 5052 τὸν

258 5093 480 5145 θάνατον
527 5087 863 5165 προσεδέξω;
924 5097 1045 5143 Ὂτε
1093 5109 1178 5143 σοι
1232 5098 1435 5164 πρῶτον
1482 5088 1705 5161 ἠγγελθη
1764 5097 1854 5142 τοῦ

327 5258 378 5291 τε
415 5252 547 5321 Job,
579 5271 621 5323 1,
642 5259 729 5311 2t.

330 5435 415 5517 (ιχ
432 5432 713 5556 Ἀζείλετο.
748 5432 1001 5504 Uterque
1026 5430 1216 5489 codex
1247 5430 1298 5487 ei
1324 5428 1503 5487 editio
1533 5429 1731 5502 prima
1750 5432 1856 5486 Pa-

330 5524 366 5556 ἱ.
392 5524 509 5556 αωει
531 5525 653 5556 ατο.

259 5522 366 5563 l‘lS.
392 5522 653 5577 αφευοιτο,

335 5580 417 5647 (2)
436 5582 742 5651 Xprla’omt.
766 5574 1225 5651 deex_Regius
1258 5578 1413 5640 1992,
1442 5579 1751 5651 χαρίοαντι.

338 5650 418 5719 (3)
486 5646 900 5721 Ϊῐροκατέλαϐεν,
957 5648 1279 5705 Contextus
1353 5646 1756 5720 npomrﬂuoav,
1810 5648 1867 5701 et

1472 310 1706 373 SEHMO
1745 312 1846 368 XI.
1883 336 1951 352 --
2009 313 2100 368 DE
2154 315 2405 374 MORTE.

3480 324 3618 377 1270

1980 453 2191 494 omnes
2236 441 2555 499 nobiscum
2605 448 2867 514 gemant,
2928 444 3255 501 infortunio
3310 444 3621 517 planctum

1974 528 2297 600 adaequare
2329 538 2641 602 poterunt:
2676 535 2797 589 imo
2825 535 3057 590 etiamsi
3094 534 3411 591 ﬂuviorum
3444 550 3618 607 aqua:

1972 616 2255 688 lacrymte
2278 621 2444 688 tiant,
2478 624 2811 694 nequibunt
2843 639 3019 678 casus
3050 624 3206 679 illius
3231 624 3497 679 lamenta
3526 640 3623 679 ex-

1973 707 2177 779 pleret.
2191 711 2263 777 (4)
2294 716 2484 775 Quare
2503 712 2871 780 adhortorte,
2890 718 2951 767 ut
2978 718 3290 768 strenuum
3306 714 3616 778 athletam,

1972 802 2037 851 ut
2063 803 2271 853 contra
2302 800 2496 870 plagae
2518 802 2998 870 magnitudinem
3021 802 3331 873 obnitaris,
3357 819 3468 859 nec
3492 818 3622 857 suc-

1974 885 2229 941 cumbas
2262 888 2508 960 ponderi
2542 890 2789 955 doloris,
2819 907 3015 961 neque
3060 892 3440 948 absorbearis
3488 891 3622 947 ani-

1972 992 2073 1031 mo
2099 994 2111 1041 ;
2138 992 2496 1047 persuasum
2516 979 2770 1045 habens,
2803 980 2910 1033 etsi
2941 981 3207 1036 rationes
3235 997 3445 1037 eorum
3484 996 3620 1053 quae

1972 1081 2008 1120 a
2037 1068 2153 1121 Deo
2184 1066 2758 1138 dispensantur,nos
2789 1069 2990 1134 latent,
3021 1073 3079 1124 at
3102 1068 3368 1141 proiecto
3394 1070 3562 1141 quod
3586 1086 3623 1126 θ.

1972 1158 2240 1228 sapiente
2254 1173 2482 1229 nosque
2497 1165 2735 1214 amante
2748 1160 3155 1230 dispensatur,
3172 1159 3617 1231 accipiendum,

1972 1246 2210 1301 etiamsi
2243 1246 2558 1302 molestum
2590 1248 2687 1304 sit.
2718 1250 2885 1304 Novit
2927 1248 3085 1303 enim
3118 1249 3268 1320 ipse,
3310 1246 3621 1319 quomodo

1972 1336 2298 1406 unicuique
2320 1336 2547 1391 dividat
2577 1337 2743 1407 quod
2771 1338 2909 1392 utile
2936 1344 3043 1405 est,
3072 1342 3127 1391 et
3158 1353 3345 1409 quam
3369 1337 3448 1392 ob
3479 1351 3623 1391 cau-

1972 1442 2103 1480 sam
2156 1426 2485 1497 inaequales
2534 1427 2664 1481 VlttB
2710 1430 3000 1482 terminos
3050 1427 3226 1482 nobis
3269 1426 3618 1499 praestituat.

1972 1516 2247 1571 Estenim
2278 1532 2465 1572 causa
2523 1516 2727 1589 aliqua
2762 1517 3112 1573 hominibus
3156 1518 3617 1589 indeprehensa,

1970 1605 2050 1660 ob
2081 1621 2266 1677 quam
2294 1604 2393 1661 alii
2423 1605 2669 1676 quidem
2703 1606 2875 1661 citius
2922 1606 3063 1661 hinc
3089 1606 3490 1678 abripiuntur,
3522 1604 3622 1661 alii

1970 1710 2111 1750 vero
2152 1694 2375 1749 diutius
2415 1695 2475 1750 in
2518 1694 2633 1749 bac
2679 1695 3031 1752 calamitosa
3060 1696 3183 1752 vita
3212 1696 3291 1751 ad
3314 1709 3620 1751 aerumnas

1971 1784 2357 1856 perferendas
2390 1784 2827 1856 relinquuntur.
2864 1790 3066 1858 Itaque
3096 1786 3156 1841 in
3198 1784 3488 1842 omnibus
3517 1784 3622 1841 ad-

1969 1889 2141 1928 orare
2180 1872 2337 1927 illius
2398 1874 2456 1928 in
2514 1889 2627 1929 nos
2670 1889 2943 1932 amorem
2974 1874 3288 1939 debemus,
3318 1890 3431 1931 nec
3462 1889 3620 1945 aegre

1968 1963 2118 2018 ferre
2140 1981 2154 2027 ;
2186 1979 2481 2019 memores
2503 1980 2739 2034 magnae
2763 1965 2920 2020 illius
2937 1970 2993 2020 et
3015 1965 3416 2021 celeberrimas
3434 1966 3619 2034 vocis,

1968 2068 2157 2124 quam
2186 2068 2444 2123 magnus
2473 2053 2569 2109 ille
2601 2053 2823 2111 athleta
2851 2054 2960 2111 Job
2986 2055 3203 2124 emisit,
3236 2070 3375 2110 cum
3404 2055 3465 2109 in
3497 2068 3618 2110 uno

1970 2142 2249 2197 convivio
2274 2141 2496 2197 liberos
2519 2142 2727 2198 decem
2749 2143 2965 2213 exiguo
2994 2144 3282 2216 temporis
3309 2148 3619 2199 momento

1971 2247 2300 2303 Oppressos
2316 2230 2465 2287 vidit
2488 2249 2500 2286 :
2527 2233 2803 2288 Dominus
2820 2232 3003 2300 dedit,
3028 2234 3317 2289 Dominus
3337 2234 3616 2289 abstulit:

1971 2322 2121 2376 sicut
2151 2322 2403 2377 Domino
2427 2322 2741 2388 visum,ita
2756 2328 2811 2378 et
2828 2324 3064 2391 factum
3094 2329 3177 2377 est
3195 2324 3269 2375 τε.
3292 2320 3623 2377 Admirabi-

1970 2410 2089 2466 lem
2118 2410 2281 2466 illam
2311 2428 2520 2467 vocem
2551 2417 2822 2468 nostram
2850 2412 3141 2469 faciamus
3167 2431 3179 2467 :
3213 2428 3324 2484 par
3343 2427 3624 2468 mercesa

1968 2500 2128 2569 justo
2162 2500 2366 2570 judice
2414 2502 2587 2573 paria
2627 2501 2914 2573 praeclare
2948 2502 3107 2558 facta
3145 2502 3621 2572 designantibus.

1973 2591 2101 2643 Non
2129 2605 2341 2652 sumus
2370 2589 2492 2644 tilio
2515 2589 2708 2645 orbati
2737 2606 2748 2642 :
2774 2591 2878 2645 sed
2904 2591 3273 2646 restituimus
3296 2591 3346 2646 ei
3368 2590 3471 2663 qui
3496 2606 3626 2646 mu-

1972 2682 2075 2732 tuo
2095 2677 2363 2733 dederat.
2390 2681 2591 2750 Neque
2621 2680 2915 2737 exstincta
2945 2686 3031 2735 est
3056 2680 3212 2735 illius
3243 2679 3382 2746 vita,
3416 2679 3522 2735 sed
3559 2679 3621 2735 in

1973 2767 2187 2822 melius
2218 2773 2623 2824 transmutata
2657 2786 2669 2824 :
2704 2784 2900 2841 neque
2930 2769 3156 2824 humus
3194 2768 3482 2825 dilectum
3511 2784 3623 2824 no-

1975 2862 2163 2911 strum
2190 2857 2429 2918 obtexit.
2460 2857 2565 2912 sed
2593 2858 2813 2913 cielum
2844 2857 3124 2928 suscepit.
3170 2857 3475 2929 Paulisper
3525 2872 3624 2912 ex-

1974 2950 2349 3016 spectemus;
2383 2950 2439 3001 et
2472 2960 2595 3001 una
2626 2962 2765 3000 cum
2823 2961 2893 3001 eo
2942 2960 3123 3016 quem
3181 2944 3622 3011 desideramus,

1974 3034 2214 3088 erimus.
2256 3036 2457 3105 Neque
2487 3032 2739 3104 longum
2770 3038 2863 3089 est
2919 3039 3158 3105 tempus
3212 3032 3619 3104 sejunctionis,

1974 3138 2113 3178 cum
2170 3138 2383 3177 omnes
2414 3124 2475 3177 in
2529 3123 2644 3178 hac
2680 3123 2801 3179 vita
2832 3128 3123 3195 tanquam
3154 3124 3213 3178 in
3241 3124 3335 3178 via
3356 3122 3435 3178 ad
3459 3122 3622 3177 idem

1974 3212 2376 3267 diversorium
2400 3212 2801 3268 contendant:
2826 3213 2885 3267 in
2906 3212 3072 3285 quod
3091 3213 3186 3268 hic
3207 3214 3334 3284 jam
3354 3212 3621 3281 advenit,

1973 3301 2071 3357 ille
2113 3302 2476 3373 supervenit,
2533 3302 2677 3358 alter
2729 3304 3011 3357 festinat:
3067 3302 3202 3357 ﬁnis
3234 3307 3435 3358 autem
3467 3317 3622 3357 unus

1973 3407 2187 3447 omnes
2244 3391 2518 3462 excipiet.
2576 3392 2692 3446 Etsi
2742 3392 2902 3446 enim
2928 3392 3103 3447 citius
3154 3392 3315 3447 viam
3347 3390 3619 3453 confecit,

1972 3480 2253 3536 eamdem
2278 3496 2490 3537 omnes
2518 3480 2909 3551 ingredimur,
2934 3496 3267 3553 omnesque
3300 3481 3457 3536 idem
3488 3495 3622 3535 ma-

1972 3574 2073 3625 net
2123 3569 2545 3624 diversorium.
2604 3572 2680 3640 (5)
2729 3572 2839 3625 Fac
2878 3569 3206 3626 recorderis
3271 3570 3456 3642 patris
3516 3569 3659 3637 tui,-

1971 3658 2074 3730 qui
2110 3663 2383 3713 mortuus
2438 3663 2548 3714 est.
2598 3658 2751 3723 Quid
2790 3659 2970 3727 igitur
3002 3659 3243 3727 mirum,
3274 3674 3341 3713 ex
3386 3656 3624 3713 mortali

1972 3747 2265 3816 genitum,
2298 3747 2567 3801 mortalis
2599 3751 2831 3818 patrem
2854 3746 3080 3802 factum
3107 3748 3286 3801 esse?
3314 3745 3486 3811 Quod
3512 3761 3621 3800 au-

1970 3840 2090 3891 tem
2142 3835 2484 3903 immature,
2541 3842 2599 3891 et
2646 3836 3001 3908 priusquam
3079 3836 3200 3891 vita
3278 3836 3616 3900 satiaretur,

1972 3925 2331 3995 priusquam
2357 3922 2435 3979 ad
2466 3924 2658 3980 (etatis
2692 3940 3041 3980 mensuram
3066 3925 3422 3997 perveniret,
3453 3928 3510 3980 et
3534 3923 3620 3979 in-

1970 4014 2695 4083 notescerethominibus,
2728 4030 2796 4069 ac
2824 4016 3060 4083 generis
3101 4015 3461 4087 relinqueret
3485 4030 3621 4069 suc-

1971 4105 2305 4159 cessionem
2335 4121 2347 4157 :
2381 4120 2771 4176 nequaquam
2796 4104 2925 4159 haec
2952 4104 3175 4160 doloris
3204 4104 3492 4172 accessio,
3516 4104 3622 4159 sed

1972 4199 2221 4250 eventus
2266 4198 2404 4249 sunt
2458 4193 2757 4259 solatium,
2810 4194 2977 4265 quod
3031 4210 3152 4249 non
3202 4194 3504 4267 reliquerit
3559 4194 3621 4249 in

1974 4290 2128 4341 terra
2150 4283 2368 4340 liberos
2398 4284 2603 4349 orbos,
2635 4299 2744 4338 nec
2784 4283 3032 4339 viduam
3056 4289 3157 4339 aut
3186 4284 3473 4339 {erumnis
3493 4283 3623 4338 diu-

1974 4374 2163 4430 turnis
2214 4372 2565 4438 obnoxiam,
2607 4377 2711 4428 aut
2757 4388 2895 4426 cum
2928 4372 3112 4427 altero
3152 4372 3280 4426 viro
3318 4372 3618 4426 habitatu-

1969 4481 2101 4521 ram
2133 4469 2189 4519 et
2218 4462 2436 4518 liberos
2476 4462 2705 4533 priores
2737 4459 3144 4531 neglecturum
3202 4458 3373 4524 Quod
3416 4464 3619 4514 autem

1968 4554 2090 4609 vita
2134 4552 2305 4624 pueri
2360 4551 2596 4620 longius
2644 4550 2703 4604 in
2748 4549 2862 4604 hoc
2910 4548 3130 4603 saeculo
3161 4546 3455 4618 producta
3492 4562 3617 4603 non

1969 4644 2113 4709 fuit;
2146 4644 2282 4714 quis
2326 4641 2478 4697 adeo
2527 4639 3033 4707 inconsideratuzs,
3070 4642 3131 4692 ut
3170 4638 3228 4692 id
3279 4637 3614 4694 maximum

1966 4730 2268 4786 bonorum
2326 4743 2457 4783 esse
2506 4742 2627 4781 non
2673 4725 2942 4795 judicct?
3003 4726 3258 4795 Longior
3315 4726 3474 4781 enim
3515 4726 3614 4781 hic

1966 4816 2381 4879 commoratio,
2416 4814 2716 4870 malorum
2750 4814 3011 4885 plurium
3043 4816 3283 4871 occasio
3314 4820 3421 4873 est.

2042 4907 2217 4981 538
2230 4912 2280 4961 9.
2301 4906 2377 4975 (6)
2393 4907 2688 4971 Quorsum
2704 4919 2822 4958 non
2840 4904 3002 4975 prius
3026 4906 3345 4961 assuevisti
3366 4906 3439 4960 de
3454 4920 3611 4961 mor-

1965 4998 2064 5054 tali
2088 4995 2336 5053 mortale
2358 4992 2653 5066 quiddam
2695 4993 2933 5061 sentire,
2951 4994 3055 5050 sed
3079 5000 3333 5051 mortem
3357 4995 3463 5048 ﬁlii
3487 5011 3615 5049 sus-

1962 5087 2173 5161 cepisti
2194 5089 2408 5158 prmter
2428 5083 2975 5155 exspectationem?
3000 5090 3174 5142 Ortus
3196 5085 3299 5141 lilii
3331 5099 3468 5140 cum
3505 5083 3613 5140 tibi

1961 5429 2135 5498 infra,
2162 5431 2603 5491 συνοικήσουσαν,
2628 5430 2684 5484 et
2715 5426 2975 5499 καταμε).ἠ
2989 5444 3203 5479 σουσαν.

2038 5503 2116 5573 (li)
2150 5502 2231 5555 Ex
2260 5500 2432 5573 epist.
2464 5502 2636 5563 v,78.

2040 5571 2115 5644 (ὅ)
2148 5575 2227 5627 Ex
2256 5571 2428 5644 epist.
2457 5573 2721 5637 (1(ἷο,436.

2045 5641 2118 5713 (6)
2150 5645 2227 5698 Ex
2259 5641 2425 5699 hom.
2454 5644 2516 5697 in
2548 5648 2729 5699 mari.
2754 5641 3052 5713 Julitlam,
3087 5643 3174 5697 73.
