4068 6220
478 282 612 339 1271

1443 277 1808 336 APPENDIX.
1851 308 1918 319 —
1968 275 2311 336 SYMEONIS
2349 273 2880 334 METAPHRASTE

3715 274 3846 327 1272

474 408 740 481 primum
793 404 1103 462 nuntiatus
1159 407 1268 473 est,
1319 404 1367 459 si
1404 404 1541 477 quis
1583 410 1634 461 te
1699 403 2126 475 interrogasset

2256 403 2455 463 ιὶἐωςό
2505 403 2727 468 τοκετὸς,
2770 404 2814 453 εἰ
2862 404 2936 460 τίς
2994 419 3052 452 σε
3093 401 3276 471 εἴρετο,
3336 400 3574 451 Ποταπόν
3626 393 3743 447 ἐστι
3793 399 3842 447 τό

476 496 654 570 quale
685 499 845 551 esset
875 493 1042 566 quod
1082 497 1293 549 natum
1351 498 1457 560 est,
1495 494 1789 566 quidnam
1832 498 1972 549 tunc
2011 509 2134 548 res-

475 584 846 658 pondisscs?
879 581 1122 638 aliudne
1156 581 1436 650 dixisses,
1470 582 1584 638 nisi
1615 583 1782 655 quod
1830 582 2016 638 homo
2063 580 2138 635 sit

477 672 644 745 quod
674 676 883 728 natum
907 672 1031 726 est?
1054 670 1225 736 Quod
1248 671 1295 726 si
1318 671 1520 742 homo,
1539 671 1746 744 utique
1769 676 1822 726 et
1845 670 2132 726 mortalis.

479 760 630 826 Quid
656 761 839 830 igitur
871 760 1025 824 miri,
1050 760 1101 815 si
1124 764 1403 816 mortuus
1444 766 1532 816 est
1569 760 1882 816 mortalis?
1922 769 2136 814 Annon

476 850 643 906 vides
658 849 844 905 solem
860 848 1147 904 orientem
1163 854 1220 904 et
1235 849 1611 905 occidentem
1625 850 1652 905 ‘?
1674 865 1796 904 non
1811 850 1972 904 vides
1986 865 2142 904 cres-

479 939 936 996 centemlunam
965 943 1021 993 et
1037 938 1481 994 decrescentem
1505 940 1532 994 ?
1555 955 1677 994 non
1700 943 1921 994 terram
1939 938 2136 994 viren-

479 1034 620 1096 tem,
663 1027 881 1084 deinde
931 1033 1299 1084 arescentem
1328 1029 1354 1082 ?
1391 1027 1544 1093 Quid
1578 1028 1760 1099 igitur
1810 1028 2052 1096 mirum,
2086 1028 2138 1083 si

478 1134 591 1175 nos
622 1133 868 1189 quoque
900 1132 1034 1171 cum
1078 1133 1219 1188 pars
1255 1117 1446 1172 simus
1489 1117 1720 1183 mundi,
1765 1133 1974 1172 eorum
2002 1133 2138 1189 qua:

479 1206 693 1262 mundi
718 1222 830 1260 sun
849 1209 885 1273 I,
914 1205 1235 1278 participes
1259 1206 1491 1262 simus?
1516 1206 1643 1262 Filii
1662 1205 2022 1275 eharissimi,
2039 1211 2142 1261 aut

482 1296 687 1352 uxoris
718 1295 1099 1365 gratissimae,
1129 1300 1233 1351 aut
1267 1295 1510 1351 alterius
1542 1296 1634 1367 cuj
1649 1297 1885 1368 uspiam
1930 1311 2141 1352 eorum

483 1385 588 1458 qui
609 1389 748 1441 sunt
771 1384 1212 1455 amicissimi,et
1229 1386 1396 1441 omni
1412 1385 1834 1442 benevolentia
1847 1391 2027 1459 atque
2041 1401 2141 1441 ne-

485 1473 850 1530 cessitudine
894 1474 1220 1544 conjuncti,
1246 1474 1524 1546 privatio,
1552 1475 2034 1547 haudquaquam
2056 1474 2142 1529 fu-

487 1568 619 1620 tura
633 1568 724 1620 est
739 1563 992 1619 molesta
1004 1568 1060 1620 et
1080 1564 1280 1634 gravis
1302 1563 1536 1620 homini
1553 1564 1828 1637 provido,
1843 1570 1900 1621 et
1915 1568 2141 1621 rectam

484 1654 780 1709 rationem
807 1652 940 1708 vitae
967 1652 1187 1708 ducem
1217 1652 1488 1722 habenti,
1513 1669 1635 1710 non
1661 1659 1864 1710 autem
1891 1671 1961 1710 ex
1994 1668 2141 1710 con-

489 1741 813 1799 suetudine
853 1742 1121 1814 quadam
1153 1741 1474 1798 incedenti.
1502 1745 1650 1799 Nam
1683 1743 2143 1800 acerbissimum

488 1836 581 1888 est
637 1830 728 1887 vel
762 1831 912 1904 ipsis
950 1830 1142 1888 brutis
1184 1832 1597 1888 animantibus
1644 1850 1682 1889 a
1715 1835 2147 1890 consuetudine

492 1920 684 1978 avelli.
712 1920 1002 1994 Equidem
1029 1937 1141 1992 ego
1173 1921 1298 1994 ipse
1326 1922 1444 1978 vidi
1475 1922 1809 1995 aliquando
1835 1923 2055 1980 bovem
2087 1924 2147 1980 in

488 2011 750 2085 praesepi
768 2011 1268 2084 illacrymantem,
1286 2017 1497 2084 pastus
1521 2029 1590 2069 ac
1614 2014 1745 2084 jugi
1769 2014 1934 2070 socio
1956 2021 2148 2071 morte

492 2101 604 2157 sibi
640 2105 959 2174 praerepto.
1003 2101 1340 2166 Quinetiam
1370 2101 1574 2158 videre
1619 2107 1708 2158 est
1738 2103 1998 2175 reliquas
2026 2104 2148 2160 bel-

489 2190 624 2247 luas
657 2190 1078 2246 consuetudini
1121 2187 1295 2246 valde
1328 2190 1668 2247 admodum
1713 2192 2145 2251 adhaerescere.

566 2281 651 2335 10.
676 2283 750 2350 (t)
772 2283 896 2334 Non
921 2279 1260 2334 existimavi
1283 2295 1526 2352 aequum
1553 2297 1687 2336 esse
1710 2286 1775 2338 ut
1795 2282 1989 2338 ofﬁcio
2014 2300 2148 2340 meo

492 2368 791 2436 deessem,
810 2383 919 2423 nec
941 2367 1020 2423 ad
1052 2371 1126 2437 te,
1158 2384 1294 2441 quas
1320 2369 1476 2425 illius
1497 2374 1687 2427 mater
1708 2387 1789 2438 es,
1807 2389 2148 2429 sermonem

493 2462 921 2514 converterem.
971 2458 1116 2513 Novi
1165 2458 1370 2530 qualia
1412 2460 1531 2516 sint
1579 2466 1839 2517 matrum
1884 2463 2146 2530 viscera;

494 2551 678 2618 atque
705 2547 959 2617 conjicio
1005 2553 1304 2619 quantum
1326 2549 1642 2621 probabile
1666 2551 1738 2606 sit
1761 2551 1822 2606 in
1844 2553 2150 2624 praesenti-

493 2635 609 2692 bus
661 2636 838 2692 malis
887 2637 1153 2693 dolorem
1210 2654 1359 2693 esse.
1411 2638 1620 2695 Filium
1660 2641 1935 2709 amisisti,
1968 2659 2151 2714 quem

495 2724 797 2781 viventem
811 2731 1030 2783 matres
1045 2744 1256 2783 omnes
1272 2729 1685 2800 praedicabant
1699 2732 1962 2798 beatam,
1977 2735 2155 2790 tales-

495 2830 613 2887 que
651 2831 794 2872 suos
843 2832 972 2872 esse
1011 2817 1347 2888 optabant;
1385 2825 1691 2876 mortuum
1723 2837 1865 2877 vero
1900 2823 2152 2894 perinde

495 2902 798 2972 luxerunt,
831 2921 897 2960 ac
947 2906 993 2961 si
1037 2922 1214 2962 suum
1261 2923 1521 2980 quaeque
1545 2909 1732 2966 humo
1764 2912 2152 2969 contexisset.

497 2992 658 3048 Illius
676 3009 840 3050 mors
869 2995 1052 3067 plaga
1075 2995 1296 3051 exstitit
1316 2998 1524 3068 patriae
1547 3017 1560 3067 ;
1585 3000 1837 3055 cumillo
1860 3016 2151 3072 magnum

499 3088 555 3139 et
612 3085 841 3142 illustre
887 3101 1079 3155 genus
1135 3087 1645 3159 concidit,veluti
1694 3090 1884 3147 fulcro
1916 3091 2154 3148 sublato

499 3189 886 3230 concussum.
922 3177 964 3231 Ο
995 3175 1309 3232 incursum
1337 3177 1484 3234 mali
1513 3179 1825 3248 daemonis,
1855 3188 2155 3253 quantum

500 3261 692 3334 potuit
720 3263 864 3318 mali
890 3265 1162 3334 patrare!
1199 3267 1242 3323 Ο
1284 3269 1442 3322 terra
1483 3267 1661 3323 talem
1709 3275 1918 3325 coacta
1963 3270 2156 3326 susci-

501 3364 641 3420 pere
678 3351 923 3405 casum!
983 3354 1216 3408 Horruit
1254 3354 1403 3410 forte
1445 3355 1576 3427 ipse
1607 3356 1717 3421 sol.
1752 3359 1799 3412 si
1829 3359 1964 3430 quis
1992 3359 2050 3414 in
2084 3375 2155 3415 eo

503 3453 741 3506 sensus,
772 3439 931 3496 triste
953 3440 1099 3497 illud
1123 3443 1554 3514 spectaculum.
1580 3447 2040 3518 litquistantum
2071 3448 2157 3504 di-

500 3542 632 3582 cere
662 3528 896 3599 poterit,
919 3536 1217 3602 quantum
1234 3533 1412 3606 inops
1431 3533 1657 3590 consilii
1681 3536 1920 3592 animus
1943 3553 2156 3609 sugge-

500 3616 620 3672 rit?
647 3618 862 3674 Verum
906 3625 1113 3677 nostra
1160 3637 1283 3678 non
1312 3623 1468 3679 ﬁunt
1509 3623 1654 3680 citra
1689 3626 2153 3698 providentiam,

498 3707 1025 3778 quemadmodum
1045 3709 1105 3766 in
1133 3711 1490 3782 Evangelico
1508 3713 1850 3783 didicimus,
1866 3731 1939 3771 ne
1959 3732 2156 3789 passe-

499 3811 628 3852 rem
655 3797 905 3869 quidem
930 3800 1145 3857 cadere
1169 3801 1296 3856 sine
1330 3801 1635 3859 voluntate
1663 3803 1854 3860 Patris
1870 3805 2057 3861 nostri
2084 3807 2153 3860 77.

502 3887 696 3951 Quare
717 3887 762 3942 si
781 3890 926 3962 quid
942 3891 1206 3962 contigit,
1228 3891 1534 3948 voluntate
1559 3895 1805 3962 contigit
1821 3895 2156 3951 Conditoris

499 3977 862 4039 nostri.Quis
880 3981 1081 4032 autem
1100 3978 1510 4036 Deivoluutati
1525 3981 1800 4037 resistit”
1815 3982 1842 4036 ?
1863 3983 2162 4056 Suscipia-_

498 4077 637 4116 mus
659 4063 826 4133 quod
855 4065 1099 4131 accidit;
1124 4067 1379 4122 moleste
1405 4069 1563 4125 enim
1587 4069 1861 4136 ferentes,
1879 4088 2072 4144 neque
2095 4073 2153 4127 id

499 4151 668 4220 quod
699 4150 920 4206 factum
955 4157 1042 4208 est
1073 4170 1446 4226 reparamus,
1478 4172 1545 4213 ac
1580 4163 1865 4229 praetcrea
1894 4165 2158 4218 uosmet-

499 4238 664 4308 ipsos
691 4240 1113 4311 perdimus.l\'c
1137 4243 1693 4316 culpcmusjustum
1719 4247 2154 4318 Deijudicium.

500 4327 761 4385 Nimium
805 4329 1066 4402 imperiti
1115 4349 1344 4402 sumus,
1396 4351 1586 4407 quam
1625 4341 1691 4391 ut
1729 4352 1955 4393 arcana
2002 4339 2157 4394 illius

495 4416 726 4489 judicia
757 4419 1159 4491 exploremus.
1190 4426 1356 4479 Nunc
1402 4425 1690 4481 Dominus
1733 4426 1958 4483 amoris
1997 4428 2058 4483 in
2091 4444 2153 4484 se

502 4509 584 4564 tui
607 4509 940 4581 periculum
972 4512 1134 4568 facit.
1160 4514 1284 4569 Tibi
1320 4530 1482 4571 nunc
1527 4522 1764 4590 tempus
1796 4522 1900 4588 est,
1944 4522 2007 4574 ut
2049 4534 2154 4590 per

497 4598 850 4668 patientiam
882 4607 1116 4672 partem
1144 4607 1481 4676 martyrum
1505 4621 1902 4680 consequare.
1926 4608 2132 4664 Macha

497 4684 772 4742 baeorum
787 4692 1268 4763 mater7°septem
1281 4683 1542 4750 ﬁliorum
1558 4701 1930 4752 mortemcon
1940 4698 2154 4768 spexit,

499 4775 936 4846 necingemuit,
971 4795 1081 4836 nec
1110 4781 1405 4852 ignobiles
1429 4783 1736 4856 lacrymas
1769 4785 1980 4842 eﬁ‘udit
2008 4802 2020 4841 :
2048 4787 2154 4842 sed

498 4865 720 4935 gratias
766 4882 953 4936 agens
987 4872 1125 4940 Deo,
1151 4873 1317 4944 quod
1358 4873 1587 4931 videret
1611 4891 1713 4931 eos
1739 4876 1878 4946 igne
1909 4880 1964 4931 et
1993 4875 2152 4932 ferro

498 4958 556 5010 et
596 4955 1002 5012 acerbissimis
1048 4959 1395 5017 verberibus
1451 4979 1482 5018 e
1537 4963 1792 5018 vinculis
1832 4964 2028 5020 carnis
2055 4980 2152 5019 ex-

498 5038 668 5106 solvi,
700 5043 817 5096 Deo
838 5042 1080 5114 quidem
1108 5045 1364 5116 probata
1420 5046 1547 5115 fuit,
1580 5048 1828 5104 celebris
1864 5064 2006 5104 vero
2042 5049 2146 5105 ha-

494 5128 622 5185 bita
650 5135 740 5187 est
773 5133 936 5204 apud
969 5134 1269 5193 homines.
1303 5136 1552 5193 Afﬂictio
1589 5154 1834 5208 magna,
1870 5138 2061 5193 fateor
2089 5143 2146 5195 et

495 5235 608 5291 ego
641 5240 653 5278 :
697 5223 802 5278 sed
833 5228 889 5279 et
917 5240 1143 5295 magna
1172 5242 1208 5281 a
1239 5227 1490 5283 Domino
1513 5228 1762 5299 praemia
1782 5228 2145 5300 patientibus

565 5366 610 5399 ⁷⁷
633 5367 832 5423 Matth.
856 5384 915 5434 x,
947 5371 1035 5424 29.
1115 5370 1162 5403 73
1191 5372 1360 5426 Rom.
1395 5387 1467 5438 ix,
1501 5375 1585 5425 19.

566 5560 639 5630 (1)
665 5564 744 5618 Ex
770 5563 938 5637 epist.
975 5581 1048 5637 vx,
1077 5569 1166 5621 78.

2195 4476 2235 4529 D

2242 493 2427 562 τεχθὲν
2478 496 2528 543 τί
2571 510 2691 544 ποτε
2738 489 2799 542 ἂν
2853 489 3142 564 ἀπεκρίνω;
3185 483 3288 562 ἆρα
3325 487 3448 538 ἀλλο
3490 507 3542 537 τι
3587 485 3649 537 ἂν
3690 482 3842 549 εἶπες,

2244 581 2273 639 ἡ
2330 582 2410 632 ὁτι
2460 581 2730 654 ἄνθρωπός
2780 577 2891 630 ἐστι
2928 582 2987 629 τό
3033 578 3310 649 γεννηθὲνς
3358 576 3416 630 Εἰ
3455 572 3516 627 δὲ
3555 575 3842 648 ἄνθρωπος,

2243 674 2332 721 καὶ
2379 671 2563 730 θνητός
2617 665 2879 726 δηλονότι.
2922 671 2985 720 Τί
3024 663 3110 718 οὖν
3145 663 3461 738 παράδοξον,
3515 664 3557 716 εὶ
3601 663 3842 716 alni-Oan

2245 759 2270 809 6
2314 760 2534 824 θνητός;
2593 757 2714 829 Οὐχ
2775 758 2898 832 όρᾷς
2973 755 3116 814 ἣλιον
3191 753 3526 806 ἀνατέλλοντα
3577 759 3671 804 καὶ
3731 749 3848 804 ὄνοι

2245 863 2432 920 μενον;
2476 846 2598 918 Οὐχ
2639 847 2764 919 ὁρᾷς
2812 850 2905 904 την
2961 844 3177 902 σελήνην
3225 844 3507 908 αὔξουσαν,
3551 841 3667 896 εἶτα
3737 844 3848 914 φθί-

2245 953 2474 1001 νουσαν;
2513 935 2570 987 οὐ
2610 940 2698 993 τὴν
2751 944 2848 1006 γῆν
2915 933 3221 998 θάλλουσαν,
3265 930 3376 986 εἶτα
3432 933 3844 1006 ξηραινομένηη

2246 1031 2309 1078 Τί
2384 1022 2470 1076 οὖν
2526 1027 2850 1097 θαυμαστὸν,
2893 1023 2935 1076 εἰ
2990 1028 3080 1076 καὶ
3131 1025 3302 1095 ἡμεῖς,
3360 1025 3512 1096 μέρος
3568 1025 3715 1082 ὄντες
3763 1030 3852 1073 τοῦ

2247 1119 2468 1186 κόσμου,
2532 1113 2852 1187 ἀπολαύομεν
2933 1122 3031 1166 τῶν
3092 1112 3147 1165 ἐκ
3199 1120 3290 1165 του
3347 1117 3592 1184 κόσμου;
3650 1109 3854 1173 Παιδὸς

2251 1201 2548 1274 ἀγαπητοῦ,
2601 1204 2629 1262 ἦ
2683 1206 2927 1274 γυναικός
2992 1203 3340 1275 καταθυμίας,
3390 1203 3419 1261 ἣ
3482 1203 3642 1254 οἱλλου
3717 1206 3853 1263 τινος

2250 1302 2348 1345 τῶν
2409 1293 2660 1366 φιλτάτων
2735 1298 2826 1346 καὶ
2901 1295 3039 1345 κατὰ
3116 1299 3289 1345 πᾶσαν
3365 1297 3564 1345 εὔνοιαν
3645 1313 3853 1363 συνημ-

2250 1387 2411 1456 μένων
2497 1386 2765 1457 στέρησις,
2826 1377 2977 1434 οὐδὲν
3064 1378 3230 1434 δεινὸν
3285 1390 3358 1452 τῷ
3431 1386 3856 1455 προεσκεμμνῳ,

2249 1475 2456 1525 καὶτὸν
2505 1472 2656 1545 ὀρθόν
2699 1471 2850 1544 λόγον
2893 1473 3124 1544 ἡγεμόνα
3170 1479 3266 1530 τῆς
3315 1471 3452 1531 ζωῆς
3494 1472 3695 1542 ἔχοντι,
3732 1469 3855 1521 ἀλλά

2251 1569 2321 1636 μὴ
2381 1565 2516 1614 κατά
2583 1563 2860 1620 συνήθειάν
2916 1581 3033 1613 τινα
3096 1564 3441 1634 πορευομένῳ·
3502 1559 3690 1620 Ἐοους
3755 1563 3855 1633 γὰρ

2251 1656 2526 1726 χωρισμὸς
2563 1656 2654 1704 καὶ
2709 1658 2813 1712 τοῖς
2864 1650 3068 1723 ἀλόγοις
3107 1649 3221 1702 ἐστὶ
3279 1647 3706 1724 δυσφορωτατος.
3760 1654 3858 1700 Καί

2183 1755 2225 1808 Β
2254 1761 2373 1794 ποτε
2413 1737 2551 1793 εἶδον
2588 1739 2684 1811 ἐγὼ
2732 1739 2862 1812 βοῦν
2893 1743 2975 1792 ἐπὶ
3007 1742 3197 1812 φάτνης
3229 1735 3546 1813 δακρύοντα,
3603 1747 3699 1790 τοῦ
3744 1758 3859 1790 συνο

2254 1835 2412 1904 νόμον
2468 1831 2608 1901 αὐτῷ
2661 1834 2751 1882 καὶ
2821 1831 3086 1902 ὁμοζύγου
3162 1827 3586 1889 τελευτήσαντος.
3645 1835 3748 1882 Καὶ
3797 1832 3860 1880 τοι

3720 1920 3859 1970 ἔστιν

2254 1920 2412 1972 λοιπά
2471 1928 2570 1972 τῶν
2626 1918 2824 1991 ἀλόγων
2883 1915 3125 1991 σφοδρῶς
3192 1926 3288 1978 τῆς
3373 1919 3646 1978 συνηθείας

2260 2005 2391 2062 ἰδεῖν
2415 2007 2754 2081 ἀντεχόμενοι.

2327 2280 2418 2334 10.
2480 2275 2614 2329 Λλλὰ
2659 2278 2761 2348 γὰρ
2802 2275 2895 2326 οὐκ
2943 2272 3162 2347 ἐνόμισα
3210 2271 3414 2326 δίκαιον
3459 2271 3591 2327 εἶναι
3638 2276 3859 2350 παραλι-

2257 2374 2369 2419 πεῖν
2396 2370 2456 2418 τό
2505 2364 2773 2418 ἐπιϐάλλον
2804 2367 2916 2437 ἐμοὶ
2959 2369 3050 2416 καὶ
3086 2368 3157 2436 μὴ
3192 2369 3282 2415 καὶ
3311 2368 3439 2438 πρός
3494 2367 3574 2416 σε.
3602 2371 3699 2422 την
3733 2363 3862 2416 ἐκεί-

2258 2475 2350 2507 νου
2393 2460 2611 2530 μητέρα,
2655 2457 2743 2506 τόν
2775 2453 2923 2525 λόγον
2960 2451 3170 2528 τρέψαι.
3212 2450 3352 2505 Οἶδα
3393 2456 3493 2528 γὰρ
3521 2457 3740 2506 ποταπὰ
3766 2464 3860 2506 τῶν

2259 2549 2496 2620 μητέρων
2545 2547 2612 2597 τὰ
2697 2543 3000 2616 σπλάγχνα·
3057 2549 3146 2596 καὶ
3187 2542 3488 2615 λογίζομαι,
3522 2550 3698 2603 πόσην
3731 2545 3861 2606 εἰκός

2261 2631 2346 2686 ἐπὶ
2405 2641 2513 2695 τοῖς
2570 2641 2829 2706 παροῦσιν
2884 2629 3012 2686 εἶναι
3059 2637 3147 2690 την
3189 2628 3476 2703 ἀλγηδόνα.
3521 2631 3709 2685 Παίδα
3745 2637 3860 2695 ἐζη-

2261 2725 2488 2795 μιώθης,
2539 2722 2592 2774 ὃν
2630 2728 2876 2794 περιόντα
2905 2724 3007 2794 ’μὲν
3060 2721 3385 2797 ἐμακάρισαν
3417 2729 3591 2775 πᾶσαι
3626 2729 3858 2797 μητέρες,

2261 2816 2352 2864 καὶ
2411 2811 2632 2874 ηὔξαντο
2690 2815 2812 2874 τοὺς
2877 2812 3070 2864 ἑαυτῶν
3135 2814 3406 2872 τοιούτους
3459 2808 3609 2864 εἶναι·
3665 2811 3862 2864 αποθα-

2260 2903 2413 2953 νόντα
2464 2898 2523 2954 δὲ
2580 2900 2874 2969 ἐστέναξαν,
2930 2904 3000 2963 ὡς
3048 2901 3242 2959 ἑκάστη
3297 2904 3384 2954 τόν
3443 2901 3635 2962 εαυτῆς

2261 2991 2666 3062 κατακούψασα.
2717 2992 2940 3044 Ἐκείνου
2980 2992 3007 3043 6
3049 2993 3268 3052 θάνατος
3308 2991 3480 3062 πληγὴ
3529 3001 3631 3054 τῆς
3677 2998 3867 3064 πατρί-

2195 3116 2235 3171 C
2268 3081 2356 3145 δος
2403 3082 2616 3155 ἐγένετο·
2678 3084 2852 3156 ἐκείνῳ
2901 3087 2959 3136 τό
3040 3087 3178 3156 μέγα
3241 3089 3330 3136 καὶ
3396 3088 3678 3157 περιφανὲς
3736 3090 3870 3156 γένος

2270 3178 2677 3244 συγκατέπεσεν,
2730 3176 2903 3246 ὥσπερ
2981 3178 3282 3247 ερείσματος
3344 3173 3710 3247 ὑφαιρεθὲδτος
3786 3195 3871 3227 za-

2262 3265 2560 3319 τασεισθέν.
2611 3262 2678 3314 Ὠ
2727 3264 3034 3335 συνάντημα
3085 3269 3314 3337 πονηροῦ
3380 3259 3656 3334 δαίμονος,
3710 3269 3869 3316 πόσον

2267 3355 2466 3424 ἰσχυσε
2506 3356 2667 3404 κακὸν
2725 3351 3141 3424 ἐξεργάσασθαιῐ
3203 3350 3274 3404 ’Ὠ
3309 3360 3376 3422 γῆ
3418 3361 3656 3404 τοιοῦτον
3710 3351 3870 3423 ἀναγ-

2263 3444 2525 3494 κασθεῖσα
2576 3437 2938 3503 ὑποδέξασθαι
3003 3441 3201 3501 πάθοςὲ
3253 3440 3464 3515 Ἐφριξε
3505 3444 3659 3513 τὰχα
3710 3448 3804 3494 καὶ
3848 3445 3871 3494 ὁ

2266 3530 2429 3596 ἣλιος,
2477 3532 2640 3591 εἴτις
2688 3532 2939 3592 αἱσθησις
2998 3530 3162 3600 αὐτῷ,
3201 3533 3260 3582 τό
3319 3531 3636 3604 σκυθρωπόν
3718 3532 3871 3585 ἐκεῖνο

2269 3621 2452 3692 θέαμα,
2512 3624 2613 3672 Καὶ
2653 3625 2705 3672 τί
2765 3621 2826 3671 ἀν
2878 3639 2955 3679 τις
3007 3627 3254 3672 τοσοῦτον
3297 3623 3450 3689 εἷποι,
3491 3623 3619 3673 ὅσον
3658 3623 3688 3679 ἡ
3740 3621 3871 3694 d5“:-

2263 3715 2432 3780 χανία
2479 3719 2571 3772 τῆς
2621 3709 2810 3781 ψυχῆς
2860 3708 3170 3777 ὑποϐάλλει;
3233 3708 3369 3763 Ἀλλ’
3435 3710 3495 3762 οὗ
3551 3714 3660 3784 γὰρ
3715 3711 3874 3786 ἀπρο-

2263 3803 2427 3857 νόητα
2473 3802 2537 3851 τὰ
2599 3801 2844 3872 ἡμέτερα,
2886 3801 2953 3861 ὡς
2997 3801 3370 3872 μεμαθήκαμεν
3417 3799 3466 3851 ἐν
3513 3808 3590 3871 τῷ
3645 3802 3874 3873 Erice/75-

2263 3887 2378 3960 λίῳ,
2430 3889 2507 3940 ὅτι
2555 3885 2680 3940 οὐδὲ
2739 3891 3011 3962 στρουθίον
3051 3892 3232 3941 πίπτει
3294 3890 3410 3941 ἀνευ
3460 3889 3758 3962 Θελὴματος
3792 3900 3874 3942 τοῦ

2267 3982 2474 4051 Πατρός
2528 3981 2694 4050 ἡμῶν,
2744 3977 2906 4030 Ὥστε
2953 3982 2998 4031 εἰ
3052 3998 3104 4030 τι
3142 3982 3334 4050 γέγονε,
3394 3977 3657 4052 θελήματι
3701 3985 3875 4052 γέγονε

2265 4076 2356 4120 τοῦ
2396 4073 2674 4129 κτίσαντος
2725 4070 2884 4140 ἡμᾶς.
2919 4075 3003 4138 Τῷ
3045 4065 3103 4121 δὲ
3134 4067 3426 4140 βουλήματι
3463 4076 3554 4120 τοῦ
3605 4079 3748 4124 Θεοῦ
3803 4078 3874 4132 τίς

2267 4155 2581 4225 ἀνθέστηκες
2642 4154 3060 4231 Κατ-«δεξώμεθα
3116 4162 3173 4210 τὸ
3234 4157 3459 4230 συμϐάν·
3517 4154 3873 4231 δυσανασχε-

2265 4254 2464 4307 τοῦντες
2492 4249 2594 4319 γὰρ
2641 4249 2757 4300 οὔτε
2809 4250 2868 4299 τό
2916 4266 3181 4319 γινομενον
3232 4243 3610 4322 διορθούμεθα3
3643 4248 3870 4301 καὶἑαυ-

2265 4340 2386 4398 τοὺς
2416 4336 2865 4410 προσαπόλλυμεν.
2899 4341 2985 4394 Μὴ
3036 4342 3473 4410 κατηγορήσωμεν
3513 4347 3615 4399 τῆς
3662 4336 3870 4398 δικαίας

2265 4431 2482 4498 κρίσεως
2529 4434 2619 4479 τοῦ
2661 4434 2817 4482 Θεοῦ.
2857 4427 3098 4499 Ἀμαθεῖς
3147 4437 3318 4499 ἐσμεν,
3367 4429 3503 4478 ὥστε
3543 4431 3614 4479 τὰ
3671 4427 3873 4500 ἇρῥξτί

2266 4515 2425 4566 αὑτοῦ
2465 4521 2696 4588 κρίματα
2762 4513 3091 4589 δοκιμάζειν.
3150 4522 3257 4568 Νῦν
3313 4534 3408 4567 σου
3469 4515 3735 4587 λαμϐάνει
3785 4522 3870 4576 τὴν

2266 4601 2486 4677 δοκιμὴν
2540 4607 2565 4657 ό
2626 4609 2818 4680 Κύριος
2855 4613 2948 4666 τῆς
3000 4608 3127 4678 πρὸς
3181 4603 3337 4657 αὐτὸν
3381 4605 3610 4676 ἀγάπης·
3661 4613 3755 4657 νῦν
3794 4625 3870 4658 σοι

2264 4694 2487 4766 πάρεστι
2532 4697 2709 4769 καιρός
2765 4690 2858 4746 διὰ
2888 4702 2984 4753 τῆς
3035 4694 3300 4765 ὑπομονῆς
3351 4697 3445 4750 τήν
3515 4690 3719 4767 μερίδα
3779 4704 3869 4746 τῶν

2262 4786 2540 4858 μαρτύρων
2585 4782 2780 4841 λαϐεῖν.
2828 4783 2886 4836 Ἠ
2940 4791 3042 4834 τῶν
3104 4781 3460 4836 Μακκαϐαίων
3509 4788 3694 4857 μήτηρ
3750 4785 3872 4836 ἐπτά

2260 4868 2466 4924 παίδων
2549 4869 2657 4924 εἶδε
2735 4874 2971 4943 θάνατον,
3035 4875 3123 4924 καὶ
3181 4871 3277 4924 οὐκ
3343 4871 3703 4942 ἁνεστέναξεν,
3756 4870 3872 4925 οὑέὲ

2261 4959 2451 5033 ἀφῆκεν
2503 4959 2703 5032 ἀγεννὲς
2744 4957 2996 5035 δάκρυονο
3050 4959 3158 5013 ἀλλ’
3205 4960 3616 5033 εὐχαρίστοῦσα
3640 4970 3717 5033 τῷ
3738 4969 3865 5032 Θεῷ,

2257 5052 2338 5102 ὃτι
2369 5049 2568 5103 ἔϐλεπεν
2601 5051 2791 5112 αὐτοὺς
2830 5055 2959 5123 πυρὶ
2997 5057 3088 5102 καὶ
3128 5046 3336 5123 σιδήρῳ
3403 5055 3494 5101 καὶ
3554 5059 3682 5113 ταῖς
3717 5053 3864 5123 χαλευ

2254 5143 2521 5202 πωτάταις
2549 5139 2742 5200 αἰκίαις
2771 5149 2868 5192 τὼν
2919 5137 3127 5212 δεσμῶν
3173 5148 3264 5201 τῆς
3303 5143 3495 5213 σαρκὸς
3561 5139 3862 5215 Inopes-rex,

2257 5226 2534 5302 εὐδόκιμος
2581 5234 2670 5302 μὲν
2715 5232 2859 5303 παρὰ
2914 5239 3049 5300 Θεῷ,
3100 5227 3339 5301 ἀοίδιμος
3388 5227 3447 5282 δὲ
3486 5235 3642 5302 παρὰ
3679 5231 3863 5305 ανθρώ-

1663 5372 1711 5405 ⁷⁹
1742 5374 1782 5427 ll
1813 5371 2083 5429 Machab.
2117 5390 2209 5442 vn,
2238 5377 2328 5429 20.
