4068 6220
259 331 402 388 1273
1514 330 1742 390 SERMO
1778 327 1864 384 XI.

2010 330 2092 386 DE
2119 334 2376 393 MORTE.
3477 344 3616 403 12³14

257 476 380 518 ποις
428 454 630 529 ἐκρίθη.
664 457 814 526 Μέγα
852 456 909 508 τὸ
947 457 1128 524 ποίθος,
1171 461 1304 530 φημὶ
1353 459 1535 529 κάγώ·
1586 455 1713 508 ἀλλὰ
1764 473 1858 522 μεο

2011 458 2257 527 eposita.
2283 463 2459 518 Mater
2483 479 2621 519 eum
2659 463 2871 521 effecta
2899 480 2962 521 es
3002 463 3198 538 539,
3237 481 3616 541 puerumque

256 545 409 616 γάλοι
447 549 534 597 καὶ
598 545 648 596 οἱ
700 547 844 618 παρὰ
899 553 990 598 τοῦ
1035 551 1225 618 Κυρίου
1283 549 1467 619 μισθοὶ
1515 553 1623 607 τοῖς
1674 547 1862 616 ὑπομέ-

2006 543 2192 614 ‘idisti,
2223 565 2293 604 ac
2337 552 2560 621 gratias
2592 554 2762 623 egisti
2798 555 2935 620 Deo,
2969 554 3146 627 plane
3179 555 3414 612 sciebas
3455 573 3612 613 mor-

257 654 438 687 νουσιν
477 631 827 706 ἀποκείμενοι.
872 633 994 686 Ὀτε
1036 634 1207 707 ἐγένου
1251 640 1446 709 μήτηρ,
1479 641 1569 688 καὶ
1605 630 1736 694 εἶδες
1773 636 1860 684 τὸν

2008 632 2151 690 ilem
2178 642 2316 708 ate,
2348 657 2486 696 cum
2515 642 2782 698 mortalis
2821 644 2924 714 sis,
2954 645 3220 714 genitum
3260 661 3418 702 esse.
3461 646 3614 712 Quid

257 721 451 795 παῖδα,
493 729 585 776 καὶ
616 724 1026 798 ηὐχαρίστησας
1065 733 1137 796 τῷ
1178 733 1310 796 Θεῷ,
1345 723 1495 799 ᾕδεις
1531 728 1750 788 πάντως,
1781 727 1858 774 ὅτι

2009 722 2148 792 gitur
2178 726 2421 798 mirum,
2454 731 2501 785 si
2541 736 2815 787 mortuus
2848 737 2936 789 est
2964 734 3276 791 mortalis?
3309 735 3422 792 Sed
3455 734 3615 791 dolet

259 817 419 872 θνητὴ
454 810 592 866 οὖσα
645 815 864 871 θνηταὸν
903 813 1192 885 ἐγέννησας.
1225 820 1288 868 Τί
1326 814 1414 867 οὖν
1452 811 1773 890 παράδοξον,
1815 812 1859 864 εἰ

2013 811 2162 881 obis,
2203 817 2368 887 quod
2390 824 2605 890 praeter
2636 824 2894 892 tempus.
2923 822 3240 889 Incertum,
3265 829 3467 880 utrum
3497 824 3611 880 hoc

260 902 507 956 ἀπέθανεν
537 905 563 954 ὁ
587 904 805 969 Gyaros;
835 901 992 956 Ἀλλὰ
1019 903 1169 956 λυπεῖ
1205 907 1344 977 ἡμᾶς
1380 908 1436 957 τὸ
1471 906 1614 979 παρά
1651 907 1852 975 καιρόν.

2003 916 2087 956 .on
2115 901 2289 959 fuerit
2309 909 2756 977 tempestivum:
2777 925 2888 964 nos
2919 909 3216 982 siquidem
3239 912 3454 982 eligere
3475 928 3609 986 quae

258 989 508 1060 Ἄδηλον,
566 991 610 1044 εἰ
661 996 732 1064 μὴ
795 994 1030 1066 εὔκαιρον
1077 1001 1268 1045 τοῦτο·
1321 990 1500 1052 ἐπειδὴ
1550 994 1716 1064 ἡμεῖς,
1766 994 1855 1042 καὶ

2006 991 2290 1049 nimabus
2322 996 2490 1053 utilia
2520 1001 2675 1068 sunt,
2701 1004 2756 1053 et
2785 999 3076 1070 pra-ﬁnire
3101 1001 3382 1056 terminos
3398 1001 3612 1058 huma-

258 1080 556 1152 ἕκλὲγεσθαι
594 1083 662 1132 τὰ
712 1083 1044 1154 συμφέροντα
1089 1089 1202 1142 ταῖς
1248 1082 1455 1155 ψυχαῖς
1479 1122 1492 1146 ,
1531 1087 1621 1134 καὶ
1659 1080 1854 1154 ὁρίζειν

2002 1096 2056 1135 ,ω
2095 1083 2231 1138 νὶίῶ
2263 1100 2386 1140 non
2421 1085 2725 1142 novimus.
2755 1087 3160 1160 Circumspice
3193 1093 3382 1145 totum
3433 1095 3608 1147 terra-

255 1173 578 1245 προθεσμίαν
636 1168 964 1244 ἀνθρωπίνης
1001 1171 1161 1242 ζωῆς,
1198 1171 1292 1224 οὐκ
1349 1172 1707 1244 ἐπιστάμεθα.
1763 1177 1852 1222 Ιίε‹

1999 1185 2100 1225 um
2130 1171 2364 1242 orbem,
2392 1174 2451 1230 in
2478 1191 2597 1247 quo
2629 1175 2886 1242 habitas,
2920 1182 2976 1232 et
2998 1178 3196 1246 cogita
3224 1178 3431 1234 omnia
3451 1195 3605 1234 mor-

257 1259 502 1334 ρίϐλεψαι
547 1263 632 1312 τὸν
688 1263 885 1332 κόσμον
933 1258 1156 1333 ἅπαντα,
1206 1261 1256 1314 ἐν
1405 1269 1661 1322 κατοικεῖς
1694 1283 1707 1294 ·
1764 1265 1853 1312 καὶ

2004 1258 2103 1315 ilia
2125 1276 2254 1316 esse
2271 1279 2406 1334 quae
2426 1265 2718 1332 videntur,
2736 1266 2943 1322 omnia
2960 1267 3325 1339 corruptioni
3347 1267 3610 1325 obnoxia

259 1349 521 1418 ἐννόησον,
571 1353 649 1402 ὅτι
685 1353 856 1402 πάντα
896 1353 1055 1409 θνητά
1107 1354 1175 1404 τὰ
1229 1353 1462 1425 ὁρώμενα
1489 1375 1501 1386 ·
1543 1357 1633 1405 καὶ
1683 1353 1854 1404 πάντα

2001 1348 2212 1420 ιοερὶαο
2245 1351 2324 1406 ad
2364 1352 2607 1422 caelum,
2649 1358 2706 1408 et
2740 1353 2888 1409 illud
2915 1355 3116 1426 ipsum
3137 1355 3468 1428 aliquando
3490 1357 3607 1413 dis-

258 1440 426 1512 φθορᾷ
480 1441 826 1512 ὑποκείμενα.
902 1439 1210 1513 Ἀναϐλεψον
1267 1445 1393 1515 πρὸς
1449 1446 1535 1494 τὸν
1597 1441 1848 1516 οὐρανὸν,

2002 1436 2251 1495 olvetur:
2281 1440 2359 1496 ad
2399 1441 2610 1512 solem,
2642 1459 2716 1498 ne
2753 1443 2846 1498 ille
2894 1444 3142 1516 quidem
3191 1446 3608 1516 permanebit;

255 1535 345 1580 καὶ
393 1525 544 1590 οὗτος
589 1547 718 1582 ποτε
780 1528 1066 1588 λυθήσεται
1100 1551 1112 1563 ·
1177 1534 1307 1604 πρὸς
1358 1534 1445 1583 τὸν
1495 1531 1666 1595 ἣλιον,
1727 1526 1852 1582 οὐδὲ

2005 1524 2142 1581 tellze
2170 1542 2402 1599 omnes,
2437 1529 2723 1586 animalia
2750 1531 3048 1587 terrestria
3078 1536 3134 1587 et
3158 1531 3472 1603 aquatilia,
3497 1543 3611 1589 ter-

251 1613 405 1679 οὗτος
462 1614 745 1690 διαμενεῖ·
796 1620 846 1670 οἱ
899 1617 1112 1693 ἀστέρες
1169 1623 1492 1693 σύμπαντες,
1564 1620 1675 1681 ζῶα
1721 1639 1850 1694 χερ-

2004 1630 2041 1670 ΞΘ
2071 1622 2339 1689 ornatus,
2387 1623 2544 1675 terra
2584 1619 2738 1692 ipsa,
2769 1620 2976 1677 omnia
3018 1621 3385 1693 corruptioni
3423 1621 3610 1678 obno-

254 1713 384 1758 σαῖα
420 1713 510 1759 καὶ
549 1702 762 1782 ἔνυδρα,
821 1709 887 1759 τὰ
943 1712 1060 1781 περὶ
1119 1717 1218 1780 γῆν
1271 1709 1454 1776 κάλλη,
1501 1709 1631 1768 αὑτὴ
1683 1710 1712 1766 ἡ
1759 1716 1850 1780 γῆ,

2005 1704 2080 1773 ia,
2111 1708 2316 1764 omnia
2345 1709 2528 1781 paulo
2559 1714 2694 1781 post
2718 1725 2840 1766 non
2863 1710 3127 1783 amplius
3153 1711 3611 1768 futura.Horum

250 1798 423 1848 πάντα
471 1798 696 1870 φθαρτὰ,
740 1801 830 1850 καὶ
869 1799 1039 1850 πάντα
1090 1802 1276 1873 μικρὸν
1333 1800 1548 1868 ὕστερον
1596 1798 1690 1851 οὐκ
1734 1797 1850 1850 ἐσό-

2004 1795 2241 1864 ogitatio
2291 1798 2366 1854 sit
2422 1815 2601 1855 casus
2659 1799 2960 1856 solatium.
3010 1801 3162 1856 Cave
3206 1799 3610 1858 calamitatem

248 1905 396 1958 μενοι.
446 1886 504 1939 Ἠ
565 1890 762 1940 τούτων
815 1890 1001 1955 ἔννοια,
1051 1890 1358 1961 παραμυθία
1408 1892 1540 1941 ἔστω
1581 1896 1671 1941 τοῦ
1723 1908 1853 1962 συμ-

2005 1884 2160 1957 aipsa
2204 1887 2467 1943 metiaris
2503 1906 2516 1941 :
2560 1889 2640 1945 ita
2669 1889 2829 1945 enim
2874 1889 2980 1946 tibi
3010 1889 3308 1946 videbitur
3335 1889 3611 1948 intolera-

249 1974 547 2036 ϐεϐηκότος.
581 1981 666 2034 Μὴ
709 1977 828 2029 καθ’
867 1976 1018 2030 ἑαυτό
1053 1980 1228 2050 μέτρει
1258 1982 1316 2031 τὸ
1357 1980 1523 2040 ποίθος
1545 1999 1558 2012 ο
1593 1977 1850 2052 ἀφόρητον

2003 1975 2096 2030 ilis
2127 1995 2140 2031 :
2175 1976 2281 2033 sed
2310 1993 2446 2034 eam
2473 1995 2611 2035 cum
2628 1979 2914 2036 omnibus
2941 1980 3120 2036 rebus
3141 1979 3426 2038 humanis
3447 1997 3609 2037 com-

248 2066 351 2138 γὰρ
381 2066 518 2116 οὕτω
558 2062 793 2137 φανεῖταί
834 2085 918 2119 σοι
948 2087 960 2099 ·
999 2065 1126 2119 ἀλλὰ
1167 2075 1277 2129 τοῖς
1326 2067 1669 2142 ἀνθρωπίνοις
1718 2073 1850 2119 πᾶσι

2004 2080 2203 2133 arans,
2243 2066 2383 2122 inde
2421 2069 2684 2141 reperies
2720 2068 2880 2126 illius
2925 2069 3229 2128 solatium.
3265 2069 3362 2126 His
3407 2076 3609 2127 autem

252 2159 637 2229 συγκρίνουσα,
699 2153 925 2208 ἐντεῦθεν
967 2155 1202 2230 εὑρήσεις
1259 2157 1420 2210 αὑτοῦ
1465 2161 1560 2216 τὴν
1607 2176 1850 2230 παραμυ-

2003 2154 2243 2210 mnibus
2294 2155 2444 2212 illud
2483 2156 2928 2214 validissimum
2964 2158 3316 2215 addendum
3353 2159 3550 2216 habeo
3589 2176 3602 2215 :

249 2243 386 2294 θίαν·
431 2242 548 2295 Ἐπὶ
576 2263 707 2296 πασι
732 2240 792 2297 δε
833 2243 994 2297 ἐκεῖνο
1016 2245 1172 2298 εἰπεῖν
1207 2246 1430 2321 ἰσχυρὸν
1471 2249 1580 2318 ἔχω
1606 2267 1618 2279 ·
1665 2253 1847 2299 Φείσαι

2000 2259 2136 2299 arce
2165 2245 2382 2302 marito
2410 2264 2424 2315 ;
2457 2245 2607 2302 alter
2642 2246 2811 2303 alteri
2836 2246 3109 2304 solamen
3140 2252 3327 2304 estote
3361 2263 3474 2304 :ne
3513 2247 3606 2304 fa-

245 2340 342 2384 τοῦ
413 2333 682 2404 ὁμοζύγου
717 2355 730 2368 ·
793 2333 1030 2396 ἀλλήλοις
1080 2337 1290 2408 γένεσθε
1351 2338 1705 2411 παραμυθία·
1771 2340 1842 2408 μὴ

2001 2332 2080 2387 ias
2129 2333 2182 2388 ei
2234 2334 2575 2404 graviorem
2623 2335 3069 2404 calamitatem,
3127 2335 3335 2393 dolore
3373 2339 3430 2393 te
3474 2337 3607 2408 ipsa

248 2425 474 2494 ποιήσῃς
511 2421 653 2493 αὐτῷ
697 2423 1069 2498 χαλεπωτέραν
1109 2429 1204 2483 τὴν
1249 2428 1538 2500 συμφορὰν,
1581 2433 1653 2496 τῷ
1691 2427 1845 2478 ποίθει
1954 2420 2298 2479 conﬁciens.

247 2507 439 2568 ἑαυτὴν
479 2511 965 2570 καταναλισκουσα.

322 2600 408 2655 11.
462 2599 723 2654 Τποπτον
772 2605 871 2678 γὰρ
943 2605 1070 2675 ἡμῖν
1114 2601 1228 2656 ἐστι
1266 2607 1324 2656 τὸ
1369 2604 1501 2675 οἰγαν
1562 2623 1656 2656 σου
1705 2603 1842 2676 φιλό-

2030 2599 2112 2654 11.
2155 2600 2232 2670 (1)
2265 2600 2379 2656 Sed
2421 2605 2626 2657 tamen
2681 2606 2999 2674 suspectus
3037 2603 3186 2658 mihi
3252 2607 3344 2659 est
3393 2602 3607 2673 ingens

247 2706 441 2756 τεκνον,
497 2695 700 2762 μήποτε
749 2687 966 2744 ἔκδοτον
1016 2689 1122 2763 δῷς
1184 2697 1383 2750 σαυτὴν
1433 2700 1504 2763 τῷ
1551 2695 1725 2760 πάθει,
1769 2688 1842 2744 δι’

2000 2703 2091 2744 ius
2120 2688 2226 2744 ﬁlii
2254 2704 2444 2761 amor,
2478 2705 2552 2745 ne
2582 2690 2731 2747 forte
2758 2691 3003 2747 maerori
3035 2696 3087 2747 te
3129 2691 3338 2756 dedas,
3361 2692 3443 2748 ob
3471 2692 3606 2748 sim-

247 2776 555 2837 απαλότητα
606 2780 748 2838 ἠθῶν
803 2779 1021 2853 βαθεῖαν
1065 2785 1154 2840 τὴν
1202 2781 1408 2853 πληγὴν
1457 2778 1708 2854 δεξαμένη
1748 2789 1842 2843 τῆς

1997 2775 2278 2833 licitatem
2310 2793 2551 2834 morum
2599 2779 2969 2850 profundam
3015 2779 3262 2851 plagam
3307 2781 3603 2853 recipiens

244 2864 436 2930 λύπης.
482 2864 649 2920 Οὐδὲν
687 2870 788 2944 γὰρ
832 2878 931 2922 τῶν
978 2869 1360 2943 συμϐαινόντων
1382 2871 1507 2943 ἡμῖν
1559 2871 1623 2931 ὡς
1675 2869 1841 2928 λυπη-

2000 2866 2196 2923 oloris.
2232 2868 2310 2938 (2)
2342 2867 2495 2924 Nihil
2536 2884 2746 2925 eorum
2805 2885 2942 2941 qua:
2987 2868 3164 2924 nobis
3209 2869 3510 2936 accidunt,
3539 2875 3606 2928 ut

243 2959 338 3030 ρὸν
383 2953 748 3030 ὑποδέχεσθαι
785 2963 920 3034 χρὴ,
953 2958 1047 3011 κᾶν
1094 2962 1226 3033 πρὸς
1277 2963 1336 3012 τὸ
1387 2962 1552 3034 παρὸν
1609 2961 1841 3018 οἶπτηται

1997 2956 2276 3014 iolestum
2308 2957 2581 3030 accipere
2611 2962 2864 3031 oportet,
2910 2958 3143 3014 etiamsi
3189 2958 3251 3013 in
3283 2959 3603 3030 prmsentia

242 3052 337 3105 τῆς
385 3043 653 3108 ἀσθενείας
705 3050 889 3119 ἡμῶν.
951 3048 1013 3100 Εἰ
1071 3051 1171 3122 γὰρ
1229 3049 1350 3112 τούς
1401 3048 1580 3120 λόγους
1629 3047 1842 3121 ἀγνοοῦ-

1989 3047 2356 3103 ifirmitatem
2394 3053 2667 3104 nostram
2714 3051 2944 3118 tangat.
2991 3047 3108 3102 Etsi
3137 3047 3296 3103 enim
3332 3047 3595 3104 rationes

240 3153 356 3206 μεν,
387 3135 506 3188 καθ’
545 3137 636 3198 οὖς
673 3136 892 3190 ἕκαστον
922 3145 1022 3190 τῶν
1061 3143 1343 3210 γινομένων
1378 3140 1448 3200 ὡς
1501 3137 1654 3191 καλὸν
1699 3140 1840 3212 παρὰ

1992 3151 2333 3206 ζηοτᾶωιιε,
2362 3136 2442 3193 ob
2489 3153 2642 3209 quas
2696 3135 3177 3209 unumquodque
3221 3152 3431 3192 eorum
3461 3152 3598 3209 quae

242 3231 338 3275 τοῦ
379 3229 639 3278 Δεσπὸτου
689 3227 813 3298 ἡμῖν
867 3226 1119 3298 ἐπάγεται
1152 3247 1164 3262 ο
1213 3225 1322 3279 ἀλλ’
1365 3226 1524 3280 ἐκεῖνο
1560 3230 1839 3281 πεπεῖσθαι

1991 3227 2327 3297 ontingunt,
2359 3227 2538 3284 veluti
2558 3227 2790 3284 bonum
2820 3243 2856 3284 a
2878 3227 3131 3283 Domino
3151 3226 3327 3283 nobis
3349 3226 3597 3283 exhibe-

242 3311 539 3386 ὁφεῦιομεν,
597 3314 679 3367 ὃτι
736 3318 942 3378 πάντως
995 3319 1244 3389 συμφέρει
1313 3320 1371 3368 τὸ
1436 3321 1738 3390 γινόμενον,
1802 3318 1832 3377 ἦ

1994 3332 2042 3371 ιι·
2071 3333 2084 3371 :
2115 3320 2318 3373 tamen
2347 3317 2464 3373 hoc
2494 3317 2673 3373 nobis
2699 3332 3063 3389 persuasum
3092 3332 3226 3373 esse
3251 3315 3450 3383 debet,
3474 3332 3600 3372 om-

242 3404 370 3474 ἡμῖν
420 3400 514 3456 διὰ
559 3408 645 3456 τὸν
684 3412 780 3466 τῆς
822 3399 1354 3479 ὑπομονῆςμισθὸν,
1403 3405 1432 3463 ἢ
1486 3414 1548 3480 τῇ
1603 3406 1836 3480 παραλη-

1993 3405 2092 3462 ino
2122 3406 2262 3462 utile
2289 3422 2422 3463 esse
2450 3406 2618 3480 quod
2647 3406 2880 3463 evenit:
2911 3406 3033 3462 sive
3049 3405 3250 3474 nobis,
3273 3405 3352 3462 ob
3373 3407 3599 3478 patien-

245 3493 429 3565 φθείσῃ
460 3491 640 3566 ψυχῇ,
675 3496 757 3546 ἱνα
777 3499 848 3567 μὴ
878 3493 962 3547 ἐπὶ
991 3494 1140 3548 πλέον
1179 3503 1241 3567 τῇ
1273 3495 1379 3567 ζωῇ
1420 3497 1582 3569 ταύτῃ
1617 3494 1835 3570 ἐπιϐρα-

1994 3511 2043 3551 ae
2061 3494 2403 3552 mercedem
2420 3513 2433 3548 :
2451 3496 2497 3552 si
2507 3511 2592 3551 vae
2609 3495 2826 3552 animae
2839 3499 3187 3568 assumptae,
3203 3510 3277 3551 ne
3298 3495 3524 3551 diutius
3537 3495 3597 3551 in

244 3575 471 3652 δύνασα,
506 3590 602 3645 τῆς
644 3582 1108 3657 ἓμπολιτευομένης
1141 3592 1215 3655 τῷ
1255 3583 1358 3656 βίῳ
1397 3588 1585 3646 κακίας
1616 3583 1841 3643 ἀναπλη-

1993 3600 2062 3640 ac
2083 3585 2200 3641 vita
2225 3585 2580 3655 immorans,
2605 3585 2846 3654 vigente
2866 3584 2928 3640 in
2962 3585 3077 3640 hoc
3104 3584 3335 3641 mundo
3370 3583 3599 3641 malitia

245 3671 368 3742 σθῇ.
401 3671 463 3724 Εἰ
504 3674 596 3743 μὲν
623 3673 723 3744 ’γὰρ
763 3670 812 3724 ἐν
849 3681 911 3746 τῇ
960 3673 1067 3746 ζωῇ
1114 3676 1278 3746 ταύτῃ
1307 3677 1338 3732 ὴ
1369 3681 1470 3726 τῶν
1508 3682 1837 3748 Χριστιανῶν

1992 3675 2356 3747 apleretur.Si
2370 3675 2532 3732 enim
2545 3667 2660 3731 hac
2679 3675 2798 3730 vita
2809 3673 3392 3730 circumscriberetur
3408 3674 3598 3730 Chris-

241 3757 380 3820 ἐλπὶς
422 3767 758 3836 περιώριστο,
820 3762 1030 3824 εἰκότως
1081 3762 1313 3834 χαλεπὸν
1365 3762 1424 3814 ἂν
1483 3762 1731 3836 ἐνομίσθη
1779 3766 1836 3815 τὸ

1994 3779 2251 3820 anorum
2274 3780 2432 3836 spes,
2447 3779 2572 3820 non
2594 3763 2898 3819 immerito
2921 3779 3066 3820 sane
3087 3763 3412 3819 molestum
3435 3761 3595 3818 vide—

242 3849 428 3901 θᾶττον
472 3845 862 3923 διαζευχθῆναι
903 3859 995 3904 τοῦ
1037 3857 1278 3924 σώματος
1303 3873 1315 3886 ·
1364 3851 1407 3904 εἰ
1455 3849 1515 3905 δε
1559 3851 1704 3926 ἀρχὴ
1744 3859 1836 3905 τοῦ

1985 3856 2106 3908 etur
2127 3853 2297 3909 citius
2320 3870 2356 3910 a
2385 3867 2637 3925 corpore
2661 3853 2772 3922 disj
2784 3852 2928 3922 ungi
2956 3869 2969 3906 :
2999 3852 3092 3907 sin
3110 3855 3313 3907 autem
3336 3867 3493 3908 verae
3513 3851 3591 3906 vi-

237 3935 486 3995 ἀληθινοῦ
545 3938 669 4012 βίου
721 3947 832 4002 τοῖς
877 3943 1014 3993 κατὰ
1069 3943 1198 3995 Θεὸν
1253 3942 1414 4003 ζῶσίν
1465 3939 1579 3993 ἔστι
1630 3945 1687 3993 τὸ
1735 3949 1835 3993 τῶν

1987 3958 2017 3996 e
2038 3941 2273 3998 initium
2292 3947 2401 4008 est,
2426 3942 2496 3997 iis
2517 3942 2622 4014 qui
2649 3941 2985 3998 secundum
3009 3940 3199 3997 Deum
3218 3940 3445 4010 vivunt,
3468 3940 3593 3997 ani-

236 4022 449 4099 δεσμῶν
477 4031 670 4080 τούτων
710 4037 810 4081 τῶν
844 4037 1156 4102 σωματικῶν
1195 4034 1288 4090 τὴν
1317 4030 1504 4102 ψυχὴν
1536 4029 1832 4098 ἐκλυθῆναι,

1984 4047 2057 4086 ΠΒ
2089 4046 2119 4087 e
2150 4031 2420 4104 corporis
2448 4029 2703 4087 vinculis
2723 4029 3121 4102 solutio,quid
3140 4029 3375 4086 tristitia
3403 4028 3590 4086 afﬁci-

230 4119 287 4166 τί
325 4116 646 4189 λυπουμεθα,
695 4121 762 4180 ὡς
807 4123 897 4171 καὶ
946 4121 994 4171 οἱ
1045 4124 1116 4192 μὴ
1169 4121 1374 4192 ἔχοντες
1417 4116 1606 4173 ἐλπίδα
1642 4137 1656 4186 ;
1699 4120 1834 4172 Ἀλλ’

1985 4135 2099 4187 iur,
2129 4120 2281 4176 sicut
2318 4124 2376 4176 et
2403 4120 2444 4176 ii
2475 4120 2579 4193 qui
2609 4135 2781 4192 spem
2822 4134 2945 4175 non
2981 4117 3344 4189 habent?(3)
3376 4123 3446 4174 At
3483 4118 3591 4175 viri

230 4202 426 4278 ἀνδρὸς
465 4206 724 4278 φυλτοίτου
765 4212 1006 4282 στέρησις
1045 4207 1435 4282 ἀνυπομόνητον
1468 4229 1552 4262 σοι
1582 4213 1675 4269 τὴν
1705 4229 1834 4283 συμ-

1985 4210 2279 4267 harissimi
2303 4211 2561 4282 privatio
2592 4209 3030 4267 intolerabilem
3053 4209 3158 4265 tibi
3189 4207 3591 4266 calamitatem

232 4297 395 4367 φορὰν
441 4294 668 4368 ἐμποιεῖ.
729 4295 886 4369 Κάγὼ
939 4299 1245 4371 συντίθημι.
1293 4299 1413 4351 Ὀτι
1459 4302 1549 4371 μὶν
1595 4302 1696 4372 γὰρ
1743 4299 1832 4352 λυ-

1987 4300 2098 4357 ιοὶι.
2125 4304 2191 4357 Et
2210 4316 2322 4370 ego
2343 4300 2659 4357 assentior.
2680 4299 2927 4355 Tristem
2951 4298 3113 4354 enim
3134 4313 3266 4355 esse
3288 4298 3593 4355 calamita-

226 4388 378 4458 πηρά
409 4389 654 4460 συμφορὰ
684 4395 775 4439 τοῦ
819 4389 1016 4448 πάθους
1053 4395 1146 4439 τοῦ
1184 4390 1317 4440 κατοξ
1361 4391 1447 4441 τὸν
1486 4391 1702 4463 ἄριστον
1730 4398 1829 4442 τῶν

1982 4407 2080 4463 3m,
2106 4389 2321 4464 optimi
2350 4390 2506 4447 illius
2532 4390 2638 4446 viri
2659 4405 2892 4457 casum,
2920 4404 3132 4444 omnes
3163 4387 3408 4442 scimus.
3440 4390 3588 4442 Nam

229 4471 438 4550 ἀνδρῶν
484 4475 692 4542 ἐκεῖνον,
747 4476 968 4539 ἅπαντες
1012 4479 1181 4549 ἴσμεν.
1245 4479 1454 4539 Ιιοίντως
1499 4480 1601 4551 γὰρ
1657 4476 1831 4541 οὐδεὶς

1981 4480 2208 4537 rofecto
2234 4495 2416 4536 nemo
2445 4479 2529 4535 ita
2567 4477 2747 4535 corde
2780 4476 3043 4548 lapideo,
3086 4479 3148 4530 ut
3191 4474 3389 4529 virum
3418 4473 3587 4529 illum

225 4565 390 4625 οὕτως
429 4566 544 4617 ἐστὶ
588 4564 788 4623 λιθίνην
837 4569 972 4638 ἔχων
1022 4570 1116 4624 τὴν
1155 4562 1405 4638 καρδίαν,
1443 4567 1494 4626 ὃς
1531 4566 1604 4629 εἰς
1648 4576 1829 4642 πεῖραν

1979 4573 2219 4641 xpertus
2250 4584 2320 4626 ac
2357 4566 2576 4623 deinde
2605 4565 2864 4623 audiens
2895 4580 2965 4622 ex
2995 4561 3348 4618 hominibus
3385 4560 3585 4617 subito

225 4653 537 4727 ἀφικόμενος
592 4661 686 4707 τοῦ
743 4651 932 4729 ἀνδρὸς
981 4653 1208 4723 ἰκείνου,
1259 4653 1350 4708 εἶτ’
1397 4654 1625 4717 ἀκούσας
1673 4657 1828 4710 αὐτὸν

1981 4662 2211 4730 raptum
2240 4672 2388 4722 esse,
2417 4671 2542 4712 non
2573 4668 2894 4712 commune
2931 4651 3216 4708 humanae
3249 4649 3382 4707 vita
3411 4649 3587 4707 dam-

222 4742 418 4817 ἁθρόον
461 4743 514 4806 ἐξ
569 4742 850 4816 ἀνθρώπων
891 4743 1290 4819 ἀναρπασθέντα
1307 4789 1322 4815 ,
1373 4745 1479 4817 οὐχ
1527 4747 1594 4807 ὡς
1653 4751 1828 4806 κοινήν

1983 4761 2085 4802 um
2112 4745 2272 4801 illius
2289 4746 2593 4816 jacturam
2619 4740 3058 4833 existimaverit.
3083 4740 3254 4806 Quod
3288 4739 3339 4796 si
3357 4739 3451 4797 his
3481 4742 3587 4814 qui

221 4832 425 4904 ζημίαν
462 4839 555 4884 τοῦ
595 4831 718 4905 βίου
757 4837 852 4892 τὴν
899 4836 1084 4886 τούτου
1127 4838 1372 4909 στέρησιν
1422 4833 1714 4906 ἐλογίσατο.
1765 4837 1827 4890 Εἰ

1980 4850 2057 4890 on
2091 4839 2232 4890 sunt
2257 4833 2548 4890 afﬁnitate
2580 4828 2981 4902 co'njuncti,id
3009 4828 3177 4902 quod
3196 4829 3410 4886 accidit
3432 4829 3585 4887 adeo

225 4916 288 4974 δὲ
336 4929 446 4982 τοίς
495 4921 670 4996 πόρρω
712 4931 807 4985 τῆς
847 4923 1162 4985 οἰκειότητος
1214 4923 1349 4975 οὕτω
1381 4921 1522 4997 βαρύ
1561 4929 1650 4977 καὶ
1691 4923 1822 4979 δύσ-

1979 4937 2115 4978 rave
2137 4926 2195 4978 et
2215 4921 2294 4978 ad
2321 4919 2746 4994 perferendum
2777 4917 3016 4973 difﬁcile
3042 4934 3054 4973 :
3081 4918 3394 4990 quomodo
3436 4919 3585 4974 veri-

217 5029 376 5086 φορον
415 5015 474 5064 τὸ
519 5009 746 5084 συμϐὰν,
786 5019 898 5074 πῶς
949 5011 1086 5074 εἰκὸς
1124 5014 1224 5064 ὑπὸ
1249 5020 1342 5065 τοῦ
1372 5013 1572 5074 πάθους
1600 5017 1693 5072 τὴν
1726 5018 1823 5072 σὴν

1976 5011 2128 5068 imile
2151 5012 2226 5067 sit
2247 5010 2515 5067 animam
2537 5013 2704 5066 tuam
2723 5007 2786 5064 in
2806 5007 2921 5064 hoc
2942 5023 3089 5064 casu
3115 5007 3292 5080 afﬁci,
3311 5023 3447 5080 qua:
3470 5007 3582 5080 ipsi

218 5097 532 5159 διατεθῆναι
581 5101 810 5173 ψυχὴν,
865 5103 1026 5163 οὕτως
1090 5103 1434 5176 ὑποκειμένην
1486 5109 1559 5174 τῷ
1624 5105 1820 5171 ποίθει,

1979 5117 2016 5157 a
2057 5106 2149 5157 est
2191 5099 2483 5172 subjecta,
2530 5103 2594 5155 ut
2627 5097 2809 5155 veluti
2855 5097 3202 5170 bipertitam
3250 5095 3583 5169 quamdam

213 5191 355 5240 ὥστε
407 5191 559 5241 οἱονεὶ
604 5187 924 5262 διχοτομίας
968 5193 1106 5252 τινος
1149 5190 1493 5244 αἰσθάνεσθαι
1531 5189 1580 5243 ἐν
1619 5198 1690 5261 τῷ
1728 5196 1819 5243 τοῦ

1977 5193 2260 5250 actionem
2308 5191 2369 5246 in
2417 5189 2696 5261 conjugis
2749 5188 3123 5261 separatione
3171 5185 3478 5242 senserit?
3506 5187 3583 5258 (4)

213 5278 466 5350 φιλτάτου
498 5287 764 5354 χωρισμῷ
788 5279 1222 5349 τελευτήσαντος;
1257 5284 1357 5333 Καὶ
1385 5282 1486 5354 γὰρ
1527 5281 1632 5354 οὐχ
1666 5277 1819 5339 ἧττόν

1977 5281 2243 5354 jusmodi
2273 5280 2434 5338 enim
2465 5279 2765 5353 separatio
2797 5293 2921 5335 non
2956 5277 3158 5333 minus
3189 5274 3373 5331 habet
3417 5273 3583 5332 dolo-

211 5364 354 5420 ἔστιν
409 5365 616 5440 ἁλγεινὴ
667 5369 698 5426 ἡ
759 5371 978 5427 τοιαύτη
1030 5367 1322 5438 διάζευξις,
1373 5370 1404 5429 ἦ
1455 5370 1499 5422 εἰ
1541 5374 1599 5424 τὸ
1653 5370 1817 5442 ἣμισυ

1949 5373 2035 5441 'is,
2058 5388 2250 5445 quam
2273 5370 2325 5427 si
2354 5369 2558 5428 media
2583 5368 2776 5427 nostri
2801 5366 3070 5440 corporis
3108 5381 3252 5438 pars
3279 5363 3555 5422 discinde

283 5564 364 5641 (1)
405 5566 488 5641 ξι
514 5564 688 5641 epist.
715 5581 938 5641 ccum,
971 5567 1094 5623 415.

2004 5569 2087 5641 (3)
2121 5571 2202 5641 Ex
2225 5569 2407 5641 epist.
2451 5583 2637 5636 CCClll,
2663 5569 2788 5625 438.

284 5637 366 5707 (2)
407 5637 682 5710 Exepist.
714 5653 785 5707 ει,
825 5640 945 5695 197.

836 5640 945 5695 [97.
2003 5637 2081 5714 (4)
2114 5637 2289 5706 Ibid;
2317 5643 2442 5696 439.
