4068 6220
520 306 659 361 1275

1510 296 1876 360 APPENDIX.
1916 328 1985 340 —
2025 294 2378 356 SYMEONIS
2416 299 2943 365 METAPHRASTE

3736 302 3876 360 1276

518 401 700 487 retur.
726 433 804 485 Ac
841 429 1031 486 tristia
1062 428 1310 501 quidem
1347 428 1667 499 ejusmodi,
1691 430 1747 483 et
1772 426 1865 483 his
1894 424 2167 493 majora;

2282 427 2424 497 ἡμῶν
2479 438 2569 482 τοῦ
2616 439 2851 506 σώματος
2899 430 3275 506 ἀπερρήγνυτο.
3326 428 3482 483 Ἀλλὰ
3534 432 3601 480 τὰ
3658 432 3751 499 μὲν
3799 427 3878 478 λυο

520 521 626 575 sed
646 536 781 590 qua:
814 520 871 574 in
901 520 991 574 his
1008 536 1143 591 quas
1166 525 1495 575 evenerunt
1514 516 1883 575 consolatio?
1907 515 2169 570 Primum

520 608 767 681 quidem
798 608 1009 679 vigens
1040 608 1143 665 illa
1172 609 1250 665 ab
1284 610 1451 664 initio
1481 608 1576 663 lex
1603 608 1704 663 Dei
1734 606 1938 673 nostri,
1970 620 2171 660 neces-

522 713 583 752 se
616 698 864 753 omnino
916 712 1071 761 esse,
1122 702 1183 753 ut
1224 698 1499 769 quisquis
1556 700 1734 752 natus
1773 695 1967 762 fuerit,
2015 698 2169 748 stato

523 791 792 857 tempore
832 785 907 841 de
949 786 1067 841 vita
1096 794 1283 842 exeat.
1326 788 1383 842 Si
1430 786 1609 855 igitur
1640 785 1724 840 sic
1756 800 1849 839 res
1884 782 2170 837 humanae

522 875 601 931 ab
640 875 831 931 Adam
883 875 960 931 ad
1009 880 1216 931 nostra
1271 890 1463 946 usque
1507 880 1783 944 tempora
1836 872 2169 927 constitutae

524 968 682 1029 sunt,
714 979 1069 1019 communes
1083 968 1311 1019 naturae
1334 963 1508 1035 540
1531 979 1708 1018 casus
1730 962 1931 1017 animo
1961 960 2170 1030 iniquo

522 1070 597 1109 ne
636 1052 921 1111 feramus.
946 1053 1051 1107 sed
1081 1052 1311 1107 Domini
1339 1067 1484 1121 erga
1512 1067 1624 1107 nos
1654 1049 2170 1122 dispensationem

524 1141 970 1212 amplectamur.
992 1144 1068 1211 (1)
1100 1146 1178 1196 Ac
1212 1157 1450 1213 semper
1468 1141 1714 1213 quidem
1736 1139 1893 1194 utilis
1915 1136 2169 1209 Scriptu-

522 1243 729 1285 rarum
761 1230 1054 1292 doctrina,
1089 1231 1193 1285 sed
1237 1232 1501 1286 maxime
1554 1228 1857 1299 ejusmodi
1889 1228 2171 1298 tempori-

520 1318 655 1373 bus.
692 1322 983 1374 Memento
1014 1319 1193 1388 igitur
1222 1319 1357 1374 ]ataa
1397 1335 1433 1374 a
1473 1320 1748 1373 Creatore
1786 1322 1991 1373 nostro
2030 1332 2168 1371 sen-

524 1408 741 1473 tentiae,
772 1422 879 1477 per
897 1422 1085 1478 quam
1115 1412 1414 1479 quotquot
1444 1424 1517 1463 ex
1539 1412 1696 1463 terra
1720 1406 1832 1461 orti
1854 1422 2087 1471 sumus,
2109 1405 2169 1459 in

520 1499 739 1549 terram
766 1496 1123 1551 revertimus
1147 1498 1195 1531 ⁸⁸
1220 1515 1232 1549 :
1262 1512 1373 1552 nec
1412 1496 1741 1568 quisquam
1774 1496 1854 1550 ita
1884 1509 2166 1564 magnus,

520 1587 583 1638 ut
613 1582 998 1639 dissolutioni
1038 1601 1159 1640 non
1191 1586 1264 1641 sit
1294 1586 1617 1641 obnoxius.
1648 1583 2052 1640 Admirandus
2074 1582 2169 1637 ille

520 1674 611 1728 vir
636 1679 761 1728 erat
790 1674 1039 1745 quidem
1080 1676 1336 1731 eximius
1384 1682 1441 1731 et
1484 1690 1769 1743 magnus,
1797 1679 1855 1729 et
1904 1672 2172 1744 corporis

522 1762 723 1817 robori
742 1778 950 1835 parem
968 1763 1203 1819 habens
1226 1765 1411 1819 animi
1434 1765 1731 1833 virtutem,
1750 1763 1936 1819 fateor
1952 1767 2008 1816 et
2036 1776 2168 1830 ego;

2279 520 2424 591 πηρὰ
2467 528 2716 585 τοιαῦτα,
2761 529 2851 574 καὶ
2890 525 3053 593 μείζω
3090 523 3282 571 τούτων
3317 540 3330 552 ·
3373 522 3401 576 η
3446 515 3505 570 δὲ
3553 518 3641 569 ἐπὶ
3681 521 3876 577 τούτοις

2279 611 2591 679 παραμυθία
2629 617 2747 676 τίς;
2797 613 2856 663 Ἢ
2902 612 2956 674 ἐξ
3004 609 3175 683 ἀρχῆς
3208 614 3567 681 κεκρατηκυὴι
3609 617 3702 658 τοῦ
3752 616 3874 658 Θεοῦ

2280 697 2426 766 ἡμῶν
2481 701 2763 770 νομοθεσία
2791 722 2803 733 ·
2861 704 2919 751 τὸ
2959 707 3156 771 χρῆναι
3204 701 3405 759 πάντως
3450 700 3534 749 τόν
3565 698 3641 758 εἰς
3680 701 3874 767 γένεσιν

2280 785 2634 858 παρελθόντα,
2699 797 2807 850 τοῖς
2871 791 3169 845 καθήκουσι
3225 791 3439 860 χρόνοις
3505 786 3716 837 ἀπιέναι
3793 793 3877 836 τού

2282 873 2425 946 βίου.
2456 878 2515 929 Εἰ
2554 874 2641 929 οὖν
2693 879 2859 939 οὕτως
2897 877 2997 930 ἀπὸ
3039 874 3215 947 Ἀδὰμ
3244 882 3435 950 μέχρις
3480 877 3630 945 ἡμῶν
3674 878 3744 925 τα
3799 873 3879 923 ότι-

2282 966 2515 1036 θρώπινα
2582 964 2961 1032 διατέτακται,
3017 972 3088 1038 μὴ
3167 964 3532 1037 ἀγανακτῶμεν
3603 962 3689 1015 ἐπὶ
3776 971 3878 1021 τοῖς

2280 1061 2465 1113 κοινοῖς
2512 1064 2604 1115 τῆς
2662 1060 2865 1127 φύσεως
2908 1058 3050 1127 ἡμῶν
3095 1057 3439 1126 παθήμασιν,
3487 1052 3617 1104 α)λά
3658 1048 3881 1104 καταδε-

2279 1146 2500 1215 χώμεθα
2537 1149 2631 1202 τὴν
2673 1145 2745 1217 ἐφ’
2797 1149 2921 1217 ημῖν
2967 1153 3057 1198 τοῦ
3096 1150 3357 1197 Λευ-πότου
3396 1144 3718 1214 οἰκονομίαν.
3754 1145 3880 1194 Πάνυ

2278 1251 2393 1283 τοτε
2421 1238 2510 1303 μὲν
2548 1237 2645 1307 γὰρ
2677 1240 2950 1307 χρήσιμον
2985 1238 3044 1285 τὸ
3092 1243 3191 1285 τῶν
3240 1240 3448 1307 Γραφῶν
3482 1229 3880 1297 διδασκαλεῖον,

2278 1320 2511 1393 μάλιστα
2541 1318 2600 1374 δὲ
2641 1323 2724 1374 ἐπὶ
2766 1332 2866 1374 τῶν
2913 1326 3158 1375 τοιούτων
3200 1329 3414 1397 καιρῶν.
3456 1323 3744 1377 Μνήσθητι
3783 1326 3878 1371 τοί-

2278 1430 2366 1459 νυν
2408 1419 2503 1471 τῆς
2533 1418 2624 1462 τοῦ
2654 1416 2927 1471 κτίσαντος
2957 1413 3094 1485 ἡμᾶς
3132 1410 3473 1482 ἀποφάσεως,
3502 1406 3573 1461 δι’
3602 1407 3660 1469 ἧς
3701 1411 3879 1468 πάντες

2279 1500 2327 1548 οἱ
2375 1498 2429 1549 ἐκ
2485 1507 2579 1559 τῆς
2628 1508 2728 1570 γῆς
2777 1504 2991 1571 φύντες,
3034 1500 3187 1552 πάλιν
3230 1501 3297 1560 εἰς
3341 1505 3433 1557 τὴν
3475 1509 3577 1570 γῆν
3626 1501 3877 1569 ὑποστρέ-

2281 1606 2436 1659 φομεν
2472 1609 2484 1621 ·
2527 1594 2616 1640 καὶ
2654 1585 2826 1649 οὐδεὶς
2866 1592 3001 1641 οὕτω
3041 1594 3219 1661 μέγας,
3254 1593 3390 1641 ὥστε
3430 1587 3621 1660 βελτίω
3660 1596 3879 1659 φανῆναι

2281 1686 2371 1736 τῆς
2417 1674 2724 1739 διαλύσεως.
2766 1679 2934 1739 Καλός
2982 1684 3071 1751 μὲν
3126 1676 3212 1732 οὖν
3256 1684 3345 1731 καὶ
3393 1682 3553 1751 μέγας
3598 1680 3625 1729 ὀ
3673 1680 3878 1749 θαυμα-

2285 1768 2407 1826 στὸς
2462 1765 2664 1832 ἐκεῖνος,
2718 1772 2803 1819 καὶ
2858 1767 3130 1840 ἐφάμιλλος
3179 1774 3239 1838 τῇ
3298 1767 3446 1840 ῥώμη
3503 1773 3595 1818 τοῦ
3644 1772 3881 1836 σώματος

521 1852 748 1906 nemini
782 1868 926 1907 sane
964 1853 1026 1907 in
1055 1859 1313 1925 utroque
1344 1852 1671 1920 secundus,
1700 1851 1806 1906 sed
1837 1857 2038 1907 tamen
2071 1850 2170 1905 bo-

2283 1860 2376 1911 την
2406 1863 2500 1916 τῆς
2542 1854 2729 1927 ψυχῆς
2771 1856 2978 1929 ἀρετὴν,
3046 1862 3179 1927 φημὶ
3227 1855 3373 1926 κάγώ
3400 1877 3410 1888 ·
3458 1855 3702 1926 οὐμενοῦν
3745 1857 3877 1924 ἔχων

523 1955 626 1995 mo
656 1945 800 2007 erat,
830 1946 885 1996 et
905 1947 1179 1997 mortuus
1200 1947 1307 2013 est,
1337 1947 1399 1998 ut
1419 1942 1633 2009 Adam,
1655 1947 1717 1996 ut
1742 1943 1882 2007 Noe,
1906 1945 1970 1995 ut
1995 1939 2176 1994 Abra-

524 2030 693 2099 ham,
731 2035 789 2085 ut
821 2034 1024 2102 Moses,
1062 2038 1126 2087 ut
1156 2032 1308 2088 alius
1328 2032 1749 2104 quivis,quem
1770 2029 2043 2100 ejusdem
2069 2043 2171 2083 na-

524 2121 673 2175 tura:
704 2120 1059 2191 participem
1090 2120 1518 2176 nominaveris.
1546 2122 1619 2189 (2)
1652 2122 1845 2175 Unum
1878 2118 2040 2173 enim
2090 2132 2174 2172 re-

522 2222 663 2264 vera
689 2208 997 2279 exemplar
1021 2214 1253 2264 naturae
1285 2209 1570 2264 humanas
1600 2209 1798 2263 virum
1834 2206 2007 2262 illum
2030 2208 2174 2260 Con-

520 2295 677 2352 ditor
723 2303 924 2352 noster
948 2303 1289 2364 creaverat;
1321 2297 1480 2353 unde
1519 2312 1730 2352 omnes
1769 2297 1829 2350 in
1868 2311 2007 2350 eum
2037 2309 2175 2349 con-

514 2386 876 2457 jiciebantur
914 2387 1091 2453 oculi,
1122 2392 1179 2442 et
1214 2387 1423 2456 lingua
1456 2388 1655 2443 omnis
1715 2402 1809 2441 res
1838 2384 1997 2439 illius
2021 2399 2174 2455 pra:-

521 2474 767 2530 dicabat
793 2493 804 2541 ;
835 2475 1093 2546 pictores
1121 2479 1321 2531 autem
1354 2480 1411 2531 et
1442 2474 1711 2531 statuarii
1741 2474 1951 2529 formae
1984 2472 2175 2540 digni-

520 2565 704 2617 tatem
735 2563 979 2634 assequi
1019 2578 1139 2618 non
1176 2568 1489 2635 poterant;
1520 2562 1789 2618 historici
1833 2576 1998 2629 vero,
2026 2560 2169 2615 dum

518 2666 613 2705 res
645 2650 927 2721 praeclare
954 2652 1014 2707 in
1032 2652 1188 2708 bello
1216 2657 1418 2722 gestas
1449 2651 1731 2713 referunt,
1750 2651 1807 2705 in
1832 2650 2173 2705 fabularum

520 2740 959 2796 incredibilium
1008 2742 1465 2798 incommodum
1513 2742 1803 2797 incidunt.
1854 2742 2048 2803 Quare
2097 2753 2173 2792 ne

521 2828 741 2884 adduci
777 2830 1022 2901 quidem
1043 2831 1311 2903 plerique
1338 2836 1635 2903 poterant,
1660 2834 1726 2885 ut
1744 2830 1921 2884 fama:
1944 2828 2171 2883 tristem

520 2917 689 2974 illum
720 2922 997 2974 nuntium
1022 2919 1461 2975 circumferenti
1486 2919 1820 2980 crederent,
1846 2922 1949 2974 aut
1980 2916 2175 2972 omni-

521 3026 601 3065 no
631 3014 936 3066 mortuum
971 3026 1099 3064 esse
1133 3010 1307 3065 talem
1334 3010 1531 3065 virum
1564 3010 1911 3065 faterentur.
1948 3007 2062 3064 Sed
2089 3013 2172 3063 ta-

520 3114 659 3155 men
693 3114 1012 3170 perpessus
1060 3104 1171 3165 est,
1202 3114 1338 3170 quae
1384 3104 1438 3153 et
1480 3098 1630 3153 coelo
1662 3102 1719 3153 et
1771 3098 1878 3153 soli
1910 3102 1967 3152 et
2004 3102 2171 3152 terra:

520 3188 812 3243 accident.
838 3190 915 3256 (3)
959 3191 1041 3242 ita
1073 3187 1253 3257 igitur
1281 3188 1473 3243 dolori
1501 3188 1834 3255 moderare,
1868 3192 1931 3242 ut
1974 3201 2172 3256 neque

521 3278 687 3333 illum
722 3278 927 3334 animo
958 3279 1260 3349 projicias,
1286 3294 1485 3351 neque
1516 3295 1553 3334 a
1587 3279 1821 3334 tristitia
1847 3276 2171 3334 absorbea-

517 3367 619 3422 ris.

591 3458 679 3511 12.
704 3458 778 3519 (4)
802 3458 915 3512 Eos
945 3460 1166 3519 autem.
1198 3457 1304 3529 qui
1329 3456 1477 3512 dum
1509 3456 1748 3524 vivunt,
1778 3458 1990 3512 mutuo
2031 3470 2169 3511 con-

516 3544 876 3615 junguntur,
901 3562 971 3601 ac
990 3545 1206 3601 deinde
1224 3551 1415 3603 morte
1443 3562 1478 3602 a
1500 3562 1564 3601 se
1596 3546 1851 3601 invicem
1876 3545 2169 3601 divellun-

521 3639 635 3701 tur,
660 3635 987 3691 viatoribus
1036 3636 1233 3705 cogita
1278 3652 1401 3691 non
1441 3652 1572 3692 esse
1610 3635 1939 3701 absimiles,
1982 3651 2171 3691 unam

522 3728 580 3780 et
604 3725 882 3781 eamdem
921 3724 1201 3781 euntibus
1235 3726 1413 3795 viam,
1442 3729 1499 3781 et
1539 3731 1783 3797 propter
1824 3725 2171 3780 continuam

522 3813 677 3870 inter
699 3830 760 3869 se
784 3814 1338 3871 confabulationem
1365 3814 1806 3870 necessitudine
1833 3818 2013 3886 atque
2034 3829 2172 3869 con-

523 3904 836 3959 suetudine
868 3904 1179 3960 devinctis.
1234 3904 1299 3959 Hi
1342 3910 1481 3976 post
1510 3920 1825 3959 emensum
1856 3905 1965 3959 iter
2012 3920 2171 3960 com-

521 4008 726 4061 mune,
750 3994 855 4048 ubi
878 3997 1101 4049 sectam
1126 3992 1284 4049 viam
1309 3995 1655 4067 repererint,
1675 3994 2023 4050 necessitate
2040 3996 2171 4064 jam

520 4085 770 4148 cogente
802 4085 866 4134 ut
910 4082 1058 4135 alter
1083 4081 1161 4135 ab
1192 4081 1375 4136 altero
1414 4088 1744 4152 separetur,
1780 4098 2169 4155 nequaquam

523 4168 957 4223 consuetudine
995 4169 1216 4224 detenti
1246 4170 1562 4240 negligant
1600 4172 1765 4242 quod
1811 4172 1921 4227 sibi
1952 4188 2147 4244 propo

522 4260 807 4313 suerant:
843 4256 948 4313 sed
995 4272 1243 4314 causam
1274 4274 1409 4329 quas
1460 4274 1520 4314 se
1562 4259 1729 4318 initio
1760 4260 2069 4332 compulit,
2109 4262 2171 4316 in

520 4346 877 4403 memoriam
922 4352 1298 4417 revocantes,
1328 4347 1407 4404 ad
1436 4364 1610 4404 suam
1658 4348 1913 4421 quisque
1944 4354 2170 4405 metam

521 4436 910 4493 contendunt.
946 4436 1471 4501 Quemadmodum
1519 4436 1700 4507 igitur
1735 4437 1831 4492 his
1862 4436 2014 4493 alius
2045 4443 2171 4495 erat

524 4526 634 4581 viae
662 4542 908 4598 scopus,
942 4526 1275 4583 intercessit
1295 4532 1495 4582 autem
1522 4541 1597 4582 ex
1621 4526 2053 4583 consuetudine
2084 4528 2171 4583 in-

525 4619 613 4671 ter
636 4616 821 4687 ipsos,
856 4631 995 4671 cum
1024 4616 1133 4673 iter
1163 4618 1445 4683 facerent,
1468 4617 1853 4674 necessitudo
1884 4619 2170 4690 quaedam

524 4719 594 4759 ac
623 4703 995 4761 familiaritas
1030 4723 1042 4761 :
1082 4706 1165 4761 sic
1204 4706 1385 4763 etiam
1428 4706 1499 4761 iis
1536 4707 1641 4779 qui
1666 4708 1889 4780 nuptiis
1921 4712 2025 4764 aut
2054 4708 2171 4765 alia

524 4791 815 4863 quapiam
836 4792 967 4849 vitae
996 4795 1276 4853 societate
1307 4796 1615 4867 conjuncti
1646 4800 1803 4859 sunt,
1835 4797 1946 4852 fuit
1966 4797 2169 4869 procul

521 4880 708 4937 dubio
747 4882 1115 4953 praestitutus
1166 4885 1446 4958 proprius
1487 4885 1740 4958 quidam
1784 4886 1920 4943 vitae
1968 4887 2169 4943 termi-

526 4985 639 5027 nus
678 4986 690 5036 ;
728 4970 835 5027 sed
866 4975 1068 5028 tamen
1100 4974 1264 5046 ipsos
1289 4975 1442 5031 inter
1469 4992 1532 5030 se
1562 4977 1916 5047 conjunctos
1943 4977 2171 5049 praede-

523 5060 727 5117 ﬁnitus
757 5061 891 5119 vitae
939 5062 1077 5118 ﬁnis
1122 5065 1465 5121 necessario
1517 5065 1817 5137 separavit
1852 5081 1923 5122 ac
1972 5067 2167 5137 sejun»

522 5149 629 5207 xit.
660 5150 739 5223 (5)
778 5154 985 5225 Itaque
1015 5152 1167 5224 grati
1209 5153 1398 5211 animi
1448 5153 1625 5211 fuerit
1658 5169 1782 5212 non
1822 5170 1979 5226 aegre
2018 5154 2171 5215 ferre

2203 3326 2243 3380 C

594 5343 644 5379 ⁸ο
659 5344 804 5403 Gen.
834 5359 910 5416 nr,
948 5348 1035 5402 19.

591 5540 669 5611 (71)
700 5539 788 5611 Ex,
812 5538 983 5611 epist.
1011 5553 1227 5607 CCLXIX,
1249 5538 1373 5595 413.

601 5610 674 5679 (2)
709 5609 881 5679 lbidf,
907 5610 1031 5667 416.

595 5680 672 5751 (3)
700 5679 846 5736 Ibid.

2283 1942 2570 2017 ὑπερϐολὴν
2628 1945 2699 2006 εἰς
2766 1946 3016 2020 ἑκάτερα,
3078 1944 3187 1996 ἀλλ’
3240 1946 3376 2016 ὅμως
3433 1946 3737 2016 ἄνθρωπος,
3792 1949 3877 1993 και

2283 2034 2553 2101 τέθνηκεν,
2612 2036 2677 2093 ὡς
2730 2031 2943 2105 Ἀδὰμ,
3017 2037 3087 2095 ὡς
3141 2041 3285 2101 Νῶε,
3348 2036 3413 2093 ως
3466 2032 3748 2106 Ἀϐραὰμ,
3815 2038 3880 2092 ως

2286 2127 2533 2188 Μωυσῆς,
2563 2124 2629 2181 ὡς
2677 2121 2850 2173 ὃντινα
2879 2122 2939 2173 ἂν
2987 2126 3132 2195 εἴπης
3175 2131 3273 2174 τῶν
3322 2131 3418 2183 τῆς
3468 2122 3629 2181 αὐτῆς
3680 2124 3879 2192 φύσεως

2284 2214 2678 2283 μετασχόντων.
2716 2210 2802 2264 Ἐν
2846 2218 2915 2281 τῷ
2955 2215 3062 2263 ὄντι
3105 2208 3404 2283 ὑπόδειγμα
3431 2219 3529 2271 τῆς
3564 2209 3881 2283 ἀνθρωπείας

2284 2304 2487 2373 φύσεως
2530 2306 2617 2352 τὸν
2671 2298 2842 2377 ἄνδρα
2896 2302 3083 2355 ἐκεῖνον
3124 2304 3150 2353 ὁ
3194 2305 3377 2361 κτίσας
3420 2303 3561 2373 ἡμᾶς
3604 2297 3883 2371 ἐδημιούρ-

2282 2408 2444 2458 γησεν
2474 2410 2487 2422 ο
2541 2392 2674 2441 ὥστε
2716 2392 2901 2451 πάντες
2950 2394 3041 2462 μὲν
3092 2389 3347 2461 ὀφθαλμοὶ
3391 2391 3520 2461 πρὸς
3574 2388 3736 2439 αὑτὸν
3784 2388 3881 2458 ἐφε-

2282 2496 2430 2549 ροντο
2461 2498 2472 2509 ’
2514 2484 2661 2528 πᾶσα
2699 2474 2757 2529 δε
2785 2478 3001 2548 γλῶσσα
3038 2480 3103 2529 τὰ
3141 2478 3253 2530 κατ’
3281 2478 3436 2529 αὐτὸν
3468 2473 3668 2547 διεξῄει
3693 2498 3706 2508 ν
3755 2496 3880 2547 γρα-

2285 2574 2388 2638 φεῖς
2443 2562 2502 2619 δε
2570 2572 2660 2619 καὶ
2730 2570 2961 2619 πλάσται
3025 2575 3121 2628 τῆς
3181 2566 3331 2630 ἀξίας
3406 2564 3821 2639 ἀπελιμπάνοντο
3864 2580 3877 2594 ’

2286 2657 2544 2726 ἱστορικοὶ
2584 2652 2643 2707 δί
2698 2653 2902 2731 ἄνδρες,
2948 2660 3015 2710 τὰ
3049 2656 3161 2709 κατ’
3206 2657 3391 2731 ἀρετὴν
3433 2652 3883 2727 ἀνδραγαθήματα

2285 2740 2658 2815 διηγούμενοι,
2704 2749 2835 2817 πρὸς
2874 2750 2969 2804 τὴν
3016 2754 3115 2799 τῶν
3166 2748 3343 2818 μύθων
3384 2744 3731 2797 ἐκπίπτουσιν
3774 2745 3881 2795 απι-

2286 2838 2453 2887 στίαν.
2506 2833 2657 2885 Ὅθεν
2696 2831 2819 2886 οὐδὲ
2867 2837 3131 2887 πιστεύειν
3183 2836 3452 2905 ἠνείχοντο
3497 2836 3544 2885 0i
3596 2834 3781 2885 πολλοὶ
3821 2840 3875 2903 τξ

2284 2926 2428 2992 φήμη
2501 2926 2595 2979 τὴν
2646 2925 2963 2995 σκυθρωπὴν
3021 2922 3263 2994 ἀγγελίαν
3328 2924 3700 2996 περιαγούση,
3767 2918 3882 2973 οὐδε

2282 3005 2681 3079 καταδέχεσθαι
2732 3010 2882 3077 ὅλως,
2939 3013 3017 3063 ὅτι
3065 3014 3305 3068 τέθνηκεν
3352 3014 3378 3061 ὸ
3428 3017 3697 3069 τοιοῦτος.
3756 3009 3883 3061 Ἀλλ’

2284 3100 2423 3170 ὅμως
2452 3102 2697 3152 πέπονθεν
2729 3100 2761 3151 ά
2804 3105 2893 3153 καὶ
2938 3101 3139 3174 ούρανῷ
3187 3105 3276 3152 καὶ
3318 3099 3446 3170 ἡλίῳ
3492 3103 3582 3150 καὶ
3625 3106 3696 3169 γῇ
3755 3118 3885 3169 συμ-

2286 3185 2525 3243 ϐήσεται.
2577 3189 2731 3241 Ούτω
2767 3193 2939 3241 τοίνυν
2982 3193 3039 3241 τὸ
3092 3190 3255 3249 πάθος
3304 3193 3585 3262 μέτρησον,
3632 3191 3705 3249 ὡς
3762 3195 3887 3259 μήτε

2286 3274 2513 3329 ἐκϐαλεῖν
2560 3285 2648 3337 τῆς
2705 3274 2967 3352 καρδίας,
3034 3283 3165 3350 μήτε
3224 3278 3589 3335 καταποθῆναι
3641 3279 3747 3328 ὑπὸ
3802 3286 3889 3335 τῆς

2284 3366 2467 3425 λύπης.

2353 3457 2443 3511 12.
2474 3459 2608 3517 Τοὺς
2646 3459 2747 3531 γὰρ
2786 3458 2921 3509 κατὰ
2958 3460 3041 3509 τὸν
3073 3455 3192 3529 βίον
3232 3458 3581 3527 συναφθέντας
3630 3455 3887 3520 ἀλληλοις,

2283 3544 2395 3597 εἶτα
2454 3546 2656 3616 θανάτῳ
2716 3543 3107 3619 διισταμένους,
3168 3543 3469 3613 ὁδοιπόροις
3515 3544 3745 3617 λογίζου
3801 3566 3889 3598 παι

2280 3637 2625 3713 ραπλησίους,
2681 3658 2803 3710 μιαν
2861 3641 3225 3713 πορευομένοις
3281 3634 3431 3703 ὁδὸν,
3489 3641 3582 3689 καὶ
3639 3634 3741 3690 διὰ
3802 3642 3888 3695 τὶν

2283 3736 2481 3798 συνεχῆ
2531 3728 2640 3800 μετ’
2695 3728 2923 3785 αλλήλων
2980 3725 3255 3799 διατριϐὴν
3307 3728 3571 3779 ἐνωθεῑσιν
3630 3729 3739 3779 ὑπό
3802 3736 3890 3787 τῆς

2283 3819 2576 3876 συνηθείας.
2624 3817 2690 3869 Οἱ
2744 3813 2941 3870 mtas»
2983 3821 3075 3875 τὴν
3122 3822 3297 3874 κοινὴν
3343 3813 3469 3868 ὁδὸν
3514 3812 3887 3883 διεξεθλὸντες,

2279 3906 2617 3959 καταλάϐωσι
2680 3906 2857 3958 λοιπὸν
2921 3907 3244 3977 σχιζομένην
3294 3905 3480 3974 αὐτὴν,
3549 3914 3652 3967 τῆς
3707 3912 3888 3982 χρείας

2280 3991 2388 4053 ἤδη
2456 3994 2745 4067 ἀναγκαίως
2806 3994 3125 4069 μεριζούσης
3183 3995 3457 4068 ἑκάτερον,
3520 3994 3582 4047 οὐ
3644 4004 3708 4066 τῇ
3778 4016 3889 4048 συν-

2281 4086 2433 4156 ηθείᾳ
2497 4085 2971 4160 προσκαθεζόμενοι
3034 4084 3285 4156 ἀμελοῦσι
3340 4093 3437 4136 τῶν
3502 4089 3885 4158 προκειμένων,

2281 4172 2408 4226 ἀλλὰ
2458 4182 2555 4235 τῆς
2607 4173 2660 4237 ἐξ
2709 4173 2886 4247 ἀρχῆς
2936 4176 3233 4236 κινησάσης
3285 4174 3477 4234 αύτούς
3534 4174 3720 4235 αἰτίας
3765 4177 3885 4226 23:0-

2278 4265 2625 4335 μνησθέντες,
2690 4267 2819 4335 πρὸς
2875 4267 2932 4315 τὸ
2995 4263 3179 4316 οἰκεῖον
3233 4264 3453 4325 ἕκαστος
3518 4262 3882 4335 ἀποτρέχουσι

2279 4357 2452 4427 πέρας.
2494 4352 2582 4415 Ὡς
2636 4348 2724 4404 οὖν
2781 4352 2993 4413 ἐκεινοις
3028 4352 3174 4413 ἀλλος
3210 4356 3299 4425 μεν
3354 4350 3414 4409 ἦν
3459 4354 3486 4403 ὁ
3532 4358 3744 4414 σκοπὸς
3798 4360 3883 4411 τῆς

2279 4439 2429 4509 ὁδοῦ,
2482 4441 2669 4499 συνέϐη
2732 4438 2792 4495 δε
2841 4442 3014 4502 αὐτοῖς
3052 4443 3081 4499 ἡ
3128 4444 3265 4494 κατὰ
3309 4446 3401 4499 την
3459 4437 3783 4516 ὁδοιπορίαν
3835 4440 3881 4492 ἐκ

2276 4539 2369 4592 τῆς
2427 4533 2707 4593 συνηθείας
2754 4531 3053 4593 οἰκείωσις·
3099 4535 3232 4583 οὕτω
3290 4535 3381 4582 καὶ
3439 4538 3542 4590 τοῖς
3604 4530 3655 4583 ἐν
3709 4534 3877 4603 γαμή,

2278 4623 2308 4680 ἣ
2360 4620 2487 4693 άλλη
2536 4626 2640 4674 τινὶ
2687 4626 2930 4692 κοινωνίᾳ
2983 4618 3104 4691 βίου
3158 4624 3502 4692 πνημένοις,
3565 4617 3709 4673 ἴδιον
3768 4639 3877 4693 προ-

2277 4714 2442 4763 έκειτο
2503 4707 2747 4767 δηλονότι
2799 4719 2892 4770 τῆς
2942 4713 3074 4772 ζωῆς
3137 4713 3197 4762 τὸ
3242 4714 3397 4783 πίρας
3436 4724 3453 4740 ⁸
3526 4712 3878 4781 συναφθέντας

2281 4794 2339 4851 δε
2406 4798 2677 4869 ἀλληλοις,
2742 4797 3039 4871 ἀναγκαίως
3100 4802 3159 4851 τὸ
3224 4794 3742 4872 προδιατεταγμένον
3798 4806 3879 4855 τῆς

2281 4889 2420 4951 ζωῆς
2448 4888 2588 4951 τέλος
2626 4887 2853 4963 ἕχώρισε
2888 4893 2980 4941 καὶ
3025 4883 3059 4940 δ
3066 4886 3253 4943 ιίλυσε.
3295 4887 3634 4959 Εύγνωμονος
3664 4885 3725 4941 δε
3766 4885 3876 4939 δια·

2276 4982 2452 5048 νοίας,
2502 4977 2597 5029 οὐκ
2651 4976 2733 5029 ίπὶ
2799 4986 2872 5047 τῷ
2924 4986 3187 5051 χωρισμῲ
3243 4973 3526 5050 δυσφόρως
3582 4980 3731 5048 ἔχειν
3796 4984 3875 5029 τοῦ

2280 5068 2641 5140 συναφθέντος,
2687 5065 2794 5119 ἀλλ’
2845 5068 2928 5119 επὶ
2974 5074 3035 5138 τῇ
3088 5066 3151 5129 ἀξ
3189 5064 3366 5139 ἀρχῆς
3414 5072 3678 5139 συναφείᾳ
3724 5068 3871 5138 χάριν

2277 5158 2421 5229 ἔχειν
2472 5163 2547 5229 τῷ
2604 5156 3061 5233 συγκληρῶσαντι.
3092 5158 3158 5209 Σύ
3207 5150 3288 5224 δε,
3318 5158 3406 5208 καὶ
3435 5156 3517 5209 ὅτε
3562 5164 3755 5230 περιῆν
3800 5173 3870 5209 σοι

2464 5546 2739 5676 ξῶἓοω.
2768 5549 2832 5604 in
2861 5551 3048 5605 marl.
3070 5546 3376 5617 Juliuam,
3405 5546 3497 5605 38.
