4056 6222
249 358 385 413 I277
1297 356 1526 415 SERMO
1556 356 1665 413 XII.
1697 386 1766 399 -—
1792 354 1882 412 DE
1906 354 2103 413 ANIMI
2141 356 2589 417 DEJECTIONE.
3464 360 3601 417 4278

244 480 430 554 όάνὴρ
462 482 492 541 ἦ
531 483 587 532 τὸ
618 476 851 548 παιδίον,
903 483 931 540 ἡ
982 483 1153 535 ὁτιοῦν
1197 482 1263 533 ὧν
1311 479 1475 555 ὀδύρῃ
1530 489 1657 547 νῦν,
1712 482 1840 553 οὐχὶ

1997 484 2391 552 aparalionem
2413 484 2567 539 illius
2595 485 2699 557 qui
2727 485 3083 556 conjunctus
3138 483 3330 541 fuerat
3361 506 3372 540 :
3410 485 3517 541 sed
3548 484 3599 540 ei

244 575 407 644 ’χάριν
455 572 594 642 εἶχες
654 579 751 622 τῶν
808 576 1074 642 παρόντων
1126 580 1196 640 τῷ
1255 569 1532 642 δεδωκότι,
1593 571 1699 623 ἀλλ’
1758 571 1838 622 έν-

1998 569 2053 622 ui
2098 569 2348 640 hujusce
2394 574 2678 628 consortii
2720 580 2928 629 auctor
2961 574 3175 642 fuerat,
3237 575 3491 643 gratiam
3522 574 3600 630 ob

247 660 441 721 εκάλεις
490 662 617 731 ὑπὲρ
663 668 762 711 τῶν
822 661 1191 732 ἐλλειφθέντων.
1240 662 1300 713 Εἰ
1351 665 1440 733 μεν
1490 657 1644 734 ἀνδρὶ
1700 664 1838 732 μόνῳ

1998 657 2208 714 rimam
2267 663 2755 732 conjunctionem
2786 662 3031 718 habere.
3058 665 3138 717 Tu
3186 680 3430 735 quoque
3460 680 3600 719 cum

248 756 514 815 συνώκεις,
572 750 653 800 ὅτι
700 754 771 821 μὴ
828 747 1010 810 παῖδες
1064 747 1197 808 ἦσαν
1255 754 1395 812 οῑους
1443 749 1673 803 ἐϐούλουο
1710 750 1752 802 εἰ
1782 747 1840 803 δὲ

2000 754 2253 819 iperstes
2306 756 2459 805 esset
2515 752 2603 805 vir
2652 756 2790 806 tuus
2823 790 2836 813 ,
2911 756 3015 808 aut
3059 751 3390 808 infantulus
3432 795 3445 816 ,
3500 758 3602 809 aut

244 845 334 891 καί
391 836 573 899 παῖδες
628 847 894 913 παρῆσαν,
961 842 1040 892 ὅτι
1098 844 1167 912 μὴ
1232 840 1644 913 ὑπερεπλούτεις.
1706 839 1841 910 Ὀρα

1998 854 2069 894 uo
2091 837 2233 894 libet
2263 854 2471 894 eorum
2499 856 2636 912 qure
2668 856 2827 895 nunc
2852 842 3223 905 lamentaris,
3245 842 3443 899 nullas
3471 858 3600 913 gra-

246 932 436 994 τοίνυν,
482 933 682 999 μήποτε
722 929 866 980 αὐτοὶ
918 929 1114 990 ἑαυτοῖς
1168 928 1453 1000 ἀναγκαίας
1496 938 1594 981 τῶν
1651 928 1838 1001 φιλτά-

1995 944 2037 981 :s
2084 928 2461 998 rependebas
2500 928 2801 984 bonorum
2862 930 3245 1000 praesentium
3294 931 3597 1000 largitori:

244 1038 343 1069 των
391 1020 486 1079 τὰς
540 1024 811 1091 στερήσεις
860 1020 1350 1091 κατασκευάζωμεν·
1405 1023 1670 1093 παρόντων
1726 1024 1833 1091 μὲν,

2001 1032 2071 1071 no
2110 1016 2183 1071 de
2207 1017 2558 1073 absentibus
2613 1018 3099 1089 conquerebaris.
3145 1021 3206 1074 Et
3236 1020 3502 1091 quidem
3553 1022 3603 1076 si

244 1106 339 1159 οὐκ
405 1107 809 1179 αἰσθανόμενοι,
873 1108 1225 1183 παρελθόντων
1292 1105 1387 1175 δὲ,
1454 1112 1835 1181 περιεχόμενοι.

2000 1107 2180 1177 bsque
2202 1107 2368 1178 prole
2395 1124 2533 1163 cum
2575 1108 2700 1163 viro
2735 1107 3021 1177 degebas,
3071 1109 3403 1179 querebare
3436 1111 3602 1181 quod

248 1192 458 1254 Ἐπειδὴ
509 1200 610 1271 γὰρ
677 1202 1063 1272 παρακειμένων
1139 1206 1237 1249 τῶν
1305 1198 1360 1249 ἐκ
1433 1204 1566 1249 Θεοῦ
1632 1199 1837 1267 ἀγαθῶν

2000 1195 2051 1249 lii
2081 1197 2290 1267 quales
2316 1197 2747 1265 desiderasses,
2772 1198 2877 1253 tibi
2902 1213 3022 1253 non
3044 1204 3265 1253 essent:
3284 1199 3375 1253 sin
3403 1205 3602 1254 autem

245 1286 337 1338 οὐκ
392 1286 826 1359 εὐχαριστοῦμεν,
880 1286 1141 1359 ἀναγκαία
1195 1290 1319 1359 ἡμῖν
1367 1290 1397 1345 ἡ
1448 1286 1721 1361 ἀφαίρεσις
1748 1284 1840 1339 διὰ

1998 1284 2221 1340 abebas
2250 1285 2426 1353 filios,
2455 1285 2705 1341 dolebas
2735 1286 2900 1357 quod
2922 1302 3045 1341 non
3073 1286 3349 1341 afﬂueres
3365 1287 3600 1342 divitiis.

242 1380 335 1432 τὴν
385 1377 635 1433 αἰσθησιν
688 1380 908 1447 γίνεται.
965 1384 1163 1451 Ὠσπερ
1211 1379 1313 1449 γὰρ
1368 1376 1416 1428 οὶ
1473 1375 1728 1448 ὀφθαλμοὶ
1780 1380 1837 1427 τό

2000 1388 2125 1439 ave,
2171 1374 2351 1443 igitur
2385 1391 2459 1429 ne
2492 1375 2640 1430 forte
2689 1375 3181 1430 charissimorum
3210 1376 3602 1446 privationem

246 1466 378 1534 οἰγαν
418 1470 747 1537 προκείμενον
786 1465 892 1536 οὐχ
938 1467 1151 1538 ὁρῶσιν,
1208 1464 1335 1517 ἀλλά
1390 1462 1596 1518 δέονται
1638 1469 1838 1537 συμμέ-

2000 1462 2125 1517 obis
2150 1464 2294 1534 ipsis
2322 1462 2653 1519 reddamus
2684 1464 3120 1529 necessarium,
3157 1480 3295 1518 cum
3325 1480 3447 1519 non
3479 1464 3602 1519 afﬁ-

241 1572 367 1628 τρου
396 1557 535 1615 τινὸς
564 1553 923 1616 ἀποστάσεως·
964 1555 1097 1607 οὕτω
1152 1560 1241 1607 καὶ
1296 1554 1351 1606 αἰ
1399 1553 1688 1626 ἀχάριστοι
1742 1554 1841 1624 ψυ-

2007 1566 2185 1606 amur
2226 1551 2469 1607 illarum
2494 1552 2842 1624 prassentia,
2896 1552 3002 1607 sed
3059 1552 3317 1608 amissos
3372 1553 3604 1608 deside-

242 1648 345 1714 χαὶ
375 1642 604 1695 ἐοίκασιν
645 1642 693 1694 ἐν
714 1650 776 1713 τῇ
804 1642 1137 1714 ἀλλοτριώσει
1178 1662 1276 1694 των
1326 1642 1532 1714 ἀγαθῶν
1576 1652 1666 1702 τῆς
1708 1662 1839 1717 παρ-

2002 1656 2175 1697 εωιιε.
2216 1642 2515 1706 Quoniam
2546 1642 2707 1697 enim
2733 1658 2844 1713 pro
2902 1643 3301 1711 praesentibus
3347 1642 3527 1698 bonis
3569 1658 3604 1698 θ.

243 1732 492 1791 ελθούσης
556 1733 781 1805 χάριτος
866 1732 1313 1788 ἐπαισθάνεσθαι.
1384 1731 1505 1784 Ὀτε
1562 1734 1662 1805 γὰρ
1720 1731 1839 1783 ἀπέ-

2001 1746 2070 1785 eo
2102 1730 2330 1787 collatis
2358 1737 2556 1801 grates
2587 1747 2711 1786 non
2742 1731 3180 1802 persolvimus:
3212 1731 3347 1787 ideo
3378 1731 3602 1803 privari

240 1820 395 1873 λαυον
434 1830 532 1873 των
558 1825 949 1895 χρηστοτέρων,
994 1818 1239 1894 οὐδεμίαν
1276 1824 1437 1895 χάριν
1480 1829 1551 1892 τῷ
1583 1818 1838 1874 δεδωκότι

2002 1834 2062 1874 os
2090 1819 2159 1873 iis
2181 1834 2429 1874 necesse
2460 1822 2566 1883 est,
2600 1824 2665 1874 ut
2694 1819 2943 1874 affectus
2970 1824 3173 1875 noster
3221 1819 3388 1891 541
3444 1835 3604 1875 com-

237 1916 603 1981 γινώσκοντες
654 1912 781 1982 μετά
832 1916 925 1970 τὴν
972 1916 1237 1983 στέρησιν,
1294 1915 1352 1963 τό
1419 1910 1670 1983 παρελθόν
1736 1931 1837 1982 μα-

2002 1914 2283 1964 ioveatur.
2314 1908 2844 1973 Quemadmodum
2876 1908 3039 1963 enim
3069 1923 3193 1964 non
3212 1909 3421 1964 vident
3446 1909 3604 1965 oculi

236 1999 570 2073 καριξουσιν,
625 1998 759 2052 Ἀλλ’
816 2001 967 2072 ἡμεῖς
1027 1999 1233 2072 ἀφέντες
1258 2003 1351 2061 τὰς
1387 2002 1471 2051 ἐπὶ
1499 2007 1603 2060 τοῖς
1643 1998 1838 2051 ἀποῦσι

2000 1997 2116 2052 uod
2137 1996 2392 2052 nimium
2408 2012 2627 2069 propre
2650 1996 2965 2052 admotum
2983 2001 3092 2061 est,
3122 1996 3231 2051 sed
3252 1998 3602 2067 congruenti

236 2088 423 2159 λύπας,
474 2085 818 2160 διδαχθὼμεν
884 2094 977 2147 τὴν
1021 2089 1104 2142 ἐπὶ
1147 2098 1254 2150 τοῖς
1310 2096 1567 2163 παροῦσιν
1624 2087 1838 2161 εὐχαρι-

2000 2086 2151 2157 ιίφιο
2179 2087 2374 2157 spatio
2402 2086 2699 2157 indigent:
2750 2087 2830 2141 ita
2860 2090 2917 2141 et
2945 2086 3196 2155 ingratas
3247 2087 3463 2142 animae
3495 2101 3602 2158 per

242 2182 394 2230 στίαν
428 2174 763 2231 ἀποδιδόναι.
812 2181 1068 2251 Εἴπωμεν,
1122 2178 1171 2231 ἐν
1230 2183 1319 2251 μὲν
1366 2188 1480 2239 ταῖς
1531 2181 1838 2253 σκυθρωπο-

2003 2190 2250 2230 anorum
2266 2174 2767 2230 abalienationem
2790 2174 3063 2229 videntur
3085 2174 3160 2230 de
3174 2176 3475 2246 praeterito
3502 2176 3605 2231 be-

238 2271 417 2339 τέραις
510 2269 852 2340 περιστάσεσι
930 2276 1029 2319 τῶν
1121 2270 1479 2342 πραγμάτων,
1546 2276 1620 2338 τῷ
1697 2276 1839 2340 σοφῷ

2002 2262 2166 2319 eﬁcio
2195 2262 2385 2319 afﬁci.
2422 2265 2571 2319 Nam
2597 2279 2738 2318 cum
2762 2262 3102 2318 fruerentur
3148 2263 3346 2331 bonis,
3374 2263 3604 2319 nullam

244 2356 427 2430 ἰατρῷ·
500 2356 578 2407 Ἐν
642 2356 815 2427 θλίχει
878 2363 1043 2431 μικρᾲ
1116 2358 1145 2414 ἡ
1230 2354 1449 2409 παιδεία
1528 2377 1622 2409 σου
1693 2360 1837 2428 ἡμῖν.

2001 2368 2075 2408 ιω
2105 2355 2363 2422 gratiam
2395 2352 2707 2410 habebant
2729 2352 3001 2421 largitori
3028 2370 3041 2421 ;
3092 2353 3200 2408 sed
3228 2353 3333 2409 ubi
3363 2358 3501 2409 sunt
3534 2353 3603 2407 iis

240 2449 499 2517 Εῖπωμεν⁶
550 2446 770 2517 Ἀγαθόν
835 2465 947 2517 μοι,
1010 2446 1089 2497 ὅτι
1138 2445 1487 2508 ἐταπείνωσάς
1540 2465 1622 2518 με.
1677 2450 1842 2499 Εἴπω-

2002 2444 2241 2513 Joliatae,
2276 2444 2335 2498 id
2368 2444 2571 2514 ipsum
2629 2442 2797 2514 quod
2844 2442 3103 2511 evanuit,
3149 2442 3399 2498 laudant
3449 2442 3604 2498 aesti-

241 2554 355 2607 μεν,
386 2535 463 2586 ὅτι
518 2534 631 2586 Οὐκ
703 2535 828 2597 ἄξια
887 2537 952 2586 τὰ
1011 2537 1301 2607 παθήματα
1358 2543 1448 2587 τοῦ
1511 2543 1598 2587 νῦν
1656 2542 1840 2609 καιροῦ

2001 2538 2260 2605 tantque,
2283 2533 2361 2601 (Il
2396 2535 2512 2587 Nos
2544 2537 2745 2587 autem
2775 2546 3097 2586 maerorem
3129 2546 3202 2586 ex
3240 2532 3310 2586 iis
3339 2548 3475 2603 quae
3494 2531 3603 2586 de-

242 2628 369 2698 πρός
459 2626 552 2681 τὴν
637 2623 923 2694 μελλουσαν
1008 2620 1165 2686 δόξαν
1256 2623 1683 2696 ἀποκαλυφθῆναι
1775 2625 1843 2685 εἰς

2000 2628 2088 2679 int
2116 2626 2523 2693 emergentem
2555 2620 2977 2687 amandantes,
3009 2621 3315 2677 discamus
3350 2622 3429 2676 ob
3456 2637 3602 2692 prie-

242 2715 404 2785 ἠμοὶς.
470 2713 739 2785 Εἰπωμεν,
806 2715 887 2764 ότι
952 2713 1136 2785 Ὀλίγα
1202 2711 1269 2764 ὧν
1331 2716 1626 2787 ἡμάρτομεν
1683 2732 1843 2785 μεμα-

2002 2711 2143 2767 entia
2172 2710 2393 2779 gratias
2424 2708 2753 2765 exsolvere.
2788 2711 3068 2764 Dicamus
3092 2709 3345 2780 sapienti
3371 2709 3604 2765 medico

244 2804 569 2875 στεγώμεθα.
627 2802 1076 2876 Παρακαλέσωμεν
1143 2807 1228 2855 τὸν
1298 2806 1507 2877 Κύριον,
1566 2805 1645 2855 ὅτι
1714 2808 1843 2855 Παί-

2004 2798 2400 2856 itristioribus
2452 2814 2653 2853 rerum
2683 2796 3041 2867 infortuniis,
3092 2799 3164 2852 In
3215 2798 3606 2853 tribulatione

244 2888 433 2944 ὃευσον
486 2894 662 2963 ἡμᾶς,
726 2894 919 2966 Κύριε,
974 2891 1105 2949 πλὴν
1164 2892 1212 2944 ἐν
1269 2897 1477 2965 κρίσει,
1528 2897 1617 2944 καὶ
1667 2898 1736 2964 μὴ
1794 2893 1840 2945 ἐν

2004 2888 2501 2957 1rva,disciplina
2522 2886 3185 2941 tuanobis“.Dicamus:
3206 2887 3432 2940 Bonum
3456 2885 3606 2939 mihi

244 2982 431 3053 θυμῷ.
478 2979 841 3053 Ἐλεγχόμενοι
890 2984 992 3055 γὰρ
1056 2983 1155 3033 ὑπό
1209 2987 1402 3055 Κυρίου
1458 2979 1837 3054 παιδευόμεθα,

2004 2980 2094 3034 uia
2118 2977 2559 3033 humiliastime
2578 2975 2647 3031 ⁸³.
2672 2973 2976 3029 Dicamus:
2997 2975 3121 3029 Non
3138 2980 3277 3029 sunt
3296 2973 3606 3042 condigna:

242 3069 327 3120 ἵνα
356 3073 426 3140 μὴ
463 3072 556 3120 σὺν
587 3076 658 3139 τῷ
707 3074 888 3141 κόσμῳ
936 3072 1351 3142 κατακριθῶμεν.
1407 3070 1489 3122 Ἐν
1531 3067 1589 3122 δὲ
1627 3078 1690 3142 τῇ
1726 3090 1841 3141 φαι-

2004 3068 2253 3123 αεείοηεε
2269 3065 2450 3134 hujus
2482 3064 2764 3133 temporis
2785 3064 2867 3119 ad
2884 3064 3161 3132 futuram
3183 3063 3445 3133 gloriam
3475 3077 3606 3133 qua:

241 3154 468 3232 δροτέρα
533 3165 623 3209 τοῦ
677 3156 799 3229 βίου
860 3154 1096 3230 ὁίαγωγῂ⁸
1145 3164 1338 3217 εκείνην
1368 3158 1589 3231 λέγωμεν
1615 3167 1706 3212 τοῦ
1747 3166 1839 3212 Δα-

2003 3156 2321 3212 τυειαὺίιιιν
2341 3156 2402 3209 in
2426 3154 2593 3209 nobis
2614 3152 2681 3206 ⁸⁸.
2706 3152 3004 3207 Dicamus:
3027 3154 3222 3207 Pauca
3240 3167 3369 3221 pra?
3382 3153 3452 3207 iis
3475 3167 3605 3222 qua:

240 3244 337 3299 ϐὶδ
378 3252 469 3305 τὴν
515 3252 703 3318 φωνήν·
757 3250 819 3303 Τί
870 3244 1309 3320 ἀνταποδώσομεν
1369 3256 1440 3319 τῷ
1491 3254 1666 3322 Κυρίῳ
1722 3253 1840 3323 περὶ

2005 3245 2322 3302 accavimus
2352 3244 2681 3310 accepimus
2714 3242 2961 3297 verbera
2989 3242 3057 3295 ⁸⁸.
3083 3241 3477 3295 Obsecremus
3499 3242 3607 3296 Do-

238 3337 445 3388 πάντων
512 3337 579 3387 ὧν
640 3332 999 3389 ἀνταπέδωκεν
1045 3337 1216 3408 hui-1;
1294 3336 1459 3397 καλῶς
1526 3336 1840 3411 ἀποροῦντος

2004 3335 2204 3390 linum:
2231 3333 2481 3401 Castiga
2501 3346 2609 3395 me,
2628 3332 2900 3398 Domine,
2928 3337 3334 3386 verumtamen
3356 3331 3419 3385 in
3435 3329 3606 3399 judi-

238 3432 335 3477 τοῦ
404 3429 700 3498 Προφήτου,
762 3429 851 3477 καὶ
901 3432 1341 3498 περισκοποῦντος
1392 3427 1551 3477 αὑτοῦ
1607 3430 1701 3483 τὴν
1756 3446 1840 3479 πε-

2004 3426 2060 3493 ὀ,
2092 3428 2145 3480 et
2174 3438 2293 3478 non
2311 3424 2374 3477 in
2393 3423 2609 3490 furore
2647 3421 2715 3473 ⁸³.
2754 3421 2897 3476 Cum
2915 3422 3072 3475 enim
3095 3420 3545 3490 redarguimur,
3571 3434 3606 3475 a

240 3518 377 3582 νίαν,
418 3515 499 3565 ὃτι
554 3511 705 3566 οὐδὲν
746 3516 859 3585 ἔχει
908 3517 1037 3585 πρὸς
1103 3510 1374 3566 ἀντίδοσιν
1429 3514 1593 3576 οἱξιον⁹
1653 3514 1703 3575 ὃς
1764 3515 1837 3587 ἐφ’

2006 3514 2202 3569 omina
2234 3512 2619 3579 corripimur,
2640 3515 2705 3565 ut
2734 3524 2854 3564 non
2886 3525 3021 3564 cum
3054 3508 3163 3565 hoc
3192 3509 3415 3565 mundo
3442 3509 3606 3564 dam-

242 3603 380 3655 οὕτω
457 3603 703 3675 μεγάλαις
765 3607 855 3655 καὶ
910 3602 1173 3676 λαμπραῖς
1240 3604 1595 3675 εὐεργεσίαις,
1663 3604 1840 3675 οὐμεν-

2002 3618 2162 3659 emur
2182 3601 2253 3657 ⁸6.
2274 3604 2345 3656 At
2374 3614 2512 3655 vero
2533 3600 2593 3654 in
2627 3598 2851 3655 leniore
2888 3598 3024 3654 vitae
3070 3602 3229 3654 statu
3258 3599 3604 3655 emittamus

240 3698 332 3743 οῦν
394 3691 647 3763 ἐχούσαις
712 3690 996 3766 ὑπερϐολὴν
1023 3735 1037 3757 ,
1104 3691 1526 3745 πολλαπλασίονα
1588 3694 1713 3765 ἡμῖν
1776 3696 1841 3745 τὰ

2002 3693 2114 3747 lam
2146 3690 2386 3746 Davidis
2428 3704 2672 3744 vocem:
2722 3687 2878 3753 Quid
2910 3688 3307 3744 retribuemus
3352 3688 3604 3743 Domino

241 3780 314 3841 εἰς
346 3781 557 3854 ὕστερον
621 3779 986 3853 ἐπαγγέλλεται
1042 3779 1235 3851 ἀγαθὰ,
1300 3779 1364 3833 Ἀ
1428 3781 1689 3854 ὀφθαλμός
1746 3782 1839 3835 οὐκ

2002 3796 2061 3836 r0
2108 3778 2379 3836 omnibus
2414 3792 2547 3847 quae
2575 3776 2845 3833 retribuit
2882 3776 3049 3831 nobis
3074 3777 3114 3811 37
3140 3776 3167 3831 ?
3230 3780 3385 3830 recte
3423 3773 3604 3829 nimi-

240 3866 370 3935 εἷὸε,
438 3876 527 3922 καὶ
570 3870 659 3931 οὖς
725 3871 819 3922 οὐκ
894 3870 1105 3936 ἢκουσε,
1165 3874 1253 3921 καὶ
1315 3870 1397 3922 ἐπὶ
1459 3867 1685 3945 καρδίαν
1745 3870 1838 3923 ἀν-

2004 3886 2085 3925 1m
2143 3868 2454 3924 dubitante
2497 3866 2821 3938 Propheta,
2862 3881 2931 3920 ac
2984 3864 3254 3935 inopiam
3295 3880 3467 3919 suam
3498 3864 3606 3919 cir-

239 3960 453 4031 θρὼπου
504 3959 597 4012 οὐκ
651 3958 827 4028 ἀνέϐη,
876 3958 910 4011 ἂ
962 3962 1245 4031 ἡτοίμασεν
1302 3960 1328 4011 ό
1383 3962 1513 4020 Θεὸς
1562 3967 1665 4021 τοῖς
1714 3959 1841 4033 ἀγα-

2002 3956 2401 4029 Jmspiciente,
2439 3954 2621 4011 talem
2652 3953 2943 4025 videlicet,
2978 3954 3031 4008 ci
3059 3957 3125 4007 ut
3148 3952 3293 4007 nihil
3325 3956 3604 4024 suppete-

235 4056 410 4099 πὼσιν
468 4048 639 4103 αὐτόν.
694 4047 787 4100 Ὠν
832 4053 922 4101 καὶ
988 4050 1135 4120 ἡμεῖς
1192 4048 1555 4122 ἐπιτύχοιμεν,
1621 4050 1675 4102 ἐκ
1738 4058 1837 4102 τῶν

2007 4052 2041 4104 et
2071 4048 2327 4117 dignum
2359 4045 2528 4117 quod
2556 4043 2925 4099 retribueret.
2960 4042 3249 4097 Dominus
3280 4042 3439 4097 enim
3468 4045 3609 4114 post

232 4138 416 4188 παθῶν
482 4145 571 4197 τῆς
631 4141 819 4211 σαρκός
885 4137 1097 4199 ἑαυτοὺς
1163 4136 1535 4210 ἐκκαθάραντες
1569 4183 1582 4208 ,
1651 4141 1834 4214 χάριτι

2008 4136 2245 4193 aneﬁcia
2271 4135 2424 4191 adeo
2442 4148 2669 4203 magna
2684 4132 3146 4204 splendidaque,
3164 4130 3450 4202 etquibus
3463 4130 3610 4186 nihil

204 4230 328 4277 ,xa‘i
394 4225 752 4299 φιλανθρωπίᾳ
806 4233 897 4278 τοῦ
966 4230 1159 4301 Κυρίου
1237 4228 1381 4300 ἡμῶν
1464 4228 1639 4287 Ἰησοῦ
1716 4237 1806 4303 Χρι

2006 4223 2535 4295 raestantiusmobis
2560 4222 2621 4277 in
2652 4226 2960 4293 posterum
2992 4220 3181 4276 multo
3214 4221 3450 4291 majora
3475 4220 3608 4291 pol-

236 4322 390 4381 στοῡ,
528 4317 558 4373 ἡ
607 4312 758 4383 δόξα,
816 4320 904 4368 καὶ
953 4319 1011 4368 τό
1059 4318 1265 4389 κράτος,
1310 4325 1398 4369 νῦν
1448 4322 1537 4371 καὶ
1591 4317 1690 4386 ἀει,
1750 4323 1838 4370 καὶ

2005 4320 2177 4382 setur,
2200 4316 2341 4383 Quae
2370 4314 2571 4370 oculos
2592 4327 2715 4368 non
2738 4312 2909 4379 vidit,
2941 4326 3049 4366 nec
3070 4312 3234 4366 auris
3264 4310 3519 4377 audivit,
3554 4315 3607 4365 et

232 4404 307 4465 εἰς
338 4408 457 4465 τοὺς
478 4404 662 4465 αἰῶνας
686 4412 784 4457 τῶν
811 4404 1026 4458 αἰώνων.
1052 4404 1240 4477 Ἀμήν.

2004 4425 2012 4461 ι
2044 4405 2415 4463 corhominis
2462 4418 2581 4458 non
2615 4402 3013 4458 ascenderunt
3071 4413 3203 4469 quae
3233 4399 3606 4466 praeparavit

228 4495 395 4551 Deus
418 4494 800 4563 diligentibus
822 4510 882 4550 se
906 4495 973 4549 ⁸⁸.
1017 4496 1154 4559 Quae
1178 4494 1409 4551 utinam
1436 4509 1548 4550 nos
1581 4496 1886 4569 corporeis
1916 4496 2009 4552 his
2050 4494 2366 4551 affectibus
2407 4491 2707 4564 repurgati
2738 4486 3027 4559 consequi
3066 4486 3245 4542 etiam
3291 4484 3604 4540 valeamus

230 4599 347 4657 per
372 4584 628 4653 gratiam
651 4599 720 4639 ac
751 4583 1189 4640 humanitatem
1220 4584 1457 4640 Domini
1481 4586 1673 4641 nostri
1702 4584 1845 4643 Jesu
1877 4584 2112 4649 Christi,
2138 4582 2235 4638 cui
2255 4581 2464 4652 gloria,
2494 4584 2550 4636 et
2574 4583 2860 4652 potestas,
2884 4590 3045 4632 nunc
3076 4578 3133 4631 et
3159 4588 3420 4646 semper,
3451 4578 3509 4629 et
3545 4573 3608 4629 in

229 4673 459 4731 saecula
486 4673 865 4730 saeculorum.
891 4676 1103 4729 Amen.

560 4785 707 4834 ΠΕΡΙ
749 4786 975 4833 ΛΥΠΗΣ
1021 4784 1132 4834 ΚΑΙ
1183 4785 1499 4835 ΑΘΥΜῙΑΣ.
2125 4782 2162 4834 Ι]

2125 4781 2214 4834 DE
2247 4775 2585 4833 TRISTITIA
2632 4776 2717 4829 ET
2764 4775 2959 4829 ANIMI
2989 4772 3428 4830 DEJECTIONE.

855 4894 1075 4941 ΛΟΓΟΣ
1117 4887 1212 4943 ῘΒ’.

2591 4882 2820 4938 SERMO
2862 4883 2974 4939 XII.

314 5001 366 5052 1.
402 4994 563 5047 Ὅταν
616 4990 714 5047 ῖὸω
760 4998 944 5047 καὶτὸ
993 4997 1154 5047 κακὸν
1204 4992 1561 5068 εὑοὸούμενον,
1614 5000 1702 5049 καὶ
1740 4999 1832 5054 τὴν

2025 5001 2070 5051 1.
2098 4995 2176 5067 (2)
2225 4995 2369 5051 Cum
2411 4991 2589 5049 video
2634 4995 2689 5048 et
2745 4990 2977 5048 malum
3017 4991 3099 5047 ad
3145 4994 3381 5062 aptatos
3416 4988 3608 5044 exitus

229 5088 485 5158 ὑμετέραν
539 5084 799 5139 εὐλάϐειαν
864 5092 1185 5159 κεκμηκυῖαν
1249 5089 1338 5139 καὶ
1401 5085 1831 5162 ἀπαγορεύουσαν

2008 5085 2209 5151 :rduci,
2243 5088 2300 5141 et
2326 5087 2589 5139 vestram
2614 5082 2899 5155 pietatem
2938 5079 3272 5149 defatigati,
3304 5079 3610 5135 animum-

229 5179 363 5251 πρός
411 5179 470 5227 τό
526 5178 738 5248 συνεχὲς
794 5183 894 5227 τῶν
952 5176 1201 5251 ἑπηρειῶν
1234 5215 1249 5243 ,
1325 5174 1550 5247 ἀθυμίας
1605 5176 1830 5249 πληροῦ-

2009 5190 2062 5232 le
2075 5172 2459 5246 despondere
2479 5170 2559 5228 ob
2578 5170 2895 5228 continuas
2912 5168 3303 5235 calamitates,
3324 5165 3611 5223 mcestitia

309 5354 355 5390 ιι
388 5354 499 5411 Isa.
529 5370 690 5420 xxvi,
742 5355 831 5412 16.
908 5355 1129 5414 "Psal.
1165 5369 1354 5426 cxvm,
1386 5358 1484 5413 71.
1567 5355 1617 5393 ⁸³
1658 5356 1828 5412 Rom.
1859 5368 1911 5411 ν]

2030 5355 2118 5411 18.
2199 5353 2247 5387 ⁸⁸
2294 5350 2409 5409 Job
2436 5365 2535 5421 xv,
2584 5349 2676 5405 11.
2752 5348 2799 5383 ⁸⁵
2844 5349 3142 5416 Jerem.x,
3199 5346 3290 5400 24.
3328 5343 3376 5380 ³⁸
3426 5343 3608 5401 ICor.

230 5459 321 5514 χι,
353 5447 443 5499 22.
521 5444 563 5479 ’τ
589 5443 739 5502 Psal.
774 5460 905 5511 cxv,
934 5445 1021 5501 12.
1097 5444 1145 5481 ⁸⁸
1176 5447 1197 5501 I
1229 5444 1357 5503 Cor.
1392 5460 1452 5517 ιι,
1480 5446 1535 5501 9.

310 5642 390 5713 (1)
423 5644 506 5699 Ex
527 5641 697 5700 hom.
741 5641 805 5699 in
825 5645 984 5699 mart
1012 5642 1309 5713 Jutittam,
1335 5644 1429 5700 40.
2014 5638 2089 5709 (2)
2120 5640 2201 5694 Ex
2221 5637 2393 5709 epist.
2417 5652 2633 5707 ccxnvr,
2666 5637 2792 5704 383,
