4056 6222
592 306 732 361 1279

1542 298 1911 360 ΑΡΡΕΝΒΙΧ.
1950 330 2019 345 --
2059 299 2401 358 SYMEONIS
2439 297 2987 356 METAPHRASTAE.

2202 299 2401 357 EONIS
2439 297 2957 356 METAPHRASTAB
2974 340 2987 353 .
3726 304 3804 360 ml)

592 428 841 502 repleor.
877 427 991 485 Sed
1005 441 1210 484 rursus
1227 441 1366 482 cum
1392 441 1682 496 magnam
1710 427 1811 484 Dei
1833 442 2083 483 manum
2108 440 2194 481 co:

2210 442 2246 479 ι-
2276 428 2321 479 Α
2354 444 2469 496 μαι.
2501 423 2662 475 Ὀταν
2722 422 2781 476 δὲ
2826 422 2980 475 πάλιν
3032 428 3125 481 τὴν
3174 421 3400 495 μεγάλην
3455 431 3597 497 χεῖρα
3632 433 3700 476 τοῦ
3735 434 3812 478 Osi

594 519 812 586 sidero,
845 533 1106 589 eumque
1126 532 1303 573 nosse
1323 516 1723 573 etconfractos
1754 517 1998 587 erigere,
2029 520 2084 571 et
2109 516 2243 585 jus-

596 610 684 661 tos
725 606 991 675 diligere,
1029 606 1323 679 superbos
1358 622 1499 661 vero
1537 612 1859 673 conterere,
1890 610 1947 661 et
1971 608 2245 676 potentes

595 695 669 751 de
696 696 818 750 suis
849 695 1099 751 sedibus
1138 696 1432 766 dejicere:
1467 712 1675 751 rursus
1720 696 2075 751 immutatus
2138 708 2244 764 spe

596 789 887 857 concepto
911 784 1156 841 allevor.
1209 786 1285 855 (l)
1326 786 1473 841 Novi
1514 789 1571 841 et
1618 799 1984 857 persuasum
2024 782 2244 849 habeo,

593 874 761 946 quod
787 879 843 929 et
872 873 1047 929 vobis
1074 877 1283 929 notum
1298 889 1430 930 esse
1451 874 1605 941 volo,
1629 875 1879 929 celerem
1902 871 2246 929 adfuturam

594 979 794 1035 Opem,
810 979 920 1019 nec
934 968 1290 1035 perpetuam
1302 963 1746 1019 derelictionem
1767 963 2053 1018 futuram.
2075 960 2247 1027 Quod

596 1053 755 1108 enim
789 1053 952 1125 passi
972 1070 1204 1124 sumus,
1231 1053 1311 1109 ob
1326 1057 1573 1126 peccata
1604 1058 1807 1109 nostra
1828 1052 1993 1125 passi
2014 1066 2247 1115 sumus;

597 1141 703 1197 sed
729 1157 908 1213 opem
938 1158 1132 1207 suam,
1166 1142 1245 1197 ob
1272 1159 1450 1197 suum
1482 1142 1541 1197 in
1575 1159 1779 1197 servos
1806 1156 1948 1196 suos
1979 1156 2247 1197 amorem

598 1247 668 1287 ac
724 1230 1219 1297 misericordiam,
1276 1230 1577 1300 benignus
1621 1231 1914 1286 ostendet.
1992 1231 2067 1299 (2)
2118 1228 2249 1285 Sive

599 1320 758 1375 enim
786 1323 1171 1391 peccatorum
1212 1320 1501 1375 solvimus
1535 1334 1772 1391 poenas,
1820 1318 2122 1374 sufﬁciunt
2146 1317 2250 1373 ﬂa-

599 1408 755 1477 gella
785 1408 864 1463 ad
884 1408 1272 1464 evertendam
1303 1408 1592 1480 deinceps
1620 1410 1717 1464 Dei
1750 1409 1809 1463 in
1840 1424 1950 1463 nos
1983 1408 2137 1463 iram
2168 1408 2245 1473 89;

602 1498 725 1553 sive
760 1497 841 1553 ad
870 1497 1221 1554 sustinenda
1253 1514 1364 1570 pro
1394 1498 1613 1570 pietate
1644 1497 1973 1554 certamina
2004 1496 2097 1553 his
2123 1501 2248 1552 ten-

598 1588 930 1644 tationibus
946 1604 1261 1654 vocamur,
1284 1589 1480 1659 justus
1496 1588 1993 1646 cstcertaminum
2008 1587 2246 1658 arbiter,

2354 512 2601 582 ἐννοησω,
2648 518 2741 567 καὶ
2798 516 2878 566 ὅτι
2931 509 3069 565 οἶδεν
3132 509 3377 586 ἀνορθοῦν
3427 517 3537 572 τοῦς
3585 514 3817 587 κατερρτμ.

2354 621 2475 663 νους
2532 608 2619 655 καὶ
2669 602 2874 675 ἀγαπᾷν
2929 598 3190 667 δικαίους,
3244 600 3525 674 συντρίϐειν
3566 621 3611 654 τε
3652 606 3819 676 ὑπεριξέ.

2353 710 2486 762 νους,
2538 698 2627 745 καὶ
2692 695 2958 767 καθαιρεῖν
3022 692 3122 743 ἀπό
3195 692 3382 766 θρόνων
3457 687 3696 752 δυνάστας·
3736 694 3823 745 mli.

2354 781 2693 855 μεταϐαλὼν,
2763 786 3071 855 κουφότερος
3150 785 3362 853 γίνομαι
3416 788 3523 841 ταῖς
3579 780 3731 835 ἐλπίσι.
3772 790 3829 833 Κιι

2357 867 2481 923 οῖδα
2528 875 2617 923 καὶ
2669 876 2975 943 πέπεισμαι,
3028 869 3053 921 6
3090 862 3213 920 ’καί
3257 871 3386 942 ὑμᾶς
3436 876 3673 940 γινώσκειν
3721 869 3833 941 βθὺὶν

2356 982 2473 1034 μαι,
2545 962 2624 1012 ὃτι
2681 969 2875 1033 ταχεῖα
2924 964 3072 1014 ἔσται
3126 962 3155 1018 ἡ
3215 958 3519 1029 ἀντίληψις,
3574 966 3649 1011 καὶ
3696 962 3763 1011 οὐκ
3801 962 3837 1018 εἰς

2356 1052 2499 1113 τέλος
2546 1053 2695 1103 ἔσται
2750 1053 2779 1108 ἡ
2843 1048 3245 1122 ἐγκατάλειψις.
3296 1049 3358 1101 Ἃ
3404 1052 3492 1121 μὲν
3539 1051 3627 1122 γὰρ
3670 1051 3839 1101 πεπόνθει

2358 1158 2468 1214 μεν·
2519 1137 2614 1193 διά
2674 1143 2762 1200 τὰς
2833 1138 3092 1211 ἁμαρτίας
3159 1140 3303 1211 ἡμῶν
3355 1140 3667 1209 πεπόνθαμεν⁸
3706 1144 3773 1194 τὴν
3810 1136 3842 1188 δε

2360 1232 2520 1284 αὑτοῦ
2569 1230 2817 1303 βοήθειαν
2860 1227 2954 1283 διὰ
2990 1236 3083 1289 τὴν
3140 1235 3259 1303 περὶ
3330 1232 3451 1292 τοὺς
3510 1226 3693 1290 δούλονς
3743 1229 3844 1280 urite)

2361 1320 2571 1393 ἀγάπην
2632 1324 2719 1372 καὶ
2790 1319 3183 1392 εὖσπλαγχνίαν
3232 1320 3257 1371 6
3315 1318 3648 1393 φιλάνθρωπος
3684 1314 3847 1379 ἐπιδείξει

2358 1430 2465 1466 ται.
2537 1412 2659 1465 Εἷτε
2717 1412 2817 1484 γὰρ
2906 1408 3294 1482 ἁμαρτημάτων
3377 1406 3683 1479 ἀποτίνννμεν
3734 1403 3846 1465 δίκας.

2362 1502 2535 1551 ἱκαναὶ
2592 1503 2648 1550 αἱ
2701 1501 2963 1571 μάστιγες
3008 1502 3133 1571 πρὸς
3187 1502 3505 1571 παραίτησιν
3550 1496 3699 1548 λοιπὸν
3722 1496 3847 1563 τὶςέί

2360 1591 2483 1661 ἡμῖν
2541 1587 2700 1662 ὀργῆς
2756 1594 2846 1639 τοῦ
2902 1594 3057 1640 Θεοῦ·
3118 1590 3217 1639 εἴτε
3266 1587 3337 1650 εἰς
3383 1590 3500 1649 τοὺς
3524 1588 3633 1660 ὑπερ
3669 1584 3849 1645 tigris;-

598 1681 664 1732 ut
691 1692 814 1733 non
854 1677 1011 1733 sinat
1040 1676 1250 1733 tentari
1294 1692 1405 1734 nos
1434 1677 1589 1733 ultra
1636 1693 1823 1750 quam
1850 1676 2001 1732 ferre
2031 1692 2200 1748 possr

2246 1668 2325 1722 rB
2360 1676 2503 1740 ϐείας
2552 1676 2752 1748 ἀγῶνας
2806 1672 2901 1728 διὰ
2952 1685 3053 1728 τῶν
3102 1684 3409 1751 πειρασμῶν
3467 1679 3641 1727 τούτων
3687 1673 3848 1741 κεκλέμ-

600 1782 760 1822 mus:
783 1766 889 1822 sed
920 1768 1096 1823 nobis
1122 1767 1337 1824 reddat
1358 1782 1465 1840 pro
1489 1767 1749 1824 toleratis
1761 1768 1890 1838 jam
1917 1765 2249 1835 laboribus,

599 1856 901 1928 patientiae
922 1856 1117 1929 etspei
1140 1856 1411 1929 inipsum
1437 1860 1655 1913 nostrae
1683 1871 1991 1913 coronam.
2010 1857 2091 1923 (3)
2110 1854 2251 1920 Quis

601 1945 761 2000 enim
794 1946 999 2002 animo
1028 1946 1109 2002 ita
1134 1945 1551 2016 adamantino,
1590 1946 1729 2019 quis
1759 1946 1839 2001 ita
1868 1944 2252 2001 commisera-

601 2034 779 2090 tionis
807 2035 1005 2091 omnis
1035 2050 1105 2091 ac
1131 2035 1614 2091 mansuetudinis
1642 2051 1878 2107 expers,
1900 2038 1965 2090 ut
1992 2033 2249 2089 audiens

602 2124 893 2193 gemitum
934 2124 1105 2196 542
1131 2124 1401 2196 undique
1453 2140 1630 2180 auras
1656 2128 1894 2180 nostras
1917 2122 2249 2191 ferientem,

598 2212 761 2268 velut
781 2229 853 2269 ex
870 2214 1015 2269 tristi
1029 2213 1295 2286 quodam
1316 2214 1498 2269 choro
1516 2228 1902 2269 communem
1919 2212 2251 2286 quamdam

600 2318 671 2358 ac
687 2318 1020 2358 consonam
1032 2302 1524 2359 lamentationem
1537 2303 1768 2367 edente,
1787 2318 1909 2359 non
1926 2303 2131 2359 animo
2143 2302 2251 2358 do-

598 2391 739 2461 leat,
762 2407 884 2448 non
896 2392 1064 2449 humi
1080 2392 1458 2465 procumbat,
1480 2396 1669 2449 etnon
1686 2393 1926 2465 penitus
1942 2392 2252 2449 inextrica-

600 2479 822 2537 bilibus
841 2481 933 2537 his
947 2482 1104 2537 curis
1125 2482 1442 2538 tabescat?
1465 2485 1595 2537 Haec
1611 2486 1815 2539 autem
1846 2482 2004 2553 dico,
2032 2483 2112 2553 (4)
2128 2496 2252 2538 non

601 2570 953 2627 consolandi
995 2570 1218 2642 gratia:
1264 2571 1399 2643 quis
1448 2571 1607 2627 enim
1663 2587 1862 2627 sermo
1918 2571 2255 2627 inveniatur

600 2664 781 2716 tantae
812 2660 1083 2715 medicus
1114 2658 1470 2716 calamitatis
1494 2661 1522 2716 ?
1554 2660 1659 2716 sed
1702 2660 1898 2716 cordis
1930 2660 2047 2716 mei
2088 2659 2256 2716 dolo-

599 2765 727 2805 rem
759 2754 1054 2823 quantum
1084 2764 1434 2822 possumus,
1466 2749 1634 2806 vobis
1648 2750 1762 2806 hac
1788 2765 1936 2805 voce
1952 2750 2244 2820 signiﬁco.

2362 1770 2447 1835 θα,
2502 1762 2704 1827 δίκαίος
2751 1767 2777 1817 6
2836 1764 3117 1828 ἀθλοθέτης
3164 1770 3235 1837 μὴ
3291 1764 3449 1817 ἐᾶσαι
3493 1767 3616 1836 ἡμᾶς
3648 1764 3852 1834 miserii-

2359 1876 2443 1908 ναι
2508 1856 2634 1927 ὑπὲρ
2701 1855 2727 1905 ὃ
2776 1851 3046 1926 δυνάμεθα
3131 1856 3449 1925 ὑπενεγκεῖν·
3532 1852 3629 1905 ἀλλ’
3683 1852 3744 1903 ἐπὶ
3786 1857 3853 1907 ταῖς

2359 1946 2727 2017 πεπονημένοις
2775 1939 3066 1995 ἀποδοῦναι
3112 1945 3236 2015 ἡμῖν
3284 1946 3375 1994 τὸν
3423 1951 3511 2003 τῆς
3564 1944 3771 2011 rimae-Ii;
3800 1944 3854 1988 ui

2360 2043 2453 2096 τῆς
2486 2033 2557 2096 εἰς
2586 2033 2741 2085 αὐτὸν
2768 2028 2978 2093 ἐλπίδος
3019 2036 3287 2104 στέφανον.
3345 2037 3433 2091 Τίς
3468 2035 3564 2103 γὰρ
3608 2031 3735 2089 οὕτως
3772 2024 3854 2078 69’s-

2360 2126 2597 2196 μάντινος
2624 2127 2718 2181 τὴν
2748 2121 2955 2194 ψυχὴν,
3008 2125 3089 2183 τίς
3136 2121 3297 2182 οὕτως
3349 2120 3599 2181 παντελῶς
3637 2118 3856 2189 ἀσυμπαθὴς

2360 2217 2451 2264 καὶ
2483 2210 2757 2285 ἀνήμερος,
2790 2212 2859 2271 ὡς
2921 2209 3121 2263 ἀκούων
3179 2218 3270 2261 τοῦ
3330 2210 3644 2281 πανταχόθεν
3690 2208 3856 2279 rigid?)

2358 2302 2771 2375 προσϐάλλοντος
2858 2308 3172 2373 στεναγμοῦ,
3258 2296 3369 2352 οἷον
3434 2299 3531 2352 ἀπὸ
3599 2316 3707 2357 τινος
3752 2301 3857 2366 χοροῦ

2360 2399 2645 2465 κατηφοῦς,
2704 2394 2872 2443 κοινόν
2924 2409 3040 2442 τινα
3094 2392 3278 2462 θρῆνον
3334 2394 3427 2441 καὶ
3490 2391 3722 2461 σύμφωνον
3757 2401 3857 2454 πρυ-

2362 2490 2637 2554 ηχοῦντος,
2668 2484 2740 2553 μὴ
2796 2480 2924 2552 οῦχὶ
2980 2480 3160 2532 παθεῖν
3212 2484 3305 2537 τὴν
3350 2479 3550 2551 ψυχὴν,
3580 2481 3655 2529 καὶ
3679 2492 3859 2541 κατωμ-

2362 2574 2553 2645 φθῆναι
2592 2571 2660 2631 εἰς
2696 2578 2814 2642 γῆν,
2871 2574 2962 2622 καὶ
3010 2577 3121 2629 ταῖς
3183 2567 3490 2641 ἀμηχάνοις
3542 2569 3721 2626 ταύταις
3754 2561 3860 2615 ἀνίαις

2361 2662 2621 2722 παντελῶς
2676 2658 2994 2727 ἐκτακῆναις
3033 2666 3210 2711 Ταῦτα
3270 2655 3331 2710 δὲ
3388 2658 3537 2730 λέγω,
3585 2656 3637 2708 οὐ
3679 2651 3859 2725 παρακλι-

2366 2769 2496 2811 σεως
2543 2750 2724 2821 ἕνεκεν,
2774 2752 2874 2812 (τίς
2910 2750 3012 2824 γὰρ
3066 2753 3155 2800 καὶ
3210 2746 3369 2819 λόγος
3422 2748 3635 2821 εὑρεθείη
3688 2743 3860 2795 tamen;

606 2847 877 2916 συμφορᾶς
909 2840 1085 2915 ἰατρός
1118 2841 1163 2908 ς)
1189 2839 1317 2892 ἀλλά
1340 2844 1432 2898 τὴν
1456 2837 1645 2898 ὀδύνην
1674 2849 1767 2902 τῆς
1794 2837 2014 2914 καρδίας
2038 2860 2159 2913 μου,
2186 2838 2303 2892 καθ’
2324 2839 2443 2891 ὅσον
2468 2835 2709 2904 δυνατὸν,
2739 2836 2793 2890 ἐκ
2816 2846 2907 2899 τῆς
2930 2844 3099 2910 φωνῆς
3133 2840 3329 2898 ταύτης
3358 2837 3479 2910 ὑμῖν
3511 2834 3821 2906 διασημαίνων.

673 2934 728 2984 2.
760 2930 839 2998 (5)
859 2928 1274 3001 Perspeximus
1302 2929 1461 2984 enim
1489 2928 1770 2985 astutiam
1820 2929 1959 2985 belli
1999 2929 2251 2986 diaboli-

2286 2928 2327 2984 C
2426 2933 2479 2983 2.
2523 2928 2873 3000 Ἐλογισάμην
2928 2930 3029 3001 γὰρ
3083 2930 3140 2979 τὸ
3204 2930 3450 2998 ἔντεχνον
3509 2932 3594 2977 τοῦ
3651 2918 3862 2975 διαϐολατλ

603 3018 677 3085 ci,
709 3018 832 3091 qui,
866 3017 965 3073 ubi
991 3017 1137 3073 vidit
1159 3017 1218 3073 in
1249 3018 1514 3073 hostium
1544 3017 2067 3090 persecutionibus
2102 3018 2252 3073 mul-

602 3107 857 3179 tiplicari
884 3107 944 3163 in
959 3107 1132 3163 nobis
1146 3107 1447 3173 virtutem,
1467 3123 1537 3164 ac
1563 3108 1757 3178 magis
1790 3108 2022 3174 ﬂorere,
2054 3112 2253 3164 muta-

600 3198 686 3253 vit
717 3213 895 3251 suum
920 3196 1108 3269 ipsius
1138 3197 1479 3267 consilium,
1511 3213 1621 3253 nec
1637 3197 1765 3268 jam
1792 3202 1996 3270 aperte
2026 3196 2253 3253 bellum

605 3285 775 3355 gerit,
827 3285 933 3340 sed
966 3286 1234 3342 occultas
1265 3286 1440 3342 nobis
1472 3286 1718 3343 insidias
1743 3287 1931 3357 struit,
1966 3286 2256 3357 obtegens

604 3374 884 3430 callidam
897 3375 1155 3431 nocendi
1176 3376 1541 3432 voluntatem
1563 3376 1808 3431 nomine
1819 3376 1988 3449 quod
2008 3377 2257 3433 circum-

604 3464 803 3521 ferunt
847 3463 1070 3532 hostes,
1103 3470 1166 3521 ut
1194 3469 1251 3522 et
1290 3466 1592 3537 patiamur
1648 3465 1859 3521 eadem
1884 3482 2019 3538 quae
2055 3471 2258 3538 patres

605 3552 815 3623 nostri,
845 3568 956 3610 nec
1002 3554 1322 3610 videamur
1350 3554 1474 3627 pati
1514 3570 1625 3628 pro
1672 3554 1926 3623 Christo,
1966 3570 2038 3611 eo
2090 3555 2259 3627 quod

607 3643 1076 3701 Christianorum
1102 3659 1325 3700 nomen
1354 3643 1621 3700 habeant
1676 3650 1732 3701 et
1768 3643 1883 3716 ipsi
1920 3649 2261 3716 persecuto-

605 3749 720 3790 res.
756 3736 834 3805 (6)
888 3735 1021 3789 Heec
1050 3748 1162 3789 nos
1217 3732 1652 3805 perculserunt,
1710 3736 1767 3789 et
1813 3732 2259 3805 propemodum

605 3828 803 3879 mente
831 3826 1206 3880 emoverunt.
1236 3822 1328 3878 Ad
1358 3823 1467 3879 has
1498 3827 1700 3878 autem
1726 3822 2119 3892 cogitationes
2160 3822 2262 3879 illa

603 3913 782 3969 etiam
810 3913 1093 3967 accessit:
1119 3915 1270 3969 Num
1293 3911 1582 3967 Dominus
1598 3927 1805 3967 servos
1828 3928 1972 3967 suos
1993 3911 2260 3983 reliquit?

606 4017 755 4056 num
784 4000 1115 4056 novissima
1138 4000 1289 4055 hora
1318 4004 1424 4069 est,
1460 4005 1516 4055 et
1540 3999 1796 4056 defectio
1849 4016 1957 4073 per
2002 3999 2132 4056 haec
2174 4000 2264 4057 in-

609 4088 893 4159 greditur,
920 4090 988 4143 ut
1013 4086 1303 4142 reveletur
1335 4087 1580 4143 tandem
1633 4088 1878 4159 iniquus
1934 4088 2049 4161 ille,
2101 4088 2261 4144 ﬁlius

607 4175 979 4247 perditionis,
1012 4173 1117 4245 qui
1165 4175 1539 4237 adversatur,
1581 4180 1638 4231 et
1681 4176 1921 4232 effertur
1967 4178 2259 4233 adversus

2362 3017 2607 3089 πολέμουο
2664 3017 2714 3078 ὃς
2766 3012 2946 3075 ἐπειδὴ
3009 3012 3141 3069 εἶδεν
3194 3013 3243 3067 ἐν
3289 3024 3415 3079 ταῖς
3461 3017 3597 3089 παρά
3632 3020 3711 3065 τῶν
3741 3009 3864 3076 ὲιθριὲη

2364 3104 2625 3182 ἓπηρείαις
2679 3105 3068 3178 πληθυνομένην
3120 3109 3213 3163 τὴν
3289 3104 3483 3179 ἀρετὴν
3558 3103 3602 3156 εν
3662 3103 3772 3172 ὑμῖν,
3814 3112 3866 3144 καί

2364 3194 2553 3269 μᾶλλον
2615 3194 2901 3248 θάλλουσαν
2967 3193 3306 3269 μετέστρεφε-θ
3373 3194 3554 3247 ἑαυτοῦ
3598 3196 3678 3249 τὴν
3722 3184 3867 3261 (5991i?-

2364 3290 2453 3337 καὶ
2483 3288 2577 3337 οὐκ
2607 3288 2681 3338 ἔτι
2724 3287 2778 3337 ἐκ
2829 3291 2921 3336 τοῦ
2975 3290 3267 3357 προφανοῦς
3314 3282 3551 3356 πολεμεῖ,
3582 3279 3692 3333 ἀλλά
3713 3293 3869 3347 κεκρυμ-

2366 3378 2517 3447 μένας
2558 3375 2636 3446 (8)
2694 3375 2817 3445 ἡμῖν
2874 3374 2964 3432 τὰς
3015 3368 3226 3445 ἐνέδρας
3282 3374 3492 3437 τίθησι,
3545 3369 3773 3422 καλύπτων
3810 3360 3868 3411 ar}-

2366 3472 2459 3516 τοῦ
2516 3468 2609 3522 τὴν
2662 3461 2938 3521 ἐπιϐουλὴν
2990 3458 3085 3514 διὰ
3125 3461 3217 3513 τοῦ
3274 3461 3531 3535 ὀνόματος
3568 3459 3623 3511 οὗ
3649 3457 3868 3528 περιφέρου-

2371 3572 2453 3605 σιν
2516 3555 2565 3605 οἱ
2621 3551 2883 3625 πολέμιοι·
2960 3554 3042 3603 ἱνα
3100 3555 3190 3603 καὶ
3255 3552 3504 3624 πάθωμεν
3542 3551 3603 3602 τά
3658 3545 3765 3599 αὐτὰ
3810 3544 3871 3593 τοῖς

2368 3644 2632 3718 πατράσιν
2699 3644 2865 3715 ἡμῶν,
2934 3645 3023 3692 καὶ
3090 3645 3162 3713 μὴ
3233 3637 3469 3713 δόξωμεν
3540 3640 3741 3708 πάσχειν
3793 3630 3869 3695 ντες

2372 3739 2630 3806 Χριστοῦ,
2685 3728 2779 3784 διὰ
2829 3733 2887 3782 τὸ
2940 3738 3270 3804 Χριστιανῶν
3319 3734 3485 3803 ὄνομα
3529 3732 3658 3800 ἔχειν
3698 3726 3769 3776 καὶ
3803 3733 3873 3771 τους

2373 3818 2681 3883 διώκοντας.
2728 3827 2906 3873 Ταῦτα
2941 3820 3082 3892 ἡμᾶς
3122 3818 3384 3885 ἐξέπληξε,
3411 3824 3502 3871 καὶ
3530 3822 3701 3890 μικροῦ
3726 3806 3872 3875 δεῐνζθδι

2373 3910 2468 3974 ἔξω
2525 3909 2739 3968 ἐποίησε
2793 3917 2893 3961 τῶν
2952 3908 3237 3981 λογισμῶν.
3294 3908 3597 3967 Σννεισῆλθε
3646 3900 3696 3957 δε
3746 3900 3874 3952 τσὲτθίέ

2371 4006 2481 4061 τοῖς
2513 3995 2878 4071 διαλογισμοῖς
2915 3996 3123 4055 κάκείνη
3159 3999 3190 4056 ἠ
3224 4000 3411 4051 ἔννοια·
3453 3998 3588 4069 Ἀρα
3627 3998 3688 4067 μὴ
3734 3988 3874 4059 ἐγκατέ-

2370 4088 2513 4141 λιπεν
2576 4088 2762 4141 ἑαυτοῦ
2829 4090 2947 4149 τοὺς
3015 4084 3238 4148 δούλους
3302 4089 3329 4139 6
3406 4091 3640 4162 Κύριοςς
3706 4077 3870 4153 5:91.“

2371 4178 2576 4251 ἐσχάτη
2612 4180 2721 4254 ὥρα
2751 4176 2885 4247 ἐστὶ,
2934 4181 3024 4230 καὶ
3072 4178 3102 4235 ἡ
3157 4175 3463 4230 ἀποστασία
3493 4173 3584 4229 διὰ
3610 4175 3770 4226 τούτων
3790 4165 3875 4231 λιν-

609 4278 854 4320 omnem
878 4262 983 4335 qui
1012 4261 1226 4317 dicitur
1252 4264 1408 4317 Deus
1428 4267 1531 4318 aut
1554 4277 1780 4319 numen
1807 4265 1855 4299 ὀ
1872 4264 1899 4319 ?
1918 4265 2032 4322 Sed
2058 4270 2211 4322 tame

2295 4283 2339 4335 1)
2372 4268 2513 4322 ϐαίνει
2567 4273 2655 4326 τὴν
2712 4264 2939 4334 εἴσοδον,
2992 4268 3075 4318 ἱνα
3102 4265 3281 4319 λοιπὸν
3327 4265 3655 4337 ἀποκαλυφθῇ
3688 4260 3871 4323 ὀᾶνομςξι

612 4354 736 4409 sive
776 4350 1138 4424 temporaria
1190 4354 1278 4407 est
1324 4350 1439 4408 ista
1496 4352 1765 4419 tentatio,
1797 4352 1942 4409 ferte
1985 4353 2264 4425 illam,ut

611 4439 757 4496 boni
779 4440 991 4497 Christi
1012 4438 1276 4496 athletae:
1311 4438 1438 4495 sive
1482 4440 1662 4497 etiam
1698 4456 1792 4497 res
1819 4457 2060 4499 summo
2090 4442 2265 4498 inter-

612 4529 718 4585 itui
745 4528 975 4585 traditis
1008 4533 1170 4599 sunt,
1202 4528 1409 4585 animo
1438 4544 1515 4584 ne
1559 4529 1956 4586 concidamus
1996 4530 2076 4587 ob
2111 4547 2263 4604 prte-

617 4617 831 4685 sentia,
863 4617 969 4673 sed
998 4622 1415 4691 exspectemus
1439 4633 1472 4674 e
1525 4619 1689 4674 coelis
1717 4619 2166 4692 revelationem,
2208 4625 2268 4677 et

615 4707 945 4763 adventum
989 4707 1196 4777 magni
1249 4708 1348 4765 Dei
1395 4712 1452 4764 et
1520 4708 1842 4767 Salvatoris
1904 4711 2093 4767 nostri
2130 4713 2268 4767 Jesu

615 4795 846 4853 Christi.
880 4798 1110 4853 Etenim
1142 4799 1191 4853 si
1230 4802 1502 4855 creatura
1549 4800 1750 4856 omnis
1796 4799 2177 4867 dissolvetur,
2211 4805 2268 4857 et

602 4886 1108 4943 transmutabitur
1163 4887 1374 4943 mundi
1402 4887 1581 4961 hujus
1619 4889 1835 4959 ﬁgura,
1866 4890 2015 4963 quid
2046 4891 2266 4948 mirum

683 5029 729 5064 89
758 5028 779 5081 Ι
808 5029 938 5085 Cor.
970 5044 1032 5096 x,
1069 5032 1151 5083 l3.
1183 5029 1230 5063 9°
1272 5031 1317 5084 II
1346 5029 1550 5086 Thess.
1583 5046 1644 5100 ιι,
1678 5035 1730 5088 3.

683 5152 857 5227 (l)Ex
879 5152 1051 5227 epist.
1080 5168 1316 5209 ccxavn.
1356 5156 1482 5210 383.

679 5226 756 5298 (2)
791 5227 876 5298 Ex
902 5224 1077 5298 epist.
1111 5240 1231 5293 CXL,
1252 5228 1382 5283 232.

683 5295 767 5435 ξιξ
797 5295 952 5435 ait;

712 5368 767 5440 4)
797 5369 878 5423 Ex
908 5367 1084 5440 epist.
1117 5384 1279 5438 xxxx,
1308 5371 1425 5424 t09.

716 5438 771 5506 5)
798 5438 1055 5511 Exepist
1068 5480 1081 5493 .
1119 5454 1356 5511 cxxxtx,
1384 5442 1509 5497 230.

719 5511 775 5581 6)
803 5508 988 5581 _lbid'.,
1017 5513 1145 5581 231-

718 5576 773 5647 7)
802 5576 986 5651 Ἠμᾱςζ
1022 5580 1112 5637 Sic
1133 5582 1350 5653 Regius
1380 5582 1571 5641 codex
1596 5598 1735 5640 cum
1779 5588 2078 5643 contextu.
2124 5586 2274 5643 Editi

2374 4359 2401 4409 6
2459 4359 2569 4419 υἱὸς
2625 4365 2719 4417 τῆς
2778 4354 3048 4425 ἀπωλείας,
3108 4356 3134 4407 ό
3188 4354 3556 4428 ἀντικείμενος,
3610 4356 3691 4404 καὶ
3736 4348 3874 4414 ὑπεραι-

2372 4451 2583 4522 ρόμενος
2657 4444 2740 4498 ἐπὶ
2803 4444 2974 4497 πάντα
3032 4444 3298 4516 λεγόμενον
3379 4448 3511 4499 Θεὸν
3578 4443 3605 4500 ἦ
3680 4436 3873 4523 gigas-ar;

2376 4535 2531 4604 Πλὴν,
2579 4537 2678 4587 εἴτε
2729 4538 3049 4608 πρόσκαιρός
3104 4532 3246 4586 ἐστιν
3307 4535 3333 4584 ό
3392 4533 3688 4607 πειρασμὸς,
3742 4522 3875 4596 βαπτί⁸

2378 4642 2503 4676 σατε
2550 4622 2705 4675 αὐτὸν
2761 4624 2827 4684 ὡς
2864 4622 3013 4676 καλοὶ
3057 4622 3169 4693 (10)
3225 4630 3317 4674 τοῦ
3374 4628 3609 4696 Χριστοῦ
3656 4617 3876 4708 huusz

2376 4715 2476 4766 εἴτε
2524 4716 2615 4765 καὶ
2667 4720 2730 4785 τῇ
2772 4711 3007 4766 παντελεῖ
3059 4713 3226 4786 φθορᾷ
3279 4713 3345 4763 τὰ
3392 4713 3671 4785 πράγματα
3723 4712 3880 4791 παρῆῖξῖ

2377 4796 2550 4868 δοται,
2619 4804 2690 4872 μὴ
2766 4795 3140 4872 ἀκηδιάσωμεν
3219 4801 3349 4871 πρὸς
3414 4801 3479 4850 τὰ
3550 4798 3766 4870 παρόντα·
3812 4796 3865 4872 ξω

2376 4888 2724 4962 ἀναμείνωμεν
2785 4893 2879 4947 τὴν
2940 4887 2994 4951 ἐξ
3049 4887 3275 4963 οὐρανῶν
3340 4885 3659 4955 ἀπόκαλυ·,ιιν
3703 4882 3772 4931 καὶ
3812 4886 3878 4922 ετιο

2380 5252 2538 5293 υμας.

2414 5253 2939 5375 Κεκρυμμένας.
2976 5300 3069 5358 Sic
3111 5300 3275 5358 idem
3299 5299 3489 5357 codex
3524 5301 3580 5355 et
3623 5286 3875 5351 contextus.

2383 5373 2939 5450 Εάιιίκεκρυμμένωςο

2456 5445 2529 5521 (9)
2561 5431 2767 5521 Μᾴρὸιᾷ
2797 5431 2925 5500 δεῖν.
2957 5447 3129 5502 Deest
3158 5448 3462 5517 postrema
3480 5457 3591 5497 vox
3618 5439 3670 5494 in
3700 5431 3879 5494 utrO‘lue

2384 5515 2593 5573 codice
2621 5515 2826 5587 Regio.

2456 5588 2571 5659 (ίο)
2598 5588 2688 5649 Ὧς
2708 5588 2857 5645 καλοί
2880 5591 3202 5647 Contextus
3224 5590 3273 5641 οἱ
3303 5587 3468 5640 καλοί.
