4056 6222
227 260 360 316 1281

1152 261 1383 318 εΕξιΜο
1426 225 1538 317 im.
1579 295 1646 306 -
1689 257 1782 314 DE
1819 259 2015 318 ANIMI
2057 260 2497 319 DEJECTIONE.

3454 266 3594 322 i282

227 387 436 458 φάνειαν
483 389 572 436 τοῦ
609 382 832 456 μεγάλου
887 389 1022 437 Θεοῦ
1073 389 1163 437 καὶ
1199 391 1432 458 Σωτῆρος
1469 387 1614 456 ἡμῶν
1657 384 1832 442 Ἰησοῦ

1957 388 2159 442 astnos
2187 402 2454 460 quoque,
2498 387 2603 460 qui
2654 402 2857 444 rerum
2903 392 3242 445 creatarum
3295 405 3439 462 pars
3490 407 3596 446 su-

231 481 486 548 Χριστοῡ.
520 472 580 526 Εἰ
617 475 718 548 γὰρ
763 478 911 525 πᾶσα
968 475 998 532 ἡ
1056 478 1226 535 κτίσις
1281 473 1586 541 λυθήσεται,
1619 478 1709 526 καὶ
1746 493 1834 547 με-

231 564 652 621 ταποιηθήσεται
725 564 784 614 τό
853 570 1046 636 σχῆμα
1108 570 1200 615 τοῦ
1260 566 1462 636 κόσμου
1532 565 1740 631 τούτου,
1782 564 1835 615 τί

235 655 537 725 θαυμαστόν
597 656 688 704 καὶ
751 653 892 724 ἡμᾶς
925 693 939 719 ,
997 656 1152 725 μέρος
1211 656 1362 716 ὄντας
1426 661 1522 714 τῆς
1595 657 1831 723 κτίσεως,

230 743 411 795 παθεῖν
476 743 544 794 τὰ
588 743 736 794 κοινά
785 743 951 810 πάθη,
1005 746 1094 794 καὶ
1136 739 1503 816 παραδοθῆναι
1561 741 1832 814 θλίψεσιν,

231 833 288 893 ἂς
347 832 484 883 κατὰ
533 834 592 884 τὸ
645 849 829 903 μετρον
881 841 974 892 τῆς
1042 827 1312 904 δυνάμεως
1366 833 1512 905 ἡμῶν
1568 834 1752 906 ὥρισεν
1806 834 1831 885 ό

233 918 442 983 δίκαιος
492 924 696 995 κριτὴς,
747 919 842 973 οὐκ
890 918 981 972 ἐῶν
1026 921 1162 994 ἡμᾶς
1219 923 1567 994 πειρασθῆναι
1619 923 1744 997 ὑπερ
1805 922 1832 974 ὃ

233 1007 519 1082 δυνάμεθα,
581 1007 709 1061 ἀλλά
757 1005 941 1070 διδοὺς
991 1013 1083 1063 σὺν
1141 1017 1214 1080 τῷ
1275 1019 1550 1083 πειρασμῷ
1619 1015 1832 1070 καὶτῆν

231 1096 469 1169 ἔκϐασιν,
513 1105 605 1150 τοῦ
646 1094 909 1150 δύνασθαι
960 1100 1100 1171 ἡμᾶς
1149 1099 1480 1171 ὑπενεγκεῖνς
1537 1104 1622 1158 Μὴ
1665 1104 1832 1152 τοίνυν

231 1187 606 1261 ἀποκάμωμεν,
676 1183 908 1259 ἀδελφοῦ
970 1185 1287 1260 ἀναμένουσι
1328 1191 1429 1264 γὰρ
1469 1191 1604 1261 ἡμᾶς
1647 1189 1697 1241 οἱ
1734 1197 1834 1242 τῶν

233 1278 509 1350 μαρτύρων
561 1278 820 1348 στέφανοι·
885 1277 1080 1350 ἕτοιμοί
1127 1277 1256 1329 εἰσιν
1323 1277 1372 1330 οἰ
1432 1282 1591 1351 χοροὶ
1646 1277 1834 1350 ὁμολο-

231 1372 406 1437 γητῶν
456 1370 717 1439 προτεῖναι
774 1365 895 1437 ὑμῖν
922 1365 999 1437 (Ι)
1064 1367 1157 1427 τὰς
1203 1372 1410 1440 χεῖρας,
1442 1370 1532 1418 καὶ
1581 1363 1838 1429 δέξασθαι

233 1456 371 1527 ὑμᾶς
428 1453 494 1515 εὶς
544 1456 629 1507 τόν
682 1449 820 1506 ἵδιον
876 1452 1116 1527 ἀριθμόν.
1176 1456 1459 1513 Μνήσθητε
1513 1463 1612 1508 τῶν
1676 1455 1838 1508 πάλαι

231 1545 418 1615 ἁγίων,
465 1544 546 1595 ότι
585 1539 756 1604 οὐδεὶς
809 1552 1033 1618 τρυφῶν,
1092 1540 1216 1596 οὑδε
1271 1543 1694 1617 κολακευόμενος,
1737 1553 1838 1598 τῶν

237 1635 499 1706 στεφάνων
543 1639 640 1693 τῆς
696 1633 960 1705 ὑπομονῆς
1030 1632 1252 1696 ἠξιώθη⁹
1311 1630 1438 1686 ἀλλά
1506 1653 1687 1694 παντες
1746 1632 1842 1686 διὰ

1945 489 2081 528 mus
2107 474 2534 530 communibus
2560 474 2736 532 malis
2775 475 2957 541 afﬁci,
2999 492 3070 532 ac
3127 476 3279 533 tradi
3320 477 3596 533 afﬂictio-

1944 562 2145 628 nibus,
2169 579 2324 636 quas
2352 580 2460 637 pro
2488 564 2704 620 virium
2733 569 3079 621 nostrarum
3109 565 3359 622 modulo
3386 566 3601 636 infligit

1943 651 2121 708 nobis
2145 653 2344 724 justus
2379 654 2722 724 judex,non
2747 655 2964 711 tentari
2994 670 3106 711 nos
3157 656 3360 712 sinens
3415 671 3602 728 supra

1943 739 2004 796 id
2034 741 2202 813 quod
2231 758 2583 814 possumus,
2620 743 2728 798 sed
2759 743 2914 798 dans
2939 759 3063 800 una
3094 760 3235 800 cum
3274 745 3600 802 tentatione

1944 829 2190 899 exitum,
2222 835 2288 886 ut
2316 831 2579 902 perferre
2624 831 2928 903 possimus
2973 835 3016 868 ⁹¹
3042 833 3069 889 ?
3112 836 3191 889 Ne
3246 833 3426 903 igitur
3455 833 3599 888 defi-

1943 917 2198 986 ciamus,
2229 917 2475 975 fratres:
2518 923 2870 992 exspectant
2905 919 3068 976 enim
3111 936 3222 976 nos
3260 927 3599 995 martyrum

1943 1023 2220 1064 coronae:
2279 1009 2477 1080 parati
2521 1013 2658 1064 sunt
2716 1009 3128 1065 confessorum
3181 1009 3346 1067 chori
3377 1025 3598 1066 manus

1942 1095 2112 1153 vobis
2143 1097 2465 1169 porrigere,
2497 1097 2681 1170 inque
2720 1113 2896 1153 suum
2950 1113 3274 1154 numerum
3313 1099 3596 1170 recipere.

1947 1186 2326 1243 Memineritis
2368 1192 2634 1244 veterum
2693 1191 3062 1255 sanctorum,
3106 1204 3368 1261 quorum
3421 1204 3601 1244 nemo

1947 1276 2175 1332 deliciis
2204 1277 2558 1347 inserviens,
2583 1282 2688 1333 aut
2706 1277 3159 1334 adulationibus
3180 1278 3482 1346 delinitus,
3507 1295 3602 1334 co-

1947 1381 2132 1422 ronas
2164 1367 2468 1438 patientiae
2499 1371 2859 1423 consecutus
2891 1371 3007 1434 est;
3068 1367 3174 1423 sed
3231 1383 3446 1424 omnes
3495 1383 3605 1439 per

1949 1471 2207 1525 magnas
2229 1454 2580 1512 afﬂictiones
2606 1456 2782 1528 quasi
2811 1472 2917 1528 per
2938 1456 3140 1526 ignem
3163 1456 3392 1523 tentati,
3421 1471 3602 1528 expe-

1948 1545 2275 1601 rimentum
2306 1545 2401 1600 sui
2424 1545 2740 1601 dederunt.
2773 1546 2851 1616 (5)
2885 1548 3094 1601 Beatus
3125 1544 3229 1616 qui
3254 1544 3476 1614 dignus
3497 1545 3602 1602 ha-

1950 1633 2142 1699 betur,
2172 1634 2276 1707 qui
2299 1634 2563 1706 patiatur
2591 1650 2702 1706 pro
2727 1633 3229 1690 Christo.Beatior
3243 1634 3347 1705 qui
3369 1635 3605 1704 majora

231 1721 472 1796 μεγάλων
523 1720 740 1792 θλίψεων
794 1723 1137 1796 πυρωθέντες,
1196 1725 1254 1774 τό
1328 1718 1569 1796 δοκίμιον
1634 1719 1842 1776 ἐπεδεί-

1957 1723 2194 1797 patitur,
2225 1723 2724 1796 quandoquidem
2755 1721 3106 1779 aﬁlictiones
3128 1723 3416 1795 temporis
3445 1740 3599 1796 prae-

235 1811 389 1874 ξαντο
453 1811 720 1882 Μακάριος
778 1810 804 1862 ό
864 1811 1202 1873 καταξιωθεὶς
1261 1820 1362 1864 τῶν
1419 1813 1546 1885 ὑπερ
1609 1819 1841 1886 Χριστοῦ

232 1901 579 1973 παθημάτων.
638 1905 1040 1976 Μακαριὼτερος
1089 1897 1148 1954 δε
1207 1901 1232 1952 ό
1284 1900 1572 1962 πλεονάσας
1632 1901 1680 1954 ἐν
1731 1908 1840 1964 τοῖς

232 1992 536 2063 παθήμασι⁶
573 1986 714 2043 ὃιότι
748 1989 843 2043 οὐκ
870 1989 996 2052 ἄξια
1021 1993 1086 2043 τὰ
1120 1993 1407 2065 παθήματα
1451 1999 1544 2045 τοῦ
1585 1999 1674 2044 νῦν
1717 2011 1841 2044 και-

230 2087 330 2154 ροὺ
394 2083 525 2154 πρὸς
587 2085 681 2138 τὴν
747 2079 1035 2152 μέλλουσαν
1087 2077 1244 2143 δόξαν
1297 2081 1728 2154 ἀποκαλυφθῆναι
1776 2081 1842 2142 εἰς

233 2172 396 2242 ἡμᾶς.
452 2168 509 2222 Ὀ
570 2171 672 2243 γὰρ
731 2174 804 2242 μὴ
869 2170 1144 2222 ὑποπεσὼν
1205 2177 1320 2233 ταῖς
1389 2170 1649 2241 θλίψεσιν,
1717 2169 1845 2222 ἀλλά

1952 1813 2136 1868 sentis
2166 1811 2365 1882 digna:
2390 1828 2514 1868 non
2556 1816 2712 1882 sunt,
2771 1828 2909 1884 quae
2985 1818 3413 1883 comparentur
3463 1828 3604 1868 cum

1952 1901 2160 1971 gloria,
2191 1917 2327 1974 quae
2359 1901 2645 1974 deinceps
2666 1900 3031 1958 revelabitur
3059 1901 3122 1957 in
3145 1901 3340 1956 nobis.
3386 1902 3463 1972 (6)
3496 1901 3606 1967 Qui

1951 1992 2112 2046 enim
2138 2007 2261 2046 non
2293 1990 2632 2048 succumbit
2675 1990 3121 2054 afﬂictionibus,
3165 1991 3271 2047 sed
3301 2007 3408 2064 per
3433 2006 3605 2062 spem

1952 2079 2015 2135 in
2031 2080 2218 2136 Deum
2242 2079 2467 2136 doloris
2497 2079 2739 2152 pondus
2761 2079 2996 2148 tolerat,
3026 2080 3077 2136 is
3107 2095 3396 2151 magnam
3423 2079 3607 2136 habet

1956 2168 2122 2242 apud
2151 2172 2339 2224 Deum
2366 2168 2667 2241 patientiae
2691 2168 3052 2225 mercedem.

235 2255 331 2312 διὰ
361 2266 453 2319 τῆς
476 2261 605 2332 πρὸς
637 2261 764 2312 Θεὸν
789 2255 1017 2323 ﬁta-£30;
1040 2267 1135 2318 τῆν
1155 2258 1320 2320 λύπης
1346 2263 1404 2312 τό
1431 2259 1597 2333 βάρος
1629 2261 1914 2331 ὑπενεγκὼν
1968 2258 2197 2331 μεγάλην
2218 2261 2330 2330 ἔχει
2360 2260 2504 2330 παρά
2533 2265 2646 2328 Θεῷ
2673 2266 2764 2318 τῆς
2786 2259 3047 2329 ὑπομονῆς
3072 2261 3164 2315 τὴν
3186 2255 3478 2312 ἀντίδοσιν.

311 2353 363 2404 3.
415 2346 616 2420 Ὠσπερ
655 2348 744 2399 οὖν
778 2350 827 2400 οἱ
872 2348 1132 2409 σκώληκες
1180 2356 1290 2409 τοῖς
1344 2348 1696 2423 ἀπαλωτέροις
1743 2357 1843 2400 τῶν

242 2437 404 2500 ξύλων
461 2436 779 2490 ἐντίκτονται
858 2437 1112 2510 μάλιστα,
1179 2437 1344 2500 οὑτως

740 2527 895 2584 ἤθεσι

1411 2440 1464 2490 αἰ
1523 2438 1684 2490 λῦπαι
1739 2445 1845 2498 τοῖς

241 2526 631 2600 μαλακωτέροις
740 2527 895 2584 ἤθεσι
987 2534 1086 2578 τῶν
1177 2525 1457 2601 ἀνθρώπων
1542 2525 1840 2599 ἐμφύονται.

244 2619 378 2668 Οὔτε
444 2612 502 2668 δὲ
557 2614 811 2687 γυναιξὶν,
863 2615 980 2668 οὗτε
1035 2611 1291 2690 ἀνδράσιν
1358 2616 1723 2691 ἐπιτέτραπται
1788 2619 1846 2668 τὸ

240 2703 548 2764 πολυπενθες
592 2709 684 2756 καὶ
728 2701 1057 2780 πολύδακρυ·
1121 2704 1229 2757 ἀλλ’
1287 2707 1407 2758 ὅσον
1463 2703 1848 2776 ἐπιστυγνάσαι

239 2802 355 2856 τοῖς
414 2793 682 2869 λυπηροῖς,
742 2799 834 2846 καὶ
898 2797 1084 2869 μικρόν
1152 2814 1205 2847 τι
1263 2791 1492 2870 δάκρυον
1545 2793 1843 2861 ἔπιστάξαι,

241 2888 333 2936 καὶ
388 2891 540 2936 τοῦτο
600 2885 812 2955 ἡσυχῆ,
869 2889 941 2956 μὴ
1003 2881 1448 2958 ἀναϐρυχόμενον,
1488 2881 1628 2957 μηδέ
1666 2883 1847 2937 ὑλολὺ-

2024 2353 2076 2404 3.
2105 2349 2182 2421 (7)
2214 2347 2745 2414 Quemadmodum
2773 2345 2955 2417 igitur
2983 2347 3044 2402 in
3088 2346 3270 2417 lignis
3302 2346 3607 2404 teneriori-

1953 2437 2070 2494 bus
2097 2437 2426 2508 gignuntur
2468 2453 2747 2494 vermes:
2805 2437 2892 2492 sic
2947 2436 3179 2492 tristitia
3230 2437 3291 2492 in
3337 2436 3608 2493 molliore

1952 2526 2268 2582 hominum
2295 2525 2497 2582 indole
2539 2526 2894 2582 innascitur.
2914 2524 3103 2598 543
3152 2528 3266 2582 Nec
3300 2541 3441 2582 vero
3479 2541 3610 2581 mu-

1952 2615 2218 2684 lieribus,
2240 2631 2436 2688 neque
2456 2615 2596 2671 viris
2627 2613 2872 2670 effusior
2911 2613 3007 2670 ille
3055 2615 3252 2670 luctus
3309 2615 3609 2688 ﬂetusque

1954 2704 2286 2776 permissus
2307 2709 2392 2759 est
2416 2721 2430 2760 :
2463 2703 2569 2760 sed
2597 2707 2853 2770 tantum,
2877 2707 3174 2775 quantum
3206 2704 3298 2760 fas
3322 2709 3430 2771 est,
3465 2703 3612 2759 81Ηὶ-

1956 2795 2099 2850 ctari
2124 2793 2199 2850 de
2253 2793 2546 2862 adversis,
2601 2808 2820 2866 parum
2878 2792 3222 2864 lacrymari,
3280 2793 3462 2865 idque
3520 2797 3610 2849 ta-

1955 2882 2088 2951 cite,
2117 2882 2242 2938 sine
2269 2881 2624 2952 fremitibus,
2665 2882 2794 2936 sine
2821 2879 3168 2952 ejulatibus,
3200 2881 3352 2937 adeo
3406 2885 3470 2936 ut
3498 2896 3608 2937 nec

245 2973 422 3040 ζοντα,
451 2969 589 3045 μηδὲ
635 2971 1067 3048 καταρῥηγνὺντα
1117 2982 1343 3046 χιτῶνα,
1389 2975 1419 3033 ἦ
1466 2977 1606 3026 κόνιν
1653 2978 1846 3047 χεόμε-

1961 2973 2136 3028 vestis
2158 2971 2486 3038 scindatur,
2521 2987 2631 3027 nec
2661 2970 2809 3027 cinis
2855 2971 3256 3042 inspergatur,
3289 2986 3400 3026 nec
3447 2969 3610 3027 aliud

240 3082 348 3129 νον,
384 3059 518 3134 μηδ’
544 3060 666 3114 ἄλλο
698 3081 750 3114 τι
797 3069 1030 3115 τοιοῦτον
1075 3061 1487 3136 ἀσχημονοῦντα
1516 3071 1614 3116 τῶν
1663 3063 1847 3121 ἐπιτη-

243 3148 532 3224 δευομένων
580 3154 722 3227 παρὰ
773 3160 873 3204 τῶν
921 3148 1251 3215 ἀπαιδεύτως
1313 3153 1540 3225 ἐχόντων
1602 3156 1733 3227 πρὸς
1785 3155 1851 3205 τὰ

243 3241 546 3317 ἀνθρωπινα
738 3237 1028 3313 ’Λνάνδρου
1082 3244 1184 3315 γάρ
1241 3242 1450 3315 ψυχῆς,
1510 3247 1600 3295 καὶ
1662 3239 1852 3295 οὐδένα

243 3335 393 3384 τόνον
420 3333 496 3402 (3)
536 3331 590 3384 ἐκ
621 3340 709 3392 τῆς
757 3330 840 3384 ἐπὶ
885 3334 1012 3384 Θεὸν
1058 3328 1270 3393 ἐλπίδος
1311 3331 1564 3404 ἐχούσης,
1608 3335 1666 3385 τό
1723 3352 1849 3404 σφο-

247 3416 387 3492 δρῶς
430 3418 894 3495 καταρρήγνυσθαι
946 3423 1035 3471 καὶ
1082 3421 1391 3473 ὑποπίπτειν
1421 3427 1527 3480 τοῖς
1573 3419 1846 3495 λυπηροῖς.

245 3511 318 3562 Τό
372 3511 463 3581 μεν
513 3511 615 3584 γὰρ
678 3505 930 3584 δάκρυον,
986 3510 1160 3584 ὥσπερ
1216 3509 1271 3562 ἑκ
1327 3508 1534 3581 πληγῆς
1573 3511 1652 3579 (4)
1691 3529 1848 3581 τινος,

248 3605 347 3660 τῆς
372 3597 665 3671 προσϐολῆς
715 3605 809 3651 τοῦ
868 3596 1158 3656 ἀϐουλήτου
1213 3603 1307 3657 τὴν
1351 3597 1538 3671 ψυχὴν
1571 3601 1853 3662 τύπτοντος

250 3692 341 3740 καὶ
393 3686 778 3754 συστέλλοντος,
837 3685 1278 3760 καταθλιϐομίνου
1349 3694 1439 3740 τοῦ
1506 3684 1852 3762 περικαρὸίου

249 3779 564 3849 πνεύματος,
614 3775 992 3829 ἀποτίκτεσθαι
1043 3781 1283 3848 πέφυκεν·
1341 3778 1369 3835 ἠ
1430 3772 1489 3829 δὲ
1544 3779 1696 3850 χαρά
1749 3774 1854 3829 οἷον

253 3868 524 3940 σκίρτημά
565 3869 619 3918 τί
675 3865 789 3918 ἐστι
851 3873 942 3926 τῆς
1006 3863 1195 3936 ψυχῆς
1261 3865 1678 3938 ἐπαγαλλομὲνης
1746 3873 1854 3930 τοῖς

250 3959 388 4009 κατὰ
416 3962 647 4029 γνώμην.
677 3954 830 4008 ’Ὀθεν
866 3959 955 4007 καὶ
993 3957 1058 4007 τὰ
1109 3959 1230 4029 περὶ
1279 3959 1337 4007 τό
1398 3963 1552 4028 σῶμα
1601 3961 1855 4029 συμπτώ-

249 4065 399 4120 ματα
468 4042 759 4118 διενὴνοχε.
824 4052 942 4106 Τοῖς
1019 4049 1108 4118 μεν
1161 4048 1264 4120 γὰρ
1329 4044 1693 4118 λυπουμένοις,
1757 4045 1854 4098 ὑπ-

251 4155 431 4211 ωχρος
461 4139 551 4189 καὶ
579 4131 820 4196 πελιδνός
865 4139 955 4186 καὶ
1009 4134 1397 4207 κατεψυγμένος
1441 4136 1466 4187 ό
1520 4140 1693 4206 ὄγκοςο
1753 4142 1857 4196 τοῖς

255 4222 317 4279 δε
402 4221 829 4299 φαιδρυνομένοις
853 4267 869 4294 ,

948 4223 1236 4286 ἐξανθοῦσα
1307 4228 1395 4276 καὶ
1469 4226 1756 4301 ὑπέρυθρος
1823 4225 1853 4282 ἡ

253 4323 350 4369 τοῦ
392 4321 634 4387 σώματος
678 4313 800 4382 ἕξις,
851 4319 1141 4386 μονονουχὶ
1192 4311 1451 4376 πηδώσης
1505 4324 1600 4376 τῆς
1648 4314 1856 4386 ψυχῆς,
1890 4353 1932 4406 D

1051 4398 1244 4464 ἡδονῆς
1329 4403 1394 4464 εἰς
1449 4408 1508 4456 τό
1575 4404 1688 4468 ἔξω.
1758 4408 1857 4456 Καὶ

255 4494 476 4556 πολλοὺς
536 4497 754 4567 ἔγνωμεν
830 4493 878 4546 ἐν
965 4500 1258 4566 συμφοραῖς
1335 4491 1638 4555 ἀνηκέστοις

254 4409 350 4458 καὶ
420 4406 816 4480 προωθουμένης
889 4403 968 4475 ὑφ’

1728 4492 1858 4546 ἀπο-

259 4585 452 4646 στάξαι
502 4579 729 4656 δάκρυον
774 4581 962 4655 βιαίως
1011 4582 1511 4657 ἐγκαρτερήσαντας·
1573 4580 1683 4634 εἶτα
1747 4587 1861 4644 τοὺς

257 4678 354 4747 μὲν
420 4672 486 4734 εἰς
550 4671 813 4731 ἀνήκεστα
873 4671 1179 4731 ἐκπεσόντας
1253 4672 1394 4728 πάθη
1432 4712 1447 4739 ,
1537 4669 1860 4732 ἀποπληξίας

258 4765 293 4822 ἡ
390 4763 730 4838 παραλύσειςο
815 4764 931 4822 τοὺς
1015 4759 1074 4813 δὲ
1155 4763 1244 4812 καὶ
1335 4759 1588 4821 παντελῶς
1661 4759 1861 4831 ἀποψύ-

815 4764 931 4822 τοὺς
1015 4756 1074 4813 δὲ
1155 4763 1244 4812 καὶ
1335 4759 1588 4821 παντελῶς

337 4942 382 4976 ⁹¹
429 4942 611 4998 ICor.
647 4957 708 5002 x,
743 4941 806 4996 13

337 5126 356 5180 (
370 5125 419 5187 l)
449 5119 612 5194 Ὑμῖν.
645 5119 740 5194 Sic
760 5118 979 5194 Regius
994 5115 1363 5194 _e_odexl979'_2,
1387 5131 1526 5194 cum
1555 5119 1861 5178 contextu,

264 5196 325 5249 et
343 5188 691 5280 Εᾶυιὸροξῐ
709 5191 869 5280 ὑμᾶς..
904 5188 1211 5280 Εᾶὶιὶηήμῖζ
1231 5193 1287 5243 et
1307 5189 1468 5268 ἡμᾶς.

337 5257 418 5334 (2)
449 5257 583 5338 Πρρξ
605 5265 671 5315 τὰ
700 5257 1014 5336 ἀνθρώπινα.
1045 5257 1216 5338 Haud
1257 5257 1380 5314 scio
1425 5273 1504 5338 an
1534 5257 1760 5338 melior
1791 5257 1865 5314 sit

265 5328 409 5392 haéc'
433 5328 751 5406 scriptura,
795 5328 986 5405 quam
1007 5329 1173 5404 quod
1203 5329 1265 5386 in
1317 5333 1599 5386 contextu
1624 5328 1862 5400 legitur,

269 5409 410 5483 πρὸς»
435 5408 498 5483 1:6:
527 5406 762 5483 οὐράνιω
899 5478 908 5483 _
1000 5477 1008 5483 ι
1156 5475 1194 5483 __
1217 5472 1302 5483 ....
1458 5475 1467 5483 .
1511 5471 1522 5481 .

339 5480 421 5546 (3)
441 5472 616 5533 Τόνον.
655 5477 747 5534 Sic
776 5477 1118 5546 contextus.
1155 5472 1304 5529 Editi
1335 5472 1527 5528 nostri
1547 5475 1722 5546 τόπονο

347 5541 427 5621 (4)
459 5548 690 5622 mum.
724 5547 817 5606 Sic
845 5545 1026 5604 etiam
1080 5547 1405 5618 contextus,
1439 5543 1630 5602 multo
1667 5541 1865 5616 aptius

1959 3061 2296 3136 quidquam
2326 3077 2536 3118 eorum
2565 3060 2846 3117 indecore
2875 3059 3000 3131 ﬁat,
3033 3075 3170 3132 quae
3223 3060 3487 3116 studiose
3525 3059 3610 3116 fa-

1959 3166 2091 3208 cere
2124 3149 2316 3207 solent
2341 3150 2447 3223 qui
2494 3150 2574 3206 ad
2615 3151 2920 3206 humanos
2967 3164 3147 3205 casus
3191 3149 3357 3206 nulla
3393 3149 3612 3206 imbuti

1960 3239 2122 3296 fuere
2169 3240 2510 3313 disciplina.
2570 3239 2795 3296 Etenim
2844 3239 3033 3295 animi
3076 3244 3165 3295 est
3212 3239 3438 3310 ignavi,
3481 3240 3611 3296 nul-

1958 3329 2208 3401 lumque
2249 3345 2323 3384 ex
2364 3328 2628 3402 reposita
2670 3327 2732 3384 in
2765 3330 2883 3384 Deo
2923 3343 3032 3400 spe
3076 3327 3264 3384 robur
3307 3328 3609 3397 habentis,

1959 3419 2154 3490 frangi
2185 3418 2542 3488 admodum,
2571 3423 2628 3475 et
2648 3417 2916 3474 adversis
2933 3418 3347 3475 succumbere.
3368 3421 3437 3491 (8)
3460 3422 3610 3476 Nam

1959 3509 2244 3582 lacrymae
2274 3508 2437 3564 velut
2463 3523 2536 3564 ex
2557 3507 2824 3580 quodam
2855 3506 2996 3576 ictu,
3017 3523 3088 3564 ex
3119 3508 3614 3580 improvisocasu

1961 3599 2327 3672 percutiente
2356 3597 2644 3668 animam,
2693 3612 2952 3670 eamque
2998 3597 3407 3665 contrahente,
3453 3615 3616 3655 com-

1962 3704 2174 3761 presso
2209 3687 2365 3743 circa
2395 3702 2499 3743 cor
2543 3686 2773 3759 spiritu,
2831 3685 2972 3742 oriri
3023 3702 3428 3743 consuevere:
3473 3703 3615 3756 gau-

1963 3777 2132 3835 dium
2158 3792 2300 3832 vero
2323 3776 2645 3832 estanimae
2671 3775 2750 3830 ob
2767 3790 2862 3832 res
2887 3791 2957 3830 ex
2989 3775 3283 3830 sententia
3295 3776 3614 3832 succeden-

1965 3871 2051 3924 tes
2081 3865 2410 3938 gestientis,
2427 3865 2680 3938 quidam
2705 3864 2881 3937 quasi
2915 3863 3124 3920 saltus.
3158 3863 3299 3920 Hinc
3331 3863 3616 3921 differunt

1965 3956 2232 4029 corporis
2262 3959 2692 4027 symptomata.
2715 3953 3188 4025 Tristesquidem
3205 3953 3614 4026 subpallidam

1965 4045 2339 4118 lividamque
2370 4059 2441 4099 ac
2470 4043 2764 4112 rigentem
2790 4042 3018 4098 habent
3057 4041 3324 4114 corporis
3349 4042 3573 4098 molem
3600 4059 3614 4098 :

1966 4137 2119 4193 inest
2137 4151 2280 4191 vero
2302 4133 2683 4190 eﬁlorescens
2709 4131 2995 4206 quaedam
3010 4135 3067 4187 et
3088 4131 3392 4188 subrubra
3411 4147 3620 4204 corpo-

1965 4227 2047 4282 ris
2070 4224 2364 4282 habitudo
2401 4223 2550 4279 laetis
2576 4228 2632 4278 et
2651 4221 2964 4290 hilaribus,
2998 4222 3204 4277 anima
3231 4225 3464 4277 tantum
3494 4237 3617 4279 non

1969 4313 2308 4389 prosiliente
2334 4318 2390 4368 et
2409 4316 2840 4384 prorumpente
2859 4310 2952 4366 'ad
2989 4310 3285 4366 exteriora
3307 4325 3430 4380 prae
3456 4309 3620 4366 volu-

1968 4409 2149 4478 ptate.
2184 4405 2262 4475 (9)
2293 4407 2374 4458 Ac
2403 4400 2686 4458 novimus
2713 4399 3005 4456 multosin
3023 4397 3619 4468 gravissimisadver-

1971 4491 2246 4550 sitatibus
2268 4489 2631 4562 sibipervim
2655 4487 2994 4560 alacrymis
3038 4491 3428 4557 temperasse;
3473 4501 3622 4557 quo-

1971 4600 2106 4639 rum
2135 4582 2236 4638 alii
2257 4580 2508 4652 posthac
2539 4579 2598 4634 in
2630 4575 3102 4634 immedicabiles
3135 4572 3381 4630 morbos
3401 4573 3620 4630 incide-

1971 4674 2130 4737 runt,
2155 4670 2212 4725 in
2245 4667 2655 4741 apoplexiam,
2687 4663 3142 4738 paralysimque
3165 4661 3295 4729 ;alii
3327 4677 3468 4719 vero
3491 4677 3620 4720 om-

1973 4759 2116 4816 nino
2142 4773 2497 4830 supremum
2522 4755 2684 4812 diem
2715 4755 3008 4824 obierunt,
3033 4751 3198 4825 quod
3219 4767 3427 4809 eorum
3446 4753 3617 4824 vires,

1972 5131 2158 5189 quam
2188 5111 2559 5189 editinostri,
2593 5118 2790 5189 M7165.

2041 5189 2120 5256 (5)
2153 5189 2232 5241 Ex
2259 5185 2433 5257 epist.
2465 5199 2700 5238 cxxxrx.
2740 5185 2866 5238 231.

2043 5257 2117 5326 (6)
2147 5260 2228 5312 Ex
2252 5256 2422 5329 epist.
2456 5271 2615 5329 cccn,
2646 5257 2778 5329 439.

2041 5324 2118 5400 (7)
2144 5324 2417 5400 Exhom.
2448 5328 2534 5383 De
2552 5327 2892 5398 gratiarum
2920 5324 3172 5386 actione,
3197 5324 3284 5377 30.

2045 5398 2118 5470 (ε)
2159 5398 2332 5470 lbid.,
2359 5403 2447 5454 2s.

2043 5469 2314 5542 (9)1bid.,
2348 5473 2439 5528 29.
