4056 6222
481 244 612 299 1283
1431 236 1803 295 APPENDIX.
1845 266 1913 278 —-
1953 234 2293 293 SYMEONIS
2332 235 2877 294 METAPHRASTE

467 366 644 439 quasi
673 364 869 421 debile
895 362 1209 436 quoddam
1251 363 1529 431 fulcrum,
1576 361 1841 434 pondere
1876 359 2112 416 tristitiae

2233 360 2434 430 ξαντας,
2516 362 2688 437 ᾦσπερ

467 454 1051 525 frangerentur.Nam
1065 451 1225 524 quod
1241 452 1441 507 videre
1451 451 1513 507 in
1525 449 2015 520 ﬂammalicet,qu
2025 464 2112 502 am

2230 470 2364 522 μεως
2431 450 2596 503 αὐτῶν
2662 459 2734 521 τῷ
2802 450 2957 525 βάρει
3021 460 3116 513 τῆς
3163 451 3328 514 λύπης
3385 451 3827 516 ἀποκλασθείσης.

470 544 671 601 fumus
690 544 995 615 proprius,
1021 542 1072 597 si
1099 558 1220 598 non
1241 544 1434 609 exeat,
1468 540 1572 596 sed
1597 538 2117 603 circumvolvatur,

469 632 753 699 suffocat;
777 632 839 688 id
871 631 1124 688 etiamin
1146 631 1613 702 facultate,fqua
1639 627 1865 685 animal
1904 627 2123 683 consti-

468 722 671 789 tuitur,
702 721 829 777 ﬁeri
869 720 1097 787 dicunt,
1126 720 1412 776 nimirum
1452 719 1833 775 extabescere
1876 716 2039 772 illam
2065 719 2123 772 et

467 811 764 881 exstingui
797 827 921 883 prae
958 809 1293 877 doloribus,
1354 809 1402 863 si
1445 808 1647 863 nullus
1697 807 1777 863 ad
1827 806 2121 862 exteriora

469 901 771 973 aperiatur
802 900 1013 955 exitus.
1051 901 1124 971 (1)
1157 901 1273 955 Cur
1309 898 1471 954 enim
1498 896 1696 953 Lazari
1724 912 1908 952 causa
1952 894 2118 950 Chri-

469 995 594 1045 stus
623 989 833 1045 ﬂevit?
855 994 1010 1045 certe
1044 993 1107 1044 ut
1139 988 1532 1060 querulorum
1576 1003 1646 1041 ac
1693 986 1885 1041 luctus
1913 999 2118 1040 aman-

472 1082 617 1135 tium
645 1080 724 1135 ad
756 1078 1027 1135 ﬂendum
1056 1079 1547 1150 propensionem,
1576 1077 1882 1149 animique
1910 1090 2117 1131 eorum

468 1168 897 1223 demissionem
973 1172 1231 1223 sanaret.
1292 1167 1464 1232 Quod
1520 1166 1679 1221 enim
1727 1166 1874 1221 citra
1932 1164 2117 1220 ullam

469 1258 652 1313 animi
699 1259 1191 1324 commotionem,
1242 1257 1346 1311 sed
1378 1256 1455 1311 ad
1484 1255 1844 1311 erudiendos
1873 1269 1984 1309 nos
2036 1252 2120 1308 la-

470 1350 779 1418 crymatus
817 1349 904 1400 est
930 1346 1238 1411 Dominus,
1267 1350 1650 1417 perspectum
1694 1350 1784 1399 est
1810 1360 1878 1399 ac
1936 1344 2119 1398 mani.

470 1435 689 1490 festum
731 1450 805 1489 ex
857 1434 990 1488 illo:
1039 1436 1308 1490 Lazarus
1366 1438 1593 1489 amicus
1638 1441 1836 1489 noster
1878 1434 2119 1500 dormit,

469 1524 572 1582 sed
596 1524 745 1578 vado
777 1530 839 1577 ut
867 1538 901 1578 a
932 1538 1134 1579 somno
1160 1524 1403 1579 emcitem
1428 1539 1558 1578 eum
1583 1525 1650 1577 9³.
1681 1523 1822 1587 Quis
1844 1526 2119 1578 nostrum

471 1611 652 1667 deﬂet
678 1612 944 1667 amicum
966 1611 1386 1681 dormientem,
1422 1628 1606 1683 quem
1654 1611 1965 1683 aliquanto
1986 1615 2112 1681 post

2230 1613 2484 1675 ἐξυπνίσω
2543 1614 2720 1669 αὐτόν.
2748 1621 2839 1675 Τίς
2888 1612 2947 1667 δὲ
2999 1617 3144 1686 ἡμῶν
3204 1622 3519 1688 κοιμώμενον
3582 1614 3834 1690 ὀδύρεται

473 1706 673 1773 sperat
727 1701 1215 1772 expergefactum
1264 1701 1377 1756 iri?
1420 1703 1667 1764 Lazare,
1699 1702 1834 1757 veni
1856 1700 2112 1771 foras}?

2231 1702 2390 1774 φίλον,
2444 1703 2496 1755 ὃν
2536 1708 2723 1779 μικρὸν
2764 1705 2980 1777 ὕστερον
3012 1701 3289 1777 προσδοκᾷ
3331 1702 3663 1774 διυπνίζειν;
3728 1712 3836 1761 Λοξ-

473 1793 736 1846 Mortuus
776 1790 1174 1846 revocabatur
1203 1790 1282 1846 ad
1321 1791 1501 1846 vitam
1533 1807 1545 1857 ;
1581 1790 1861 1860 alligatus
1911 1788 2112 1844 ambu-

2231 1792 2377 1865 ζαρε,
2447 1789 2603 1868 δεῦρο
2662 1794 2777 1856 ἔξω·
2846 1799 2935 1857 καὶ
3012 1795 3037 1845 ό
3102 1797 3279 1867 νεκρὸς
3332 1794 3837 1864 ἐζωποιεῖτο,καὶὸ

469 1879 655 1935 labat.
690 1882 845 1934 lnest
874 1878 1233 1934 miraculum
1264 1880 1325 1934 in
1373 1879 1687 1934 miraculo.
1745 1877 1935 1933 Pedes
1978 1877 2122 1946 liga-

471 1967 956 2037 banturinstitis,
986 1984 1094 2023 nec
1120 1972 1321 2023 tamen
1370 1985 1408 2024 a
1457 1973 1620 2023 motu
1654 1966 2111 2038 prohibebatur.

472 2056 698 2112 Etenim
725 2056 928 2112 aderat
950 2057 1038 2112 vis
1057 2058 1341 2129 quaedam
1369 2057 1537 2112 obice
1564 2057 1778 2127 major.
1801 2054 2120 2120 Quomodo

469 2145 650 2215 igitur
672 2146 985 2213 Dominus,
1030 2148 1132 2218 qui
1159 2152 1285 2203 erat
1324 2146 1463 2203 talia
1483 2146 1768 2214 facturus,
1800 2160 2010 2201 casum
2056 2143 2119 2199 il-

471 2236 594 2290 lum
633 2236 919 2307 lacrymis
969 2236 1618 2308 dignumjudicasset?
1648 2243 1864 2291 Annon
1916 2234 2117 2305 palam

472 2328 577 2391 est,
610 2325 811 2395 ipsum
850 2324 1258 2380 inﬁrmitatem
1286 2330 1553 2381 nostram
1599 2325 1866 2396 undique
1917 2322 2120 2378 sufful—

472 2412 745 2477 cientem,
780 2430 882 2469 eas
924 2414 1268 2469 affectiones
1296 2431 1431 2486 quia
1462 2413 1835 2469 inevitabiles
1886 2417 2026 2467 sunt
2064 2415 2121 2469 et

469 2503 846 2569 necessariae,
901 2503 1057 2558 intra
1090 2503 1308 2559 modos
1360 2502 1662 2574 quosdam
1712 2518 1782 2557 ac
1830 2501 2117 2557 terminos

472 2592 876 2648 continuisse?
928 2591 1244 2664 Apathiam
1292 2592 1541 2664 quidem
1581 2592 1787 2648 vitavit
1824 2596 2116 2663 tanquam

470 2681 764 2752 quiddam
788 2680 1083 2736 ferinum:
1134 2681 1323 2736 noluit
1370 2686 1573 2737 tamen
1612 2682 1853 2736 maerori
1906 2696 1975 2735 ac
2025 2680 2121 2734 tri-

471 2769 643 2825 stitia:
676 2770 915 2826 deditus
956 2786 1109 2838 esse,
1152 2787 1221 2826 ac
1265 2770 1521 2827 multum
1566 2770 1909 2842 lacrymari,
1949 2770 2118 2841 quod

469 2859 583 2915 hoc
609 2858 897 2916 illiberale
927 2865 1082 2915 esset
1119 2865 1177 2915 et
1216 2860 1523 2930 ignavum.
1574 2862 1646 2931 (2)
1698 2864 1766 2915 At
1792 2876 1936 2914 vero
1982 2858 2112 2924 Job,

2226 2862 2274 2914 ἐν
2329 2862 2564 2937 βραχείᾳ
2601 2870 2785 2937 καιροῦ
2843 2865 3000 2938 ῥοπῇ,
3067 2871 3167 2936 μιᾷ
3220 2864 3394 2938 πληγῇ
3457 2868 3826 2941 συντριϐέντες,

468 2948 657 3021 quid?
688 2964 834 3004 num
862 2948 944 3004 illi
970 2948 1434 3005 adamantinum
1465 2954 1592 3005 erat
1621 2950 1760 3004 cor?
1785 2964 1934 3004 num
1957 2964 2112 3003 com-

2225 2956 2315 3003 καὶ
2358 2952 2406 3003 ἐν
2453 2961 2526 3023 τῷ
2552 2956 2676 3023 οἴκῳ
2720 2962 2814 3014 τῆς
2856 2950 3140 3026 θυμηδίας,
3192 2954 3243 3007 ἐν
3278 2963 3350 3025 τῷ
3381 2965 3546 3031 καιρῷ
3575 2963 3673 3017 τῆς
3702 2955 3833 3009 Emo-

466 3041 645 3110 pacta
693 3038 744 3093 ei
809 3042 980 3093 erant
1023 3053 1095 3093 ex
1153 3054 1299 3094 saxo
1348 3038 1618 3095 viscera?
1672 3038 2020 3094 Ceciderunt
2062 3038 2112 3093 ei

2224 3039 2484 3106 λαύσεως,
2535 3040 3029 3104 ἑπικατασείσαντος
3087 3042 3265 3105 αὐτοῖς
3318 3051 3411 3095 τοῦ
3459 3041 3707 3097 διαϐόλου
3770 3050 3831 3097 τό

3689 240 3831 295 1284

2779 361 3080 437 ἐρείσματος
3163 360 3406 423 ἀσθενοῦς
3494 371 3591 426 τῆς
3678 360 3829 416 am-

2228 538 2293 591 ‘O
2323 542 2423 615 γὰρ
2492 540 2575 593 ἐπὶ
2636 547 2731 604 τῆς
2795 540 2984 613 φλογὸς
3054 542 3177 615 όρᾷν
3243 542 3494 616 ὑπάρχει,
3571 546 3674 597 ὑπὸ
3739 552 3829 595 τοῦ

2230 630 2422 682 οἰκείου
2496 631 2656 688 αὐτὴν
2742 639 2942 684 καπνοῦ
3019 633 3451 703 καταπνίγεσθαι,
3548 639 3620 707 μὴ
3725 636 3831 685 υπ-

2230 719 2491 789 εξιόντος,
2553 719 2679 772 ἀλλὰ
2734 726 2852 794 περὶ
2918 722 3077 780 αὐτὴν
3134 722 3445 793 εἱλουμένου’
3506 729 3657 775 τοῦτό
3703 744 3833 796 φασι

2227 812 2317 861 καὶ
2368 808 2451 862 ἐπὶ
2490 818 2583 870 τῆς
2629 809 3001 883 οἰκονομοῡσης
3063 813 3121 862 τὸ
3182 811 3315 871 ζῶον
3373 808 3643 885 δυνάμεως
3698 820 3835 884 γένεο

2230 899 2374 951 σθαισ
2430 898 2880 972 ἀπομαραίνεσθαι
2928 902 3028 975 γὰρ
3088 902 3189 953 ὑπὸ
3255 909 3356 953 τῶν
3413 899 3685 975 ὀδυνηρῶν
3743 910 3833 956 καὶ

2226 987 2718 1053 κατασϐέννυσθαι,
2781 986 3044 1062 μηδεμιᾶς
3106 994 3381 1062 γενομένης
3449 989 3530 1043 ἐπὶ
3596 996 3657 1043 τὸ
3736 994 3833 1054 ἔξω

2229 1075 2497 1139 ὃιαπνοῆς.
2553 1084 2702 1139 Τίνος
2756 1081 2857 1151 γὰρ
2916 1080 3074 1131 ἕνεκεν
3120 1082 3204 1131 ἐπὶ
3246 1087 3320 1150 τῷ
3377 1083 3603 1153 Λαζάρῳ
3647 1084 3673 1132 6
3706 1089 3834 1153 Χρι-

2230 1170 2350 1227 στὸς
2379 1164 2636 1241 ἐδάκρυε;
2698 1178 2797 1221 τῶν
2849 1166 3139 1243 ὀδυρτικών
3191 1172 3391 1230 πάντως
3442 1176 3529 1221 καὶ
3584 1170 3835 1245 φιλοθρή-

2225 1276 2322 1307 νων
2386 1260 2445 1309 τὸ
2500 1258 2633 1328 ἄγαν
2683 1261 2959 1331 περιπαθὲς
3015 1263 3104 1310 καὶ
3148 1263 3383 1311 ταπεινὸν
3452 1259 3833 1332 ἐπανορθούμε-

2226 1365 2330 1406 νος.
2374 1345 2493 1398 Ὀτι
2548 1350 2649 1421 γὰρ
2700 1348 2793 1400 οὐκ
2844 1347 3068 1419 ἐμπαθὲς
3116 1344 3175 1405 ἦν
3223 1352 3282 1399 τὸ
3324 1344 3551 1422 δάκρυον
3592 1356 3686 1400 τοῦ
3730 1356 3833 1402 Κυ-

2226 1438 2362 1507 ρίου,
2391 1434 2518 1487 ἀλλὰ
2545 1442 2633 1488 καὶ
2672 1433 3080 1507 διδασκαλικὸν,
3134 1437 3321 1489 ἐκεῖθεν
3366 1433 3543 1495 δῆλον·
3584 1440 3831 1511 Λάζαρος

2225 1525 2250 1575 ό
2313 1523 2454 1596 φίλος
2518 1527 2665 1597 ἡμῶν

2755 1530 3082 1597 κεκοίμηται,
3179 1524 3305 1577 ἀλλὰ
3386 1531 3675 1599 πορεύομαι
3750 1532 3835 1581 ἱνα

2232 1878 2504 1953 δεδεμένος
2544 1884 2864 1957 περιεπάτει.
2922 1891 3118 1955 Θαῦμα
3193 1883 3242 1936 ἐν
3303 1886 3551 1955 θαύματι·
3612 1892 3841 1961 κειρίαις

2233 1966 2484 2023 δεδέσθαι
2541 1976 2660 2031 τοὺς
2703 1968 2895 2037 πόδας,
2948 1977 3037 2024 καὶ
3089 1976 3160 2044 μὴ
3220 1972 3513 2026 κωλύεσθαι
3564 1978 3693 2047 πρὸς
3740 1981 3839 2032 τὴν

2232 2065 2456 2116 κίνησιν·
2498 2061 2675 2132 μεῖζον
2704 2064 2805 2134 γάρ
2836 2063 2897 2119 ἧν
2923 2065 2982 2113 τὸ
3023 2062 3268 2133 ἐνισχύον
3297 2070 3388 2116 τοῦ
3440 2061 3837 2136 ἐμποδίζοντος.

2236 2156 2350 2210 Πῶς
2400 2146 2488 2201 οὖν
2540 2151 2565 2201 6
2631 2153 2698 2201 τὰ
2762 2158 2983 2203 τοιαῦτα
3034 2149 3249 2224 ἐνεργεῖν
3313 2152 3527 2224 μελλων,
3590 2151 3838 2227 δακρύων

2229 2238 2371 2300 ἄξιον
2402 2243 2459 2290 τὸ
2502 2238 2705 2311 συμϐὰν
2749 2243 2980 2311 ἔκρινεν;
3030 2240 3098 2292 Ἦ
3146 2238 3323 2307 δῆλον,
3371 2243 3453 2293 ὅτι
3498 2247 3837 2315 πανταχόθεν

2228 2330 2372 2399 ἡμῶν
2418 2331 2479 2379 1'6
2536 2327 2745 2390 ἀσθενὲς
2800 2326 3105 2400 ὑπερείδων,
3162 2335 3365 2403 μέτροις
3420 2336 3531 2383 τισὶ
3563 2339 3662 2397 καὶ,
3694 2336 3833 2405 ὅροις

2226 2418 2291 2469 τὰ
2335 2415 2591 2488 ἀναγκαῖα
2635 2416 2901 2491 περιέλαϐε
2951 2420 3115 2476 πάθη·
3172 2422 3231 2470 τὸ
3286 2422 3375 2491 μὲν
3427 2419 3735 2492 aestimes;
3760 2426 3829 2485 ὡς

2228 2503 2485 2579 θηριῶδες
2522 2505 2780 2573 ἐκκλίνων,
2826 2510 2886 2559 1'6
2928 2504 2986 2559 δὲ
3044 2507 3321 2579 φιλόλυπον
3372 2515 3463 2561 καὶ
3506 2510 3831 2583 πολύθρηνον

2226 2598 2289 2655 ὡς
2321 2594 2515 2667 ἀγεννὲς
2563 2599 2988 2669 παραιτούμενος.
3037 2596 3097 2648 Ὁ
3140 2594 3200 2649 δὲ
3254 2597 3387 2665 Ἰὼϐ,
3430 2604 3520 2665 τί;
3575 2604 3646 2671 μὴ
3696 2598 3832 2652 αδα-

2224 2687 2466 2757 μάντινος
2517 2682 2577 2742 ἧν
2630 2690 2723 2743 τὴν
2771 2682 3034 2760 καρδίαν;
3094 2691 3163 2757 μὴ
3219 2686 3273 2738 ἐκ
3306 2686 3453 2739 λίθου
3485 2685 3545 2746 ἧν
3578 2692 3716 2757 αὐτῷ
3742 2708 3831 2742 πε-

2225 2777 2482 2845 ποιημένα
2527 2776 2591 2825 τὰ
2640 2774 2958 2846 σπλάγχνα;
3005 2774 3225 2828 Ἐπεσον
3277 2776 3419 2847 αύτῷ
3470 2774 3599 2829 δέκα
3638 2775 3829 2839 παῖδες

467 3126 678 3184 decem
702 3126 946 3183 liberiin
968 3127 1773 3200 brevitemporismomento,
1793 3144 1913 3183 una
1933 3127 2116 3199 plaga
2224 3132 2438 3200 οἴκημα.
2497 3127 2623 3183 Εἷδε
2692 3132 2954 3200 τράπεζαν
3030 3133 3214 3200 αἵματι
3290 3139 3632 3200 μεμιγμένην·
3716 3132 3829 3189 εἶδε

467 3215 684 3284 obtriti,
735 3216 797 3271 in
849 3214 1031 3271 domo
1072 3216 1488 3285 jucunditatis,
1536 3216 1596 3271 in
1654 3222 1920 3288 tempore
1967 3217 2112 3272 deli-

467 3304 717 3370 ciarum,
768 3304 1104 3359 decutiente
1133 3303 1196 3360 in
1237 3320 1340 3359 eos
1370 3304 1624 3360 domum
1655 3305 1919 3361 diabolo.
1960 3306 2114 3362 Vidit

466 3408 746 3448 mensam
783 3392 1441 3462 sanguineimmistam,
1469 3394 1613 3450 vidit
1629 3394 1849 3449 liberos
1870 3395 2111 3449 diverso

464 3481 708 3553 quidem
740 3486 1007 3555 tempore
1035 3487 1228 3549 natos,
1261 3484 1365 3539 sed
1392 3500 1581 3539 unum
1603 3499 2111 3556 communemque

466 3571 701 3628 sortitos
731 3572 864 3627 vitae
895 3570 1139 3628 exitum.
1180 3575 1308 3628 Non
1340 3573 1605 3644 ejulavit,
1635 3572 1811 3645 544
1854 3588 1979 3629 non
2010 3590 2109 3630 ρος

464 3678 627 3719 mam
669 3661 884 3731 evellit,
936 3677 1060 3718 non
1109 3663 1307 3718 emisit
1351 3679 1563 3719 vocem
1616 3663 1801 3718 ullam
1854 3663 2109 3733 degene-

462 3768 614 3815 rem,
649 3751 754 3808 sed
782 3751 1081 3808 celebrem
1102 3752 1266 3808 illam
1305 3757 1363 3808 et
1390 3753 1469 3807 ab
1494 3752 1779 3809 omnibus
1826 3752 2107 3809 decanta-

466 3846 586 3896 tam
643 3841 972 3911 gratiarum
1015 3842 1312 3898 actionem
1361 3842 1639 3912 protulit:
1698 3844 1982 3898 Dominus
2012 3843 2108 3898 de-

461 3930 571 3997 dit,
601 3932 887 3986 Dominus
934 3930 1183 3986 abtulit:
1216 3931 1372 3986 sicut
1417 3932 1670 3987 Domino
1724 3933 1973 4001 placuit,
2020 3933 2107 3987 ita

461 4026 512 4075 et
540 4020 771 4087 factum
818 4025 935 4088 est;
980 4023 1053 4074 sit
1098 4035 1312 4075 nomen
1363 4021 1609 4076 Domini
1636 4021 2001 4079 benedictum
2034 4024 2102 4076 9".

460 4110 613 4161 Num
643 4107 829 4161 homo
858 4106 953 4160 ille
983 4112 1109 4162 erat
1133 4123 1345 4177 expers
1370 4107 1752 4164 aﬂ‘ectionum
1782 4111 1809 4164 ?
1851 4114 1924 4167 At
1960 4127 2107 4184 quo-

459 4194 685 4249 modo?
707 4211 845 4249 cum
870 4196 1001 4265 ipse
1033 4195 1105 4250 de
1142 4211 1205 4250 se
1222 4195 1417 4251 dicat:
1450 4197 1580 4267 Ego
1595 4198 2109 4270 ﬂevisuperomni

460 4283 691 4352 afﬂicto
722 4285 791 4338 95.
846 4286 1019 4339 Estne
1052 4284 1144 4340 his
1169 4283 1437 4340 dicendis
1459 4289 1782 4343 mentitus?
1810 4294 1934 4347 lmo
1968 4307 2105 4347 vero

458 4377 673 4443 praeter
701 4377 946 4428 caeteras
978 4372 1220 4429 virtutes
1252 4374 1472 4430 veritas
1505 4392 1781 4432 veracem
1803 4395 1938 4434 eum
1959 4395 2104 4451 quo-

456 4477 573 4533 que
605 4462 783 4519 fuisse
814 4462 1101 4529 declarat,
1133 4463 1225 4519 his
1259 4463 1490 4520 verbis:
1524 4466 1714 4522 Homo
1732 4468 2100 4536 incutpatus,

446 4551 642 4618 jutus,
681 4552 837 4619 pius,
883 4565 1072 4607 verax
1104 4553 1172 4607 9°.
1216 4554 1431 4608 Verum
1471 4553 1788 4610 hominum
1834 4555 2102 4628 plerique

457 4639 765 4694 cantilenis
788 4640 1157 4711 quibusdam
1179 4640 1258 4696 ad
1290 4642 1635 4698 tumstitiam
1655 4645 2001 4715 compositis
2025 4646 2102 4702 ad

456 4720 723 4776 ﬂendum
747 4724 1098 4793 abutuntur,
1116 4726 1478 4798 studentque
1495 4728 1770 4785 animum
1783 4746 1958 4785 suum
1974 4748 2103 4788 mo-

452 4808 977 4878 dulislugubribus
1004 4812 1355 4883 absumere;
1380 4820 1436 4871 et
1455 4818 1975 4889 quemadmodum
2000 4836 2103 4891 pe-

454 4897 699 4955 culiaria
730 4904 869 4955 sunt
898 4904 1184 4973 tragoedis
1200 4905 1357 4960 fictio
1383 4909 1441 4962 et
1458 4912 1812 4978 apparatus,
1837 4924 2100 4980 quocum

452 4988 687 5044 theatra
720 4992 1131 5047 conscendunt
1162 5012 1175 5048 :
1212 4993 1293 5050 ita
1324 5000 1381 5051 et
1408 4996 1634 5066 lugenti
1689 4998 1849 5054 hanc
1906 5002 2101 5058 existi-

452 5082 623 5133 mant
681 5080 942 5151 speciem
991 5082 1310 5138 convenire
1340 5089 1565 5141 vestem
1610 5091 1828 5155 atram,
1858 5104 2099 5146 comam

522 5256 569 5289 9³
595 5257 865 5328 Joan.x1,
900 5261 981 5316 tl.
1059 5260 1106 5293 93
1135 5259 1283 5315 ibid.
1315 5263 1404 5317 43.

1482 5263 1660 5319 9‘Job
1691 5281 1726 5332 ι,
1750 5265 1838 5320 21.

521 5452 537 5527 (
552 5453 599 5527 l)
630 5456 719 5527 .1122;
745 5452 926 5527 _hom.
956 5454 1043 5510 De
1060 5456 1399 5525 gratiarum
1424 5457 1675 5527 actione,
1706 5460 1796 5515 29.

522 5524 599 5591 (ρ)
628 5522 801 5594 lbid.,
833 5529 920 5580 30.

1917 5268 1964 5302 95
1998 5269 2107 5326 Job
2130 5286 2274 5339 xxx,
2303 5276 2390 5327 25.

2224 3132 2438 3202 οἴκημα.
2497 3127 2623 3183 Ride
2692 3132 2954 3204 τράπεζαν
3030 3133 3214 3204 αἵματι
3290 3139 3632 3206 μεμιγμένην·

2222 3216 2421 3281 παῖδας
2452 3215 2713 3293 διαφόρως
2754 3223 2845 3292 μεν
2874 3224 3009 3274 κατὰ
3038 3224 3124 3273 τὸν
3174 3226 3364 3296 χρόνον
3412 3222 3829 3296 ἀποτεχθέντας,

2221 3316 2365 3380 κοινῇ
2428 3305 2486 3361 δὲ
2534 3309 2905 3371 ύπεξελθόντας
2957 3319 3047 3362 τού
3100 3310 3223 3382 βίου
3255 3314 3329 3382 (9)
3387 3316 3445 3365 τὸ
3508 3313 3666 3374 τέλος.
3722 3320 3827 3366 Καὶ

2221 3397 2316 3449 οὐκ
2363 3398 2590 3470 ᾤμωξεν,
2646 3399 2704 3450 ού
2758 3399 3058 3451 κατετίλατο
3106 3404 3294 3472 κόμην,
3352 3402 3447 3453 οὐκ
3503 3401 3671 3474 ἀφῆκέ
3705 3424 3829 3457 τινα

2222 3490 2390 3557 φωνὴν
2430 3486 2633 3557 ἀγεννῆ,
2684 3486 2811 3538 ἀλλά
2858 3492 2953 3544 τὴν
3007 3484 3248 3560 ἀοίδιμον
3296 3488 3490 3546 ἐκείνην
3543 3495 3632 3542 καὶ
3680 3496 3827 3565 παρὰ

2219 3580 2380 3627 πᾶσιν
2442 3574 2825 3648 ἀνυμνουμένην
2897 3576 3239 3650 εὐχαριστίαν
3304 3576 3699 3651 ἀπεφθέγξατο·
3764 3584 3824 3634 Ὀ

2221 3670 2408 3739 Κύριος
2481 3664 2689 3734 ἔδωκεν,
2746 3669 2770 3719 6
2823 3671 3012 3742 Κύριος
3066 3668 3315 3740 ἀφείλετο·
3377 3674 3442 3730 ὡς
3513 3680 3586 3741 τῷ
3643 3677 3824 3745 Κυρίῳ

2218 3752 2427 3822 ἔδοξεν,
2485 3756 2644 3817 οὕτως
2700 3762 2789 3809 καὶ
2847 3757 3065 3828 ἐγένετο·
3134 3761 3209 3816 εἴη
3270 3762 3329 3810 τὸ
3398 3764 3560 3831 ὄνομα
3624 3767 3823 3835 Κυρίου

2219 3843 2574 3917 εύλογημένον.
2607 3851 2690 3904 Μὴ
2725 3846 3042 3918 ἀσυμπαθὴς
3097 3849 3121 3899 6
3168 3850 3467 3921 ἀνθρωπος;
3527 3856 3626 3902 Καὶ
3669 3860 3819 3913 nam;

2217 3935 2270 3994 ὃς
2322 3953 2382 4004 γε
2431 3940 2549 4009 περὶ
2604 3935 2787 3987 ἑαυτοῦ
2842 3935 2995 4007 λέγει*
3053 3937 3188 4007 Ἐγὼ
3244 3936 3473 3989 ἔκλαυσα
3524 3938 3607 3991 ἐπὶ
3663 3946 3821 3992 παντὶ

2220 4021 2518 4095 θλιϐομένῳ.
2580 4023 2735 4076 Ἀλλὰ
2793 4019 2895 4097 ἆρα
2948 4031 3019 4097 μὴ
3078 4023 3321 4097 ἐψεύδετο
3383 4036 3551 4081 ταῦτα
3613 4027 3818 4100 λέγων;

2218 4117 2319 4165 Καὶ
2374 4117 2477 4184 μὴν
2520 4120 2789 4187 »μαρτυρεῖ
2832 4114 2972 4185 αὐτῷ
3026 4116 3056 4173 ἡ
3127 4114 3360 4183 ἀληθεια,
3416 4119 3495 4168 ὅτι
3538 4122 3673 4193 πρὸς
3704 4127 3823 4181 ταῖς

2213 4200 2420 4263 λοιπαῖς
2472 4200 2679 4275 ἀρεταῖς
2736 4207 2824 4253 καὶ
2894 4201 3134 4265 ἀληθινὸς
3183 4201 3263 4262 ἦν.
3324 4204 3631 4281 Ἄνθρωπος
3695 4212 3818 4281 γὰρ,

2216 4295 2374 4361 φησὶν
2401 4332 2416 4357 ,
2474 4292 2785 4362 ἄμεμπτος,
2855 4288 3057 4352 δὶκαιος
3094 4335 3107 4359 ,
3185 4293 3424 4356 θεοσεϐὴς
3456 4337 3468 4361 ,
3547 4294 3815 4357 ἀληθινός.

2140 4396 2182 4448 1)
2214 4378 2354 4431 Ἀλλ’
2408 4381 2457 4431 οἱ
2499 4378 2675 4431 πολλοὶ
2722 4387 2821 4431 τῶν
2862 4379 3140 4453 ἀνθρώπων
3190 4378 3356 4452 ᾠδαῖς
3412 4404 3522 4435 τισι
3574 4390 3707 4455 πρὸς
3759 4391 3819 4437 τπὸ

2214 4471 2438 4539 κατηφὲς
2499 4475 2871 4541 πεποιημέναις
2937 4472 3327 4544 καταθρηνοῡσι
3362 4515 3375 4539 ,
3460 4478 3550 4525 καὶ
3632 4475 3817 4546 μέλεσι

2212 4565 2408 4632 γοεροῐς
2439 4556 2665 4615 ἐκτήκειν
2697 4557 2890 4610 ἑαυτῶν
2930 4562 3019 4620 τὰς
3063 4559 3249 4631 ψυχὰς
3284 4558 3679 4618 ἐπιτηδεύουσιν
3723 4571 3818 4617 καὶ

2214 4648 2386 4718 ὥσπερ
2414 4654 2513 4698 τῶν
2543 4643 2831 4721 τραγῳδῶν
2874 4644 3011 4701 ῖὸιόν
3042 4648 3155 4701 ἐστι
3189 4653 3245 4701 τὸ
3287 4649 3601 4723 ἀνάπλασμα
3642 4660 3733 4705 καὶ
3780 4657 3813 4711 ἡ

2215 4739 2397 4803 σκευὴ,
2450 4737 2564 4808 μεθ’
2615 4738 2678 4797 ης
2724 4739 2791 4788 τὰ
2851 4739 3043 4813 θέατρα
3088 4738 3597 4811 καταλαμϐάνουσιν·
3654 4744 3816 4801 οὕτως

2213 4825 2408 4875 οἰονται
2459 4830 2737 4899 προσήκειν
2801 4830 2890 4878 καὶ
2949 4835 3021 4898 τῷ
3105 4830 3372 4880 πενθοῦντι
3428 4834 3619 4903 πρέπον
3686 4829 3815 4883 εἶναι

2216 4921 2427 4985 σχῆμα,
2486 4915 2640 4987 μελαν
2709 4918 2935 4987 ἱμάτιον,
3007 4921 3096 4968 καὶ
3170 4918 3456 4993 αὐχμηρὰν
3494 4924 3684 4991 κόμην,
3724 4924 3814 4971 καὶ

2216 5006 2396 5062 σκότος
2456 5002 2504 5055 ἐν
2563 5006 2722 5076 οἰκίᾳ,
2788 5009 2879 5057 καὶ
2931 5006 3115 5081 ῥύπον,
3170 5012 3260 5058 καὶ
3324 5011 3483 5074 κόνιν,
3534 5013 3621 5059 καὶ
3663 5008 3813 5081 μέλος

2217 5095 2457 5163 στυγνὸν,
2508 5091 2586 5145 ἀεὶ
2629 5097 2808 5169 νεαρὸν
2860 5102 2956 5157 τῆς
3006 5094 3176 5157 λύπης
3230 5100 3288 5148 τὸ
3318 5104 3529 5171 τραῦμα
3558 5106 3621 5170 τῇ
3652 5098 3807 5171 ψυχῇ

2471 5273 2519 5307 ⁹⁶
2546 5271 2656 5328 Job
2684 5273 2801 5340 ι,1.

2285 5468 2359 5531 (3)
2391 5470 2527 5523 Βίον.
2562 5466 2920 5525 Addidimus
2970 5468 3129 5525 hanc
3179 5485 3392 5527 vocem
3470 5486 3544 5527 ex
3597 5473 3808 5530 codice

2216 5536 2398 5607 Regio
2428 5543 2485 5594 et
2512 5542 2811 5597 contextu.
