  <div class='ocr_page' id='page_1' title='image "/cluster/home/n/w/nwhite01/storage/ocr_20150623/32/hvd.32044048207401/648.png"; bbox 0 0 4056 6222; ppageno 0'>
   <div class='ocr_carea' id='block_1_1' title="bbox 220 274 358 329">
    <p class='ocr_par' dir='ltr' id='par_1_1' title="bbox 220 274 358 329">
     <span class='ocr_line' id='line_1_1' title="bbox 220 274 358 329; baseline -0.007 -1"><span class='ocrx_word' id='word_1_1' title='bbox 220 274 358 329; x_wconf 79' lang='grc'>1285</span> 
     </span>
    </p>
   </div>
   <div class='ocr_carea' id='block_1_2' title="bbox 1229 271 2546 336">
    <p class='ocr_par' dir='ltr' id='par_1_2' title="bbox 1229 271 2546 336">
     <span class='ocr_line' id='line_1_2' title="bbox 1229 271 2546 336; baseline 0.005 -8"><span class='ocrx_word' id='word_1_2' title='bbox 1229 273 1460 331; x_wconf 79' lang='lat' dir='ltr'>SERMO</span> <span class='ocrx_word' id='word_1_3' title='bbox 1502 272 1614 330; x_wconf 83' lang='lat' dir='ltr'>XII.</span> <span class='ocrx_word' id='word_1_4' title='bbox 1645 299 1712 311; x_wconf 87' lang='lat'>-—</span> <span class='ocrx_word' id='word_1_5' title='bbox 1746 271 1838 326; x_wconf 87' lang='lat' dir='ltr'><strong>DE</strong></span> <span class='ocrx_word' id='word_1_6' title='bbox 1867 271 2062 330; x_wconf 73' lang='lat' dir='ltr'>ANIMI</span> <span class='ocrx_word' id='word_1_7' title='bbox 2095 273 2546 336; x_wconf 81' lang='lat' dir='ltr'>DEJECTIONE.</span> 
     </span>
    </p>
   </div>
   <div class='ocr_carea' id='block_1_3' title="bbox 3427 282 3570 340">
    <p class='ocr_par' dir='ltr' id='par_1_3' title="bbox 3427 282 3570 340">
     <span class='ocr_line' id='line_1_3' title="bbox 3427 282 3570 340; baseline 0.028 -4"><span class='ocrx_word' id='word_1_8' title='bbox 3427 282 3570 340; x_wconf 78' lang='grc'>1286</span> 
     </span>
    </p>
   </div>
   <div class='ocr_carea' id='block_1_4' title="bbox 219 391 1822 476">
    <p class='ocr_par' dir='ltr' id='par_1_4' title="bbox 219 391 1814 468">
     <span class='ocr_line' id='line_1_4' title="bbox 219 391 1814 468; baseline -0.003 -18"><span class='ocrx_word' id='word_1_9' title='bbox 219 394 543 456; x_wconf 73' lang='grc' dir='ltr'>ὃιασώζοντι</span> <span class='ocrx_word' id='word_1_10' title='bbox 610 396 707 458; x_wconf 76' lang='lat' dir='ltr'>(ll&#39;</span> <span class='ocrx_word' id='word_1_11' title='bbox 767 394 861 446; x_wconf 81' lang='grc' dir='ltr'>ουκ</span> <span class='ocrx_word' id='word_1_12' title='bbox 903 391 1101 456; x_wconf 74' lang='grc' dir='ltr'>εἰδότες</span> <span class='ocrx_word' id='word_1_13' title='bbox 1159 397 1254 467; x_wconf 81' lang='lat'>(2),</span> <span class='ocrx_word' id='word_1_14' title='bbox 1317 398 1394 449; x_wconf 79' lang='grc' dir='ltr'>ὅτι</span> <span class='ocrx_word' id='word_1_15' title='bbox 1427 397 1579 468; x_wconf 75' lang='grc' dir='ltr'>ψυχὴ</span> <span class='ocrx_word' id='word_1_16' title='bbox 1619 394 1814 457; x_wconf 82' lang='grc' dir='ltr'>ἠᾶπαξ</span> 
     </span>
    </p>
   </div>
   <div class='ocr_carea' id='block_1_5' title="bbox 1934 391 3576 476">
    <p class='ocr_par' dir='ltr' id='par_1_5' title="bbox 1934 395 3576 476">
     <span class='ocr_line' id='line_1_5' title="bbox 1934 395 3576 476; baseline 0.009 -28"><span class='ocrx_word' id='word_1_17' title='bbox 1934 395 2299 467; x_wconf 80' lang='lat' dir='ltr'>squalidam,</span> <span class='ocrx_word' id='word_1_18' title='bbox 2328 401 2606 458; x_wconf 86' lang='lat' dir='ltr'>tenebras</span> <span class='ocrx_word' id='word_1_19' title='bbox 2635 402 2696 460; x_wconf 91' lang='lat' dir='ltr'>in</span> <span class='ocrx_word' id='word_1_20' title='bbox 2721 403 3576 476; x_wconf 89' lang='lat' dir='ltr'>domo,sordes,pulverem,et</span> 
     </span>
    </p>
   </div>
   <div class='ocr_carea' id='block_1_6' title="bbox 217 483 1816 562">
    <p class='ocr_par' dir='ltr' id='par_1_6' title="bbox 217 483 1816 562">
     <span class='ocr_line' id='line_1_6' title="bbox 217 483 1816 562; baseline -0.002 -23"><span class='ocrx_word' id='word_1_21' title='bbox 217 483 578 562; x_wconf 78' lang='grc' dir='ltr'>προσδεθείσα</span> <span class='ocrx_word' id='word_1_22' title='bbox 624 493 697 554; x_wconf 82' lang='grc' dir='ltr'>τῷ</span> <span class='ocrx_word' id='word_1_23' title='bbox 762 485 906 555; x_wconf 85' lang='grc' dir='ltr'>πόθῳ</span> <span class='ocrx_word' id='word_1_24' title='bbox 953 491 1045 536; x_wconf 76' lang='grc' dir='ltr'>τοῦ</span> <span class='ocrx_word' id='word_1_25' title='bbox 1091 490 1389 552; x_wconf 77' lang='grc' dir='ltr'>κτίσαντος,</span> <span class='ocrx_word' id='word_1_26' title='bbox 1427 490 1516 538; x_wconf 77' lang='grc' dir='ltr'>καὶ</span> <span class='ocrx_word' id='word_1_27' title='bbox 1554 492 1664 546; x_wconf 89' lang='grc' dir='ltr'>τοῖς</span> <span class='ocrx_word' id='word_1_28' title='bbox 1711 484 1816 536; x_wconf 79' lang='grc' dir='ltr'>ἐκεῖ</span> 
     </span>
    </p>
   </div>
   <div class='ocr_carea' id='block_1_7' title="bbox 216 569 1812 648">
    <p class='ocr_par' dir='ltr' id='par_1_7' title="bbox 216 569 1812 648">
     <span class='ocr_line' id='line_1_7' title="bbox 216 569 1812 648; baseline -0.003 -20"><span class='ocrx_word' id='word_1_29' title='bbox 216 575 456 628; x_wconf 86' lang='grc' dir='ltr'>κάλλεσιν</span> <span class='ocrx_word' id='word_1_30' title='bbox 551 572 866 644; x_wconf 78' lang='grc' dir='ltr'>ἐνειθισμένη</span> <span class='ocrx_word' id='word_1_31' title='bbox 941 569 1340 648; x_wconf 73' lang='grc' dir='ltr'>φαιδρύνεσθαι,</span> <span class='ocrx_word' id='word_1_32' title='bbox 1409 577 1469 626; x_wconf 88' lang='grc' dir='ltr'>τό</span> <span class='ocrx_word' id='word_1_33' title='bbox 1525 574 1812 648; x_wconf 71' lang='grc' dir='ltr'>περιχαρες</span> 
     </span>
    </p>
   </div>
   <div class='ocr_carea' id='block_1_8' title="bbox 218 662 1813 734">
    <p class='ocr_par' dir='ltr' id='par_1_8' title="bbox 218 662 1813 734">
     <span class='ocr_line' id='line_1_8' title="bbox 218 662 1813 734; baseline -0.003 -18"><span class='ocrx_word' id='word_1_34' title='bbox 218 665 386 725; x_wconf 72' lang='grc' dir='ltr'>αὐτῆς</span> <span class='ocrx_word' id='word_1_35' title='bbox 452 668 541 714; x_wconf 81' lang='grc' dir='ltr'>καὶ</span> <span class='ocrx_word' id='word_1_36' title='bbox 590 662 811 733; x_wconf 74' lang='grc' dir='ltr'>εὔθυμον</span> <span class='ocrx_word' id='word_1_37' title='bbox 865 663 964 713; x_wconf 74' lang='grc' dir='ltr'>ὑπὸ</span> <span class='ocrx_word' id='word_1_38' title='bbox 1016 669 1107 722; x_wconf 80' lang='grc' dir='ltr'>τῆς</span> <span class='ocrx_word' id='word_1_39' title='bbox 1154 663 1396 724; x_wconf 74' lang='grc' dir='ltr'>ποικίλης</span> <span class='ocrx_word' id='word_1_40' title='bbox 1430 668 1813 734; x_wconf 73' lang='grc' dir='ltr'>μεταπτώσεως</span> 
     </span>
    </p>
   </div>
   <div class='ocr_carea' id='block_1_9' title="bbox 218 750 1816 826">
    <p class='ocr_par' dir='ltr' id='par_1_9' title="bbox 218 750 1816 826">
     <span class='ocr_line' id='line_1_9' title="bbox 218 750 1816 826; baseline -0.002 -21"><span class='ocrx_word' id='word_1_41' title='bbox 218 762 319 805; x_wconf 82' lang='grc' dir='ltr'>τῶν</span> <span class='ocrx_word' id='word_1_42' title='bbox 367 758 629 826; x_wconf 77' lang='grc' dir='ltr'>σαρκικῶν</span> <span class='ocrx_word' id='word_1_43' title='bbox 664 752 988 822; x_wconf 77' lang='grc' dir='ltr'>παθημάτων</span> <span class='ocrx_word' id='word_1_44' title='bbox 1047 751 1104 802; x_wconf 70' lang='grc' dir='ltr'>οὐ</span> <span class='ocrx_word' id='word_1_45' title='bbox 1143 751 1438 824; x_wconf 75' lang='grc' dir='ltr'>μεταϐαλεῖ,</span> <span class='ocrx_word' id='word_1_46' title='bbox 1468 750 1595 803; x_wconf 86' lang='grc' dir='ltr'>ἀλλά</span> <span class='ocrx_word' id='word_1_47' title='bbox 1623 754 1686 803; x_wconf 85' lang='grc' dir='ltr'>τά</span> <span class='ocrx_word' id='word_1_48' title='bbox 1710 758 1816 811; x_wconf 87' lang='grc' dir='ltr'>τοῖς</span> 
     </span>
    </p>
   </div>
   <div class='ocr_carea' id='block_1_10' title="bbox 468 840 1813 914">
    <p class='ocr_par' dir='ltr' id='par_1_10' title="bbox 468 840 1813 914">
     <span class='ocr_line' id='line_1_10' title="bbox 468 840 1813 914; baseline -0.001 -22"><span class='ocrx_word' id='word_1_49' title='bbox 468 841 678 912; x_wconf 78' lang='grc' dir='ltr'>λυπηρά</span> <span class='ocrx_word' id='word_1_50' title='bbox 753 840 1062 913; x_wconf 73' lang='grc' dir='ltr'>προσθήκην</span> <span class='ocrx_word' id='word_1_51' title='bbox 1130 840 1448 914; x_wconf 69' lang='grc' dir='ltr'>εὐφροσύνης</span> <span class='ocrx_word' id='word_1_52' title='bbox 1513 845 1813 903; x_wconf 80' lang='grc' dir='ltr'>ποιήσεται,</span> 
     </span>
    </p>
   </div>
   <div class='ocr_carea' id='block_1_11' title="bbox 218 927 1814 1004">
    <p class='ocr_par' dir='ltr' id='par_1_11' title="bbox 218 927 1814 1004">
     <span class='ocr_line' id='line_1_11' title="bbox 218 927 1814 1004; baseline -0.003 -19"><span class='ocrx_word' id='word_1_53' title='bbox 218 931 416 1004; x_wconf 84' lang='grc' dir='ltr'>Ὠσπερ</span> <span class='ocrx_word' id='word_1_54' title='bbox 452 933 555 1002; x_wconf 78' lang='grc' dir='ltr'>γὰρ</span> <span class='ocrx_word' id='word_1_55' title='bbox 625 928 674 980; x_wconf 86' lang='grc' dir='ltr'>οἰ</span> <span class='ocrx_word' id='word_1_56' title='bbox 741 927 970 988; x_wconf 78' lang='grc' dir='ltr'>ἀσθενεῖς</span> <span class='ocrx_word' id='word_1_57' title='bbox 1024 931 1091 981; x_wconf 84' lang='grc' dir='ltr'>τά</span> <span class='ocrx_word' id='word_1_58' title='bbox 1119 933 1348 1001; x_wconf 79' lang='grc' dir='ltr'>ὄμματα,</span> <span class='ocrx_word' id='word_1_59' title='bbox 1371 949 1468 983; x_wconf 90' lang='grc' dir='ltr'>των</span> <span class='ocrx_word' id='word_1_60' title='bbox 1507 931 1639 1001; x_wconf 86' lang='grc' dir='ltr'>οἰγαν</span> <span class='ocrx_word' id='word_1_61' title='bbox 1677 929 1814 1001; x_wconf 87' lang='grc' dir='ltr'>λαμ-</span> 
     </span>
    </p>
   </div>
   <div class='ocr_carea' id='block_1_12' title="bbox 219 842 390 901">
    <p class='ocr_par' dir='ltr' id='par_1_12' title="bbox 219 842 390 901">
     <span class='ocr_line' id='line_1_12' title="bbox 219 842 390 901; baseline 0 -7"><span class='ocrx_word' id='word_1_62' title='bbox 219 842 390 901; x_wconf 70' lang='grc' dir='ltr'>ἄλλοις</span> 
     </span>
    </p>
   </div>
   <div class='ocr_carea' id='block_1_13' title="bbox 217 1016 1816 1093">
    <p class='ocr_par' dir='ltr' id='par_1_13' title="bbox 217 1016 1816 1093">
     <span class='ocr_line' id='line_1_13' title="bbox 217 1016 1816 1093; baseline -0.003 -20"><span class='ocrx_word' id='word_1_63' title='bbox 217 1030 358 1093; x_wconf 75' lang='grc' dir='ltr'>πρὼν</span> <span class='ocrx_word' id='word_1_64' title='bbox 384 1023 473 1080; x_wconf 77' lang='grc' dir='ltr'>τὰς</span> <span class='ocrx_word' id='word_1_65' title='bbox 509 1019 650 1089; x_wconf 47' lang='lat' dir='ltr'>ditat;</span> <span class='ocrx_word' id='word_1_66' title='bbox 689 1016 989 1088; x_wconf 76' lang='grc' dir='ltr'>ἀπάγοντες,</span> <span class='ocrx_word' id='word_1_67' title='bbox 1040 1019 1223 1070; x_wconf 76' lang='grc' dir='ltr'>ἄνθεσι</span> <span class='ocrx_word' id='word_1_68' title='bbox 1255 1023 1344 1072; x_wconf 82' lang='grc' dir='ltr'>καὶ</span> <span class='ocrx_word' id='word_1_69' title='bbox 1374 1039 1525 1081; x_wconf 84' lang='grc' dir='ltr'>παοις</span> <span class='ocrx_word' id='word_1_70' title='bbox 1554 1038 1816 1092; x_wconf 86' lang='grc' dir='ltr'>προσανα-</span> 
     </span>
    </p>
   </div>
   <div class='ocr_carea' id='block_1_14' title="bbox 215 1107 1817 1180">
    <p class='ocr_par' dir='ltr' id='par_1_14' title="bbox 215 1107 1817 1180">
     <span class='ocr_line' id='line_1_14' title="bbox 215 1107 1817 1180; baseline -0.01 -17"><span class='ocrx_word' id='word_1_71' title='bbox 215 1114 494 1163; x_wconf 74' lang='grc' dir='ltr'>παύουσινο</span> <span class='ocrx_word' id='word_1_72' title='bbox 541 1111 675 1160; x_wconf 70' lang='grc' dir='ltr'>οὕτω</span> <span class='ocrx_word' id='word_1_73' title='bbox 736 1111 844 1179; x_wconf 78' lang='grc' dir='ltr'>χρὴ</span> <span class='ocrx_word' id='word_1_74' title='bbox 912 1112 1002 1159; x_wconf 81' lang='grc' dir='ltr'>καὶ</span> <span class='ocrx_word' id='word_1_75' title='bbox 1040 1112 1134 1166; x_wconf 78' lang='grc' dir='ltr'>τὴν</span> <span class='ocrx_word' id='word_1_76' title='bbox 1205 1107 1393 1179; x_wconf 75' lang='grc' dir='ltr'>ψυχὴν</span> <span class='ocrx_word' id='word_1_77' title='bbox 1458 1113 1528 1180; x_wconf 70' lang='grc' dir='ltr'>μή</span> <span class='ocrx_word' id='word_1_78' title='bbox 1581 1116 1817 1179; x_wconf 75' lang='grc' dir='ltr'>συνεχῶς</span> 
     </span>
    </p>
   </div>
   <div class='ocr_carea' id='block_1_15' title="bbox 223 1193 1812 1272">
    <p class='ocr_par' dir='ltr' id='par_1_15' title="bbox 223 1193 1812 1272">
     <span class='ocr_line' id='line_1_15' title="bbox 223 1193 1812 1272; baseline -0.001 -22"><span class='ocrx_word' id='word_1_79' title='bbox 223 1198 560 1252; x_wconf 73' lang='grc' dir='ltr'>καταϐλέπειν</span> <span class='ocrx_word' id='word_1_80' title='bbox 610 1199 668 1249; x_wconf 87' lang='grc' dir='ltr'>τό</span> <span class='ocrx_word' id='word_1_81' title='bbox 712 1195 965 1268; x_wconf 85' lang='grc' dir='ltr'>λυπηρόν,</span> <span class='ocrx_word' id='word_1_82' title='bbox 1022 1193 1161 1268; x_wconf 59' lang='grc' dir='ltr'>μηδι</span> <span class='ocrx_word' id='word_1_83' title='bbox 1224 1205 1334 1260; x_wconf 86' lang='grc' dir='ltr'>τοῖς</span> <span class='ocrx_word' id='word_1_84' title='bbox 1383 1205 1642 1272; x_wconf 81' lang='grc' dir='ltr'>παροῦσιν</span> <span class='ocrx_word' id='word_1_85' title='bbox 1669 1195 1812 1248; x_wconf 82' lang='grc' dir='ltr'>ἀνια-</span> 
     </span>
    </p>
   </div>
   <div class='ocr_carea' id='block_1_16' title="bbox 216 1285 1815 1363">
    <p class='ocr_par' dir='ltr' id='par_1_16' title="bbox 216 1285 1815 1363">
     <span class='ocr_line' id='line_1_16' title="bbox 216 1285 1815 1363; baseline -0.003 -22"><span class='ocrx_word' id='word_1_86' title='bbox 216 1290 327 1363; x_wconf 85' lang='grc' dir='ltr'>ρόίς</span> <span class='ocrx_word' id='word_1_87' title='bbox 370 1288 737 1361; x_wconf 82' lang='grc' dir='ltr'>προσκεῖσθαι,</span> <span class='ocrx_word' id='word_1_88' title='bbox 781 1285 914 1337; x_wconf 77' lang='grc' dir='ltr'>ἄλλα</span> <span class='ocrx_word' id='word_1_89' title='bbox 953 1289 1084 1360; x_wconf 88' lang='grc' dir='ltr'>πρός</span> <span class='ocrx_word' id='word_1_90' title='bbox 1119 1289 1210 1343; x_wconf 78' lang='grc' dir='ltr'>τὴν</span> <span class='ocrx_word' id='word_1_91' title='bbox 1259 1288 1474 1360; x_wconf 75' lang='grc' dir='ltr'>θεωρίαν</span> <span class='ocrx_word' id='word_1_92' title='bbox 1519 1294 1618 1339; x_wconf 81' lang='grc' dir='ltr'>τῶν</span> <span class='ocrx_word' id='word_1_93' title='bbox 1663 1288 1815 1348; x_wconf 84' lang='grc' dir='ltr'>ὅντως</span> 
     </span>
    </p>
   </div>
   <div class='ocr_carea' id='block_1_17' title="bbox 222 1375 1258 1450">
    <p class='ocr_par' dir='ltr' id='par_1_17' title="bbox 222 1375 1258 1450">
     <span class='ocr_line' id='line_1_17' title="bbox 222 1375 1258 1450; baseline -0.004 -20"><span class='ocrx_word' id='word_1_94' title='bbox 222 1377 427 1450; x_wconf 83' lang='grc' dir='ltr'>ἀγαθῶν</span> <span class='ocrx_word' id='word_1_95' title='bbox 449 1375 712 1450; x_wconf 80' lang='grc' dir='ltr'>περιάγειν</span> <span class='ocrx_word' id='word_1_96' title='bbox 745 1375 908 1436; x_wconf 72' lang='grc' dir='ltr'>αὐτῆς</span> <span class='ocrx_word' id='word_1_97' title='bbox 933 1377 997 1427; x_wconf 85' lang='grc' dir='ltr'>τά</span> <span class='ocrx_word' id='word_1_98' title='bbox 1026 1376 1258 1447; x_wconf 82' lang='grc' dir='ltr'>ὄμματα,</span> 
     </span>
    </p>
   </div>
   <div class='ocr_carea' id='block_1_18' title="bbox 291 1659 1813 1736">
    <p class='ocr_par' dir='ltr' id='par_1_18' title="bbox 291 1659 1813 1736">
     <span class='ocr_line' id='line_1_18' title="bbox 291 1659 1813 1736; baseline -0.002 -23"><span class='ocrx_word' id='word_1_99' title='bbox 291 1665 344 1719; x_wconf 78' lang='grc'>4,</span> <span class='ocrx_word' id='word_1_100' title='bbox 378 1661 442 1714; x_wconf 82' lang='grc' dir='ltr'>Αἰ</span> <span class='ocrx_word' id='word_1_101' title='bbox 470 1663 572 1736; x_wconf 84' lang='grc' dir='ltr'>γὰρ</span> <span class='ocrx_word' id='word_1_102' title='bbox 599 1660 760 1712; x_wconf 71' lang='grc' dir='ltr'>λῦπαι</span> <span class='ocrx_word' id='word_1_103' title='bbox 789 1663 884 1718; x_wconf 74' lang='grc' dir='ltr'>τὴν</span> <span class='ocrx_word' id='word_1_104' title='bbox 901 1659 1110 1732; x_wconf 71' lang='grc' dir='ltr'>ψυχὴν,</span> <span class='ocrx_word' id='word_1_105' title='bbox 1139 1661 1210 1721; x_wconf 82' lang='grc' dir='ltr'>ὠς</span> <span class='ocrx_word' id='word_1_106' title='bbox 1249 1663 1306 1712; x_wconf 89' lang='grc' dir='ltr'>τὸ</span> <span class='ocrx_word' id='word_1_107' title='bbox 1338 1668 1442 1734; x_wconf 76' lang='grc' dir='ltr'>πῦρ</span> <span class='ocrx_word' id='word_1_108' title='bbox 1473 1664 1560 1712; x_wconf 85' lang='grc' dir='ltr'>τὸν</span> <span class='ocrx_word' id='word_1_109' title='bbox 1585 1664 1813 1734; x_wconf 85' lang='grc' dir='ltr'>χρυσόν,</span> 
     </span>
    </p>
   </div>
   <div class='ocr_carea' id='block_1_19' title="bbox 1923 478 3577 561">
    <p class='ocr_par' dir='ltr' id='par_1_19' title="bbox 1923 478 3577 561">
     <span class='ocr_line' id='line_1_19' title="bbox 1923 478 3577 561; baseline 0.008 -29"><span class='ocrx_word' id='word_1_110' title='bbox 1923 478 2238 551; x_wconf 82' lang='lat' dir='ltr'>lugubrem</span> <span class='ocrx_word' id='word_1_111' title='bbox 2261 490 2527 553; x_wconf 89' lang='lat' dir='ltr'>cantum,</span> <span class='ocrx_word' id='word_1_112' title='bbox 2552 488 2822 544; x_wconf 81' lang='lat' dir='ltr'>maeroris</span> <span class='ocrx_word' id='word_1_113' title='bbox 2852 488 3074 544; x_wconf 84' lang='lat' dir='ltr'>vulnus</span> <span class='ocrx_word' id='word_1_114' title='bbox 3102 504 3340 561; x_wconf 82' lang='lat' dir='ltr'>semper</span> <span class='ocrx_word' id='word_1_115' title='bbox 3367 505 3577 546; x_wconf 84' lang='lat' dir='ltr'>recens</span> 
     </span>
    </p>
   </div>
   <div class='ocr_carea' id='block_1_20' title="bbox 1922 566 3576 651">
    <p class='ocr_par' dir='ltr' id='par_1_20' title="bbox 1922 566 3576 651">
     <span class='ocr_line' id='line_1_20' title="bbox 1922 566 3576 651; baseline 0.008 -29"><span class='ocrx_word' id='word_1_116' title='bbox 1922 566 1984 623; x_wconf 92' lang='lat' dir='ltr'>in</span> <span class='ocrx_word' id='word_1_117' title='bbox 2009 570 2213 627; x_wconf 88' lang='lat' dir='ltr'>animo</span> <span class='ocrx_word' id='word_1_118' title='bbox 2247 576 2524 631; x_wconf 89' lang='lat' dir='ltr'>servanti:</span> <span class='ocrx_word' id='word_1_119' title='bbox 2554 577 2887 633; x_wconf 87' lang='lat' dir='ltr'>nescientes</span> <span class='ocrx_word' id='word_1_120' title='bbox 2917 577 3186 634; x_wconf 88' lang='lat' dir='ltr'>animam</span> <span class='ocrx_word' id='word_1_121' title='bbox 3217 594 3351 651; x_wconf 61' lang='lat' dir='ltr'>qua;</span> <span class='ocrx_word' id='word_1_122' title='bbox 3393 580 3576 636; x_wconf 83' lang='lat' dir='ltr'><strong>semel</strong></span> 
     </span>
    </p>
   </div>
   <div class='ocr_carea' id='block_1_21' title="bbox 1924 657 3578 741">
    <p class='ocr_par' dir='ltr' id='par_1_21' title="bbox 1924 657 3578 741">
     <span class='ocr_line' id='line_1_21' title="bbox 1924 657 3578 741; baseline 0.01 -31"><span class='ocrx_word' id='word_1_123' title='bbox 1924 657 2258 716; x_wconf 82' lang='lat' dir='ltr'>Conditoris</span> <span class='ocrx_word' id='word_1_124' title='bbox 2305 663 2398 718; x_wconf 90' lang='lat' dir='ltr'>sui</span> <span class='ocrx_word' id='word_1_125' title='bbox 2453 670 2630 737; x_wconf 89' lang='lat' dir='ltr'>capta</span> <span class='ocrx_word' id='word_1_126' title='bbox 2673 670 2761 722; x_wconf 91' lang='lat' dir='ltr'>est</span> <span class='ocrx_word' id='word_1_127' title='bbox 2803 666 3463 741; x_wconf 88' lang='lat' dir='ltr'>desiderio,earumque</span> <span class='ocrx_word' id='word_1_128' title='bbox 3489 685 3578 725; x_wconf 84' lang='lat' dir='ltr'>re-</span> 
     </span>
    </p>
   </div>
   <div class='ocr_carea' id='block_1_22' title="bbox 1925 749 3576 825">
    <p class='ocr_par' dir='ltr' id='par_1_22' title="bbox 1925 749 3576 825">
     <span class='ocr_line' id='line_1_22' title="bbox 1925 749 3576 825; baseline 0.008 -25"><span class='ocrx_word' id='word_1_129' title='bbox 1925 762 2057 802; x_wconf 90' lang='lat' dir='ltr'>rum</span> <span class='ocrx_word' id='word_1_130' title='bbox 2085 763 2218 819; x_wconf 58' lang='lat' dir='ltr'>quas</span> <span class='ocrx_word' id='word_1_131' title='bbox 2241 749 2355 806; x_wconf 91' lang='lat' dir='ltr'>illic</span> <span class='ocrx_word' id='word_1_132' title='bbox 2387 758 2524 808; x_wconf 91' lang='lat' dir='ltr'>sunt</span> <span class='ocrx_word' id='word_1_133' title='bbox 2554 753 2996 825; x_wconf 79' lang='lat' dir='ltr'>pulchritudine</span> <span class='ocrx_word' id='word_1_134' title='bbox 3021 756 3339 813; x_wconf 85' lang='lat' dir='ltr'>exhilarari</span> <span class='ocrx_word' id='word_1_135' title='bbox 3367 773 3576 814; x_wconf 87' lang='lat' dir='ltr'>assue-</span> 
     </span>
    </p>
   </div>
   <div class='ocr_carea' id='block_1_23' title="bbox 1921 834 3574 918">
    <p class='ocr_par' dir='ltr' id='par_1_23' title="bbox 1921 834 3574 918">
     <span class='ocr_line' id='line_1_23' title="bbox 1921 834 3574 918; baseline 0.007 -29"><span class='ocrx_word' id='word_1_136' title='bbox 1921 834 2024 901; x_wconf 85' lang='lat' dir='ltr'><strong>vit,</strong></span> <span class='ocrx_word' id='word_1_137' title='bbox 2053 852 2361 894; x_wconf 90' lang='lat' dir='ltr'>summum</span> <span class='ocrx_word' id='word_1_138' title='bbox 2389 840 2536 896; x_wconf 91' lang='lat' dir='ltr'>illud</span> <span class='ocrx_word' id='word_1_139' title='bbox 2567 842 2855 911; x_wconf 85' lang='lat' dir='ltr'>gaudium</span> <span class='ocrx_word' id='word_1_140' title='bbox 2875 847 2930 898; x_wconf 92' lang='lat' dir='ltr'>et</span> <span class='ocrx_word' id='word_1_141' title='bbox 2953 842 3341 914; x_wconf 83' lang='lat' dir='ltr'>alacritatem,</span> <span class='ocrx_word' id='word_1_142' title='bbox 3364 861 3574 918; x_wconf 84' lang='lat' dir='ltr'>corpo-</span> 
     </span>
    </p>
   </div>
   <div class='ocr_carea' id='block_1_24' title="bbox 1924 927 3571 1004">
    <p class='ocr_par' dir='ltr' id='par_1_24' title="bbox 1924 927 3571 1004">
     <span class='ocr_line' id='line_1_24' title="bbox 1924 927 3571 1004; baseline 0.007 -25"><span class='ocrx_word' id='word_1_143' title='bbox 1924 939 2162 982; x_wconf 88' lang='lat' dir='ltr'>rearum</span> <span class='ocrx_word' id='word_1_144' title='bbox 2195 927 2721 998; x_wconf 75' lang='lat' dir='ltr'>perturbationum</span> <span class='ocrx_word' id='word_1_145' title='bbox 2747 930 3159 986; x_wconf 83' lang='lat' dir='ltr'>vicissitudine</span> <span class='ocrx_word' id='word_1_146' title='bbox 3173 947 3293 988; x_wconf 91' lang='lat' dir='ltr'>non</span> <span class='ocrx_word' id='word_1_147' title='bbox 3313 939 3571 1004; x_wconf 89' lang='lat' dir='ltr'>mutare,</span> 
     </span>
    </p>
   </div>
   <div class='ocr_carea' id='block_1_25' title="bbox 1923 1014 3576 1088">
    <p class='ocr_par' dir='ltr' id='par_1_25' title="bbox 1923 1014 3576 1088">
     <span class='ocr_line' id='line_1_25' title="bbox 1923 1014 3576 1088; baseline 0.005 -18"><span class='ocrx_word' id='word_1_148' title='bbox 1923 1014 2047 1070; x_wconf 91' lang='lat' dir='ltr'>imo</span> <span class='ocrx_word' id='word_1_149' title='bbox 2079 1030 2216 1087; x_wconf 76' lang='lat' dir='ltr'>qure</span> <span class='ocrx_word' id='word_1_150' title='bbox 2257 1017 2482 1073; x_wconf 66' lang='lat' dir='ltr'>czeteris</span> <span class='ocrx_word' id='word_1_151' title='bbox 2527 1023 2669 1074; x_wconf 91' lang='lat' dir='ltr'>sunt</span> <span class='ocrx_word' id='word_1_152' title='bbox 2705 1017 2980 1088; x_wconf 89' lang='lat' dir='ltr'>molesta,</span> <span class='ocrx_word' id='word_1_153' title='bbox 3013 1020 3090 1076; x_wconf 87' lang='lat' dir='ltr'>ad</span> <span class='ocrx_word' id='word_1_154' title='bbox 3137 1019 3349 1077; x_wconf 68' lang='lat' dir='ltr'>ltetitiaa</span> <span class='ocrx_word' id='word_1_155' title='bbox 3379 1037 3576 1079; x_wconf 90' lang='lat' dir='ltr'>acces-</span> 
     </span>
    </p>
   </div>
   <div class='ocr_carea' id='block_1_26' title="bbox 1925 1103 3576 1180">
    <p class='ocr_par' dir='ltr' id='par_1_26' title="bbox 1925 1103 3576 1180">
     <span class='ocr_line' id='line_1_26' title="bbox 1925 1103 3576 1180; baseline 0.005 -22"><span class='ocrx_word' id='word_1_156' title='bbox 1925 1103 2159 1160; x_wconf 88' lang='lat' dir='ltr'>sionem</span> <span class='ocrx_word' id='word_1_157' title='bbox 2191 1110 2556 1163; x_wconf 82' lang='lat' dir='ltr'>convertere.</span> <span class='ocrx_word' id='word_1_158' title='bbox 2585 1111 2663 1176; x_wconf 77' lang='lat' dir='ltr'>(Ei)</span> <span class='ocrx_word' id='word_1_159' title='bbox 2687 1109 2756 1163; x_wconf 92' lang='lat' dir='ltr'>Ut</span> <span class='ocrx_word' id='word_1_160' title='bbox 2779 1108 2940 1164; x_wconf 91' lang='lat' dir='ltr'>enim</span> <span class='ocrx_word' id='word_1_161' title='bbox 2969 1108 3030 1178; x_wconf 88' lang='lat' dir='ltr'>ii,</span> <span class='ocrx_word' id='word_1_162' title='bbox 3061 1109 3286 1180; x_wconf 87' lang='lat' dir='ltr'>quibus</span> <span class='ocrx_word' id='word_1_163' title='bbox 3317 1111 3576 1167; x_wconf 90' lang='lat' dir='ltr'>oculiin-</span> 
     </span>
    </p>
   </div>
   <div class='ocr_carea' id='block_1_27' title="bbox 1924 1191 3576 1267">
    <p class='ocr_par' dir='ltr' id='par_1_27' title="bbox 1924 1191 3576 1267">
     <span class='ocr_line' id='line_1_27' title="bbox 1924 1191 3576 1267; baseline 0.005 -21"><span class='ocrx_word' id='word_1_164' title='bbox 1924 1191 2084 1247; x_wconf 88' lang='lat' dir='ltr'>ﬁrmi</span> <span class='ocrx_word' id='word_1_165' title='bbox 2110 1197 2270 1259; x_wconf 90' lang='lat' dir='ltr'>sunt,</span> <span class='ocrx_word' id='word_1_166' title='bbox 2301 1193 2549 1250; x_wconf 88' lang='lat' dir='ltr'>obtutus</span> <span class='ocrx_word' id='word_1_167' title='bbox 2569 1211 2712 1251; x_wconf 92' lang='lat' dir='ltr'>suos</span> <span class='ocrx_word' id='word_1_168' title='bbox 2743 1211 2779 1251; x_wconf 92' lang='lat' dir='ltr'>a</span> <span class='ocrx_word' id='word_1_169' title='bbox 2804 1195 2986 1251; x_wconf 87' lang='lat' dir='ltr'>rebus</span> <span class='ocrx_word' id='word_1_170' title='bbox 3007 1197 3186 1252; x_wconf 91' lang='lat' dir='ltr'>nimis</span> <span class='ocrx_word' id='word_1_171' title='bbox 3207 1195 3452 1267; x_wconf 88' lang='lat' dir='ltr'>fulgidis</span> <span class='ocrx_word' id='word_1_172' title='bbox 3471 1197 3576 1254; x_wconf 85' lang='lat' dir='ltr'>de-</span> 
     </span>
    </p>
   </div>
   <div class='ocr_carea' id='block_1_28' title="bbox 1924 1280 3575 1354">
    <p class='ocr_par' dir='ltr' id='par_1_28' title="bbox 1924 1280 3575 1354">
     <span class='ocr_line' id='line_1_28' title="bbox 1924 1280 3575 1354; baseline 0.004 -19"><span class='ocrx_word' id='word_1_173' title='bbox 1924 1280 2192 1348; x_wconf 87' lang='lat' dir='ltr'>ﬂectunt,</span> <span class='ocrx_word' id='word_1_174' title='bbox 2221 1297 2444 1354; x_wconf 88' lang='lat' dir='ltr'>eosque</span> <span class='ocrx_word' id='word_1_175' title='bbox 2473 1283 2692 1339; x_wconf 82' lang='lat' dir='ltr'>florum</span> <span class='ocrx_word' id='word_1_176' title='bbox 2718 1284 3119 1341; x_wconf 89' lang='lat' dir='ltr'>etherbarum</span> <span class='ocrx_word' id='word_1_177' title='bbox 3145 1290 3415 1340; x_wconf 87' lang='lat' dir='ltr'>recreant</span> <span class='ocrx_word' id='word_1_178' title='bbox 3439 1301 3575 1342; x_wconf 90' lang='lat' dir='ltr'>con-</span> 
     </span>
    </p>
   </div>
   <div class='ocr_carea' id='block_1_29' title="bbox 1925 1371 3578 1447">
    <p class='ocr_par' dir='ltr' id='par_1_29' title="bbox 1925 1371 3578 1447">
     <span class='ocr_line' id='line_1_29' title="bbox 1925 1371 3578 1447; baseline 0.005 -23"><span class='ocrx_word' id='word_1_179' title='bbox 1925 1375 2134 1444; x_wconf 88' lang='lat' dir='ltr'>spectu</span> <span class='ocrx_word' id='word_1_180' title='bbox 2163 1389 2175 1426; x_wconf 86' lang='lat'>:</span> <span class='ocrx_word' id='word_1_181' title='bbox 2205 1371 2286 1427; x_wconf 89' lang='lat' dir='ltr'>ita</span> <span class='ocrx_word' id='word_1_182' title='bbox 2316 1388 2556 1446; x_wconf 90' lang='lat' dir='ltr'>quoque</span> <span class='ocrx_word' id='word_1_183' title='bbox 2582 1388 2706 1429; x_wconf 89' lang='lat' dir='ltr'>non</span> <span class='ocrx_word' id='word_1_184' title='bbox 2748 1374 2928 1430; x_wconf 88' lang='lat' dir='ltr'>debet</span> <span class='ocrx_word' id='word_1_185' title='bbox 2958 1375 3163 1430; x_wconf 92' lang='lat' dir='ltr'>anima</span> <span class='ocrx_word' id='word_1_186' title='bbox 3195 1389 3434 1447; x_wconf 88' lang='lat' dir='ltr'>semper</span> <span class='ocrx_word' id='word_1_187' title='bbox 3465 1375 3578 1432; x_wconf 90' lang='lat' dir='ltr'>sibi</span> 
     </span>
    </p>
   </div>
   <div class='ocr_carea' id='block_1_30' title="bbox 1923 1460 3578 1536">
    <p class='ocr_par' dir='ltr' id='par_1_30' title="bbox 1923 1460 3578 1536">
     <span class='ocr_line' id='line_1_30' title="bbox 1923 1460 3578 1536; baseline 0.004 -22"><span class='ocrx_word' id='word_1_188' title='bbox 1923 1475 2020 1515; x_wconf 88' lang='lat' dir='ltr'>res</span> <span class='ocrx_word' id='word_1_189' title='bbox 2049 1460 2244 1516; x_wconf 87' lang='lat' dir='ltr'>tristes</span> <span class='ocrx_word' id='word_1_190' title='bbox 2268 1477 2490 1532; x_wconf 90' lang='lat' dir='ltr'>ponere</span> <span class='ocrx_word' id='word_1_191' title='bbox 2521 1461 2600 1517; x_wconf 91' lang='lat' dir='ltr'>ob</span> <span class='ocrx_word' id='word_1_192' title='bbox 2631 1461 2858 1533; x_wconf 90' lang='lat' dir='ltr'>oculos,</span> <span class='ocrx_word' id='word_1_193' title='bbox 2875 1478 2984 1518; x_wconf 93' lang='lat' dir='ltr'>nec</span> <span class='ocrx_word' id='word_1_194' title='bbox 3005 1463 3297 1534; x_wconf 87' lang='lat' dir='ltr'>jugiterin</span> <span class='ocrx_word' id='word_1_195' title='bbox 3318 1479 3578 1536; x_wconf 68' lang='lat' dir='ltr'>praesen-</span> 
     </span>
    </p>
   </div>
   <div class='ocr_carea' id='block_1_31' title="bbox 1925 1547 3466 1626">
    <p class='ocr_par' dir='ltr' id='par_1_31' title="bbox 1925 1547 3466 1626">
     <span class='ocr_line' id='line_1_31' title="bbox 1925 1547 3466 1626; baseline 0.002 -23"><span class='ocrx_word' id='word_1_196' title='bbox 1925 1547 2081 1604; x_wconf 89' lang='lat' dir='ltr'>tibus</span> <span class='ocrx_word' id='word_1_197' title='bbox 2111 1550 2396 1605; x_wconf 76' lang='lat' dir='ltr'>aerumnis</span> <span class='ocrx_word' id='word_1_198' title='bbox 2425 1549 2625 1620; x_wconf 85' lang='lat' dir='ltr'>deﬁgi,</span> <span class='ocrx_word' id='word_1_199' title='bbox 2658 1550 2766 1605; x_wconf 92' lang='lat' dir='ltr'>sed</span> <span class='ocrx_word' id='word_1_200' title='bbox 2793 1551 2960 1608; x_wconf 89' lang='lat' dir='ltr'>bona</span> <span class='ocrx_word' id='word_1_201' title='bbox 2990 1567 3129 1607; x_wconf 89' lang='lat' dir='ltr'>vera</span> <span class='ocrx_word' id='word_1_202' title='bbox 3152 1552 3466 1626; x_wconf 88' lang='lat' dir='ltr'>speculari.</span> 
     </span>
    </p>
   </div>
   <div class='ocr_carea' id='block_1_32' title="bbox 1995 1638 3577 1712">
    <p class='ocr_par' dir='ltr' id='par_1_32' title="bbox 1995 1638 3577 1712">
     <span class='ocr_line' id='line_1_32' title="bbox 1995 1638 3577 1712; baseline 0.003 -18"><span class='ocrx_word' id='word_1_203' title='bbox 1995 1641 2049 1694; x_wconf 81' lang='grc'><strong>4.</strong></span> <span class='ocrx_word' id='word_1_204' title='bbox 2081 1638 2353 1694; x_wconf 76' lang='lat' dir='ltr'>Molestiae</span> <span class='ocrx_word' id='word_1_205' title='bbox 2382 1639 2681 1712; x_wconf 88' lang='lat' dir='ltr'>siquidem</span> <span class='ocrx_word' id='word_1_206' title='bbox 2719 1641 3013 1708; x_wconf 89' lang='lat' dir='ltr'>animum,</span> <span class='ocrx_word' id='word_1_207' title='bbox 3069 1645 3134 1696; x_wconf 92' lang='lat' dir='ltr'>ut</span> <span class='ocrx_word' id='word_1_208' title='bbox 3159 1641 3314 1711; x_wconf 81' lang='lat' dir='ltr'>ignis</span> <span class='ocrx_word' id='word_1_209' title='bbox 3357 1657 3577 1698; x_wconf 88' lang='lat' dir='ltr'>aurum</span> 
     </span>
    </p>
   </div>
   <div class='ocr_carea' id='block_1_33' title="bbox 218 1726 1822 1824">
    <p class='ocr_par' dir='ltr' id='par_1_33' title="bbox 218 1749 1814 1824">
     <span class='ocr_line' id='line_1_33' title="bbox 218 1749 1814 1824; baseline -0.003 -20"><span class='ocrx_word' id='word_1_210' title='bbox 218 1751 595 1822; x_wconf 78' lang='grc' dir='ltr'>ἀπελέγχουσι·</span> <span class='ocrx_word' id='word_1_211' title='bbox 667 1755 757 1801; x_wconf 83' lang='grc' dir='ltr'>καὶ</span> <span class='ocrx_word' id='word_1_212' title='bbox 800 1757 871 1819; x_wconf 77' lang='grc' dir='ltr'>τῷ</span> <span class='ocrx_word' id='word_1_213' title='bbox 947 1751 1056 1800; x_wconf 81' lang='grc' dir='ltr'>ὄντι</span> <span class='ocrx_word' id='word_1_214' title='bbox 1102 1757 1213 1811; x_wconf 86' lang='grc' dir='ltr'>τοῖς</span> <span class='ocrx_word' id='word_1_215' title='bbox 1268 1749 1434 1811; x_wconf 86' lang='grc' dir='ltr'>καλῶς</span> <span class='ocrx_word' id='word_1_216' title='bbox 1488 1769 1814 1824; x_wconf 62' lang='grc' dir='ltr'>παρεσκευα-</span> 
     </span>
    </p>
   </div>
   <div class='ocr_carea' id='block_1_34' title="bbox 1934 1726 3578 1824">
    <p class='ocr_par' dir='ltr' id='par_1_34' title="bbox 1934 1726 3578 1804">
     <span class='ocr_line' id='line_1_34' title="bbox 1934 1726 3578 1804; baseline 0.004 -23"><span class='ocrx_word' id='word_1_217' title='bbox 1934 1726 2186 1797; x_wconf 89' lang='lat' dir='ltr'>probant</span> <span class='ocrx_word' id='word_1_218' title='bbox 2220 1728 2330 1798; x_wconf 83' lang='lat'>:(6)</span> <span class='ocrx_word' id='word_1_219' title='bbox 2361 1733 2541 1800; x_wconf 85' lang='lat' dir='ltr'>atque</span> <span class='ocrx_word' id='word_1_220' title='bbox 2558 1729 2756 1800; x_wconf 90' lang='lat' dir='ltr'>reipsa</span> <span class='ocrx_word' id='word_1_221' title='bbox 2784 1728 3157 1795; x_wconf 82' lang='lat' dir='ltr'>afﬂictiones,</span> <span class='ocrx_word' id='word_1_222' title='bbox 3204 1730 3378 1802; x_wconf 90' lang='lat' dir='ltr'>quasi</span> <span class='ocrx_word' id='word_1_223' title='bbox 3415 1747 3578 1804; x_wconf 67' lang='lat' dir='ltr'>qure-</span> 
     </span>
    </p>
   </div>
   <div class='ocr_carea' id='block_1_35' title="bbox 224 1835 1812 1914">
    <p class='ocr_par' dir='ltr' id='par_1_35' title="bbox 224 1835 1812 1914">
     <span class='ocr_line' id='line_1_35' title="bbox 224 1835 1812 1914; baseline -0.002 -21"><span class='ocrx_word' id='word_1_224' title='bbox 224 1845 431 1914; x_wconf 79' lang='grc' dir='ltr'>σμένοις</span> <span class='ocrx_word' id='word_1_225' title='bbox 477 1839 531 1891; x_wconf 87' lang='grc' dir='ltr'>αἰ</span> <span class='ocrx_word' id='word_1_226' title='bbox 600 1838 798 1908; x_wconf 70' lang='grc' dir='ltr'>θλίψεις</span> <span class='ocrx_word' id='word_1_227' title='bbox 853 1835 1006 1890; x_wconf 83' lang='grc' dir='ltr'>οἷονεί</span> <span class='ocrx_word' id='word_1_228' title='bbox 1049 1858 1234 1913; x_wconf 68' lang='grc' dir='ltr'>τροφαι</span> <span class='ocrx_word' id='word_1_229' title='bbox 1296 1843 1426 1899; x_wconf 86' lang='grc' dir='ltr'>τινές</span> <span class='ocrx_word' id='word_1_230' title='bbox 1456 1839 1608 1904; x_wconf 80' lang='grc' dir='ltr'>εἰσιν,</span> <span class='ocrx_word' id='word_1_231' title='bbox 1651 1837 1812 1896; x_wconf 78' lang='grc' dir='ltr'>ἄθλη-</span> 
     </span>
    </p>
   </div>
   <div class='ocr_carea' id='block_1_36' title="bbox 217 1924 1817 2002">
    <p class='ocr_par' dir='ltr' id='par_1_36' title="bbox 217 1924 1817 2002">
     <span class='ocr_line' id='line_1_36' title="bbox 217 1924 1817 2002; baseline -0.003 -20"><span class='ocrx_word' id='word_1_232' title='bbox 217 1933 341 1983; x_wconf 84' lang='grc' dir='ltr'>τικά</span> <span class='ocrx_word' id='word_1_233' title='bbox 370 1933 447 1999; x_wconf 81' lang='lat'>(3)</span> <span class='ocrx_word' id='word_1_234' title='bbox 487 1931 774 2000; x_wconf 83' lang='grc' dir='ltr'>γυμνάσια,</span> <span class='ocrx_word' id='word_1_235' title='bbox 804 1926 887 1982; x_wconf 77' lang='grc' dir='ltr'>ἐπὶ</span> <span class='ocrx_word' id='word_1_236' title='bbox 933 1931 1026 1985; x_wconf 77' lang='grc' dir='ltr'>τὴν</span> <span class='ocrx_word' id='word_1_237' title='bbox 1074 1933 1318 2002; x_wconf 75' lang='grc' dir='ltr'>πατρῴαν</span> <span class='ocrx_word' id='word_1_238' title='bbox 1351 1924 1509 1990; x_wconf 79' lang='grc' dir='ltr'>δόξαν</span> <span class='ocrx_word' id='word_1_239' title='bbox 1539 1931 1624 1979; x_wconf 88' lang='grc' dir='ltr'>τόν</span> <span class='ocrx_word' id='word_1_240' title='bbox 1680 1926 1817 1997; x_wconf 85' lang='grc' dir='ltr'>ἀγω-</span> 
     </span>
    </p>
   </div>
   <div class='ocr_carea' id='block_1_37' title="bbox 215 2013 1818 2090">
    <p class='ocr_par' dir='ltr' id='par_1_37' title="bbox 215 2013 1818 2090">
     <span class='ocr_line' id='line_1_37' title="bbox 215 2013 1818 2090; baseline -0.002 -19"><span class='ocrx_word' id='word_1_241' title='bbox 215 2025 393 2077; x_wconf 78' lang='grc' dir='ltr'>νιστὴν</span> <span class='ocrx_word' id='word_1_242' title='bbox 447 2017 833 2090; x_wconf 74' lang='grc' dir='ltr'>προϐάζουσαι.</span> <span class='ocrx_word' id='word_1_243' title='bbox 895 2017 955 2068; x_wconf 84' lang='grc' dir='ltr'>Ἠ</span> <span class='ocrx_word' id='word_1_244' title='bbox 1010 2013 1069 2069; x_wconf 71' lang='grc' dir='ltr'>δὲ</span> <span class='ocrx_word' id='word_1_245' title='bbox 1136 2017 1202 2076; x_wconf 85' lang='grc' dir='ltr'>εἰς</span> <span class='ocrx_word' id='word_1_246' title='bbox 1242 2020 1373 2088; x_wconf 79' lang='grc' dir='ltr'>ἄγαν</span> <span class='ocrx_word' id='word_1_247' title='bbox 1430 2021 1688 2088; x_wconf 74' lang='grc' dir='ltr'>κατήφεια</span> <span class='ocrx_word' id='word_1_248' title='bbox 1737 2022 1818 2088; x_wconf 74' lang='grc' dir='ltr'>γίο</span> 
     </span>
    </p>
   </div>
   <div class='ocr_carea' id='block_1_38' title="bbox 223 2105 1818 2180">
    <p class='ocr_par' dir='ltr' id='par_1_38' title="bbox 223 2105 1818 2180">
     <span class='ocr_line' id='line_1_38' title="bbox 223 2105 1818 2180; baseline -0.003 -19"><span class='ocrx_word' id='word_1_249' title='bbox 223 2128 368 2161; x_wconf 84' lang='grc' dir='ltr'>νεται</span> <span class='ocrx_word' id='word_1_250' title='bbox 415 2115 510 2170; x_wconf 84' lang='grc' dir='ltr'>τῆς</span> <span class='ocrx_word' id='word_1_251' title='bbox 547 2109 806 2180; x_wconf 84' lang='grc' dir='ltr'>ἁμαρτίας</span> <span class='ocrx_word' id='word_1_252' title='bbox 851 2106 1011 2174; x_wconf 76' lang='grc' dir='ltr'>αἰτία,</span> <span class='ocrx_word' id='word_1_253' title='bbox 1069 2114 1160 2166; x_wconf 84' lang='grc' dir='ltr'>τῆς</span> <span class='ocrx_word' id='word_1_254' title='bbox 1207 2109 1296 2178; x_wconf 77' lang='grc' dir='ltr'>μὲν</span> <span class='ocrx_word' id='word_1_255' title='bbox 1325 2105 1488 2166; x_wconf 79' lang='grc' dir='ltr'>λύπης</span> <span class='ocrx_word' id='word_1_256' title='bbox 1521 2105 1818 2177; x_wconf 76' lang='grc' dir='ltr'>βαπτιζού-</span> 
     </span>
    </p>
   </div>
   <div class='ocr_carea' id='block_1_39' title="bbox 219 2194 1819 2268">
    <p class='ocr_par' dir='ltr' id='par_1_39' title="bbox 219 2194 1819 2268">
     <span class='ocr_line' id='line_1_39' title="bbox 219 2194 1819 2268; baseline -0.002 -19"><span class='ocrx_word' id='word_1_257' title='bbox 219 2219 314 2259; x_wconf 79' lang='grc' dir='ltr'>σης</span> <span class='ocrx_word' id='word_1_258' title='bbox 361 2201 447 2249; x_wconf 89' lang='grc' dir='ltr'>τόν</span> <span class='ocrx_word' id='word_1_259' title='bbox 485 2204 602 2248; x_wconf 74' lang='grc' dir='ltr'>νοῦν</span> <span class='ocrx_word' id='word_1_260' title='bbox 648 2201 738 2248; x_wconf 87' lang='grc' dir='ltr'>καὶ</span> <span class='ocrx_word' id='word_1_261' title='bbox 781 2196 1084 2268; x_wconf 72' lang='grc' dir='ltr'>ἀμηχανίας</span> <span class='ocrx_word' id='word_1_262' title='bbox 1132 2194 1448 2267; x_wconf 74' lang='grc' dir='ltr'>ἐμποιούσης</span> <span class='ocrx_word' id='word_1_263' title='bbox 1476 2195 1694 2266; x_wconf 79' lang='grc' dir='ltr'>ἰλιγγον,</span> <span class='ocrx_word' id='word_1_264' title='bbox 1726 2203 1819 2257; x_wconf 79' lang='grc' dir='ltr'>τῆς</span> 
     </span>
    </p>
   </div>
   <div class='ocr_carea' id='block_1_40' title="bbox 218 2283 1819 2360">
    <p class='ocr_par' dir='ltr' id='par_1_40' title="bbox 218 2283 1819 2360">
     <span class='ocr_line' id='line_1_40' title="bbox 218 2283 1819 2360; baseline -0.004 -20"><span class='ocrx_word' id='word_1_265' title='bbox 218 2285 276 2340; x_wconf 70' lang='grc' dir='ltr'>δὲ</span> <span class='ocrx_word' id='word_1_266' title='bbox 307 2286 530 2360; x_wconf 77' lang='grc' dir='ltr'>ἀπορίας</span> <span class='ocrx_word' id='word_1_267' title='bbox 580 2294 680 2337; x_wconf 82' lang='grc' dir='ltr'>τῶν</span> <span class='ocrx_word' id='word_1_268' title='bbox 724 2284 990 2356; x_wconf 79' lang='grc' dir='ltr'>λογισμῶν</span> <span class='ocrx_word' id='word_1_269' title='bbox 1029 2288 1123 2341; x_wconf 78' lang='grc' dir='ltr'>τὴν</span> <span class='ocrx_word' id='word_1_270' title='bbox 1168 2287 1491 2357; x_wconf 68' lang='grc' dir='ltr'>ἀχαριστίαν</span> <span class='ocrx_word' id='word_1_271' title='bbox 1531 2283 1819 2354; x_wconf 77' lang='grc' dir='ltr'>ἀπο-γεννω-</span> 
     </span>
    </p>
   </div>
   <div class='ocr_carea' id='block_1_41' title="bbox 220 2370 1823 2448">
    <p class='ocr_par' dir='ltr' id='par_1_41' title="bbox 220 2370 1823 2448">
     <span class='ocr_line' id='line_1_41' title="bbox 220 2370 1823 2448; baseline -0.003 -20"><span class='ocrx_word' id='word_1_272' title='bbox 220 2396 341 2437; x_wconf 68' lang='grc' dir='ltr'>σης.</span> <span class='ocrx_word' id='word_1_273' title='bbox 398 2375 636 2448; x_wconf 78' lang='grc' dir='ltr'>Αἰσχρόν</span> <span class='ocrx_word' id='word_1_274' title='bbox 686 2370 795 2440; x_wconf 75' lang='grc' dir='ltr'>οὖν,</span> <span class='ocrx_word' id='word_1_275' title='bbox 851 2373 1075 2444; x_wconf 78' lang='grc' dir='ltr'>εὐλογεῖν</span> <span class='ocrx_word' id='word_1_276' title='bbox 1120 2375 1209 2444; x_wconf 76' lang='grc' dir='ltr'>μεν</span> <span class='ocrx_word' id='word_1_277' title='bbox 1264 2374 1401 2444; x_wconf 73' lang='grc' dir='ltr'>ἡμᾶς</span> <span class='ocrx_word' id='word_1_278' title='bbox 1431 2372 1527 2424; x_wconf 64' lang='grc' dir='ltr'>επὶ</span> <span class='ocrx_word' id='word_1_279' title='bbox 1548 2380 1654 2432; x_wconf 87' lang='grc' dir='ltr'>τοῖς</span> <span class='ocrx_word' id='word_1_280' title='bbox 1684 2392 1823 2444; x_wconf 84' lang='grc' dir='ltr'>χρη-</span> 
     </span>
    </p>
   </div>
   <div class='ocr_carea' id='block_1_42' title="bbox 224 2458 1822 2538">
    <p class='ocr_par' dir='ltr' id='par_1_42' title="bbox 224 2458 1822 2538">
     <span class='ocr_line' id='line_1_42' title="bbox 224 2458 1822 2538; baseline -0.003 -21"><span class='ocrx_word' id='word_1_281' title='bbox 224 2469 513 2538; x_wconf 77' lang='grc' dir='ltr'>στοτέροις,</span> <span class='ocrx_word' id='word_1_282' title='bbox 565 2468 766 2532; x_wconf 85' lang='grc' dir='ltr'>σιωπᾴν</span> <span class='ocrx_word' id='word_1_283' title='bbox 818 2458 878 2514; x_wconf 71' lang='grc' dir='ltr'>δι</span> <span class='ocrx_word' id='word_1_284' title='bbox 939 2460 1019 2513; x_wconf 80' lang='grc' dir='ltr'>ἐπὶ</span> <span class='ocrx_word' id='word_1_285' title='bbox 1067 2469 1174 2521; x_wconf 86' lang='grc' dir='ltr'>τοῖς</span> <span class='ocrx_word' id='word_1_286' title='bbox 1233 2463 1682 2534; x_wconf 84' lang='grc' dir='ltr'>σκυθρωποτέροις</span> <span class='ocrx_word' id='word_1_287' title='bbox 1731 2466 1822 2513; x_wconf 80' lang='grc' dir='ltr'>καὶ</span> 
     </span>
    </p>
   </div>
   <div class='ocr_carea' id='block_1_43' title="bbox 217 2549 1823 2627">
    <p class='ocr_par' dir='ltr' id='par_1_43' title="bbox 217 2549 1823 2627">
     <span class='ocr_line' id='line_1_43' title="bbox 217 2549 1823 2627; baseline -0.003 -21"><span class='ocrx_word' id='word_1_288' title='bbox 217 2555 479 2613; x_wconf 80' lang='grc' dir='ltr'>ἐπιπόνοις</span> <span class='ocrx_word' id='word_1_289' title='bbox 520 2553 855 2627; x_wconf 84' lang='grc' dir='ltr'>πράγμασιν,</span> <span class='ocrx_word' id='word_1_290' title='bbox 897 2549 1049 2601; x_wconf 79' lang='grc' dir='ltr'>Ἀλλά</span> <span class='ocrx_word' id='word_1_291' title='bbox 1099 2554 1213 2602; x_wconf 87' lang='grc' dir='ltr'>τότε</span> <span class='ocrx_word' id='word_1_292' title='bbox 1281 2555 1371 2602; x_wconf 88' lang='grc' dir='ltr'>καὶ</span> <span class='ocrx_word' id='word_1_293' title='bbox 1425 2549 1572 2602; x_wconf 81' lang='grc' dir='ltr'>πλέον</span> <span class='ocrx_word' id='word_1_294' title='bbox 1603 2549 1823 2622; x_wconf 67' lang='grc' dir='ltr'>εὐχαρι-</span> 
     </span>
    </p>
   </div>
   <div class='ocr_carea' id='block_1_44' title="bbox 227 2635 1820 2710">
    <p class='ocr_par' dir='ltr' id='par_1_44' title="bbox 227 2635 1820 2710">
     <span class='ocr_line' id='line_1_44' title="bbox 227 2635 1820 2710; baseline -0.003 -15"><span class='ocrx_word' id='word_1_295' title='bbox 227 2651 368 2695; x_wconf 82' lang='grc' dir='ltr'>στεῖν</span> <span class='ocrx_word' id='word_1_296' title='bbox 430 2638 531 2710; x_wconf 84' lang='grc' dir='ltr'>δεῖ,</span> <span class='ocrx_word' id='word_1_297' title='bbox 583 2637 806 2706; x_wconf 79' lang='grc' dir='ltr'>εἰδότας,</span> <span class='ocrx_word' id='word_1_298' title='bbox 854 2640 936 2692; x_wconf 83' lang='grc' dir='ltr'>ὅτι</span> <span class='ocrx_word' id='word_1_299' title='bbox 955 2637 1048 2690; x_wconf 87' lang='grc' dir='ltr'>Ὃν</span> <span class='ocrx_word' id='word_1_300' title='bbox 1093 2636 1275 2709; x_wconf 81' lang='grc' dir='ltr'>ἀγαπᾴ</span> <span class='ocrx_word' id='word_1_301' title='bbox 1307 2641 1518 2710; x_wconf 80' lang='grc' dir='ltr'>Κύριος,</span> <span class='ocrx_word' id='word_1_302' title='bbox 1557 2635 1820 2705; x_wconf 76' lang='grc' dir='ltr'>παιδεύει,</span> 
     </span>
    </p>
   </div>
   <div class='ocr_carea' id='block_1_45' title="bbox 215 2724 1822 2804">
    <p class='ocr_par' dir='ltr' id='par_1_45' title="bbox 215 2724 1822 2804">
     <span class='ocr_line' id='line_1_45' title="bbox 215 2724 1822 2804; baseline -0.003 -21"><span class='ocrx_word' id='word_1_303' title='bbox 215 2738 471 2804; x_wconf 83' lang='grc' dir='ltr'>μαστιγοῖ</span> <span class='ocrx_word' id='word_1_304' title='bbox 564 2726 622 2781; x_wconf 81' lang='grc' dir='ltr'>δε</span> <span class='ocrx_word' id='word_1_305' title='bbox 689 2731 860 2780; x_wconf 86' lang='grc' dir='ltr'>πάντα</span> <span class='ocrx_word' id='word_1_306' title='bbox 934 2730 1045 2779; x_wconf 78' lang='grc' dir='ltr'>υἱόν</span> <span class='ocrx_word' id='word_1_307' title='bbox 1111 2728 1164 2778; x_wconf 84' lang='grc' dir='ltr'>ὃν</span> <span class='ocrx_word' id='word_1_308' title='bbox 1258 2724 1639 2799; x_wconf 74' lang='grc' dir='ltr'>παραδέχεται.</span> <span class='ocrx_word' id='word_1_309' title='bbox 1721 2731 1822 2779; x_wconf 75' lang='grc' dir='ltr'>Καὶ</span> 
     </span>
    </p>
   </div>
   <div class='ocr_carea' id='block_1_46' title="bbox 219 2814 1823 2894">
    <p class='ocr_par' dir='ltr' id='par_1_46' title="bbox 219 2814 1823 2894">
     <span class='ocr_line' id='line_1_46' title="bbox 219 2814 1823 2894; baseline -0.004 -22"><span class='ocrx_word' id='word_1_310' title='bbox 219 2819 398 2894; x_wconf 74' lang='grc' dir='ltr'>ρῡεται</span> <span class='ocrx_word' id='word_1_311' title='bbox 451 2817 506 2870; x_wconf 77' lang='grc' dir='ltr'>ἕκ</span> <span class='ocrx_word' id='word_1_312' title='bbox 565 2816 783 2888; x_wconf 77' lang='grc' dir='ltr'>θλίψεως</span> <span class='ocrx_word' id='word_1_313' title='bbox 834 2819 956 2876; x_wconf 83' lang='grc' dir='ltr'>τούς</span> <span class='ocrx_word' id='word_1_314' title='bbox 1013 2816 1191 2886; x_wconf 79' lang='grc' dir='ltr'>ἁγίους</span> <span class='ocrx_word' id='word_1_315' title='bbox 1239 2814 1398 2867; x_wconf 76' lang='grc' dir='ltr'>αὐτοῦ</span> <span class='ocrx_word' id='word_1_316' title='bbox 1448 2814 1474 2865; x_wconf 84' lang='grc' dir='ltr'>ό</span> <span class='ocrx_word' id='word_1_317' title='bbox 1527 2818 1673 2881; x_wconf 83' lang='grc' dir='ltr'>Θεός,</span> <span class='ocrx_word' id='word_1_318' title='bbox 1728 2817 1823 2867; x_wconf 81' lang='grc' dir='ltr'>οὐκ</span> 
     </span>
    </p>
   </div>
   <div class='ocr_carea' id='block_1_47' title="bbox 564 2726 1164 2781">
    <p class='ocr_par' dir='ltr' id='par_1_47' title="bbox 564 2726 1164 2781">
     <span class='ocr_line' id='line_1_47' title="bbox 564 2726 1164 2781; baseline -0.007 0"><span class='ocrx_word' id='word_1_319' title='bbox 564 2726 622 2781; x_wconf 81' lang='grc' dir='ltr'>δε</span> <span class='ocrx_word' id='word_1_320' title='bbox 689 2731 860 2780; x_wconf 86' lang='grc' dir='ltr'>πάντα</span> <span class='ocrx_word' id='word_1_321' title='bbox 934 2730 1045 2779; x_wconf 78' lang='grc' dir='ltr'>υἱόν</span> <span class='ocrx_word' id='word_1_322' title='bbox 1111 2728 1164 2778; x_wconf 84' lang='grc' dir='ltr'>ὃν</span> 
     </span>
    </p>
   </div>
   <div class='ocr_carea' id='block_1_48' title="bbox 223 2903 1824 2982">
    <p class='ocr_par' dir='ltr' id='par_1_48' title="bbox 223 2903 1824 2982">
     <span class='ocr_line' id='line_1_48' title="bbox 223 2903 1824 2982; baseline -0.004 -20"><span class='ocrx_word' id='word_1_323' title='bbox 223 2906 618 2982; x_wconf 80' lang='grc' dir='ltr'>ἀδοκιμάστους</span> <span class='ocrx_word' id='word_1_324' title='bbox 675 2906 860 2966; x_wconf 70' lang='grc' dir='ltr'>αὐτοὺς</span> <span class='ocrx_word' id='word_1_325' title='bbox 908 2904 1329 2977; x_wconf 84' lang='grc' dir='ltr'>καταλιμπάνων,</span> <span class='ocrx_word' id='word_1_326' title='bbox 1377 2903 1505 2955; x_wconf 87' lang='grc' dir='ltr'>ἀλλὰ</span> <span class='ocrx_word' id='word_1_327' title='bbox 1560 2908 1654 2962; x_wconf 81' lang='grc' dir='ltr'>τήν</span> <span class='ocrx_word' id='word_1_328' title='bbox 1703 2903 1824 2956; x_wconf 68' lang='lat'>131:0-</span> 
     </span>
    </p>
   </div>
   <div class='ocr_carea' id='block_1_49' title="bbox 216 2991 1825 3071">
    <p class='ocr_par' dir='ltr' id='par_1_49' title="bbox 216 2991 1825 3071">
     <span class='ocr_line' id='line_1_49' title="bbox 216 2991 1825 3071; baseline -0.002 -21"><span class='ocrx_word' id='word_1_329' title='bbox 216 3003 382 3071; x_wconf 71' lang='grc' dir='ltr'>μονὴν</span> <span class='ocrx_word' id='word_1_330' title='bbox 458 3002 636 3058; x_wconf 78' lang='grc' dir='ltr'>αὐτοῖς</span> <span class='ocrx_word' id='word_1_331' title='bbox 690 2996 1058 3069; x_wconf 77' lang='grc' dir='ltr'>χαριζόμενος·</span> <span class='ocrx_word' id='word_1_332' title='bbox 1113 2995 1173 3047; x_wconf 81' lang='grc' dir='ltr'>Εἰ</span> <span class='ocrx_word' id='word_1_333' title='bbox 1215 2995 1317 3068; x_wconf 78' lang='grc' dir='ltr'>γὰρ</span> <span class='ocrx_word' id='word_1_334' title='bbox 1362 2995 1392 3051; x_wconf 79' lang='grc' dir='ltr'>η</span> <span class='ocrx_word' id='word_1_335' title='bbox 1425 2991 1600 3064; x_wconf 70' lang='grc' dir='ltr'>θλίψις</span> <span class='ocrx_word' id='word_1_336' title='bbox 1629 2995 1825 3066; x_wconf 80' lang='grc' dir='ltr'>ὑπομο-</span> 
     </span>
    </p>
   </div>
   <div class='ocr_carea' id='block_1_50' title="bbox 1925 1815 3576 1887">
    <p class='ocr_par' dir='ltr' id='par_1_50' title="bbox 1925 1815 3576 1887">
     <span class='ocr_line' id='line_1_50' title="bbox 1925 1815 3576 1887; baseline 0.003 -17"><span class='ocrx_word' id='word_1_337' title='bbox 1925 1815 2067 1871; x_wconf 90' lang='lat' dir='ltr'>dam</span> <span class='ocrx_word' id='word_1_338' title='bbox 2095 1815 2383 1872; x_wconf 86' lang='lat' dir='ltr'>alimenta</span> <span class='ocrx_word' id='word_1_339' title='bbox 2407 1832 2478 1872; x_wconf 90' lang='lat' dir='ltr'>ac</span> <span class='ocrx_word' id='word_1_340' title='bbox 2509 1816 2794 1873; x_wconf 80' lang='lat' dir='ltr'>athleticae</span> <span class='ocrx_word' id='word_1_341' title='bbox 2835 1817 3237 1887; x_wconf 80' lang='lat' dir='ltr'>exeitationes,</span> <span class='ocrx_word' id='word_1_342' title='bbox 3256 1824 3394 1875; x_wconf 88' lang='lat' dir='ltr'>sunt</span> <span class='ocrx_word' id='word_1_343' title='bbox 3423 1819 3576 1876; x_wconf 89' lang='lat' dir='ltr'>bene</span> 
     </span>
    </p>
   </div>
   <div class='ocr_carea' id='block_1_51' title="bbox 1925 1905 3574 1982">
    <p class='ocr_par' dir='ltr' id='par_1_51' title="bbox 1925 1905 3574 1982">
     <span class='ocr_line' id='line_1_51' title="bbox 1925 1905 3574 1982; baseline 0.002 -22"><span class='ocrx_word' id='word_1_344' title='bbox 1925 1905 2282 1976; x_wconf 67' lang='lat' dir='ltr'>prmparatis</span> <span class='ocrx_word' id='word_1_345' title='bbox 2303 1909 2482 1978; x_wconf 90' lang='lat' dir='ltr'>atque</span> <span class='ocrx_word' id='word_1_346' title='bbox 2516 1906 2819 1962; x_wconf 88' lang='lat' dir='ltr'>instructis</span> <span class='ocrx_word' id='word_1_347' title='bbox 2853 1924 2865 1961; x_wconf 88' lang='lat'><strong>:</strong></span> <span class='ocrx_word' id='word_1_348' title='bbox 2891 1922 3023 1980; x_wconf 81' lang='lat' dir='ltr'>quae</span> <span class='ocrx_word' id='word_1_349' title='bbox 3050 1907 3338 1963; x_wconf 83' lang='lat' dir='ltr'>athletam</span> <span class='ocrx_word' id='word_1_350' title='bbox 3365 1907 3442 1963; x_wconf 88' lang='lat' dir='ltr'>ad</span> <span class='ocrx_word' id='word_1_351' title='bbox 3473 1924 3574 1982; x_wconf 90' lang='lat' dir='ltr'>pa-</span> 
     </span>
    </p>
   </div>
   <div class='ocr_carea' id='block_1_52' title="bbox 1927 1994 3570 2065">
    <p class='ocr_par' dir='ltr' id='par_1_52' title="bbox 1927 1994 3570 2065">
     <span class='ocr_line' id='line_1_52' title="bbox 1927 1994 3570 2065; baseline 0.004 -17"><span class='ocrx_word' id='word_1_352' title='bbox 1927 1998 2161 2049; x_wconf 89' lang='lat' dir='ltr'>ternam</span> <span class='ocrx_word' id='word_1_353' title='bbox 2189 1994 2441 2065; x_wconf 80' lang='lat' dir='ltr'>gloriam</span> <span class='ocrx_word' id='word_1_354' title='bbox 2477 1994 2802 2053; x_wconf 88' lang='lat' dir='ltr'>deducunt.</span> <span class='ocrx_word' id='word_1_355' title='bbox 2839 1998 2916 2063; x_wconf 87' lang='lat'>(7)</span> <span class='ocrx_word' id='word_1_356' title='bbox 2942 1995 3135 2052; x_wconf 87' lang='lat' dir='ltr'>Nimia</span> <span class='ocrx_word' id='word_1_357' title='bbox 3163 2011 3305 2052; x_wconf 91' lang='lat' dir='ltr'>vero</span> <span class='ocrx_word' id='word_1_358' title='bbox 3335 1997 3570 2054; x_wconf 82' lang='lat' dir='ltr'>tristitia</span> 
     </span>
    </p>
   </div>
   <div class='ocr_carea' id='block_1_53' title="bbox 1928 2083 3574 2157">
    <p class='ocr_par' dir='ltr' id='par_1_53' title="bbox 1928 2083 3574 2157">
     <span class='ocr_line' id='line_1_53' title="bbox 1928 2083 3574 2157; baseline 0.001 -18"><span class='ocrx_word' id='word_1_359' title='bbox 1928 2098 2115 2139; x_wconf 87' lang='lat' dir='ltr'>causa</span> <span class='ocrx_word' id='word_1_360' title='bbox 2142 2084 2207 2138; x_wconf 83' lang='lat' dir='ltr'>tit</span> <span class='ocrx_word' id='word_1_361' title='bbox 2232 2083 2479 2156; x_wconf 89' lang='lat' dir='ltr'>peccati,</span> <span class='ocrx_word' id='word_1_362' title='bbox 2519 2085 2685 2156; x_wconf 90' lang='lat' dir='ltr'>quod</span> <span class='ocrx_word' id='word_1_363' title='bbox 2698 2085 3010 2154; x_wconf 89' lang='lat' dir='ltr'>demergat</span> <span class='ocrx_word' id='word_1_364' title='bbox 3039 2090 3302 2142; x_wconf 91' lang='lat' dir='ltr'>mentem</span> <span class='ocrx_word' id='word_1_365' title='bbox 3331 2102 3574 2157; x_wconf 84' lang='lat' dir='ltr'>mceror,</span> 
     </span>
    </p>
   </div>
   <div class='ocr_carea' id='block_1_54' title="bbox 1928 2172 3577 2246">
    <p class='ocr_par' dir='ltr' id='par_1_54' title="bbox 1928 2172 3577 2246">
     <span class='ocr_line' id='line_1_54' title="bbox 1928 2172 3577 2246; baseline 0.003 -19"><span class='ocrx_word' id='word_1_366' title='bbox 1928 2172 2296 2244; x_wconf 88' lang='lat' dir='ltr'>inducatque</span> <span class='ocrx_word' id='word_1_367' title='bbox 2319 2173 2669 2241; x_wconf 85' lang='lat' dir='ltr'>vertiginem</span> <span class='ocrx_word' id='word_1_368' title='bbox 2691 2173 3055 2244; x_wconf 89' lang='lat' dir='ltr'>desperatio,</span> <span class='ocrx_word' id='word_1_369' title='bbox 3071 2175 3345 2230; x_wconf 83' lang='lat' dir='ltr'>etvitium</span> <span class='ocrx_word' id='word_1_370' title='bbox 3359 2176 3577 2246; x_wconf 84' lang='lat' dir='ltr'>ingrati</span> 
     </span>
    </p>
   </div>
   <div class='ocr_carea' id='block_1_55' title="bbox 1930 2261 3580 2334">
    <p class='ocr_par' dir='ltr' id='par_1_55' title="bbox 1930 2261 3580 2334">
     <span class='ocr_line' id='line_1_55' title="bbox 1930 2261 3580 2334; baseline 0.002 -17"><span class='ocrx_word' id='word_1_371' title='bbox 1930 2262 2118 2317; x_wconf 91' lang='lat' dir='ltr'>animi</span> <span class='ocrx_word' id='word_1_372' title='bbox 2148 2262 2344 2334; x_wconf 88' lang='lat' dir='ltr'>pariat</span> <span class='ocrx_word' id='word_1_373' title='bbox 2369 2261 2604 2318; x_wconf 88' lang='lat' dir='ltr'>consilii</span> <span class='ocrx_word' id='word_1_374' title='bbox 2651 2262 2877 2332; x_wconf 90' lang='lat' dir='ltr'>in0pia.</span> <span class='ocrx_word' id='word_1_375' title='bbox 2929 2264 3010 2332; x_wconf 89' lang='lat'>(8)</span> <span class='ocrx_word' id='word_1_376' title='bbox 3067 2265 3257 2334; x_wconf 87' lang='lat' dir='ltr'>Turpe</span> <span class='ocrx_word' id='word_1_377' title='bbox 3283 2263 3580 2334; x_wconf 84' lang='lat' dir='ltr'>estigitur</span> 
     </span>
    </p>
   </div>
   <div class='ocr_carea' id='block_1_56' title="bbox 1930 2349 3571 2418">
    <p class='ocr_par' dir='ltr' id='par_1_56' title="bbox 1930 2349 3571 2418">
     <span class='ocr_line' id='line_1_56' title="bbox 1930 2349 3571 2418; baseline 0.001 -11"><span class='ocrx_word' id='word_1_378' title='bbox 1930 2367 2041 2407; x_wconf 91' lang='lat' dir='ltr'>nos</span> <span class='ocrx_word' id='word_1_379' title='bbox 2067 2351 2439 2407; x_wconf 73' lang='lat' dir='ltr'>benedicere</span> <span class='ocrx_word' id='word_1_380' title='bbox 2461 2352 2521 2406; x_wconf 90' lang='lat' dir='ltr'>in</span> <span class='ocrx_word' id='word_1_381' title='bbox 2576 2349 2758 2406; x_wconf 90' lang='lat' dir='ltr'>rebus</span> <span class='ocrx_word' id='word_1_382' title='bbox 2783 2350 3086 2418; x_wconf 90' lang='lat' dir='ltr'>secundis,</span> <span class='ocrx_word' id='word_1_383' title='bbox 3123 2352 3295 2407; x_wconf 91' lang='lat' dir='ltr'>silere</span> <span class='ocrx_word' id='word_1_384' title='bbox 3333 2367 3477 2408; x_wconf 89' lang='lat' dir='ltr'>vero</span> <span class='ocrx_word' id='word_1_385' title='bbox 3510 2354 3571 2409; x_wconf 89' lang='lat' dir='ltr'>in</span> 
     </span>
    </p>
   </div>
   <div class='ocr_carea' id='block_1_57' title="bbox 1933 2440 3578 2512">
    <p class='ocr_par' dir='ltr' id='par_1_57' title="bbox 1933 2440 3578 2512">
     <span class='ocr_line' id='line_1_57' title="bbox 1933 2440 3578 2512; baseline 0.002 -18"><span class='ocrx_word' id='word_1_386' title='bbox 1933 2440 2198 2496; x_wconf 82' lang='lat' dir='ltr'>tristibus</span> <span class='ocrx_word' id='word_1_387' title='bbox 2224 2445 2281 2495; x_wconf 91' lang='lat' dir='ltr'>et</span> <span class='ocrx_word' id='word_1_388' title='bbox 2313 2440 2606 2496; x_wconf 85' lang='lat' dir='ltr'>adversis.</span> <span class='ocrx_word' id='word_1_389' title='bbox 2646 2443 2771 2496; x_wconf 91' lang='lat' dir='ltr'>lmo</span> <span class='ocrx_word' id='word_1_390' title='bbox 2792 2444 2936 2496; x_wconf 90' lang='lat' dir='ltr'>tunc</span> <span class='ocrx_word' id='word_1_391' title='bbox 2965 2441 3147 2496; x_wconf 87' lang='lat' dir='ltr'>etiam</span> <span class='ocrx_word' id='word_1_392' title='bbox 3178 2440 3405 2512; x_wconf 87' lang='lat' dir='ltr'>gratias</span> <span class='ocrx_word' id='word_1_393' title='bbox 3427 2441 3578 2497; x_wconf 91' lang='lat' dir='ltr'>ube-</span> 
     </span>
    </p>
   </div>
   <div class='ocr_carea' id='block_1_58' title="bbox 1930 2529 3578 2602">
    <p class='ocr_par' dir='ltr' id='par_1_58' title="bbox 1930 2529 3578 2602">
     <span class='ocr_line' id='line_1_58' title="bbox 1930 2529 3578 2602; baseline 0.004 -18"><span class='ocrx_word' id='word_1_394' title='bbox 1930 2530 2116 2584; x_wconf 90' lang='lat' dir='ltr'>riores</span> <span class='ocrx_word' id='word_1_395' title='bbox 2153 2545 2331 2598; x_wconf 86' lang='lat' dir='ltr'>agere</span> <span class='ocrx_word' id='word_1_396' title='bbox 2359 2533 2611 2602; x_wconf 89' lang='lat' dir='ltr'>oportet,</span> <span class='ocrx_word' id='word_1_397' title='bbox 2643 2545 2783 2585; x_wconf 91' lang='lat' dir='ltr'>cum</span> <span class='ocrx_word' id='word_1_398' title='bbox 2809 2530 3178 2598; x_wconf 88' lang='lat' dir='ltr'>noverimus,</span> <span class='ocrx_word' id='word_1_399' title='bbox 3201 2529 3367 2602; x_wconf 89' lang='lat' dir='ltr'>quod</span> <span class='ocrx_word' id='word_1_400' title='bbox 3401 2531 3578 2598; x_wconf 84' lang='lat' dir='ltr'>Quem</span> 
     </span>
    </p>
   </div>
   <div class='ocr_carea' id='block_1_59' title="bbox 1931 2619 3578 2688">
    <p class='ocr_par' dir='ltr' id='par_1_59' title="bbox 1931 2619 3578 2688">
     <span class='ocr_line' id='line_1_59' title="bbox 1931 2619 3578 2688; baseline 0.001 -16"><span class='ocrx_word' id='word_1_401' title='bbox 1931 2619 2134 2688; x_wconf 76' lang='lat' dir='ltr'>diligit</span> <span class='ocrx_word' id='word_1_402' title='bbox 2185 2620 2492 2686; x_wconf 78' lang='lat' dir='ltr'>Dominus,</span> <span class='ocrx_word' id='word_1_403' title='bbox 2515 2619 2793 2686; x_wconf 81' lang='lat' dir='ltr'>castigat,</span> <span class='ocrx_word' id='word_1_404' title='bbox 2817 2619 3098 2688; x_wconf 83' lang='lat' dir='ltr'>ﬂagellat</span> <span class='ocrx_word' id='word_1_405' title='bbox 3120 2626 3321 2674; x_wconf 81' lang='lat' dir='ltr'>autem</span> <span class='ocrx_word' id='word_1_406' title='bbox 3348 2635 3578 2676; x_wconf 79' lang='lat' dir='ltr'>omnem</span> 
     </span>
    </p>
   </div>
   <div class='ocr_carea' id='block_1_60' title="bbox 1927 2707 3581 2780">
    <p class='ocr_par' dir='ltr' id='par_1_60' title="bbox 1927 2707 3581 2780">
     <span class='ocr_line' id='line_1_60' title="bbox 1927 2707 3581 2780; baseline 0.002 -19"><span class='ocrx_word' id='word_1_407' title='bbox 1927 2708 2123 2776; x_wconf 81' lang='lat' dir='ltr'>ﬁlium</span> <span class='ocrx_word' id='word_1_408' title='bbox 2156 2723 2326 2780; x_wconf 85' lang='lat' dir='ltr'>quem</span> <span class='ocrx_word' id='word_1_409' title='bbox 2354 2707 2565 2776; x_wconf 76' lang='lat' dir='ltr'>recipit</span> <span class='ocrx_word' id='word_1_410' title='bbox 2591 2708 2741 2775; x_wconf 68' lang='grc'>9⁷.(9)</span> <span class='ocrx_word' id='word_1_411' title='bbox 2773 2711 2976 2778; x_wconf 81' lang='lat' dir='ltr'>itaque</span> <span class='ocrx_word' id='word_1_412' title='bbox 2999 2707 3216 2764; x_wconf 86' lang='lat' dir='ltr'>liberat</span> <span class='ocrx_word' id='word_1_413' title='bbox 3237 2723 3310 2764; x_wconf 83' lang='lat' dir='ltr'>ex</span> <span class='ocrx_word' id='word_1_414' title='bbox 3340 2707 3581 2764; x_wconf 64' lang='lat' dir='ltr'>tribula«</span> 
     </span>
    </p>
   </div>
   <div class='ocr_carea' id='block_1_61' title="bbox 1932 2795 3581 2868">
    <p class='ocr_par' dir='ltr' id='par_1_61' title="bbox 1932 2795 3581 2868">
     <span class='ocr_line' id='line_1_61' title="bbox 1932 2795 3581 2868; baseline 0.001 -17"><span class='ocrx_word' id='word_1_415' title='bbox 1932 2795 2091 2851; x_wconf 89' lang='lat' dir='ltr'>tione</span> <span class='ocrx_word' id='word_1_416' title='bbox 2113 2799 2352 2852; x_wconf 86' lang='lat' dir='ltr'>sanctos</span> <span class='ocrx_word' id='word_1_417' title='bbox 2385 2810 2528 2850; x_wconf 87' lang='lat' dir='ltr'>suos</span> <span class='ocrx_word' id='word_1_418' title='bbox 2565 2797 2739 2864; x_wconf 90' lang='lat' dir='ltr'>Deus,</span> <span class='ocrx_word' id='word_1_419' title='bbox 2770 2810 2893 2850; x_wconf 92' lang='lat' dir='ltr'>non</span> <span class='ocrx_word' id='word_1_420' title='bbox 2921 2795 3087 2867; x_wconf 90' lang='lat' dir='ltr'>quod</span> <span class='ocrx_word' id='word_1_421' title='bbox 3115 2795 3246 2850; x_wconf 89' lang='lat' dir='ltr'>illos</span> <span class='ocrx_word' id='word_1_422' title='bbox 3284 2796 3581 2868; x_wconf 88' lang='lat' dir='ltr'>citrapro-</span> 
     </span>
    </p>
   </div>
   <div class='ocr_carea' id='block_1_62' title="bbox 1932 2883 3579 2956">
    <p class='ocr_par' dir='ltr' id='par_1_62' title="bbox 1932 2883 3579 2956">
     <span class='ocr_line' id='line_1_62' title="bbox 1932 2883 3579 2956; baseline -0.001 -17"><span class='ocrx_word' id='word_1_423' title='bbox 1932 2884 2238 2942; x_wconf 83' lang='lat' dir='ltr'>bationem</span> <span class='ocrx_word' id='word_1_424' title='bbox 2286 2883 2603 2956; x_wconf 89' lang='lat' dir='ltr'>relinquat,</span> <span class='ocrx_word' id='word_1_425' title='bbox 2678 2883 2785 2939; x_wconf 89' lang='lat' dir='ltr'>sed</span> <span class='ocrx_word' id='word_1_426' title='bbox 2843 2883 3010 2954; x_wconf 87' lang='lat' dir='ltr'>quod</span> <span class='ocrx_word' id='word_1_427' title='bbox 3085 2884 3436 2955; x_wconf 88' lang='lat' dir='ltr'>patientiam</span> <span class='ocrx_word' id='word_1_428' title='bbox 3491 2887 3579 2956; x_wconf 86' lang='lat' dir='ltr'>ip-</span> 
     </span>
    </p>
   </div>
   <div class='ocr_carea' id='block_1_63' title="bbox 1933 2971 3580 3045">
    <p class='ocr_par' dir='ltr' id='par_1_63' title="bbox 1933 2971 3580 3045">
     <span class='ocr_line' id='line_1_63' title="bbox 1933 2971 3580 3045; baseline 0.001 -17"><span class='ocrx_word' id='word_1_429' title='bbox 1933 2974 2013 3029; x_wconf 89' lang='lat' dir='ltr'>sis</span> <span class='ocrx_word' id='word_1_430' title='bbox 2041 2973 2347 3044; x_wconf 89' lang='lat' dir='ltr'>largiatur.</span> <span class='ocrx_word' id='word_1_431' title='bbox 2377 2976 2527 3029; x_wconf 86' lang='lat' dir='ltr'>Nam</span> <span class='ocrx_word' id='word_1_432' title='bbox 2558 2972 2607 3028; x_wconf 91' lang='lat' dir='ltr'>si</span> <span class='ocrx_word' id='word_1_433' title='bbox 2645 2971 2950 3028; x_wconf 89' lang='lat' dir='ltr'>tribulatio</span> <span class='ocrx_word' id='word_1_434' title='bbox 2980 2971 3337 3044; x_wconf 87' lang='lat' dir='ltr'>patientiam</span> <span class='ocrx_word' id='word_1_435' title='bbox 3371 2987 3580 3045; x_wconf 88' lang='lat' dir='ltr'>opera-</span> 
     </span>
    </p>
   </div>
   <div class='ocr_carea' id='block_1_64' title="bbox 215 3059 1822 3158">
    <p class='ocr_par' dir='ltr' id='par_1_64' title="bbox 215 3079 1822 3158">
     <span class='ocr_line' id='line_1_64' title="bbox 215 3079 1822 3158; baseline -0.003 -19"><span class='ocrx_word' id='word_1_436' title='bbox 215 3093 311 3145; x_wconf 67' lang='grc' dir='ltr'>νην</span> <span class='ocrx_word' id='word_1_437' title='bbox 365 3085 764 3158; x_wconf 77' lang='grc' dir='ltr'>κατεργάζεται,</span> <span class='ocrx_word' id='word_1_438' title='bbox 822 3086 852 3142; x_wconf 81' lang='grc' dir='ltr'>ἡ</span> <span class='ocrx_word' id='word_1_439' title='bbox 909 3080 968 3136; x_wconf 67' lang='grc' dir='ltr'>δι</span> <span class='ocrx_word' id='word_1_440' title='bbox 1023 3085 1254 3155; x_wconf 80' lang='grc' dir='ltr'>ὑπομονὴ</span> <span class='ocrx_word' id='word_1_441' title='bbox 1318 3079 1563 3154; x_wconf 77' lang='grc' dir='ltr'>δοκιμήν.</span> <span class='ocrx_word' id='word_1_442' title='bbox 1638 3086 1669 3134; x_wconf 82' lang='grc' dir='ltr'><em>ὅ</em></span> <span class='ocrx_word' id='word_1_443' title='bbox 1730 3087 1822 3141; x_wconf 81' lang='grc' dir='ltr'>τὴν</span> 
     </span>
    </p>
   </div>
   <div class='ocr_carea' id='block_1_65' title="bbox 1934 3059 3580 3158">
    <p class='ocr_par' dir='ltr' id='par_1_65' title="bbox 1935 3059 3580 3135">
     <span class='ocr_line' id='line_1_65' title="bbox 1935 3059 3580 3135; baseline -0.001 -17"><span class='ocrx_word' id='word_1_444' title='bbox 1935 3068 2047 3126; x_wconf 91' lang='lat' dir='ltr'>tur,</span> <span class='ocrx_word' id='word_1_445' title='bbox 2079 3061 2366 3135; x_wconf 86' lang='lat' dir='ltr'>patientia</span> <span class='ocrx_word' id='word_1_446' title='bbox 2395 3077 2532 3117; x_wconf 90' lang='lat' dir='ltr'>vero</span> <span class='ocrx_word' id='word_1_447' title='bbox 2564 3061 2983 3133; x_wconf 90' lang='lat' dir='ltr'>probationem</span> <span class='ocrx_word' id='word_1_448' title='bbox 3007 3061 3053 3095; x_wconf 73' lang='grc'><strong>9⁸</strong></span> <span class='ocrx_word' id='word_1_449' title='bbox 3079 3078 3093 3128; x_wconf 87' lang='lat'><strong>;</strong></span> <span class='ocrx_word' id='word_1_450' title='bbox 3125 3061 3232 3133; x_wconf 91' lang='lat' dir='ltr'>qui</span> <span class='ocrx_word' id='word_1_451' title='bbox 3251 3059 3580 3117; x_wconf 83' lang='lat' dir='ltr'>tribulatio-</span> 
     </span>
    </p>
   </div>
   <div class='ocr_carea' id='block_1_66' title="bbox 222 3169 1826 3250">
    <p class='ocr_par' dir='ltr' id='par_1_66' title="bbox 222 3169 1826 3250">
     <span class='ocr_line' id='line_1_66' title="bbox 222 3169 1826 3250; baseline -0.003 -22"><span class='ocrx_word' id='word_1_452' title='bbox 222 3176 405 3247; x_wconf 70' lang='grc' dir='ltr'>θλίψιν</span> <span class='ocrx_word' id='word_1_453' title='bbox 467 3175 868 3250; x_wconf 70' lang='grc' dir='ltr'>ἀφαιρουμενος,</span> <span class='ocrx_word' id='word_1_454' title='bbox 922 3181 1019 3232; x_wconf 80' lang='grc' dir='ltr'>τῆς</span> <span class='ocrx_word' id='word_1_455' title='bbox 1062 3169 1289 3244; x_wconf 75' lang='grc' dir='ltr'>δοκιμῆν</span> <span class='ocrx_word' id='word_1_456' title='bbox 1329 3171 1509 3223; x_wconf 75' lang='grc' dir='ltr'>ἑαυτὸν</span> <span class='ocrx_word' id='word_1_457' title='bbox 1541 3170 1826 3245; x_wconf 81' lang='grc' dir='ltr'>ἀπεστέρη-</span> 
     </span>
    </p>
   </div>
   <div class='ocr_carea' id='block_1_67' title="bbox 225 3259 1823 3334">
    <p class='ocr_par' dir='ltr' id='par_1_67' title="bbox 225 3259 1823 3334">
     <span class='ocr_line' id='line_1_67' title="bbox 225 3259 1823 3334; baseline -0.004 -16"><span class='ocrx_word' id='word_1_458' title='bbox 225 3286 336 3320; x_wconf 79' lang='grc' dir='ltr'>σεν.</span> <span class='ocrx_word' id='word_1_459' title='bbox 385 3273 481 3325; x_wconf 84' lang='grc' dir='ltr'>-Ως</span> <span class='ocrx_word' id='word_1_460' title='bbox 520 3262 607 3316; x_wconf 79' lang='grc' dir='ltr'>οὖν</span> <span class='ocrx_word' id='word_1_461' title='bbox 665 3261 839 3324; x_wconf 68' lang='grc' dir='ltr'>οὐδεὶς</span> <span class='ocrx_word' id='word_1_462' title='bbox 873 3269 1214 3334; x_wconf 72' lang='grc' dir='ltr'>στεφανοῦται</span> <span class='ocrx_word' id='word_1_463' title='bbox 1253 3263 1372 3313; x_wconf 79' lang='grc' dir='ltr'>ἄνευ</span> <span class='ocrx_word' id='word_1_464' title='bbox 1407 3259 1823 3332; x_wconf 80' lang='grc' dir='ltr'>ἆνταγωνιστοῦ,</span> 
     </span>
    </p>
   </div>
   <div class='ocr_carea' id='block_1_68' title="bbox 217 3347 1825 3425">
    <p class='ocr_par' dir='ltr' id='par_1_68' title="bbox 217 3347 1825 3425">
     <span class='ocr_line' id='line_1_68' title="bbox 217 3347 1825 3425; baseline -0.006 -17"><span class='ocrx_word' id='word_1_465' title='bbox 217 3359 383 3416; x_wconf 70' lang='grc' dir='ltr'>οὕτως</span> <span class='ocrx_word' id='word_1_466' title='bbox 442 3351 565 3406; x_wconf 66' lang='grc' dir='ltr'>οὐδὲ</span> <span class='ocrx_word' id='word_1_467' title='bbox 619 3350 840 3425; x_wconf 76' lang='grc' dir='ltr'>δόκιμος</span> <span class='ocrx_word' id='word_1_468' title='bbox 897 3350 1258 3423; x_wconf 75' lang='grc' dir='ltr'>ἀποφανθῆναι</span> <span class='ocrx_word' id='word_1_469' title='bbox 1317 3347 1534 3402; x_wconf 66' lang='grc' dir='ltr'>δύναται</span> <span class='ocrx_word' id='word_1_470' title='bbox 1565 3350 1710 3421; x_wconf 83' lang='grc' dir='ltr'>είμὴ</span> <span class='ocrx_word' id='word_1_471' title='bbox 1747 3353 1825 3420; x_wconf 82' lang='grc'>(4)</span> 
     </span>
    </p>
   </div>
   <div class='ocr_carea' id='block_1_69' title="bbox 218 3435 1824 3512">
    <p class='ocr_par' dir='ltr' id='par_1_69' title="bbox 218 3435 1824 3512">
     <span class='ocr_line' id='line_1_69' title="bbox 218 3435 1824 3512; baseline -0.004 -16"><span class='ocrx_word' id='word_1_472' title='bbox 218 3441 318 3496; x_wconf 72' lang='grc' dir='ltr'>διὰ</span> <span class='ocrx_word' id='word_1_473' title='bbox 367 3441 608 3512; x_wconf 62' lang='grc' dir='ltr'>θλίψεων,</span> <span class='ocrx_word' id='word_1_474' title='bbox 671 3448 742 3493; x_wconf 85' lang='grc' dir='ltr'>Εκ</span> <span class='ocrx_word' id='word_1_475' title='bbox 791 3447 973 3492; x_wconf 82' lang='grc' dir='ltr'>πασῶν</span> <span class='ocrx_word' id='word_1_476' title='bbox 1041 3435 1128 3490; x_wconf 78' lang='grc' dir='ltr'>οὖν</span> <span class='ocrx_word' id='word_1_477' title='bbox 1177 3447 1276 3490; x_wconf 83' lang='grc' dir='ltr'>τῶν</span> <span class='ocrx_word' id='word_1_478' title='bbox 1324 3436 1543 3508; x_wconf 69' lang='grc' dir='ltr'>θλίψεων</span> <span class='ocrx_word' id='word_1_479' title='bbox 1606 3438 1824 3511; x_wconf 74' lang='grc' dir='ltr'>ῥύσεται</span> 
     </span>
    </p>
   </div>
   <div class='ocr_carea' id='block_1_70' title="bbox 218 3525 1824 3602">
    <p class='ocr_par' dir='ltr' id='par_1_70' title="bbox 218 3525 1824 3602">
     <span class='ocr_line' id='line_1_70' title="bbox 218 3525 1824 3602; baseline -0.005 -16"><span class='ocrx_word' id='word_1_480' title='bbox 218 3535 428 3594; x_wconf 69' lang='grc' dir='ltr'>αὐτοὺς,</span> <span class='ocrx_word' id='word_1_481' title='bbox 497 3531 624 3602; x_wconf 74' lang='grc' dir='ltr'>οὐχὶ</span> <span class='ocrx_word' id='word_1_482' title='bbox 666 3535 737 3602; x_wconf 81' lang='grc' dir='ltr'>μὴ</span> <span class='ocrx_word' id='word_1_483' title='bbox 790 3528 880 3581; x_wconf 84' lang='grc' dir='ltr'>ἐῶν</span> <span class='ocrx_word' id='word_1_484' title='bbox 935 3529 1124 3588; x_wconf 69' lang='grc' dir='ltr'>αὐτοὺς</span> <span class='ocrx_word' id='word_1_485' title='bbox 1167 3526 1456 3595; x_wconf 72' lang='grc' dir='ltr'>θλίϐεσθαι,</span> <span class='ocrx_word' id='word_1_486' title='bbox 1482 3525 1612 3579; x_wconf 84' lang='grc' dir='ltr'>ἀλλά</span> <span class='ocrx_word' id='word_1_487' title='bbox 1635 3530 1726 3578; x_wconf 78' lang='grc' dir='ltr'>σὺν</span> <span class='ocrx_word' id='word_1_488' title='bbox 1752 3534 1824 3596; x_wconf 82' lang='grc' dir='ltr'>τῷ</span> 
     </span>
    </p>
   </div>
   <div class='ocr_carea' id='block_1_71' title="bbox 218 3613 1824 3699">
    <p class='ocr_par' dir='ltr' id='par_1_71' title="bbox 218 3613 1824 3699">
     <span class='ocr_line' id='line_1_71' title="bbox 218 3613 1824 3699; baseline -0.006 -23"><span class='ocrx_word' id='word_1_489' title='bbox 218 3630 498 3699; x_wconf 79' lang='grc' dir='ltr'>πειρασμῷ</span> <span class='ocrx_word' id='word_1_490' title='bbox 557 3625 647 3673; x_wconf 80' lang='grc' dir='ltr'>καὶ</span> <span class='ocrx_word' id='word_1_491' title='bbox 694 3625 788 3676; x_wconf 79' lang='grc' dir='ltr'>τὴν</span> <span class='ocrx_word' id='word_1_492' title='bbox 837 3617 1050 3670; x_wconf 71' lang='grc' dir='ltr'>ἔκϐασιν</span> <span class='ocrx_word' id='word_1_493' title='bbox 1107 3624 1198 3669; x_wconf 80' lang='grc' dir='ltr'>τοῦ</span> <span class='ocrx_word' id='word_1_494' title='bbox 1239 3613 1501 3669; x_wconf 76' lang='grc' dir='ltr'>δύνασθαι</span> <span class='ocrx_word' id='word_1_495' title='bbox 1530 3615 1824 3686; x_wconf 71' lang='grc' dir='ltr'>ὑπενεγκεῖν</span> 
     </span>
    </p>
   </div>
   <div class='ocr_carea' id='block_1_72' title="bbox 217 3701 1825 3786">
    <p class='ocr_par' dir='ltr' id='par_1_72' title="bbox 217 3701 1825 3786">
     <span class='ocr_line' id='line_1_72' title="bbox 217 3701 1825 3786; baseline -0.006 -22"><span class='ocrx_word' id='word_1_496' title='bbox 217 3711 593 3786; x_wconf 78' lang='grc' dir='ltr'>χαριζόμενος.</span> <span class='ocrx_word' id='word_1_497' title='bbox 657 3709 717 3760; x_wconf 87' lang='grc' dir='ltr'><strong>Ὀ</strong></span> <span class='ocrx_word' id='word_1_498' title='bbox 767 3705 827 3760; x_wconf 75' lang='grc' dir='ltr'>δὲ</span> <span class='ocrx_word' id='word_1_499' title='bbox 871 3707 1028 3779; x_wconf 86' lang='grc' dir='ltr'>λέγων</span> <span class='ocrx_word' id='word_1_500' title='bbox 1086 3711 1156 3778; x_wconf 83' lang='grc' dir='ltr'>μὴ</span> <span class='ocrx_word' id='word_1_501' title='bbox 1190 3709 1398 3781; x_wconf 82' lang='grc' dir='ltr'>πρέπειν</span> <span class='ocrx_word' id='word_1_502' title='bbox 1425 3713 1496 3775; x_wconf 83' lang='grc' dir='ltr'>τῷ</span> <span class='ocrx_word' id='word_1_503' title='bbox 1515 3701 1704 3775; x_wconf 75' lang='grc' dir='ltr'>δικαίῳ</span> <span class='ocrx_word' id='word_1_504' title='bbox 1732 3709 1825 3761; x_wconf 71' lang='grc' dir='ltr'>τὴν</span> 
     </span>
    </p>
   </div>
   <div class='ocr_carea' id='block_1_73' title="bbox 222 3792 1820 3871">
    <p class='ocr_par' dir='ltr' id='par_1_73' title="bbox 222 3792 1820 3871">
     <span class='ocr_line' id='line_1_73' title="bbox 222 3792 1820 3871; baseline -0.006 -17"><span class='ocrx_word' id='word_1_505' title='bbox 222 3801 425 3871; x_wconf 63' lang='grc' dir='ltr'>θλίψιν,</span> <span class='ocrx_word' id='word_1_506' title='bbox 489 3797 639 3852; x_wconf 68' lang='grc' dir='ltr'>οὐδὲν</span> <span class='ocrx_word' id='word_1_507' title='bbox 701 3800 866 3871; x_wconf 82' lang='grc' dir='ltr'>ἕτερον</span> <span class='ocrx_word' id='word_1_508' title='bbox 899 3798 1048 3868; x_wconf 80' lang='grc' dir='ltr'>λέγει,</span> <span class='ocrx_word' id='word_1_509' title='bbox 1083 3796 1111 3854; x_wconf 74' lang='grc' dir='ltr'>ἡ</span> <span class='ocrx_word' id='word_1_510' title='bbox 1145 3799 1215 3868; x_wconf 81' lang='grc' dir='ltr'>μὴ</span> <span class='ocrx_word' id='word_1_511' title='bbox 1255 3793 1496 3868; x_wconf 77' lang='grc' dir='ltr'>ἁρμόζειν</span> <span class='ocrx_word' id='word_1_512' title='bbox 1522 3801 1592 3865; x_wconf 75' lang='grc' dir='ltr'>τῷ</span> <span class='ocrx_word' id='word_1_513' title='bbox 1625 3792 1820 3865; x_wconf 73' lang='grc' dir='ltr'>ἀθλητῇ</span> 
     </span>
    </p>
   </div>
   <div class='ocr_carea' id='block_1_74' title="bbox 217 3892 636 3963">
    <p class='ocr_par' dir='ltr' id='par_1_74' title="bbox 217 3892 636 3963">
     <span class='ocr_line' id='line_1_74' title="bbox 217 3892 636 3963; baseline -0.01 -18"><span class='ocrx_word' id='word_1_514' title='bbox 217 3892 585 3963; x_wconf 79' lang='grc' dir='ltr'>ἀνταγωνιστή</span> <span class='ocrx_word' id='word_1_515' title='bbox 594 3911 636 3941; x_wconf 92' lang='grc' dir='ltr'>ν.</span> 
     </span>
    </p>
   </div>
   <div class='ocr_carea' id='block_1_75' title="bbox 300 4059 1824 4142">
    <p class='ocr_par' dir='ltr' id='par_1_75' title="bbox 300 4059 1824 4142">
     <span class='ocr_line' id='line_1_75' title="bbox 300 4059 1824 4142; baseline -0.009 -16"><span class='ocrx_word' id='word_1_516' title='bbox 300 4075 355 4126; x_wconf 85' lang='lat'>5.</span> <span class='ocrx_word' id='word_1_517' title='bbox 388 4070 530 4123; x_wconf 83' lang='grc' dir='ltr'>Ἐπεὶ</span> <span class='ocrx_word' id='word_1_518' title='bbox 589 4063 648 4121; x_wconf 66' lang='grc' dir='ltr'>δὲ</span> <span class='ocrx_word' id='word_1_519' title='bbox 703 4071 840 4142; x_wconf 76' lang='grc' dir='ltr'>φέρει</span> <span class='ocrx_word' id='word_1_520' title='bbox 889 4066 1226 4138; x_wconf 85' lang='grc' dir='ltr'>παραμυθίαν</span> <span class='ocrx_word' id='word_1_521' title='bbox 1279 4059 1612 4137; x_wconf 77' lang='grc' dir='ltr'>ὀδυρομένοις</span> <span class='ocrx_word' id='word_1_522' title='bbox 1656 4063 1686 4120; x_wconf 77' lang='grc' dir='ltr'>ἡ</span> <span class='ocrx_word' id='word_1_523' title='bbox 1715 4080 1824 4114; x_wconf 86' lang='grc' dir='ltr'>κοι-</span> 
     </span>
    </p>
   </div>
   <div class='ocr_carea' id='block_1_76' title="bbox 215 4153 1827 4227">
    <p class='ocr_par' dir='ltr' id='par_1_76' title="bbox 215 4153 1827 4227">
     <span class='ocr_line' id='line_1_76' title="bbox 215 4153 1827 4227; baseline -0.007 -14"><span class='ocrx_word' id='word_1_524' title='bbox 215 4164 383 4213; x_wconf 86' lang='grc' dir='ltr'>νωνία</span> <span class='ocrx_word' id='word_1_525' title='bbox 433 4167 534 4211; x_wconf 82' lang='grc' dir='ltr'>τῶν</span> <span class='ocrx_word' id='word_1_526' title='bbox 585 4163 904 4227; x_wconf 83' lang='grc' dir='ltr'>στεναγμῶν,</span> <span class='ocrx_word' id='word_1_527' title='bbox 947 4153 1344 4224; x_wconf 77' lang='grc' dir='ltr'>ἐπιστυγνάζειν</span> <span class='ocrx_word' id='word_1_528' title='bbox 1409 4155 1500 4224; x_wconf 71' lang='grc' dir='ltr'>μεν</span> <span class='ocrx_word' id='word_1_529' title='bbox 1547 4159 1662 4212; x_wconf 89' lang='grc' dir='ltr'>ταῖς</span> <span class='ocrx_word' id='word_1_530' title='bbox 1695 4171 1827 4222; x_wconf 86' lang='grc' dir='ltr'>συμ-</span> 
     </span>
    </p>
   </div>
   <div class='ocr_carea' id='block_1_77' title="bbox 224 4239 1824 4322">
    <p class='ocr_par' dir='ltr' id='par_1_77' title="bbox 224 4239 1824 4322">
     <span class='ocr_line' id='line_1_77' title="bbox 224 4239 1824 4322; baseline -0.006 -20"><span class='ocrx_word' id='word_1_531' title='bbox 224 4257 414 4322; x_wconf 73' lang='grc' dir='ltr'>φοραῖς</span> <span class='ocrx_word' id='word_1_532' title='bbox 460 4255 560 4300; x_wconf 80' lang='grc' dir='ltr'>τῶν</span> <span class='ocrx_word' id='word_1_533' title='bbox 598 4247 922 4299; x_wconf 81' lang='grc' dir='ltr'>πεπονθότων</span> <span class='ocrx_word' id='word_1_534' title='bbox 967 4242 1266 4296; x_wconf 86' lang='grc' dir='ltr'>ἀκόλουθον.</span> <span class='ocrx_word' id='word_1_535' title='bbox 1325 4242 1476 4293; x_wconf 75' lang='grc' dir='ltr'>Οὕτω</span> <span class='ocrx_word' id='word_1_536' title='bbox 1505 4243 1607 4314; x_wconf 81' lang='grc' dir='ltr'>γὰρ</span> <span class='ocrx_word' id='word_1_537' title='bbox 1642 4239 1824 4292; x_wconf 74' lang='grc' dir='ltr'>ἑαυτὸν</span> 
     </span>
    </p>
   </div>
   <div class='ocr_carea' id='block_1_78' title="bbox 217 4331 1824 4409">
    <p class='ocr_par' dir='ltr' id='par_1_78' title="bbox 217 4331 1824 4409">
     <span class='ocr_line' id='line_1_78' title="bbox 217 4331 1824 4409; baseline -0.006 -18"><span class='ocrx_word' id='word_1_538' title='bbox 217 4342 474 4409; x_wconf 77' lang='grc' dir='ltr'>οἱκειώση</span> <span class='ocrx_word' id='word_1_539' title='bbox 522 4345 644 4406; x_wconf 84' lang='grc' dir='ltr'>τοῖς,</span> <span class='ocrx_word' id='word_1_540' title='bbox 701 4337 1012 4406; x_wconf 77' lang='grc' dir='ltr'>πάσχαυσὶ,</span> <span class='ocrx_word' id='word_1_541' title='bbox 1079 4337 1149 4404; x_wconf 82' lang='grc' dir='ltr'>μὴ</span> <span class='ocrx_word' id='word_1_542' title='bbox 1209 4331 1672 4404; x_wconf 86' lang='grc' dir='ltr'>καθιλαρευόμενος</span> <span class='ocrx_word' id='word_1_543' title='bbox 1724 4338 1824 4382; x_wconf 67' lang='grc' dir='ltr'>τῶν</span> 
     </span>
    </p>
   </div>
   <div class='ocr_carea' id='block_1_79' title="bbox 219 4418 1900 4505">
    <p class='ocr_par' dir='ltr' id='par_1_79' title="bbox 219 4418 1900 4505">
     <span class='ocr_line' id='line_1_79' title="bbox 219 4418 1900 4505; baseline -0.014 -23"><span class='ocrx_word' id='word_1_544' title='bbox 219 4436 525 4500; x_wconf 72' lang='grc' dir='ltr'>συμφορῶν,</span> <span class='ocrx_word' id='word_1_545' title='bbox 578 4421 716 4498; x_wconf 65' lang='grc' dir='ltr'>μηδι</span> <span class='ocrx_word' id='word_1_546' title='bbox 764 4419 1116 4495; x_wconf 67' lang='grc' dir='ltr'>ὸαὸιαφορών</span> <span class='ocrx_word' id='word_1_547' title='bbox 1171 4427 1278 4482; x_wconf 86' lang='grc' dir='ltr'>τοῖς</span> <span class='ocrx_word' id='word_1_548' title='bbox 1334 4418 1617 4493; x_wconf 84' lang='grc' dir='ltr'>ἀλλοτρίοις</span> <span class='ocrx_word' id='word_1_549' title='bbox 1666 4418 1824 4490; x_wconf 66' lang='grc' dir='ltr'>ἀλγῇ-</span> <span class='ocrx_word' id='word_1_550' title='bbox 1859 4453 1900 4505; x_wconf 80' lang='lat' dir='ltr'>D</span> 
     </span>
    </p>
   </div>
   <div class='ocr_carea' id='block_1_80' title="bbox 215 4507 1825 4590">
    <p class='ocr_par' dir='ltr' id='par_1_80' title="bbox 215 4507 1825 4590">
     <span class='ocr_line' id='line_1_80' title="bbox 215 4507 1825 4590; baseline -0.007 -21"><span class='ocrx_word' id='word_1_551' title='bbox 215 4536 407 4590; x_wconf 79' lang='grc' dir='ltr'>μασιν.</span> <span class='ocrx_word' id='word_1_552' title='bbox 443 4515 519 4567; x_wconf 70' lang='grc' dir='ltr'>Οὐ</span> <span class='ocrx_word' id='word_1_553' title='bbox 582 4518 684 4587; x_wconf 78' lang='grc' dir='ltr'>μὴν</span> <span class='ocrx_word' id='word_1_554' title='bbox 724 4516 1010 4587; x_wconf 83' lang='grc' dir='ltr'>περαιτέρω</span> <span class='ocrx_word' id='word_1_555' title='bbox 1037 4529 1096 4581; x_wconf 86' lang='grc' dir='ltr'>γε</span> <span class='ocrx_word' id='word_1_556' title='bbox 1135 4510 1535 4581; x_wconf 78' lang='grc' dir='ltr'>συνεκφέρεσθαι</span> <span class='ocrx_word' id='word_1_557' title='bbox 1585 4514 1690 4568; x_wconf 82' lang='grc' dir='ltr'>τοῖς</span> <span class='ocrx_word' id='word_1_558' title='bbox 1738 4507 1825 4558; x_wconf 87' lang='grc' dir='ltr'>λυ-</span> 
     </span>
    </p>
   </div>
   <div class='ocr_carea' id='block_1_81' title="bbox 212 4597 1824 4678">
    <p class='ocr_par' dir='ltr' id='par_1_81' title="bbox 212 4597 1824 4678">
     <span class='ocr_line' id='line_1_81' title="bbox 212 4597 1824 4678; baseline -0.007 -19"><span class='ocrx_word' id='word_1_559' title='bbox 212 4610 502 4678; x_wconf 58' lang='grc' dir='ltr'>πουμένοις</span> <span class='ocrx_word' id='word_1_560' title='bbox 555 4612 838 4676; x_wconf 81' lang='grc' dir='ltr'>προσῆκεν,</span> <span class='ocrx_word' id='word_1_561' title='bbox 899 4603 1031 4652; x_wconf 77' lang='grc' dir='ltr'>ὥστε</span> <span class='ocrx_word' id='word_1_562' title='bbox 1089 4599 1118 4656; x_wconf 72' lang='grc' dir='ltr'><em>ἢ</em></span> <span class='ocrx_word' id='word_1_563' title='bbox 1178 4597 1476 4666; x_wconf 65' lang='grc' dir='ltr'>πνεκϐοᾲν,</span> <span class='ocrx_word' id='word_1_564' title='bbox 1533 4597 1562 4654; x_wconf 77' lang='grc' dir='ltr'>ἡ</span> <span class='ocrx_word' id='word_1_565' title='bbox 1597 4597 1824 4669; x_wconf 89' lang='grc' dir='ltr'>συνθρη-</span> 
     </span>
    </p>
   </div>
   <div class='ocr_carea' id='block_1_82' title="bbox 213 4685 1825 4764">
    <p class='ocr_par' dir='ltr' id='par_1_82' title="bbox 213 4685 1825 4764">
     <span class='ocr_line' id='line_1_82' title="bbox 213 4685 1825 4764; baseline -0.008 -16"><span class='ocrx_word' id='word_1_566' title='bbox 213 4702 325 4748; x_wconf 62' lang='grc' dir='ltr'>νεῖ)</span> <span class='ocrx_word' id='word_1_567' title='bbox 377 4702 448 4764; x_wconf 78' lang='grc' dir='ltr'>τῷ</span> <span class='ocrx_word' id='word_1_568' title='bbox 515 4694 810 4758; x_wconf 86' lang='grc' dir='ltr'>πεπονθότι,</span> <span class='ocrx_word' id='word_1_569' title='bbox 861 4691 889 4748; x_wconf 71' lang='grc' dir='ltr'>ἡ</span> <span class='ocrx_word' id='word_1_570' title='bbox 947 4691 994 4742; x_wconf 81' lang='grc' dir='ltr'>ἑν</span> <span class='ocrx_word' id='word_1_571' title='bbox 1051 4695 1161 4749; x_wconf 82' lang='grc' dir='ltr'>τοῖς</span> <span class='ocrx_word' id='word_1_572' title='bbox 1217 4685 1502 4759; x_wconf 85' lang='grc' dir='ltr'>ἀλλοτρίοις</span> <span class='ocrx_word' id='word_1_573' title='bbox 1548 4686 1825 4756; x_wconf 86' lang='grc' dir='ltr'>πιμεῖσθαι</span> 
     </span>
    </p>
   </div>
   <div class='ocr_carea' id='block_1_83' title="bbox 219 4770 1825 4850">
    <p class='ocr_par' dir='ltr' id='par_1_83' title="bbox 219 4770 1825 4850">
     <span class='ocr_line' id='line_1_83' title="bbox 219 4770 1825 4850; baseline -0.009 -13"><span class='ocrx_word' id='word_1_574' title='bbox 219 4790 321 4837; x_wconf 77' lang='grc' dir='ltr'>καὶ</span> <span class='ocrx_word' id='word_1_575' title='bbox 376 4783 564 4844; x_wconf 59' lang='grc' dir='ltr'>ζηλοῦν</span> <span class='ocrx_word' id='word_1_576' title='bbox 627 4787 716 4834; x_wconf 85' lang='grc' dir='ltr'>τόν</span> <span class='ocrx_word' id='word_1_577' title='bbox 776 4779 1121 4850; x_wconf 76' lang='grc' dir='ltr'>ἐσκοτωμένον</span> <span class='ocrx_word' id='word_1_578' title='bbox 1172 4778 1270 4828; x_wconf 75' lang='grc' dir='ltr'>ὑπὸ</span> <span class='ocrx_word' id='word_1_579' title='bbox 1328 4781 1416 4828; x_wconf 69' lang='grc' dir='ltr'>τοῦ</span> <span class='ocrx_word' id='word_1_580' title='bbox 1468 4775 1690 4840; x_wconf 86' lang='grc' dir='ltr'>πάθους,</span> <span class='ocrx_word' id='word_1_581' title='bbox 1719 4770 1825 4825; x_wconf 82' lang='grc' dir='ltr'>οἷον</span> 
     </span>
    </p>
   </div>
   <div class='ocr_carea' id='block_1_84' title="bbox 1355 4916 1822 4986">
    <p class='ocr_par' dir='ltr' id='par_1_84' title="bbox 1355 4916 1822 4986">
     <span class='ocr_line' id='line_1_84' title="bbox 1355 4916 1822 4986; baseline 0 -14"><span class='ocrx_word' id='word_1_582' title='bbox 1355 4919 1402 4952; x_wconf 75' lang='lat'>99</span> <span class='ocrx_word' id='word_1_583' title='bbox 1436 4918 1608 4972; x_wconf 88' lang='lat' dir='ltr'>lCor.</span> <span class='ocrx_word' id='word_1_584' title='bbox 1641 4931 1698 4986; x_wconf 71' lang='grc' dir='ltr'>Χ,</span> <span class='ocrx_word' id='word_1_585' title='bbox 1735 4916 1822 4972; x_wconf 88' lang='grc'>13.</span> 
     </span>
    </p>
   </div>
   <div class='ocr_carea' id='block_1_85' title="bbox 297 4923 1252 4993">
    <p class='ocr_par' dir='ltr' id='par_1_85' title="bbox 297 4923 1252 4993">
     <span class='ocr_line' id='line_1_85' title="bbox 297 4923 1252 4993; baseline -0.01 -10"><span class='ocrx_word' id='word_1_586' title='bbox 297 4929 341 4962; x_wconf 72' lang='grc'>9⁷</span> <span class='ocrx_word' id='word_1_587' title='bbox 372 4925 544 4982; x_wconf 84' lang='lat' dir='ltr'>llebr.</span> <span class='ocrx_word' id='word_1_588' title='bbox 573 4941 670 4993; x_wconf 83' lang='lat' dir='ltr'>xu,</span> <span class='ocrx_word' id='word_1_589' title='bbox 699 4929 729 4980; x_wconf 87' lang='lat'><strong>6</strong></span> <span class='ocrx_word' id='word_1_590' title='bbox 829 4923 875 4957; x_wconf 72' lang='grc'>9⁸</span> <span class='ocrx_word' id='word_1_591' title='bbox 907 4923 1078 4976; x_wconf 83' lang='lat' dir='ltr'>Rom.</span> <span class='ocrx_word' id='word_1_592' title='bbox 1109 4935 1166 4986; x_wconf 88' lang='lat' dir='ltr'>v,</span> <span class='ocrx_word' id='word_1_593' title='bbox 1201 4923 1252 4974; x_wconf 88' lang='lat'>3.</span> 
     </span>
    </p>
   </div>
   <div class='ocr_carea' id='block_1_86' title="bbox 299 5073 1824 5160">
    <p class='ocr_par' dir='ltr' id='par_1_86' title="bbox 299 5073 1824 5160">
     <span class='ocr_line' id='line_1_86' title="bbox 299 5073 1824 5160; baseline -0.011 -16"><span class='ocrx_word' id='word_1_594' title='bbox 299 5091 380 5160; x_wconf 83' lang='grc'>(1)</span> <span class='ocrx_word' id='word_1_595' title='bbox 441 5088 782 5149; x_wconf 78' lang='grc' dir='ltr'>Διασώζοντι.</span> <span class='ocrx_word' id='word_1_596' title='bbox 805 5085 895 5142; x_wconf 88' lang='lat' dir='ltr'>Sic</span> <span class='ocrx_word' id='word_1_597' title='bbox 925 5088 1174 5160; x_wconf 82' lang='lat' dir='ltr'>uterque</span> <span class='ocrx_word' id='word_1_598' title='bbox 1201 5079 1411 5160; x_wconf 49' lang='lat' dir='ltr'>codex;</span> <span class='ocrx_word' id='word_1_599' title='bbox 1444 5076 1594 5160; x_wconf 56' lang='lat' dir='ltr'>Editi</span> <span class='ocrx_word' id='word_1_600' title='bbox 1627 5073 1824 5160; x_wconf 53' lang='grc' dir='ltr'>ὃιασέὸο</span> 
     </span>
    </p>
   </div>
   <div class='ocr_carea' id='block_1_87' title="bbox 224 5147 1823 5225">
    <p class='ocr_par' dir='ltr' id='par_1_87' title="bbox 224 5147 1823 5225">
     <span class='ocr_line' id='line_1_87' title="bbox 224 5147 1823 5225; baseline -0.006 -11"><span class='ocrx_word' id='word_1_601' title='bbox 224 5147 320 5225; x_wconf 58' lang='grc' dir='ltr'>ζον</span> <span class='ocrx_word' id='word_1_602' title='bbox 346 5147 422 5217; x_wconf 67' lang='grc' dir='ltr'>τι.</span> <span class='ocrx_word' id='word_1_603' title='bbox 456 5147 643 5214; x_wconf 82' lang='lat' dir='ltr'>Minus</span> <span class='ocrx_word' id='word_1_604' title='bbox 669 5155 990 5214; x_wconf 89' lang='lat' dir='ltr'>commode</span> <span class='ocrx_word' id='word_1_605' title='bbox 1013 5147 1346 5220; x_wconf 76' lang='lat' dir='ltr'>contextus,</span> <span class='ocrx_word' id='word_1_606' title='bbox 1375 5147 1639 5210; x_wconf 77' lang='grc' dir='ltr'>διασωζω</span> <span class='ocrx_word' id='word_1_607' title='bbox 1677 5149 1823 5205; x_wconf 83' lang='lat' dir='ltr'>refe-</span> 
     </span>
    </p>
   </div>
   <div class='ocr_carea' id='block_1_88' title="bbox 217 5230 720 5302">
    <p class='ocr_par' dir='ltr' id='par_1_88' title="bbox 217 5230 720 5302">
     <span class='ocr_line' id='line_1_88' title="bbox 217 5230 720 5302; baseline -0.006 -14"><span class='ocrx_word' id='word_1_608' title='bbox 217 5231 420 5291; x_wconf 83' lang='lat' dir='ltr'>rendo</span> <span class='ocrx_word' id='word_1_609' title='bbox 446 5231 523 5286; x_wconf 87' lang='lat' dir='ltr'>ad</span> <span class='ocrx_word' id='word_1_610' title='bbox 551 5230 720 5302; x_wconf 57' lang='grc' dir='ltr'>μέλος.</span> 
     </span>
    </p>
   </div>
   <div class='ocr_carea' id='block_1_89' title="bbox 297 5292 1822 5374">
    <p class='ocr_par' dir='ltr' id='par_1_89' title="bbox 297 5292 1822 5374">
     <span class='ocr_line' id='line_1_89' title="bbox 297 5292 1822 5374; baseline -0.009 -20"><span class='ocrx_word' id='word_1_611' title='bbox 297 5307 375 5374; x_wconf 77' lang='lat'>(2)</span> <span class='ocrx_word' id='word_1_612' title='bbox 399 5303 510 5354; x_wconf 67' lang='grc' dir='ltr'>Οὐκ</span> <span class='ocrx_word' id='word_1_613' title='bbox 542 5292 750 5374; x_wconf 72' lang='grc' dir='ltr'>ἑὶδοτες,</span> <span class='ocrx_word' id='word_1_614' title='bbox 811 5302 962 5374; x_wconf 76' lang='lat' dir='ltr'>Haec</span> <span class='ocrx_word' id='word_1_615' title='bbox 997 5295 1183 5352; x_wconf 83' lang='lat' dir='ltr'>verba</span> <span class='ocrx_word' id='word_1_616' title='bbox 1226 5309 1415 5366; x_wconf 89' lang='lat' dir='ltr'>usque</span> <span class='ocrx_word' id='word_1_617' title='bbox 1438 5292 1516 5348; x_wconf 90' lang='lat' dir='ltr'>ad</span> <span class='ocrx_word' id='word_1_618' title='bbox 1544 5294 1822 5350; x_wconf 76' lang='grc' dir='ltr'>ποιήσεται</span> 
     </span>
    </p>
   </div>
   <div class='ocr_carea' id='block_1_90' title="bbox 219 5373 1445 5446">
    <p class='ocr_par' dir='ltr' id='par_1_90' title="bbox 219 5373 1445 5446">
     <span class='ocr_line' id='line_1_90' title="bbox 219 5373 1445 5446; baseline -0.012 -13"><span class='ocrx_word' id='word_1_619' title='bbox 219 5390 357 5433; x_wconf 87' lang='lat' dir='ltr'>non</span> <span class='ocrx_word' id='word_1_620' title='bbox 378 5377 615 5446; x_wconf 89' lang='lat' dir='ltr'>reperta</span> <span class='ocrx_word' id='word_1_621' title='bbox 640 5373 701 5446; x_wconf 89' lang='lat' dir='ltr'>in</span> <span class='ocrx_word' id='word_1_622' title='bbox 731 5373 1068 5446; x_wconf 76' lang='lat' dir='ltr'>contextus.</span> <span class='ocrx_word' id='word_1_623' title='bbox 1213 5441 1221 5446; x_wconf 82' lang='lat'>_</span> <span class='ocrx_word' id='word_1_624' title='bbox 1311 5440 1321 5446; x_wconf 78' lang='lat'>_</span> <span class='ocrx_word' id='word_1_625' title='bbox 1434 5434 1445 5446; x_wconf 38' lang='lat'><em>‘</em></span> 
     </span>
    </p>
   </div>
   <div class='ocr_carea' id='block_1_91' title="bbox 301 5434 1821 5515">
    <p class='ocr_par' dir='ltr' id='par_1_91' title="bbox 301 5434 1821 5515">
     <span class='ocr_line' id='line_1_91' title="bbox 301 5434 1821 5515; baseline -0.011 -14"><span class='ocrx_word' id='word_1_626' title='bbox 301 5449 377 5515; x_wconf 83' lang='lat'>(3)</span> <span class='ocrx_word' id='word_1_627' title='bbox 399 5434 712 5502; x_wconf 63' lang='grc' dir='ltr'>’Ᾰθλητικάο</span> <span class='ocrx_word' id='word_1_628' title='bbox 743 5441 976 5513; x_wconf 86' lang='lat' dir='ltr'>Legitur</span> <span class='ocrx_word' id='word_1_629' title='bbox 1000 5440 1061 5495; x_wconf 89' lang='lat' dir='ltr'>in</span> <span class='ocrx_word' id='word_1_630' title='bbox 1087 5440 1390 5494; x_wconf 86' lang='lat' dir='ltr'>contextu.</span> <span class='ocrx_word' id='word_1_631' title='bbox 1426 5434 1703 5492; x_wconf 68' lang='grc' dir='ltr'>ἀθλητικαὶ</span> <span class='ocrx_word' id='word_1_632' title='bbox 1732 5437 1821 5484; x_wconf 81' lang='grc' dir='ltr'>καὶ</span> 
     </span>
    </p>
   </div>
   <div class='ocr_carea' id='block_1_92' title="bbox 210 5536 517 5572">
    <p class='ocr_par' dir='ltr' id='par_1_92' title="bbox 210 5536 517 5572">
     <span class='ocr_line' id='line_1_92' title="bbox 210 5536 517 5572; baseline -0.003 0"><span class='ocrx_word' id='word_1_633' title='bbox 210 5536 517 5572; x_wconf 64' lang='grc' dir='ltr'>γυμνασια.</span> 
     </span>
    </p>
   </div>
   <div class='ocr_carea' id='block_1_93' title="bbox 218 5539 1822 5660">
    <p class='ocr_par' dir='ltr' id='par_1_93' title="bbox 218 5539 1822 5660">
     <span class='ocr_line' id='line_1_93' title="bbox 218 5539 1822 5660; baseline -0.012 -8"><span class='ocrx_word' id='word_1_634' title='bbox 218 5539 603 5660; x_wconf 33' lang='lat' dir='ltr'>ﬂagitium</span> <span class='ocrx_word' id='word_1_635' title='bbox 636 5587 831 5643; x_wconf 87' lang='lat' dir='ltr'>Prima</span> <span class='ocrx_word' id='word_1_636' title='bbox 859 5582 1074 5641; x_wconf 91' lang='lat' dir='ltr'>vocula</span> <span class='ocrx_word' id='word_1_637' title='bbox 1097 5581 1305 5640; x_wconf 90' lang='lat' dir='ltr'>addita</span> <span class='ocrx_word' id='word_1_638' title='bbox 1351 5594 1420 5636; x_wconf 89' lang='lat' dir='ltr'><strong>ex</strong></span> <span class='ocrx_word' id='word_1_639' title='bbox 1453 5581 1735 5637; x_wconf 83' lang='lat' dir='ltr'>contextu</span> <span class='ocrx_word' id='word_1_640' title='bbox 1765 5579 1822 5634; x_wconf 88' lang='lat' dir='ltr'>et</span> 
     </span>
    </p>
   </div>
   <div class='ocr_carea' id='block_1_94' title="bbox 1934 3150 3579 3224">
    <p class='ocr_par' dir='ltr' id='par_1_94' title="bbox 1934 3150 3579 3224">
     <span class='ocr_line' id='line_1_94' title="bbox 1934 3150 3579 3224; baseline -0.001 -16"><span class='ocrx_word' id='word_1_641' title='bbox 1934 3168 2074 3208; x_wconf 91' lang='lat' dir='ltr'>nem</span> <span class='ocrx_word' id='word_1_642' title='bbox 2103 3152 2410 3217; x_wconf 88' lang='lat' dir='ltr'>detrectat,</span> <span class='ocrx_word' id='word_1_643' title='bbox 2432 3150 2786 3224; x_wconf 88' lang='lat' dir='ltr'>probatione</span> <span class='ocrx_word' id='word_1_644' title='bbox 2800 3167 2861 3206; x_wconf 92' lang='lat' dir='ltr'>se</span> <span class='ocrx_word' id='word_1_645' title='bbox 2882 3150 3010 3223; x_wconf 90' lang='lat' dir='ltr'>ipse</span> <span class='ocrx_word' id='word_1_646' title='bbox 3034 3151 3249 3223; x_wconf 90' lang='lat' dir='ltr'>privat.</span> <span class='ocrx_word' id='word_1_647' title='bbox 3283 3150 3579 3217; x_wconf 86' lang='lat' dir='ltr'>Quemad-</span> 
     </span>
    </p>
   </div>
   <div class='ocr_carea' id='block_1_95' title="bbox 1935 3239 3576 3311">
    <p class='ocr_par' dir='ltr' id='par_1_95' title="bbox 1935 3239 3576 3311">
     <span class='ocr_line' id='line_1_95' title="bbox 1935 3239 3576 3311; baseline -0.001 -13"><span class='ocrx_word' id='word_1_648' title='bbox 1935 3241 2187 3298; x_wconf 89' lang='lat' dir='ltr'>modum</span> <span class='ocrx_word' id='word_1_649' title='bbox 2229 3257 2371 3311; x_wconf 88' lang='lat' dir='ltr'>ergo</span> <span class='ocrx_word' id='word_1_650' title='bbox 2429 3257 2610 3296; x_wconf 90' lang='lat' dir='ltr'>nemo</span> <span class='ocrx_word' id='word_1_651' title='bbox 2655 3243 2977 3296; x_wconf 88' lang='lat' dir='ltr'>coronatur</span> <span class='ocrx_word' id='word_1_652' title='bbox 3014 3239 3140 3295; x_wconf 91' lang='lat' dir='ltr'>sine</span> <span class='ocrx_word' id='word_1_653' title='bbox 3183 3239 3576 3297; x_wconf 86' lang='lat' dir='ltr'>adversario:</span> 
     </span>
    </p>
   </div>
   <div class='ocr_carea' id='block_1_96' title="bbox 1937 3329 3578 3409">
    <p class='ocr_par' dir='ltr' id='par_1_96' title="bbox 1937 3329 3578 3409">
     <span class='ocr_line' id='line_1_96' title="bbox 1937 3329 3578 3409; baseline -0.001 -23"><span class='ocrx_word' id='word_1_654' title='bbox 1937 3332 2018 3388; x_wconf 90' lang='lat' dir='ltr'>sic</span> <span class='ocrx_word' id='word_1_655' title='bbox 2043 3331 2552 3409; x_wconf 72' lang='lat' dir='ltr'>neque,_probatus</span> <span class='ocrx_word' id='word_1_656' title='bbox 2578 3329 2902 3402; x_wconf 90' lang='lat' dir='ltr'>quisquam</span> <span class='ocrx_word' id='word_1_657' title='bbox 2935 3329 3313 3402; x_wconf 88' lang='lat' dir='ltr'>pronuntiari</span> <span class='ocrx_word' id='word_1_658' title='bbox 3361 3335 3578 3402; x_wconf 85' lang='lat' dir='ltr'>potest,</span> 
     </span>
    </p>
   </div>
   <div class='ocr_carea' id='block_1_97' title="bbox 1935 3418 3579 3493">
    <p class='ocr_par' dir='ltr' id='par_1_97' title="bbox 1935 3418 3579 3493">
     <span class='ocr_line' id='line_1_97' title="bbox 1935 3418 3579 3493; baseline -0.001 -18"><span class='ocrx_word' id='word_1_659' title='bbox 1935 3421 2048 3475; x_wconf 90' lang='lat' dir='ltr'>nisi</span> <span class='ocrx_word' id='word_1_660' title='bbox 2072 3436 2176 3493; x_wconf 91' lang='lat' dir='ltr'>per</span> <span class='ocrx_word' id='word_1_661' title='bbox 2206 3419 2640 3476; x_wconf 87' lang='lat' dir='ltr'>tribulationes.</span> <span class='ocrx_word' id='word_1_662' title='bbox 2683 3421 2764 3473; x_wconf 87' lang='lat' dir='ltr'>Ex</span> <span class='ocrx_word' id='word_1_663' title='bbox 2793 3418 3080 3474; x_wconf 90' lang='lat' dir='ltr'>omnibus</span> <span class='ocrx_word' id='word_1_664' title='bbox 3107 3419 3288 3489; x_wconf 91' lang='lat' dir='ltr'>igitur</span> <span class='ocrx_word' id='word_1_665' title='bbox 3339 3419 3579 3476; x_wconf 85' lang='lat' dir='ltr'>tribula-</span> 
     </span>
    </p>
   </div>
   <div class='ocr_carea' id='block_1_98' title="bbox 1935 3506 3582 3580">
    <p class='ocr_par' dir='ltr' id='par_1_98' title="bbox 1935 3506 3582 3580">
     <span class='ocr_line' id='line_1_98' title="bbox 1935 3506 3582 3580; baseline 0 -16"><span class='ocrx_word' id='word_1_666' title='bbox 1935 3509 2198 3564; x_wconf 88' lang='lat' dir='ltr'>tionibus</span> <span class='ocrx_word' id='word_1_667' title='bbox 2226 3509 2390 3580; x_wconf 90' lang='lat' dir='ltr'>ipsos</span> <span class='ocrx_word' id='word_1_668' title='bbox 2420 3513 2734 3578; x_wconf 88' lang='lat' dir='ltr'>eruet,non</span> <span class='ocrx_word' id='word_1_669' title='bbox 2762 3506 2928 3579; x_wconf 89' lang='lat' dir='ltr'>quod</span> <span class='ocrx_word' id='word_1_670' title='bbox 2941 3506 3209 3563; x_wconf 83' lang='lat' dir='ltr'>divexari</span> <span class='ocrx_word' id='word_1_671' title='bbox 3236 3523 3340 3564; x_wconf 92' lang='lat' dir='ltr'>eos</span> <span class='ocrx_word' id='word_1_672' title='bbox 3361 3523 3483 3564; x_wconf 89' lang='lat' dir='ltr'>non</span> <span class='ocrx_word' id='word_1_673' title='bbox 3510 3509 3582 3564; x_wconf 90' lang='lat' dir='ltr'>si-</span> 
     </span>
    </p>
   </div>
   <div class='ocr_carea' id='block_1_99' title="bbox 1935 3597 3576 3672">
    <p class='ocr_par' dir='ltr' id='par_1_99' title="bbox 1935 3597 3576 3672">
     <span class='ocr_line' id='line_1_99' title="bbox 1935 3597 3576 3672; baseline 0 -18"><span class='ocrx_word' id='word_1_674' title='bbox 1935 3605 2061 3668; x_wconf 86' lang='lat' dir='ltr'>nat,</span> <span class='ocrx_word' id='word_1_675' title='bbox 2101 3599 2390 3672; x_wconf 84' lang='lat' dir='ltr'>sedquod</span> <span class='ocrx_word' id='word_1_676' title='bbox 2416 3615 2555 3655; x_wconf 89' lang='lat' dir='ltr'>cum</span> <span class='ocrx_word' id='word_1_677' title='bbox 2580 3597 2904 3654; x_wconf 89' lang='lat' dir='ltr'>tentatione</span> <span class='ocrx_word' id='word_1_678' title='bbox 2954 3597 3178 3653; x_wconf 86' lang='lat' dir='ltr'>exitum</span> <span class='ocrx_word' id='word_1_679' title='bbox 3209 3599 3388 3654; x_wconf 85' lang='lat' dir='ltr'>etiam</span> <span class='ocrx_word' id='word_1_680' title='bbox 3432 3615 3576 3671; x_wconf 81' lang='lat' dir='ltr'>prae-</span> 
     </span>
    </p>
   </div>
   <div class='ocr_carea' id='block_1_100' title="bbox 1934 3685 3578 3761">
    <p class='ocr_par' dir='ltr' id='par_1_100' title="bbox 1934 3685 3578 3761">
     <span class='ocr_line' id='line_1_100' title="bbox 1934 3685 3578 3761; baseline -0.001 -16"><span class='ocrx_word' id='word_1_681' title='bbox 1934 3689 2092 3761; x_wconf 88' lang='lat' dir='ltr'>beat,</span> <span class='ocrx_word' id='word_1_682' title='bbox 2121 3689 2273 3745; x_wconf 91' lang='lat' dir='ltr'>adeo</span> <span class='ocrx_word' id='word_1_683' title='bbox 2299 3695 2362 3744; x_wconf 91' lang='lat' dir='ltr'>ut</span> <span class='ocrx_word' id='word_1_684' title='bbox 2381 3687 2532 3744; x_wconf 87' lang='lat' dir='ltr'>ferre</span> <span class='ocrx_word' id='word_1_685' title='bbox 2551 3686 2790 3744; x_wconf 90' lang='lat' dir='ltr'>valeant</span> <span class='ocrx_word' id='word_1_686' title='bbox 2810 3687 2876 3739; x_wconf 77' lang='lat'>9°.</span> <span class='ocrx_word' id='word_1_687' title='bbox 2905 3686 3166 3751; x_wconf 86' lang='lat' dir='ltr'>Quivero</span> <span class='ocrx_word' id='word_1_688' title='bbox 3195 3685 3578 3743; x_wconf 80' lang='lat' dir='ltr'>aﬁlictionem</span> 
     </span>
    </p>
   </div>
   <div class='ocr_carea' id='block_1_101' title="bbox 1931 3775 3582 3849">
    <p class='ocr_par' dir='ltr' id='par_1_101' title="bbox 1931 3775 3582 3849">
     <span class='ocr_line' id='line_1_101' title="bbox 1931 3775 3582 3849; baseline -0.001 -17"><span class='ocrx_word' id='word_1_689' title='bbox 1931 3780 2092 3849; x_wconf 92' lang='lat' dir='ltr'>justo</span> <span class='ocrx_word' id='word_1_690' title='bbox 2124 3779 2371 3833; x_wconf 92' lang='lat' dir='ltr'>minime</span> <span class='ocrx_word' id='word_1_691' title='bbox 2415 3776 2736 3833; x_wconf 86' lang='lat' dir='ltr'>convenire</span> <span class='ocrx_word' id='word_1_692' title='bbox 2784 3775 3014 3842; x_wconf 89' lang='lat' dir='ltr'>asserit,</span> <span class='ocrx_word' id='word_1_693' title='bbox 3047 3775 3195 3830; x_wconf 86' lang='lat' dir='ltr'>nihil</span> <span class='ocrx_word' id='word_1_694' title='bbox 3252 3775 3416 3830; x_wconf 90' lang='lat' dir='ltr'>aliud</span> <span class='ocrx_word' id='word_1_695' title='bbox 3439 3775 3582 3831; x_wconf 88' lang='lat' dir='ltr'>dicit</span> 
     </span>
    </p>
   </div>
   <div class='ocr_carea' id='block_1_102' title="bbox 1934 3863 3580 3941">
    <p class='ocr_par' dir='ltr' id='par_1_102' title="bbox 1934 3863 3580 3941">
     <span class='ocr_line' id='line_1_102' title="bbox 1934 3863 3580 3941; baseline -0.002 -19"><span class='ocrx_word' id='word_1_696' title='bbox 1934 3884 2122 3941; x_wconf 85' lang='lat' dir='ltr'>quam</span> <span class='ocrx_word' id='word_1_697' title='bbox 2179 3867 2410 3922; x_wconf 79' lang='lat' dir='ltr'>athletae</span> <span class='ocrx_word' id='word_1_698' title='bbox 2456 3881 2580 3922; x_wconf 91' lang='lat' dir='ltr'>non</span> <span class='ocrx_word' id='word_1_699' title='bbox 2619 3879 2951 3935; x_wconf 87' lang='lat' dir='ltr'>congruere</span> <span class='ocrx_word' id='word_1_700' title='bbox 3000 3863 3411 3920; x_wconf 85' lang='lat' dir='ltr'>adversarium</span> <span class='ocrx_word' id='word_1_701' title='bbox 3441 3880 3580 3920; x_wconf 91' lang='lat' dir='ltr'>cum</span> 
     </span>
    </p>
   </div>
   <div class='ocr_carea' id='block_1_103' title="bbox 1933 3957 2356 4028">
    <p class='ocr_par' dir='ltr' id='par_1_103' title="bbox 1933 3957 2356 4028">
     <span class='ocr_line' id='line_1_103' title="bbox 1933 3957 2356 4028; baseline -0.002 -17"><span class='ocrx_word' id='word_1_702' title='bbox 1933 3973 2058 4028; x_wconf 90' lang='lat' dir='ltr'>quo</span> <span class='ocrx_word' id='word_1_703' title='bbox 2079 3957 2356 4011; x_wconf 89' lang='lat' dir='ltr'>decertet.</span> 
     </span>
    </p>
   </div>
   <div class='ocr_carea' id='block_1_104' title="bbox 2011 4040 3570 4118">
    <p class='ocr_par' dir='ltr' id='par_1_104' title="bbox 2011 4040 3570 4118">
     <span class='ocr_line' id='line_1_104' title="bbox 2011 4040 3570 4118; baseline -0.003 -17"><span class='ocrx_word' id='word_1_704' title='bbox 2011 4045 2185 4118; x_wconf 69' lang='grc'>545</span> <span class='ocrx_word' id='word_1_705' title='bbox 2225 4045 2279 4099; x_wconf 84' lang='lat'>5.</span> <span class='ocrx_word' id='word_1_706' title='bbox 2306 4044 2416 4110; x_wconf 84' lang='lat' dir='ltr'>(tO)</span> <span class='ocrx_word' id='word_1_707' title='bbox 2444 4043 2742 4110; x_wconf 88' lang='lat' dir='ltr'>Quoniam</span> <span class='ocrx_word' id='word_1_708' title='bbox 2770 4057 2910 4098; x_wconf 88' lang='lat' dir='ltr'>vero</span> <span class='ocrx_word' id='word_1_709' title='bbox 2951 4040 3204 4098; x_wconf 90' lang='lat' dir='ltr'>societas</span> <span class='ocrx_word' id='word_1_710' title='bbox 3236 4042 3570 4112; x_wconf 90' lang='lat' dir='ltr'>gemituum</span> 
     </span>
    </p>
   </div>
   <div class='ocr_carea' id='block_1_105' title="bbox 1935 4130 3580 4205">
    <p class='ocr_par' dir='ltr' id='par_1_105' title="bbox 1935 4130 3580 4205">
     <span class='ocr_line' id='line_1_105' title="bbox 1935 4130 3580 4205; baseline -0.002 -15"><span class='ocrx_word' id='word_1_711' title='bbox 1935 4135 2104 4191; x_wconf 72' lang='lat' dir='ltr'>affert</span> <span class='ocrx_word' id='word_1_712' title='bbox 2135 4135 2414 4192; x_wconf 88' lang='lat' dir='ltr'>solatium</span> <span class='ocrx_word' id='word_1_713' title='bbox 2434 4132 2804 4205; x_wconf 85' lang='lat' dir='ltr'>lugentibus,</span> <span class='ocrx_word' id='word_1_714' title='bbox 2835 4147 2945 4204; x_wconf 89' lang='lat' dir='ltr'>par</span> <span class='ocrx_word' id='word_1_715' title='bbox 2963 4130 3133 4186; x_wconf 84' lang='lat' dir='ltr'>fuerit</span> <span class='ocrx_word' id='word_1_716' title='bbox 3161 4131 3235 4186; x_wconf 93' lang='lat' dir='ltr'>de</span> <span class='ocrx_word' id='word_1_717' title='bbox 3257 4131 3464 4187; x_wconf 89' lang='lat' dir='ltr'>alienis</span> <span class='ocrx_word' id='word_1_718' title='bbox 3481 4147 3580 4188; x_wconf 89' lang='lat' dir='ltr'>ca-</span> 
     </span>
    </p>
   </div>
   <div class='ocr_carea' id='block_1_106' title="bbox 1933 4220 3584 4293">
    <p class='ocr_par' dir='ltr' id='par_1_106' title="bbox 1933 4220 3584 4293">
     <span class='ocr_line' id='line_1_106' title="bbox 1933 4220 3584 4293; baseline -0.003 -12"><span class='ocrx_word' id='word_1_719' title='bbox 1933 4226 2301 4282; x_wconf 88' lang='lat' dir='ltr'>lamitatibus</span> <span class='ocrx_word' id='word_1_720' title='bbox 2329 4241 2398 4280; x_wconf 90' lang='lat' dir='ltr'>ac</span> <span class='ocrx_word' id='word_1_721' title='bbox 2428 4222 2716 4279; x_wconf 73' lang='lat' dir='ltr'>aerumnis</span> <span class='ocrx_word' id='word_1_722' title='bbox 2734 4220 3021 4276; x_wconf 82' lang='lat' dir='ltr'>alﬂictari.</span> <span class='ocrx_word' id='word_1_723' title='bbox 3055 4220 3330 4291; x_wconf 79' lang='lat' dir='ltr'>(ll).\‘am</span> <span class='ocrx_word' id='word_1_724' title='bbox 3355 4221 3584 4293; x_wconf 88' lang='lat' dir='ltr'>hocpa-</span> 
     </span>
    </p>
   </div>
   <div class='ocr_carea' id='block_1_107' title="bbox 1935 4309 3577 4376">
    <p class='ocr_par' dir='ltr' id='par_1_107' title="bbox 1935 4309 3577 4376">
     <span class='ocr_line' id='line_1_107' title="bbox 1935 4309 3577 4376; baseline -0.004 -4"><span class='ocrx_word' id='word_1_725' title='bbox 1935 4322 2029 4372; x_wconf 91' lang='lat' dir='ltr'>cto</span> <span class='ocrx_word' id='word_1_726' title='bbox 2056 4315 2414 4371; x_wconf 82' lang='lat' dir='ltr'>alﬂictorum</span> <span class='ocrx_word' id='word_1_727' title='bbox 2429 4311 2854 4369; x_wconf 90' lang='lat' dir='ltr'>conciliaturus</span> <span class='ocrx_word' id='word_1_728' title='bbox 2874 4309 2978 4365; x_wconf 90' lang='lat' dir='ltr'>tibi</span> <span class='ocrx_word' id='word_1_729' title='bbox 2996 4325 3058 4365; x_wconf 92' lang='lat' dir='ltr'>es</span> <span class='ocrx_word' id='word_1_730' title='bbox 3072 4309 3577 4376; x_wconf 90' lang='lat' dir='ltr'>benevolentiam,</span> 
     </span>
    </p>
   </div>
   <div class='ocr_carea' id='block_1_108' title="bbox 1936 4397 3583 4479">
    <p class='ocr_par' dir='ltr' id='par_1_108' title="bbox 1936 4397 3583 4479">
     <span class='ocr_line' id='line_1_108' title="bbox 1936 4397 3583 4479; baseline -0.005 -19"><span class='ocrx_word' id='word_1_731' title='bbox 1936 4421 2130 4479; x_wconf 91' lang='lat' dir='ltr'>neque</span> <span class='ocrx_word' id='word_1_732' title='bbox 2156 4404 2407 4460; x_wconf 88' lang='lat' dir='ltr'>hilarem</span> <span class='ocrx_word' id='word_1_733' title='bbox 2431 4407 2488 4458; x_wconf 88' lang='lat' dir='ltr'>te</span> <span class='ocrx_word' id='word_1_734' title='bbox 2517 4399 2841 4457; x_wconf 90' lang='lat' dir='ltr'>ostendens</span> <span class='ocrx_word' id='word_1_735' title='bbox 2870 4397 2948 4453; x_wconf 92' lang='lat' dir='ltr'>ob</span> <span class='ocrx_word' id='word_1_736' title='bbox 3005 4413 3213 4452; x_wconf 88' lang='lat' dir='ltr'>eorum</span> <span class='ocrx_word' id='word_1_737' title='bbox 3264 4397 3583 4452; x_wconf 86' lang='lat' dir='ltr'>adversita-</span> 
     </span>
    </p>
   </div>
   <div class='ocr_carea' id='block_1_109' title="bbox 1937 4483 3578 4566">
    <p class='ocr_par' dir='ltr' id='par_1_109' title="bbox 1937 4483 3578 4566">
     <span class='ocr_line' id='line_1_109' title="bbox 1937 4483 3578 4566; baseline -0.006 -17"><span class='ocrx_word' id='word_1_738' title='bbox 1937 4500 2040 4564; x_wconf 91' lang='lat' dir='ltr'>tes,</span> <span class='ocrx_word' id='word_1_739' title='bbox 2075 4510 2270 4566; x_wconf 89' lang='lat' dir='ltr'>neque</span> <span class='ocrx_word' id='word_1_740' title='bbox 2303 4493 2564 4548; x_wconf 85' lang='lat' dir='ltr'>alienam</span> <span class='ocrx_word' id='word_1_741' title='bbox 2595 4488 2980 4545; x_wconf 78' lang='lat' dir='ltr'>aﬂlictionem</span> <span class='ocrx_word' id='word_1_742' title='bbox 3027 4483 3431 4539; x_wconf 75' lang='lat' dir='ltr'>indifferenter</span> <span class='ocrx_word' id='word_1_743' title='bbox 3450 4500 3578 4556; x_wconf 86' lang='lat' dir='ltr'>per-</span> 
     </span>
    </p>
   </div>
   <div class='ocr_carea' id='block_1_110' title="bbox 1938 4571 3579 4639">
    <p class='ocr_par' dir='ltr' id='par_1_110' title="bbox 1938 4571 3579 4639">
     <span class='ocr_line' id='line_1_110' title="bbox 1938 4571 3579 4639; baseline -0.007 0"><span class='ocrx_word' id='word_1_744' title='bbox 1938 4584 2152 4639; x_wconf 88' lang='lat' dir='ltr'>ferens.</span> <span class='ocrx_word' id='word_1_745' title='bbox 2177 4583 2410 4639; x_wconf 83' lang='lat' dir='ltr'>Minime</span> <span class='ocrx_word' id='word_1_746' title='bbox 2434 4587 2632 4635; x_wconf 88' lang='lat' dir='ltr'>tamen</span> <span class='ocrx_word' id='word_1_747' title='bbox 2657 4575 2937 4632; x_wconf 89' lang='lat' dir='ltr'>convenit</span> <span class='ocrx_word' id='word_1_748' title='bbox 2961 4572 3296 4628; x_wconf 90' lang='lat' dir='ltr'>dolentium</span> <span class='ocrx_word' id='word_1_749' title='bbox 3326 4571 3579 4628; x_wconf 86' lang='lat' dir='ltr'>miseriis</span> 
     </span>
    </p>
   </div>
   <div class='ocr_carea' id='block_1_111' title="bbox 1937 4659 3581 4745">
    <p class='ocr_par' dir='ltr' id='par_1_111' title="bbox 1937 4659 3581 4745">
     <span class='ocr_line' id='line_1_111' title="bbox 1937 4659 3581 4745; baseline -0.005 -19"><span class='ocrx_word' id='word_1_750' title='bbox 1937 4673 2073 4744; x_wconf 85' lang='lat' dir='ltr'>plus</span> <span class='ocrx_word' id='word_1_751' title='bbox 2117 4688 2292 4745; x_wconf 66' lang='lat' dir='ltr'>aequo</span> <span class='ocrx_word' id='word_1_752' title='bbox 2332 4665 2718 4730; x_wconf 82' lang='lat' dir='ltr'>commoveri,</span> <span class='ocrx_word' id='word_1_753' title='bbox 2781 4664 2862 4718; x_wconf 92' lang='lat' dir='ltr'>sic</span> <span class='ocrx_word' id='word_1_754' title='bbox 2898 4666 3078 4718; x_wconf 90' lang='lat' dir='ltr'>utaut</span> <span class='ocrx_word' id='word_1_755' title='bbox 3103 4659 3581 4729; x_wconf 86' lang='lat' dir='ltr'>conclames,aut</span> 
     </span>
    </p>
   </div>
   <div class='ocr_carea' id='block_1_112' title="bbox 1937 4749 3579 4834">
    <p class='ocr_par' dir='ltr' id='par_1_112' title="bbox 1937 4749 3579 4834">
     <span class='ocr_line' id='line_1_112' title="bbox 1937 4749 3579 4834; baseline -0.006 -18"><span class='ocrx_word' id='word_1_756' title='bbox 1937 4762 2146 4834; x_wconf 89' lang='lat' dir='ltr'>lugeas</span> <span class='ocrx_word' id='word_1_757' title='bbox 2168 4777 2304 4817; x_wconf 86' lang='lat' dir='ltr'>cum</span> <span class='ocrx_word' id='word_1_758' title='bbox 2329 4758 2633 4823; x_wconf 76' lang='lat' dir='ltr'>aﬂlictato,</span> <span class='ocrx_word' id='word_1_759' title='bbox 2659 4750 2978 4810; x_wconf 87' lang='lat' dir='ltr'>autalienis</span> <span class='ocrx_word' id='word_1_760' title='bbox 2998 4749 3059 4805; x_wconf 90' lang='lat' dir='ltr'>in</span> <span class='ocrx_word' id='word_1_761' title='bbox 3075 4749 3254 4805; x_wconf 90' lang='lat' dir='ltr'>rebus</span> <span class='ocrx_word' id='word_1_762' title='bbox 3269 4750 3579 4806; x_wconf 89' lang='lat' dir='ltr'>hominem</span> 
     </span>
    </p>
   </div>
   <div class='ocr_carea' id='block_1_113' title="bbox 1937 5046 3418 5135">
    <p class='ocr_par' dir='ltr' id='par_1_113' title="bbox 1937 5046 3418 5135">
     <span class='ocr_line' id='line_1_113' title="bbox 1937 5046 3418 5135; baseline -0.014 -13"><span class='ocrx_word' id='word_1_763' title='bbox 1937 5064 2115 5135; x_wconf 82' lang='lat' dir='ltr'>Regio</span> <span class='ocrx_word' id='word_1_764' title='bbox 2147 5060 2374 5135; x_wconf 77' lang='lat' dir='ltr'>codice.</span> <span class='ocrx_word' id='word_1_765' title='bbox 2398 5053 2584 5135; x_wconf 89' lang='lat' dir='ltr'>P_aulo</span> <span class='ocrx_word' id='word_1_766' title='bbox 2620 5056 2757 5135; x_wconf 75' lang='lat' dir='ltr'>post</span> <span class='ocrx_word' id='word_1_767' title='bbox 2784 5048 2946 5104; x_wconf 91' lang='lat' dir='ltr'>idem</span> <span class='ocrx_word' id='word_1_768' title='bbox 2976 5046 3418 5135; x_wconf 43' lang='lat' dir='ltr'>eodexLéOsrm.</span> 
     </span>
    </p>
   </div>
   <div class='ocr_carea' id='block_1_114' title="bbox 2007 5124 3265 5208">
    <p class='ocr_par' dir='ltr' id='par_1_114' title="bbox 2007 5124 3265 5208">
     <span class='ocr_line' id='line_1_114' title="bbox 2007 5124 3265 5208; baseline -0.015 -15"><span class='ocrx_word' id='word_1_769' title='bbox 2007 5124 2083 5208; x_wconf 42' lang='lat'>(‘3)</span> <span class='ocrx_word' id='word_1_770' title='bbox 2116 5138 2196 5191; x_wconf 83' lang='lat' dir='ltr'>Ex</span> <span class='ocrx_word' id='word_1_771' title='bbox 2222 5133 2389 5208; x_wconf 80' lang='lat' dir='ltr'>hom.</span> <span class='ocrx_word' id='word_1_772' title='bbox 2416 5132 2494 5208; x_wconf 74' lang='lat' dir='ltr'>De</span> <span class='ocrx_word' id='word_1_773' title='bbox 2520 5124 2862 5208; x_wconf 68' lang='lat' dir='ltr'>gratiarum</span> <span class='ocrx_word' id='word_1_774' title='bbox 2889 5124 3147 5208; x_wconf 59' lang='lat' dir='ltr'>actione,</span> <span class='ocrx_word' id='word_1_775' title='bbox 3179 5124 3265 5176; x_wconf 79' lang='lat'>32.</span> 
     </span>
    </p>
   </div>
   <div class='ocr_carea' id='block_1_115' title="bbox 2009 5192 3065 5280">
    <p class='ocr_par' dir='ltr' id='par_1_115' title="bbox 2009 5192 3065 5280">
     <span class='ocr_line' id='line_1_115' title="bbox 2009 5192 3065 5280; baseline -0.019 -15"><span class='ocrx_word' id='word_1_776' title='bbox 2112 5210 2192 5262; x_wconf 84' lang='lat' dir='ltr'>Ex</span> <span class='ocrx_word' id='word_1_777' title='bbox 2213 5205 2389 5280; x_wconf 90' lang='lat' dir='ltr'>_hom.</span> <span class='ocrx_word' id='word_1_778' title='bbox 2417 5202 2486 5280; x_wconf 56' lang='lat' dir='ltr'>in</span> <span class='ocrx_word' id='word_1_779' title='bbox 2508 5192 2670 5280; x_wconf 56' lang='lat' dir='ltr'>Psal.</span> <span class='ocrx_word' id='word_1_780' title='bbox 2717 5192 3065 5280; x_wconf 29' lang='lat' dir='ltr'>xitxniblllg.</span> 
     </span>
    </p>
   </div>
   <div class='ocr_carea' id='block_1_116' title="bbox 2008 5263 3254 5357">
    <p class='ocr_par' dir='ltr' id='par_1_116' title="bbox 2008 5263 3254 5357">
     <span class='ocr_line' id='line_1_116' title="bbox 2008 5263 3254 5357; baseline -0.02 -20"><span class='ocrx_word' id='word_1_781' title='bbox 2008 5263 2081 5357; x_wconf 55' lang='grc' dir='ltr'>ξῆἧ</span> <span class='ocrx_word' id='word_1_782' title='bbox 2107 5282 2188 5357; x_wconf 48' lang='lat' dir='ltr'>lix</span> <span class='ocrx_word' id='word_1_783' title='bbox 2213 5277 2382 5357; x_wconf 75' lang='lat' dir='ltr'>hom.</span> <span class='ocrx_word' id='word_1_784' title='bbox 2410 5274 2473 5354; x_wconf 69' lang='lat' dir='ltr'>in</span> <span class='ocrx_word' id='word_1_785' title='bbox 2490 5263 3254 5357; x_wconf 46' lang='lat' dir='ltr'>fameiilet_s370(iitatem,68.</span> 
     </span>
    </p>
   </div>
   <div class='ocr_carea' id='block_1_117' title="bbox 2009 5335 3043 5427">
    <p class='ocr_par' dir='ltr' id='par_1_117' title="bbox 2009 5335 3043 5427">
     <span class='ocr_line' id='line_1_117' title="bbox 2009 5335 3043 5427; baseline -0.022 -18"><span class='ocrx_word' id='word_1_786' title='bbox 2009 5335 2084 5427; x_wconf 65' lang='grc' dir='ltr'>ξε)</span> <span class='ocrx_word' id='word_1_787' title='bbox 2112 5353 2191 5427; x_wconf 55' lang='grc' dir='ltr'>βξ</span> <span class='ocrx_word' id='word_1_788' title='bbox 2214 5348 2390 5427; x_wconf 61' lang='lat' dir='ltr'>homL</span> <span class='ocrx_word' id='word_1_789' title='bbox 2411 5335 2658 5410; x_wconf 51' lang='lat' dir='ltr'>in&#39;psal.</span> <span class='ocrx_word' id='word_1_790' title='bbox 2687 5350 2888 5401; x_wconf 80' lang='lat' dir='ltr'>xxxiii,</span> <span class='ocrx_word' id='word_1_791' title='bbox 2918 5335 3043 5390; x_wconf 78' lang='grc'><strong>144.</strong></span> 
     </span>
    </p>
   </div>
   <div class='ocr_carea' id='block_1_118' title="bbox 2006 5419 3386 5493">
    <p class='ocr_par' dir='ltr' id='par_1_118' title="bbox 2006 5419 3386 5493">
     <span class='ocr_line' id='line_1_118' title="bbox 2006 5419 3386 5493; baseline 0.005 -17"><span class='ocrx_word' id='word_1_792' title='bbox 2006 5419 2084 5493; x_wconf 62' lang='grc'>(9)</span> <span class='ocrx_word' id='word_1_793' title='bbox 2112 5419 2263 5493; x_wconf 62' lang='grc' dir='ltr'>ΠΜἶ</span> <span class='ocrx_word' id='word_1_794' title='bbox 2297 5420 2415 5472; x_wconf 70' lang='grc'>146.</span> <span class='ocrx_word' id='word_1_795' title='bbox 2456 5487 2465 5493; x_wconf 86' lang='lat'>_</span> <span class='ocrx_word' id='word_1_796' title='bbox 2515 5484 2528 5493; x_wconf 88' lang='lat'><em>_</em></span> <span class='ocrx_word' id='word_1_797' title='bbox 3037 5473 3072 5493; x_wconf 61' lang='grc' dir='ltr'>α</span> 
     </span>
    </p>
   </div>
   <div class='ocr_carea' id='block_1_119' title="bbox 2007 5473 3574 5562">
    <p class='ocr_par' dir='ltr' id='par_1_119' title="bbox 2007 5473 3574 5562">
     <span class='ocr_line' id='line_1_119' title="bbox 2007 5473 3574 5562; baseline -0.015 -11"><span class='ocrx_word' id='word_1_798' title='bbox 2007 5473 2223 5562; x_wconf 46' lang='lat' dir='ltr'>libita</span> <span class='ocrx_word' id='word_1_799' title='bbox 2251 5484 2732 5562; x_wconf 70' lang='lat' dir='ltr'>hom.Adverst_ts</span> <span class='ocrx_word' id='word_1_800' title='bbox 2758 5473 3574 5562; x_wconf 12' lang='lat' dir='ltr'>cal-tiaraan:Trinitatis,609.</span> 
     </span>
    </p>
   </div>
   <div class='ocr_carea' id='block_1_120' title="bbox 2006 5547 3149 5639">
    <p class='ocr_par' dir='ltr' id='par_1_120' title="bbox 2006 5547 3149 5639">
     <span class='ocr_line' id='line_1_120' title="bbox 2006 5547 3149 5639; baseline -0.021 -16"><span class='ocrx_word' id='word_1_801' title='bbox 2006 5547 2119 5639; x_wconf 63' lang='lat' dir='ltr'>iii’)</span> <span class='ocrx_word' id='word_1_802' title='bbox 2142 5567 2223 5620; x_wconf 78' lang='lat' dir='ltr'>Ex</span> <span class='ocrx_word' id='word_1_803' title='bbox 2251 5563 2422 5618; x_wconf 88' lang='lat' dir='ltr'>hom.</span> <span class='ocrx_word' id='word_1_804' title='bbox 2441 5559 2503 5614; x_wconf 74' lang='lat' dir='ltr'>in</span> <span class='ocrx_word' id='word_1_805' title='bbox 2533 5557 2714 5612; x_wconf 82' lang='lat' dir='ltr'>mart.</span> <span class='ocrx_word' id='word_1_806' title='bbox 2744 5548 3040 5617; x_wconf 72' lang='lat' dir='ltr'>Juttttam,</span> <span class='ocrx_word' id='word_1_807' title='bbox 3063 5547 3149 5602; x_wconf 68' lang='grc'>41.</span> 
     </span>
    </p>
   </div>
  </div>
