4056 6222
564 265 697 322 1287

1515 258 1898 331 APPENDIX,
1935 291 1989 303 —
2015 247 2355 313 SYMEONIS
2392 247 2950 307 METAPHRASTIE.

3725 255 3833 313 1288

561 405 597 446 a
626 388 856 447 tristitia
885 387 1518 445 obcaecatumimiteris
1539 387 1977 458 aemulerisque:
2011 393 2191 437 exemi

2318 375 2788 446 συγκαθειργνῦναι
2849 372 3032 426 ἑαυτὸν
3096 377 3186 426 καὶ
3253 372 3722 447 συμμελανειμονείν,
3767 389 3832 434 καὶ

559 480 643 552 pli
669 495 876 541 causa,
912 477 959 533 si
985 493 1106 533 una
1133 492 1271 532 cum
1302 478 1436 549 ipso
1468 482 1522 532 te
1551 477 1681 550 ipse
1708 475 2002 541 includas,
2035 475 2088 526 et
2118 469 2204 525 in-

559 569 764 625 duaris
795 572 952 623 veste
983 572 1130 636 atra,
1161 567 1212 622 si
1241 567 1462 640 pariter
1495 567 1700 638 jaceas
1728 565 1919 629 humi,
1943 575 2207 618 comam-

559 673 678 729 que
708 656 1098 727 negligas.Ex
1134 656 1204 711 iis
1239 655 1400 711 enim
1433 655 1628 726 magis
1658 654 1866 712 crescit
1888 667 2072 726 quam
2097 648 2208 704 ele-

558 749 734 802 vatur
763 745 1097 802 calamitas.
1129 745 1208 816 (ί)
1231 750 1505 801 Attamen
1526 745 1634 802 abs
1680 761 1742 801 re
1774 758 1896 800 non
1920 740 2109 809 fuerit,
2133 738 2206 794 iis

559 850 694 908 quae
717 835 1002 892 accidunt
1026 835 1188 904 angi,
1222 839 1279 890 et
1307 835 1482 891 tacite
1504 835 1577 890 de
1607 834 1878 890 adversis
1911 827 2203 894 aﬁlictari,

552 923 637 980 ita
667 929 734 980 ut
759 941 830 979 ex
869 923 1059 993 vultu,
1090 924 1194 996 qui
1229 924 1587 995 cogitatione
1618 923 1854 979 deﬁxus
1881 920 1976 986 sit,
2011 932 2204 990 exque

554 1014 872 1084 modestia,
894 1029 1029 1086 qua
1046 1015 1396 1084 gravitatem
1415 1014 1512 1085 adj
1523 1017 1763 1069 unctam
1784 1007 2205 1068 habeatanimi

553 1102 832 1158 affectum
854 1101 1173 1173 signiﬁces.
1199 1101 1309 1157 Ubi
1331 1106 1534 1158 autem
1567 1101 1646 1157 ad
1669 1099 2037 1172 colloquium
2062 1113 2203 1152 ven-

554 1196 682 1247 tum
703 1196 809 1258 est,
838 1207 960 1247 non
993 1190 1195 1247 statim
1224 1191 1302 1247 ad
1324 1191 1775 1263 objurgationes
1801 1188 2075 1245 devenire
2105 1185 2202 1243 de-

551 1285 644 1336 cet
689 1279 852 1336 velut
890 1280 1232 1351 jacentibus
1280 1279 1666 1336 insultantem
1707 1293 1778 1334 ac
1825 1277 2197 1333 illudentem.

551 1373 690 1426 Nam
716 1369 1166 1440 objurgationes
1192 1370 1264 1424 iis
1279 1385 1538 1440 quorum
1557 1369 1795 1424 animus
1818 1384 1942 1440 prae
1972 1367 2202 1423 tristitia

549 1457 868 1524 cruciatur,
900 1457 1169 1512 molestae
1201 1460 1340 1513 sunt
1371 1461 1426 1512 et
1452 1473 1701 1528 graves:
1739 1455 2037 1528 simulque
2083 1470 2202 1510 ser-

550 1561 764 1600 mones
796 1561 1004 1600 eorum
1037 1544 1140 1617 qui
1167 1545 1332 1601 nullo
1353 1561 1599 1617 prorsus
1625 1544 1851 1600 doloris
1874 1559 2051 1600 sensu
2075 1543 2202 1599 atti-

548 1633 805 1699 ciuntur,
840 1648 996 1702 eegre
1028 1633 1344 1690 audientur
1369 1649 1405 1689 a
1452 1632 1868 1701 maerentibus,
1891 1638 1949 1690 et
1992 1633 2069 1688 ad
2095 1647 2200 1687 eos

2315 467 2490 534 χαμαὶ
2521 465 2911 534 συγκαθῆσθαι,
2970 469 3061 514 καί
3103 467 3287 534 κουρᾶς
3338 460 3547 534 ἀμελεῖν.
3575 462 3654 516 Ἐκ
3683 470 3831 520 τούτων

2315 552 2416 623 γὰρ
2457 548 2717 604 ἐπιτείνειν
2782 550 2972 623 μᾶλλον
3016 552 3128 602 ἔστι
3182 554 3272 608 τὴν
3319 554 3596 626 συμφορὰν,
3651 555 3676 610 ἦ
3716 575 3833 608 κατα-

2315 642 2584 713 πραῦνειν.
2632 639 2788 692 Ἀλλὰ
2852 637 3140 692 δάκνεσθαι
3178 643 3266 712 μὲν
3321 639 3418 691 ὑπό
3457 647 3549 691 τῶν
3591 650 3829 716 γινομένων,

2313 734 2402 781 καὶ
2450 731 2635 801 ἡσυχῆ
2690 736 2802 791 τοῖς
2863 727 3117 804 λυπηροῖς
3182 727 3569 800 ἐπιστυγναζειν
3611 742 3834 804 προσῆκεν,

2314 815 2362 869 ἒν
2396 823 2606 890 συννοίᾳ
2659 823 2966 893 προσώπου,
3025 820 3116 869 καί
3170 821 3441 889 σεμνότητι
3483 817 3634 893 βάρος
3659 819 3834 894 ἐχούσῃ,

2313 909 2372 959 τὸ
2403 915 2494 968 τῆς
2523 907 2709 978 ψυχῆς
2749 909 2917 968 πάθος
2947 903 3386 979 διασημαίνοντα.
3440 909 3752 981 Φθεγγόμενον
3780 907 3837 981 δὲ,

2313 996 2407 1048 οὐκ
2477 996 2630 1056 εὐθὺς
2699 993 2961 1066 ἐπιπηδᾷν
3035 1003 3150 1058 ταῖς
3217 993 3548 1068 ἐπιτιμήσεσι
3614 1008 3839 1072 προσῆκει,

2312 1087 2485 1160 ὥσπερ
2539 1084 2865 1157 ἐναλλόμενον
2907 1089 2998 1137 καὶ
3053 1082 3425 1156 ἓπεμϐαίνοντα
3477 1093 3574 1146 τοῖς
3621 1092 3841 1159 κειμένοις.

2313 1178 2556 1246 ψορτικὸν
2611 1176 2711 1248 γὰρ
2764 1182 2873 1236 τοῖς
2917 1176 3016 1226 ὑπὸ
3055 1173 3222 1236 λύπης
3247 1178 3341 1232 τὴν
3389 1173 3567 1246 ψυχὴν
3611 1183 3841 1250 κεκακωμέ-

2309 1284 2412 1324 νοις
2468 1266 2498 1322 ἠ
2559 1264 2884 1337 ἐπιτίμησις,
2952 1269 3042 1317 καὶ
3068 1265 3179 1336 οἶμα
3218 1261 3738 1339 δυσπαράδεκτοίείσι
3767 1273 3843 1328 τοῖς

2309 1355 2589 1425 κάμνουσί,
2648 1357 2739 1405 καὶ
2795 1355 2923 1426 πρὸς
2986 1357 3314 1427 παρηγορίαν
3373 1351 3714 1406 ἀπιθανοιτῶν
3745 1359 3843 1407 ἀπα-

2315 1444 2414 1504 θῶς
2474 1443 2778 1494 παντοίπασι
2827 1438 3164 1514 διακειμένων
3219 1442 3268 1494 οἱ
3333 1441 3494 1514 λόγοι.
3546 1441 3720 1516 Ὠσπερ
3766 1447 3841 1517 γὰρ

2311 1530 2557 1603 ὀφθαλμῷ
2615 1530 2975 1604 φλεγμαίνοντι
3031 1535 3123 1582 καί
3165 1533 3222 1582 τὸ
3283 1529 3607 1584 ἀπαλῶτατον
3633 1541 3718 1584 τῶν
3749 1554 3843 1606 παρ-

2309 1621 2652 1693 ηγορημάτων
2689 1618 2833 1672 ἀνίαν
2882 1617 3099 1692 ἐμποιεῦ
3134 1621 3270 1672 οὕτω
3303 1625 3394 1673 καὶ
3440 1620 3587 1693 ψυχῇ
3633 1623 3717 1673 ὑπό
3767 1623 3845 1674 θλί-

547 1723 950 1779 consolandos
962 1723 1082 1778 vim
1096 1739 1217 1778 non
1229 1722 1455 1780 habent
1470 1721 1977 1795 persuadendi.(2)
1991 1723 2191 1788 Quem-

2311 1708 2450 1780 ψεως
2505 1707 2722 1784 βαρείας
2781 1713 3132 1782 κεκακωμένῃ,
3182 1708 3278 1761 κᾶν
3331 1709 3520 1769 πολλὴν
3576 1710 3843 1785 παράκλησιν

549 1811 882 1866 admodum
905 1811 1066 1866 enim
1096 1811 1271 1867 oculo
1301 1811 2079 1867 inflammatolenimentum
2113 1818 2205 1873 vel

551 1899 942 1955 tenerrimum
980 1900 1246 1956 dolorem
1271 1901 1474 1970 affert;
1508 1901 1588 1956 ita
1619 1900 1835 1957 anima?
1869 1899 2038 1969 gravi
2062 1917 2202 1955 mae-

547 2004 682 2044 rore
700 1987 956 2058 afﬂictae,
991 1989 1223 2045 etiamsi
1256 1989 1514 2045 multum
1561 1989 1757 2045 solatii
1789 1988 1941 2044 ferat
1982 1989 2196 2058 oratio,

549 2075 803 2132 molesta
825 2080 1030 2134 tamen
1048 2078 1507 2150 quodammodo
1526 2077 1779 2144 videtur,
1795 2077 2001 2148 inipso
2029 2076 2198 2132 dolo—

545 2166 626 2220 ris
663 2165 914 2221 artieulo
959 2165 1252 2222 adhibita.
1315 2166 1392 2236 (3)
1443 2165 1698 2230 Quando
1739 2169 1940 2221 autem
1967 2165 2193 2220 videris

544 2253 792 2310 fratrem
818 2253 1122 2324 lugentem
1135 2254 1212 2309 ob
1247 2258 1634 2326 peccatorum
1661 2255 2096 2326 paenitentiam,
2113 2253 2193 2310 la-

545 2357 818 2413 crymare
849 2358 986 2397 cum
1019 2343 1148 2397 viro
1195 2343 1518 2413 ejusmodi,
1559 2359 1629 2398 ac
1667 2343 1822 2399 illius
1871 2343 2191 2399 commise-

544 2445 712 2486 resce
741 2435 911 2496 ;tunc
926 2432 1143 2487 etenim
1171 2431 1274 2488 tibi
1298 2431 1581 2509 licebitex
1602 2432 1778 2488 malis
1800 2433 2193 2489 alienistuum

545 2522 855 2591 corrigere.
882 2523 1028 2576 Nam
1061 2521 1165 2593 qui
1193 2521 1453 2577 fervidas
1478 2521 1778 2593 lacrymas
1804 2538 1913 2593 pro
1947 2527 2192 2594 peccato

543 2609 804 2682 proximi
826 2609 1098 2674 effundit,
1129 2609 1275 2665 dum
1307 2609 1547 2666 fratrem
1588 2611 1784 2678 deﬂet,
1816 2611 2091 2667 medetur
2113 2613 2192 2667 si-

543 2698 876 2771 bimetipsi.
893 2701 1050 2768 Luge
1068 2699 1294 2771 peccati
1316 2715 1520 2757 causa.
1552 2699 1777 2755 Animae
1791 2700 2082 2770 aagritudo
2103 2705 2194 2758 est

545 2791 887 2860 peccatum,
910 2803 1075 2843 mors
1100 2791 1188 2844 est
1217 2788 1436 2843 anima:
1460 2788 1836 2855 immortalis,
1878 2795 2191 2862 peccatum

547 2880 715 2932 luctu
762 2881 940 2948 atque
979 2877 1316 2949 irrequietis
1364 2877 1643 2933 lamentis
1682 2877 1933 2948 dignum
1967 2883 2071 2934 est.
2103 2879 2192 2936 Ob

541 2965 657 3022 hoc
712 2965 900 3022 ﬂuant
933 2965 1216 3039 lacrymoe
1273 2982 1506 3031 omnes,
1551 2983 1663 3022 nec
1693 2973 1923 3024 cessent
1951 2967 2089 3023 duci
2119 2985 2190 3024 ex

2312 1802 2437 1873 φέρῃ
2471 1797 2496 1850 ὁ
2533 1797 2704 1870 λόγος,
2752 1797 2980 1873 ὀχληρός
3026 1818 3133 1860 πως
3190 1795 3322 1851 εἶναι
3373 1795 3516 1850 δοκεῖ
3547 1797 3590 1850 ἐν
3628 1807 3680 1871 τῇ
3729 1805 3844 1871 περί-

2311 1884 2513 1960 ωδυνίᾳ
2557 1891 2985 1962 προσφερόμενος.
3032 1885 3194 1939 Ὀταν
3256 1884 3316 1939 δὲ
3363 1883 3485 1959 ἴδῃς
3536 1886 3612 1940 ἐπί
3654 1895 3846 1960 μετανοίᾳ

2309 1985 2411 2028 τῶν
2449 1979 2826 2051 ἡμαρτημένων
2864 1979 2950 2028 τὸν
2995 1973 3213 2049 ἀδελφὸν
3276 1973 3603 2050 ὀδυρόμενον,
3636 1977 3845 2049 σύγκλαν-

2313 2085 2402 2118 σον
2428 2074 2500 2136 τῷ
2543 2068 2783 2137 τοιούτῳ,
2847 2070 2932 2118 καὶ
2966 2069 3210 2138 συμπαθε
3376 2073 3464 2119 καὶ
3499 2069 3594 2142 γὰρ
3619 2087 3692 2120 σοι
3715 2069 3848 2141 ὑπάρ-

2307 2155 2382 2217 ξει
2438 2155 2485 2206 ἓν
2549 2153 2831 2228 ἀλλοτρίοις
2860 2156 3053 2208 πάθεσι
3081 2158 3139 2207 τὸ
3171 2155 3360 2208 οἰκεῖον
3382 2153 3776 2228 ἐπανορθοῦσθαι.

2306 2243 2364 2295 Ὀ
2393 2246 2494 2320 γὰρ
2532 2245 2658 2317 ὑπὲρ
2696 2253 2788 2305 τῆς
2825 2251 2917 2296 τοῦ
2963 2243 3187 2301 πλησίον
3239 2243 3504 2320 ἁμαρτίας
3557 2247 3719 2318 θερμὸν
3752 2243 3842 2296 ἀπο-

2306 2333 2497 2396 στάξας
2536 2330 2784 2408 δάκρυον,
2816 2332 2997 2385 ἑαυτὸν
3024 2331 3293 2404 ἐξιήσατο,
3337 2331 3411 2387 δι’
3450 2334 3517 2385 ὧν
3571 2339 3648 2386 τὸν
3677 2331 3843 2404 ἀδελφὸν

2304 2419 2640 2497 ἀπωδύρατο.
2704 2421 2852 2494 ’Υπὲρ
2920 2420 3180 2496 ἁμαρτίας
3237 2423 3402 2478 κλαῖε.
3462 2423 3595 2480 Αὕτη
3635 2421 3846 2498 ἀρρωστία

2300 2511 2508 2584 ψυχῆς,
2547 2512 2680 2570 αὕτη
2744 2513 2960 2574 θάνατός
3005 2510 3116 2564 ἐστι
3179 2521 3280 2574 τῆς
3317 2511 3594 2583 ἀθανάτου,
3621 2513 3734 2570 αὕτη

2303 2602 2420 2661 θους
2457 2598 2578 2662 ἀξία
2633 2605 2724 2652 καὶ
2781 2597 3026 2674 ὀδυρμῶν
3069 2598 3366 2672 ἀσιγὴτων.
3433 2602 3546 2654 Ἐπὶ
3593 2604 3732 2674 ταύτῃ
3765 2605 3840 2652 πᾶν

2303 2686 2531 2764 δάκρυον
2584 2690 2714 2764 ῥέοι,
2767 2693 2857 2741 καὶ
2900 2692 2972 2761 μὴ
3030 2685 3296 2742 διαλείποι
3339 2693 3614 2763 στεναγμός
3653 2690 3844 2761 ὰμέσης

2299 2775 2523 2853 καρδίας
2608 2776 3044 2850 ἀναπεμπόμενος.
3119 2778 3301 2840 Οὕτως
3397 2778 3588 2831 ἔκλαιεν
3647 2779 3844 2852 Ἱερεμίας

2300 2866 2384 2919 ἐπὶ
2432 2873 2537 2928 τοῖς
2595 2865 2961 2938 ἀπολλυμένοις
3013 2873 3104 2920 τοῦ
3155 2866 3307 2920 λαοῡ⁶
3365 2867 3406 2941 ᾧ
3457 2889 3515 2941 γι
3579 2865 3736 2925 ἐπειδὴ
3779 2865 3847 2917 οὐκ

2297 2961 2446 3031 ἤρκει
2465 2960 2523 3009 τὸ
2554 2955 2610 3009 ίκ
2641 2960 2844 3029 φύσεως
2875 2953 3128 3030 δάκρυον,
3168 2963 3351 3030 πηγὴν
3405 2957 3628 3021 ἐπεξήτει
3656 2953 3846 3029 δακρύων

541 3061 782 3129 pectore
802 3055 930 3112 imo
963 3055 1241 3128 suspiria.
1263 3056 1354 3112 Sic
1375 3057 1661 3113 Jeremias
1685 3056 1946 3113 deﬂebat
1983 3059 2088 3130 qui
2118 3073 2191 3113 ex

2301 3051 2408 3098 καίι
2447 3046 2680 3118 σταθμὸν
2725 3048 2972 3118 ἔσχατον.
3026 3044 3174 3120 ’Υπὲρ
3217 3043 3280 3099 δὲ
3330 3046 3559 3100 ἀτούτων
3588 3048 3762 3100 πάντων
3789 3043 3848 3094 r3-

537 3145 766 3218 populo
796 3145 1077 3217 peribant
1102 3165 1115 3212 ;
1147 3145 1432 3218 idemque
1455 3162 1590 3201 cum
1623 3145 1739 3201 sibi
1770 3146 2076 3203 naturales
2106 3147 2189 3203 la-

539 3249 764 3306 crymaa
791 3249 913 3288 non
939 3233 1084 3289 satis
1101 3234 1734 3307 essent,lacrymarum
1749 3234 1973 3291 fontem
1996 3236 2190 3309 inqui-

453 3342 458 3346 ί
537 3322 708 3377 rebat
723 3325 1120 3378 etextremam
1137 3322 1538 3379 mansionem'
1552 3323 1684 3379 .Pro
1698 3325 1968 3380 omnibus
1987 3331 2188 3382 autem

533 3409 628 3464 his
658 3410 880 3480 gratias
911 3426 1164 3480 agemus
1196 3412 1426 3469 Christo
1459 3416 1576 3469 Deo
1594 3415 2190 3484 nostro,cuidebetur

537 3500 737 3556 omnis
751 3500 941 3571 gloria
956 3501 1151 3557 honor
1169 3502 1510 3559 etadoratio
1526 3503 1707 3560 simul
1720 3508 1772 3560 ct
1784 3505 2077 3577 principio
2094 3523 2186 3563 ca-

536 3589 830 3661 rentiejus
848 3591 1020 3662 Patri,
1049 3595 1104 3647 et
1125 3591 1505 3650 sanctissimo
1535 3592 1978 3666 viviﬁcantique
2002 3595 2186 3667 Spiri-

539 3679 622 3735 tui
637 3696 820 3748 ,nunc
834 3683 1163 3754 etsemper,
1181 3682 1308 3738 etin
1323 3682 1527 3738 secula
1543 3683 2148 3741 saeculorum.Amen.

643 3824 742 3880 DE
775 3824 867 3879 PA
887 3825 1210 3882 TIENTIA
1255 3827 1369 3882 ET
1399 3827 1942 3884 LONGANIMITA
1958 3828 2074 3883 TE.

1143 3933 1370 3989 SERMO
1434 3935 1571 3988 XIII.

609 4038 758 4106 1.(4)
801 4039 986 4092 Nemo
1029 4053 1102 4092 ex
1128 4039 1304 4093 malis
1352 4055 1489 4110 quaa
1537 4055 1762 4111 passus
1802 4042 2185 4112 est,adduca-

533 4129 626 4180 tur
651 4129 715 4179 ut
736 4124 952 4192 cogitet
980 4141 1049 4180 ac
1073 4124 1230 4180 dicat
1256 4141 1350 4180 res
1383 4132 1618 4182 nostras
1650 4129 2028 4200 providentia
2056 4133 2186 4188 nul-

527 4228 588 4285 1a
603 4212 1152 4284 gubernari,neque
1170 4214 1404 4269 Domini
1420 4215 2000 4274 administrationem
2016 4237 2083 4276 ac
2092 4222 2112 4293 j
2125 4239 2183 4276 u-

531 4301 755 4356 dicium
786 4299 1054 4358 incuset:
1090 4301 1194 4357 sed
1237 4304 1296 4358 in
1355 4303 1644 4360 athletam
1698 4306 1810 4361 Job
1857 4307 2182 4389 intueatur,

525 4391 850 4464 ipsumque
864 4391 973 4446 sibi
996 4391 1427 4460 cogitationum
1440 4393 1756 4451 meliorum
1778 4396 2183 4453 consiliarium
2220 4433 2262 4487 Β

531 4480 838 4537 adhibeat.
871 4483 1119 4552 Reputet
1153 4482 1358 4538 omnia
1410 4497 1478 4538 ex
1505 4483 1713 4540 ordine
1745 4485 2091 4558 certamina,
2123 4487 2182 4543 in

529 4569 752 4642 quibus
781 4569 875 4624 ille
897 4570 1083 4626 victor
1129 4571 1366 4643 exstitit,
1389 4577 1446 4628 et
1465 4577 1612 4645 quot
1635 4574 1853 4644 jaculis
1874 4591 1909 4631 a
1939 4576 2181 4633 diabolo

529 4658 747 4728 petitus
803 4657 1080 4713 lethalem
1121 4659 1354 4715 nullam
1387 4660 1631 4734 plagam
1661 4665 1971 4736 acceperit.
2004 4665 2180 4737 546

534 4745 1026 4817 Evertitquidcm
1073 4747 1229 4804 illius
1268 4749 1666 4806 domesticam
1698 4754 2177 4825 prosperitatem,

530 4834 1190 4908 eumdemquealternis
1211 4840 1642 4896 adversitatum
1672 4842 1896 4898 nuntiis
1925 4843 2178 4900 obruere

531 4927 840 4980 statuerat.
877 4926 1020 4981 Cum
1045 4926 1203 4982 enim
1227 4929 1392 5000 prior
1420 4929 1655 4985 cladem
1687 4929 1955 5003 aliquam
1977 4932 2177 4988 adhuc

529 5013 932 5077 annuntiaret,
957 5015 1202 5070 nuntius
1224 5015 1372 5072 alter
1395 5033 1596 5074 rerum
1617 5019 1978 5076 deteriorum
2005 5022 2178 5079 tristi-

527 5100 674 5157 tiam
714 5100 971 5157 afferens
1000 5102 1312 5159 veniebat:
1349 5104 1633 5178 malaque
1665 5109 2178 5166 connectebautur

599 5209 615 5242 ¹
659 5208 880 5266 Jerem.
901 5224 981 5280 ιι,
1013 5210 1064 5263 1.

601 5313 706 5380 (Ex
737 5311 902 5368 hom.
930 5314 994 5368 in
1026 5319 1206 5370 mart.
1239 5315 1644 5383 JulitlamA2.

597 5383 680 5454 (2)
708 5386 789 5438 Ex
815 5384 990 5456 epist.
1016 5401 1096 5448 x1.
1127 5386 1214 5440 78.

605 5456 787 5528 (3)51:
817 5455 988 5528 hom.
1015 5458 1077 5511 ιη
1103 5461 1282 5513 mart.
1321 5457 1617 5528 Julz‘ttam,
1649 5462 1737 5515 42.

607 5526 794 5595 (4)132:
816 5525 987 5586 hom.
1017 5528 1188 5596 Quod
1227 5529 1553 5587 mundanis
1584 5525 2014 5594 (td/terendum
2056 5553 2176 5595 non

2299 3140 2714 3209 χαριστήσωμεν
2769 3142 2983 3210 Χριστῷ
3013 3143 3084 3206 τῷ
3114 3143 3231 3206 Θεῷ
3272 3138 3445 3208 ἡμῶν,
3491 3138 3569 3188 ὅτι
3609 3135 3732 3204 αὐτῷ
3758 3137 3849 3206 πρέ-

2299 3244 2384 3277 πει
2433 3230 2582 3276 πᾶσα
2615 3220 2767 3291 δόξα,
2815 3229 2941 3296 τιμὴ
2997 3228 3088 3276 καὶ
3138 3228 3527 3299 προσκύνησις,
3579 3228 3662 3276 σὺν
3697 3231 3756 3294 τῷ
3787 3220 3849 3272 ἂν.

2301 3315 2454 3386 οἱρχῳ
2486 3318 2678 3386 Πατρὶ,
2709 3317 2799 3365 καὶ
2950 3317 3189 3385 παναγίῳ
3229 3318 3321 3366 καὶ
3356 3318 3589 3386 ζωοποιῷ
3618 3315 3846 3383 Πνεὺματι,

2295 3410 2382 3455 νῦν
2414 3408 2503 3455 καὶ
2533 3400 2636 3470 ἀεὶ,
2671 3406 2760 3454 καὶ
2791 3402 2861 3465 εἰς
2913 3406 3034 3463 τοὺς
3089 3402 3279 3464 αἰῶνας
3322 3412 3425 3455 τῶν
3456 3403 3661 3459 αἰώνων.
3700 3402 3845 3473 Ἀμήν-

2473 3817 2621 3864 ΠΕΡΙ
2664 3818 3034 3865 ΥΠΟΜΟΝΙΙΣ
3062 3819 3174 3866 ΚΑΙ
3209 3819 3708 3884 ΜΛΚΡΟΘΥΜΙΑΣ,

2917 3923 3134 3972 ΑΘΓΟΣ
3189 3920 3293 3976 ΙΓ’.

2369 4048 2418 4097 1.
2468 4039 2673 4105 Μηδεὶς
2725 4041 2778 4105 ἐξ
2808 4044 2873 4094 ὧν
2923 4045 3078 4097 ἔπαθε
3108 4043 3359 4120 λυπηρῶν
3415 4045 3691 4117 ἀναπεισθῇ
3735 4043 3847 4112 λογί-

2297 4133 2494 4184 σασθαί
2522 4152 2571 4184 τι
2596 4137 2686 4184 καὶ
2729 4131 2913 4204 λέγειν,
2954 4135 3021 4184 ὡν
3070 4135 3175 4207 ἄρα
3217 4131 3448 4207 οὐδεμία
3484 4140 3691 4211 πρόνοια
3715 4135 3846 4184 τάττει

2293 4223 2356 4273 τὰ
2401 4220 2520 4273 καθ’
2585 4223 2744 4294 ἡμᾶς,
2807 4219 2949 4294 μηδὲ
2979 4228 3341 4297 κατηγορείτω
3368 4233 3467 4288 τῆς
3490 4225 3758 4296 οἰκονομίας
3781 4238 3846 4271 τον

2295 4314 2553 4363 Δεσπὸτου
2611 4315 2702 4362 καὶ
2752 4315 2996 4384 κρίσεως
3055 4311 3162 4363 αλλ’
3223 4312 3294 4374 εἰς
3360 4317 3452 4365 τὸν
3502 4313 3714 4371 ἀθλητὴν
3763 4305 3848 4360 Ἰὼϐ

2297 4399 2486 4472 ὁράτω,
2537 4397 2770 4452 κάκεῖνον
2819 4399 3111 4472 σύμϐουλον
3164 4404 3422 4455 ποιείσθω
3469 4411 3561 4456 τοῦ
3589 4407 3847 4475 κρείττονος.

2299 4487 2714 4560 ’Λναλογιζέσθω
2766 4492 2889 4550 τοὺς
2943 4488 3138 4562 ἀγῶνας
3195 4490 3434 4551 ἅπαντας
3475 4491 3669 4563 ἐφεξῆς,
3730 4486 3770 4538 ἐν
3793 4480 3846 4541 οἷς

2294 4575 2479 4639 ἐκεῖνος
2528 4578 2827 4652 ἠρίστευσε’
2887 4583 2979 4630 καὶ
3013 4583 3197 4640 πόσοις
3255 4577 3471 4652 βέλεσιν
3520 4582 3618 4632 ὑπό
3657 4584 3736 4630 τοῦ
3755 4571 3847 4626 δια-

2293 4665 2446 4719 ϐόλου
2496 4665 2730 4739 βληθεὶς,
2771 4667 2865 4718 οὐκ
2909 4665 3121 4730 ἐδέξατο
3161 4672 3375 4743 καιρίαν
3407 4669 3631 4740 πληγήν.
3667 4661 3846 4738 Ιῐεριεῐλε

2290 4759 2380 4828 μὲν
2431 4759 2534 4830 γὴρ
2568 4754 2729 4807 αὐτοῦ
2767 4760 2860 4813 τὴν
2926 4756 3207 4831 εὐπραγίαν
3251 4765 3353 4808 τῶν
3399 4757 3622 4823 οἰκείων,
3651 4758 3847 4822 καταχῶ-

2291 4863 2383 4896 σαι
2415 4841 2474 4897 δέ
2496 4843 2651 4897 αὐτὸν
2695 4852 2811 4906 ταῖς
2867 4842 3166 4907 ἐπαλλήλοις
3205 4853 3305 4898 τῶν
3365 4856 3542 4898 κακῶν
3591 4843 3842 4896 ἐϐουλεύσω

2287 4953 2344 4986 το
2402 4937 2619 5006 φήμαις·
2663 4932 2777 4986 Ἔτι
2831 4933 2932 5008 γὰρ
2972 4941 3063 4986 τοῦ
3113 4939 3366 5010 προτέρου
3409 4939 3502 4994 τήν
3536 4928 3725 4987 τοιάνδε
3748 4947 3845 4997 συμ-

2287 5025 2448 5098 φορὰν
2496 5021 2903 5094 ἐξαγγελλοντος,
2971 5025 3139 5097 ἔτερος
3188 5023 3411 5094 ἄγγελος
3472 5028 3682 5099 ἤρχετο,
3709 5034 3842 5090 χειρο-

2286 5133 2384 5164 νων
2437 5113 2758 5186 πραγμάτων
2799 5115 2961 5186 φέρων
3013 5118 3314 5186 κατήφειαν·
3372 5112 3612 5174 ἀλληλοις
3672 5127 3718 5162 τε
3764 5107 3842 5157 ἐπι·

2287 5324 2564 5467 “lbi-litt
2596 5398 2857 5469 σύμπαθε.
2878 5399 3012 5469 Haec
3045 5395 3328 5453 addimus
3358 5413 3432 5454 ex
3455 5396 3652 5454 codice
3677 5388 3838 5469 ltegig-

2292 5455 2529 5593 Legi'tuer
2559 5468 2620 5605 i]n
2653 5455 2933 5534 contextu
2967 5468 3150 5550 hujus
3181 5469 3462 5536 editionis
3507 5455 3770 5550 exiguam?
3793 5455 3837 5524 [ῖς

2295 5557 2478 5611 σνμπα
2516 5558 2606 5611 se,
