4056 6222
197 318 327 376 1289

1341 308 1570 371 SERMO
1607 304 1748 369 XIII.
1777 349 1844 360 --
1874 305 1964 370 DE
2011 307 2399 371 ΡΛΤΙΕΝΤΙΑ.

3427 309 3562 370 1290

196 448 483 502 συνήπτετο
510 441 574 494 τὰ
599 439 766 509 δεινὰ,
794 445 882 492 καὶ
936 442 1028 498 τὴν
1073 446 1170 491 τῶν
1222 440 1465 511 κυμάτων
1495 434 1786 512 ἐπιδρομὴν

1918 440 2048 493 nter
2078 453 2163 506 se,
2194 441 2251 493 et
2278 435 2650 493 calamitates
2698 432 2992 492 fluctuum
3023 435 3334 492 incursum
3362 435 3563 494 imita-

195 534 408 595 ὶζήλουν
457 533 511 584 αἱ
558 534 842 604 συμφοραὶ,
888 535 978 582 καὶ
1027 535 1149 603 πρὶν
1181 529 1210 587 ἦ
1242 531 1505 587 παυθῆναι
1554 531 1613 580 τὸ
1664 530 1788 601 πρό-

195 643 335 698 τερον
389 618 639 696 δάκρυον,
691 618 858 692 ἑτέρου
925 625 1218 692 προσήγετο
1270 622 1553 692 πρόφασις.
1611 615 1669 668 Ὀ
1727 611 1786 667 δε

196 715 365 785 ὥσπερ
397 729 472 770 τις
520 707 767 784 πρόϐολος
807 711 1052 778 εἱστήκει,
1091 711 1184 770 τὰς
1221 715 1313 759 τοῦ
1353 716 1606 779 χειμῶνος
1653 707 1785 758 ύπο-

197 797 476 872 δεχόμενος
536 797 854 868 προσϐολὰς,
929 802 1019 850 καὶ
1086 796 1298 850 ἀλλοῖὼν
1355 797 1422 858 εἰς
1480 796 1640 870 ἀφρὸν
1686 803 1788 847 τῶν

195 891 439 962 κυμάτων
493 893 588 947 τὴν
647 886 792 961 βίαν,
850 891 939 940 καὶ
993 891 1087 946 τὴν
1145 887 1442 960 εὐγνώμονα
1500 889 1625 960 πρὸς
1701 889 1787 938 τὸν

197 983 458 1035 Δεσπότην
498 978 640 1049 ἠφίει
686 981 874 1049 φωνὴν,
914 982 1004 1030 καὶ
1051 973 1200 1030 οὐδὲν
1252 986 1351 1028 τῶν
1403 975 1787 1049 συμϐαινόντων

198 1066 438 1143 δακρύων
492 1066 730 1130 ἠξίωσεν.
765 1063 982 1124 Ἐπειδή
1026 1063 1085 1120 δὲ
1140 1067 1236 1125 ἧκέ
1269 1087 1349 1128 τις
1402 1065 1677 1139 ἀγγέλλων,
1725 1067 1789 1125 ὡς

196 1165 304 1218 τοῖς
340 1160 498 1210 παισὶ
549 1160 639 1207 καὶ
693 1162 802 1216 ταῖς
853 1157 1174 1230 θυγατρασιν
1206 1156 1582 1228 εὐωχουμένοις
1627 1153 1791 1207 ἐπετί-

197 1246 313 1310 ναξε
354 1246 555 1317 πνεῦμα
601 1264 654 1297 τι
700 1243 876 1317 βίαιον
917 1247 972 1296 τὸ
1025 1253 1121 1307 τῆς
1151 1245 1462 1320 εὐφροσύνης
1502 1241 1785 1317 δωμάτιον,

197 1340 314 1389 τότε
349 1339 502 1408 μόνον
551 1338 644 1392 τὴν
688 1333 888 1392 ἐσθῆτα
918 1330 1177 1408 διέρρηξε,
1210 1338 1266 1386 τὸ
1311 1343 1400 1395 τῆς
1436 1337 1636 1406 φύσεως
1682 1333 1789 1385 ἐπι.

200 1422 526 1497 δεικνύμενος
575 1425 860 1496 συμπαθὲς,
909 1429 998 1487 καὶ
1029 1425 1110 1476 ὅτι
1154 1429 1326 1498 πατὴρ
1370 1427 1445 1482 εἴη
1507 1422 1787 1497 φιλόστορ-

197 1535 286 1586 γος
337 1516 409 1575 οἷς
438 1517 654 1588 ἔπραττε
704 1516 1121 1588 μαρτυρούμενος
1153 1529 1167 1544 “
1224 1519 1315 1566 καὶ
1368 1521 1480 1576 ταῖς
1527 1512 1786 1566 εύσεϐέσιν

200 1601 411 1664 ἐκείναις
472 1609 661 1675 φωναῖς
716 1611 924 1675 κοσμῶν
990 1607 1046 1655 τὸ
1110 1609 1393 1675 γινόμενον,
1462 1603 1623 1674 ἔλεγεν
1656 1625 1668 1638 ο
1732 1603 1789 1654 ’0

202 1697 389 1766 Κύριος
445 1689 652 1758 ἔδωκεν,
712 1694 737 1744 ὁ
796 1695 981 1767 Κύριος
1048 1691 1317 1764 ἀφείλετο’
1360 1697 1426 1755 ὡς
1483 1703 1554 1765 τῷ
1617 1698 1791 1768 Κυρίῳ

199 1780 394 1848 ἔδοξεν,
426 1782 560 1834 οὕτω
608 1786 697 1833 καὶ
735 1780 930 1852 ἐγένετο
965 1797 978 1811 ⁶
1019 1788 1302 1854 μονονουχὶ
1348 1790 1565 1835 τοιαῦτα
1606 1781 1742 1855 βοῶν
1775 1799 1787 1811 ·

200 1872 453 1930 Ἐκλήθην
504 1875 692 1942 πατὴρ,
737 1869 811 1942 ἐφ’
850 1872 969 1922 ὅσον
1024 1872 1049 1922 ὁ
1103 1875 1253 1924 τούτό
1308 1891 1371 1944 με
1400 1877 1623 1932 ποιήσας
1651 1871 1794 1924 ἐϐού-

199 1959 312 2012 λετο
356 1963 571 2033 χρόνον.
629 1956 882 2032 Περιελεῐν
938 1978 1038 2030 μου
1089 1963 1172 2010 τὸν
1221 1958 1275 2010 ἐκ
1339 1968 1431 2022 τῆς
1476 1967 1629 2031 γονῆς
1685 1963 1794 2011 στέ-

200 2067 357 2122 φανον
395 2045 734 2099 ἐϐουλεύσατο
781 2047 957 2114 πάλιν,
1018 2047 1075 2100 ού
1127 2043 1468 2120 διαμάχομαι
1534 2053 1651 2120 περὶ
1693 2056 1794 2100 τῶν

202 2134 355 2190 ἰδίων
385 2136 546 2208 αύτῷ.
581 2140 843 2211 Κρατείτω
891 2140 946 2188 τὸ
979 2145 1050 2207 τῷ
1089 2141 1320 2209 Δεσπότη
1364 2133 1552 2190 δοκοῦν
1588 2159 1600 2171 ·
1642 2137 1794 2199 αὐτὸς

199 2226 343 2280 ἔστιν
405 2227 432 2277 ὁ
494 2225 728 2285 πλάστης
790 2232 881 2277 τοῦ
937 2229 1136 2297 γένους,
1191 2224 1287 2297 ἐγὼ
1329 2223 1387 2278 δε
1440 2230 1652 2301 ᾷογανον
1684 2242 1696 2256 ⁸
1746 2231 1796 2278 τί

198 2335 263 2388 με
305 2319 416 2389 χρὴ
456 2311 639 2367 δοῦλον
699 2319 818 2367 ὄντα
878 2311 1246 2390 δυσχεραίνειν
1287 2314 1509 2373 ἀνόνητα
1565 2316 1658 2386 (1),
1709 2321 1798 2368 καὶ

201 2405 497 2477 μέμφεσθαι
549 2403 721 2475 ψῆφον
780 2405 841 2463 ἣν
909 2404 967 2456 ού
1027 2401 1258 2476 δύναμαι
1316 2404 1476 2462 λύειν,
1536 2408 1799 2464 Τοιούτοις

200 2497 289 2545 τόν
345 2490 587 2545 διάϐολον
627 2494 652 2544 ὁ
711 2490 914 2553 δίκαιος
961 2494 1304 2554 κατηκόντιζε
1349 2495 1600 2568 ράμασιν.
1638 2494 1800 2547 Ἐπει-

203 2579 273 2641 δὴ
334 2578 394 2635 δε
461 2582 615 2635 αὐτὸν
674 2590 898 2634 νικῶντα
947 2579 1052 2635 εἶδε
1107 2583 1260 2636 πάλιν
1303 2585 1329 2635 ὁ
1373 2580 1664 2656 δυσμενὴς,
1710 2588 1800 2636 καὶ

199 2667 378 2724 οὐδενὶ
414 2674 606 2724 τούτων
657 2674 972 2743 τιναχθῆναι
1026 2669 1328 2745 δυνάμενον,
1362 2673 1490 2745 αὐτῇ
1539 2682 1598 2746 τῇ
1646 2677 1801 2746 σαρκὶ

201 2765 263 2814 τὸ
327 2770 419 2823 τῆς
473 2766 656 2834 πείρας
712 2769 948 2836 προσῆγε
1013 2764 1331 2834 μηχάνημα,
1390 2766 1477 2814 καὶ
1528 2765 1584 2814 τὸ
1651 2771 1802 2834 σῶμα

201 2850 465 2924 μαστίξας
552 2849 797 2924 ἀρρήτοις
868 2849 1116 2922 πληγαῖς,

204 2941 336 2992 σθαι
393 2941 567 3010 πηγὰς
623 2937 674 3001 ἐξ

1196 2851 1468 2908 σκωλήκων
1545 2846 1800 2903 ἀναδίδο-

732 2939 890 2991 αύτού
958 2942 1352 3012 παρεσκεύασε’
1414 2945 1502 2992 καὶ
1558 2947 1657 2990 τῶν
1707 2946 1800 3000 τῆς

201 3027 484 3102 βασιλείας
526 3029 713 3102 θρόνων
744 3031 829 3080 τὸν
879 3024 1051 3104 ἄνδρα
1100 3034 1432 3101 καταγαγὼν,
1471 3027 1553 3081 ἐπὶ
1583 3033 1802 3104 κοπρίας

1895 525 2321 597 bantur,atque
2347 525 2708 598 priusquam
2730 525 2958 597 priores
2978 525 3264 597 lacrymae
3285 526 3561 585 sedaren-

1896 620 2010 683 tur,
2039 615 2296 672 aliarum
2325 615 2688 671 atterebatur
2717 615 2983 672 occasio.
3023 614 3140 672 Sed
3192 615 3290 673 ille
3333 621 3561 689 tempe~

1898 706 2065 761 statis
2095 710 2343 778 excepto
2374 705 2623 776 impetu,
2659 708 2714 760 et
2743 705 3050 761 undarum
3089 705 3149 760 vi
3180 704 3242 761 in
3273 721 3560 780 spumam

1897 793 2456 861 commutata,velut
2477 793 2761 866 scopulus
2782 793 2998 859 stabat,
3032 793 3460 868 emittebatque
3480 793 3563 852 ad

1900 884 2220 940 Dominum
2252 889 2487 953 gratam
2514 884 2680 940 illam
2711 899 2941 952 vocem,
2968 899 3079 940 nec
3099 883 3438 956 quidquam
3465 899 3563 942 eo-

1898 989 2034 1030 rum
2065 989 2198 1045 quae
2222 972 2600 1039 accidebant,
2630 972 2918 1044 lacrymis
2950 971 3203 1042 dignum
3234 972 3427 1030 duxit.
3451 973 3562 1030 Ubi

1897 1079 2038 1120 vero
2063 1063 2304 1120 advenit
2329 1063 2433 1135 qui
2462 1066 2739 1118 narraret
2767 1061 3292 1135 quemadmodum
3337 1061 3475 1118 ﬁliis
3504 1067 3562 1120 et

1899 1152 2139 1208 filiabus
2197 1151 2663 1208 convivantibus
2706 1151 3004 1207 violentus
3061 1150 3309 1222 quidam
3341 1155 3562 1207 ventus

1900 1241 2313 1299 oblectationis
2366 1240 2620 1298 domum
2663 1243 3153 1313 conquassasset,
3182 1244 3326 1296 tunc
3365 1239 3564 1298 solum

1899 1331 2073 1388 scidit
2108 1329 2692 1396 vestem,ostendens
2715 1328 3138 1386 condolentem
3162 1334 3464 1398 naturam,
3481 1333 3566 1387 at-

1897 1438 2016 1495 que
2043 1423 2114 1478 iis
2145 1421 2397 1492 agendis
2428 1420 2745 1477 declarans
2772 1424 3006 1493 patrem
3050 1435 3180 1476 esse
3221 1435 3286 1474 se
3339 1418 3564 1476 libero-

1897 1529 2033 1568 rum
2065 1511 2641 1582 amantem,piisque
2672 1509 2786 1565 illis
2814 1509 3070 1566 vocibus
3101 1507 3267 1582 quod
3285 1510 3567 1565 evenerat

1899 1617 2122 1658 ornans
2143 1600 2380 1657 dicebat
2407 1617 2418 1654 :
2453 1601 2731 1657 Dominus
2763 1600 2945 1670 dedit,
2975 1600 3251 1654 Dominus
3282 1598 3563 1655 abstulit:

1901 1690 2052 1746 sicut
2078 1692 2328 1746 Domino
2359 1691 2611 1759 placuit,
2644 1693 2731 1745 ita
2764 1695 2817 1745 et
2844 1690 3076 1758 factum
3122 1695 3203 1744 est
3230 1690 3251 1722 ²
3282 1703 3294 1740 :
3327 1691 3566 1744 tantum

1835 1786 1872 1839 Β
1903 1804 2024 1844 non
2051 1788 2322 1844 clamans
2362 1787 2422 1842 in
2447 1787 2610 1843 hunc
2633 1787 2883 1842 modum
2909 1802 2921 1841 :
2955 1790 3121 1842 Pater
3149 1789 3401 1842 vocatus
3427 1799 3565 1840 sum

1903 1878 2050 1934 dum
2076 1877 2263 1934 voluit
2293 1877 2397 1949 qui
2427 1893 2522 1932 me
2571 1882 2804 1948 patrem
2836 1875 3046 1931 effecit.
3095 1875 3308 1931 Statuit
3351 1886 3563 1930 rursus

1905 1967 2128 2023 sobolis
2153 1967 2298 2022 mihi
2329 1982 2619 2022 coronam
2650 1964 3076 2032 auferre,haud
3105 1977 3380 2037 repugno
3406 1977 3564 2036 quo-

1906 2057 2104 2112 minus
2154 2073 2264 2112 sua
2313 2055 2564 2111 auferat.
2623 2054 2902 2111 Obtineat
2940 2053 3111 2127 quod
3165 2053 3422 2110 Domino
3477 2051 3566 2109 vi-

1906 2162 2041 2201 sum
2095 2150 2226 2210 est;
2277 2144 2406 2217 ipse
2463 2147 2554 2199 est
2602 2143 2834 2213 generis
2887 2143 3183 2207 conditor,
3233 2157 3346 2212 ego
3385 2155 3560 2210 orga-

1906 2251 2091 2301 num;
2122 2233 2267 2307 quid
2297 2249 2545 2290 necesse
2594 2237 2708 2299 est,
2746 2248 2953 2288 servus
3003 2248 3142 2287 cum
3182 2231 3315 2302 sim,
3365 2228 3568 2286 dolere

1908 2341 2004 2380 me
2043 2323 2279 2388 frustra,
2314 2339 2383 2379 ac
2409 2322 2484 2380 de
2515 2321 2808 2377 sententia
2836 2336 3026 2393 quam
3055 2335 3290 2393 nequeo
3338 2318 3566 2374 irritam

1909 2412 2124 2480 facere,
2157 2411 2497 2482 conqueri?
2528 2411 2733 2467 Verbis
2763 2408 3070 2481 ejusmodi
3129 2408 3306 2481 quasi
3351 2405 3570 2478 jaculis

1905 2503 2103 2573 justus
2151 2502 2245 2557 ille
2293 2501 2605 2557 diabolum
2637 2499 2923 2556 confodit.
2974 2499 3310 2571 Postquam
3367 2500 3571 2553 autem

1911 2591 2124 2646 iterum
2177 2590 2456 2645 inimicus
2503 2605 2642 2644 eum
2694 2587 2844 2643 vidit
2891 2603 3021 2642 esse
3082 2588 3393 2655 victorem,
3459 2598 3572 2641 nec

1911 2679 2033 2735 ulla
2051 2679 2268 2734 harum
2296 2692 2709 2734 aerumnarum
2737 2675 2973 2732 concuti
2991 2691 3190 2747 posse,
3225 2671 3574 2730 temtationis

1912 2767 2182 2825 admovit
2210 2767 2770 2823 machinamentum
2793 2764 2959 2820 carni
2981 2763 3184 2834 ipsi,et
3214 2777 3466 2834 corpore
3482 2761 3570 2816 in-

1912 2857 2109 2914 fandis
2140 2856 2485 2912 vulneribus
2523 2869 2818 2927 percusso
2871 2852 3085 2922 effecit,
3117 2855 3181 2908 ut
3233 2866 3306 2906 ex
3344 2865 3415 2907 eo
3445 2864 3572 2905 ver-

1914 2948 2101 3003 mium
2119 2947 2309 3002 fontes
2329 2945 2705 3012 scaturirent;
2730 2944 3049 3014 virumque
3067 2957 3141 2998 ex
3163 2939 3330 3010 regio
3355 2938 3574 2996 throno

1911 3035 2317 3103 deturbatum,
2342 3035 2404 3090 in
2435 3033 2803 3106 sterquilinio
2830 3030 3163 3088 collocavit.
3198 3027 3296 3085 llle
3320 3043 3462 3085 vero
3483 3031 3576 3088 vel

201 3116 472 3170 ἐκαθεισεν
630 3116 688 3169 Ὀ
720 3112 779 3169 δὲ
804 3122 893 3169 καὶ
943 3120 1194 3178 τοιούτοις
1225 3116 1534 3191 βαλλόμενος
1561 3119 1800 3185 πάθεσιν,

1915 3125 2129 3182 talibus
2155 3124 2448 3195 angustiis
2472 3123 2805 3191 lacessitus,
2832 3119 3164 3193 permansit
3185 3119 3492 3185 immotus;
3516 3120 3571 3173 et

201 3204 459 3268 ἀκίνητος
518 3209 656 3279 ἔμενε
690 3227 703 3239 ·
767 3211 858 3258 καὶ⁵
915 3211 1336 3279 σπαραττομένου
1389 3215 1481 3260 τοῦ
1542 3214 1799 3280 σωματος,

199 3295 430 3349 ἄσπιλον
480 3297 555 3367 (3)
587 3294 831 3368 ἐφύλαττε
883 3299 969 3348 τὸν
1008 3304 1099 3357 τῆς
1139 3295 1395 3357 εὐσεϐείας
1451 3298 1714 3371 Θησαυρὸν
1754 3295 1802 3348 ἐν

197 3394 280 3458 τῷ
302 3393 515 3458 κρυπτῷ
545 3393 640 3446 τῆς
669 3384 880 3456 ψυχῆς.

279 3479 334 3531 2.
370 3475 477 3526 Ούκ
519 3478 654 3546 ἔχων
711 3479 881 3526 τοίνυν
930 3475 956 3527 ὅ
1008 3493 1060 3526 τι
1110 3480 1322 3534 ποιήσει
1369 3474 1545 3528 λοιπὸν
1576 3476 1601 3527 ὁ
1652 3475 1802 3528 πολέ-

199 3583 349 3638 μιος,
409 3562 484 3615 ἐπὶ
539 3568 632 3620 τήν
680 3570 771 3624 τῆς
810 3562 1040 3635 ἀρχαίας
1098 3563 1371 3625 ἐπιϐουλῆς
1426 3568 1640 3638 ἔρχεται
1678 3571 1804 3638 μνηο

203 3674 336 3728 μην,
396 3658 485 3705 καὶ
540 3657 634 3711 τὴν
691 3660 782 3705 τοῦ
838 3659 1055 3724 γυναίου
1115 3650 1350 3706 διάνοιαν
1408 3657 1674 3730 ύποσύρας
1733 3655 1804 3717 εἰς

205 3743 376 3801 ἀσεϐῆ
427 3748 637 3815 γνώμην
675 3747 764 3794 καὶ
819 3741 1157 3815 βγάσφημον,
1215 3740 1292 3796 δι’
1329 3743 1524 3806 ἐκείνης
1576 3745 1804 3797 σαλεύειν

205 3834 451 3906 ἐπειρᾶτο
488 3837 575 3886 τὸν
631 3831 886 3891 ἀθλητήν.
930 3839 1029 3886 Καὶ
1080 3836 1108 3892 ἡ
1170 3840 1260 3906 μεν
1308 3839 1436 3908 πρὸς
1479 3839 1564 3887 τὸν
1607 3839 1804 3909 μακρὸν

202 3928 365 3977 πόνον
393 3926 468 3995 (4)
514 3920 941 3995 ἀπαγορεύσασα,
981 3933 1053 3994 τῷ
1094 3919 1284 3994 δικαίῳ
1321 3929 1636 3998 παρίστατο,
1668 3927 1806 3977 κάτω

199 4019 493 4079 νενευκυῖα,
548 4016 636 4063 καὶ
687 4013 779 4074 τὰς
834 4020 1018 4087 χεῖρας
1072 4011 1156 4065 ἐπὶ
1205 4021 1312 4074 τοῖς
1349 4015 1626 4088 ὁρωμένοις
1683 4034 1808 4086 συγ-

197 4105 498 4177 κρούουσα,
576 4106 665 4153 καὶ
731 4105 847 4162 τούς
909 4110 1003 4164 τῆς
1072 4101 1330 4164 εὐσεϐείας
1386 4103 1522 4176 αύτῷ
1582 4108 1810 4178 καρπούς

200 4188 571 4257 ὀνειδίζουσα,
602 4196 692 4243 καὶ
719 4190 1079 4262 καταλέγουσα
1107 4195 1197 4264 μὲν
1255 4197 1348 4251 τὴν
1387 4193 1610 4246 παλαιὰν
1660 4195 1808 4253 590n-

191 4287 323 4335 νίαν
352 4289 450 4334 τῶν
497 4281 716 4349 οἰκείων,
750 4276 1108 4333 ύποδεικνῦσα
1161 4278 1220 4333 δὲ
1272 4285 1339 4334 τὰ
1385 4288 1616 4356 παρόντα
1653 4287 1812 4351 κακὰ,

196 4376 301 4424 καὶ
360 4371 465 4422 οἷον
524 4367 577 4432 ἐξ
615 4371 732 4421 οἴων
787 4369 945 4442 ἔλαχε
986 4368 1124 4442 βίον,
1162 4377 1252 4424 καὶ
1309 4376 1424 4423 τίνα
1479 4381 1576 4424 τῶν
1619 4373 1816 4425 πολλῶν

1911 3215 2171 3272 lacerato
2202 3229 2474 3286 corpore,
2507 3211 2741 3285 pietatis
2791 3211 3143 3266 thesaurum
3173 3208 3233 3264 in
3263 3205 3573 3264 recondito

1914 3304 2132 3360 animae
2163 3319 2406 3360 recessu
2432 3301 2861 3358 intaminatum
2893 3297 3195 3355 servabat.

1983 3486 2035 3537 2.
2090 3484 2234 3539 Cum
2276 3481 2456 3551 igitur
2511 3494 2634 3535 non
2682 3478 2932 3539 haberet
2982 3477 3150 3550 quod
3186 3475 3317 3548 jam
3352 3475 3574 3533 faceret

1911 3572 2123 3643 hostis,
2159 3570 2512 3626 insidiarum
2559 3573 2827 3625 veterum
2859 3567 3452 3639 recordatur;atque
3494 3563 3574 3621 ad

1913 3661 2163 3733 impiam
2180 3677 2248 3716 ac
2270 3659 2690 3732 blasphemam
2710 3657 3064 3714 sententiam
3084 3655 3286 3711 uxoris
3299 3653 3573 3710 animum

1913 3749 2288 3823 pertrahens,
2337 3763 2522 3819 opera
2579 3745 2736 3801 illius
2786 3743 3254 3816 aggrediebatur
3284 3741 3572 3798 athletam

1915 3840 2252 3895 concutere.
2277 3842 2355 3892 Ac
2385 3836 2485 3891 illa
2513 3835 2760 3909 quidem
2799 3833 3026 3890 laboris
3072 3829 3446 3887 diuturnitati
3476 3845 3572 3886 ce-

1916 3927 2083 3997 dens,
2113 3928 2276 3997 justo
2317 3925 2517 3995 astitit,
2545 3925 2715 3981 liumi
2744 3938 2959 3996 prona,
3011 3938 3230 3978 manus
3283 3935 3465 3992 super
3502 3918 3572 3974 iis

1916 4033 2053 4089 qua:
2077 4015 2318 4071 videbat
2338 4013 3002 4087 complodens,pietatis
3024 4010 3076 4066 ei
3106 4011 3332 4066 fructus
3362 4024 3574 4082 expro-

1918 4105 2095 4171 bans,
2156 4104 2296 4160 hinc
2362 4109 2620 4160 veterem
2681 4103 2761 4158 rei
2830 4100 3140 4157 familiaris
3198 4097 3575 4171 opulentiam

1920 4210 2262 4263 recensens,
2295 4193 2454 4249 illinc
2507 4192 2666 4248 mala
2713 4190 3030 4264 praesentia
3067 4192 3573 4246 commonstraus.

1925 4290 1981 4343 et
2025 4283 2271 4357 qualem
2328 4299 2400 4339 ex
2449 4282 2732 4355 qualibus
2767 4281 3008 4337 sortitus
3058 4284 3212 4335 esset
3253 4277 3458 4346 vitam,
3521 4279 3578 4330 et

1926 4392 2111 4450 quam
2140 4391 2248 4447 pro
2280 4373 2482 4429 multis
2528 4371 2834 4428 sacriﬁciis
2882 4367 3220 4425 mercedem
3246 4381 3282 4420 a
3322 4364 3576 4419 Domino

201 4463 414 4515 θυσιῶν
470 4453 682 4519 ἐδέξατο
720 4460 866 4531 παρὰ
923 4465 1016 4510 τοῦ
1060 4463 1321 4512 Δεσπὸτου
1379 4462 1589 4531 μισθόν.
1644 4461 1801 4535 ’Ἐλεγ

1930 4449 2272 4536 recepisset.
2293 4465 2357 4517 Et
2387 4476 2626 4533 semper
2651 4459 2835 4515 verba
2859 4455 3075 4530 pusillo
3095 4451 3342 4524 quidem
3374 4449 3579 4505 mulie-

193 4567 262 4602 τε
308 4547 390 4600 ἀεὶ
435 4555 530 4608 τῆς
561 4549 650 4618 μεν
693 4555 792 4598 τῶν
844 4555 1102 4618 γυναικῶν
1149 4547 1504 4619 ὀλιγοψυχίας
1555 4549 1679 4611 ἄξια

187 4657 379 4716 ματα,
423 4635 643 4711 ταράξαι
694 4631 752 4687 δὲ
782 4638 952 4689 πάντα
991 4633 1163 4711 ἄνδρα
1215 4633 1498 4710 δυνάμενα,
1554 4644 1643 4692 καὶ
1685 4659 1821 4715 περι-

190 4725 408 4804 τρέψαι
472 4729 563 4777 καὶ
618 4731 849 4797 γενναίαν
918 4721 1170 4779 διάνοιαν.
1247 4725 1503 4789 Πλανῆτις
1553 4731 1653 4801 γὰρ
1729 4740 1820 4789 καὶ

189 4821 396 4893 λάτρις
454 4819 801 4890 περιέρχομαι
862 4817 960 4886 (5),
1025 4816 1054 4873 ἡ
1124 4813 1336 4888 βασιλὶς
1405 4813 1654 4889 δουλεύω,
1732 4827 1823 4874 καὶ

193 4909 358 4983 πρὸς
431 4907 522 4967 τὰς
593 4912 694 4956 τῶν
768 4903 899 4977 ἐμῶν
975 4904 1179 4957 οἰκετῶν
1238 4911 1426 4980 χεῖρας
1487 4907 1830 4983 ἠνάγκασμαι

193 4996 452 5074 βλέπειν,
519 4999 609 5047 καὶ
674 4997 936 5066 τρέφουσα
995 4993 1156 5046 πάλαι
1229 4993 1465 5064 πολλούς,
1549 4996 1829 5070 ἀγαπητῶς

192 5088 272 5143 ἐκ
326 5093 424 5138 τῶν
473 5083 750 5159 ἀλλοτρίων
780 5087 1178 5157 παρατρέφομαι
1225 5091 1336 5141 νῦν.
1398 5089 1497 5139 Καὶ
1547 5090 1626 5142 ὅτι
1673 5091 1826 5146 καλὸν

310 5263 331 5297 ³
373 5259 572 5328 Job,i,
599 5263 690 5322 2|.

296 5438 374 5509 (t)
401 5437 672 5510 Ἀνόνητα,
705 5437 1072 5510 Sicuterque
1111 5440 1329 5510 Regius
1361 5439 1555 5498 codex
1593 5443 1651 5498 et
1688 5455 1828 5498 con-

187 5513 444 5573 textus.
479 5509 624 5566 Male
652 5509 712 5565 in
743 5509 913 5565 editis
937 5509 1153 5566 nostris
1185 5509 1399 5571 ἀνόητα.

293 5583 377 5662 ρ)
409 5580 702 5662 ζεκιεθέσιν.
739 5580 830 5638 Sic
878 5583 1128 5655 uterque
1185 5583 1376 5644 codex
1406 5588 1464 5644 et
1492 5586 1826 5645 contextus.

181 5651 376 5717 Editi
401 5651 658 5714 ἐκάθιζεν.

485 5745 640 5804 ΡΛτιι
668 5757 759 5804 οι..
798 5743 896 5804 Gn.
937 5741 1131 5802 XXXII.

1932 4571 2068 4611 rum
2097 4554 2300 4609 animo
2328 4551 2513 4620 digna
2540 4549 2898 4622 proferebat,
2926 4544 3026 4600 sed
3047 4542 3184 4598 talia
3214 4546 3578 4612 tamen,quee

1933 4643 2126 4700 virum
2156 4656 2401 4698 omnem
2429 4637 2799 4711 perturbare,
2842 4640 2898 4690 et
2945 4632 3217 4688 animum
3247 4628 3337 4685 vel
3367 4628 3580 4684 fortem

1938 4732 2278 4788 subvertere
2334 4731 2599 4801 possc’nt.
2637 4729 2819 4794 Vaga,
2867 4721 3196 4794 inquiebat,
3250 4723 3307 4776 et
3363 4717 3584 4775 ancilla

1937 4820 2167 4887 oberro,
2193 4818 2404 4887 regina
2443 4817 2658 4881 servio,
2687 4818 2745 4869 et
2783 4812 2863 4868 ad
2892 4826 3165 4866 meorum
3215 4807 3584 4865 famulorum

1937 4925 2156 4967 manus
2183 4905 2476 4978 respicere
2507 4907 2714 4960 coacta
2740 4917 2899 4971 sum,
2931 4905 3143 4973 etquae
3188 4897 3405 4955 multos
3437 4895 3584 4952 olim

1936 4997 2172 5064 nutrivi,
2221 4996 2375 5052 bene
2406 5008 2566 5050 nunc
2594 5006 2836 5048 mecum
2884 4990 2981 5060 agi
3032 4987 3303 5045 existimo
3334 4985 3383 5041 si
3433 5000 3584 5040 enu-

1938 5088 2078 5146 triar
2099 5104 2167 5144 ex
2200 5085 2426 5144 alienis.
2477 5081 2748 5141 Addebat
2789 5079 3004 5138 melius
3035 5093 3164 5135 esse
3196 5093 3266 5134 ac
3293 5074 3492 5132 utilius
3533 5069 3585 5128 si

2005 5431 2084 5501 (3)
2121 5425 2396 5483 ”Λσπιλον.
2423 5427 2744 5484 Contextus
2772 5419 2986 5501 ἄσυλον,
3009 5415 3388 5476 ίηυίοίαίωη·

2014 5499 2091 5573 (4)
2131 5507 2316 5556 Πόνον.
2358 5502 2686 5573 (Ιοῐιῑθὶξωε,⁸
2707 5499 2917 5573 χρόνον,

2132 5576 2513 5649 Περιέρχομαι.
2548 5561 2765 5640 Regius
2816 5562 3006 5624 codex
3049 5561 3182 5619 1992
3211 5561 3582 5635 περιέρχομαι,

1943 5668 2009 5724 φη
2019 5667 2124 5707 σιν.

3227 5720 3295 5779 41
