4056 6222
2469 57 2498 84 τ
3615 43 3916 120 π

604 301 736 354 1291
1546 295 1913 350 APPENDIX.
1955 325 2022 334 —
2061 294 2411 350 SYMEONIS
2450 296 2998 352 METAPHRASTJE.
3772 306 3863 363 [292

599 423 676 480 de
708 427 860 479 terra
880 421 1089 491 seipse
1115 417 1510 483 exscinderet,
1541 417 1746 491 impiis
1778 417 1978 473 verbis
2008 416 2201 473 utendi

2287 419 2335 472 Α
2369 421 2444 474 εἰη
2509 423 2598 470 καὶ
2659 424 2949 492 χρήσιμον,
2993 418 3206 473 ἀσεϐέσι
3239 424 3555 494 χρησάμενον
3588 427 3767 498 ῥήμασι,
3803 429 3859 482 καὶ

613 513 781 588 547
821 515 876 566 et
904 508 1173 580 gladium
1205 507 1304 562 irte
1329 506 1651 562 conditoris
1680 506 2215 578 exacuendo,quar

2368 507 2550 558 ἑαυτὸν
2620 517 2711 568 τῆς
2784 516 2883 579 γῆς
2959 507 3206 581 ἐκτεμεῖν,
3281 513 3334 562 τό
3397 520 3486 572 τῆς
3540 522 3620 565 τοῦ
3667 523 3861 580 κτίσαντος

605 601 656 657 si
693 599 996 656 malorum
1043 595 1356 653 tolerantia
1387 594 1497 650 sibi
1542 595 1655 667 ipsi
1686 600 1743 651 et
1795 595 1962 650 uxori
1989 600 2207 650 certam

2257 629 2258 634 η
2370 598 2532 672 ὀργῆς
2589 597 2911 656 ἀκονήσαντα
2959 599 3122 671 ξίφος,
3161 600 3188 657 ἦ
3250 596 3662 675 διακαρτερούντα
3702 611 3859 676 animi

603 706 751 748 num
781 688 1052 744 laborem
1100 689 1400 759 proroget.
1435 684 1528 740 Ille
1555 700 1693 740 vero
1721 685 1815 740 his
1836 685 2032 740 verbis
2063 700 2205 754 mag

2256 720 2258 734 .
2371 683 2536 753 δεινὰ,
2595 690 2681 738 τὸν
2723 686 2770 738 ἐν
2827 695 2930 748 τοῖς
2989 687 3159 759 ἀγῶσι
3201 690 3400 759 μόχθον
3443 690 3596 761 ἐαυτῷ
3642 711 3688 744 τε
3728 703 3794 746 καὶ
3819 705 3858 756 τῇ

603 795 792 852 quam
819 777 940 834 ullo
963 775 1264 834 malorum
1296 774 1566 846 priorum
1605 774 1894 844 offensus,
1945 780 2001 830 et
2024 775 2205 830 vultui

2373 780 2686 850 συνοικούσῃ
2742 781 3006 848 μηκύνειν.
3037 777 3095 828 Ὀ
3137 773 3195 830 δὲ
3258 776 3339 830 ἐπὶ
3393 782 3578 842 τούτοις
3609 789 3702 842 τοῖς
3741 786 3861 856 ῥήμα-

604 869 696 926 ira
733 866 1016 940 replente,
1053 864 1134 922 ad
1180 877 1431 918 uxorem
1457 862 1615 918 velut
1647 863 1880 918 hostem
1910 879 2203 918 conversu

2371 885 2454 918 σιν
2495 864 2795 937 ἀχθεσθεὶς,
2837 869 2904 928 ὡς
2961 865 3040 918 ἐπ’
3106 862 3280 918 ούδενὶ
3329 875 3424 918 τῶν
3476 874 3703 944 προτέρων
3731 882 3863 938 κακῶν,

602 957 751 1032 quid
784 957 961 1013 dicit?
993 956 1189 1023 Quare
1219 959 1508 1024 tanquam
1540 969 1662 1008 una
1701 955 1772 1008 de
1817 954 2021 1009 stultis
2059 955 2204 1008 muli

2369 960 2459 1007 καὶ
2499 958 2665 1028 θυμοῦ
2719 960 2781 1030 ρὸ
2822 954 3030 1028 βλέμμα
3077 955 3378 1030 πληρώσας,
3413 964 3494 1010 καὶ
3530 963 3645 1030 πρὸς
3688 966 3762 1017 τὴν
3799 983 3862 1031 γι-

603 1047 768 1104 νίοιιε
809 1047 1009 1101 locuta
1039 1043 1178 1099 ess?
1209 1043 1471 1114 Depone,
1524 1057 1556 1097 o
1587 1041 1816 1108 mulier,
1851 1043 2060 1114 inquit,
2112 1042 2205 1098 illu

2368 1052 2522 1096 ναῐκα
2569 1047 2799 1117 καθάπερ
2840 1049 2969 1119 πρὸς
3009 1043 3253 1115 πολεμίαν
3293 1047 3641 1118 ἀποστραφεὶς,
3687 1054 3752 1109 τίς
3797 1070 3863 1120 φη-

603 1134 940 1192 consilium.
967 1134 1296 1202 Quousque
1325 1129 1496 1185 dictis
1519 1130 1630 1186 tuis
1656 1129 2050 1186 dedecorabis
2073 1131 2205 1185 vita]

2371 1151 2500 1200 σιν;
2559 1133 2669 1186 Ἵνα
2733 1137 2786 1186 τί
2839 1136 3012 1205 ὥσπερ
3088 1139 3186 1204 μία
3260 1142 3358 1184 τῶν
3417 1133 3629 1210 ἀφρόνων
3678 1147 3865 1207 γυναικῶν

604 1221 1038 1282 communem?
1089 1219 1324 1276 Mentita
1378 1233 1463 1286 es,
1513 1222 1569 1274 et
1605 1218 1772 1290 quod
1816 1218 2047 1274 utinam
2108 1221 2206 1274 Del

2369 1219 2632 1293 ἐφθέγξω;
2694 1223 2956 1288 Κατάθου,
3007 1226 3186 1292 φησὶν,
3245 1218 3284 1272 ὦ
3337 1224 3506 1291 γύναι,
3558 1228 3640 1281 τὴν
3695 1224 3866 1295 συμϐου-

602 1311 934 1377 avertisset,
975 1307 1312 1362 institutum
1351 1321 1556 1360 meum
1616 1307 1730 1360 tuis
1769 1305 1893 1362 istis
1947 1307 2162 1377 verbis,

2367 1308 2482 1368 λην.
2536 1315 2711 1384 Μέχρι
2759 1315 2893 1369 τίνος
2946 1314 3039 1366 τὴν
3068 1313 3244 1366 κοινὴν
3298 1308 3347 1361 ἐν
3403 1311 3476 1372 οἷς
3512 1311 3657 1382 λέγεις
3701 1312 3864 1384 ὑϐρίζεις

602 1399 782 1456 vitam
807 1411 1008 1453 meam
1034 1393 1339 1450 calumnia
1360 1394 1914 1466 aspersisti.Videor
1935 1412 2094 1452 nunc
2114 1397 2204 1452 mil

2259 1447 2260 1450 η
2371 1399 2547 1467 ζωήν;
2607 1398 2859 1470 Ἐψεύσω,
2925 1403 3013 1451 καὶ
3067 1402 3158 1456 τὴν
3207 1397 3354 1470 ἐμὴν,
3403 1402 3465 1460 ὡς
3527 1401 3610 1452 οὐκ
3666 1401 3861 1473 ηύχομην,

599 1485 852 1544 dimidia
879 1501 952 1539 ex
983 1486 1149 1556 parte
1204 1481 1388 1554 impie
1441 1483 1633 1552 egisse
1668 1499 1682 1537 :
1731 1483 2029 1556 siquidem
2069 1502 2201 1541 unu:

2370 1488 2697 1562 ἀναστροφὴν
2757 1485 2987 1549 διέϐαλες
3027 1486 3074 1539 ἐν
3115 1489 3187 1547 οἷς
3244 1487 3515 1560 ἑλάλησας,
3569 1495 3645 1542 καὶ
3687 1495 3755 1542 τὸν
3786 1490 3865 1562 ἐμὸν

599 1575 847 1649 quidem
873 1589 1091 1645 corpus
1126 1577 1416 1643 utrosque
1445 1587 1558 1626 nos
1590 1572 1810 1644 nuptiae
1840 1574 2201 1646 praestiterun

2371 1577 2514 1650 βίον.
2551 1577 2638 1641 Ἐξ
2692 1579 2938 1650 ἡμισείας
2986 1575 3298 1636 ἠσεϐηκέναι
3337 1597 3570 1650 νενόμικα
3611 1588 3720 1631 νῦν·
3770 1580 3866 1630 ἐπει-

601 1663 708 1722 sed
739 1670 803 1721 tu
837 1661 1128 1734 prolapsa
1158 1676 1220 1715 es
1246 1660 1307 1714 in
1356 1659 1824 1732 blasphemiam.
1857 1663 1926 1718 Si
1951 1664 2103 1719 bona
2129 1681 2203 1719 su

2372 1663 2538 1737 δήπερ
2612 1667 2660 1720 ἓν
2734 1671 2824 1739 μὲν
2901 1675 3053 1738 σῶμα
3126 1665 3448 1740 ἀμφοτέρους
3508 1669 3696 1740 ἡμᾰςό
3753 1671 3868 1738 γάμος

599 1754 858 1824 cepimus
879 1752 952 1808 de
979 1765 1165 1806 manu
1185 1749 1611 1807 Dominimzala
1637 1765 1757 1805 non
1777 1753 2193 1808 sustinebimus

2289 1763 2330 1817 Β
2369 1754 2600 1822 ἐποίησε,
2665 1759 2728 1808 σὺ
2787 1752 2846 1808 δὲ
2913 1755 2984 1814 εἰς
3032 1752 3373 1826 βλασφημίαν
3436 1761 3706 1816 κατέπεσας.
3747 1761 3790 1808 El
3827 1758 3871 1806 τὰ

599 1842 854 1914 Redigas
886 1839 990 1896 tibi
1016 1839 1076 1894 in
1105 1837 1464 1893 memoriam
1512 1839 1811 1910 praeterita
1854 1839 2039 1897 bona.
2088 1842 2201 1898 Con

2369 1843 2543 1915 ἀγαθά
2594 1841 2880 1916 ἐδεξάμεθα
2930 1842 2985 1894 ἐκ
3040 1845 3224 1918 χειρὸς
3288 1848 3500 1916 Κυρίου,
3555 1847 3614 1896 τά
3655 1846 3764 1896 κακὰ
3797 1843 3869 1913 οὐχ

596 1947 790 2006 pensa
825 1930 990 1986 bona
1033 1925 1228 1984 malis.
1273 1925 1499 1982 Nullius
1524 1925 1787 1982 hominis
1817 1929 1939 1986 vita
1968 1937 2198 2004 perpeti

2367 1935 2694 2005 ύποίσομεν;
2784 1933 3104 2003 Ἀνάμνησον
3186 1939 3285 1982 τῶν
3361 1935 3646 2004 φθασάντων
3709 1937 3868 1988 σεαυτὴν

593 2020 774 2076 beata
795 2023 922 2073 est:
957 2031 1196 2088 semper
1224 2013 1456 2070 felicem
1485 2030 1635 2082 esse,
1669 2016 1854 2072 solius
1886 2018 1984 2072 Dei
2027 2023 2136 2074 est.
2173 2022 2195 2075 'l

2368 2022 2574 2095 ἀγαθῶν
2609 2046 2621 2057 ·
2671 2023 3030 2082 ἀντισήκωσον
3068 2025 3132 2074 τὰ
3169 2027 3386 2094 κρείττω
3413 2032 3514 2084 τοῖς
3540 2029 3760 2096 χείροσιν,
3797 2022 3867 2074 Οὗ-

595 2109 774 2180 ίείιιιτ
803 2106 852 2162 si
882 2105 961 2162 ob
982 2104 1303 2177 praesentia
1323 2102 1530 2159 dolore
1559 2103 1914 2169 aiﬁceris,ex
1947 2107 2197 2178 prreteril

2369 2111 2514 2174 δενός
2576 2112 2852 2187 ἀνθρώπων
2912 2113 2936 2164 ό
3005 2110 3124 2184 βίος
3176 2108 3359 2164 διόλου
3425 2116 3688 2185 μακάριος⁶
3733 2117 3778 2163 τὸ
3808 2109 3869 2162 διὰ

595 2202 650 2254 te
680 2198 817 2270 ipsa
863 2194 1195 2252 consolare.
1247 2195 1413 2248 Nunc
1441 2191 1815 2265 lacrymaris,
1865 2200 1925 2252 at
1965 2197 2132 2269 prius
2179 2215 2197 2253 ι

2365 2206 2553 2262 παντὸς
2583 2198 2637 2254 εὖ
2671 2203 2914 2276 πράττειν
2966 2205 3122 2273 μόνου
3178 2209 3314 2253 Θεοῦ
3373 2201 3504 2256 ἐστι.
3560 2206 3618 2254 Συ
3649 2199 3697 2253 δὲ
3722 2201 3776 2260 εἰς
3797 2207 3866 2257 τοῖς

598 2285 760 2343 sisti:
794 2301 957 2341 nunc
979 2297 1212 2355 pauper
1237 2297 1322 2351 es,
1345 2285 1404 2338 at
1433 2281 1600 2352 prius
1625 2281 1784 2338 fuisti
1824 2283 2022 2351 dives;
2054 2286 2200 2342 bibis

2365 2299 2623 2364 παροῦσιν
2699 2289 2892 2362 ἀλγεῖς,
2983 2288 3083 2342 ἀπὸ
3158 2298 3258 2342 τῶν
3336 2290 3671 2364 προλαϐόντων
3733 2293 3867 2344 amri:

596 2374 918 2448 limpidum
935 2373 1068 2427 vita:
1081 2369 1474 2440 laticem,jam
1489 2369 1797 2426 turbidum
1819 2371 2031 2429 bibens
2053 2376 2198 2431 anin

2366 2383 2770 2454 παραμύθησαι.
2839 2387 2944 2432 Νῦν
3003 2376 3262 2454 δακρύεις,
3310 2378 3418 2431 ἀλλ’
3473 2379 3691 2450 ἐγελασας
3741 2383 3865 2451 προτε-

598 2480 776 2538 aequo
800 2463 1052 2536 patiare.
1081 2464 1158 2516 Ne
1181 2459 1501 2515 ﬂuviorum
1532 2459 1780 2532 quidem
1801 2460 2026 2520 ﬂuenta
2050 2480 2198 2537 perp

2365 2488 2453 2540 ρον
2489 2491 2502 2502 -
2569 2478 2657 2520 νῦν
2719 2471 3028 2541 πτωχεύεις,
3102 2466 3208 2520 ἀλλ’
3273 2467 3592 2530 ἐπλούτησας
3652 2473 3863 2542 πρότερον

599 2557 701 2610 tuo
728 2555 1024 2624 apparent
1062 2564 1241 2622 pura.
1272 2549 1370 2603 Est
1399 2551 1600 2603 autem
1626 2546 1846 2604 ﬂuvius
1871 2550 1990 2607 vita
2028 2559 2201 2609 nostr;

2368 2561 2499 2619 ἔπεις
2541 2564 2599 2610 τὸ
2641 2554 2836 2620 διειδες
2882 2564 3023 2629 νᾶμα
3068 2564 3160 2608 τού
3200 2554 3348 2628 βίου,
3387 2561 3475 2608 καὶ
3527 2560 3580 2608 τὸ
3629 2555 3788 2628 θολερὸν
3815 2559 3865 2603 πί-

599 2646 666 2699 ut
693 2641 874 2711 nosti,
909 2638 1192 2695 continue
1242 2637 1436 2693 ﬂuens
1479 2653 1550 2692 ac
1590 2637 1868 2694 fluctibus
1919 2640 2201 2700 alternatil

2367 2667 2531 2700 νουσα
2565 2652 2910 2720 καρτέρησον.
2950 2642 3092 2698 Οὐδὲ
3146 2648 3214 2697 τὰ.
3268 2654 3372 2697 τῶν
3436 2653 3662 2718 ποταμῶν
3705 2646 3868 2718 ῥύματα

603 2731 718 2787 sibi
749 2726 1212 2786 succedentibus
1243 2725 1478 2782 referta.
1511 2725 1738 2782 Etenim
1761 2727 1893 2798 jam
1936 2745 2077 2801 pars
2107 2748 2205 2804 pra

2371 2733 2549 2790 διόλου
2600 2741 2832 2808 φαίνεται
2870 2738 3077 2810 καθαρά
3113 2750 3126 2763 ⁸
3169 2739 3405 2808 ποταμὸς
3464 2732 3537 2806 δὲ,
3592 2737 3652 2796 ὡς
3698 2730 3866 2794 οἶσθα,ό

601 2818 880 2881 terﬂuxit,
911 2833 1052 2890 pars
1081 2815 1280 2872 adhuc
1311 2814 1520 2870 transit
1553 2831 1564 2867 :
1611 2831 1752 2888 pars
1791 2817 1920 2887 jam
1947 2821 2190 2877 emersit

2371 2824 2486 2896 βίος
2525 2828 2690 2898 ἡμῶν,
2729 2827 2853 2899 ῥέων
2895 2821 3196 2896 ἐνδελεχῶς,
3245 2829 3341 2876 καὶ
3373 2826 3590 2895 κύμασιν
3635 2819 3867 2875 ἀλλεπαλλή·

602 2909 892 2978 fontibus,
919 2923 1065 2980 pars
1095 2921 1239 2961 vero
1264 2919 1572 2960 emersura
1609 2910 1716 2971 est,
1749 2911 1806 2962 et
1828 2907 1906 2962 ad
1937 2925 2204 2968 commur

2368 2913 2471 2974 λοις
2535 2913 2908 2988 πληρούμενος.
2979 2917 3048 2966 Τὸ
3099 2916 3188 2986 μὲν
3425 2913 3576 2965 αύτού
3621 2909 3867 2983 προέῥρενσςν

601 2999 814 3059 mortis
855 3012 1022 3052 mare
1053 2994 1409 3050 festinamus
1441 3009 1671 3049 omnes.
1716 2997 1782 3051 Si
1807 2997 1959 3054 bona
2006 3017 2203 3071 suscep

2369 3000 2498 3075 ἤδη,
2545 3008 2602 3055 τὸ
2657 2999 2715 3056 δὲ
2771 3006 2846 3056 ἔτι
2896 3005 3190 3075 πορεύεται,
3234 3003 3295 3053 τό
3328 2998 3388 3054 δὲ
3416 3004 3531 3074 ἄρτι
3558 2997 3776 3075 προέκοψε
3807 3004 3870 3046 τῶν

605 3105 734 3143 mus
781 3086 853 3142 de
892 3099 1075 3140 manu
1106 3082 1365 3146 Domini,
1414 3082 1574 3138 mala
1617 3099 1736 3137 non
1782 3085 2207 3144 sublinebimus

2291 3113 2331 3168 ρ
2369 3100 2568 3163 πηγῶν,
2597 3094 2654 3142 τὸ
2716 3088 2776 3144 δε
2803 3090 2971 3164 μέλλει
3005 3112 3016 3123 ·
3072 3094 3162 3142 καὶ
3199 3093 3330 3164 πρὸς
3383 3094 3474 3148 τὴν
3520 3094 3676 3146 κοινὴν
3719 3087 3873 3142 imm;

605 3177 964 3246 Cogimusne
1003 3171 1270 3243 judicem
1301 3170 1476 3228 nobis
1507 3176 1794 3244 perpetuo
1834 3175 2002 3246 paria
2044 3194 2207 3252 supp.

2369 3189 2460 3234 τού
2536 3184 2759 3234 θανάτοῡ
2835 3177 3126 3252 σπεύδομεν
3205 3179 3484 3232 θαλατταν.
3543 3179 3596 3232 Εἰ
3658 3180 3714 3228 τὰ
3757 3173 3872 3243 ἀνίώά

605 3263 843 3322 ditare?
872 3262 1241 3317 docemusne
1297 3258 1638 3328 Dominum,
1688 3263 1998 3333 quomodo
2045 3265 2207 3323 debe;

2371 3266 2658 3342 ἐδεξάμεθα
2713 3269 2768 3322 εκ
2833 3273 3016 3344 χειρὸς
3079 3272 3296 3341 Κυρίου,
3359 3271 3422 3320 τα
3481 3271 3607 3318 κακά
3639 3265 3728 3336 οὐχ
3772 3265 3872 3312 ὑποι-

605 3353 795 3409 vitam
814 3354 1082 3406 nostram
1100 3347 1403 3403 moderari
1418 3348 1445 3403 ’ἶ
1471 3351 1712 3404 Decreta
1727 3366 1837 3405 sua
1858 3368 2044 3424 penes
2061 3355 2207 3428 lpSUl

2376 3375 2570 3430 σομεν;
2610 3359 2993 3430 Ἀναγκάζομεν
3031 3361 3117 3408 τόν
3170 3360 3356 3428 κριτὴν
3410 3357 3558 3427 ὅμοια
3607 3357 3806 3426 χορηγεῖν
3837 3366 3874 3396 τι

607 3445 765 3498 sunt.
789 3443 902 3495 Res
930 3442 1169 3493 nostras
1200 3453 1309 3508 pro
1343 3453 1455 3492 suo
1477 3437 1768 3494 arbitratu
1793 3441 1960 3510 regit.
1988 3446 2081 3499 Est
2102 3448 2209 3503 eui]

2373 3450 2661 3519 πράγματα
2692 3443 2764 3498 δι’
2797 3447 2973 3506 αἰῶνος
3000 3447 3123 3516 ἡμῖν
3148 3463 3161 3507 ;
3192 3439 3519 3516 διδάσκομεν
3560 3446 3634 3494 τὸν
3670 3443 3871 3500 Ararim,

608 3530 852 3604 sapiens
875 3545 888 3594 ;
909 3531 966 3582 et
989 3526 1156 3599 quod
1185 3525 1324 3581 utile
1356 3525 1532 3595 est,id
1555 3527 1677 3581 suis
1709 3529 1892 3583 servis
1923 3531 2209 3592 admetitu

2376 3537 2645 3609 ὅπωςκρὴ
2699 3532 2952 3606 διεξάγειν
3005 3540 3092 3586 τὸν
3149 3536 3399 3607 ἡμέτερον
3457 3531 3611 3605 ﬂio»;
3658 3530 3787 3585 Αὐτός
3814 3533 3871 3574 :51

607 3624 762 3678 Cave
781 3616 1072 3675 curiosius
1090 3615 1480 3688 perscruteris
1514 3615 1745 3672 Domini
1758 3617 2070 3688 judicium.
2095 3627 2201 3698 ,Eq

2377 3623 2575 3676 οἰκείων
2636 3624 2813 3696 ψήφων
2858 3627 2971 3696 ἔχει
3035 3628 3128 3680 τὴν
3167 3621 3452 3685 ἐξουσίαν·
3512 3623 3635 3680 ὅπως
3689 3616 3873 3690 βούλεται,

604 3710 873 3782 bonique
906 3705 998 3762 fac
1025 3705 1222 3762 solum
1241 3721 1377 3777 qua:
1408 3704 1486 3760 ab
1518 3705 1680 3761 illius
1709 3708 2004 3780 sapientia
2023 3711 2206 3785 dispei

2376 3716 2572 3767 τάττει·
2599 3717 2666 3767 τὰ
2710 3715 2826 3767 καθ’
2874 3716 3013 3786 ἡμᾶς
3046 3734 3058 3746 '
3102 3715 3255 3783 σοφός
3317 3708 3377 3764 δὲ
3414 3709 3544 3776 ἐστι,
3592 3713 3672 3760 καὶ
3702 3703 3872 3756 761m-

606 3805 840 3858 santur.
874 3795 1179 3868 Quidquid
1199 3793 1431 3850 dederit
1461 3795 1588 3866 tibi,
1621 3812 1760 3852 cum
1782 3798 2005 3867 gaudio
2036 3803 2206 3875 accip

2377 3804 2550 3856 τελούν
2604 3804 2862 3878 ἐπιμετρεί
2910 3803 2984 3874 (2)
3035 3810 3142 3864 τοῖς
3193 3801 3440 3861 οἰκέταις.
3499 3804 3580 3856 Μὴ
3621 3791 3873 3868 agona/£59

607 3885 863 3945 Ostende
891 3885 954 3940 in
1001 3883 1290 3947 adversis,
1325 3883 1616 3939 exstitisse
1656 3889 1708 3941 te
1759 3885 1961 3944 laetitia
2015 3891 2209 3961 pristir

2375 3900 2467 3944 τοῦ
2500 3899 2758 3946 Δεσπότου
2813 3898 2905 3950 τήν
2936 3897 3109 3966 κρίσιν
3144 3906 3157 3919 ⁸
3217 3889 3400 3960 ἀγάπα
3427 3893 3574 3960 μόνον
3609 3889 3666 3937 τὰ
3690 3885 3798 3956 παρὰ
3818 3884 3872 3933 fit

604 3978 884 4048 dignam.
936 3973 1034 4027 His
1063 3971 1334 4027 dicendis
1364 3972 1578 4044 repulit
1603 3974 1713 4030 Job
1758 3979 1814 4030 et
1849 3977 2009 4033 hunc
2040 3979 2206 4037 diabc

2377 3982 2537 4034 αὐτοῦ
2569 3989 2753 4056 σοφίας
2782 3983 3204 4054 οἰκονομούμενα.
3233 3978 3399 4053 Ὀπερ
3449 3977 3506 4030 ἆν
3541 3973 3613 4048 δῷ
3657 3993 3742 4038 σοι,
3777 3975 3875 4019 τῦῦτῦ

603 4063 989 4126 ascultum,et
1004 4059 1248 4132 plenam
1280 4061 1333 4115 ei
1354 4060 1543 4115 cladis
1562 4064 1961 4132 ignominiam
1990 4068 2205 4126 incussi

2377 4067 2542 4142 δέχου
2597 4072 2708 4144 μεθ’
2740 4069 2930 4131 ἡδονῆς
2965 4087 2977 4100 ⁸
3027 4066 3194 4132 δεῖξον
3227 4067 3274 4121 ἐν
3316 4076 3424 4129 τοῖς
3462 4066 3691 4137 ἀλγεινοῖς
3732 4063 3784 4118 ὡς
3819 4059 3874 4105 ιιι

604 4149 758 4218 Quid
790 4147 971 4218 igitur
990 4146 1131 4202 hinc
1157 4147 1390 4202 evenit?
1423 4149 1593 4218 Fugit
1618 4151 1830 4207 iterum
1874 4155 1952 4210 ab
1976 4157 2076 4212 illo
2107 4173 2206 4214 mo

2374 4168 2469 4224 τῆς
2517 4162 2834 4237 εὐφροσύνης
2873 4159 2994 4222 ἀξία
3047 4168 3144 4219 τῆς
3190 4158 3414 4234 πρόσθεν
3463 4155 3734 4226 ἐτύγχανες.
3758 4153 3875 4199 TW?“

601 4240 740 4304 bus,
782 4241 1076 4310 tanquam
1125 4235 1228 4306 qui
1260 4236 1610 4294 accessisset
1649 4238 1889 4306 frustra,
1937 4260 2048 4301 nec
2085 4248 2203 4318 qui:

2375 4251 2493 4306 Ἰὼϐ
2557 4250 2734 4322 λέγων,
2802 4248 3163 4322 ἀπεκρούσατο
3226 4253 3316 4299 καὶ
3378 4249 3573 4301 ταύτην
3623 4247 3701 4293 τοῦ
3754 4232 3870 4287 διαεο·

600 4342 788 4402 quam
838 4323 1100 4396 amplius
1122 4322 1435 4380 effecisset.
1459 4327 1718 4383 Beversa
1746 4345 1886 4386 caro
1916 4332 1977 4388 in
2007 4334 2202 4391 altera.

2371 4340 2460 4395 λου
2511 4343 2590 4410 (3)
2647 4344 2738 4398 τὴν
2790 4337 3109 4412 προσϐολὴν,
3165 4342 3254 4388 καὶ
3304 4334 3500 4387 τελείαν
3547 4331 3674 4401 αύτῴ
3705 4330 3777 4383 τὴν
3815 4325 3870 4377 τέὶ

601 4417 979 4491 pubertatem
1027 4412 1293 4475 reviruit,
1329 4412 1528 4469 ﬂoruit
1563 4430 1772 4472 rursus
1827 4418 1944 4476 vita
1976 4423 2203 4480 omnibl

2288 4459 2336 4515 Β
2372 4433 2530 4492 ἣττης
2571 4430 2834 4500 αἰσχύνην
2887 4426 3138 4498 ἐπήγαγε.
3189 4429 3251 4478 Τί
3297 4420 3387 4475 οὖν
3442 4422 3652 4474 ἐντεῦθεν
3703 4410 3871 4467 συνεξαί-

599 4505 804 4570 rebus,
833 4507 891 4560 et
912 4501 1235 4574 duplicatae
1253 4500 1469 4557 divitiae
1486 4502 1888 4578 undecunque
1919 4509 1978 4564 in
2005 4510 2201 4568 domu;

2289 4500 2335 4515 υ
2366 4537 2488 4587 νεν;
2549 4519 2768 4590 Ἔφυγεν
2825 4511 2971 4576 αὖθις
3027 4517 3056 4574 ἡ
3111 4518 3262 4574 νόσος
3301 4513 3481 4580 αὑτὸν,
3520 4513 3582 4569 ως
3629 4506 3721 4560 εἰ.κῆ
3761 4513 3867 4590 τρεῖ·

601 4593 1038 4656 conﬂuxerunt,
1090 4595 1153 4646 ut
1179 4590 1357 4663 quasi
1377 4590 1525 4646 nihil
1553 4593 1870 4667 amisisset,
1903 4613 2085 4656 unam
2113 4618 2203 4674 pa]

2367 4609 2608 4675 ελθοῦσα,
2675 4612 2764 4658 καὶ
2811 4601 2974 4678 μηδὲν
3039 4603 3279 4654 ἀνύσασα
3341 4600 3510 4654 πλέον.
3573 4591 3787 4650 Ἀνέθαλεν
3827 4603 3869 4640 εις

600 4688 721 4740 tem
746 4682 1014 4750 haberet,
1036 4697 1180 4754 pars
1209 4697 1352 4737 vero
1383 4681 1567 4738 altera
1589 4684 1756 4754 justo
1779 4694 1937 4744 esset
1957 4693 2199 4762 patienti

2367 4694 2610 4770 δευτέραν
2664 4694 2795 4753 ἣϐην
2859 4695 2889 4752 ἡ
2938 4692 3090 4766 σὰρξ,
3150 4693 3374 4750 ἤνθησεν
3433 4691 3458 4740 ὁ
3507 4686 3616 4756 βίος
3651 4680 3771 4734 πάλιν
3802 4690 3870 4762 τοις

596 4785 847 4828 merces.
883 4770 960 4842 (ι)
992 4771 1073 4824 Ex
1097 4769 1195 4825 illo
1216 4769 1396 4839 igitur
1416 4771 1601 4828 animi
1631 4772 2039 4834 fortitudinem
2071 4797 2196 4838 unu

2363 4786 2552 4852 ἅπασι,
2609 4789 2699 4836 καὶ
2746 4779 3033 4836 διπλασίων
3100 4781 3428 4850 πανταχόθεν
3478 4777 3558 4829 ἐπὶ
3613 4776 3686 4825 τὸν
3729 4777 3872 4852 aut?“

595 4859 854 4934 quisque
875 4857 1204 4928 discamus,
1232 4860 1336 4930 qui
1363 4860 1546 4917 rebus
1585 4863 1707 4917 suis
1727 4870 1882 4922 retro
1924 4869 2195 4943 sublapsi

2361 4874 2582 4937 πλοῦτος
2637 4872 2968 4947 συνέρρευσεν
3003 4887 3015 4900 ·
3061 4872 3144 4923 ἱνα
3195 4873 3252 4921 τὸ
3439 4869 3505 4928 ὡς
3546 4858 3694 4937 μηδὲν
3725 4851 3868 4947 ἀπολει-

594 4964 666 5006 ac
695 4961 879 5017 egens
898 4961 966 5001 ex
986 4944 1378 5013 divite,orbus
1409 4965 1479 5005 ex
1510 4950 1778 5023 pulchrae
1803 4956 1986 5026 prolis
2006 4940 2191 5030 paren

2361 4964 2515 5024 λεκὼς
2567 4965 2691 5037 ἔχη,
2731 4964 2790 5014 τό
2845 4956 2904 5013 δὲ
2941 4960 3145 5036 ὑπάρξῃ
3207 4967 3300 5020 τῆς
3350 4958 3621 5030 καρτερίας
3648 4958 3707 5019 τῷ
3739 4940 3866 5002 δικαίῳ

593 5034 884 5109 temporis
934 5040 1245 5126 momento
1287 5035 1500 5103 factus,
1535 5047 1660 5096 nOn
1708 5042 1903 5100 solum
1931 5045 2092 5103 idem
2123 5066 2195 5122 pe

2361 5055 2567 5126 μισθός.
2620 5053 2709 5105 Ἐκ
2763 5053 2948 5102 τούτου
3020 5052 3191 5101 τοίνυν
3248 5042 3465 5119 ἀνδρίαν
3501 5043 3673 5114 ψυχῆς
3717 5035 3866 5126 in?“

592 5125 838 5192 mansit,
875 5121 1161 5180 infractos
1203 5124 1391 5180 animi
1433 5143 1644 5183 sensus
1700 5130 1928 5203 ubique
1965 5115 2192 5194 retinen

2359 5138 2732 5213 παιδευώμεθα
2761 5153 2777 5169 ⁶
2811 5139 2868 5200 ὃς
2905 5137 2965 5190 ού
2996 5142 3169 5209 μόνον,
3197 5139 3326 5211 πρὸς
3362 5137 3430 5187 τὰ
3463 5131 3655 5185 ἐναντία
3687 5129 3759 5176 τοῦ
3787 5115 3861 5188 βων

661 5304 683 5339 ⁸
717 5301 827 5360 Job
855 5315 920 5372 II,
952 5305 1036 5358 l0.
1115 5299 1312 5360 ‘ibid.
1385 5317 1400 5329 '

659 5465 736 5605 (1)
767 5465 850 5518 Ex
879 5465 1054 5534 epist.
1087 5479 1144 5530 ιι,
1175 5468 1264 5520 73.

683 5538 742 5600 2)
771 5534 1094 5605 Ἐπιμετρεῖ.
1120 5536 1211 5591 Sic
1238 5535 1454 5605 Regius
1493 5539 1705 5601 COdOI.
1737 5543 1890 5605 Editi
1928 5547 2238 5605 ἰπιαετοιῖν.

2434 5488 2508 5561 (3)
2547 5495 2648 5544 Τον
2681 5482 2716 5544 δ
2723 5487 2953 5544 ιαϐόλου.
2985 5483 3140 5544 Editi
3169 5491 3257 5539 καὶ
3290 5488 3382 5538 τοῦ
3421 5473 3456 5534 δ
3461 5475 3672 5558 ιαςὸλου,
3694 5453 3865 5542 Rep!“

2361 5567 2417 5605 pt
2446 5577 2690 5605 suem-pm
2724 5570 2780 5605 at
2810 5562 3040 5605 diaboli
3067 5561 3381 5605 (issu/lum.
3411 5554 3646 5605 Remum
3669 5535 3865 5597 οοὼθω

661 5535 742 5605 (2)
771 5535 1094 5607 Ἐπιμετρεῖ.
1120 5536 1211 5591 Sic
1238 5535 1454 5610 Regius
1493 5539 1705 5601 codex.
1737 5543 1890 5606 Editi
1928 5547 2192 5631 ἰπιμετριῖ

590 5605 918 5660 Contextus
947 5601 1254 5660 ἔπιαετοων.

2361 5567 2417 5660 εξ
2435 5535 2706 5660 animi;
2724 5570 2780 5621 et
2809 5535 3040 5643 ἇαιόοιὶ
3067 5535 3381 5660 ἀξειιιιωη.
3411 5550 3646 5624 Regium
3669 5535 3869 5597 οοάίωω

1032 5625 1254 5681 “TW”-
2018 5625 2024 5626 ί
2111 5625 2122 5631 ’
2360 5635 2420 5688 et
2438 5638 2782 5692 contextum
2812 5633 2985 5707 sequi
3011 5629 3364 5689 maluimus.
