4068 6220
251 321 386 377 1293

1387 314 1613 373 8ΕῆΜο
1652 315 1788 373 XIII.
1825 344 1897 360 --
1934 315 2024 371 DE
2065 319 2447 375 PATIENTIA.

3465 329 3600 388 1294

246 445 618 512 περιπεσόντος
649 439 812 511 αὐτῷ,
843 443 1000 500 πένης
1044 439 1101 492 ἐκ
1130 439 1405 508 πλουσίου,
1437 439 1705 499 καῖ-ἄπαις
1743 437 1845 491 ἀπὸ

1960 439 2062 496 sed
2091 457 2166 496 ne
2187 442 2398 498 amicis
2420 443 2689 516 quidem,
2716 444 2820 518 qui
2847 445 2920 503 ad
2955 447 3395 506 consolandum
3423 466 3599 506 vene-

246 526 590 592 καλλίπαιδος
613 528 665 581 ἰν
705 535 805 602 μιᾷ
831 537 1018 602 καιροῦ
1046 537 1181 601 ῥοπῇ
1205 534 1490 601 γενόμενος,
1533 526 1780 601 διέμεινεν
1819 529 1846 580 6

247 619 420 685 αὐτὸς,
471 618 816 672 ἀταπείνωτον
861 626 1138 690 πανταχοῦ
1172 621 1230 668 τό
1260 626 1355 678 τῆς
1383 617 1572 688 ψυχῆς
1607 621 1848 691 φρόνημα

1953 533 2108 597 rant,
2162 530 2594 587 insultantibns
2624 537 2679 588 et
2719 533 2955 590 dolores
2985 536 3351 607 conjunctim
3406 539 3600 596 inten-

1953 615 2260 685 dentibus,
2284 620 2372 676 ira
2402 626 2743 676 commotus
2775 628 2880 679 est.

249 706 283 762 δ
289 710 530 769 ιασωεων
558 726 572 740 ⁸
616 706 722 760 ἀλλ’
763 709 879 761 οὔτε
915 715 1014 760 τῶν
1036 706 1315 780 φίλων,τών
1338 706 1409 768 εἰς
1429 707 1764 782 παραμυθίαν
1785 706 2038 775 ἡκόντων,
2072 706 2475 779 ἐπεμϐαινόντων
2505 710 2642 779 αὐτῷ
2669 715 2756 762 καὶ
2785 719 3228 766 συνεπιτεινόντων
3269 717 3333 768 τὰ
3371 714 3601 788 ἀλγεινὰ,

247 801 562 879 παρωξύνθη
574 847 586 860 .

317 899 370 952 3.
402 894 584 952 Ἔστιν
610 895 693 947 ὅτε
730 899 821 948 καὶ
848 897 986 948 κατὰ
1012 901 1195 968 πεῖραν
1234 900 1348 955 ταῖς
1397 893 1604 965 ψυχαῖς
1663 895 1718 945 αἱ
1753 901 1842 945 τοῦ

250 984 372 1059 βίου
413 981 738 1057 δυσκληρίαι
785 989 891 1044 τοῖς
923 983 1216 1057 ἀνθρώποις
1245 985 1623 1056 προσάγονται,
1659 983 1722 1034 ἶν’
1761 981 1843 1034 ἐπὶ

248 1082 340 1137 τῆς
381 1070 668 1135 δυσκολίας
720 1070 1113 1143 ἀπελεγχθῶσιν
1151 1075 1202 1124 οἱ
1249 1069 1483 1143 δόκιμοι,
1537 1076 1636 1124 εἶτε
1689 1071 1845 1123 πλού-

255 1183 381 1230 σιοι,
428 1166 525 1215 εἴτε
581 1167 815 1222 πένητες.
845 1161 1110 1234 Ἑκάτεροι
1146 1164 1246 1236 γὰρ
1307 1158 1400 1214 διὰ
1450 1169 1542 1223 τῆς
1582 1163 1843 1233 ὑπομονῆς

257 1250 675 1324 δοκιμάζονται·
733 1249 826 1302 κάν
875 1253 1036 1322 τούτῳ
1092 1251 1323 1323 μάλιστα
1378 1259 1450 1321 τῷ
1505 1259 1671 1323 καιρῷ
1727 1246 1843 1302 δια-

257 1338 524 1394 δείκνυται
579 1342 606 1392 ὁ
643 1343 752 1412 μὶν,
812 1340 857 1392 εἰ
906 1343 1204 1402 κοινωνικὸς
1257 1345 1344 1393 καὶ
1411 1336 1721 1412 φιλάδελφος
1750 1357 1763 1370 ⁸
1820 1341 1845 1390 6

255 1427 334 1498 δι,
398 1431 443 1484 εἰ
509 1430 824 1502 εὐχάριστος
883 1433 973 1481 καὶ
1033 1434 1105 1502 μὴ
1163 1429 1458 1482 τούναντίον
1510 1428 1844 1502 βλάσφημος,

252 1526 370 1583 ταῖς
422 1525 514 1572 τοῦ
563 1518 684 1591 βίου
741 1526 1045 1593 περιφοραῖς
1100 1518 1252 1581 ὀξέως
1295 1517 1734 1592 συμμεταϐάλλων
1788 1522 1846 1570 τό

250 1613 508 1682 φρόνημα.
571 1611 672 1661 Καὶ
731 1606 1050 1682 κυϐερνήτην
1113 1610 1204 1679 μεν
1257 1607 1283 1659 6
1334 1612 1559 1680 χειμὼν,
1623 1613 1713 1661 καὶ
1759 1611 1846 1660 τόν

249 1695 480 1756 ἀθλητὴν
527 1699 584 1750 1'6
648 1691 889 1758 στάδιον,
949 1699 1036 1749 τόν
1095 1699 1391 1770 στρατηγόν
1445 1699 1474 1756 ἠ
1529 1697 1844 1773 παράταξις,

245 1789 335 1837 τὸν
389 1783 764 1857 μεγαλόψυχον
802 1786 832 1843 ἡ
877 1787 1120 1859 συμφορά
1151 1800 1164 1813 ·
1205 1790 1293 1839 τόν
1344 1789 1659 1859 Χριστιανὸν
1709 1783 1768 1840 δε
1820 1787 1846 1838 6

245 1877 536 1948 πειρασμὸς
601 1868 900 1945 δοκιμάζει.
961 1878 1061 1926 Καὶ
1126 1875 1298 1948 ὥσπερ
1337 1878 1455 1936 τοὺς
1513 1873 1742 1936 ἀθλητὰς
1799 1892 1851 1943 οἱ

2027 893 2204 966 548
2250 899 2304 949 3.
2341 898 2438 966 (2).
2474 897 2556 953 Fit
2584 914 2827 970 quoque
2860 900 3212 972 aliquando,
3241 908 3305 959 ut
3343 903 3475 959 vitae
3507 902 3598 960 in-

1951 981 2212 1038 fortunia
2239 983 2574 1054 irrogentur
2606 987 2954 1044 hominibus
2981 989 3056 1045 ad
3091 990 3326 1048 animas
3346 993 3601 1063 proban-

1952 1071 2085 1142 das,
2147 1079 2210 1128 ut
2257 1074 2408 1130 inter
2453 1075 2836 1133 difﬁcultates
2894 1077 3442 1150 deprehendantur,
3495 1081 3599 1154 qui

1953 1162 2125 1232 probi
2182 1163 2322 1231 sint,
2379 1164 2504 1220 sive
2558 1166 2793 1234 divites,
2827 1166 2949 1222 sive
3001 1183 3319 1240 pauperes.
3361 1171 3600 1242 Utrique

1955 1250 2112 1304 enim
2142 1267 2248 1322 per
2295 1254 2643 1322 patientiam
2678 1254 3014 1326 probantur
3047 1273 3060 1310 :
3090 1261 3147 1311 et
3179 1258 3437 1316 maxime
3484 1260 3600 1316 hoc

1957 1342 2224 1410 tempore
2272 1340 2630 1411 declaratur,
2668 1344 2818 1398 sitne
2841 1343 2935 1399 hic
2967 1343 3230 1402 liberalis
3263 1352 3319 1403 et
3349 1347 3599 1404 fratrum

1955 1441 2210 1494 amans;
2245 1428 2394 1483 sitne
2433 1429 2526 1485 ille
2550 1437 2752 1500 gratus
2778 1438 2835 1487 et
2862 1430 3294 1489 beneﬁciorum
3343 1451 3598 1504 memor,

1955 1529 2025 1571 ac
2051 1531 2173 1570 non
2226 1522 2434 1576 contra
2464 1518 2877 1590 blasphemus,
2906 1521 3077 1590 cujus
3108 1523 3350 1578 animus
3396 1523 3599 1580 statim

1955 1604 2090 1660 vitm
2144 1606 2656 1664 vicissitudinibus
2714 1614 2997 1664 mutetur.
3045 1612 3122 1680 (3)
3155 1614 3326 1668 Nav1s
3373 1612 3599 1685 quippe

1957 1693 2421 1762 gubernatorem
2449 1697 3088 1768 tempestas,athletam
3117 1699 3400 1768 stadium,
3419 1700 3602 1774 impe-

1957 1787 2217 1838 ratorem
2273 1785 2454 1852 acies,
2510 1786 2971 1855 magnanimum
3022 1787 3218 1843 virum
3265 1787 3599 1859 calamitas,

1961 1869 2356 1928 Christianum
2385 1873 2628 1930 tentatio
2656 1875 2893 1947 probat.
2929 1877 3043 1946 (44)
3071 1877 3597 1942 Quemadmodum

241 1971 342 2016 τῶν
405 1961 612 2034 ἀγώνων
673 1963 902 2034 κάματοι
948 1969 1057 2024 τοῖς
1135 1965 1409 2034 στεφάνοις
1464 1966 1848 2038 προσάγουσιν,

1960 1960 2119 2015 enim
2145 1963 2542 2018 certaminum
2567 1963 2738 2019 labor
2776 1963 3030 2020 athletas
3067 1965 3145 2020 ad
3177 1982 3493 2038 coronam,
3524 1968 3605 2024 ita

242 2051 377 2106 οὕτω
432 2055 522 2104 καὶ
583 2055 706 2113 τοὺς
772 2055 1124 2125 Χριστιανοὺς
1175 2054 1205 2110 ἠ
1265 2051 1315 2103 ἐν
1373 2060 1485 2114 τοῖς
1540 2061 1850 2126 πειρασμοῖς

245 2137 542 2213 δοκιμασία
599 2143 729 2210 πρὸς
779 2145 874 2198 τὴν
929 2139 1190 2192 τελείωσιν
1237 2142 1370 2212 ἄγει,
1427 2139 1514 2194 ἐὰν
1564 2145 1696 2213 μετὰ
1754 2149 1849 2204 τῆς

246 2231 546 2306 πρεπούσης
609 2230 875 2301 ὑπομονῆς
935 2229 1254 2304 εὐχαριστίᾳ
1318 2232 1464 2303 πάσῃ
1528 2234 1594 2283 τὰ
1645 2231 1849 2286 οἰκονο-

249 2321 485 2391 μούμενοι
541 2320 686 2392 παρὰ
751 2324 844 2369 τοῦ
923 2322 1116 2392 Κυρίου
1189 2315 1616 2391 καταδεξωμεθα.
1687 2324 1852 2383 Πένης

253 2403 343 2476 εἶ;
401 2412 473 2479 μὴ
541 2405 842 2479 ἁθυμὴσῃς,
900 2404 1007 2458 ἀλλ’
1046 2407 1139 2478 ἔχε
1185 2411 1280 2465 τὴν
1355 2405 1544 2460 ἐλπίδα
1598 2412 1728 2481 πρὸς
1765 2413 1850 2462 τόν

255 2503 408 2550 Θεὸν.
453 2501 540 2555 Μὴ
595 2499 698 2570 γὰρ
756 2496 852 2549 οὐκ
898 2494 1157 2550 ἐπιϐλέπει
1203 2502 1298 2554 τὴν
1353 2501 1643 2563 στένωσινς
1698 2498 1854 2571 Ἔχει

254 2591 351 2644 τὴν
394 2589 585 2657 τροφὴν
643 2585 694 2637 ἐν
753 2589 917 2659 χειρὶ,
979 2589 1066 2637 καὶ
1120 2585 1361 2658 παρελκει
1415 2592 1504 2644 τὴν
1558 2583 1728 2650 δόσιν,
1774 2588 1857 2639 ἱνα

257 2692 356 2726 σου
408 2669 679 2746 δοκιμάσῃ
734 2678 794 2726 τό
836 2672 1067 2746 βέϐαιον,
1119 2676 1201 2726 ἱνα
1255 2676 1533 2747 καταμάθῃ
1577 2680 1670 2734 τὴν
1721 2681 1856 2747 γνώ-

253 2782 382 2834 μην,
433 2761 478 2814 εἰ
529 2767 602 2834 μὴ
655 2769 718 2835 τῇ
761 2771 862 2814 τῶν
903 2760 1205 2814 ἀκολάστων
1251 2767 1341 2814 καὶ
1373 2761 1679 2835 ἀγνωμόνων
1719 2763 1858 2816 ἐστὶν

253 2852 435 2923 ὁμοία.
505 2856 604 2904 Καὶ
649 2854 751 2923 γὰρ
797 2849 1002 2919 ἐκεῖνοι,
1060 2855 1225 2923 μέχρι
1277 2854 1368 2923 μὲν
1418 2850 1467 2902 ἕν
1507 2860 1578 2922 τῷ
1637 2856 1863 2924 στόματι

249 2944 319 2992 τὰ
366 2945 515 2993 σιτία
576 2942 850 3010 τυγχάνει,
895 2939 1210 3011 εὐφημοῦσι,
1264 2939 1652 3002 κολακεύουσιν,
1711 2943 1863 3014 ὑπερ·

260 3031 628 3101 θαυμάζουσιν
662 3051 674 3063 ·
727 3029 895 3102 ὀλίγον
935 3026 995 3081 δὲ
1041 3039 1135 3092 τῆς
1161 3030 1421 3101 τραπέζης
1471 3032 1857 3106 ὑπερτεθείσης,

252 3121 431 3193 ὥσπερ
457 3123 570 3172 τισὶ
599 3118 764 3179 λίθοις
793 3126 907 3178 ταῖς
937 3116 1304 3190 βλασφημίαις
1337 3117 1622 3192 βάλλουσιν
1653 3119 1740 3181 οὓς
1760 3123 1862 3195 πρό

251 3205 502 3280 βραχέως
642 3204 735 3259 διὰ
755 3212 849 3266 τὴν
879 3203 953 3266 ἠδ
957 3211 1076 3265 ονὴν
1105 3210 1482 3280 προσεκύνουν.
1516 3207 1690 3261 Ἠλίαν
1722 3206 1861 3280 εἶχεν

1959 2048 2138 2104 etiam
2197 2050 2565 2106 Christianos
2615 2050 2898 2123 probatio
2935 2052 2998 2108 in
3053 2054 3478 2110 tentationibus
3525 2054 3604 2112 ad

1959 2139 2390 2210 perfectionem
2416 2140 2681 2205 adducit,
2714 2141 2764 2196 si
2789 2141 2972 2198 modo
3002 2157 3072 2199 ea
3109 2159 3245 2215 quas
3277 2161 3312 2200 a
3354 2146 3606 2203 Domino

1959 2227 2408 2299 dispensantur,
2440 2245 2580 2284 cum
2611 2228 2815 2286 debita
2863 2231 3149 2302 patientia
3177 2232 3239 2288 in
3270 2234 3435 2290 omni
3467 2250 3607 2304 gra-

1959 2315 2178 2372 tiarum
2207 2317 2439 2373 actione
2470 2316 2894 2390 suscipiamus.
2928 2319 3002 2382 (ὅ)
3035 2322 3264 2391 Pauper
3306 2337 3370 2376 es
3394 2323 3421 2375 ‘I
3465 2337 3610 2379 cave

1961 2404 2233 2460 animum
2260 2405 2535 2476 abjicias,
2557 2406 2664 2460 sed
2693 2421 2864 2478 spem
2895 2407 3114 2463 habeto
3140 2408 3202 2464 in
3237 2410 3438 2465 Deum.
3457 2413 3613 2468 Nun-

1961 2493 2105 2564 quid
2147 2493 2310 2548 enim
2360 2510 2481 2549 non
2538 2495 2696 2550 videt
2743 2497 3084 2564 angustiam
3112 2497 3139 2552 ?
3184 2495 3373 2554 Habet
3409 2498 3612 2555 cibum

1963 2581 2024 2636 in
2058 2581 2382 2636 manibus:
2433 2582 2539 2637 sed
2594 2582 2792 2639 differt
2839 2582 3243 2654 largitionem,
3292 2591 3354 2642 ut
3411 2587 3619 2658 probet

1965 2675 2131 2725 tuam
2181 2670 2606 2733 constantiam,
2651 2675 2716 2725 ut
2771 2670 3044 2727 animum
3098 2679 3409 2743 agnoscat,
3466 2675 3618 2731 sitne

1966 2758 2506 2829 intemperantibus
2551 2764 2610 2814 et
2647 2758 2894 2827 ingratis
2925 2760 3276 2819 consimilis.
3327 2763 3389 2818 Hi
3434 2764 3617 2832 enim,

1969 2846 2114 2901 dum
2149 2848 2204 2902 in
2237 2862 2339 2902 ore
2369 2846 2664 2916 suntcibi,
2682 2847 3421 2914 benedicunt,adulantur,
3439 2869 3622 2924 supra

1970 2936 2222 2990 modum
2245 2935 2650 3000 admirantur;
2670 2934 2982 3008 paululum
3013 2953 3153 2993 vero
3174 2937 3356 2994 dilata
3385 2956 3620 3002 mensa,

1967 3024 2360 3096 blasphemiis
2388 3023 2550 3080 velut
2605 3024 2908 3097 lapidibus
2957 3025 3256 3096 impetunt
3311 3043 3413 3083 eos
3469 3045 3626 3100 quos

1970 3112 2150 3184 paulo
2176 3120 2354 3168 antea
2375 3120 2617 3185 propter
2638 3113 2910 3169 ciborum
2931 3113 3297 3186 voluptatem
3321 3115 3622 3174 colebant.

1971 3203 2156 3257 Etiam
2186 3201 2448 3258 habebat
2475 3201 2802 3264 Carmelus,
2836 3203 3105 3258 excelsus
3151 3220 3324 3262 mons
3356 3199 3412 3262 et
3457 3204 3624 3263 inha-

250 3299 279 3349 6
315 3296 608 3372 Κάρμηλος,
657 3300 773 3369 ὅρος
827 3295 1027 3366 ὑψηλόν
1074 3301 1164 3348 καὶ
1212 3298 1480 3359 ἀοίκητον,
1510 3300 1702 3372 ἔρημος
1739 3301 1850 3373 ἔρη-

1969 3289 2253 3355 bitabilis,
2299 3289 2558 3346 solitudo
2606 3290 2937 3346 solitarium
2969 3307 2981 3343 :
3017 3307 3222 3348 verum
3250 3292 3456 3352 anima
3497 3299 3625 3352 erat

248 3406 348 3459 μον
373 3403 384 3415 ·
425 3386 579 3457 ψυχὴ
618 3382 678 3438 δι
713 3381 773 3443 ἦν
815 3393 890 3455 τῷ
922 3382 1114 3457 δικαίῳ
1153 3387 1219 3438 τὰ
1255 3387 1446 3456 πάντα,
1472 3391 1563 3439 καὶ
1593 3396 1687 3450 τῆς
1729 3391 1861 3450 ζωῆς

249 3472 482 3548 ἐφόδιον,
515 3477 545 3532 ἡ
579 3477 706 3548 πρός
733 3477 862 3527 Θεὸν
900 3472 1062 3535 ἐλπίς.
1105 3482 1213 3526 Ζῶν
1253 3470 1312 3528 δε
1360 3476 1544 3538 οὕτως,
1583 3477 1716 3549 λιμῷ
1767 3482 1860 3535 τὴν

252 3566 394 3626 ζωήν
451 3563 546 3616 οὐκ
603 3561 892 3625 ἀπήλλαξεν
925 3583 939 3597 ·
1007 3561 1112 3614 ἀλλ’
1163 3564 1212 3616 οἱ
1271 3563 1722 3638 ἁρπακτικώτεροι
1771 3586 1862 3636 καλ

250 3652 486 3726 μάλιστα
520 3656 915 3726 γαστρίμαργοι
950 3659 1053 3704 τῶν
1107 3651 1343 3728 ὀρνίθων,
1375 3653 1521 3705 οὗτοι
1560 3649 1859 3727 διεκόμιζον

248 3747 318 3796 τὰ
371 3747 536 3810 σιτία,
577 3746 668 3794 καὶ
710 3751 900 3816 τροφῆς
948 3741 1176 3813 ἐγένοντο
1233 3751 1307 3813 τῷ
1347 3739 1540 3814 δικαίῳ
1599 3740 1852 3814 διάκονοι,

247 3834 300 3885 οἱ
354 3835 448 3892 τὰς
506 3829 782 3905 ἀλλοτρίας
834 3834 1024 3903 τροφὰς
1063 3830 1117 3884 ἐκ
1165 3833 1438 3892 συνηθείας
1495 3831 1807 3905 ἁρπάζοντες
1839 3849 1852 3862 ⁸

245 3927 341 3974 καὶ
393 3941 467 3992 τῳ
507 3928 806 3991 Δεσποτικῷ
864 3924 1238 3994 προστάγματι
1282 3926 1378 3980 τὴν
1442 3924 1596 3994 φύσιν
1646 3918 1853 3993 διήμει-

244 4010 376 4082 ψαν,
435 4015 618 4063 πιστοὶ
675 4010 895 4082 φύλακες
953 4016 1218 4082 γενόμενοι
1273 4019 1373 4062 τῶν
1411 4012 1580 4084 οἰρτων
1627 4015 1852 4063 καὶτῶν

243 4111 431 4177 κρεῶν.
476 4099 603 4173 Εἶχε
660 4107 748 4154 καὶ
794 4103 820 4153 6
853 4100 1171 4164 Βαϐυλώνιος
1217 4101 1409 4162 λάκκος
1465 4107 1552 4154 τόν
1593 4101 1852 4175 Ἰσραηλί-

243 4211 345 4248 την
380 4195 666 4259 νεανίσκον,
703 4190 1039 4262 αἰχμάλωτον
1091 4193 1181 4262 μὲν
1233 4195 1328 4248 τὴν
1378 4194 1669 4265 συμφορὰν,
1721 4189 1852 4243 ἐλεύ-

246 4284 395 4354 θερον
421 4277 480 4333 δε
516 4284 612 4338 τὴν
649 4279 838 4352 ψυχὴν
876 4283 1054 4332 καὶτὸ
1087 4285 1344 4353 φρόνημα.
1390 4287 1491 4334 Καὶ
1529 4286 1581 4335 τί
1626 4283 1691 4334 τὰ
1728 4287 1851 4354 παρ’

244 4368 472 4436 ἆκείνονς
519 4370 585 4420 Οἱ
631 4371 722 4440 μεν
770 4367 966 4428 λέοντες
1003 4369 1148 4442 παρὰ
1199 4371 1354 4440 φύσιν
1414 4368 1707 4436 ἐνήστευον,
1735 4371 1762 4421 6
1793 4365 1851 4422 δι

242 4461 435 4511 τούτου
488 4459 698 4531 τροφεὺς
750 4455 1045 4510 ’Λεϐακοῡν
1103 4455 1305 4530 ἐφέρετο
1348 4453 1425 4509 δι’
1476 4456 1643 4533 ἀέρος,
1702 4462 1852 4531 κομί-

245 4549 428 4609 ζοντος
478 4553 569 4599 τοῦ
610 4544 828 4617 ἀγγέλου
882 4548 1015 4619 μετὰ
1060 4554 1161 4598 τῶν
1207 4545 1347 4616 ὄψων
1394 4550 1480 4599 τὸν
1528 4549 1796 4621 ἄνθρωπον
1829 4561 1845 4576 ⁸

1967 3380 2125 3448 justo
2147 3379 2336 3434 instar
2365 3378 2661 3449 omnium,
2694 3379 2948 3450 vitaaque
2995 3384 3120 3436 erat
3146 3381 3426 3438 viaticum
3459 3381 3620 3455 spes.

1969 3483 2154 3540 quam
2184 3469 2245 3522 in
2276 3471 2392 3523 Deo
2439 3468 2789 3538 reponebat.
2825 3469 2940 3524 Etsi
2991 3473 3192 3526 autem
3249 3471 3334 3526 sic
3378 3471 3620 3543 Viveret,

1968 3556 2126 3613 fame
2155 3562 2352 3613 tamen
2377 3557 2557 3612 vitam
2590 3573 2710 3612 non
2733 3557 2959 3613 finivit:
2991 3559 3092 3613 sed
3121 3561 3322 3615 avium
3355 3561 3621 3635 rapacis-

1969 3645 2135 3702 simae
2157 3651 2213 3702 et
2232 3646 2759 3710 voracissimaamae
2785 3645 2930 3718 ipsa?
2959 3644 3290 3706 aiferebant
3317 3650 3539 3706 cibum:
3564 3653 3622 3714 et

1960 3737 2125 3807 justo
2170 3740 2339 3790 erant
2383 3735 2577 3791 victus
2619 3735 2904 3790 ministrae
2957 3735 3201 3802 eaedem,
3247 3753 3378 3811 quae
3423 3739 3618 3804 solent

1964 3824 2192 3880 alienos
2217 3823 2383 3880 cibos
2429 3822 2706 3896 diripere,
2730 3840 2802 3879 ac
2830 3831 3226 3880 transmutata
3257 3843 3360 3899 per
3390 3823 3617 3885 Domini

1963 3917 2332 3986 praeceptum
2353 3913 2768 3984 natura,panis
2790 3928 2859 3968 ac
2876 3913 3148 3969 carnium
3167 3914 3302 3970 fida:
3334 3915 3614 3974 custodes

1961 4003 2184 4059 etfectaa
2231 4007 2387 4057 sunt.
2431 4001 2704 4058 Habebat
2753 4003 2933 4058 etiam
2992 3995 3396 4076 Babylonicus
3446 4005 3614 4072 lacus

1962 4091 2281 4148 Israelitam
2307 4090 2612 4161 juvenem,
2637 4090 2977 4146 calamitate
3007 4091 3254 4164 quidem
3286 4094 3612 4172 captivum.

1960 4183 2165 4239 animo
2187 4197 2328 4237 vero
2353 4196 2423 4236 ac
2453 4180 2788 4236 constantia
2808 4180 3243 4246 liberumouid
3276 4187 3401 4238 tum
3431 4184 3615 4243 inde?

1964 4272 2186 4326 Leones
2212 4270 2458 4342 quidem
2487 4275 2701 4342 praeter
2723 4274 3001 4325 naturam
3023 4268 3402 4342 jejunabant,
3420 4271 3614 4338 Haba-

1959 4376 2070 4416 cuc
2117 4375 2253 4415 vero
2282 4357 2442 4414 illius
2468 4358 2619 4414 altor
2647 4357 2947 4413 ferebatur
2985 4374 3090 4430 per
3136 4375 3359 4427 aerem,
3392 4361 3609 4430 angelo

1957 4449 2265 4505 hominem
2293 4464 2413 4504 una
2435 4463 2573 4503 cum
2591 4447 2863 4503 obsoniis
2893 4451 3188 4518 portante:
3221 4451 3276 4502 et
3307 4445 3380 4502 ne
3406 4448 3607 4520 justus

1956 4538 2114 4594 fame
2145 4542 2533 4610 premeretur,
2567 4541 2798 4592 tantum
2829 4540 2996 4590 terrae
3024 4550 3094 4589 ac
3126 4533 3310 4590 maris
3343 4539 3606 4607 spatium

239 4640 340 4687 καὶ
394 4636 477 4686 ἕνα
528 4638 599 4706 μή
646 4633 782 4706 λιμῷ
841 4636 1032 4707 πιεσθῇ
1095 4629 1322 4702 δίκαιος,
1380 4638 1640 4695 τοσαύτης
1696 4637 1845 4710 ὑπερ-

1960 4625 2123 4683 brevi
2175 4625 2462 4698 temporis
2519 4628 2828 4680 momento
2857 4628 3276 4694 praetervectus
3329 4626 3422 4680 est
3467 4642 3604 4700 pro-

241 4724 448 4794 ηνέχθη
478 4731 578 4792 γῆς
607 4727 697 4775 καὶ
746 4722 1003 4786 θαλάττης
1042 4724 1069 4774 6
1100 4728 1365 4795 προφήτης
1394 4722 1443 4775 ἐν
1472 4732 1643 4798 μικρῷ
1680 4731 1844 4798 μορίῳ

237 4819 453 4886 καιροῦ,
526 4813 655 4870 ὅσην
723 4810 778 4864 ἐκ
845 4822 935 4872 τῆς
1001 4808 1262 4874 Ἰουδαίας
1318 4815 1485 4884 μέχρι
1549 4811 1844 4874 Βαϐυλῶνος

235 4900 546 4959 ἠπλῶσθαι.
584 4904 649 4955 Τί
687 4897 747 4953 δί
774 4901 928 4954 πάλιν
951 4903 976 4954 6
1001 4909 1096 4961 τῆς
1127 4899 1323 4974 ἕρημου
1360 4901 1503 4968 λαὸς,
1544 4901 1604 4953 οὗ
1643 4908 1842 4964 Μωσῆς

233 4989 629 5064 ἕπετρόπευσε;
705 4998 814 5052 πῶς
868 4990 1176 5064 ᾡκονομήθη
1244 4994 1332 5044 τὸν
1407 4988 1525 5063 βίον
1586 4988 1636 5042 ἐν
1700 4993 1838 5045 ἔτεσι

235 5080 674 5153 τεσσαράκοντα;
733 5078 844 5131 Οὐκ
896 5076 956 5138 ἦν
1009 5078 1115 5132 ἐκεῖ
1168 5084 1391 5154 σπείρων
1423 5077 1574 5150 ἀνὴρ,
1617 5079 1676 5132 οὐ
1708 5077 1835 5153 βοῦς

235 5167 400 5222 ἕλκων
447 5169 686 5242 οἱροτρον,
737 5165 844 5240 οὐχ
895 5167 1052 5239 οἶλως,
1112 5168 1172 5222 οὐ
1222 5167 1396 5238 ληνὸς,
1440 5169 1501 5222 οὗ
1555 5177 1788 5243 ταμιεῖον
1821 5191 1836 5205 ο

314 5311 339 5346 ⁸
368 5311 516 5367 Dan.
545 5325 664 5382 xiv,
696 5313 882 5368 30-38.

317 5487 396 5564 (ξ)
435 5485 1187 5564 πρό-βραχέῳςηϐοηῑθκιιιε
1211 5489 1381 5549 addit
1405 5491 1498 5546 ἴσα
1527 5497 1664 5564 Θεῷ.

323 5559 404 5632 ('2)
445 5559 525 5632 Ex
549 5559 715 5632 hem.
739 5561 802 5616 in
816 5561 1021 5631 [antea
1051 5567 1104 5618 et
1134 5561 1482 5631 siccitatem,
1508 5568 1596 5622 66.

323 5629 407 5700 (3)
443 5629 620 5700 lbid.,
647 5633 740 5687 67.

1955 4717 2154 4790 pheta,
2207 4720 2504 4787 quantum
2533 4713 2805 4769 aludma
2854 4709 2929 4767 ad
2986 4710 3356 4783 Babylonem
3408 4732 3603 4794 usque

1951 4804 2358 4862 extenditur“.
2425 4803 2576 4865 Quid
2632 4817 2838 4857 rursus
2909 4802 3244 4858 solitudinis
3316 4807 3600 4880 populus,

1950 4896 2148 4967 Moyse
2182 4891 2458 4965 prtefecto
2478 4889 2829 4962 ?quomodo
2849 4890 2954 4947 fuit
2985 4891 3035 4947 ei
3059 4908 3165 4966 per
3194 4893 3602 4966 quadraginta

1945 4999 2142 5042 annos
2196 4982 2579 5055 dispensatus
2635 4979 2864 5036 victus?
2915 4981 3032 5038 lllic
3085 4988 3213 5040 erat
3242 4999 3442 5056 nemo,
3495 4983 3601 5066 qui

1943 5077 2274 5129 sementem
2301 5069 2549 5126 faceret:
2585 5083 2706 5124 non
2731 5067 2864 5132 bos,
2890 5071 2995 5143 qui
3020 5071 3275 5126 traheret
3295 5071 3596 5130 aratrum:

1946 5177 2070 5219 non
2097 5177 2256 5230 area,
2287 5176 2412 5216 non
2453 5158 2732 5227 torcular,
2761 5173 2888 5216 non
2930 5159 3081 5218 cella
3109 5162 3392 5234 penaria;
3430 5167 3489 5220 et
3515 5167 3602 5222 ta-

2023 5491 2098 5562 (4)
2128 5488 2207 5562 Ex
2236 5481 2407 5562 epist.
2435 5497 2508 5562 et,
2538 5481 2658 5562 l97.
2812 5556 2823 5562 ι
2890 5552 2898 5562 ⁸
2980 5550 2991 5561 σ

2025 5553 2101 5631 (5)
2136 5560 2215 5613 Ex
2242 5553 2409 5610 hom.
2441 5555 2503 5608 in
2521 5553 2744 5620 famem
2769 5556 2824 5607 et
2847 5553 3193 5620 siccitatem,
3224 5556 3310 5608 67.
