4068 6220
615 328 752 388 1295

618 545 949 601 arationem
980 558 993 597 :
1027 540 1221 597 fontes
1248 538 1507 610 denique
1536 536 1641 608 qui
1671 534 1837 607 prius
1872 547 1995 588 non
2033 530 2273 586 exstite-

618 639 772 699 rant,
807 632 913 687 sed
943 632 1001 686 in
1033 629 1384 685 necessitate
1433 627 1776 697 eruperant,
1824 626 1996 695 petra
2047 617 2273 674 submi-

619 720 1020 777 nistrabat."l‘u
1048 720 1225 789 igitur
1248 717 1410 772 velut
1434 721 1712 771 strenuus
1732 710 1862 773 Job,
1883 710 2115 781 patiens
2145 712 2271 763 esto

619 811 681 866 in
730 810 1090 877 calamitate,
1123 814 1178 863 ct
1234 824 1308 863 ne
1365 804 1646 861 evertaris
1679 817 1715 857 a
1745 803 2115 871 tempestate,
2163 812 2272 851 nec

620 900 960 974 quidquam
991 915 1061 953 ex
1093 897 1204 961 his,
1236 910 1390 967 quas
1421 899 1615 948 tecum
1640 890 1824 957 vehis,
1854 888 2089 943 virtutis
2119 900 2271 940 mer-

620 990 789 1045 cibus
810 987 1081 1059 abjicias.
1111 984 1363 1041 Servain
1386 983 1588 1037 animo
1616 979 1940 1047 gratiarum
1971 978 2268 1033 actionem

620 1084 911 1150 tanquam
960 1080 1268 1131 vecturam
1317 1069 1781 1144 pretiossimam,
1815 1072 1872 1122 et
1924 1071 1989 1120 tu
2023 1078 2269 1136 quoque

619 1183 729 1239 pro
752 1167 1079 1239 gratiarum
1109 1163 1341 1220 actione
1365 1160 1736 1231 voluptatem
1756 1154 1943 1227 duplo
1973 1154 2269 1225 majorem

617 1270 1006 1327 consequere.

689 1347 741 1398 4.
772 1345 849 1413 (l)
879 1340 1067 1413 Atqui
1104 1355 1225 1395 non
1254 1338 1302 1394 is
1348 1337 1442 1393 cui
1471 1333 1809 1391 necessaria
1839 1332 2076 1396 desunt,
2127 1329 2264 1386 tole-

616 1450 758 1490 rans
798 1437 889 1487 est
921 1449 933 1485 :
963 1431 1069 1486 sed
1096 1430 1167 1497 is,
1198 1428 1302 1501 qui
1331 1426 1483 1483 inter
1528 1424 1829 1480 bonorum
1872 1420 2266 1477 fruendorum

618 1523 855 1595 copiam
912 1521 971 1576 in
1019 1518 1193 1575 malis
1243 1515 1502 1573 ferendis
1550 1516 1905 1585 perseverat.
1958 1509 2133 1582 549
2184 1513 2263 1574 (2)

614 1615 783 1684 ﬁgor
811 1610 916 1665 es?
946 1606 1363 1681 aequanimiter
1399 1604 1604 1669 tolera,
1636 1601 1928 1674 quoniam
1969 1601 2147 1667 Quem
2174 1597 2261 1652 di-

618 1702 751 1772 ligit
794 1701 1077 1756 Dominus
1108 1696 1363 1765 castigat
1383 1696 1428 1748 ³.
1456 1696 1687 1765 Pauper
1711 1708 1775 1745 es
1794 1690 1821 1743 ‘?
1870 1692 2091 1753 instare,
2119 1686 2263 1759 quia

1592 319 1958 377 APPENDIX.
2000 346 2065 359 —
2106 310 2461 374 SYMEONIS
2500 315 3025 378 METAPHRASTE

3790 329 3889 393 {296

617 471 757 513 men
790 454 907 511 sibi
937 449 1295 526 suppetebat
1322 449 1512 505 victus
1540 446 1687 503 citra
1730 447 2082 510 sementem,
2125 442 2223 497 citi

2308 444 2356 498 Α
2387 447 2475 494 καὶ
2524 448 2616 501 τὴν
2647 450 2838 517 τροφὴν
2874 442 3018 518 εἶχον
3050 448 3282 523 ἄσπορον
3305 452 3392 503 καὶ
3418 449 3645 527 ἀνήροτον
3674 470 3685 483 ⁸
3727 458 3798 509 καὶ
3826 459 3888 520 τὰς

2383 535 2560 605 πηγὰς
2600 533 2847 609 ἐχορήγει
2893 542 3076 612 πέτρα,
3110 538 3169 590 ού
3197 542 3438 613 πρότερον
3476 546 3644 609 οὔσας,
3673 543 3762 595 ἀλλ’
3786 544 3889 621 ἰκρι-

2382 628 2563 695 γείσας
2606 622 2689 677 ἐπὶ
2719 633 2813 687 τῆς
2842 630 3049 699 χρείας.
3088 632 3189 680 Καὶ
3220 632 3285 680 σύ
3323 634 3488 682 τοίνυν
3537 634 3888 706 καρτίιοησονίπὶ

2382 722 2477 774 τῆς
2505 720 2795 789 συμφορᾶς,
2827 717 2895 777 ὡς
2935 717 2961 767 6
2989 724 3217 787 γενναῖος
3250 716 3382 781 Ἰὼϐ,
3410 724 3497 771 καὶ
3519 725 3586 793 μὴ
3616 733 3887 795 παρατραπῇς

2382 801 2435 854 ἐκ
2462 810 2551 855 τού
2580 800 2861 864 κλύδωνος,
2904 800 3070 876 μηδὲν
3102 804 3367 879 ἀποϐάλῃς
3395 808 3460 859 ὧν
3496 813 3647 883 φέρεις
3675 809 3887 882 ἀγωγίμων

2381 900 2470 952 τῆς
2515 890 2715 965 ἀρετῆς.
2742 892 2827 955 Ὠς
2880 891 3171 967 βαρύτιμον
3220 894 3433 954 ένθήκην
3478 902 3567 957 τὴν
3618 899 3888 974 εὐχαριστίαν

2382 977 2651 1034 διάσωσον
2699 981 2781 1035 ἐπὶ
2823 991 2914 1044 τῆς
2964 983 3174 1056 ψυχῆς,
3226 991 3317 1037 καὶ
3360 985 3497 1060 λήψῃ
3549 991 3631 1041 καὶ
3674 994 3730 1041 σὺ
3756 997 3825 1050 τῆς
3852 990 3887 1041 r3

2380 1076 2597 1142 αριστία
2617 1074 2684 1125 τὰ
2713 1068 3030 1126 διπλασίονα
3058 1078 3152 1132 τὴν
3172 1078 3369 1151 τρυφήν
3388 1078 3491 1148 (8).

2448 1341 2501 1394 4.
2562 1344 2746 1393 Καίτοι
2798 1339 2904 1411 οὐχ
2958 1342 2985 1392 ό
3027 1339 3231 1414 ἀπορῶν
3283 1350 3384 1394 τῶν
3428 1338 3718 1414 ἀναγκαίων,
3758 1360 3888 1416 καρτιο

2374 1433 2516 1500 ρικος
2546 1443 2561 1460 ·
2600 1428 2707 1480 ἀλλ’
2761 1430 2787 1480 ό
2846 1428 2895 1481 ἑν
2952 1427 3173 1502 ἀφθονίᾳ
3210 1439 3305 1493 τῆς
3352 1429 3665 1492 ἀπολαύσεως
3705 1428 3884 1505 ἐγκαρτε-

2374 1526 2477 1590 ρών
2526 1524 2634 1580 τοῖς
2694 1514 2908 1580 δεινοῖς.
2960 1525 3187 1586 Νοσεῖς;
3246 1520 3480 1593 εύθύμει,
3524 1522 3600 1573 ὅτι
3638 1520 3720 1572 ⁶Ον
3758 1520 3886 1591 ἀγαπᾷ

2377 1610 2561 1679 Κύριος
2626 1603 2886 1663 παιδεύει.
2962 1610 3301 1679 Πτωχεύειςς
3369 1608 3650 1682 εὐφραίνου,
3702 1611 3766 1661 ὅτι
3811 1616 3885 1661 Λευ

2375 1695 2537 1769 ζάρου
2597 1714 2654 1748 σε
2709 1698 2776 1748 τὰ
2825 1695 2999 1767 ἀγαθά
3059 1693 3387 1759 διαδέξεται,
3447 1698 3683 1771 Ἀτιμοὲζῃ
3732 1694 3806 1750 διὰ
3842 1701 3882 1749 τὸ

614 1794 818 1846 manet
842 1795 897 1844 te
922 1785 1224 1843 successio
1255 1790 1309 1841 et
1334 1782 1657 1839 hmreditas
1692 1779 1908 1835 Lazari.
1942 1782 2220 1833 Contume

2293 1791 2331 1844 Β
2371 1788 2534 1857 ὄνομα
2575 1792 2668 1837 τοῦ
2717 1792 2991 1858 Χριστού;
3026 1788 3285 1860 μακάριος
3334 1785 3397 1852 εἶ,
3429 1789 3508 1841 ὃτι
3555 1807 3641 1841 σου
3677 1789 3701 1845 ἡ
3740 1786 3880 1857 αἰσχύ·

610 1878 724 1934 lias
777 1878 1001 1950 pateris
1041 1880 1283 1948 propter
1334 1888 1559 1928 nomen
1612 1868 1871 1925 Christi?
1921 1868 2132 1923 beatus
2174 1883 2257 1933 es,

611 1969 901 2040 quoniam
929 1966 1032 2022 tibi
1077 1965 1189 2021 ista
1233 1962 1506 2018 confusio
1538 1958 1789 2030 angelici
1820 1956 2100 2012 consortii
2132 1955 2259 2026 glo-

606 2057 759 2113 riam
786 2059 978 2129 parat.
1004 2054 1080 2123 (3)
1109 2056 1325 2110 Servus
1348 2067 1411 2105 es
1430 2051 1457 2105 ?
1500 2049 1657 2105 habe
1701 2049 1879 2102 etiam
1908 2062 1979 2101 eo
2014 2046 2258 2101 nomine

606 2146 887 2216 gratiam,
923 2149 1015 2199 est
1042 2142 1259 2214 aliquis
1288 2144 1343 2195 te
1373 2138 1689 2208 dejectior;
1724 2135 1945 2203 gratias
1970 2134 2253 2206 repende,

604 2235 773 2306 quod
795 2233 899 2288 uni
928 2235 1196 2304 priestes,
1219 2227 1384 2300 quod
1414 2241 1535 2281 non
1563 2224 1644 2278 sis
1676 2223 1952 2279 addictus
1981 2222 2254 2294 pistrino,

600 2321 769 2395 quod
814 2321 1026 2392 plagas
1072 2333 1195 2374 non
1234 2315 1516 2388 accipias.
1551 2312 1779 2369 Nemini
1830 2311 2039 2384 procul
2068 2311 2255 2368 dubio

601 2410 821 2466 desunt
858 2408 1079 2479 gratias
1110 2406 1329 2475 agendi
1354 2404 1724 2460 occasiones.
1762 2403 1935 2457 Fuste
1981 2400 2254 2473 plecteris

598 2499 944 2556 immerito?
974 2497 1170 2569 gaude
1202 2512 1309 2569 spe
1337 2494 1693 2550 futurorum.
1743 2492 1883 2547 Jure
1923 2490 2251 2546 damnatus

599 2589 710 2645 es?
742 2589 823 2645 sic
872 2587 1053 2643 etiam
1084 2589 1281 2655 grates
1329 2599 1460 2653 age.
1504 2584 1579 2649 (4)
1626 2584 1691 2636 Et
1725 2580 2017 2653 quoniam
2071 2579 2249 2635 bona:

596 2693 842 2750 quoque
860 2676 1194 2749 priscorum
1209 2673 1528 2729 hominum
1547 2670 1811 2726 actiones
1830 2674 1930 2724 aut
1943 2668 2247 2724 memoriae

598 2765 978 2822 successione
1010 2764 1089 2820 ad
1128 2780 1241 2819 nos
1291 2777 1481 2833 usque
1529 2762 1979 2827 conservantur,
2036 2762 2139 2813 aut
2186 2757 2247 2811 in

592 2861 911 2927 poetarum
931 2853 1464 2910 authistoricorum
1482 2848 1887 2906 monumentis
1906 2848 2247 2903 custodiun-

594 2952 709 3017 tur,
744 2962 818 3001 ne
849 2945 1068 3001 utilitas
1096 2942 1342 3015 quidem
1381 2957 1518 3014 qua:
1539 2939 1677 2995 hinc
1707 2939 1872 2995 nasci
1900 2942 2114 3010 potest,
2147 2938 2244 2993 de-

600 3035 676 3091 sit
696 3034 891 3092 nobis.
929 3033 1096 3090 Verbi
1131 3032 1341 3101 gratia,
1372 3030 1557 3086 homo
1588 3029 1838 3102 quidam
1865 3027 2245 3083 circumfora-

2370 1895 2429 1931 νη
2482 1874 2549 1935 εἰς
2607 1870 2765 1937 δόξαν
2819 1874 3038 1946 ἀγγελου
3095 1874 3566 1947 μεταϐληθήσεται.
3605 1876 3785 1937 Οἰκέτης
3822 1870 3880 1941 ii;

2370 1962 2678 2037 κάχαρίστιι
2728 1968 2819 2015 καὶ
2875 1964 3057 2035 οὕτως,
3118 1967 3260 2036 ἔχεις
3318 1969 3405 2018 τόν
3463 1973 3667 2018 σεαυτοῦ
3712 1967 3883 2017 ταπεινο-

2367 2071 2511 2126 τερον
2542 2070 2557 2085 ο
2614 2052 2923 2125 εὐχαρίστει
2969 2055 3049 2105 ὄτι
3088 2052 3192 2114 ἑνός
3241 2056 3530 2127 ύπερίχεις,
3561 2057 3635 2108 ὅτι
3674 2058 3733 2127 μὴ
3760 2052 3797 2105 ὸ
3830 2059 3879 2120 τῷ

2366 2141 2562 2212 μυλῶνι
2614 2138 3060 2207 καταδεδίκασαι,
3109 2144 3190 2194 ὅτι
3254 2147 3329 2215 μὴ
3392 2143 3587 2215 πληγὰς
3651 2141 3878 2214 λαμϐάνεις.

2366 2228 2573 2284 Οὐδένα
2629 2229 2985 2301 ἐπιλείψουσιν
3045 2234 3101 2284 αἱ
3164 2239 3258 2284 τοῦ
3317 2231 3637 2308 εὐχαριστεῖν
3693 2230 3875 2303 ἀφορμαί.

2363 2318 2509 2389 Ξύλῳ
2584 2315 2777 2380 ἀδίκως
2842 2317 3087 2391 κολάζῃζ
3142 2327 3204 2391 τῇ
3286 2329 3389 2372 τῶν
3449 2320 3706 2394 μελλόντων
3754 2314 3875 2370 ﬂaui:

2362 2414 2544 2483 χαῖρε.
2611 2412 2831 2468 Δικαίως
2895 2403 3336 2477 κατεδικάσθηςς
3387 2415 3476 2462 καὶ
3534 2411 3679 2471 οὕτως
3724 2407 3875 2479 ivppi-

2365 2515 2497 2551 στει.
2534 2496 2674 2550 Ἐπεὶ
2731 2493 2790 2549 δὲ
2836 2501 2926 2549 καὶ
2980 2498 3187 2569 προέξεις
3244 2495 3539 2552 σπουδαῖαι
3576 2508 3665 2551 τῶν
3706 2496 3872 2550 παλαιῶν

2359 2582 2585 2659 ἀνδρῶν,
2662 2586 2690 2644 ᾖ
2759 2590 2969 2659 μνήμης
3034 2585 3319 2660 ἀκολουθίᾳ
3376 2592 3504 2663 πρὸς
3563 2590 3687 2660 ἡμᾶς
3731 2582 3869 2638 διασώ-

2359 2676 2559 2745 ζονται,
2613 2676 2643 2735 ᾖ
2707 2684 2933 2732 ποιητῶν
2991 2677 3022 2734 ἦ
3065 2681 3412 2751 συγγραφέων
3451 2678 3779 2751 φυλαττόμεναι
3812 2672 3869 2723 λό’

2355 2784 2488 2836 γοις,
2564 2762 2703 2837 μηδὲ
2777 2774 2867 2825 τῆς
2928 2764 3155 2818 ἐντεῦθεν
3224 2766 3471 2840 ὠφελείας
3540 2764 3865 2836 ἀπολειπώμεθα.

2356 2851 2499 2921 Οῖον,
2571 2850 2822 2927 ἐλοιδόρει
2881 2857 2967 2905 τόν
3037 2854 3288 2930 Περικλέα
3348 2865 3449 2908 τῶν
3489 2856 3541 2920 ἓξ
3602 2854 3763 2929 ἀγορᾶς
3815 2868 3867 2908 τις

2356 2941 2634 3016 ἀνθρώπων
2664 2964 2677 2976 ·
2724 2945 2751 2995 6
2793 2939 2852 2995 δι
2897 2943 2956 2995 ού
2988 2952 3244 3017 προσεῖχε
3270 2960 3284 2974 ’
3334 2950 3423 2999 καὶ
3467 2946 3530 3006 εἰς
3575 2952 3722 2997 πᾶσαν
3758 2937 3867 3009 διέρ-

2354 3050 2471 3085 κεσε
2514 3036 2607 3090 τὴν
2659 3035 2874 3104 ἡμέραν,
2908 3033 2934 3083 ό
2965 3036 3055 3105 μὲν
3109 3030 3342 3106 ἀφειδῶς
3396 3034 3589 3088 πλύνων
3634 3032 3763 3086 αὐτόν
3798 3034 3867 3084 τοὶς

589 3139 742 3181 neus
770 3123 1055 3180 conviciis
1087 3120 1367 3177 Periclem
1398 3117 1859 3175 consectabatur
1884 3118 2011 3185 ;hic
2038 3122 2195 3173 auth

2270 3139 2312 3195 ρ
2352 3118 2623 3191 ὀνείδισον,
2664 3122 2690 3172 ό
2749 3118 2807 3173 δι
2860 3120 2919 3173 ού
2980 3122 3143 3194 μέλων
3192 3121 3342 3193 αύτῷ
3396 3125 3490 3196 (9).
3538 3119 3668 3188 Εἶτα,
3708 3119 3865 3187 ἑσπέρας

586 3228 711 3269 non
757 3211 1135 3277 attendebat;
1185 3214 1242 3265 et
1271 3209 1365 3265 die
1397 3213 1523 3264 tota
1550 3206 1801 3281 perstitit
1830 3211 2099 3278 uterque.
2143 3204 2240 3262 ille

587 3302 835 3374 quidem
870 3299 1180 3373 permultis
1210 3298 1447 3372 probris
1476 3298 1806 3364 incessens,
1837 3294 1933 3351 hic
1960 3312 2104 3351 vero
2133 3311 2237 3351 ne-

584 3405 897 3463 quaquam
921 3405 1159 3446 curans.
1186 3387 1405 3444 Deinde
1434 3402 1680 3458 vespere
1702 3386 1829 3457 jam
1868 3386 2045 3453 facto,
2077 3390 2234 3441 tene-

583 3477 831 3552 brisque
880 3478 1105 3536 obortis
1158 3480 1255 3533 vix
1305 3476 1713 3533 discedentem
1763 3473 2010 3530 Pericles
2040 3473 2233 3530 facem

581 3567 906 3641 praeferens
943 3566 1213 3633 deduxit,
1248 3580 1321 3621 ne
1374 3564 1485 3620 sibi
1539 3562 1834 3619 desineret
1891 3562 2231 3618 exercitatio

581 3656 1001 3730 philosophice.
1045 3658 1114 3725 (5)
1158 3658 1400 3723 Rursus,
1434 3669 1572 3708 cum
1616 3655 1949 3723 percuteret
1976 3649 2228 3722 quidam

582 3746 965 3819 Sophronisci
988 3744 1175 3801 ﬁlium
1200 3743 1593 3811 Socratem,in
1620 3741 1817 3812 ipsam
1837 3739 2048 3795 faciem
2071 3738 2226 3795 facto

580 3837 805 3908 saepius
850 3836 1079 3907 impetu
1112 3853 1124 3891 :
1176 3834 1271 3889 hic
1300 3838 1499 3889 autem
1531 3830 1677 3886 nihil
1702 3829 2079 3901 repugnavit,
2120 3828 2225 3883 sed

576 3924 711 3981 sivit
738 3925 1041 3981 ebriosum
1093 3923 1261 3978 illum
1290 3923 1443 3977 iram
1476 3936 1649 3976 suam
1697 3919 1986 3973 exsatiare
2029 3918 2114 3973 sic
2163 3923 2225 3973 ut

572 4014 993 4068 intumesceret
1016 4012 1146 4081 jam
1178 4013 1307 4081 ejus
1336 4011 1535 4067 vultus
1556 4026 1677 4075 prie
1700 4008 1921 4079 plagis,
1943 4012 2222 4079 essetque

571 4100 879 4156 saniosns.
920 4100 1029 4155 Ubi
1073 4105 1271 4155 autem
1300 4099 1392 4154 ille
1421 4116 1457 4154 a
1500 4097 1849 4152 verberibus
1877 4096 2218 4165 destitisset,

570 4192 843 4245 Socrates
872 4188 1121 4261 quidem
1168 4187 1315 4243 nihil
1348 4187 1510 4242 aliud
1533 4186 1745 4241 fecisse
1768 4186 2001 4251 dicitur,
2031 4201 2217 4257 quam

568 4277 747 4334 fronti
792 4294 915 4333 suae
969 4277 1143 4350 quasi
1194 4281 1401 4331 statuae
1452 4274 1826 4346 inscripsisse
1885 4280 2214 4343 auctorem,

565 4366 717 4423 Talis
757 4366 1051 4433 faciebat;
1108 4380 1291 4438 seque
1332 4363 1447 4421 hoc
1506 4362 1691 4419 modo
1738 4363 2097 4419 vindicasse.
2142 4365 2217 4434 (6)

2350 3205 2456 3268 ἤδη
2504 3215 2593 3262 καῖ
2652 3214 2867 3271 σκότους
2923 3208 3379 3283 ἀπαλλαττόμενον
3443 3211 3599 3286 μόλις,
3648 3210 3732 3261 ύπό
3778 3207 3866 3277 φωτὶ

2346 3299 2651 3373 παρέπεμψε
2708 3299 2977 3375 Περικλῆς,
3034 3302 3173 3362 ὅπως
3224 3300 3373 3373 αὐτῷ
3430 3306 3501 3375 μὴ
3564 3296 3785 3373 διαφθαρῇ
3829 3295 3866 3343 τό

2345 3392 2475 3461 πρὸς
2532 3388 2837 3461 φιλοσοφιαν
2898 3392 3208 3462 γυμνάσιον.
3253 3390 3421 3443 Ποίλιν
3478 3391 3647 3443 ἓτυπτί
3704 3404 3767 3447 τις
3807 3383 3864 3433 τὸν

2344 3482 2706 3551 Σωφρονίσκου
2762 3480 3040 3552 Σωκράτην
3091 3478 3164 3539 εὶς
3227 3478 3363 3531 αὑτό
3426 3482 3483 3531 τό
3533 3481 3771 3552 πρόσωπον

2343 3571 2511 3616 πεσὼν
2566 3562 2832 3638 ἀφειδῶς·
2876 3567 2901 3617 6
2953 3563 3011 3618 δὲ
3068 3566 3161 3618 οὐκ
3192 3567 3431 3642 ἀντῆρεν,
3465 3566 3586 3620 ἀλλά
3612 3571 3794 3639 παρεῖχε
3816 3565 3859 3625 τῷ

2340 3662 2667 3729 παροινοῦντι
2733 3665 2828 3716 τῆς
2892 3655 3053 3729 ὀργῆς
3112 3658 3477 3729 ἔμφορεῖσθαι,
3528 3660 3652 3715 ὧστε
3702 3646 3857 3714 ἔξοιδείν

2338 3740 2445 3801 ἤδη
2476 3750 2565 3795 καὶ
2597 3744 2816 3796 ὕπουλον
2858 3745 2998 3815 αὐτῷ
3027 3748 3086 3797 τό
3122 3752 3407 3821 πρόσωπον
3446 3748 3542 3799 ύπό
3582 3754 3670 3797 τῶν
3710 3741 3855 3809 πληγὲν

2336 3830 2485 3885 εἶναι·
2525 3834 2612 3896 Ὠς
2660 3831 2710 3886 δ’
2743 3830 2830 3886 οὖν
2888 3837 3153 3887 ἕπαύσατο
3200 3839 3430 3901 τύπτων,
3477 3835 3594 3888 illo
3641 3836 3717 3906 μιν
3752 3824 3854 3881 οὗδὲτ

2334 3922 2359 3972 6
2407 3926 2684 3998 Σωκράτης
2740 3932 2981 3994 ποιῆσαι,
3037 3924 3329 3997 ἐπιγράψαι
3371 3922 3429 3978 δὲ
3479 3933 3549 3996 τῷ
3592 3926 3772 3996 μετώπῳ
3806 3916 3853 3964 λέ·

2330 4030 2493 4081 γεται,
2560 4014 2732 4088 ὥσπερ
2787 4008 3057 4086 ἀνδριάντι
3124 4018 3213 4065 τόν
3263 4011 3601 4089 δημιουργόν.
3656 4011 3708 4062 ’0
3753 4002 3852 4067 δεῖνα

2330 4098 2486 4153 ἐποίει
2516 4117 2529 4131 ⁸
2573 4106 2661 4153 καὶ
2710 4110 2957 4154 τοσοῦτον
3009 4100 3332 4174 ἀμύνασθαι.
3368 4099 3610 4174 Εὐκλείδῃ
3642 4097 3693 4152 δέ
3714 4115 3769 4154 τις
3798 4098 3846 4156 τῷ

2328 4192 2621 4264 Μεγαρόθεν
2684 4190 3042 4264 παροξυνθεὶς,
3110 4193 3325 4245 θάνατον
3384 4191 3626 4252 ἠπείλησε
3679 4190 3750 4239 καὶ

2325 4285 2551 4351 ωμοσεν’
2583 4280 2609 4331 6
2638 4276 2697 4331 δε
2722 4278 3037 4352 ἀντώμοσεν,
3072 4276 3100 4339 ἦ
3130 4285 3234 4352 μὴν
3265 4281 3580 4334 ίλεωσασθαι
3604 4272 3840 4347 (10)α·5τόν.

2324 4372 2413 4419 καὶ
2442 4371 2660 4434 παύσειν
2690 4367 2937 4440 χαλεπῶς
2984 4372 3109 4443 πρός
3148 4369 3303 4422 αὐτόν
3357 4373 3566 4442 ἔχοντα,
3594 4372 3655 4421 Τό
3702 4360 3748 4416 δι
3781 4361 3839 4409 τοῦ

568 4456 826 4523 Quidam
851 4473 993 4513 vero
1022 4455 1243 4511 Euclidi
1268 4453 1591 4521 Megarensi
1624 4454 1828 4523 iratus,
1873 4458 2129 4509 mortem
2160 4470 2174 4508 ι

2246 4491 2290 4543 D
2327 4457 2579 4523 Κλεινίου,
2639 4467 2739 4510 τῶν
2804 4460 3118 4532 Πυθαγόρου
3163 4464 3441 4533 γνωρίμων
3496 4461 3616 4525 ἑνός,
3671 4450 3838 4527 χαλεπὸν

564 4547 874 4603 minitatus
908 4551 1016 4611 est,
1055 4562 1126 4602 ac
1156 4545 1413 4616 juravit:
1448 4544 1543 4599 hic
1583 4544 1847 4599 vicissim
1883 4544 2106 4614 juravit
2130 4546 2213 4600 fa-

564 4640 801 4691 cturum
833 4636 1056 4709 utique,
1105 4640 1168 4691 ut
1195 4636 1245 4690 is
1271 4634 1627 4707 placaretur,
1678 4650 1747 4690 ac
1781 4633 1897 4689 sibi
1940 4633 2211 4689 infensus

564 4738 695 4780 esse
726 4724 1044 4781 desineret.
1066 4726 1145 4795 (7)
1176 4724 1327 4789 Quin
1354 4729 1410 4780 et
1440 4723 1586 4779 illud
1622 4722 1839 4793 Cliniae,
1860 4723 1963 4795 qui
1990 4739 2147 4778 unus
2178 4739 2208 4779 e

559 4815 914 4886 Pythagoras
941 4814 1250 4886 discipulis
1277 4818 1383 4885 est,
1416 4815 1511 4870 vix
1545 4813 1902 4870 crediderim
1930 4830 2067 4869 cum
2108 4829 2212 4869 no-

562 4904 697 4961 stris
753 4902 1032 4959 institutis
1071 4902 1313 4961 fortuito
1359 4904 1715 4970 consentire,
1760 4919 1881 4959 non
1935 4903 2209 4959 consulto

560 5010 634 5053 ea
684 4994 923 5051 imitari.
980 4994 1206 5067 Ecquid
1249 4998 1451 5052 autem
1504 4997 1649 5060 erat,
1683 4993 1850 5065 quod
1898 4993 2033 5051 fecit
2060 4992 2209 5052 ille?

630 5141 652 5176 ⁸
682 5137 858 5197 Hebr.
884 5156 984 5211 xu,
1021 5143 1075 5196 6.

624 5300 704 5374 (Ι)
746 5302 827 5356 Ex
855 5300 1023 5374 hom.
1054 5301 1117 5374 in
1141 5298 1562 5374 quadraginta
1589 5302 1907 5369 martyres,
1942 5300 2063 5355 154.

625 5371 705 5443 (2)
746 5374 826 5427 Ex
856 5372 1020 5427 hom.
1054 5373 1117 5428 in
1146 5371 1303 5441 psal.
1337 5388 1444 5432 LIX,
1480 5373 1599 5426 19?.

623 5449 705 5510 (3)
746 5445 826 5499 Ex
856 5444 1022 5500 hom.
1056 5446 1118 5499 in
1158 5448 1335 5499 mart.
1368 5443 1663 5507 Julitlam,
1688 5443 1776 5495 39.

622 5512 700 5585 (4)
742 5518 822 5570 Ex
853 5532 1031 5573 serm.
1059 5517 1143 5573 De
1173 5514 1437 5586 legendis
1470 5515 1635 5570 libris
1668 5512 2006 5583 gentilium,
2048 5517 2165 5569 178.

626 5590 700 5655 (5)
742 5586 891 5655 Ibid,
924 5588 1042 5643 1‘79.

610 5630 699 5729 (δ’)
726 5630 898 5728 xiiii";
918 5630 1044 5717 ag:

2321 4556 2605 4601 πιστεῦσαι
2645 4546 2745 4609 ἀπὸ
2784 4550 3114 4621 ταυτομοίτου
3171 4548 3441 4622 συμϐῆναι
3478 4555 3584 4609 τοῖς
3624 4544 3837 4617 ἡμετέροιςν

2323 4634 2431 4688 ἀλλ’
2469 4636 2596 4709 ούχὶ
2626 4642 2996 4710 μιμησαμένου
3028 4634 3259 4711 σπουδῇ.
3315 4644 3381 4692 Τί
3419 4635 3479 4691 δε
3507 4633 3565 4709 ᾖν
3599 4636 3623 4687 ὁ
3663 4632 3837 4685 ἐποίησεν

2320 4723 2548 4792 ὶκεῖνοςς
2612 4726 2753 4788 Ἐξόν
2816 4721 2890 4778 δι’
2949 4728 3105 4801 ὅρκου
3164 4736 3319 4800 τριῶν
3396 4727 3642 4779 ταλάντων
3697 4719 3835 4787 ζημίαν

2320 4814 2622 4887 ἀποφυγεῖν,
2663 4816 2689 4867 ό
2730 4812 2789 4869 δι
2824 4814 3037 4871 ἀπέτισε
3074 4816 3262 4890 μᾶλλον
3314 4818 3344 4877 ἦ
3388 4817 3576 4890 ὤμοσε,
3616 4811 3835 4864 καὶταῦτα

2318 4906 2544 4977 εὐορκεῖν
2600 4905 2791 4977 μελλων
2824 4922 2836 4935 ·
2890 4904 3140 4973 ἀκούσας,
3182 4904 3295 4979 ἐμοὶ
3352 4902 3546 4975 δοκεῖν,
3592 4910 3671 4955 τοῦ
3716 4906 3831 4966 προσ’

2318 4996 2585 5067 τάγματος
2628 5002 2720 5049 τοῦ
2782 4998 2868 5049 τόν
2920 4996 3073 5071 ὅρκον
3127 4998 3250 5070 ἡμῖν
3314 4993 3717 5069 ἀπαγορεύοντοῦ
3764 4980 3829 5035 Καὶ

2408 5299 2463 5365 '7)
2495 5294 2667 5365 lbid.,
2698 5294 2819 5356 179.

2874 5368 2969 5427 Sic
3018 5370 3234 5443 Regius
3280 5365 3490 5429 codex.
3534 5362 3760 5424 Cotextus
3786 5352 3820 5408 cl

2316 5440 2460 5516 editi
2511 5449 2601 5516 τῆς
2639 5440 2803 5516 τρυφῆ
2818 5461 2857 5503 ς.

2482 5512 2654 5593 ᾼΙύτνρν.
2669 5511 2850 5593 Forte
2876 5511 3055 5593 αύτοῦ.
3090 5516 3238 5593 Ε-ριτν.

2386 5584 2496 5657 (10)
2524 5582 2883 5641 Ἰλέωσασθαι.
2916 5588 3087 5658 Lege,
3126 5586 3444 5640 ὶλεὼσεσθαι.
3464 5582 3537 5638 Io.

3949 4232 3951 4287 Α

3947 4288 3949 4377 l
