4068 6220
485 273 623 334 1299

553 405 608 458 ‘2.
636 403 707 474 (l)
758 405 988 460 Strenui
1027 406 1351 463 ctenimDei
1389 405 1645 472 atlhetaa.
1675 411 1776 480 qui
1806 425 1945 464 cum
1975 408 2120 463 invi—
2151 411 2196 462 Α

483 490 756 547 sibilibus
789 491 1048 548 inimicis
1091 511 1198 566 per
1229 512 1474 551 omnem
1505 512 1678 551 suam
1712 497 1892 553 vitam
1951 497 2126 552 valde

482 579 784 636 colluctati
839 587 996 650 sunt,
1033 589 1355 656 postquam
1388 600 1596 640 eorum
1630 602 1841 641 omnes
1866 586 2128 641 insecta-

483 667 673 723 tiones
693 669 1026 740 effugerint,
1053 687 1238 743 prope
1261 673 1387 729 vitae
1413 672 1595 728 tinem
1620 675 1937 732 constituti.
1968 691 2004 730 a
2025 691 2128 728 sae-

482 756 600 812 culi
641 759 910 832 principe
962 763 1404 829 examinantur,
1459 771 1521 816 ut
1547 766 1591 817 si
1634 771 2004 835 reperiantur
2029 769 2133 820 aut

478 846 729 903 vulnera
757 863 830 904 ex
855 851 1304 916 certaminibus,
1339 857 1442 907 aut
1467 852 1701 924 aliquas
1732 853 2134 917 maculas,aut

478 938 707 1006 peccati
740 939 987 1006 vestigia
1016 940 1349 1003 retinuisse,
1374 940 1773 996 detineantur:
1805 943 1894 996 sin
1928 947 2129 997 autem

479 1022 856 1081 inveniantur
901 1027 1258 1084 invulnerati
1305 1037 1362 1085 et
1412 1029 1769 1097 intemerati,
1815 1046 1852 1086 a
1898 1031 2132 1086 Christo

477 1115 772 1184 tanquam
803 1114 1002 1170 invicti
1030 1121 1086 1171 et
1106 1115 1272 1172 liberi
1298 1117 1358 1172 in
1389 1118 1655 1187 requiem
1673 1119 2127 1174 transferantur.

480 1201 546 1255 Et
569 1199 698 1256 haec
728 1201 860 1273 ipso
892 1204 1142 1259 Domino
1171 1205 1399 1260 discere
1428 1211 1622 1277 potes,
1649 1206 1808 1261 circa
1836 1222 1961 1260 suae
1989 1222 2129 1278 pas-

477 1287 662 1345 sionis
689 1296 927 1364 tempus
945 1292 1180 1348 dicente
1214 1311 1226 1348 :
1260 1295 1440 1350 Nunc
1464 1295 1734 1366 princeps
1761 1297 1941 1364 hujus
1959 1312 2128 1352 mun-

479 1381 544 1434 di
572 1382 752 1449 venit,
785 1388 838 1437 et
871 1383 931 1436 in
962 1398 1054 1438 me
1098 1399 1216 1437 non
1261 1383 1498 1439 habebit
1527 1386 1853 1455 quidquam
1884 1387 1926 1441 ⁷.
1956 1386 2126 1441 Enim

480 1484 620 1523 vero
671 1472 775 1540 qui
825 1478 1140 1542 peccatum
1167 1487 1287 1526 non
1313 1471 1663 1538 admiserat,
1698 1474 1843 1529 nihil
1871 1473 2041 1529 illum
2066 1475 2123 1531 in

479 1573 543 1611 se
604 1556 826 1612 habere
873 1559 1156 1614 dicebat:
1210 1561 1351 1614 satis
1408 1567 1608 1616 autem
1667 1563 1841 1617 fuerit
1869 1563 2118 1627 homini,
2159 1542 2203 1594 Β

478 1648 524 1699 si
565 1645 780 1702 audeat
821 1647 1057 1703 dicere:
1114 1649 1275 1704 Venit
1328 1651 1605 1722 princeps
1655 1651 1865 1706 mundi
1920 1652 2122 1721 hujus,

476 1739 532 1792 et
561 1733 618 1789 in
662 1751 756 1789 me
786 1735 1032 1791 habebit
1059 1753 1250 1808 pauca
1267 1743 1322 1794 et
1353 1755 1556 1810 parva.
1590 1742 1663 1810 ('2)
1701 1739 1930 1807 Cogita,
1956 1757 2123 1812 quaa-

477 1837 563 1884 so,
618 1823 920 1880 horrenda
977 1824 1077 1882 illa
1126 1827 1313 1897 mala,
1369 1844 1504 1900 quas
1562 1844 1596 1882 a
1653 1831 1773 1883 Deo
1801 1829 2122 1900 puniendis

474 1910 820 1981 inﬂigeutur
874 1916 1213 1970 :nimirum
1286 1932 1424 1972 cum
1495 1917 1882 1972 offundentur
1936 1918 2122 1973 stellis

473 2001 757 2068 tenebrae,
805 2003 1161 2076 deficietque
1208 2005 1307 2060 lux
1369 2007 1531 2073 solis,
1559 2022 1669 2061 nec
1695 2007 2117 2077 lunaamplius

474 2087 884 2160 illustrabitur,
955 2109 1116 2160 cum,
1180 2092 1529 2150 fulminibus
1605 2095 2116 2166 percurrentibus,

469 2175 772 2232 horrendo
829 2195 964 2235 cum
1012 2181 1245 2244 fragore
1267 2188 1440 2238 ruent
1471 2183 1733 2238 tonitrua
1759 2183 1778 2216 ⁸
1805 2202 1818 2249 ;
1847 2199 1984 2238 cum
2017 2200 2119 2239 aer

470 2265 647 2336 capiti
700 2267 1022 2322 imminens
1075 2267 1517 2337 obscurabitur,
1565 2271 1646 2326 ita
1697 2277 1759 2325 ut
1813 2272 2116 2327 cruciatus

467 2367 674 2407 eorum
697 2355 801 2425 qui
823 2355 922 2408 irae
965 2355 1181 2411 fuerint
1218 2357 1440 2424 traditi,
1463 2359 1627 2414 nulla
1658 2376 1732 2414 ex
1769 2365 1935 2431 parte
1962 2349 2117 2416 sola-

465 2440 614 2496 tium
639 2449 742 2498 aut
774 2443 1041 2499 levamen
1067 2446 1356 2501 admittat.
1399 2451 1678 2503 Creatura
1708 2450 1892 2516 enim,
1915 2450 2119 2506 condi-

466 2530 610 2584 toris
667 2531 834 2604 551
899 2533 1256 2590 administra
1285 2539 1331 2595 θ.
1359 2538 1744 2592 vehementer
1773 2539 1849 2593 ad
1873 2540 2114 2610 iniquos

464 2616 812 2689 plectendos
853 2631 1278 2694 exasperatur:
1317 2626 1618 2695 mitigatur
1645 2643 1784 2682 vero
1814 2628 2116 2684 etdemul-

465 2712 630 2762 cetur
661 2709 736 2763 ad
769 2726 872 2765 eos
903 2711 1005 2782 qui
1043 2729 1217 2768 suam
1251 2715 1308 2768 in
1359 2714 1490 2784 ipso
1512 2715 1796 2771 fiduciam
1829 2733 2112 2789 reposue-

462 2795 598 2860 rint,
632 2796 982 2853 afﬁciendos
1001 2800 1317 2858 beneﬁcio.
1364 2804 1967 2873 thuemadmodum
1997 2806 2109 2860 Su-

458 2899 570 2952 per
589 2900 709 2940 uno
727 2893 1043 2955 peccatore
1067 2891 1454 2958 penitentiam
1480 2899 1694 2961 agente
1720 2894 2009 2962 gaudium
2025 2900 2108 2949 est

463 2974 526 3028 in
577 2975 736 3030 catis
769 2976 813 3009 '°
846 2992 860 3030 :
922 2977 1003 3032 ita
1036 2993 1282 3050 quoque
1320 2979 1655 3049 indignatio
1681 2986 1737 3036 et
1773 2982 2000 3039 tristitia
2023 2987 2110 3038 est

463 3077 643 3134 super
689 3063 779 3128 iis,
829 3066 933 3136 qui
990 3080 1096 3136 per
1147 3072 1467 3138 peccatum
1527 3083 1562 3124 a
1594 3069 1914 3125 Conditore
1962 3071 2106 3126 deti-

462 3151 646 3208 ciunt.
677 3153 754 3223 (3)
778 3156 925 3208 Tum
951 3155 1107 3223 ignis
1134 3156 1238 3227 qui
1282 3156 1529 3212 diabolo
1559 3163 1614 3213 et
1637 3159 1867 3225 angelis
1900 3161 2107 3229 ejusin

462 3240 824 3309 supplicium
855 3248 1102 3313 paratus
1126 3249 1234 3305 est,
1268 3261 1414 3301 voce
1436 3247 1666 3302 Domini
1695 3248 2062 3303 interciditur
2092 3266 2108 3314 ;

463 3332 526 3381 ut
556 3343 692 3382 cum
737 3329 872 3384 dum
925 3332 1044 3386 sint
1088 3333 1146 3386 in
1189 3333 1325 3400 igne
1359 3333 1674 3390 facultates
1701 3353 1961 3408 quarum
1991 3353 2112 3393 una

460 3415 778 3480 comburit,
799 3418 983 3475 altera
1011 3421 1285 3489 illustrat,
1317 3422 1472 3488 ignis
1514 3425 1762 3495 quidem
1793 3428 2110 3497 asperitas,

462 3518 533 3558 ac
581 3507 898 3576 torquendi
953 3511 1287 3580 proprietas
1347 3512 1415 3566 iis
1444 3513 1550 3582 qui
1599 3513 1921 3570 adustione
1941 3516 2110 3586 digni

463 3597 606 3648 sunt
634 3600 900 3650 servetur
932 3597 1122 3656 :illius
1188 3615 1330 3654 vero
1363 3600 1648 3671 splendor
1679 3608 1733 3656 et
1763 3603 2002 3659 claritas
2033 3605 2110 3661 ad

463 3681 817 3740 hilaritatem
865 3702 1075 3742 eorum
1133 3689 1236 3759 qui
1283 3689 1479 3744 laetam
1527 3708 1597 3745 ac
1659 3691 1898 3748 beatam
1927 3694 2108 3749 vitam

465 3772 651 3828 acturi
677 3780 834 3840 sunt,
868 3776 1199 3833 destinetur
1227 3796 1238 3832 :
1269 3779 1422 3835 adeo
1455 3785 1516 3835 ut
1547 3781 1823 3852 supplicii
1863 3783 2110 3853 quidem

471 3861 626 3930 ignis
664 3863 960 3920 obscurus
985 3867 1056 3922 sit
1089 3883 1102 3932 ;
1132 3867 1236 3939 qui
1264 3884 1403 3923 vero
1427 3869 1484 3925 in
1519 3870 2114 3938 oblectamentum,vi

464 3958 662 4005 careat
686 3952 1107 4012 comburendi.
1163 3959 1364 4027 Neque
1397 3974 1469 4013 ea
1516 3957 1576 4012 in
1611 3975 1671 4012 re
1704 3959 1807 4015 tibi
1852 3960 2111 4016 addubi-

465 4038 714 4093 tandum
765 4055 894 4095 esse
937 4042 1152 4110 cogita.
1189 4048 1269 4110 (4)
1316 4048 1464 4101 Nam
1513 4063 1652 4102 cum
1683 4065 1879 4104 rerum
1907 4050 1962 4104 in
1995 4050 2114 4106 vita

467 4132 768 4194 gestarum
816 4143 1042 4183 merces
1105 4131 1482 4201 retribuetur,
1534 4140 1744 4190 natura
1779 4137 1931 4204 ignis
1960 4138 2112 4193 divi-

466 4213 677 4278 detur;
726 4216 899 4286 cujus
929 4218 1176 4289 quidem
1228 4221 1454 4289 lumen,
1501 4223 1805 4292 justorum
1854 4226 2113 4282 oblecta-

469 4309 670 4359 mento
703 4321 716 4359 :
764 4306 975 4361 urendi
1031 4324 1174 4363 vero
1213 4308 1505 4374 molestia,
1541 4312 1983 4381 puniendorum
2019 4317 2114 4370 tri-

465 4391 682 4449 buetur
729 4393 956 4450 ultioni.
1003 4398 1077 4468 (5)
1125 4398 1470 4454 Horribiiior
1513 4406 1714 4455 autem
1766 4402 2026 4457 tenebris
2059 4408 2114 4458 et

466 4481 602 4550 igne
631 4488 852 4539 aeterno
883 4485 1230 4552 ignominia.
1285 4488 1343 4542 in
1401 4505 1523 4560 qua
1572 4495 1862 4546 internum
1914 4492 2116 4548 vivent

464 4577 827 4642 peccatores,
882 4591 1120 4647 semper
1171 4576 1251 4632 ob
1281 4578 1496 4632 oculos
1537 4578 1829 4634 habentes
1865 4583 2114 4649 vestigia

463 4658 788 4715 admissiin
801 4678 977 4718 carne
991 4666 1237 4734 peccati,
1255 4681 1390 4736 quae
1409 4666 1466 4721 in
1502 4666 1749 4722 modum
1779 4668 2114 4726 indelebilis

465 4748 782 4818 cujusdam
811 4751 1078 4807 tincturae
1112 4760 1399 4825 perpetuo
1428 4756 1487 4811 in
1510 4756 1729 4812 animm
1761 4773 1968 4814 eorum
1992 4776 2114 4814 me-

464 4836 658 4892 moria
687 4852 1087 4908 permausura
1117 4848 1277 4897 sunt.
1309 4843 1645 4900 Paucorum
1669 4851 1870 4902 autem
1903 4852 1991 4902 est
2019 4865 2110 4903 ac-

1453 282 1820 340 APPENDIX.
1876 314 1942 330 -—-
1981 281 2332 340 SYMEONIS
2372 281 2872 339 ΜΕΤΑΡΗΛΞΤΑΞ.

3707 279 3847 334 1300

2302 411 2356 462 2.
2394 411 2492 459 Καὶ
2521 408 2622 481 γὰρ
2651 410 2741 458 καὶ
2771 407 2822 458 οἰ
2877 413 3103 476 ’γενναῖοι
3131 411 3226 456 τοῦ
3275 411 3408 457 emi
3450 402 3704 466 ἀθληταὶ,
3736 402 3844 454 in;

2234 504 2327 556 νὼς
2402 497 2545 568 παρὰ
2598 497 2768 547 πάντα
2848 497 2935 546 τὸν
2994 493 3112 566 βίον
3187 492 3379 546 έαυτῶν
3435 500 3548 553 τοῖς
3600 493 3848 565 ἁοροὶτοίς

2235 583 2450 657 ὶχθροῖς
2522 583 3026 658 προσπαλαίσαντες,
3118 578 3328 634 ἆπειδαν
3409 583 3594 642 πάσας
3677 580 3846 633 αὐτῶν

2238 675 2576 744 ὑπεκφύγωσι
2641 675 2736 734 τὰς
2801 669 3033 739 διώξεις,
3105 676 3236 745 πρὸς
3281 679 3353 742 τῷ
3415 670 3548 722 τέλει
3594 677 3690 722 τοῦ
3725 667 3844 742 βίον

2237 767 2516 834 γενόμενοι,
2546 761 2849 835 ἐρευνῶνται
2897 763 2996 813 ὑπό
3027 767 3123 812 τοῦ
3181 761 3443 833 ἄρχοντος
3494 765 3590 811 τοῦ
3639 758 3842 825 «Edim,

2240 854 2324 904 ἳνα
2381 850 2440 903 ἄν
2497 855 2588 923 μὲν
2642 850 2916 925 εὑρεθῶσιν
2964 851 3174 921 ἔχοντες
3244 852 3522 925 τραύματα
3585 846 3690 899 ἀπὸ
3746 855 3846 899 τῦν

2235 940 2632 1012 παλαισμάτων,
2668 941 2696 998 ἡ
2744 938 2959 999 σπίλους
2987 941 3127 999 τινὰς
3187 943 3277 990 καὶ
3303 940 3500 997 τύπους
3545 945 3643 999 τῆς
3671 935 3845 1011 ἀμαρ-

2235 1034 2368 1094 τίας,
2427 1031 2853 1099 κατασχεθωσιν·
2916 1027 3000 1080 ὖάν
3069 1024 3129 1080 δι
3185 1027 3411 1101 ἄτρωτοι
3469 1028 3844 1100 εὑρεθῶσικαῖ

2234 1116 2472 1185 ἄσπιλοι,
2523 1119 2593 1178 ὡς
2644 1115 2928 1188 ἀκράτητοι
2965 1117 3123 1185 ὄντες,
3172 1117 3242 1177 ὡς
3279 1113 3529 1186 έλεύθεροι
3562 1113 3664 1167 ὐπὸ
3708 1121 3844 1188 Χρι-

2237 1215 2363 1258 στοῦ
2404 1205 2787 1258 ἀναπαύωνται.
2816 1210 2916 1257 Καὶ
2935 1213 3104 1257 ταῦτα
3133 1206 3316 1277 μάθοις
3347 1203 3406 1256 ἂν
3447 1202 3498 1266 ἕξ
3550 1203 3716 1255 αὐτοῦ
3753 1209 3843 1254 τοῦ

2237 1299 2430 1367 Κυρίου
2513 1293 2750 1365 λέγοντος
2840 1297 2958 1366 περὶ
3037 1295 3123 1344 τὸν
3197 1295 3378 1366 καιρὸν
3455 1297 3546 1343 τοῦ
3613 1293 3838 1352 πάθους

2233 1390 2341 1436 Νῦν
2382 1384 2409 1434 ὁ
2440 1384 2622 1455 ἅρχων
2675 1389 2769 1434 τοῦ
2826 1386 3031 1454 κόσμον
3095 1384 3288 1434 τούτου
3335 1383 3570 1453 ἔρχεται,
3647 1385 3744 1431 καὶ
3787 1379 3838 1431 ἕο

2234 1472 2347 1545 ἐμοὶ
2403 1475 2499 1536 ἕξει
2547 1470 2718 1528 οὐδέν.
2778 1472 2912 1526 Ἀλλ’
2985 1474 3012 1524 ὁ
3068 1475 3158 1544 μὶν
3215 1476 3288 1544 μὴ
3365 1476 3594 1531 ποιήσας
3660 1469 3835 1542 ἀμαρ-

2233 1568 2366 1628 τίαν,
2421 1562 2585 1632 ἔλεγεν
2649 1565 2792 1633 ῖχιιν
2864 1557 3034 1615 οὑδὶν·
3103 1559 3354 1635 ἀνθρώπῳ
3415 1556 3476 1612 δι
3561 1563 3834 1631 αὔταρκες,

2233 1651 2318 1703 έάν
2395 1651 2630 1724 τολμήσῃ
2690 1651 2867 1713 εἰπεῖν,
2936 1652 3016 1702 ὅτι
3090 1649 3352 1724 Ἔρχεται
3402 1651 3428 1701 ὁ
3483 1650 3671 1721 ἅρχων
3746 1649 3836 1700 τοῦ

2233 1747 2434 1812 κόσμον
2479 1745 2686 1805 τούτου,
2755 1745 2845 1792 καὶ
2910 1739 2959 1791 ἐν
3012 1739 3129 1812 ἐμοὶ
3169 1739 3267 1802 ἔξει
3327 1738 3480 1809 ὀλίγα
3525 1744 3619 1790 καὶ

2233 1834 2486 1888 Εννόησόν
2536 1849 2627 1902 μοι
2680 1837 2958 1902 τοιγαροῦν
3006 1831 3072 1880 τὰ
3151 1827 3254 1880 ἀπὸ
3305 1835 3398 1880 τοῦ
3456 1834 3592 1880 Θεοῦ
3643 1826 3837 1898 φοϐερᾶ

2230 1919 2576 1971 ἐπιπίπτοντα
2638 1927 2742 1978 τοῖς
2790 1917 3174 1989 κολαζομένοῖς,
3243 1919 3364 1969 ὅταν
3423 1919 3686 1977 notua;

2226 2013 2441 2078 γένηται
2497 2007 2745 2082 ἀστέρων,
2815 2005 3040 2078 ἀφεγγὴς
3095 2003 3154 2058 δί
3193 2008 3219 2057 ὁ
3258 2005 3417 2067 ἣλιος,
3458 2010 3549 2058 καὶ
3576 2006 3608 2064 ἦ
3643 1999 3832 2063 σοιξῆ

2227 2097 2322 2150 οὐκ
2343 2100 2417 2151 ἔτι
2443 2099 2519 2168 (6)
2559 2102 2941 2170 πεφωτισμένη,
3003 2097 3123 2150 ὅταν
3157 2099 3385 2174 σκηπτοὶ
3436 2090 3831 2166 διατρέχοντες,

2227 2191 2316 2238 καὶ
2393 2185 2607 2260 βρονταὶ
2664 2184 2885 2257 φοϐερῶς
2941 2183 3443 2260 καταρρηγνύμέναι·
3513 2186 3638 2235 ὅταν
3709 2183 3832 2254 ὑπὲρ

2225 2276 2451 2351 κεφαλῆς
2526 2273 2624 2349 ἀὴρ
2673 2277 3035 2346 έσκοτισμένος
3099 2275 3342 2346 ὐπάρχη,
3384 2273 3449 2332 ὠς
3501 2275 3834 2344 πανταχόθεν

2227 2363 2639 2436 ἀπαραμύθητον
2700 2359 2830 2415 εἶναι
2876 2359 2987 2423 τοῖς
3040 2369 3100 2434 τῇ
3182 2360 3309 2435 ὀργῇ
3378 2357 3832 2440 παραδεδομένος

2226 2458 2320 2511 τὴν
2367 2438 2618 2525 βάσανον.
2675 2454 2732 2504 ’Π
2781 2453 2883 2526 γὰρ
2941 2456 3136 2516 κτίσις,
3211 2456 3284 2524 τῷ
3324 2455 3608 2508 ποιήσαντι
3636 2443 3832 2528 51.19::-

2224 2552 2411 2609 τοῡσα,
2483 2542 2798 2594 επιτείνεταί
2825 2543 2915 2613 μὲν
2965 2541 3034 2600 εἰς
3061 2540 3276 2591 κολασιν
3313 2542 3451 2591 κατὰ
3479 2547 3580 2591 τῶν
3607 2537 3826 2608 ἀδίκων,

2223 2629 2419 2683 ἀνίεται
2469 2627 2526 2682 δὲ
2585 2630 2656 2690 εἰς
2719 2633 3014 2704 εὐεργεσίαν
3077 2629 3203 2702 ὑπὲρ
3240 2637 3339 2679 τῶν
3370 2627 3448 2680 in‘
3476 2629 3618 2697 αὐτῷ
3651 2647 3826 2681 πεποι-

2223 2722 2403 2775 θότων.
2451 2725 2547 2772 Καὶ
2603 2720 2835 2790 καθάπερ
2881 2718 2998 2771 Ἐπὶ
3039 2717 3111 2769 ένὶ
3168 2718 3246 2786 (7)
3314 2717 3607 2791 ἁμαρτωλῷ
3674 2737 3829 2796 μετα-

2218 2817 2419 2860 νοοῦντι
2493 2811 2642 2881 χαρὰ
2686 2812 2887 2878 γίνεται
2959 2806 3008 2857 ἐν
3068 2814 3178 2867 τοῖς
3231 2809 3492 2877 οὐρανοῖς,
3556 2807 3694 2857 οὕτω
3742 2809 3828 2857 καὶ

2216 2897 2557 2972 παροξυσμὸς
2595 2900 2681 2948 καὶ
2717 2896 2851 2954 λύπη
2893 2893 2977 2947 ἰπὶ
3012 2903 3120 2956 τοῖς
3169 2893 3532 2946 ἀποστατοῡσι
3583 2891 3681 2947 διὰ
3737 2902 3826 2955 τῆς

2219 2985 2478 3058 ἀμαρτίας
2520 2993 2612 3037 τοῦ
2675 2993 2970 3046 κτῖσαντος.
3032 2989 3158 3037 τότε
3204 2987 3264 3036 τὸ
3303 3002 3405 3056 πνρ
3436 2985 3828 3054 ήτοιμασιιένον

2219 3079 2288 3136 εἰς
2346 3074 2560 3127 κολασίν
2607 3077 2682 3141 (8)
2735 3082 2808 3144 τῷ
2866 3070 3093 3143 διαϐόλῳ
3123 3078 3214 3124 καὶ
3256 3079 3367 3133 τοῖς
3404 3071 3641 3148 ἀγγέλοις
3667 3072 3833 3124 αὑτοῦ

2223 3162 2568 3218 διακόπτεται
2621 3171 2682 3235 τῇ
2771 3172 2862 3214 τοῦ
2923 3167 3138 3238 κυρίου·
3200 3166 3284 3214 ινα
3342 3159 3523 3220 ἐπειδὴ
3588 3158 3692 3214 δύο
3763 3162 3829 3214 εἰ·

2222 3260 2304 3306 σὶν
2348 3253 2395 3306 έν
2448 3262 2520 3323 τῷ
2580 3257 2709 3327 πυρὶ
2777 3250 3044 3323 δυνάμεις,
3081 3254 3110 3310 ᾖ
3143 3271 3198 3304 τε
3218 3256 3478 3309 καυστικὴ
3497 3253 3636 3308 καὶὴ
3675 3271 3832 3323 φωτισ

2223 3347 2400 3404 στικὴ,
2445 3346 2503 3394 τὸ
2568 3345 2658 3414 μὲν
2725 3339 2889 3416 δριμὺ
2941 3347 3030 3393 καὶ
3067 3341 3376 3393 κολαστικὸν
3413 3347 3505 3392 τοῦ
3531 3344 3700 3412 πυρὸς
3723 3348 3832 3401 τοῖς

2221 3431 2386 3494 ἀξίοις
2432 3440 2525 3490 τῆν
2574 3434 2810 3492 καύσεως
2863 3434 3282 3503 προσαπομιίνη,
3324 3433 3382 3481 τὸ
3427 3426 3486 3482 δὲ
3506 3433 3829 3501 φωτιστικόν

2220 3519 2381 3572 αὐτοῦ
2428 3526 2516 3572 καὶ
2545 3520 2778 3593 λαμπρόν
2809 3528 2870 3591 τῇ
2914 3517 3168 3596 φαιδροτή
3188 3539 3238 3570 τι
3267 3528 3367 3589 τῷν
3414 3523 3830 3592 εὐφραινομένων

2222 3608 2590 3682 ἀποκλ.ηρωθῇ’
2624 3613 2694 3670 ὡς
2723 3608 2953 3681 ἀλαμπὲς
2985 3606 3114 3660 εἶναι
3148 3612 3204 3659 τὸ
3237 3617 3338 3681 πῦρ
3386 3616 3480 3668 τῆς
3535 3608 3827 3674 κολάσεως,

2221 3700 2484 3750 ἄκαυστον
2539 3695 2599 3750 δι
2646 3700 2702 3750 τὸ
2746 3705 2839 3760 τῆς
2884 3697 3225 3758 ἀναπαύσεως
3263 3696 3542 3768 ἀπομεῖναι
3590 3701 3696 3767 (9).
3733 3702 3832 3752 Καὶ

2221 3792 2292 3859 μὴ
2354 3785 2657 3858 ἁμίφϐαλλε.
2733 3792 2795 3837 Εν
2859 3787 2960 3856 γὰρ
3014 3792 3126 3845 ταῖς
3178 3793 3277 3836 τῶν
3337 3783 3670 3857 βεϐιωμένων
3705 3792 3830 3858 ἡμῖν

2223 3872 2626 3939 ἀνταποδοσισι,
2653 3883 2756 3926 τοῶ
2822 3879 2984 3948 πυρὸς
3022 3875 3052 3932 ἠ
3104 3877 3258 3944 φύσις
3289 3869 3708 3946 διαιρεθήσεται·
3739 3881 3827 3927 καὶ

2219 3967 2376 4036 τὸμὲν
2441 3972 2566 4035 φῶς,
2613 3963 2684 4024 εἰς
2749 3962 3037 4015 ἀπόλαυσιν
3076 3969 3188 4024 τοῖς
3251 3959 3501 4024 δικαίοις’
3544 3967 3606 4015 τὸ
3638 3960 3703 4016 δί
3739 3975 3833 4026 τῆς

2222 4055 2456 4112 καύσεως
2508 4049 2784 4124 ὀδυνηρὸν,
2842 4059 2946 4112 τοῖς
3017 4051 3382 4122 κολαζομένοις
3453 4049 3833 4123 ἀποταχθήσε-

2221 4162 2331 4196 ται.
2387 4141 2716 4214 Φοϐιρωτέρα
2773 4137 2831 4193 δὲ
2903 4149 2994 4192 τοῦ
3043 4143 3263 4200 σκότους
3303 4145 3391 4193 καὶ
3422 4148 3514 4192 τοῦ
3548 4145 3720 4214 πυρὸς
3743 4150 3832 4194 τοῦ

2223 4230 2432 4282 αἰωνίου
2487 4233 2516 4288 η
2578 4231 2810 4300 αἰσχύνη
2870 4227 3092 4291 ierim?)
3134 4229 3380 4301 μέλλουσι
3402 4226 3832 4292 σννδιαιωνίζειν

2221 4319 2270 4371 οὶ
2313 4318 2631 4392 ἁμαρτωλοὶ,
2689 4316 2766 4370 ἀεὶ
2805 4317 2853 4369 ἐν
2919 4317 3197 4389 ὀφθαλμοῖς
3250 4319 3459 4388 ἔχοντες
3489 4320 3556 4370 τά
3581 4322 3714 4390 ἰχνη
3741 4319 3833 4392 ’τῇς

2223 4407 2271 4460 ὲν
2319 4413 2476 4480 σαρκὶ
2532 4407 2812 4481 ἁμαρτίας,
2877 4407 3032 4459 οἱονεὶ
3076 4426 3210 4466 τινος
3242 4405 3418 4478 βαφῆς
3452 4406 3830 4477 ἀνεκπλύντοῦ,

2222 4505 2283 4568 τῇ
2331 4503 2506 4568 μνήμη
2568 4505 2662 4556 τῆς
2711 4483 2898 4566 ψυχῆς
2939 4495 3108 4546 αὐτῶν
3159 4495 3226 4555 εἰς
3265 4500 3322 4547 τὸ
3363 4492 3600 4557 διηνεκὲς
3626 4496 3826 4569 ἀναμέέ

2222 4597 2372 4629 νοντα
2395 4583 2524 4645 HO).
2556 4577 2774 4649 Ὀλίγων
2799 4573 2859 4628 δὲ
2898 4577 3005 4628 ἐστι
3052 4595 3108 4627 το
3145 4576 3448 4649 προσελθεῖν
3480 4586 3553 4647 τῷ
3597 4585 3734 4649 φωτὶ
3759 4589 3831 4650 τῷ

2223 4667 2471 4737 ἀληθινῷ,
2527 4671 2618 4718 καὶ
2665 4664 3020 4734 ἀποκαλύψαι,
3068 4670 3157 4716 καὶ
3199 4669 3328 4736 μετὰ
3355 4671 3449 4723 τὴν
3491 4665 3830 4738 ἀποκάλυψιν

2223 4766 2320 4809 τῶν
2358 4764 2621 4830 κρυπτῶν,
2679 4759 2749 4826 μὴ
2809 4752 3042 4806 ἀπελθεῖν
3089 4753 3470 4824 αἰσχυνθέντας
3531 4757 3601 4807 τὰ
3663 4761 3831 4828 πρόσο

2222 4867 2358 4905 (ι.“7τα,
2393 4845 2524 4900 Θεοῦ
2550 4847 2653 4917 γὰρ
2679 4842 3033 4917 ἀλλοτρίωσις,
3078 4847 3168 4895 καὶ
3207 4841 3536 4917 ἀποπρογή,
3585 4850 3683 4897 καὶ
3731 4855 3830 4898 τῶν

529 4983 548 5014 ’¹
579 4983 748 5040 Joan.
785 4999 905 5051 xw,
982 4984 1001 5017 ⁸
1027 4985 1230 5042 Matth.
1273 4993 1538 5055 xx:v,‘29.
1626 4991 1645 5022 θ
1671 4992 1807 5062 Sap.
1835 5008 1887 5058 v,
1914 4995 2100 5049 18-21.
2145 4974 2186 5028 Ε
2224 4995 2269 5028 ¹⁰
2304 4995 2436 5048 Luc.
2470 5009 2560 5055 xv,
2587 4991 2673 5044 10.

561 5127 609 5196 1)
645 5128 722 5182 Ex
753 5125 919 5182 hom.
963 5129 1024 5182 in
1057 5131 1216 5197 psal.
1244 5147 1340 5190 xu.
1376 5136 1464 5186 99.

556 5201 606 5260 '2')
642 5201 718 5252 Ex
747 5205 1066 5254 comment.
1102 5202 1164 5254 in
1195 5203 1426 5256 Isaiam.
1459 5206 1587 5258 584.

529 5271 608 5336 (3)
636 5272 710 5324 Ex
735 5270 896 5332 hom,
929 5273 988 5324 in
1019 5273 1170 5339 psnl.
1195 5289 1388 5331 xxviii.
1419 5278 1532 5327 121.

529 5342 606 5410 (4)
639 5343 716 5396 Ex
745 5341 905 5396 hom.
939 5358 1011 5404 vn,
1032 5343 1093 5396 in
1123 5344 1417 5404 Hexaem.
1441 5345 1531 5398 52.

527 5417 604 5472 (ὅ)
632 5413 710 5465 Ex
733 5411 896 5465 hom.
923 5414 982 5466 in
1007 5414 1143 5480 psal
1191 5430 1384 5482 xxxui,
1417 5416 1537 5470 H7.

525 5485 732 5550 (6)09:
771 5486 869 5539 ἔτι.
913 5483 1003 5538 Sic
1019 5490 1331 5540 contextus
1364 5486 1458 5540 cui
1499 5486 1698 5541 favent
1725 5489 1908 5545 nostri
1941 5489 2099 5547 codi-

447 5554 578 5606 ces.‘
605 5553 670 5608 ln
708 5553 798 5608 his
823 5555 985 5610 enim
1012 5554 1228 5625 legitur
1265 5555 1360 5608 οὐκ
1392 5560 1527 5612 ἔστι.
1559 5557 1710 5614 Editi
1741 5559 1834 5612 οὐκ
1869 5563 2039 5614 ἔσται.

2291 5140 2366 5196 (7)
2396 5137 2525 5189 “Evt.
2557 5137 2723 5190 Deest
2755 5134 2810 5187 in
2833 5133 2970 5190 cod.
3007 5132 3172 5187 1992.

2293 5211 2361 5272 (8)
2393 5208 2472 5266 Ri;
2493 5206 2727 5258 κόλασιν.
2755 5207 2886 5258 Haec
2911 5203 3130 5257 desunt
3152 5201 3209 5256 in
3229 5202 3443 5257 eodem
3478 5204 3714 5260 codice.

2290 5283 2369 5342 (9)
2397 5285 2697 5346 Απομεῖναι.
2745 5278 2997 5344 Uterque
3053 5273 3243 5346 codex
3295 5277 3551 5346 ἀπομένη,
3591 5276 3817 5333 Ibidem

2215 5335 2324 5408 coil
2343 5335 2361 5403 ,1
2402 5335 2534 5410 199Ξ
2563 5353 2632 5420 μὴ
2679 5335 2968 5420 ἀμφίϐαλλε
3000 5346 3070 5404 ὡς
3099 5343 3154 5420 ἐν
3192 5351 3326 5420 ταῖς.
3359 5335 3469 5400 etc.

2284 5423 2390 5490 (10)
2417 5413 2774 5489 ’Λναμένοντάί
2817 5416 2978 5474 Idem
3005 5413 3530 5494 οοάθιὲπιμένοντα.
3566 5420 3813 5494 Conter-

2211 5496 2307 5548 tus
2336 5495 2718 5564 παραμένοντα.
