4056 6222
239 291 375 346 1301
1205 296 1431 352 SERMO
1477 297 1609 351 XIV.
1644 325 1712 334 --
1749 296 1839 351 DE
1887 296 2160 354 FUTURO
2199 299 2493 356 JUDICIO.
3449 303 3606 375 _l302

237 415 289 466 ἐν
355 424 417 488 τῇ
473 420 644 489 γεέννῃ
703 415 1152 490 προσδοκωμένων
1221 419 1478 472 κολάσεων
1536 420 1839 493 ἀφορητότε

2005 421 2164 478 :dere
2192 423 2270 478 ad
2310 440 2510 479 veram
2558 423 2775 490 lucem,
2816 439 2885 480 ac
2937 425 3225 488 revelare,
3259 427 3317 479 et
3343 430 3483 498 post
3512 440 3607 480 oc-

238 509 328 577 ρόν
369 503 479 556 ἐστι
515 510 603 556 καὶ
649 504 935 580 βαρύτερον
985 517 1058 578 τῷ
1085 510 1326 576 παθόντι,
1369 511 1432 568 ως
1464 509 1708 582 ὀφθαλμῷ
1746 531 1838 581 φωε

2000 510 2251 566 altorum
2292 512 2741 578 revelationem,
2784 512 2933 568 facie
2967 529 3086 568 non
3136 513 3388 570 confusa
3418 514 3602 570 abire.

239 598 328 655 τός
357 600 624 666 στέρησις,
655 593 751 646 κᾶν
796 601 866 667 μή
916 592 1075 654 ὀδύνη
1131 607 1326 672 προσῇ.
1371 606 1552 650 Πάσαν
1580 601 1680 671 γὰρ
1714 601 1841 670 ὁμου

2004 600 2052 654 ei
2083 601 2242 656 enim
2276 617 2311 656 a
2343 601 2517 656 nobis
2549 601 2826 657 alienatio
2870 609 3048 674 atque
3092 603 3346 668 aversio,
3392 602 3472 658 illi
3503 605 3606 674 qui

239 687 335 740 τήν
375 681 460 754 ἀφ’
500 681 557 734 οὗ
605 688 880 754 γεγόνασιν
924 688 1186 759 οἶνορωποι
1236 696 1305 756 τῷ
1344 687 1476 760 λόγῳ
1523 709 1599 748 τις
1658 688 1839 740 συλλα-

2001 707 2083 745 im
2129 693 2368 758 patitur,
2402 692 2830 747 intolerabilior
2887 692 3248 764 graviorque
3300 699 3389 747 est
3418 708 3603 764 quam

240 772 343 824 ϐων
384 778 473 824 καὶ
514 772 580 833 εἰς
620 774 668 825 ἓν
713 773 966 846 ἀθροίσας
1012 774 1365 848 εὐδαιμονίαν,
1407 775 1531 830 οὐδὲ
1574 778 1841 849 πολλοστῷ

2001 785 2164 835 ctera
2205 780 2495 849 gehennae
2538 786 2877 852 exspectata
2933 782 3230 854 supplicia
3271 799 3282 836 :
3334 787 3395 836 ut
3428 783 3603 838 oculo

237 867 382 935 μέρει
451 871 551 914 τῶν
607 862 812 933 ἀγαθῶν
871 865 1069 917 ἐκείνων
1138 869 1340 941 εὑρήσει
1398 872 1829 941 παρισουμένην·

2001 868 2202 923 rivatio
2236 868 2500 934 luminis,
2535 867 2672 923 licet
2712 869 2865 923 alius
2897 885 3018 924 non
3053 871 3207 924 adsit
3240 870 3521 940 dolor.(3)
3546 871 3603 928 Si

237 951 366 1003 ἀλλά
414 950 584 1004 πλεῖον
621 961 715 1004 τοῦ
760 951 808 1005 ἐν
855 954 1066 1016 ἐκείνοις
1124 955 1412 1028 ἐλαχίστου
1453 960 1518 1009 τά
1567 960 1839 1029 σύμπαντα

2001 958 2082 1012 uis
2113 957 2273 1012 enim
2297 973 2540 1011 omnem
2566 956 2743 1012 simul
2765 973 2834 1012 ex
2859 974 2981 1029 quo
3009 958 3287 1012 homines
3317 961 3438 1014 nati
3465 965 3603 1015 sunt

235 1049 336 1092 τῶν
377 1037 506 1112 τῇδε
553 1041 722 1092 καλῶν
770 1045 903 1094 κατά
952 1048 1044 1102 τήν
1087 1043 1233 1107 ἀξίαν
1265 1044 1616 1118 ἀφεστηκότα,
1647 1047 1676 1104 ἣ
1721 1046 1837 1098 καθ’

1995 1046 2285 1102 τιίοὶιιιῐθιιι
2317 1060 2598 1101 sermone
2627 1045 3004 1118 complexus,
3043 1046 3102 1100 in
3137 1063 3326 1102 unum
3357 1063 3597 1102 coacer-

233 1130 355 1182 ὅσον
413 1133 538 1182 σκιά
592 1135 682 1182 καὶ
741 1136 860 1199 όναρ
905 1141 1005 1184 τῶν
1064 1133 1317 1193 ἀληθινῶν
1356 1136 1430 1206 (1)
1484 1134 1835 1189 ἀπολείπεται.

1995 1135 2186 1204 averit,
2221 1152 2351 1190 eam
2382 1139 2585 1190 tamen
2617 1137 2940 1206 comperiet
2964 1151 3038 1190 ne
3065 1135 3329 1190 minimae
3351 1135 3597 1208 quidem

231 1217 438 1273 Μαλλόν
485 1215 562 1286 δι,
616 1219 681 1271 ἶν’
732 1221 1026 1297 οἰκειοτέρῳ
1072 1230 1368 1296 χρήσωμαι
1420 1221 1833 1299 παραδείγματι,

1994 1240 2246 1279 onorum
2273 1223 2512 1279 illorum
2556 1224 2712 1295 parti
2753 1223 3252 1296 aequiparandam
3285 1239 3450 1292 esse;
3492 1224 3596 1280 sed

229 1307 340 1380 ὅσῳ
398 1307 554 1379 ψυχή
607 1316 717 1369 τοῖς
755 1316 889 1362 πᾶσι
937 1317 1223 1383 τιμιωτέρα
1281 1320 1556 1386 σώματος,
1603 1316 1831 1385 τοσούτῳ

1993 1313 2151 1368 mnia
2179 1313 2491 1385 praesentis
2528 1313 2663 1368 vitae
2706 1313 2871 1368 bona
2909 1312 3048 1384 plus
3075 1328 3111 1368 a
3151 1313 3402 1368 minima
3439 1312 3595 1369 futu-

227 1401 444 1447 καὶτῶν
477 1394 606 1468 βίων
639 1396 889 1472 ἑκατέρων
926 1397 1040 1450 ἐστὶ
1070 1403 1128 1451 1'6
1170 1397 1444 1475 διάφορον.

1989 1417 2150 1457 )rum
2179 1401 2468 1471 dignitate
2508 1399 2750 1467 distare,
2783 1415 2970 1471 quam
3001 1416 3037 1455 a
3065 1399 3248 1455 rebus
3271 1401 3430 1455 veris
3453 1416 3591 1456 um-

224 1484 399 1540 bram
427 1489 484 1540 et
514 1486 849 1542 somnium.
873 1491 995 1544 lmo
1031 1503 1197 1557 vero,
1230 1496 1294 1546 ut
1313 1490 1593 1563 exemplo
1620 1490 1818 1562 magis
1847 1489 2066 1547 idoneo
2085 1493 2239 1558 utar,
2264 1493 2494 1564 quanto
2523 1489 2729 1547 anima
2759 1487 3043 1546 omnibus
3062 1491 3307 1564 prestat
3330 1489 3590 1566 corpori,

226 1579 396 1630 tanta
426 1577 516 1629 est
535 1578 595 1629 et
615 1575 926 1648 utriusque
955 1577 1092 1633 vita:
1125 1577 1482 1637 differentia.

301 1666 356 1720 3.
389 1661 521 1716 Ἀλλ’
558 1665 608 1715 οἱ
644 1663 823 1716 πολλοὶ
866 1674 965 1717 τῶν
1013 1665 1331 1739 ἀνθρώπων,
1375 1666 1470 1721 διὰ
1513 1672 1593 1736 τὸ,
1636 1668 1696 1723 Ὀ
1737 1671 1828 1743 μὲν
1860 1671 1901 1725 Β

2006 1676 2061 1726 3.
2107 1670 2222 1727 Sed
2267 1670 2543 1727 homines
2578 1672 2751 1730 multi
2780 1673 3026 1745 propter
3071 1687 3212 1729 eum
3264 1671 3581 1744 Scriptura

230 1749 529 1825 δαρήσεται
558 1752 769 1816 πολλάς,
799 1755 823 1805 6
869 1751 927 1807 δὲ
972 1755 1164 1827 ὀλίγας,
1208 1757 1348 1819 τελος
1378 1759 1506 1810 εἶναι
1539 1767 1636 1820 τῆς
1670 1758 1826 1812 κολά-

1979 1777 2133 1816 lcum
2161 1760 2264 1832 qui
2295 1761 2499 1830 habet,
2519 1763 2596 1832 (4)
2615 1763 2730 1819 Hic
2758 1763 2994 1835 quidem
3013 1761 3326 1832 vapulabit
3347 1763 3581 1833 muttis,

229 1860 360 1902 σεως
405 1849 514 1904 τοῖς
557 1841 926 1916 κολαζομένοις
977 1850 1154 1916 φασίν.
1200 1845 1360 1919 Ὀπερ
1406 1847 1499 1900 οὐκ
1542 1847 1591 1900 ἐν
1629 1857 1692 1920 τῇ
1732 1856 1825 1900 τοῦ

1975 1851 2040 1906 ’le
2078 1865 2213 1906 vero
2263 1852 2468 1919 paucis
2501 1853 2564 1922 “,
2610 1851 2796 1907 ﬁnem
2844 1851 3092 1907 tandem
3139 1850 3577 1924 suppliciorum

224 1935 427 2003 χρόνοῦ
491 1933 787 2002 παρατάσει
860 1933 889 1990 ἦ
959 1933 1339 2007 συμπληρώσει
1374 1979 1386 2003 ,
1463 1935 1568 1988 ἀλλ’
1637 1935 1687 1988 ἓν

1980 1937 2252 1994 abituros
2288 1953 2421 1993 esse
2463 1953 2567 1994 eos
2613 1940 2718 2012 qui
2763 1941 3097 2011 puniuntur
3137 1943 3433 1995 asserunt.
3465 1939 3582 1996 Sed

223 2015 456 2092 διαφορά
483 2027 578 2080 τῆς
618 2019 903 2082 κολάσειως
937 2028 1152 2092 γίνεται.
1181 2031 1283 2075 Tm)
1320 2028 1422 2098 ’γὰρ
1476 2030 1671 2098 Κυρίου
1703 2024 1825 2077 ποτὲ

1982 2041 2137 2082 Lmen
2159 2031 2224 2082 ut
2251 2026 2348 2082 hic
2378 2027 2586 2083 multis
2610 2029 2875 2100 vapulet,
2896 2027 2991 2083 ille
3021 2043 3164 2083 vero
3195 2027 3425 2099 paucis,
3457 2042 3584 2086 non

217 2110 313 2180 μὲν
367 2106 816 2180 ἀποφαινομένου,
874 2112 953 2162 ὅτι
1006 2111 1379 2164 ἀπελεύσονται
1425 2111 1570 2166 οὗτοι
1625 2114 1694 2176 εἰς
1741 2118 1819 2168 κό·

1981 2117 2219 2187 emporis
2247 2115 2634 2172 diuturnitate
2649 2121 2755 2172 aut
2781 2115 3248 2188 complementa,
3263 2115 3368 2171 sed
3387 2131 3583 2188 poenas

215 2196 374 2249 λασιν
405 2196 631 2261 αἰώνιον,
665 2200 712 2249 οἱ
744 2195 803 2250 δὲ
835 2195 1036 2252 δίκαιοι
1058 2201 1128 2260 εἰς
1159 2201 1296 2261 ζωὴν
1332 2202 1536 2254 αἰώνιον
1561 2225 1573 2236 ο
1606 2206 1726 2255 ποτε
1766 2200 1817 2256 δε

1981 2203 2269 2259 iversitate
2299 2203 2624 2275 perﬁcitur.
2648 2205 2794 2259 Cum
2813 2204 2974 2259 enim
3006 2205 3293 2260 Dominus
3317 2219 3583 2276 pronun-

214 2284 566 2357 ἐκπέμποντός
617 2305 757 2347 τινας
800 2288 868 2348 si;
906 2292 963 2340 τὸ
1009 2297 1113 2364 πῦρ
1155 2292 1214 2341 τὸ
1271 2290 1474 2343 αἰώνιον
1507 2295 1564 2343 τὸ
1607 2294 1816 2364 ἡτοιμα-

1977 2296 2035 2347 et
2063 2291 2393 2364 aliquando
2414 2292 2526 2348 hos
2558 2293 2618 2347 in
2656 2292 3023 2365 supplicium
3049 2297 3340 2348 aeternum
3369 2293 3575 2364 ituros,

215 2379 403 2446 σμένον
431 2382 502 2444 τῷ
549 2371 774 2446 διαϐόλῳ
806 2381 895 2428 καὶ
945 2384 1053 2438 τοῖς
1101 2376 1341 2449 ἀγγέλοις
1383 2379 1564 2446 αὐτοῦ,
1597 2385 1686 2432 καὶ
1724 2380 1817 2432 ἄλ-

1977 2386 2122 2437 istos
2154 2385 2356 2437 autem
2377 2381 2438 2436 in
2468 2381 2655 2437 vitam
2680 2383 3028 2437 aeternam"
3049 2399 3063 2450 ;
3083 2380 3412 2452 aliquando
3436 2396 3579 2437 vero

210 2463 330 2514 λοτε
388 2464 740 2534 ὀνομάζοντος
795 2469 998 2535 γέενναν
1046 2471 1254 2539 πυρὸς,
1308 2473 1398 2519 καὶ
1456 2467 1812 2542 ἐπιφέροντος·

1979 2471 2126 2525 iittat
2149 2469 2451 2542 quosdam
2483 2469 2543 2524 in
2579 2470 2784 2538 ignem
2814 2475 3104 2526 aeternum
3133 2473 3416 2541 paratum
3447 2469 3581 2526 dia-

210 2551 385 2604 Ὅπου
451 2551 656 2614 ϐκωλήξ
714 2553 880 2604 αὐτῶν
934 2554 992 2606 οὐ
1040 2555 1284 2626 τελευτᾷ,
1342 2561 1432 2607 καὶ
1484 2561 1540 2608 τό
1602 2565 1704 2630 πῦρ
1759 2558 1812 2610 οι]

1979 2558 2072 2613 olo
2097 2563 2156 2613 et
2180 2558 2410 2626 angelis
2437 2559 2566 2628 ejus
2591 2559 2657 2624 ¹⁸,
2677 2562 2734 2614 et
2751 2558 2894 2614 alibi
2925 2559 3214 2629 gehennae
3238 2557 3396 2628 ignis
3417 2573 3581 2614 men-

218 2640 495 2693 σϐεννυται
529 2662 540 2674 ·
601 2646 691 2694 καὶ
747 2644 822 2693 ἔτι
875 2643 1028 2694 πάλιν
1087 2641 1181 2696 διὰ
1232 2651 1324 2696 τοῦ
1379 2651 1646 2716 προφήτου
1700 2651 1819 2719 περί

1975 2662 2088 2701 one
2118 2645 2297 2709 facta,
2329 2645 2608 2716 subjiciat
2636 2645 2820 2701 illud:
2857 2647 2969 2702 Ubi
2992 2648 3206 2702 vermis
3233 2660 3433 2702 eorum
3459 2662 3577 2702 non

212 2749 365 2780 τινων
406 2729 701 2804 εἰρηκότος,
742 2731 819 2782 ὅτι
873 2731 898 2782 ὁ
940 2732 1147 2794 σκώληξ
1193 2733 1363 2785 αὐτῶν
1402 2734 1461 2785 οὐ
1503 2733 1814 2803 τελευτήσει,

1977 2736 2201 2797 :oritur,
2225 2741 2280 2790 et
2303 2734 2461 2804 ignis
2483 2751 2602 2789 non
2635 2736 3130 2803 exstinguitur“;
3164 2750 3426 2807 cumque
3445 2750 3579 2790 rur-

209 2823 305 2871 καὶ
348 2821 405 2870 τό
450 2827 552 2892 πῦρ
597 2819 764 2870 αὐτῶν
811 2820 869 2871 οὐ
913 2820 1304 2878 σϐεσΘήσεται·
1345 2825 1540 2874 τούτων
1587 2827 1678 2874 καὶ
1719 2832 1811 2875 τῶν

1973 2841 2032 2878 us
2057 2823 2131 2879 de
2151 2823 2520 2896 quibusdam
2541 2822 2757 2878 dixerit
2781 2839 2888 2894 per
2910 2823 3291 2894 prophetam,
3309 2838 3575 2878 vermem

209 2910 460 2959 τοιούτων
510 2907 780 2978 πολλαχοῦ
827 2917 917 2968 τῆς
985 2911 1326 2962 Θεοπνευστου
1377 2917 1583 2985 Γραφῆς
1637 2916 1811 2983 κειμέ-

1974 2930 2136 2969 )rum
2174 2929 2297 2969 non
2344 2913 2736 2981 moriturum,
2767 2915 2965 2984 neque
2995 2912 3198 2982 ignem
3229 2927 3440 2967 eorum
3469 2927 3576 2967 ex-

207 3018 331 3061 νων,
372 2995 421 3048 ἓν
457 2999 662 3059 πάντως
702 3002 792 3049 καὶ
841 3006 995 3050 τοῦτο
1045 3006 1137 3059 τῆς
1184 2997 1460 3072 μεθοδείας
1501 3007 1591 3052 τοῦ
1631 2997 1809 3052 διαϐό-

1970 3007 2205 3058 ;inctum
2235 3002 2301 3058 iri
2320 3003 2364 3038 ¹⁸
2386 3019 2398 3057 :
2423 3002 2553 3058 haec
2581 3002 2763 3072 igitur
2781 3006 2840 3058 et
2859 3002 3078 3058 horum
3111 3000 3328 3056 similia
3349 3016 3489 3056 cum
3510 3001 3572 3056 in

206 3087 324 3152 λου,
361 3089 418 3139 τό
467 3089 586 3147 τους
630 3085 846 3146 πολλοὺς
892 3095 992 3139 τῶν
1043 3086 1344 3163 ἀνθρώπων,
1395 3090 1568 3162 ὥσπερ
1615 3087 1808 3141 ἐπιλαν-

1969 3091 2126 3147 iultis
2154 3091 2373 3147 divinae
2393 3091 2708 3163 Scriptura
2727 3091 2876 3147 locis
2896 3090 3254 3159 habeantur,
3285 3089 3402 3145 hoc
3422 3105 3571 3162 quo-

207 3177 494 3246 θανομένυς
557 3183 658 3226 τῶν
708 3178 972 3227 τοσούτων
1024 3181 1114 3229 καὶ
1167 3179 1415 3230 τοιούτων
1471 3185 1564 3229 τοῦ
1616 3182 1809 3252 Κυρίου

1969 3195 2040 3235 ue
2085 3195 2275 3235 unum
2323 3179 2591 3252 profecto
2640 3185 2732 3235 est
2779 3195 2853 3234 ex
2901 3178 3166 3235 artiﬁciis
3211 3177 3459 3241 diaboli,
3505 3180 3571 3235 ut

203 3264 557 3336 ἀποφάσεων,
611 3263 754 3326 τέλος
793 3264 1055 3328 κολάσεως
1084 3309 1101 3331 ,
1162 3265 1229 3326 εἰς
1292 3270 1352 3318 τὸ
1409 3266 1598 3338 μᾶλλον
1654 3286 1805 3318 κατα·

1966 3269 2092 3324 iulti
2130 3268 2408 3326 homines
2453 3269 2618 3326 velut
2655 3268 2824 3325 obliti
2867 3273 2950 3325 tot
2989 3274 3047 3325 et
3088 3267 3297 3324 talium
3331 3267 3568 3324 Domini

199 3353 399 3425 τολμᾷν
451 3361 544 3413 τῆς
592 3354 894 3426 ἁμαρτίας,
945 3354 1144 3416 ἑαυτοῖς
1199 3357 1533 3426 ὑπογράφειν.
1589 3361 1648 3406 Ει
1705 3358 1801 3429 γὰρ

1961 3359 2374 3424 ententiarum,
2401 3374 2524 3431 quo
2563 3360 2795 3430 majore
2829 3374 2969 3414 cum
2997 3357 3258 3414 audacia
3291 3359 3563 3429 peccent,

197 3451 296 3502 τῆς
343 3443 553 3493 αἰωνίου
588 3441 848 3503 κολάσεως
895 3445 1046 3494 ἔσται
1082 3446 1208 3496 ποτε
1256 3443 1422 3512 τέλος,
1462 3443 1562 3506 ἕξει
1604 3446 1799 3506 πάντως

1969 3448 2031 3504 bi
2061 3447 2244 3503 ﬁnem
2263 3447 2808 3520 suppliciiﬁngant.
2831 3447 3004 3519 552
3031 3446 3258 3502 Etenim
3287 3446 3336 3500 si
3366 3446 3569 3503 aeterni

196 3537 291 3584 καὶ
323 3533 352 3588 ἡ
397 3531 604 3590 αἰώνιος
637 3531 767 3590 ζωή.
802 3531 863 3582 Εἰ
907 3527 966 3583 δε
1011 3531 1094 3584 ἐπὶ
1135 3541 1226 3592 τῆς
1266 3534 1408 3594 ζωῆς
1441 3541 1590 3585 τοῦτο
1619 3542 1798 3592 νοῆσαι

1963 3537 2196 3608 upplicii
2226 3535 2462 3592 futurus
2490 3541 2578 3592 est
2607 3536 2936 3608 aliquando
2957 3535 3115 3603 ﬁnis,
3145 3535 3331 3591 ﬁnem
3356 3535 3565 3608 utique

194 3621 259 3674 οὐ
299 3615 708 3690 καταδεχόμεθα
734 3660 747 3684 ,
792 3627 894 3679 πῶς
945 3621 1007 3671 ἄν
1054 3622 1171 3691 ἔχοι
1201 3620 1353 3691 λόγον
1385 3630 1446 3693 τῇ
1501 3622 1711 3674 κολάσει
1740 3631 1796 3696 τῇ

1961 3626 2194 3682 abitura
2226 3631 2315 3681 est
2335 3626 2515 3681 etiam
2543 3630 2667 3680 Vita
2695 3630 2937 3680 aeterna.
2979 3623 3150 3690 Quod
3181 3623 3230 3678 si
3258 3639 3383 3680 non
3413 3639 3563 3696 pos-

193 3716 394 3786 αἰωνίῳ
432 3715 571 3775 τέλος
602 3711 850 3782 diioui;
883 3715 940 3768 Ἠ
985 3719 1087 3788 γὰρ
1135 3724 1226 3769 τοῦ
1277 3718 1485 3770 αἰωνίου
1525 3721 1795 3790 προσθήκη

1962 3731 2128 3771 imus
2153 3713 2300 3769 illud
2325 3713 2401 3768 de
2429 3713 2552 3769 vita
2581 3717 2804 3768 aeterna
2824 3711 3171 3782 intelligere,
3192 3727 3317 3784 qua
3334 3705 3564 3769 ratione

193 3803 270 3876 ἐφ’
309 3804 558 3877 ἑκατέρων
591 3801 777 3864 ἐπίσης
827 3811 1016 3862 κεῖται,
1061 3803 1459 3858 ’Λπελεύσονται
1502 3810 1603 3880 γὰρ
1641 3805 1795 3863 οὗτοι,

1963 3801 2214 3874 upplicio
2243 3806 2465 3857 aeterno
2513 3800 2830 3857 ascribitur
2857 3799 2993 3854 ﬁnis
3013 3803 3042 3854 ?
3069 3801 3221 3855 Nam
3251 3799 3565 3872 aequaliter

195 3891 395 3964 φήϐὶν,
459 3892 530 3954 εἰς
605 3891 821 3944 κόλασιν
881 3893 1086 3944 αἰώνιον
1123 3911 1135 3922 '
1206 3895 1254 3944 οἱ
1313 3890 1372 3945 δὲ
1434 3891 1665 3960 δίκαιοι,
1735 3896 1797 3956 εἰς

1959 3908 2024 3947 ro
2052 3895 2306 3963 utroque
2336 3889 2588 3945 habetur
2621 3890 2829 3945 aeterni
2857 3887 3134 3959 adjectio.
3163 3887 3346 3944 Ibunt
3378 3890 3557 3958 enim,

197 3983 344 4045 ξωὴή
405 3983 608 4034 αἰώνιον
641 4025 654 4037 .
713 3982 876 4034 Ὠστε
935 3987 1026 4034 καὶ
1072 3987 1164 4052 τὸ,
1226 3989 1519 4050 Δαρήσεται
1573 3985 1799 4056 πολλὰς,

1957 3981 2122 4052 iquit,
2169 3980 2232 4035 hi
2262 3982 2322 4034 in
2351 3979 2716 4048 supplicium
2739 3984 3021 4034 aeternum
3043 3993 3068 4034 .’
3085 3978 3246 4048 justi
3269 3983 3470 4034 autem
3495 3979 3559 4034 in

194 4077 290 4123 καὶ
348 4070 543 4142 ὀλίγας,
606 4071 734 4143 οὐχὶ
789 4071 930 4133 τελος
961 4114 974 4139 ,
1043 4070 1169 4123 ἀλλὰ
1231 4069 1486 4148 διαφορὰν
1544 4073 1796 4135 κολάσεως

1959 4072 2097 4126 itam
2129 4075 2409 4126 wlemam
2449 4070 2513 4122 ¹⁶.
2549 4071 2756 4140 Itaque
2801 4067 2982 4123 etiam
3021 4067 3189 4135 illud,
3235 4067 3561 4137 Vapulabit

199 4157 378 4218 δηλοῖ.
424 4160 483 4212 Εἰ
523 4162 623 4234 γὰρ
656 4162 680 4212 ό
721 4164 852 4221 Θεὸς
892 4157 1099 4222 δίκαιος
1137 4167 1313 4234 κριτής
1358 4161 1518 4228 ἐστιν,
1552 4162 1610 4214 οὗ
1649 4168 1801 4234 μόνον

1959 4163 2137 4229 mltis,
2175 4166 2227 4217 el
2273 4159 2483 4228 paucis
2508 4160 2572 4228 ³⁷,
2611 4171 2736 4213 non
2762 4157 2968 4222 ﬁnem,
3003 4157 3114 4213 sed
3151 4155 3561 4215 diversitatem

198 4256 313 4309 τοῖς
377 4247 611 4319 ἀγαθοῖς,
671 4248 800 4300 ἀλλὰ
862 4255 952 4301 καὶ
1019 4257 1126 4310 τοῖς
1189 4258 1452 4323 πονηροῖς,
1514 4248 1800 4313 ἀποδιδοὺς

1955 4248 2186 4322 upplicii
2213 4247 2529 4317 signiﬁcat.
2553 4247 2610 4302 Si
2638 4246 2799 4302 enim
2827 4248 2982 4301 Deus
3004 4245 3204 4317 justus
3231 4245 3417 4316 judex
3447 4251 3557 4316 est,

198 4339 408 4407 ἑκάστῳ
430 4341 560 4389 κατά
590 4342 682 4394 τήν
711 4337 898 4410 πρᾶξιν
929 4338 1110 4406 αὐτοῦ,
1140 4335 1357 4390 δύναται
1388 4341 1516 4391 εἶναι
1555 4343 1580 4391 6
1612 4345 1700 4412 μέν
1724 4361 1800 4404 τις

1957 4354 2034 4394 on
2055 4337 2230 4394 bonis
2259 4335 2478 4403 solum,
2500 4333 2606 4390 sed
2636 4333 2810 4390 malis
2836 4333 3035 4402 etiam,
3065 4332 3326 4389 reddens
3356 4333 3559 4391 unicui

198 4430 364 4500 πυρὸς
393 4426 652 4479 ἀσϐέστου
681 4427 841 4494 ἄξιος,
875 4432 963 4478 καὶ
994 4431 1178 4479 τουτου
1207 4432 1322 4485 ήτοι
1356 4429 1744 4504 μαλακωτέρου,
1768 4431 1798 4490 ἢ

1955 4443 2028 4482 ue
2053 4427 2226 4498 juxta
2251 4441 2439 4498 opera
2467 4427 2807 4495 sua,potest
2835 4423 2986 4478 alius
3015 4438 3144 4476 esse
3169 4421 3391 4491 dignus
3418 4422 3557 4492 igne

217 4517 418 4588 μᾶλκον
449 4516 735 4588 φλέγοντος⁸
771 4517 796 4567 ό
829 4513 888 4568 δέ
920 4536 999 4577 τις
1031 4516 1295 4578 σκώληκος
1321 4516 1680 4582 ἀτελευτήτου,
1714 4526 1802 4572 καὶ

1953 4513 2402 4585 lexstinguibili,
2435 4513 2539 4586 qui
2583 4516 2687 4569 aut
2720 4509 2962 4567 mollius
3001 4513 3106 4565 aut
3147 4508 3346 4564 acrius
3397 4510 3555 4565 adu-

195 4609 386 4657 τούτου
413 4605 564 4656 πάλιν
597 4609 626 4663 ἣ
659 4611 941 4679 πραότερον
996 4602 1304 4672 ὀδυνῶντος,
1352 4605 1380 4662 ἢ
1436 4605 1797 4680 σφοδρότερον,

1954 4609 2047 4678 ιιι
2087 4603 2240 4659 alius
2283 4617 2481 4657 verme
2511 4615 2830 4672 nunquam
2873 4597 3183 4663 morituro,
3232 4597 3336 4669 qui
3372 4597 3556 4654 etiam

196 4698 338 4746 κατά
375 4700 468 4752 τήν
500 4693 646 4757 ἀξίαν
679 4695 920 4746 ἑκάστου⁹
948 4700 1038 4746 καὶ
1067 4695 1308 4764 ἄλλος(2)
1327 4699 1551 4766 γεέννης,
1575 4693 1798 4770 διάφορα

1953 4700 2014 4750 ut
2053 4693 2254 4748 mitius
2293 4696 2396 4747 aut
2440 4689 2716 4746 acerbius
2754 4686 3052 4744 excruciet
3089 4701 3200 4758 pro
3256 4687 3555 4760 cujusque

193 4786 405 4845 πάντως
437 4782 672 4855 ἐχούσης
700 4785 767 4835 τὰ
812 4783 1154 4856 κολαστήρια’
1201 4788 1290 4834 καὶ
1334 4784 1504 4856 ἔτερος
1546 4793 1637 4836 τοῦ
1681 4785 1795 4846 ἐξω·

1957 4783 2124 4838 nerito
2156 4797 2170 4834 :
2205 4778 2358 4835 alius
2390 4779 2688 4848 gehenna,
2721 4793 2855 4850 quas
2883 4775 3053 4834 varia
3079 4791 3150 4832 ac
3186 4776 3428 4849 penitus
3470 4775 3559 4834 di-

194 4878 352 4945 τέρου
394 4878 632 4935 σκότους,
677 4874 796 4924 ἔνθα
849 4874 873 4922 ό
927 4875 1016 4943 μέν
1055 4891 1134 4932 τις
1183 4870 1230 4923 ἐν
1269 4871 1516 4944 κλαυθμῷ
1554 4877 1727 4944 μόνον,
1774 4874 1796 4924 ὁ

1955 4887 2086 4928 ersa
2129 4867 2427 4940 supplicia
2467 4865 2724 4932 habeat;
2771 4865 2922 4921 alius
2961 4865 3355 4922 exterioribus
3393 4870 3557 4923 tene-

196 4958 261 5014 δέ
293 4979 372 5022 τις
401 4966 490 5012 καὶ
521 4959 569 5012 ἐν
603 4959 829 5033 βρυγμῷ
861 4969 959 5012 τῶν
1002 4956 1248 5028 ὀδόντων,
1282 4957 1376 5012 διὰ
1412 4965 1470 5012 τό
1503 4959 1798 5033 ἐπιτεταμέ-

1954 4960 2054 5028 ris,
2088 4958 2192 5017 ubi
2233 4957 2329 5012 hic
2372 4954 2620 5028 quidem
2653 4955 2715 5010 in
2757 4954 2901 5011 ﬂetu
2931 4954 3148 5019 solum,
3177 4954 3274 5012 ille
3314 4969 3456 5011 vero
3493 4953 3556 5010 in

194 5069 283 5102 νον
332 5057 430 5100 τῶν
482 5053 649 5101 πόνων
705 5055 928 5120 γίνεται.
964 5053 1066 5101 Καὶ
1114 5052 1171 5100 τό
1210 5048 1449 5121 ἐξώτερον
1504 5046 1562 5102 δὲ
1617 5054 1796 5111 σκότος

1953 5049 2179 5105 entium
2207 5047 2388 5103 etiam
2420 5044 2674 5102 stridore
2703 5045 2783 5102 ob
2808 5044 3086 5103 dolorum
3110 5042 3555 5101 vehementiam

275 5228 316 5260 ¹¹
342 5226 476 5281 Luc.
511 5241 607 5292 x11,
632 5229 720 5282 47.
804 5224 1221 5295 “Matth.xxv,
1253 5225 1341 5281 46.
1423 5224 1637 5283 “ibid.
1675 5230 1766 5283 41.
1844 5227 1877 5262 ¹¹

1949 5229 2092 5285 larc.
2125 5244 2203 5295 ιχ,
2235 5231 2329 5284 45.
2416 5227 2461 5263 ’⁵
2492 5229 2606 5284 lsa.
2629 5242 2780 5295 an,
2808 5228 2900 5282 24.
2981 5225 3026 5261 ⁸⁸
3061 5221 3267 5281 Matth.
3303 5237 3431 5289 xxv,
3461 5225 3551 5281 46.

198 5316 246 5349 ’⁷
291 5317 428 5371 Luc.
462 5330 564 5382 xu,
599 5317 688 5369 47.

271 5496 349 5566 (ti
387 5501 499 5566 Troy
531 5493 803 5551 ἀληθινῶν.
834 5493 1031 5549 Codex
1066 5498 1312 5566 uterque
1357 5509 1466 5566 pro
1494 5493 1589 5550 his
1637 5495 1798 5551 voci-

995 5509 1031 5549 x
1066 5498 1312 5566 uterque
1357 5509 1466 5566 pro
1494 5493 1589 5550 his
1637 5495 1798 5551 voci-
1909 5497 2067 5552 alius
2097 5496 2385 5566 gehennw
2413 5498 2597 5553 locus.

191 5565 677 5638 busrhabetqpv
705 5567 931 5638 αγαθῷν.
995 5637 1002 5638 7
1033 5637 1072 5638 η
1215 5563 1234 5566 “
1302 5636 1316 5638 _
1337 5563 1377 5638 A—

1981 5568 2052 5634 (3)
2079 5563 2163 5622 Ex
2185 5583 2362 5622 serm.
2389 5569 2478 5624 De
2507 5567 2770 5638 legendis
2799 5565 2967 5623 libris
2991 5563 3330 5636 gentilium,
3363 5567 3484 5621 174.

271 5637 349 5699 (2)
394 5641 494 5688 Καὶ
532 5634 703 5696 ἄλλος.
748 5634 899 5691 Οοά.
955 5637 1086 5690 1992
1129 5642 1218 5688 καὶ
1271 5636 1422 5699 ἄλλος
1479 5641 1662 5706 τόπος,
1711 5638 1799 5694 Ac

1711 5638 1799 5694 Ac
1982 5640 2058 5708 (4)
2092 5641 2171 5693 Ex
2207 5640 2448 5708 Regalis
2471 5634 2672 5710 fusius
2707 5634 3009 5708 tractatis,
3030 5639 3157 5705 306,
3185 5638 3309 5692 307.
