4068 6220
490 244 518 298 l
531 241 636 298 303

1495 237 1866 296 APPENDIX.
1885 259 1946 274 —
1965 235 2306 298 SYMEONIS
2331 231 2864 295 ΜΕΤΑΡΗΒΑΞΉΕ

3729 234 3866 291 1304

493 365 769 422 exsistat.
839 364 994 432 Quin
1048 365 1106 420 et
1152 362 1474 420 exteriores
1514 363 1630 420 illae
1697 363 1958 420 tenebrae
2011 363 2139 420 alia:

2264 364 2535 435 ὑποφαίνει
2582 363 2788 424 πάντως
2848 359 2978 416 εἶναι
3014 380 3104 414 και
3168 360 3432 435 ἐσώτερον.
3482 361 3585 414 Καὶ
3638 361 3728 428 τὸ,
3779 365 3863 421 Εἰς

493 455 676 512 etiam
728 469 981 527 prorsus
1030 468 1164 509 esse
1207 453 1517 510 interiores
1558 452 1845 510 indicant.
1893 456 1960 510 Et
2010 453 2158 509 illud

494 544 674 617 quod
716 543 944 600 dictum
990 547 1078 599 est
1112 542 1173 599 in
1210 542 1551 599 Proverbiis
1586 543 1652 609 ³⁸,
1683 544 1752 598 Ῑη
1787 544 2154 613 profundum

495 631 745 701 inferni,
777 631 1048 687 declarat
1092 630 1394 704 quosdam
1449 647 1580 687 esse
1626 631 1688 686 in
1746 630 1977 687 inferno
2020 632 2154 703 qui-

495 721 658 789 dem,
705 721 813 777 sed
843 736 965 776 non
1012 721 1074 776 in
1107 719 1410 793 profundo
1456 719 1694 788 inferni,
1726 721 1831 793 qui
1868 719 2152 777 leviorem

494 825 743 883 poenam
795 809 1116 883 perferant.
1168 809 1407 866 Minime
1465 813 1669 866 autem
1719 809 2154 865 existimaveris

496 915 594 956 me
614 898 798 956 veluti
819 899 1122 955 nutritiam
1151 898 1487 971 quamdam
1517 904 1794 963 matrem,
1823 897 2023 954 larvas
2046 899 2154 956 tibi

497 1005 570 1045 ac
599 987 872 1045 terricula
892 988 1237 1056 obtrudere,
1264 987 1787 1060 quemadmodum
1817 987 1931 1043 illic
1961 988 2153 1045 infan-

497 1077 655 1134 tibus
710 1075 978 1150 puerulis
1022 1077 1426 1149 incomposite
1466 1076 1966 1149 pertinaciterque
2007 1077 2148 1134 flen-

495 1167 656 1224 tibus
685 1166 952 1222 factitare
974 1171 1440 1235 consucverunt,
1472 1181 1702 1238 eosque
1731 1165 1883 1221 tictis
1913 1170 1970 1222 et
1987 1182 2152 1223 com-

495 1257 786 1314 mentitiis
829 1256 1283 1312 narrationibus
1309 1259 1753 1327 compescunt.
1807 1255 1942 1310 Haec
1990 1257 2151 1314 enim

493 1360 618 1402 non
673 1345 914 1413 fabulae,
969 1345 1072 1401 sed
1127 1345 1374 1401 minime
1428 1344 1694 1400 mendax
1744 1361 1942 1400 sermo
1972 1345 2150 1416 longe

493 1440 630 1492 ante
656 1450 804 1491 voce
831 1434 1272 1508 promulgatus.
1307 1434 1553 1506 Tibique
1587 1439 1748 1490 certo
1779 1435 2150 1505 persuadeas

489 1524 702 1589 velim,
747 1524 1012 1580 futuram
1064 1523 1395 1596 aliquando
1437 1522 1784 1593 diligentem
1822 1530 1969 1580 actae
2015 1527 2147 1580 vitae

2264 455 2504 526 πυθμένα
2555 449 2713 523 ᾅδου,
2773 451 2821 504 ἐν
2887 456 3212 527 Παροίμιαις
3260 455 3500 526 ερπμένον
3551 447 3736 515 δηλοῖ,
3785 453 3860 502 ὅτι

2263 542 2366 596 εἱσί
2406 563 2536 605 τινες
2580 542 2628 595 ἐν
2667 551 2740 614 τῷ
2779 539 2883 615 ᾅδῃ
2931 545 3043 615 μεν,
3080 542 3175 594 οὐκ
3214 539 3262 592 ἐν
3308 542 3529 613 πυθμένι
3589 537 3650 593 δὲ
3706 537 3857 611 ᾅδου,

2261 637 2575 707 κουφοτέραν
2619 634 2957 705 ὑπομένοντες
3009 636 3100 690 τὴν
3137 629 3372 683 κόλασιν.
3415 635 3517 683 Καὶ
3548 634 3621 702 μή
3677 649 3745 702 με
3780 650 3860 683 νο-

2259 726 2424 794 μίσῃς
2455 724 2628 796 ὠσπερ
2673 726 2872 794 μητέρα
2906 723 3022 772 τινά
3051 723 3268 793 τροφόν,
3299 716 3470 791 ψευδῆ
3524 737 3613 771 σοι
3656 738 3860 792 μορμο-

2258 809 2438 863 λύκεια
2491 810 2755 880 ἐπισείειν,
2789 813 2962 886 ὥσπερ
3013 808 3203 862 ἐκεῖναι
3239 816 3400 862 ποιεῖν
3446 813 3564 883 περὶ
3605 812 3734 871 τοὺς
3778 829 3861 867 νη-

2258 904 2412 962 πίους
2433 907 2532 952 τῶν
2565 896 2770 952 παίδων
2800 899 3066 968 εἰώθασιν,
3093 901 3214 952 ὃταν
3247 900 3502 972 θρηνῶσιν
3531 899 3749 950 οῖτακτα
3774 904 3859 951 καὶ

2260 987 2542 1065 ἀπέραντα,
2591 993 2682 1041 καὶ
2726 985 2802 1041 δι’
2845 987 3166 1050 ἓπιπλάσεως
3215 996 3312 1040 τῶν
3367 983 3720 1060 διηγημάτων
3774 1009 3861 1039 και

2257 1081 2630 1150 τασιγάζουσι.
2671 1085 2850 1131 Ταῦτα
2893 1081 2991 1152 γὰρ
3034 1078 3094 1130 οὐ
3136 1079 3319 1150 μῦθος,
3353 1076 3482 1129 αλλὰ
3514 1075 3677 1148 λόγος
3706 1076 3861 1147 ἀψευ-

2260 1163 2356 1228 δὴς
2403 1171 2884 1242 προκεκηρυγμένος
2925 1175 3062 1241 φωνῇ
3266 1165 3365 1218 Καὶ
3419 1167 3534 1218 ἷσθι
3593 1163 3856 1239 ἀκριϐῶς,

2258 1258 2338 1309 ὅτι
2390 1261 2664 1328 γενήσεται
2749 1265 2846 1308 τῶν
2913 1255 3240 1328 βεϐιωμένων
3311 1254 3525 1326 ΰεγχος
3610 1253 3862 1327 impune.-

2256 1345 2509 1417 Ἔθλιψας
2535 1349 2624 1398 τόν
2655 1339 2910 1417 ἀδελφόν;
2952 1342 3177 1415 ἐκδέχου
3217 1347 3274 1395 τό
3311 1346 3445 1398 ἶσον.
3485 1343 3769 1415 Ἱιρπασας
3799 1348 3858 1397 τὰ

2255 1443 2356 1486 τῶν
2409 1431 2834 1509 ὑποδεεστέρων,
2890 1429 3377 1499 κατεκονδύλισας,
3437 1436 3682 1502 πένητας,
3739 1453 3854 1484 κατ-

2256 1530 2501 1596 ῄσχυνας
2558 1523 2606 1576 ἐν
2668 1520 2977 1596 λοιδορίαις,
3020 1521 3468 1594 ἐσυκοφάντησας,
3524 1521 3853 1592 κατ-ψεύσω,

489 1612 1076 1686 pervestigationem.
1118 1615 1192 1683 (t)
1236 1612 1508 1669 Aﬂlixisti
1545 1612 1837 1668 fratrem?
1888 1629 1999 1684 par
2024 1629 2139 1670 exs-

2256 1610 2540 1686 ἀλλοτρίοις
2589 1609 2961 1674 ἐπεϐούλευσας
3025 1613 3242 1682 γάμοις,
3309 1607 3665 1682 ἔπιῶρκησας,
3741 1613 3853 1686 ὅρια

488 1707 684 1775 pecta.
711 1702 980 1776 Rapuisti
1009 1702 1360 1758 inferiorum
1387 1701 1722 1772 facultates,
1756 1703 1978 1774 pugnis
2001 1718 2149 1775 pau-

486 1806 662 1864 peres
693 1791 982 1863 cecidisti,
1026 1807 1134 1865 per
1177 1792 1450 1848 convicia
1477 1791 1780 1847 incussisti
1829 1791 2144 1863 pudorem,

487 1880 893 1937 calumniatus
931 1897 1015 1943 es,
1057 1880 1342 1938 mentitus
1387 1896 1471 1949 es,
1521 1879 1731 1935 alienis
1775 1881 1995 1953 nuptiis
2044 1896 2147 1954 pa-

485 1969 631 2025 rasti
679 1969 951 2037 insidias,
987 1970 1289 2043 pejerasti,
1341 1969 1632 2024 terminos
1673 1973 1917 2041 patrum
1952 1974 2141 2025 trans-

483 2059 760 2130 posuisti,
807 2059 1223 2131 orphanorum
1266 2057 1537 2114 invasisti
1581 2057 2016 2129 possessiones,
2053 2058 2141 2113 vi-

481 2146 637 2204 duas
664 2148 1041 2221 oppressisti,
1078 2147 1254 2202 bonis
1297 2145 1617 2219 promissis
1649 2145 1963 2218 praetulisti
1992 2162 2140 2218 pra:-

481 2241 711 2292 sentem
743 2235 1116 2308 voluptatem
1138 2236 1165 2292 ?
1195 2235 1394 2290 Vicem
1423 2235 1516 2290 his
1545 2234 1795 2304 dignam
1829 2239 2133 2308 exspecta.

2254 1709 2487 1774 πατέρων
2543 1702 2846 1773 μετέθηκας,
2896 1705 3158 1772 κτήμασιν
3199 1698 3430 1774 ὀρφανῶν
3477 1697 3709 1758 ἀπῆλθες
3757 1701 3854 1770 (4),

2253 1796 2428 1864 χήρας
2471 1789 2764 1861 ἕξέθλιψας.
2796 1792 2889 1847 τὴν
2918 1795 3190 1863 παροῦσαν
3230 1785 3427 1846 ἡδονὴν
3456 1795 3556 1840 τῶν
3605 1786 3653 1839 ἓν
3697 1786 3848 1860 ἐπαγ-

2251 1879 2448 1951 γελίαις
2497 1877 2703 1950 ἀγαθῶν
2751 1882 3151 1952 προετίμησαςς
3210 1872 3470 1947 Ἐκδὲχου
3508 1878 3705 1928 τούτων
3761 1883 3849 1934 τὴν

2254 1968 2638 2042 ἀντιμέτρησιν.
2701 1965 2802 2019 Οἷα
2859 1968 2959 2041 γὰρ
3003 1969 3204 2040 σπείρει
3241 1967 3478 2030 ἕκαστος,
3513 1973 3738 2017 τοιαῦτα
3766 1972 3849 2018 καὶ

2253 2059 2470 2130 θερίσει.
2505 2060 2607 2107 Καὶ
2659 2059 2828 2126 μέντοι
2865 2059 2954 2106 καὶ
2994 2057 3036 2106 εἴ
3072 2073 3124 2106 τι
3171 2061 3270 2105 τῶν
3311 2052 3514 2124 ἀγαθῶν
3555 2056 3848 2126 πέπρακταί

2252 2165 2355 2208 σοι,
2419 2142 2665 2196 κάκείνων
2728 2140 2958 2215 ἐκδέχου
3021 2141 3404 2214 παραπλησίως
3455 2143 3526 2213 (5)
3569 2144 3666 2203 τάς
3718 2144 3848 2194 ἀντι-

2250 2231 2452 2296 δόσεις.

480 2323 695 2388 Qualia
723 2323 884 2380 enim
916 2323 1336 2396 unusquisque
1362 2324 1637 2392 seminat,
1665 2323 1814 2380 talia
1841 2329 1897 2380 et
1919 2327 2429 2382 metet.Casterum
2454 2322 2505 2378 si
2536 2322 2682 2396 quid
2709 2322 2887 2379 etiam
2909 2320 3054 2378 boni
3085 2320 3198 2377 abs
3229 2323 3283 2376 te
3303 2324 3715 2393 perpetratum
3748 2325 3830 2378 est

479 2413 1033 2468 remunerationem
1065 2411 1333 2468 similiter
1359 2417 1663 2485 exspecta.

546 2503 601 2556 4,
624 2500 704 2570 (2)
735 2500 941 2570 Cogita
993 2505 1217 2568 autem,
1259 2516 1296 2556 ο
1343 2501 1550 2571 homo,
1596 2502 1757 2558 diem
1805 2505 2139 2559 extremam

477 2587 803 2661 (siquidem
831 2605 956 2646 non
991 2595 1053 2646 tu
1095 2590 1258 2646 solus
1293 2590 1580 2646 smculum
1607 2596 1897 2648 aeternum
1927 2593 2139 2661 vives),

477 2677 864 2746 anxietatem,
902 2677 1380 2745 suﬂ‘ocationem,
1416 2681 1624 2736 mortis
1649 2681 1886 2748 horam,
1921 2696 2139 2750 urgen-

475 2768 597 2821 tem
633 2765 730 2822 Dei
759 2767 1138 2833 sententiam,
1170 2767 1520 2824 festinantes
1558 2769 1830 2839 angelos,
1865 2769 2138 2824 animum

474 2855 704 2912 interea
730 2855 990 2924 graviter
1015 2857 1423 2928 pertubatum,
1457 2862 1512 2913 et
1533 2858 1899 2914 conscientia
1929 2874 2139 2930 pecca-

477 2945 620 3002 trice
667 2961 876 3002 amare
905 2947 1340 3015 excruciatum,
1373 2963 1557 3020 seque
1601 2948 2020 3004 miserabiliter
2060 2948 2140 3005 ad

474 3049 550 3090 ea.
590 3049 729 3106 quae
755 3034 853 3090 hic
885 3039 1023 3092 sunt
1065 3041 1513 3092 convertentem
1535 3079 1548 3104 ,
1581 3053 1652 3093 ac
1695 3037 2136 3093 ineluctabilem

478 3122 660 3192 longe
681 3123 840 3180 illius
867 3125 1369 3196 peregrinationis
1393 3126 1834 3183 necessitatem.
1863 3126 2138 3182 Describe

478 3213 700 3269 mihiin
716 3218 917 3270 mente
938 3217 1041 3271 tua
1061 3219 1399 3271 extremum
1427 3216 1772 3272 communis
1795 3217 1930 3272 vitae
1953 3217 2137 3272 tinem

478 3317 618 3358 cum
656 3302 852 3358 veniet
903 3303 1080 3359 Filius
1110 3303 1373 3361 hominis
1414 3305 1476 3360 in
1525 3305 1715 3375 gloria
1753 3321 1885 3362 sua.
1938 3307 2140 3362 Veniet

479 3391 635 3446 enim
665 3396 721 3446 et
746 3406 862 3447 non
892 3391 1089 3449 silebit
1116 3395 1161 3427 ‘9
1189 3412 1200 3448 :
1235 3393 1521 3449 nimirum
1546 3393 1795 3466 quando
1831 3394 2022 3451 veniet
2047 3395 2140 3465 ju-

479 3476 789 3535 dicaturus
821 3481 992 3536 vivos
1023 3485 1079 3536 et
1127 3487 1419 3552 mortuos,
1453 3487 1636 3556 atque
1686 3483 2012 3555 unicuique
2055 3498 2139 3538 se-

481 3567 752 3624 cundum
782 3584 938 3642 opus
969 3586 1147 3625 suum
1172 3570 1546 3638 redditurus;
1589 3571 1839 3643 quando
1867 3572 2012 3627 tuba
2038 3571 2138 3627 illa

481 3671 774 3726 magnum
799 3657 1096 3731 quiddam
1120 3674 1190 3715 ac
1217 3659 1590 3715 horrendum
1613 3675 1839 3715 sonans
1863 3659 2142 3715 excitabit

481 3759 584 3802 eos
613 3745 717 3818 qui
747 3745 823 3802 ab
854 3749 999 3804 orbe
1031 3747 1274 3804 condito
1305 3748 1680 3814 dormierint,
1718 3749 1891 3821 553
1918 3754 1973 3804 et
2004 3764 2138 3820 pro-

482 3833 696 3892 cedent
724 3836 828 3908 qui
859 3835 1027 3894 bona
1056 3837 1320 3903 fecerint,
1361 3838 1420 3892 in
1458 3838 1950 3893 resurrectionem
1983 3837 2136 3900 vitae.

480 3923 588 3995 qui
616 3939 758 3979 vero
789 3926 967 3994 mala,
993 3926 1052 3980 in
1076 3926 1573 3982 resurrectionem
1593 3926 1802 3996 judicii
1826 3928 1892 3979 9°.
1911 3928 2139 3981 Revoca

481 4010 589 4066 tibi
619 4011 676 4065 in
706 4013 1065 4068 memoriam
1111 4013 1335 4067 Danieli
1385 4012 1652 4069 oblatam
1691 4015 1787 4068 Dei
1821 4014 2136 4080 visionem,

481 4099 794 4170 quomodo
825 4099 999 4154 nobis
1028 4100 1106 4154 ob
1161 4100 1372 4156 oculos
1398 4101 1694 4169 judicium
1729 4107 1935 4172 ponat.
1966 4104 2140 4171 Aspi-

482 4186 726 4257 ciebam,
742 4186 952 4259 inquit,
967 4188 1152 4244 donec
1173 4189 1381 4244 throni
1399 4190 1578 4257 positi
1599 4197 1819 4254 sunt,et
1839 4193 2141 4262 Antiquus
2174 4183 2214 4236 υ

481 4275 710 4332 dierum
741 4277 912 4332 sedit.
946 4277 1202 4332 Flumen
1253 4278 1406 4347 ignis
1434 4277 1712 4334 trahebat
1737 4280 1796 4334 in
1825 4286 2140 4348 conspectu

483 4365 809 4435 ejus.Mille
829 4366 1027 4422 millia
1046 4366 1455 4422 deserviebant
1482 4367 1553 4433 ei,
1569 4374 1621 4423 et
1644 4367 1798 4424 dena
1814 4369 2010 4424 millia
2035 4369 2139 4425 de-

482 4469 626 4510 num
651 4455 908 4512 millium
926 4455 1279 4512 assistebant
1306 4457 1377 4511 ci.
1395 4456 1736 4527 Judiciique
1768 4456 1955 4512 locum
1974 4472 2138 4512 cons-

483 4545 665 4614 tituit,
691 4551 744 4600 et
764 4544 908 4601 libri
929 4550 1126 4615 aperti
1142 4550 1280 4600 sunt
1302 4546 1367 4615 ",
1384 4543 1572 4613 bona,
1591 4544 1773 4609 mala,
1791 4545 2133 4611 manifesta,

481 4631 735 4697 occulta,
756 4633 1042 4704 actiones,
1056 4632 1258 4700 verba,
1279 4633 1906 4703 cogitationes,omnia
1921 4649 2136 4690 acerva

481 4720 608 4789 tim,
627 4725 690 4778 ut
708 4721 784 4778 ab
799 4723 1083 4780 omnibus
1096 4728 1154 4780 et
1169 4722 1398 4794 angelis
1415 4728 1471 4780 et
1489 4723 1844 4781 hominibus
1863 4722 2130 4781 exaudiri

553 4901 599 4935 ¹⁸
632 4899 801 4955 Prov.
829 4915 907 4968 ιχ,
937 4901 994 4956 8.
1076 4902 1118 4934 ¹⁹
1160 4899 1310 4958 Psal.
1353 4917 1493 4969 χιιι,
1518 4905 1568 4958 3.
1648 4903 1884 4959 20.loan.
1919 4919 1976 4970 v,
2015 4907 2101 4959 39.

551 5077 629 5148 (ι)
669 5079 751 5132 Ex
779 5076 942 5132 hom.
972 5080 1033 5132 in
1059 5079 1216 5147 psal.
1246 5094 1352 5145 LXl,
1391 5081 1509 5134 t‘JS.

550 5149 624 5221 (2)
666 5151 746 5204 Ex
769 5149 940 5220 epist.
967 5165 1119 5216 vai,
1153 5150 1278 5204 138.

548 5219 624 5294 (3)
665 5219 830 5292 Φωνῇ.
867 5221 957 5275 Sic
1003 5221 1219 5294 Regius
1271 5219 1460 5294 codex
1501 5221 1660 5294 1992,
1695 5219 1908 5294 melius
1941 5237 2127 5294 quam

477 5290 622 5350 editi
671 5290 838 5363 φωνεῖ.
887 5290 1068 5363 Paulo
1103 5295 1250 5363 post
1289 5290 1449 5346 idem
1499 5292 1687 5347 codex
1726 5296 1814 5343 καὶ
1855 5290 1986 5349 icti.
2032 5297 2130 5349 llic

477 5361 685 5436 autem
711 5362 878 5436 locus
908 5361 1350 5436 ab_his:verl)is,
1384 5368 1472 5414 καὶ
1497 5368 1568 5434 μή
1597 5370 1902 5435 μενομίσῃς,
1939 5381 2127 5436 usque

477 5435 556 5492 ad
582 5434 704 5507 illa,
735 5433 946 5507 ἔλεγχος
973 5432 1215 5507 ἀκριϐής.
1257 5449 1378 5507 non
1404 5432 1675 5504 repertus
1696 5432 1752 5490 in
1786 5432 2087 5492 centcxtu.

547 5508 620 5578 (4)
665 5506 934 5578 Ἀπῆλθες.
978 5505 1146 5560 Furte
1174 5505 1403 5578 ἐπῆλθες.
1433 5508 1578 5578 Ιεζῐξιτ.

547 5575 622 5647 (5)
664 5577 1070 5650 ιιαραπλησίως.
1114 5576 1295 5647 Magis
1351 5576 1572 5634 arridet
1617 5575 1746 5634 hac
1805 5578 2121 5652 scriptura,

2322 2503 2379 2554 4.
2434 2499 2574 2554 Λάϐε
2612 2504 2782 2552 τοίνυν
2822 2499 2893 2562 εἰς
2933 2501 3124 2551 ἔννοιαν
3182 2502 3276 2556 τήν
3334 2497 3573 2569 ἐσχάτην
3631 2501 3844 2573 ἡμέραν,

2249 2590 2289 2640 ὦ
2328 2591 2564 2663 ἄνθρωπε
2595 2591 2674 2659 (ου
2703 2591 2804 2663 γὰρ
2859 2584 2926 2646 δὴ
2981 2591 3046 2640 συ
3085 2591 3241 2660 μόνος
3281 2590 3368 2639 τόν
3399 2586 3567 2638 αἰῶνα
3595 2585 3849 2660 βιώσεις),

2249 2684 2340 2730 καὶ
2377 2683 2470 2736 τὴν
2503 2683 2738 2748 συνοχὴν
2775 2679 2848 2748 (6)
2897 2668 3268 2749 καὶπνιγμόν,
3301 2681 3391 2728 καὶ
3425 2678 3651 2728 θανάτου
3695 2680 3846 2749 ὤραν,

2250 2772 2340 2818 καὶ
2399 2770 2663 2838 ἀπόφασιν
2731 2775 2864 2819 Θεοῦ
2928 2772 3378 2837 κατεπείγουσαν,
3442 2771 3533 2817 καὶ
3600 2767 3848 2836 ἀγγέλους

2250 2855 2684 2922 ἐπισπεύδοντας,
2725 2862 2814 2908 καὶ
2864 2856 3049 2928 ψυχὴν
3097 2858 3145 2908 ἑν
3203 2859 3406 2917 τούτοις
3460 2851 3644 2918 δεινῶς
3707 2859 3852 2931 θορυ-

2251 2944 2524 3018 ϐουμένην,
2585 2952 2675 2998 καὶ
2733 2945 3021 3019 ἁμαρτωλῷ
3084 2942 3349 2998 συνειδότι
3404 2954 3604 3020 πικρῶς
3659 2966 3851 3018 μαστι-

2183 3036 2506 3108 Ογουμένην
2547 3037 2643 3106 ('7),
2700 3041 2790 3088 καὶ
2844 3037 2971 3108 πρός
3033 3035 3102 3086 τὰ
3145 3030 3276 3106 τῇδε
3332 3033 3556 3095 ἐλεεινῶς
3612 3033 3852 3109 ἐπιστρέ-

2251 3143 2478 3195 φουσαν,
2520 3130 2610 3176 καὶ
2659 3125 3014 3198 ἀπαραίτητον
3071 3131 3162 3184 τῆς
3212 3129 3416 3198 μακρᾶς
3462 3121 3663 3184 ἐκείνης
3714 3127 3850 3178 ἀπο-ρ

2251 3212 2452 3286 δημιας
2499 3214 2750 3285 ἀνάγκην.
2804 3212 3114 3288 Λιάγραψόν
3161 3232 3250 3284 μοι
3296 3220 3358 3284 τῇ
3403 3209 3612 3285 διανοίᾳ
3642 3219 3742 3272 τήν
3778 3235 3854 3268 τε·

2247 3303 2488 3356 λευταίαν
2537 3311 2628 3355 τοῦ
2679 3310 2854 3355 κοινοῦ
2909 3300 3031 3374 βίου
3089 3306 3488 3374 καταστροφὴν,
3541 3303 3663 3354 ὅταν
3731 3304 3849 3376 ἂθῃ

2248 3395 2274 3445 ό
2332 3395 2453 3452 Υἱός
2501 3400 2592 3444 τοῦ
2637 3391 2909 3466 ἀνθρώπου
2961 3390 3008 3442 ἐν
3052 3399 3113 3463 τῇ
3163 3387 3291 3463 δόξῃ
3344 3391 3523 3443 αὐτοῦ.
3557 3391 3853 3464 ’Πξειγὰρ,

2247 3485 2337 3532 καὶ
2385 3480 2443 3532 οὗ
2491 3486 2964 3552 παρασιωπήσεται
2999 3501 3011 3513 ·
3077 3482 3197 3532 ὅταν
3247 3479 3366 3551 ἔλθῃ
3426 3486 3602 3552 κρῖναι
3656 3481 3858 3543 ζῶντας

2247 3575 2336 3622 καὶ
2391 3572 2620 3641 νεκροὺς,
2679 3574 2766 3621 καὶ
2824 3565 3112 3622 ἀποδοῦναι
3159 3569 3360 3640 ἑκάστῳ
3397 3571 3534 3620 κατά
3573 3574 3671 3627 τὴν
3730 3577 3858 3643 πρά-

2249 3660 2325 3721 ξιν
2366 3658 2525 3710 αὐτοῦ
2551 3679 2562 3691 ο
2618 3662 2738 3710 ὅταν
2781 3661 2810 3716 ἡ
2858 3657 3085 3730 σάλπιγξ
3131 3661 3317 3725 ἐκείνη,
3362 3662 3496 3729 μέγα
3554 3678 3605 3710 τι
3643 3663 3739 3710 καὶ
3769 3679 3858 3731 εξο-

2249 3747 2394 3821 ϐερόν
2454 3749 2759 3818 ἠχήσασα,
2805 3752 2922 3809 τοὺς
2979 3748 3067 3800 ἀπ’
3126 3747 3311 3809 αἰῶνος
3359 3745 3607 3819 ἐξυπνὶσῃ
3673 3751 3856 3800 καθεὶ-

2250 3832 2459 3902 δοντας,
2509 3842 2598 3888 καὶ
2656 3835 3051 3911 ἐκπορεύσοντοι
3093 3840 3141 3888 οἱ
3192 3839 3257 3888 τά
3308 3836 3482 3906 ἀγαθά
3545 3844 3860 3898 ποιήσαντες

2249 3923 2315 3984 εἰς
2355 3924 2645 3977 ἀνάστασιν
2699 3929 2858 3994 ζωῆς,
2905 3927 2954 3978 οἱ
3009 3923 3067 3978 δὲ
3117 3929 3180 3978 τά
3229 3925 3396 3998 φαῦλα
3445 3927 3733 3998 πράξαντες
3788 3928 3860 3990 εἰς

2250 4012 2540 4066 ἀνάστασιν
2607 4021 2846 4089 κρίσεως.
2891 4018 3166 4074 Μνήσθητι
3226 4024 3319 4076 τῆς
3357 4023 3449 4066 τοῦ
3494 4017 3692 4074 Δανιὴλ
3743 4019 3858 4070 θεο-

2247 4107 2418 4168 πτίας,
2453 4105 2592 4165 ὅπως
2633 4107 2754 4175 ἡμῖν
2784 4104 2869 4156 ἇπ’
2908 4103 3027 4174 ὄψιν
3055 4107 3170 4175 άγει
3191 4109 3284 4162 τὴν
3311 4108 3507 4179 κρίσιν.
3535 4106 3856 4180 Ἐθεώρουν,

3448 4198 3540 4245 καὶ
3630 4195 3857 4256 "etiam;

3258 4283 3423 4354 πυρός
3507 4281 3673 4334 siluas
3751 4286 3857 4353 (8)

2249 4195 2404 4263 φησιν
2430 4235 2444 4261 ,

2248 4280 2454 4352 ἡμερῶν

2529 4194 2619 4254 ἕως
2679 4189 2738 4243 οὗ
2823 4194 2993 4266 θρόνοι
3069 4192 3354 4259 ἐτέθησαν,

2547 4279 2816 4340 ἐκαθέζετο
2844 4322 2856 4336 .
2937 4285 3177 4353 ῐῖοταμός

2247 4370 2536 4441 ἔμπροσθεν
2607 4370 2764 4422 αὑτοῦ
2809 4411 2821 4424 .
2913 4370 3093 4424 Χίλιαι
3163 4366 3402 4441 χιλιάδες
3495 4369 3856 4446 ἐλειτούργουν

2247 4456 2406 4527 αὐτῷ,
2478 4462 2567 4510 καὶ
2622 4461 2809 4530 μύριαι
2865 4455 3118 4535 μυριάδες
3169 4463 3617 4530 παρειστήκεισαν
3681 4461 3850 4532 αὐτῷ.

3798 4571 3858 4603 τα

2250 4551 2526 4621 Κριτήριον
2594 4549 2847 4619 ἐκάθισε,
2926 4554 3015 4601 καὶ
3082 4547 3256 4622 βίϐλοι
3332 4547 3739 4619 ἀνεῷχθησυ,

2243 4633 2393 4704 καλὰ,
2462 4637 2527 4686 τά
2584 4635 2774 4707 φαῦλα,
2831 4640 2897 4690 τά
2951 4640 3169 4713 φανερὰ,
3248 4640 3280 4688 ἀ
3331 4643 3669 4710 κεκρυμμένα
3702 4683 3718 4704 ,
3796 4644 3856 4691 τὰ

2240 4727 2545 4798 πράγματα,
2613 4728 2679 4778 τὰ
2723 4727 2959 4801 ῥήματα,
3015 4733 3080 4782 τὰ
3131 4727 3491 4800 ἐνθυμήματα,
3563 4730 3631 4780 τὰ
3686 4731 3854 4782 πάντα

2181 4905 2225 4940 ²ι
2256 4903 2403 4961 Dan.
2437 4921 2537 4973 vu,
2566 4906 2717 4960 9-10.

2241 5095 2428 5152 quam
2486 5080 2651 5152 quod
2702 5080 2919 5153 legitur
2970 5081 3031 5137 in
3083 5085 3366 5138 contextu
3395 5082 3837 5153 πολλαπλασίους,

2239 5153 2633 5221 multiplicem
2665 5156 3227 5210 remunerationem.

2312 5226 2390 5294 (6)
2429 5229 2547 5303 Τὴν,
2586 5230 2849 5296 συνοχὴν.
2904 5226 3121 5296 Regius
3175 5224 3366 5282 codex
3415 5227 3558 5283 1992
3605 5228 3735 5283 λάεε
3756 5249 3836 5303 μοι

2239 5299 2326 5352 τὴν
2350 5300 2604 5366 συνοχὴν.

2309 5369 2384 5439 (7)
2425 5372 2881 5439 Μαστιγουμένην.
2911 5367 3003 5424 Sic
3029 5367 3190 5424 idem
3213 5367 3472 5426 codexet
3497 5376 3832 5428 contextus.

2237 5437 2387 5516 ῌιίἱῑί
2417 5437 2999 5516 προσμαστιγουμένην.
3035 5443 3159 5496 MOX
3192 5439 3350 5496 idem
3383 5441 3580 5498 codex
3613 5440 3710 5496 διὰ
3749 5449 3833 5502 τήν

2237 5515 2495 5584 απαραίτῃ
2505 5530 2607 5562 τον.

2305 5580 2381 5653 (8)
2420 5581 2616 5637 Εἱλυεν.
2650 5581 2972 5638 Contextus
3003 5580 3133 5634 εἰλκε
