4056 6222
248 288 387 342 1305

1169 287 1405 346 SERMO
1450 288 1554 346 XV.
1594 315 1661 330 --
1701 289 1791 346 DE
1829 288 2118 348 IMPERIO
2157 291 2242 349 ET
2277 290 2691 351 POTESTATE.

3467 301 3604 357 1306

244 409 443 486 ἁθρόως
486 408 555 472 εἰς
613 408 923 475 ἐξάκουστον
972 415 1083 473 τοῖς
1138 417 1272 465 πᾶσι
1320 416 1410 466 καὶ
1470 413 1705 487 ἆγγελοις
1756 419 1845 468 καὶ

1958 414 2097 485 sint,
2128 414 2286 473 clare
2311 421 2368 474 et
2394 422 2599 490 aperte
2617 419 2971 477 revelantes.
3011 420 3101 477 Ad
3128 420 3257 479 haec
3292 425 3603 497 quomodo

247 499 539 573 ἀνθρώποις
584 507 762 570 σαφῶς
804 497 1284 556 ἁνακαλύπτουσαι.
1333 505 1471 576 Πρός
1527 512 1693 557 ταῦτα
1744 524 1845 557 πο·-

245 593 445 651 ταπούς
489 587 616 643 εἶναι
664 589 864 662 ἀνάγκη
918 595 1040 654 τοὺς
1094 600 1268 653 κακῶς
1315 592 1676 665 βεϐιωκότας
1736 602 1845 648 Ποῦ

246 681 352 754 ἄρα
389 681 419 738 ἡ
460 678 617 750 ψυχὴ
658 677 825 738 ἐκείνη
863 677 1242 754 καταδύσεται,
1293 683 1323 740 ἡ
1372 681 1421 734 ἐν
1463 682 1618 754 ὄψεσι
1658 687 1844 737 τοσού-

245 789 347 823 των
406 770 592 821 θεατῶν
642 768 881 842 ἐξαίφνης
930 769 1148 843 ὀφθεῖσα
1212 771 1473 844 αἰσχύνης
1538 772 1840 842 ἀνάπλεως

245 864 379 931 ποίῳ
447 855 505 913 δε
572 865 779 933 σώματι
846 862 936 921 τὰς
998 859 1315 941 ᾁπεράντους
1366 863 1562 926 ἐκείνας
1615 870 1704 917 καὶ
1761 863 1844 917 ἁν-

246 953 526 1010 υποίστους
565 950 922 1008 ὑποστήσεται
950 951 1232 1023 μάστιγας,
1261 953 1391 1005 ὅπου
1420 960 1523 1028 πῦρ
1564 952 1841 1022 ἄσϐεστον,

244 1043 336 1091 καὶ
367 1037 574 1101 σκώληξ
604 1036 837 1091 ἀθάνατα
872 1038 1124 1106 κολάζων,
1166 1045 1257 1092 καὶ
1292 1043 1504 1113 πυθμὴν
1542 1040 1676 1113 ᾅδου
1713 1062 1843 1097 σκο-

242 1130 407 1189 τεινὸς
447 1132 537 1180 καὶ
586 1123 873 1202 φρικώδης,
922 1132 1012 1181 καὶ
1059 1129 1282 1202 οἰμωγαὶ
1333 1136 1542 1206 πικραὶ,
1595 1136 1685 1185 καὶ
1735 1132 1843 1185 ὁλο-

241 1216 438 1290 λυγμὸς
495 1216 742 1285 ἐξαίσιος,
788 1220 877 1269 καὶ
932 1217 1215 1291 κλαυθμός,
1264 1223 1352 1271 καὶ
1406 1218 1647 1295 βρυγμὸς
1696 1218 1835 1275 ὁδόν-

241 1326 362 1377 των,
406 1311 496 1360 καὶ
542 1310 698 1381 πέρας
742 1307 835 1359 οὐκ
866 1309 979 1380 ἔχει
1016 1310 1083 1361 τὰ
1122 1305 1303 1375 davni;
1343 1312 1549 1362 Τούτων
1580 1311 1675 1363 οὐκ
1705 1314 1843 1364 ἔστιν

242 1394 512 1467 ἀπαλλαγὴ
582 1398 711 1468 μετά
778 1398 1015 1463 θάνατον,
1082 1394 1207 1450 ουδέ
1282 1417 1360 1459 τις
1434 1397 1650 1467 ἐπίνοια,
1718 1396 1843 1453 οὖδὲ

238 1490 458 1559 μηχανὴ
510 1492 601 1539 τοῦ
652 1481 928 1539 διεκδῦναι
974 1488 1041 1538 τὰ
1079 1489 1242 1560 πικρὰ
1278 1486 1623 1562 κολαστήρια.
1665 1496 1843 1542 Ταῦτα

240 1578 444 1648 φεύγειν
491 1574 660 1637 ἔξεστι
707 1581 815 1631 νῦν.
865 1574 996 1637 Ἐως
1050 1576 1263 1642 ἔξεστιν,
1325 1576 1538 1639 ἑαυτοὺς
1595 1576 1696 1630 ἀπὸ
1750 1586 1840 1631 τοῦ

236 1669 513 1736 πτώματος
579 1662 930 1737 ἀναλάϐωμεν,
994 1660 1124 1737 μηδ’
1194 1663 1555 1739 ἁπελπίσωμεν
1621 1665 1835 1733 ἑαυτῶν,

1955 504 2201 564 affectos
2246 522 2495 564 necesse
2536 512 2625 565 est
2661 524 2791 565 esse
2827 525 2950 580 eos,
2977 511 3082 583 qui
3111 511 3271 568 male
3291 511 3549 570 vixerint
3574 513 3603 568 ?

1957 591 2067 649 Ubi
2095 594 2297 667 itaque
2328 595 2531 653 anima
2558 596 2661 653 illa
2688 597 3111 665 abscondetur,
3144 614 3282 672 quae
3311 600 3373 657 in
3411 601 3601 658 oculis

1950 682 2040 737 tot
2062 686 2470 754 spectatorum
2492 684 2691 741 subito
2718 684 2847 742 visa
2869 686 3043 743 fuerit
3057 687 3366 744 dedecoris
3385 689 3603 760 plena?

1951 771 2118 844 quali
2146 788 2286 829 vero
2307 788 2558 846 corpore
2576 773 2808 832 inﬁnita
2836 774 2937 831 illa
2965 780 3022 834 et
3047 777 3442 836 intolerabilia
3468 794 3601 852 per-

1950 859 2098 918 feret
2120 861 2434 935 supplicia,
2468 862 2571 919 ubi
2591 864 2746 936 ignis
2763 864 3175 935 inexstinctus,
3194 871 3249 923 et
3277 867 3497 924 vermis
3515 868 3602 925 in-

1950 948 2291 1006 desinenter
2328 950 2608 1022 puniens,
2643 962 2699 1008 et
2726 952 2917 1009 imum
2958 953 3129 1010 inferi
3159 954 3603 1015 tenebricosum

1950 1043 2006 1096 et
2033 1038 2405 1096 horrendum
2433 1045 2491 1097 et
2508 1040 2768 1098 ululatus
2788 1042 3000 1109 amari,
3016 1048 3072 1099 et
3088 1043 3347 1114 ejulatus
3367 1044 3598 1117 ingens,

1951 1132 2008 1185 et
2033 1128 2321 1202 ploratus,
2351 1134 2408 1186 et
2439 1130 2658 1187 stridor
2685 1130 2981 1199 dentium,
3013 1136 3070 1188 et
3097 1131 3202 1188 ubi
3233 1133 3392 1190 mala
3418 1134 3603 1192 ﬁnem

1948 1233 2072 1273 non
2100 1216 2325 1274 habent
2353 1218 2381 1272 ?
2418 1217 2508 1274 Ab
2536 1219 2628 1275 his
2655 1223 2791 1291 post
2819 1223 3073 1276 mortem
3093 1219 3332 1277 liberari
3350 1236 3475 1279 non
3499 1222 3605 1279 da-

1949 1308 2064 1373 tur,
2085 1320 2281 1378 neque
2309 1309 2397 1361 est
2432 1306 2725 1363 industria
2755 1306 2897 1371 ulla,
2926 1324 3122 1382 neque
3155 1324 3253 1365 ars
3281 1308 3604 1379 effugiendi

1950 1408 2159 1450 amara
2200 1394 2521 1467 supplicia.
2553 1396 2630 1467 (4)
2681 1398 2814 1450 Haec
2854 1411 3015 1451 nunc
3051 1388 3241 1453 vitare
3269 1396 3423 1455 licet.
3451 1401 3603 1455 Dum

1949 1488 2151 1539 autem
2176 1483 2332 1551 licet,
2363 1483 2667 1555 erigamus
2685 1485 3090 1557 nosmetipsos
3116 1500 3190 1541 ex
3219 1501 3387 1555 casu,
3406 1500 3602 1560 neque

1949 1572 2023 1627 de
2044 1572 2214 1628 nobis
2234 1573 2347 1646 ipsi
2368 1573 2785 1645 desperemus,
2811 1575 2917 1630 sia
2934 1574 3105 1630 malis
3130 1574 3599 1631 discesserimus.

1950 1663 2051 1717 Est
2102 1661 2197 1717 via
2245 1660 2477 1731 salutis,
2524 1663 2571 1717 si
2618 1662 2803 1718 modo
2842 1662 3117 1719 velimus.
3166 1664 3241 1734 (5)
3284 1664 3501 1730 Quaerit
3546 1667 3601 1721 te

237 1752 325 1806 ἰὰν
391 1751 722 1825 ἁναλύσωμεν
780 1752 880 1806 ἀπὸ
947 1761 1047 1805 τῶν
1094 1762 1286 1806 κακῶν⁸
1322 1761 1498 1808 Ἔστιν
1554 1752 1679 1818 ὁδός
1728 1774 1836 1808 σω-

1948 1755 2152 1823 pastor
2172 1750 2389 1816 bonus,
2414 1750 2653 1818 ovibus,
2672 1767 2808 1825 quas
2832 1766 2953 1808 non
2972 1767 3261 1823 erravere,
3286 1751 3599 1809 derelictis.

236 1846 442 1915 τηρίας,
497 1840 581 1894 ἐὰν
632 1841 870 1914 ϐάλωμεν.
921 1844 978 1895 Σὲ
1018 1842 1168 1904 ζητεῖ
1216 1844 1241 1894 ὀ
1288 1847 1483 1916 ποιμὴν
1529 1837 1555 1895 6
1594 1843 1764 1911 καλὸς,
1811 1846 1836 1897 ὁ

237 1930 535 1983 καταλιπὼν
593 1932 659 1983 τὰ
709 1934 781 2004 μὴ
832 1930 1217 2004 πεπλανημένα.
1278 1932 1394 1985 Ἐὰν
1442 1928 1640 2004 ἇπιδῷς
1682 1952 1836 1986 σεαυ-

236 2023 349 2086 τὸν,
397 2019 493 2072 οὐκ
540 2018 771 2091 ὀκνήσει,
827 2016 942 2073 οὐδ’
998 2019 1286 2084 ἀπαξιώσει
1327 2040 1385 2074 σε
1418 2022 1444 2074 ὁ
1484 2022 1838 2097 φιλάνθρωπος

238 2107 323 2161 ἐπὶ
351 2116 453 2161 τῶν
470 2112 620 2181 ὤμων
645 2107 921 2181 βαστάσαι
962 2118 1062 2163 τῶν
1114 2106 1278 2179 ἰδίων,
1329 2115 1535 2185 χαίρων
1578 2113 1658 2165 ὅτι
1697 2112 1837 2187 εὗρεν

238 2196 401 2251 αὐτοῦ
456 2202 512 2250 τὸ
555 2197 810 2273 πρόϐατον
862 2202 920 2250 τὸ
962 2196 1240 2262 ἀπολωλός.
1288 2198 1539 2259 Ἐστηκεν
1588 2202 1613 2252 ό
1664 2206 1835 2277 πατὴρ

235 2292 329 2339 καὶ
387 2290 622 2359 ἀναμένει
677 2290 770 2345 τήν
831 2291 929 2346 σὴν
990 2286 1092 2339 ἀπὸ
1149 2297 1244 2350 τῆς
1303 2288 1502 2351 πλάνης
1562 2287 1834 2348 ἐπάνοδον,

233 2380 405 2429 Μόνον
445 2375 718 2443 ἁνάλυσον,
742 2380 831 2428 καὶ
875 2379 951 2429 ἔτι
987 2384 1082 2429 σοῦ
1115 2380 1320 2451 μακρὰν
1360 2382 1521 2448 ὄντος,
1556 2377 1835 2455 προσδρα-

234 2472 345 2538 μὼν
376 2464 698 2519 ἐπιπεσεῖται
729 2467 805 2537 (1)
838 2464 921 2518 ἐπὶ
961 2468 1049 2518 τὸν
1097 2466 1364 2538 τράχηλον
1414 2487 1531 2535 σου,
1575 2473 1664 2520 καὶ
1699 2468 1835 2541 φιλι-

235 2561 352 2617 κοῖς
398 2554 699 2628 ἀσπασμοῖς
733 2554 1105 2627 περιπτύξεται
1156 2558 1243 2607 τὸν
1282 2557 1382 2608 ὑπὸ
1434 2565 1525 2617 τῆς
1568 2562 1837 2629 μετανοίας

237 2641 346 2703 ἤδη
398 2647 798 2718 κεκαθαρμένον.
862 2643 966 2697 Κᾶν
1025 2643 1273 2717 ἐγκαλέσῃ
1333 2664 1413 2707 τις
1469 2653 1569 2697 τῶν
1626 2646 1837 2699 ἑστάναι

238 2729 551 2801 δοκούντων,
584 2734 664 2785 ὃτι
693 2735 837 2805 ταχὺ
866 2732 1200 2806 προσελήφοη
1214 2753 1252 2797 ς,
1288 2734 1442 2796 αὐτὸς
1483 2736 1509 2786 ὁ
1540 2733 1738 2806 ἀγαθός

236 2824 365 2895 ὑπερ
426 2830 519 2875 σοῦ
586 2821 998 2894 ἀπολογήσεται,
1063 2821 1261 2893 λέγων·
1331 2822 1692 2897 [εὐφρανθῆναι
1757 2822 1842 2877 δεῖ

236 2917 329 2965 καὶ
371 2920 624 2987 χαρῆναι,
673 2914 754 2964 ὅτι
798 2911 946 2974 οὗτος
995 2912 1020 2963 ὁ
1066 2913 1185 2974 Υἱός
1232 2931 1333 2984 μου
1384 2917 1559 2985 νεκρός
1618 2911 1696 2979 ἧν,
1749 2920 1837 2967 καὶ

238 2999 481 3068 ἁνέζησε,
531 3005 621 3054 καὶ
678 2999 973 3067 ἀπολωλὼς,
1024 3004 1113 3052 καὶ
1169 3002 1372 3076 εὑρέθη.
1422 3001 1568 3072 Αὐτῷ
1620 3004 1649 3060 ἠ
1709 2999 1840 3066 δόξα

238 3090 308 3151 εἰς
326 3092 449 3151 τοὺς
474 3089 661 3152 αἰῶνας
688 3097 787 3143 τῶν
819 3088 1033 3145 αἰώνων.
1072 3089 1255 3161 ’Λμην,

571 3220 719 3268 ΠΕΡΙ
762 3219 979 3267 ΑΡΧΗΣ
1021 3219 1133 3268 ΚΑΙ
1175 3217 1505 3270 ΕΞὉΥΣΙΔΣ.

864 3325 1073 3373 ΛΟΓΟΣ
1113 3320 1211 3378 ῙΕ’.

312 3432 361 3483 1.
414 3426 578 3481 Καλὸν
628 3428 707 3480 άεὶ
760 3429 817 3480 τὸ
865 3434 1045 3500 χεῖρον
1083 3428 1189 3480 ὑπὸ
1236 3434 1329 3480 τοῦ
1373 3432 1660 3503 κρείττονος
1712 3429 1837 3500 ἄγε-

233 3518 395 3570 σθαιο
456 3516 702 3579 πολλάκις
751 3519 853 3591 γὰρ
912 3515 1126 3591 ἀκρισία
1186 3513 1360 3590 δήμου
1424 3521 1508 3570 τὸν
1567 3522 1838 3592 χείριστον

232 3607 301 3667 εἰς
372 3605 546 3678 ἀρχὴν
612 3611 994 3678 προεστήσατο.
1062 3612 1319 3678 Προσήκει
1375 3611 1543 3659 τοίνυν
1606 3610 1692 3659 τόν
1755 3607 1836 3661 ἐπὶ

230 3698 439 3748 πάντων
486 3695 568 3748 ἐπὶ
615 3700 819 3748 συνέσει
868 3701 958 3747 καὶ
1008 3695 1283 3767 εὐσταθείᾳ
1326 3700 1416 3747 καὶ
1459 3704 1519 3768 τῇ
1567 3700 1701 3749 κατὰ
1744 3702 1837 3755 τὴν

233 3786 376 3847 ζωὴν
454 3783 691 3858 ἀκριϐείᾳ
766 3788 1225 3860 μεμαρτυρημένον
1303 3781 1585 3858 διαφέρειν,
1657 3793 1837 3838 τοῦτον

232 3875 636 3949 προστήσεσθαι
682 3875 758 3942 (3)
797 3873 863 3934 εἰς
910 3876 968 3925 τό
1011 3874 1361 3944 καθηγεῖσθαι
1408 3880 1507 3925 τῶν
1544 3873 1724 3943 ἄλλων,
1757 3876 1839 3925 ἶνα

230 3967 294 4015 τό
347 3961 394 4013 ἐν
444 3965 606 4033 τούτῳ
656 3960 850 4033 ἀγαθόν
898 3965 1067 4014 κοινὸν
1120 3963 1322 4014 πάντων
1361 3970 1458 4014 τῶν
1510 3967 1836 4034 μιμουμένων

231 4056 470 4124 γίνηται.
531 4055 668 4126 Πρός
723 4053 825 4124 γὰρ
880 4055 937 4103 τὸ
981 4060 1080 4104 τῶν
1132 4054 1458 4124 κρατούντων
1508 4048 1633 4113 ἦθος
1678 4050 1837 4103 πλάτ-

233 4143 425 4195 τεσθαι
470 4146 710 4210 πέφυκεν,
752 4142 816 4201 ὡς
868 4142 934 4192 τὰ
974 4140 1155 4207 πολλὰ,
1212 4144 1267 4192 τὸ
1328 4139 1653 4216 ἀρχόμενονο
1705 4142 1839 4192 ὥστε

234 4232 413 4284 ὁποῖοί
457 4230 572 4283 ποτ’
604 4229 663 4281 ἆν
708 4230 758 4281 οἱ
801 4230 1005 4300 ἄγοντες
1048 4226 1168 4293 ὦσι,
1212 4237 1442 4282 τοιοῦτον
1496 4228 1694 4301 ἀνάγκη
1749 4235 1838 4282 καὶ

231 4324 326 4373 τόν
379 4318 625 4391 ἀγόμενον
684 4319 830 4373 sint.
876 4321 976 4370 Καὶ
1019 4318 1189 4369 ὁποῖοι
1235 4314 1284 4369 δ’
1327 4317 1387 4369 ἂν
1434 4318 1562 4370 ὦσιν
1616 4320 1663 4370 οἱ
1710 4337 1837 4393 προ-

233 4415 474 4477 εστῷτες,
518 4415 737 4461 τοιαῦτα
780 4409 845 4467 ὡς
890 4406 972 4459 ἐπὶ
1011 4405 1140 4459 πολὺ
1178 4410 1268 4458 καὶ
1306 4407 1372 4458 τὰ
1409 4408 1509 4465 ἤθη
1544 4416 1643 4459 τῶν
1674 4405 1832 4482 ἀρχαι

230 4502 400 4573 μένων
447 4500 641 4568 πέφυκε
685 4497 944 4567 γίνεσθαι.
1016 4498 1115 4548 Καὶ
1150 4496 1345 4568 ὥσπερ,
1394 4495 1436 4547 εἰ
1477 4494 1704 4558 πλείονες
1740 4497 1837 4557 ζω-

229 4588 431 4659 γράφοι
480 4584 584 4645 ἑνός
636 4589 918 4658 προσώπου
974 4590 1297 4656 χαρακτῆρα
1348 4584 1614 4656 γράφοιεν,
1670 4588 1839 4636 πᾶσαι

234 4678 293 4729 αἱ
345 4675 529 4736 εἰκόνες
572 4675 761 4746 ὁμοίως
806 4674 931 4745 πρὸς
979 4670 1202 4734 ἀλλήλας
1250 4672 1445 4742 ἕξουσι,
1503 4669 1597 4723 διὰ
1655 4675 1712 4723 τὸ
1766 4679 1839 4743 τῷ

234 4764 313 4817 ἑνὶ
353 4764 704 4836 ὁμοιοῦσθαιο
758 4762 892 4814 οὕτω
945 4762 1011 4814 τὰ
1070 4760 1235 4814 πολλά
1281 4762 1407 4829 ἤθη,
1462 4760 1504 4813 εἰ
1564 4763 1694 4835 πρός
1745 4764 1838 4819 τὴν

232 4860 333 4908 τοῦ
386 4852 495 4915 ένός
540 4856 767 4924 μίμησιν
816 4848 1022 4923 βλέποι,
1066 4855 1226 4901 πᾶσιν
1275 4850 1462 4921 ὁμοίως
1514 4848 1702 4921 ἀγαθὸς
1743 4857 1837 4901 σοῦ

234 4940 365 5016 βίου
408 4945 692 5014 χαρακτὴρ
757 4936 1055 5012 ἕπίλάμψει.
1111 4941 1210 4991 Καὶ
1264 4940 1365 5013 γὰρ
1424 4940 1453 4997 ἠ
1510 4937 1708 5001 ἀληθὴς
1749 4943 1839 4992 καὶ

308 5103 359 5139 ³³
392 5103 529 5159 Luc.
556 5118 652 5169 xv,
682 5106 768 5159 32.

308 5245 390 5311 (l)
428 5246 808 5300 Ἐπιπεσεῖται.
858 5244 1025 5301 Hanc
1064 5256 1278 5300 vocem
1309 5238 1517 5297 addidi
1546 5256 1618 5296 ex
1648 5240 1835 5312 Regio

231 5316 445 5373 codice
475 5323 530 5373 el
561 5320 858 5373 contextu.

308 5390 390 5457 (2)
427 5387 484 5440 '0
539 5387 755 5459 ἀγαθός.
807 5387 899 5459 Sic
951 5385 1111 5443 idem
1165 5383 1355 5440 codex
1398 5387 1830 5459 etucontextus.

229 5454 413 5522 Ed‘iti,
445 5462 511 5520 ὡς
537 5454 753 5530 ἀγαθός.
787 5460 849 5512 In
878 5457 1012 5528 ipso
1043 5460 1321 5513 contextu
1344 5454 1604 5530 additur,
1637 5462 1832 5529 πατήρ.

309 5532 388 5603 (3)
430 5529 859 5603 Προστήσεσθαι.
894 5532 1062 5603 Forte
1092 5529 1527 5603 προστήσασθαι.
1555 5529 1706 5582 Emr.

309 5545 364 5602 (3
431 5545 859 5589 ιιοοστησεσυαι.
896 5545 1051 5584 r'orte

306 5545 388 5674 (ες
430 5588 512 5659 Ei:
541 5602 717 5677 epist.
742 5616 896 5670 xm,
933 5602 1051 5657 139.

1946 1843 2022 1897 Te
2036 1838 2166 1913 ipse
2186 1839 2239 1896 si
2258 1839 2652 1909 dederis,non
2678 1840 3076 1908 cunctabitur,
3094 1856 3290 1914 neque
3315 1840 3602 1911 dedigna-

1944 1927 2106 1984 bitur
2153 1931 2207 1984 te
2257 1928 2380 1984 suis
2418 1928 2610 2001 ipsius
2649 1929 2916 1986 humeris
2945 1933 3204 2002 portare,
3234 1930 3404 1986 laetus
3436 1930 3602 2003 quod

1944 2032 2121 2074 ovem
2173 2032 2349 2073 suam
2405 2017 2706 2089 perditam
2752 2017 3065 2076 invenerit.
3130 2019 3254 2075 Stat
3315 2021 3486 2093 pater
3531 2034 3603 2076 ac

1945 2109 2250 2178 exspectat
2279 2110 2450 2162 tuum
2482 2106 2561 2162 ab
2589 2122 2788 2163 errore
2817 2106 3097 2163 reditum.
3130 2110 3437 2165 Revertere
3472 2111 3602 2165 tan—

1943 2196 2280 2268 tummodo,
2319 2200 2495 2268 teque
2537 2196 2715 2267 longe
2763 2196 2963 2253 adhuc
3007 2201 3219 2264 stante,
3284 2213 3602 2254 accurrens

1944 2285 2118 2341 cadet
2148 2285 2209 2340 in
2248 2284 2469 2341 collum
2504 2288 2692 2355 tuum,
2732 2288 2790 2341 et
2819 2284 3026 2341 amicis
3070 2285 3449 2357 amplexibus
3472 2287 3600 2356 jam

1943 2373 2299 2447 poenitentia
2327 2378 2729 2445 expurgatum
2761 2372 3206 2445 complectetur.
3236 2374 3311 2444 (6)
3351 2373 3525 2440 Quod
3549 2375 3602 2429 si

1942 2463 2245 2537 quispiam
2264 2479 2334 2519 ex
2349 2463 2441 2531 iis,
2460 2463 2565 2535 qui
2580 2467 2737 2520 stare
2755 2462 2867 2519 sibi
2888 2462 3333 2533 videntur,vitio
3344 2463 3601 2530 verterit,

1942 2552 2109 2624 quod
2140 2552 2255 2607 cito
2285 2556 2637 2624 assumptus
2672 2567 2756 2619 es,
2783 2553 2910 2624 ipse
2944 2551 3039 2607 ille
3069 2550 3269 2608 bonus
3294 2556 3464 2624 pater
3492 2567 3601 2625 pro

1944 2644 2001 2696 te
2027 2639 2435 2713 respondebit,
2468 2639 2674 2696 dicens
2700 2657 2711 2695 :
2758 2640 3108 2697 Laetandum
3139 2645 3227 2697 est
3251 2645 3308 2697 et
3338 2640 3603 2711 gauden-

1944 2729 2114 2797 dum,
2140 2729 2284 2802 quia
2308 2728 2405 2784 hic
2434 2728 2594 2784 ﬁlius
2620 2744 2791 2784 meus
2816 2732 3092 2784 mortuus
3118 2732 3261 2793 erat,
3293 2734 3350 2784 et
3369 2729 3598 2797 revixit,

1945 2824 2001 2875 et
2030 2818 2394 2891 disperditus
2424 2822 2569 2886 erat,
2602 2822 2658 2875 et
2683 2817 2962 2875 inventus
2995 2821 3087 2874 est
3113 2818 3180 2874 ³³.
3215 2816 3297 2873 llli
3327 2816 3515 2887 gloria
3539 2818 3600 2874 in

1948 2907 2167 2964 saecula
2190 2906 2577 2963 saeculorum.
2617 2910 2829 2966 Amen.

2202 3210 2312 3266 DE
2352 3207 2674 3266 IMPERIO
2711 3208 2818 3265 AC
2854 3206 3337 3265 POTESTATE.

2587 3318 2816 3373 SERMO
2860 3318 2969 3372 XV.

2021 3429 2069 3480 l.
2121 3426 2199 3495 (7)
2250 3422 2672 3481 Imbecilliores
2720 3438 2957 3492 semper
3002 3438 3036 3479 a
3086 3422 3600 3496 prmstantioribus

1945 3513 2072 3585 regi
2099 3528 2171 3570 ac
2201 3512 2522 3583 gubernari
2560 3511 2730 3569 decet
2764 3529 2777 3567 :
2818 3512 3081 3584 pessimo
3110 3512 3271 3568 enim
3310 3512 3603 3585 principa-

1944 3608 2073 3659 tum
2119 3601 2426 3675 pOpularis
2471 3616 2892 3673 saepenumero
2931 3600 3141 3657 detulit
3176 3601 3601 3673 imprudentia.

1945 3695 2025 3763 (8)
2061 3693 2547 3747 Consentaneum
2578 3694 2666 3745 est
2694 3689 2892 3760 igitur,
2920 3695 2985 3744 ut
3016 3690 3118 3761 qui
3144 3692 3417 3745 omnium
3444 3690 3601 3745 testi-

1945 3781 2150 3837 monio
2178 3784 2423 3836 caeteros
2462 3779 2774 3852 sapientia,
2806 3782 2861 3833 et
2900 3777 3263 3840 fortitudine,
3294 3783 3475 3850 atque
3509 3793 3604 3834 ex-

1944 3874 2081 3927 acta
2121 3868 2458 3939 integrioris
2494 3870 2630 3923 vita;
2677 3868 2909 3923 ratione
2946 3866 3258 3935 antecellit,
3308 3865 3439 3922 aliis
3478 3866 3602 3921 dux

1944 3957 2325 4032 praeﬁciatur,
2350 3960 2416 4012 ut
2443 3955 2739 4029 quidquid
2769 3954 2829 4011 in
2861 3970 2932 4011 eo
2971 3954 3115 4011 boni
3144 3959 3251 4024 est,
3280 3970 3603 4011 commune

1945 4049 2215 4107 omnium
2247 4045 2607 4102 imitantium
2634 4045 2760 4104 fiat.
2790 4045 2870 4115 (9)
2902 4046 3216 4101 Enimvero
3246 4043 3498 4115 subjecti
3522 4044 3603 4100 ad

1946 4153 2146 4194 mores
2185 4151 2393 4191 eorum
2437 4134 2542 4207 qui
2592 4149 2793 4189 rerum
2820 4134 3150 4206 potiuntur,
3180 4137 3244 4188 ut
3274 4132 3601 4205 plurimum

1947 4242 2078 4283 sese
2108 4224 2484 4281 conformare
2516 4222 2710 4279 solent
2742 4241 2755 4278 :
2788 4223 2871 4280 ita
2896 4227 2960 4279 ut
2979 4221 3190 4296 quales
3212 4221 3457 4278 tandem
3485 4222 3604 4278 fue-

1944 4314 2065 4372 rint
2098 4313 2301 4383 duces,
2340 4327 2478 4368 eum
2524 4312 2703 4367 etiam
2732 4311 2837 4384 qui
2866 4310 3103 4377 dicitur,
3130 4308 3310 4365 talem
3340 4324 3471 4364 esse
3496 4324 3601 4364 ne-

1950 4420 2113 4460 cesse
2145 4402 2235 4459 sit.
2268 4404 2330 4457 Et
2350 4400 2561 4474 quales
2589 4403 2732 4455 sunt
2758 4399 2863 4470 qui
2892 4401 3183 4471 praesunt,
3207 4396 3353 4451 tales
3382 4400 3448 4451 ut
3474 4395 3605 4467 plu-

1950 4492 2169 4549 rimum
2186 4495 2244 4547 et
2261 4505 2457 4546 mores
2478 4504 2706 4550 eorum,
2735 4485 2911 4559 554
2928 4485 3153 4557 quibus
3170 4486 3455 4556 praesunt,
3474 4497 3601 4538 esse

1949 4581 2161 4637 solent.
2201 4582 2315 4653 (10)
2362 4581 2424 4634 Et
2461 4575 2986 4650 quemadmodum
3025 4574 3077 4628 si
3115 4572 3315 4645 plures
3348 4571 3602 4643 pictores

1947 4669 2128 4726 unius
2156 4656 2325 4725 faciei
2352 4665 2716 4722 lineamenta
2745 4664 3022 4736 pingunt,
3053 4675 3266 4718 omnes
3304 4658 3601 4731 imagines

1946 4759 2157 4815 futurae
2188 4760 2328 4812 sunt
2352 4755 2503 4811 inter
2528 4770 2591 4809 se
2608 4752 2854 4821 similes,
2876 4754 3079 4823 utpote
3098 4749 3203 4806 uni
3218 4749 3595 4807 assimilatas:

1947 4844 2229 4902 eumdem
2258 4842 2336 4899 ad
2368 4840 2621 4897 modum
2660 4839 2707 4895 si
2750 4838 2942 4896 multa
2976 4837 3218 4909 ingenia
3244 4852 3435 4893 unum
3474 4837 3601 4893 imi-

1944 4934 2197 4991 tandum
2256 4929 2371 4986 sibi
2427 4932 2786 5003 proponant,
2844 4927 2904 4984 in
2958 4926 3242 4986 omnibus
3296 4925 3601 4999 aequaliter

2018 5239 2095 5306 (δ)
2133 5234 2306 5307 lbid.,
2343 5237 2465 5292 lio.

2017 5311 2090 5380 (6)
2131 5307 2280 5363 Ibid.

2014 5374 2093 5447 ('7')
2132 5381 2383 5450 Uterque
2414 5375 2604 5433 codex
2632 5375 2857 5431 indicat
2882 5374 3173 5431 Ascetica.

2014 5452 2091 5520 (8)
2131 5454 2210 5505 Ex
2237 5452 2457 5516 Ascet.,
2490 5451 2613 5503 3-24.

2014 5516 2092 5593 (9)
2132 5524 2212 5575 Ex
2244 5522 2566 5576 comment.
2594 5519 2656 5593 in
2687 5516 2846 5585 Isai.,
2880 5519 3008 5571 417.

2015 5594 2132 5665 (10)
2164 5595 2245 5647 Ex
2272 5593 2492 5659 Ascet.,
2525 5592 2649 5645 324.
