4056 6222
548 258 570 312 ί
581 256 685 311 307

1512 253 1881 309 APPENDIX.
1921 285 1990 294 —
2031 253 2379 311 SYMEONIS
2415 252 2935 309 METAPHRASTE

3743 256 3759 307 t
3770 256 3845 308 308

546 376 713 435 bona
739 376 875 433 vita;
902 376 1098 432 forma
1115 375 1429 431 elucescet.
1454 378 1600 431 Vera
1616 376 1836 431 etenim
1864 380 1921 432 et
1939 376 2209 449 perfecta

2321 374 2485 428 τελεία
2530 374 2733 433 ὑπακοὴ
2785 384 2883 427 τῶν
2931 378 3247 448 ὑποχειρίων
3285 379 3409 450 πρὸς
3454 377 3534 427 τὸν
3582 386 3841 446 προεστῶτα,

551 465 929 521 subditorum
949 480 1092 534 erga
1106 464 1454 535 praefectum
1474 464 1818 521 obedientia
1833 465 1893 520 in
1916 481 1987 520 eo
2014 464 2209 521 decla-

550 559 734 623 ratur,
766 553 961 610 sinon
979 569 1015 609 a
1040 553 1355 623 ﬂagitiosis
1382 552 1565 609 modo
1592 554 1937 610 abstineant
1957 571 2030 610 ex
2056 570 2208 626 prae-

550 643 687 699 fecti
711 642 981 709 consilio,
1009 642 1115 698 sed
1155 642 1204 697 si
1231 658 1315 707 ne,
1334 658 1407 698 ea
1430 642 1679 714 quidem
1704 658 1843 715 quis
1879 642 2211 699 laudabilia

554 735 714 798 sunt,
745 729 892 786 citra
921 730 1080 785 illius
1123 730 1437 786 arbitrium
1479 735 1793 800 peragant.
1838 733 1988 787 Nam
2025 730 2211 787 absti-

549 820 755 876 nentia
796 823 854 876 et
898 819 1095 875 omnis
1134 818 1464 890 corporalis
1502 817 1811 875 afﬂictatio
1852 820 1932 876 ad
1984 818 2211 892 aliquid

552 906 708 963 utilis
736 912 869 964 est:
919 907 1021 962 sed
1054 908 1103 962 si
1141 907 1278 980 quis
1310 907 1496 963 animi
1537 908 1628 963 sui
1670 912 1900 963 motum
1943 912 2207 973 secutus,

551 996 718 1073 quod
762 996 873 1052 sibi
919 996 1134 1067 placet,
1172 996 1377 1067 egerit,
1421 999 1477 1052 et
1520 996 1842 1068 praeposito
1889 996 2213 1053 consilium

553 1083 666 1141 sibi
689 1084 854 1141 danti
885 1099 1009 1139 non
1039 1083 1564 1157 obtemperaverit,
1596 1090 1912 1155 peccatum
1944 1085 2213 1141 futurum

553 1175 645 1233 est
671 1173 891 1243 majus,
928 1186 1116 1243 quam
1153 1178 1308 1228 recte
1336 1172 1587 1228 factum.
1635 1174 1750 1240 Qui
1789 1176 1945 1229 enim
1990 1173 2213 1229 resistit

546 1262 963 1330 potestati,Dei
978 1261 1350 1317 ordinatiom'
1361 1262 1652 1327 resistit”;
1670 1267 1849 1333 atque
1861 1262 2214 1317 obedientias

553 1350 751 1421 major
777 1364 1006 1405 merces
1033 1364 1222 1421 quam
1251 1349 1627 1406 abstinentiae
1669 1350 1869 1406 virtuti
1915 1350 2211 1407 tribuitur.

624 1527 679 1579 2.
727 1523 803 1595 (t)
848 1524 900 1580 Is
936 1524 1116 1595 igitur
1167 1524 1273 1597 qui
1330 1528 1529 1596 potest
1584 1524 1747 1582 malo
1802 1526 2050 1597 mederi,
2107 1525 2215 1583 sed

555 1617 767 1685 sponte
809 1612 1027 1683 differt,
1074 1629 1198 1669 non
1252 1613 1472 1684 injuria
1529 1614 1687 1670 velut
1721 1614 2028 1671 homicida
2076 1630 2213 1671 con-

2319 464 2367 516 ἐν
2432 467 2596 535 τούτῳ
2653 462 2938 528 δείκνυται,
3008 464 3056 516 ἐν
3113 472 3185 535 τῷ
3241 470 3310 535 μὴ
3361 468 3508 536 μόνον
3558 472 3648 515 τῶν
3690 463 3843 517 ἀτόπων

2320 556 2455 605 κατὰ
2502 558 2596 611 τὴν
2651 553 2951 626 συμϐουλὴν
3001 555 3161 607 αὑτοῦ
3230 553 3535 624 ἀπέχεσθαι,
3584 553 3699 604 ἀλλὰ
3746 553 3843 625 μῖόε

2320 643 2454 694 αὐτὰ
2498 646 2565 694 τὰ
2602 642 2837 695 ἐπαινετὰ
2884 648 3051 716 χωρὶς
3089 650 3181 703 τῆς
3235 641 3423 694 ἐκείνου
3478 648 3670 713 γνώμης
3706 652 3841 697 ποιεῖν.

2318 731 2374 783 ἸΙ
2427 733 2527 805 γὰρ
2574 731 2868 802 ἐγκράτεια,
2928 740 3017 784 καὶ
3070 739 3218 784 πᾶσα
3268 734 3296 788 ἡ
3347 737 3607 803 σωματικὴ
3661 738 3843 783 κακοπά-

2323 822 2451 887 θεια,
2510 825 2638 893 πρός
2692 840 2741 872 τι
2796 827 3077 893 χρησίμως
3134 823 3291 891 ἔχει·

2324 905 2487 969 ἰδίαις
2538 910 2725 982 ὁρμαῖς
2777 909 3090 978 ἀκολουθῶν,
3149 914 3207 961 τό
3262 908 3482 981 ἀρέσκον
3542 909 3691 978 ἑαυτῲ
3738 918 3843 979 ποιῇ,

3349 818 3454 870 ἀλλ’
3512 819 3591 870 ἐάν
3651 839 3713 879 τις
3767 828 3845 879 ταῖς

2321 1003 2410 1051 καὶ
2463 997 2867 1070 συμϐουλεύοντι
2904 1007 2975 1069 τῷ
3028 1007 3319 1072 προεστῶτι
3372 1004 3443 1069 μὴ
3492 999 3733 1065 πείθηται,
3774 1007 3848 1069 ρεῖ-

2323 1087 2410 1148 ζον
2480 1095 2571 1140 τοῦ
2630 1089 3031 1163 κατορθώματος
3100 1090 3247 1139 ἔσται
3314 1091 3373 1140 τὸ
3443 1086 3846 1158 πλημμελούμενον.

2320 1176 2377 1228 Ὀ
2462 1180 2564 1252 γὰρ
2655 1176 3093 1249 ἀντιτασσόμενος
3176 1184 3237 1248 τῇ
3330 1176 3576 1247 ἐξουσίᾳ,
3656 1184 3709 1247 τῇ
3785 1182 3848 1226 τοῦ

2327 1271 2517 1337 Κυρίου
2585 1263 2812 1338 διαταγῇ
2882 1266 3164 1323 ἁνθέστηκε
3194 1287 3206 1298 ·

2321 1355 2507 1425 μισθός
2548 1354 2738 1426 μείζων
2794 1360 2886 1405 τοῦ
2929 1356 3066 1405 κατά
3100 1357 3194 1411 τὴν
3239 1353 3540 1427 ἐγκράτειαν
3581 1351 3683 1404 ἐστι
3715 1371 3849 1424 κατορ-

3286 1270 3376 1316 καὶ
3441 1267 3467 1315 6
3525 1270 3615 1325 ri;
3674 1265 3848 1324 ὑπακοῆς

2325 1444 2576 1514 θώματος.

2389 1531 2445 1584 2.
2490 1531 2547 1582 Ὁ
2593 1536 2764 1583 τοίνυν
2808 1534 2945 1602 ἔχων
2991 1531 3040 1582 ἐν
3078 1530 3292 1603 ἐξουσίᾳ
3339 1536 3433 1589 τὴν
3475 1535 3562 1582 τοῦ
3615 1538 3755 1581 κακοῦ
3795 1531 3846 1578 θι-

2320 1624 2557 1692 ραπείαν,
2607 1619 2730 1672 ἑκὼν
2793 1616 2853 1672 δὲ
2903 1622 3314 1694 ὑπερτιθέμενος,
3363 1619 3568 1680 εἰκότως
3620 1618 3672 1669 ἂν
3720 1615 3759 1668 ἓν
3798 1623 3849 1685 τῷ

554 1700 827 1775 demnari
854 1702 1090 1774 poterit.
1119 1706 1247 1759 Non
1279 1707 1480 1759 autem
1503 1705 1606 1775 qui
1640 1708 1854 1775 praeest
1882 1702 1961 1759 ob
1982 1719 2122 1759 eum
2152 1703 2210 1759 in

2322 1710 2422 1779 ἴσῳ
2477 1717 2577 1760 τῶν
2634 1708 2954 1781 αὐτοχείρων
3006 1705 3445 1769 καταδικάζοιτο.
3506 1710 3602 1762 Καὶ
3654 1711 3727 1758 τὸν
3762 1725 3849 1777 προ-

554 1806 676 1862 quo
702 1791 930 1862 positus
955 1797 1045 1847 est
1070 1791 1381 1861 dignitatis
1413 1792 1669 1864 gradum
1703 1807 1831 1847 sese
1853 1792 2082 1848 attollat
2110 1798 2214 1848 aut

553 1878 893 1943 insolescat.
953 1896 1028 1936 ne
1082 1880 1432 1937 humilitatis
1494 1880 1862 1936 beatitudine
1925 1881 2208 1952 privetur.

553 1966 627 2037 (2)
660 1968 942 2041 Nunquid
967 1970 1128 2027 enim
1152 1970 1257 2041 qui
1282 1970 1406 2039 regi
1426 1969 1771 2037 famulatur,
1789 1985 1850 2025 se
1877 1969 2012 2025 ideo
2027 1969 2212 2039 jacta-

553 2054 639 2117 bit
667 2057 834 2129 quod
864 2058 927 2114 in
957 2058 1071 2114 hoc
1101 2071 1209 2114 aut
1237 2059 1297 2114 in
1322 2058 1423 2115 illo
1450 2058 1762 2137 ministerii
1792 2058 2002 2113 ordine
2032 2056 2213 2115 collo-

557 2150 725 2201 catus
764 2150 896 2204 est:
943 2148 1049 2219 qui
1088 2162 1231 2203 vero
1273 2146 1497 2217 dignus
1541 2145 1783 2202 habitus
1820 2151 1909 2202 est
1945 2146 2052 2218 qui
2093 2148 2212 2202 Deo

557 2234 798 2301 serviat,
828 2235 1071 2293 aliunde
1112 2236 1322 2291 laudes
1354 2236 1468 2291 sibi
1508 2236 1886 2305 excogitabit,
1921 2236 2096 2308 quasi
2132 2235 2213 2291 ad

556 2336 800 2379 omnem
840 2323 1042 2392 gloriae
1085 2323 1541 2397 splendorisque
1569 2324 1879 2381 cumulum
1912 2325 2214 2380 invocatio

557 2411 792 2466 Domini
818 2410 930 2467 sibi
959 2428 1082 2479 non
1113 2412 1371 2469 sufﬁciat
1390 2414 1418 2468 ‘I
1449 2414 1602 2470 Satis
1629 2414 1787 2470 enim
1815 2419 1904 2469 est
1932 2413 2107 2469 nobis
2134 2412 2214 2470 ad

555 2513 801 2561 omnem
823 2500 1193 2570 dignitatem,
1223 2502 1373 2557 tanti
1395 2503 1631 2557 Domini
1661 2518 1864 2557 servos
1890 2502 2210 2559 nominari.

553 2590 631 2659 (3)
658 2591 724 2645 Et
747 2590 1267 2662 quemadmodum
1293 2607 1404 2647 nec
1428 2592 1767 2664 quidquam
1789 2592 1953 2647 aliud
1980 2594 2215 2664 oportet

554 2681 767 2748 praeter
794 2680 981 2734 Deum
1006 2679 1199 2735 colere
1232 2698 1244 2735 :
1281 2681 1363 2735 sic
1394 2695 1503 2735 nec
1524 2681 1583 2735 in
1616 2680 1756 2748 alio,
1778 2696 1965 2753 quam
1996 2682 2054 2735 in
2094 2683 2212 2735 Deo

553 2766 827 2822 omnium
856 2769 1107 2823 Domino
1151 2784 1321 2840 spem
1357 2784 1667 2840 reponere.
1715 2770 1823 2834 Qui
1854 2783 2118 2840 namque
2149 2768 2212 2823 in

552 2854 797 2911 homine
815 2858 1268 2930 sperat,autqui
1284 2858 1364 2913 ob
1392 2858 1615 2930 aliquid
1639 2857 1805 2913 aliud
1830 2858 2211 2914 mundanum

554 2943 813 3013 effertur,
838 2950 1003 3017 puta,
1031 2946 1110 3001 ob
1127 2951 1504 3018 potestatem,
1527 2947 1615 3001 vel
1643 2947 1722 3002 ob
1748 2946 2007 3008 divitias,
2024 2946 2114 3002 vel
2130 2945 2210 3001 ob

553 3032 868 3105 quidpiam
897 3034 1061 3089 aliud
1093 3049 1323 3100 eorum,
1346 3052 1481 3106 quae
1508 3035 1824 3107 splendida
1847 3051 1881 3089 a
1904 3034 2106 3090 multis
2125 3050 2208 3089 re-
2240 3068 2280 3122 Ο

553 3124 863 3204 putantur,
894 3137 1015 3183 non
1048 3127 1246 3194 potest
1271 3123 1468 3178 dicere
1500 3140 1512 3177 :
1555 3124 1804 3179 Domine
1838 3124 1994 3179 Deus
2022 3138 2205 3188 meus,

554 3209 614 3263 2n
649 3215 702 3265 te
721 3213 977 3277 speravi.
1003 3214 1366 3284 Praeceptum
1389 3213 1549 3267 enim
1576 3216 1683 3279 est,
1713 3226 1835 3266 non
1854 3217 2129 3283 oportere
2147 3211 2210 3266 in

554 3297 933 3368 principibus
954 3316 1193 3371 sperare
1223 3319 1237 3369 ;
1266 3304 1342 3369 et,
1366 3297 1723 3357 Maledictus
1748 3301 1920 3356 homo
1946 3301 2052 3370 qui
2076 3316 2211 3354 con-

551 3385 688 3453 ﬁdit
714 3388 778 3443 in
810 3387 1124 3444 homine".
1150 3389 1222 3461 (4)
1256 3392 1467 3444 Beatus
1496 3390 1676 3459 igitur
1702 3404 1838 3444 vere
1865 3394 1973 3456 est,
1996 3389 2099 3459 qui
2131 3386 2210 3443 ob

555 3472 785 3528 nullam
821 3475 954 3530 vita;
992 3491 1118 3532 rem
1148 3478 1543 3549 quantumvis
1582 3475 1899 3531 sublimem
1932 3475 2208 3543 exsultat,

555 3562 661 3619 sed
682 3579 856 3619 suam
889 3567 1075 3620 Deum
1101 3566 1353 3636 gloriam
1379 3582 1511 3621 esse
1537 3565 1722 3635 ducit,
1754 3567 2063 3637 Deumque
2089 3579 2211 3636 quo

554 3650 838 3720 glorietur
869 3653 1108 3709 unicum
1139 3654 1339 3721 habet,
1379 3671 1449 3711 ac
1480 3656 1816 3710 secundum
1854 3653 2208 3725 Apostolum

553 3740 752 3797 dicere
788 3747 1028 3813 potest:
1068 3744 1219 3800 Mihi
1246 3751 1440 3801 autem
1491 3744 1644 3800 absit
1683 3743 1959 3813 gloriari,
2002 3744 2120 3797 nisi
2146 3744 2211 3798 in

554 3844 731 3887 cruce
777 3831 1003 3888 Christi
1022 3835 1090 3889 ³⁵.
1142 3833 1371 3889 Etenim
1419 3832 1465 3887 si
1500 3833 1638 3905 quis
1673 3848 1801 3888 sese
1840 3846 2211 3902 magnopere

549 3919 755 3990 jactat,
787 3921 953 3993 quod
989 3938 1198 3977 servus
1230 3922 1307 3977 sit
1332 3923 1511 3991 regis,
1547 3927 1727 3993 atque
1759 3921 1820 3976 in
1852 3935 2076 3989 magno
2106 3919 2209 3974 ho-

552 4023 697 4065 nore
723 4009 887 4080 apud
919 4025 1057 4063 eum
1083 4009 1377 4066 habeatur
1403 4028 1416 4065 :
1448 4015 1741 4081 quantum
1773 4008 2052 4065 convenit
2077 4008 2209 4076 glo-

553 4095 692 4151 riari
710 4100 762 4151 te
786 4096 950 4166 apud
972 4098 1375 4168 temetipsum,
1396 4098 1563 4168 quod
1583 4098 1756 4165 Regis
1776 4099 1979 4167 magni
2002 4113 2210 4152 servus

553 4197 642 4252 es,
675 4182 753 4237 ab
792 4183 925 4254 ipso
962 4184 1185 4239 accitus
1224 4186 1302 4240 ad
1342 4200 1652 4240 summam
1683 4185 2149 4241 familiaritatem
2181 4186 2225 4240 ‘2‘

554 4271 628 4341 (ὅ)
654 4271 761 4332 Qui
790 4286 924 4326 vere
958 4271 1239 4343 princeps
1263 4278 1375 4339 est,
1407 4288 1530 4327 non
1559 4273 1637 4328 ab
1676 4272 1933 4327 externis
1962 4274 2207 4341 insigni-

551 4360 668 4416 bus
700 4360 1089 4431 dignoscitur,
1114 4362 1197 4417 uti
1223 4377 1514 4434 purpura,
1544 4362 1973 4434 paludamento
1995 4367 2051 4417 et
2080 4362 2207 4417 dia-

550 4448 788 4506 demate
812 4469 826 4518 ;
860 4450 969 4506 sed
993 4455 1072 4506 ab
1104 4450 1490 4523 imperatoria
1519 4466 1642 4522 qua
1666 4450 1953 4522 praeditus
1979 4454 2067 4505 est
2093 4451 2204 4506 vir-

551 4542 695 4593 tute.
721 4538 834 4603 Qui
854 4540 1014 4595 enim
1044 4539 1322 4595 subditur
1346 4539 1777 4611 voluptatibus,
1799 4555 1870 4594 ac
1900 4539 2079 4594 variis
2110 4555 2207 4595 cu-

551 4624 899 4697 piditatibus
920 4628 1176 4695 ducitur,
1210 4645 1419 4684 servus
1448 4644 1587 4684 cum
1619 4629 1692 4684 sit
1721 4628 1967 4701 peccati,
1996 4627 2075 4684 ad
2096 4629 2206 4684 im—

550 4715 891 4785 perandum
930 4717 1185 4773 idoneus
1215 4733 1336 4773 non
1368 4722 1472 4773 est.
1508 4718 1586 4789 (6)
1628 4721 1776 4774 Nam
1810 4717 2060 4773 rebelles
2090 4717 2206 4773 sub

550 4806 907 4873 potestatem
936 4804 1225 4876 redigere,
1257 4810 1312 4861 et
1348 4806 1515 4862 fortis
1556 4811 1643 4862 est
1674 4807 1800 4877 viri,
1831 4809 1886 4861 et
1912 4821 2047 4861 vere
2093 4805 2207 4859 im-

550 4891 815 4962 perantis
840 4908 853 4947 :
884 4896 944 4948 at
974 4892 1305 4962 benignum
1328 4910 1461 4951 esse
1489 4912 1560 4953 ac
1582 4900 1964 4951 mansuetum
1989 4894 2050 4950 in
2072 4908 2207 4965 pro-

621 5052 670 5086 “
700 5054 869 5107 Rom.
904 5068 1024 5117 xm,
1055 5055 1110 5106 2.
1142 5053 1188 5085 ’⁵
1213 5053 1432 5109 Jerem.
1461 5070 1591 5121 xvu,
1626 5059 1675 5109 5.
1708 5056 1755 5088 ²⁵
1789 5053 1977 5111 Galat.
2012 5071 2086 5120 vr,
2115 5055 2202 5109 Μ.

621 5177 698 5247 (1)
740 5178 822 5230 Ex
845 5175 1008 5231 hom.
1046 5178 1105 5230 in
1128 5177 1347 5247 famem
1379 5184 1433 5232 et
1462 5180 1809 5243 siccitatem,
1839 5182 1924 5234 69.

622 5251 699 5317 (2)
741 5249 822 5301 Ex
842 5247 1008 5301 hom.
1044 5250 1105 5301 in
1132 5249 1288 5317 psal.
1323 5265 1524 5310 xxxm,
1555 5250 1677 5303 145.

622 5251 699 5387 (2;
741 5251 822 5301 Ex
842 5251 1008 5301 hom.
1044 5251 1105 5301 in
1132 5251 1288 5317 psal.
1323 5265 1524 5310 xxxm,

618 5320 673 5388 (3
739 5320 817 5371 Ex
848 5318 1014 5373 hom.
1049 5321 1111 5374 in
1138 5320 1295 5388 psal.
1331 5336 1422 5383 vn,
1450 5323 1539 5374 98.

619 5392 697 5453 (4)
738 5391 820 5443 Ex
844 5390 1011 5444 hom.
1038 5392 1099 5444 in
1122 5391 1280 5459 psai.
1308 5406 1422 5457 LXI,
1453 5391 1572 5447 196.

622 5460 697 5528 (5)
738 5462 816 5513 Ex
846 5466 1169 5516 comment.
1198 5463 1259 5516 in
1290 5462 1456 5530 Isai.,
1489 5464 1606 5519 456.

621 5532 701 5598 (6)
740 5532 822 5584 Ex
842 5532 1010 5602 epist.
1040 5548 1174 5598 cxu,
1206 5535 1328 5588 204.

2322 1806 2523 1851 εστῶτα
2570 1793 2629 1851 δὲ
2672 1802 2742 1869 μὴ
2795 1797 3041 1871 ἐπαιρέτω
3088 1802 3146 1849 τό
3190 1796 3422 1870 ἀξίωμα,
3474 1797 3553 1848 ἶνα
3594 1801 3659 1867 μὴ
3702 1794 3848 1865 ἐκπέσῃ

2320 1894 2412 1938 τοῦ
2450 1894 2787 1960 μακαρισμοῦ
2826 1895 2887 1945 τῆ
2900 1907 2921 1948 ς
2957 1889 3456 1959 ταπεινοφροσύνης.
3494 1886 3567 1937 Οὐ
3600 1888 3690 1956 γὰρ
3720 1880 3847 1940 δήπου

2323 1973 2569 2047 βασιλείᾳ
2621 1978 2698 2045 (7)
2742 1979 2833 2047 μέν
2878 1994 2960 2036 τις
3006 1975 3275 2048 ὑπηρετῶν
3325 1979 3464 2047 μέγα
3506 1978 3740 2047 φρονήσει,
3782 1967 3850 2022 διὰ

2319 2066 2380 2116 τὸ
2426 2065 2476 2117 ἂν
2525 2060 2658 2135 τῇδε
2802 2062 2945 2127 τάξει
2990 2069 3083 2123 τῆς
3127 2064 3424 2135 ὑπηρεσίας
3469 2064 3730 2133 τετάχθαι·
3766 2067 3848 2127 Θεῷ

2323 2147 2382 2204 δὲ
2436 2151 2775 2213 καταξιωθεὶς
2827 2150 3109 2222 λατρεύειν.
3167 2148 3465 2221 ἀλλαχόθεν
3517 2154 3622 2208 τοὺς
3671 2148 3848 2204 ἐπαίνους

2321 2240 2486 2310 ἐαυτῷ
2536 2245 2853 2313 περινοήσει,
2904 2242 2969 2299 ὡς
3011 2238 3105 2291 οὐκ
3157 2237 3430 2311 ἀρκούσης
3475 2238 3606 2309 αύτῷ
3656 2244 3735 2298 τῆς
3768 2234 3846 2286 ἐπι.

2321 2327 2553 2389 κλήσεως
2602 2336 2693 2380 τοῦ
2737 2333 2929 2400 Κυρίου
2975 2331 3106 2401 πρὸς
3155 2334 3338 2380 πᾶσαν
3393 2325 3549 2389 δόξης
3607 2330 3686 2377 καὶ
3740 2342 3843 2393 περι-

2323 2422 2530 2490 φανείας
2594 2416 2935 2492 ὑπερϐολὴνς
3003 2417 3180 2491 Ἀρκεί
3242 2420 3352 2490 γὰρ
3418 2418 3539 2489 ἡμῖν
3595 2418 3709 2488 πρὸς
3750 2414 3846 2464 ἁπαν

2324 2506 2527 2578 ἀξίωμα
2568 2510 2626 2559 τό
2671 2506 2980 2564 τηλικούτου
3038 2510 3305 2558 Δεσπότου
3360 2502 3573 2564 δούλους
3623 2506 3738 2575 ἡμᾶς
3774 2500 3848 2551 ἀνο-

2322 2597 2604 2666 μάζεσθαι.
2649 2600 2747 2647 Καὶ
2790 2597 2961 2667 ὥσπερ
3012 2591 3136 2645 οὐδὲ
3188 2593 3361 2646 σέϐειν
3401 2594 3520 2645 ἄλλο
3561 2613 3609 2645 τι
3638 2593 3754 2669 παρὰ
3788 2592 3846 2639 τόν

2324 2688 2451 2737 Θεὸν
2499 2693 2778 2757 προσῆκεν,
2830 2684 2993 2745 οὕτως
3040 2679 3163 2735 οὐδὲ
3228 2682 3319 2735 ἐπὶ
3393 2683 3540 2735 ἄλλον
3603 2676 3844 2739 ἐλπίζεινὲ

2321 2772 2398 2825 ἐπὶ
2453 2775 2538 2825 τόν
2591 2776 2711 2824 Θεὸν
2758 2774 2846 2822 τὸν
2897 2774 3101 2823 πάντων
3155 2773 3370 2845 Κύριον,
3426 2770 3483 2823 Ὁ
3532 2772 3624 2842 γὰρ
3676 2767 3739 2819 ἐπ’
3782 2766 3846 2815 ἀν-

2322 2866 2525 2933 θρωπον
2576 2860 2817 2928 ἐλπίζων,
2873 2860 2903 2917 ᾖ
2958 2857 3037 2911 ἐπ’
3085 2859 3206 2911 οὗ.λο
3254 2879 3313 2911 τι
3352 2868 3453 2911 τῶν
3495 2860 3621 2909 κατὰ
3660 2860 3732 2908 τὸν
3767 2852 3848 2924 βίον

2318 2950 2773 3023 μετεωριζόμενος,
2824 2948 2928 2999 οἷον
2982 2946 3064 2999 ἐπὶ
3109 2943 3452 3011 δυναστείαν,
3491 2948 3519 3005 ἡ
3560 2943 3845 3019 χρήματα,ἧ

2318 3060 2371 3091 τι
2435 3046 2533 3090 τῶν
2581 3040 2723 3111 παρά
2777 3045 2885 3098 τοῖς
2938 3036 3141 3096 πολλοῖς
3196 3038 3548 3109 νομιζομένων
3601 3034 3713 3087 εἶναι
3756 3031 3848 3101 λιιι-

2318 3137 2479 3202 πρών,
2541 3127 2599 3180 ού
2656 3123 2876 3179 δύναται
2934 3126 3130 3179 εἰπεῖν’
3201 3130 3365 3200 Κύριε
3420 3129 3445 3178 6
3495 3131 3609 3185 Θεὸς
3649 3143 3749 3196 μου,
3791 3121 3848 3171 ἐπὶ

2322 3222 2405 3268 σοὶ
2449 3216 2668 3273 ἤλπισα.
2718 3215 3063 3289 Παράγγελμα
3103 3219 3204 3289 γάρ
3267 3214 3387 3267 ἐστι
3438 3220 3506 3287 μή
3564 3214 3754 3272 ᾶπίςειν
3797 3205 3847 3258 ἐπ’

2319 3306 2604 3379 ἄρχοντας,
2682 3310 2791 3371 καὶ,
2871 3305 3282 3377 Ἐπικατάρατος
3359 3306 3615 3376 ἄνθρωπος
3691 3300 3731 3357 6;
3785 3300 3847 3350 τήν

2320 3389 2507 3445 ἐλπίδα
2559 3397 2673 3464 ἔχει
2720 3392 2797 3445 ἐπ’
2851 3394 3140 3465 ἄνθρωπον.
3198 3395 3477 3465 Μακάριος
3531 3388 3611 3443 οὖν
3658 3397 3718 3459 τῷ
3759 3390 3848 3447 ὄντι,

2320 3484 2345 3533 6
2390 3478 2579 3553 μηδενὶ
2615 3490 2713 3533 τῶν
2756 3484 2891 3533 κατὰ
2940 3486 3026 3533 τόν
3072 3480 3189 3553 βίον
3236 3481 3455 3551 ὑψηλῶν
3495 3477 3847 3550 ἐπαγαλλόμενος.

2320 3570 2449 3622 ἀλλὰ
2491 3575 2620 3622 Θεόν
2660 3574 2796 3641 ἔχων
2846 3572 2922 3641 (8)
2973 3576 3066 3627 τὴν
3120 3570 3309 3621 ἑαυτοῦ
3360 3566 3539 3631 δόξαν,
3584 3570 3606 3619 6
3652 3567 3847 3635 καύχημα

2320 3660 2503 3711 ἑαυτοῦ
2549 3661 2685 3730 ἔχων
2733 3662 2819 3711 τὸν
2864 3664 2990 3711 Θεὸν
3016 3680 3028 3691 ο
3071 3660 3096 3709 6
3148 3655 3432 3731 δυνάμενος
3468 3658 3620 3728 λέγειν
3654 3656 3764 3705 κατὰ
3791 3654 3848 3699 τὸν

2320 3747 2665 3800 Ἀποστολον·
2734 3748 2880 3819 Ἐμοὶ
2952 3744 3011 3799 6":
3072 3753 3142 3819 μὴ
3210 3751 3416 3818 γένοιτο
3480 3744 3769 3816 καυχᾶσθαι,
3818 3734 3846 3787 εὶ

2318 3841 2389 3907 μὴ
2447 3835 2495 3888 ἐν
2548 3843 2620 3906 τῷ
2674 3844 2883 3908 σταυρῷ
2945 3843 3035 3887 τοῦ
3086 3843 3346 3907 Χριστοῦ.
3412 3836 3470 3887 Εἰ
3522 3837 3616 3907 γὰρ
3669 3833 3690 3881 6
3744 3825 3845 3880 δεῖνα

2871 3305 3282 3377 Ἐπικατάρατος
3359 3306 3615 3376 ἄνθρωπος

2318 3931 2450 3998 μέγα
2510 3933 2699 3998 φρονεῖ,
2754 3927 2833 3977 ὅτι
2894 3921 3078 3985 δοῦλός
3134 3924 3247 3977 ἐστι
3297 3924 3574 3997 βασιλέως,
3624 3924 3844 3991 τιμώμενος

2318 4013 2438 4084 παρ’
2498 4014 2659 4065 αὐτοῦ
2724 4015 2789 4064 τὰ
2849 4011 3068 4083 μεγάλα,
3134 4016 3298 4063 πόσον
3369 4029 3454 4063 σοι
3516 4015 3743 4082 προσῆκεν
3786 4005 3841 4051 επὶ

2319 4110 2496 4171 σαυτῷ
2543 4099 2939 4172 μεγαλύνεσθαι,
2980 4102 3060 4152 ὅτι
3104 4096 3286 4160 ϐουλος
3329 4097 3377 4152 εἶ
3420 4106 3511 4150 τοῦ
3542 4095 3739 4168 μεγάλου
3770 4088 3841 4161 βι-

2320 4196 2519 4253 σιλέως,
2576 4188 2927 4263 προσκληθεὶς
2974 4188 3096 4261 παρ’
3156 4189 3316 4240 αὐτοῦ
3374 4188 3445 4249 εἰς
3499 4192 3587 4243 τὴν
3630 4186 3766 4255 ἄκραν
3793 4196 3841 4227 or

2317 4284 2525 4331 κείωσιν
2560 4295 2573 4343 ;
2611 4278 2669 4329 Ὀ
2708 4281 2809 4351 γὰρ
2859 4276 3058 4337 ἀληθῶς
3106 4278 3309 4350 ἄρχων,
3352 4277 3445 4328 οὐκ
3490 4275 3541 4326 ἐκ
3586 4281 3675 4324 τῶν
3711 4266 3840 4329 ἔξωθεν

2321 4365 2589 4438 συμϐόλων
2637 4369 2966 4437 γνωρίζεται,
3011 4367 3115 4416 οἷον
3172 4367 3454 4438 πορφύρας,
3508 4356 3745 4433 χλανίδος.
3781 4370 3840 4403 και

2320 4454 2649 4528 διαδήματος
2676 4477 2688 4488 ·
2744 4453 2849 4507 ἀλλ’
2894 4455 2949 4506 ἐκ
2993 4462 3083 4507 τοῦ
3127 4458 3264 4526 ἔχειν
3309 4460 3402 4511 τήν
3442 4452 3657 4528 ἀρχικήν
3692 4447 3839 4517 ἀρετὴν·

2315 4546 2373 4597 Ὀ
2419 4542 2477 4598 δὲ
2518 4544 2805 4617 ἀρχόμενος
2854 4546 2952 4596 ύπὸ
2996 4552 3095 4596 τῶν
3134 4540 3353 4612 ἡδονῶν,
3398 4547 3481 4594 καὶ
3524 4532 3838 4611 dra/6953033"

2320 4636 2533 4705 Ουμίαις
2577 4634 2839 4701 πολλάκις,
2883 4629 3067 4694 δοῦλος
3113 4634 3178 4682 ὡν
3215 4641 3304 4690 τῆς
3350 4631 3617 4702 ἁμαρτίας,
3666 4622 3838 4675 ἀνεπιτά-

2319 4720 2453 4784 duo;
2508 4727 2633 4795 πρὸς
2680 4727 2737 4774 τό
2787 4724 2972 4794 ἄρχειν
3016 4724 3325 4777 καθέστηκε.
3386 4725 3483 4772 Καὶ
3531 4722 3584 4769 τό
3634 4718 3710 4787 μὲν
3755 4723 3837 4761 τους

2320 4811 2683 4871 ἀντιτείνοντας
2735 4813 2835 4863 ὑπὸ
2887 4819 3045 4884 χεῖρα
3099 4809 3393 4880 λαμϐάνειν,
3444 4804 3666 4878 ἀνδρείου
3703 4818 3745 4850 τε
3776 4812 3836 4843 1‘"

2317 4902 2568 4973 ἄρχοντος
2606 4904 2673 4962 ὡς
2715 4899 2913 4960 ἀληθῶς
2938 4922 2949 4933 ο
2983 4904 3039 4952 τὸ
3081 4896 3139 4953 δὲ
3178 4907 3285 4959 τοίς
3324 4897 3701 4949 ύποπεπτωκόσι
3732 4901 3833 4957 χρῖ-

2389 5186 2464 5255 (7)
2508 5184 2767 5255 Βασιλείᾳ.
2811 5185 2892 5255 Ita
2931 5182 3146 5252 Regius
3181 5182 3389 5238 codex.
3434 5177 3580 5234 Editi
3607 5169 3828 5246 βασιλείας-

2319 5254 2640 5329 Contextus
2674 5254 2916 5329 βασιλεῖ.-
3166 5325 3177 5329 _
3276 5324 3290 5329 _
3522 5317 3557 5329 υ
3598 5317 3609 5327 ,

2387 5328 2462 5395 (8)
2504 5330 2632 5380 Θεὸν
2662 5317 2835 5399 ἔχων
2864 5325 2956 5381 Sic
2985 5340 3101 5399 ope
3126 5317 3639 5399 ejusdem_codi_cis
3654 5317 3710 5399 _et
3731 5320 3828 5399 c613:

2318 5394 2507 5453 textus
2521 5413 2613 5465 em
2622 5394 2981 5452 en'davimus
2997 5394 3297 5465 vulgatam
3312 5394 3636 5464 scripturam
3649 5394 3830 5465 έχωνῖςι

2318 5469 2501 5519 ἑαυτοῦ
2532 5464 2687 5540 δόξαν
2720 5466 2803 5520 ἐπὶ
2832 5473 2920 5519 τον
2954 5460 3162 5540 Κύριᾶν.
3198 5468 3338 5532 Quae
3369 5460 3831 5540 seQuuntugrpff-if‘

2319 5556 2420 5601 sus
2450 5527 2757 5611 superﬂua
2789 5542 2945 5601 sunt,
2978 5527 3088 5594 nec
3115 5538 3174 5593 in
3206 5527 3479 5595 contextu
3504 5527 3826 5603 reperiuntur.
