4056 6222
203 283 343 339 1309

1126 289 1355 346 SERMO
1399 292 1503 345 XV.
1552 322 1611 331 ο·-
1651 294 1741 348 DE
1778 291 2065 349 ΙΙΡΕΒΙΟ
2106 290 2189 346 ΕΤ
2226 291 2639 348 POTESTATE.

3432 294 3568 351 1310

202 412 328 465 στὸν
386 404 513 463 εἶναι
570 406 659 463 καί
716 413 901 481 πρᾶον,
968 411 1387 485 μεγαλοφροσύνῃ
1444 415 1647 467 πάντων
1712 420 1787 467 καὶ

1912 417 2148 479 stratos,
2192 413 2456 469 hominis
2489 419 2579 471 est
2622 416 3117 486 magnanimitate
3146 419 3204 473 et
3247 415 3568 475 clementia

197 498 486 570 ἡμερότητι
548 491 903 568 διαφέροντος.
960 502 1143 572 Κύριοι
1180 504 1270 571 μὲν
1308 503 1409 572 γὰρ
1457 511 1555 554 τῶν
1602 500 1801 561 ἠδικη-

197 589 361 637 κότων
416 583 595 637 πολλοὶ
658 593 755 636 τῶν
804 590 1048 660 πρότερον
1098 584 1204 645 ἤδη
1263 592 1561 659 γεγόνασιν,
1597 593 1664 642 ὧν
1707 591 1800 643 οὖ-

200 670 315 736 ὃεὶς
341 676 467 747 πρὸς
495 676 617 735 τοὺς
655 674 868 746 ὕστερον
918 671 1206 748 διεπέμφθη
1252 676 1404 749 λόγος
1428 695 1441 707 ·
1500 678 1701 752 ἀφῆκαν
1742 677 1801 735 δι

194 767 294 822 τὴν
352 762 513 835 ὀργὴν
569 764 618 814 οἱ
668 762 945 835 φιλοσοφία
992 769 1111 826 τοὺς
1167 764 1384 829 πολλοὺς
1438 769 1797 843 ὑπεράραντες,

194 851 267 903 ὧν
324 849 578 915 ἀθάνατος
625 852 655 909 ἠ
704 856 881 923 μνημη
910 860 981 922 τῷ
1011 857 1188 929 χρόνῳ
1217 861 1373 909 παντὶ
1415 854 1799 930 παραδέδοται,

192 943 331 1004 Τοὺς
366 944 463 1016 γάρ
521 961 594 1010 τῳ
643 942 816 994 ὁτιοῦν
873 939 1184 1005 ἀδικοῦντας
1223 946 1327 1017 οὐχ
1370 948 1496 1021 ὑπὲρ
1546 956 1644 999 τῶν
1694 946 1799 1009 ἤδη

189 1035 543 1102 γεγενημένων
594 1030 898 1104 κολάζομεν,
950 1035 1049 1103 (τίς
1097 1037 1196 1106 γὰρ
1249 1036 1309 1087 οἶν
1352 1041 1552 1106 γένοιτο
1580 1044 1799 1109 μηχανή

192 1123 270 1190 μὴ
338 1120 650 1190 γεγενῆσθαι
705 1122 771 1172 τὰ
823 1124 1248 1194 πεπραγμένοις)
1313 1121 1419 1175 ἀλλ’
1478 1125 1616 1187 ὅπως
1668 1128 1729 1178 οἶν
1769 1132 1798 1186 ἧ

197 1206 350 1260 αὐτοὶ
402 1210 531 1280 πρὸς
592 1210 650 1260 τό
716 1207 893 1261 λοιπὸν
951 1208 1186 1282 ἀμείνους
1232 1215 1477 1283 γένοιντο,
1541 1217 1568 1271 ἦ
1617 1213 1803 1289 ἑτέροις

193 1295 481 1368 ὑπάρξαιεν
503 1301 594 1351 τοῦ
625 1305 901 1372 σωφρονεῖν
928 1294 1288 1371 παράδειγμα.

270 1476 323 1529 3.
367 1472 617 1535 Πολλάκις
661 1477 763 1547 γὰρ
816 1476 893 1547 (ι)
945 1480 1034 1529 καὶ
1079 1475 1127 1529 ἕν
1188 1484 1287 1540 τοῖς
1356 1481 1724 1554 σμικροτάτοις
1764 1482 1793 1538 ἡ

196 1567 359 1635 σοφία
408 1572 499 1617 τοῦ
554 1571 687 1621 Θεοῦ
741 1561 1086 1636 διαφαίνεται.
1118 1564 1175 1617 Ὀ
1222 1568 1321 1640 γὰρ
1371 1566 1585 1639 οὐρανὸν
1629 1567 1796 1621 ἀπλώ-

192 1670 316 1721 σας,
372 1658 459 1706 καὶ
516 1655 583 1707 τὰ
632 1652 827 1707 ἄπλετοι
876 1656 1065 1726 μεγέθη
1109 1662 1207 1707 τῶν
1254 1655 1486 1724 πελά-κων
1543 1655 1791 1728 ἀναχέας,

1910 518 2123 559 omnes
2155 504 2491 575 superantis
2519 506 2613 575 (5).
2641 504 2792 560 Illud
2822 506 2982 561 enim
3004 504 3345 575 considera,
3372 504 3569 563 domi-

1908 607 2021 647 nos
2049 608 2253 647 eorum
2283 593 2387 664 qui
2412 592 2689 649 laeserant
2713 594 3006 650 exstitisse
3029 593 3249 651 multos
3275 610 3347 649 ex
3369 594 3442 650 iis
3459 594 3567 666 qui

1914 680 2089 752 555
2121 686 2255 737 ante
2282 696 2396 736 nos
2424 683 2640 749 vixere,
2662 682 2738 738 de
2775 682 3000 754 quibus
3029 682 3231 738 nullus
3260 682 3342 738 ad
3368 689 3566 756 poste.

1908 784 2007 824 ros
2035 769 2425 826 transmissus
2472 786 2709 839 sermo;
2765 776 2825 825 at
2877 786 3018 826 vero
3050 771 3203 827 iram
3232 772 3562 838 remisisse,
3627 791 3633 797 ·

1908 859 2013 929 qui
2059 857 2441 931 philosophia
2496 859 2710 930 vulgus
2768 858 3259 929 antecelluerunt,
3300 876 3563 933 quorum

1908 945 2264 1002 immortalis
2325 948 2618 1003 memoria
2675 948 2737 1004 in
2803 948 2971 1003 omni
3008 964 3134 1003 sevo
3191 948 3560 1022 perhibetur.

1909 1036 1987 1105 (ο)
2035 1039 2183 1092 Nam
2230 1052 2333 1091 eos
2377 1036 2481 1108 qui
2528 1036 2772 1107 quidvis
2802 1036 3183 1108 deliquerint,
3217 1052 3339 1094 non
3378 1038 3457 1093 ob
3492 1054 3563 1095 ea

1908 1140 2045 1194 quae
2071 1125 2199 1196 jam
2239 1123 2508 1180 admissa
2535 1130 2693 1194 sunt,
2736 1124 3043 1196 punimus,
3074 1126 3221 1197 (qua
3244 1125 3405 1181 enim
3436 1130 3561 1183 arte

1907 1230 2043 1288 quie
2100 1213 2257 1271 facta
2306 1220 2464 1281 sunt,
2516 1214 2737 1270 infecta
2767 1214 3098 1271 reddantur
3118 1215 3164 1285 ?)
3226 1213 3332 1271 sed
3362 1219 3427 1272 ut
3458 1220 3563 1272 aut

1906 1301 2020 1375 ipsi
2049 1303 2333 1374 deinceps
2359 1303 2635 1359 meliores
2660 1304 2829 1373 fiant,
2857 1308 2961 1359 aut
2986 1303 3114 1359 aliis
3137 1303 3415 1375 sapiendi
3444 1303 3564 1362 sint

1906 1391 2274 1464 exemplum.

1976 1485 2028 1537 3.
2070 1483 2149 1551 t7)
2183 1483 2351 1554 Sazpe
2388 1481 2548 1536 enim
2580 1481 2641 1536 in
2673 1476 3037 1537 tenuissimis
3086 1481 3267 1539 etiam
3299 1480 3401 1536 Dei
3431 1496 3560 1537 sese

1904 1570 2119 1643 exserit
2148 1569 2464 1641 sapientia.
2497 1572 2647 1626 Nam
2675 1569 2779 1641 qui
2820 1585 3158 1625 convexum
3190 1570 3411 1627 caelum
3456 1586 3557 1627 ex-

1902 1659 2612 1731 pandit,atqueingentes
2642 1658 2900 1714 marium
2922 1659 3186 1728 gurgites
3216 1657 3444 1728 effudit,
3460 1658 3556 1714 ille

186 1740 343 1805 οὗτός
401 1740 543 1794 ἐστιν
591 1743 618 1796 ὁ
664 1746 753 1795 καὶ
796 1746 854 1799 τό
910 1742 1214 1799 λεπτότατον
1244 1748 1449 1819 κέντρον
1485 1752 1575 1805 τῆς
1612 1744 1787 1818 μελίσ-

1902 1747 2027 1820 ipse
2046 1754 2135 1804 est
2154 1748 2257 1820 qui
2278 1748 2696 1805 tenuissimum
2711 1747 2963 1820 apicula:
2983 1747 3289 1805 stimulum
3314 1748 3375 1803 in
3396 1749 3557 1804 ﬁstu-

184 1847 289 1893 σης
330 1829 588 1901 κοιλάνας,
641 1834 813 1904 ὥσπερ
864 1831 1037 1900 «illis,
1080 1834 1215 1886 ὥστε
1242 1836 1329 1884 τὸν
1387 1832 1459 1884 ἱόν
1526 1830 1602 1885 δι’
1632 1833 1790 1886 αὐτοῦ

181 1920 486 1991 ἑκχείσθαι.
542 1927 733 1979 Τοῦτον
792 1924 986 1995 σαρκὸς
1027 1922 1101 1991 (2)
1146 1920 1236 1993 μὲν
1270 1921 1545 1995 ὀφθαλμοῖς
1591 1924 1789 1995 θεωρῆ-

181 2026 275 2081 σοιι
306 2010 323 2071 ί
332 2009 385 2081 3)
423 2004 700 2076 ἀδύνατον,
732 2013 790 2065 τὸ
846 2013 948 2083 γὰρ
994 2008 1270 2082 ἀσώματον
1324 2014 1517 2078 σαρκὸς
1558 2014 1788 2083 ὄμμασιν

178 2097 495 2161 ὑποπίπτειν
562 2098 622 2150 οὗ
691 2094 945 2152 ὃύναται³
1009 2104 1098 2159 καὶ
1166 2104 1560 2174 μεμαρτύρηκεν
1632 2100 1787 2163 αὐτὸς

177 2188 209 2238 ό
267 2191 545 2260 μονογενὴς
607 2190 725 2251 Υἱός
790 2196 882 2241 τοῦ
941 2197 1094 2253 Θεοῦ,
1162 2187 1358 2259 λέγων’
1419 2193 1547 2242 Θεὸν
1612 2187 1787 2252 οὐδεὶς

175 2280 391 2327 πώποτε
449 2277 704 2336 τεθέαται.
772 2282 832 2331 Εἰ
887 2278 988 2349 γὰρ
1056 2281 1144 2330 καὶ
1191 2280 1322 2331 κατὰ
1378 2282 1436 2330 τό
1496 2282 1786 2352 γεγραμμέ-

176 2384 264 2416 νον
321 2360 453 2417 εῖδεν
502 2366 527 2416 ό
577 2365 847 2434 Ἰεζεκιὴλ,
882 2365 1010 2419 ἀλλά
1052 2371 1103 2418 τί
1143 2365 1279 2437 λέγει
1318 2368 1347 2424 ἡ
1384 2373 1594 2441 Γραφης
1637 2365 1787 2421 Birino

176 2455 423 2525 ὁμοίωμα
476 2449 635 2519 δόξης
705 2460 917 2528 Κυρίου,
973 2454 1031 2506 οὐ
1071 2459 1173 2527 μὴν
1214 2452 1271 2509 δὲ
1333 2460 1487 2507 αυτόν
1535 2459 1621 2507 τὸν
1678 2460 1786 2510 Κύ-

174 2555 332 2615 ριον⁶
388 2540 497 2593 ἀλλ’
553 2539 676 2595 οὐδὲ
720 2543 882 2603 αὐτὴν
930 2548 1023 2602 τὴν
1070 2540 1248 2613 δόξαν,
1295 2547 1358 2607 ὡς
1390 2548 1529 2597 ἔστιν
1560 2544 1785 2606 ἀληθῶς,

179 2636 285 2682 Καὶ
326 2627 449 2682 ἰδὼν
506 2635 562 2683 τό
620 2634 858 2704 ὁμοίωμα
886 2640 981 2694 τῆς
1049 2629 1229 2699 δόξης,
1260 2638 1349 2685 καὶ
1380 2633 1473 2684 οὐκ
1501 2632 1662 2691 αὐτὴν
1692 2638 1785 2691 τὴν

177 2716 361 2788 δόξαν,
412 2722 585 2772 ἔπεσεν
634 2719 717 2773 ἐπὶ
760 2726 844 2781 τὴν
882 2730 981 2792 γῆν
1026 2720 1125 2773 ἀπὸ
1173 2730 1262 2773 του
1313 2722 1576 2793 φόϐου.Εὶ
1625 2719 1683 2775 δε
1729 2725 1784 2774 τό

174 2816 275 2872 τῆς
328 2803 486 2872 δόξης
545 2810 784 2882 ὁμοίωμα
843 2810 1017 2862 θεαθὲν
1077 2809 1229 2881 φόϐον
1282 2816 1370 2863 καὶ
1425 2810 1648 2881 ἀγωνίαν
1704 2830 1785 2864 πε-

171 2901 397 2971 ριεποίει
457 2904 565 2959 τοῖς
629 2897 943 2972 ἀνθρώποις.
1004 2898 1158 2950 αὐτόν
1200 2902 1355 2961 εἴτις
1413 2900 1473 2951 ἄν
1532 2898 1787 2973 ἐθεώρησε

172 2988 264 3037 τὸν
301 2989 450 3052 Θεὸν,
500 2988 701 3046 πάντως
732 2988 793 3038 οἶν
846 2985 1218 3058 ἀπηλλάττετο,
1270 2990 1401 3039 κατὰ
1467 2992 1524 3040 τό
1575 2988 1785 3062 εἰρημέ-

1694 3079 1787 3129 Διὰ

170 3171 332 3215 τοῦτο
377 3168 465 3215 καὶ
512 3167 647 3216 κατά
698 3169 792 3222 τὴν
848 3169 1103 3236 μεγίστην
1149 3166 1308 3217 αὐτοῦ
1344 3166 1729 3241 φιλανθρωπίαν
1761 3168 1787 3217 ό

169 3090 290 3125 νον·
348 3072 540 3136 Οὐδεὶς
604 3075 788 3145 ὄψεται
839 3080 925 3127 τὸν
994 3079 1140 3147 Θεὸν,
1215 3077 1306 3128 καί
1369 3080 1613 3140 ζήσεται.

171 3257 311 3314 Θεὸς
358 3256 748 3325 παραπέτασμα
825 3261 921 3314 τῆς
1002 3254 1194 3325 οἰκείας
1269 3256 1511 3315 θεότητος
1584 3254 1790 3323 ἐξέτεινε

169 3345 261 3393 τόν
320 3340 556 3415 οὐρανόν,
602 3344 684 3393 ῖνα
725 3347 796 3414 μὴ
855 3340 1182 3415 ἀπολώμεθα.
1238 3344 1348 3395 Οὐκ
1398 3343 1515 3416 ἐμός
1558 3346 1583 3395 ό
1620 3345 1787 3415 λόγος.

168 3431 305 3483 ἀλλὰ
362 3435 633 3506 προφήτης
688 3428 860 3485 εἶπενο
943 3432 1061 3484 Ἐὰν
1130 3431 1338 3505 ἀνοίξῃς
1402 3438 1488 3485 τὸν
1551 3433 1785 3506 οὐρανόν,

167 3528 363 3596 τρόμος
443 3522 666 3593 λήψεται
732 3520 831 3574 ἀπὸ
924 3531 1019 3575 σοι)
1094 3527 1185 3595 ὄρη
1222 3566 1237 3589 ,
1309 3544 1374 3575 κα
1470 3530 1791 3581 τακησονται

169 3611 301 3687 παρ’
374 3611 526 3665 αὐτοὶ.
584 3616 682 3664 Καὶ
740 3616 791 3663 τί
846 3612 1146 3683 θαυμάζεις,
1224 3612 1268 3667 εἰ
1326 3613 1350 3665 ὀ
1405 3612 1671 3679 Ἰεζεκιηλ,
1731 3616 1789 3666 τό

1272 3699 1329 3751 Ὀ
1370 3700 1559 3757 Δανιὴλ
1588 3703 1789 3757 οἰκέτην

924 3531 1019 3575 σοῦ
1094 3527 1237 3595 ὄρη,
1309 3544 1374 3575 κα

173 3702 423 3772 ὁμοίωμα
472 3706 560 3758 τῆς
619 3694 782 3760 δόξης
831 3694 977 3765 ἰδὼν,
1010 3702 1231 3767 Emesa;

172 3784 307 3841 ἰδὼν
358 3796 448 3839 τοῦ
510 3792 722 3860 Κυρίου,
788 3792 878 3839 καὶ
921 3788 1105 3850 ἔπτηξε
1154 3790 1248 3856 (4),
1290 3794 1379 3841 καὶ
1428 3791 1642 3840 imm-no“
1702 3794 1791 3840 καὶ

166 3878 341 3952 ἄχρις

164 3968 415 4038 ὁμοίωμα
478 3968 594 4017 υἱοῦ
656 3964 810 4033 Θεοῦ,
861 3965 955 4017 οὐκ
1002 3965 1281 4039 ἐτόλμησεν
1325 3964 1689 4041 ἀποκριθῆναι.
1733 3966 1793 4027 Εἰ

432 3878 551 3929 ὅτου
628 3875 915 3939 ἐξεϐιάζετο
990 3884 1094 3937 τοῖς
1170 3876 1445 3949 ὀφθαλμοῖς
1523 3874 1650 3929 ἰδεῖν
1721 3877 1790 3937 εἰς

166 4052 233 4107 δι
289 4053 519 4129 Γαϐριὴλ
583 4055 947 4127 ὀπτανόμενος,
1007 4062 1197 4131 τρόμον
1278 4062 1416 4121 ποιεῖ
1502 4059 1791 4129 προφήταις

164 4143 467 4219 ἀνθρώποις
528 4152 620 4197 τοῦ
684 4152 853 4197 Θεοῦ*
896 4143 939 4196 εἰ
1005 4141 1124 4201 ἦλθε
1188 4146 1359 4205 καθὼς
1425 4141 1506 4213 ἦν,
1582 4144 1675 4196 οὐκ
1729 4145 1790 4203 ἄν

166 4232 473 4286 ἀπώλλυντο
502 4235 715 4299 πάντες
772 4237 925 4285 παντί
964 4252 1061 4284 που
1119 4229 1298 4291 δῆλον,
1348 4232 1409 4287 Εἰ
1461 4238 1630 4286 τοίνυν
1702 4235 1787 4285 θέ-

163 4324 276 4384 λεις
333 4332 522 4394 γνῶναι
568 4330 764 4394 σαφῶς,
800 4324 876 4373 ὅτι
932 4324 1086 4393 φύσιν
1135 4329 1268 4374 Θεοῦ
1299 4321 1609 4375 καταλαϐεῖν
1660 4319 1790 4389 ἀδυ-

1897 1837 1969 1895 lie
1994 1836 2246 1894 modum
2275 1838 2609 1901 excavavit,
2634 1837 2785 1893 adeo
2810 1841 2871 1893 ut
2896 1852 3001 1909 per
3024 1836 3230 1908 ipsum
3252 1852 3554 1893 venenum

1898 1926 2262 1985 effundatur.
2297 1929 2375 1992 (8)
2411 1926 2579 1982 Hunc
2600 1925 2902 1998 corporeis
2925 1924 3170 1998 quidem
3200 1924 3394 1984 oculis
3419 1939 3559 1980 con-

1897 2013 2175 2086 templari
2222 2014 2469 2071 minime
2500 2015 2848 2073 conceditur
2880 2030 2894 2069 :
2935 2013 3359 2086 incorporeum
3394 2015 3554 2071 enim

1896 2102 2053 2165 visui
2084 2100 2297 2173 subjici
2324 2116 2614 2175 corporeo
2648 2116 2771 2160 non
2818 2105 3015 2173 potest
3056 2119 3069 2156 :
3106 2100 3273 2174 quod
3303 2101 3553 2175 quidem

1896 2190 2239 2262 unigenitus
2270 2190 2399 2263 ipse
2446 2188 2545 2246 Dei
2592 2188 2773 2253 Filius
2806 2189 3155 2247 testiﬁcatus
3186 2194 3273 2244 est
3302 2188 3508 2249 dicens
3535 2205 3551 2245 :

1895 2280 2082 2357 Deum
2104 2295 2273 2335 nemo
2298 2280 2445 2335 vidit
2468 2294 2729 2350 unquam
2744 2276 2810 2331 ⁸⁵.
2840 2277 2955 2333 Etsi
2975 2278 3153 2348 enim,
3176 2282 3241 2333 ut
3263 2277 3555 2348 scriptum

1894 2373 2006 2436 est,
2039 2367 2183 2424 vidit
2215 2365 2471 2423 Ezechiel
2497 2383 2510 2420 :
2535 2364 2677 2421 audi
2698 2364 2847 2437 quid
2875 2365 3179 2437 Scriptura
3199 2364 3379 2432 dicat,
3397 2364 3555 2421 Vidit

1894 2456 2346 2512 similitudinem
2369 2456 2580 2525 gloria:
2613 2456 2849 2509 Domini
2861 2455 2939 2519 ’7;
2971 2469 3094 2508 non
3125 2457 3326 2508 tamen
3348 2453 3553 2524 ipsum

1900 2544 2238 2608 Dominum,
2262 2544 2367 2601 sed
2386 2559 2459 2598 ne
2476 2543 2672 2613 ipsam
2692 2542 2937 2614 quidem
2956 2541 3435 2613 gloriam,qualis
3450 2540 3555 2597 illa

1895 2648 2100 2687 revera
2136 2637 2243 2687 est.
2297 2634 2360 2687 Et
2390 2648 2528 2686 cum
2564 2630 3013 2687 similitudinem
3047 2628 3250 2697 gloria:
3286 2628 3552 2697 vidisset,

1882 2716 2017 2783 non
2050 2721 2242 2793 ipsam
2270 2720 2522 2791 gloriam
2546 2738 2559 2787 ;
2595 2735 2715 2791 prce
2744 2719 2953 2774 timore
2982 2718 3040 2773 in
3076 2723 3292 2777 terram
3317 2718 3554 2778 cecidit.

1896 2810 2065 2875 Quod
2100 2810 2146 2864 si
2170 2813 2490 2881 conspecta
2521 2808 2721 2878 gloriae
2766 2806 3094 2873 similitudo
3126 2812 3410 2865 terrorem
3441 2806 3553 2862 ho-

1896 2896 2159 2955 minibus
2183 2902 2624 2968 tremoremque
2648 2897 2875 2963 incutit,
2894 2898 3075 2951 Deum
3104 2896 3301 2967 ipsum
3324 2894 3373 2949 si
3390 2894 3553 2964 quis-

1896 2986 2059 3057 piam
2086 2985 2315 3050 viderit,
2349 3001 2379 3040 e
2409 2984 2531 3039 vita
2561 3000 2807 3056 prorsus
2839 2982 3200 3054 migraverit,
3231 2986 3293 3037 ut
3321 2980 3551 3037 dictum

1896 3080 1984 3131 est
2010 3092 2021 3129 :
2046 3075 2231 3131 Nemo
2258 3074 2477 3131 videbit
2505 3074 2846 3143 Dominum,
2871 3088 2943 3130 ac
2966 3073 3115 3127 vivet
3132 3073 3199 3127 ²⁸.
3235 3073 3552 3142 Propterea

1900 3167 2052 3219 Deus
2082 3179 2190 3235 pro
2213 3179 2322 3217 sua
2343 3178 2481 3231 erga
2515 3178 2625 3216 nos
2656 3162 3047 3229 humanitate,
3078 3158 3293 3215 ccelum
3320 3158 3548 3231 ipsum,

1899 3268 2023 3313 suae
2049 3250 2374 3317 divinitatis
2409 3250 2625 3321 velum.
2653 3266 2727 3307 ne
2760 3266 3095 3322 pereamus,
3126 3248 3415 3313 obtendit.
3446 3250 3550 3304 Ne-

1898 3357 2015 3413 que
2046 3340 2118 3395 de
2145 3356 2281 3396 meo
2309 3338 2369 3394 id
2402 3340 2607 3406 affero,
2643 3339 2766 3395 imo
2792 3338 2917 3413 ipse
2952 3338 3247 3411 propheta
3286 3337 3556 3393 dixit:Si

1898 3431 2207 3500 aperueris
2229 3430 2690 3494 cmium,tremor
2708 3443 2744 3484 α
2767 3434 2863 3482 tuo
2885 3434 3202 3495 conspectu
3222 3426 3553 3496 apprehen-

1899 3518 1994 3574 det
2025 3525 2273 3586 montes,
2296 3524 2348 3572 et
2379 3519 2663 3573 continuo
2690 3516 3004 3575 tabescent.
3032 3518 3098 3571 Et
3133 3515 3278 3587 quid
3314 3512 3552 3569 miraris

1901 3607 1947 3663 si
1970 3608 2171 3676 gloriae
2195 3605 2644 3675 similitudinem
2666 3622 2803 3661 cum
2828 3605 3068 3671 vidisset
3098 3603 3382 3667 Ezechiel,
3404 3602 3552 3659 ceci-

1900 3695 1984 3750 dit
2018 3695 2072 3757 in
2100 3695 2353 3763 faciem?
2384 3693 2606 3750 Daniel.
2632 3700 2953 3766 conspecto
2994 3696 3091 3749 Dei
3132 3708 3323 3758 servo,
3355 3697 3413 3748 et
3436 3697 3551 3747 tre-

1900 3785 2070 3847 muit,
2094 3790 2148 3840 et
2169 3783 2227 3853 in
2256 3784 2469 3839 faciem
2492 3782 2702 3839 cecidit
2726 3800 2738 3837 :
2764 3788 2819 3837 et
2844 3781 3118 3853 quandiu
3144 3780 3332 3837 oculis
3350 3780 3553 3836 videre

1900 3873 2207 3929 contendit
2232 3873 2325 3929 Dei
2345 3872 2446 3928 filii
2472 3870 2943 3941 similitudinem,
2962 3870 3168 3927 tandiu
3188 3867 3552 3941 respondere

1902 3979 2022 4029 non
2061 3980 2248 4021 ansus
2282 3964 2451 4021 est”.
2485 3962 2538 4019 Si
2572 3977 2714 4017 vero
2745 3964 2910 4016 visus
2959 3959 3192 4021 Gabriel
3240 3958 3551 4032 prophetis

1900 4052 2243 4121 hominibus
2274 4051 2375 4106 Dei
2406 4056 2723 4107 tremorem
2756 4048 2961 4104 incutit
2988 4066 3000 4116 ;
3035 4048 3084 4103 si
3114 4047 3310 4119 qualis
3364 4052 3469 4115 est,
3499 4046 3552 4103 is

1900 4156 2028 4197 sese
2074 4139 2416 4205 ostenderit,
2468 4154 2668 4195 nonne
2701 4137 2981 4211 perierint
3012 4137 3264 4192 omnes?
3320 4134 3555 4192 Nemini

1900 4228 2165 4301 profecto
2183 4226 2436 4284 dubium
2460 4227 2626 4285 est.Si
2652 4226 2739 4281 vis
2760 4225 2938 4294 igitur
2967 4231 3171 4297 aperte
3189 4239 3554 4293 cognoscere

1898 4316 2568 4391 incomprehensibilem
2594 4332 2726 4370 esse
2756 4314 2856 4371 Dei
2886 4321 3185 4379 naturam,
3219 4314 3381 4368 disce
3402 4313 3554 4384 quid

165 4431 351 4477 νοιτον,
407 4412 651 4484 μάνθανε,
707 4414 759 4462 τί
805 4410 1042 4481 λέγουσιν
1099 4412 1146 4473 οἱ
1201 4417 1339 4484 τρεῖς
1371 4407 1553 4471 παῖδες
1612 4410 1660 4475 ἐν
1720 4420 1781 4483 τῇ

1902 4412 2014 4477 tres
2037 4407 2203 4483 pueri
2224 4406 2283 4477 in
2305 4405 2568 4483 ardentis
2590 4404 2743 4473 ignis
2761 4403 2999 4458 fornace
3017 4401 3334 4457 laudantes
3358 4400 3548 4456 Deum

167 4506 377 4572 καμίνῳ
433 4507 524 4552 τοῦ
576 4502 761 4575 πυρός,
815 4498 1213 4570 ὑμνολογοῦντες
1261 4502 1346 4549 τόν
1395 4504 1557 4551 Θεὸν·
1621 4499 1783 4551 Εὐλο-

165 4593 335 4662 γητὸς
402 4586 464 4656 εἶ,
540 4592 565 4641 ό
640 4586 842 4659 βλέπων
931 4586 1219 4655 ἀϐύσσους,
1314 4588 1604 4657 καθήμενος
1698 4587 1782 4639 ἐπὶ

164 4676 460 4753 χερουϐίμ.
522 4676 643 4730 Εἰπέ
699 4696 807 4749 μοι,
850 4676 940 4727 τοῦ
978 4674 1242 4751 χερουϐὶμ
1299 4679 1375 4736 τίς
1430 4678 1568 4745 ἐστιν
1623 4676 1782 4746 ἡφύ-

167 4787 280 4837 σις,
347 4772 437 4819 καὶ
500 4785 614 4818 τοτε
678 4769 764 4816 τόν
824 4763 1195 4836 ἐπικαθήμενον
1255 4766 1474 4836 θεωρεῑς.
1538 4768 1782 4835 Καίτοιγε

245 4893 296 4931 ³⁵
326 4892 494 4946 Joan.
526 4906 566 4957 ι,
600 4888 684 4944 18.
762 4890 807 4923 ³⁷
836 4888 1039 4944 Ezech.
1070 4904 1130 4954 ιι,
1161 4889 1245 4942 19.

244 5017 321 5079 (n
362 5013 612 5092 [Ιολλααις
634 5014 899 5092 γάρλεῑο.
935 5014 1067 5067 Haec
1095 5011 1277 5092 verba
1307 5025 1500 5089 usque
1532 5008 1609 5092 ad
1636 5009 1768 5092 illa,

166 5088 473 5163 ἐκκεῖσθαι,
503 5080 823 5163 desumpta
852 5099 985 5163 esse
1027 5097 1099 5138 ex
1132 5080 1501 5163 Hegra‘emero
1551 5080 1775 5163 indicat

164 5155 366 5241 codex
398 5158 613 5226 Regius
646 5155 803 5224 1992,
822 5155 926 5211 sed
951 5171 1023 5210 ea
1044 5156 1301 5226 reperire
1324 5168 1443 5208 non
1468 5155 1776 5224 potuimus

164 5232 230 5298 in
264 5229 381 5285 hoc
410 5243 610 5300 opere.
1569 5294 1577 5303 _

246 5304 325 5371 (2)
363 5306 555 5352 Τοῦτον
589 5302 799 5421 σαξκὸς.
851 5299 977 5363 Haec
1009 5296 1192 5379 verba
1235 5312 1426 5371 usque
1456 5293 1535 5349 ad
1565 5293 1686 5375 illa,
1719 5292 1770 5345 ἐκ

166 5376 357 5421 ιιέοουε
404 5389 636 5421 καταονη
680 5374 883 5421 ἠσεται-
944 5383 1200 5421 reperire
1252 5383 1372 5421 non
1446 5371 1770 5421 DOtlllmlIS.

161 5376 357 5445 μέρους
404 5371 883 5441 καταργηθήσεται,
944 5371 1200 5439 reperire
1252 5383 1372 5422 non
1446 5371 1770 5445 potuimus.

164 5442 370 5476 ΓΛΑΩἿ
410 5446 541 5476 1000
584 5440 805 5476 inditum}
838 5440 1167 5476 nnnfinnnm
1243 5440 1413 5476 nunt]
1442 5451 1773 5476 ennnm‘nrp-

164 5440 374 5500 Codex
410 5440 545 5497 1992
583 5440 807 5495 indicat
838 5440 1192 5505 orationem,
1243 5440 1413 5506 Quod
1442 5440 1748 5505 incompre

164 5511 484 5573 hensibiiis
514 5518 599 5569 est
626 5513 802 5569 Deus.

187 5578 193 5584 ’
242 5586 325 5655 (3)
361 5590 662 5659 Θεωρῆσαι.
704 5576 904 5639 Codex
928 5579 1147 5653 Regius
1182 5582 1318 5638 1992
1347 5580 1674 5647 ὑποπίπτειν.

1323 4888 1370 4922 ³⁸
1394 4885 1577 4942 Exod.
1616 4901 1796 4942 xxxiii
1822 4889 1914 4941 20.

1894 4496 2097 4553 dicant
2131 4513 2142 4550 :
2178 4495 2533 4552 Benedictus
2555 4509 2611 4550 es
2634 4494 2736 4563 qui
2758 4492 3007 4546 intueris
3030 4490 3293 4557 abyssos,
3313 4494 3369 4543 et
3389 4490 3550 4545 sedes

1892 4602 2072 4655 super
2093 4585 2391 4642 cherubim
2415 4585 2481 4636 ³ο.
2508 4585 2723 4648 Quaeso
2750 4579 2933 4648 te,dic
2961 4578 3127 4643 mihi,
3153 4593 3437 4649 quamam
3463 4581 3551 4635 est

1892 4673 2199 4736 cherubim
2222 4676 2646 4741 natura,atque
2662 4674 2785 4727 tum
2804 4666 3166 4723 insidentem
3182 4664 3550 4737 contempla-

1890 4762 2068 4817 beris.
2104 4760 2386 4825 Quamvis
2417 4757 2711 4831 propheta
2743 4753 3004 4811 Ezechiel
3038 4753 3275 4810 illorum
3330 4753 3551 4811 descri-

1990 4887 2039 4921 "
2074 4888 2222 4943 Dan.
2244 4899 2302 4953 ι,
2327 4890 2357 4937 7
2393 4897 2530 4954 sqq.
2607 4882 2654 4915 ³ο
2684 4882 2830 4935 Dan.
2864 4895 2943 4947 ιιι,
2974 4883 3061 4935 55.

1953 5008 2030 5079 (4)
2068 5007 2312 5068 "Em-nis.
2348 5008 2513 5079 Hunc
2542 5004 2761 5079 locum
2794 5018 2918 5079 ope!
2962 5001 3541 5079 utriusquecodicis

1883 5072 2254 5134 sanavimus.
2284 5076 2596 5132 Habebant
2624 5076 2764 5130 editi
2790 5072 2944 5138 ἓτὲηξι
2972 5081 3064 5127 καὶ
3089 5072 3265 5126 ἔπιοεν
3283 5072 3361 5125 ἐπὶ
3382 5078 3547 5145 πρόσο

1881 5171 2041 5219 ωπον,
2074 5156 2229 5204 καὶ...
2258 5148 2579 5211 ὶξεϐιϐαζετο
2609 5148 2679 5209 εἰς
2711 5150 2971 5220 ὁμοίωμα.

1954 5227 2025 5290 (ὅ)
2067 5225 2146 5279 Ex
2179 5221 2353 5293 epist.
2384 5236 2518 5291 cxu,
2546 5223 2674 5276 204.

1954 5295 2026 5357 (6)
2071 5291 2365 5348 lbidJ‘ZOE‘).

1955 5365 2030 5434 ('7)
2078 5368 2237 5418 Unus
2269 5362 2463 5434 codex
2486 5360 2710 5434 indicat
2732 5359 2895 5416 hom.
2931 5361 2993 5414 in
3023 5358 3311 5434 ΗςαεαεῃιΣ

1952 5428 2030 5503 (8)
2072 5436 2323 5505 Uterque
2356 5432 2547 5505 codex
2579 5432 2824 5499 indicat,
2857 5446 3039 5486 serm.
3084 5428 3249 5494 Quod
3283 5429 3442 5483 Deus
3468 5428 3547 5483 sit

1880 5504 2519 5577 incomprehensibilis.
