4056 6222
586 232 732 329 ιδιι

1529 268 1895 327 ΑΡΡΕΝΒΙΧ.
1936 295 2005 309 -
2046 262 2393 323 SYMEONIS
2434 263 2983 347 METAPIIRASTAS.

3755 278 3861 333 1312

584 397 852 471 ptionem
872 394 1040 471 quod
1066 395 1195 452 ﬁeri
1220 394 1432 469 potuit,
1463 393 1697 465 scriptis
1756 393 1831 450 sit
1876 392 2229 465 persecutus

2339 388 2588 450 Ἰεζεκιήλ
2661 391 2688 442 ό
2762 396 3029 464 προφήτης
3102 395 3192 445 καὶ
3267 395 3357 452 τὴν
3447 396 3674 469 ἔκφρασιν
3739 400 3863 451 αὐτῶν

583 487 895 561 inquiens:
914 486 1179 555 Quatuor
1193 486 1383 555 facies
1405 484 1658 542 habebat
1675 500 1882 549 unum,
1898 482 2085 553 facies
2105 494 2229 536 una

588 576 865 648 hominis,
892 576 1080 646 facies
1107 576 1370 633 secunda
1401 574 1618 641 leonis;
1660 580 1714 630 et
1742 575 1807 629 in
1848 572 2020 629 tertio
2047 570 2230 641 facies

585 666 824 737 aquilas,
853 672 907 722 et
931 667 994 721 in
1025 670 1241 736 quarto
1261 665 1455 734 facies
1484 664 1666 720 vituli
1677 664 1721 699 ³¹
1755 680 1768 719 :
1796 660 2086 735 quodque
2126 658 2234 715 uni

588 770 693 812 sex
721 758 923 813 essent
965 754 1093 827 alae,
1144 760 1323 828 atque
1352 754 1499 829 ipsis
1530 753 1797 827 undique
1827 756 2029 809 essent
2051 749 2231 820 oculi,

586 843 875 917 quodque
903 843 1121 915 singuli
1158 845 1491 915 subjectam
1534 840 2232 915 haberentquadrangu-

586 931 777 990 larem
795 938 1020 1001 rotam;
1051 932 1211 990 facta
1230 936 1431 989 tamen
1454 946 1490 989 a
1509 932 1801 1005 propheta
1814 929 2230 1002 descriptione,

586 1021 823 1078 etiamsi
849 1020 1443 1094 legimus,percipere
1463 1036 1587 1077 non
1607 1019 1965 1077 valemus.Si
1980 1033 2119 1074 vero
2141 1033 2231 1074 so-

584 1109 927 1185 lium,quod
955 1111 1317 1183 explanavit,
1349 1110 1553 1167 animo
1581 1108 2091 1183 comprehendere
2111 1122 2232 1163 non

586 1214 936 1272 possumus,
966 1200 1322 1258 insidentem
1345 1201 1457 1272 ipsi
1482 1199 1843 1256 invisibilem
1876 1200 2085 1265 Deum,
2110 1212 2235 1269 qua

586 1288 817 1345 ratione
846 1289 1175 1361 poterimus
1194 1291 1223 1345 ?
1272 1289 1423 1345 facie
1453 1288 1748 1361 siquidem
1781 1287 1859 1344 ad
1902 1287 2116 1342 faciem
2145 1285 2233 1341 vi-

588 1392 781 1445 suros,
807 1378 1254 1450 perfectamque
1289 1378 1463 1450 556
1491 1374 2113 1449 incomprehensibilis
2135 1373 2235 1430 Dei

588 1465 917 1535 majestatis
936 1466 996 1521 in
1023 1466 1225 1522 futuro
1255 1465 1474 1522 saeculo
1500 1465 1902 1535 cognitionem
1922 1463 2234 1519 habituros

587 1568 691 1610 eos
715 1553 819 1626 qui
842 1554 1008 1623 digni
1032 1555 1269 1621 fuerint,
1284 1559 1443 1612 certa
1471 1554 1896 1627 pollicitatione
1918 1552 2235 1609 conﬁrma-

588 1644 715 1698 tum
742 1646 847 1698 est.
881 1646 1047 1699 Nunc
1070 1659 1211 1699 vero
1236 1644 1414 1701 etiam
1442 1644 1489 1699 si
1521 1644 1737 1700 Paulus
1757 1642 1904 1699 alter
1928 1641 2233 1714 quispiam

2338 466 2624 537 ἐποιήσοιτο
2673 475 2924 546 δυνατῶς,
2971 480 3151 552 λέγων,
3183 483 3265 534 ὅτι
3308 487 3544 559 Τέσσαρα
3569 505 3789 559 πρόσωπα
3812 499 3862 560 τῷ

2340 568 2414 620 ένι
2433 584 2445 598 ⁸
2500 574 2559 622 τό
2602 571 2692 642 μὲν
2744 568 3037 643 ἀνθρώπου,
3070 575 3128 624 τό
3166 568 3226 626 δε
3254 571 3468 641 Πόντος,
3492 577 3547 627 τό
3578 572 3633 628 δε
3659 576 3799 643 ἀετοῦ,
3821 585 3861 631 τό

2341 653 2399 710 δξ
2429 661 2642 730 μόσχου
2667 679 2681 692 ·
2715 663 2804 711 καὶ
2833 662 2910 712 ὃτι
2941 660 2995 723 ἐξ
3022 663 3269 735 πτέρυγες
3298 670 3366 733 τῷ
3397 661 3487 731 ἑνὶ,
3516 667 3600 715 καὶ
3627 667 3695 716 ὄτι
3719 665 3861 737 ὀφθαλ-

2340 752 2425 820 μοὶ
2466 748 2642 811 αὐτοῖς
2680 752 3033 822 πανταχόθεν,
3098 755 3189 803 καὶ
3254 753 3333 804 ὅτι
3396 754 3492 805 ὑπὸ
3555 754 3661 807 καθ’
3700 756 3862 809 ἕκαστον

2339 842 2537 910 τροχὸς
2590 840 2907 912 τετράγωνος
2946 840 3311 913 ὑποκείμενος·
3351 846 3439 894 καὶ
3493 844 3623 915 ὅμως
3668 851 3745 896 τοῦ
3767 863 3863 918 προσ

2342 933 2505 998 φήτου
2537 928 2614 999 (2ὶ
2645 932 2740 986 τὴν
2771 931 3019 1003 ἔκφρασιν
3066 936 3434 1003 πεποιημένου,
3467 931 3602 984 οὖπω
3632 934 3761 1004 ἡμεῖς
3781 938 3864 986 οὔτε

2341 1014 2776 1087 ἀναγινώσκοντες
2850 1017 3156 1072 καταλαϐεῖν
3224 1016 3503 1092 δυνάμεθα.
3581 1019 3636 1073 Εἰ
3707 1017 3756 1073 δε
3804 1026 3864 1073 τὸν

2343 1107 2519 1176 θρόνον
2577 1108 2629 1158 όν
2690 1103 3011 1179 διηγήσατό,
3075 1107 3379 1162 καταλαϐεῖν
3410 1109 3467 1162 ού
3510 1105 3762 1182 δυνάμεθα,
3805 1116 3865 1162 τόν

2342 1191 2715 1267 ἐπικαθήμενον
2774 1194 2994 1271 ἀόρατον
3048 1200 3177 1250 Θεὸν
3223 1205 3333 1259 πῶς
3380 1197 3667 1251 καταλαϐεῖν
3692 1194 3865 1256 δυνησο-

2341 1282 2511 1353 μεθα;
2579 1286 2637 1335 τό
2704 1286 2793 1351 μὶν
2858 1287 2958 1357 γὰρ
3012 1289 3291 1359 πρόσωπον
3350 1289 3477 1359 πρὸς
3514 1290 3865 1361 πρόσωπον,καὶ

2341 1372 2371 1427 ἡ
2415 1369 2582 1422 τελεία
2621 1369 2897 1443 ἐπίγνωσις
2934 1381 3029 1434 τῆς
3094 1380 3185 1425 τοῦ
3252 1380 3387 1427 Θεοῦ
3444 1372 3772 1431 ἀκαταλήπτον
3800 1392 3865 1444 με·

2340 1457 2690 1531 γαλειότητος,
2753 1459 2800 1513 ἐν
2852 1469 2922 1532 τῷ
2977 1461 3203 1533 μέλλοντι
3237 1462 3386 1515 αἰῶνι
3427 1469 3534 1525 τοῖς
3558 1461 3701 1525 ἀξίοις
3723 1459 3848 1515 ἀποδο

2344 1548 2496 1607 θῆναι
2552 1547 2884 1620 ἐπήγγελται.
2937 1558 3045 1603 Νῦν
3100 1547 3158 1604 δε
3205 1553 3302 1603 κοίν
3358 1551 3551 1613 Παῡλός
3598 1571 3664 1611 τις
3710 1549 3754 1623 ᾖ,
3798 1554 3864 1602 κέν

2344 1640 2546 1709 Πέτρος,
2605 1636 2782 1710 βλέπει
2831 1642 2921 1711 μεν
2974 1637 3198 1707 ἀληθῶς,
3246 1644 3339 1692 καὶ
3386 1640 3445 1692 ού
3495 1639 3739 1710 πλοινοὶτοιι⁵
3776 1636 3863 1692 οὐδὲ

587 1729 782 1793 fuerit.
814 1732 992 1788 etiam
1023 1732 1070 1788 si
1092 1735 1315 1803 Petrus,
1348 1732 1533 1789 cernit
1560 1732 1806 1805 quidem
1836 1746 1997 1799 vere,
2036 1745 2232 1802 neque

2343 1726 2675 1797 φαντάζεται,
2730 1724 2803 1780 δι’
2858 1727 3113 1802 ἐσόπτρου
3163 1726 3222 1782 δε
3274 1731 3414 1802 ὅμως
3446 1728 3615 1802 βλέπει
3648 1734 3723 1781 καὶ
3753 1728 3864 1781 Esai-

586 1818 1007 1889 hallucinatur,
1054 1826 1157 1877 aut
1184 1821 1548 1894 imaginibus
1573 1820 1896 1885 deluditur,
1930 1822 2232 1876 verumta-

586 1923 728 1964 men
764 1908 947 1965 veluti
1000 1925 1108 1983 per
1154 1911 1489 1983 speculum,
1520 1916 1576 1967 et
1606 1912 1666 1967 in
1698 1910 2016 1979 aenigmate
2046 1908 2234 1964 intue-

586 1998 683 2053 tur
707 2014 720 2052 :
749 1998 993 2070 etquod
1023 2014 1184 2056 nunc
1213 2016 1285 2056 ex
1312 2004 1478 2073 parte
1508 2004 1596 2056 est
1621 2015 1760 2055 cum
1782 1998 2108 2069 gratiarum
2136 2012 2232 2054 ac-

585 2086 744 2142 tione
773 2087 1098 2160 accipiens,
1116 2088 1281 2161 quod
1306 2088 1485 2162 plane
1513 2087 1842 2161 perfectum
1875 2091 1963 2142 est
1988 2102 2233 2143 summa

586 2189 725 2232 cum
749 2174 951 2234 laetitia
975 2178 1035 2233 in
1066 2177 1331 2235 futurum
1354 2179 1740 2252 opperitur”.
1770 2176 1943 2244 Quod
1971 2175 2131 2232 enim
2168 2176 2230 2232 in

584 2278 658 2320 ea
686 2264 819 2335 ipsa
845 2266 1187 2335 cognitione
1216 2281 1378 2323 nunc
1424 2268 1754 2339 perfectum
1798 2281 1927 2321 esse
1973 2265 2229 2335 videtur,

584 2351 739 2409 adeo
768 2353 1050 2423 exiguum
1081 2354 1371 2428 quiddam
1399 2360 1487 2413 est
1514 2360 1572 2412 et
1598 2355 1946 2422 obscurum,
1981 2359 2105 2411 uta
2134 2354 2230 2410 fu-

585 2439 701 2497 turi
751 2442 948 2498 smculi
989 2442 1251 2500 claritate
1280 2444 1457 2501 distet
1489 2445 1704 2515 magis,
1744 2460 1931 2517 quam
1959 2460 1994 2500 a
2024 2443 2231 2513 cogni-

584 2528 742 2586 tione
762 2546 897 2604 quaa
927 2536 1018 2588 est
1046 2532 1196 2589 facie
1217 2533 1291 2590 ad
1314 2533 1547 2590 faciem.
1576 2536 1656 2591 Ac
1687 2536 1853 2589 tanta
1877 2532 2125 2601 quidem
2138 2536 2233 2588 est

585 2619 941 2689 cognitionis
970 2621 1072 2678 Dei
1118 2622 1404 2691 infinitas,
1436 2628 1728 2695 tantaque
1784 2623 2068 2679 humanae
2126 2638 2229 2678 na-

584 2709 731 2763 turas
759 2708 820 2764 in
850 2710 1247 2782 percipiendis
1276 2712 1391 2769 hoc
1419 2713 1480 2769 in
1512 2712 1730 2770 saeculo
1761 2711 1978 2767 divinis
2009 2713 2232 2783 myste-

582 2795 686 2853 riis
730 2798 1128 2868 imbecillitas,
1162 2818 1300 2858 cum
1334 2817 1574 2875 semper
1601 2801 1849 2875 quidem
1894 2817 1999 2873 pro
2030 2800 2231 2870 cujus-

581 2901 701 2959 que
721 2903 1045 2961 progressu
1081 2889 1283 2963 aliqua
1308 2892 1415 2949 ﬂat
1443 2890 1733 2956 accessio,
1765 2889 1869 2946 sed
1896 2904 2076 2946 nemo
2105 2903 2236 2962 per‘

582 2973 799 3032 fectam
816 2978 1218 3047 cognitionem
1236 2995 1303 3035 as
1312 2978 1818 3052 sequatur,donec
1835 2975 2237 3051 veneritquod

580 3065 913 3137 perfectum
951 3072 1058 3141 est,
1085 3068 1334 3142 quando
1373 3068 1539 3142 quod
1571 3084 1644 3125 ex
1674 3071 1841 3142 parte
1868 3071 1955 3124 est
1983 3081 2237 3124 evacua-
2266 3083 2307 3139 ο

584 3151 744 3211 bitur
760 3156 827 3210 ³³.

649 3247 704 3301 4.
737 3244 814 3317 (1)
846 3245 957 3311 Qui
976 3260 1186 3303 eorum
1206 3263 1342 3320 quae
1366 3251 1504 3304 sunt
1528 3247 2051 3318 investigationem
2073 3260 2234 3303 com-

579 3332 781 3404 parari
809 3349 985 3406 posse
1012 3334 1175 3404 dicit,
1207 3336 1258 3392 is
1287 3337 1501 3409 procul
1526 3337 1715 3394 dubio
1740 3338 1838 3394 via
1868 3336 2138 3410 quadam
2180 3338 2235 3392 et

581 3419 791 3478 ordine
811 3427 1072 3480 mentem
1097 3441 1272 3482 suam
1295 3426 1372 3482 ad
1393 3442 1602 3483 eorum
1629 3443 1767 3499 quae
1790 3430 1929 3483 sunt
1949 3425 2243 3501 cognitio~_

580 3523 721 3565 nem
752 3512 1009 3585 appulit;
1045 3517 1099 3568 et
1128 3513 1187 3569 in
1209 3514 1390 3571 rebus
1411 3520 1591 3588 captu
1616 3514 1892 3571 facilibus
1914 3519 1971 3571 et
1990 3515 2236 3571 minutis

579 3600 958 3669 exercitatus,
990 3603 1071 3658 ita
1100 3602 1347 3661 demum
1379 3620 1486 3678 per
1510 3606 1668 3662 hanc
1697 3605 2123 3675 cognitionem,
2156 3604 2237 3660 ad

580 3699 716 3744 eam
752 3705 995 3764 quoque
1032 3706 1170 3764 quae
1208 3693 1635 3763 cogitationem
1674 3709 1919 3749 omnem
1970 3697 2232 3764 superat,

580 3793 753 3835 suam
792 3783 1345 3855 comprehendendi
1386 3783 1729 3841 facultatem
1761 3784 2080 3855 promovit.
2128 3782 2237 3849 Qui

578 3864 756 3936 igitur
777 3884 987 3925 eorum
1009 3886 1144 3942 quae
1172 3875 1311 3927 sunt
1331 3872 1734 3941 cognitionem
1765 3868 2235 3944 apprehendisse

581 3970 646 4010 se
673 3956 978 4027 gloriatur,
1012 3958 1060 4013 is
1089 3959 1371 4015 animalis
1399 3961 1785 4017 minutissimi
1817 3976 1889 4016 ex
1916 3960 1988 4015 iis
2018 3975 2155 4033 quae
2176 3959 2236 4015 in

579 4049 969 4115 conspectum
1010 4046 1252 4113 cadunt,
1286 4053 1563 4104 naturam
1597 4048 1872 4121 explicet,
1904 4053 1960 4105 et
1996 4064 2133 4122 quas
2164 4048 2240 4104 sit

579 4128 845 4186 formicae
870 4138 1087 4188 natura
1114 4133 1295 4203 dicat,
1329 4151 1408 4191 an
1433 4137 1643 4208 spiritu
1688 4142 1743 4193 et
1775 4136 2041 4193 anhelitu
2091 4152 2236 4193 con-

579 4219 837 4277 tineatur
856 4220 1042 4294 ipsius
1067 4222 1182 4278 vita
1208 4240 1219 4277 :
1244 4239 1321 4279 an
1345 4239 1566 4296 corpus
1590 4225 1827 4281 ossibus
1850 4225 2232 4282 distinctum:

580 4323 657 4366 an
687 4325 1013 4383 compages
1044 4311 1234 4367 nervis
1261 4318 1443 4385 atque
1470 4312 1809 4386 ligamentis
1844 4315 2082 4371 ﬁrmata
2111 4333 2125 4372 :
2154 4332 2233 4371 an

2339 1819 2550 1888 νίγματι
2582 1832 2597 1848 ·
2660 1821 2748 1869 καὶ
2808 1820 2866 1869 τό
2928 1816 2982 1871 ἐκ
3019 1821 3209 1894 μέρους
3261 1825 3353 1870 νῦν
3404 1818 3704 1891 εὐχαρίστως
3750 1814 3862 1888 διχό-

2338 1923 2507 1976 μενος,
2565 1908 2623 1958 τό
2680 1905 2865 1959 τέλειον
2913 1905 2985 1967 εἰς
3035 1909 3093 1960 τό
3131 1906 3312 1980 μέλλον
3360 1916 3650 1982 περιχαρῶς
3702 1904 3863 1977 ἕκδὶχι-

2336 2013 2447 2050 ται.
2482 1997 2551 2048 Τό
2578 1997 2679 2068 γὰρ
2714 1992 2901 2049 δοκοῦν
2929 2003 3017 2048 νῦν
3051 1995 3100 2049 έν
3146 2004 3209 2070 τῇ
3258 2003 3451 2068 γνώσει
3478 1997 3669 2063 τέλειον,
3705 1996 3866 2069 βραχυ-

2338 2103 2389 2135 τι
2440 2089 2530 2137 καὶ
2587 2081 2939 2159 ἀμυδρότερον
2997 2090 3245 2138 τοσοῦτόν
3300 2085 3460 2154 ἔστιν,
3492 2089 3558 2149 ὡς
3600 2086 3728 2140 πλέον
3775 2084 3864 2137 ἀπο·

2336 2171 2684 2245 λιμπείνεσθαι
2735 2182 2829 2234 τῆς
2876 2173 2925 2226 έν
2978 2183 3050 2245 τῷ
3096 2174 3333 2247 μέλλοντι
3399 2175 3543 2228 αἰῶνι
3603 2179 3863 2250 τρανότητος,

2338 2265 2368 2319 ἦ
2420 2263 2540 2314 ὅσον
2580 2264 2990 2334 ἀπολιμπάνεται
3043 2272 3139 2316 τοῦ
3202 2270 3491 2339 προσώπου
3554 2268 3667 2338 πρὸς
3719 2267 3865 2336 πρόσθε

2336 2370 2455 2409 πον.
2516 2358 2774 2405 Τοσοῦτον
2822 2356 2913 2425 μεν
2966 2349 3053 2405 οὖν
3132 2362 3228 2415 τῆς
3285 2353 3602 2425 ἓπιγνὼσεως
3651 2360 3729 2406 τοῦ
3771 2358 3865 2404 Θεοῦ

2337 2444 2396 2493 τό
2446 2439 2747 2515 ἀπέραντον,
2797 2449 3047 2494 τοσοῦτον
3114 2441 3172 2496 δὲ
3229 2450 3332 2506 τῆς
3378 2443 3686 2519 ἀνθρωπίνης
3719 2445 3867 2515 φύσεως

2338 2533 2396 2581 τὸ
2449 2539 2545 2582 τῶν
2598 2533 2745 2585 θείων
2809 2537 3114 2607 μυστηρίων
3166 2530 3214 2584 ἐν
3260 2540 3340 2603 τῷ
3372 2538 3581 2607 παρόντι
3631 2532 3864 2603 ἀνέφικτον

2337 2617 2418 2671 ἀεὶ
2470 2621 2559 2691 μεν
2616 2622 2751 2672 κατὰ
2802 2624 3070 2695 προκοπὴν
3128 2621 3355 2675 ἑκάστου
3413 2623 3776 2696 προστιθεμένου
3813 2621 3865 2689 (3)

2339 2716 2431 2761 τοῦ
2461 2706 2711 2769 πλείονος,
2746 2707 2823 2761 ἀεὶ
2855 2705 2914 2762 δε
2943 2717 3035 2762 τοῦ
3080 2714 3206 2783 πρὸς
3256 2710 3412 2774 ἀξίαν
3462 2710 3866 2783 ἀπολιμπανομέιων

2343 2798 2599 2863 ἁπάντων,
2628 2798 2792 2871 οῖχρις
2822 2799 2884 2850 ἄν
2934 2798 3051 2871 ἔλθη
3112 2802 3170 2853 τὸ
3208 2799 3402 2854 τέλειον
3437 2802 3517 2855 ὅτε
3555 2804 3608 2855 τὸ
3647 2799 3695 2853 ἐκ
3734 2802 3866 2871 μεως

2343 2888 2825 2962 καταργηθήσεται.

2416 3244 2471 3298 4.
2511 3242 2569 3295 Ὀ
2601 3239 2661 3296 δὲ
2702 3241 2911 3316 ἓφικτὴν
2951 3244 3079 3297 εἶναι
3134 3243 3293 3316 λέγων
3353 3252 3453 3299 τῶν
3484 3245 3633 3297 όντων
3657 3245 3735 3302 τὴν
3771 3240 3868 3313 εὗρε-

2350 3350 2452 3397 σιν,
2481 3329 2590 3403 ὁδῷ
2633 3352 2731 3384 τινι
2780 3333 2985 3395 πάντως
3012 3337 3102 3386 καὶ
3131 3332 3419 3407 ἀκολουθίᾳ
3451 3331 3544 3387 δ’ιά
3589 3340 3676 3395 τῆς
3714 3337 3792 3383 τῶν
3814 3332 3869 3379 ἄν

2344 3441 2445 3474 των
2487 3426 2723 3493 γνώσεως
2775 3421 3050 3495 προέϐαλεν
3111 3422 3296 3475 ἑαυτοῦ
3370 3428 3465 3483 την
3528 3420 3768 3476 διάνοιαν·
3811 3422 3869 3468 καὶ

2344 3516 2454 3571 τοῖς
2493 3509 2765 3571 εύλήπτοις
2802 3529 2855 3563 τε
2909 3514 3000 3562 καὶ
3051 3516 3385 3586 μικροτέροις
3440 3511 3780 3585 έγγυμνασθιὶς
3809 3502 3869 3556 διὰ

2343 3608 2435 3660 τῆς
2483 3598 2845 3669 καταλήψεως,
2897 3599 3032 3651 ούτω
3078 3604 3168 3653 καὶ
3226 3600 3298 3664 εἰς
3341 3606 3436 3660 τὴν
3494 3600 3707 3654 ἐπέκεινα
3746 3596 3870 3651 πάσης

2345 3687 2541 3749 ἑννοίας
2594 3694 2889 3762 προήγαγεν
2943 3689 3121 3742 ἑαυτὸν
3177 3690 3571 3749 καταληπτικὴν
3632 3688 3867 3761 φαντασίαν.

2346 3778 2548 3830 Ούκοῡν
2602 3778 2628 3829 ό
2673 3781 2768 3835 τὴν
2810 3783 2927 3853 περὶ
2977 3787 3077 3831 τῶν
3129 3783 3284 3831 ὄντων
3327 3777 3534 3839 εἴδησιν
3586 3776 3869 3846 κατειλιὲγένιί

2344 3865 2856 3939 μεγαλαυχούμενος,
2916 3870 2973 3919 τό
3034 3872 3384 3943 σμικρότατον
3435 3876 3535 3921 τῶν
3601 3861 3869 3940 προφαινοῴ·

2343 3975 2461 4023 νων,
2512 3956 2649 4017 ὅπως
2696 3957 2809 4027 ἔχει
2843 3958 3062 4028 φύσεως,
3124 3957 3511 4032 έρμηνευσάτω,
3564 3960 3648 4008 καὶ
3672 3954 3869 4016 risit?“

2344 4046 2619 4118 μύρμηκος
2659 4047 2829 4117 φύσις,
2872 4046 3099 4098 εἰπάτω·
3162 4046 3205 4099 εἰ
3252 4049 3506 4119 πνεύματι
3566 4049 3646 4097 καὶ
3693 4042 3868 4111 ἄσθματι

2348 4137 2625 4204 συνέχεται
2673 4132 2829 4186 αὐτοῦ
2876 4135 2905 4192 ἦ
2962 4135 3068 4196 ζωή
3092 4156 3104 4170 ⁸
3172 4135 3218 4188 εἰ
3247 4135 3446 4197 όστέιος
3484 4138 3541 4187 τὸ
3565 4142 3702 4207 σῶμα
3726 4126 3867 4183 διείὶηο

2305 4211 2471 4276 ’πται
2496 4244 2508 4257 ·
2569 4223 2611 4276 εἰ
2656 4225 2856 4296 νεύροις
2884 4228 2974 4276 καὶ
3014 4220 3279 4297 ὸδέσμοις
3324 4228 3418 4286 τὰς
3464 4225 3695 4300 ἁρμονίας
3718 4223 3868 4273 τετόνυ·

2342 4329 2463 4365 rat“
2515 4312 2558 4366 εὶ
2620 4320 2763 4385 μυῶν
2812 4312 3054 4387 περιϐολῇ
3114 4319 3205 4366 καὶ
3260 4309 3456 4366 ἀδένων
3513 4316 3543 4373 ἡ
3599 4320 3689 4365 τῶν
3731 4310 3865 4379 νεύρων

577 4399 994 4457 musculorum
1024 4405 1079 4458 et
1108 4401 1535 4472 glandularum
1591 4403 1826 4460 ambitu
1857 4405 2232 4464 contineatur

2338 4408 2728 4474 περικρατεῖται
2776 4402 2917 4463 θέσις
2940 4418 2953 4433 °
3009 4402 3052 4455 εἰ
3089 4408 3197 4464 τοῖς
3243 4406 3509 4463 νωτιαίοις
3537 4397 3807 4455 σπονδύλοις
3832 4391 3866 4443 ἂ

576 4504 899 4546 nervorum
932 4490 1076 4546 situs
1100 4508 1113 4547 :
1138 4506 1215 4547 an
1233 4491 1499 4548 medulla
1519 4509 1555 4549 a
1580 4492 1844 4565 sincipite
1865 4493 1942 4550 ad
1968 4493 2227 4552 caudam

578 4591 772 4650 usque
799 4593 924 4634 una
948 4594 1089 4635 cum
1134 4578 1297 4636 dorsi
1348 4580 1635 4637 vertebris
1678 4581 2073 4654 protendatur
2104 4600 2116 4638 :
2150 4598 2228 4641 an

577 4666 867 4722 membris
913 4683 1049 4740 quae
1103 4673 1420 4741 noventur,
1454 4686 1528 4726 ex
1557 4686 1825 4727 nervosas
1856 4671 2228 4729 membranas

579 4754 898 4827 complexu
926 4761 1160 4814 motum
1208 4758 1514 4831 imprimat
1542 4778 1555 4816 :
1581 4774 1659 4816 an
1687 4758 1762 4816 sit
1788 4760 1849 4816 in
1878 4760 2015 4833 ipsa
2037 4761 2230 4831 jecur,

577 4842 713 4900 etin
728 4843 931 4915 jecore
950 4862 1060 4902 vas
1078 4847 1587 4922 quoddam,quod
1607 4848 1682 4907 fel
1704 4849 2009 4923 suscipiat,
2034 4851 2231 4907 sintne

576 4945 750 4988 renes
797 4937 856 4990 et
906 4949 1030 5005 cor,
1087 4939 1143 4992 et
1197 4938 1450 5006 arterias,
1478 4942 1535 4994 et
1590 4954 1780 5006 venas,
1812 4943 1869 4994 et
1916 4938 2228 5011 pelliculae,

578 5024 635 5078 et
652 5021 1118 5095 diaphragmata
1137 5042 1149 5081 :
1172 5025 1323 5082 sitne
1344 5025 1571 5083 animal
1586 5027 1821 5083 nudum
1840 5042 1916 5083 an
1935 5027 2227 5099 pilosum:

576 5113 779 5167 utrum
804 5112 1063 5181 ungulas
1093 5112 1401 5184 indivisas,
1432 5130 1510 5171 an
1535 5115 1721 5189 pedes
1746 5114 2076 5172 multiﬁdos
2121 5117 2229 5175 ha-

574 5199 899 5256 beatzitem
929 5204 1160 5274 quanto
1180 5206 1449 5276 tempore
1474 5204 1657 5271 vivat,
1678 5208 1734 5261 et
1762 5205 2071 5278 quomodo
2097 5207 2229 5265 alia;

576 5288 727 5346 alias
756 5289 1009 5361 gignant
1031 5307 1044 5346 :
1068 5292 1340 5365 quandiu
1370 5296 1630 5363 gestetur
1652 5292 1826 5360 fetus,
1842 5298 1898 5349 et
1918 5297 2231 5366 quomodo

646 5398 691 5432 ⁸¹
725 5397 931 5454 Ezech.
963 5414 1021 5464 χ,
1050 5400 1137 5454 14.
1233 5400 1281 5434 ³²
1312 5400 1331 5453 l
1367 5400 1498 5456 Cor.
1548 5414 1670 5468 xui,
1695 5400 1781 5455 12.
1876 5401 1923 5436 ³⁸
1953 5401 2098 5458 ibid.
2144 5403 2233 5484 10.

644 5487 727 5627 gl)
765 5489 846 5544 Ex
880 5488 1054 5561 epist.
1084 5504 1205 5557 XVI,
1236 5492 1323 5545 95.

670 5559 721 5626 2)
762 5564 1056 5627 Προφήτου.
1122 5559 1216 5616 Sic
1263 5562 1323 5616 Rt

670 5559 721 5626 2)
762 5558 1056 5640 Προφῇτου.
1122 5559 1216 5640 _Sic
1263 5558 1482 5631 Regius
1535 5560 1725 5619 codex
1783 5562 1940 5636 199?,
2017 5563 2234 5623 melius

577 5639 767 5698 quam
796 5629 939 5686 editi
968 5634 1274 5704 προσώπου.

2338 4498 2429 4544 τοῦ
2490 4489 2788 4566 βρέγιιατος
2843 4489 2927 4543 ἰπὶ
2985 4494 3043 4544 τό
3098 4491 3304 4564 οὐραῖον
3358 4493 3386 4544 ό
3426 4490 3610 4565 μυελὸς
3658 4501 3867 4561 συμπαρι-

2336 4585 2551 4635 τείνεται
2578 4601 2591 4615 ο
2660 4578 2703 4632 εἰ
2750 4578 2833 4633 ἐπὶ
2893 4586 2955 4652 τῇ
3019 4588 3243 4655 περιοχῇ
3286 4587 3380 4634 τοῦ
3417 4574 3695 4657 νεύρὼδους
3741 4572 3868 4657 ὗμέζοί

2336 4678 2447 4732 τοῖς
2497 4673 2814 4743 κινουμένοις
2843 4668 3022 4742 μέλεσι
3072 4673 3167 4728 τὴν
3224 4671 3517 4743 όρμητικήν
3553 4662 3774 4721 ἐνδίδωσι
3802 4656 3865 4711 δύο

2337 4780 2490 4834 ναμιν
2517 4776 2530 4791 ⁸
2573 4759 2617 4812 εἰ
2646 4761 2786 4812 ἔστιν
2818 4756 2865 4811 ἐν
2896 4758 3037 4831 αύτῷ
3083 4761 3141 4811 τὸ
3173 4758 3336 4833 ἧπαρ,
3368 4764 3460 4812 καὶ
3508 4753 3781 4831 χοληδόχον
3803 4748 3865 4817 ἆγ-

2336 4856 2475 4921 γεῖον
2543 4847 2630 4901 ἕπῖ
2681 4855 2773 4901 τοῦ
2836 4850 3048 4918 ἥπατος,
3096 4853 3270 4921 νεφροί
3332 4866 3388 4901 τε
3443 4853 3534 4900 καὶ
3586 4841 3770 4917 καρδία,
3806 4839 3864 4887 καὶ

2339 4936 2608 5013 ἀρτηρίαι,
2665 4941 2755 4990 καὶ
2813 4935 3004 5009 φλέϐες,
3062 4938 3259 5010 ὑμένες,
3304 4940 3395 4989 καὶ
3446 4922 3863 5010 διαφράγματαοά

2337 5026 2489 5099 ψιλόν
2542 5025 2705 5097 ἔστιν,
2756 5026 2784 5086 ἢ
2841 5031 3161 5101 τετρίχωται
3184 5043 3198 5057 ο
3241 5031 3545 5099 μονὼνυχόν
3573 5024 3720 5091 ἔστιν,
3752 5022 3774 5076 ἧ
3804 5031 3863 5066 πθο

2336 5113 2621 5191 λυσχιδεῖς
2651 5120 2760 5190 ἔχει
2794 5119 2888 5179 τὰς
2918 5115 3104 5189 βάσεις
3128 5138 3142 5152 ·
3182 5122 3344 5170 πόσον
3371 5112 3433 5170 δε
3463 5115 3576 5190 βιοῖ
3597 5117 3675 5169 τὸν
3700 5113 3859 5185 χρόνον⁸

2337 5211 2428 5259 καὶ
2475 5211 2556 5269 τίς
2607 5206 2834 5269 αύτοίςό
2863 5211 3048 5281 τρόπος
3095 5215 3191 5269 τῆς
3237 5205 3290 5269 ἐξ
3328 5204 3555 5265 ἀλλήλων
3606 5206 3861 5276 γεννήσεως·

2341 5295 2425 5350 ἐπὶ
2461 5299 2624 5349 πόσον
2665 5292 2724 5350 δε
2772 5298 3044 5349 κυίσκεται
3095 5298 3154 5349 τό
3211 5299 3524 5368 τικτόμενον,
3556 5297 3641 5347 καὶ
3673 5296 3761 5351 πῶς
3783 5285 3861 5337 οὔτι

2416 5492 2964 5565 (3)-Ιιροστξιθεμξνου.
3016 5490 3108 5547 Sic
3156 5494 3410 5565 uterque
3465 5489 3645 5549 codex
3692 5495 3781 5559 pro
3814 5487 3860 5532 εο

2344 5563 2511 5636 quod
2540 5563 2666 5621 erat
2694 5563 2756 5621 in
2787 5563 2959 5621 editis
2982 5563 3372 5638 προτιθεμένου.
