4056 6222
209 295 353 358 1313

1172 306 1400 365 SERMO
1435 306 1541 364 XV.
1568 335 1637 351 --
1666 307 1757 366 DE
1785 304 2070 371 IMPERIO
2100 310 2187 367 ΕΤ
2222 308 2639 369 POTESTATE.

3439 312 3579 397 43:4

209 423 363 485 πεζοὶ
427 424 615 485 πάντες
658 425 707 477 οἱ
756 426 1047 499 μύρμηκες,
1103 430 1216 481 οὔτε
1278 430 1559 505 ὑπόπτεροι
1604 433 1812 503 πάντες,

1943 449 2122 506 teque
2142 449 2354 491 omnes
2382 434 2647 492 formicae
2676 432 2986 506 pedestres
3007 434 3345 508 sint,neque
3364 452 3577 493 omnes

211 510 321 565 ἀλλ’
365 514 415 565 οἱ
452 516 543 586 μὲν
579 520 680 565 τῶν
718 518 897 586 χαμαὶ
940 514 1225 588 ἐρπομένων
1274 517 1430 586 εἰσὶν,
1464 522 1513 572 οἱ
1563 516 1619 573 δὲ
1671 517 1813 574 διαί-

209 592 319 675 ριοι
358 604 615 677 φέρονται.
656 600 715 654 Ὀ
754 606 924 655 τοίνυν
977 612 1076 656 τῶν
1128 605 1286 658 ὄντων
1340 610 1433 666 τὴν
1473 617 1666 680 γνῶσιν
1710 608 1815 663 ἑπι-

214 691 533 762 κομπάζων,
601 696 725 752 τέως
770 695 862 750 τὴν
910 700 1001 745 τοῦ
1061 696 1337 768 μύρμηκος
1388 700 1543 769 φύσιν
1606 698 1814 752 εἰπάτω·

217 778 493 841 εἷθόύτως
541 779 913 852 φυσιολογείτω
959 786 1053 840 τὴν
1085 786 1252 836 πάντα
1280 793 1397 837 νοῦν
1456 788 1817 861 ὑπερέχουσαν

219 863 464 940 δύναμιν.
498 868 558 921 Εἰ
597 865 655 921 δὲ
711 877 801 921 τοῦ
834 868 1180 943 βραχυτάτου
1237 876 1510 949 μύρμηκος
1544 879 1687 929 οὔπω
1731 894 1817 929 πε-

216 956 448 1029 ριέλαϐες
476 965 537 1030 τῇ
586 964 774 1029 γνώσει
816 963 908 1018 τὴν
963 963 1138 1032 φύσιν,
1170 970 1276 1023 πῶς
1306 968 1399 1023 τὴν
1454 962 1818 1022 ἀκατάληπτον

214 1053 311 1099 τοῦ
341 1054 473 1101 Θεοῦ
502 1043 725 1121 δύναμιν
751 1047 1106 1123 μεγαλαυχεκ
1136 1054 1489 1124 φαντάζεσθαι
1516 1070 1530 1121 ;

295 1338 345 1390 5.
373 1336 443 1388 T6
462 1334 565 1408 γὰρ
610 1335 816 1388 οἶεσθαι
860 1342 952 1388 τοῦ
996 1334 1080 1389 ἐπὶ
1135 1338 1338 1390 πάντων
1365 1346 1499 1393 Θεοῦ
1525 1339 1687 1400 αὐτὴν
1726 1346 1819 1400 τὴν

220 1422 409 1476 οὐσίαν
466 1421 833 1497 ἐξευρηκέναι,
891 1423 1085 1493 πολλῆς
1141 1426 1496 1502 ὑπερηφανίας
1552 1428 1667 1482 ἰστὶ
1731 1435 1821 1484 καὶ

220 1518 547 1585 φυσιώσεως’
591 1508 792 1585 σχεδόν
842 1515 945 1589 γὰρ
984 1518 1075 1567 καὶ
1130 1516 1285 1568 αὐτόν
1334 1514 1730 1590 ἀποκρύπτουσι
1754 1527 1816 1592 τῇ

220 1600 581 1675 μεγαληγορίᾳ
666 1604 754 1654 τόν
833 1602 1040 1656 εἰπόντα
1070 1620 1083 1633 ⁸
1150 1602 1351 1657 Ἐπάνω
1427 1614 1529 1658 τῶν
1615 1606 1822 1683 ἄστρων

223 1692 456 1764 θήσομαι
501 1693 588 1743 τόν
638 1692 814 1764 θρόνον
875 1711 998 1764 μου·
1045 1692 1167 1765 Οὐχ
1224 1695 1250 1745 6
1302 1697 1392 1767 μεν
1436 1700 1598 1769 μέγας
1632 1694 1821 1768 Δαϐὶδ,

1925 522 2130 592 alatis;
2166 523 2273 580 sed
2300 522 2649 596 repentibus
2667 522 2838 580 humi
2877 522 3030 593 aliis,
3063 523 3196 581 aliae
3240 541 3347 598 per
3376 541 3579 583 aerem

1925 612 2212 669 ferantur.
2237 613 2349 678 Qui
2397 627 2539 684 ergo
2570 612 2646 668 de
2677 628 2885 670 eorum
2913 629 3048 685 quae
3070 620 3208 671 sunt
3237 615 3577 686 cognitione

1927 700 2477 772 gloriatur,interim
2506 701 2772 758 formicas
2797 702 2973 758 nobis
3004 703 3255 776 explicet
3272 708 3575 774 naturam,

1926 795 2105 862 atque
2130 790 2210 846 ita
2240 790 2487 845 demum
2518 791 2646 861 ejus
2677 791 3006 862 potestatis,
3040 808 3175 864 quas
3217 792 3578 852 intellectum

1926 892 2172 934 omnem
2194 882 2457 949 superat,
2481 883 2759 933 naturam
2784 880 3273 944 scrutetur.Quod
3302 880 3352 935 si
3381 881 3577 937 minu-

1926 965 2174 1021 tissimas
2205 963 2471 1022 formicae
2494 970 2771 1021 naturam
2813 965 3084 1021 nondum
3116 966 3451 1036 cognitione
3471 983 3580 1040 ap-

1927 1052 2315 1125 prehendisti,
2374 1052 2687 1125 quomodo
2748 1052 3415 1125 iucomprehensibilem
3478 1056 3581 1112 Dei

1927 1149 2207 1200 naturam
2264 1143 2698 1214 imaginatione
2746 1148 2850 1200 tua
2896 1143 3398 1216 comprehensam
3450 1160 3580 1201 esse

1928 1232 2202 1304 gloriaris
2217 1233 2245 1289 ?

2000 1345 2052 1395 5.
2085 1339 2161 1411 (3)
2194 1341 2405 1395 Putare
2435 1338 2596 1395 enim
2633 1355 2697 1395 se
2745 1338 2866 1405 Dei,
2898 1339 3004 1411 qui
3030 1356 3215 1413 super
3243 1341 3449 1398 omnia
3468 1344 3577 1409 est,

1930 1427 2333 1484 substantiam
2359 1427 2560 1499 ipsam
2590 1426 2996 1498 adinvenisse,
3020 1443 3259 1498 magnae
3285 1428 3581 1500 superbiae

1930 1521 2019 1573 est
2043 1522 2223 1589 atque
2261 1515 2572 1584 elationis;
2606 1516 2727 1571 fere
2752 1517 2913 1571 enim
2961 1516 3252 1587 jactantia
3297 1521 3583 1590 superant

1930 1604 2027 1663 vel
2052 1604 2221 1662 illum
2240 1605 2462 1677 ipsum,
2492 1604 2597 1677 qui
2619 1604 2801 1660 dixit:
2825 1605 3019 1675 Super
3045 1611 3213 1662 astra
3248 1620 3471 1675 ponam
3499 1620 3582 1663 se-

1932 1694 2065 1750 dem
2080 1708 2270 1751 meam
2282 1694 2567 1750 3‘.Nonne
2587 1708 2847 1764 magnus
2878 1692 2975 1749 ille
3000 1693 3321 1765 David,{cui
3348 1694 3583 1753 occulta

223 1779 263 1850 ᾧ
293 1782 361 1833 τὰ
387 1775 566 1837 ἄδηλα
587 1784 679 1832 καὶ
717 1783 784 1834 τὰ
819 1783 1017 1855 κρύφια
1039 1789 1135 1844 τῆς
1172 1781 1357 1836 ἑαυτοῦ
1389 1789 1574 1857 σοφίας
1618 1782 1822 1845 ἐδήλω-

1941 1783 2411 1852 absconditaque
2460 1799 2586 1839 suae
2615 1781 2922 1855 sapientiae
2955 1785 3107 1838 Deus
3152 1782 3579 1851 manifestavit,

225 1888 313 1921 σεν
342 1869 368 1921 6
399 1872 529 1930 Θεὸς
562 1911 578 1938 ,
618 1878 844 1944 φανερῶς
876 1868 1121 1942 ὁμολογεῖ
1166 1880 1257 1932 τῆς
1284 1877 1519 1943 γνώσεως
1566 1878 1624 1927 1'6
1655 1873 1823 1948 ἀπρό-

230 1976 375 2010 σιτον
404 2000 420 2026 ,
486 1956 641 2028 λέγων
672 1973 685 1988 ο
756 1957 1174 2031 Ἐθαυμαστὼθη
1242 1961 1272 2017 ἠ
1346 1967 1542 2032 γνωσίς
1630 1982 1726 2016 σου
1773 1961 1825 2026 ἐξ

227 2045 354 2119 ἐμοῦ
386 2062 401 2114 ;
440 2045 661 2108 Ἠσαίας
693 2041 796 2118 δέ,
823 2047 848 2099 6
871 2046 922 2099 ἐν
964 2048 1152 2121 θεωρία
1210 2057 1305 2112 τῆς
1343 2046 1504 2113 δόξης
1552 2059 1644 2103 τοῦ
1692 2060 1825 2106 Θεοῦ

224 2139 513 2208 γενόμενος,
545 2138 598 2188 τί
634 2140 753 2209 περὶ
799 2144 894 2198 τῆς
951 2138 1090 2200 θείας
1138 2138 1319 2200 ούσίας
1356 2136 1615 2198 ἐδήλωσεν
1654 2143 1779 2214 ἡμῖν
1810 2158 1823 2209 ;

224 2227 280 2289 ὃς
310 2244 371 2298 γε
396 2224 445 2278 ἐν
474 2234 537 2299 τῇ
586 2230 706 2302 περὶ
755 2234 848 2279 τοῦ
902 2235 1136 2302 Χριστοῦ
1193 2235 1479 2303 προφητείᾳ
1525 2227 1827 2306 διαμαρτύ-

223 2333 405 2388 ρεται,
459 2313 655 2386 λέγων’
707 2319 813 2375 Τὴν
878 2318 1053 2387 γενεὰν
1108 2316 1269 2370 αὐτοῦ
1321 2323 1396 2379 τίς
1465 2315 1824 2391 διηγήσεται;

220 2407 288 2457 Τί
347 2399 406 2455 δε
449 2406 508 2456 τό
567 2410 750 2464 σκεῦος
802 2411 898 2465 τῆς
941 2403 1155 2477 ἐκλογῆς
1209 2405 1444 2474 Παῦλος,
1500 2409 1526 2459 ό
1572 2407 1828 2460 λαλοῦντα

224 2495 363 2565 ἔχων
403 2490 450 2544 ἓν
483 2491 649 2565 ἐαυτῷ
712 2495 799 2545 τόν
850 2496 1155 2568 Χριστόν,ό
1203 2495 1291 2557 ἕως
1347 2500 1525 2571 τρίτου
1581 2496 1827 2572 ἁρπαγεὶς

225 2580 468 2656 ούρανοῦ,
500 2582 526 2634 ό
570 2583 634 2634 τὰ
678 2580 883 2657 ἄρρητα
932 2580 1160 2644 ἀκούσας
1210 2585 1443 2659 ῥήματα,
1496 2584 1531 2637 οἷ
1585 2585 1679 2638 ούκ
1716 2584 1825 2648 ἐξόν

225 2669 481 2743 ἀνθρώπῳ
527 2669 776 2737 λαλῆσαι,
816 2675 931 2723 τίνα
980 2673 1105 2743 ἡμῖν
1134 2678 1251 2748 περὶ
1281 2673 1466 2736 οὐσίας
1495 2682 1629 2727 Θεοῦ
1661 2670 1824 2727 διδα-

229 2758 447 2813 σκαλίαν
480 2757 835 2833 ἀφῆκεν;”ος
890 2780 964 2833 γε,
1009 2763 1091 2814 ὅτε
1140 2761 1210 2824 εἰς
1271 2766 1388 2824 τοὺς
1454 2766 1692 2837 μερικοὺς
1735 2767 1825 2823 τὴς

230 2849 523 2921 οἰκονομίας
554 2845 774 2920 διέκυψε
798 2850 874 2920 (1)
905 2849 1122 2922 λόγους,
1177 2852 1327 2903 οἱονεὶ
1372 2851 1669 2924 ἰλιγγιάσας
1697 2857 1826 2927 πρός

229 2942 288 2991 τό
331 2946 428 3000 τῆς
467 2941 676 3012 θεωρίας
724 2933 1125 3011 ἀδιεξόδευτον,
1194 2938 1389 2998 ἐκείνην
1445 2939 1685 3004 ἕξεϐόησε
1732 2947 1827 2999 τὴν

230 3033 395 3100 φωνην
429 3043 443 3057 ⁶
509 3026 582 3079 ’Ὠ
645 3025 814 3098 βάθος
867 3027 1092 3081 πλούτου
1148 3034 1238 3082 καὶ
1314 3034 1497 3102 σοφίας
1560 3035 1650 3083 καὶ
1687 3035 1826 3103 γνώ-

230 3134 364 3178 σεως
420 3114 599 3170 Θεοῦί
656 3117 725 3178 ὡς

227 3208 322 3255 καὶ
351 3201 738 3277 ἀνεξιχνίαστοι
786 3204 840 3256 αἱ
884 3201 1001 3257 ὁδοί
1052 3204 1249 3260 αύτοῦῐ
1282 3206 1343 3259 Εἰ
1399 3203 1457 3259 δε
1504 3214 1670 3260 ταῦτα
1722 3213 1827 3267 τοῖς

233 3292 309 3356 εἰς
357 3297 416 3346 τό
479 3302 575 3356 τῆς
630 3292 838 3346 Παύλου
888 3299 1125 3366 γνώσεως
1179 3297 1501 3368 πεφθακόσιν
1561 3294 1824 3369 ἀνέφικτα,

225 3386 389 3444 πόσος
436 3384 463 3434 6
508 3390 661 3456 τῦφος
692 3392 791 3436 τῶν
823 3383 1246 3456 παγγελλομίνων
1294 3382 1489 3438 εἰδέναι
1552 3393 1645 3439 τοῦ
1695 3393 1828 3440 Θεοῦ

229 3475 327 3530 τὴν
352 3471 569 3538 amiciora;
598 3471 704 3534 Οὓς
745 3467 917 3535 ἡδέως
969 3474 1032 3524 οἷν
1082 3472 1408 3547 ἐρωτήσαιμι
1436 3478 1555 3548 περὶ
1599 3482 1695 3536 τῆς
1730 3482 1829 3546 γῆς

232 3561 315 3634 ἐφ’
346 3562 410 3622 ἧς
440 3559 649 3629 ἑστᾶσι,
676 3565 766 3613 καὶ
814 3560 898 3633 ἀφ’
930 3562 988 3622 ἧς
1033 3568 1305 3634 γεγόνασι,
1335 3568 1388 3615 τί
1427 3583 1551 3617 ποτε
1593 3563 1827 3635 λέγουσι,

232 3656 355 3702 τίνα
383 3648 541 3712 αὐτῆς
592 3655 686 3709 τὴν
734 3649 918 3703 ούσίαν
970 3651 1369 3723 ἑπαγγελλουσιν
1425 3654 1570 3726 ἡμῖν’
1628 3655 1710 3705 ἱνα
1748 3651 1832 3704 ἐὰν

231 3740 341 3812 ἄρα
391 3743 511 3813 περὶ
552 3747 651 3792 τῶν
721 3745 899 3811 χαμαὶ
950 3745 1039 3792 καὶ
1087 3741 1187 3793 ὑπό
1226 3749 1333 3803 τοῖς
1384 3747 1513 3794 ποσὶ
1591 3746 1831 3814 κειμένων

231 3826 612 3902 ἁναντιρῥήτως
644 3829 767 3900 ἡμῖν
805 3824 1134 3901 διαλεχθὼσι
1160 3872 1175 3897 ,
1212 3834 1326 3883 τότε
1379 3830 1554 3892 αὐτοῖς
1596 3835 1687 3882 καὶ
1715 3834 1833 3905 περὶ

232 3926 339 3969 τῶν
401 3915 629 3970 ἐπέκεινα
678 3920 852 3978 πάσης
926 3916 1118 3979 ἑννοίας
1179 3918 1572 3992 διατεινομένοις
1622 3922 1833 3972 πιστεύ-

237 4024 435 4078 σωμεν.
468 4011 569 4058 Καὶ
625 4008 798 4081 ὥσπερ
854 4012 1011 4079 φασὶν
1040 4050 1053 4075 ,
1095 4010 1175 4060 ὁτι
1223 4005 1400 4081 Ἀδὰμ
1437 4007 1491 4061 ἐκ
1540 4016 1630 4062 τοῦ
1684 4013 1831 4077 Θεοῦ,

235 4097 393 4167 ἡμεῖς
429 4094 613 4156 αὐτούς
662 4093 999 4169 ἐρωτήσωμεν
1031 4140 1045 4167 ,
1079 4098 1104 4149 6
1137 4100 1265 4160 Θεὸς
1296 4097 1351 4149 ἐκ
1404 4102 1535 4159 τίνος
1569 4111 1582 4164 ;
1642 4092 1722 4173 ἆρ’
1774 4095 1833 4148 οὗ

236 4188 522 4258 προχειρόν
549 4182 662 4236 ἔστι
715 4192 776 4257 τῇ
834 4184 1056 4238 ἑκάστου
1111 4183 1319 4260 διανοίᾳ
1344 4186 1425 4240 ότι
1477 4186 1530 4243 ἐξ
1575 4183 1832 4253 ούὸενός;

236 4276 298 4325 τό
331 4268 390 4324 δε
441 4271 495 4335 ἐξ
548 4268 793 4343 οὐδενός,
833 4277 891 4325 τό
934 4275 1169 4347 ἄναρχόν
1226 4274 1338 4328 ἐστι
1398 4273 1658 4334 δηλονότι*
1688 4279 1747 4327 τό
1777 4270 1836 4327 δὲ

238 4363 496 4434 ἄναρχον,
533 4364 591 4413 τό
646 4360 942 4433 ἀγέννητον.
981 4362 1068 4425 Ὠς
1124 4359 1213 4415 οὖν
1279 4363 1355 4417 ἔπ’
1406 4363 1686 4440 ἀνθρώπων
1743 4363 1837 4416 ούκ

1933 1872 2138 1946 palam
2166 1872 2860 1928 conﬁteturinaccessam
2872 1887 3004 1928 esse
3016 1870 3583 1941 cognitionem,cum

1932 1961 2073 2018 dicit
2088 1978 2101 2016 :
2116 1962 2409 2018 Mirabitis
2429 1962 2602 2031 facta
2632 1967 2716 2018 est
2733 1962 2902 2034 557
2920 1962 3167 2017 scientia
3182 1968 3288 2018 (ua
3301 1976 3374 2018 ea:
3401 1978 3489 2020 me
3509 1963 3577 2016 ⁸⁵.

1933 2051 2119 2107 Isaias
2150 2056 2376 2116 autem,
2405 2051 2510 2122 qui
2538 2050 2915 2121 majestatem
2947 2050 3047 2106 Dei
3094 2050 3438 2121 speculatus
3467 2055 3580 2120 est,

1934 2140 2082 2214 quid
2102 2139 2277 2195 nobis
2297 2140 2373 2195 de
2395 2139 2602 2196 divina
2621 2139 2957 2196 substantia
2968 2139 3295 2198 declaravit
3310 2142 3337 2196 ?
3364 2155 3582 2213 nempe

1936 2244 2075 2285 cum
2117 2227 2193 2283 de
2227 2227 2456 2284 Christo
2484 2227 2862 2301 prophetiam
2893 2226 3032 2293 edit,
3066 2231 3313 2284 testatur
3331 2228 3424 2284 his
3450 2242 3583 2285 ver-

1933 2317 2064 2374 bis:
2099 2318 2551 2374 Generationem
2606 2318 2733 2387 ejus
2786 2319 2918 2387 quis
2974 2316 3283 2373 enarrabit
3304 2318 3401 2372 3°?
3429 2315 3584 2382 Quid

1934 2422 2079 2462 vero
2108 2422 2216 2463 vas
2241 2405 2542 2462 electionis
2569 2404 2789 2461 Paulus
2810 2406 2880 2473 ³⁷,
2917 2404 3023 2476 qui
3047 2402 3393 2476 loquentem
3429 2403 3491 2460 in
3518 2420 3583 2462 se

1932 2494 2200 2552 habebat
2228 2494 2525 2551 Christum
2546 2496 2614 2563 ³⁸,
2647 2494 2751 2567 qui
2772 2494 2850 2551 ad
2879 2493 3118 2551 tertium
3142 2509 3335 2566 usque
3363 2493 3584 2551 caelum

1934 2589 2145 2657 raptus
2174 2583 2391 2656 est,qui
2433 2599 2659 2639 arcana
2682 2582 2911 2639 audivit
2944 2582 3124 2639 verba
3137 2597 3292 2654 ,quae
3313 2598 3436 2639 non
3450 2582 3585 2640 licet

1933 2672 2164 2729 homini
2220 2672 2385 2745 loqui
2413 2673 2482 2740 ³³,
2513 2688 2701 2744 quam
2741 2671 2914 2727 nobis
2962 2671 3038 2727 de
3088 2672 3430 2729 substantia
3482 2672 3584 2728 Dei

1934 2761 2272 2818 doctrinam
2286 2761 2559 2833 reliquit?
2578 2762 2677 2817 Hic
2689 2760 2768 2817 ad
2781 2759 3172 2833 particulares
3192 2760 3583 2817 Providentia:

1934 2850 2195 2907 rationes
2222 2866 2359 2905 cum
2382 2851 2764 2922 respexisset,
2798 2848 2956 2904 velut
2982 2848 3271 2918 vertigine
3293 2847 3582 2905 laborans

1934 2944 2180 3011 propter
2196 2937 2663 3010 insuperabilem
2683 2935 3132 3008 contemplandi
3150 2934 3581 3004 difﬁcultatem,

1936 3027 2021 3084 sic
2041 3027 2363 3084 exclamat:
2382 3028 2429 3083 0
2448 3027 2703 3084 altitudo
2729 3026 3080 3082 divitiarum
3102 3025 3481 3095 etsapientice
3527 3030 3583 3082 et

808 3114 1172 3192 ἀνεξερεύνητα
1234 3120 1301 3170 τόι
1337 3123 1570 3194 κρίματα
1643 3118 1823 3186 αὐτοῦ,

1941 3117 2295 3189 cognitionis
2328 3118 2469 3173 Dei!
2495 3131 2674 3189 quam
2712 3113 3137 3172 inscrutabilia
3177 3119 3316 3171 sunt
3344 3113 3585 3184 judicia

1938 3208 2147 3278 ejus,et
2176 3206 2734 3276 investigabilesviae
2745 3206 2873 3275 ejus
2887 3203 2961 3259 ‘°!
2984 3202 3156 3270 Quod
3169 3202 3453 3260 sihmcilli
3468 3202 3585 3276 ipsi

1936 3295 2040 3369 qui
2069 3294 2148 3351 ad
2168 3293 2573 3366 cognitionem
2604 3292 2767 3350 Pauli
2782 3291 3446 3366 pervenerungassequi
3460 3306 3585 3349 non

1936 3388 2223 3458 possunt;
2255 3389 2486 3456 quanta
2515 3388 2603 3439 est
2658 3380 2942 3454 superbia
2969 3396 3200 3449 eorum,
3221 3380 3327 3453 qui
3356 3396 3419 3437 se
3446 3379 3587 3436 sub-

1939 3473 2217 3529 stantiam
2237 3472 2336 3528 Dei
2352 3472 2709 3545 protitentur
2722 3486 3085 3541 cognoscere
3100 3470 3128 3525 ?
3146 3472 3189 3536 Ο
3200 3486 3305 3527 uos
3321 3468 3588 3543 proiecto

1938 3562 2133 3619 libens
2190 3561 2683 3633 interrogaverim
2712 3560 3007 3633 quidnam
3053 3559 3127 3616 de
3166 3564 3321 3617 terra
3365 3560 3427 3615 in
3464 3572 3588 3631 qua

1941 3656 2411 3717 commorantur,
2435 3655 2491 3705 et
2537 3665 2610 3705 ex
2647 3665 2770 3721 qua
2799 3648 2923 3705 nati
2953 3653 3109 3719 sunt,
3143 3647 3364 3714 dicant,
3398 3662 3587 3719 quam

1941 3741 2072 3813 ejus
2098 3739 2274 3796 nobis
2298 3743 2605 3811 exponant
2634 3736 3070 3793 substantiam:
3097 3740 3159 3793 ut
3181 3735 3227 3791 si
3253 3736 3328 3792 de
3355 3735 3427 3790 iis
3450 3750 3587 3808 qua:

1940 3827 2108 3885 humi
2131 3831 2269 3882 sunt
2294 3842 2365 3882 ac
2388 3824 2647 3897 pedibus
2678 3823 3014 3896 subjacent,
3046 3828 3204 3880 certo
3245 3821 3588 3878 indubitan-

1944 3923 2147 3989 terque
2169 3915 2487 3981 disserant,
2510 3919 2653 3970 tunc
2692 3913 2777 3969 eis
2820 3927 3086 3985 quoque,
3117 3927 3255 3966 cum
3287 3910 3361 3966 de
3405 3910 3589 3967 rebus

1942 4005 2303 4063 intellectum
2336 4019 2581 4060 omnem
2617 4000 3043 4075 superantibus
3066 3999 3421 4056 sententiam
3448 4015 3590 4072 pro-

1943 4093 2350 4158 ferunt,ﬁdem
2372 4092 2730 4149 habeamus.
2762 4093 2827 4146 Et
2851 4086 3594 4162 sicutinquiunt,(4).Quod

1944 4184 2139 4241 Adam
2177 4198 2214 4239 a
2244 4184 2362 4238 Deo
2393 4186 2483 4237 est
2511 4197 2523 4234 :
2553 4181 2634 4238 ita
2661 4178 3189 4250 interrogabimus,
3223 4180 3376 4233 Deus
3404 4193 3441 4234 a
3470 4192 3593 4249 quo

1945 4278 2035 4332 est
2050 4272 2078 4327 ?
2107 4287 2311 4328 nonne
2328 4270 2808 4342 uniuscujusque
2829 4273 3027 4324 mente
3051 4270 3400 4340 promptum
3422 4265 3598 4321 fuerit

1945 4361 2333 4436 respondere,
2357 4375 2429 4416 ex
2468 4359 2633 4416 nullo
2655 4359 2683 4414 ?
2725 4358 2892 4430 quod
2926 4361 3127 4414 autem
3167 4371 3240 4410 ex
3285 4352 3450 4409 nullo
3481 4357 3593 4422 est,

238 4447 303 4509 ἦν
325 4449 481 4502 οὐσία
523 4453 581 4502 τό
630 4448 684 4503 ἐκ
726 4454 886 4516 τινός,
920 4450 1079 4512 οὕτως
1108 4449 1231 4505 οὐδὲ
1270 4451 1353 4505 ἐπὶ
1403 4460 1535 4507 Θεοῦ
1572 4462 1673 4506 τῶν
1711 4452 1829 4506 ὅλων

1947 4454 2151 4525 utique
2191 4450 2319 4507 sine
2368 4448 2665 4523 principio
2699 4450 2787 4503 est
2818 4450 2910 4502 :et
2952 4443 3118 4516 quod
3148 4442 3273 4497 sine
3299 4440 3594 4513 principio

238 4537 426 4590 οὐσίαν
473 4540 615 4590 ἔστιν
669 4538 865 4606 εἰπεῖν,
898 4542 957 4591 τό
1015 4539 1068 4602 ἐξ
1120 4536 1360 4601 ou’6‘svo';'
1395 4543 1516 4616 ὅπερ
1569 4544 1684 4594 ἴσον
1727 4540 1840 4595 ἐστὶ

238 4635 315 4697 τῷ
360 4626 458 4696 ('2),
514 4624 889 4699 ἀγέννητος.”0
953 4624 1013 4681 δὲ
1067 4633 1124 4682 τό
1179 4630 1413 4706 ἄναρχον
1472 4630 1655 4683 οὐσίαν
1714 4629 1843 4683 εἶναι

236 4714 421 4787 λέγων,
446 4716 814 4789 παραπλήσιον
865 4725 1005 4770 ποιεῖ
1033 4762 1047 4787 ,
1105 4718 1278 4793 ὣσπερ
1326 4721 1387 4770 ἄν
1442 4722 1486 4772 εἴ
1527 4738 1603 4780 τις
1643 4717 1843 4794 ἐρωτώ-

240 4821 412 4877 μενος,
446 4809 527 4865 τίς
560 4807 590 4864 ἡ
624 4813 717 4858 τοῦ
760 4801 938 4878 Ἀδὰμ
980 4806 1158 4876 ούσία,
1199 4811 1290 4859 καὶ
1310 4811 1388 4870 τίς
1420 4809 1447 4866 ἠ
1493 4810 1644 4880 φύσις
1683 4807 1842 4882 αύτῷ,

239 4897 269 4945 ό
303 4888 365 4946 δι
392 4891 744 4968 ἀποκρίνοιτό,
775 4900 845 4967 μὴ
884 4893 939 4947 ἐκ
993 4892 1332 4971 συνδυασροῦ
1377 4892 1566 4970 ἀνδρὸς
1611 4902 1699 4949 καὶ
1758 4918 1850 4969 γυ-

241 4985 446 5050 ναικός,
477 4981 588 5035 ἀλλ’
626 4982 682 5036 ἐκ
720 4992 811 5045 τῆς
862 4985 996 5045 θείας
1028 4988 1207 5060 χειρός
1247 4981 1659 5045 διαπλασθῆναι.
1700 4991 1851 5043 Ποῖος

243 5068 338 5125 οὖν
381 5074 457 5124 ἔτι
522 5077 714 5145 τρόπος
760 5081 855 5136 τῆς
924 5079 1166 5146 γνώσεως
1220 5073 1588 5143 ὑπολείπεταις
1637 5073 1853 5149 ἀποκρια

236 5162 528 5215 νάσθωσαν
583 5164 710 5235 ἡμῖν
764 5165 814 5216 οἱ
867 5170 1291 5238 περιφρονοῦντες
1333 5166 1425 5237 μεν
1480 5166 1651 5219 πάντα
1688 5167 1756 5218 τὰ
1800 5164 1852 5217 ἐν

1564 5272 1612 5308 ³⁸
1644 5274 1759 5342 lsa,
1786 5287 1902 5343 Lm,
1932 5275 1987 5328 8.

320 5268 370 5303 ³³
410 5270 524 5332 lsa,
546 5285 666 5335 xw,
698 5273 778 5326 l3.
856 5271 901 5306 ³⁵
934 5269 1091 5329 Psal.
1124 5285 1388 5337 cmvm,
1420 5276 1480 5328 6.

248 5342 340 5396 24.
420 5341 469 5375 ιο
500 5342 671 5397 Rom.
702 5356 784 5415 χι,
809 5344 897 5399 33.

322 5446 398 5523 (ί)
439 5446 1142 5523 Διέκυψεηβῖομᾳοηῑοιιιιε
1170 5454 1227 5511 et
1255 5450 1470 5523 Regius
1502 5448 1694 5509 codex
1718 5464 1849 5506 me-

248 5516 415 5575 lioris
444 5516 777 5575 notae'Editi
802 5516 1085 5574 ἐδείκνυτο.

324 5590 404 5662 (2)
442 5587 603 5664 Ὀπερ
647 5593 760 5645 ἶσον
813 5590 925 5647 ἐστὶ
970 5601 1067 5665 τῷ.
1091 5591 1255 5652 Idem
1306 5593 1499 5655 codex
1555 5594 1691 5668 ᾧπερ
1732 5591 1845 5647 ἴσον

1948 4545 2053 4613 est,
2080 4540 2142 4597 id
2160 4539 2495 4610 ingenitum
2512 4542 2618 4593 est.
2636 4536 2798 4593 Sicut
2815 4532 2957 4605 ergo
2977 4533 3038 4588 in
3061 4528 3411 4587 hominibus
3428 4529 3596 4598 origo

1951 4646 2024 4687 ex
2052 4628 2279 4700 aliquo,
2298 4642 2424 4683 non
2455 4631 2548 4683 est
2590 4640 2801 4681 eorum
2860 4620 3122 4678 essentia
3150 4635 3163 4672 :
3195 4617 3279 4674 sic
3313 4632 3510 4690 neque
3534 4617 3597 4673 in

1954 4722 2074 4775 Deo
2100 4716 2517 4772 universorum
2529 4730 2602 4769 ex
2614 4712 2778 4769 nullo
2792 4707 3111 4782 esse,quod
3131 4707 3293 4764 idem
3310 4710 3402 4764 est
3417 4711 3597 4779 atque

1955 4804 2366 4876 ingenitum,ej
2378 4819 2446 4858 us
2474 4802 2797 4857 essentiam
2824 4798 3020 4856 dicere
3045 4812 3401 4870 possumus.
3419 4798 3597 4853 Porro

1958 4910 2088 4951 esse
2116 4894 2242 4949 sine
2271 4890 2563 4963 principio
2620 4887 2938 4945 essentiam
2992 4902 3127 4943 esse
3155 4886 3259 4959 qui
3287 4884 3450 4953 dicit,
3476 4899 3599 4941 non

1959 4983 2129 5042 aliter
2149 4980 2311 5049 facit,
2341 4995 2413 5037 ac
2442 4976 2653 5050 siquis
2682 4976 3080 5047 interrogatus
3125 4991 3259 5048 quae
3306 4973 3481 5029 fuerit
3507 4988 3600 5029 es-

1960 5072 2154 5130 sentia
2171 5069 2333 5139 Adin,
2366 5073 2422 5125 et
2456 5082 2591 5142 quae
2611 5065 2798 5141 ipsius
2830 5062 3456 5136 natura,respondeat,
3478 5074 3601 5118 non

1961 5177 2035 5221 ex
2064 5160 2222 5219 coitu
2248 5158 2360 5216 viri
2388 5162 2443 5215 et
2471 5154 2754 5219 mulieris,
2788 5154 2894 5211 sed
2922 5154 3128 5211 divina
3149 5167 3339 5211 manu
3359 5149 3600 5207 confor-

2063 5271 2106 5305 ⁸⁷
2141 5270 2269 5325 Act.
2298 5282 2378 5338 ix,
2415 5269 2502 5322 l5.
2581 5264 2627 5301 ⁸³
2668 5266 2713 5319 ll
2739 5265 2869 5321 Cor.
2897 5277 3017 5334 xm,
3048 5266 3100 5319 3.
3179 5261 3225 5296 ³⁸
3253 5261 3299 5315 Il
3339 5259 3469 5315 Cor.
3503 5256 3599 5325 xii;

1956 5464 2224 5589 “WE;
2249 5513 2353 5589 lib.
2385 5510 2669 5572 adversus
2696 5507 3080 5578 Eunomium,
3103 5507 3227 5566 224.

2027 5586 2102 5662 (ι)
2143 5586 2317 5657 Ibid.,
2346 5589 2469 5643 227.
