4068 6220
230 323 367 377 1317

1123 314 1351 369 SERMO
1390 304 1535 365 XVI.
1577 342 1643 349 --
1688 312 1775 365 DE
1814 309 2140 365 [NGLUVIE
2180 310 2265 363 ET
2306 310 2700 365 EBRIETATE.

3454 286 3588 363 me

224 449 343 503 ταῖς
392 447 607 515 τροφαῖς
660 438 991 511 αὐταρκείας.
1049 437 1460 507 Ἐναπομεινάτω
1512 434 1651 504 αὐτῷ
1700 436 1877 488 ὑπο-Δ

1973 448 2083 504 [uae
2114 433 2165 486 ei
2188 448 2385 487 sermo
2406 448 2526 488 non
2556 432 2869 504 persuasit,
2893 436 2948 487 ct
2971 430 3329 501 frugalitatis
3350 431 3411 486 in
3438 429 3589 487 escis

225 535 477 601 μνήματα
542 534 868 599 Χριστιανῶν
924 526 1203 598 τραπέζης,
1265 530 1353 574 καὶ
1411 525 1832 594 ἀνεπαισχύντου

227 616 325 671 διὰ
356 621 589 691 Χριστόν
630 619 915 685 πτωχείας.
960 613 1017 665 Εἰ
1066 610 1125 665 δὲ
1163 613 1220 664 ού
1262 613 1521 683 προσέξει,
1568 612 1695 663 ἀλλὰ
1742 630 1835 662 κα-

228 708 531 780 ταγελάσει,
576 702 814 778 δεύτερόν
852 705 977 774 ἡμῖν
1017 702 1111 754 ούκ
1156 701 1400 773 ὀχλήσει,
1433 706 1502 753 T6
1550 705 1651 772 γὰρ
1696 720 1836 774 περι-

226 802 437 871 τρέχειν
498 796 639 868 ἡμᾶς
692 788 1117 864 διερευνωμένους
1173 793 1238 842 τὰ
1280 796 1351 863 μὴ
1401 795 1528 865 πρὸς
1576 794 1633 842 τό
1682 788 1834 860 ἀναγ-

226 894 376 937 καῖον
422 891 534 943 ταῖς
577 886 786 954 χρείαις
827 878 1230 951 ἐπιζητούμενα,
1261 878 1388 930 ἀλλὰ
1434 883 1563 952 πρός
1602 884 1695 935 τὴν
1728 877 1833 929 ὀλε-

230 976 383 1047 θρίαν
451 968 648 1030 ἡδονὴν
712 974 803 1021 καὶ
871 967 1129 1041 βλαϐερὰν
1186 964 1485 1029 κενοδοξίαν
1551 986 1838 1040 περινενοη-

229 1069 378 1136 μένα,
439 1061 497 1113 ού
543 1064 695 1132 μόνον
746 1058 974 1130 αἰσχρόν
1020 1059 1145 1129 ἡμῖν
1194 1061 1283 1109 καὶ
1320 1055 1651 1127 ἀσύμφωνον,
1710 1054 1836 1106 ἀλλὰ

232 1158 325 1205 καὶ
367 1150 565 1224 βλάϐην
606 1152 729 1218 ἔχον
769 1146 828 1198 ού
868 1151 962 1203 τὴν
996 1153 1289 1217 τυχοῦσαν,
1318 1147 1435 1197 ὅταν
1475 1147 1522 1196 οἱ
1551 1153 1838 1218 τρυφῶντες

235 1247 329 1294 καὶ
376 1247 490 1301 ταῖς
528 1234 745 1297 ἡδοναῖς
786 1244 880 1297 τῆς
928 1237 1159 1308 γαστρός
1197 1239 1291 1292 τὴν
1329 1238 1697 1305 μακαριότητα
1722 1235 1836 1305 ὀρι-

239 1332 467 1403 ζόμενοι,
514 1333 627 1401 περὶ
671 1328 765 1386 τὰς
806 1325 971 1385 αὐτὰς
1015 1319 1297 1396 φροντίδας
1351 1328 1440 1373 καὶ
1488 1324 1628 1393 ἡμᾶς
1675 1323 1838 1394 ὁρῶσι

238 1423 628 1492 στρεφομένους,
686 1419 804 1489 περὶ
860 1413 921 1475 ἃς
976 1412 1157 1465 ἐκεῖνοι
1210 1411 1505 1469 ἐπτόηνται.
1550 1411 1840 1471 Ἐσθίοντες

237 1505 319 1573 δε,
362 1512 431 1579 μὴ
472 1505 627 1579 ἀργόν
662 1508 749 1555 τόν
787 1510 905 1554 νοῦν
948 1501 997 1553 ἐν
1040 1510 1102 1573 τῇ
1145 1505 1263 1573 περὶ
1304 1508 1437 1554 Θεοῦ
1486 1499 1649 1571 ἐννοίᾳ
1696 1502 1838 1569 ἔχω-

232 1616 349 1668 μεν,
382 1593 511 1646 ἀλλὰ
543 1593 707 1649 αὐτὴν
756 1600 855 1642 τῶν
906 1589 1199 1663 βρωμάτων
1246 1594 1341 1647 τὴν
1390 1592 1563 1660 φύσιν,
1608 1592 1697 1639 καὶ
1746 1592 1841 1644 τὴν

231 1691 329 1735 τοῦ
397 1678 791 1751 ὑποδεχομένου
870 1684 1104 1750 σώματος
1177 1680 1526 1745 κατασκευὴν,
1604 1674 1841 1747 ἀφορμὴν

1948 520 2257 575 servandas
2280 521 2535 575 formam
2555 525 2610 576 et
2626 520 2927 592 exemplar
2951 520 3221 592 accipiat.
3243 522 3516 576 Maneant
3531 518 3590 576 in

1946 608 2079 679 ipso
2130 614 2524 663 monumenta
2572 624 2798 663 mensas
2843 608 3332 676 Christianorum,
3365 613 3421 663 et
3463 608 3593 677 ejus

1947 696 2335 767 paupertatis,
2367 713 2500 769 quae
2536 697 2744 752 Christi
2784 713 2968 752 causa
2998 697 3142 752 citra
3171 695 3592 752 verecundiam

1945 784 2299 856 perferenda
2324 790 2432 839 est.
2465 785 2635 850 Quod
2664 784 2711 839 si
2740 785 2830 839 his
2856 784 2949 839 ille
2978 785 3225 841 minime
3250 799 3595 841 commove-

1945 872 2124 939 bitur,
2159 889 2230 928 ac
2255 873 2454 945 potius
2493 872 2805 937 deridebit,
2828 890 3034 928 rursus
3065 873 3240 930 nobis
3276 889 3397 929 non
3437 872 3596 929 exhi-

1946 960 2181 1016 biturus
2200 965 2287 1016 est
2310 959 2672 1015 molestiam.
2689 961 2762 1030 (:2)
2796 963 2941 1015 Nam
2960 962 3428 1017 circumcursare
3460 970 3595 1023 nos.

1946 1066 2017 1105 ac
2054 1050 2412 1119 investigare
2443 1065 2514 1105 ea
2543 1066 2677 1121 quae
2705 1066 2828 1105 non
2867 1050 2945 1105 ad
2977 1050 3380 1105 necessarium
3420 1065 3598 1106 usum

1946 1139 2349 1211 requiruntur,
2384 1139 2484 1193 sed
2517 1154 2652 1209 quae
2685 1139 2759 1194 ad
2802 1139 3204 1211 perniciosam
3235 1139 3599 1211 voluptatem

1947 1234 2001 1285 et
2027 1228 2107 1283 ad
2127 1229 2367 1283 inanem
2394 1228 2831 1300 exitiosamque
2854 1229 3107 1299 gloriam
3130 1230 3453 1285 adinventa
3482 1227 3602 1283 fue-

1946 1322 2103 1375 runt.
2136 1332 2257 1372 non
2290 1316 2484 1371 solum
2508 1316 2684 1371 nobis
2716 1322 2885 1388 turpe
2908 1322 3089 1389 atque
3111 1316 3465 1374 indecorum
3494 1320 3600 1382 est,

1948 1406 2051 1461 sed
2075 1405 2498 1460 detrimentum
2521 1404 2702 1460 etiam
2726 1405 2897 1461 affert
2919 1422 3039 1461 non
3056 1406 3205 1476 leve,
3221 1423 3359 1463 cum
3383 1405 3605 1462 scilicet

1948 1495 2054 1565 qui
2083 1493 2141 1549 in
2172 1493 2398 1548 deliciis
2429 1494 2657 1559 vivunt,
2690 1497 2747 1549 et
2785 1495 3005 1549 ventris
3042 1494 3455 1568 voluptatibus
3484 1508 3605 1550 me-

1949 1582 2179 1638 tiuntur
2224 1581 2681 1649 beatitudinem,
2731 1598 2845 1638 nos
2881 1599 3125 1656 quoque
3164 1584 3393 1641 eisdem
3424 1584 3603 1654 curis,

1949 1670 2171 1743 quibus
2186 1671 2299 1743 ipsi
2319 1687 2457 1726 cum
2480 1671 2877 1729 admiratione
2901 1678 2957 1729 et
2973 1678 3211 1745 stupore
3224 1672 3601 1741 incumbunt,

234 1773 505 1825 ποιεὶσθαι
556 1766 899 1839 δοξολόγίας’
954 1775 1064 1827 πῶς
1111 1765 1325 1818 ποικίλα
1376 1761 1490 1822 εἴδη
1536 1772 1737 1835 τροφῶν
1775 1772 1877 1837 ruﬁ}

1973 1761 2242 1815 listentos
2270 1760 2496 1817 vident.
2528 1762 2606 1831 (3)
2638 1764 2789 1816 inter
2814 1761 3187 1833 epulandum
3208 1779 3285 1818 ne
3316 1767 3440 1819 tum
3471 1762 3605 1835 qui-

238 1858 473 1918 ἰδιότητι
520 1867 620 1910 τῶν
664 1859 917 1928 σωμάτων
965 1855 1283 1929 ἁρμόζοντα,
1333 1856 1477 1925 παρὰ
1529 1860 1621 1905 τοῦ
1676 1854 1844 1904 πάντα

234 1951 629 2021 οἰκονομοῦντος
680 1946 1021 2002 ἐπινενόηται.
1074 1952 1280 2019 Τροφῆς
1331 1940 1389 1994 δε
1437 1944 1547 2014 ὥρα
1585 1946 1682 2013 μία
1720 1940 1844 1993 απο-

235 2044 525 2110 τεταγμένη
576 2041 723 2094 ἤτω·
785 2036 814 2092 ἡ
868 2034 1000 2091 αὐτὴ
1062 2035 1198 2085 κατὰ
1248 2027 1489 2102 περίοδον
1540 2031 1842 2095 ἀπαντῶσα,

236 2131 312 2188 ὡς
368 2126 421 2179 ἐκ
478 2134 579 2178 τῶν
630 2124 1069 2195 εἰκοσιτεσσάρων
1126 2125 1269 2195 ὡρῶν
1325 2128 1417 2171 τοῦ
1472 2122 1845 2192 ἡμερόνυκτίου

236 2223 368 2289 μίαν
423 2213 554 2269 εἷται
601 2214 745 2285 μόλις
788 2215 981 2268 ταύτην
1029 2216 1122 2268 τὴν
1174 2208 1721 2282 προσαναλισκομένην
1775 2214 1847 2277 τῷ

243 2313 478 2377 σώματι,
530 2306 621 2365 τὰς
681 2300 739 2355 δε
794 2301 975 2360 λοιπὰς
1026 2298 1075 2351 ἐν
1133 2306 1194 2370 τῇ
1258 2301 1394 2350 κατὰ
1454 2306 1570 2349 νοῦν
1627 2296 1849 2370 ἐνεργείᾳ

242 2393 596 2466 απασχολεῖν.

1952 1849 2091 1905 dem
2114 1848 2379 1905 animam
2403 1865 2439 1905 a
2464 1850 2561 1905 Dei
2584 1851 2945 1920 cogitatione
2968 1852 3303 1908 habeamus
3324 1853 3603 1920 otiosam,

1954 1937 2059 1993 sed
2109 1954 2181 1993 ex
2228 1938 2361 2009 ipsa
2399 1938 2821 1995 alimentorum
2872 1944 3106 2007 natura,
3140 1945 3198 1997 et
3238 1943 3506 2016 corporis
3538 1958 3611 2001 ea

1954 2026 2331 2099 suscipientis
2354 2031 2647 2083 structura
2664 2028 3008 2084 divinarum
3024 2026 3272 2086 laudum
3297 2030 3608 2087 materiam

1955 2115 2277 2185 ducamus,
2321 2116 2489 2187 quod
2530 2116 2696 2172 varia
2736 2116 3009 2173 ciborum
3063 2133 3298 2190 genera,
3338 2118 3613 2192 qualitati

1958 2219 2279 2277 corporum
2305 2204 2877 2269 accommodata,ab
2899 2222 2969 2262 eo
2995 2208 3099 2279 qui
3116 2209 3320 2264 omnia
3342 2209 3615 2266 modera-

1958 2298 2073 2361 tur,
2107 2292 2353 2349 inventa
2382 2293 2519 2349 sint.
2563 2294 2717 2349 Hora
2755 2310 2875 2350 una
2916 2296 3212 2367 capiendo
3261 2297 3394 2354 cibo
3433 2297 3615 2353 desti—

1960 2388 2126 2449 nata,
2158 2382 2494 2455 eademque
2524 2398 2633 2454 per
2659 2384 2976 2441 circuitum
3005 2389 3327 2454 revertens,
3362 2386 3514 2444 adeo
3554 2386 3622 2444 ut

244 2499 326 2539 ex
356 2480 563 2553 viginti
593 2482 857 2551 quatuor
882 2477 1047 2533 horis
1082 2476 1200 2533 diei
1226 2492 1299 2531 ac
1337 2476 1528 2531 noctis
1556 2476 1654 2530 vix
1678 2473 1780 2528 illa
1807 2486 1928 2527 una
1960 2471 2038 2527 ad
2069 2470 2406 2526 curandum
2438 2486 2656 2543 corpus
2685 2471 3046 2541 insumatur,
3070 2474 3314 2548 reliquae
3346 2476 3401 2531 in
3432 2470 3619 2533 animi

244 2570 695 2628 exercitatione.

325 2699 379 2749 ‘2.
438 2693 495 2745 Ὀ
540 2696 629 2764 μὲν
688 2694 789 2763 γὰρ
834 2692 1027 2761 οἰριστα
1092 2688 1481 2759 βουλευόμενος,
1523 2694 1615 2747 τῆς
1668 2685 1854 2755 ψυχῆς

250 2786 339 2837 ὅτι
381 2781 611 2855 μάλιστα
650 2784 925 2853 φροντίσει,
959 2781 1046 2828 καὶ
1092 2782 1244 2827 τοῦτο
1295 2772 1387 2826 διὰ
1429 2776 1631 2826 πάντων
1671 2775 1853 2844 πειρά-

254 2892 406 2926 σεται
456 2870 640 2929 σώζειν
694 2867 958 2939 εἰλικρινές
1004 2884 1055 2917 τε
1101 2870 1190 2915 καὶ
1230 2869 1483 2936 γνήσιον·
1533 2871 1622 2921 τῆς
1669 2864 1857 2935 σαρκὸς

254 2958 320 3015 δὲ
371 2961 400 3018 ᾖ
454 2959 588 3030 λιμῷ
635 2959 944 3027 τηκομένης,
1004 2955 1033 3011 ἦ
1094 2962 1276 3025 κρυμῷ
1328 2958 1416 3004 καὶ
1467 2951 1646 3003 Θάλπει
1698 2969 1858 3024 πρόσ-

256 3049 611 3109 παλαιούσης,
680 3047 707 3103 ἡ
772 3050 942 3103 νόσοις
1009 3042 1377 3114 ἀλγυνομένης,
1441 3042 1469 3099 ἡ
1540 3042 1860 3111 πασχούσης

2036 2686 2089 2736 2.
2151 2684 2227 2752 (4)
2274 2682 2385 2746 Qui
2430 2682 2589 2737 enim
2628 2682 2740 2738 sibi
2783 2684 3009 2755 optime
3064 2685 3341 2753 consulit,
3392 2687 3625 2744 curabit

1970 2770 2145 2842 559
2161 2770 2433 2825 animam
2446 2786 2631 2842 quam
2651 2772 3179 2845 maxime,hocque
3208 2774 3407 2830 modis
3433 2775 3625 2832 omni-

1964 2859 2082 2913 bus
2115 2863 2170 2913 et
2204 2859 2502 2915 sincerum
2533 2862 2592 2914 et
2618 2859 2949 2929 genuinum
2980 2876 3221 2917 servare
3257 2862 3576 2917 conabitur
3607 2878 3621 2918 :

1969 2946 2166 3002 carnis
2199 2962 2355 3010 vero.
2374 2946 2497 3001 sive
2524 2947 2683 3002 fame
2709 2947 3078 3013 conﬁciatur,
3102 2950 3219 3003 sive
3249 2964 3387 3004 cum
3407 2948 3625 3019 frigore

1971 3042 2073 3092 aut
2104 3036 2301 3091 calore
2322 3033 2598 3103 luctetur,
2624 3036 2746 3091 sive
2776 3052 2813 3092 a
2841 3036 3072 3092 morbis
3102 3036 3474 3094 excrucietur
3503 3037 3626 3095 sive

254 3158 315 3190 τι
364 3138 506 3210 παρὰ
550 3154 695 3186 τινων
758 3131 951 3205 βίαιον,
1014 3130 1181 3201 ὀλίγον
1230 3136 1507 3187 ποιήσεται
1553 3132 1639 3179 τόν
1688 3128 1861 3197 λόγον,

1973 3124 2301 3180 violentum
2327 3123 2473 3197 quid
2495 3124 2571 3179 ab
2603 3124 2906 3197 aliquibus
2930 3126 3313 3197 perpetiatur,
3333 3126 3628 3185 rationem

257 3231 359 3277 καὶ
402 3221 524 3277 οὐδὲ
554 3227 669 3281 τούς
722 3224 847 3294 ύπερ
898 3227 989 3271 τοῦ
1034 3220 1127 3291 ζῇν
1167 3214 1442 3278 κινδύνους
1480 3223 1749 3292 προίόντας
1790 3216 1864 3286 (1)

260 3318 420 3389 ὁρῶν,
474 3318 757 3385 φανήσεται
812 3306 1023 3370 δεδιώς.
1077 3309 1134 3361 Εἰ
1184 3304 1242 3359 δε
1286 3327 1363 3368 τις
1405 3306 1563 3359 ἐθεᾶόι
1596 3302 1868 3378 φείδεσθαι

263 3409 362 3457 καὶ
412 3410 504 3453 τοῦ
562 3407 818 3471 σώματος,
876 3401 941 3459 ὡς
990 3402 1145 3469 μόνου
1204 3394 1468 3467 κτήματος
1522 3394 1662 3465 αὐτῷ
1718 3396 1869 3464 ἀναγ-

265 3497 425 3545 καίου
480 3491 657 3561 ψυχῇ,
720 3492 807 3539 xui
862 3493 1227 3559 συνεργοῦντος
1288 3484 1417 3556 αύτῇ
1477 3487 1607 3558 πρός
1662 3487 1716 3534 τό
1776 3483 1870 3554 ζῇν

269 3582 361 3633 ἐπὶ
410 3588 532 3650 γῆς,
591 3579 753 3649 μικρὰ
812 3578 938 3650 πρὸς
999 3576 1087 3634 τὰς
1143 3575 1327 3625 τούτου
1384 3578 1571 3647 χρείας
1623 3571 1871 3645 ἐπιστρα-

270 3676 513 3739 φήσεται,
578 3673 669 3719 καὶ
735 3668 867 3717 ὥστε
926 3668 1162 3734 συνέχειν
1228 3668 1379 3734 μόνον
1446 3662 1592 3726 αὐτὸ,
1654 3668 1743 3713 καὶ
1809 3667 1870 3733 τῇ

269 3768 371 3820 τῆς
416 3758 600 3828 ψυχῆς
652 3758 914 3829 ὑπηρεσίᾳ
968 3750 1062 3805 διὰ
1106 3756 1319 3823 μετρίας
1376 3751 1665 3823 ἐπιμελείας
1724 3749 1877 3824 ἐρρω-

269 3854 424 3920 μένον
488 3852 683 3918 τηρεῖν,
754 3849 825 3915 μη
893 3846 1128 3914 μέντοιγε
1195 3839 1480 3911 ἐπιτρέπειν
1548 3840 1645 3890 ύπό
1720 3842 1875 3911 κόρου

272 3942 518 4007 πιρτᾴν,
558 3936 770 3992 Τούτοις
812 3934 901 4003 μεν
948 3934 1048 4001 γὰρ
1095 3928 1292 3986 εὐήνιόν
1340 3947 1393 3981 τε
1439 3928 1566 3979 αὐτὸ
1624 3932 1713 3979 καὶ
1761 3926 1880 3978 x05—

273 4044 372 4097 ερον
424 4023 503 4075 ἀεὶ
557 4026 688 4095 πρὸς
752 4026 845 4078 τὴν
913 4020 1148 4092 οὐράνιον
1216 4013 1520 4091 ὁδοιπορίαν
1579 4016 1878 4089 ἐργάσεται,

271 4119 371 4166 καὶ
428 4112 617 4183 μᾶλλον
676 4110 747 4171 εἰς
811 4112 877 4161 τὰ
932 4113 1243 4185 προκείμενα
1306 4113 1559 4164 κτήσεται
1613 4110 1881 4179 συνεργόν,

274 4203 342 4256 Εἰ
392 4198 449 4253 δε
508 4200 737 4273 ὑϐρίζειν
797 4197 923 4249 αύτό
978 4201 1348 4267 συγχωρήσω,
1403 4202 1491 4248 καὶ
1547 4197 1750 4247 πάντων
1808 4193 1881 4267 ἐφ’

274 4294 479 4363 ἡμέραν
528 4287 907 4361 ἐμπίπλασθαι,
960 4288 1191 4361 καθάπερ
1245 4306 1296 4337 τι
1356 4288 1533 4358 Θηρίον
1592 4284 1880 4357 ἀνήμερονο

275 4382 500 4452 ὕστερον
536 4386 648 4437 ταῖς
694 4374 893 4449 βιαίοις
940 4374 1099 4427 αὑτοῦ
1138 4379 1266 4447 πρός
1304 4385 1402 4446 γῆν
1443 4372 1711 4434 ἀνθολκαῖς
1757 4393 1884 4425 συν-

1976 3230 2229 3285 parvam
2260 3213 2596 3279 habebit,et
2627 3213 2730 3269 ubi
2747 3214 2945 3270 venire
2975 3230 3038 3271 se
3058 3215 3120 3270 in
3144 3216 3272 3272 vitae
3293 3216 3628 3288 periculum

1977 3301 2209 3371 viderit,
2241 3302 2722 3374 haudquaquam
2752 3303 3067 3375 apparebit
3095 3304 3367 3362 timidus.
3408 3305 3465 3361 Si
3494 3305 3632 3377 quis

1980 3396 2182 3448 tamen
2200 3390 2447 3448 voluerit
2464 3407 2684 3463 corpus
2699 3393 2877 3448 etiam
2894 3393 3324 3460 commiserari,
3338 3398 3632 3464 tanquam

1981 3481 2147 3553 quod
2165 3498 2286 3536 una
2315 3480 2617 3552 possessio
2639 3481 2731 3550 sit,
2750 3497 2886 3554 quae
2908 3483 3128 3539 anima:
3152 3484 3493 3540 necessario
3523 3487 3632 3552 est,

1984 3571 2156 3643 eique
2188 3570 2265 3626 ad
2296 3570 2481 3625 vitam
2504 3571 2565 3625 in
2596 3575 2751 3626 terra
2789 3571 3131 3641 degendam
3169 3572 3478 3646 suppetias
3501 3572 3631 3647 fert,

1985 3660 2265 3728 exiguam
2284 3659 2710 3714 necessitatum
2723 3659 2853 3729 ejus
2873 3674 3081 3715 curam
3100 3661 3471 3731 suscipiet,ut
3488 3658 3635 3717 illud

1986 3753 2043 3804 et
2071 3751 2358 3803 sustentet
2387 3753 2642 3815 tantum,
2682 3752 2737 3803 et
2762 3763 2867 3819 per
2900 3748 3267 3804 mediocrem
3295 3764 3507 3805 curam
3540 3764 3638 3807 sa-

1987 3854 2135 3893 num
2186 3840 2500 3892 conservet
2541 3836 2621 3893 ad
2663 3836 2880 3893 animas
2915 3838 3336 3904 ministerium,
3380 3852 3505 3894 non
3554 3838 3639 3896 ita

1988 3930 2190 3983 autem
2218 3930 2281 3980 ut
2304 3925 2505 3997 ipsum
2546 3926 2813 3982 satietate
2840 3925 3114 3982 lascivire
3145 3927 3322 3984 sinat.
3355 3927 3451 3983 llis
3476 3927 3638 3985 enim

1989 4014 2140 4071 illud
2168 4013 2280 4069 sibi
2303 4014 2681 4085 comparabit
2708 4020 2765 4073 et
2793 4015 3041 4072 minime
3063 4014 3303 4086 rebelle,
3333 4020 3389 4073 et
3408 4016 3487 4072 ad
3507 4004 3636 4073 cm-

1991 4106 2135 4161 leste
2167 4104 2277 4159 iter
2301 4103 2744 4160 conﬁciendum
2773 4104 2937 4160 nullo
2963 4120 3087 4160 non
3116 4110 3384 4178 tempore
3403 4105 3645 4177 expedi-

1992 4199 2145 4259 tum,
2176 4192 2401 4265 eritque
2436 4191 2655 4249 auxilio
2686 4192 2902 4263 majori
2931 4192 3010 4250 ad
3045 4208 3117 4250 ea
3158 4209 3295 4266 quas
3333 4195 3645 4266 proposita

1996 4288 2139 4339 sunt
2172 4282 2455 4339 obeunda
2487 4283 2719 4339 munia.
2753 4282 2853 4339 Sin
2888 4288 3087 4339 autem
3118 4282 3382 4339 insolens
3409 4299 3481 4341 ac
3504 4298 3644 4355 pro-

1996 4379 2230 4430 tervum
2262 4387 2395 4427 esse
2421 4370 2776 4444 permiserit,
2807 4376 2864 4427 et
2890 4371 3205 4443 quibusvis
3219 4370 3486 4442 quotidie
3509 4376 3646 4427 tan—

278 4470 650 4529 επισπασθεὶς,
696 4472 928 4518 κείσεται
979 4467 1165 4515 στένων
1206 4462 1445 4520 ἀνόνητα.
1491 4467 1588 4515 Καὶ
1625 4468 1751 4536 πρὸς
1798 4465 1877 4515 τὸν

1999 4480 2187 4537 quam
2224 4462 2555 4518 immanem
2602 4462 2914 4533 quandam
2950 4460 3208 4516 bestiam
3236 4458 3485 4531 oppleri,
3517 4464 3647 4517 tum

280 4561 551 4613 Δεσπότην
586 4554 791 4627 ἀχθεὶς,
824 4559 913 4606 καὶ
951 4562 1047 4613 τῆς
1090 4551 1173 4605 ἐπὶ
1210 4560 1305 4622 γῆς
1350 4557 1559 4623 πορείας
1606 4561 1697 4611 τῆς
1744 4548 1887 4603 ἐνδο-

284 4651 473 4707 Θείσης
539 4644 678 4715 αύτῴ
744 4648 830 4694 τόν
893 4645 1091 4717 καρπόν
1160 4640 1554 4711 ἀπαιτούμενος,
1622 4636 1731 4691 εἶτα
1796 4639 1889 4691 οὐκ

282 4740 429 4808 ἔχων
480 4732 683 4799 δουναι,
741 4735 990 4803 θρηνήσει
1038 4731 1237 4802 μακρὰ,
1286 4733 1376 4779 καὶ
1436 4732 1621 4787 σκότος
1687 4728 1891 4786 οἰκήσει

284 4823 549 4893 διηνεκες,
604 4822 768 4874 πολλὰ
831 4828 892 4893 τῇ
961 4827 1127 4892 τρυφῇ
1184 4822 1273 4869 καὶ
1339 4824 1399 4888 τῇ
1470 4818 1665 4875 ταύτης
1725 4816 1887 4891 πλάνῃ

283 4917 630 4989 μεμφόμενος,
676 4910 761 4983 ὑφ’
810 4906 873 4970 ἧς
916 4912 1002 4960 τόν
1045 4915 1139 4969 τῆς
1199 4909 1460 4977 σωτηρίας
1502 4904 1729 4962 ἐσυλήθη
1769 4924 1893 4956 και-

282 5008 425 5079 ρόνο
481 4998 631 5053 οὐδὲν
691 4996 749 5052 δε
803 4998 857 5050 ἐκ
908 5006 1009 5051 τῶν
1069 4993 1310 5069 δακρύων
1365 4996 1514 5046 ἔσται
1566 4989 1889 5068 κερδαίνων·

285 5094 379 5148 Ἐν
438 5094 537 5165 γὰρ
598 5098 671 5161 τῷ
726 5085 832 5162 ᾅδῃ
899 5092 978 5148 τίς
1040 5084 1474 5157 ἐξομολογήσεταί
1541 5100 1666 5150 σοις
1736 5086 1895 5155 φησὶν

286 5184 320 5236 ὀ
384 5176 571 5234 Δαϐίδ.
630 5182 842 5250 Γαστήρ
897 5174 1250 5235 συναλλάκτης
1314 5171 1456 5226 ἰστὶν
1521 5170 1892 5242 ἀπιστότατος,

373 5466 445 5573 si)
487 5469 787 5537 Προῑόντας.
816 5459 989 5517 Forte
1016 5464 1351 5541 προσιόντας,
1386 5459 1536 5513 Ευιτ.

398 5537 451 5573 ΟΧ
492 5537 571 5573 Fr
608 5535 842 5573 Dnnuh’e
869 5533 1062 5573 fusius
1094 5538 1385 5573 lrnl'lnhg,
1423 5531 1536 5573 364,

379 5531 451 5609 Z2)
492 5531 576 5591 E'x
600 5535 842 5609 Regalis
861 5531 1062 5609 fusius
1094 5531 1391 5599 tractatis,
1423 5531 1548 5586 364.

375 5606 455 5681 (3)
497 5610 581 5664 Ex
609 5608 781 5679 epist.
806 5619 866 5674 ιι,
887 5606 976 5660 74.

1999 4553 2246 4609 demum
2294 4552 2487 4623 ipsius
2531 4550 2797 4621 pondere
2844 4550 2921 4605 ad
2949 4554 3165 4605 terram
3196 4547 3485 4604 violenter
3518 4563 3650 4605 ver.

2001 4647 2173 4713 gente
2204 4645 2509 4703 attractus,
2527 4637 2750 4708 jacebit
2772 4637 3030 4693 inaniter
3049 4635 3467 4707 ingemiscens.
3495 4636 3650 4703 Quin

2002 4735 2059 4784 et
2089 4728 2163 4784 ad
2194 4728 2514 4783 Dominum
2545 4725 2867 4793 adductus,
2897 4730 2953 4782 et
2985 4724 3201 4781 terreni
3233 4724 3390 4781 illius
3427 4725 3653 4783 itineris

2002 4818 2116 4872 sibi
2132 4814 2438 4871 commissi
2458 4814 2717 4870 fructum
2739 4818 3134 4883 rogatus,nec
3157 4813 3408 4871 reddere
3419 4812 3654 4885 valens,

2003 4905 2333 4978 plurimum
2376 4900 2822 4970 lamentabitur,
2864 4905 2921 4957 et
2956 4901 3017 4957 in
3054 4903 3360 4974 perpetuis
3396 4901 3656 4959 tenebris

2002 4990 2940 5062 babitabit,delicias,eorumque
2959 4990 3261 5048 fallaciam
3284 5006 3407 5048 non
3438 5004 3657 5063 parum

2002 5080 2543 5153 incusans,quibus
2557 5078 2766 5135 salutis
2786 5083 3023 5153 tempus
3046 5078 3159 5136 sibi
3171 5079 3527 5152 ademptum
3539 5082 3658 5149 est;

2006 5170 2113 5227 sed
2140 5169 2287 5227 nihil
2312 5173 2454 5225 tunc
2482 5167 2749 5225 utilitatis
2778 5184 2851 5225 ex
2878 5167 3163 5242 lacrymis
3199 5168 3412 5241 capiet.
3463 5168 3531 5225 In
3571 5167 3662 5225 in-

2013 5458 2279 5585 ῆὲἢῦῐξι
2315 5454 2480 5513 hom.
2514 5453 2685 5525 Quod
2709 5451 3036 5511 mundanis
3073 5448 3507 5519 adurendum
3543 5465 3665 5519 non
