4068 6220
482 280 619 340 “£9

481 496 556 567 (l)
604 496 813 551 Venter
846 494 937 548 est
981 490 1244 562 pessima
1275 488 1394 544 ﬁde
1431 488 1494 544 in
1533 486 1861 553 conventis,
1901 500 2127 558 penum

484 582 930 651 incustoditum,
964 579 1025 636 in
1051 579 1217 652 quod
1242 594 1382 634 cum
1411 578 1601 635 multa
1627 576 1987 649 reposueris,
2019 590 2129 630 no-

480 687 625 728 xam
649 669 897 743 quidem
911 668 1140 734 retinet,
1158 670 1218 723 at
1240 681 1363 722 non
1378 669 1576 721 servat
1594 664 1887 737 deposita.
1899 664 1969 732 (2)
1989 664 2130 729 Quae

481 760 659 830 igitur
688 758 867 814 nobis
898 756 978 813 ad
1008 755 1212 811 cibum
1243 772 1312 811 ac
1342 758 1554 827 potum
1589 754 1925 825 excogitata
1970 757 2129 819 sunt,

483 851 539 903 et
562 844 860 920 quidquid
887 842 1224 916 petulantes
1254 842 1473 898 divitiae
1518 840 1672 897 ultra
1712 839 2133 897 necessitatem

483 934 565 994 ad
593 933 811 1005 ingrati
838 932 1109 1004 nihilque
1139 929 1497 987 continentis
1525 928 1749 986 ventris
1771 927 2132 1000 obsequium

483 1025 867 1091 adinvenere,
887 1020 1135 1095 quando
1160 1024 1365 1076 nostra
1396 1023 1555 1081 sunt.
1578 1018 1813 1075 etiamsi
1842 1022 2133 1090 perpetuo

484 1112 921 1171 infunduntur?
941 1126 1077 1183 quae
1100 1108 1202 1165 ubi
1228 1113 1475 1179 gustum
1492 1108 1552 1163 in
1570 1107 1822 1163 transitu
1841 1106 2137 1163 duntaxat

483 1200 725 1258 modica
743 1196 1014 1272 quadam
1035 1197 1333 1268 voluptate
1345 1196 1669 1261 affecerint,
1686 1210 1825 1251 mox
1846 1201 2135 1267 tanquam

485 1288 739 1347 molesta
762 1303 833 1344 ac
859 1285 1168 1357 superﬂua
1191 1300 1347 1356 aegre
1369 1285 1636 1345 ferimus.
1660 1283 1803 1339 utin
1828 1298 2136 1338 summum

486 1379 620 1435 vitae
649 1377 976 1434 discrimen
1001 1374 1250 1441 venturi,
1269 1374 1318 1429 si
1337 1373 1399 1429 in
1428 1372 1756 1429 visceribus
1779 1372 1883 1428 diu
1906 1387 2139 1443 perma-

488 1470 689 1524 neant.
740 1468 982 1521 Mortem
1025 1462 1187 1519 enim
1232 1479 1355 1519 non
1398 1462 1607 1535 paucis
1650 1461 1845 1517 intulit
1875 1460 2133 1527 satietas,

489 1554 718 1627 fuitque
764 1552 824 1608 in
872 1567 1076 1617 causa,
1120 1567 1227 1607 cur
1263 1550 1410 1607 nihil
1440 1550 1700 1622 amplius
1730 1550 2137 1621 degustarent.

490 1645 640 1701 Nam
665 1642 755 1698 vis
784 1640 883 1698 illa
910 1656 1033 1713 qua
1064 1638 1309 1696 animali
1340 1640 1706 1713 providetur,
1740 1644 2137 1712 temperatum

1463 273 1829 331 APPENDIX.
1854 302 1924 314 —
1955 268 2295 330 SYMEONIS
2331 258 2858 326 METAPHRASTE

476 407 674 476 fermo
700 402 861 460 enim
889 401 1021 473 quis
1041 398 1419 468 conﬁtebitur
1446 399 1554 455 tibi
1578 398 1625 433 ⁵⁸
1650 398 1677 451 ‘I
1705 397 1901 470 inquit
1921 394 2123 453 David.
2158 396 2206 450 Α
2242 400 2450 466 ταμεῖον

3709 267 3847 321 1320

2546 390 2857 464 ἀφύλακτον,
2934 385 3129 441 πολλῶν
3217 390 3675 461 ἑναποτιθεμένων,
3756 392 3843 445 τήν

2242 485 2331 555 μεν
2381 479 2582 555 βλάϐην
2629 481 3104 555 παρακατέχουσα,
3151 480 3216 530 τά
3255 483 3430 549 μέντοι
3486 477 3843 549 παρατεθέντα

2241 572 2301 624 οὐ
2339 566 2706 632 διασώζουσαι.
2734 572 2811 622 re
2837 573 3009 621 τοίνυν
3054 567 3120 628 εἰς
3164 566 3362 640 βρῶσιν
3412 568 3540 639 ἡμῖν
3577 567 3842 623 ἐπινενοη-

2241 664 2367 733 μένα
2403 664 2493 711 καὶ
2541 664 2714 727 πόσιν,
2760 663 2849 710 καὶ
2888 659 3074 722 πάντα,
3125 658 3225 708 ὅσα
3262 662 3393 728 πέρα
3430 664 3527 716 τῆς
3574 660 3771 728 χρείας
3818 658 3842 707 ὁ

2240 748 2457 809 πλοῦτος
2504 748 2729 821 ὑϐρίζων
2788 746 3165 819 ἐμηχανήσατο
3220 750 3348 820 πρὸς
3415 747 3697 819 θεραπείαν
3754 754 3842 805 τῆς

2244 838 2539 912 ἀχαρίστου
2601 842 2691 890 καὶ
2746 834 2913 911 μηδὲν
2961 839 3251 907 στεγούσης
3300 838 3557 909 γαστρὸς,
3616 834 3731 887 ποτ’
3786 836 3843 885 ἄν

2243 930 2467 1004 ἡμετέρα
2507 932 2727 1000 γένοιτο,
2771 926 2866 980 κᾶν
2915 926 3231 985 έπαντλῆται
3267 927 3343 993 (7)
3387 922 3682 989 dmoenire;
3728 926 3846 995 ἆγε

2242 1020 2433 1093 μικράν
2496 1037 2611 1069 τινα
2673 1020 2851 1089 γεύσει
2915 1020 3067 1089 μόνον
3134 1015 3477 1088 έναποθέμενα
3549 1017 3691 1067 κατά
3754 1017 3844 1071 τὴν

2243 1103 2475 1181 πάροδον
2525 1103 2739 1177 ἡδονὴν,
2789 1106 2938 1166 εὐθὺς
2985 1108 3049 1165 ὡς
3092 1104 3301 1178 ὀχληρά
3338 1109 3427 1157 καὶ
3466 1104 3685 1176 περιττὰ
3717 1099 3844 1154 δυσ-

2244 1203 2573 1270 χεραίνομεν,
2632 1199 2697 1256 ὡς
2754 1195 2797 1248 εἰ
2851 1203 2960 1257 τοῖς
3010 1194 3335 1266 σπλάγχνοις
3392 1192 3722 1267 ἐγχρονίσοι,
3782 1196 3848 1245 τα

2245 1290 2473 1357 μέγιστα
2526 1289 2644 1359 περὶ
2692 1288 2749 1337 τὸ
2808 1285 2903 1357 ζῇν
2955 1280 3395 1344 κινδυνεύσοντες.
3453 1282 3669 1342 Πολλοῖς
3722 1289 3845 1353 γοῦν

2246 1377 2271 1427 ὁ
2328 1379 2479 1449 κόρος
2526 1378 2692 1445 ἤγαγε
2742 1376 2978 1439 θάνατον,
3030 1378 3119 1425 καὶ
3163 1381 3254 1424 τοῦ
3293 1369 3520 1444 μηδενὸς
3569 1370 3845 1423 ἀπολαύειν

2247 1467 2321 1516 ἔτι
2384 1468 2658 1534 γεγένηται
2732 1463 2990 1537 πρόξενος,
3056 1462 3111 1513 Ἰἰ
3188 1465 3288 1534 γάρ
3366 1462 3717 1532 οἰκονομοῡσα
3789 1465 3845 1511 τὸ

2249 1555 2379 1614 ζῶον
2432 1550 2651 1625 δύναμις
2703 1554 3008 1628 αὐτάρκειαν
3062 1556 3152 1625 μεν
3207 1556 3296 1603 καὶ
3342 1550 3586 1609 λειότητα
3634 1551 3716 1612 (8)
3758 1550 3848 1623 fau-

2250 1639 2378 1703 ὃίως
2450 1645 2855 1717 κατειργάσατο,
2932 1646 3021 1692 καὶ
3097 1641 3323 1711 ᾡκείωσι
3384 1648 3455 1709 τῷ
3518 1643 3848 1713 τρισομένῳο

490 1748 563 1789 ac
604 1746 859 1805 parcum
898 1730 1122 1785 victum
1164 1727 1329 1785 nullo
1358 1728 1599 1799 negotio
1630 1728 1970 1801 concoquit,
1998 1733 2054 1783 et
2078 1728 2135 1784 in

2257 1729 2572 1783 πολυτέλειαν
2649 1725 2707 1781 δι
2780 1734 2868 1781 καὶ
2934 1728 3195 1782 ποικιλίαν
3258 1725 3552 1801 βρωμάτων
3618 1726 3852 1799 παραλα-

490 1819 760 1893 corporis
781 1816 949 1892 quod
972 1817 1149 1874 alitur
1167 1817 1567 1874 substantiam
1598 1818 1765 1873 vertit
1796 1835 1808 1885 ;
1842 1822 1903 1873 at
1925 1816 2138 1873 eadem

493 1909 600 1967 ubi
637 1908 924 1982 opiparos
961 1906 1281 1979 variosque
1328 1905 1495 1962 cibos
1534 1906 1849 1978 complexa
1888 1911 1998 1973 est,
2030 1921 2139 1962 nec

494 1997 713 2056 deinde
741 2014 851 2071 par
888 2001 975 2053 est
1000 1996 1093 2052 his
1119 1996 1369 2052 omnino
1407 1995 1760 2068 coquendis,
1789 2001 1917 2051 tum
1950 1995 2141 2051 diver-

496 2104 565 2147 sa
593 2087 780 2159 gignit
807 2085 1159 2143 morborum
1190 2100 1431 2154 genera.
1465 2086 1712 2141 Satietas
1743 2083 2004 2140 lasciviae
2035 2084 2141 2139 ini-

496 2177 646 2235 tium
674 2181 783 2234 est.
813 2176 886 2245 (3)
915 2173 1125 2230 Statim
1147 2173 1309 2228 enim
1348 2187 1471 2227 una
1508 2188 1647 2227 cum
1671 2171 1918 2241 deliciis,
1948 2171 2140 2228 ebrie-

495 2270 636 2329 tate,
665 2269 722 2319 et
744 2262 942 2319 omnis
962 2261 1195 2331 generis
1225 2260 1643 2327 condimentis,
1666 2258 2141 2333 proditlibidinis

496 2351 774 2409 belluinae
796 2364 987 2421 genus
1017 2364 1213 2406 omne.
1249 2348 1395 2404 Hinc
1411 2349 1550 2421 equi
1578 2350 1943 2406 insanientes
1970 2350 2030 2405 in
2057 2350 2141 2405 fe-

496 2438 693 2497 minas
711 2438 865 2493 ﬂunt
881 2436 1177 2506 homines,
1205 2436 1284 2492 ob
1309 2440 1555 2492 (nstrum
1576 2453 1647 2492 ac
1676 2436 1938 2493 furorem
1959 2452 2142 2510 quem

497 2527 559 2584 in
598 2528 803 2584 animo
842 2527 1101 2597 gignunt
1135 2525 1381 2581 delicite.
1428 2530 1472 2580 Α
1517 2525 1856 2582 temulentis
1890 2532 2022 2583 orta
2058 2532 2147 2583 est

498 2620 728 2675 natura:
767 2614 1051 2684 inversio,
1089 2613 1237 2670 dum
1272 2614 1332 2669 in
1376 2614 1712 2671 masculino
1738 2632 1884 2672 sexu
1914 2616 2143 2672 femini-

496 2719 669 2773 num,
689 2704 752 2760 in
775 2702 1064 2761 feminino
1093 2701 1497 2759 masculinum
1517 2710 1814 2776 quaerunt.
1840 2705 2145 2777 Siquidem

497 2794 814 2867 pinguiore
839 2798 1020 2865 pastu
1044 2808 1153 2848 ceu
1183 2792 1401 2848 fumosi
1423 2792 1671 2864 quidam
1694 2808 1947 2864 vapores
1963 2793 2147 2849 exha-

498 2880 715 2953 lantur,
730 2882 835 2954 qui
863 2881 1058 2936 lucem
1089 2880 1278 2935 sancti
1302 2880 1551 2953 Spiritus
1581 2881 1641 2936 in
1664 2881 1927 2937 hominis
1951 2887 2146 2937 mente

500 2971 909 3036 irradiantem,
945 2968 1122 3041 quasi
1149 2968 1343 3025 densa
1380 2969 1572 3025 nubes
1608 2971 2029 3035 interveniens,
2062 2970 2149 3025 in-

2251 1819 2439 1887 ϐοῦσα,
2472 1820 2582 1872 εἶτα
2617 1816 2884 1889 ἀντισχεῖν
2922 1821 3047 1888 πρὸς
3085 1821 3142 1869 τὸ
3187 1821 3345 1892 πέρας
3388 1820 3457 1888 μὴ
3495 1814 3847 1888 ἐξαρκέσασα,

2248 1911 2313 1961 τὰ
2359 1907 2571 1960 ποικῦα
2616 1912 2735 1979 γένη
2786 1916 2882 1959 τῶν
2934 1908 3242 1978 νοσημάτων
3280 1904 3541 1962 ἐποίησεν.
3596 1904 3656 1955 Ὀ
3700 1909 3849 1977 κόρος

2250 1996 2439 2070 ὑϐρεὼς
2502 1996 2643 2049 ἐστιν
2709 1994 2879 2069 ἀρχή.
2944 1996 3110 2056 Εὐθὺς
3171 1998 3271 2067 γὰρ
3346 1998 3713 2046 συνεισπίπτει
3786 2001 3846 2065 τῇ

2251 2094 2415 2160 τρυγῇ
2456 2092 2546 2139 καὶ
2584 2094 2645 2157 τῇ
2692 2087 2820 2157 μέθη
2866 2089 2957 2137 καὶ
2996 2092 3110 2146 ταῖς
3150 2079 3510 2143 παντοδαπαῖς
3549 2088 3854 2156 καρυκείαις

2252 2183 2352 2228 παν
2409 2172 2543 2235 εἶδος
2600 2173 2879 2235 ἀκολασίας
2938 2169 3433 2246 βοσκιιμοιτιὶιὸους⁸
3496 2173 3634 2224 ἔνθεν
3706 2173 3854 2223 imor

2256 2264 2558 2336 Θηλυμανεῖς
2601 2266 2649 2315 οἱ
2697 2265 2981 2335 ἄνθρωποι,
3024 2259 3117 2315 διὰ
3172 2265 3258 2313 τὸν
3303 2262 3358 2313 ἐκ
3397 2269 3492 2321 τῆς
3536 2268 3743 2332 τρυφῆς
3781 2262 3857 2329 (9)

2254 2351 2460 2425 οἶστρον
2498 2351 2847 2424 ἐπιγινόμενον
2886 2360 2947 2423 τῇ
2994 2351 3177 2422 ψυχῇ.
3233 2353 3382 2423 Παρά
3419 2358 3518 2401 τῶν
3562 2351 3856 2421 μεθυόντων

2255 2445 2309 2494 αἱ
2353 2451 2447 2503 τῆς
2496 2444 2694 2513 φύσεως
2738 2440 3033 2512 ὶναλλαγαὶ,
3075 2439 3123 2491 έν
3170 2438 3345 2513 ἄρρενι
3382 2442 3472 2511 μεν
3514 2442 3573 2490 τὸ
3618 2438 3775 2504 θῆλυ,
3812 2436 3857 2488 ἰν

2256 2528 2315 2584 ὃε
2370 2539 2442 2601 τῷ
2498 2530 2634 2588 θήλει
2686 2534 2744 2582 τὸ
2796 2528 2946 2604 ἄρρεν
3002 2528 3405 2589 ἐπιζητούντων.
3460 2527 3550 2581 Ἐκ
3600 2530 3709 2600 γὰρ
3762 2536 3858 2587 τῆς

2254 2624 2479 2691 παχείας
2516 2626 2728 2693 τροφῆς,
2777 2620 2881 2671 οἷον
2939 2613 3249 2679 αἰθαλώδεις
3301 2615 3685 2687 ἀναθυμιάσεις
3740 2614 3859 2666 ἀνα-

2255 2715 2597 2781 πεμπόμεναι,
2663 2708 2865 2779 νεφέλης
2927 2703 3081 2764 δίκην
3148 2714 3369 2775 πυκνῆς,
3435 2708 3528 2766 τάς
3596 2704 3703 2757 ἀπὸ
3768 2714 3860 2756 τον

2258 2798 2409 2870 ἁγίου
2496 2800 2791 2869 Πνεύματος
2867 2796 3192 2868 ἐγγινομένας
3266 2794 3540 2867 ὶλλάμψεις
3615 2794 3704 2846 ἐπὶ
3778 2799 3861 2845 τόν

2256 2896 2372 2940 νοῦν
2412 2883 2445 2940 δ
2452 2892 2780 2940 ιακόπτουσι.
2834 2890 2917 2943 Mi;
2955 2890 3127 2937 τοίνυν
3157 2884 3401 2937 κολάκευέ
3437 2903 3527 2935 του
3558 2888 3655 2941 τὴν
3692 2887 3866 2955 σάρκα

2258 2978 2431 3036 ὕπνοις
2487 2981 2576 3027 καὶ
2631 2974 2888 3049 λουτροῖς,
2938 2980 3027 3026 καὶ
3088 2974 3341 3047 μαλακοῖς
3390 2978 3724 3045 στρώμασιν,
3786 2971 3863 3023 ἀεὶ

499 3061 857 3149 tercipiunt.
899 3062 979 3131 (4)
1028 3062 1108 3116 Ne
1162 3060 1343 3149 igitur
1390 3060 1558 3116 carni
1613 3066 1730 3117 tuae
1788 3061 2144 3134 obsequare,

2259 3064 2501 3135 ἐπιλέγων
2566 3068 2624 3117 τὸ
2685 3070 2828 3138 ρῆμα
2885 3071 3075 3115 τοῦτο*
3138 3068 3233 3124 Τίς
3285 3061 3499 3134 ὠφέλεια
3556 3060 3603 3112 έν
3658 3070 3733 3131 τῷ
3780 3063 3867 3113 αἰ-

501 3166 739 3217 somno,
768 3148 1006 3218 balneo,
1042 3163 1113 3205 ac
1134 3146 1416 3205 mollibus
1448 3149 1697 3218 culcitis,
1726 3166 1964 3223 semper
1992 3151 2148 3207 hanc

498 3244 773 3313 repetens
786 3237 1145 3293 sententiam
1162 3254 1174 3293 :
1191 3244 1330 3306 Quae
1346 3240 1580 3295 utilitas
1594 3241 1653 3296 in
1666 3242 1957 3310 sanguine
1972 3241 2147 3313 560

499 3345 647 3399 meo,
678 3328 819 3384 dum
848 3327 1131 3384 descendo
1152 3329 1214 3383 in
1235 3330 1674 3397 corruptionem
1700 3330 1785 3383 “‘2
1814 3330 1966 3395 Quid
1984 3331 2149 3386 foves

500 3416 669 3490 quod
712 3415 895 3488 paulo
945 3421 1081 3487 post
1121 3416 1498 3473 interiturum
1540 3418 1678 3473 est?
1715 3418 1861 3489 quid
1905 3420 2149 3488 saginas

503 3504 764 3577 teipsum
795 3509 852 3559 et
880 3504 1296 3576 pinguefacis?
1343 3509 1432 3561 An
1457 3505 1698 3574 ignoras
1724 3506 1887 3578 quod
1919 3513 2149 3579 quanto

501 3593 786 3667 pinguius
810 3592 911 3649 tilii
942 3608 1160 3665 corpus
1182 3593 1447 3663 conﬁcis,
1472 3600 1635 3651 tanta
1664 3597 2001 3665 graviorem
2023 3612 2151 3652 car-

504 3699 701 3741 carem
730 3682 943 3738 animae
970 3682 1149 3738 struis
1180 3683 1207 3738 ?
1254 3686 1688 3755 Corporearum
1732 3686 1891 3741 enim
1931 3685 2149 3741 virium

504 3770 899 3839 abundantia,
985 3769 1226 3842 spiritus
1296 3770 1472 3827 saluti
1537 3772 1967 3845 impedimento
2040 3778 2148 3830 est.

504 3862 579 3933 (ὕ)
606 3863 845 3933 Oportet
866 3862 1067 3933 itaque
1095 3876 1233 3933 quas
1261 3862 1602 3918 necessaria
1633 3867 1773 3919 sunt
1796 3863 1986 3919 ventri
2015 3862 2152 3918 sub-

504 3950 863 4015 ministrare,
914 3964 1037 4005 non
1082 3965 1219 4020 quas
1262 3955 1400 4006 sunt
1437 3966 1731 4023 perquam
1765 3951 2058 4022 jucunda,
2090 3955 2153 4007 ut

507 4038 697 4093 solent
743 4036 849 4107 qui
892 4037 1194 4108 quosdam
1257 4054 1607 4094 mensarum
1671 4045 1992 4097 structores
2058 4056 2153 4097 co-

506 4139 781 4197 quosque
805 4124 1146 4196 exquirunt,
1176 4129 1484 4198 totamque
1512 4133 1730 4185 terram
1768 4145 1838 4184 ac
1864 4146 2031 4186 mare
2058 4146 2154 4187 ve-

508 4212 923 4283 stigant,velut
947 4228 1189 4268 moroso
1210 4213 1355 4270 hero
1376 4215 1595 4271 tributa
1622 4217 1967 4289 pendentes,
1987 4218 2154 4289 digni

509 4300 888 4359 miseratione
917 4300 996 4357 ob
1034 4301 1337 4372 ejusmodi
1366 4305 1844 4377 occupationem,
1877 4306 2041 4363 haud
2070 4323 2155 4363 re-

2256 3160 2383 3226 ματί
2444 3173 2566 3226 μου,
2625 3151 2675 3205 έν
2732 3161 2805 3223 τῷ
2870 3152 3198 3205 καταϐαίνειν
3258 3170 3322 3225 με
3378 3152 3445 3213 εἰς
3514 3147 3865 3224 διαφθοράδη

2255 3249 2318 3297 Τί
2368 3247 2626 3317 περιέπεις
2680 3246 2738 3294 τὸ
2786 3246 2972 3317 μικρὸν
3030 3243 3245 3316 ὕστερον
3304 3243 3757 3316 φθαρησόμενονς
3816 3246 3867 3292 τι

2256 3337 2615 3393 καταπιαίνεις
2671 3335 2887 3383 σεαυτὸν
2939 3335 3028 3383 καὶ
3083 3338 3465 3405 περισαρκοῖς;
3518 3329 3587 3381 Ἦ
3646 3328 3864 3400 ἀγνοεῖς,

2258 3424 2338 3473 ὅτι
2381 3424 2487 3491 ὅσῳ
2525 3425 2829 3493 παχυτέραν
2873 3424 2966 3477 τὴν
2999 3421 3170 3493 σάρκα
3200 3419 3361 3489 ἐαυτῷ
3405 3424 3585 3488 ποιεῖς,
3625 3421 3867 3487 τοσουτῳ

2260 3508 2546 3585 βαρύτερον
2588 3518 2651 3581 τῇ
2701 3508 2855 3580 ψυχῇ
2898 3509 3309 3569 κατασκευάζεις
3348 3510 3403 3560 τὸ
3453 3504 3864 3581 δεσμωτήριονς

2259 3602 2317 3651 τό
2364 3601 2465 3673 γὰρ
2518 3598 2713 3658 πλῆθος
2761 3605 2851 3657 τῆς
2901 3605 3205 3669 σωματικῆς
3250 3593 3541 3668 δυνάμεως,
3612 3593 3867 3667 ἐμπόδιόν

2260 3686 2373 3739 έστι
2418 3691 2542 3761 πρὸς
2584 3690 2678 3743 τὴν
2723 3690 2982 3758 σωτηρίαν
3026 3693 3116 3737 τοῦ
3165 3687 3480 3746 πνεύματος.
3537 3692 3623 3736 Δτῑ
3663 3694 3726 3756 τῇ
3767 3706 3867 3755 γα-

2264 3781 2384 3852 στρὶ
2442 3779 2509 3827 τά
2560 3774 2821 3846 ἀναγκαῖα
2867 3777 3157 3849 ὑπηρετεῖν,
3220 3775 3347 3845 οὐχὶ
3400 3777 3465 3827 τά
3523 3770 3751 3844 ἣδιστα,
3809 3778 3869 3832 ως

2262 3870 2368 3937 οἰγε
2413 3866 2822 3939 τραπεζοποιονς
2887 3885 3025 3925 τινας
3078 3871 3169 3916 καὶ
3232 3869 3513 3937 μαγείρους
3572 3872 3872 3936 περινοοῦν·

2261 3975 2363 4021 τις,
2415 3960 2503 4006 καὶ
2550 3960 2724 4006 πᾶσαν
2765 3950 3152 4027 διερευνώμενοι
3198 3962 3296 4025 γῆν
3344 3972 3397 4005 τε
3445 3958 3536 4005 καὶ
3588 3954 3870 4011 θάλατταν.

2262 4044 2369 4097 οἷον
2403 4064 2504 4096 τινι
2542 4043 2757 4114 χαλεπῷ
2784 4040 3014 4116 δεσπότῃ
3059 4048 3241 4118 φόρους
3286 4041 3574 4113 ἀπάγοντες
3599 4064 3611 4075 '
3669 4042 3877 4095 ελεεινοὶ

2263 4142 2355 4195 τῆς
2410 4132 2687 4204 ἀσχολίας,
2745 4140 2844 4183 τῶν
2893 4132 2941 4183 έν
2994 4128 3127 4201 ᾅδου
3176 4131 3530 4203 κολαζομένων
3580 4128 3739 4184 οὐδέν
3780 4135 3878 4183 πά-

2266 4240 2484 4293 σχοντες
2546 4220 2891 4294 ἀνεκτότερον,
2961 4218 3194 4292 ἀτεχνῶς
3260 4221 3331 4281 εἰς
3405 4228 3507 4294 πῦρ
3590 4220 3874 4287 ξαίνοντες,

2264 4316 2355 4363 καὶ
2402 4315 2622 4381 κοσκίνῳ
2687 4314 2917 4383 γέροντες
2963 4307 3131 4385 ὕδωρ,
3171 4314 3257 4362 καὶ
3309 4310 3375 4369 εἰς
3424 4314 3742 4385 τετρημένον
3798 4310 3878 4360 ἀν-

508 4389 751 4447 missius
773 4404 959 4463 quam
983 4390 1086 4463 qui
1115 4389 1177 4446 in
1196 4388 1428 4448 inferno
1461 4397 1790 4465 versantur,
1812 4396 2144 4464 excruciati,

2269 4399 2505 4459 τλουντες
2547 4403 2718 4465 πίθον,
2773 4395 2923 4451 οὐδέν
2969 4395 3028 4451 δε
3076 4403 3235 4473 πέρας
3282 4406 3381 4449 τῶν
3428 4403 3596 4450 πόνων
3638 4401 3873 4470 ἔχοντες.

508 4478 691 4553 plane
717 4479 1090 4536 dissecantes
1120 4478 1345 4550 ignem,
1383 4480 1578 4538 cribro
1615 4482 1869 4539 ferentes
1908 4500 2158 4571 aquam,

511 4574 567 4626 et
586 4568 643 4625 in
667 4573 979 4641 pertusum
1004 4568 1232 4626 dolium
1254 4568 1659 4637 infundentes,
1674 4570 1955 4629 laborum
1977 4568 2161 4631 tinem

510 4656 744 4713 nullum
788 4657 1092 4715 habentes.
1135 4659 1211 4729 (6)
1252 4658 1780 4724 Quemadmodum
1821 4661 2001 4731 igitur
2038 4663 2162 4718 sitis

513 4744 713 4811 efﬁcit,
744 4749 808 4801 ut
832 4747 1138 4817 jucundus
1171 4746 1243 4804 sit
1272 4754 1473 4820 potus,
1506 4753 1564 4806 et
1594 4750 1743 4807 sicut
1771 4766 1903 4823 quae
1934 4752 2164 4824 prieivit

512 4833 724 4905 fames,
756 4833 965 4906 epulas
990 4850 1205 4893 suaves
1232 4836 1465 4895 reddit:
1507 4838 1588 4897 ita
1624 4855 1869 4912 quoque
1898 4857 2034 4914 quae
2064 4857 2163 4898 su-

586 4995 633 5030 "
657 4991 814 5053 Psal.
838 5010 914 5064 vr,
939 4998 989 5052 6.
1068 4996 1114 5032 “
1134 4997 1287 5054 Psal.
1316 5014 1475 5071 xxxx,
1510 5004 1593 5056 to.

585 5136 666 5209 (l)
704 5137 789 5192 Ex
812 5136 978 5209 hom.
1008 5138 1092 5194 De
1105 5141 1366 5209 jejunio,
1403 5145 1487 5195 t5.

512 5208 782 5337 περ)
809 5208 973 5267 hom.
1008 5208 1179 5277 Quod
1209 5212 1534 5269 mundanis
1576 5211 2009 5272 adha'rendum
2043 5230 2164 5274 non

609 5355 662 5421 3)
704 5352 786 5405 Ex
811 5349 980 5409 hom.
1009 5352 1097 5407 De
1116 5353 1373 5422 jejunio,
1407 5356 1457 5409 9.

704 5423 787 5506 Ex
816 5422 981 5479 hom.
1009 5423 1250 5506 inpsat,
1282 5428 1590 5506 xxl.x,__i_30.

613 5493 665 5572 ξ)
705 5494 787 5572 Ex
810 5508 993 5572 serm.
1014 5493 1536 5572 _De_te_gendistib.
1566 5498 1904 5572 gentilium,
1936 5500 2054 5558 181.

585 5566 667 5634 (6)
704 5565 787 5621 Ex
807 5563 976 5625 hom.
998 5567 1087 5624 De
1104 5563 1363 5638 jejunio,
1392 5571 1443 5624 6.

2270 4485 2469 4561 Ὠσπερ
2499 4483 2586 4540 οὖν
2626 4489 2655 4545 ἠ
2701 4482 2838 4557 δίψα
2867 4483 2974 4546 ἡδὺ
3012 4491 3068 4538 τό
3109 4490 3264 4539 ποτὸν
3304 4486 3620 4562 εὐτρεπίζει,
3666 4492 3764 4539 καὶ
3809 4488 3882 4538 λιο

2270 4581 2363 4650 μὸς
2403 4580 2732 4649 ἡγησάμενος
2770 4573 2952 4634 ἡδεῖαν
2999 4577 3389 4648 παρασκευάζει
3437 4581 3529 4633 τὴν
3568 4579 3877 4649 τράπεζαν“

2271 4667 2405 4719 οὕτω
2431 4672 2521 4719 καὶ
2559 4671 2651 4723 τὴν
2691 4674 2789 4717 τῶν
2832 4664 3123 4739 βρωμάτων
3171 4663 3459 4717 ἀπόλαυσιν
3509 4666 3539 4723 ἠ
3603 4666 3883 4738 ἐγκράτεια

2272 4752 2563 4828 φαιδρύνει.
2632 4759 2809 4813 Μέσην
2864 4758 2964 4829 γὰρ
3024 4754 3203 4812 ἑαυτὴν
3268 4756 3610 4827 παρενοεῐσα,
3679 4761 3772 4807 καὶ.
3826 4760 3878 4807 τὸ

2275 4846 2492 4917 συνεχὲς
2538 4852 2631 4906 τῆς
2683 4852 2881 4917 τρυφῆς
2939 4840 3266 4915 διακόψασα,
3330 4845 3575 4902 ποθεινὴν
3634 4863 3729 4897 σοι
3791 4850 3880 4901 τήν

2339 5147 2419 5219 (7)
2457 5146 2775 5221 ’Βριτέραη
2816 5145 3150 5221 incisi-inrui.
3192 5146 3646 5221 Siccontextus
3683 5151 3746 5204 et
3783 5148 3879 5203 Re-

2274 5217 2828 5299 gius‘codex'1992;
2849 5218 2997 5299 Edlti
3012 5220 3256 5299 ᾑμέρα...
3292 5217 3510 5299 ἐπαντλεῖ
3522 5236 3640 5273 σαι.
3653 5289 3670 5299 _
3846 5288 3855 5297 _

2281 5287 2300 5289 “
2345 5290 2427 5359 (8)
2470 5294 2746 5347 Λειότητα.
2789 5290 2959 5347 Haud
2991 5287 3248 5346 dubium
3277 5289 3425 5362 quin
3446 5287 3787 5360 legendum
3814 5288 3878 5345 sit

2274 5359 2545 5418 λιτότητα.
2580 5363 2735 5417 Ευιτ.

2367 5436 2421 5512 9)
2460 5439 2689 5507 Τρυφῆς.
2747 5432 2841 5491 Sic
2887 5435 3203 5491 contextus
3253 5435 3310 5489 et
3367 5434 3626 5504 uterque
3671 5430 3879 5490 codex.

2276 5504 2427 5561 Editi
2453 5504 2666 5576 τροφῆς.
