  <div class='ocr_page' id='page_1' title='image "/cluster/home/n/w/nwhite01/storage/ocr_20150623/32/hvd.32044048207401/672.png"; bbox 0 0 4068 6220; ppageno 0'>
   <div class='ocr_carea' id='block_1_1' title="bbox 225 405 366 460">
    <p class='ocr_par' dir='ltr' id='par_1_1' title="bbox 225 405 366 460">
     <span class='ocr_line' id='line_1_1' title="bbox 225 405 366 460; baseline 0.014 -2"><span class='ocrx_word' id='word_1_1' title='bbox 225 405 366 460; x_wconf 68' lang='grc'><strong>1333</strong></span> 
     </span>
    </p>
   </div>
   <div class='ocr_carea' id='block_1_2' title="bbox 1327 399 2504 460">
    <p class='ocr_par' dir='ltr' id='par_1_2' title="bbox 1327 399 2504 460">
     <span class='ocr_line' id='line_1_2' title="bbox 1327 399 2504 460; baseline 0.003 -4"><span class='ocrx_word' id='word_1_2' title='bbox 1327 402 1566 456; x_wconf 79' lang='lat' dir='ltr'><strong>SERMO‘</strong></span> <span class='ocrx_word' id='word_1_3' title='bbox 1599 399 1760 456; x_wconf 78' lang='lat' dir='ltr'><strong>XVII.</strong></span> <span class='ocrx_word' id='word_1_4' title='bbox 1793 431 1862 441; x_wconf 92' lang='lat'><em>—</em></span> <span class='ocrx_word' id='word_1_5' title='bbox 1901 401 1991 458; x_wconf 88' lang='lat' dir='ltr'><strong>DE</strong></span> <span class='ocrx_word' id='word_1_6' title='bbox 2033 405 2150 458; x_wconf 73' lang='lat' dir='ltr'><strong>IRA</strong></span> <span class='ocrx_word' id='word_1_7' title='bbox 2189 403 2274 458; x_wconf 88' lang='lat' dir='ltr'><strong>ET</strong></span> <span class='ocrx_word' id='word_1_8' title='bbox 2313 403 2504 460; x_wconf 90' lang='lat' dir='ltr'><strong>ODIO.</strong></span> 
     </span>
    </p>
   </div>
   <div class='ocr_carea' id='block_1_3' title="bbox 3465 405 3600 460">
    <p class='ocr_par' dir='ltr' id='par_1_3' title="bbox 3465 405 3600 460">
     <span class='ocr_line' id='line_1_3' title="bbox 3465 405 3600 460; baseline 0.03 -3"><span class='ocrx_word' id='word_1_9' title='bbox 3465 405 3600 460; x_wconf 67' lang='grc'><strong>1334</strong></span> 
     </span>
    </p>
   </div>
   <div class='ocr_carea' id='block_1_4' title="bbox 221 523 1812 600">
    <p class='ocr_par' dir='ltr' id='par_1_4' title="bbox 221 523 1808 598">
     <span class='ocr_line' id='line_1_4' title="bbox 221 523 1808 598; baseline 0 -20"><span class='ocrx_word' id='word_1_10' title='bbox 221 529 314 578; x_wconf 87' lang='grc' dir='ltr'>τὸν</span> <span class='ocrx_word' id='word_1_11' title='bbox 373 525 724 598; x_wconf 77' lang='grc' dir='ltr'>ὀργιζόμενον,</span> <span class='ocrx_word' id='word_1_12' title='bbox 778 525 872 577; x_wconf 76' lang='grc' dir='ltr'>οὐκ</span> <span class='ocrx_word' id='word_1_13' title='bbox 925 523 1156 596; x_wconf 61' lang='grc' dir='ltr'>ἐφυλάξω</span> <span class='ocrx_word' id='word_1_14' title='bbox 1204 525 1361 576; x_wconf 71' lang='grc' dir='ltr'>αὑτοῦ</span> <span class='ocrx_word' id='word_1_15' title='bbox 1419 529 1513 583; x_wconf 73' lang='grc' dir='ltr'>τὴν</span> <span class='ocrx_word' id='word_1_16' title='bbox 1557 527 1808 597; x_wconf 75' lang='grc' dir='ltr'>ὁμοίωσιν</span> 
     </span>
    </p>
   </div>
   <div class='ocr_carea' id='block_1_5' title="bbox 1922 523 3602 600">
    <p class='ocr_par' dir='ltr' id='par_1_5' title="bbox 1946 525 3602 600">
     <span class='ocr_line' id='line_1_5' title="bbox 1946 525 3602 600; baseline 0.001 -18"><span class='ocrx_word' id='word_1_17' title='bbox 1946 541 2088 582; x_wconf 89' lang='lat' dir='ltr'><strong>vero</strong></span> <span class='ocrx_word' id='word_1_18' title='bbox 2127 527 2358 600; x_wconf 64' lang='lat' dir='ltr'><strong>tequius</strong></span> <span class='ocrx_word' id='word_1_19' title='bbox 2379 533 2484 598; x_wconf 87' lang='lat' dir='ltr'><strong>est,</strong></span> <span class='ocrx_word' id='word_1_20' title='bbox 2513 531 2578 582; x_wconf 90' lang='lat' dir='ltr'><strong>ut</strong></span> <span class='ocrx_word' id='word_1_21' title='bbox 2601 525 2750 582; x_wconf 83' lang='lat' dir='ltr'><strong>mihi</strong></span> <span class='ocrx_word' id='word_1_22' title='bbox 2769 526 3131 599; x_wconf 84' lang='lat' dir='ltr'><strong>persuadeo,</strong></span> <span class='ocrx_word' id='word_1_23' title='bbox 3165 525 3392 582; x_wconf 81' lang='lat' dir='ltr'><strong>intendi</strong></span> <span class='ocrx_word' id='word_1_24' title='bbox 3418 527 3602 584; x_wconf 88' lang='lat' dir='ltr'><strong>etiam</strong></span> 
     </span>
    </p>
   </div>
   <div class='ocr_carea' id='block_1_6' title="bbox 221 611 1828 686">
    <p class='ocr_par' dir='ltr' id='par_1_6' title="bbox 221 611 1828 686">
     <span class='ocr_line' id='line_1_6' title="bbox 221 611 1828 686; baseline -0.002 -18"><span class='ocrx_word' id='word_1_25' title='bbox 221 611 333 668; x_wconf 81' lang='grc' dir='ltr'>ἀλλ’</span> <span class='ocrx_word' id='word_1_26' title='bbox 361 613 670 686; x_wconf 73' lang='grc' dir='ltr'><strong>ἀγανακτεῖς</strong></span> <span class='ocrx_word' id='word_1_27' title='bbox 699 617 790 665; x_wconf 81' lang='grc' dir='ltr'><strong>καὶ</strong></span> <span class='ocrx_word' id='word_1_28' title='bbox 839 612 1193 684; x_wconf 74' lang='grc' dir='ltr'><strong>χαλεπαίνεις,</strong></span> <span class='ocrx_word' id='word_1_29' title='bbox 1236 617 1325 666; x_wconf 81' lang='grc' dir='ltr'><strong>καὶ</strong></span> <span class='ocrx_word' id='word_1_30' title='bbox 1370 611 1695 685; x_wconf 75' lang='grc' dir='ltr'>ἀνταγωνίζη</span> 
     </span>
    </p>
   </div>
   <div class='ocr_carea' id='block_1_7' title="bbox 219 699 1827 776">
    <p class='ocr_par' dir='ltr' id='par_1_7' title="bbox 219 699 1827 776">
     <span class='ocr_line' id='line_1_7' title="bbox 219 699 1827 776; baseline -0.001 -22"><span class='ocrx_word' id='word_1_31' title='bbox 219 707 533 775; x_wconf 83' lang='grc' dir='ltr'>καὶγίνεταί</span> <span class='ocrx_word' id='word_1_32' title='bbox 569 721 662 753; x_wconf 87' lang='grc' dir='ltr'><strong>σου</strong></span> <span class='ocrx_word' id='word_1_33' title='bbox 707 705 762 752; x_wconf 85' lang='grc' dir='ltr'><strong>τό</strong></span> <span class='ocrx_word' id='word_1_34' title='bbox 807 701 969 760; x_wconf 86' lang='grc' dir='ltr'>πάθος</span> <span class='ocrx_word' id='word_1_35' title='bbox 1009 699 1264 772; x_wconf 73' lang='grc' dir='ltr'><strong>ἀπολογία</strong></span> <span class='ocrx_word' id='word_1_36' title='bbox 1315 707 1405 752; x_wconf 79' lang='grc' dir='ltr'>τοῦ</span> <span class='ocrx_word' id='word_1_37' title='bbox 1461 701 1827 776; x_wconf 72' lang='grc' dir='ltr'>προλαϐόντος.</span> 
     </span>
    </p>
   </div>
   <div class='ocr_carea' id='block_1_8' title="bbox 221 789 1830 864">
    <p class='ocr_par' dir='ltr' id='par_1_8' title="bbox 221 789 1830 864">
     <span class='ocr_line' id='line_1_8' title="bbox 221 789 1830 864; baseline -0.004 -18"><span class='ocrx_word' id='word_1_38' title='bbox 221 791 286 845; x_wconf 84' lang='grc' dir='ltr'>Εἰ</span> <span class='ocrx_word' id='word_1_39' title='bbox 324 796 414 864; x_wconf 72' lang='grc' dir='ltr'>μὲν</span> <span class='ocrx_word' id='word_1_40' title='bbox 457 794 682 862; x_wconf 77' lang='grc' dir='ltr'>πονηρὸν</span> <span class='ocrx_word' id='word_1_41' title='bbox 838 791 863 841; x_wconf 99' lang='lat'><strong>6</strong></span> <span class='ocrx_word' id='word_1_42' title='bbox 932 791 1114 862; x_wconf 69' lang='grc' dir='ltr'>θυμός,</span> <span class='ocrx_word' id='word_1_43' title='bbox 1178 793 1232 841; x_wconf 86' lang='grc' dir='ltr'><strong>τί</strong></span> <span class='ocrx_word' id='word_1_44' title='bbox 1297 789 1392 841; x_wconf 65' lang='grc' dir='ltr'>οὐκ</span> <span class='ocrx_word' id='word_1_45' title='bbox 1459 790 1710 852; x_wconf 81' lang='grc' dir='ltr'>εξέκλινας</span> <span class='ocrx_word' id='word_1_46' title='bbox 1772 795 1830 844; x_wconf 83' lang='grc' dir='ltr'>τὸ</span> 
     </span>
    </p>
   </div>
   <div class='ocr_carea' id='block_1_9' title="bbox 217 875 1827 950">
    <p class='ocr_par' dir='ltr' id='par_1_9' title="bbox 217 875 1827 950">
     <span class='ocr_line' id='line_1_9' title="bbox 217 875 1827 950; baseline -0.001 -17"><span class='ocrx_word' id='word_1_47' title='bbox 217 891 419 946; x_wconf 84' lang='grc' dir='ltr'>κακον;</span> <span class='ocrx_word' id='word_1_48' title='bbox 489 880 550 932; x_wconf 82' lang='grc' dir='ltr'>Εἰ</span> <span class='ocrx_word' id='word_1_49' title='bbox 613 875 673 931; x_wconf 69' lang='grc' dir='ltr'><strong>δὲ</strong></span> <span class='ocrx_word' id='word_1_50' title='bbox 743 885 1055 950; x_wconf 73' lang='grc' dir='ltr'><strong>συγγνώμης</strong></span> <span class='ocrx_word' id='word_1_51' title='bbox 1121 879 1304 944; x_wconf 77' lang='grc' dir='ltr'>ἄξιον,</span> <span class='ocrx_word' id='word_1_52' title='bbox 1383 883 1435 930; x_wconf 86' lang='grc' dir='ltr'><strong>τί</strong></span> <span class='ocrx_word' id='word_1_53' title='bbox 1495 879 1827 950; x_wconf 78' lang='grc' dir='ltr'>χαλεπαίνεις</span> 
     </span>
    </p>
   </div>
   <div class='ocr_carea' id='block_1_10' title="bbox 215 967 1827 1042">
    <p class='ocr_par' dir='ltr' id='par_1_10' title="bbox 215 967 1827 1042">
     <span class='ocr_line' id='line_1_10' title="bbox 215 967 1827 1042; baseline -0.001 -20"><span class='ocrx_word' id='word_1_54' title='bbox 215 979 291 1042; x_wconf 80' lang='grc' dir='ltr'>τῷ</span> <span class='ocrx_word' id='word_1_55' title='bbox 333 971 684 1042; x_wconf 74' lang='grc' dir='ltr'>θυμουμένῳ;</span> <span class='ocrx_word' id='word_1_56' title='bbox 741 969 872 1018; x_wconf 83' lang='grc' dir='ltr'>ἔοικε</span> <span class='ocrx_word' id='word_1_57' title='bbox 929 971 1029 1041; x_wconf 82' lang='grc' dir='ltr'><strong>γάρ</strong></span> <span class='ocrx_word' id='word_1_58' title='bbox 1083 987 1189 1028; x_wconf 87' lang='grc' dir='ltr'><strong>πως</strong></span> <span class='ocrx_word' id='word_1_59' title='bbox 1241 967 1708 1038; x_wconf 73' lang='grc' dir='ltr'><strong>συνεξομοιοῦσθαι</strong></span> <span class='ocrx_word' id='word_1_60' title='bbox 1759 978 1827 1040; x_wconf 78' lang='grc' dir='ltr'>τῷ</span> 
     </span>
    </p>
   </div>
   <div class='ocr_carea' id='block_1_11' title="bbox 215 1053 1828 1130">
    <p class='ocr_par' dir='ltr' id='par_1_11' title="bbox 215 1053 1828 1130">
     <span class='ocr_line' id='line_1_11' title="bbox 215 1053 1828 1130; baseline -0.001 -20"><span class='ocrx_word' id='word_1_61' title='bbox 215 1057 656 1130; x_wconf 78' lang='grc' dir='ltr'>ματαιολογουντι</span> <span class='ocrx_word' id='word_1_62' title='bbox 704 1057 728 1106; x_wconf 87' lang='grc' dir='ltr'><strong>ό</strong></span> <span class='ocrx_word' id='word_1_63' title='bbox 789 1053 1083 1127; x_wconf 81' lang='grc' dir='ltr'>ἀντιλέγων.</span> <span class='ocrx_word' id='word_1_64' title='bbox 1145 1061 1351 1130; x_wconf 82' lang='grc' dir='ltr'>Διόπερ,</span> <span class='ocrx_word' id='word_1_65' title='bbox 1401 1053 1570 1126; x_wconf 67' lang='grc' dir='ltr'>οζιιαι,</span> <span class='ocrx_word' id='word_1_66' title='bbox 1603 1058 1628 1108; x_wconf 86' lang='grc' dir='ltr'><strong><em>ὁ</em></strong></span> <span class='ocrx_word' id='word_1_67' title='bbox 1670 1061 1828 1129; x_wconf 63' lang='grc' dir='ltr'>σοφός</span> 
     </span>
    </p>
   </div>
   <div class='ocr_carea' id='block_1_12' title="bbox 217 1143 1826 1220">
    <p class='ocr_par' dir='ltr' id='par_1_12' title="bbox 217 1143 1826 1220">
     <span class='ocr_line' id='line_1_12' title="bbox 217 1143 1826 1220; baseline -0.001 -22"><span class='ocrx_word' id='word_1_68' title='bbox 217 1152 494 1220; x_wconf 74' lang='grc' dir='ltr'>παρεγγυᾷ</span> <span class='ocrx_word' id='word_1_69' title='bbox 549 1144 816 1216; x_wconf 79' lang='grc' dir='ltr'>Σολομὼν,</span> <span class='ocrx_word' id='word_1_70' title='bbox 894 1149 966 1216; x_wconf 71' lang='grc' dir='ltr'><em>μὴ</em></span> <span class='ocrx_word' id='word_1_71' title='bbox 1051 1143 1444 1218; x_wconf 81' lang='grc' dir='ltr'>ἀποκρίνασθαι</span> <span class='ocrx_word' id='word_1_72' title='bbox 1504 1153 1576 1216; x_wconf 82' lang='grc' dir='ltr'>τῷ</span> <span class='ocrx_word' id='word_1_73' title='bbox 1643 1149 1826 1220; x_wconf 61' lang='grc' dir='ltr'>ἄφρονι</span> 
     </span>
    </p>
   </div>
   <div class='ocr_carea' id='block_1_13' title="bbox 219 1229 1826 1308">
    <p class='ocr_par' dir='ltr' id='par_1_13' title="bbox 219 1229 1826 1308">
     <span class='ocr_line' id='line_1_13' title="bbox 219 1229 1826 1308; baseline 0 -22"><span class='ocrx_word' id='word_1_74' title='bbox 219 1237 360 1288; x_wconf 81' lang='grc' dir='ltr'>κατὰ</span> <span class='ocrx_word' id='word_1_75' title='bbox 413 1241 506 1292; x_wconf 76' lang='grc' dir='ltr'>τὴν</span> <span class='ocrx_word' id='word_1_76' title='bbox 556 1233 745 1286; x_wconf 85' lang='grc' dir='ltr'>ἐκείνου</span> <span class='ocrx_word' id='word_1_77' title='bbox 806 1231 1121 1308; x_wconf 63' lang='grc' dir='ltr'>ἀφροσύνην,</span> <span class='ocrx_word' id='word_1_78' title='bbox 1174 1229 1373 1305; x_wconf 76' lang='grc' dir='ltr'>’Ὥσπερ</span> <span class='ocrx_word' id='word_1_79' title='bbox 1427 1235 1524 1306; x_wconf 82' lang='grc' dir='ltr'>γὰρ</span> <span class='ocrx_word' id='word_1_80' title='bbox 1584 1235 1608 1284; x_wconf 88' lang='lat'><strong>6</strong></span> <span class='ocrx_word' id='word_1_81' title='bbox 1671 1233 1826 1305; x_wconf 73' lang='grc' dir='ltr'>βασι-</span> 
     </span>
    </p>
   </div>
   <div class='ocr_carea' id='block_1_14' title="bbox 220 1321 1824 1396">
    <p class='ocr_par' dir='ltr' id='par_1_14' title="bbox 220 1321 1824 1396">
     <span class='ocr_line' id='line_1_14' title="bbox 220 1321 1824 1396; baseline 0 -22"><span class='ocrx_word' id='word_1_82' title='bbox 220 1323 373 1381; x_wconf 78' lang='grc' dir='ltr'>λικὴν</span> <span class='ocrx_word' id='word_1_83' title='bbox 413 1323 581 1375; x_wconf 87' lang='grc' dir='ltr'>εἰκόνα</span> <span class='ocrx_word' id='word_1_84' title='bbox 629 1321 974 1396; x_wconf 71' lang='grc' dir='ltr'>καθυϐρίσας,</span> <span class='ocrx_word' id='word_1_85' title='bbox 1029 1323 1096 1382; x_wconf 82' lang='grc' dir='ltr'><strong>ὡς</strong></span> <span class='ocrx_word' id='word_1_86' title='bbox 1147 1321 1218 1380; x_wconf 83' lang='grc' dir='ltr'>εἰς</span> <span class='ocrx_word' id='word_1_87' title='bbox 1258 1321 1412 1372; x_wconf 70' lang='grc' dir='ltr'>αὐτόν</span> <span class='ocrx_word' id='word_1_88' title='bbox 1461 1321 1824 1396; x_wconf 73' lang='grc' dir='ltr'>ἑξαμαρτὴσας</span> 
     </span>
    </p>
   </div>
   <div class='ocr_carea' id='block_1_15' title="bbox 217 1407 1825 1484">
    <p class='ocr_par' dir='ltr' id='par_1_15' title="bbox 217 1407 1825 1484">
     <span class='ocr_line' id='line_1_15' title="bbox 217 1407 1825 1484; baseline 0 -21"><span class='ocrx_word' id='word_1_89' title='bbox 217 1415 310 1463; x_wconf 80' lang='grc' dir='ltr'>τὸν</span> <span class='ocrx_word' id='word_1_90' title='bbox 359 1409 584 1484; x_wconf 75' lang='grc' dir='ltr'>βασιλέα</span> <span class='ocrx_word' id='word_1_91' title='bbox 638 1415 884 1482; x_wconf 84' lang='grc' dir='ltr'>κρίνεται·</span> <span class='ocrx_word' id='word_1_92' title='bbox 945 1411 1080 1460; x_wconf 70' lang='grc' dir='ltr'>οὕτω</span> <span class='ocrx_word' id='word_1_93' title='bbox 1132 1407 1374 1466; x_wconf 67' lang='grc' dir='ltr'>δηλονότι</span> <span class='ocrx_word' id='word_1_94' title='bbox 1417 1407 1672 1473; x_wconf 67' lang='grc' dir='ltr'>ὑπόδικός</span> <span class='ocrx_word' id='word_1_95' title='bbox 1716 1411 1825 1463; x_wconf 86' lang='grc' dir='ltr'>ἑστι</span> 
     </span>
    </p>
   </div>
   <div class='ocr_carea' id='block_1_16' title="bbox 217 1498 1824 1574">
    <p class='ocr_par' dir='ltr' id='par_1_16' title="bbox 217 1498 1824 1574">
     <span class='ocr_line' id='line_1_16' title="bbox 217 1498 1824 1574; baseline 0.001 -24"><span class='ocrx_word' id='word_1_96' title='bbox 217 1509 280 1573; x_wconf 69' lang='grc' dir='ltr'>τῇ</span> <span class='ocrx_word' id='word_1_97' title='bbox 323 1500 555 1574; x_wconf 65' lang='grc' dir='ltr'>ἁμαρτία</span> <span class='ocrx_word' id='word_1_98' title='bbox 597 1501 622 1550; x_wconf 93' lang='lat'><strong>6</strong></span> <span class='ocrx_word' id='word_1_99' title='bbox 661 1503 748 1549; x_wconf 85' lang='grc' dir='ltr'><strong>τόν</strong></span> <span class='ocrx_word' id='word_1_100' title='bbox 801 1500 912 1550; x_wconf 84' lang='grc' dir='ltr'>κατ’</span> <span class='ocrx_word' id='word_1_101' title='bbox 971 1498 1142 1551; x_wconf 83' lang='grc' dir='ltr'>εἰκόνα</span> <span class='ocrx_word' id='word_1_102' title='bbox 1200 1506 1334 1552; x_wconf 71' lang='grc' dir='ltr'>Θεοῦ</span> <span class='ocrx_word' id='word_1_103' title='bbox 1381 1504 1712 1571; x_wconf 74' lang='grc' dir='ltr'>γεγενημένον</span> <span class='ocrx_word' id='word_1_104' title='bbox 1735 1521 1824 1552; x_wconf 82' lang='grc' dir='ltr'>κα-</span> 
     </span>
    </p>
   </div>
   <div class='ocr_carea' id='block_1_17' title="bbox 218 1589 501 1662">
    <p class='ocr_par' dir='ltr' id='par_1_17' title="bbox 218 1589 501 1662">
     <span class='ocr_line' id='line_1_17' title="bbox 218 1589 501 1662; baseline 0 -21"><span class='ocrx_word' id='word_1_105' title='bbox 218 1589 501 1662; x_wconf 74' lang='grc' dir='ltr'>θυϐρίζων.</span> 
     </span>
    </p>
   </div>
   <div class='ocr_carea' id='block_1_18' title="bbox 1941 613 3599 690">
    <p class='ocr_par' dir='ltr' id='par_1_18' title="bbox 1941 613 3599 690">
     <span class='ocr_line' id='line_1_18' title="bbox 1941 613 3599 690; baseline 0.001 -18"><span class='ocrx_word' id='word_1_106' title='bbox 1941 615 2264 672; x_wconf 87' lang='lat' dir='ltr'><strong>adversum</strong></span> <span class='ocrx_word' id='word_1_107' title='bbox 2293 621 2346 672; x_wconf 90' lang='lat' dir='ltr'><strong>te</strong></span> <span class='ocrx_word' id='word_1_108' title='bbox 2367 615 2699 688; x_wconf 82' lang='lat' dir='ltr'><strong>querelam,</strong></span> <span class='ocrx_word' id='word_1_109' title='bbox 2731 615 2898 688; x_wconf 88' lang='lat' dir='ltr'><strong>quod</strong></span> <span class='ocrx_word' id='word_1_110' title='bbox 2950 614 3046 670; x_wconf 91' lang='lat' dir='ltr'><strong>ille</strong></span> <span class='ocrx_word' id='word_1_111' title='bbox 3089 613 3436 687; x_wconf 90' lang='lat' dir='ltr'><strong>exemplum</strong></span> <span class='ocrx_word' id='word_1_112' title='bbox 3474 632 3599 690; x_wconf 90' lang='lat' dir='ltr'><strong>quo</strong></span> 
     </span>
    </p>
   </div>
   <div class='ocr_carea' id='block_1_19' title="bbox 1941 703 3598 777">
    <p class='ocr_par' dir='ltr' id='par_1_19' title="bbox 1941 703 3598 777">
     <span class='ocr_line' id='line_1_19' title="bbox 1941 703 3598 777; baseline 0.001 -19"><span class='ocrx_word' id='word_1_113' title='bbox 1941 704 2384 772; x_wconf 88' lang='lat' dir='ltr'><strong>emendaretur,</strong></span> <span class='ocrx_word' id='word_1_114' title='bbox 2417 720 2810 777; x_wconf 85' lang='lat' dir='ltr'><strong>nequaquam</strong></span> <span class='ocrx_word' id='word_1_115' title='bbox 2839 703 3145 760; x_wconf 89' lang='lat' dir='ltr'><strong>habuerit.</strong></span> <span class='ocrx_word' id='word_1_116' title='bbox 3175 707 3486 764; x_wconf 73' lang='lat' dir='ltr'><strong>Turtamen</strong></span> <span class='ocrx_word' id='word_1_117' title='bbox 3515 703 3598 760; x_wconf 92' lang='lat' dir='ltr'><strong>vi-</strong></span> 
     </span>
    </p>
   </div>
   <div class='ocr_carea' id='block_1_20' title="bbox 1939 791 3594 863">
    <p class='ocr_par' dir='ltr' id='par_1_20' title="bbox 1939 791 3594 863">
     <span class='ocr_line' id='line_1_20' title="bbox 1939 791 3594 863; baseline 0.002 -17"><span class='ocrx_word' id='word_1_118' title='bbox 1939 791 2087 848; x_wconf 93' lang='lat' dir='ltr'><strong>dens</strong></span> <span class='ocrx_word' id='word_1_119' title='bbox 2117 793 2338 848; x_wconf 88' lang='lat' dir='ltr'><strong>iratum</strong></span> <span class='ocrx_word' id='word_1_120' title='bbox 2360 793 2639 848; x_wconf 85' lang='lat' dir='ltr'><strong>indecore</strong></span> <span class='ocrx_word' id='word_1_121' title='bbox 2671 808 2734 848; x_wconf 90' lang='lat' dir='ltr'><strong>se</strong></span> <span class='ocrx_word' id='word_1_122' title='bbox 2765 795 3089 863; x_wconf 80' lang='lat' dir='ltr'><strong>gerentem,</strong></span> <span class='ocrx_word' id='word_1_123' title='bbox 3113 807 3238 848; x_wconf 92' lang='lat' dir='ltr'><strong>non</strong></span> <span class='ocrx_word' id='word_1_124' title='bbox 3265 791 3424 848; x_wconf 89' lang='lat' dir='ltr'><strong>illius</strong></span> <span class='ocrx_word' id='word_1_125' title='bbox 3446 793 3594 850; x_wconf 90' lang='lat' dir='ltr'><strong>vita-</strong></span> 
     </span>
    </p>
   </div>
   <div class='ocr_carea' id='block_1_21' title="bbox 1939 879 3596 954">
    <p class='ocr_par' dir='ltr' id='par_1_21' title="bbox 1939 879 3596 954">
     <span class='ocr_line' id='line_1_21' title="bbox 1939 879 3596 954; baseline 0.002 -20"><span class='ocrx_word' id='word_1_126' title='bbox 1939 879 2012 936; x_wconf 88' lang='lat' dir='ltr'><strong>sti</strong></span> <span class='ocrx_word' id='word_1_127' title='bbox 2045 880 2517 951; x_wconf 81' lang='lat' dir='ltr'><strong>similitudinem,</strong></span> <span class='ocrx_word' id='word_1_128' title='bbox 2551 881 2658 936; x_wconf 89' lang='lat' dir='ltr'><strong>sed</strong></span> <span class='ocrx_word' id='word_1_129' title='bbox 2686 879 3041 951; x_wconf 86' lang='lat' dir='ltr'><strong>indignaris,</strong></span> <span class='ocrx_word' id='word_1_130' title='bbox 3078 881 3352 937; x_wconf 82' lang='lat' dir='ltr'><strong>acerbius</strong></span> <span class='ocrx_word' id='word_1_131' title='bbox 3384 881 3596 954; x_wconf 90' lang='lat' dir='ltr'><strong>objur-</strong></span> 
     </span>
    </p>
   </div>
   <div class='ocr_carea' id='block_1_22' title="bbox 1936 969 3596 1041">
    <p class='ocr_par' dir='ltr' id='par_1_22' title="bbox 1936 969 3596 1041">
     <span class='ocr_line' id='line_1_22' title="bbox 1936 969 3596 1041; baseline 0.001 -17"><span class='ocrx_word' id='word_1_132' title='bbox 1936 985 2065 1040; x_wconf 87' lang='lat' dir='ltr'><strong>gas,</strong></span> <span class='ocrx_word' id='word_1_133' title='bbox 2089 969 2413 1026; x_wconf 85' lang='lat' dir='ltr'><strong>obluctaris</strong></span> <span class='ocrx_word' id='word_1_134' title='bbox 2435 989 2450 1040; x_wconf 81' lang='lat'><em>;</em></span> <span class='ocrx_word' id='word_1_135' title='bbox 2481 969 2737 1041; x_wconf 88' lang='lat' dir='ltr'><strong>ideoque</strong></span> <span class='ocrx_word' id='word_1_136' title='bbox 2757 973 2860 1025; x_wconf 91' lang='lat' dir='ltr'><strong>tua</strong></span> <span class='ocrx_word' id='word_1_137' title='bbox 2881 969 3072 1040; x_wconf 87' lang='lat' dir='ltr'>ipsius</span> <span class='ocrx_word' id='word_1_138' title='bbox 3097 971 3464 1040; x_wconf 83' lang='lat' dir='ltr'><strong>perturbatio</strong></span> <span class='ocrx_word' id='word_1_139' title='bbox 3495 985 3596 1040; x_wconf 86' lang='lat' dir='ltr'><strong>ag-</strong></span> 
     </span>
    </p>
   </div>
   <div class='ocr_carea' id='block_1_23' title="bbox 1937 1055 3593 1129">
    <p class='ocr_par' dir='ltr' id='par_1_23' title="bbox 1937 1055 3593 1129">
     <span class='ocr_line' id='line_1_23' title="bbox 1937 1055 3593 1129; baseline 0 -16"><span class='ocrx_word' id='word_1_140' title='bbox 1937 1058 2260 1128; x_wconf 87' lang='lat' dir='ltr'><strong>gredientis</strong></span> <span class='ocrx_word' id='word_1_141' title='bbox 2281 1057 2765 1129; x_wconf 81' lang='lat' dir='ltr'><strong>exordientisque</strong></span> <span class='ocrx_word' id='word_1_142' title='bbox 2786 1055 3056 1112; x_wconf 87' lang='lat' dir='ltr'><strong>defensio</strong></span> <span class='ocrx_word' id='word_1_143' title='bbox 3085 1056 3154 1113; x_wconf 83' lang='lat' dir='ltr'><strong>ﬁt</strong></span> <span class='ocrx_word' id='word_1_144' title='bbox 3182 1061 3239 1113; x_wconf 91' lang='lat' dir='ltr'><strong>et</strong></span> <span class='ocrx_word' id='word_1_145' title='bbox 3267 1057 3593 1114; x_wconf 82' lang='lat' dir='ltr'><strong>excusatio.</strong></span> 
     </span>
    </p>
   </div>
   <div class='ocr_carea' id='block_1_24' title="bbox 1935 1145 3594 1218">
    <p class='ocr_par' dir='ltr' id='par_1_24' title="bbox 1935 1145 3594 1218">
     <span class='ocr_line' id='line_1_24' title="bbox 1935 1145 3594 1218; baseline 0.001 -18"><span class='ocrx_word' id='word_1_146' title='bbox 1935 1147 2160 1202; x_wconf 79' lang='lat' dir='ltr'>Etenim</span> <span class='ocrx_word' id='word_1_147' title='bbox 2195 1147 2241 1201; x_wconf 93' lang='lat' dir='ltr'><strong>si</strong></span> <span class='ocrx_word' id='word_1_148' title='bbox 2273 1145 2494 1202; x_wconf 86' lang='lat' dir='ltr'><strong>malum</strong></span> <span class='ocrx_word' id='word_1_149' title='bbox 2514 1145 2602 1202; x_wconf 89' lang='lat' dir='ltr'><strong>ira</strong></span> <span class='ocrx_word' id='word_1_150' title='bbox 2617 1150 2724 1214; x_wconf 89' lang='lat' dir='ltr'><strong>est,</strong></span> <span class='ocrx_word' id='word_1_151' title='bbox 2751 1161 2857 1201; x_wconf 87' lang='lat' dir='ltr'><strong>cur</strong></span> <span class='ocrx_word' id='word_1_152' title='bbox 2873 1147 3106 1201; x_wconf 89' lang='lat' dir='ltr'><strong>malum</strong></span> <span class='ocrx_word' id='word_1_153' title='bbox 3136 1161 3262 1201; x_wconf 91' lang='lat' dir='ltr'><strong>non</strong></span> <span class='ocrx_word' id='word_1_154' title='bbox 3299 1147 3472 1218; x_wconf 81' lang='lat'><strong>566</strong></span> <span class='ocrx_word' id='word_1_155' title='bbox 3496 1146 3594 1202; x_wconf 86' lang='lat' dir='ltr'><strong>de-</strong></span> 
     </span>
    </p>
   </div>
   <div class='ocr_carea' id='block_1_25' title="bbox 1935 1235 3597 1308">
    <p class='ocr_par' dir='ltr' id='par_1_25' title="bbox 1935 1235 3597 1308">
     <span class='ocr_line' id='line_1_25' title="bbox 1935 1235 3597 1308; baseline 0.001 -18"><span class='ocrx_word' id='word_1_156' title='bbox 1935 1235 2199 1290; x_wconf 81' lang='lat' dir='ltr'><strong>clinasti?</strong></span> <span class='ocrx_word' id='word_1_157' title='bbox 2227 1235 2326 1292; x_wconf 91' lang='lat' dir='ltr'>Sin</span> <span class='ocrx_word' id='word_1_158' title='bbox 2351 1241 2551 1290; x_wconf 87' lang='lat' dir='ltr'><strong>autem</strong></span> <span class='ocrx_word' id='word_1_159' title='bbox 2573 1235 2889 1308; x_wconf 83' lang='lat' dir='ltr'><strong>quidpiam</strong></span> <span class='ocrx_word' id='word_1_160' title='bbox 2909 1239 3000 1290; x_wconf 89' lang='lat' dir='ltr'><strong>est</strong></span> <span class='ocrx_word' id='word_1_161' title='bbox 3018 1235 3198 1291; x_wconf 88' lang='lat' dir='ltr'><strong>venia</strong></span> <span class='ocrx_word' id='word_1_162' title='bbox 3213 1235 3597 1304; x_wconf 86' lang='lat' dir='ltr'><strong>dignum,cur</strong></span> 
     </span>
    </p>
   </div>
   <div class='ocr_carea' id='block_1_26' title="bbox 1931 1313 3600 1396">
    <p class='ocr_par' dir='ltr' id='par_1_26' title="bbox 1931 1313 3600 1396">
     <span class='ocr_line' id='line_1_26' title="bbox 1931 1313 3600 1396; baseline -0.001 -16"><span class='ocrx_word' id='word_1_163' title='bbox 1931 1325 2208 1380; x_wconf 82' lang='lat' dir='ltr'><strong>infensus</strong></span> <span class='ocrx_word' id='word_1_164' title='bbox 2225 1341 2286 1379; x_wconf 90' lang='lat' dir='ltr'><strong>es</strong></span> <span class='ocrx_word' id='word_1_165' title='bbox 2307 1325 2726 1394; x_wconf 67' lang='lat' dir='ltr'><strong>irascenti?(4)</strong></span> <span class='ocrx_word' id='word_1_166' title='bbox 2773 1327 2922 1380; x_wconf 92' lang='lat' dir='ltr'><strong>Nam</strong></span> <span class='ocrx_word' id='word_1_167' title='bbox 2951 1324 3056 1396; x_wconf 92' lang='lat' dir='ltr'><strong>qui</strong></span> <span class='ocrx_word' id='word_1_168' title='bbox 3098 1323 3423 1396; x_wconf 88' lang='lat' dir='ltr'><strong>vaniloquo</strong></span> <span class='ocrx_word' id='word_1_169' title='bbox 3454 1313 3600 1380; x_wconf 69' lang='lat' dir='ltr'><strong>con-5</strong></span> 
     </span>
    </p>
   </div>
   <div class='ocr_carea' id='block_1_27' title="bbox 1933 1411 3592 1486">
    <p class='ocr_par' dir='ltr' id='par_1_27' title="bbox 1933 1411 3592 1486">
     <span class='ocr_line' id='line_1_27' title="bbox 1933 1411 3592 1486; baseline -0.002 -17"><span class='ocrx_word' id='word_1_170' title='bbox 1933 1413 2188 1481; x_wconf 88' lang='lat' dir='ltr'><strong>tradicit,</strong></span> <span class='ocrx_word' id='word_1_171' title='bbox 2207 1413 2256 1468; x_wconf 88' lang='lat' dir='ltr'><strong>is</strong></span> <span class='ocrx_word' id='word_1_172' title='bbox 2280 1411 2737 1486; x_wconf 87' lang='lat' dir='ltr'><strong>quodammodo</strong></span> <span class='ocrx_word' id='word_1_173' title='bbox 2759 1411 2841 1467; x_wconf 89' lang='lat' dir='ltr'>illi</span> <span class='ocrx_word' id='word_1_174' title='bbox 2865 1413 3146 1469; x_wconf 87' lang='lat' dir='ltr'><strong>assimilis</strong></span> <span class='ocrx_word' id='word_1_175' title='bbox 3165 1413 3317 1468; x_wconf 77' lang='lat' dir='ltr'><strong>efﬁci</strong></span> <span class='ocrx_word' id='word_1_176' title='bbox 3337 1411 3592 1468; x_wconf 88' lang='lat' dir='ltr'><strong>videtur.</strong></span> 
     </span>
    </p>
   </div>
   <div class='ocr_carea' id='block_1_28' title="bbox 1935 1501 3591 1574">
    <p class='ocr_par' dir='ltr' id='par_1_28' title="bbox 1935 1501 3591 1574">
     <span class='ocr_line' id='line_1_28' title="bbox 1935 1501 3591 1574; baseline -0.001 -15"><span class='ocrx_word' id='word_1_177' title='bbox 1935 1505 2249 1574; x_wconf 85' lang='lat' dir='ltr'><strong>Propterea</strong></span> <span class='ocrx_word' id='word_1_178' title='bbox 2270 1503 2604 1572; x_wconf 85' lang='lat' dir='ltr'><strong>sapientem</strong></span> <span class='ocrx_word' id='word_1_179' title='bbox 2623 1501 2881 1557; x_wconf 77' lang='lat' dir='ltr'><strong>arbitror</strong></span> <span class='ocrx_word' id='word_1_180' title='bbox 2899 1501 3286 1558; x_wconf 81' lang='lat' dir='ltr'><strong>Salomonem</strong></span> <span class='ocrx_word' id='word_1_181' title='bbox 3307 1501 3591 1566; x_wconf 83' lang='lat' dir='ltr'><strong>edixisse,</strong></span> 
     </span>
    </p>
   </div>
   <div class='ocr_carea' id='block_1_29' title="bbox 1931 1590 3594 1661">
    <p class='ocr_par' dir='ltr' id='par_1_29' title="bbox 1931 1590 3594 1661">
     <span class='ocr_line' id='line_1_29' title="bbox 1931 1590 3594 1661; baseline 0 -17"><span class='ocrx_word' id='word_1_182' title='bbox 1931 1607 2005 1646; x_wconf 80' lang='lat' dir='ltr'><strong>ne</strong></span> <span class='ocrx_word' id='word_1_183' title='bbox 2049 1591 2183 1661; x_wconf 81' lang='lat' dir='ltr'><strong>quis</strong></span> <span class='ocrx_word' id='word_1_184' title='bbox 2226 1591 2410 1645; x_wconf 77' lang='lat' dir='ltr'><strong>stulto</strong></span> <span class='ocrx_word' id='word_1_185' title='bbox 2467 1590 2792 1645; x_wconf 81' lang='lat' dir='ltr'><strong>secundum</strong></span> <span class='ocrx_word' id='word_1_186' title='bbox 2841 1591 3026 1658; x_wconf 75' lang='lat' dir='ltr'><strong>ipsius</strong></span> <span class='ocrx_word' id='word_1_187' title='bbox 3067 1590 3469 1658; x_wconf 77' lang='lat' dir='ltr'>insipientiam</span> <span class='ocrx_word' id='word_1_188' title='bbox 3499 1605 3594 1644; x_wconf 78' lang='lat' dir='ltr'><strong>re-</strong></span> 
     </span>
    </p>
   </div>
   <div class='ocr_carea' id='block_1_30' title="bbox 207 1677 3593 1750">
    <p class='ocr_par' dir='ltr' id='par_1_30' title="bbox 207 1677 3593 1750">
     <span class='ocr_line' id='line_1_30' title="bbox 207 1677 3593 1750; baseline -0 -16"><span class='ocrx_word' id='word_1_189' title='bbox 207 1679 502 1748; x_wconf 78' lang='lat' dir='ltr'><strong>spondeat</strong></span> <span class='ocrx_word' id='word_1_190' title='bbox 531 1678 602 1734; x_wconf 69' lang='lat'><strong>‘9.</strong></span> <span class='ocrx_word' id='word_1_191' title='bbox 640 1677 1168 1742; x_wconf 85' lang='lat' dir='ltr'>Quemadmodum</span> <span class='ocrx_word' id='word_1_192' title='bbox 1198 1677 1358 1731; x_wconf 88' lang='lat' dir='ltr'><strong>enim</strong></span> <span class='ocrx_word' id='word_1_193' title='bbox 1389 1679 1494 1748; x_wconf 92' lang='lat' dir='ltr'>qui</span> <span class='ocrx_word' id='word_1_194' title='bbox 1519 1677 1900 1749; x_wconf 86' lang='lat' dir='ltr'><strong>imperatoris</strong></span> <span class='ocrx_word' id='word_1_195' title='bbox 1923 1678 2176 1750; x_wconf 78' lang='lat' dir='ltr'><strong>effigiem</strong></span> <span class='ocrx_word' id='word_1_196' title='bbox 2207 1677 2502 1734; x_wconf 77' lang='lat' dir='ltr'><strong>dedecore</strong></span> <span class='ocrx_word' id='word_1_197' title='bbox 2527 1677 2740 1743; x_wconf 78' lang='lat' dir='ltr'><strong>affecit,</strong></span> <span class='ocrx_word' id='word_1_198' title='bbox 2769 1693 2892 1732; x_wconf 88' lang='lat' dir='ltr'><strong>non</strong></span> <span class='ocrx_word' id='word_1_199' title='bbox 2925 1677 3092 1733; x_wconf 84' lang='lat' dir='ltr'><strong>aliter</strong></span> <span class='ocrx_word' id='word_1_200' title='bbox 3119 1677 3386 1750; x_wconf 88' lang='lat' dir='ltr'><strong>punitur,</strong></span> <span class='ocrx_word' id='word_1_201' title='bbox 3405 1681 3593 1750; x_wconf 85' lang='lat' dir='ltr'><strong>quam</strong></span> 
     </span>
    </p>
   </div>
   <div class='ocr_carea' id='block_1_31' title="bbox 209 1757 3591 1840">
    <p class='ocr_par' dir='ltr' id='par_1_31' title="bbox 209 1757 3591 1840">
     <span class='ocr_line' id='line_1_31' title="bbox 209 1757 3591 1840; baseline 0 -20"><span class='ocrx_word' id='word_1_202' title='bbox 209 1767 260 1820; x_wconf 89' lang='lat' dir='ltr'><strong>si</strong></span> <span class='ocrx_word' id='word_1_203' title='bbox 289 1767 350 1822; x_wconf 89' lang='lat' dir='ltr'><strong>in</strong></span> <span class='ocrx_word' id='word_1_204' title='bbox 381 1766 580 1837; x_wconf 90' lang='lat' dir='ltr'><strong>ipsum</strong></span> <span class='ocrx_word' id='word_1_205' title='bbox 601 1765 1026 1838; x_wconf 87' lang='lat' dir='ltr'><strong>imperatorem</strong></span> <span class='ocrx_word' id='word_1_206' title='bbox 1056 1771 1400 1836; x_wconf 86' lang='lat' dir='ltr'><strong>peccasset:</strong></span> <span class='ocrx_word' id='word_1_207' title='bbox 1437 1765 1519 1821; x_wconf 90' lang='lat' dir='ltr'><strong>sic</strong></span> <span class='ocrx_word' id='word_1_208' title='bbox 1546 1767 1726 1822; x_wconf 87' lang='lat' dir='ltr'><strong>etiam</strong></span> <span class='ocrx_word' id='word_1_209' title='bbox 1752 1773 2000 1840; x_wconf 88' lang='lat' dir='ltr'><strong>peccato</strong></span> <span class='ocrx_word' id='word_1_210' title='bbox 2029 1767 2328 1822; x_wconf 83' lang='lat' dir='ltr'><strong>obnoxius</strong></span> <span class='ocrx_word' id='word_1_211' title='bbox 2359 1767 2410 1822; x_wconf 91' lang='lat' dir='ltr'>is</span> <span class='ocrx_word' id='word_1_212' title='bbox 2438 1771 2549 1836; x_wconf 86' lang='lat' dir='ltr'><strong>est,</strong></span> <span class='ocrx_word' id='word_1_213' title='bbox 2581 1765 2686 1837; x_wconf 90' lang='lat' dir='ltr'>qui</span> <span class='ocrx_word' id='word_1_214' title='bbox 2717 1767 2770 1821; x_wconf 90' lang='lat' dir='ltr'><strong>ei</strong></span> <span class='ocrx_word' id='word_1_215' title='bbox 2800 1782 2982 1838; x_wconf 87' lang='lat' dir='ltr'><strong>quem</strong></span> <span class='ocrx_word' id='word_1_216' title='bbox 3026 1765 3106 1822; x_wconf 89' lang='lat' dir='ltr'><strong>ad</strong></span> <span class='ocrx_word' id='word_1_217' title='bbox 3143 1766 3235 1820; x_wconf 90' lang='lat' dir='ltr'><strong>sui</strong></span> <span class='ocrx_word' id='word_1_218' title='bbox 3261 1757 3591 1836; x_wconf 76' lang='lat' dir='ltr'><strong>imaginem</strong></span> 
     </span>
    </p>
   </div>
   <div class='ocr_carea' id='block_1_32' title="bbox 207 1851 1264 1925">
    <p class='ocr_par' dir='ltr' id='par_1_32' title="bbox 207 1851 1264 1925">
     <span class='ocr_line' id='line_1_32' title="bbox 207 1851 1264 1925; baseline -0.003 -14"><span class='ocrx_word' id='word_1_219' title='bbox 207 1856 367 1911; x_wconf 91' lang='lat' dir='ltr'><strong>Deus</strong></span> <span class='ocrx_word' id='word_1_220' title='bbox 385 1855 632 1924; x_wconf 84' lang='lat' dir='ltr'><strong>creavit,</strong></span> <span class='ocrx_word' id='word_1_221' title='bbox 663 1853 950 1925; x_wconf 85' lang='lat' dir='ltr'><strong>injuriam</strong></span> <span class='ocrx_word' id='word_1_222' title='bbox 982 1851 1264 1909; x_wconf 88' lang='lat' dir='ltr'><strong>intulerit.</strong></span> 
     </span>
    </p>
   </div>
   <div class='ocr_carea' id='block_1_33' title="bbox 279 1959 1901 2036">
    <p class='ocr_par' dir='ltr' id='par_1_33' title="bbox 279 1959 1901 2036">
     <span class='ocr_line' id='line_1_33' title="bbox 279 1959 1901 2036; baseline 0 -22"><span class='ocrx_word' id='word_1_223' title='bbox 279 1967 337 2018; x_wconf 79' lang='grc'><strong>4.</strong></span> <span class='ocrx_word' id='word_1_224' title='bbox 380 1959 564 2036; x_wconf 75' lang='grc' dir='ltr'>Ἀνδρὶ</span> <span class='ocrx_word' id='word_1_225' title='bbox 606 1959 840 2034; x_wconf 72' lang='grc' dir='ltr'>Θυμωὸει</span> <span class='ocrx_word' id='word_1_226' title='bbox 905 1967 976 2033; x_wconf 78' lang='grc' dir='ltr'><strong>μὴ</strong></span> <span class='ocrx_word' id='word_1_227' title='bbox 1041 1961 1380 2028; x_wconf 80' lang='grc' dir='ltr'>συναυλίζου,</span> <span class='ocrx_word' id='word_1_228' title='bbox 1446 1968 1593 2034; x_wconf 72' lang='grc' dir='ltr'>φησί.</span> <span class='ocrx_word' id='word_1_229' title='bbox 1650 1967 1816 2016; x_wconf 85' lang='grc' dir='ltr'>Κακόν</span> <span class='ocrx_word' id='word_1_230' title='bbox 1861 1966 1901 2018; x_wconf 90' lang='grc' dir='ltr'>Β</span> 
     </span>
    </p>
   </div>
   <div class='ocr_carea' id='block_1_34' title="bbox 203 2047 1817 2124">
    <p class='ocr_par' dir='ltr' id='par_1_34' title="bbox 203 2047 1817 2124">
     <span class='ocr_line' id='line_1_34' title="bbox 203 2047 1817 2124; baseline -0.001 -20"><span class='ocrx_word' id='word_1_231' title='bbox 203 2053 311 2124; x_wconf 80' lang='grc' dir='ltr'><strong>γὰρ</strong></span> <span class='ocrx_word' id='word_1_232' title='bbox 337 2059 558 2124; x_wconf 71' lang='grc' dir='ltr'>πρᾶγμα</span> <span class='ocrx_word' id='word_1_233' title='bbox 585 2056 700 2102; x_wconf 78' lang='grc' dir='ltr'>κυνὶ</span> <span class='ocrx_word' id='word_1_234' title='bbox 751 2047 1124 2118; x_wconf 67' lang='grc' dir='ltr'>συνδεδέσθαι,</span> <span class='ocrx_word' id='word_1_235' title='bbox 1170 2055 1258 2102; x_wconf 81' lang='grc' dir='ltr'>καὶ</span> <span class='ocrx_word' id='word_1_236' title='bbox 1307 2047 1574 2111; x_wconf 65' lang='grc' dir='ltr'>διηνεκοῦς</span> <span class='ocrx_word' id='word_1_237' title='bbox 1627 2051 1817 2112; x_wconf 69' lang='grc' dir='ltr'>ὑλακῆς</span> 
     </span>
    </p>
   </div>
   <div class='ocr_carea' id='block_1_35' title="bbox 205 2135 1812 2212">
    <p class='ocr_par' dir='ltr' id='par_1_35' title="bbox 205 2135 1812 2212">
     <span class='ocr_line' id='line_1_35' title="bbox 205 2135 1812 2212; baseline -0.001 -22"><span class='ocrx_word' id='word_1_238' title='bbox 205 2137 506 2192; x_wconf 75' lang='grc' dir='ltr'>ἀπολαύειν.</span> <span class='ocrx_word' id='word_1_239' title='bbox 561 2145 716 2210; x_wconf 79' lang='grc' dir='ltr'>Φεῡγε</span> <span class='ocrx_word' id='word_1_240' title='bbox 772 2143 941 2189; x_wconf 79' lang='grc' dir='ltr'>τοίνυν</span> <span class='ocrx_word' id='word_1_241' title='bbox 990 2141 1080 2198; x_wconf 84' lang='grc' dir='ltr'>τὰς</span> <span class='ocrx_word' id='word_1_242' title='bbox 1137 2137 1248 2210; x_wconf 71' lang='grc' dir='ltr'>μετ’</span> <span class='ocrx_word' id='word_1_243' title='bbox 1303 2137 1461 2189; x_wconf 67' lang='grc' dir='ltr'>αὐτοῦ</span> <span class='ocrx_word' id='word_1_244' title='bbox 1515 2135 1812 2212; x_wconf 70' lang='grc' dir='ltr'>διατριϐάς·</span> 
     </span>
    </p>
   </div>
   <div class='ocr_carea' id='block_1_36' title="bbox 207 2221 1816 2300">
    <p class='ocr_par' dir='ltr' id='par_1_36' title="bbox 207 2221 1816 2300">
     <span class='ocr_line' id='line_1_36' title="bbox 207 2221 1816 2300; baseline 0.001 -22"><span class='ocrx_word' id='word_1_245' title='bbox 207 2221 408 2298; x_wconf 76' lang='grc' dir='ltr'>ἀνάγκη</span> <span class='ocrx_word' id='word_1_246' title='bbox 454 2229 555 2300; x_wconf 84' lang='grc' dir='ltr'><strong>γάρ</strong></span> <span class='ocrx_word' id='word_1_247' title='bbox 614 2246 670 2278; x_wconf 86' lang='grc' dir='ltr'><strong>σε</strong></span> <span class='ocrx_word' id='word_1_248' title='bbox 723 2228 905 2298; x_wconf 77' lang='grc' dir='ltr'>μαθεῖν</span> <span class='ocrx_word' id='word_1_249' title='bbox 956 2246 1009 2278; x_wconf 91' lang='grc' dir='ltr'><strong>τι</strong></span> <span class='ocrx_word' id='word_1_250' title='bbox 1063 2234 1162 2277; x_wconf 86' lang='grc' dir='ltr'>τῶν</span> <span class='ocrx_word' id='word_1_251' title='bbox 1226 2224 1420 2278; x_wconf 84' lang='grc' dir='ltr'>ἐκείνου</span> <span class='ocrx_word' id='word_1_252' title='bbox 1481 2223 1639 2283; x_wconf 70' lang='grc' dir='ltr'>ὀδών,</span> <span class='ocrx_word' id='word_1_253' title='bbox 1691 2225 1816 2279; x_wconf 81' lang='grc' dir='ltr'><strong>Εῖπέ</strong></span> 
     </span>
    </p>
   </div>
   <div class='ocr_carea' id='block_1_37' title="bbox 205 2313 1814 2390">
    <p class='ocr_par' dir='ltr' id='par_1_37' title="bbox 205 2313 1814 2390">
     <span class='ocr_line' id='line_1_37' title="bbox 205 2313 1814 2390; baseline 0.001 -23"><span class='ocrx_word' id='word_1_254' title='bbox 205 2335 257 2367; x_wconf 87' lang='grc' dir='ltr'><strong>τι</strong></span> <span class='ocrx_word' id='word_1_255' title='bbox 287 2314 612 2390; x_wconf 73' lang='grc' dir='ltr'>ὑϐριστικόν,</span> <span class='ocrx_word' id='word_1_256' title='bbox 641 2315 848 2372; x_wconf 83' lang='grc' dir='ltr'>ἐκίνησε</span> <span class='ocrx_word' id='word_1_257' title='bbox 893 2319 986 2366; x_wconf 78' lang='grc' dir='ltr'><strong>καὶ</strong></span> <span class='ocrx_word' id='word_1_258' title='bbox 1027 2319 1114 2366; x_wconf 84' lang='grc' dir='ltr'><strong>τόν</strong></span> <span class='ocrx_word' id='word_1_259' title='bbox 1167 2313 1214 2366; x_wconf 82' lang='grc' dir='ltr'>ἐν</span> <span class='ocrx_word' id='word_1_260' title='bbox 1267 2320 1350 2366; x_wconf 80' lang='grc' dir='ltr'><strong>σοι</strong></span> <span class='ocrx_word' id='word_1_261' title='bbox 1396 2317 1574 2387; x_wconf 73' lang='grc' dir='ltr'>θυμόν,</span> <span class='ocrx_word' id='word_1_262' title='bbox 1617 2313 1814 2388; x_wconf 77' lang='grc' dir='ltr'>Ὠσπερ</span> 
     </span>
    </p>
   </div>
   <div class='ocr_carea' id='block_1_38' title="bbox 209 2401 1816 2476">
    <p class='ocr_par' dir='ltr' id='par_1_38' title="bbox 209 2401 1816 2476">
     <span class='ocr_line' id='line_1_38' title="bbox 209 2401 1816 2476; baseline 0.001 -21"><span class='ocrx_word' id='word_1_263' title='bbox 209 2407 363 2466; x_wconf 84' lang='grc' dir='ltr'>κυνὸς</span> <span class='ocrx_word' id='word_1_264' title='bbox 405 2403 568 2462; x_wconf 81' lang='grc' dir='ltr'>υλακή</span> <span class='ocrx_word' id='word_1_265' title='bbox 623 2403 958 2476; x_wconf 78' lang='grc' dir='ltr'>προκαλεῖται</span> <span class='ocrx_word' id='word_1_266' title='bbox 1016 2401 1188 2476; x_wconf 83' lang='grc' dir='ltr'>ἐτέρου</span> <span class='ocrx_word' id='word_1_267' title='bbox 1239 2407 1390 2464; x_wconf 87' lang='grc' dir='ltr'>κυνὸς</span> <span class='ocrx_word' id='word_1_268' title='bbox 1437 2403 1671 2476; x_wconf 70' lang='grc' dir='ltr'>θόρυϐον,</span> <span class='ocrx_word' id='word_1_269' title='bbox 1727 2411 1816 2457; x_wconf 75' lang='grc' dir='ltr'>καὶ</span> 
     </span>
    </p>
   </div>
   <div class='ocr_carea' id='block_1_39' title="bbox 209 2491 1818 2565">
    <p class='ocr_par' dir='ltr' id='par_1_39' title="bbox 209 2491 1818 2565">
     <span class='ocr_line' id='line_1_39' title="bbox 209 2491 1818 2565; baseline 0.001 -21"><span class='ocrx_word' id='word_1_270' title='bbox 209 2495 299 2545; x_wconf 82' lang='grc' dir='ltr'>τὸν</span> <span class='ocrx_word' id='word_1_271' title='bbox 338 2491 384 2544; x_wconf 86' lang='grc' dir='ltr'>ἐν</span> <span class='ocrx_word' id='word_1_272' title='bbox 427 2499 508 2544; x_wconf 81' lang='grc' dir='ltr'>σοὶ</span> <span class='ocrx_word' id='word_1_273' title='bbox 570 2495 731 2565; x_wconf 76' lang='grc' dir='ltr'>θυμόν</span> <span class='ocrx_word' id='word_1_274' title='bbox 780 2497 902 2553; x_wconf 86' lang='grc' dir='ltr'>τέως</span> <span class='ocrx_word' id='word_1_275' title='bbox 959 2499 1276 2564; x_wconf 68' lang='grc' dir='ltr'>κοιμώμενον</span> <span class='ocrx_word' id='word_1_276' title='bbox 1329 2496 1418 2544; x_wconf 76' lang='grc' dir='ltr'><strong>καὶ</strong></span> <span class='ocrx_word' id='word_1_277' title='bbox 1469 2493 1818 2564; x_wconf 73' lang='grc' dir='ltr'>ἡσυχάζοντα</span> 
     </span>
    </p>
   </div>
   <div class='ocr_carea' id='block_1_40' title="bbox 211 2577 1816 2656">
    <p class='ocr_par' dir='ltr' id='par_1_40' title="bbox 211 2577 1816 2656">
     <span class='ocr_line' id='line_1_40' title="bbox 211 2577 1816 2656; baseline 0 -23"><span class='ocrx_word' id='word_1_278' title='bbox 211 2585 240 2642; x_wconf 69' lang='grc' dir='ltr'><strong>ἠ</strong></span> <span class='ocrx_word' id='word_1_279' title='bbox 271 2582 464 2634; x_wconf 83' lang='grc' dir='ltr'>ἐκείνου</span> <span class='ocrx_word' id='word_1_280' title='bbox 505 2589 638 2654; x_wconf 66' lang='grc' dir='ltr'>φωνή</span> <span class='ocrx_word' id='word_1_281' title='bbox 685 2577 939 2656; x_wconf 64' lang='grc' dir='ltr'>διήγειρε,</span> <span class='ocrx_word' id='word_1_282' title='bbox 990 2585 1080 2632; x_wconf 81' lang='grc' dir='ltr'>καὶ</span> <span class='ocrx_word' id='word_1_283' title='bbox 1127 2585 1366 2652; x_wconf 77' lang='grc' dir='ltr'>γεγόνατε</span> <span class='ocrx_word' id='word_1_284' title='bbox 1409 2579 1645 2641; x_wconf 76' lang='grc' dir='ltr'>ἀλληλοις</span> <span class='ocrx_word' id='word_1_285' title='bbox 1699 2581 1816 2633; x_wconf 81' lang='grc' dir='ltr'>ανθ-</span> 
     </span>
    </p>
   </div>
   <div class='ocr_carea' id='block_1_41' title="bbox 209 2667 1815 2738">
    <p class='ocr_par' dir='ltr' id='par_1_41' title="bbox 209 2667 1815 2738">
     <span class='ocr_line' id='line_1_41' title="bbox 209 2667 1815 2738; baseline -0.001 -16"><span class='ocrx_word' id='word_1_286' title='bbox 209 2671 584 2732; x_wconf 77' lang='grc' dir='ltr'>υλακτουντεςο</span> <span class='ocrx_word' id='word_1_287' title='bbox 651 2667 760 2722; x_wconf 84' lang='grc' dir='ltr'>εἶτα</span> <span class='ocrx_word' id='word_1_288' title='bbox 841 2669 1307 2729; x_wconf 77' lang='grc' dir='ltr'>ἀντικαταστάντες</span> <span class='ocrx_word' id='word_1_289' title='bbox 1375 2667 1646 2738; x_wconf 73' lang='grc' dir='ltr'>ἀλληλοις,</span> <span class='ocrx_word' id='word_1_290' title='bbox 1716 2671 1815 2721; x_wconf 83' lang='grc' dir='ltr'><strong>ὧσ-</strong></span> 
     </span>
    </p>
   </div>
   <div class='ocr_carea' id='block_1_42' title="bbox 207 2755 1817 2833">
    <p class='ocr_par' dir='ltr' id='par_1_42' title="bbox 207 2755 1817 2833">
     <span class='ocr_line' id='line_1_42' title="bbox 207 2755 1817 2833; baseline -0.001 -22"><span class='ocrx_word' id='word_1_291' title='bbox 207 2778 304 2833; x_wconf 81' lang='grc' dir='ltr'><strong>περ</strong></span> <span class='ocrx_word' id='word_1_292' title='bbox 347 2755 627 2830; x_wconf 63' lang='grc' dir='ltr'>σφενδόνας</span> <span class='ocrx_word' id='word_1_293' title='bbox 695 2755 866 2830; x_wconf 63' lang='grc' dir='ltr'>ἀφίετε</span> <span class='ocrx_word' id='word_1_294' title='bbox 940 2766 1040 2808; x_wconf 84' lang='grc' dir='ltr'><strong>τῶν</strong></span> <span class='ocrx_word' id='word_1_295' title='bbox 1101 2758 1350 2832; x_wconf 58' lang='grc' dir='ltr'><strong>⁴όηριάτων</strong></span> <span class='ocrx_word' id='word_1_296' title='bbox 1415 2761 1504 2817; x_wconf 78' lang='grc' dir='ltr'><strong>τας</strong></span> <span class='ocrx_word' id='word_1_297' title='bbox 1572 2755 1817 2830; x_wconf 73' lang='grc' dir='ltr'>ἀσχημο-</span> 
     </span>
    </p>
   </div>
   <div class='ocr_carea' id='block_1_43' title="bbox 210 2843 1810 2918">
    <p class='ocr_par' dir='ltr' id='par_1_43' title="bbox 210 2843 1810 2918">
     <span class='ocr_line' id='line_1_43' title="bbox 210 2843 1810 2918; baseline -0.001 -20"><span class='ocrx_word' id='word_1_298' title='bbox 210 2851 392 2908; x_wconf 81' lang='grc' dir='ltr'>σύνας.</span> <span class='ocrx_word' id='word_1_299' title='bbox 451 2843 574 2900; x_wconf 74' lang='grc' dir='ltr'><strong>Εἰπέ</strong></span> <span class='ocrx_word' id='word_1_300' title='bbox 627 2867 677 2898; x_wconf 87' lang='grc' dir='ltr'><strong>τι</strong></span> <span class='ocrx_word' id='word_1_301' title='bbox 743 2845 1048 2918; x_wconf 69' lang='grc' dir='ltr'>ὑϐριστικόν</span> <span class='ocrx_word' id='word_1_302' title='bbox 1115 2845 1321 2912; x_wconf 80' lang='grc' dir='ltr'>ἐκεῖνος,</span> <span class='ocrx_word' id='word_1_303' title='bbox 1382 2843 1677 2906; x_wconf 76' lang='grc' dir='ltr'>ἀντέδωκας</span> <span class='ocrx_word' id='word_1_304' title='bbox 1745 2849 1810 2897; x_wconf 77' lang='grc' dir='ltr'><em>σύ</em></span> 
     </span>
    </p>
   </div>
   <div class='ocr_carea' id='block_1_44' title="bbox 207 2933 1812 3008">
    <p class='ocr_par' dir='ltr' id='par_1_44' title="bbox 207 2933 1812 3008">
     <span class='ocr_line' id='line_1_44' title="bbox 207 2933 1812 3008; baseline 0.001 -22"><span class='ocrx_word' id='word_1_305' title='bbox 207 2935 410 3008; x_wconf 74' lang='grc' dir='ltr'>μείζονι</span> <span class='ocrx_word' id='word_1_306' title='bbox 467 2933 748 3008; x_wconf 73' lang='grc' dir='ltr'>ὑπερϐολῇ,</span> <span class='ocrx_word' id='word_1_307' title='bbox 797 2938 884 2985; x_wconf 87' lang='grc' dir='ltr'><strong>τόν</strong></span> <span class='ocrx_word' id='word_1_308' title='bbox 941 2933 1268 3008; x_wconf 71' lang='grc' dir='ltr'>προλαϐόντα</span> <span class='ocrx_word' id='word_1_309' title='bbox 1329 2937 1666 3006; x_wconf 75' lang='grc' dir='ltr'>μιμούμενος.</span> <span class='ocrx_word' id='word_1_310' title='bbox 1707 2939 1812 2987; x_wconf 88' lang='grc' dir='ltr'><strong>Λα-</strong></span> 
     </span>
    </p>
   </div>
   <div class='ocr_carea' id='block_1_45' title="bbox 206 3021 1812 3096">
    <p class='ocr_par' dir='ltr' id='par_1_45' title="bbox 206 3021 1812 3096">
     <span class='ocr_line' id='line_1_45' title="bbox 206 3021 1812 3096; baseline -0.001 -21"><span class='ocrx_word' id='word_1_311' title='bbox 206 3023 308 3075; x_wconf 72' lang='grc' dir='ltr'><strong>ϐὼν</strong></span> <span class='ocrx_word' id='word_1_312' title='bbox 335 3025 520 3086; x_wconf 79' lang='grc' dir='ltr'>ἐκεῖνος</span> <span class='ocrx_word' id='word_1_313' title='bbox 571 3028 664 3082; x_wconf 74' lang='grc' dir='ltr'><strong>την</strong></span> <span class='ocrx_word' id='word_1_314' title='bbox 715 3023 769 3075; x_wconf 84' lang='grc' dir='ltr'>ἐκ</span> <span class='ocrx_word' id='word_1_315' title='bbox 801 3031 892 3074; x_wconf 74' lang='grc' dir='ltr'>τοῦ</span> <span class='ocrx_word' id='word_1_316' title='bbox 945 3021 1100 3094; x_wconf 80' lang='grc' dir='ltr'>λόγου</span> <span class='ocrx_word' id='word_1_317' title='bbox 1143 3033 1236 3075; x_wconf 70' lang='grc' dir='ltr'>τοῦ</span> <span class='ocrx_word' id='word_1_318' title='bbox 1280 3021 1588 3096; x_wconf 70' lang='grc' dir='ltr'>ὑϐριστικου</span> <span class='ocrx_word' id='word_1_319' title='bbox 1619 3025 1696 3094; x_wconf 87' lang='grc'><strong>(3)</strong></span> <span class='ocrx_word' id='word_1_320' title='bbox 1729 3021 1812 3073; x_wconf 78' lang='grc' dir='ltr'>ἀν-</span> 
     </span>
    </p>
   </div>
   <div class='ocr_carea' id='block_1_46' title="bbox 201 3107 1811 3186">
    <p class='ocr_par' dir='ltr' id='par_1_46' title="bbox 201 3107 1811 3186">
     <span class='ocr_line' id='line_1_46' title="bbox 201 3107 1811 3186; baseline 0 -24"><span class='ocrx_word' id='word_1_321' title='bbox 201 3107 425 3176; x_wconf 69' lang='grc' dir='ltr'>τίδοσιν,</span> <span class='ocrx_word' id='word_1_322' title='bbox 481 3111 575 3163; x_wconf 68' lang='grc' dir='ltr'>οὐκ</span> <span class='ocrx_word' id='word_1_323' title='bbox 621 3115 746 3169; x_wconf 77' lang='grc' dir='ltr'>ἔστη</span> <span class='ocrx_word' id='word_1_324' title='bbox 809 3120 904 3171; x_wconf 80' lang='grc' dir='ltr'>τῆς</span> <span class='ocrx_word' id='word_1_325' title='bbox 970 3112 1151 3185; x_wconf 69' lang='grc' dir='ltr'>ὁρμῆς,</span> <span class='ocrx_word' id='word_1_326' title='bbox 1227 3109 1334 3162; x_wconf 80' lang='grc' dir='ltr'>ἀλλ’</span> <span class='ocrx_word' id='word_1_327' title='bbox 1399 3111 1654 3186; x_wconf 72' lang='grc' dir='ltr'>ἐστράφη,</span> <span class='ocrx_word' id='word_1_328' title='bbox 1722 3117 1811 3162; x_wconf 81' lang='grc' dir='ltr'>καὶ</span> 
     </span>
    </p>
   </div>
   <div class='ocr_carea' id='block_1_47' title="bbox 203 3199 1808 3274">
    <p class='ocr_par' dir='ltr' id='par_1_47' title="bbox 203 3199 1808 3274">
     <span class='ocr_line' id='line_1_47' title="bbox 203 3199 1808 3274; baseline 0 -23"><span class='ocrx_word' id='word_1_329' title='bbox 203 3199 499 3272; x_wconf 61' lang='grc' dir='ltr'>ἐκορύφωσε</span> <span class='ocrx_word' id='word_1_330' title='bbox 563 3205 657 3258; x_wconf 74' lang='grc' dir='ltr'>τὴν</span> <span class='ocrx_word' id='word_1_331' title='bbox 701 3199 886 3252; x_wconf 83' lang='grc' dir='ltr'>ἑαυτου</span> <span class='ocrx_word' id='word_1_332' title='bbox 946 3203 1228 3274; x_wconf 71' lang='grc' dir='ltr'>ἁμαρτίαν·</span> <span class='ocrx_word' id='word_1_333' title='bbox 1289 3203 1478 3272; x_wconf 79' lang='grc' dir='ltr'>μείζων</span> <span class='ocrx_word' id='word_1_334' title='bbox 1541 3199 1808 3258; x_wconf 71' lang='grc' dir='ltr'>ἠϐουλήθη</span> 
     </span>
    </p>
   </div>
   <div class='ocr_carea' id='block_1_48' title="bbox 2001 1962 3588 2034">
    <p class='ocr_par' dir='ltr' id='par_1_48' title="bbox 2001 1962 3588 2034">
     <span class='ocr_line' id='line_1_48' title="bbox 2001 1962 3588 2034; baseline 0.001 -18"><span class='ocrx_word' id='word_1_335' title='bbox 2001 1968 2053 2016; x_wconf 80' lang='grc'><strong>4.</strong></span> <span class='ocrx_word' id='word_1_336' title='bbox 2098 1967 2170 2032; x_wconf 73' lang='grc' dir='ltr'><strong>(ὅ)</strong></span> <span class='ocrx_word' id='word_1_337' title='bbox 2211 1963 2300 2018; x_wconf 83' lang='lat' dir='ltr'><strong>Ne</strong></span> <span class='ocrx_word' id='word_1_338' title='bbox 2345 1962 2572 2017; x_wconf 66' lang='lat' dir='ltr'><strong>habites</strong></span> <span class='ocrx_word' id='word_1_339' title='bbox 2621 1978 2766 2030; x_wconf 76' lang='lat' dir='ltr'><strong>una,</strong></span> <span class='ocrx_word' id='word_1_340' title='bbox 2819 1963 3032 2034; x_wconf 88' lang='lat' dir='ltr'><strong>inquit,</strong></span> <span class='ocrx_word' id='word_1_341' title='bbox 3083 1979 3216 2018; x_wconf 86' lang='lat' dir='ltr'><strong>cum</strong></span> <span class='ocrx_word' id='word_1_342' title='bbox 3277 1964 3406 2018; x_wconf 78' lang='lat' dir='ltr'><strong>viro</strong></span> <span class='ocrx_word' id='word_1_343' title='bbox 3467 1963 3588 2018; x_wconf 77' lang='lat' dir='ltr'><strong>im—</strong></span> 
     </span>
    </p>
   </div>
   <div class='ocr_carea' id='block_1_49' title="bbox 1928 2051 3587 2122">
    <p class='ocr_par' dir='ltr' id='par_1_49' title="bbox 1928 2051 3587 2122">
     <span class='ocr_line' id='line_1_49' title="bbox 1928 2051 3587 2122; baseline -0.002 -14"><span class='ocrx_word' id='word_1_344' title='bbox 1928 2053 2124 2108; x_wconf 75' lang='lat' dir='ltr'><strong>cundo</strong></span> <span class='ocrx_word' id='word_1_345' title='bbox 2156 2053 2222 2106; x_wconf 77' lang='grc' dir='ltr'><strong>⁵ο.</strong></span> <span class='ocrx_word' id='word_1_346' title='bbox 2272 2051 2419 2108; x_wconf 85' lang='lat' dir='ltr'><strong>Mala</strong></span> <span class='ocrx_word' id='word_1_347' title='bbox 2467 2051 2627 2106; x_wconf 87' lang='lat' dir='ltr'><strong>enim</strong></span> <span class='ocrx_word' id='word_1_348' title='bbox 2671 2068 2762 2106; x_wconf 90' lang='lat' dir='ltr'><strong>res</strong></span> <span class='ocrx_word' id='word_1_349' title='bbox 2812 2067 2951 2107; x_wconf 90' lang='lat' dir='ltr'><strong>cum</strong></span> <span class='ocrx_word' id='word_1_350' title='bbox 2993 2067 3142 2107; x_wconf 86' lang='lat' dir='ltr'><strong>cane</strong></span> <span class='ocrx_word' id='word_1_351' title='bbox 3186 2051 3471 2122; x_wconf 88' lang='lat' dir='ltr'><strong>colligari,</strong></span> <span class='ocrx_word' id='word_1_352' title='bbox 3514 2065 3587 2106; x_wconf 90' lang='lat' dir='ltr'><strong>ac</strong></span> 
     </span>
    </p>
   </div>
   <div class='ocr_carea' id='block_1_50' title="bbox 1925 2137 3584 2212">
    <p class='ocr_par' dir='ltr' id='par_1_50' title="bbox 1925 2137 3584 2212">
     <span class='ocr_line' id='line_1_50' title="bbox 1925 2137 3584 2212; baseline 0 -18"><span class='ocrx_word' id='word_1_353' title='bbox 1925 2147 2288 2212; x_wconf 91' lang='lat' dir='ltr'><strong>perpetuum</strong></span> <span class='ocrx_word' id='word_1_354' title='bbox 2315 2139 2600 2194; x_wconf 86' lang='lat' dir='ltr'><strong>latratum</strong></span> <span class='ocrx_word' id='word_1_355' title='bbox 2626 2137 2960 2210; x_wconf 80' lang='lat' dir='ltr'><strong>ierre.Fuge</strong></span> <span class='ocrx_word' id='word_1_356' title='bbox 2985 2139 3166 2210; x_wconf 82' lang='lat' dir='ltr'><strong>igitur</strong></span> <span class='ocrx_word' id='word_1_357' title='bbox 3190 2155 3584 2210; x_wconf 86' lang='lat' dir='ltr'><strong>congressum</strong></span> 
     </span>
    </p>
   </div>
   <div class='ocr_carea' id='block_1_51' title="bbox 1925 2227 3586 2301">
    <p class='ocr_par' dir='ltr' id='par_1_51' title="bbox 1925 2227 3586 2301">
     <span class='ocr_line' id='line_1_51' title="bbox 1925 2227 3586 2301; baseline 0 -19"><span class='ocrx_word' id='word_1_358' title='bbox 1925 2228 2058 2299; x_wconf 91' lang='lat' dir='ltr'><strong>ejus</strong></span> <span class='ocrx_word' id='word_1_359' title='bbox 2089 2233 2270 2301; x_wconf 90' lang='lat' dir='ltr'><strong>atque</strong></span> <span class='ocrx_word' id='word_1_360' title='bbox 2294 2227 2816 2293; x_wconf 86' lang='lat' dir='ltr'><strong>consuetudinem,</strong></span> <span class='ocrx_word' id='word_1_361' title='bbox 2841 2229 3070 2301; x_wconf 85' lang='lat' dir='ltr'><strong>alioqui</strong></span> <span class='ocrx_word' id='word_1_362' title='bbox 3091 2245 3340 2284; x_wconf 90' lang='lat' dir='ltr'><strong>necesse</strong></span> <span class='ocrx_word' id='word_1_363' title='bbox 3360 2227 3466 2284; x_wconf 91' lang='lat' dir='ltr'><strong>tibi</strong></span> <span class='ocrx_word' id='word_1_364' title='bbox 3497 2231 3586 2283; x_wconf 90' lang='lat' dir='ltr'><strong>est</strong></span> 
     </span>
    </p>
   </div>
   <div class='ocr_carea' id='block_1_52' title="bbox 1909 2315 3582 2389">
    <p class='ocr_par' dir='ltr' id='par_1_52' title="bbox 1909 2315 3582 2389">
     <span class='ocr_line' id='line_1_52' title="bbox 1909 2315 3582 2389; baseline -0.001 -17"><span class='ocrx_word' id='word_1_365' title='bbox 1909 2315 2156 2389; x_wconf 58' lang='lat' dir='ltr'><strong>aliquid</strong></span> <span class='ocrx_word' id='word_1_366' title='bbox 2185 2318 2422 2373; x_wconf 86' lang='lat' dir='ltr'><strong>viarum</strong></span> <span class='ocrx_word' id='word_1_367' title='bbox 2451 2317 2640 2389; x_wconf 89' lang='lat' dir='ltr'><strong>ipsius</strong></span> <span class='ocrx_word' id='word_1_368' title='bbox 2669 2317 3001 2374; x_wconf 84' lang='lat' dir='ltr'><strong>addiscere.</strong></span> <span class='ocrx_word' id='word_1_369' title='bbox 3033 2318 3188 2374; x_wconf 89' lang='lat' dir='ltr'><strong>Dixit</strong></span> <span class='ocrx_word' id='word_1_370' title='bbox 3214 2334 3341 2373; x_wconf 89' lang='lat' dir='ltr'><strong>rem</strong></span> <span class='ocrx_word' id='word_1_371' title='bbox 3374 2321 3582 2372; x_wconf 91' lang='lat' dir='ltr'><strong>contu-</strong></span> 
     </span>
    </p>
   </div>
   <div class='ocr_carea' id='block_1_53' title="bbox 1925 2397 3585 2474">
    <p class='ocr_par' dir='ltr' id='par_1_53' title="bbox 1925 2397 3585 2474">
     <span class='ocr_line' id='line_1_53' title="bbox 1925 2397 3585 2474; baseline -0.001 -12"><span class='ocrx_word' id='word_1_372' title='bbox 1925 2405 2958 2474; x_wconf 83' lang='lat' dir='ltr'><strong>meliosam,commovitetanimum</strong></span> <span class='ocrx_word' id='word_1_373' title='bbox 2983 2397 3585 2472; x_wconf 56' lang='lat' dir='ltr'><strong>tuum.Quemadmo¥</strong></span> 
     </span>
    </p>
   </div>
   <div class='ocr_carea' id='block_1_54' title="bbox 1924 2491 3586 2566">
    <p class='ocr_par' dir='ltr' id='par_1_54' title="bbox 1924 2491 3586 2566">
     <span class='ocr_line' id='line_1_54' title="bbox 1924 2491 3586 2566; baseline 0.001 -18"><span class='ocrx_word' id='word_1_374' title='bbox 1924 2493 2074 2548; x_wconf 92' lang='lat' dir='ltr'>dum</span> <span class='ocrx_word' id='word_1_375' title='bbox 2101 2495 2266 2550; x_wconf 89' lang='lat' dir='ltr'><strong>canis</strong></span> <span class='ocrx_word' id='word_1_376' title='bbox 2295 2493 2549 2550; x_wconf 88' lang='lat' dir='ltr'><strong>latratus</strong></span> <span class='ocrx_word' id='word_1_377' title='bbox 2575 2499 2869 2566; x_wconf 76' lang='lat' dir='ltr'><strong>provocat</strong></span> <span class='ocrx_word' id='word_1_378' title='bbox 2899 2495 3066 2550; x_wconf 90' lang='lat' dir='ltr'><strong>canis</strong></span> <span class='ocrx_word' id='word_1_379' title='bbox 3097 2493 3337 2550; x_wconf 91' lang='lat' dir='ltr'><strong>alterius</strong></span> <span class='ocrx_word' id='word_1_380' title='bbox 3367 2491 3586 2550; x_wconf 89' lang='lat' dir='ltr'><strong>tumul-</strong></span> 
     </span>
    </p>
   </div>
   <div class='ocr_carea' id='block_1_55' title="bbox 1923 2582 3584 2656">
    <p class='ocr_par' dir='ltr' id='par_1_55' title="bbox 1923 2582 3584 2656">
     <span class='ocr_line' id='line_1_55' title="bbox 1923 2582 3584 2656; baseline 0.001 -18"><span class='ocrx_word' id='word_1_381' title='bbox 1923 2587 2086 2638; x_wconf 88' lang='lat' dir='ltr'><strong>tum:</strong></span> <span class='ocrx_word' id='word_1_382' title='bbox 2117 2582 2198 2637; x_wconf 89' lang='lat' dir='ltr'><strong>ita</strong></span> <span class='ocrx_word' id='word_1_383' title='bbox 2223 2599 2468 2654; x_wconf 89' lang='lat' dir='ltr'><strong>quoque</strong></span> <span class='ocrx_word' id='word_1_384' title='bbox 2503 2583 2776 2638; x_wconf 88' lang='lat' dir='ltr'><strong>animum</strong></span> <span class='ocrx_word' id='word_1_385' title='bbox 2806 2588 2980 2639; x_wconf 87' lang='lat' dir='ltr'><strong>tuum</strong></span> <span class='ocrx_word' id='word_1_386' title='bbox 3015 2584 3184 2656; x_wconf 89' lang='lat' dir='ltr'><strong>prius</strong></span> <span class='ocrx_word' id='word_1_387' title='bbox 3221 2584 3481 2656; x_wconf 90' lang='lat' dir='ltr'><strong>sopitum</strong></span> <span class='ocrx_word' id='word_1_388' title='bbox 3513 2599 3584 2640; x_wconf 88' lang='lat' dir='ltr'><strong>ac</strong></span> 
     </span>
    </p>
   </div>
   <div class='ocr_carea' id='block_1_56' title="bbox 1923 2670 3585 2742">
    <p class='ocr_par' dir='ltr' id='par_1_56' title="bbox 1923 2670 3585 2742">
     <span class='ocr_line' id='line_1_56' title="bbox 1923 2670 3585 2742; baseline 0.002 -19"><span class='ocrx_word' id='word_1_389' title='bbox 1923 2670 2330 2740; x_wconf 85' lang='lat' dir='ltr'><strong>quiescentem</strong></span> <span class='ocrx_word' id='word_1_390' title='bbox 2358 2687 2473 2724; x_wconf 88' lang='lat' dir='ltr'><strong>vox</strong></span> <span class='ocrx_word' id='word_1_391' title='bbox 2497 2671 2628 2742; x_wconf 89' lang='lat' dir='ltr'><strong>ejus</strong></span> <span class='ocrx_word' id='word_1_392' title='bbox 2669 2670 2748 2726; x_wconf 89' lang='lat' dir='ltr'><strong>ad</strong></span> <span class='ocrx_word' id='word_1_393' title='bbox 2787 2671 2938 2726; x_wconf 90' lang='lat' dir='ltr'><strong>iram</strong></span> <span class='ocrx_word' id='word_1_394' title='bbox 2971 2671 3310 2738; x_wconf 83' lang='lat' dir='ltr'><strong>concitavit,</strong></span> <span class='ocrx_word' id='word_1_395' title='bbox 3350 2675 3407 2724; x_wconf 89' lang='lat' dir='ltr'><strong>et</strong></span> <span class='ocrx_word' id='word_1_396' title='bbox 3437 2670 3585 2728; x_wconf 88' lang='lat' dir='ltr'><strong>alter</strong></span> 
     </span>
    </p>
   </div>
   <div class='ocr_carea' id='block_1_57' title="bbox 1923 2757 3581 2826">
    <p class='ocr_par' dir='ltr' id='par_1_57' title="bbox 1923 2757 3581 2826">
     <span class='ocr_line' id='line_1_57' title="bbox 1923 2757 3581 2826; baseline 0 -13"><span class='ocrx_word' id='word_1_397' title='bbox 1923 2760 2177 2814; x_wconf 89' lang='lat' dir='ltr'><strong>alterum</strong></span> <span class='ocrx_word' id='word_1_398' title='bbox 2203 2758 2543 2814; x_wconf 85' lang='lat' dir='ltr'><strong>adlatrastis</strong></span> <span class='ocrx_word' id='word_1_399' title='bbox 2567 2777 2579 2826; x_wconf 91' lang='lat'>;</span> <span class='ocrx_word' id='word_1_400' title='bbox 2617 2763 2676 2814; x_wconf 88' lang='lat' dir='ltr'><strong>et</strong></span> <span class='ocrx_word' id='word_1_401' title='bbox 2699 2761 2780 2814; x_wconf 88' lang='lat' dir='ltr'><strong>ita</strong></span> <span class='ocrx_word' id='word_1_402' title='bbox 2808 2759 3056 2814; x_wconf 90' lang='lat' dir='ltr'><strong>demum</strong></span> <span class='ocrx_word' id='word_1_403' title='bbox 3100 2758 3246 2814; x_wconf 87' lang='lat' dir='ltr'><strong>alter</strong></span> <span class='ocrx_word' id='word_1_404' title='bbox 3274 2759 3442 2815; x_wconf 87' lang='lat' dir='ltr'><strong>alteri</strong></span> <span class='ocrx_word' id='word_1_405' title='bbox 3467 2757 3581 2814; x_wconf 87' lang='lat' dir='ltr'><strong>ad-</strong></span> 
     </span>
    </p>
   </div>
   <div class='ocr_carea' id='block_1_58' title="bbox 1921 2846 3582 2918">
    <p class='ocr_par' dir='ltr' id='par_1_58' title="bbox 1921 2846 3582 2918">
     <span class='ocr_line' id='line_1_58' title="bbox 1921 2846 3582 2918; baseline -0.001 -16"><span class='ocrx_word' id='word_1_406' title='bbox 1921 2852 2250 2914; x_wconf 85' lang='lat' dir='ltr'><strong>versantes,</strong></span> <span class='ocrx_word' id='word_1_407' title='bbox 2301 2847 2708 2918; x_wconf 90' lang='lat' dir='ltr'><strong>ignominiosa</strong></span> <span class='ocrx_word' id='word_1_408' title='bbox 2751 2847 2938 2902; x_wconf 88' lang='lat' dir='ltr'><strong>verba</strong></span> <span class='ocrx_word' id='word_1_409' title='bbox 2964 2847 3127 2902; x_wconf 88' lang='lat' dir='ltr'><strong>velut</strong></span> <span class='ocrx_word' id='word_1_410' title='bbox 3150 2846 3370 2902; x_wconf 90' lang='lat' dir='ltr'><strong>fundas</strong></span> <span class='ocrx_word' id='word_1_411' title='bbox 3400 2847 3582 2902; x_wconf 90' lang='lat' dir='ltr'><strong>intor-</strong></span> 
     </span>
    </p>
   </div>
   <div class='ocr_carea' id='block_1_59' title="bbox 1921 2933 3580 3008">
    <p class='ocr_par' dir='ltr' id='par_1_59' title="bbox 1921 2933 3580 3008">
     <span class='ocr_line' id='line_1_59' title="bbox 1921 2933 3580 3008; baseline 0 -18"><span class='ocrx_word' id='word_1_412' title='bbox 1921 2934 2134 3006; x_wconf 91' lang='lat' dir='ltr'><strong>quetis.</strong></span> <span class='ocrx_word' id='word_1_413' title='bbox 2159 2935 2310 2990; x_wconf 89' lang='lat' dir='ltr'><strong>Dixit</strong></span> <span class='ocrx_word' id='word_1_414' title='bbox 2331 2933 2426 2990; x_wconf 91' lang='lat' dir='ltr'><strong>ille</strong></span> <span class='ocrx_word' id='word_1_415' title='bbox 2448 2935 2676 3008; x_wconf 89' lang='lat' dir='ltr'><strong>aliquid</strong></span> <span class='ocrx_word' id='word_1_416' title='bbox 2701 2935 3063 3007; x_wconf 88' lang='lat' dir='ltr'><strong>injuriosum</strong></span> <span class='ocrx_word' id='word_1_417' title='bbox 3088 2953 3100 2990; x_wconf 78' lang='grc' dir='ltr'><strong>ε</strong></span> <span class='ocrx_word' id='word_1_418' title='bbox 3137 2939 3198 2990; x_wconf 87' lang='lat' dir='ltr'><strong>tu</strong></span> <span class='ocrx_word' id='word_1_419' title='bbox 3225 2933 3404 3004; x_wconf 87' lang='lat' dir='ltr'><strong>longe</strong></span> <span class='ocrx_word' id='word_1_420' title='bbox 3425 2933 3504 3004; x_wconf 89' lang='lat' dir='ltr'><strong>inj</strong></span> <span class='ocrx_word' id='word_1_421' title='bbox 3517 2951 3580 2990; x_wconf 93' lang='lat' dir='ltr'><strong>u-</strong></span> 
     </span>
    </p>
   </div>
   <div class='ocr_carea' id='block_1_60' title="bbox 1919 3021 3578 3096">
    <p class='ocr_par' dir='ltr' id='par_1_60' title="bbox 1919 3021 3578 3096">
     <span class='ocr_line' id='line_1_60' title="bbox 1919 3021 3578 3096; baseline -0.002 -16"><span class='ocrx_word' id='word_1_422' title='bbox 1919 3023 2134 3080; x_wconf 86' lang='lat' dir='ltr'><strong>riosius</strong></span> <span class='ocrx_word' id='word_1_423' title='bbox 2164 3023 2554 3096; x_wconf 85' lang='lat' dir='ltr'><strong>respondisti,</strong></span> <span class='ocrx_word' id='word_1_424' title='bbox 2574 3025 2992 3096; x_wconf 86' lang='lat' dir='ltr'><strong>auspicantem</strong></span> <span class='ocrx_word' id='word_1_425' title='bbox 3011 3029 3191 3096; x_wconf 89' lang='lat' dir='ltr'><strong>atque</strong></span> <span class='ocrx_word' id='word_1_426' title='bbox 3220 3021 3578 3092; x_wconf 82' lang='lat' dir='ltr'><strong>aggredien-</strong></span> 
     </span>
    </p>
   </div>
   <div class='ocr_carea' id='block_1_61' title="bbox 1919 3111 3579 3184">
    <p class='ocr_par' dir='ltr' id='par_1_61' title="bbox 1919 3111 3579 3184">
     <span class='ocr_line' id='line_1_61' title="bbox 1919 3111 3579 3184; baseline -0.001 -16"><span class='ocrx_word' id='word_1_427' title='bbox 1919 3117 2040 3168; x_wconf 90' lang='lat' dir='ltr'><strong>tem</strong></span> <span class='ocrx_word' id='word_1_428' title='bbox 2071 3113 2359 3168; x_wconf 87' lang='lat' dir='ltr'><strong>imitatus.</strong></span> <span class='ocrx_word' id='word_1_429' title='bbox 2393 3112 2488 3167; x_wconf 86' lang='lat' dir='ltr'><strong>ille</strong></span> <span class='ocrx_word' id='word_1_430' title='bbox 2529 3111 2948 3169; x_wconf 88' lang='lat' dir='ltr'><strong>contumeliosi</strong></span> <span class='ocrx_word' id='word_1_431' title='bbox 2983 3111 3150 3168; x_wconf 86' lang='lat' dir='ltr'><strong>verbi</strong></span> <span class='ocrx_word' id='word_1_432' title='bbox 3189 3111 3444 3184; x_wconf 89' lang='lat' dir='ltr'><strong>receptis</strong></span> <span class='ocrx_word' id='word_1_433' title='bbox 3493 3112 3579 3167; x_wconf 90' lang='lat' dir='ltr'><strong>vi-</strong></span> 
     </span>
    </p>
   </div>
   <div class='ocr_carea' id='block_1_62' title="bbox 1919 3201 3576 3272">
    <p class='ocr_par' dir='ltr' id='par_1_62' title="bbox 1919 3201 3576 3272">
     <span class='ocr_line' id='line_1_62' title="bbox 1919 3201 3576 3272; baseline 0 -16"><span class='ocrx_word' id='word_1_434' title='bbox 1919 3201 2112 3269; x_wconf 82' lang='lat' dir='ltr'><strong>cibus,</strong></span> <span class='ocrx_word' id='word_1_435' title='bbox 2137 3203 2504 3257; x_wconf 82' lang='lat' dir='ltr'><strong>commoveri</strong></span> <span class='ocrx_word' id='word_1_436' title='bbox 2533 3217 2656 3257; x_wconf 92' lang='lat' dir='ltr'><strong>non</strong></span> <span class='ocrx_word' id='word_1_437' title='bbox 2679 3201 2932 3257; x_wconf 88' lang='lat' dir='ltr'><strong>destitit:</strong></span> <span class='ocrx_word' id='word_1_438' title='bbox 2964 3201 3072 3256; x_wconf 91' lang='lat' dir='ltr'><strong>sed</strong></span> <span class='ocrx_word' id='word_1_439' title='bbox 3093 3217 3419 3256; x_wconf 89' lang='lat' dir='ltr'><strong>conversus</strong></span> <span class='ocrx_word' id='word_1_440' title='bbox 3443 3215 3576 3272; x_wconf 89' lang='lat' dir='ltr'><strong>pec-</strong></span> 
     </span>
    </p>
   </div>
   <div class='ocr_carea' id='block_1_63' title="bbox 201 3285 1812 3368">
    <p class='ocr_par' dir='ltr' id='par_1_63' title="bbox 201 3285 1812 3364">
     <span class='ocr_line' id='line_1_63' title="bbox 201 3285 1812 3364; baseline 0.001 -25"><span class='ocrx_word' id='word_1_441' title='bbox 201 3291 442 3360; x_wconf 81' lang='grc' dir='ltr'>γενέσθαι</span> <span class='ocrx_word' id='word_1_442' title='bbox 499 3287 552 3340; x_wconf 85' lang='grc' dir='ltr'>ἐκ</span> <span class='ocrx_word' id='word_1_443' title='bbox 599 3297 688 3341; x_wconf 70' lang='grc' dir='ltr'><strong>του</strong></span> <span class='ocrx_word' id='word_1_444' title='bbox 738 3289 893 3340; x_wconf 83' lang='grc' dir='ltr'>εἰπεῖν</span> <span class='ocrx_word' id='word_1_445' title='bbox 943 3309 994 3340; x_wconf 90' lang='grc' dir='ltr'><strong>τι</strong></span> <span class='ocrx_word' id='word_1_446' title='bbox 1043 3288 1425 3364; x_wconf 80' lang='grc' dir='ltr'>χαλεπώτερον.</span> <span class='ocrx_word' id='word_1_447' title='bbox 1479 3291 1545 3340; x_wconf 77' lang='grc' dir='ltr'><strong>Σὺ</strong></span> <span class='ocrx_word' id='word_1_448' title='bbox 1597 3285 1812 3360; x_wconf 71' lang='grc' dir='ltr'>δεξάμε-</span> 
     </span>
    </p>
   </div>
   <div class='ocr_carea' id='block_1_64' title="bbox 1922 3285 3577 3368">
    <p class='ocr_par' dir='ltr' id='par_1_64' title="bbox 1922 3289 3577 3362">
     <span class='ocr_line' id='line_1_64' title="bbox 1922 3289 3577 3362; baseline 0 -17"><span class='ocrx_word' id='word_1_449' title='bbox 1922 3299 2120 3345; x_wconf 88' lang='lat' dir='ltr'><strong>catum</strong></span> <span class='ocrx_word' id='word_1_450' title='bbox 2152 3307 2326 3344; x_wconf 88' lang='lat' dir='ltr'>suum</span> <span class='ocrx_word' id='word_1_451' title='bbox 2362 3291 2627 3346; x_wconf 82' lang='lat' dir='ltr'><strong>adauxit.</strong></span> <span class='ocrx_word' id='word_1_452' title='bbox 2652 3291 2936 3362; x_wconf 89' lang='lat' dir='ltr'><strong>Superior</strong></span> <span class='ocrx_word' id='word_1_453' title='bbox 2959 3289 3213 3348; x_wconf 87' lang='lat' dir='ltr'><strong>evadere</strong></span> <span class='ocrx_word' id='word_1_454' title='bbox 3239 3289 3425 3346; x_wconf 88' lang='lat' dir='ltr'><strong>voluit</strong></span> <span class='ocrx_word' id='word_1_455' title='bbox 3443 3305 3577 3346; x_wconf 87' lang='lat' dir='ltr'><strong>vcr-</strong></span> 
     </span>
    </p>
   </div>
   <div class='ocr_carea' id='block_1_65' title="bbox 199 3375 1809 3449">
    <p class='ocr_par' dir='ltr' id='par_1_65' title="bbox 199 3375 1809 3449">
     <span class='ocr_line' id='line_1_65' title="bbox 199 3375 1809 3449; baseline 0 -21"><span class='ocrx_word' id='word_1_456' title='bbox 199 3398 282 3437; x_wconf 90' lang='grc' dir='ltr'><strong>νος</strong></span> <span class='ocrx_word' id='word_1_457' title='bbox 335 3375 508 3444; x_wconf 85' lang='grc' dir='ltr'>πάλιν,</span> <span class='ocrx_word' id='word_1_458' title='bbox 577 3377 946 3449; x_wconf 59' lang='grc' dir='ltr'>ὑπερυψωθης,</span> <span class='ocrx_word' id='word_1_459' title='bbox 1017 3383 1106 3428; x_wconf 79' lang='grc' dir='ltr'><strong>καὶ</strong></span> <span class='ocrx_word' id='word_1_460' title='bbox 1156 3381 1335 3448; x_wconf 79' lang='grc' dir='ltr'>γέγονε</span> <span class='ocrx_word' id='word_1_461' title='bbox 1383 3385 1554 3428; x_wconf 81' lang='grc' dir='ltr'>κακῶν</span> <span class='ocrx_word' id='word_1_462' title='bbox 1597 3377 1809 3449; x_wconf 71' lang='grc' dir='ltr'>φιλονει-</span> 
     </span>
    </p>
   </div>
   <div class='ocr_carea' id='block_1_66' title="bbox 199 3463 1808 3538">
    <p class='ocr_par' dir='ltr' id='par_1_66' title="bbox 199 3463 1808 3538">
     <span class='ocr_line' id='line_1_66' title="bbox 199 3463 1808 3538; baseline 0 -21"><span class='ocrx_word' id='word_1_463' title='bbox 199 3472 312 3520; x_wconf 88' lang='grc' dir='ltr'>κία.</span> <span class='ocrx_word' id='word_1_464' title='bbox 352 3465 410 3516; x_wconf 75' lang='grc' dir='ltr'><strong>Ὀ</strong></span> <span class='ocrx_word' id='word_1_465' title='bbox 460 3463 518 3518; x_wconf 75' lang='grc' dir='ltr'>δε</span> <span class='ocrx_word' id='word_1_466' title='bbox 548 3467 594 3519; x_wconf 85' lang='grc' dir='ltr'>ἐν</span> <span class='ocrx_word' id='word_1_467' title='bbox 636 3477 804 3517; x_wconf 71' lang='grc' dir='ltr'>κακῶν</span> <span class='ocrx_word' id='word_1_468' title='bbox 859 3465 1102 3538; x_wconf 67' lang='grc' dir='ltr'>ἁμίλλαις</span> <span class='ocrx_word' id='word_1_469' title='bbox 1151 3473 1322 3532; x_wconf 77' lang='grc' dir='ltr'>νικῶν,</span> <span class='ocrx_word' id='word_1_470' title='bbox 1371 3467 1516 3526; x_wconf 74' lang='grc' dir='ltr'>οὗτος</span> <span class='ocrx_word' id='word_1_471' title='bbox 1561 3465 1808 3518; x_wconf 71' lang='grc' dir='ltr'>ἀθλιώτε-</span> 
     </span>
    </p>
   </div>
   <div class='ocr_carea' id='block_1_67' title="bbox 201 3551 1807 3630">
    <p class='ocr_par' dir='ltr' id='par_1_67' title="bbox 201 3551 1807 3630">
     <span class='ocr_line' id='line_1_67' title="bbox 201 3551 1807 3630; baseline 0 -24"><span class='ocrx_word' id='word_1_472' title='bbox 201 3561 294 3628; x_wconf 81' lang='grc' dir='ltr'><strong>ρος</strong></span> <span class='ocrx_word' id='word_1_473' title='bbox 341 3555 502 3610; x_wconf 78' lang='grc' dir='ltr'>ἐστιν.</span> <span class='ocrx_word' id='word_1_474' title='bbox 571 3551 814 3608; x_wconf 68' lang='grc' dir='ltr'>Ἐπειδὰν</span> <span class='ocrx_word' id='word_1_475' title='bbox 880 3559 980 3628; x_wconf 79' lang='grc' dir='ltr'>γὰρ</span> <span class='ocrx_word' id='word_1_476' title='bbox 1051 3553 1192 3616; x_wconf 78' lang='grc' dir='ltr'>άπαξ</span> <span class='ocrx_word' id='word_1_477' title='bbox 1252 3557 1623 3630; x_wconf 72' lang='grc' dir='ltr'>παρωσάμενον</span> <span class='ocrx_word' id='word_1_478' title='bbox 1691 3559 1807 3615; x_wconf 74' lang='grc' dir='ltr'>τοὺς</span> 
     </span>
    </p>
   </div>
   <div class='ocr_carea' id='block_1_68' title="bbox 200 3641 1806 3717">
    <p class='ocr_par' dir='ltr' id='par_1_68' title="bbox 200 3641 1806 3717">
     <span class='ocr_line' id='line_1_68' title="bbox 200 3641 1806 3717; baseline 0 -23"><span class='ocrx_word' id='word_1_479' title='bbox 200 3643 490 3717; x_wconf 70' lang='grc' dir='ltr'>λογίσμους</span> <span class='ocrx_word' id='word_1_480' title='bbox 519 3647 574 3696; x_wconf 86' lang='grc' dir='ltr'><strong>τό</strong></span> <span class='ocrx_word' id='word_1_481' title='bbox 628 3653 718 3696; x_wconf 80' lang='grc' dir='ltr'><strong>του</strong></span> <span class='ocrx_word' id='word_1_482' title='bbox 770 3647 935 3716; x_wconf 72' lang='grc' dir='ltr'>θυμοῦ</span> <span class='ocrx_word' id='word_1_483' title='bbox 969 3645 1156 3708; x_wconf 75' lang='grc' dir='ltr'>πάθος,</span> <span class='ocrx_word' id='word_1_484' title='bbox 1211 3649 1299 3695; x_wconf 84' lang='grc' dir='ltr'><strong>καὶ</strong></span> <span class='ocrx_word' id='word_1_485' title='bbox 1357 3649 1449 3702; x_wconf 76' lang='grc' dir='ltr'>τὴν</span> <span class='ocrx_word' id='word_1_486' title='bbox 1501 3641 1806 3696; x_wconf 75' lang='grc' dir='ltr'>δυναστείαν</span> 
     </span>
    </p>
   </div>
   <div class='ocr_carea' id='block_1_69' title="bbox 201 3731 1806 3807">
    <p class='ocr_par' dir='ltr' id='par_1_69' title="bbox 201 3731 1806 3807">
     <span class='ocr_line' id='line_1_69' title="bbox 201 3731 1806 3807; baseline 0 -23"><span class='ocrx_word' id='word_1_487' title='bbox 201 3741 298 3792; x_wconf 78' lang='grc' dir='ltr'>τῆς</span> <span class='ocrx_word' id='word_1_488' title='bbox 345 3733 532 3806; x_wconf 59' lang='grc' dir='ltr'>ψυχῆς</span> <span class='ocrx_word' id='word_1_489' title='bbox 582 3733 882 3806; x_wconf 68' lang='grc' dir='ltr'>παραλάϐῃ,</span> <span class='ocrx_word' id='word_1_490' title='bbox 933 3731 1218 3807; x_wconf 76' lang='grc' dir='ltr'>ἀποθηριοί</span> <span class='ocrx_word' id='word_1_491' title='bbox 1269 3733 1528 3794; x_wconf 73' lang='grc' dir='ltr'>παντελῶς</span> <span class='ocrx_word' id='word_1_492' title='bbox 1577 3737 1664 3785; x_wconf 87' lang='grc' dir='ltr'><strong>τόν</strong></span> <span class='ocrx_word' id='word_1_493' title='bbox 1721 3735 1806 3784; x_wconf 86' lang='grc' dir='ltr'>οἷν-</span> 
     </span>
    </p>
   </div>
   <div class='ocr_carea' id='block_1_70' title="bbox 203 3817 1802 3896">
    <p class='ocr_par' dir='ltr' id='par_1_70' title="bbox 203 3817 1802 3896">
     <span class='ocr_line' id='line_1_70' title="bbox 203 3817 1802 3896; baseline -0.001 -23"><span class='ocrx_word' id='word_1_494' title='bbox 203 3823 428 3895; x_wconf 81' lang='grc' dir='ltr'>θρωπον,</span> <span class='ocrx_word' id='word_1_495' title='bbox 485 3827 573 3872; x_wconf 82' lang='grc' dir='ltr'>καὶ</span> <span class='ocrx_word' id='word_1_496' title='bbox 620 3819 742 3874; x_wconf 65' lang='grc' dir='ltr'>οὐδὲ</span> <span class='ocrx_word' id='word_1_497' title='bbox 795 3823 1062 3896; x_wconf 73' lang='grc' dir='ltr'>ἄνθρωπον</span> <span class='ocrx_word' id='word_1_498' title='bbox 1117 3817 1246 3872; x_wconf 85' lang='grc' dir='ltr'>εἶναι</span> <span class='ocrx_word' id='word_1_499' title='bbox 1323 3830 1612 3894; x_wconf 70' lang='grc' dir='ltr'>συγχωρεῖ·</span> <span class='ocrx_word' id='word_1_500' title='bbox 1682 3823 1802 3892; x_wconf 83' lang='grc' dir='ltr'>ὅπερ</span> 
     </span>
    </p>
   </div>
   <div class='ocr_carea' id='block_1_71' title="bbox 197 3909 1804 3986">
    <p class='ocr_par' dir='ltr' id='par_1_71' title="bbox 197 3909 1804 3986">
     <span class='ocr_line' id='line_1_71' title="bbox 197 3909 1804 3986; baseline -0.014 -22"><span class='ocrx_word' id='word_1_501' title='bbox 197 3915 302 3984; x_wconf 79' lang='grc' dir='ltr'>γὰρ</span> <span class='ocrx_word' id='word_1_502' title='bbox 335 3917 438 3970; x_wconf 85' lang='grc' dir='ltr'>τοῖς</span> <span class='ocrx_word' id='word_1_503' title='bbox 473 3909 688 3972; x_wconf 67' lang='grc' dir='ltr'>ἰοϐόλοις</span> <span class='ocrx_word' id='word_1_504' title='bbox 716 3909 856 3962; x_wconf 82' lang='grc' dir='ltr'>ἐστὶν</span> <span class='ocrx_word' id='word_1_505' title='bbox 910 3911 1004 3978; x_wconf 82' lang='grc' dir='ltr'>ἰὸς,</span> <span class='ocrx_word' id='word_1_506' title='bbox 1052 3919 1206 3962; x_wconf 75' lang='grc' dir='ltr'>τουτο</span> <span class='ocrx_word' id='word_1_507' title='bbox 1235 3919 1360 3976; x_wconf 84' lang='grc' dir='ltr'>τοῖς,</span> <span class='ocrx_word' id='word_1_508' title='bbox 1411 3911 1804 3986; x_wconf 67' lang='grc' dir='ltr'><strong>παροξυνθεῖσιν</strong></span> 
     </span>
    </p>
   </div>
   <div class='ocr_carea' id='block_1_72' title="bbox 197 4001 1800 4074">
    <p class='ocr_par' dir='ltr' id='par_1_72' title="bbox 197 4001 1800 4074">
     <span class='ocr_line' id='line_1_72' title="bbox 197 4001 1800 4074; baseline -0.001 -23"><span class='ocrx_word' id='word_1_509' title='bbox 197 4001 224 4051; x_wconf 88' lang='lat'><strong>6</strong></span> <span class='ocrx_word' id='word_1_510' title='bbox 258 4001 440 4070; x_wconf 71' lang='grc' dir='ltr'>θυμός.</span> <span class='ocrx_word' id='word_1_511' title='bbox 475 4005 762 4051; x_wconf 79' lang='grc' dir='ltr'>Λνσσώσιν</span> <span class='ocrx_word' id='word_1_512' title='bbox 811 4001 984 4074; x_wconf 83' lang='grc' dir='ltr'>ὥσπερ</span> <span class='ocrx_word' id='word_1_513' title='bbox 1022 4002 1070 4051; x_wconf 86' lang='grc' dir='ltr'>οἱ</span> <span class='ocrx_word' id='word_1_514' title='bbox 1118 4003 1284 4065; x_wconf 76' lang='grc' dir='ltr'>κύνες,</span> <span class='ocrx_word' id='word_1_515' title='bbox 1331 4001 1578 4070; x_wconf 72' lang='grc' dir='ltr'>ᾄττουσιν</span> <span class='ocrx_word' id='word_1_516' title='bbox 1629 4001 1800 4071; x_wconf 75' lang='grc' dir='ltr'>ὥσπερ</span> 
     </span>
    </p>
   </div>
   <div class='ocr_carea' id='block_1_73' title="bbox 195 4085 1802 4164">
    <p class='ocr_par' dir='ltr' id='par_1_73' title="bbox 195 4085 1802 4164">
     <span class='ocr_line' id='line_1_73' title="bbox 195 4085 1802 4164; baseline 0.001 -24"><span class='ocrx_word' id='word_1_517' title='bbox 195 4091 246 4141; x_wconf 76' lang='grc' dir='ltr'>οἱ</span> <span class='ocrx_word' id='word_1_518' title='bbox 311 4093 574 4164; x_wconf 70' lang='grc' dir='ltr'>σκορπίοι,</span> <span class='ocrx_word' id='word_1_519' title='bbox 635 4085 918 4140; x_wconf 71' lang='grc' dir='ltr'>δάκνουσιν</span> <span class='ocrx_word' id='word_1_520' title='bbox 967 4091 1140 4164; x_wconf 76' lang='grc' dir='ltr'>ὥσπερ</span> <span class='ocrx_word' id='word_1_521' title='bbox 1195 4091 1242 4141; x_wconf 89' lang='grc' dir='ltr'>οἰ</span> <span class='ocrx_word' id='word_1_522' title='bbox 1309 4093 1461 4159; x_wconf 79' lang='grc' dir='ltr'>ὄφεις.</span> <span class='ocrx_word' id='word_1_523' title='bbox 1523 4087 1802 4160; x_wconf 71' lang='grc' dir='ltr'>Ἀγνοοῦσι</span> 
     </span>
    </p>
   </div>
   <div class='ocr_carea' id='block_1_74' title="bbox 193 4177 1802 4250">
    <p class='ocr_par' dir='ltr' id='par_1_74' title="bbox 193 4177 1802 4250">
     <span class='ocr_line' id='line_1_74' title="bbox 193 4177 1802 4250; baseline 0.001 -21"><span class='ocrx_word' id='word_1_524' title='bbox 193 4181 288 4250; x_wconf 72' lang='grc' dir='ltr'>μὲν</span> <span class='ocrx_word' id='word_1_525' title='bbox 339 4181 436 4250; x_wconf 77' lang='grc' dir='ltr'>γὰρ</span> <span class='ocrx_word' id='word_1_526' title='bbox 489 4178 674 4237; x_wconf 68' lang='grc' dir='ltr'>αὐτοὺς</span> <span class='ocrx_word' id='word_1_527' title='bbox 729 4186 932 4250; x_wconf 72' lang='grc' dir='ltr'>πρῶτον</span> <span class='ocrx_word' id='word_1_528' title='bbox 975 4180 1023 4228; x_wconf 83' lang='grc' dir='ltr'>οἱ</span> <span class='ocrx_word' id='word_1_529' title='bbox 1081 4177 1431 4250; x_wconf 74' lang='grc' dir='ltr'>υργιζόμενοι,</span> <span class='ocrx_word' id='word_1_530' title='bbox 1485 4181 1664 4230; x_wconf 77' lang='grc' dir='ltr'>ἔπειτα</span> <span class='ocrx_word' id='word_1_531' title='bbox 1713 4192 1802 4240; x_wconf 78' lang='grc' dir='ltr'>καὶ</span> 
     </span>
    </p>
   </div>
   <div class='ocr_carea' id='block_1_75' title="bbox 193 4261 1802 4338">
    <p class='ocr_par' dir='ltr' id='par_1_75' title="bbox 193 4261 1802 4338">
     <span class='ocr_line' id='line_1_75' title="bbox 193 4261 1802 4338; baseline 0 -20"><span class='ocrx_word' id='word_1_532' title='bbox 193 4269 392 4326; x_wconf 88' lang='grc' dir='ltr'>πάντας</span> <span class='ocrx_word' id='word_1_533' title='bbox 441 4267 633 4336; x_wconf 66' lang='grc' dir='ltr'>ὁμοίως</span> <span class='ocrx_word' id='word_1_534' title='bbox 683 4269 801 4326; x_wconf 78' lang='grc' dir='ltr'>τοὺς</span> <span class='ocrx_word' id='word_1_535' title='bbox 846 4261 1192 4325; x_wconf 73' lang='grc' dir='ltr'>ἐπιτηδείους.</span> <span class='ocrx_word' id='word_1_536' title='bbox 1257 4269 1350 4318; x_wconf 72' lang='grc' dir='ltr'><strong>Διά</strong></span> <span class='ocrx_word' id='word_1_537' title='bbox 1404 4269 1564 4338; x_wconf 72' lang='grc' dir='ltr'>θυμόν</span> <span class='ocrx_word' id='word_1_538' title='bbox 1610 4271 1698 4318; x_wconf 83' lang='grc' dir='ltr'><strong>καὶ</strong></span> <span class='ocrx_word' id='word_1_539' title='bbox 1729 4267 1802 4330; x_wconf 85' lang='grc' dir='ltr'><strong>ξί-</strong></span> 
     </span>
    </p>
   </div>
   <div class='ocr_carea' id='block_1_76' title="bbox 193 4353 1800 4430">
    <p class='ocr_par' dir='ltr' id='par_1_76' title="bbox 193 4353 1800 4430">
     <span class='ocr_line' id='line_1_76' title="bbox 193 4353 1800 4430; baseline 0.001 -25"><span class='ocrx_word' id='word_1_540' title='bbox 193 4373 285 4428; x_wconf 65' lang='grc' dir='ltr'>φος</span> <span class='ocrx_word' id='word_1_541' title='bbox 315 4353 582 4424; x_wconf 71' lang='grc' dir='ltr'>ακονᾶται,</span> <span class='ocrx_word' id='word_1_542' title='bbox 637 4359 725 4406; x_wconf 84' lang='grc' dir='ltr'><strong>καὶ</strong></span> <span class='ocrx_word' id='word_1_543' title='bbox 781 4357 998 4415; x_wconf 80' lang='grc' dir='ltr'>θάνατος</span> <span class='ocrx_word' id='word_1_544' title='bbox 1051 4353 1324 4426; x_wconf 70' lang='grc' dir='ltr'>ἀνθρώπου</span> <span class='ocrx_word' id='word_1_545' title='bbox 1385 4355 1440 4406; x_wconf 86' lang='grc' dir='ltr'>ἐκ</span> <span class='ocrx_word' id='word_1_546' title='bbox 1496 4361 1679 4430; x_wconf 79' lang='grc' dir='ltr'>χειρός</span> <span class='ocrx_word' id='word_1_547' title='bbox 1719 4355 1800 4407; x_wconf 81' lang='grc' dir='ltr'>ἀν-</span> 
     </span>
    </p>
   </div>
   <div class='ocr_carea' id='block_1_77' title="bbox 195 4441 1800 4516">
    <p class='ocr_par' dir='ltr' id='par_1_77' title="bbox 195 4441 1800 4516">
     <span class='ocr_line' id='line_1_77' title="bbox 195 4441 1800 4516; baseline 0.001 -20"><span class='ocrx_word' id='word_1_548' title='bbox 195 4445 452 4516; x_wconf 82' lang='grc' dir='ltr'>θρωπείας</span> <span class='ocrx_word' id='word_1_549' title='bbox 483 4451 768 4516; x_wconf 71' lang='grc' dir='ltr'>τπ).μοὶται.</span> <span class='ocrx_word' id='word_1_550' title='bbox 799 4447 894 4496; x_wconf 74' lang='grc' dir='ltr'><strong>Διά</strong></span> <span class='ocrx_word' id='word_1_551' title='bbox 923 4451 1104 4494; x_wconf 74' lang='grc' dir='ltr'>τοῦτον</span> <span class='ocrx_word' id='word_1_552' title='bbox 1158 4441 1370 4516; x_wconf 59' lang='grc' dir='ltr'>ἀδελφοὶ</span> <span class='ocrx_word' id='word_1_553' title='bbox 1417 4449 1506 4516; x_wconf 74' lang='grc' dir='ltr'><strong>μὲν</strong></span> <span class='ocrx_word' id='word_1_554' title='bbox 1553 4443 1800 4506; x_wconf 67' lang='grc' dir='ltr'>ἀλλήλους</span> 
     </span>
    </p>
   </div>
   <div class='ocr_carea' id='block_1_78' title="bbox 191 4528 1799 4602">
    <p class='ocr_par' dir='ltr' id='par_1_78' title="bbox 191 4528 1799 4602">
     <span class='ocr_line' id='line_1_78' title="bbox 191 4528 1799 4602; baseline 0.001 -20"><span class='ocrx_word' id='word_1_555' title='bbox 191 4533 480 4602; x_wconf 75' lang='grc' dir='ltr'>ἠγνόησαν·</span> <span class='ocrx_word' id='word_1_556' title='bbox 536 4539 704 4602; x_wconf 82' lang='grc' dir='ltr'>γονεῖς</span> <span class='ocrx_word' id='word_1_557' title='bbox 753 4528 812 4584; x_wconf 73' lang='grc' dir='ltr'>δε</span> <span class='ocrx_word' id='word_1_558' title='bbox 869 4550 958 4582; x_wconf 85' lang='grc' dir='ltr'><strong>και</strong></span> <span class='ocrx_word' id='word_1_559' title='bbox 1009 4535 1159 4582; x_wconf 78' lang='grc' dir='ltr'>τέκνα</span> <span class='ocrx_word' id='word_1_560' title='bbox 1213 4537 1308 4591; x_wconf 83' lang='grc' dir='ltr'>τῆς</span> <span class='ocrx_word' id='word_1_561' title='bbox 1367 4533 1568 4602; x_wconf 67' lang='grc' dir='ltr'>φύσεως</span> <span class='ocrx_word' id='word_1_562' title='bbox 1625 4531 1799 4584; x_wconf 79' lang='grc' dir='ltr'>ἐπελά-</span> 
     </span>
    </p>
   </div>
   <div class='ocr_carea' id='block_1_79' title="bbox 1915 3379 3577 3454">
    <p class='ocr_par' dir='ltr' id='par_1_79' title="bbox 1915 3379 3577 3454">
     <span class='ocr_line' id='line_1_79' title="bbox 1915 3379 3577 3454; baseline 0.001 -19"><span class='ocrx_word' id='word_1_563' title='bbox 1915 3379 2136 3436; x_wconf 89' lang='lat' dir='ltr'><strong>borum</strong></span> <span class='ocrx_word' id='word_1_564' title='bbox 2163 3379 2505 3435; x_wconf 89' lang='lat' dir='ltr'><strong>acerbitate.</strong></span> <span class='ocrx_word' id='word_1_565' title='bbox 2552 3383 2637 3436; x_wconf 91' lang='lat' dir='ltr'><strong>Tu</strong></span> <span class='ocrx_word' id='word_1_566' title='bbox 2679 3396 2908 3446; x_wconf 88' lang='lat' dir='ltr'><strong>rursus,</strong></span> <span class='ocrx_word' id='word_1_567' title='bbox 2959 3379 3053 3436; x_wconf 87' lang='lat' dir='ltr'><strong>his</strong></span> <span class='ocrx_word' id='word_1_568' title='bbox 3104 3379 3342 3450; x_wconf 87' lang='lat' dir='ltr'><strong>auditis,</strong></span> <span class='ocrx_word' id='word_1_569' title='bbox 3386 3395 3577 3454; x_wconf 83' lang='lat' dir='ltr'><strong>supra</strong></span> 
     </span>
    </p>
   </div>
   <div class='ocr_carea' id='block_1_80' title="bbox 1917 3467 3574 3542">
    <p class='ocr_par' dir='ltr' id='par_1_80' title="bbox 1917 3467 3574 3542">
     <span class='ocr_line' id='line_1_80' title="bbox 1917 3467 3574 3542; baseline -0.001 -18"><span class='ocrx_word' id='word_1_570' title='bbox 1917 3467 2172 3524; x_wconf 89' lang='lat' dir='ltr'><strong>modum</strong></span> <span class='ocrx_word' id='word_1_571' title='bbox 2203 3467 2506 3538; x_wconf 88' lang='lat' dir='ltr'><strong>attolleris,</strong></span> <span class='ocrx_word' id='word_1_572' title='bbox 2552 3469 2756 3542; x_wconf 90' lang='lat' dir='ltr'><strong>sicque</strong></span> <span class='ocrx_word' id='word_1_573' title='bbox 2801 3467 3102 3524; x_wconf 89' lang='lat' dir='ltr'><strong>malorum</strong></span> <span class='ocrx_word' id='word_1_574' title='bbox 3149 3469 3214 3524; x_wconf 87' lang='lat' dir='ltr'><strong>ﬁt</strong></span> <span class='ocrx_word' id='word_1_575' title='bbox 3251 3468 3574 3525; x_wconf 86' lang='lat' dir='ltr'><strong>contentio.</strong></span> 
     </span>
    </p>
   </div>
   <div class='ocr_carea' id='block_1_81' title="bbox 1917 3557 3576 3628">
    <p class='ocr_par' dir='ltr' id='par_1_81' title="bbox 1917 3557 3576 3628">
     <span class='ocr_line' id='line_1_81' title="bbox 1917 3557 3576 3628; baseline 0.001 -17"><span class='ocrx_word' id='word_1_576' title='bbox 1917 3557 2024 3623; x_wconf 82' lang='lat' dir='ltr'><strong>Qui</strong></span> <span class='ocrx_word' id='word_1_577' title='bbox 2056 3563 2246 3612; x_wconf 87' lang='lat' dir='ltr'><strong>autem</strong></span> <span class='ocrx_word' id='word_1_578' title='bbox 2281 3557 2342 3612; x_wconf 91' lang='lat' dir='ltr'><strong>in</strong></span> <span class='ocrx_word' id='word_1_579' title='bbox 2375 3557 2674 3613; x_wconf 90' lang='lat' dir='ltr'><strong>malorum</strong></span> <span class='ocrx_word' id='word_1_580' title='bbox 2705 3558 3030 3614; x_wconf 88' lang='lat' dir='ltr'><strong>certamine</strong></span> <span class='ocrx_word' id='word_1_581' title='bbox 3063 3557 3259 3624; x_wconf 89' lang='lat' dir='ltr'><strong>vincit,</strong></span> <span class='ocrx_word' id='word_1_582' title='bbox 3293 3559 3342 3612; x_wconf 90' lang='lat' dir='ltr'><strong>is</strong></span> <span class='ocrx_word' id='word_1_583' title='bbox 3383 3557 3576 3628; x_wconf 89' lang='lat' dir='ltr'><strong>magis</strong></span> 
     </span>
    </p>
   </div>
   <div class='ocr_carea' id='block_1_82' title="bbox 1915 3645 3578 3724">
    <p class='ocr_par' dir='ltr' id='par_1_82' title="bbox 1915 3645 3578 3724">
     <span class='ocr_line' id='line_1_82' title="bbox 1915 3645 3578 3724; baseline 0.001 -24"><span class='ocrx_word' id='word_1_584' title='bbox 1915 3645 2099 3700; x_wconf 89' lang='lat' dir='ltr'><strong>miser</strong></span> <span class='ocrx_word' id='word_1_585' title='bbox 2129 3647 2330 3718; x_wconf 84' lang='lat' dir='ltr'><strong>est.(6)</strong></span> <span class='ocrx_word' id='word_1_586' title='bbox 2367 3645 2472 3701; x_wconf 88' lang='lat' dir='ltr'><strong>Ubi</strong></span> <span class='ocrx_word' id='word_1_587' title='bbox 2503 3646 2662 3702; x_wconf 92' lang='lat' dir='ltr'><strong>enim</strong></span> <span class='ocrx_word' id='word_1_588' title='bbox 2685 3647 2978 3702; x_wconf 86' lang='lat' dir='ltr'><strong>rationem</strong></span> <span class='ocrx_word' id='word_1_589' title='bbox 3005 3646 3192 3724; x_wconf 89' lang='lat' dir='ltr'><strong>semel</strong></span> <span class='ocrx_word' id='word_1_590' title='bbox 3222 3647 3578 3702; x_wconf 86' lang='lat' dir='ltr'><strong>exturbave-</strong></span> 
     </span>
    </p>
   </div>
   <div class='ocr_carea' id='block_1_83' title="bbox 1915 3733 3576 3806">
    <p class='ocr_par' dir='ltr' id='par_1_83' title="bbox 1915 3733 3576 3806">
     <span class='ocr_line' id='line_1_83' title="bbox 1915 3733 3576 3806; baseline 0.001 -18"><span class='ocrx_word' id='word_1_591' title='bbox 1915 3733 1988 3789; x_wconf 91' lang='lat' dir='ltr'><strong>rit</strong></span> <span class='ocrx_word' id='word_1_592' title='bbox 2009 3735 2335 3790; x_wconf 65' lang='lat' dir='ltr'><strong>iracundiae</strong></span> <span class='ocrx_word' id='word_1_593' title='bbox 2357 3735 2591 3804; x_wconf 84' lang='lat' dir='ltr'><strong>vitium,</strong></span> <span class='ocrx_word' id='word_1_594' title='bbox 2609 3741 2786 3806; x_wconf 87' lang='lat' dir='ltr'><strong>atque</strong></span> <span class='ocrx_word' id='word_1_595' title='bbox 2808 3733 3148 3790; x_wconf 89' lang='lat' dir='ltr'><strong>dominium</strong></span> <span class='ocrx_word' id='word_1_596' title='bbox 3161 3736 3377 3791; x_wconf 66' lang='lat' dir='ltr'><strong>animae</strong></span> <span class='ocrx_word' id='word_1_597' title='bbox 3401 3751 3576 3790; x_wconf 90' lang='lat' dir='ltr'>usur-</span> 
     </span>
    </p>
   </div>
   <div class='ocr_carea' id='block_1_84' title="bbox 1913 3823 3572 3896">
    <p class='ocr_par' dir='ltr' id='par_1_84' title="bbox 1913 3823 3572 3896">
     <span class='ocr_line' id='line_1_84' title="bbox 1913 3823 3572 3896; baseline 0.001 -18"><span class='ocrx_word' id='word_1_598' title='bbox 1913 3823 2166 3893; x_wconf 85' lang='lat' dir='ltr'><strong>paverit,</strong></span> <span class='ocrx_word' id='word_1_599' title='bbox 2199 3823 2508 3878; x_wconf 89' lang='lat' dir='ltr'><strong>hominem</strong></span> <span class='ocrx_word' id='word_1_600' title='bbox 2540 3839 2787 3896; x_wconf 91' lang='lat' dir='ltr'><strong>prorsus</strong></span> <span class='ocrx_word' id='word_1_601' title='bbox 2817 3824 3104 3879; x_wconf 88' lang='lat' dir='ltr'><strong>convertit</strong></span> <span class='ocrx_word' id='word_1_602' title='bbox 3125 3823 3188 3878; x_wconf 89' lang='lat' dir='ltr'><strong>in</strong></span> <span class='ocrx_word' id='word_1_603' title='bbox 3208 3823 3472 3880; x_wconf 89' lang='lat' dir='ltr'><strong>belluam</strong></span> <span class='ocrx_word' id='word_1_604' title='bbox 3495 3829 3572 3896; x_wconf 85' lang='lat' dir='ltr'><strong>et,</strong></span> 
     </span>
    </p>
   </div>
   <div class='ocr_carea' id='block_1_85' title="bbox 1911 3911 3573 3984">
    <p class='ocr_par' dir='ltr' id='par_1_85' title="bbox 1911 3911 3573 3984">
     <span class='ocr_line' id='line_1_85' title="bbox 1911 3911 3573 3984; baseline 0.001 -18"><span class='ocrx_word' id='word_1_605' title='bbox 1911 3927 1988 3967; x_wconf 89' lang='lat' dir='ltr'><strong>ne</strong></span> <span class='ocrx_word' id='word_1_606' title='bbox 2013 3913 2324 3968; x_wconf 85' lang='lat' dir='ltr'><strong>hominem</strong></span> <span class='ocrx_word' id='word_1_607' title='bbox 2355 3911 2604 3984; x_wconf 90' lang='lat' dir='ltr'><strong>quidem</strong></span> <span class='ocrx_word' id='word_1_608' title='bbox 2635 3929 2766 3968; x_wconf 90' lang='lat' dir='ltr'><strong>esse</strong></span> <span class='ocrx_word' id='word_1_609' title='bbox 2798 3913 2950 3968; x_wconf 88' lang='lat' dir='ltr'><strong>sinit.</strong></span> <span class='ocrx_word' id='word_1_610' title='bbox 2983 3912 3157 3977; x_wconf 86' lang='lat' dir='ltr'><strong>Quod</strong></span> <span class='ocrx_word' id='word_1_611' title='bbox 3193 3911 3353 3968; x_wconf 88' lang='lat' dir='ltr'><strong>enim</strong></span> <span class='ocrx_word' id='word_1_612' title='bbox 3387 3928 3573 3968; x_wconf 89' lang='lat' dir='ltr'><strong>vene-</strong></span> 
     </span>
    </p>
   </div>
   <div class='ocr_carea' id='block_1_86' title="bbox 1911 4001 3572 4074">
    <p class='ocr_par' dir='ltr' id='par_1_86' title="bbox 1911 4001 3572 4074">
     <span class='ocr_line' id='line_1_86' title="bbox 1911 4001 3572 4074; baseline 0.002 -18"><span class='ocrx_word' id='word_1_613' title='bbox 1911 4002 2065 4056; x_wconf 88' lang='lat' dir='ltr'><strong>natis</strong></span> <span class='ocrx_word' id='word_1_614' title='bbox 2091 4017 2392 4056; x_wconf 87' lang='lat' dir='ltr'><strong>venenum</strong></span> <span class='ocrx_word' id='word_1_615' title='bbox 2425 4005 2535 4070; x_wconf 91' lang='lat' dir='ltr'><strong>est,</strong></span> <span class='ocrx_word' id='word_1_616' title='bbox 2575 4002 2690 4058; x_wconf 80' lang='lat' dir='ltr'><strong>hoc</strong></span> <span class='ocrx_word' id='word_1_617' title='bbox 2737 4001 2899 4057; x_wconf 91' lang='lat' dir='ltr'><strong>idem</strong></span> <span class='ocrx_word' id='word_1_618' title='bbox 2931 4001 3021 4056; x_wconf 89' lang='lat' dir='ltr'><strong>ira</strong></span> <span class='ocrx_word' id='word_1_619' title='bbox 3044 4005 3134 4058; x_wconf 89' lang='lat' dir='ltr'><strong>est</strong></span> <span class='ocrx_word' id='word_1_620' title='bbox 3179 4001 3572 4074; x_wconf 86' lang='lat' dir='ltr'><strong>exasperatis.</strong></span> 
     </span>
    </p>
   </div>
   <div class='ocr_carea' id='block_1_87' title="bbox 1915 4087 3572 4162">
    <p class='ocr_par' dir='ltr' id='par_1_87' title="bbox 1915 4087 3572 4162">
     <span class='ocr_line' id='line_1_87' title="bbox 1915 4087 3572 4162; baseline 0 -18"><span class='ocrx_word' id='word_1_621' title='bbox 1915 4090 2084 4144; x_wconf 84' lang='lat' dir='ltr'><strong>Fiunt</strong></span> <span class='ocrx_word' id='word_1_622' title='bbox 2117 4089 2312 4146; x_wconf 87' lang='lat' dir='ltr'><strong>rabidi</strong></span> <span class='ocrx_word' id='word_1_623' title='bbox 2333 4105 2552 4146; x_wconf 91' lang='lat' dir='ltr'><strong>canum</strong></span> <span class='ocrx_word' id='word_1_624' title='bbox 2587 4090 2648 4145; x_wconf 92' lang='lat' dir='ltr'><strong>in</strong></span> <span class='ocrx_word' id='word_1_625' title='bbox 2671 4105 2925 4156; x_wconf 90' lang='lat' dir='ltr'><strong>morem,</strong></span> <span class='ocrx_word' id='word_1_626' title='bbox 2951 4089 3222 4146; x_wconf 85' lang='lat' dir='ltr'><strong>insiliunt</strong></span> <span class='ocrx_word' id='word_1_627' title='bbox 3247 4093 3310 4144; x_wconf 91' lang='lat' dir='ltr'><strong>ut</strong></span> <span class='ocrx_word' id='word_1_628' title='bbox 3331 4087 3572 4162; x_wconf 86' lang='lat' dir='ltr'><strong>scorpii,</strong></span> 
     </span>
    </p>
   </div>
   <div class='ocr_carea' id='block_1_88' title="bbox 1909 4177 3576 4252">
    <p class='ocr_par' dir='ltr' id='par_1_88' title="bbox 1909 4177 3576 4252">
     <span class='ocr_line' id='line_1_88' title="bbox 1909 4177 3576 4252; baseline 0.003 -17"><span class='ocrx_word' id='word_1_629' title='bbox 1909 4177 2189 4235; x_wconf 79' lang='lat' dir='ltr'><strong>mordent</strong></span> <span class='ocrx_word' id='word_1_630' title='bbox 2235 4183 2300 4235; x_wconf 88' lang='lat' dir='ltr'><strong>ut</strong></span> <span class='ocrx_word' id='word_1_631' title='bbox 2329 4185 2656 4252; x_wconf 88' lang='lat' dir='ltr'><strong>serpentes.</strong></span> <span class='ocrx_word' id='word_1_632' title='bbox 2679 4183 2828 4236; x_wconf 78' lang='lat' dir='ltr'><strong>Nam</strong></span> <span class='ocrx_word' id='word_1_633' title='bbox 2847 4179 2976 4236; x_wconf 88' lang='lat' dir='ltr'><strong>irati</strong></span> <span class='ocrx_word' id='word_1_634' title='bbox 2998 4179 3262 4252; x_wconf 86' lang='lat' dir='ltr'><strong>primum</strong></span> <span class='ocrx_word' id='word_1_635' title='bbox 3293 4179 3576 4250; x_wconf 82' lang='lat' dir='ltr'><strong>ignorant</strong></span> 
     </span>
    </p>
   </div>
   <div class='ocr_carea' id='block_1_89' title="bbox 1910 4269 3572 4342">
    <p class='ocr_par' dir='ltr' id='par_1_89' title="bbox 1910 4269 3572 4342">
     <span class='ocr_line' id='line_1_89' title="bbox 1910 4269 3572 4342; baseline 0.002 -18"><span class='ocrx_word' id='word_1_636' title='bbox 1910 4285 2064 4336; x_wconf 90' lang='lat' dir='ltr'><strong>sese,</strong></span> <span class='ocrx_word' id='word_1_637' title='bbox 2087 4269 2306 4326; x_wconf 90' lang='lat' dir='ltr'><strong>deinde</strong></span> <span class='ocrx_word' id='word_1_638' title='bbox 2337 4287 2549 4326; x_wconf 91' lang='lat' dir='ltr'><strong>omnes</strong></span> <span class='ocrx_word' id='word_1_639' title='bbox 2581 4269 2852 4326; x_wconf 88' lang='lat' dir='ltr'><strong>similiter</strong></span> <span class='ocrx_word' id='word_1_640' title='bbox 2881 4269 3211 4326; x_wconf 81' lang='lat' dir='ltr'><strong>familiares</strong></span> <span class='ocrx_word' id='word_1_641' title='bbox 3242 4275 3424 4342; x_wconf 86' lang='lat' dir='ltr'><strong>atque</strong></span> <span class='ocrx_word' id='word_1_642' title='bbox 3461 4285 3572 4328; x_wconf 91' lang='lat' dir='ltr'><strong>ne-</strong></span> 
     </span>
    </p>
   </div>
   <div class='ocr_carea' id='block_1_90' title="bbox 1910 4359 3571 4432">
    <p class='ocr_par' dir='ltr' id='par_1_90' title="bbox 1910 4359 3571 4432">
     <span class='ocr_line' id='line_1_90' title="bbox 1910 4359 3571 4432; baseline 0.001 -20"><span class='ocrx_word' id='word_1_643' title='bbox 1910 4359 2228 4414; x_wconf 86' lang='lat' dir='ltr'><strong>cessarios.</strong></span> <span class='ocrx_word' id='word_1_644' title='bbox 2271 4361 2376 4414; x_wconf 84' lang='lat' dir='ltr'><strong>Per</strong></span> <span class='ocrx_word' id='word_1_645' title='bbox 2399 4360 2550 4415; x_wconf 89' lang='lat' dir='ltr'><strong>iram</strong></span> <span class='ocrx_word' id='word_1_646' title='bbox 2585 4359 2744 4415; x_wconf 90' lang='lat' dir='ltr'><strong>ensis</strong></span> <span class='ocrx_word' id='word_1_647' title='bbox 2791 4361 3026 4416; x_wconf 87' lang='lat' dir='ltr'><strong>acuitur</strong></span> <span class='ocrx_word' id='word_1_648' title='bbox 3072 4365 3252 4432; x_wconf 85' lang='lat' dir='ltr'><strong>atque</strong></span> <span class='ocrx_word' id='word_1_649' title='bbox 3301 4363 3571 4430; x_wconf 88' lang='lat' dir='ltr'><strong>patratur</strong></span> 
     </span>
    </p>
   </div>
   <div class='ocr_carea' id='block_1_91' title="bbox 1907 4445 3570 4504">
    <p class='ocr_par' dir='ltr' id='par_1_91' title="bbox 1907 4445 3570 4504">
     <span class='ocr_line' id='line_1_91' title="bbox 1907 4445 3570 4504; baseline 0 -2"><span class='ocrx_word' id='word_1_650' title='bbox 1907 4447 2304 4502; x_wconf 89' lang='lat' dir='ltr'><strong>homicidium</strong></span> <span class='ocrx_word' id='word_1_651' title='bbox 2325 4447 2596 4504; x_wconf 88' lang='lat' dir='ltr'><strong>humana</strong></span> <span class='ocrx_word' id='word_1_652' title='bbox 2627 4463 2836 4504; x_wconf 90' lang='lat' dir='ltr'><strong>manu.</strong></span> <span class='ocrx_word' id='word_1_653' title='bbox 2883 4451 2988 4502; x_wconf 84' lang='lat' dir='ltr'><strong>Per</strong></span> <span class='ocrx_word' id='word_1_654' title='bbox 3029 4447 3190 4501; x_wconf 88' lang='lat' dir='ltr'><strong>hanc</strong></span> <span class='ocrx_word' id='word_1_655' title='bbox 3218 4445 3426 4500; x_wconf 85' lang='lat' dir='ltr'><strong>fratres</strong></span> <span class='ocrx_word' id='word_1_656' title='bbox 3469 4445 3570 4502; x_wconf 87' lang='lat' dir='ltr'><strong>alii</strong></span> 
     </span>
    </p>
   </div>
   <div class='ocr_carea' id='block_1_92' title="bbox 1907 4531 3566 4608">
    <p class='ocr_par' dir='ltr' id='par_1_92' title="bbox 1907 4531 3566 4608">
     <span class='ocr_line' id='line_1_92' title="bbox 1907 4531 3566 4608; baseline -0.001 -18"><span class='ocrx_word' id='word_1_657' title='bbox 1907 4535 2057 4590; x_wconf 87' lang='lat' dir='ltr'><strong>alios</strong></span> <span class='ocrx_word' id='word_1_658' title='bbox 2084 4537 2472 4604; x_wconf 81' lang='lat' dir='ltr'><strong>ignoravere:</strong></span> <span class='ocrx_word' id='word_1_659' title='bbox 2505 4541 2782 4608; x_wconf 90' lang='lat' dir='ltr'><strong>parentes</strong></span> <span class='ocrx_word' id='word_1_660' title='bbox 2805 4549 3050 4606; x_wconf 89' lang='lat' dir='ltr'><strong>quoque</strong></span> <span class='ocrx_word' id='word_1_661' title='bbox 3073 4537 3130 4588; x_wconf 91' lang='lat' dir='ltr'><strong>et</strong></span> <span class='ocrx_word' id='word_1_662' title='bbox 3143 4531 3312 4588; x_wconf 89' lang='lat' dir='ltr'><strong>liberi</strong></span> <span class='ocrx_word' id='word_1_663' title='bbox 3335 4539 3566 4588; x_wconf 62' lang='lat' dir='ltr'><strong>natura:</strong></span> 
     </span>
    </p>
   </div>
   <div class='ocr_carea' id='block_1_93' title="bbox 193 4615 1812 4716">
    <p class='ocr_par' dir='ltr' id='par_1_93' title="bbox 193 4615 1796 4694">
     <span class='ocr_line' id='line_1_93' title="bbox 193 4615 1796 4694; baseline -0.001 -22"><span class='ocrx_word' id='word_1_664' title='bbox 193 4622 364 4672; x_wconf 81' lang='grc' dir='ltr'>θοντο·</span> <span class='ocrx_word' id='word_1_665' title='bbox 399 4625 484 4672; x_wconf 77' lang='grc' dir='ltr'><strong>καὶ</strong></span> <span class='ocrx_word' id='word_1_666' title='bbox 525 4621 700 4694; x_wconf 79' lang='grc' dir='ltr'>ὥσπερ</span> <span class='ocrx_word' id='word_1_667' title='bbox 753 4621 806 4670; x_wconf 88' lang='grc' dir='ltr'>αἰ</span> <span class='ocrx_word' id='word_1_668' title='bbox 849 4615 1128 4692; x_wconf 63' lang='grc' dir='ltr'>χαράδραι</span> <span class='ocrx_word' id='word_1_669' title='bbox 1173 4623 1298 4691; x_wconf 81' lang='grc' dir='ltr'>πρὸς</span> <span class='ocrx_word' id='word_1_670' title='bbox 1344 4621 1412 4672; x_wconf 76' lang='grc' dir='ltr'><strong>τὰ</strong></span> <span class='ocrx_word' id='word_1_671' title='bbox 1465 4619 1616 4672; x_wconf 85' lang='grc' dir='ltr'>κοῖλα</span> <span class='ocrx_word' id='word_1_672' title='bbox 1665 4620 1796 4693; x_wconf 67' lang='grc' dir='ltr'>συρ-</span> 
     </span>
    </p>
   </div>
   <div class='ocr_carea' id='block_1_94' title="bbox 1922 4615 3567 4716">
    <p class='ocr_par' dir='ltr' id='par_1_94' title="bbox 1922 4619 3567 4696">
     <span class='ocr_line' id='line_1_94' title="bbox 1922 4619 3567 4696; baseline 0 -18"><span class='ocrx_word' id='word_1_673' title='bbox 1922 4623 2074 4678; x_wconf 78' lang='lat' dir='ltr'><strong>)bliti</strong></span> <span class='ocrx_word' id='word_1_674' title='bbox 2114 4629 2290 4690; x_wconf 88' lang='lat' dir='ltr'><strong>sunt;</strong></span> <span class='ocrx_word' id='word_1_675' title='bbox 2333 4629 2390 4680; x_wconf 91' lang='lat' dir='ltr'><strong>et</strong></span> <span class='ocrx_word' id='word_1_676' title='bbox 2431 4623 2956 4696; x_wconf 83' lang='lat' dir='ltr'><strong>quemadmodum</strong></span> <span class='ocrx_word' id='word_1_677' title='bbox 2985 4625 3278 4676; x_wconf 88' lang='lat' dir='ltr'><strong>torrentes</strong></span> <span class='ocrx_word' id='word_1_678' title='bbox 3321 4621 3400 4676; x_wconf 87' lang='lat' dir='ltr'><strong>ad</strong></span> <span class='ocrx_word' id='word_1_679' title='bbox 3431 4619 3567 4678; x_wconf 87' lang='lat' dir='ltr'><strong>loca</strong></span> 
     </span>
    </p>
   </div>
   <div class='ocr_carea' id='block_1_95' title="bbox 187 4709 1798 4784">
    <p class='ocr_par' dir='ltr' id='par_1_95' title="bbox 187 4709 1798 4784">
     <span class='ocr_line' id='line_1_95' title="bbox 187 4709 1798 4784; baseline -0.001 -23"><span class='ocrx_word' id='word_1_680' title='bbox 187 4711 408 4782; x_wconf 74' lang='grc' dir='ltr'>ῥέουσαι</span> <span class='ocrx_word' id='word_1_681' title='bbox 464 4713 522 4761; x_wconf 82' lang='grc' dir='ltr'><strong>τό</strong></span> <span class='ocrx_word' id='word_1_682' title='bbox 581 4713 888 4784; x_wconf 76' lang='grc' dir='ltr'>προστυχὸν</span> <span class='ocrx_word' id='word_1_683' title='bbox 945 4711 1362 4782; x_wconf 72' lang='grc' dir='ltr'>παρασύρουσινο</span> <span class='ocrx_word' id='word_1_684' title='bbox 1413 4709 1548 4760; x_wconf 73' lang='grc' dir='ltr'>οὕτω</span> <span class='ocrx_word' id='word_1_685' title='bbox 1600 4713 1689 4760; x_wconf 86' lang='grc' dir='ltr'>καὶ</span> <span class='ocrx_word' id='word_1_686' title='bbox 1744 4711 1798 4760; x_wconf 81' lang='grc' dir='ltr'>αἱ</span> 
     </span>
    </p>
   </div>
   <div class='ocr_carea' id='block_1_96' title="bbox 187 4793 1798 4872">
    <p class='ocr_par' dir='ltr' id='par_1_96' title="bbox 187 4793 1798 4872">
     <span class='ocr_line' id='line_1_96' title="bbox 187 4793 1798 4872; baseline -0.001 -22"><span class='ocrx_word' id='word_1_687' title='bbox 187 4806 294 4850; x_wconf 75' lang='grc' dir='ltr'>τῶν</span> <span class='ocrx_word' id='word_1_688' title='bbox 357 4797 700 4872; x_wconf 68' lang='grc' dir='ltr'>ὀργιζομένων</span> <span class='ocrx_word' id='word_1_689' title='bbox 767 4801 925 4872; x_wconf 76' lang='grc' dir='ltr'>ὁρμαὶ</span> <span class='ocrx_word' id='word_1_690' title='bbox 991 4795 1162 4868; x_wconf 83' lang='grc' dir='ltr'>βίαιοι</span> <span class='ocrx_word' id='word_1_691' title='bbox 1223 4801 1314 4849; x_wconf 81' lang='grc' dir='ltr'>καὶ</span> <span class='ocrx_word' id='word_1_692' title='bbox 1363 4795 1640 4848; x_wconf 81' lang='grc' dir='ltr'>ἀκάθεκτοι</span> <span class='ocrx_word' id='word_1_693' title='bbox 1705 4793 1798 4850; x_wconf 66' lang='grc' dir='ltr'><strong>διὰ</strong></span> 
     </span>
    </p>
   </div>
   <div class='ocr_carea' id='block_1_97' title="bbox 187 4887 1796 4961">
    <p class='ocr_par' dir='ltr' id='par_1_97' title="bbox 187 4887 1796 4961">
     <span class='ocr_line' id='line_1_97' title="bbox 187 4887 1796 4961; baseline -0.004 -21"><span class='ocrx_word' id='word_1_694' title='bbox 187 4889 396 4940; x_wconf 85' lang='grc' dir='ltr'>πάντων</span> <span class='ocrx_word' id='word_1_695' title='bbox 445 4889 630 4958; x_wconf 73' lang='grc' dir='ltr'>ὁμοίως</span> <span class='ocrx_word' id='word_1_696' title='bbox 677 4895 968 4961; x_wconf 67' lang='grc' dir='ltr'>χωροῦσιν.</span> <span class='ocrx_word' id='word_1_697' title='bbox 1023 4887 1192 4937; x_wconf 84' lang='grc' dir='ltr'>Οἰονεὶ</span> <span class='ocrx_word' id='word_1_698' title='bbox 1229 4889 1325 4956; x_wconf 79' lang='grc' dir='ltr'>γὰρ</span> <span class='ocrx_word' id='word_1_699' title='bbox 1353 4887 1543 4958; x_wconf 81' lang='grc' dir='ltr'>οῖστρῳ</span> <span class='ocrx_word' id='word_1_700' title='bbox 1575 4893 1632 4956; x_wconf 70' lang='grc' dir='ltr'>τῇ</span> <span class='ocrx_word' id='word_1_701' title='bbox 1663 4891 1796 4956; x_wconf 74' lang='grc' dir='ltr'><strong>μνή-</strong></span> 
     </span>
    </p>
   </div>
   <div class='ocr_carea' id='block_1_98' title="bbox 187 4969 1794 5048">
    <p class='ocr_par' dir='ltr' id='par_1_98' title="bbox 187 4969 1794 5048">
     <span class='ocr_line' id='line_1_98' title="bbox 187 4969 1794 5048; baseline 0 -22"><span class='ocrx_word' id='word_1_702' title='bbox 187 4995 262 5048; x_wconf 78' lang='grc' dir='ltr'><strong>μῃ</strong></span> <span class='ocrx_word' id='word_1_703' title='bbox 319 4983 418 5026; x_wconf 82' lang='grc' dir='ltr'>τῶν</span> <span class='ocrx_word' id='word_1_704' title='bbox 469 4973 828 5033; x_wconf 82' lang='grc' dir='ltr'>λελυπηκοτων</span> <span class='ocrx_word' id='word_1_705' title='bbox 879 4976 1367 5048; x_wconf 79' lang='grc' dir='ltr'>περικεντούμενοι,</span> <span class='ocrx_word' id='word_1_706' title='bbox 1431 4969 1794 5044; x_wconf 67' lang='grc' dir='ltr'>σφαδάζοντος</span> 
     </span>
    </p>
   </div>
   <div class='ocr_carea' id='block_1_99' title="bbox 187 5059 1794 5136">
    <p class='ocr_par' dir='ltr' id='par_1_99' title="bbox 187 5059 1794 5136">
     <span class='ocr_line' id='line_1_99' title="bbox 187 5059 1794 5136; baseline -0.001 -20"><span class='ocrx_word' id='word_1_707' title='bbox 187 5063 354 5116; x_wconf 72' lang='grc' dir='ltr'>αὐτοῦ</span> <span class='ocrx_word' id='word_1_708' title='bbox 401 5071 492 5116; x_wconf 71' lang='grc' dir='ltr'><strong>τον</strong></span> <span class='ocrx_word' id='word_1_709' title='bbox 547 5065 714 5136; x_wconf 74' lang='grc' dir='ltr'>θυμου</span> <span class='ocrx_word' id='word_1_710' title='bbox 770 5067 860 5116; x_wconf 80' lang='grc' dir='ltr'><strong>καὶ</strong></span> <span class='ocrx_word' id='word_1_711' title='bbox 915 5059 1206 5130; x_wconf 78' lang='grc' dir='ltr'>πηδῶντος,</span> <span class='ocrx_word' id='word_1_712' title='bbox 1265 5061 1324 5115; x_wconf 69' lang='grc' dir='ltr'>οὐ</span> <span class='ocrx_word' id='word_1_713' title='bbox 1379 5067 1625 5136; x_wconf 82' lang='grc' dir='ltr'>πρότερον</span> <span class='ocrx_word' id='word_1_714' title='bbox 1665 5061 1794 5114; x_wconf 79' lang='grc' dir='ltr'>ἁπο-</span> 
     </span>
    </p>
   </div>
   <div class='ocr_carea' id='block_1_100' title="bbox 259 5279 1468 5348">
    <p class='ocr_par' dir='ltr' id='par_1_100' title="bbox 259 5279 1468 5348">
     <span class='ocr_line' id='line_1_100' title="bbox 259 5279 1468 5348; baseline -0.004 -12"><span class='ocrx_word' id='word_1_715' title='bbox 259 5279 308 5312; x_wconf 75' lang='grc'><strong>⁴⁹</strong></span> <span class='ocrx_word' id='word_1_716' title='bbox 341 5279 513 5336; x_wconf 84' lang='lat' dir='ltr'><strong>Prov.</strong></span> <span class='ocrx_word' id='word_1_717' title='bbox 547 5293 710 5348; x_wconf 72' lang='lat' dir='ltr'><strong>xxvx,</strong></span> <span class='ocrx_word' id='word_1_718' title='bbox 739 5281 794 5334; x_wconf 79' lang='grc'><strong>4.</strong></span> <span class='ocrx_word' id='word_1_719' title='bbox 907 5279 956 5313; x_wconf 79' lang='grc' dir='ltr'><strong>⁵ο</strong></span> <span class='ocrx_word' id='word_1_720' title='bbox 997 5279 1163 5334; x_wconf 90' lang='lat' dir='ltr'><strong>Prov.</strong></span> <span class='ocrx_word' id='word_1_721' title='bbox 1206 5293 1347 5345; x_wconf 85' lang='lat' dir='ltr'><strong>xxu,</strong></span> <span class='ocrx_word' id='word_1_722' title='bbox 1379 5281 1468 5332; x_wconf 73' lang='grc'><strong>24.</strong></span> 
     </span>
    </p>
   </div>
   <div class='ocr_carea' id='block_1_101' title="bbox 255 5475 1468 5548">
    <p class='ocr_par' dir='ltr' id='par_1_101' title="bbox 255 5475 1468 5548">
     <span class='ocr_line' id='line_1_101' title="bbox 255 5475 1468 5548; baseline 0.004 -18"><span class='ocrx_word' id='word_1_723' title='bbox 255 5477 333 5548; x_wconf 86' lang='lat' dir='ltr'><strong>(l)</strong></span> <span class='ocrx_word' id='word_1_724' title='bbox 375 5475 751 5546; x_wconf 78' lang='grc' dir='ltr'>Ἀνταγωνίςη.</span> <span class='ocrx_word' id='word_1_725' title='bbox 787 5476 1128 5544; x_wconf 88' lang='lat' dir='ltr'><strong>Contextus,</strong></span> <span class='ocrx_word' id='word_1_726' title='bbox 1163 5475 1468 5548; x_wconf 67' lang='grc' dir='ltr'>ἀντοργίζῃο</span> 
     </span>
    </p>
   </div>
   <div class='ocr_carea' id='block_1_102' title="bbox 257 5544 1788 5620">
    <p class='ocr_par' dir='ltr' id='par_1_102' title="bbox 257 5544 1788 5620">
     <span class='ocr_line' id='line_1_102' title="bbox 257 5544 1788 5620; baseline 0 -18"><span class='ocrx_word' id='word_1_727' title='bbox 257 5544 337 5618; x_wconf 71' lang='grc'><strong>(2)</strong></span> <span class='ocrx_word' id='word_1_728' title='bbox 383 5544 632 5620; x_wconf 58' lang='lat' dir='ltr'><strong>llo-mpera.</strong></span> <span class='ocrx_word' id='word_1_729' title='bbox 659 5548 750 5604; x_wconf 88' lang='lat' dir='ltr'><strong>Sic</strong></span> <span class='ocrx_word' id='word_1_730' title='bbox 774 5551 1088 5602; x_wconf 85' lang='lat' dir='ltr'><strong>contextus</strong></span> <span class='ocrx_word' id='word_1_731' title='bbox 1123 5551 1178 5602; x_wconf 88' lang='lat' dir='ltr'><strong>et</strong></span> <span class='ocrx_word' id='word_1_732' title='bbox 1203 5544 1364 5602; x_wconf 83' lang='lat' dir='ltr'><strong>idem</strong></span> <span class='ocrx_word' id='word_1_733' title='bbox 1397 5544 1606 5602; x_wconf 79' lang='lat' dir='ltr'><strong>codex.</strong></span> <span class='ocrx_word' id='word_1_734' title='bbox 1639 5545 1788 5602; x_wconf 86' lang='lat' dir='ltr'><strong>Editi</strong></span> 
     </span>
    </p>
   </div>
   <div class='ocr_carea' id='block_1_103' title="bbox 183 5639 1782 5766">
    <p class='ocr_par' dir='ltr' id='par_1_103' title="bbox 183 5639 1782 5766">
     <span class='ocr_line' id='line_1_103' title="bbox 204 5639 434 5671; baseline 0.004 -1"><span class='ocrx_word' id='word_1_735' title='bbox 204 5653 218 5670; x_wconf 75' lang='grc' dir='ltr'><strong>ι</strong></span> <span class='ocrx_word' id='word_1_736' title='bbox 255 5639 352 5669; x_wconf 69' lang='grc' dir='ltr'>’το</span> <span class='ocrx_word' id='word_1_737' title='bbox 395 5639 434 5671; x_wconf 82' lang='lat'><strong>’.</strong></span> 
     </span>
     <span class='ocr_line' id='line_1_104' title="bbox 183 5639 1782 5766; baseline -0.002 -18"><span class='ocrx_word' id='word_1_738' title='bbox 183 5639 336 5766; x_wconf 52' lang='lat' dir='ltr'><strong>ma}</strong></span> <span class='ocrx_word' id='word_1_739' title='bbox 360 5639 734 5764; x_wconf 51' lang='lat' dir='ltr'><strong>o&#39;i‘é‘otcttxou‘.</strong></span> <span class='ocrx_word' id='word_1_740' title='bbox 785 5687 876 5746; x_wconf 90' lang='lat' dir='ltr'><strong>Sic</strong></span> <span class='ocrx_word' id='word_1_741' title='bbox 921 5693 1236 5747; x_wconf 85' lang='lat' dir='ltr'><strong>contextus</strong></span> <span class='ocrx_word' id='word_1_742' title='bbox 1275 5693 1332 5748; x_wconf 89' lang='lat' dir='ltr'><strong>et</strong></span> <span class='ocrx_word' id='word_1_743' title='bbox 1371 5689 1536 5748; x_wconf 85' lang='lat' dir='ltr'><strong>idem</strong></span> <span class='ocrx_word' id='word_1_744' title='bbox 1575 5689 1782 5750; x_wconf 82' lang='lat' dir='ltr'><strong>codex.</strong></span> 
     </span>
    </p>
   </div>
   <div class='ocr_carea' id='block_1_104' title="bbox 1907 4709 3566 4784">
    <p class='ocr_par' dir='ltr' id='par_1_104' title="bbox 1907 4709 3566 4784">
     <span class='ocr_line' id='line_1_105' title="bbox 1907 4709 3566 4784; baseline 0.001 -19"><span class='ocrx_word' id='word_1_745' title='bbox 1907 4727 2060 4766; x_wconf 84' lang='lat' dir='ltr'><strong>cava</strong></span> <span class='ocrx_word' id='word_1_746' title='bbox 2071 4711 2462 4778; x_wconf 84' lang='lat' dir='ltr'><strong>conﬂuentes,</strong></span> <span class='ocrx_word' id='word_1_747' title='bbox 2476 4710 2774 4784; x_wconf 88' lang='lat' dir='ltr'><strong>quidquid</strong></span> <span class='ocrx_word' id='word_1_748' title='bbox 2787 4709 3036 4766; x_wconf 87' lang='lat' dir='ltr'><strong>obvium</strong></span> <span class='ocrx_word' id='word_1_749' title='bbox 3047 4713 3566 4766; x_wconf 86' lang='lat' dir='ltr'><strong>esttransversum</strong></span> 
     </span>
    </p>
   </div>
   <div class='ocr_carea' id='block_1_105' title="bbox 1904 4797 3564 4870">
    <p class='ocr_par' dir='ltr' id='par_1_105' title="bbox 1904 4797 3564 4870">
     <span class='ocr_line' id='line_1_106' title="bbox 1904 4797 3564 4870; baseline 0 -16"><span class='ocrx_word' id='word_1_750' title='bbox 1904 4799 2194 4864; x_wconf 86' lang='lat' dir='ltr'><strong>trahunt;</strong></span> <span class='ocrx_word' id='word_1_751' title='bbox 2249 4799 2332 4855; x_wconf 88' lang='lat' dir='ltr'><strong>ita</strong></span> <span class='ocrx_word' id='word_1_752' title='bbox 2377 4797 2620 4854; x_wconf 86' lang='lat' dir='ltr'><strong>violenti</strong></span> <span class='ocrx_word' id='word_1_753' title='bbox 2659 4815 2730 4854; x_wconf 88' lang='lat' dir='ltr'><strong>ac</strong></span> <span class='ocrx_word' id='word_1_754' title='bbox 2775 4797 3136 4870; x_wconf 87' lang='lat' dir='ltr'><strong>impotentes</strong></span> <span class='ocrx_word' id='word_1_755' title='bbox 3177 4797 3564 4854; x_wconf 87' lang='lat' dir='ltr'><strong>irascentium</strong></span> 
     </span>
    </p>
   </div>
   <div class='ocr_carea' id='block_1_106' title="bbox 1902 4885 3562 4957">
    <p class='ocr_par' dir='ltr' id='par_1_106' title="bbox 1902 4885 3562 4957">
     <span class='ocr_line' id='line_1_107' title="bbox 1902 4885 3562 4957; baseline 0.001 -17"><span class='ocrx_word' id='word_1_756' title='bbox 1902 4886 2166 4957; x_wconf 89' lang='lat' dir='ltr'><strong>impetus</strong></span> <span class='ocrx_word' id='word_1_757' title='bbox 2178 4892 2424 4941; x_wconf 88' lang='lat' dir='ltr'><strong>cunctos</strong></span> <span class='ocrx_word' id='word_1_758' title='bbox 2438 4885 2704 4941; x_wconf 89' lang='lat' dir='ltr'><strong>similiter</strong></span> <span class='ocrx_word' id='word_1_759' title='bbox 2718 4885 3186 4942; x_wconf 72' lang='lat' dir='ltr'><strong>invadunt.i\&#39;am</strong></span> <span class='ocrx_word' id='word_1_760' title='bbox 3200 4901 3405 4942; x_wconf 92' lang='lat' dir='ltr'><strong>eorum</strong></span> <span class='ocrx_word' id='word_1_761' title='bbox 3426 4902 3562 4957; x_wconf 68' lang='lat' dir='ltr'><strong>quas</strong></span> 
     </span>
    </p>
   </div>
   <div class='ocr_carea' id='block_1_107' title="bbox 1905 4975 3561 5047">
    <p class='ocr_par' dir='ltr' id='par_1_107' title="bbox 1905 4975 3561 5047">
     <span class='ocr_line' id='line_1_108' title="bbox 1905 4975 3561 5047; baseline 0 -17"><span class='ocrx_word' id='word_1_762' title='bbox 1905 4975 2160 5030; x_wconf 89' lang='lat' dir='ltr'><strong>molesta</strong></span> <span class='ocrx_word' id='word_1_763' title='bbox 2203 4975 2352 5046; x_wconf 91' lang='lat' dir='ltr'><strong>ipsis</strong></span> <span class='ocrx_word' id='word_1_764' title='bbox 2403 4975 2663 5042; x_wconf 77' lang='lat' dir='ltr'><strong>fuerunt,</strong></span> <span class='ocrx_word' id='word_1_765' title='bbox 2713 4975 3129 5032; x_wconf 78' lang='lat' dir='ltr'><strong>recordatione</strong></span> <span class='ocrx_word' id='word_1_766' title='bbox 3172 4975 3350 5047; x_wconf 88' lang='lat' dir='ltr'><strong>quasi</strong></span> <span class='ocrx_word' id='word_1_767' title='bbox 3379 4979 3561 5030; x_wconf 74' lang='lat' dir='ltr'><strong>castro</strong></span> 
     </span>
    </p>
   </div>
   <div class='ocr_carea' id='block_1_108' title="bbox 1901 5061 3556 5136">
    <p class='ocr_par' dir='ltr' id='par_1_108' title="bbox 1901 5061 3556 5136">
     <span class='ocr_line' id='line_1_109' title="bbox 1901 5061 3556 5136; baseline -0.001 -16"><span class='ocrx_word' id='word_1_768' title='bbox 1901 5061 2291 5136; x_wconf 85' lang='lat' dir='ltr'><strong>exstimulati,</strong></span> <span class='ocrx_word' id='word_1_769' title='bbox 2325 5063 2749 5122; x_wconf 78' lang='lat' dir='ltr'><strong>effervescente</strong></span> <span class='ocrx_word' id='word_1_770' title='bbox 2775 5065 2838 5120; x_wconf 90' lang='lat' dir='ltr'><strong>in</strong></span> <span class='ocrx_word' id='word_1_771' title='bbox 2867 5063 2953 5121; x_wconf 90' lang='lat' dir='ltr'><strong>eis</strong></span> <span class='ocrx_word' id='word_1_772' title='bbox 2999 5065 3089 5122; x_wconf 89' lang='lat' dir='ltr'><strong>ira</strong></span> <span class='ocrx_word' id='word_1_773' title='bbox 3135 5069 3317 5136; x_wconf 88' lang='lat' dir='ltr'><strong>atque</strong></span> <span class='ocrx_word' id='word_1_774' title='bbox 3365 5063 3556 5119; x_wconf 86' lang='lat' dir='ltr'><strong>subsi-</strong></span> 
     </span>
    </p>
   </div>
   <div class='ocr_carea' id='block_1_109' title="bbox 1897 5475 2372 5548">
    <p class='ocr_par' dir='ltr' id='par_1_109' title="bbox 1897 5475 2372 5548">
     <span class='ocr_line' id='line_1_110' title="bbox 1897 5475 2372 5548; baseline -0.008 -16"><span class='ocrx_word' id='word_1_775' title='bbox 1897 5475 2070 5546; x_wconf 77' lang='lat' dir='ltr'><strong>Editi,</strong></span> <span class='ocrx_word' id='word_1_776' title='bbox 2103 5477 2372 5548; x_wconf 69' lang='grc' dir='ltr'>ὑϐριστοῦ,</span> 
     </span>
    </p>
   </div>
   <div class='ocr_carea' id='block_1_110' title="bbox 1968 5545 3386 5618">
    <p class='ocr_par' dir='ltr' id='par_1_110' title="bbox 1968 5545 3386 5618">
     <span class='ocr_line' id='line_1_111' title="bbox 1968 5545 3386 5618; baseline 0 -14"><span class='ocrx_word' id='word_1_777' title='bbox 1968 5551 2044 5618; x_wconf 70' lang='grc'><strong>(4)</strong></span> <span class='ocrx_word' id='word_1_778' title='bbox 2083 5545 2336 5618; x_wconf 82' lang='lat' dir='ltr'><strong>Uterque</strong></span> <span class='ocrx_word' id='word_1_779' title='bbox 2361 5547 2554 5604; x_wconf 89' lang='lat' dir='ltr'><strong>codex</strong></span> <span class='ocrx_word' id='word_1_780' title='bbox 2578 5549 2802 5604; x_wconf 87' lang='lat' dir='ltr'><strong>indicat</strong></span> <span class='ocrx_word' id='word_1_781' title='bbox 2827 5549 3152 5603; x_wconf 88' lang='lat' dir='ltr'><strong>comment.</strong></span> <span class='ocrx_word' id='word_1_782' title='bbox 3183 5545 3246 5602; x_wconf 79' lang='lat' dir='ltr'><strong>in</strong></span> <span class='ocrx_word' id='word_1_783' title='bbox 3271 5547 3386 5604; x_wconf 81' lang='grc' dir='ltr'>Ιεα.</span> 
     </span>
    </p>
   </div>
   <div class='ocr_carea' id='block_1_111' title="bbox 1969 5613 2868 5692">
    <p class='ocr_par' dir='ltr' id='par_1_111' title="bbox 1969 5613 2868 5692">
     <span class='ocr_line' id='line_1_112' title="bbox 1969 5613 2868 5692; baseline -0.001 -19"><span class='ocrx_word' id='word_1_784' title='bbox 1969 5613 2048 5692; x_wconf 80' lang='grc'><strong>(5)</strong></span> <span class='ocrx_word' id='word_1_785' title='bbox 2087 5613 2360 5692; x_wconf 65' lang='grc' dir='ltr'><strong>Ειεὶιὸιιι.</strong></span> <span class='ocrx_word' id='word_1_786' title='bbox 2387 5617 2719 5692; x_wconf 13' lang='grc' dir='ltr'><strong>ἱημῐλοοίκὶε,</strong></span> <span class='ocrx_word' id='word_1_787' title='bbox 2745 5621 2868 5674; x_wconf 84' lang='grc'>590.</span> 
     </span>
    </p>
   </div>
   <div class='ocr_carea' id='block_1_112' title="bbox 1968 5689 3030 5764">
    <p class='ocr_par' dir='ltr' id='par_1_112' title="bbox 1968 5689 3030 5764">
     <span class='ocr_line' id='line_1_113' title="bbox 1968 5689 3030 5764; baseline 0.002 -18"><span class='ocrx_word' id='word_1_788' title='bbox 1968 5689 2044 5764; x_wconf 89' lang='lat'><strong>(6)</strong></span> <span class='ocrx_word' id='word_1_789' title='bbox 2087 5693 2166 5746; x_wconf 82' lang='lat' dir='ltr'><strong>Ex</strong></span> <span class='ocrx_word' id='word_1_790' title='bbox 2191 5689 2356 5746; x_wconf 90' lang='lat' dir='ltr'><strong>hom.</strong></span> <span class='ocrx_word' id='word_1_791' title='bbox 2385 5690 2674 5747; x_wconf 80' lang='lat' dir='ltr'><strong>adversus</strong></span> <span class='ocrx_word' id='word_1_792' title='bbox 2701 5691 2908 5762; x_wconf 73' lang='lat' dir='ltr'><strong>iratos,</strong></span> <span class='ocrx_word' id='word_1_793' title='bbox 2941 5691 3030 5748; x_wconf 83' lang='lat'><strong>83.</strong></span> 
     </span>
    </p>
   </div>
  </div>
