4056 6222
558 337 694 410 i339

1515 321 1882 408 IAPPENDIX.
1919 381 1991 392 -
2030 349 2374 408 svmsoms
2411 349 2934 406 METAPHRASTAS

3724 362 3821 416 1340

556 493 798 535 amoena
844 481 900 532 et
949 477 1201 534 odorata
1244 475 1750 549 prietervolantes,
1803 477 2074 534 feruntur
2119 476 2187 533 ad

2305 473 2425 536 λοὺς
2456 478 2546 547 μεν
2575 473 2848 546 λειμῶνας,
2899 475 3122 536 πολλοὺς
3176 473 3234 529 δὲ
3276 474 3411 538 ἡδεῖς
3446 483 3534 531 παὶ
3569 479 3741 543 εὐώδεις
3763 489 3820 536 τό.

557 565 981 636 graveolentia,
1024 569 1080 622 et
1104 564 1626 638 quemadmodum
1655 583 1882 623 muscae
1909 565 2075 639 quod
2103 582 2198 621 sa-

555 671 700 711 num
733 659 821 710 est
868 659 1313 726 praetereuntes,
1346 653 1425 710 ad
1472 655 1673 711 ulcera
1716 660 2086 728 properant:
2119 653 2200 710 ita.

555 737 742 799 invidi
764 745 900 800 vitae
927 743 1312 816 splendorem
1342 749 1399 800 et
1441 751 1597 800 recte
1635 744 1932 801 factorum
1961 743 2198 814 magni-

556 832 825 889 tudinem
864 848 940 888 ne
993 833 1291 906 aspiciunt
1329 833 1596 904 quidem,
1625 833 1730 889 sed
1753 835 1814 889 in
1845 833 2115 888 marcida
2144 836 2200 888 et

554 921 797 993 putrida
815 921 1071 978 irruunt.
1103 923 1201 976 Est
1243 921 1420 992 igitur
1456 937 1651 994 operae
1689 921 1946 993 pretium
2002 926 2066 977 ut
2095 919 2200 993 qui

553 1015 710 1065 recte
760 1010 1022 1082 sapiunt,
1081 1009 1243 1064 idem
1287 1009 1454 1082 quod
1508 1008 1847 1066 Alexander
1887 1009 2192 1067 factitent:

555 1092 633 1169 (1)
664 1097 769 1169 qui
790 1113 928 1152 cum
958 1097 1273 1169 epistolam
1299 1103 1508 1154 contra
1537 1099 1840 1154 medicum
1862 1102 1924 1153 ut
1947 1097 2199 1153 insidia-

553 1189 742 1242 torem
769 1186 1118 1258 accepisset,
1140 1190 1320 1258 atque
1348 1185 1462 1241 hoc
1483 1185 1617 1258 ipso
1643 1191 1910 1259 tempore
1937 1185 2197 1240 medica-

553 1279 825 1330 mentum
853 1275 930 1330 ad
958 1274 1291 1331 bibendum
1323 1280 1603 1344 sumeret,
1631 1279 1866 1330 tantum
1912 1273 2104 1330 abfuit
2135 1278 2198 1330 ut

552 1361 736 1417 ﬁdem
758 1362 1069 1419 adhiberet
1099 1361 1506 1432 calumnianti,
1537 1367 1600 1418 ut
1638 1362 1814 1418 simul
1835 1362 2056 1434 legeret
2077 1362 2197 1434 epi-

555 1449 794 1519 stolam,
828 1456 884 1506 et
906 1450 1212 1523 potionem
1240 1449 1488 1506 biberet.
1521 1451 1600 1521 (2)
1645 1453 1710 1507 Et
1750 1452 1854 1524 qui
1899 1451 1962 1506 in
2001 1449 2196 1523 proxi-

552 1554 722 1594 mum
752 1539 1088 1595 calumnias
1114 1538 1449 1608 effundunt,
1478 1555 1685 1595 eorum
1716 1557 1852 1611 quae
1883 1539 2092 1597 dicunt
2107 1557 2196 1597 ar-

552 1633 841 1696 gumenta
868 1643 992 1683 non
1040 1627 1430 1700 proferentes,
1463 1629 1903 1700 comperientur
1941 1628 2053 1684 sibi
2080 1629 2196 1702 ipsi

550 1731 776 1772 nomen
803 1732 1064 1789 pravum
1089 1719 1380 1773 asciscere
1418 1733 1491 1773 ex
1517 1715 1821 1786 illegitimo
1867 1717 2195 1775 verborum

2306 582 2436 623 πους
2476 563 2874 636 ὐπεριπτάμενοι
2903 577 2916 591 ⁸
2954 569 3044 616 καὶ
3077 566 3131 616 αἱ
3161 572 3312 636 μυῖαι
3342 570 3396 618 76
3427 569 3508 638 μὲν
3545 570 3739 638 ὑγιαῖνον
3757 593 3821 623 πα-

2305 657 2650 726 ρατρέχουσι,
2684 653 2812 725 πρὸς
2853 648 2911 704 δὲ
2949 656 3006 703 76
3049 653 3192 715 ἕλκος
3219 653 3529 725 ἐπείγονται·
3557 658 3672 708 οὕτω
3692 665 3761 711 καὶ
3789 665 3821 713 οἰ

2309 739 2591 812 βάσκανοι,
2657 742 2748 800 τὰς
2805 744 2893 812 μὲν
2957 749 3048 793 του
3107 741 3230 813 βίου
3290 743 3636 815 λαμπρότητας
3678 754 3822 801 καὶτὰ

2306 831 2494 900 μεγέθη
2527 836 2624 880 τῶν
2662 830 3085 903 κατορθουμένων
3126 827 3251 883 οὐδὲ
3280 832 3659 904 προσϐλέπουσι,
3683 843 3764 896 τοῖς
3783 835 3823 890 δὲ

2308 919 2526 990 σαθροῖς
2556 916 2886 972 ἐπιτίθενται.
2919 921 3050 979 Τοὺς
3076 916 3164 970 οὗ)
3206 919 3335 992 ὀρθὰ
3382 930 3667 992 φρανοῦντας
3691 929 3736 976 τὸ
3759 936 3826 977 τοῦ

2307 1003 2648 1080 Ἀλεξάνδρου
2697 1014 2863 1059 ποιεῖν
2902 1015 3152 1079 προσήκει
3179 1025 3190 1037 ·
3234 1008 3287 1070 ὃς
3327 1007 3586 1068 ἐπιστολὴν
3620 1015 3732 1063 κατὰ
3759 1019 3825 1065 τον

2309 1094 2486 1170 ἰατροῦ
2541 1091 2817 1166 δεξάμενος
2860 1099 2924 1156 ὡς
2955 1095 3390 1165 ἐπιϐουλεύοντος,
3434 1095 3598 1158 ἐπειδὴ
3627 1103 3773 1172 ἔτυχεν
3793 1101 3826 1154 ἐν

2306 1183 2442 1254 αὑτῴ
2481 1192 2551 1251 τῷ
2577 1191 2742 1258 καιρῷ
2773 1186 3041 1258 φάρμακον
3093 1183 3262 1237 λαϐὼν
3301 1189 3434 1238 ὥστε
3457 1195 3599 1254 πιεῖν,
3634 1197 3826 1240 τοσοῦτον

2305 1271 2509 1343 ἀπέσχε
2569 1281 2852 1324 πιστεύσαι
2896 1282 2968 1344 τῷ
3020 1268 3370 1342 διαϐάλλοντι,
3429 1277 3492 1337 ὡς
3534 1277 3648 1349 ὁμοῦ
3688 1297 3731 1330 τε
3760 1283 3826 1336 τὴν

2304 1357 2580 1418 ἐπιστολὴν
2628 1360 2954 1432 ἀνεγίνωσκε,
3014 1367 3104 1413 καὶ
3160 1366 3218 1414 τὸ
3273 1366 3533 1436 φάρμακον
3585 1367 3824 1422 ἔπινεν,οὶ

2301 1455 2469 1502 τοίνυν
2510 1458 2580 1519 τῷ
2611 1449 2828 1506 πλησίον
2867 1454 3210 1520 καταχέοντες
3247 1449 3530 1526 λοιδορίας,
3571 1456 3646 1504 τὸν
3681 1450 3728 1505 δὲ
3756 1463 3824 1505 τῶν

2303 1537 2582 1609 λεγομένων
2613 1537 2826 1608 ἔλεγχον
2865 1543 2936 1609 μὴ
2979 1537 3270 1610 ἐπάγοντες,
3326 1547 3624 1612 φανήσονται
3673 1545 3824 1604 πάντως

2302 1630 2530 1701 πονηρὰν
2572 1627 2772 1686 ἑαυτοῖς
2809 1633 3169 1702 προσηγορίαν
3210 1628 3550 1701 ἐπενεγκόντες
3577 1629 3622 1681 ἐκ
3649 1630 3825 1691 ﬂigati-

2305 1735 2402 1768 που
2443 1724 2541 1766 τῶν
2581 1713 2741 1787 λόγων
2791 1721 3060 1788 χρήσεως.
3103 1720 3203 1769 Τὸν
3250 1720 3354 1791 γὰρ
3415 1715 3723 1771 διαϐάλλοντα
3750 1729 3826 1780 πῶς

550 1819 686 1861 usu.
719 1805 1196 1862 Calumniantem
1227 1806 1387 1862 enim
1412 1806 1721 1878 quomodo
1741 1823 1954 1864 vocare
1984 1824 2187 1865 conve-

2303 1803 2469 1865 ἄλλως
2528 1813 2790 1876 προσῆκεν
2835 1804 3128 1876 ὀνομάζειν,
3170 1805 3198 1864 ἣ
3253 1806 3383 1877 οὐχὶ
3422 1807 3479 1864 ἣν
3529 1807 3576 1868 ἐξ
3619 1806 3746 1859 αὑτοῦ
3765 1815 3827 1859 τοῦ

549 1893 656 1961 nit,
688 1893 802 1950 nisi
832 1894 886 1950 ei
907 1911 1268 1964 cognomen,
1295 1894 1458 1967 quod
1489 1912 1556 1951 ex
1593 1895 1726 1967 ipsa
1769 1912 1834 1951 re
1863 1897 2192 1968 proﬁtetur,

550 1981 962 2054 imponendo?
991 1986 1193 2056 Neque
1231 1983 1410 2054 igitur
1455 1983 1506 2039 is
1543 1984 1648 2057 qui
1689 1985 1866 2040 nobis
1898 1986 2196 2044 convicia-

552 2076 666 2138 tur,
693 2072 970 2129 diabolus
995 2074 1084 2146 sit,
1118 2074 1224 2129 sed
1247 2075 1426 2131 frater
1463 2076 1556 2145 sit,
1591 2075 1929 2131 admonens
1956 2075 2018 2131 in
2057 2075 2194 2132 cha-

547 2148 738 2228 i'itate,
770 2165 828 2218 et
854 2161 933 2218 ad
978 2162 1460 2218 emendationem
1507 2179 1798 2235 arguens;
1855 2179 2050 2236 neque
2091 2180 2193 2220 vos

547 2250 955 2307 conviciorum
1012 2251 1317 2308 auditores
1355 2252 1503 2320 sitis,
1544 2252 1648 2307 sed
1697 2260 2192 2323 argumentorum

541 2337 776 2408 judices
805 2356 818 2393 :
850 2354 1046 2411 neque
1076 2339 1138 2401 ii,
1159 2339 1382 2411 quibus
1409 2339 1803 2411 maledicitur,
1827 2341 2078 2396 incurati
2105 2357 2192 2397 re-

544 2423 913 2499 linquantur,
947 2445 1056 2484 suo
1085 2429 1198 2484 illis
1231 2445 1355 2485 non
1384 2429 1648 2486 indicato
1680 2430 1916 2487 delicto.
1939 2435 2011 2503 (3)
2040 2435 2190 2488 Nam

544 2519 601 2571 et
644 2517 898 2572 convicti
925 2524 1240 2589 peccatum
1273 2535 1453 2575 suum
1505 2525 1872 2590 agnoscent:
1901 2526 1958 2576 et
1990 2521 2186 2590 vobis,

542 2609 868 2676 postquam
908 2606 1163 2661 convicti
1193 2606 1430 2673 fuerint,
1456 2607 1634 2664 venia
1663 2608 1770 2664 erit
1799 2610 1964 2681 apud
1995 2609 2190 2665 Domi-

540 2707 711 2759 num,
744 2693 910 2766 quod
938 2710 1045 2750 vos
1075 2711 1145 2750 ex
1181 2701 1568 2767 peccatorum
1600 2697 2025 2752 communione
2051 2696 2189 2752 sub-

540 2783 834 2837 traxeritis
878 2801 890 2838 :
934 2787 990 2838 et
1030 2784 1135 2855 qui
1182 2785 1568 2852 convicerint,
1622 2786 1964 2842 mercedem
2005 2786 2189 2844 habe-

537 2868 712 2938 bunt,
734 2874 797 2925 ut
814 2871 918 2942 qui
937 2871 1240 2928 occultam
1270 2873 1445 2945 569
1470 2873 1758 2929 malitiam
1779 2875 2185 2947 patefecerint.

540 2959 656 3017 Sed
685 2961 732 3015 si
762 2967 1085 3034 antequam
1126 2964 1579 3031 convincantur,
1607 2979 1710 3018 eos
1740 2964 2183 3033 condemnetis;

534 3047 650 3120 ipsi
678 3049 923 3121 quidem
955 3049 1102 3106 nihil
1126 3050 1434 3123 laedentur,
1464 3052 1578 3107 nisi
1609 3053 1775 3124 quod
1800 3053 1882 3109 rei
1913 3053 2186 3110 omnium

533 3135 710 3192 nobis
740 3139 1206 3209 pretiosissimae,
1257 3139 1563 3196 charitatis
1596 3141 1912 3198 vobiscum
1942 3142 2186 3199 interce-
2226 3175 2265 3230 ρ

535 3225 750 3294 dentis,
798 3231 1101 3297 jacturam
1139 3228 1398 3296 facient;
1435 3246 1546 3286 vos
1588 3246 1726 3286 vero
1785 3236 1839 3286 et
1876 3232 1991 3288 hoc
2021 3232 2186 3289 idem

534 3315 676 3386 pati,
710 3314 762 3370 si
790 3331 892 3370 eos
922 3333 1043 3371 non
1081 3315 1379 3388 habeatis,
1405 3323 1459 3372 et
1489 3334 1627 3373 cum
1669 3319 1992 3389 Evangelio
2023 3321 2184 3378 vide-

532 3401 748 3458 bimini
777 3419 1046 3476 pugnare
1069 3405 1287 3461 dicenti
1320 3424 1332 3461 :
1376 3408 1684 3477 Numquid
1725 3410 1822 3465 lex
1849 3419 2060 3467 nostra
2077 3413 2181 3480 ju-

533 3491 694 3548 ἀέσαι
729 3493 1042 3565 hominem,
1097 3497 1212 3550 nisi
1248 3498 1422 3564 prius
1460 3497 1717 3552 audierit
1749 3503 1803 3554 et
1842 3503 2181 3569 cognoverit

534 3581 680 3650 quid
703 3582 1006 3650 faciat“?
1058 3582 1136 3654 (4)
1185 3582 1391 3651 Nolite,
1441 3583 1648 3640 fratres
1678 3587 2176 3656 reverendissimi,

531 3666 709 3724 nolite
739 3671 854 3726 hoc
900 3670 1070 3738 ferre,
1111 3671 1188 3742 (5)
1227 3671 1382 3728 hanc
1421 3677 1690 3728 nostram
1721 3673 2180 3732 obtestationem

529 3771 607 3812 ne
633 3757 906 3828 eludatis,
941 3760 1019 3831 (6)
1051 3775 1126 3816 ne
1156 3759 1236 3816 ad
1281 3777 1392 3816 nos
1444 3761 1749 3834 perveniat
1795 3763 2181 3822 formidanda

531 3847 848 3917 prophetia
902 3849 1136 3904 Domini
1193 3851 1404 3917 nostri,
1464 3850 1566 3922 qui
1616 3849 1766 3907 dixit
1819 3871 1831 3905 :
1887 3853 2179 3920 Quoniam

531 3935 862 3992 abundavit
909 3938 1217 4009 iniquitas,
1251 3938 1596 4008 refrigescet
1654 3941 1921 3998 Charitas
1967 3944 2177 3998 multo-

530 4037 667 4078 rum
689 4025 758 4077 ⁵⁵.

603 4113 654 4164 3.
684 4113 763 4179 (7)
789 4113 938 4165 Nam
978 4111 1130 4167 sicut
1165 4112 1382 4182 rubigo
1428 4114 1556 4170 lues
1604 4120 1694 4172 est
1730 4115 2010 4175 frumenti
2039 4135 2174 4192 pro-

529 4194 678 4268 pria,
714 4195 797 4251 sic
830 4195 1055 4252 invidia
1085 4197 1361 4254 amicitiae
1409 4206 1498 4256 est
1539 4203 1812 4258 morbus.
1858 4208 1926 4260 Et
1969 4223 2177 4279 quem-

531 4282 865 4340 admodum
896 4300 968 4340 ex
993 4285 1154 4342 bono
1185 4302 1564 4360 consequens
1595 4295 1699 4362 est,
1730 4297 1795 4347 ut
1831 4293 2057 4350 invidia
2083 4311 2177 4352 ca-

528 4377 675 4450 reat,
730 4373 813 4428 sic
852 4373 1078 4431 invidia
1129 4374 1443 4432 diabolum
1496 4377 1779 4450 sequitur.
1809 4381 1888 4451 (8)
1933 4383 2002 4436 Et
2026 4382 2178 4439 sicut

527 4461 743 4532 rubigo
773 4462 1018 4532 ferrum,
1056 4463 1140 4518 sic
1170 4463 1397 4521 invidia
1426 4465 1707 4523 infectam
1749 4469 1882 4542 ipsa
1906 4470 2174 4527 animam

527 4548 812 4607 absumit.
835 4554 959 4608 lmo
976 4568 1118 4608 vero
1139 4553 1663 4624 quemadmodum
1680 4558 1916 4630 viperas
1932 4559 2176 4616 tradunt

599 4728 646 4763 5"
673 4730 847 4786 Joan.
878 4746 979 4802 vn,
1011 4735 1095 4786 51.
1174 4733 1222 4766 ⁵⁵
1251 4732 1450 4791 Matth.
1476 4750 1622 4805 χθων,
1660 4739 1744 4793 12.

596 4909 672 4979 (1)
705 4911 782 4964 Ex
809 4910 982 4982 epist.
1007 4927 1242 4980 CCLXXII,
1263 4917 1390 4971 419.

592 4985 671 5060 (ξ)
703 4983 785 5060 ila
808 4982 1161 5060 epist._ccu1,
1193 4986 1318 5040 301.

593 5050 675 5124 (3)
703 5050 874 5124 una;
908 5056 1031 5109 300.

618 5125 674 5187 4)
699 5121 874 5191 lbid.,
897 5127 1026 5178 301.

618 5131 674 5187 4)
699 5131 874 5191 una,
897 5131 1026 5178 301.

595 5131 673 5272 ἓξ)
704 5192 877 5272 μιᾳ-ν
910 5197 1034 5272 ξιξ.

593 5263 673 5336 (6)
704 5263 876 5336 lbid.,
908 5266 1032 5322 θοι,

595 5334 672 5406 (7)
703 5336 784 5406 Ex
809 5335 973 5390 hom.
1002 5337 1090 5393 De
1113 5336 1364 5405 invidia,
1395 5341 1483 5394 94,

595 5405 670 5469 (8)
702 5405 876 5470 Ibid.,
909 5411 998 5462 9|.

591 5475 669 5556 (ρ)
699 5473 964 5556 ’ἁδελφός
992 5479 1128 5556 _Sic_
1171 5483 1482 5556 contextus
1538 5486 1891 5556 et_uterque
1943 5486 2159 5543 codex.

522 5542 1172 5632 E9l£t63rlé6mlpaulo
1226 5555 1362 5608 ante
1417 5552 1744 5625 legendum
1789 5542 2044 5632 videtur,
2075 5542 2167 5613 τοῦ

520 5609 740 5668 πλησίον
765 5609 1122 5688 καταχέοντες.

2302 1896 2612 1966 πράγματος
2651 1890 2947 1950 ἐπιτηδεύει
2977 1901 3339 1968 προσηγορίαν
3380 1895 3541 1967 ἐαυτξ)
3568 1899 3827 1967 τιθεῴνονς,

2302 1987 2449 2040 Μήτε
2479 1981 2566 2034 οὖν
2608 1983 2633 2033 ό
2672 1979 2924 2054 λοιδορῶν
2955 1979 3195 2044 διάϐολος
3228 1986 3387 2054 ἔστω,
3429 1984 3535 2036 ἀλλ’
3558 1981 3825 2057 ἆδελοόςξθ),

2303 2070 2351 2123 ἐν
2391 2067 2566 2143 ἀγάπη
2608 2072 2877 2139 νουθετῶν,
2926 2077 3015 2123 καὶ
3061 2071 3144 2125 ἐπὶ
3209 2068 3493 2145 διορθώσει
3557 2073 3729 2144 ἐπάγων
3767 2077 3828 2124 τὸν

2300 2158 2545 2230 ἔλεγχον
2578 2164 2710 2230 μήτε
2739 2160 2888 2231 ὑμεῖς
2928 2155 3203 2232 λοιδοριῶν
3223 2163 3447 2231 γένησθε
3485 2159 3726 2234 ἀκροαται,

2300 2246 2523 2320 ἐλέγχων
2565 2243 2916 2319 δοκιμασται·
2961 2253 3092 2311 μήτε
3128 2251 3176 2300 οἱ
3205 2245 3589 2324 λοιδορούμενοι
3614 2249 3829 2324 ἰινιάτρεν-

2298 2356 2381 2388 τοι
2437 2335 2850 2407 καταλειφθῶσι,
2907 2341 2979 2407 μὴ
3049 2341 3431 2410 φανερουμένης
3490 2347 3576 2399 τῆς
3633 2337 3827 2410 ἁμαρτίας

2299 2425 2487 2478 αὐτῶν.
2521 2425 2880 2497 Ἐλεγχθέντες
2909 2428 2999 2498 μὲν
3040 2430 3162 2500 γὰρ,
3197 2432 3286 2479 καὶ
3317 2427 3471 2480 αὐτοὶ
3508 2434 3595 2486 την
3630 2428 3828 2502 ἁμαρτίαν

2299 2515 2465 2566 αὐτῶν
2505 2516 2919 2584 ἐπιγνὼσονται⁹
2974 2520 3064 2567 καὶ
3117 2516 3258 2587 ὑμεῖς
3297 2520 3434 2587 μετὰ
3475 2522 3588 2577 τοὺς
3639 2516 3825 2587 ελέγχονς

2299 2609 2615 2675 συγγνώμην
2675 2603 2806 2665 ἕξετε
2853 2606 2997 2678 παρὰ
3050 2613 3122 2676 τῷ
3180 2610 3358 2679 Κυρίῳ
3398 2606 3530 2678 (1ο),
3568 2606 3617 2658 ἐκ
3661 2613 3827 2666 τῆςτῶν

2296 2692 2612 2766 ἁμαρτωλῶν
2657 2697 2928 2753 κοινωνίας
2971 2693 3184 2754 ἑαυτοὺς
3239 2694 3655 2756 ὑποστελλοντες”
3691 2702 3759 2745 καὶ
3795 2693 3829 2744 οἱ

2296 2780 2580 2853 ἐλέγξαντες
2609 2783 2800 2852 μισθὸν
2826 2781 3052 2850 ἕξουσιν,
3093 2785 3159 2842 ὡς
3198 2787 3292 2839 την
3326 2789 3664 2857 κεκρυμμένην
3689 2788 3826 2833 κακίαι

2297 2867 2763 2944 δημοσιεύσαντες.
2797 2871 2911 2923 Ἐὰν
2939 2867 2998 2923 δὲ
3044 2875 3142 2942 πρὸ
3189 2880 3287 2923 τῶν
3341 2872 3562 2945 ἐλέγχων
3602 2870 3827 2924 καταδικά-

2296 2959 2440 3024 ζητε,
2471 2958 2622 3010 αὐτοὶ
2660 2961 2751 3031 μὲν
2783 2955 2933 3010 οὐδὲν
2982 2961 3189 3010 ἔσονται
3246 2956 3575 3032 ἠδικημένοι,
3621 2960 3829 3020 ἐκτὸςτον

2300 3048 2630 3119 ζημιωθῆναι
2677 3049 2734 3098 76
2791 3049 2993 3098 πάντων
3043 3051 3168 3118 ἡμῖν
3219 3067 3513 3119 τιμωτατον
3561 3057 3731 3115 κτῆμα,
3764 3052 3830 3103 τὴν

2292 3138 2424 3207 πρὸς
2463 3136 2593 3207 ὑμᾶς
2634 3133 2841 3206 ἀγάπην
2863 3153 2875 3164 '
2911 3137 3055 3207 ὑμεῖς
3098 3132 3156 3188 δὲ
3186 3142 3457 3189 καὶτοῦτο
3497 3137 3727 3205 αὗτόῌί)
3754 3141 3831 3186 πεί-

2297 3225 2482 3275 σεσθαι
2517 3225 2649 3293 (12),
2706 3223 2891 3285 αὐτοὺς
2931 3224 3024 3276 οὐκ
3063 3226 3293 3295 ἔχοντες,
3336 3228 3427 3277 καὶ
3481 3234 3549 3296 τῷ
3597 3224 3830 3294 Biar/altu

2295 3307 2470 3374 δόξετε
2513 3314 2787 3383 μάχεσθαι
2816 3319 2886 3384 τῷ
2928 3312 3121 3364 εἰπόντι
3146 3333 3158 3344 ο
3192 3317 3276 3370 Μὴ
3312 3315 3340 3364 ὁ
3376 3333 3524 3386 νόμος
3562 3314 3686 3384 ὑμῶν
3712 3317 3830 3384 κρίνει

2291 3403 2376 3451 τὸν
2409 3403 2694 3474 οἱνθρωπον,
2731 3401 2813 3452 ἐὰν
2852 3406 2922 3473 μὴ
2969 3399 3169 3458 ἁκούση
3210 3402 3337 3474 παρ’
3373 3403 3528 3454 αὐτοῦ
3563 3411 3738 3474 πρῶτον
3766 3403 3830 3449 καὶ

2289 3499 2392 3560 γνῷ
2419 3494 2470 3541 τί
2508 3498 2673 3556 ποιεῖ;
2705 3496 2788 3548 Μὴ
2831 3498 3018 3558 ταῦτα,
3063 3486 3275 3562 ἀδελφοὶ
3300 3499 3624 3563 τιμιώτατοι,
3646 3494 3707 3561 μὴ
3739 3488 3830 3538 6mi-

2293 3580 2504 3647 σχησθε
2535 3581 2747 3646 τούτων,
2796 3575 2933 3650 μηδὲ
2978 3578 3414 3650 παραλογίσασθε
3463 3581 3600 3651 ημῶν
3651 3583 3729 3633 τήν
3762 3595 3830 3626 7a-

2289 3667 2544 3741 ράκλησιν
2583 3670 2798 3737 ταύτην,
2845 3669 2927 3719 ἱνα
2972 3673 3043 3740 μὴ
3096 3669 3267 3740 φθάσῃ
3312 3669 3389 3730 ε’ἱς
3447 3671 3582 3740 ημᾶς
3630 3663 3829 3738 ἠροϐεριὶ

2287 3763 2380 3807 τοῦ
2423 3762 2614 3829 Κυρίου
2664 3758 2810 3828 ἡμῶν
2848 3761 3157 3830 προφητεία,
3207 3757 3441 3818 εἰπόντος
3466 3778 3479 3790 ο
3527 3757 3638 3808 Ὀτι
3673 3750 3748 3806 διὰ
3787 3754 3828 3800 τὸ

2286 3845 2645 3904 πληθυνθῆναι
2683 3851 2775 3904 την
2829 3844 3062 3918 ἀνομίαν,
3110 3845 3414 3917 ψυγήσεται
3468 3849 3497 3904 ἡ
3553 3844 3706 3917 ἀγάπη
3754 3850 3826 3893 τῶν

2285 3934 2506 3990 πολλῶν.

2356 4113 2410 4166 3.
2458 4110 2656 4184 Ὠσπερ
2695 4113 2796 4187 γὰρ
2850 4113 2879 4170 ἡ
2946 4111 3160 4186 ἐρυσίϐη
3223 4109 3364 4164 ἴδιόν
3428 4112 3534 4165 ἐστι
3579 4119 3660 4162 τοῦ
3714 4112 3824 4159 σίτον

2283 4202 2528 4272 νόσημα·
2576 4199 2735 4260 οὕτως
2782 4197 2807 4251 ὁ
2865 4202 3046 4273 φθόνος
3103 4199 3275 4273 φιλίας
3334 4201 3478 4253 ἐστὶν
3540 4199 3824 4276 ἀρρώστημα,

2288 4288 2390 4340 Καὶ
2441 4290 2613 4362 ὥσπερ
2666 4290 2840 4340 ἕπεται
2879 4297 2951 4358 τῷ
3009 4287 3188 4360 ἀγαθῷ
3239 4293 3296 4341 τὸ
3337 4295 3409 4361 μὴ
3463 4291 3668 4359 φθονεῖν,
3705 4284 3826 4339 οὕτως

2286 4375 2557 4428 ἀκολουθεῖ
2585 4385 2658 4447 τῷ
2685 4372 2913 4448 διαϐόλῳ
2945 4379 2975 4434 ἡ
3007 4376 3298 4449 βασκανία.
3336 4381 3438 4430 Καὶ
3477 4380 3640 4450 ὥσπερ
3672 4375 3732 4434 ἰὸς
3763 4375 3824 4422 τὸν

2289 4460 2530 4537 σίδηρον,
2558 4465 2721 4527 οὕτως
2744 4467 2770 4516 ό
2801 4467 2980 4538 φθόνος
3007 4470 3099 4523 τὴν
3131 4466 3358 4537 ἐχουσαν
3389 4465 3545 4516 αὑτὸν
3565 4464 3727 4534 ψυχὴν
3746 4459 3822 4526 (1³)

2285 4545 2630 4616 ἐξαναλίσκει.
2663 4553 2869 4608 Μᾶλλον
2912 4551 2991 4624 δὲ,
3026 4556 3197 4628 ὥσπερ
3232 4557 3325 4617 τὰς
3366 4551 3586 4626 ἐχίδνας
3621 4555 3731 4624 φασὶ
3755 4552 3823 4602 τήν

2351 4927 2461 4996 (10)
2489 4929 2645 5001 Παρᾲ
2669 4935 2756 5001 -τῷ
2803 4933 2998 5001 Κυρίῳ.
3031 4928 3125 4983 Sic
3174 4927 3388 4998 Regius
3426 4926 3611 4983 codex
3636 4930 3686 4982 et
3707 4934 3818 4980 con-

2263 5000 2495 5070 .textus.
2533 4999 2703 5065 Editi,
2731 4999 2998 5070 napum)
3041 5004 3257 5070 Κυρίου.

2351 5069 2463 5137 (ιι)
2494 5075 2657 5141 Τοῦτο
2679 5053 2825 5141 άιτάὶ
2851 5071 2974 5140 Ope
3000 5053 3274 5141 ejusdem
3302 5069 3524 5125 cddicis
3546 5073 3600 5124 et
3623 5071 3819 5141 contte

2277 5143 2373 5194 tus
2398 5135 2734 5212 emendatae
2767 5135 3055 5196 lectiones
3103 5141 3378 5211 vulgatae,
3413 5145 3575 5212 τούτῳ
3611 5139 3749 5205 αὐτῷ,
3780 5135 3819 5212 εἰ

2277 5209 2457 5331 p)aulo
2491 5217 2628 5283 post
2657 5215 2805 5285 κρίνῃ
2856 5215 2944 5263 τόν
2983 5209 3284 5285 ἄνθρωπων,
3311 5209 3371 5269 et
3402 5215 3524 5285 ἡμῖν
3549 5209 3656 5269 ’την
3683 5209 3816 5279 παρά-

2277 5300 2309 5331 κ
2331 5299 2482 5331 .ησιν.

2277 5299 2371 5336 κλη
2381 5300 2482 5335 σιν.

2276 5422 2319 5476 Ε
2348 5353 2462 5423 (12)
2481 5355 2787 5410 Πείσεσθαι.
2816 5353 3162 5425 Legendum
3193 5353 3425 5411 videtur
3450 5369 3575 5410 esse
3603 5345 3816 5405 πείσεσθε.

2325 5438 2433 5476 nrr.

2325 5438 2433 5477 DlT.

2347 5494 2458 5564 (13)
2493 5501 2700 5566 Ψυχὴν.
2752 5499 2914 5552 Hanc
2945 5513 3154 5552 vocem
3187 5514 3259 5553 ex
3310 5502 3587 5553 contextu
3633 5485 3817 5566 addidi-

2275 5579 2443 5620 mus.
2487 5564 2724 5645 Legitur
2751 5568 2814 5623 in
2840 5568 3021 5642 Regio
3047 5569 3254 5627 codice
3279 5573 3366 5621 τὸν
3406 5572 3589 5642 ἔχοντα
3611 5564 3764 5618 αὐτόν.
