4056 6222
245 383 379 438 1341

1061 383 1300 440 SERMO
1338 386 1521 440 XVlll.
1563 416 1630 426 —
1678 386 1770 440 DE
1809 388 2074 444 INVIDIA
2110 391 2194 446 ET
2233 389 2794 446 MALEVOLENTIA.

3467 357 3602 445 1342

242 501 520 564 κυήσασαν
597 503 750 565 αὐτὰς
815 509 1050 580 γαστέρα
1115 504 1454 570 ὃιεσθιούσας
1492 507 1565 578 (Ἰ)
1627 507 1841 581 ἀπογεν-

1952 529 2130 569 exeso
2161 520 2435 571 materno
2467 519 2633 572 utero
2659 513 2860 572 nasci:
2896 516 2982 572 ita
3009 530 3253 587 quoque
3282 513 3432 569 solet
3454 511 3604 568 invi-

239 596 450 648 νᾶσθαι·
507 594 642 645 οὕτω
704 597 794 645 καὶ
863 595 886 644 ό
955 597 1137 666 φθόνος
1193 601 1283 654 τήν
1335 593 1626 648 ὠδίνουσαν
1657 597 1842 669 ψυχὴν

239 687 432 754 πέφυκε
486 679 740 750 διασπᾲν.
799 681 859 732 Ὀ
918 681 1216 754 βασκαίνων
1276 689 1394 756 μίαν
1463 684 1698 757 ἀναμένει
1753 693 1841 738 τοῦ

239 777 403 823 κακοῦ
449 771 744 844 ῥᾳστώνην,
794 774 838 822 εἰ
873 775 971 822 που
1017 791 1132 823 τινα
1176 769 1286 824 ἴδοι
1331 779 1690 826 καταπεσόντα
1741 783 1841 826 τῶν

239 862 612 932 φθονουμένων.
670 859 832 919 Οὗτος
891 862 1006 932 ὅρος
1061 867 1151 912 τοῦ
1209 867 1420 934 μίσους,
1477 862 1652 916 οἰθλιον
1714 859 1840 915 ἰδεῖν

237 949 293 1001 ἐκ
358 951 618 1021 μακαρίου
685 951 772 998 τὸν
841 946 1274 1021 βασκαινόμενον,
1339 951 1544 1002 ἐλεεινόν
1601 953 1842 1022 γενέσθαι

236 1041 324 1087 τὸν
365 1035 612 1098 ζηλωτόν.
661 1039 788 1087 Τότε
848 1033 1126 1088 σπένδεται
1185 1043 1274 1090 καὶ
1329 1039 1472 1110 φίλος
1516 1037 1678 1106 ἐστὶν,
1721 1041 1840 1091 ὅταν

237 1121 536 1198 δακρύοντα
591 1119 706 1195 ἰδῇ,
758 1125 877 1176 ὅταν
925 1127 1209 1178 πενθοῦντα
1274 1129 1546 1184 θεάσηται·
1617 1133 1706 1179 καὶ
1765 1127 1841 1180 εὖ-

239 1215 488 1284 θυριοὺντι
528 1215 616 1282 μὲν
665 1211 724 1264 οὐ
777 1219 1221 1286 συνευφραίνεται,
1269 1212 1567 1289 ὀδυρομένῳ
1612 1213 1670 1268 δὲ
1724 1237 1842 1268 συν-

238 1295 478 1372 δακρύει.
515 1303 613 1352 Καὶ
639 1304 732 1357 την
763 1299 1052 1371 μεταϐολὴν
1090 1311 1177 1354 του
1211 1301 1352 1374 βίον,
1402 1301 1453 1365 ἐξ
1496 1303 1613 1354 οἴων
1651 1305 1720 1366 εἰς
1759 1306 1844 1356 οἱα

236 1391 618 1460 μεταπέπτωκε,
674 1389 1084 1454 κατοικτίζεται,
1141 1391 1244 1461 οὐχ
1302 1391 1402 1442 ὑπό
1458 1393 1841 1464 φιλανθρωπίας

235 1481 326 1528 καὶ
371 1483 463 1527 τοῦ
522 1477 800 1546 συμπαθὴς
843 1475 990 1546 εἶναι,
1043 1475 1255 1552 ἐξαίρων
1296 1487 1367 1548 τῷ
1415 1478 1550 1550 λόγῳ
1605 1483 1670 1531 τὰ
1719 1485 1842 1552 πρό-

237 1583 362 1636 τερα
386 1567 487 1634 (2),
530 1563 634 1615 ἀλλ’
689 1567 770 1615 ῖνα
818 1562 1112 1640 βαρυτέραν
1149 1567 1289 1638 αὐτῲ
1327 1571 1699 1640 κατασκευάσῃ
1750 1573 1842 1626 την

237 1654 530 1725 συμφοράν.
587 1659 833 1712 Τοιουτος
879 1649 938 1710 ἧν
990 1655 1015 1705 ὁ
1061 1655 1242 1714 Σαοὺλ,
1292 1653 1347 1716 ὃς
1401 1665 1500 1707 τῶν
1541 1657 1842 1730 εὐεργεσιῶν

233 1744 328 1802 τὰς
365 1739 646 1813 ὑπερϐολὰς
703 1739 939 1816 ἀφορμὴν
1005 1752 1095 1794 του
1153 1744 1376 1816 πολέμου
1425 1748 1556 1816 πρός
1613 1749 1698 1797 τόν
1749 1754 1844 1798 Δα-

1951 599 2053 656 dia
2075 601 2410 672 parientem
2455 617 2516 658 se
2566 601 2834 658 animam
2875 618 3104 657 vorare.
3137 603 3214 673 (5)
3257 599 3501 656 lnvidus
3531 614 3604 658 ac

1949 689 2283 746 malevolus
2317 691 2560 745 unicum
2601 691 2858 746 miseriae
2904 707 3028 746 suae
3075 691 3348 746 levamen
3398 703 3605 760 exspe-

1951 781 2090 840 ctat,
2123 775 2311 831 sicubi
2335 776 2532 832 videat
2547 778 2900 849 quempiam
2915 793 2988 832 ex
3010 777 3078 832 iis
3108 776 3329 848 quibus
3353 773 3599 850 invidet,

1947 871 2240 919 ruentem.
2276 865 2414 920 Haec
2444 869 2534 919 est
2581 865 2704 919 odii
2753 869 2933 930 meta,
2982 881 3120 920 eum
3157 865 3253 920 cui
3281 863 3600 930 invidetur,

1949 951 2236 1006 miserum
2267 969 2340 1006 ex
2368 951 2522 1007 felici
2555 951 2774 1020 videre,
2804 957 2861 1008 et
2886 969 3025 1007 eum
3048 951 3152 1024 qui
3179 951 3391 1008 beatus
3415 949 3602 1006 habe-

1949 1037 2146 1104 batur,
2196 1039 2496 1095 infelicem
2551 1039 2698 1094 ﬁeri.
2754 1042 2914 1095 Tunc
2968 1039 3148 1094 initur
3198 1038 3415 1108 foedus,
3457 1041 3512 1092 et
3540 1037 3606 1094 ﬁt

1950 1127 2185 1182 amicus
2225 1144 2364 1182 cum
2395 1128 2609 1184 viderit
2637 1127 3097 1199 lacrymantem,
3132 1143 3271 1182 cum
3299 1125 3605 1208 lugentem

1952 1215 2347 1288 conspexerit.
2383 1217 2446 1272 Et
2477 1233 2614 1272 vero
2645 1232 2770 1272 non
2811 1215 3046 1273 laetatur
3095 1231 3234 1270 cum
3277 1212 3471 1274 hilari,
3501 1211 3608 1268 sed

1953 1319 2093 1358 cum
2123 1303 2364 1372 lugente
2395 1303 2785 1375 lacrymatur.
2812 1309 3004 1376 Atque
3027 1303 3158 1358 vita:
3189 1301 3603 1368 mutationem,

1953 1408 2026 1445 ex
2057 1392 2278 1464 quibus
2299 1393 2358 1446 in
2389 1408 2524 1464 quae
2553 1391 2858 1461 exciderit,
2881 1392 3218 1456 miseratur,
3243 1405 3366 1444 non
3389 1389 3602 1444 huma-

1953 1479 2136 1534 nitate
2165 1479 2476 1551 quapiam,
2511 1496 2620 1535 nec
2667 1479 2786 1535 ullo
2831 1477 3370 1534 commiserationis
3425 1491 3606 1530 sensu

1953 1567 2216 1638 priorem
2246 1574 2465 1623 statum
2498 1567 2697 1623 verbis
2728 1567 3000 1634 efferens,
3035 1565 3142 1621 sed
3180 1570 3244 1620 ut
3273 1565 3327 1620 ei
3367 1561 3605 1619 calami-

1953 1661 2136 1711 tatem
2169 1658 2506 1726 graviorem
2534 1656 2769 1712 efﬁciat.
2799 1659 2874 1726 (6)
2908 1653 3216 1727 Ejusmodi
3264 1651 3402 1710 Sani
3455 1655 3603 1720 erat,

1952 1745 2048 1799 cui
2077 1744 2510 1802 beneﬁciorum
2555 1745 2910 1814 magnitudo
2953 1743 3178 1800 bellum
3223 1739 3434 1798 Davidi
3461 1739 3606 1794 infe-

231 1825 328 1880 ϐὶδ
374 1827 679 1898 ἐποιήσατο,
727 1835 816 1881 καὶ
874 1830 1112 1902 ἐπειρᾶτο
1171 1829 1354 1906 δόρατι
1415 1829 1688 1908 ὃιαπεζοαι
1754 1839 1840 1886 τὸν

1950 1833 2122 1888 rendi
2152 1849 2304 1888 ansa
2338 1838 2462 1890 erat
2498 1840 2554 1889 et
2583 1835 2772 1904 origo,
2803 1839 2982 1906 atque
3012 1831 3347 1888 conabatur
3375 1825 3606 1900 accepti

231 1917 522 1990 εὐεργέτην.
585 1922 681 1971 Σὺν
731 1917 870 1988 αὐτῷ
929 1921 1030 1992 γὰρ
1077 1929 1148 1991 τῷ
1201 1931 1409 1994 στρατῴ
1469 1921 1523 1974 ἐκ
1577 1931 1671 1974 τῶν
1698 1921 1842 1975 πολε-

229 2011 364 2077 μίων
420 2009 745 2078 περισωθεὶς,
800 2011 890 2060 καὶ
935 2016 1028 2070 τῆς
1085 2009 1168 2061 ἐπὶ
1223 2018 1296 2080 τῷ
1349 2009 1536 2063 Γολιὰθ
1577 2011 1842 2082 αἰσχύνης

231 2091 566 2167 ἀπαλλαγεὶς,
623 2096 872 2168 αὐτόχειρ
931 2099 1194 2170 γενέσθαι,
1243 2103 1327 2150 καὶ
1379 2099 1431 2162 ἐξ
1494 2095 1701 2172 ἐνέδρας
1758 2098 1840 2151 ἀν-

231 2184 358 2236 ελεῖν
395 2184 752 2260 ἐπεχείρησεν·
803 2183 913 2238 εἷτα
945 2185 1158 2258 φυγάδα
1201 2195 1566 2258 καταστήσας,
1595 2185 1717 2242 οὐδὲ
1746 2189 1840 2241 οὖ-

226 2271 304 2324 τω
344 2277 439 2329 τὴν
489 2273 684 2346 ἔχθραν
734 2277 968 2346 ἔστησεν,
1027 2275 1154 2326 ἀλλὰ
1191 2281 1248 2328 τὸ
1293 2275 1579 2328 τελευταῖον
1619 2275 1840 2350 ἐκστρα-

229 2364 422 2421 τεύσας
487 2359 562 2414 ἐπ’
626 2361 780 2414 αὐτὸν
836 2363 1156 2436 τρισχιλίοις
1207 2364 1414 2435 λογάσι,
1483 2367 1572 2425 τὰς
1624 2364 1840 2438 ἐρημίας

234 2445 570 2523 διηρευνοὶτο.
625 2449 721 2511 ’Ὡς
756 2471 815 2521 γε
857 2452 982 2526 παρ’
1029 2452 1183 2504 αὐτόν
1233 2459 1318 2504 τον
1375 2456 1556 2525 καιρόν
1612 2464 1706 2513 τῆς
1751 2445 1856 2505 ὃιέ

234 2537 404 2599 ώξεως
452 2538 814 2610 καταληφθεὶς,
867 2543 1068 2614 ἕτοιμος
1123 2541 1188 2600 εἰς
1248 2547 1452 2613 σφαγὴν
1511 2547 1840 2616 προκείμενος

234 2635 310 2696 τῷ
359 2623 555 2701 ἐχθρῷ,
609 2627 762 2680 πάλιν
818 2631 1122 2702 περισωθεὶς
1184 2631 1284 2681 υπὸ
1351 2637 1442 2681 του
1485 2627 1713 2700 δικαίου,
1758 2627 1841 2682 ἐπ-

235 2715 452 2784 αγαγεῖν
509 2715 648 2786 αὐτῷ
697 2719 787 2776 τὰς
845 2726 1026 2791 χεῖρας
1079 2715 1553 2790 ὃιαφυλαξαριένου,
1597 2715 1710 2770 οὐδ’
1741 2721 1840 2770 υπὸ

233 2805 423 2863 ταύτης
480 2811 577 2866 τῆς
643 2805 934 2877 εὐεργεσίας
1001 2806 1260 2878 ἐκάμφθη·
1338 2805 1466 2858 ἀλλὰ
1530 2813 1618 2858 καὶ
1687 2807 1840 2858 πάλιν

234 2891 622 2965 ἐστρατολόγει,
671 2901 758 2945 καὶ
813 2895 966 2946 πάλιν
1017 2893 1248 2960 ἐδίωκεν,
1303 2899 1390 2956 ἕως
1450 2902 1540 2948 καὶ
1603 2893 1839 2970 δευτέρον

235 2981 390 3042 ἁλοὺς
419 2983 517 3034 ὑπὸ
547 2991 637 3035 τοὺ
671 2984 825 3035 αὐτου
858 2984 905 3035 ἐν
937 2993 1008 3054 τῷ
1040 2983 1300 3056 σπηλαίῳ,
1335 3005 1426 3036 του
1465 2987 1554 3056 μὲν
1595 2989 1688 3043 την
1729 2985 1842 3058 ἀρε-

230 3075 328 3127 τήν
373 3069 728 3144 λαμπροτέραν
775 3069 1060 3140 ἀπέδειξεν,
1115 3073 1298 3125 ἑαυτου
1347 3071 1404 3126 ὃε
1453 3080 1545 3131 την
1590 3077 1839 3147 πονηρίαν

1949 1921 2224 1978 beneﬁcii
2255 1929 2561 1978 auctorem
2581 1923 2754 1978 hasta
2787 1922 3156 1992 transfigere.
3187 1919 3242 1973 Is
3275 1917 3436 1974 enim
3465 1931 3605 1972 cum

1948 2009 2081 2082 ipso
2109 2011 2368 2066 exercitu
2398 2027 2470 2066 ex
2496 2011 2760 2066 hostium
2803 2009 3086 2066 manibus
3111 2006 3435 2064 incolumis
3480 2020 3604 2060 ere-

1949 2105 2110 2170 ptus,
2139 2107 2196 2155 et
2223 2117 2294 2154 eo
2325 2101 2484 2172 quia
2509 2099 2739 2156 Goliath
2759 2098 3110 2156 inurebatur
3135 2097 3427 2153 dedecore
3457 2093 3601 2149 libe-

1949 2192 2138 2258 ratus,
2167 2205 2276 2243 sua
2300 2205 2440 2243 eum
2472 2189 3031 2252 manuinterimere,
3066 2191 3247 2258 atque
3277 2183 3507 2240 insidiis
3529 2181 3605 2237 de

1949 2277 2150 2332 medio
2181 2277 2381 2334 tollere
2411 2293 2734 2347 aggressus
2767 2281 2892 2332 est:
2930 2275 3146 2331 exinde
3180 2271 3400 2330 Davide
3425 2273 3488 2327 in
3517 2271 3605 2326 fu-

1949 2383 2091 2435 gam
2121 2371 2275 2433 acto,
2303 2383 2379 2421 ne
2408 2367 2491 2422 sic
2516 2365 2764 2440 quidem
2787 2365 2927 2422 odio
2953 2365 3136 2420 finem
3167 2361 3472 2434 imposuit,
3497 2351 3604 2418 sed

1947 2461 2322 2526 postremum
2337 2456 2714 2528 expeditione
2731 2472 2868 2510 cum
2888 2453 3075 2510 tribus
3095 2453 3420 2509 electorum
3436 2449 3605 2508 milli-

1947 2541 2064 2596 bus
2087 2543 2376 2598 adversus
2397 2543 2567 2598 illum
2591 2547 2892 2616 suscepta,
2916 2543 3154 2598 deserta
3179 2541 3314 2597 loca
3331 2557 3604 2614 perscru-

1949 2631 2214 2686 tabatur.
2271 2631 2369 2686 Ille
2427 2633 2648 2687 scilicet
2689 2632 2821 2702 ipso
2856 2630 3284 2703 persecutionis
3335 2635 3605 2700 tempore

1950 2737 2089 2774 cum
2121 2719 2532 2790 deprehensus
2559 2719 2788 2780 fuisset,
2805 2725 3126 2790 possetque
3144 2719 3221 2772 ab
3241 2717 3411 2771 hoste
3432 2715 3603 2772 facile

1950 2807 2163 2874 occidi,
2199 2825 2336 2862 cum
2368 2809 2582 2862 iterum
2616 2824 2652 2864 a
2692 2807 2876 2878 justo,
2927 2807 3031 2878 qui
3075 2806 3312 2876 injicere
3355 2803 3418 2859 in
3463 2820 3604 2860 eum

1949 2887 2168 2952 manus
2200 2897 2460 2960 nolebat,
2497 2903 2766 2952 servatus
2795 2901 2954 2952 esset
2990 2895 3328 2962 incolumis,
3377 2907 3602 2964 nequa-

1950 3002 2134 3058 quam
2162 2983 2352 3040 ﬂexus
2384 2989 2470 3040 est
2498 2985 2613 3040 hoc
2643 2983 2976 3040 beneﬁcio:
3013 2981 3118 3038 sed
3158 2986 3214 3037 et
3241 2995 3451 3035 rursus
3488 2977 3603 3034 col-

1948 3073 2175 3143 ligebat
2207 3073 2554 3136 exercituum,
2587 3079 2644 3128 et
2671 3089 2878 3128 rursus
2907 3071 3074 3127 illum
3106 3068 3598 3144 persequebatur,

232 3165 680 3233 καταφανεστέραν
735 3159 974 3218 ἐποίησεν
1004 3165 1103 3232 (3).
1167 3163 1317 3214 Οὕτω
1356 3167 1444 3214 καὶ
1475 3169 1592 3236 περὶ
1621 3167 1707 3214 τὸν
1735 3165 1838 3216 Ἰω-

1950 3163 2154 3234 quoad
2183 3164 2400 3218 iterum
2421 3163 2498 3217 ab
2521 3161 2736 3218 eodem
2765 3162 2827 3216 in
2849 3161 3139 3234 spelunca
3159 3159 3603 3228 interceptus,et

239 3245 346 3318 σὴφ
401 3249 447 3298 οἱ
501 3245 713 3320 ἀδελφοὶ
769 3245 1113 3318 διατίθενται,
1167 3251 1260 3304 οὐκ
1314 3247 1504 3311 εἰδότες
1545 3253 1650 3302 ὅτι
1681 3253 1839 3303 ποατ-

237 3354 439 3387 τουσιν.
491 3337 550 3390 Εἰ
605 3341 694 3408 μεν
733 3341 830 3410 γὰρ
883 3337 1050 3396 ἀληθῆ
1110 3341 1174 3390 τὰ
1230 3338 1440 3392 ἐνύπνια
1491 3349 1582 3391 τοὺ
1625 3341 1837 3412 Ἰωσήφ,

235 3425 314 3483 τίς
345 3431 557 3496 μηχανὴ
583 3431 652 3498 μὴ
688 3427 816 3497 οὐχὶ
846 3429 1052 3488 πάντως
1082 3426 1295 3486 ἐκϐῆναι
1341 3431 1404 3479 τὰ
1448 3428 1838 3503 προρρηθέντα;

239 3511 286 3564 εἰ
341 3511 398 3564 δὲ
451 3511 664 3584 ψευδεῖς
720 3517 776 3566 αἱ
833 3524 931 3566 τῶν
1001 3517 1271 3588 ὀνειράτων
1330 3517 1490 3586 ὄψεις,
1547 3515 1660 3569 ἀντὶ
1711 3523 1843 3577 τίνος

241 3599 599 3672 βασκαίνουσι
627 3611 699 3674 τῲ
732 3603 1061 3675 σφαλλομένῳ
1087 3622 1098 3672 ;
1129 3603 1261 3656 Ἀλλ’
1295 3607 1447 3664 ὅντως
1477 3601 1614 3656 ἴδιόν
1646 3626 1696 3656 τι
1743 3607 1842 3657 πά-

241 3691 327 3749 θος
379 3689 491 3741 tia-ri.
553 3699 644 3742 τοῦ
705 3689 952 3744 διαϐόλου
1011 3695 1036 3744 ὁ
1089 3694 1289 3764 φθόνος,
1333 3696 1358 3744 ό
1398 3693 1839 3766 ἐκλαληθῆναιμὴ

241 3773 542 3849 δυνάμενος,
577 3781 602 3831 ὃ
631 3781 971 3856 (κίμγίατρείαν
1011 3781 1104 3832 οὐκ
1155 3777 1546 3852 ἐπιδεχόμενος.
1597 3783 1654 3832 Ὀ
1684 3802 1843 3853 κεφα-

237 3865 442 3938 λαλγῶν
493 3867 631 3938 λέγει
681 3878 752 3940 τῷ
808 3869 966 3942 ἰατρῷ
1013 3873 1107 3927 τήν
1160 3870 1522 3941 κεφαλαλγίανο
1586 3871 1611 3921 ὁ
1663 3873 1843 3941 φθόνον

238 3953 406 4008 “ea...
434 3975 488 4008 τι
519 3959 634 4030 εἴπῃ
673 3975 686 4022 ;
753 3965 924 4011 Αυπεῖ
950 3979 1012 4030 με
1041 3962 1107 4010 τὰ
1138 3967 1228 4011 τοῦ
1260 3955 1484 4030 ἀδελφοῦ
1517 3958 1688 4030 ἀγαθά
1723 3977 1736 4025 ;
1784 3959 1842 4012 Ἡ

238 4047 330 4118 μὶν
372 4043 588 4104 ἀλήθεια
630 4046 786 4116 αὕτη,
836 4049 900 4098 τὰ
959 4044 1018 4099 δὲ
1057 4045 1274 4121 ῥήματα
1325 4049 1541 4108 ἕκαστος
1591 4047 1846 4119 ἰπαισχύ-

237 4143 397 4190 νεῖαι.
425 4141 487 4188 Τί
521 4135 810 4200 στενάζεις
849 4131 990 4188 ἴδιον
1021 4139 1198 4204 κακόν,
1242 4137 1270 4194 ἡ
1307 4136 1570 4210 ἀλλότριον
1603 4134 1793 4207 ἀγαθον
1827 4153 1841 4202 ;

235 4222 436 4284 Ὄντως
463 4221 602 4276 ἴδιόν
633 4223 745 4276 ἐστι
773 4227 932 4276 κακὸν
963 4233 1052 4276 τοῦ
1091 4223 1338 4277 διαϐόλου
1368 4227 1392 4276 ό
1424 4219 1620 4296 φθόνος.
1657 4225 1838 4276 Καθά-

237 4331 336 4387 περ
387 4315 492 4386 γὰρ
567 4321 666 4364 τῶν
724 4309 884 4385 βελῶν
942 4315 1008 4364 τὰ
1063 4311 1254 4384 βιαίως
1312 4319 1582 4387 φερόμενα,
1634 4309 1843 4364 ἐπειδὰν

238 4399 476 4473 καρτερῷ
525 4419 628 4452 τινι
675 4405 764 4450 καὶ
803 4399 1065 4470 ἀντιτύπῳ
1105 4405 1403 4473 προσπέσῃ,
1453 4399 1536 4452 ἐπὶ
1582 4403 1668 4451 τόν
1722 4419 1838 4471 προ-

242 4487 416 4560 έμενον
465 4485 826 4564 ἐπανέρχεται·
886 4489 1020 4539 οὕτω
1069 4487 1134 4540 τὰ
1185 4495 1275 4539 τοῦ
1329 4487 1515 4558 φθόνου
1556 4493 1840 4557 κινήματα,

241 4571 396 4628 οὐδὲν
461 4573 723 4628 λυποῦντα
767 4577 854 4628 τόν
917 4575 1365 4648 βασκαινόμενον,
1430 4575 1588 4626 αὑτοῦ
1643 4581 1842 4646 πληγαὶ

239 4665 475 4735 γίνονται
521 4671 612 4717 τοῦ
669 4661 961 4737 βασκάνου.
1017 4664 1185 4716 Πολλά
1241 4667 1330 4736 μὲν
1387 4667 1492 4738 μὰρ
1549 4665 1714 4715 ἔνεστι
1779 4671 1839 4735 τῇ

245 4752 516 4828 βασκανίᾳ
545 4755 702 4821 κακὰ,
756 4753 804 4806 ἓν
864 4749 922 4805 δὲ
963 4759 1256 4827 χρήσιμον,
1291 4753 1370 4804 ὅτι
1399 4755 1555 4803 κακόν
1587 4751 1724 4802 ἐστιν
1757 4753 1845 4802 αὐ-

239 4850 316 4913 τῷ
345 4850 418 4914 τῷ
446 4848 762 4914 κεκτημένῳ,
807 4847 896 4894 καὶ
937 4837 1124 4913 μαλλον
1181 4837 1424 4892 δαπανῶν
1473 4845 1564 4898 την
1596 4835 1840 4912 καρδίαν,

241 4933 270 4990 ἦ
303 4931 330 4983 ὁ
357 4931 430 4992 ἰός
457 4935 544 4983 τὸν
573 4927 811 5006 σίδηρον.
841 4931 901 4984 Ὁ
927 4933 1026 5006 γὰρ
1062 4929 1382 5003 βασκαίνων,
1416 4931 1570 4981 αὐτὸν
1618 4931 1707 5001 μὲν
1757 4933 1843 4980 τὸν

240 5019 652 5094 βασκαινομένον
705 5021 856 5092 ὀλίγα
904 5019 1144 5093 βλάπτει,
1208 5021 1388 5072 ἑαυτὸν
1446 5015 1503 5072 δε
1538 5015 1749 5090 δαπανᾲ
1778 5027 1839 5091 τῇ

308 5307 386 5382 (1)
428 5308 790 5372 Δεισθιούσας,
824 5306 1188 5382 ῌβιζζοοάθχ
1214 5306 1516 5382 ἐσθιούσας.

313 5377 390 5451 i2)
429 5381 505 5430 Τὰ
534 5385 775 5451 πρότερα.
831 5377 921 5433 Sic
965 5379 1106 5451 Reg.
1160 5379 1350 5434 codex
1397 5383 1451 5432 et
1491 5379 1832 5451 contextus.

235 5445 414 5524 Editi,
445 5452 512 5500 τὰ
542 5445 807 5524 πρότερον,
847 5453 903 5504 et
939 5445 1130 5524 paulo
1177 5453 1316 5524 post
1352 5449 1838 5524 κατασκευάσηται,

429 5519 649 5612 pariter
677 5519 892 5612 eadem
921 5519 1418 5612 a’uqtoritate'freti
1450 5519 1839 5574 mutavimus.

309 5593 390 5659 t3)
429 5589 724 5648 Ἐποίησεν.
757 5593 896 5658 Reg.
929 5589 1446 5662 COt‘ieX_sip'/5€Gafo.

316 5658 398 5734 (4')
435 5662 494 5716 Ὀ
559 5662 904 5722 ἐκλαληθῆναι
969 5667 1040 5734 μὴ
1111 5658 1406 5736 δυνάμενος,
1464 5661 1512 5718 ὁ.
1572 5663 1706 5718 Πωο
1743 5660 1846 5718 ad-

1951 3253 2078 3321 ejus
2135 3255 2421 3306 virtutum
2476 3251 2816 3322 praestiterit
2863 3249 3262 3306 illustriorem.
3319 3251 3374 3301 et
3427 3261 3602 3302 suam

1948 3339 2138 3412 ipsius
2169 3341 2496 3411 nequitiam
2521 3337 2986 3393 manifestiorem
3015 3335 3357 3391 reddiderit.
3395 3337 3471 3388 De
3497 3335 3602 3404 Jo-_

1953 3429 2139 3499 sepho
2163 3427 2366 3483 itidem
2391 3427 2582 3496 ignari
2604 3427 2746 3498 quid
2768 3431 3013 3496 agerent
3037 3425 3166 3496 ejus
3189 3417 3602 3491 fratres,haud

1953 3517 2224 3572 absimile
2256 3517 2404 3588 quid
2433 3517 2719 3572 fecerunt.
2757 3519 2902 3571 Nam
2937 3515 2981 3570 si
3011 3531 3154 3571 vera
3183 3513 3431 3588 quidem
3463 3511 3604 3567 sunt

1951 3605 2509 3676 insomniaJoseph,
2538 3621 2660 3676 qua
2685 3609 2808 3659 arte
2841 3603 2967 3658 ﬁeri
2999 3603 3208 3674 possit.
3241 3607 3301 3656 ut
3325 3617 3448 3656 non
3478 3617 3604 3655 oms

1951 3695 2094 3750 nino
2123 3693 2402 3748 eveniant
2427 3693 2832 3764 praenuntiata
2852 3693 2879 3745 ‘?
2911 3691 3005 3746 sin
3037 3697 3237 3746 autem
3268 3691 3422 3746 falsa
3448 3705 3603 3744 som-

1951 3783 2188 3837 niorum
2223 3783 2351 3836 visa
2393 3798 2499 3836 cur
2545 3781 2814 3836 invident
2856 3781 3211 3836 aberranti?
3245 3779 3318 3848 (7)
3361 3777 3473 3834 Sed
3513 3794 3603 3833 re-

1953 3887 2094 3925 vera
2124 3875 2210 3925 est
2248 3869 2472 3926 diaboli
2519 3871 2830 3942 proprium
2864 3869 2978 3924 hoc
3038 3868 3293 3932 malum,
3341 3866 3599 3922 invidia:

1952 3975 2086 4031 quae
2104 3959 2279 4030 570
2303 3975 2410 4014 nec
2431 3959 2630 4013 verbis
2657 3957 2910 4029 exprimi
2931 3961 3144 4030 potest,
3173 3972 3284 4012 nec
3305 3953 3604 4011 medelam

1952 4049 2228 4103 admittit.
2271 4049 2374 4104 Cui
2399 4053 2580 4122 caput
2609 4047 2857 4106 dolet.is
2887 4045 3121 4101 medico
3153 4045 3416 4101 declarat
3445 4041 3604 4116 capi-

1953 4137 2024 4192 tis
2050 4135 2356 4191 dolorem:
2405 4137 2508 4208 qui
2558 4135 2800 4191 invidiae
2840 4135 3056 4190 morbo
3100 4133 3354 4195 laborat,
3385 4129 3606 4204 ecquid

1951 4225 2166 4280 dixerit
2189 4225 2216 4278 ?
2257 4225 2548 4280 Exhibcnt
2589 4223 2736 4278 mihi
2785 4223 3124 4280 molestiam
3155 4221 3350 4278 fratris
3389 4219 3604 4276 bona?

1951 4316 2167 4368 Verum
2195 4313 2256 4368 id
2285 4319 2395 4376 est,
2416 4319 2476 4370 at
2499 4313 2693 4368 dicere
2713 4328 3210 4384 unumquemque
3228 4311 3428 4382 pudet.
3451 4307 3605 4374 Quid

1952 4403 2157 4459 doles?
2179 4409 2428 4458 tuumne
2457 4403 2645 4474 ipsius
2677 4401 2904 4458 malum
2935 4417 3014 4455 an
3039 4401 3301 4455 alienum
3331 4397 3602 4453 bonum?

1953 4489 2252 4546 Peculiare
2283 4495 2374 4545 est
2396 4489 2560 4544 haud
2590 4487 2770 4543 dubie
2802 4485 3026 4542 diaboli
3057 4485 3308 4550 malum,
3343 4481 3592 4538 invidia.

1955 4578 2564 4650 (8)011emadmodum
2600 4575 2758 4630 enim
2785 4574 2988 4646 jacula
3017 4572 3243 4644 ingenti
3271 4571 3331 4626 vi
3359 4571 3600 4636 emissa,

1951 4665 2056 4720 ubi
2086 4665 2146 4719 in
2173 4666 2485 4736 quidpiam
2513 4665 2730 4718 durum
2765 4679 2833 4717 ac
2864 4661 3123 4716 renitens
3152 4657 3485 4720 inciderint,
3510 4673 3601 4712 re-

1956 4759 2262 4810 vertuntur
2289 4753 2350 4807 in
2375 4751 2768 4822 jaculatorem
2791 4767 2805 4806 :
2838 4751 2918 4806 ita
2944 4765 3185 4822 quoque
3213 4745 3451 4804 invidiae
3473 4764 3601 4802 mo-

1951 4845 2048 4897 tus
2087 4839 2234 4896 nihil
2259 4839 2540 4896 laedentes
2573 4855 2710 4893 eum
2753 4838 2848 4894 cui
2878 4837 3196 4908 invidetur,
3224 4835 3420 4908 plagae
3449 4835 3602 4892 fiunt

1951 4929 2291 4986 invidentis.
2326 4929 2400 4998 (9)
2437 4930 2500 4982 In
2547 4926 2777 4982 invidia
2818 4941 3086 4998 namque
3112 4923 3371 4998 plurima
3397 4925 3602 4980 insunt

1950 5017 2151 5076 mala:
2181 5017 2286 5074 sed
2319 5032 2507 5073 unum
2539 5015 2679 5071 utile
2709 5027 2819 5086 est,
2851 5015 3018 5089 quod
3057 5013 3288 5071 malum
3309 5013 3377 5069 ﬁt
3401 5011 3600 5084 possi-

1951 5305 2078 5360 dita
2101 5319 2174 5358 ex
2202 5305 2484 5357 contextu
2513 5303 2568 5354 et
2593 5299 2776 5370 Regio
2805 5297 3031 5354 codice.

2021 5375 2097 5453 (ἓξ)
2139 5377 2222 5453 l3};
2243 5374 2407 5453 bom.
2431 5377 2512 5428 De
2543 5371 2793 5438 invidia,
2818 5373 2903 5426 92.

1953 5481 1956 5484 ι
2024 5445 2101 5516 (6)
2145 5445 2293 5501 Ibid.

2026 5521 2101 5586 (7)
2149 5519 2229 5570 Ex
2254 5516 2418 5569 hom.
2447 5514 2604 5569 dicta
2633 5513 2688 5566 in
2706 5509 2953 5586 ‘Lacizis,
2990 5513 3116 5565 5912.

2023 5583 2096 5648 (Si
2143 5589 2222 5642 Ex
2247 5587 2412 5640 hom.
2433 5587 2521 5640 De
2549 5583 2795 5648 invidia,
2838 5585 2925 5634 9t.

2025 5659 2103 5732 (9)
2143 5659 2226 5714 Ex
2255 5655 2422 5713 hom.
2453 5655 2613 5711 dicta
2641 5655 2704 5710 in
2728 5650 2963 5722 Lacizis,
2995 5654 3120 5708 590.
