4068 6220
197 219 338 272 1353
1043 213 1270 270 ειεξιΜο
1301 205 1404 268 xx.
1425 240 1494 252 -
1523 210 1614 266 DE
1643 195 2064 268 nummum
2088 211 2169 270 er
2199 213 2390 269 INANI
2420 211 2704 270 GLORIA.
3429 212 3590 274 1354.

191 359 282 392 ται
315 359 330 372 ⁸
363 343 454 391 καὶ
501 336 831 410 ἀπολήψεται
881 339 1099 400 ἕκαστος
1155 338 1288 388 κατὰ
1324 335 1390 388 τὰ
1440 338 1566 410 ἔργα
1619 336 1844 391 αύτού.λ

1953 351 2012 392 ιο
2029 341 2085 394 et
2097 337 2459 408 cogitatione
2472 337 3169 411 complexi,charissimi,
3185 339 3569 411 festinemus,

187 427 357 500 Ἀπερ
421 425 468 479 ἐν
546 423 757 500 διανοίᾳ
804 427 1078 492 λαϐόντες,
1139 425 1437 498 ἀγαπητοὶ,
1499 427 1802 498 σπεύσωμεν

1957 443 2059 482 um
2085 431 2323 498 tempus
2347 428 2596 496 est,vitm
2617 431 2837 486 nostrae
2865 429 3132 486 actiones
3148 429 3228 486 ad
3255 430 3359 486 Dei
3375 431 3570 488 omni-

1911 515 2171 589 potentis
2193 531 2471 574 normam
2503 517 2778 590 dirigere,
2809 521 2874 574 ut
2895 517 3238 575 futurorum
3259 518 3441 576 etiam
3461 517 3570 578 bo-

1914 619 2134 662 norum
2165 605 2485 678 participes
2515 607 2870 678 efficiamur,
2904 607 2965 663 in
3010 607 3240 666 Christo
3279 608 3421 666 Jesu
3463 612 3572 666 Do-

1917 693 2083 750 mino
2140 699 2366 760 nostro,
2420 695 2514 752 cui
2556 695 2748 765 gloria
2793 695 2855 752 in
2899 696 3123 753 saecula
3175 698 3566 758 stimulorum.

1918 785 2130 840 Amen.

191 521 268 578 ως
333 520 448 569 ἔστι
485 519 688 592 καιρός,
753 519 892 570 κατά
947 519 1012 568 τὰ
1075 512 1334 567 δοκοῦντα
1381 521 1451 584 τῷ
1506 522 1621 585 Θεῷ
1659 514 1802 567 πολι-

195 607 465 674 τεύεσθαι,
511 609 593 658 ἱνα
647 611 736 658 καὶ
795 614 894 658 τῶν
944 605 1226 678 μελλόντων
1284 601 1488 674 ἀγαθῶν
1537 601 1807 676 ἐπιτύχω-

199 717 315 769 μεν,
350 695 398 748 ἐν
427 703 642 770 Χριστῷ
687 697 866 753 Ἰησοῦ
899 703 972 765 τῷ
1021 698 1194 768 Κυρίῳ
1231 695 1396 767 ἡμῶν,
1430 691 1469 764 ᾧ
1509 695 1537 751 ἡ
1584 690 1713 756 δόξα
1743 693 1808 754 εἰς

199 791 326 848 τούς
369 785 554 846 αἰῶνας
579 793 678 838 τῶν
717 785 940 840 αἰώνων.
987 785 1170 857 Ἀμήν.

281 915 428 964 ΠΕΡΙ
459 915 1110 964 ΤΑΠΕῙΝΟΦΡΟΚΥΝΗΣ
1155 913 1266 962 ΚΑΙ
1301 911 1734 962 ΚΕΝΟΔΟΞΙΑΣ.

840 1013 1057 1061 ΛΟΓΟΣ
1091 1007 1166 1062 K'.

285 1108 334 1162 1.
378 1107 682 1180 Ἀμήχανον
718 1110 802 1159 τόν
831 1110 904 1180 μὴ
939 1102 1353 1178 καταδεξάμενον
1399 1109 1456 1158 τό
1503 1107 1628 1178 πρός
1679 1106 1814 1156 πείν-

208 1216 304 1259 τας
333 1194 550 1257 ὑποδεὲς
573 1201 663 1249 καὶ
714 1199 962 1268 ἔσχατον,
998 1192 1291 1254 δυνηθῆναί
1328 1213 1446 1248 ποτε
1483 1195 1512 1252 ἣ
1551 1190 1819 1268 λοιδορού-

207 1303 360 1358 μενον
402 1287 565 1358 θυμοῦ
615 1291 900 1358 κρατῆσαι,
955 1285 985 1344 ἣ
1048 1283 1342 1358 θλιϐόμενον
1403 1280 1497 1336 διὰ
1555 1285 1820 1358 μακροθυ-

205 1377 332 1446 μίας
359 1375 719 1450 περιγενέσθαι
769 1383 869 1426 τῶν
924 1382 1247 1446 πειρασμῶν.
1289 1373 1347 1424 ’0
1398 1370 1456 1425 δε
1514 1377 1608 1430 τὴν
1653 1374 1819 1444 ἄκραν

203 1469 518 1516 ταπείνωσιν
575 1465 937 1539 κατορθώσας,
995 1461 1042 1516 ἐν
1111 1470 1222 1524 ταῖς
1271 1458 1560 1537 λοιδορίαις
1617 1460 1825 1513 πλείονα

209 1553 396 1607 ἑαυτοῦ
426 1557 712 1624 καταγνούς
752 1557 848 1612 τὴν
898 1553 1172 1622 εύτέλειαν,
1227 1552 1287 1604 ού
1341 1555 1687 1610 κινηθήσεται
1729 1555 1823 1608 τὴν

215 1641 406 1714 ψυχήν
435 1645 536 1695 ὑπὸ
569 1652 666 1694 τῶν
695 1643 942 1716 ῥημάτων
987 1652 1082 1704 τῆς
1142 1641 1372 1714 ἀτιμίας.
1412 1641 1549 1693 ’.ἁλλ’
1601 1640 1684 1693 ἐὰν
1737 1643 1826 1712 μὲν

222 1731 422 1806 ἀκούσῃ
456 1737 628 1800 πένης,
671 1729 758 1785 οἶδ
765 1751 810 1784 εν
851 1732 1031 1785 ἑαυτὸν
1071 1736 1285 1804 πτωχόν
1325 1735 1447 1783 ὄντα
1499 1735 1589 1782 καὶ
1623 1732 1827 1782 παντων

223 1818 396 1883 ἐνδεῆ,
429 1829 517 1873 καὶ
555 1829 650 1883 τῆς
681 1822 797 1874 καθ’
837 1823 1034 1897 ἡμέραν
1089 1824 1233 1895 παρα
1263 1828 1354 1874 τοῦ
1417 1826 1611 1895 Κυρίου
1663 1839 1830 1895 χορη-

221 1915 347 1982 γίας
409 1907 665 1982 δεόμενον.
735 1913 851 1964 Ἐὰν
911 1907 970 1963 δὲ
1035 1910 1235 1982 ἀκούσῃ
1295 1907 1552 1980 δυσγενής
1617 1915 1706 1960 καὶ
1781 1907 1832 1970 ἐξ

229 2001 455 2072 ἀφανῶν,
497 1998 909 2072 προειλημμένον
941 2002 1054 2070 ἔχει
1095 2000 1144 2051 ἐν
1175 2007 1237 2072 τῇ
1295 1999 1480 2051 ἑαυτοῦ
1533 1995 1732 2072 καρδίᾳ
1775 2000 1832 2049 τό

229 2088 288 2141 ἐκ
315 2088 481 2146 πηλοῦ
532 2091 880 2160 γεγενῆσθαι·
915 2093 1003 2140 καὶ
1056 2087 1392 2154 ἁπαξαπλῶς,
1442 2091 1602 2161 μέγας
1648 2085 1835 2147 ἐκεῖνος

229 2181 378 2251 παρὰ
407 2185 519 2248 Θεῷ
560 2181 585 2229 6
637 2182 1041 2252 ταπεινοφρόνως
1071 2173 1422 2240 ’κατακλιθεὶς
1469 2186 1541 2248 τῷ
1591 2176 1834 2242 πλησίον,

227 2273 324 2320 καὶ
393 2265 825 2338 ἁνεπαισχὺντως
893 2267 967 2340 ἐφ’
1045 2267 1224 2320 ἑαυτὸν
1294 2263 1708 2340 καταδεξάμενος
1773 2269 1839 2318 τα

231 2355 558 2429 ἐγκλήματα,
623 2355 718 2408 κᾶν
783 2361 854 2428 μὴ
905 2357 1074 2415 ἀληθῆ
1146 2354 1198 2429 ᾖ,
1270 2358 1394 2429 ὑπὲρ
1449 2365 1539 2409 τοῦ
1584 2359 1640 2408 τό
1705 2361 1842 2428 μέγα

231 2445 410 2518 ὄφελος
439 2447 780 2519 χαρίσασθαι
830 2449 922 2504 τήν
982 2445 1190 2519 εἰρήνην
1229 2455 1300 2516 τῷ
1359 2443 1586 2518 ἀδελφῷ.
1619 2445 1842 2517 Ὀμοίως

233 2537 338 2606 γαρ
372 2533 486 2586 ἐστι
525 2533 780 2604 χαλεπόν,
818 2537 868 2587 ἓν
897 2554 952 2586 τε
1008 2531 1316 2596 δυσκολίαις
1357 2537 1678 2608 πραγμάτων
1712 2533 1842 2586 ἀτα-

235 2628 488 2675 πείνωτον
511 2627 606 2680 τήν
654 2623 841 2695 ψυχὴν
883 2620 1285 2690 διασῶσασθατ,
1317 2629 1407 2676 καὶ
1453 2624 1499 2674 εν
1525 2630 1646 2685 ταῖς
1697 2642 1844 2695 περι-

239 2711 484 2782 ηρανείαις
523 2716 594 2784 μὴ
651 2710 961 2784 ἐπαρθῆναι.
1011 2719 1094 2766 Τῶ
1151 2718 1255 2765 ἄντι
1313 2715 1414 2786 γὰρ
1471 2713 1850 2784 θεραπευόμενα

243 2803 314 2853 τά
375 2802 680 2876 ὑπερήφανα
744 2803 870 2870 ἤθη,
923 2802 1114 2854 ἑαυτῶν
1177 2805 1631 2878 ὑπεροπτικῶτερα
1667 2807 1851 2873 πέφυκε

245 2892 510 2960 γίνεσθαι.
551 2897 633 2962 Τῷ
699 2887 756 2942 δε
795 2901 1018 2962 ταπεινῷ
1083 2897 1173 2944 καὶ
1234 2889 1660 2964 καταϐεϐλημένῳ
1726 2909 1850 2967 φρο-

249 2985 447 3051 νήματι
479 2979 653 3032 Ξπεται
700 2983 920 3052 στυγνόν
961 2985 1106 3054 ὄμμα
1133 2987 1222 3034 καὶ
1254 2981 1320 3042 εἰς
1359 2989 1457 3052 γῆν
1507 2983 1850 3046 συννενευκός,

255 3075 449 3140 σχῆμα
515 3068 854 3141 ἠμελημένον,
916 3075 1051 3143 κόμη
1103 3071 1382 3145 αὐχμηρὰ,
1429 3069 1588 3130 ἐσθὴς
1632 3071 1854 3144 ⁴ουκ-ῶσα

251 3159 388 3209 ὥστε
449 3155 482 3208 ἂ
561 3166 800 3210 ποιοῦσιν
863 3161 912 3211 οἰ
955 3162 1255 3222 πενθοῦντες
1318 3159 1434 3211 κατ’
1493 3156 1852 3228 ἐπιτήδευσιν,

251 3251 419 3297 ταῦτα
479 3243 533 3296 ἐκ
585 3253 678 3298 τοῦ
745 3245 1040 3320 αύτοματου
1094 3250 1218 3320 ἡμῖν
1287 3247 1625 3320 ἐπιφαίνεται.
1687 3251 1854 3301 Χιτὼν

253 3329 352 3387 διὰ
382 3334 546 3395 ζώνης
575 3335 1026 3410 προσεσταλμένος
1067 3337 1144 3408 (Ι)
1179 3345 1252 3408 τῷ
1283 3343 1490 3408 σώματι
1521 3353 1533 3366 ·
1586 3340 1642 3389 τό
1685 3341 1855 3410 μέντοι

255 3423 466 3496 ζῶσμα,
527 3429 660 3497 μήτε
709 3427 812 3476 οἰνω
877 3434 976 3478 τῶν
1028 3425 1276 3497 λαγόνων,
1329 3422 1648 3498 γυναικῶδες
1703 3427 1805 3500 γάρ
1839 3442 1852 3455 ·

253 3517 387 3584 μήτε
440 3521 636 3584 χαῦνον
687 3515 820 3566 ὥστε
878 3511 1110 3589 διαρρεῖν
1169 3517 1255 3568 τόν
1319 3523 1545 3587 χιτῶνα,
1605 3513 1855 3587 βλακικόν

251 3602 379 3674 γάρ.
417 3606 517 3654 Καὶ
543 3605 600 3654 τὸ
650 3597 902 3674 βάδισμα
949 3609 1080 3675 μήτε
1121 3604 1334 3680 νωθρὸν,
1386 3605 1454 3664 ὡς
1493 3604 1698 3655 ἔκλυσιν
1764 3611 1858 3664 τῆς

251 3687 444 3761 ψυχῆς
469 3699 810 3764 κατηγορεῖν·
854 3689 986 3763 μηδ’
1025 3689 1090 3743 αὖ
1147 3689 1374 3766 σφοδρόν
1431 3697 1520 3744 καὶ
1563 3691 1856 3763 σεσοϐημέ-

251 3797 358 3850 νον,
429 3780 498 3840 ὡς
562 3778 890 3850 ἐμπλήκτους
945 3780 1106 3843 αὐτῆς
1161 3785 1254 3842 τὰς
1315 3783 1478 3856 όρμας
1535 3783 1852 3853 ὑποφαίνειν.

255 3870 454 3926 Σκοπὸς
507 3862 566 3920 6“}:
601 3866 816 3928 ἐσθῆτος
859 3871 946 3936 εἰς,
993 3871 1128 3922 ὥστε
1179 3869 1430 3942 κάλυμμα
1483 3867 1612 3922 εἶναι
1663 3873 1856 3942 σαρκός

253 3959 388 4028 πρός
425 3963 664 4026 χειμῶνα
693 3960 782 4008 καὶ
838 3959 984 4032 θέρος
1037 3960 1310 4032 αὔταρκες.
1345 3964 1490 4016 Μήτε
1536 3957 1594 4012 δε
1624 3957 1672 4010 ἐν
1703 3964 1854 4030 χρῶ-

251 4061 404 4117 ματι,
446 4047 504 4095 τό
545 4042 767 4116 ἀνθηρόν
817 4040 1091 4099 διωκέσθω
1125 4062 1139 4078 ⁸
1169 4052 1302 4119 μήτε
1347 4046 1394 4099 ἐν
1433 4055 1494 4120 τῇ
1529 4053 1853 4120 κατασκευῇ,

253 4135 316 4184 τό
353 4131 536 4184 λεπτόν
583 4139 672 4184 καὶ
725 4133 976 4205 μαλακόν.
1029 4139 1099 4188 Τὸ
1141 4139 1244 4211 γαρ
1283 4139 1370 4198 τὰς
1423 4138 1471 4188 ἐν
1529 4136 1714 4196 ἐσθῆτι
1767 4137 1855 4189 εύ-

253 4225 448 4296 χροίας
509 4231 862 4296 περισκοπεῖν,
913 4225 1026 4276 ἴσον
1056 4231 1336 4296 γυναικείῳ
1379 4225 1751 4299 καλλωπισμῷ,
1800 4226 1854 4278 ὃν

255 4309 446 4362 ἐκεῖναι
519 4306 921 4369 ἐπιτηδεύουσιν
988 4311 1239 4385 ἀλλοτρίῳ
1296 4315 1436 4367 ἄνθει
1495 4319 1712 4390 παρειὰς
1767 4321 1856 4368 καὶ

255 4403 450 4472 τρίχας
489 4399 682 4452 ἑαυτῶν
749 4399 1208 4459 καταϐαπτουσαι.
1249 4401 1404 4456 Ἀλλὰ
1453 4409 1554 4476 μην
1603 4409 1692 4456 καί
1755 4425 1854 4458 πα·
1889 4389 1934 4447 D

257 4489 498 4560 χύτητος
533 4489 700 4552 οὕτως
739 4491 764 4541 ό
793 4495 962 4561 χιτὼν
1008 4489 1196 4562 deum:
1225 4493 1385 4562 ἔχειν,
1429 4495 1497 4554 ῶς
1525 4497 1596 4564 μὴ
1645 4490 1857 4546 δεῖσθαι

257 4585 504 4629 κοινωνοῦ
543 4581 673 4650 πρὸς
711 4581 770 4630 τό
812 4577 1019 4631 θάλπειν
1075 4581 1162 4632 τόν
1206 4575 1526 4652 ἐνδυόμενον.
1571 4587 1671 4634 Καὶ
1727 4583 1856 4634 ὑπό-

259 4661 433 4738 δημα,
463 4669 522 4718 τό
561 4667 750 4728 εύτελες
801 4671 890 4742 μεν
943 4671 1078 4721 κατὰ
1120 4673 1213 4727 τὴν
1271 4667 1440 4738 ἀξίαν,
1495 4667 1740 4733 ἀνενδεῶς
1799 4667 1858 4724 δὲ

259 4759 356 4812 τὴν
399 4760 584 4830 χρείαν
633 4756 988 4832 ἀποπληροῦν.
1025 4759 1315 4832 Γυμνιίσιον
1369 4761 1470 4833 γὰρ
1525 4777 1856 4836 ταπεινοφρο-

261 4845 422 4905 σύνης
463 4843 604 4897 ἐστὶν
659 4846 688 4904 ἠ
733 4846 782 4900 ἐν
834 4853 939 4908 τοὶς
993 4845 1369 4920 εὐτελεστέροις
1417 4849 1693 4920 πράγμασι
1736 4845 1858 4902 δια-

257 4931 436 5006 τριϐὴ,
485 4937 546 4986 τό
597 4936 764 4996 πάθος
811 4945 902 4997 τῆς
957 4931 1252 5008 φιλοδοξίας
1291 4937 1670 5012 θεραπεύουσα.
1711 4941 1858 4991 K336-

261 5016 418 5085 δοξος
450 5017 510 5076 δέ
547 5023 712 5094 ἐστιν,
740 5025 766 5078 ὁ
795 5022 952 5096 ψιλῆς
981 5025 1142 5079 ἕνεκεν
1190 5035 1284 5088 τῆς
1329 5033 1420 5078 τού
1449 5030 1651 5100 κόσμου
1700 5023 1860 5090 δόξης

259 5117 422 5164 ποιῶν
449 5129 502 5164 τι
549 5113 578 5170 ἢ
619 5111 798 5185 λέγων.
835 5115 978 5188 Οἶον,
1025 5115 1054 5166 ὀ
1099 5123 1260 5168 ποιῶν
1313 5113 1664 5188 ἐλεημοσύνην
1703 5115 1774 5180 εἰς
1803 5119 1860 5170 τὸ

317 5305 403 5392 χι)
463 5307 938 5383 ῐῐροσεσταλμὲνος.
997 5311 1251 5385 Uterque
1307 5312 1521 5384 codex,
1579 5313 1862 5388 προεσταλ-

258 5396 522 5594 μεΞὲξἘι
547 5449 712 5508 hom.
745 5453 808 5509 in
837 5455 990 5523 psal.
1025 5470 1138 5522 Lit,
1167 5460 1288 5515 193.

357 5525 388 5578 3
441 5524 526 5580 Ex
545 5523 718 5594 epist.
751 5539 932 5594 ccxrx,
965 5531 1051 5584 39.

357 5523 414 5594 3]
441 5524 526 5580 Ex
545 5523 718 5598 epist.
751 5539 932 5594 ccxrx,
965 5531 1051 5584 39.

549 5624 792 5684 ΡΑτιιοι..
832 5624 936 5682 Gn.
959 5626 1140 5682 XXXII

1961 909 2136 980 575
2169 909 2276 964 DE
2315 909 2810 966 HUMILITATE
2851 909 2957 966 ET
2993 911 3232 968 INANI
3257 911 3534 970 GLORIA

2567 1006 2804 1063 SERMO
2852 1009 2939 1062 XX

2001 1111 2047 1160 1.
2070 1107 2147 1176 (2)
2189 1104 2338 1162 Fieri
2367 1120 2494 1161 non
2531 1109 2752 1177 potest,
2783 1108 2848 1161 ut
2877 1103 2926 1160 is
2969 1105 3075 1178 qui
3105 1103 3319 1164 infimo
3345 1107 3582 1164 ultimo-

1925 1209 2043 1268 que
2069 1193 2202 1250 loco
2233 1208 2376 1264 erga
2406 1209 2619 1249 omnes
2659 1193 2872 1250 haberi
2900 1209 3026 1251 non
3055 1195 3206 1266 vult,
3251 1199 3440 1270 queat
3467 1211 3580 1253 un-

1928 1299 2137 1356 quam,
2169 1288 2272 1340 aut
2299 1281 2448 1338 dum
2475 1282 2761 1338 conviciis
2777 1283 3107 1356 impetitur,
3131 1285 3234 1342 ira:
3257 1283 3581 1356 dominari,

1930 1377 2035 1429 aut
2062 1371 2210 1427 dum
2233 1371 2569 1442 afﬁictatur,
2597 1386 2702 1444 per
2727 1372 3081 1444 patientiam
3109 1377 3468 1432 tentationes
3491 1389 3588 1430 su-

1932 1475 2140 1533 perare
2193 1461 2300 1526 Qui
2327 1460 2488 1516 enim
2507 1459 2586 1516 ad
2617 1477 2925 1516 summam
2949 1461 3348 1520 humilitatem
3379 1477 3586 1536 perve-

1935 1550 2039 1616 nit,
2069 1550 2117 1604 is
2143 1565 2280 1604 cum
2329 1549 2388 1604 in
2438 1549 2731 1604 conviciis
2767 1565 2940 1605 suam
2971 1550 3261 1607 vilitatem
3291 1551 3589 1623 majorem

1937 1637 2098 1712 prior
2122 1641 2434 1708 agnoscat,
2463 1637 2544 1693 ob
2571 1637 2762 1694 verba
2791 1637 3198 1709 ignominiosa
3231 1641 3437 1698 animo
3465 1654 3592 1696 non

1939 1725 2437 1783 commovebitur.
2495 1725 2610 1783 Sed
2655 1727 2704 1782 si
2758 1725 3092 1798 appelletur
3135 1743 3392 1800 pauper,
3425 1727 3596 1784 novit.

1941 1816 2208 1888 seipsum
2241 1829 2570 1886 pauperem
2599 1831 2754 1884 esse,
2791 1821 2848 1872 et
2877 1816 3152 1872 omnium
3183 1817 3482 1887 indigum,
3523 1831 3596 1872 ac

1942 1903 2294 1978 quotidiano
2327 1905 2562 1960 Domini
2586 1904 2884 1976 stipendio
2914 1921 3070 1977 opus
3091 1905 3349 1962 habere:
3375 1906 3422 1961 si
3451 1911 3597 1962 vero"

1941 1997 2192 2050 vocatur
2217 1992 2499 2064 ignobilis
2533 1998 2588 2049 et
2631 1993 2952 2062 obscurus,
2991 1992 3160 2067 prius
3201 1994 3320 2052 sibi
3375 1995 3439 2051 in
3485 2009 3598 2050 suo

1945 2083 2125 2139 corde
2174 2081 2457 2136 conscius
2489 2087 2599 2146 est,
2639 2088 3024 2154 procreatam
3069 2099 3200 2140 esse
3230 2101 3292 2140 se
3323 2099 3396 2140 ex
3427 2082 3553 2140 luto
3581 2097 3595 2138 :

1947 2179 2146 2244 atque,
2170 2178 2234 2226 ut
2253 2169 2513 2228 breviter
2531 2171 2840 2244 dicam,(3)
2857 2171 2952 2228 ille
2969 2173 3217 2230 demum
3236 2173 3396 2246 apud
3415 2175 3603 2230 Deum

1948 2277 2208 2333 magnus
2235 2265 2345 2327 est,
2375 2262 2478 2334 qui
2501 2261 2797 2318 humilem
2821 2279 2885 2318 se
2905 2263 3184 2335 proximo
3206 2263 3469 2327 exhibet,
3498 2261 3604 2320 cri-

1949 2352 2253 2424 minaque,
2287 2350 2426 2408 licet
2467 2351 2621 2408 falso
2651 2351 2960 2420 intentata,
2993 2352 3398 2409 inverecunde
3451 2352 3512 2408 in
3541 2366 3606 2407 se

1949 2439 2176 2512 recipit,
2202 2445 2267 2496 ut
2313 2456 2618 2498 summam
2651 2439 2990 2508 utilitatem,
3033 2457 3250 2514 pacem
3293 2442 3605 2507 nimirum,

1951 2530 2116 2586 fratri
2145 2529 2469 2598 gratificari
2501 2530 2717 2588 valeat.
2747 2533 2896 2587 Nam
2945 2532 3196 2604 perinde
3231 2531 3471 2588 difﬁcile
3497 2533 3607 2598 est,

1952 2617 2012 2676 in
2043 2633 2244 2673 rerum
2267 2617 2548 2688 angustia
2578 2633 2818 2690 aequam
2845 2625 3111 2676 mentem
3143 2635 3406 2690 servare,
3438 2636 3510 2676 ac
3548 2619 3612 2674 in

1955 2723 2162 2764 earum
2197 2706 2614 2780 amplitudine,
2640 2707 2717 2764 ab
2746 2708 3068 2766 insolentia
3099 2714 3514 2782 temperatam.
3538 2707 3612 2774 (4)

1959 2797 2231 2871 Superba
2255 2813 2475 2869 nempe
2505 2797 2748 2866 ingenia
2775 2813 2899 2870 quo
2943 2797 3079 2870 plus
3121 2798 3392 2854 officiose
3422 2797 3618 2854 colue-

1959 2887 2062 2958 ris,
2089 2902 2162 2943 eo
2195 2886 2421 2958 seipsis
2451 2886 2854 2944 fastidiosiora
2878 2886 3032 2943 effici
3055 2891 3518 2944 consueverunt.
3536 2889 3618 2958 (ὅ)

1963 2975 2392 3032 Ilumiliautem
2405 2991 2475 3032 ac
2487 2975 2752 3032 demisso
2771 2976 2975 3032 sensui
2992 2976 3168 3033 tristis
3181 2976 3392 3032 oculus
3403 2990 3620 3032 conve-

1963 3066 2048 3122 nit
2069 3065 2428 3122 etdeorsum
2447 3079 2722 3134 vergens,
2737 3065 2980 3121 habitus
3001 3063 3620 3138 neglectus,squalida

1965 3171 2162 3224 coma,
2181 3153 2364 3212 vestis
2397 3153 2680 3220 sordida;
2721 3153 2876 3210 adeo
2905 3160 2970 3210 ut
3011 3169 3149 3227 qua:
3175 3154 3452 3226 lugentes
3476 3153 3622 3211 data

1963 3259 2151 3318 opera
2165 3243 2485 3312 faciunt,ea
2505 3257 2616 3299 sua
2635 3247 2847 3316 sponte
2865 3243 3044 3300 nobis
3065 3244 3266 3300 inesse
3279 3243 3410 3300 vide
3420 3249 3620 3300 antur.

1963 3333 2187 3390 Tunica
2206 3331 2448 3403 cingulo
2470 3331 2548 3389 ad
2579 3349 2798 3406 corpus
2822 3333 3065 3390 astricta
3095 3334 3170 3390 sit
3201 3351 3214 3390 :
3259 3333 3488 3390 cinctus
3513 3347 3620 3391 ne-

1965 3439 2084 3496 que
2109 3421 2208 3479 ilia
2230 3425 2566 3494 exsuperet,
2588 3421 2651 3478 id
2675 3419 2836 3478 enim
2869 3421 3159 3479 muliebre
3186 3441 3200 3492 ;
3224 3437 3421 3496 neque
3442 3417 3620 3480 laxus

1966 3511 2050 3568 ita
2073 3517 2135 3568 ut
2155 3511 2360 3566 tunica
2388 3509 2647 3578 difﬂuat,
2671 3511 2734 3566 id
2757 3512 2918 3567 enim
2965 3511 3165 3568 molle.
3199 3515 3469 3568 tncessus
3494 3507 3620 3570 esto

1967 3616 2076 3658 nec
2106 3600 2324 3673 segnis,
2370 3616 2448 3656 ne
2487 3599 2760 3656 animum
2805 3600 3164 3657 dissolutum
3220 3607 3476 3672 arguat;
3508 3613 3620 3658 nec

1965 3705 2172 3746 rursus
2202 3689 2526 3745 vehemens
2559 3705 2630 3745 ac
2662 3689 2982 3762 superbus,
3035 3704 3110 3746 ne
3148 3689 3396 3746 stolidos
3431 3689 3619 3746 animi

1965 3783 2226 3851 impetus
2269 3777 2513 3835 indicet.
2551 3779 2710 3834 Unus
2740 3777 3082 3834 vestimenti
3113 3793 3354 3850 scopus,
3391 3785 3454 3834 ut
3485 3778 3618 3834 ido-

1965 3883 2150 3924 neum
2171 3867 2244 3923 sit
2273 3866 2470 3924 carnis
2497 3866 2576 3922 ad
2603 3866 2867 3922 hiemem
2889 3871 2945 3922 et
2987 3870 3255 3924 restatem
3285 3867 3620 3940 operimen-

1965 3961 2113 4014 tum.
2152 3959 2354 4028 Neque
2403 3969 2546 4012 vero
2577 3955 2638 4012 in
2668 3953 2868 4012 colore
2917 3956 3202 4013 floridum
3245 3957 3614 4030 exquiratur,

1963 4061 2161 4119 neque
2185 4046 2247 4102 in
2277 4059 2459 4118 opere
2493 4050 2667 4102 tenue
2716 4061 2788 4102 ac
2820 4045 3022 4104 molle.
3061 4047 3289 4104 Etenim
3341 4048 3402 4104 in
3455 4051 3617 4104 veste

1963 4135 2693 4212 pigmentorumlautitias
2720 4136 3073 4206 consectari,
3091 4151 3216 4194 non
3233 4136 3507 4198 absimile
3527 4139 3620 4196 est

1963 4226 2292 4284 venustatis
2339 4225 2562 4290 studio,
2593 4241 2716 4298 quo
2761 4225 3045 4283 mulieres
3096 4227 3420 4300 ducuntur,
3467 4227 3618 4284 dum

1965 4332 2153 4389 genas
2183 4321 2239 4373 et
2259 4316 2454 4372 crines
2484 4314 2682 4373 alieno
2703 4317 2850 4373 flore
2869 4316 3162 4373 inficiunt.
3193 4317 3308 4375 Sed
3335 4321 3392 4374 et
3420 4333 3492 4373 eo
3525 4333 3618 4372 us-

1965 4423 2084 4480 quc
2115 4421 2316 4463 crassa
2350 4405 2554 4462 tunica
2594 4404 2686 4470 sit,
2721 4410 2786 4460 ut
2816 4405 2978 4462 socia
3003 4421 3156 4477 opus
3201 4421 3324 4462 non
3371 4406 3616 4477 habeat,

1965 4495 2044 4553 ad
2076 4512 2212 4552 eum
2243 4509 2348 4568 qui
2397 4492 2668 4550 induitur
2711 4491 3202 4550 calefaciendum.
3249 4493 3618 4552 Calcearium

1963 4589 2167 4642 autem
2197 4583 2388 4656 pretio
2427 4581 2676 4654 quidem
2703 4581 2828 4650 vili,
2879 4581 2984 4637 sed
3023 4581 3118 4637 cui
3145 4581 3296 4637 nihil
3337 4581 3490 4640 desit
3536 4581 3620 4640 ad

1963 4689 2144 4729 usum
2175 4670 2562 4742 explendum.
2597 4667 2846 4726 flumilis
2880 4668 3042 4725 enim
3065 4669 3405 4744 abjectique
3428 4671 3617 4730 animi

1966 4758 2308 4817 exercitatio
2331 4757 2394 4813 in
2426 4757 2704 4816 vitiorum
2735 4757 3200 4830 teuuiorumque
3227 4774 3431 4816 rerum
3475 4777 3618 4818 con-

1965 4849 2306 4906 versatione
2319 4845 2610 4912 consistit,
2627 4845 2830 4916 glorize
2843 4845 3076 4918 cupidis
3089 4847 3452 4906 medicinam
3481 4851 3621 4908 affe-

1965 4953 2126 4997 rens.
2151 4937 2228 5006 (6)
2251 4936 2453 4992 Inanis
2477 4937 2678 4991 autem
2707 4933 2910 5005 gloriae
2935 4935 3246 4994 affectator
3273 4938 3369 4994 ille
3399 4937 3620 5012 est,qui

1967 5024 2394 5100 abjectissimse
2425 5023 2610 5096 hujus
2632 5023 2838 5080 saeculi
2863 5023 3067 5094 gloriae
3094 5041 3283 5083 causa
3302 5027 3620 5100 quidpiam

1968 5121 2073 5176 aut
2093 5115 2238 5176 facit
2257 5119 2363 5174 aut
2387 5113 2550 5174 dicit.
2573 5112 2838 5188 Exempli
2867 5114 3084 5187 gratia,
3099 5115 3172 5188 (7)
3187 5115 3292 5188 qui
3311 5115 3453 5174 facit
3471 5116 3624 5194 elee,

2069 5407 2080 5436 ἱ

2167 5386 2244 5438 Ex
2273 5386 2444 5456 epist.
2475 5387 2658 5456 11,74.

2065 5454 2118 5516 ο)
2161 5454 2526 5514 υιιιιεοοᾱωι
2551 5454 2776 5510 indicat
2805 5457 3130 5514 comment.
3156 5455 3216 5514 in
3255 5457 3366 5516 Isa.

2067 5313 2122 5456 Ἴ
2161 5315 2242 5368 Ex
2263 5311 2439 5386 epist.
2463 5327 2722 5379 ccxxnx,
2746 5325 2810 5370 n.
2831 5315 2883 5367 2.

2069 5389 2096 5436 Et
2167 5386 2244 5438 Ex
2273 5385 2444 5456 epist.
2475 5399 2534 5450 ιι,
2556 5387 2671 5456 74,

2101 5457 2119 5540 ξ
2161 5457 2319 5540 ρους
2336 5457 2526 5514 codex
2549 5457 2638 5540 ine

2065 5527 2123 5600 7)
2159 5526 2238 5584 Ex
2258 5529 2586 5592 commeat.
2617 5527 2680 5588 in
2715 5527 2852 5592 Isa.,
2887 5531 3012 5586 017.

2041 5315 2060 5382 (

2044 5389 2060 5452 ί

2043 5462 2058 5526 (

2045 5531 2060 5590 (

3267 5630 3340 5688 43
