4056 6222
593 189 734 253 1355

1541 193 1907 250 ΑΡΡΕΝΒΙΧ.
1948 223 2017 233 -—
2059 193 2410 250 SYMEONIS
2448 195 2971 252 METAPHRASTIE

3742 213 3839 266 1356

587 335 915 392 mosynam
946 320 1026 375 ad
1055 318 1474 391 accipiendam
1503 318 1581 376 ab
1611 318 1959 374 hominibus
1971 318 2236 388 gloriam1

2363 315 2688 380 δοξασθῆναι
2722 319 2822 372 ὑπὸ
2868 329 2970 371 τῶν
3025 320 3324 393 ἀνθρώπων,
3383 322 3549 395 ἀπέχει
3584 331 3654 379 τὸν
3686 336 3840 400 μισθόν,

585 410 796 482 recipit
814 425 989 465 suam
1015 408 1360 464 mercedem
1381 409 1453 477 ⁵³,
1484 423 1595 464 nec
1627 408 1968 464 misericors
1999 413 2087 464 est
2133 425 2249 465 nec

585 499 1086 559 muniﬁcus.ltem
1104 499 1450 572 quicunque
1475 504 1814 571 temperans
1835 503 1923 555 est
1943 500 2021 555 ad
2035 501 2248 555 ineun-

586 588 732 644 dam
743 587 823 644 ab
846 587 1200 644 hominibus
1214 587 1842 660 gratiam,temperans
1854 603 1978 644 non
1995 593 2248 659 est,eum

582 678 866 735 virtutem
895 693 1022 734 non
1049 682 1302 751 quaerat,
1325 678 1432 733 sed
1454 677 1713 749 gloriam
1734 692 1808 733 ex
1829 692 1900 733 ea
1924 682 2249 749 proventu-

582 783 718 823 ram
744 773 1017 824 venetur.
1051 768 1194 838 (1)⁶⁰
1223 770 1375 823 Nam
1404 767 1652 822 Ananiae
1674 766 1843 822 initio
1864 766 2080 823 licebat
2101 782 2247 838 pos-

586 856 922 912 sessionem
944 872 1119 912 suam
1149 858 1269 911 Deo
1299 871 1426 912 non
1455 855 1722 927 polliceri
1746 871 1816 911 ac
1841 871 2061 911 vovere
2086 873 2099 910 :
2138 857 2246 913 sed

582 950 913 1018 postquam
933 945 1012 1002 ad
1025 946 1363 1001 humanam
1386 944 1639 1015 gloriam
1659 945 2244 1017 respiciens,posses-

584 1035 817 1091 sionem
845 1051 1018 1091 suam
1049 1037 1169 1089 Deo
1198 1049 1306 1106 per
1332 1033 1828 1106 pollicitationem
1851 1035 2239 1105 consecravit,

580 1127 649 1178 ut
670 1122 1021 1178 hominibus
1056 1123 1231 1194 576
1263 1122 1343 1177 ob
1371 1122 1853 1178 muniﬁcentiam
1871 1126 2029 1178 esset
2051 1123 2244 1178 admi-

578 1211 819 1280 rationi,
848 1215 1017 1283 parte
1039 1211 1213 1283 pretii
1244 1210 1529 1282 seposita,
1558 1210 1865 1281 ejusmodi
1908 1211 2236 1267 adversum

583 1316 648 1357 se
675 1299 1153 1370 indignationem
1180 1299 1418 1354 Domini
1443 1299 1791 1368 commovit,
1822 1300 1996 1370 cujus
2035 1302 2242 1355 Petrus

581 1389 856 1445 minister
880 1387 1014 1455 fuit,
1044 1393 1111 1444 ut
1158 1403 1235 1443 ne
1279 1387 1645 1461 poenitentiae
1691 1387 1941 1459 quidem
1977 1389 2242 1460 spatium

581 1477 895 1533 inveniret.
929 1478 1006 1549 (2)
1033 1476 1325 1533 Dominus
1351 1475 1514 1532 enim
1544 1476 1650 1548 qui
1695 1476 1974 1547 superbis
2003 1478 2239 1545 resistit,

582 1569 641 1622 et
661 1565 940 1622 humiliat
964 1569 1316 1637 peccatores
1337 1581 1531 1638 usque
1561 1564 1639 1621 ad
1656 1567 1960 1632 terram“,
1988 1565 2084 1621 hic
2113 1566 2241 1639 ipse

2358 414 2448 461 καὶ
2485 408 2579 460 οὑκ
2617 410 2758 460 ἔστιν
2811 407 3036 481 ἐλεήμων
3098 407 3221 462 οὑδὲ
3274 419 3559 473 κοινωνικὸς.
3605 423 3685 468 Καὶ
3725 422 3842 472 ὁσω-

2358 506 2551 569 φρονῶν
2616 497 2688 558 εἰς
2769 502 2860 555 την
2926 497 3252 568 ἀνθρωπίνην
3325 499 3588 573 ἀρέσκειαν,
3649 506 3723 556 οὑκ
3765 512 3843 560 ἐστι

2359 591 2598 658 σώφρων,
2635 587 2694 638 οὑ
2724 591 2818 646 τὴν
2869 585 3054 660 ἀρετὴν
3081 584 3308 657 διώκων,
3347 587 3463 641 ἀλλὰ
3507 597 3590 649 τὴν
3628 591 3701 644 ἀπ’
3728 597 3842 657 αὐτῆς

2357 672 2515 737 δόξαν
2567 678 2879 748 θηρώμενος.
2931 676 3078 738 Ἐξῆν
3117 680 3217 751 ’γὰρ
3274 686 3344 747 τῷ
3389 679 3579 751 Ἀνανίᾳ
3609 687 3688 739 την
3720 682 3844 755 ἀρχὴν

2355 769 2424 835 μὴ
2473 763 2885 836 ἐπαγγείλασθαι
2936 774 3008 835 τῷ
3046 773 3160 835 Θεῴ
3210 772 3298 824 τὴν
3345 775 3516 825 κτῆσιν
3547 791 3557 800 ο
3599 768 3841 829 ἐπειδὴ

2351 854 2482 926 πρὸς
2511 857 2605 910 την
2637 851 2961 926 ἀνθρωπίνην
2992 851 3198 906 ἀπιδὼν
3229 851 3401 921 δόξαν,
3436 861 3488 907 τό
3523 861 3600 928 μὲν
3631 868 3774 931 κτῆμα

2356 938 2450 993 διὰ
2486 951 2583 1002 τῆς
2635 941 2946 1015 ἐπαγγελίας
2999 953 3072 1014 τῷ
3131 952 3245 1014 Θεῷ
3301 943 3578 1019 ἀφιέρωσεν,
3614 951 3668 1007 ὡς
3690 948 3736 998 ἂν
3762 951 3846 1000 Θαν-

2353 1034 2577 1103 μασθείη
2625 1036 2769 1106 παρὰ
2815 1041 2914 1083 τῶν
2969 1031 3250 1107 ἀνθρώπων
3289 1033 3369 1085 ἐπὶ
3418 1042 3474 1105 τῇ
3526 1036 3762 1108 φιλοτιμίᾳ,
3784 1046 3846 1089 τοῦ

2351 1126 2640 1193 τιμήματος
2721 1118 2779 1173 δὲ
2847 1121 3119 1174 ἐνοσίσατο
3171 1139 3185 1152 ·
3245 1126 3480 1180 τοιαύτην
3542 1123 3715 1181 ἐκίνησε
3767 1127 3848 1176 καθ’

2352 1210 2536 1261 ἑαυτοῦ
2592 1217 2685 1260 τοῦ
2743 1215 2936 1282 Κυρίου
2995 1216 3087 1268 την
3140 1209 3506 1281 ἀγανάκτησιν,
3556 1213 3607 1272 ἧς
3657 1215 3849 1283 ὑπηρέτης

2352 1300 2378 1349 ό
2416 1302 2605 1370 Πέτρος
2654 1295 2735 1369 ἦν,
2779 1301 2848 1360 ὡς
2895 1294 3034 1370 μηδὲ
3068 1303 3338 1371 μετανοίας
3392 1301 3680 1371 προθεσμίαν
3719 1303 3850 1372 εὑρεῖν,

2348 1386 2408 1438 Ὀ
2459 1389 2558 1459 γὰρ
2632 1385 3071 1459 ἀντιτασσόμενος
3156 1389 3494 1463 ὑπερηφάνοις
3568 1392 3745 1462 Κύριος,
3790 1397 3850 1440 καί

2350 1484 2600 1528 ταπεινῶν
2657 1475 2988 1550 ἁμαρτωλοὺς
3049 1478 3144 1538 ἕως
3197 1485 3321 1548 γῆς,
3374 1475 3516 1538 οὗτος
3567 1475 3856 1548 ἐπαγγέλλεται

2351 1568 2444 1623 τὴν
2518 1564 2666 1636 ὑϐριν
2748 1573 2849 1615 τῶν
2921 1566 3259 1639 ὑπερηφάνων
3328 1572 3654 1621 ταπεινώσειν.
3703 1564 3747 1616 Ὀ
3793 1561 3854 1616 οὖν

582 1655 988 1727 superborum
1004 1653 1437 1710 contumeliam
1453 1653 1882 1726 depressurum
1903 1670 1967 1710 se
1997 1653 2236 1726 pollice-

2350 1660 2600 1703 ταπεινῶν
2663 1656 2780 1711 τοὺς
2837 1653 3214 1726 ὑπερηφάνους,
3269 1653 3445 1727 ῥύεται
3502 1656 3580 1724 μὲν
3631 1652 3781 1712 αὐτοὺς
3819 1650 3857 1702 Ex

537 1805 539 1812 ε
581 1748 698 1801 tur.
731 1743 841 1810 Qui
863 1743 1046 1814 igitur
1064 1743 1345 1799 humiliat
1370 1743 1687 1814 superbos,
1707 1742 1869 1798 idem
1898 1741 2031 1798 illos
2061 1745 2140 1799 ab
2169 1760 2241 1800 ea

585 1833 977 1891 similitudine
995 1849 1186 1906 quam
1213 1849 1354 1888 cum
1383 1832 1629 1888 diabolo
1663 1832 1960 1904 superbiae
1991 1838 2239 1905 parente

579 1923 831 1990 habent,
861 1922 1111 1989 liberat;
1145 1927 1203 1977 et
1227 1937 1332 1978 eos
1362 1921 1615 1991 inducit,
1668 1925 1734 1977 ut
1778 1921 1930 1978 ﬁant
1958 1921 2239 1994 discipuli

584 2014 736 2085 ejus,
753 2012 860 2086 qui
888 2013 970 2068 ait
993 2030 1006 2068 :
1030 2013 1255 2068 Discite
1283 2012 1595 2082 ame,quia
1611 2012 1770 2066 mitis
1793 2027 1947 2080 sum,
1969 2018 2023 2068 et
2046 2011 2241 2068 humi-

586 2087 662 2158 lis
699 2101 872 2158 corde
897 2101 966 2158 ⁸³.
990 2101 1066 2172 (3)
1091 2099 1246 2166 Quid
1273 2100 1351 2156 de
1379 2105 1434 2156 te
1464 2099 1951 2169 magniﬁcentius
1984 2100 2238 2170 cogitas,

583 2190 754 2264 quod
771 2189 1136 2264 populorum
1151 2189 1402 2260 agmina
1412 2188 1718 2258 cecideris,
1733 2192 1911 2261 atque
1931 2188 2241 2246 civitatum

586 2284 938 2354 potentatus
972 2277 1390 2335 subverteris?
1433 2280 1642 2334 Nonne
1685 2293 1756 2333 ea
1795 2277 1980 2333 etiam
2009 2277 2241 2334 ratione

585 2367 814 2425 securis
840 2366 1203 2424 insolescere
1251 2365 1464 2438 possit,
1495 2365 1665 2437 quod
1713 2363 1983 2422 excelsas
2039 2380 2243 2438 super-

588 2456 829 2529 basque
859 2455 1107 2512 arbores
1125 2453 1296 2512 humi
1317 2454 1602 2526 dejiciat?
1621 2453 1757 2526 ipsa
1786 2469 2030 2527 quoque
2053 2469 2241 2522 serra,

590 2545 758 2618 quod
792 2544 986 2601 solida
1014 2545 1315 2615 ﬁrmaque
1356 2543 1524 2613 ligna
1552 2541 1832 2599 dividat?
1877 2547 1949 2598 At
1976 2558 2121 2599 vero
2148 2558 2244 2599 ne-

588 2650 708 2708 que
733 2633 860 2690 sine
883 2632 1168 2690 manibus
1193 2631 1412 2688 scindit
1437 2631 1685 2701 securis,
1717 2647 1831 2687 nec
1869 2631 2102 2704 absque
2130 2637 2243 2688 tra-

586 2725 768 2782 hente
799 2740 863 2780 se
883 2723 1152 2780 dividere
1180 2739 1347 2779 serra
1371 2726 1586 2794 potest.

656 2819 715 2872 2.
745 2815 820 2885 (4)
838 2813 1010 2880 Quod
1034 2813 1083 2868 si
1103 2812 1452 2886 proximum
1473 2816 1824 2883 peccantem
1837 2811 2082 2880 videris,
2097 2828 2242 2870 cave

584 2901 1137 2975 consideresipsius
1166 2905 1483 2974 peccatum
1510 2900 1735 2956 solum:
1768 2900 1874 2957 sed
1903 2901 2085 2956 etiam
2105 2917 2242 2974 quae
2299 2963 2308 2969 ,

581 2993 722 3049 fecit
743 2996 846 3048 aut
866 2990 1008 3047 facit
1031 2989 1460 3060 recte,cogita;
1485 2993 1541 3045 et
1563 3005 1723 3061 saepe
1743 3005 1883 3044 eum
1915 2989 2242 3061 deprehen-
2271 3013 2311 3070 ρ

582 3082 691 3139 des
723 3081 916 3154 teipso
947 3079 1282 3148 meliorem,
1309 3077 1588 3150 expensis
1611 3077 1789 3133 rebus
1809 3078 2242 3150 omnibus,non

581 3188 706 3228 una
736 3171 1033 3227 duntaxat
1057 3173 1226 3242 parte
1252 3167 1618 3224 examinata.
1650 3169 1852 3240 Neque
1894 3168 2053 3223 enim
2086 3171 2239 3224 Deus

577 3260 888 3316 hominem
917 3274 990 3313 ex
1017 3263 1185 3330 parte
1207 3257 1517 3330 expendit:
1534 3259 1656 3328 Ego
1679 3256 1862 3326 enim,
1879 3256 2088 3329 inquit,
2112 3272 2242 3327 ope-

579 3364 681 3404 ras
706 3355 760 3405 et
790 3349 1181 3418 cogitationes
1231 3363 1433 3403 eorum
1465 3348 1638 3403 venio
1677 3349 2237 3417 congregaturus“.

579 3437 735 3504 Quin
749 3437 932 3493 etiam
945 3435 1724 3508 cumJosaphataliquando
1738 3435 1817 3491 ob
1833 3451 2096 3508 praesens
2109 3452 2240 3508 pec-

575 3531 776 3583 catum
808 3526 1164 3598 increparet,
1184 3525 1458 3581 meminit
1486 3540 1728 3597 quoque
1752 3529 1908 3580 recte
1940 3525 2238 3581 factorum

571 3615 785 3689 ipsius,
803 3615 898 3672 his
923 3615 1142 3671 verbis:
1161 3615 1579 3671 Verumtamen
1606 3613 1786 3671 verba
1817 3614 1970 3670 bona
1997 3616 2239 3671 inventa

571 3711 714 3761 sunt
744 3707 803 3761 in
829 3711 885 3762 te
901 3707 973 3764 5'“.
1004 3705 1076 3776 (5)
1119 3704 1226 3768 Qui
1253 3703 1433 3773 igitur
1469 3701 1674 3758 multis
1714 3702 2080 3774 magnisque
2103 3718 2237 3775 pec-

571 3794 720 3850 catis
749 3794 1052 3851 obnoxius
1083 3798 1193 3863 est,
1246 3809 1389 3848 eum
1431 3807 1594 3864 saepe
1646 3790 1861 3847 liberat
1899 3790 2232 3847 humilitas.

567 3883 777 3956 Itaque
797 3900 872 3939 ne
894 3888 946 3939 te
963 3884 1094 3956 ipse
1110 3899 1234 3954 prae
1255 3880 1440 3938 altero
1453 3879 2235 3952 justiﬁcaveris,nequando

568 3971 674 4027 Dei
709 3973 1024 4036 sententia,
1073 3971 1182 4026 etsi
1230 3974 1333 4027 tua
1374 3969 1762 4040 justificatus,
1809 3970 2232 4028 condemnere.

567 4061 946 4131 Perpetrasse
975 4063 1032 4114 te
1057 4057 1206 4114 boni
1236 4057 1468 4129 aliquid
1493 4057 1805 4113 arbitraris
1827 4059 1855 4114 ?
1871 4059 1994 4128 Age
2014 4059 2232 4129 gratias

567 4149 714 4210 Deo,
745 4162 858 4202 nec
897 4150 953 4201 te
979 4145 1196 4201 extolle
1227 4156 1438 4201 contra
1469 4145 1837 4216 proximum.
1869 4147 2023 4212 Quid
2071 4148 2231 4205 enim

565 4233 917 4309 proximum
936 4231 1163 4304 juvisti,
1205 4231 1372 4304 quod
1416 4230 1601 4286 ﬁdem
1641 4247 1707 4286 es
1758 4233 2095 4300 confessus,
2128 4239 2232 4292 aut

2348 1749 2442 1800 τῆς
2497 1744 2622 1814 πρὸς
2673 1744 2762 1791 τόν
2811 1736 3054 1792 διάϐολον
3116 1740 3437 1812 ὁμοιότητος,
3492 1743 3539 1800 ὃς
3597 1739 3692 1791 ἐστι
3731 1747 3855 1810 πατὴρ

2348 1839 2440 1890 τῆς
2490 1830 2863 1904 ὑπερηφανίας,
2914 1829 3080 1901 ἐνάγει
3127 1827 3186 1882 δὲ
3243 1830 3428 1890 αὐτοὺς
3472 1835 3592 1902 πρὸς
3637 1833 3686 1881 τό
3738 1830 3857 1900 μαθη-

2348 1920 2590 1971 τεύεσθαι
2635 1927 2708 1988 τῷ
2760 1918 2955 1970 εἰπόντι
2987 1935 2998 1947 ·
3043 1920 3246 1971 Μάϐετε
3297 1919 3385 1971 ἀπ’
3445 1919 3581 1990 ἐμοῦ,
3633 1920 3696 1969 ὅτι
3741 1922 3857 1990 πρᾶός

2349 2008 2455 2080 εἰμι
2492 2013 2582 2059 καὶ
2638 2010 2875 2067 ταπεινὸς
2918 2017 2978 2079 τῇ
3033 2005 3250 2080 καρδίᾳ.
3309 2012 3374 2060 Τί
3415 2013 3543 2079 μέγα
3595 2015 3757 2080 φρονεῖς
3800 2005 3857 2056 ἐπὶ

2351 2105 2572 2168 σεαυτῷ,
2625 2100 2694 2158 ὡς
2752 2101 2995 2149 κόπτοντι
3060 2099 3202 2164 ἔθνη,
3248 2103 3342 2150 καὶ
3397 2099 3703 2171 καθαιροῦντι
3749 2091 3860 2146 δυνα-

2353 2191 2523 2247 στείας
2569 2195 2669 2237 τῶν
2709 2185 2936 2253 πόλεων;
2994 2185 3061 2238 Ἦ
3125 2187 3289 2248 οὑτως
3344 2186 3391 2258 γ’
3441 2185 3498 2236 ἂν
3539 2191 3620 2236 καὶ
3676 2186 3699 2240 ἡ
3753 2182 3858 2243 ἀξίνη

2350 2279 2484 2348 μέγα
2526 2279 2754 2348 φρονείη,
2795 2277 2860 2334 ὡς
2886 2278 2954 2326 τὰ
3004 2276 3275 2347 ὑπέρογκα
3313 2282 3414 2327 τῶν
3460 2271 3669 2347 δένδρων
3708 2272 3764 2333 εἰς
3801 2279 3866 2340 γῆν

2349 2362 2753 2416 καταϐάλλουσα
2783 2380 2795 2392 ·
2846 2368 2936 2415 καὶ
2989 2364 3014 2414 ό
3054 2368 3240 2436 πρίων,
3286 2367 3353 2424 ὡς
3397 2367 3461 2415 τὰ
3513 2370 3770 2415 συνεστῶτα
3807 2364 3865 2408 καὶ

2351 2453 2587 2525 ἡνωμένα
2635 2461 2734 2504 τῶν
2805 2451 2965 2514 ξύλων
3021 2448 3263 2524 διαιρῶν.
3336 2451 3471 2505 Ἀλλ’
3532 2455 3636 2503 οὔτε
3692 2451 3716 2506 ἡ
3765 2447 3865 2509 ἀξίνη

2351 2542 2469 2593 ἄνευ
2517 2551 2615 2592 τῶν
2663 2549 2857 2614 χειρῶν
2924 2546 3128 2606 κόπτει,
3193 2543 3313 2592 οὔτε
3370 2543 3397 2592 ὁ
3461 2545 3615 2613 πρίων
3664 2541 3760 2589 ἄνευ
3808 2543 3867 2586 τοὺ

2350 2630 2582 2692 ἕλκοντος
2613 2629 2768 2682 αὑτόν
2780 2673 2794 2685 .

2421 2812 2475 2865 2.
2535 2808 2639 2862 Κᾶν
2715 2811 2800 2860 τὸν
2869 2807 3021 2868 πέλας
3087 2807 3460 2881 ἁμαρτάνοντα
3523 2809 3780 2879 θεωρησης,
3823 2807 3868 2872 μή

2347 2906 2498 2950 τοῦτο
2526 2902 2678 2970 μόνον
2706 2899 2865 2949 αὑτοῦ
2899 2902 3172 2969 σκοπησης
3204 2913 3216 2926 ·
3268 2896 3587 2969 ἐνθυμήθητι
3623 2891 3675 2946 δὲ
3705 2897 3776 2943 καὶ
3805 2891 3872 2941 ὅσα

2348 2993 2615 3062 πέπρακεν
2669 2987 2698 3045 ἦ
2758 2988 2974 3058 πράττει
3041 2986 3226 3054 καλῶς,
3280 2992 3373 3038 καὶ
3421 2985 3655 3045 πολλάκις
3701 2983 3873 3054 εὑρήσεις

2350 3078 2504 3129 αὑτὸν
2553 3075 2792 3148 ἀμείνονα
2856 3083 3095 3142 σεαυτοῦ,
3146 3071 3238 3127 διὰ
3289 3079 3494 3127 πάντων
3547 3073 3766 3136 ἐξετάζων
3814 3074 3873 3117 καὶ

2348 3173 2420 3239 μὴ
2479 3167 2668 3238 μερικα
2726 3164 3092 3237 ψηριζόμενος.
3166 3161 3311 3216 osa“;
3378 3167 3480 3238 γὰρ
3549 3167 3663 3221 Θεὸς
3715 3165 3874 3231 μερικῶς

2349 3256 2576 3319 ἐξετάζει
2625 3259 2713 3307 τόν
2760 3256 3068 3328 ἄνθρωπον·
3127 3253 3252 3324 Ἐγὼ
3307 3256 3434 3327 γὰρ,
3494 3259 3636 3324 φησὶ,
3693 3252 3749 3300 τὰ
3791 3252 3876 3319 ἔργα

2348 3352 2438 3399 καὶ
2505 3349 2621 3406 τοὺς
2704 3343 2986 3416 λογισμοὺς
3067 3342 3238 3394 αὐτῶν
3322 3346 3552 3417 ἔρχομαι
3616 3341 3873 3409 συναγαγεῖν.

2350 3441 2451 3489 Καὶ
2506 3443 2578 3506 τῷ
2645 3433 2900 3506 Ἰωσαφὰτ
2957 3430 3274 3503 ἐπιτιμήσας
3331 3435 3458 3484 ποτε
3522 3427 3610 3482 διὰ
3657 3433 3738 3485 τὴν
3781 3427 3878 3494 ποιρά

2346 3524 2518 3586 πόδας
2575 3526 2856 3600 ἁμαρτίαν,
2915 3522 3146 3595 ἐμνήσθη
3205 3529 3297 3575 καὶ
3371 3532 3474 3575 τῶν
3539 3520 3874 3592 κατωρθωμένων

2346 3616 2508 3686 αὑτῷ,
2576 3614 2772 3686 λέγων·
2835 3611 2974 3670 Πλην
3039 3609 3167 3663 ἀλλὰ
3212 3611 3363 3683 λόγοι
3422 3610 3605 3683 ἀγαθοὶ
3661 3607 3876 3680 εὑρέῦησῦῠ

2345 3703 2394 3756 ἐν
2458 3709 2562 3757 σοί.
2634 3703 2782 3755 Οὕτω
2849 3702 3029 3775 ῥύεται
3088 3699 3334 3761 πολλάκις
3396 3703 3427 3757 ὴ
3506 3693 3871 3767 ταπεινοφροσᾶνῐ

2344 3797 2431 3845 τόν
2485 3795 2827 3868 ἡμαρτηκότα
2871 3789 3037 3841 πολλὰ
3073 3795 3164 3840 καὶ
3208 3789 3438 3861 μεγάλα.
3485 3793 3569 3846 Μὴ
3601 3782 3681 3839 οὖν
3719 3784 3875 3836 σεαυτὸν

2344 3879 2642 3955 ὃικαιὼσης
2730 3882 2855 3953 ὑπὲρ
2936 3879 3137 3952 ἕτερον,
3216 3884 3425 3950 μήποτε
3507 3874 3774 3930 δικαιωθείς
3833 3875 3872 3935 τῇ

2345 3980 2565 4024 σεαυτοῦ
2613 3970 2792 4042 ψήφῳ,
2847 3976 2907 4041 τῇ
2964 3976 3055 4021 τοῦ
3113 3976 3247 4022 Θεοῦ
3305 3969 3651 4042 κατακριθῇς.
3703 3967 3794 4016 Οἱει
3843 3977 3875 4006 τι

2341 4064 2625 4136 κατορθοῦν
2687 4059 2910 4130 ἀγαθόν;
2967 4057 3275 4132 εὐχαρίστει
3331 4066 3408 4128 τῷ
3481 4065 3613 4127 Θεῷ,
3675 4058 3736 4125 μὴ
3781 4051 3875 4099 κατὰ

2339 4159 2431 4203 τοῦ
2459 4150 2678 4208 πλησίον
2711 4147 2914 4201 ἐπαίου.
2961 4151 3024 4198 Τί
3054 4150 3154 4221 γὰρ
3204 4151 3421 4208 ὤνησας
3459 4149 3544 4198 τὸν
3579 4144 3792 4205 πλησίον,
3821 4138 3873 4187 ὁτι

2336 4244 2516 4292 πίστιν
2569 4238 2928 4311 ὡμολόγησας,
2979 4237 3008 4294 ἦ
3053 4240 3220 4307 φυγὴν
3277 4237 3562 4308 ὑπέμεινας
3592 4229 3679 4285 διὰ
3716 4234 3764 4280 τὸ
3796 4233 3872 4278 dvo-

567 4321 845 4379 exsilium
871 4337 1193 4394 perpessus
1233 4319 1312 4376 ob
1349 4319 1564 4378 Christi
1593 4335 1840 4388 nomen,
1882 4326 1984 4377 aut
2009 4323 2222 4394 jejunii

2338 4349 2430 4401 μα,
2459 4329 2489 4388 ἣ
2525 4336 2630 4390 τοῖς
2679 4336 2771 4386 τῆς
2817 4329 3063 4386 νηστείας
3108 4324 3520 4399 ἐνεκαρτέρησας
3560 4328 3757 4386 noscit;
3790 4315 3873 4383 Οὐχ

561 4410 803 4468 labores
834 4413 1181 4468 constanter
1212 4407 1548 4482 pertulisti?
1593 4411 1850 4465 Lucrum
1887 4414 2059 4466 tuum
2112 4416 2218 4479 est,

562 4518 690 4557 non
717 4499 980 4557 alterius.
1008 4499 1168 4556 Time
1189 4515 1264 4555 ne
1293 4497 1564 4553 similiter
1593 4498 1777 4554 cadas
1806 4503 1987 4572 atque
2008 4499 2219 4557 diabo-

561 4591 678 4661 lus,
705 4591 829 4664 qui,
863 4591 1055 4646 elatus
1085 4595 1294 4646 contra
1330 4589 1660 4656 hominem,
1685 4589 1763 4645 ab
1800 4590 2045 4646 homine
2083 4607 2219 4664 pro-

563 4683 784 4735 stratus
810 4685 992 4749 est,et
1019 4679 1148 4735 vice
1179 4677 1421 4734 scabelli
1447 4677 1702 4735 traditus
1729 4683 1817 4735 est
1844 4679 2215 4739 conculcata.

560 4771 629 4824 In
653 4784 918 4834 summa,
950 4768 1298 4824 memineris
1323 4767 1448 4823 veri
1468 4767 1626 4824 illius
1651 4768 1954 4840 proverbii
1980 4771 2219 4840 :Super—

563 4858 649 4914 bis
680 4859 839 4914 Deus
856 4859 1099 4927 resistit,
1125 4857 1452 4914 humilibus
1467 4873 1609 4914 vero
1629 4858 1735 4914 dat
1755 4860 2019 4929 gratiam
2037 4861 2219 4918 55.11a-

556 4945 638 5006 be
665 4947 727 5004 in
757 4951 1044 5020 promptu
1074 4947 1436 5004 sententiam
1466 4947 1706 5004 Domini
1739 4964 1752 5005 :
1804 4948 2007 5005 Omnis
2029 4953 2132 5021 qui
2155 4967 2216 5008 se

629 5074 678 5108 ⁵9
719 5073 920 5130 Matth.
942 5089 1018 5144 γι,
1050 5075 1106 5128 2.

554 5144 606 5205 βε
631 5145 754 5202 Jac.
781 5160 857 5216 1v,
882 5149 932 5200 6.

1182 5072 1230 5108 ⁶⁰
1270 5075 1398 5129 Act.
1428 5089 1484 5138 v,
1513 5076 1543 5128 5
1566 5087 1670 5144 qq.
1746 5073 1794 5108 ⁶¹
1816 5075 1938 5130 Jac.
1971 5089 2048 5144 IV,
2081 5079 2137 5130 6.

629 5290 711 5362 (1)
732 5289 812 5344 Ex
835 5304 1014 5344 serm.
1038 5287 1446 5362 ascetic.,_319.

623 5359 706 5421 (2)
742 5363 825 5414 Ex
847 5364 1172 5416 comment.
1201 5360 1265 5414 in
1295 5359 1427 5421 Isa.,
1460 5360 1587 5412 383.

652 5429 706 5490 3)
744 5433 907 5486 Unus
925 5430 1117 5486 codex
1136 5429 1363 5485 indicat
1390 5431 1716 5488 comment.
1747 5430 1812 5487 in
1831 5430 1943 5490 Isa.

652 5432 706 5500 3)
744 5433 907 5486 Unus
925 5432 1117 5486 codex
1136 5432 1363 5485 indicat
1390 5442 1674 5484 commen‘

622 5432 712 5573 ἃ)
739 5503 822 5560 Ex
847 5501 1015 5563 hom.
1047 5503 1136 5562 De
1163 5498 1522 5574 humilitate,
1550 5499 1674 5560 161.

2215 5077 2263 5114 σε
2287 5076 2493 5134 Matth.
2522 5093 2600 5145 XI,
2620 5079 2709 5131 20.

2332 4421 2500 4490 ἐτέρου
2540 4421 2598 4469 τό
2646 4412 2850 4489 κέρδος,
2898 4411 3027 4465 ἀλλὰ
3079 4419 3188 4468 σόν.
3231 4412 3507 4472 Φοϐήθητι
3539 4422 3626 4472 τῆς
3670 4417 3748 4462 τοῦ
3789 4403 3872 4458 διι-

2329 4506 2481 4559 ϐόλου
2510 4511 2756 4566 πτώσεως
2803 4508 2893 4561 τηι
2941 4505 3227 4576 ὁμοίωσιν·
3274 4503 3331 4562 ὃς
3376 4501 3624 4574 ἐπαρθεὶς
3670 4500 3784 4550 κατὰ
3811 4499 3871 4543 τεν

2326 4595 2623 4668 ἀνθρώπου,
2665 4596 2928 4646 πέπτωκεν
2979 4594 3077 4644 ὑπὸ
3144 4593 3440 4665 ἄνθρωπον,
3499 4596 3588 4642 καί
3635 4581 3872 4662 παραδέδο-

2326 4705 2412 4737 ται
2454 4686 2675 4754 πάτημα
2725 4691 2796 4753 τῷ
2852 4685 3219 4753 πεπατημένῳ.
3271 4679 3517 4732 Καθόλου
3575 4685 3783 4750 μέμνησο
3812 4679 3873 4727 Ti;

2327 4772 2550 4834 ἀληθοῦς
2619 4776 2898 4848 παροιμίας
2947 4785 2960 4798 ⁸
3025 4770 3402 4843 ’Υπερηφάνοις
3481 4774 3612 4829 Θεὸς
3678 4764 3872 4818 ἀντιτάσ-

2329 4881 2494 4932 σεται,
2523 4868 2778 4921 ταπεινοῖς
2818 4856 2878 4912 ὃὲ
2916 4855 3116 4911 δίδωσι
3167 4860 3354 4931 χάριν.
3412 4856 3552 4930 Ἐχε
3604 4863 3689 4908 τοῦ
3727 4853 3870 4922 Κυρίου

2324 4954 2382 5004 τὸ
2433 4953 2581 5026 ῥῆμα
2637 4956 2952 5025 πρόχειρον⁸
3005 4953 3117 5008 Πᾶς
3172 4949 3198 5000 ὁ
3245 4946 3397 5019 ὑψῶν
3469 4949 3669 5009 ἑαυτὸν,
3736 4958 3870 4993 ταπει-

2787 5075 2836 5109 "
2863 5076 2979 5130 lsa.
3003 5087 3157 5141 ωιτη,
3192 5074 3277 5130 18.
3360 5073 3412 5106 ⁸⁸
3447 5073 3494 5127 ll
3517 5069 3701 5138 Paral,
3723 5079 3807 5128 xix,
3833 5065 3865 5113 5.

2385 5291 2462 5361 (5)
2499 5289 2650 5346 Ibid.
2672 5292 2802 5346 160.
3076 5359 3082 5361 Α
3288 5356 3304 5361 _
3687 5355 3702 5361 Δ
3814 5347 3860 5361 ι,

2384 5347 2463 5434 (Θᾷ
2489 5366 2557 5414 Τὸ
2587 5365 2676 5434 μέν
2708 5369 2906 5433 κτῆμα.
2941 5359 3165 5434 Regius
3195 5356 3393 5434 codex
3443 5361 3583 5414 1992
3633 5347 3868 5434 addit

2315 5418 2772 5504 ‘rﬁ‘cinaﬁeliac,
2793 5418 2959 5504 quod
2979 5418 3236 5504 quidem
3255 5429 3560 5504 asciscere
3588 5442 3706 5504 non
3737 5418 3865 5478 dubi-

2315 5503 2461 5577 tavi,
2491 5499 2633 5562 cum
2659 5503 2723 5562 in
2749 5499 2887 5576 ipso
2915 5499 3100 5562 etiam
3115 5503 3404 5560 contextu
3431 5499 3772 5575 reperiatur.
