4056 6222
160 313 292 366 1357

971 310 1201 365 SERMO
1245 310 1354 364 XX.
1395 339 1463 346 —-
1502 307 1591 362 DE
1631 307 2053 364 HUMILITATE
2091 311 2176 363 ET
2214 309 2402 364 INANI
2445 311 2721 366 GLORIA.

3390 315 3524 368 1358

157 435 486 490 νωθησεται’
544 435 568 482 ο
625 428 682 484 δε
731 438 979 484 ταπεινῶν
1031 433 1210 484 ἑαυτὸν
1250 432 1608 501 ὑψωθήσεται.
1677 436 1758 488 Μὴ

1881 434 2124 494 erattal,
2163 432 2619 499 lmmttiabitur;
2679 438 2866 491 omnis
2915 451 3050 490 vero
3099 441 3202 506 qui
3248 453 3307 493 se
3338 437 3527 492 humi-

1548 520 1590 535 ’ν

158 528 306 593 γίνου
342 527 525 593 κριτὴς
545 523 722 580 ἄνισος
750 522 956 582 ἑαυτου,
989 519 1130 593 μηδὲ
1161 526 1287 594 πρὸς
1328 525 1488 592 χάριν
1539 520 1762 586 ἐξέταζε,

161 611 318 684 εἰμέν
343 631 394 662 τι
437 607 606 668 δοκεῖς
636 613 778 679 ἔχειν
808 609 984 676 καλὸν,
1019 628 1170 660 τουτο
1200 607 1244 658 ἐν
1274 607 1433 678 ψήφῳ
1466 611 1640 673 τιθεὶς,
1665 617 1762 659 τῶν

160 699 220 753 δε
275 703 617 770 πταισμάτων
671 699 795 750 εκών
844 697 1336 768 ἐπιλανθανόμενος,
1381 694 1520 768 μηδὲ
1576 695 1652 767 ἐφ’
1687 693 1762 758 οἷς

161 794 251 860 μὲν
303 793 521 859 σήμερον
579 789 848 858 κατορθοῖς
908 786 1356 856 μεγαλυνόμενος,
1427 785 1502 856 ἐφ’
1565 787 1642 845 οἶς
1705 782 1764 836 δι

162 885 341 950 πρωην
384 882 472 928 καὶ
524 875 684 927 πάλαι
725 884 892 934 κακῶς
933 875 1182 947 εἰργάσω,
1220 881 1566 947 συγχώρησιν
1599 873 1762 942 ἐαυτῷ

163 964 384 1028 διδους·
421 965 526 1016 ἀλλ’
563 968 684 1017 ὅταν
713 983 768 1016 σε
809 967 864 1014 τὸ
906 967 1068 1036 παρὸν
1118 966 1306 1037 ἐπάρῃ,
1359 983 1416 1014 το
1449 963 1666 1014 παλαιὸν
1695 963 1765 1020 εἰς

164 1055 458 1127 ἀνάμνησιν
509 1053 696 1124 ἀγέτω,
728 1057 817 1103 καὶ
848 1056 1021 1124 παύση
1063 1062 1159 1112 τῆς
1200 1051 1518 1108 ἀναισθητον
1551 1051 1766 1123 φλεγμο-

163 1151 278 1205 νῆς.
309 1151 392 1213 Τῷ
441 1147 547 1194 ὄντι
573 1146 671 1212 γὰρ
702 1142 1079 1211 χαλεπώτατον
1101 1141 1240 1192 ἐστιν
1264 1142 1446 1192 εαυτὸν
1470 1139 1762 1210 ἐπιγνῶναι.

165 1234 242 1286 0')
267 1236 367 1306 γὰρ
409 1237 562 1303 μονος
587 1232 614 1282 6
645 1230 901 1302 ὀφθαλμὸς
932 1233 996 1281 τα
1025 1230 1120 1291 ἐξω
1144 1228 1368 1300 βλέπων,
1397 1228 1470 1300 ἐφ’
1496 1229 1676 1280 ἑαυτὸν
1708 1230 1765 1280 οὐ

165 1328 428 1393 κέχρηται
458 1331 527 1391 τῷ
549 1322 672 1394 ορᾲν
697 1341 709 1353 ·
741 1319 866 1371 ἀλλα
896 1326 984 1371 καὶ
1029 1320 1188 1379 αὐτὸς
1235 1321 1378 1390 ἡμῶν
1411 1321 1436 1369 6
1466 1328 1580 1378 νοῦς
1619 1318 1766 1380 ὀξέως

165 1416 226 1463 τὸ
255 1410 519 1484 ἀλλότριον
568 1409 855 1482 ἁμάρτημα
891 1406 1094 1478 βλέπων
1124 1411 1220 1476 (t),
1262 1402 1464 1479 βραδύς
1495 1405 1608 1458 ἐστι
1637 1413 1768 1480 προς

167 1505 256 1558 τὴν
287 1508 386 1550 τῶν
416 1498 617 1550 οἰκείων
649 1496 1017 1568 ἐλαττωμάτων
1046 1495 1344 1566 ἐπίγνωσιν.
1393 1500 1476 1553 Μὴ
1512 1493 1681 1569 βαρὺς
1719 1495 1766 1546 ἐν

165 1588 507 1660 ἐπιτιμησεσι
531 1592 696 1658 γίνου,
729 1584 866 1658 μηδὲ
923 1589 1150 1656 ταχέως,
1191 1581 1332 1656 μηδὲ
1390 1586 1634 1656 ἐμπαθῶς
1663 1584 1766 1647 ἐξε-

167 1678 372 1748 λέγχων
398 1699 410 1709 ν
439 1673 662 1736 αὔθαδες
678 1678 778 1747 γὰρ
802 1679 860 1726 τὸ
881 1682 1134 1727 τοιοῦτον.
1162 1670 1313 1730 Μηδὲ
1329 1676 1414 1724 ἐπὶ
1441 1681 1644 1747 μικροῖς
1673 1694 1767 1724 κα.

166 1764 442 1835 ταδίκαζε,
475 1767 541 1824 ὡς
568 1759 966 1836 ἀκριϐοδίκαιος
997 1761 1154 1822 αὐτὸς
1183 1763 1438 1835 ὑπάρχων
1457 1779 1468 1790 ·
1495 1760 1623 1812 ἀλλὰ
1651 1767 1767 1822 τους
1799 1772 1836 1824 Β

167 1854 216 1906 ἐν
247 1861 635 1927 παραπτώματι
665 1851 1080 1924 προσλαμϐάνων
1119 1853 1218 1916 t2),
1262 1861 1621 1922 πνευματικῶς
1671 1872 1766 1902 κα-

167 1946 425 2017 ταρτίζων
475 1942 686 2002 αὐτοὺς,
727 1943 796 2002 ὡς
833 1941 859 1991 ὁ
911 1939 1221 1998 Ἀποστολος
1269 1947 1528 2012 παραινεῖ,
1561 1947 1767 1992 Σκοπὼν

172 2034 410 2094 σεαυτὸν,
443 2035 513 2102 μὴ
538 2035 627 2081 καὶ
653 2033 716 2081 σὺ
741 2031 1049 2102 πειρασθῇς.
1087 2029 1144 2079 Εἰ
1165 2031 1255 2099 μὲν
1285 2031 1384 2099 γαρ
1409 2027 1768 2100 ἁμαρτάνομεν

171 2141 245 2184 τι,
281 2118 513 2192 βελτίους
539 2121 764 2190 ισομεθα
790 2120 1178 2190 νονθετούμενοι
1202 2133 1213 2144 ⁸
1269 2115 1313 2168 εἰ
1357 2113 1416 2168 δὲ
1455 2115 1604 2168 οὐδὲν
1646 2114 1770 2168 ἀδι-

173 2226 384 2278 κουμεν,
426 2206 539 2258 ἀντὶ
589 2212 726 2266 τίνος
776 2207 1110 2277 μισούμεθα;
1153 2202 1370 2256 Ἔκϐαλε
1407 2212 1500 2264 τῆς
1552 2213 1772 2256 σεαυτοῦ

172 2296 359 2367 ψυχῆς
387 2300 446 2347 τὸ
475 2297 679 2347 οῐεσθαι
708 2291 934 2367 μηδενὸς
980 2293 1153 2365 ἑτερου
1203 2293 1272 2354 εἰς
1313 2298 1575 2344 κοινωνίαν
1606 2312 1772 2367 προσ-

177 2382 415 2438 δεῖσθαι.
470 2384 544 2436 Οὐ
599 2387 700 2457 γὰρ
741 2386 876 2434 κατὰ
931 2381 1136 2453 ἀγάπην
1192 2391 1609 2454 περιπατοῦντος,
1651 2380 1775 2434 οὐδὲ

175 2473 497 2545 πληροῦντος
529 2471 668 2524 ἐστιν
709 2472 913 2530 ἐντολὴν
961 2480 1052 2522 του
1085 2479 1341 2546 Χριστοῦ,
1370 2479 1463 2532 τῆς
1493 2476 1622 2544 πρὸς
1655 2475 1774 2531 τοὺς

179 2559 430 2634 ἀδελφοὺς
453 2567 724 2633 συναφείας
757 2566 938 2613 εαυτὸν
966 2560 1290 2632 ἀποτέμνειν.
1325 2565 1407 2618 Μή
1445 2579 1567 2611 ποτε
1597 2565 1654 2611 τὸ
1685 2579 1774 2611 του

179 2651 402 2723 πολέμου
429 2654 587 2702 κακὸν
609 2651 777 2720 κύκλῳ
809 2653 1026 2722 περιιὸν,
1052 2654 1141 2699 καὶ
1173 2651 1300 2720 πρὸς
1333 2650 1472 2719 ημᾶς
1498 2648 1615 2719 ἔλθη
1640 2668 1652 2680 ο
1681 2647 1775 2698 κᾶν

177 2743 269 2812 μεν
309 2743 562 2811 μετὰτῶν
604 2738 766 2790 ἄλλων
805 2743 895 2789 καὶ
933 2740 1084 2807 ἡμεῖς
1113 2745 1207 2796 τῆς
1250 2735 1486 2808 ἐπηρείας
1532 2755 1775 2808 παραπο-

177 2829 471 2900 λαύσωμεν,
503 2825 626 2880 οὐδὲ
666 2831 787 2888 τοὺς
820 2827 1203 2896 συναλγοῦντας
1247 2821 1550 2898 εὑρήσομεν,
1595 2821 1690 2877 διὰ
1719 2829 1776 2876 τὸ

176 2921 226 2969 ὲν
258 2926 424 2992 καιρῴ
450 2925 542 2978 τῆς
583 2917 832 2988 εὐθυμίας
861 2918 1006 2987 ἡμῶν
1035 2920 1105 2986 μὴ
1148 2913 1640 2987 προκαταϐαλέσθαι
1670 2920 1779 2974 τοῖς

179 3003 521 3078 ἠδικημένοις
579 3010 664 3057 τον
711 3014 807 3065 τῆς
863 3006 1193 3076 συμπαθείας
1256 3007 1452 3077 ἔρανον.
1511 3004 1656 3074 Ἐμοὶ
1721 3020 1778 3053 το

1876 521 2006 586 ιίιιε,
2039 521 2493 575 multabitur“.
2545 525 2623 576 Ne
2654 522 2736 576 tui
2792 523 2983 592 ipsius
3037 525 3149 576 tias
3192 523 3377 593 judex
3416 523 3528 578 ini-

1873 624 2050 678 quus,
2085 625 2278 679 neque
2310 607 2388 663 ad
2421 612 2671 677 gratiam
2705 612 2997 681 expende,
3051 612 3099 665 si
3131 613 3371 666 Videare
3425 611 3529 668 tibi

1872 697 2208 768 quidquam
2241 698 2383 751 boni
2442 699 2686 763 habere,
2734 699 2879 754 illud
2934 716 3283 766 numerans,
3315 701 3532 756 delicta

1873 786 2156 840 oblivioni
2195 787 2342 842 ultro
2379 787 2620 842 tradens
2658 805 2670 841 :
2703 805 2898 859 neque
2938 790 3017 844 ob
3054 795 3209 845 recte
3241 789 3396 845 facta
3421 790 3529 846 ho-

1873 874 2085 928 dierna
2114 873 2462 944 insolescas.
2509 891 2704 946 neque
2736 877 3062 932 recentium
3113 885 3216 932 aut
3261 885 3530 933 veterum

1876 963 2334 1018 malefactorum
2404 963 2505 1017 tibi
2565 965 2801 1018 veniam
2855 966 3155 1020 concedas
3200 968 3352 1022 :sed
3391 983 3529 1022 cum

1876 1067 2142 1123 praesens
2173 1051 2499 1106 reddiderit
2544 1057 2595 1105 te
2627 1051 2870 1119 elatum,
2925 1067 3142 1107 revoca
3182 1054 3242 1107 in
3300 1070 3529 1109 inemo-

1874 1141 2022 1195 riam
2060 1140 2374 1210 antiquam
2425 1139 2644 1208 agendi
2696 1141 3012 1205 rationem,
3045 1141 3248 1211 sicque
3279 1141 3532 1196 stolidus

1878 1234 2014 1284 tuus
2042 1236 2241 1283 tumor
2275 1229 2553 1283 cessabit.
2588 1233 2663 1299 (4)
2699 1232 2762 1283 Et
2807 1245 2945 1284 vero
3001 1231 3271 1300 seipsum
3306 1246 3529 1300 cogno-

1875 1332 2060 1381 scere,
2103 1317 2337 1371 videtur
2381 1333 2513 1372 esse
2563 1333 2658 1371 res
2700 1318 2971 1371 omnium
2999 1317 3371 1372 difﬁcillima.
3401 1321 3531 1374 Non

1876 1407 2037 1461 enim
2094 1405 2290 1460 solum
2347 1405 2555 1460 oculus
2604 1406 2942 1460 extrinseca
3006 1405 3402 1477 prospiciens,
3451 1407 3530 1462 ad

1877 1502 2066 1549 semet
2117 1494 2620 1566 conspiciendum
2669 1495 2801 1550 visu
2850 1511 2973 1550 non
3029 1497 3209 1550 utitur
3249 1515 3263 1551 :
3320 1497 3425 1551 sed
3474 1501 3531 1553 et

1875 1585 2012 1656 ipsa
2031 1600 2198 1638 mens
2226 1588 2435 1638 nostra
2457 1589 2629 1638 acute
2655 1589 2967 1655 peccatum
2986 1584 3248 1640 alienum
3268 1585 3529 1654 intuens,

1877 1672 1954 1727 ad
1987 1673 2230 1744 propria
2287 1672 2678 1741 agnoscenda
2735 1671 2951 1727 delicta
2984 1674 3157 1728 tarda
3187 1679 3296 1728 est.
3349 1678 3419 1742 (ὅ)
3450 1676 3529 1728 Ne

1876 1761 1956 1816 sis
1989 1763 2048 1816 in
2081 1760 2466 1831 objurgando
2508 1761 2727 1829 gravis,
2769 1777 2966 1833 neque
3014 1761 3148 1831 cito,
3182 1777 3376 1833 neque
3406 1761 3531 1817 ani-

1875 1866 1978 1905 mo
2002 1855 2312 1904 commoto
2361 1849 2732 1919 redarguas;
2765 1848 2880 1904 hoc
2927 1849 3086 1904 enim
3117 1851 3320 1921 resipit
3370 1868 3529 1907 arro-

1876 1940 2144 2006 gantiam
2174 1937 2509 2009 quamdam
2536 1955 2550 2004 ;
2585 1954 2781 2009 neque
2812 1939 2891 1992 ob
2923 1955 3015 1992 res
3049 1940 3217 2010 parvi
3241 1941 3530 1996 momenti

1876 2026 2244 2081 condemnes
2281 2067 2294 2090 ,
2349 2031 2639 2097 tanquam
2709 2026 2756 2082 si
2822 2026 2950 2097 ipse
3021 2027 3276 2098 perfecte
3331 2029 3529 2098 justus

1877 2117 2148 2172 exsistas.
2178 2117 2339 2180 Quos
2380 2115 2442 2168 in
2463 2120 2711 2186 peccato
2743 2116 2911 2186 577
2949 2115 3370 2188 deprehendis,
3411 2118 3528 2190 spi-

1881 2204 2168 2259 ritualiter
2197 2204 2359 2274 ipsos
2381 2203 2631 2266 instrue,
2665 2205 2747 2258 uti
2777 2210 2981 2259 monet
3010 2205 3352 2276 Apostolus,
3375 2211 3528 2264 Con-

1880 2294 2152 2349 siderans
2183 2296 2454 2361 teipsum,
2487 2307 2560 2346 ne
2613 2297 2666 2346 et
2711 2298 2775 2346 tu
2819 2295 3137 2348 tenter-is“.
3178 2295 3256 2364 (6)
3301 2298 3450 2351 Nam
3482 2296 3531 2352 si

1880 2397 2004 2453 qua
2031 2398 2091 2437 re
2113 2380 2500 2449 otl‘endimus,
2531 2381 2994 2436 commonefacti
3022 2381 3297 2437 meliores
3322 2385 3534 2440 evade-

1882 2489 2055 2536 mus;
2089 2470 2138 2524 si
2173 2485 2311 2524 vero
2354 2469 2502 2524 nihil
2542 2469 2974 2541 delinquimus,
3010 2487 3116 2525 cur
3165 2471 3306 2527 odio
3352 2473 3536 2530 habe-

1885 2560 2065 2616 mur‘.’
2098 2563 2172 2626 ιτ)
2207 2560 2414 2612 Hortor
2438 2558 2636 2627 igitur,
2669 2558 2826 2612 hanc
2857 2559 3205 2630 opinionem
3232 2577 3303 2616 ex
3330 2563 3534 2620 animo

1885 2654 1987 2703 tuo
2015 2646 2237 2716 ejicias,
2265 2651 2322 2700 te
2351 2649 2594 2700 nemine
2620 2646 2736 2701 alio
2777 2647 2854 2701 ad
2905 2649 3396 2706 communionem
3447 2652 3533 2708 in-

1885 2735 2106 2804 digere.
2143 2737 2270 2790 Non
2317 2734 2475 2788 enim
2519 2739 2611 2788 est.
2653 2734 2762 2788 viri
2792 2735 3125 2790 secundum
3184 2735 3536 2795 charitatem

1885 2823 2273 2888 ambulantis,
2308 2829 2412 2878 aut
2442 2823 2655 2878 Christi
2685 2823 2877 2893 legem
2915 2823 3320 2896 adimplentis,
3349 2843 3479 2883 sese
3500 2845 3538 2885 a

1885 2915 2134 2971 fratrum
2169 2913 2590 2984 conjunctione
2639 2913 3015 2969 abscindere.
3066 2916 3146 2971 Ne
3199 2914 3346 2972 forte
3398 2917 3538 2973 belli

1888 3003 2116 3060 malum
2147 3003 2311 3075 quod
2343 3003 2403 3059 in
2444 3001 2652 3058 orbem
2687 3002 3130 3071 circumagitur,
3158 3003 3398 3060 tandem
3430 3003 3537 3060 ali-

176 3095 440 3155 παντελῶς
483 3093 788 3165 ἀγνοεῖσθαι
832 3093 981 3145 πλέον
1030 3088 1412 3158 ἐσπούδασται,
1434 3092 1464 3150 ἡ
1497 3099 1606 3152 τοῖς
1637 3089 1774 3163 φιλο-

1887 3093 2135 3165 quando
2161 3092 2238 3148 ad
2279 3108 2390 3148 nos
2432 3091 2614 3146 etiam
2643 3090 2980 3162 perveniat;
3014 3108 3085 3146 ac
3137 3092 3186 3147 si
3233 3108 3344 3148 nos
3392 3109 3538 3170 quo:

177 3183 357 3246 δοξοις
386 3187 444 3234 τὸ
476 3179 868 3254 διαφαίνεσθαι.
905 3185 1004 3233 Καὶ
1034 3185 1098 3232 σὺ
1131 3185 1299 3232 τοίνυν
1339 3183 1599 3236 τοσαύτην
1628 3186 1781 3230 ποιου

179 3269 424 3329 σπουδὴν
453 3276 524 3342 μὴ
559 3266 880 3332 δοξάζεσθαι
918 3271 1062 3342 παρὰ
1091 3267 1402 3342 ἀνθρώποις,
1447 3269 1575 3324 ὅσην
1618 3271 1782 3341 έτεροι

176 3366 298 3433 περὶ
327 3364 386 3411 τὸ
419 3356 762 3422 δοξάζεσθαι.
794 3356 949 3410 Ἀλλὰ
973 3353 1251 3429 προεδρίας
1296 3356 1525 3418 ἠξιώθης
1575 3360 1664 3407 καὶ
1692 3374 1782 3407 πε-

174 3452 424 3522 ριέπουσί
451 3467 506 3499 σε
545 3449 808 3520 ἅνθρωποι
837 3451 928 3497 καὶ
961 3441 1252 3507 δοξάζουσι
1279 3463 1292 3512 ;
1324 3451 1470 3515 γίνου
1502 3452 1610 3504 τοῖς
1648 3446 1781 3500 υπη-

175 3544 324 3598 κοοις
355 3540 467 3597 ἶσος
491 3553 502 3564 °
529 3540 615 3587 τὸν
644 3539 745 3607 γὰρ
787 3534 998 3587 θέλοντα
1033 3541 1237 3607 πρῶτον
1275 3530 1422 3601 εἶναι,
1449 3529 1631 3585 δοῦλον
1655 3531 1784 3584 εἶναι

175 3629 386 3678 πάντων
412 3627 438 3675 6
472 3628 654 3698 Κύριος
684 3623 932 3676 ἐκέλευσε.
987 3630 1220 3684 Μωυσῆς
1264 3625 1290 3673 6
1333 3627 1514 3694 μέγας,
1551 3624 1577 3673 6
1616 3624 1784 3674 πάντα

177 3715 419 3774 εὐπειθὴς
448 3718 536 3765 καὶ
576 3713 825 3780 ὑπήκοος,
869 3715 953 3764 ὅτε
1006 3711 1334 3764 ὰπεστελλετο
1367 3716 1490 3786 πρὸς
1522 3715 1608 3763 τὸν
1637 3711 1780 3777 λαὸν,

176 3809 390 3875 Δέομαι,
421 3808 570 3874 φησι,
608 3805 782 3875 Κύριε,
813 3807 1157 3875 προχείρισαι
1182 3799 1332 3851 ἄλλον
1373 3800 1425 3850 ὃν
1461 3799 1779 3860 ἀποστελεῖς.

176 3894 253 3944 Δι’
287 3894 314 3943 6
345 3896 434 3944 καὶ
474 3893 628 3943 οἱονεὶ
681 3889 1077 3962 φιλονεικοτερον
1135 3887 1449 3960 ἀντέχεσθαι
1498 3888 1656 3939 αὐτου
1694 3892 1781 3939 τὸν

174 3986 311 4036 Θεὸν
347 3985 748 4047 κατεσκεύασεν,
781 3979 910 4051 αὐτῇ
956 3987 1015 4050 τῇ
1051 3984 1370 4052 παραιτήσει
1421 3983 1510 4029 καὶ
1550 3985 1610 4048 τῇ
1656 3979 1780 4048 ὁμο-

171 4075 328 4144 λογίᾳ
349 4082 441 4133 τῆς
487 4072 755 4132 ἀσθενείας
785 4075 840 4124 τὸ
883 4071 1024 4132 ἄξιον
1072 4079 1162 4122 του
1212 4073 1527 4143 προεστάναι
1553 4066 1778 4131 δεικνύς.

171 4166 266 4215 Διὸ
309 4161 476 4221 καλῶς
532 4163 646 4232 ἔχει
679 4163 738 4210 τὸ
788 4159 1168 4233 παράγγελμα·
1225 4164 1308 4215 Μὴ
1355 4158 1501 4218 ζήτει
1542 4160 1779 4228 γενέσθαι

170 4254 378 4325 κριτὴς,
432 4255 619 4320 μήπως
659 4248 753 4300 οὐκ
809 4248 1049 4320 ὶσχὺσῃς
1093 4251 1168 4317 (3)
1218 4247 1397 4320 εξᾱιραι
1453 4243 1682 4307 ἀδικίας.
1720 4247 1779 4299 Ὀ

171 4344 351 4412 μέντοι
380 4342 697 4408 προφητικος
723 4336 872 4407 λόγος
901 4340 995 4392 τὴν
1022 4340 1342 4407 παραίτησιν
1371 4343 1470 4387 τῶν
1504 4335 1778 4407 ἑλκομένων

169 4430 386 4503 οἰρχειν,
415 4429 514 4478 υπὸ
546 4434 642 4477 τῶν
671 4425 1064 4484 στασιαζόντων
1114 4423 1172 4475 ου
1211 4423 1432 4476 καθολου
1480 4429 1610 4495 φησί
1637 4444 1778 4495 γεγε-

170 4517 395 4573 νῆσθαι.
429 4514 505 4566 Οὐ
557 4517 658 4586 γὰρ
700 4509 835 4564 εἶπεν
868 4511 1060 4573 ἁπλῶς,
1121 4510 1230 4562 Οὐκ
1279 4513 1466 4583 ἔσομαι
1513 4511 1777 4584 ἀρχηγὸς,

169 4603 309 4656 ἀλλὰ
335 4605 463 4674 μετὰ
495 4603 803 4676 προσθήκης
827 4615 840 4630 ⁸
893 4601 1002 4651 Οὐκ
1032 4602 1220 4670 ἔσομαι
1262 4599 1499 4673 ἀρχηγὸς
1523 4609 1614 4650 του
1653 4600 1778 4651 λαου

169 4696 368 4746 τούτου
387 4707 398 4719 ·
432 4695 521 4742 καὶ
545 4695 638 4748 τὴν
664 4690 839 4741 αἰτίαν
860 4687 1136 4760 ἐπήγαγεν,
1162 4690 1242 4740 ὅτι
1264 4690 1327 4738 Ai
1347 4687 1586 4758 γλῶσσαι
1612 4689 1777 4739 αὐτων

166 4785 312 4855 μετά
342 4779 553 4851 ἀνομίας
594 4781 662 4831 τὰ
709 4781 839 4851 πρὸς
875 4781 1064 4851 Κύριον
1105 4776 1430 4831 ἀπειθοῦσιν.
1464 4773 1591 4828 Εἶτα
1620 4784 1777 4829 Μωυ-

169 4880 277 4930 σῆς
319 4872 409 4940 μεν
457 4867 541 4920 ἐπὶ
592 4869 921 4940 περιφάνειαν
969 4864 1091 4938 βίου
1147 4871 1238 4917 καί
1289 4864 1416 4917 λαοῦ
1454 4871 1778 4938 προστασίαν

163 4961 436 5014 τοσούτου
467 4956 795 5028 καλούμενος,
844 4962 1210 5027 παραιτεῖται’
1261 4959 1348 5015 Τίς
1389 4953 1514 5026 εἰμι,
1563 4955 1643 5006 ὅτι
1682 4973 1777 5007 πο-

815 5101 859 5133 ⁶⁷
886 5098 1073 5154 Galat.
1097 5113 1176 5167 v1,
1205 5098 1255 5150 1.

247 5103 297 5137 ⁶⁶
332 5103 468 5157 Luc.
490 5116 604 5167 xw,
639 5104 718 5154 tt.
815 5101 859 5133 ⁵⁷
886 5099 1073 5154 Galat.
1097 5113 1176 5167 v1,
1205 5099 1255 5150 1.
1346 5099 1417 5131 67'
1448 5099 1621 5153 Marc.
1644 5113 1697 5165 x,
1724 5099 1774 5150 4.

246 5245 322 5320 (ς)
364 5243 591 5320 Βλέπων.
627 5237 1076 5320 ﬁegiuscodex,
1116 5237 1433 5320 προϐλέπων.

366 5311 808 5385 Προσλαμϐάνων.
841 5310 1027 5375 Idem,
1060 5310 1490 5385 προσλαμϐάνον.

368 5369 482 5438 Οῧκ
521 5367 779 5457 lci-am.
813 5386 898 5438 Ita
935 5367 1148 5453 Regius
1178 5367 1388 5439 codex.
1418 5381 1591 5451 Editi,
1622 5381 1778 5453 ἰσχύ-

168 5476 332 5602 alii.)
369 5529 450 5602 [lx
480 5526 645 5602 hom.
676 5542 732 5582 ix
758 5527 819 5602 ίη
849 5525 1160 5602 Ηεςιξᾳεπι.,
1194 5527 1284 5602 _87.

247 5597 336 5674 (5)
372 5601 454 5654 Ex
479 5599 646 5658 hom.
681 5603 758 5655 De
785 5597 1153 5669 humilitate,
1184 5597 1310 5658 162.

1813 4469 1854 4521 D

1886 3197 2004 3253 que
2037 3198 2157 3237 una
2182 3197 2316 3236 cum
2369 3179 2502 3235 aliis
2551 3179 2786 3250 injuria».
2817 3179 3136 3252 participes
3174 3181 3382 3250 simus,
3417 3198 3539 3256 non

1886 3270 2289 3340 inveniamus,
2318 3270 2419 3342 qui
2449 3269 3002 3333 commiserescant,
3029 3285 3100 3326 eo
3131 3269 3296 3342 quod
3327 3272 3540 3328 laetitia:

1886 3363 2156 3430 tempore
2187 3359 2256 3413 iis
2309 3359 2412 3429 qui
2443 3357 2665 3427 injuria
2697 3357 3130 3423 afﬁciebantur,
3155 3361 3540 3416 commisera-

1889 3450 2064 3506 tionis
2096 3448 2440 3520 symbolam
2463 3463 2581 3502 non
2612 3448 3082 3516 erogaverimus.
3107 3451 3184 3519 (8)
3217 3450 3348 3504 Mihi
3380 3450 3540 3506 enim

1887 3539 2136 3594 omnino
2165 3537 2429 3608 ignorari
2458 3536 2654 3606 magis
2703 3536 2900 3592 studio
2947 3537 3075 3605 fuit,
3107 3554 3294 3609 quam
3337 3539 3541 3610 gloria:

1888 3626 2122 3698 cupidis
2147 3627 2207 3681 in
2238 3625 2369 3681 luce
2391 3625 2640 3681 versari.
2681 3627 2757 3695 (9)
2783 3627 2867 3680 Tu
2895 3623 3071 3693 igitur
3095 3631 3327 3682 tantum
3362 3627 3541 3682 studii

1887 3715 1946 3770 in
1978 3731 2048 3770 eo
2079 3713 2308 3786 ponito,
2333 3718 2396 3768 ut
2420 3729 2494 3767 ne
2537 3713 2702 3784 apud
2732 3712 3008 3767 homines
3043 3713 3230 3780 gloria
3257 3713 3538 3780 afﬁciare,

1884 3810 2181 3878 quantum
2205 3803 2400 3858 czetcri
2418 3808 2479 3858 ut
2492 3801 2742 3872 gloriam
2760 3800 3190 3872 adipiscantur.
3206 3810 3274 3857 At
3287 3805 3540 3876 adeptus

1885 3909 1950 3948 es
1983 3891 2330 3964 praeclaram
2363 3889 2738 3961 dignitatem,
2792 3890 3190 3962 hominesque
3231 3892 3435 3948 colunt
3488 3893 3540 3948 te

1885 3987 2063 4054 atque
2089 3981 2434 4045 observant,
2477 3985 2531 4034 et
2576 3977 2823 4047 gloriam
2874 3979 3070 4034 dant?
3111 3982 3242 4034 Esto
3282 3980 3538 4036 subditis

1887 4069 2118 4126 similis.
2152 4071 2298 4123 Nam
2326 4069 2429 4139 qui
2457 4067 2581 4122 vult
2609 4068 2840 4138 primus
2879 4083 3032 4133 esse,
3077 4083 3217 4122 eum
3263 4068 3538 4124 omnium

1885 4174 2126 4214 servum
2179 4173 2314 4212 esse
2363 4155 2650 4211 Dominus
2694 4154 2978 4223 jussitm'.
3012 4157 3125 4225 (tO)
3154 4158 3401 4228 Magnus
3442 4156 3539 4213 ille

1883 4249 2092 4314 Moses,
2121 4261 2245 4317 quo
2273 4259 2454 4300 nemo
2492 4259 2761 4315 unquam
2794 4243 3161 4299 tractabilior
3185 4250 3364 4317 atque
3395 4245 3538 4300 obe-

1884 4334 2140 4391 dientior
2191 4333 2321 4395 fuit,
2376 4335 2625 4405 quando
2682 4331 2760 4387 ad
2818 4331 3112 4404 populum
3170 4333 3535 4399 mittebatur,

1885 4425 2080 4482 aiebat
2115 4444 2126 4479 :
2158 4425 2428 4488 Obsecro,
2461 4423 2732 4487 Domine,
2776 4423 2926 4490 elige
2964 4423 3149 4475 altum
3205 4437 3375 4491 quem
3405 4423 3538 4476 mit-

1887 4516 2048 4570 tes“.
2102 4516 2180 4568 Ex
2230 4528 2352 4585 quo
2399 4510 2624 4566 factum
2671 4514 2762 4564 est
2793 4516 2855 4563 ut
2888 4513 3038 4563 Deus
3070 4510 3269 4579 ipsum
3301 4503 3538 4578 urgeret

1885 4603 2058 4676 quasi
2082 4601 2465 4674 pertinacius,
2495 4605 2695 4670 utpote
2721 4598 2823 4669 qui
2854 4598 2967 4652 hac
2998 4598 3129 4669 ipsa
3162 4598 3534 4653 recusatione

1887 4697 1942 4747 et
1971 4707 2092 4746 suae
2123 4689 2484 4744 inﬁrmitatis
2505 4686 2879 4741 confessione
2902 4702 2963 4740 se
2988 4687 3250 4756 primatu
3279 4685 3532 4754 dignum

1886 4779 2245 4834 ostenderet.
2271 4778 2641 4847 Quapropter
2670 4774 2908 4842 egregia
2925 4778 3011 4828 est
3036 4773 3369 4830 admonitio
3389 4775 3490 4830 illa
3517 4794 3530 4831 :

1885 4861 1974 4922 Ne
2005 4867 2238 4938 quaeras
2268 4865 2402 4933 ﬁeri
2415 4862 2633 4932 judex,
2665 4877 2739 4917 ne
2757 4863 2919 4931 forte
2940 4879 3058 4917 non
3082 4865 3267 4932 possis
3293 4865 3536 4933 auferre

1886 4953 2232 5026 iniquitates
2247 4954 2317 5006 6°.
2349 4957 2625 5006 Attamen
2649 4949 3090 5007 recusationem
3121 4967 3349 5017 eorum,
3373 4953 3534 5024 quia

1886 5098 1934 5133 ⁸⁸
1969 5095 2150 5152 Exod.
2175 5111 2250 5164 γι,
2285 5099 2368 5151 13.
2447 5096 2494 5128 ⁸9
2527 5092 2698 5149 Eccli.
2727 5109 2822 5160 vn,
2846 5097 2903 5147 6.

1958 5241 2033 5310 (6)
2067 5241 2148 5293 Ex
2172 5239 2343 5310 epist.
2377 5252 2491 5303 ιιι,
2527 5237 2644 5310 ltili.

1959 5313 2036 5377 (τ)
2065 5313 2142 5364 ΕΚ
2171 5309 2342 5380 epist.
2376 5324 2502 5376 LXV,
2542 5309 2660 5361 158.

1958 5384 2036 5452 (8)
2067 5383 2149 5435 Ex
2175 5379 2347 5452 epist.
2379 5394 2510 5452 CCX,
2535 5382 2658 5434 313.

1961 5451 2038 5516 t9)
2073 5459 2149 5505 Ex
2173 5451 2341 5507 hom.
2372 5452 2460 5506 De
2489 5451 2842 5519 humilitate,
2883 5451 3001 5503 162.

1963 5526 2072 5594 (10)
2104 5525 2188 5578 Ex
2212 5531 2537 5578 comment.
2560 5523 2624 5576 in
2652 5522 2796 5588 [sa.,
2826 5523 2950 5576 457.
