4056 6222
681 259 816 335 isse

1651 267 2016 336 APPENDIX.
2055 312 2121 323 -
2161 271 2504 342 SYMEONIS
2545 285 3067 349 METAPHRASM:

3844 309 3944 366 1360

678 402 974 458 seditiosis
999 403 1075 458 ad
1107 401 1525 474 accipiendum
1560 402 1965 474 principatum
2013 407 2292 480 compelle

2368 413 2408 464 Α
2440 414 2696 485 ρεύσομαι
2738 420 2862 489 πρὸς
2905 422 3090 490 Φαραὼ
3124 411 3346 490 βασιλέα
3387 417 3657 494 Αἰγύπτου,
3705 435 3781 481 καὶ
3824 430 3941 494 ἐξάξω

675 491 913 557 bantur,
939 491 1278 561 generalem
1310 507 1432 548 non
1465 491 1645 547 fuisse
1676 491 1941 550 declarat
1966 509 2164 552 sermo
2190 511 2330 568 pro-

677 581 966 652 phcticus.
1002 584 1126 637 Non
1159 582 1318 636 enim
1354 580 1704 652 simpliciter
1728 583 1807 636 ait
1837 598 1849 636 :
1879 583 2014 639 Non
2040 599 2138 641 ero
2162 588 2329 655 prin-

673 684 805 737 ccps
835 686 846 723 :
883 669 988 724 sed
1021 685 1158 725 cum
1186 669 1544 740 adjectione,
1589 669 1725 724 Non
1778 686 1878 726 ero
1917 674 2199 744 princeps
2227 691 2328 744 ρο-

666 759 804 826 puli
831 757 1034 828 hujus.
1058 763 1246 830 Atque
1268 773 1520 813 causam
1543 758 1872 828 subjunxit.
1899 762 2048 826 Quia
2075 763 2326 833 Lingua:

670 861 872 902 eorum
915 863 1047 902 cum
1098 847 1436 918 iniquitate,
1471 847 1561 902 his
1591 863 1722 918 qua:
1750 849 1994 904 Domini
2016 857 2174 920 sunt,
2202 869 2324 909 non

669 936 1103 1005 obtemperant.
1147 935 1224 1006 (ί)
1274 940 1353 990 Ac
1409 937 1598 990 Moses
1647 935 1718 990 ad
1767 935 2321 1008 splendidissimum

669 1023 801 1078 vita:
829 1040 1018 1092 genus
1051 1029 1107 1079 et
1131 1024 1206 1078 ad
1232 1024 1378 1080 tanti
1401 1023 1608 1096 populi
1630 1024 2048 1095 praefecturam
2074 1028 2320 1099 accitus,

667 1111 946 1168 abnuitet
968 1113 1325 1184 deprecatur
1347 1128 1359 1166 :
1390 1113 1531 1179 Quis
1551 1128 1678 1167 sum
1700 1119 1763 1168 ut
1783 1129 2032 1185 pergam
2054 1117 2135 1171 ad
2155 1117 2322 1174 Pha-

667 1217 909 1257 raonem
960 1218 1155 1270 regem
1205 1202 1489 1271 zEgypti,
1539 1207 1594 1258 et
1650 1202 1899 1258 educam
1925 1206 2212 1272 populum
2244 1223 2320 1264 ea:

667 1297 830 1345 terra
856 1290 1181 1359 [Egi/pum
1199 1291 1225 1345 ?
1248 1292 1312 1344 Et
1341 1305 1551 1344 rursus
1586 1306 1598 1344 :
1635 1290 1879 1361 Precor,
1910 1293 2174 1362 Domine,
2196 1312 2316 1352 non

661 1396 791 1435 sum
817 1381 1065 1436 idoneus
1091 1385 1232 1436 ante
1252 1379 1615 1447 hesternum,
1649 1395 1838 1450 neque
1886 1389 2026 1437 ante
2072 1387 2315 1442 tertium

661 1471 838 1533 diem,
869 1485 1059 1540 neque
1103 1484 1178 1525 ea:
1228 1485 1344 1540 quo
1388 1471 1620 1538 ccepisti
1679 1470 1844 1540 loqui
1884 1472 1965 1527 ad
2013 1461 2313 1541 famulum

660 1561 912 1615 tuum“.
939 1561 1000 1612 Et
1029 1557 1243 1612 iterum
1277 1574 1289 1612 :
1323 1558 1626 1628 Supplice,
1661 1559 1925 1622 Domine,
1950 1561 2102 1630 elige
2122 1565 2312 1619 alium

657 1649 764 1718 qui
810 1649 1014 1716 possit,
1070 1664 1241 1718 quem
1290 1647 1576 1702 mittes".
1641 1647 1926 1702 Dominus
1977 1655 2178 1706 autem
2232 1653 2311 1708 ad

2440 503 2526 552 τόν
2555 500 2674 553 λαόν
2707 502 2760 556 ἐκ
2789 514 2879 566 τῆς
2921 507 3181 579 Αἰγύπτου
3208 527 3220 575 ;
3255 516 3343 563 καὶ
3389 512 3561 564 πάλιν·
3602 523 3783 589 Δέομαι,
3811 525 3939 588 lli-icit,

2438 590 2544 661 οὐχ
2572 598 2743 655 ικανός
2773 595 2876 667 εἰμι
2906 600 3006 668 πρό
3038 606 3126 659 τῆς
3163 601 3312 670 χθὲς,
3369 599 3488 655 οὐδὲ
3537 609 3630 678 πρὸ
3678 616 3763 668 τῆς
3813 616 3941 682 τρίτης

2439 681 2652 755 ἡμέρας,
2685 679 2810 735 οὐδὲ
2850 683 2935 756 ἀφ’
2964 682 3022 738 οὗ
3061 688 3202 761 ἤρξω
3248 688 3411 760 λέγειν
3451 700 3519 762 τῷ
3565 695 3805 766 θιροίποντί
3845 717 3939 750 σον·

2436 774 2524 820 καὶ
2555 768 2705 821 πάλιν
2729 790 2742 804 ο
2776 775 2983 844 Δέομαι,
3036 778 3212 847 Κύριε,
3253 784 3590 854 προχείρισαὶ
3619 781 3752 835 α’λλον
3777 780 3938 857 δυναμε-

2433 876 2535 927 νον,
2588 858 2643 910 ὃν
2686 859 3008 923 ἀποστελεῖς.
3033 861 3090 914 Ὀ
3122 860 3181 916 δε
3236 869 3426 938 Κύριος
3453 870 3527 934 (7)
3547 873 3662 941 πρὸς
3689 871 3844 924 αὐτόν’
3872 882 3937 926 lto-

2430 950 2581 1020 ρεύου
2607 954 2696 1000 καὶ
2725 947 2909 1021 όὸἡγει
2934 956 3017 1003 τόν
3048 952 3170 1004 λαὸν
3200 962 3400 1020 τοῦτον,
3433 963 3521 1009 καὶ
3547 962 3629 1010 τόν
3657 960 3839 1032 ἄγγελόν
3867 983 3935 1034 μιν

2432 1035 2754 1098 ἐξαποστελῶ
2787 1042 3072 1114 ἔμπροσθέν
3105 1061 3218 1097 σου.
3251 1045 3315 1098 Τί
3343 1041 3430 1096 οὖν
3465 1048 3490 1098 ό
3511 1054 3757 1110 Μωυσῆς·
3780 1057 3933 1121 Δέομαι,

2434 1129 2607 1198 Κύριε,
2643 1127 2685 1178 εἰ
2722 1133 2793 1200 μὴ
2837 1129 2991 1192 αὑτός
3023 1135 3088 1182 σὺ
3120 1137 3412 1205 προπορεύῃ
3454 1136 3614 1206 ἡμῶν,
3638 1142 3702 1209 μὴ
3732 1137 3934 1211 ἀναγάγῃς

2428 1215 2566 1286 ἡμᾶς
2621 1216 2878 1284 sat-st052;
2910 1218 3124 1281 Ἠσαίας
3175 1217 3233 1274 δὲ
3273 1219 3423 1275 οὐδὲν
3480 1233 3698 1278 τοιοῦτον
3744 1225 3933 1300 ἀκούσας,

2425 1302 2553 1355 ἀλλὰ
2607 1310 2766 1376 μόνην
2824 1313 2916 1365 τὴν
2975 1314 3161 1380 χρείαν
3229 1307 3506 1384 διδαχθεὶς
3554 1322 3643 1376 τῆς
3693 1314 3930 1387 ἀποστολῆς,

2427 1393 2554 1445 ἑκὼν
2586 1393 2764 1446 ἑαυτὸν
2797 1392 3040 1466 ἐπέδωκε,
3094 1403 3183 1450 καὶ
3221 1403 3403 1470 μέσοις
3455 1400 3591 1459 ἐνέϐη
3638 1411 3734 1465 τοῖς
3767 1401 3925 1465 δεινοῖς.

2423 1489 2510 1544 Τίς
2538 1479 2624 1534 οὖν
2655 1486 2683 1542 ἡ
2717 1481 2928 1536 διάνοια
2954 1496 3053 1538 τῶν
3095 1484 3297 1559 ἀνδρῶν
3324 1506 3337 1556 ;
3381 1496 3484 1541 Τοῦ
3513 1493 3600 1562 μὲν
3628 1497 3858 1554 Μωυσέως,
3877 1496 3930 1545 ότι

2424 1572 2726 1646 ἁμαρτωλός
2758 1576 2783 1626 ό
2811 1574 2954 1644 λαός,
2995 1582 3085 1628 καὶ
3114 1578 3312 1649 χρῄζει
3346 1586 3438 1630 τοῦ
3479 1578 3692 1651 ἀφιέντος
3717 1582 3928 1656 ἁμαρτίας

2421 1664 2542 1736 ὅπερ
2568 1662 2804 1734 ἀγγέλοις
2833 1660 3116 1721 ἀδύνατον,
3155 1669 3385 1739 Τιμωροὶ
3415 1671 3506 1740 μὲν
3529 1673 3624 1742 γὰρ
3644 1679 3731 1722 τῶν
3752 1670 3928 1742 agam.

656 1737 824 1792 illum
856 1755 869 1792 :
903 1738 1038 1807 Abi,
1065 1745 1117 1794 et
1158 1738 1288 1793 dux
1311 1743 1431 1793 esto
1479 1738 1692 1806 populi
1722 1738 1924 1806 huius,
1973 1747 2027 1795 et
2078 1744 2292 1798 mittan

2368 1759 2388 1814 ζ
2419 1757 2636 1823 νομένων
2658 1753 2888 1823 ἄγγελοι,
2920 1760 3323 1826 συγχωρητικοὶ
3370 1753 3433 1809 δὲ
3471 1765 3568 1809 τῶν
3609 1757 3926 1831 πλημμελουμέε

653 1829 925 1897 angelum
957 1842 1148 1881 meum
1197 1829 1335 1882 ante
1374 1827 1516 1882 te”.
1564 1826 1643 1896 (2)
1673 1826 1825 1891 Quid
1867 1827 2044 1896 igitur
2073 1833 2257 1886 Moses
2291 1849 2304 1886 :

657 1916 926 1981 Obsecro,
960 1915 1228 1979 Domine,
1271 1915 1388 1968 nisi
1436 1921 1500 1968 tu
1552 1915 1677 1982 ipse
1719 1917 2126 1983 proﬁciscaris
2168 1925 2310 1976 ante

647 2021 776 2069 nos,
806 2021 880 2060 ne
916 2020 1020 2059 nos
1071 2002 1209 2058 hinc
1238 2003 1562 2059 educas“?
1599 2003 1674 2072 (3)
1705 2004 1890 2059 Isaias
1923 2011 2125 2061 autem
2172 2007 2307 2064 licet

647 2095 794 2151 nihil
821 2091 1170 2164 hujusmodi
1197 2090 1482 2158 audisset,
1515 2091 1621 2146 sed
1648 2097 1807 2147 esset
1836 2093 2027 2148 solam
2057 2096 2298 2152 mitten-

645 2183 740 2239 dre
766 2181 1080 2252 legationis
1104 2179 1522 2236 necessitatem
1552 2179 1823 2248 edoctus,
1847 2197 1910 2236 se
1951 2183 2080 2254 ipse
2109 2184 2302 2242 libens

645 2272 880 2340 obtulit,
911 2287 982 2328 ac
1011 2269 1216 2341 injecit
1237 2285 1366 2324 sese
1394 2269 1456 2324 in
1502 2268 1701 2325 media
1731 2270 2018 2342 pericula.
2051 2274 2126 2345 (4)
2155 2276 2299 2340 Qum

642 2362 820 2433 igitur
865 2361 1086 2417 horum
1133 2359 1399 2415 virorum
1435 2359 1770 2416 sententia?
1808 2359 1986 2416 Mosis
2019 2361 2142 2418 haec
2171 2369 2298 2422 erat

640 2451 944 2523 cogitatio,
970 2449 1268 2524 pOpulum
1295 2447 1464 2504 illum
1495 2448 1760 2521 peccatis
1789 2449 2124 2507 obnoxium
2165 2469 2295 2510 esse

637 2546 819 2614 atque
847 2539 1117 2610 indigere
1144 2553 1237 2608 eo,
1268 2536 1374 2610 qui
1414 2537 1678 2594 remittat
1723 2544 1992 2610 peccata,
2024 2539 2086 2596 id
2125 2543 2293 2614 quod

634 2630 831 2702 angeli
869 2632 1155 2702 praestare
1193 2641 1318 2683 non
1355 2630 1631 2699 possunt.
1670 2627 1881 2698 Angeli
1923 2628 2084 2685 enim
2139 2631 2292 2687 mul-

2417 1861 2531 1911 νων,
2575 1840 2667 1892 οὐχ
2721 1844 2824 1892 ἔτι·
2879 1840 3061 1894 ἐλθέτω
3117 1840 3205 1895 οὖν
3264 1845 3290 1895 ὁ
3348 1843 3589 1908 ἀληθινός
3637 1849 3924 1918 νομοθέτηςνὸ

2417 1926 2638 1992 δυνατός
2669 1935 2865 2004 Σωτὴρ,
2890 1932 2915 1982 ὁ
2945 1935 3099 2003 μόνος
3157 1935 3294 2003 ἔχων
3333 1933 3577 1996 ἐξουσίαν
3606 1934 3779 2008 ἀφιέναι
3808 1936 3924 2007 ἁμαρ-

2413 2025 2524 2080 τίας
2547 2037 2560 2050 ⁸
2598 2027 2684 2072 τοῦ
2740 2017 2798 2072 δὲ
2831 2019 3071 2085 Ἠσαῖου,
3105 2025 3184 2072 ὅτι
3223 2030 3283 2094 τῇ
3335 2023 3590 2098 ὑπερϐολῇ
3638 2033 3722 2098 τῇς
3753 2024 3919 2096 ἀγάπης,

2412 2105 2564 2161 οὐδὲν
2590 2117 2689 2160 τῶν
2719 2107 3001 2181 μελλόντων
3040 2108 3326 2181 ἐπάγεσθαι
3364 2112 3510 2183 αὐτῷ
3547 2117 3679 2186 παρὰ
3719 2120 3794 2165 τοῦ
3832 2111 3919 2164 λαοῦ

2411 2197 2705 2270 ἐλογίσατο.
2747 2201 2952 2249 Τούτων
2997 2197 3240 2271 ἐκατέρου
3288 2203 3374 2251 τόν
3435 2206 3618 2274 τρόπον
3660 2201 3915 2270 ζηλώσωμεν,

2411 2289 2492 2339 ἶνα
2511 2292 2596 2339 καὶ
2624 2295 2724 2338 τῶν
2744 2285 3024 2358 μελλόντων
3055 2284 3263 2358 ἀγαθῶν
3302 2287 3650 2362 ἕπιτύχωμεν,
3687 2290 3728 2343 ἐν
3765 2296 3918 2363 Χριστῷ

2406 2376 2584 2434 Ἰησοῦ
2614 2384 2686 2447 τῷ
2714 2380 2888 2451 Κυρίῳ
2919 2377 3084 2448 ἡμῶν,
3111 2377 3226 2448 μεθ’
3256 2377 3316 2429 οὗ
3370 2386 3448 2448 τῷ
3482 2385 3637 2453 Πατρὶ
3671 2376 3915 2450 δόξαῃιμὴ,

2403 2471 2607 2544 κράτος,
2651 2471 2745 2520 σὺν
2778 2467 2904 2538 ἁγίῳ
2958 2470 3238 2540 Πνεύματι,
3267 2475 3354 2521 νῦν
3408 2475 3498 2523 καὶ
3541 2468 3634 2539 ἀεὶ,
3662 2476 3739 2523 καὶ
3762 2470 3814 2531 εἰς
3841 2472 3915 2526 τοὺς

2403 2559 2591 2621 αἰῶνας
2621 2565 2719 2610 τῶν
2751 2557 2971 2614 αἰώνων.
3006 2556 3191 2630 Ἀμήν.

632 2723 797 2776 ctant
816 2717 1062 2791 quidem
1092 2715 1529 2788 delinquentes,
1558 2730 1628 2771 ac
1652 2715 2038 2781 ulciscuntur,
2072 2717 2292 2776 delicta
2327 2736 2472 2778 vero
2501 2734 2624 2776 non
2655 2721 2886 2790 qcuunt
2915 2717 3280 2775 condonare.
3329 2719 3542 2778 Veniat
3590 2721 3749 2792 igitur
3788 2733 3910 2773 verus

628 2807 955 2880 legislator,
999 2811 1212 2880 potens
1258 2804 1354 2861 ille
1413 2806 1707 2874 Servator,
1745 2805 1852 2878 qui
1905 2806 2068 2862 solus
2114 2813 2469 2880 potestatem
2520 2809 2705 2865 habet
2759 2807 3254 2864 remittendorum
3325 2809 3509 2882 5'78
3572 2815 3899 2883 peccatorum.

628 2900 706 2970 (ὅ)
737 2897 904 2954 Isaiae
931 2911 1096 2966 vero,
1117 2894 1284 2967 quod
1310 2909 1432 2966 prae
1463 2893 1764 2950 charitatis
1795 2897 2220 2966 exsuperantia
2249 2903 2432 2972 atque
2461 2898 2697 2965 ardore,
2729 2896 2875 2953 nihil
2905 2913 3116 2953 eorum
3137 2913 3272 2970 qua;
3314 2898 3435 2956 sibi
3474 2916 3511 2956 a
3539 2898 3743 2974 populo
3760 2898 3904 2953 timere

625 2991 886 3061 poterat,
917 2989 1239 3059 reputaret.
1272 2985 1496 3040 Horum
1522 2982 1832 3056 utriusque
1875 2985 2034 3042 facta
2075 2985 2400 3058 imitemur,
2446 2992 2512 3044 ut
2557 2986 2760 3043 futura
2787 3001 3034 3059 quoque
3059 2985 3222 3044 bona
3249 2989 3545 3062 consequi
3570 2985 3901 3062 possimus,in

627 3077 862 3135 Christo
883 3077 1022 3132 Jesu
1053 3075 1309 3131 Domino
1339 3075 1564 3140 nostro,
1596 3087 1864 3145 quocum
1895 3072 2055 3131 Patri
2085 3074 2266 3133 simul
2294 3080 2353 3134 et
2376 3081 2584 3144 sancto
2622 3074 2882 3148 Spiritui,
2925 3073 3136 3146 gloria,
3167 3075 3391 3147 honor,
3418 3082 3694 3150 potestas,
3715 3089 3841 3133 nunc
3864 3074 3900 3127 et

624 3182 884 3240 semper,
917 3171 974 3222 et
1001 3165 1064 3221 in
1094 3162 1314 3220 saecula
1346 3162 1730 3220 saeculorum.
1762 3167 1972 3221 Amen.

621 3275 734 3330 DE
769 3272 1176 3330 PROSPERA
1212 3271 1705 3342 ETADVERSA
1737 3271 2133 3342 FORTUNA,
2172 3271 2286 3330 ET

1136 3343 1247 3399 DE
1283 3341 1777 3399 PRUDENTIA.

1255 3449 1480 3506 SERMO
1511 3448 1646 3505 XXI.

697 3545 747 3599 1.
789 3543 864 3614 (6)
891 3541 1002 3597 Res
1033 3537 1336 3610 secundae,
1381 3542 1438 3594 et
1478 3554 1736 3611 quarum
1770 3538 1966 3596 studio
2005 3538 2275 3613 plerique

619 3636 916 3698 tenentur,
961 3626 1346 3686 stabilitatem
1399 3644 1470 3684 ac
1526 3628 1978 3684 diuturnitatem
2016 3645 2138 3685 non
2169 3630 2275 3686 ha-

617 3723 783 3788 bent,
811 3736 1008 3795 ncque
1032 3735 1126 3776 res
1149 3717 1419 3775 adversae
1450 3734 1521 3774 ac
1554 3718 1746 3774 tristes
1770 3723 2116 3775 constanter
2144 3735 2273 3791 per-

617 3817 895 3869 severant
921 3827 933 3866 :
954 3809 1060 3867 sed
1080 3807 1390 3880 agitationi
1411 3807 1651 3864 cuidam
1675 3808 1986 3880 motuiquc
2008 3814 2064 3864 et
2083 3808 2272 3880 inopi-

615 3903 770 3958 natis
801 3899 1238 3957 mutationibus
1291 3895 1557 3954 obnoxia
1605 3902 1747 3953 sunt
1793 3897 2019 3954 omnia.
2067 3899 2271 3971 Neque

615 3990 777 4046 enim
807 3987 1075 4059 corporis
1104 3986 1406 4049 valetudo,
1425 4002 1621 4058 neque
1654 3986 1984 4057 juventutis
2016 3986 2146 4054 ﬂos,
2169 4000 2270 4044 ne-

614 4093 732 4149 que
752 4077 973 4132 domus
993 4074 1466 4146 {elicitasmeque
1487 4075 1720 4146 reliqua
1731 4076 1859 4131 vita:
1877 4076 2264 4148 prosperitas,

612 4165 718 4221 diu
746 4165 962 4221 durat:
995 4163 1102 4218 sed
1133 4163 1181 4218 si
1222 4163 1282 4218 in
1309 4163 1424 4217 hac
1455 4163 1588 4218 vitae
1631 4165 1944 4221 serenitate
1984 4165 2264 4236 versaris,

611 4259 812 4311 tamen
831 4269 1033 4309 rerum
1054 4249 1380 4324 procellam
1401 4267 1472 4306 ac
1495 4255 1908 4323 tempestatem
1932 4252 2264 4326 aliquando

608 4340 1118 4416 exspecta.Veniet
1136 4337 1297 4396 enim
1326 4337 1597 4406 morbus,
1620 4339 1815 4395 veniet
1837 4344 1893 4396 et
1913 4346 2260 4413 paupertas,

605 4437 787 4488 vento
812 4447 935 4487 non
967 4445 1208 4502 semper
1231 4445 1268 4485 a
1299 4429 1488 4502 puppi
1519 4433 1820 4498 surgente.
1855 4429 1968 4486 Sed
1992 4435 2048 4486 et
2067 4431 2261 4488 virum

603 4521 666 4576 in
696 4521 978 4578 omnibus
1001 4519 1396 4593 spectabilem
1425 4535 1496 4575 ac
1522 4518 1937 4575 aemulandum
1965 4519 2261 4580 invadunt

601 4609 1012 4683 inexspectata
1032 4609 1390 4683 plerumque
1411 4608 1729 4678 dedecora,
1754 4613 1934 4682 atque
1950 4609 2030 4665 im
2040 4610 2260 4682 provisi

600 4713 781 4756 casus
821 4700 994 4772 quasi
1023 4697 1274 4772 quidam
1325 4697 1595 4755 turbines
1641 4714 1888 4755 omnem
1918 4699 2258 4756 felicitatem

596 4785 1017 4845 interturbant.
1042 4792 1166 4844 lmo
1192 4787 1374 4845 etiam
1396 4787 1640 4845 assidua
1661 4787 1824 4845 mala
1847 4794 1987 4845 sunt
2014 4788 2120 4845 tibi
2149 4789 2258 4849 ﬂu.
2291 4773 2330 4825 ί)

597 4880 804 4933 ctuum
827 4875 983 4948 loco,
1013 4893 1278 4951 quorum
1325 4876 1428 4934 alii
1468 4876 1600 4934 aliis
1633 4876 1982 4934 succedunt.
2015 4877 2254 4935 Videbis

593 4980 735 5024 vero
755 4965 1085 5040 aliquando
1133 4970 1191 5024 et
1227 4966 1360 5024 haec
1405 4965 1816 5040 praeterlapsa,
1848 4967 2158 5041 vitamque
2185 4965 2250 5024 in

658 5169 1140 5241 7°Exod.ni,tl.
1216 5169 1474 5228 "Exod.
1506 5185 1584 5242 xv,
1612 5173 1698 5227 10.
1775 5170 1822 5207 ⁷²
1849 5169 1994 5230 ibid.

655 5376 729 5450 (t)
763 5377 840 5450 Ex
867 5381 1194 5450 comment.
1219 5377 1284 5435 in
1314 5376 1459 5445 Isa.,
1483 5376 1610 5435 514.

649 5453 722 5518 ('2)
756 5449 926 5518 Ibid.,
960 5453 1082 5508 517.

651 5522 729 5588 (θ)
758 5519 929 5589 Ibid.,
961 5522 1082 5576 5M.

650 5591 726 5657 (4)
752 5589 926 5664 Ibid.,
956 5596 1080 5649 5n.

2073 5170 2123 5207 ⁷³
2154 5173 2342 5234 Exod.
2375 5188 2556 5242 xxxu,
2588 5175 2676 5231 34.

2386 3278 2535 3328 ΠΕΡΙ
2565 3275 2885 3326 ΕΥΤΥΧΙΑΣ
2908 3276 3021 3325 ΚΑΙ
3049 3276 3415 3327 ΔΥΣΤΥΧΙΑΣ
3438 3279 3549 3328 ΚΑΙ
3578 3273 3894 3338 ΦΡΟΝΗΣΕΩΣ.

2997 3456 3036 3503 Λ
3046 3455 3211 3503 ΟΙὈΣ
3254 3456 3291 3503 Κ
3302 3448 3356 3502 Λ’
3366 3491 3380 3506 .

2451 3543 2504 3597 1.
2548 3541 2680 3593 Οὔτε
2721 3540 2786 3592 τα
2825 3535 2974 3602 δεξιὰ
3006 3544 3094 3591 καὶ
3137 3537 3586 3613 περισπούδαστα
3619 3545 3712 3598 τοῖς
3754 3533 3891 3590 πολλοῖς

2379 3631 2437 3680 τὸ
2466 3629 2625 3691 ἑστὼς
2671 3634 2760 3681 καὶ
2800 3632 3016 3701 μόνιμον
3047 3631 3180 3699 ἔχει,
3230 3632 3350 3681 οὔτε
3392 3632 3461 3682 τὰ
3511 3627 3809 3704 περιστατικά
3831 3629 3890 3672 fit"

2377 3721 2699 3792 πραγμάτων
2759 3722 2847 3770 καὶ
2920 3725 3123 3789 κατηφῆ
3192 3723 3398 3790 παγίως
3465 3715 3756 3793 ἣδρασται,
3812 3710 3891 3762 εὶ)λά

2377 3809 2546 3858 πάντα
2594 3805 2735 3878 σάλῳ
2776 3810 2878 3858 τινὶ
2917 3810 3006 3856 καὶ
3055 3803 3218 3876 κλόνῳ
3269 3810 3363 3858 καὶ
3408 3805 3704 3879 μεταϐολαῖς
3750 3797 3885 3852 ἀδοκι-

2376 3913 2480 3956 τοις
2509 3896 2806 3952 ὑπόκειται,
2851 3898 2986 3946 Οὔτε
3014 3896 3116 3966 γὰρ
3159 3896 3310 3965 ὑγεία
3357 3903 3614 3968 σώματος,
3652 3898 3750 3946 οὗτε
3774 3893 3886 3940 νεόπ-

2373 4003 2457 4048 τος
2484 3986 2656 4052 ἄνθος,
2690 3988 2806 4037 οὔτε
2845 3983 3060 4042 εὐθηνία
3103 3987 3273 4049 οἴκου,
3333 3985 3444 4056 οὐχ
3498 3987 3528 4045 ἡ
3573 3984 3709 4040 λοιπὴ
3751 3992 3882 4048 συμμι-
3943 3981 3947 4059 ξ

2371 4078 2492 4147 τρία
2519 4077 2591 4143 (8)
2623 4081 2714 4125 τοῦ
2770 4071 2892 4146 βίου
2942 4073 3024 4125 ἐπὶ
3077 4073 3206 4126 πολὺ
3255 4070 3522 4146 διαμένει’
3557 4073 3656 4125 ἀλλ’
3684 4070 3725 4124 ἕν
3764 4074 3810 4138 τῇ
3834 4062 3883 4115 ι’)-
3939 4087 3943 4147 II

2370 4159 2498 4236 οδίᾳ
2525 4162 2592 4214 ὢν
2625 4169 2718 4214 τοῦ
2743 4160 2890 4236 βίου,
2917 4159 3143 4234 ἑκδέχου
3182 4165 3307 4216 ποτε
3335 4168 3429 4215 καὶ
3468 4170 3694 4236 χειμῶνα
3713 4153 3882 4230 apt/.55-
3937 4139 3941 4247 ll

2367 4271 2490 4307 των.
2548 4251 2690 4314 Ἥξει
2754 4253 2852 4326 γὰρ
2920 4256 3090 4322 νόσος,
3145 4251 3256 4314 ἣξει
3319 4257 3495 4322 πενία,
3545 4251 3634 4305 οὐκ
3691 4248 3755 4301 ἀεὶ
3796 4242 3880 4293 ιίτὶ
3933 4265 3937 4326 ,ι

2366 4343 2604 4414 πρύμναν
2663 4343 2937 4413 ἱσταμένου
3007 4347 3098 4392 τοῦ
3150 4343 3461 4412 πνεύματος.
3522 4339 3670 4394 Ἀλλὰ
3715 4339 3783 4387 καὶ
3825 4331 3874 4379 τέ’
3929 4317 3935 4414 1i

2366 4430 2699 4506 περίϐλεπτον
2744 4430 2792 4482 ἐν
2831 4435 2963 4482 πᾶσι
3005 4434 3095 4482 καὶ
3150 4428 3380 4490 ζηλωτὸν
3431 4427 3678 4488 ἀδόκητοι
3707 4422 3873 4479 πολλάιί

2367 4517 2578 4583 ἀδοξίαι
2626 4517 3091 4591 καταλαμϐάνουσι
3117 4539 3128 4552 ·
3178 4523 3268 4571 καὶ
3311 4525 3495 4571 πᾶσαν
3560 4519 3792 4590 εὐημερίαν
3818 4511 3870 4557 τεά

2366 4608 2510 4682 βίον,
2577 4609 2680 4661 οἷον
2741 4604 2988 4667 σπιλάδες
3055 4609 3216 4677 τινες,
3282 4611 3620 4681 περιστάσεις
3678 4598 3868 4656 aemili?“

2363 4697 2733 4771 συνετάραξαν.
2787 4701 2887 4750 Καὶ
2925 4697 2954 4754 ἠ
2999 4700 3246 4768 συνέχεια
3282 4705 3383 4748 τῶν
3432 4707 3601 4750 κακῶν
3651 4697 3789 4760 ὥσπερ
3814 4706 3866 4734 Tr

2361 4789 2504 4861 μοιτά
2549 4791 2632 4840 σοί
2671 4787 2830 4858 ἐστιν,
2886 4785 3016 4838 ἄλλα
3052 4784 3128 4838 ἐπ’
3172 4784 3346 4847 ἄλλοις
3388 4785 3742 4860 ἐπεγειρόμενι.
3767 4772 3867 4841 ’θᾷει
3911 4813 3914 4861 1

2363 4874 2423 4930 δὲ
2473 4895 2597 4930 ποτε
2652 4880 2742 4928 καὶ
2785 4882 2952 4928 ταῦτα
2993 4871 3433 4948 παραδραμόντα,
3475 4879 3566 4928 καὶ
3618 4875 3723 4946 πρὸς
3758 4866 3866 4933 ἀφ’

2360 4984 2495 5026 τητα
2527 4971 2616 5020 καὶ
2652 4963 2836 5024 λευκὴν
2880 4969 3037 5026 ὅντως
3075 4963 3302 5036 γαλήνην
3341 4967 3433 5018 τὸν
3487 4969 3600 5018 Βίον
3637 4949 3862 5034 μεταϐάλο-

2751 5173 2800 5209 ⁷⁵
2826 5169 3012 5229 Exod.
3035 5185 3234 5239 χχχιιι,
3264 5173 3349 5227 t5.

2414 5381 2492 5452 (5)
2527 5378 2780 5452 Uterque
2800 5377 2992 5435 codex
3011 5377 3242 5452 indicat
3262 5378 3594 5452 comment.
3620 5373 3675 5430 in
3695 5365 3784 5426 Im.

2410 5448 2486 5523 (6)
2528 5448 2800 5523 Exhom.
2829 5452 2890 5507 in
2918 5451 3184 5523 princip.
3210 5450 3411 5523 Prpv.,
3446 5448 3562 5523 με.

2410 5515 2486 5595 (7)
2528 5518 2585 5575 '0
2613 5519 2672 5575 δὲ
2704 5515 3165 5596 Kopiogfﬂegius
3194 5519 3406 5596 codex,
3435 5521 3462 5572 ό
3487 5515 3553 5596 ,δὲ
3577 5517 3713 5596 ϐιός.

2410 5589 2488 5666 (8)
2528 5589 2846 5671 Συμμετρὶα.
2873 5589 3192 5655 contextus
3217 5591 3421 5664 habet,
3449 5589 3705 5664 εὐημερία.
