4056 6222
223 338 359 394 1361

928 339 1158 396 SERMO
1201 341 1333 396 ΧΧΙ.
1382 367 1448 379 ·-
1488 341 1577 395 DE
1617 337 1977 398 PROSPERA
2017 343 2102 399 ET
2139 342 2466 399 ADVERSA
2507 342 2850 400 FORTL'NA.

3442 345 3582 400 136?.

224 481 391 535 μενον,
445 461 644 533 Ὠσπερ
695 463 796 535 γὰρ
858 462 1126 515 θάλασσαν
1186 462 1458 535 ἀμήχανον
1517 467 1610 520 τὴν
1670 464 1810 522 αὐτὰ

1937 464 2294 522 hilaritatem
2349 471 2404 524 et
2438 467 2500 524 in
2559 481 2696 521 vere
2720 466 3054 534 jucundam
3096 466 3582 538 tranquillitatem

225 552 309 606 ἐπὶ
366 551 496 604 πολύ
552 546 832 622 διαρκέσαι
861 550 975 621 (tiu
1006 555 1106 625 γὰρ
1134 560 1222 604 νῦν
1257 551 1393 604 λείαν
1419 556 1509 604 καὶ
1537 555 1824 626 σταθηρὰν,

223 645 408 714 μικρὸν
467 641 680 710 ύστερον
736 639 851 710 ὄψει
919 639 1066 712 βίαις
1120 639 1313 712 ἀνέμων
1393 646 1823 715 τραχυνομένηνο

223 734 312 782 καὶ
359 733 536 802 μέντοι
582 733 671 780 καὶ
737 733 830 786 την
879 727 1252 802 ἀγριαίνουσαν
1305 735 1393 782 καὶ
1456 728 1826 804 βρασσομένην

221 829 295 890 τῷ
369 815 616 880 κλύδωνι,
673 817 864 891 βαθεῖα
925 818 1122 890 γαλήνη
1200 825 1341 892 ταχύ
1411 823 1825 894 κατεστόρεσεν),

221 911 356 962 οὕτω
388 914 477 962 καὶ
515 912 581 960 τὰ
623 916 714 961 τού
755 907 878 981 βίου
905 911 1189 982 πράγματα
1224 907 1425 983 ῥαδίως
1461 909 1710 983 λαμϐάνει
1739 912 1826 970 τὰς

220 1000 569 1073 περιστροφας
644 996 718 1069 ἐφ’
801 997 1033 1070 ἑκάτερα.
1109 1000 1203 1050 Δια
1268 1007 1420 1050 τοῦτο
1508 998 1824 1071 κυϐερνήτου

221 1093 401 1161 χρεία,
445 1090 529 1138 ἱνα
566 1092 655 1138 καὶ
715 1084 762 1138 ἐν
820 1085 1010 1160 γαλήνη
1092 1095 1183 1139 τοῦ
1252 1085 1396 1158 βίον,
1446 1089 1647 1139 πάντων
1685 1087 1825 1158 αὐτῷ

220 1179 356 1228 κατά
404 1183 520 1227 νοῦν
692 1179 996 1247 προίόντων,
1046 1178 1140 1237 τας
1176 1175 1460 1247 μεταϐολὰς
1511 1172 1820 1247 ἐπιδέχηται,

219 1270 308 1316 καὶ
355 1270 426 1337 μὴ
498 1267 564 1326 ως
598 1261 875 1323 ἀθανάτοις
941 1272 1048 1325 τοῖς
1092 1273 1348 1338 παροῦσιν
1385 1265 1783 1322 ἐπαναπαύηται
1809 1286 1819 1298 ·

221 1359 310 1405 καὶ
365 1353 413 1405 ἐν
472 1361 532 1424 τῇ
594 1354 1000 1425 σκυθρωπότερα
1045 1355 1368 1404 καταστάσει
1425 1358 1496 1424 μὴ
1559 1352 1813 1425 ἀπελπίζη

221 1453 319 1496 τῶν
367 1442 575 1514 ἀγαθῶν
600 1445 699 1511 (’2),
732 1445 799 1504 ως
839 1441 898 1494 ἂν
928 1447 998 1516 μὴ
1052 1451 1112 1514 τῇ
1171 1448 1518 1517 περισσοτέρᾳ
1555 1443 1688 1516 λύπη
1732 1465 1822 1496 κα-

217 1533 462 1592 ταποθεὶς
529 1529 859 1606 ὑποϐρύχιος
907 1538 1142 1603 φέρηται.
1169 1531 1336 1593 Οὗτος
1375 1535 1476 1603 γὰρ
1507 1531 1644 1583 ἐστιν
1684 1534 1709 1583 ό
1735 1552 1819 1583 νο-

219 1627 362 1692 ἠμων
437 1618 771 1692 κυϐερνήτης,
829 1620 855 1670 ό
924 1617 1321 1690 ἐστοχασμένοις
1483 1627 1572 1680 τῆς
1614 1621 1818 1672 {11:02:1-

216 1715 370 1781 μένης
457 1711 657 1780 φύσεως
723 1709 1210 1780 μεταχειριζόμενος
1285 1712 1334 1761 τό

217 1805 304 1850 καὶ
366 1800 539 1870 ὅμοιος
582 1795 660 1850 ἀεὶ
700 1797 857 1859 αὐτὸς
901 1797 1064 1868 ἐαυτῷ
1121 1793 1396 1870 διαμένων,
1439 1804 1571 1870 μήτε
1610 1797 1818 1872 ἐπαιρό-
1848 1813 1887 1866 Β

1285 1714 1348 1761 τα
1432 1714 1817 1780 συμπίπτοντα,

213 1906 364 1959 μενος
411 1886 460 1938 ἑν
517 1894 633 1946 ταῖς
681 1886 974 1958 εὐθυμίαις,
1026 1892 1158 1958 μήτε
1195 1891 1534 1938 καταπίπτων
1599 1889 1647 1939 ἐν
1703 1895 1818 1948 ταῖς

215 1983 525 2050 συμφοραῖς.
578 1980 762 2027 Καίτοι
809 1973 1096 2047 κυϐερνήτῃ
1152 1978 1242 2047 μεν
1291 1975 1382 2027 οὐκ
1427 1974 1618 2046 ἐγεῖται
1655 1975 1818 2046 γαλήο

213 2084 304 2122 νην
371 2071 533 2117 ποιεῖν
582 2066 665 2116 ὅτε
704 2061 966 2134 βούλεται,
1020 2065 1144 2135 ἡμῖν
1213 2061 1270 2116 δὲ
1337 2063 1570 2136 ἀκύμονα
1621 2064 1814 2126 ἑαυτοῖς

211 2155 469 2222 καθιστᾲν
501 2156 588 2204 τόν
629 2150 746 2224 βίον
786 2155 874 2202 καὶ
919 2154 1051 2204 πάνυ
1093 2148 1298 2224 ράὸιον,
1340 2150 1424 2204 ἐὰν
1454 2156 1572 2213 τοὺς
1611 2149 1812 2205 ἔνδοθεν

210 2242 267 2293 ἐκ
327 2249 428 2292 τῶν
484 2243 662 2293 παθῶν
716 2243 1150 2312 ἐπανισταμένους
1211 2239 1462 2314 θορύϐους
1521 2245 1812 2313 κατασιγά-

209 2349 400 2402 σωμεν,
463 2335 553 2382 καὶ
605 2338 704 2382 τῶν
758 2330 938 2391 ἔξωθεν
998 2335 1430 2399 προσπιπτόντων
1488 2329 1810 2404 ὑψηλοτέραν

207 2424 304 2477 τὴν
362 2425 572 2491 γνώμην
661 2420 1138 2491 καταστησώμεθα.
1205 2417 1345 2472 Ἐπεὶ
1410 2419 1514 2490 οἶγε
1570 2416 1810 2494 σφοδρῶς

205 2515 324 2569 ταῖς
362 2515 452 2559 τού
491 2506 612 2579 βίον
654 2511 925 2582 μερίμναις
981 2505 1398 2578 κατειλημμένοι,
1463 2509 1566 2559 οἷον
1615 2511 1808 2580 ᾅονιοες

208 2597 553 2669 πολύσαρκοι,
614 2596 721 2654 εἰκῆ
789 2599 846 2648 τό
894 2600 1078 2669 πτερόν
1121 2599 1347 2668 ἔχοντες,
1415 2599 1556 2648 κάτω
1585 2615 1685 2648 που
1718 2600 1806 2649 σύ-

204 2704 387 2758 ρονται
415 2688 546 2758 μετά
577 2693 676 2737 τῶν
709 2683 1083 2758 βοσκημάτων.

275 2780 334 2830 2.
379 2775 562 2828 Πολλοὶ
629 2771 688 2827 δὲ
736 2773 984 2836 πολλάκις
1039 2774 1201 2827 πολλὰ
1259 2776 1692 2850 συναθροίσαντες
1748 2775 1803 2828 ἐκ

203 2868 457 2932 νεότητος,
513 2867 632 2936 περὶ
686 2866 750 2915 τὰ
813 2867 952 2936 μέσα
988 2871 1080 2916 τοῦ
1121 2861 1243 2936 βίον
1307 2868 1586 2936 γενόμενοι,
1621 2864 1804 2917 ἐπανα·

205 2955 435 3005 στάντων
494 2951 669 3013 αὐτοῖς
719 2959 1022 3027 πειρασμῶν
1093 2950 1148 3004 ἐκ
1198 2960 1297 3004 τῶν
1354 2955 1653 3025 πνευμάτων
1709 2962 1802 3015 τῆς

199 3046 474 3114 πονηρίας,
525 3040 620 3093 ούκ
686 3044 906 3112 ἤνεγκαν
962 3048 1053 3094 τοῦ
1097 3049 1353 3113 χειμῶνος
1392 3044 1451 3094 τὸ
1491 3040 1676 3115 βάρος,
1710 3039 1804 3096 διὰ

1939 561 2420 612 transmutatam.
2447 555 2973 622 Quemadmodum
2994 555 3154 612 enim
3186 556 3312 612 tieri
3336 572 3459 614 non
3484 573 3584 628 po-

1941 650 2069 711 test,
2098 651 2159 699 ut
2186 661 2350 700 mare
2366 645 2466 700 diu
2486 646 2644 700 idem
2668 645 3217 717 permaneat<quod
3241 645 3399 702 enim
3421 662 3583 700 nunc

1936 734 2326 806 tranquillum
2354 750 2424 790 ac
2451 734 2660 790 stabile
2684 735 2874 802 vides,
2899 735 3082 806 paulo
3103 734 3584 807 postconspicies

1936 830 2247 880 ventorum
2268 824 2323 879 vi
2341 830 2794 898 exasperatum;
2822 825 2986 896 quod
3008 841 3148 880 vero
3165 825 3470 880 etferatum
3496 830 3585 880 est

1935 919 1990 970 et
2021 917 2162 968 aestu
2185 913 2599 977 effervescens,
2628 929 2767 967 mox
2798 913 3194 984 tranquillitas
3226 913 3345 968 alta
3372 913 3580 982 sedat),

1937 1005 2021 1059 sic
2043 1004 2222 1059 etiam
2247 1019 2340 1058 res
2367 1002 2694 1057 mundanus
2716 1003 2774 1058 in
2803 1007 3120 1073 utramque
3151 1008 3380 1074 partem
3413 1003 3582 1056 facile

1935 1100 2385 1150 convertuntur.
2440 1095 2579 1147 liam
2611 1091 2689 1146 ob
2720 1108 2965 1146 causam
2989 1091 3386 1160 gubernatore
3424 1107 3579 1162 opus

1933 1189 2040 1250 est,
2073 1188 2211 1238 utet
2241 1182 2301 1236 in
2329 1181 2466 1236 vita:
2498 1180 2939 1252 tranquillitate,
2979 1180 3262 1236 omnibus
3293 1195 3361 1234 ex
3397 1179 3582 1234 animi

1932 1271 2223 1327 sententia
2254 1269 2739 1342 procedentibus,
2785 1268 3145 1326 mutationes
3187 1267 3579 1340 prmstoletur,

1931 1376 2040 1414 nec
2062 1361 2119 1414 in
2152 1358 2549 1430 praesentibus
2582 1363 2871 1428 tanquam
2902 1373 3142 1427 semper
3171 1356 3580 1429 permansuris

1929 1447 2349 1518 conquiescat;
2410 1462 2604 1518 neque
2637 1446 2694 1501 in
2718 1445 3138 1501 molestissimo
3169 1447 3347 1500 etiam
3377 1461 3577 1500 rerum

1930 1541 2085 1591 statu
2117 1537 2365 1592 meliora
2396 1537 2690 1607 desperet,
2727 1552 2800 1590 ne
2843 1535 3269 1591 abundantiori
3299 1536 3580 1591 maestitia

1927 1625 2249 1697 absorptus
2273 1626 2712 1692 submergatur.
2737 1629 2811 1694 (4)
2847 1629 2993 1680 Nam
3026 1624 3117 1679 ille
3147 1624 3394 1679 demum
3416 1623 3579 1678 intel-

1927 1713 2116 1784 ligens
2147 1721 2233 1770 est
2259 1715 2646 1784 gubernator,
2671 1716 2772 1786 qui
2794 1715 3078 1784 subjectae
3108 1720 3337 1768 naturie
3369 1713 3575 1767 habita

1927 1805 2176 1873 ratione,
2210 1820 2281 1859 ea
2303 1820 2437 1876 quae
2457 1804 2755 1872 accidunt,
2786 1809 3014 1873 tractat,
3061 1803 3286 1874 quique
3308 1801 3418 1856 sibi
3447 1802 3573 1871 ipse

1927 1892 2134 1948 similis
2153 1909 2390 1965 semper
2415 1909 2797 1964 permanens.
2817 1909 3010 1964 neque
3031 1892 3210 1946 rebus
3241 1889 3385 1945 lzetis
3409 1889 3575 1944 effer-

1925 1985 2038 2050 tur,
2068 1997 2264 2052 neque
2295 1982 2354 2036 in
2386 1983 2672 2037 (erumnis
2703 1982 2908 2037 animo
2938 1981 3215 2036 concidit.
3253 1981 3399 2035 Nam
3427 1994 3573 2035 nau-

1924 2073 2082 2124 clero
2115 2069 2358 2141 quidem
2387 2084 2506 2125 non
2534 2069 2669 2125 licet
2695 2069 3186 2141 tranquillitatem
3208 2067 3400 2124 facere
3431 2083 3571 2122 cum

1922 2158 2190 2228 voluerit,
2225 2158 2330 2213 sed
2353 2158 2527 2214 nobis
2558 2158 2941 2230 tranquillam
2979 2157 3155 2214 nobis
3201 2157 3348 2229 ipsis
3386 2156 3570 2212 vitam

1921 2246 2300 2311 constituere,
2321 2247 2498 2301 etiam
2532 2246 2781 2301 omnino
2813 2246 3066 2312 facile,si
3096 2244 3390 2299 tumultus
3410 2243 3569 2299 intus

1920 2350 1991 2389 ex
2044 2335 2201 2390 vitiis
2257 2335 2634 2404 insurgentes
2685 2349 3166 2406 compescamus,
3199 2337 3256 2388 et
3295 2333 3388 2388 his
3431 2348 3568 2403 quae

1919 2425 2288 2480 extrinsecus
2325 2424 2623 2492 accidunt,
2658 2423 2930 2479 altiorem
2981 2421 3254 2478 animum
3310 2420 3570 2477 stabilia-

1919 2529 2077 2568 mus.
2112 2516 2260 2568 Nam
2281 2514 2382 2585 qui
2407 2514 2542 2568 vitae
2583 2512 2742 2568 curis
2774 2512 3106 2568 admodum
3139 2510 3359 2567 detenti
3390 2511 3566 2582 579

1921 2606 2082 2664 sunt,
2136 2602 2313 2658 veluti
2368 2618 2640 2657 carnosa:
2696 2618 2840 2657 aves
2884 2603 3101 2658 frustra
3132 2601 3243 2656 alis
3269 2601 3565 2656 instructae

1917 2706 2040 2746 una
2064 2706 2201 2746 eum
2228 2690 2546 2762 pecoribus
2571 2690 2738 2746 humi
2759 2694 3028 2762 serpunt.

1987 2786 2038 2835 2.
2075 2782 2144 2850 (5)
2180 2779 2447 2851 Plerique
2479 2795 2620 2836 vero
2651 2779 2852 2836 multis
2881 2797 2916 2835 a
2940 2780 3252 2850 juventute
3281 2777 3559 2843 collectis,

1916 2868 2019 2924 ubi
2051 2869 2128 2924 ad
2159 2869 2424 2924 mediam
2455 2868 2574 2924 fere
2600 2873 2836 2924 aetatem
2855 2867 3158 2940 progressi
3183 2867 3562 2938 sunt,nequi-

1914 2957 2008 3014 tite
2021 2958 2330 3030 spiritibus
2343 2958 2634 3014 adversus
2657 2974 2758 3014 eos
2773 2959 3126 3014 tentationes
3138 2956 3559 3024 excitantibus,

1912 3047 2278 3120 tempestatis
2307 3063 2485 3116 onus,
2539 3051 2743 3119 utpote
2798 3045 3230 3117 gubernatione
3275 3043 3560 3111 destituti,

197 3133 256 3181 τό
305 3134 397 3188 τὴν
449 3128 760 3204 κυϐέρνησιν
820 3129 1000 3191 αύτοίς
1047 3134 1117 3201 μὴ
1179 3137 1437 3203 παρεῖναι,
1489 3129 1616 3183 ἀλλὰ
1665 3134 1800 3184 πάν-

1920 3151 2033 3193 non
2059 3137 2474 3194 sustinuerunt
2504 3154 2517 3192 :
2547 3137 2655 3193 sed
2675 3136 2951 3192 omnium
2978 3135 3213 3192 illarum
3246 3151 3446 3192 rerum
3468 3134 3558 3206 ja-

195 3237 298 3271 των
357 3217 558 3270 ἐκείνων
607 3223 700 3277 την
733 3218 923 3291 ξημίαν
977 3219 1272 3290 ὑπέμειναν.
1307 3225 1408 3272 Καὶ
1454 3221 1503 3271 οἱ
1536 3223 1647 3292 μὲν,
1676 3226 1801 3294 Περὶ

196 3312 291 3366 τὴν
348 3313 523 3360 πίστιν
579 3306 939 3379 ἐναυάγησαν·
1001 3306 1147 3359 ἄλλοι
1202 3303 1280 3374 δὲ,
1343 3312 1681 3381 σωφροσύνην
1740 3310 1800 3368 ἢν

197 3402 496 3469 συνήγαγον
562 3396 617 3449 ἐκ
656 3400 913 3463 νεότητος,
955 3398 1130 3469 ὥσπερ
1159 3394 1473 3468 καταιγίδος
1523 3402 1656 3458 τινός
1711 3407 1801 3460 τῆς

193 3493 427 3560 πονηρᾶς
498 3483 690 3547 ἡδονῆς
735 3483 856 3538 ἐπιδ
859 3489 1100 3560 ραμούση
1115 3507 1154 3553 ς,
1206 3484 1503 3542 ἀπώλεσαν.
1562 3487 1802 3540 Ἐλεεινό.

193 3595 347 3628 τατον
417 3577 601 3648 θέαμα,
665 3577 796 3648 μετὰ
846 3580 1113 3644 νηστείαν,
1171 3577 1300 3648 μετά
1377 3575 1798 3650 σκληραγωγίαν,

191 3665 325 3736 μετὰ
386 3667 694 3739 προσευχὴν
774 3661 974 3728 ἐκτενῆ,
1052 3666 1182 3735 μετὰ
1255 3659 1482 3738 δάκρυον
1560 3661 1798 3736 δαψιλὲς,

192 3756 325 3824 μετὰ
369 3754 670 3826 ἐγκράτειαν
729 3756 894 3805 εἴκοσί
945 3771 1045 3805 που
1097 3754 1220 3804 ἑτῶν
1265 3752 1295 3811 ἦ
1359 3755 1658 3828 τριάκοντα,
1726 3748 1799 3806 δι’

194 3840 511 3914 ἀπροσεξίαν
555 3841 744 3913 ψυχῆς
794 3847 884 3893 καὶ
939 3839 1198 3914 ἀμέλειαν,
1275 3845 1468 3913 γυμνὸν
1564 3842 1802 3894 ἁπάντων

193 3927 589 4002 ἀποδειχθῆναι
624 3951 636 3964 ο
697 3935 787 3982 καὶ
865 3929 1231 4005 παραπλήσιον
1269 3932 1511 4001 γενέσθαι
1571 3935 1656 3983 τόν
1735 3939 1796 4004 τῇ

191 4021 420 4096 ἐργασία
461 4029 562 4073 τῶν
601 4019 810 4073 ἐντολῶν
865 4020 1256 4094 εύοηνούμενον,
1297 4020 1502 4094 ἐμπόρῳ
1551 4027 1654 4074 τινὶ
1704 4041 1800 4094 με-

189 4109 550 4182 γαλοπλούτῳ,
595 4109 650 4170 ὃς
705 4118 776 4179 τῶ
823 4109 1010 4167 πλήθει
1049 4118 1148 4162 τῶν
1198 4109 1476 4182 ἀγωγίμων
1508 4110 1798 4182 ἐπαγαλλό-

193 4219 366 4273 μενος,
422 4197 654 4271 ἐξουρίας
693 4199 834 4270 αύτῲ
871 4207 964 4260 τῆς
1021 4203 1139 4258 νηός
1171 4204 1471 4273 φερομένης,
1520 4202 1583 4251 τὰ
1611 4199 1800 4271 φοϐερὰ

194 4288 395 4360 πελάγη
441 4284 773 4359 διαδραμὼν,
833 4293 964 4361 πρὸς
1004 4289 1180 4347 αὐτοῖς
1218 4295 1320 4348 τοῖς
1350 4288 1524 4361 λιμέσι
1573 4286 1797 4363 διαρρα-

194 4382 372 4449 γέντος
410 4384 501 4428 τοῦ
527 4377 733 4442 πλοίου,
788 4378 991 4427 πάντων
1033 4375 1217 4449 ἀθρόον
1257 4379 1447 4448 ἔρημος
1478 4373 1797 4449 ἀπεδείχθη.

1689 4486 1800 4519 εστι

1835 4514 1876 4568 D

195 4470 331 4528 Τοὺς
369 4469 628 4526 τοιούτους
667 4466 692 4517 ὁ
744 4468 870 4524 Θεός
922 4467 1066 4536 ἡμῶν
1107 4464 1248 4520 ἐλεεῖ.
1292 4464 1462 4527 Ἔλεος
1514 4469 1614 4540 γὰρ

197 4557 366 4617 πάθος
399 4553 482 4609 ἐπὶ
521 4558 642 4617 τοὺς
666 4555 790 4627 παρ’
821 4553 968 4616 ἀξίαν
1011 4556 1493 4626 τεταπεινωμένους,
1521 4558 1665 4630 παρὰ
1702 4564 1800 4608 τῶν

203 4647 497 4718 συμπαθῶς
573 4641 940 4716 διατιθεμένων
1013 4648 1300 4715 γινόμενον,
1367 4643 1631 4716 Ἐλεονμεν
1713 4649 1801 4697 τόν

201 4734 260 4787 ἐκ
310 4733 536 4808 μεγάλου
594 4733 818 4786 πλούτου
874 4735 1004 4807 πρὸς
1033 4737 1126 4790 τὴν
1167 4731 1402 4803 ἐσχάτην
1432 4738 1607 4786 πενίαν
1645 4753 1803 4786 κατα-

199 4828 446 4891 πεσόντα,
495 4825 582 4875 τόν
642 4821 696 4874 ἐκ
760 4830 856 4882 τῆς
894 4822 1057 4893 ἄκρας
1109 4820 1301 4883 εύεξίας
1330 4829 1420 4873 τού
1454 4827 1692 4894 σωματος
1733 4822 1802 4884 εἰς

200 4918 298 4972 τὴν
345 4915 576 4985 ἐσχάτην
635 4910 900 4964 ἀσθένειαν
949 4909 1360 4977 καταϐληθέντα,
1401 4915 1489 4963 τόν
1523 4909 1604 4964 ἐπὶ
1630 4912 1803 4963 κάλλει

202 5008 293 5057 καί
359 5005 470 5076 ὥρᾳ
521 5007 758 5074 σώματος
807 4999 1148 5073 ἀγαλλόμενον
1187 5005 1276 5052 καὶ
1321 5000 1419 5052 ὑπὸ
1473 5008 1570 5052 τῶν
1611 5001 1803 5074 αἰσχί-

273 5203 323 5237 τε
357 5198 713 5270 [Tim.i,19.

275 5398 356 5471 (1)
393 5397 713 5471 _Kat&_v0_~5v.
767 5393 1010 5471 Legitur:
1038 5394 1100 5450 in
1143 5395 1448 5471 contextu,
1505 5395 1639 5446 κατά
1662 5394 1807 5468 ῥοῦν.

206 5465 304 5531 Sic
329 5465 512 5526 etiam
543 5467 727 5524 habet
751 5465 940 5523 codex
979 5469 1120 5536 Reg.
1151 5468 1310 5524 1910.

279 5545 358 5610 (‘2)
395 5547 509 5592 Τῶν
559 5538 792 5611 ἀγαθῶν.
849 5539 1190 5603 Contextus,
1240 5537 1436 5603 ἑαυτόν,
1475 5551 1583 5594 nec
1627 5536 1700 5594 de
1755 5551 1815 5594 se

206 5615 502 5683 desperet.

286 5679 362 5756 (3)
403 5683 858 5754 Ἐστοχασμένως.
923 5679 1014 5736 Sic
1057 5679 1238 5737 habet
1261 5683 1592 5737 contextus.
1646 5679 1815 5750 Editi,

1910 3230 2144 3282 cturam
2174 3226 2389 3282 fecere.
2406 3229 2486 3282 Ac
2512 3226 2610 3282 alii
2640 3227 2880 3298 quidem
2905 3225 3075 3282 Circa
3101 3225 3275 3294 ﬁdem
3304 3227 3561 3295 naufra-

1908 3322 2205 3385 gaverunt
2224 3317 2294 3386 τε,
2313 3314 2633 3387 alii,prava
2649 3314 2950 3388 voluptate
2970 3314 3030 3370 in
3057 3315 3307 3370 modum
3331 3313 3559 3386 procel-

1910 3403 1982 3459 lae
2030 3404 2350 3475 cujusdam
2399 3403 2733 3474 ingruente,
2766 3409 3180 3476 comparatam
3219 3403 3297 3460 ab
3313 3403 3561 3474 juventa

1910 3493 2242 3550 castitatem
2255 3494 2611 3551 amiserunt.
2634 3493 2969 3550 Miserabile
2982 3493 3412 3564 spectaculum,
3426 3497 3563 3564 post

1905 3583 2223 3654 jejunium,
2278 3589 2417 3655 post
2472 3583 2692 3638 durum
2718 3582 2852 3638 vitae
2878 3598 3086 3653 genus,
3131 3586 3270 3656 post
3296 3582 3561 3654 prolixae

1909 3687 2137 3744 preces,
2170 3677 2304 3744 post
2347 3673 2648 3744 lacrymas
2679 3672 2843 3744 large
2881 3671 3182 3744 profusas,
3212 3676 3351 3744 post
3377 3672 3562 3726 conti-

1909 3760 2174 3816 nentiam
2205 3776 2505 3815 annorum
2535 3759 2764 3829 viginti,
2790 3765 2893 3815 aut
2923 3759 3070 3815 forte
3095 3759 3335 3828 triginta
3353 3759 3555 3826 etiam,

1909 3864 2018 3921 per
2046 3848 2232 3904 animi
2261 3848 2832 3904 inconsiderantiam
2881 3863 2951 3904 ac
2974 3847 3291 3912 incuriam,
3323 3847 3557 3903 nudum

1909 3944 1966 3994 et
1995 3937 2319 4010 spoliatum
2350 3938 2634 3994 omnibus
2678 3937 2960 4005 inveniri;
3009 3953 3079 3993 ac
3124 3936 3378 3992 similem
3428 3937 3560 3992 ﬁeri

1909 4043 2067 4095 eum,
2094 4027 2198 4098 qui
2221 4031 2659 4100 prtcceptorum
2692 4031 2924 4098 quaestu
2944 4026 3264 4098 opulentus
3286 4029 3390 4095 est,
3409 4040 3562 4097 prte-

1908 4114 2072 4169 diviti
2097 4115 2356 4187 cuipiam
2380 4115 2715 4184 mercatori,
2741 4115 2866 4188 qui,
2891 4114 2972 4170 ob
3001 4115 3239 4186 copiam
3271 4114 3560 4171 mercium

1908 4204 2097 4267 ltBtlls,
2129 4204 2397 4260 secundo
2418 4209 2594 4261 vento
2616 4204 2814 4260 delata
2842 4220 3015 4274 nave,
3045 4205 3345 4260 horrenda
3371 4202 3563 4259 maria

1908 4309 2216 4360 emensus,
2248 4293 2524 4349 diffracto
2553 4293 2631 4349 ad
2675 4293 2840 4365 ipsos
2866 4297 3076 4366 portus
3104 4291 3362 4361 navigio,
3393 4291 3562 4347 dere-

1908 4386 2085 4454 pente
2115 4383 2400 4438 omnibus
2429 4381 3156 4452 nudatur.ﬂujuscemodi
3183 4381 3340 4434 enim
3372 4379 3563 4434 homi-

1909 4488 2055 4527 num
2079 4474 2236 4528 Deus
2269 4479 2468 4528 noster
2492 4473 2826 4528 miseretur.
2856 4470 2931 4540 (6)
2964 4467 3362 4525 Misericordia
3384 4467 3564 4539 siqui-

1910 4560 2048 4617 dem
2081 4561 2318 4617 atl'ectio
2355 4566 2443 4617 est.
2477 4576 2620 4631 erga
2644 4575 2746 4616 eos
2773 4558 2874 4631 qui
2906 4563 3124 4630 praeter
3150 4555 3427 4612 meritum
3457 4554 3562 4611 de-

1909 4648 2100 4722 pressi
2131 4653 2290 4715 sunt,
2322 4648 2400 4704 ab
2429 4649 2502 4704 iis
2546 4648 2649 4720 qui
2679 4645 3062 4702 miseratione
3083 4648 3402 4700 moventur
3432 4659 3566 4716 pro-

1909 4737 2204 4794 ficiscens.
2238 4737 2583 4793 Miseramur
2619 4752 2781 4802 eum,
2812 4735 2916 4807 qui
2965 4751 3038 4791 ex
3077 4734 3315 4804 magnis
3346 4733 3567 4790 divitiis

1912 4829 1974 4884 in
2021 4831 2354 4882 extremam
2395 4825 2602 4882 incidit
2647 4829 3092 4898 paupertatem;
3138 4840 3296 4896 eum,
3338 4824 3443 4898 qui
3494 4840 3566 4880 ex

1913 4917 2144 4989 Optima
2172 4916 2440 4988 corporis
2460 4913 2816 4971 habitudine
2841 4915 2921 4971 ad
2951 4931 3257 4972 summam
3285 4915 3567 4971 redactus

1915 5008 2007 5062 est
2031 5003 2399 5062 debilitatem
2434 5021 2446 5060 :
2479 5018 2642 5072 eum,
2673 5002 2777 5076 qui
2828 5003 2907 5061 ob
2960 5002 3466 5076 pulchritudinem
3497 5016 3568 5059 ac

1920 5415 2395 5526 εσῖἒᾷαὲἔεέἓεῐ.
2429 5483 2646 5526 ccxcui,
2674 5471 2768 5524 431

1995 5470 2071 5558 (ἦ)
2117 5470 2195 5524 ex
2225 5470 2395 5539 epist.
2429 5483 2646 5551 ccxcui,
2674 5471 2798 5550 4331.

1995 5540 2072 5682 (ὃζ
2113 5543 2196 5629 lix
2225 5541 2389 5596 hom.
2424 5557 2487 5622 in
2515 5554 2774 5609 pri-nem.
2809 5537 3015 5604 Prov.,
3053 5537 3172 5594 H2.

1997 5616 2049 5682 (6
2110 5614 2190 5666 hx
2222 5612 2388 5668 hom.
2421 5627 2485 5666 ιη
2511 5610 2670 5681 psal.
2703 5625 2844 5676 cxrv,
2871 5611 2998 5664 201.

1997 5610 2072 5682 (6)
2110 5613 2190 5666 Ex
2222 5612 2388 5668 hom.
2421 5612 2485 5666 in
2511 5610 2670 5681 psal.
2703 5625 2844 5676 cxrv,
2871 5611 2998 5664 201.
