4056 6222
532 327 662 382 1363

1513 328 1876 385 APPENDIX.
1905 357 1976 368 ·-
2007 329 2354 387 ςγΜΕοΝιε
2394 330 2918 387 ΜΕΤΑΡΗΒΑὸΤιΕ

3754 333 3895 385 1364

524 450 882 520 elegantiam
899 452 1165 525 corporis
1185 452 1625 524 praegestiebat,
1641 452 1740 508 sed
1771 470 1804 508 a
1826 452 2170 509 foedissimis

2288 473 2421 506 στων
2460 457 2636 507 παθῶν
2669 451 3044 526 διαφθαρέντα.
3102 455 3242 507 Ἐπεὶ
3299 451 3385 507 οὖν
3424 459 3513 507 καὶ
3549 456 3701 526 ἡμεῖς
3765 451 3892 524 ἦμέν

524 555 594 595 ac
622 541 984 613 turpissimis
1007 541 1233 597 morbis
1257 547 1574 614 corruptus
1607 547 1716 598 est.
1752 543 2048 608 Quoniam
2073 544 2176 612 igi-

522 633 618 682 tur
647 635 703 684 et
728 645 838 683 nos
869 629 927 684 in
951 630 1234 700 paradiso
1254 629 1564 699 degentes,
1585 646 1828 685 eramus
1847 631 2176 702 aliquando

521 716 662 772 clari
686 734 754 772 ac
781 718 1155 791 spectabiles,
1189 726 1243 774 et
1269 726 1468 774 tamen
1501 719 1579 775 ob
1606 720 1956 790 ejectionem
1985 720 2176 789 inglo—

520 806 587 861 rii
619 812 674 861 et
694 808 910 878 abjecti
933 808 1428 872 evasimus,Dcus
1459 809 1643 864 nostri
1675 809 2174 877 miseretur,dum

517 895 730 965 quales
777 911 888 950 nos
932 912 1003 949 ex
1057 895 1339 966 qualibus
1370 895 1507 951 facti
1547 897 1754 960 simus,
1788 896 1970 951 videt.
2011 898 2174 961 Qua-

500 983 1135 1054 »propteretAdamum
1166 985 1278 1038 hac
1311 984 1734 1040 misericordiae
1763 1001 1908 1040 voce
1929 1001 2174 1040 revoca-

514 1070 640 1137 bat,
655 1072 888 1128 dicens:
905 1073 1124 1141 Adam,
1143 1073 1249 1127 ubi
1265 1075 1422 1129 es”?
1442 1077 1565 1128 Non
1586 1075 1745 1128 enim
1765 1074 2171 1145 edoceriane-

512 1159 680 1215 rebat
711 1161 981 1215 omnium
1017 1176 1260 1231 gnarus,
1303 1161 1407 1216 sed
1443 1161 1765 1229 intelligere
1796 1163 1994 1234 ipsum
2017 1161 2172 1217 vole-

2283 562 2407 594 ποτε
2463 540 2662 606 ἔνδοξοι
2703 542 2785 595 ἐπὶ
2820 552 2914 605 τῆς
2943 551 3034 595 του
3061 540 3389 617 παραδείσου
3423 541 3724 614 διαγωγῆς.
3776 542 3892 612 ἐσιε-

2283 634 2474 703 νόμεθα
2530 629 2588 684 δὲ
2646 629 2827 694 ἄδοξοι
2877 637 2968 684 καὶ
3006 638 3238 685 ταπεινοὶ
3277 628 3368 685 διὰ
3407 638 3501 689 τὴν
3542 635 3834 691 ἔκπτωσιν.
3869 633 3892 681 ὸ

2285 723 2410 780 Θεὸς
2447 723 2592 792 ἡμῶν
2632 719 2771 790 ἐλεεῖ,
2822 722 2952 792 ὀρῶν
3000 723 3141 792 ἡμᾶς
3186 721 3286 772 οἷοι
3341 719 3453 773 ἀνθ’
3493 722 3614 772 οῖωυ
3661 725 3893 791 γεγόνα-

2281 827 2390 879 μεν.
2444 812 2538 860 Δια
2599 817 2752 861 τοῦτο
2797 813 2886 861 καὶ
2951 813 3038 862 τὸν
3107 807 3283 880 ’Λὸαμ
3336 808 3627 861 ἀνεκαλεῖτο
3681 818 3748 880 τῇ
3801 816 3894 859 του

2281 894 2417 948 ἐλέου
2445 905 2606 968 φωνῇ,
2654 897 2813 968 λέγων
2834 919 2847 931 ο
2891 894 3083 968 Ἀδὰμ,
3118 905 3218 949 που
3244 894 3319 965 εἷς
3369 899 3446 948 Οὐ
3473 901 3575 970 γὰρ
3609 895 3896 966 διδαχθῆ-

2279 1005 2363 1036 ναι
2424 986 2596 1047 ἐζήτει
2643 988 2670 1038 ὁ
2727 989 2896 1039 πάντα
2954 984 3129 1052 εἰδὼς,
3161 985 3288 1038 ἀλλὰ
3341 995 3528 1044 νοῆσαι
3559 987 3718 1038 αὑτὸν
3749 986 3895 1038 ἐϐού-

2277 1074 2391 1126 λετο
2442 1077 2549 1135 οἶος
2608 1073 2718 1128 ἀνθ’
2785 1077 2895 1127 οῖου
2947 1082 3144 1147 γέγονε.
3209 1082 3315 1128 Ποῦ
3368 1073 3448 1140 εἶ;
3492 1075 3606 1127 ἀντὶ
3639 1083 3760 1136 τοῦ,
3807 1076 3895 1136 Εἰς

2276 1171 2423 1216 ποῖον
2449 1173 2639 1236 πτῶμα
2666 1165 3018 1226 κατελήλυθας
3050 1165 3150 1216 ἀπὸ
3189 1165 3497 1222 τηλικούτου
3529 1164 3698 1234 ὕψους
3724 1181 3740 1226 ;

513 1246 636 1318 bat,
669 1249 870 1320 qualis
902 1265 972 1304 ex
1004 1249 1166 1321 quali
1203 1251 1394 1304 {actus
1423 1256 1601 1305 esset.
1640 1251 1752 1305 Ubi
1770 1254 1867 1307 es?
1891 1251 2063 1322 quasi
2087 1249 2248 1305 dicat
2283 1268 2296 1306 :
2333 1256 2392 1308 tn
2411 1269 2601 1324 quam
2632 1254 2869 1308 ruinam
2897 1269 2968 1308 ex
3003 1259 3166 1308 tanta
3199 1253 3898 1311 sublimitateincidisti’

583 1341 634 1392 3.
675 1340 754 1405 (1)
787 1339 1029 1408 Oportet
1075 1337 1278 1409 itaque
1329 1337 1642 1403 rationem,
1693 1355 1831 1410 quae
1875 1345 2167 1410 tanquam

504 1425 693 1494 judex
724 1440 1076 1496 supremum
1116 1426 1178 1480 in
1222 1425 1399 1481 nobis
1427 1426 1631 1482 locum
1661 1429 1867 1483 sortita
1895 1434 2003 1491 est,
2049 1427 2167 1482 sin-

510 1511 653 1582 gula
690 1511 1023 1582 dijudicare
1074 1521 1129 1570 et
1193 1514 1551 1586 expendere,
1586 1521 1786 1570 utrum
1823 1515 2168 1588 recipienda

507 1600 624 1656 sint
657 1616 866 1666 necne,
899 1607 1079 1674 atque
1109 1603 1289 1658 etiam
1327 1604 1806 1670 assensionibus,
1855 1611 1912 1660 et
1950 1605 2165 1660 animae

505 1689 770 1745 motibus
805 1705 926 1746 non
981 1691 1107 1746 sine
1145 1691 1412 1762 diligenti
1442 1693 1668 1764 judicio
1698 1694 1928 1750 aditum
1957 1710 2166 1750 conce-

504 1777 668 1834 dere.
701 1779 823 1833 Hoc
847 1779 1009 1835 enim
1053 1785 1140 1834 est
1164 1781 1330 1852 quod
1354 1781 1435 1836 ait
1465 1781 1682 1836 Paulus

505 1867 1106 1938 ipsosjudicaremus,
1142 1885 1263 1924 non
1298 1873 1500 1940 utique
1519 1871 1944 1939 judicaremur
1970 1871 2046 1924 ⁷⁷.
2085 1874 2165 1926 Ne

502 1955 683 2025 igitur
713 1956 1006 2012 curiosius
1043 1957 1246 2013 futura
1298 1958 1572 2028 indages.
1606 1960 1710 2013 sed
1767 1959 2162 2030 praesentibus

501 2044 722 2100 utiliter
751 2052 932 2100 utere.
959 2047 1109 2110 Quid
1127 2048 1287 2102 enim
1310 2048 1554 2119 prodest
1585 2049 1984 2117 cognitionem
2015 2065 2163 2120 pras‘

502 2133 742 2204 cipere?
805 2134 861 2189 Si
893 2139 1051 2189 certe
1093 2133 1325 2190 bonum
1376 2136 1483 2190 erit
1536 2136 1701 2207 quod
1760 2136 2026 2191 futurum
2055 2141 2161 2196 est.

501 2221 902 2291 eveniet,licet
926 2239 1044 2277 non
1069 2225 1436 2295 praenoveris
1471 2242 1482 2278 :
1521 2226 1610 2279 sin
1641 2225 1982 2289 molestum,
2016 2225 2164 2298 quid

495 2309 672 2379 juvat
700 2311 1035 2365 maerorem
1059 2317 1444 2367 antecessum
1474 2315 1796 2370 consumi?
1825 2316 1901 2385 (2)
1936 2315 2165 2386 Duplex

499 2403 588 2453 est
643 2399 976 2470 prudentia:
1027 2417 1297 2457 nomen:
1343 2418 1465 2458 una
1523 2403 1681 2458 enim
1741 2421 1918 2458 suum
1970 2405 2159 2476 ipsius

500 2488 894 2543 commodum
951 2495 1165 2556 tuetur,
1209 2491 1294 2545 sic
1356 2495 1580 2559 tamen,
1645 2499 1704 2548 ut
1747 2494 1925 2548 simul
1976 2500 2163 2552 struat

501 2577 778 2648 proximo
813 2578 1085 2646 insidias,
1127 2579 1324 2652 qualis
1355 2587 1443 2636 est
1497 2583 1789 2653 serpentis
1822 2583 2164 2654 prudentia,

501 2673 684 2738 caput
715 2683 891 2721 suum
926 2668 1335 2724 custodientis.
1362 2670 1498 2725 Htf‘c
1521 2671 1749 2726 videtur
1775 2678 1972 2727 astuta
1991 2688 2160 2743 quae-

501 2754 645 2810 dam
673 2771 803 2809 esse
831 2771 1070 2811 morum
1112 2757 1476 2827 malignitas,
1531 2776 1662 2830 quas
1701 2760 1818 2815 cito
1852 2761 2018 2831 quod
2051 2758 2163 2814 sibi

503 2843 646 2899 utile
671 2846 1278 2911 estcomminiscitur,
1325 2864 1395 2902 ac
1427 2849 1821 2920 simpliciores
1852 2849 2164 2920 dcprarda—

505 2937 601 2988 tur
635 2951 647 2987 :
682 2932 846 3004 quali
879 2935 1201 3005 prudentia
1233 2936 1340 2991 fuit
1373 2936 1599 2992 villicus
1640 2937 1988 3010 iniquitatis.
2019 2940 2166 2992 Vera

508 3029 708 3078 autem
744 3023 1084 3093 prudentia,
1123 3026 1496 3094 agendorum
1545 3033 1602 3082 et
1640 3043 1760 3082 non
1787 3027 2162 3097 agendorum

1719 1797 1731 1836 :
1766 1783 1836 1837 Si
1861 1783 2020 1838 enim
2058 1797 2165 1837 nos
2198 1764 2236 1818 Β

2351 1344 2402 1396 3.
2464 1345 2574 1415 Χρὴ
2623 1338 2710 1394 οὖν
2770 1343 2942 1415 ὥσπερ
3000 1338 3259 1399 δικαστὴν
3297 1347 3382 1392 τὸν
3424 1341 3573 1412 λογον
3612 1347 3708 1398 τὴν
3758 1340 3893 1392 ἀνω

2279 1431 2419 1480 τοὶτω
2464 1450 2649 1502 χωραν
2716 1431 2836 1504 παρ’
2887 1433 3011 1501 ημῖν
3043 1429 3298 1500 λαχόντα,
3346 1432 3544 1482 ἕκαστα
3571 1437 3770 1504 κρίνειν
3796 1439 3890 1484 καὶ

2279 1517 2554 1587 ἐξετάζειν,
2582 1521 2647 1570 τά
2685 1539 2739 1572 τε
2779 1515 2964 1571 δεκτέα
3000 1524 3090 1571 καὶ
3125 1525 3196 1591 μὴ
3241 1524 3339 1588 (6),
3371 1525 3460 1570 καὶ
3496 1528 3614 1581 ταῖς
3669 1540 3886 1590 συγκα-

2277 1609 2524 1660 ταθέσεσι
2556 1615 2656 1660 τῶν
2694 1610 3032 1680 πραγμάτων,
3092 1614 3182 1660 καὶ
3219 1616 3333 1670 ταῖς
3385 1609 3571 1680 ὁρμαῖς
3636 1617 3736 1670 τῆς
3786 1610 3890 1678 ψυ-

2277 1704 2352 1766 χῆ
2365 1716 2404 1760 ς,

2275 1786 2373 1858 ’γὰρ
2406 1783 2545 1836 ἐστιν
2598 1787 2622 1836 ὃ
2678 1805 2834 1857 φησιν
2889 1787 2914 1836 ὁ
2955 1784 3188 1846 Ιιαῡλοςο
3238 1786 3297 1837 Εἰ
3337 1788 3437 1858 γὰρ
3494 1786 3705 1846 ἑαυτοὺς
3746 1785 3888 1859 Elpi-

2483 1699 2613 1753 μετὰ
2671 1695 2920 1770 ἀκριϐοῦς
2976 1695 3288 1770 ἐπικρίσεως
3344 1696 3654 1770 ἐπιτρέπειν.
3712 1705 3886 1750 Τοῦτο

2273 1891 2442 1944 νομεν,
2513 1873 2607 1925 οὐκ
2678 1873 2738 1924 ἂν
2811 1872 3135 1945 ἐκρινόμεθα.
3205 1878 3290 1932 Μὴ
3375 1880 3547 1925 τοίνυν
3613 1875 3882 1946 πολυπρα-

2272 1967 2452 2033 γμόνει
2517 1967 2574 2015 τὸ
2623 1963 2824 2034 μέλλον,
2861 1963 2989 2014 ἀλλὰ
3047 1966 3111 2016 τὰ
3160 1969 3388 2036 παρόντα
3413 1968 3543 2038 πρὸς
3580 1968 3638 2015 τὸ
3668 1973 3881 2036 χρησι-

2273 2071 2368 2122 μον
2417 2047 2708 2108 διατίθεσο,
2767 2057 2831 2104 Τί
2868 2055 2970 2123 γὰρ
3013 2052 3185 2123 ὄφελος
3229 2051 3283 2103 ἐκ
3330 2061 3423 2104 του
3473 2052 3751 2125 προλαϐεῖν
3787 2059 3883 2108 τήν

2271 2149 2497 2210 γνῶσιν;
2543 2141 2600 2192 lii
2639 2143 2728 2212 μὶν
2771 2140 2964 2211 ἀγαθὸν
3004 2144 3154 2193 ἔσται
3201 2145 3258 2192 τὸ
3316 2140 3574 2212 ἐσόμενον,
3609 2141 3742 2204 ἡξει,
3784 2143 3880 2192 κᾶν

2272 2234 2343 2300 μὴ
2409 2238 2670 2304 προγνῷς·
2731 2229 2773 2281 εἰ
2831 2225 2888 2280 δὲ
2927 2229 3179 2300 λυπηρὸν,
3228 2235 3279 2281 τί
3329 2249 3412 2281 σοι
3441 2233 3500 2281 τὸ
3539 2227 3726 2304 κέρδος
3756 2251 3881 2301 προ-

2273 2313 2612 2370 δαπανᾱσθαι
2648 2326 2708 2389 τῇ
2750 2317 2883 2390 λύπη
2911 2335 2924 2382 ;
2967 2317 3185 2370 Διπλοῡν
3216 2319 3331 2370 ἐστι
3363 2322 3420 2370 τὸ
3450 2326 3546 2380 τῆς
3577 2326 3734 2390 φρονῇ
3748 2339 3880 2380 an;

2273 2412 2452 2478 ὄνομα.
2501 2407 2558 2458 ἸΙ
2619 2411 2709 2479 μὲν
2739 2409 2840 2480 γὰρ
2892 2406 3004 2458 ἐστι
3047 2407 3248 2478 φυλακὴ
3289 2415 3379 2459 του
3425 2408 3617 2459 οἰκείου
3682 2415 3873 2479 συμφέ-

2271 2515 2444 2567 ροντος
2475 2498 2605 2566 μετὰ
2642 2503 2737 2554 τῆς
2776 2494 2998 2552 πλησίον
3049 2494 3346 2557 ἐπιϐουλῆς,
3379 2498 3464 2546 οἱα
3512 2498 3541 2553 ἡ
3579 2504 3669 2547 του
3713 2501 3874 2567 ἄξει-ις

2271 2588 2364 2641 την
2404 2584 2626 2655 κεφαλὴν
2669 2593 3080 2656 συντηροῦντοςο
3137 2581 3234 2642 ἣδε
3286 2604 3367 2644 τις
3405 2588 3561 2636 ἔοικεν
3603 2582 3732 2636 εἶναι
3785 2606 3873 2636 κα-

2271 2677 2574 2744 κεντρέχεια
2612 2679 2836 2746 τρόπων,
2881 2673 3032 2735 ὀξέως
3089 2678 3146 2725 τὸ
3202 2670 3339 2724 ἴδιον
3377 2673 3634 2734 λυσιτελὲς
3673 2673 3873 2746 ἐξευρί-

2274 2781 2496 2826 σκουσα,
2584 2767 2673 2814 καὶ
2765 2763 3179 2835 συναρπάζουσα
3262 2766 3380 2822 τοὺς
3469 2761 3868 2835 ἀκεραιοτέρονς,

2272 2852 2426 2902 ὁποία
2483 2853 2511 2908 ἠ
2564 2858 2656 2902 του
2709 2851 2981 2922 οἰκονόμου
3055 2859 3148 2911 τῆς
3195 2848 3426 2910 ἀδικίας,
3483 2851 3538 2903 ’11
3582 2848 3642 2902 δὲ
3677 2851 3871 2911 ἀληθὲς

2274 2945 2540 3012 φρόνησις,
2597 2937 2882 3010 dir/Cymaei;
2933 2938 3046 2992 ἐστι
3097 2948 3195 2991 τῶν
3247 2944 3500 2996 ποιητέων
3539 2946 3628 2990 καὶ
3668 2941 3724 2991 οὗ
3752 2959 3872 2990 ποι⁸

2274 3033 2432 3085 ητέων
2455 3049 2466 3061 ο
2597 3030 2622 3080 ὀ
2653 3028 3047 3080 κατακολουθῶν
3097 3025 3342 3080 οὐδέποτε
3370 3032 3460 3100 μεν
3500 3036 3598 3079 τῶν
3630 3038 3722 3089 τῆς
3765 3027 3872 3102 ἀρε-

508 3111 772 3180 cognitio
793 3115 885 3170 est
915 3117 971 3167 et
999 3114 1247 3168 secretio
1280 3131 1292 3168 :
1327 3131 1514 3185 quam
1558 3115 1661 3186 qui
1694 3117 1977 3187 sequitur,
2010 3131 2162 3171 nun-

2282 3124 2366 3179 τῆς
2420 3117 2735 3175 ἐκστήσεται
2783 3120 2965 3192 ἔργων,
3023 3114 3269 3170 οὐδέποτε
3310 3113 3368 3168 δὴ
3415 3125 3488 3187 τῷ
3549 3116 3740 3190 ὀλέθρῳ
3787 3125 3873 3175 τὶς

507 3215 698 3270 quam
730 3199 972 3256 secedet
1001 3217 1037 3257 ε,
1066 3201 1298 3258 virtutis
1337 3203 1648 3275 operibus,
1703 3219 2022 3276 nunquam
2049 3203 2166 3259 exi-

512 3286 661 3341 tioso
689 3286 813 3342 vitii
837 3288 1042 3356 jaculo
1065 3291 1472 3359 transﬁgetur.

587 3375 764 3445 580
780 3379 828 3431 4.
847 3378 1444 3450 (3)0uandoquidem
1463 3381 1876 3453 unusquisque
1896 3386 2168 3437 nostrum

514 3477 638 3520 non
671 3470 863 3534 potest
885 3482 992 3538 per
1018 3483 1081 3522 se
1107 3468 1372 3524 invenire
1409 3470 1558 3542 quid
1599 3471 1820 3526 factum
1877 3477 2166 3543 oporteat,

515 3557 834 3625 propterea
849 3554 1155 3612 beneﬁcus
1173 3573 1316 3628 erga
1341 3575 1450 3614 nos
1481 3562 1630 3614 Deus
1655 3560 2025 3615 consiliarios
2048 3562 2170 3628 dat,

517 3656 639 3699 non
665 3642 966 3700 dominos.
989 3647 1064 3717 (4)
1093 3647 1265 3714 Regis
1289 3650 1448 3703 enim
1468 3649 1866 3720 estimperare
1898 3650 2173 3719 subditis,

519 3731 839 3788 consiliarii
874 3741 1073 3790 autem
1121 3736 1288 3792 utilia
1319 3737 1572 3792 suadere
1587 3737 1944 3793 volentibus.
1971 3745 2045 3811 (εί)
2070 3741 2178 3793 lla-

517 3835 636 3893 que
688 3829 961 3878 nostrum
1012 3827 1432 3898 unusquisque
1492 3843 1553 3880 se
1597 3827 1934 3892 arbitretur,
1969 3843 2088 3882 non
2120 3825 2181 3882 ut

519 3911 852 3983 principem
883 3916 1298 3987 semetipsum,
1329 3917 1428 3972 sed
1477 3924 1539 3972 ut
1581 3917 1986 3972 con-.iliarium
2011 3934 2044 3972 a
2075 3919 2180 3973 Do-

519 3998 688 4053 mino
727 3999 939 4054 datum
980 4004 1226 4076 populo,
1270 4004 1586 4063 existimet.
1617 4005 1768 4061 Talis
1811 4013 1940 4061 erat
1990 4006 2182 4062 consi-

520 4083 728 4139 liarius
777 4088 921 4141 Novi
970 4091 1331 4146 Testamenti
1376 4092 1613 4158 Paulus,
1661 4109 1800 4150 cum
1827 4094 1940 4149 ait:
1969 4095 2179 4150 Consi-

525 4173 674 4227 lium
709 4188 843 4228 vero
869 4176 964 4243 do,
1000 4184 1062 4231 ut
1097 4180 1568 4236 misericordiam
1615 4188 1960 4238 consecutus
2001 4200 2038 4239 a
2069 4186 2181 4240 Do-

524 4259 683 4316 mino
707 4262 773 4316 "'3.
793 4264 1073 4333 Magnum
1108 4281 1249 4321 vero
1278 4265 1635 4322 beneficium
1661 4271 2097 4340 est,prudentis
2111 4287 2181 4327 ac

525 4349 800 4406 benevoli
834 4353 1153 4408 consiliarii
1181 4357 1522 4426 praasentia,
1544 4357 1646 4428 qui
1674 4358 1835 4429 quod
1859 4358 2023 4414 deest
2043 4375 2181 4431 pru-

2274 3212 2461 3268 κακίας
2495 3213 2926 3280 περιπαρησεται.

2349 3387 2400 3439 4.
2444 3381 2654 3441 Ἐπειδὴ
2724 3381 2781 3437 δὲ
2834 3385 2926 3436 ουκ
2986 3384 3245 3456 αὐτάρκης
3302 3385 3514 3444 ἕκαστος
3551 3383 3634 3455 αρ’
3692 3384 3872 3435 ἑαυτου

2280 3475 2535 3546 εὑρίσκειν
2562 3476 2619 3524 τὸ
2653 3470 2767 3525 δέον
2793 3494 2806 3506 ο
2866 3470 2958 3524 διὰ
3010 3482 3184 3536 τουτο,
3216 3474 3485 3547 εὐεργετῶν
3508 3475 3642 3544 ημᾶς
3673 3475 3697 3523 ὁ
3723 3478 3867 3532 Θεὸς,

2283 3561 2628 3632 συμϐούλους,
2684 3560 2788 3612 ἀλλ’
2822 3561 2950 3632 ουχὶ
2999 3561 3341 3623 ἐξουσιαστας
3372 3559 3592 3618 δίδωσι.
3628 3560 3870 3619 Βασιλέως

2281 3654 2369 3722 μὲν
2440 3653 2541 3720 γὰρ
2603 3647 2758 3712 ἴδιον,
2788 3649 3087 3702 ἐπιτάσσειν
3116 3659 3223 3710 τοῖς
3272 3649 3607 3724 ἀρχομένοις·
3652 3649 3870 3720 συμϐου-

2281 3736 2370 3790 λου
2413 3735 2491 3803 δε,
2555 3741 2746 3792 πείθειν
2788 3741 2912 3812 ὑπερ
2967 3749 3065 3790 τῶν
3134 3745 3492 3811 συμφερόντων
3541 3743 3663 3799 τοὺς
3697 3737 3872 3810 βουλο-

2284 3829 2594 3899 μένους
2640 3828 2799 3880 ”Ωστε
2837 3834 2926 3878 καὶ
2958 3829 3100 3898 ἡμῶν
3127 3831 3365 3893 ἕκαστος,
3414 3834 3483 3899 μὴ
3532 3832 3601 3889 ὡς
3645 3830 3872 3899 ἄρχοντι

2286 3916 2485 3982 ἑαυτὸν,
2521 3915 2626 3968 ἀλλ’
2689 3921 2753 3976 ὡς
2817 3916 3106 3988 σύμϐουλον
3167 3919 3312 3986 παρὰ
3356 3922 3550 3990 Κυρίου
3603 3913 3872 3987 δεδομένον

2287 4014 2358 4075 τῷ
2405 4005 2532 4076 λαῷ,
2582 4005 2868 4075 λογιζέσθω
2917 4007 3089 4066 Οὕτως
3137 4003 3198 4063 ἦν
3234 4011 3322 4058 καὶ
3350 4007 3375 4056 ὁ
3407 4005 3610 4065 Παῦλος
3657 4004 3877 4076 συμϐου-

2287 4093 2372 4154 λος
2411 4103 2504 4155 τῆς
2546 4101 2739 4154 Καινῆς
2778 4095 3058 4159 Διαθηκης,
3109 4093 3293 4164 λέγων·
3339 4099 3550 4164 Γνώμην
3608 4090 3669 4145 δε
3721 4090 3874 4145 δίδοι-

2288 4204 2368 4256 μι,
2415 4186 2477 4243 ὡς
2527 4181 2795 4254 ἠλεημένος
2874 4185 3019 4255 παρὰ
3086 4187 3302 4256 Κυρίου.
3361 4181 3569 4252 Μεγάλη
3634 4178 3694 4234 δε
3751 4183 3876 4252 εὶερο

2287 4277 2460 4344 γεσία,
2528 4271 2822 4342 συμϐούλου
2882 4275 3132 4344 φρονίμου
3205 4277 3293 4322 καὶ
3366 4271 3598 4330 εὐνοικῶς
3677 4274 3875 4340 ἔχοντος

2287 4365 2575 4433 παρουσία,
2628 4359 3039 4433 ἀναπληροῦντος
3097 4364 3154 4412 τὸ
3212 4367 3304 4420 τῆς
3359 4365 3606 4418 συνέσεως
3660 4358 3876 4410 ἐλλεῖπον

525 4439 744 4495 dentice
771 4443 1226 4499 consulentibus
1273 4445 1532 4516 supplet.
1599 4448 1831 4512 Quanta
1868 4453 2068 4504 autem
2109 4451 2170 4504 sit

2288 4458 2386 4501 τῶν
2429 4448 2809 4521 βουλευομένων
2844 4450 2937 4517 (8).
2979 4448 3139 4500 Ὀσον
3199 4444 3256 4500 δὲ
3303 4453 3361 4500 τὸ
3429 4447 3529 4498 ἀπὸ
3581 4445 3875 4519 συμϐουλές

527 4529 754 4585 consilii
808 4530 1027 4588 utilitas
1079 4533 1450 4590 demonstrat
1492 4535 1549 4590 in
1581 4535 1788 4607 primis
1820 4539 2069 4608 Moyses,
2093 4539 2181 4593 vir

525 4621 693 4674 omni
715 4622 1126 4692 Algyptiorum
1151 4624 1444 4695 sapientia
1465 4625 1813 4694 instructus,
1831 4626 1934 4698 qui
1957 4632 2020 4683 ut
2035 4628 2181 4682 ami-

526 4722 636 4764 cus
669 4709 884 4777 amico,
917 4711 999 4766 ita
1019 4728 1156 4767 cum
1183 4715 1301 4769 Deo
1321 4712 1802 4786 colloquebatur.
1839 4719 1890 4769 ls
1920 4731 2179 4774 asocero

599 4923 648 4956 ⁷⁸
680 4923 822 4978 Gen.
854 4939 934 4993 nl,
966 4927 1019 4979 9.
1058 4925 1103 4957 ⁷⁷
1136 4927 1150 4977 l
1181 4927 1310 4981 Cor.
1344 4942 1418 4994 χι,
1449 4928 1536 4981 31.
1582 4928 1625 4961 ⁷⁸
1657 4927 1676 4980 Ι
1705 4930 1832 4984 Cor.
1861 4945 1956 4999 vn,
1986 4933 2070 4985 t5.

601 5138 677 5212 (1)
721 5140 800 5212 Ex
828 5143 1155 5212 comment.
1186 5141 1248 5194 in
1283 5141 1422 5204 130.,
1447 5145 1569 5196 411.

598 5208 676 5285 (2)
719 5211 797 5285 Ex
827 5209 991 5265 hom.
1021 5211 1084 5264 in
1103 5213 1364 5285 princip.
1394 5214 1587 5281 Prom,
1623 5213 1739 5267 l02.

597 5282 676 5345 i3)
719 5282 798 5334 Ex
825 5288 1151 5338 comment.
1176 5283 1241 5336 in
1271 5283 1416 5348 Isa.,
1444 5285 1567 5337 422.

597 5350 673 5428 (4)
713 5349 884 5428 Ibit?"
918 5353 1044 5428 4?!-

594 5421 672 5496 (5)
712 5421 879 5490 lbid.,
907 5425 1037 5496 {.42.

595 5491 670 5562 ('6)
709 5495 785 5542 Ta:
811 5513 863 5544 τε
895 5491 1077 5546 δεκτέα
1099 5498 1188 5546 καὶ
1218 5497 1312 5566 μή.
1374 5494 1608 5566 Legitur
1653 5495 1714 5550 in
1772 5499 2074 5566 contextu,
2105 5501 2172 5552 τά

521 5589 575 5622 τι
615 5566 793 5640 λεκτέα
839 5569 928 5615 καὶ
979 5567 1046 5616 τὰ
1092 5570 1342 5640 πρακτέα,
1399 5583 1530 5640 qua:
1585 5567 1841 5624 dicenda
1905 5575 2044 5625 sunt
2113 5577 2170 5626 et

522 5631 776 5708 agenda.

2287 4538 2481 4610 ὄφελος,
2509 4535 2748 4590 δείκνυσι
2793 4537 3026 4610 μάλιστα
3065 4545 3316 4603 Μωυσῆς,
3349 4539 3376 4589 ὸ
3407 4539 3551 4608 πάσῃ
3583 4537 3874 4608 Αἰγυπτίων

2289 4632 2445 4698 σοφία
2497 4623 2818 4692 παιδευθεὶς,
2871 4628 2994 4696 ὁτῷ
3026 4635 3138 4696 Θεῷ
3165 4623 3548 4696 διαλεγόμενος,
3604 4629 3670 4684 ὡς
3735 4625 3796 4678 ἂν
3838 4629 3876 4676 εἰ

2284 4734 2365 4776 τις
2388 4715 2603 4772 λαλήσει
2635 4718 2710 4784 (9)
2749 4714 2888 4786 φίλος
2929 4714 3072 4786 sua,
3123 4714 3286 4774 Οὗτος
3317 4713 3464 4766 ἔλαϐε
3499 4721 3712 4784 γνώμην
3742 4718 3876 4788 παρὰ

2353 5143 2431 5212 (7)
2466 5146 2597 5204 Τοὺς
2641 5141 3001 5214 βουλομένους.
3059 5142 3400 5214 contextus,
3454 5138 3870 5211 βουλευομνους,

2283 5217 2457 5269 utilia
2485 5212 2737 5268 suadere
2758 5212 3218 5268 cansulentibus.

2354 5287 2427 5355 (8)
2469 5283 2868 5356 Βουλευομένων.
2918 5286 3078 5356 Hanc
3129 5281 3487 5356 scripturam
3528 5296 3562 5336 e
3601 5285 3873 5356 contextu

2283 5352 2658 5441 sumpsimus
2689 5352 2700 5410 Ξ
2736 5370 2856 5412 non
2911 5354 3070 5409 enim
3122 5352 3264 5409 vitio
3321 5352 3564 5410 carebat
3613 5353 3872 5423 vulgata.

2282 5424 2624 5499 βουλομένων.
3499 5493 3510 5504 .

2281 5500 2434 5625 E153).
2474 5497 2615 5555 Λαλή
2627 5515 2724 5550 σει.
2760 5497 2947 5565 Forte,
2974 5495 3208 5566 λαλήσοι,
3236 5494 3352 5558 vel,
3375 5492 3612 5566 melius,
3634 5493 3870 5553 λαλήσω.

2327 5585 2434 5625 DlT.
