4090 6200
256 392 393 445 1365

1361 387 1589 443 SERMO
1619 387 1775 442 XXII.
1806 415 1877 426 —-
1905 386 1996 442 DE
2026 382 2506 442 PROVIDENTIA

3477 381 3612 438 1366

249 521 342 566 τοῦ
372 514 620 586 πενθεροῦ
676 510 836 562 αὐτοῦ
875 511 1089 585 Ἰωθὼρ,
1141 511 1276 562 ὥστε
1320 517 1654 568 καταστῆσαι
1701 509 1852 581 χιλι-

1969 524 2076 565 suo
2105 509 2303 564 Jethro
2329 505 2649 564 consilium
2680 507 2932 579 accepit,
2952 507 3019 562 ut
3042 505 3318 562 tribunos
3347 505 3617 579 praeﬁce-

252 606 480 677 άρχους,
536 605 626 652 καὶ
677 599 1112 672 ἑκατοντάρχους,
1162 605 1250 651 καὶ
1304 597 1618 670 δεκάρχους,
1672 597 1754 650 ἐπὶ
1793 602 1850 649 τό

251 697 442 765 κρίνειν
468 694 555 742 τόν
597 690 737 741 λαόν’
784 695 882 742 Καὶ
927 685 1093 741 Δαϐιδ
1149 685 1207 740 δε
1259 687 1534 761 συμϐούλῳ
1581 687 1852 762 ἐχρήσατο

252 788 324 850 τῷ
342 785 536 845 Χουσὶ,
563 776 637 832 δι’
668 780 729 831 οὗ
778 775 1092 831 διεσκέδασε
1134 782 1485 851 στρατηγικὴν
1523 784 1730 848 γνώμην
1762 785 1852 829 τοῦ

254 867 557 940 Ἀχιτόφελ.
591 873 692 921 Kui
726 867 874 935 ὅλως,
929 867 1059 940 ἱερόν
1112 886 1162 918 τι
1203 873 1423 938 πρᾶγμα
1467 869 1496 923 ἡ
1559 865 1849 938 συμϐουλὴ,

249 965 463 1029 γνώμης
528 960 744 1023 ἐνωσις,
808 955 1019 1029 ἀγάπης
1084 959 1315 1028 καρπὸς,
1382 959 1851 1027 ταπεινοφροσύνης

253 1043 546 1108 ἀπόδειξις.
591 1045 894 1105 Ἀλαζονεία
921 1048 1021 1119 γὰρ
1064 1041 1234 1111 δεινὴ,
1282 1047 1340 1096 τό
1380 1041 1605 1116 μηδενός
1651 1046 1854 1096 οῖεσθαι

252 1136 502 1206 χρῄζειν,
533 1133 640 1186 ἀλλ’
689 1132 854 1202 ἑαυτῷ
879 1138 1164 1205 προσέχειν
1208 1136 1277 1193 ὡς
1309 1137 1446 1205 μόνῳ
1495 1136 1562 1184 τὰ
1595 1136 1856 1206 κράτιστα

258 1222 758 1294 συμϐουλεύσασθαι
860 1219 1149 1293 δυναμένῳ.
1221 1222 1390 1294 Ἠμεῖς
1456 1218 1513 1274 δὲ
1611 1221 1854 1293 ὀκνοῦμεν

259 1313 472 1372 εαυτοὺς
513 1307 786 1363 ἐπιδοῦναι
817 1317 926 1371 τοῖς
974 1313 1038 1362 τὰ
1094 1307 1278 1362 δέοντα
1329 1310 1736 1382 εἰσηγουμένοις,
1767 1314 1857 1360 καὶ

255 1399 622 1470 αἰσχυνόμεθα
661 1403 782 1458 τους
815 1402 1190 1469 συνετωτέρους
1247 1402 1390 1470 ημῶν
1433 1401 1566 1450 κατὰ
1602 1402 1689 1450 τόν
1741 1396 1856 1469 βίον

253 1487 544 1559 ὁμολογεῖν.
592 1487 649 1539 Ὀ
697 1485 754 1539 δὲ
804 1490 888 1538 τόν
934 1486 1225 1558 σύμϐουλον
1273 1485 1552 1558 ἀναμένων,
1615 1491 1703 1537 καὶ
1755 1495 1858 1547 τοῖς

260 1573 428 1637 ἰδίοις
483 1576 757 1648 λογισμοῖς
805 1579 988 1650 καιρόν
1040 1572 1285 1645 δίδωσιν,
1340 1573 1388 1626 ἐν
1445 1580 1620 1648 χρόνῳ
1663 1575 1860 1627 πλείονι

249 1668 379 1736 μετά
439 1663 677 1736 βασάνου
736 1669 825 1716 καὶ
867 1671 1146 1735 προσοχῆς
1214 1662 1524 1734 ἀνιχνεῦσαι
1593 1667 1648 1715 τό
1719 1661 1858 1729 δέον,

252 1754 388 1806 [lolii
419 1761 699 1827 τοιγαροῦν
749 1757 807 1804 τὸ
873 1753 1154 1823 ἀναγκαῖον
1204 1758 1294 1804 καὶ
1343 1758 1618 1826 χρήσιμον
1669 1752 1723 1803 ἐκ
1766 1762 1859 1814 τῆς

252 1841 552 1915 συμϐουλῆς
584 1850 656 1911 τῷ
689 1840 792 1914 βίῳ
825 1850 925 1893 τῶν
957 1841 1256 1914 ἀνθρώπων,
1291 1837 1384 1892 διὰ
1428 1845 1484 1892 τό
1530 1841 1617 1893 ἕνα
1653 1839 1860 1913 μηδένα

247 1933 416 2002 ἐαυτῷ
447 1931 677 2003 ἐξαρκεῖν
716 1935 848 2004 πρὸς
884 1938 1051 1982 ταῦτα
1083 1931 1180 1998 (1),
1234 1929 1361 1981 ἀλλά
1419 1927 1630 1982 δεῖσθαι
1683 1951 1863 1983 κοινω-

243 2029 343 2072 νῶν
402 2019 550 2071 πλέον
605 2022 739 2071 κατὰ
794 2028 892 2070 τῶν
951 2023 1311 2093 συμφερόντων
1363 2017 1601 2088 ἐκλογήν,
1658 2021 1686 2078 ἠ
1729 2023 1863 2071 κατὰ

244 2109 338 2171 τὰς
389 2108 641 2182 ἐνεργείας
696 2111 787 2170 τὰς
849 2110 1170 2180 σωματικάς.
1225 2107 1386 2160 Ὠστε
1442 2107 1862 2180 ἀσυμϐουλευτος

245 2200 533 2270 ἄνθρωπος,
588 2198 763 2249 πλοῖόν
822 2197 965 2248 ἐστιν
1028 2195 1394 2270 ἀκυϐέρνητον,
1438 2200 1508 2258 ὡς
1552 2200 1709 2268 ἔτυχε
1748 2205 1861 2263 ταῖς

245 2294 426 2361 φοραῖς
457 2295 555 2338 τῶν
586 2288 888 2358 πνευμάτων
920 2282 1274 2357 ἐνδεδομένον.
1333 2286 1392 2338 Εἰ
1426 2291 1596 2338 τοίνυν
1649 2285 1698 2337 ἐν
1753 2295 1862 2338 ταῖς

248 2380 367 2447 περὶ
428 2384 526 2426 τῶν
579 2380 844 2445 τυχόντων
904 2374 1123 2444 σκέψεσι
1185 2374 1518 2446 συμϐούλους
1584 2375 1862 2448 παραλαμ-

250 2462 488 2533 ϐάνομεν,
560 2464 681 2513 ὅταν
747 2463 873 2536 ὑπὲρ
933 2461 1115 2533 ψυχῆς
1177 2467 1264 2513 καὶ
1337 2469 1436 2512 τῶν
1507 2459 1860 2533 διαφερόντων

249 2551 374 2622 αὐτῇ
441 2549 828 2622 βουλευώμεθα,
879 2559 983 2610 πῶς
1033 2550 1159 2621 οὐχὶ
1214 2554 1466 2611 καὶτοὺς
1531 2553 1867 2621 θαυμαστοὺς

249 2638 586 2699 ἓπιζητητεον
618 2641 742 2710 ἡμῖν
772 2656 784 2705 ;
815 2638 871 2690 Ὀ
927 2636 1005 2705 δε,
1057 2642 1331 2710 παρούσης
1383 2638 1689 2710 συμϐουλῆς
1732 2637 1866 2709 ἀγα·

251 2730 366 2793 θὴς,
412 2736 480 2796 τῷ
516 2727 761 2799 θελήματι
801 2735 897 2787 τῆς
928 2725 1155 2802 καρδίας
1191 2729 1352 2780 αυτοῦ
1393 2733 1733 2800 πορευόμενος
1762 2715 1864 2786 τῆς

249 2822 496 2887 ματαίας,
530 2819 702 2888 ὅμοιός
762 2815 874 2868 ἐστι
922 2817 992 2886 τῷ
1038 2816 1279 2888 Ῥοϐοάμ,
1324 2819 1379 2878 ὅς
1446 2815 1706 2887 ἀτιμάσας
1770 2822 1863 2874 την

251 2909 528 2966 σώζουσαν
568 2911 778 2976 γνώμην
842 2914 939 2955 τῶν
984 2905 1372 2979 πρεσϐυτέρων,
1431 2906 1702 2963 ἠκολούθει
1755 2909 1864 2957 τοῖς

250 2999 512 3066 νεωτέροις
541 3002 649 3054 τοῖς
690 3002 1113 3066 συνεκτραφείσιν
1164 2994 1328 3064 αὐτῷ,
1372 2991 1448 3046 δι’
1509 2994 1597 3055 οὓς
1647 3000 1735 3046 καὶ
1765 2990 1862 3046 τῶν

251 3080 378 3135 δέκα
397 3083 563 3156 φυλῶν
591 3091 684 3143 τῆς
717 3081 994 3154 βασιλείας
1023 3082 1276 3145 ἐξέπεσεν.

323 3179 372 3226 5.
399 3173 579 3233 Οὕτως
613 3172 666 3222 αἱ
697 3175 831 3223 κατά
858 3181 957 3223 τῶν
1006 3168 1224 3223 δικαίων
1275 3171 1468 3244 βουλαὶ
1525 3172 1856 3246 ἐπιστρίφου-
1887 3207 1924 3259 (η

1911 3242 1924 3259 Α

1911 3242 1925 3259 Α

252 3281 334 3313 σιν
362 3260 444 3312 ἐπὶ
494 3263 587 3322 τὰς
627 3260 850 3332 κεφαλὰς
902 3269 999 3311 τῶν
1061 3259 1470 3332 βουλευομένων,
1527 3265 1699 3334 ὥσπερ
1756 3262 1856 3312 ἀπὸ

254 3350 477 3423 στερρων
527 3355 616 3402 καὶ
693 3349 982 3401 ἀντιτύπων
1043 3353 1296 3421 σωμάτων
1363 3354 1426 3402 τὰ
1490 3357 1857 3423 προσπεσόντα

253 3438 376 3510 βέλη
441 3443 566 3511 πρὸς
632 3443 753 3500 τοὺς
811 3438 1046 3510 ἀφιέντας
1096 3437 1355 3493 ἐπάνεισι.
1423 3439 1686 3492 Φυλάσσει
1751 3443 1852 3514 γὰρ

256 3532 444 3602 Κύριος
500 3529 696 3588 πάντας
768 3532 887 3588 τους
954 3527 1264 3598 ἀγαπῶντας
1320 3528 1493 3595 αὐτόν,
1549 3533 1659 3598 καὶ,
1721 3533 1854 3580 πάν-

252 3636 340 3676 τας
442 3621 560 3678 τους
665 3616 999 3691 ἁμαρτωλοὺς
1076 3616 1463 3689 ἐξολοθρευσει·
1542 3619 1618 3668 ὅτι
1715 3617 1855 3687 αὐτῷ

253 3711 433 3781 πρέπει
465 3713 607 3758 πᾶσα
657 3702 807 3770 δόξα,
854 3711 978 3777 τιμὴ
1022 3711 1109 3757 xui
1147 3706 1580 3780 μεγαλοπρέπεια,
1636 3715 1722 3756 νυν
1763 3712 1852 3757 xui

253 3793 350 3861 ἀεὶ,
382 3801 470 3846 xui
503 3795 573 3856 εἰς
603 3799 724 3855 τους
746 3795 934 3856 αἰῶνας
963 3803 1062 3845 τῶν
1092 3794 1315 3852 αἰώνων.
1345 3793 1531 3865 Ἀμην.

786 3943 933 3990 ΠΕΡΙ
971 3943 1307 3990 ΙΙΡΟΝΟῘΑΣ

874 4061 914 4106 Λ
925 4061 1092 4106 ΟΓΟΣ
1119 4061 1157 4108 Κ
1167 4053 1234 4108 Β’.

323 4174 370 4222 1.
403 4173 471 4220 Τό
518 4177 612 4230 τῆς
655 4169 702 4220 έν
747 4178 818 4240 τῷ
862 4173 1230 4242 προστάγματι
1277 4167 1512 4232 διανοίας
1563 4180 1654 4224 του
1694 4180 1853 4243 Δημι-

247 4264 439 4328 ουργου
487 4256 753 4327 πολύχουν
807 4265 1056 4310 τοσοῦτόν
1112 4258 1272 4325 ἐστιν,
1333 4262 1455 4312 ὅσαι
1511 4266 1600 4311 xui
1645 4263 1700 4311 ui
1752 4270 1850 4312 τῶν

246 4341 736 4417 δημιουργηθέντων
782 4343 1032 4419 διαφοραὶ
1086 4354 1175 4399 xui
1226 4355 1542 4410 κοινότητες.
1591 4351 1685 4411 Οἱς
1715 4357 1850 4402 πᾶσι

249 4429 320 4484 δι’
353 4433 615 4504 ἀκριϐείας
670 4435 969 4500 ἐπεξελθεῖν,
1012 4439 1126 4486 ἴσον
1190 4436 1303 4488 ἐστὶ
1349 4443 1438 4488 xui
1503 4442 1710 4510 κύματα
1764 4459 1850 4492 πε-

247 4522 438 4592 λάγους
495 4522 930 4594 ἀπαριθμεῖσθαι,
980 4525 1008 4582 ὴ
1079 4532 1187 4584 ταῖς
1263 4525 1501 4585 κοτύλαις
1565 4532 1921 4606 πειρᾶσθαιι)

248 4618 305 4662 τό
345 4609 486 4685 ὖδωρ
519 4621 610 4672 τῆς
657 4612 928 4674 θαλάσσης
973 4611 1300 4685 ἀπομετρεῖν.
1339 4621 1448 4673 Ιίὠς
1494 4619 1594 4687 γαρ
1659 4619 1719 4666 ἄν
1770 4637 1847 4679 τις

251 4696 324 4752 δι’
355 4699 621 4774 ἀκριϐείας
652 4700 853 4752 ἐπέλθοι
908 4704 972 4753 τὰ
1026 4701 1072 4752 ἐν
1124 4709 1231 4762 τοῖς
1284 4701 1426 4772 βίοις
1478 4712 1576 4753 τῶν
1635 4703 1848 4774 ὀρνίθων

252 4786 548 4859 ἰδιώματος
582 4796 691 4848 Ιίὠς
741 4793 831 4860 μεν
880 4792 928 4840 οἱ
977 4788 1224 4861 πέλαργοὶ
1284 4791 1415 4840 οὕτω
1461 4795 1592 4841 κατά
1641 4796 1725 4842 τὸν
1757 4793 1851 4844 ἕνα

247 4883 428 4951 καιρόν
468 4875 818 4950 οἰκοδομουσι
858 4886 966 4939 τοῖς
1025 4875 1150 4949 τῇδε
1194 4884 1442 4950 χωρίοις·
1479 4881 1613 4930 οὕτω
1669 4877 1727 4931 δε
1765 4863 1849 4950 ὑφ’

246 4968 319 5019 ἐνί
353 4969 650 5038 συνθήματι
703 4969 889 5028 πάντες
938 4966 1274 5038 ἀπαίρουσιν,
1319 4969 1441 5040 ὅπερ
1501 4965 1624 5020 οὐδε
1676 4968 1849 5040 πόρρω

247 5063 361 5120 εστι
394 5061 648 5118 συνέσεως
671 5056 905 5127 λογικῆς.
949 5063 1065 5116 ΙΙώς
1119 5053 1176 5108 δε
1232 5053 1614 5129 δορυφοροῦσιν
1666 5058 1851 5117 αὐτοὺς

247 5152 301 5197 ui
373 5155 616 5218 κορῶναι,
669 5151 757 5196 καὶ
825 5150 1288 5218 παραπέμπουσιν,
1358 5143 1471 5216 ἐμοὶ
1530 5142 1697 5211 δοκεῖ,
1767 5151 1850 5197 xui

249 5240 566 5305 συμμαχίαν
620 5236 736 5284 τινά
806 5239 1163 5306 παρεχόμεναι
1220 5237 1349 5307 πρὸς
1425 5237 1632 5308 ὄρνιθας
1698 5234 1849 5288 πολε-

319 5361 367 5392 79
391 5360 458 5413 ιιι
487 5361 626 5426 Reg.
655 5374 753 5428 χιι,
786 5362 817 5412 8
841 5373 980 5431 sqq,
1075 5360 1122 5393 3°
1148 5359 1299 5414 Psal.
1327 5374 1510 5431 CXLlV,
1543 5364 1632 5415 20.

323 5519 402 5582 (1)
447 5519 580 5590 ligo;
620 5522 803 5570 ταῦτα.
835 5517 1180 5590 Contextus,
1203 5522 1330 5590 πρὸς
1362 5521 1547 5573 πάντα.

323 5590 400 5653 (2)
439 5589 518 5642 Ex
537 5592 860 5642 comment.
891 5593 953 5642 in
997 5589 1133 5657 130.,
1163 5589 1288 5644 452.

325 5661 402 5729 (3)
440 5660 517 5712 Ex
550 5657 714 5714 hom.
742 5674 841 5725 vii,
864 5661 926 5714 in
954 5661 1272 5726 Hexaem.,
1295 5664 1386 5717 63.

1962 604 2071 664 ret,
2124 597 2526 658 centuriones,
2586 602 2645 653 et
2694 596 3077 667 decuriones,
3117 597 3223 668 qui
3271 595 3617 666 judicarent

1961 686 2281 758 populum.
2300 685 2483 741 David
2503 701 2747 758 quoque
2761 684 3102 742 consultore
3131 701 3276 740 usus
3297 683 3474 740 Chusi
3493 688 3604 750 est,

1962 790 2068 847 per
2088 791 2273 846 quem
2294 773 2545 829 militare
2558 774 2909 846 Achitopbel
2934 773 3252 829 consilium
3275 773 3614 846 dissipavit.

1963 865 2180 936 Atque,
2215 868 2278 918 ut
2314 862 2569 918 breviter
2597 863 2817 926 dicam,
2856 863 3065 918 divina
3108 878 3359 934 prorsus
3395 878 3492 917 res
3523 865 3612 917 est

1963 951 2304 1014 consilium,
2358 949 2737 1006 voluntatum
2781 951 3106 1006 consensio
3157 954 3267 1011 est.
3309 949 3618 1006 charitatis

1962 1041 2211 1109 fructus,
2226 1039 2578 1096 humilitatis
2596 1044 3043 1109 argumentum.
3060 1040 3440 1096 lntoleranda
3457 1039 3620 1096 enim

1964 1129 2311 1198 arrogantia
2341 1134 2464 1194 est,
2491 1128 2792 1184 arbitrarii
2821 1129 3046 1184 nullius
3088 1144 3151 1184 se
3190 1129 3477 1198 indigere,
3512 1127 3621 1182 sed

1966 1219 2058 1274 sui
2088 1219 2276 1274 solius
2308 1218 2619 1273 sententiae
2651 1223 2826 1286 stare,
2851 1233 2923 1273 ac
2950 1219 2999 1273 si
3032 1218 3198 1274 solus
3229 1218 3461 1290 optima
3479 1231 3621 1272 con-

1967 1307 2160 1362 sulere
2200 1306 2417 1362 valeat.
2459 1309 2576 1361 Nos
2616 1321 2760 1362 vero
2792 1307 2886 1362 his
2933 1307 3040 1378 qui
3081 1310 3246 1362 recta
3273 1304 3620 1373 consulunt,

1965 1411 2078 1450 nos
2111 1394 2226 1466 ipsi
2253 1394 2471 1449 dedere
2498 1393 2842 1466 pigramur:
2878 1394 3187 1466 pudetque
3226 1393 3405 1449 nobis
3436 1393 3498 1448 in
3536 1391 3626 1448 vi-

1967 1483 2149 1538 vendi
2180 1483 2409 1538 ratione
2448 1481 2866 1554 prudentiores
2889 1497 3240 1552 agnoscere.
3275 1481 3385 1547 Qui
3411 1487 3619 1536 autem

1968 1571 2378 1628 consiliarium
2407 1577 2732 1643 exspectat,
2767 1571 2891 1626 suis
2919 1579 3097 1626 etiam
3123 1571 3215 1626 ille
3239 1569 3614 1640 cogitationi-

1968 1662 2085 1717 bus
2115 1662 2628 1733 opportunitatem
2672 1659 2917 1733 praebet,
2961 1666 3023 1716 ut
3053 1676 3193 1715 cum
3234 1659 3512 1715 examine
3550 1673 3621 1714 ac

1971 1752 2294 1807 attentione
2311 1752 2537 1806 diutius
2560 1751 3076 1822 investigentquid
3098 1749 3328 1805 deceat.
3345 1749 3420 1820 (2)
3441 1746 3624 1803 Valde

1902 1860 1941 1912 Β
1972 1841 2150 1909 igitur
2180 1840 2586 1895 necessarium
2621 1855 2691 1894 ac
2737 1839 2874 1894 utile
2904 1838 3222 1894 hominum
3267 1839 3402 1893 vitae
3433 1836 3624 1892 consi-

1971 1930 2142 1995 lium,
2171 1929 2338 2001 quod
2381 1944 2562 1983 nemo
2596 1928 2706 1983 sibi
2743 1928 2823 1983 ad
2866 1928 2981 1983 ista
3011 1927 3174 1982 solus
3206 1925 3486 1990 sufficiat,
3519 1923 3624 1980 sed

1971 2018 2352 2088 adjutoribus
2371 2019 2567 2087 magis
2595 2016 2861 2086 indigeat
2881 2017 2959 2071 ad
2983 2033 3183 2071 rerum
3213 2015 3442 2070 utilium
3468 2013 3626 2069 dele-

1973 2113 2157 2173 ctuin,
2181 2122 2369 2177 quam
2390 2105 2465 2160 ad
2480 2121 2551 2161 ea
2569 2121 2706 2176 quae
2729 2121 2978 2176 corpore
3010 2105 3626 2176 perﬁciuntur.Quare

1972 2196 2078 2268 qui
2107 2195 2451 2250 consiliario
2482 2198 2666 2259 caret,
2698 2195 2872 2248 navis
2900 2200 2988 2249 est
3010 2193 3415 2263 gubernatore
3446 2191 3626 2248 desti-

1973 2287 2122 2349 tuta,
2150 2288 2372 2338 temere
2403 2288 2723 2337 ventorum
2757 2281 3024 2336 motibus
3044 2281 3358 2352 permissa.
3379 2280 3550 2344 Quod
3578 2279 3627 2334 si

1974 2374 2036 2428 in
2086 2388 2286 2426 rerum
2325 2371 2620 2426 leviorum
2665 2369 3204 2425 deliberationibus
3251 2368 3627 2424 consiliarios

1975 2460 2365 2529 adhibemus;
2382 2476 2520 2514 cum
2542 2459 2948 2515 deliberamus
2961 2458 3035 2514 de
3049 2459 3254 2514 anima
3282 2462 3340 2513 et
3356 2457 3430 2512 de
3446 2457 3629 2513 rebus

1976 2551 2029 2604 ei
2069 2548 2336 2615 utilibus,
2385 2563 2590 2602 nonne
2639 2547 3031 2603 admirabiles
3087 2547 3262 2602 nobis
3317 2544 3629 2618 quaerendi

1977 2642 2118 2692 sunt
2163 2635 2529 2692 consiliarii?
2565 2636 2672 2699 Qui
2702 2641 2924 2706 autem,
2987 2652 3126 2690 cum
3175 2635 3344 2692 adest
3395 2634 3629 2690 bonum

1974 2725 2497 2787 consiliumnam};
2528 2723 2727 2778 cordis
2751 2723 2845 2777 sui
2864 2722 3157 2778 voluntati
3188 2722 3630 2794 obsequitur,is

1977 2815 2187 2870 similis
2219 2820 2305 2870 est
2347 2813 2782 2885 Roboam,qui,
2817 2818 3017 2884 spreto
3040 2813 3350 2868 seniorum
3381 2811 3627 2866 salutari

1974 2904 2246 2968 consilio,
2277 2902 2548 2973 juniores
2572 2917 2778 2956 secum
2801 2901 3090 2956 educatos
3111 2906 3354 2955 secutus
3382 2904 3492 2966 est,
3519 2913 3628 2970 per

1973 3008 2125 3062 quos
2158 2992 2480 3063 imperium
2512 2991 2572 3044 in
2596 2990 2807 3045 decem
2832 2989 3021 3046 tribus
3043 2988 3331 3044 amisit".

2044 3175 2094 3225 5.
2128 3169 2219 3225 Sic
2249 3169 2539 3224 instructa
2568 3167 2864 3223 adversus
2896 3167 3092 3237 justos
3129 3165 3383 3222 consilia
3415 3165 3478 3219 in
3515 3179 3622 3220 au-

1969 3265 2204 3315 ctorum
2229 3258 2426 3330 capita
2449 3256 2810 3326 redundant,
2846 3261 2910 3311 ut
2940 3256 3227 3311 immissas
3256 3255 3316 3310 in
3348 3253 3541 3310 solida
3565 3257 3624 3308 et

1966 3348 2303 3405 obnitentia
2324 3361 2579 3419 corpora
2609 3346 2839 3415 sagittae
2879 3345 2959 3401 ad
2989 3361 3093 3400 eos
3127 3343 3401 3408 redeunt,
3430 3359 3466 3400 a
3492 3342 3624 3415 qui-

1964 3438 2079 3493 bus
2111 3442 2253 3491 sunt
2281 3436 2591 3491 immissas.
2614 3435 2888 3491 Custodit
2915 3434 3075 3489 enim
3116 3434 3396 3489 Dominus
3422 3446 3621 3488 omnes

1964 3527 2283 3595 diligentes
2303 3532 2453 3594 se,et
2477 3539 2677 3580 omnes
2699 3530 3037 3592 peccatores
3059 3522 3356 3591 disperdet
3377 3523 3453 3576 3°:
3473 3536 3620 3592 quo-

1965 3616 2128 3671 niam
2161 3615 2238 3670 illi
2272 3615 2528 3670 debetur
2547 3614 2746 3668 omnis
2769 3613 2978 3682 gloria.
3010 3613 3203 3668 honor
3243 3617 3298 3667 et
3335 3611 3617 3680 magniﬁ-

1964 3705 2183 3773 centia,
2232 3719 2396 3758 nunc
2427 3708 2483 3759 et
2514 3718 2768 3774 semper,
2806 3706 2862 3757 et
2890 3704 2952 3756 in
2982 3701 3202 3757 saecula
3233 3700 3614 3755 saeculorum.

1966 3799 2176 3848 Amen.

2336 3933 2506 4006 εει
2546 3934 2651 3988 DE
2689 3932 2845 3988 PRO
2860 3931 3242 3987 VIDENTIA

2575 4051 2807 4106 SERMO
2857 4050 2994 4104 XXII

2038 4175 2084 4223 1.
2119 4171 2192 4239 (3)
2225 4170 2413 4223 Tanta
2441 4171 2532 4222 est
2553 4165 2849 4222 Creatoris
2886 4165 2948 4220 in
2980 4164 3257 4235 jubendo
3283 4164 3615 4236 intelligen-

1961 4260 2054 4314 tiae
2085 4257 2446 4322 fecunditas,
2473 4260 2718 4327 quantm
2750 4269 2954 4309 rerum
2982 4261 3323 4310 creatarum
3357 4253 3616 4310 dissimi-

1960 4347 2244 4402 litudines
2314 4351 2372 4400 et
2411 4344 2865 4400 convenientiae.
2907 4345 3050 4407 Quae
3091 4343 3298 4398 omnia
3335 4347 3613 4398 accurate

1960 4451 2294 4501 recensere,
2329 4433 2577 4505 perinde
2617 4437 2706 4487 est
2757 4447 2829 4487 ac
2872 4431 2918 4485 si
2963 4431 3099 4502 quis
3145 4431 3367 4485 ﬂuctus
3413 4430 3611 4500 pelagi

1960 4540 2337 4589 enumerare,
2357 4528 2462 4576 aut
2478 4536 2697 4577 manus
2719 4520 2860 4575 vola
2885 4533 3110 4589 aquam
3133 4518 3318 4572 maris
3334 4518 3610 4573 admetiri

1959 4620 2228 4668 conetur.
2263 4617 2336 4678 (4)
2372 4611 2515 4675 Quis
2535 4609 2694 4663 enim
2727 4606 2918 4678 possit
2939 4612 3186 4660 cunctas
3218 4608 3613 4678 proprietates

1960 4701 2037 4757 ad
2087 4702 2401 4755 volucrum
2443 4699 2628 4753 vitam
2684 4696 3046 4767 pertinentes
3087 4700 3363 4750 accurate
3408 4711 3611 4750 recen-

1960 4789 2130 4844 sere?
2151 4791 2226 4858 (5)
2259 4785 2578 4852 Quomodo
2610 4783 2854 4839 ciconiae
2875 4783 3125 4852 quidem
3156 4799 3369 4839 omnes
3400 4801 3522 4840 uno
3553 4789 3610 4840 et

1959 4877 2174 4933 eodem
2208 4882 2478 4945 tempore
2502 4875 2594 4928 liis
2624 4873 2684 4927 in
2715 4870 2864 4926 locis
2896 4870 3211 4934 aediﬁcent,
3245 4878 3302 4928 et
3342 4873 3457 4928 sub
3489 4888 3610 4930 uno

1959 4967 2131 5037 signo
2159 4979 2370 5018 omnes
2401 4961 2753 5017 discedant:
2788 4959 2952 5031 quod
2983 4961 3233 5033 quidem
3276 4979 3313 5016 δ.
3361 4963 3610 5018 rationis

1960 5053 2347 5125 intelligentia
2370 5067 2487 5107 non
2512 5051 2690 5119 longe
2715 5049 2903 5105 abest.
2935 5051 3250 5115 Quomodo
3280 5057 3480 5107 autem
3506 5052 3610 5108 sti-

1959 5152 2103 5218 pent
2129 5145 2292 5215 ipsas
2313 5142 2604 5209 cornices,
2631 5154 2876 5210 easque,
2901 5147 2965 5195 ut
2994 5140 3142 5196 mihi
3172 5140 3422 5212 quidem
3448 5140 3611 5197 vide-

1960 5240 2075 5303 tur,
2109 5232 2436 5304 deducant,
2468 5235 2524 5288 et
2564 5227 2781 5286 sociale
2809 5229 3122 5301 quoddam
3154 5228 3270 5285 illis
3314 5229 3608 5286 auxilium

2034 5518 2110 5587 (4)
2141 5518 2219 5570 Ex
2242 5516 2408 5587 hom.
2434 5532 2551 5584 vui,
2583 5517 2647 5572 in
2676 5514 2988 5580 Hexaem.,
3020 5516 3109 5568 74.

2038 5586 2111 5658 (5)
2141 5586 2311 5654 lbid.,
2333 5592 2424 5640 75.
