4068 7284
591 361 724 418 I367

3223 125 3248 140 τ
3279 123 3474 164 κῖ⁶”ῐ’ξ“¹ἷ.
3497 119 3640 164 3..."-‘7
3681 147 3708 164 -.-.
3749 115 3768 126 ι

1539 357 1907 418 APPENDIX.
1946 387 2015 403 -
2056 357 2400 418 SYMEONIS
2439 355 2986 416 ME’I‘APHBASTAS.
3231 317 3240 328 “
3757 366 3852 420 uas

586 488 875 559 praestent
895 485 1186 544 adversus
1214 485 1461 544 hostiles
1502 502 1662 544 aves.
1712 487 1897 557 Cujus
1933 485 2018 541 rei
2061 499 2239 554 argu-

2360 489 2517 544 κίους.
2580 489 2795 553 Σημεῖόν
2865 478 2943 551 δὲ,
3013 488 3215 556 πρῶτον
3263 486 3352 555 μὲν
3423 485 3474 535 τὸ
3525 489 3587 555 μή
3649 489 3856 557 φαίνεσθαι

587 581 860 632 mentum
911 581 1023 643 est,
1057 577 1325 649 primum
1357 576 1811 650 quidemquod
1853 592 1924 632 eo
1970 580 2238 648 tempore

587 664 757 721 nulla
778 681 1030 738 prorsus
1061 647 1278 722 cornix
1305 647 1594 738 appareat
1616 647 1636 721 ἰ
1661 647 1878 722 deinde
1909 665 2071 737 quod
2098 647 2238 721 cum

586 753 938 811 vulneribus
966 754 1306 822 redeuntes,
1324 756 1641 812 manifesta
1661 755 1800 811 belli
1815 754 2113 811 socialiter
2133 769 2240 826 pu-

590 842 756 914 gnati
781 843 1004 901 indicia
1034 844 1470 910 rcferant.Quis
1493 843 1658 916 apud
1682 844 1846 916 ipsas
1875 843 2242 915 praescripsit

588 931 1016 1005 hospitalitatis
1033 933 1210 1004 jura?
1225 933 1360 1006 quis
1383 933 1535 1005 ipsis
1557 933 1808 989 desertae
1828 931 2050 988 militiae
2068 948 2171 988 acc
2182 949 2242 987 u-

591 1021 890 1080 sationem
922 1023 1188 1079 minatus
1235 1027 1346 1092 est,
1393 1023 1546 1079 adeo
1595 1027 1660 1079 ut
1688 1023 1853 1079 nulla
1881 1038 1917 1078 a
1954 1022 2241 1078 comitatu

589 1125 724 1166 sese
753 1111 1204 1183 subtrahat?(t)
1237 1113 1420 1168 Grues
1449 1116 1652 1168 autem
1683 1111 1942 1167 Vicissim
1965 1115 2244 1166 exercent

590 1200 900 1258 excubia=.
934 1203 1001 1255 Et
1056 1201 1306 1274 quidem
1363 1201 1495 1256 aliae
1536 1199 1880 1256 dormiunt:
1916 1199 2046 1255 alia:
2101 1214 2241 1255 vero

589 1292 1051 1358 c'rcumeuntes,
1072 1305 1317 1346 omnem
1347 1288 1493 1360 ipsis
1523 1289 1902 1344 securitatem
1939 1304 2048 1362 per
2080 1305 2242 1344 som-

589 1397 739 1439 num
762 1379 1070 1436 exhibent.
1086 1378 1308 1435 Deinde
1327 1381 1597 1451 tempore
1619 1377 1958 1449 vigiliarum
1977 1382 2240 1450 peracto,

588 1471 719 1526 haec
731 1467 978 1541 quidem
991 1467 1272 1536 clangore
1285 1466 1444 1524 edito
1461 1467 1541 1524 ad
1557 1483 1838 1524 somnum
1857 1467 2240 1523 convertitur:

589 1558 692 1614 illa
715 1572 856 1614 vero
877 1556 1228 1616 succedens.
1258 1573 1444 1628 quam
1471 1557 1703 1628 accepit
1724 1557 2246 1622 securitatem,sua

587 1648 718 1703 vice
743 1645 1134 1702 reddit.Hunc
1164 1645 1345 1701 etiam
1375 1645 1432 1701 in
1456 1645 1659 1701 volatu
1687 1645 1962 1702 ordinem
1980 1649 2242 1701 servant.

594 1734 723 1792 Alia
761 1732 923 1789 enim
961 1732 1112 1789 alias
1156 1733 1384 1790 itineris
1414 1733 1535 1789 dux
1565 1737 1685 1802 est;
1739 1733 1845 1789 sed
1877 1733 1976 1789 ubi
2007 1749 2112 1806 per
2146 1733 2246 1788 ali-

590 1823 761 1898 quod
789 1830 1030 1894 tempus
1077 1827 1364 1878 statutum
1409 1822 1636 1879 volatui
1680 1823 1938 1895 praefuit,
1971 1829 2129 1879 retro
2180 1839 2245 1880 se
2277 1854 2315 1908 Β

592 1913 914 1985 recipiens,
944 1913 1058 1968 viae
1085 1911 1374 1969 ducatum
1410 1912 1750 1986 insequenti
1784 1912 1980 1969 tradit.
2021 1915 2094 1984 (2)
2127 1916 2243 1970 Vos

591 2007 793 2058 autem
839 2001 944 2074 qui
972 2016 1096 2057 non
1141 2001 1380 2058 creditis
1421 2002 1684 2057 futuram
1718 2002 1778 2058 in
1810 2002 2245 2059 resurrectione

590 2090 1303 2157 mutationem,revocata
1334 2091 1395 2148 in
1421 2095 1676 2148 mentem
1706 2091 2025 2163 bombycis
2055 2096 2246 2148 muta-

588 2179 772 2247 tione,
805 2177 1194 2235 manifestam
1239 2179 1694 2235 resurrectionis
1745 2180 2051 2236 notionem
2092 2179 2244 2236 acci-

589 2268 823 2340 pite.(3)
856 2269 972 2324 Vos
1002 2267 1182 2324 etiam
1212 2268 1315 2340 qui
1339 2269 1691 2340 mysterium
1719 2273 1994 2324 nostrum
2017 2269 2243 2339 ridetis,

589 2355 763 2428 quasi
797 2355 1171 2428 impossibile
1207 2361 1260 2412 et
1291 2363 1462 2412 extra
1499 2361 1780 2412 naturam
1829 2357 1922 2425 sit,
1965 2363 2029 2413 ut
2074 2358 2245 2427 virgo

589 2443 807 2515 pariat,
833 2443 1170 2514 virginitate
1193 2444 1270 2499 illi
1294 2445 1528 2515 integra
1546 2450 1960 2516 permanente;
1987 2445 2245 2514 cogitate

597 2535 803 2599 Deum,
832 2532 928 2587 cui
959 2531 1073 2588 hoc
1095 2532 1340 2605 placuit,
1375 2533 1696 2588 innumera
1725 2548 1796 2589 ex
1826 2539 2042 2589 natura
2071 2548 2248 2602 argu-

593 2623 800 2676 menta
829 2622 909 2676 ad
939 2635 1141 2676 rerum
1164 2621 1530 2678 mirabilium
1561 2622 1746 2678 ﬁdem
1783 2623 1840 2678 in
1868 2628 2244 2678 antecessum

592 2711 1008 2782 proposuisse.
1040 2712 1186 2766 Nam
1215 2709 1554 2766 vulturibus
1580 2710 1811 2784 absque
1851 2711 1974 2767 ulla
1997 2712 2248 2783 conjun-

592 2799 786 2855 ctione
811 2815 1020 2873 parere
1040 2799 1225 2867 dedit,
1251 2799 1386 2857 licet
1407 2802 1672 2857 maxime
1688 2801 2002 2871 longrevis,
2023 2802 2248 2875 quippe

592 2889 816 2961 quibus
829 2889 949 2945 vita
969 2890 1046 2944 ad
1060 2896 1302 2946 centum
1318 2906 1509 2963 usque
1531 2907 1724 2946 annos
1747 2890 2101 2964 plerumque
2115 2907 2249 2964 pro-

594 2977 909 3034 tendatur:
945 2983 1127 3050 atque
1152 2979 1236 3035 ita
1265 2979 1327 3035 in
1357 2979 1541 3034 rebus
1569 2979 1876 3047 omnibus,
1905 2980 2081 3036 nobis
2118 2997 2248 3053 per-

595 3067 808 3140 spicua
827 3066 1263 3124 miraculorum
1287 3083 1537 3124 suorum
1568 3073 1962 3125 monumenta
1988 3068 2246 3143 reliquit.

667 3250 721 3301 2.
752 3245 830 3315 (4)
879 3247 977 3300 Est
1001 3260 1144 3302 vero
1176 3245 1321 3318 ipsis
1369 3262 1614 3319 quoque
1662 3247 1932 3319 piscibus
1967 3264 2112 3304 suus
2157 3263 2247 3304 sa-

600 3335 778 3406 piens
817 3333 1072 3407 quidam
1105 3350 1175 3391 ac
1223 3335 1378 3392 bene
1409 3336 1720 3409 depositus
1770 3339 1946 3398 ordo.
1991 3353 2251 3410 quorum

598 3423 1083 3496 unumquodque
1101 3440 1291 3496 genus
1302 3427 1470 3483 novit
1483 3427 1826 3483 distinctam
1851 3427 1962 3482 sibi
1987 3444 2022 3482 a
2039 3433 2253 3484 natura

600 3512 735 3568 vitm
764 3513 1097 3569 rationem:
1141 3519 1197 3570 et
1227 3515 1286 3571 in
1319 3515 1580 3572 definitis
1620 3515 1734 3571 sibi
1765 3515 1950 3572 maris
1979 3517 2252 3588 partibus

600 3600 854 3674 perinde
875 3603 1130 3674 atquein
1163 3603 1526 3672 civitatibus,
1559 3609 1662 3660 aut
1683 3604 1826 3660 vicis
1856 3605 2248 3677 quibusdam,

600 3694 708 3748 aut
733 3690 999 3764 antiquis
1021 3691 1227 3765 patriis
1253 3693 1628 3750 immoratur.
1662 3695 1792 3750 Jam
1811 3709 1950 3749 vero
1975 3698 2029 3748 et
2058 3696 2251 3766 pisces

599 3781 854 3855 quidam
875 3784 1256 3854 peregrinare
1279 3784 1456 3851 soliti,
1483 3783 1642 3840 velut
1659 3800 1731 3840 ex
1756 3787 2065 3840 communi
2087 3785 2253 3841 curia

599 3871 662 3927 in
691 3874 969 3928 externas
1001 3872 1278 3945 regiones
1299 3873 1764 3946 proficiscentes,
1799 3873 1912 3928 sub
1937 3890 2054 3929 uno
2081 3874 2251 3944 signo

601 3975 814 4019 omnes
844 3961 1181 4018 discedunt.
1217 3965 1362 4019 Cum
1393 3963 1552 4019 enim
1583 3963 1997 4036 praescriptum
2032 3963 2254 4019 fetandi

601 4053 842 4119 tempus
865 4048 1162 4114 institerit,
1188 4051 1286 4106 alii
1318 4051 1396 4106 ab
1436 4051 1566 4106 aliis
1609 4051 1971 4121 emigrantes
2002 4051 2250 4107 sinibus.

604 4135 914 4192 communi
944 4141 1174 4192 naturae
1201 4139 1330 4208 lege
1369 4138 1669 4209 concitati,
1705 4140 1782 4193 ad
1826 4155 1990 4196 mare
2021 4140 2254 4213 aquilo-

603 4223 775 4280 nium
797 4223 1097 4280 festinant.
1121 4227 1293 4298 582
1319 4228 1382 4282 Et
1398 4225 1645 4298 quidem
1665 4227 1796 4298 ipso
1818 4233 2257 4285 ascensustem-

603 4327 750 4386 pore
782 4312 975 4384 pisces
1005 4319 1248 4372 coactos
1277 4331 1383 4388 per
1417 4315 1836 4386 Propontidem
1863 4315 1926 4370 in
1957 4317 2255 4378 Euxinum

603 4404 860 4458 Pontum
881 4401 1221 4472 inﬂuentes,
1247 4404 1330 4460 uti
1358 4408 1682 4461 torrentem
1705 4404 2032 4476 quemdam
2055 4406 2254 4463 videre

603 4489 826 4563 possis.
860 4492 1075 4563 Ecquis
1109 4493 1354 4549 movet?
1385 4493 1697 4565 quodnam
1727 4496 1816 4549 est
1856 4495 2013 4563 regis
2062 4494 2251 4568 impe-

2349 575 2448 626 ὑπὸ
2480 576 2564 626 τὸν
2613 574 2793 645 καιρὸν
2839 569 3025 624 ἐκεῖνον
3083 577 3313 646 κορώνην
3365 576 3666 626 παντάπασιν
3693 588 3705 603 ·
3747 579 3856 628 ἔπειθ’

2349 664 2429 715 ὃτι
2495 664 2626 734 μετὰ
2705 661 3018 734 τραυμάτων
3085 660 3517 735 ἐπανερχόμεναι,
3580 661 3736 734 ἐναργῆ
3797 673 3860 718 τον

2352 757 2724 823 συνασπισμοῦ
2771 756 2860 802 καὶ
2925 757 3016 810 τῆς
3063 749 3354 822 ἐπιμαχίας
3416 753 3478 802 τὰ
3520 759 3692 822 σημεῖα
3749 759 3862 823 κομί-

2354 843 2524 904 ζουσι.
2558 845 2649 901 Τίς
2699 839 2823 912 παρ’
2870 837 3053 901 αὑταῖς
3107 842 3224 900 τοὺς
3270 847 3365 901 τῆς
3409 838 3665 910 φιλοξενίας
3701 836 3860 912 διώρισε

2349 933 2571 1000 νόμονς;
2603 932 2681 990 τίς
2731 927 2912 989 αὐταῖς
2963 926 3216 986 ἠπείλησε
3264 927 3641 1001 λειποστρατίον
3693 935 3862 1002 γραοὴν,

2350 1020 2415 1078 ὡς
2457 1014 2720 1090 μηδεμίαν
2777 1015 3152 1069 ἀπολείπεσθαι
3194 1024 3287 1078 τῆς
3340 1025 3673 1091 προπομπῆς;
3722 1019 3771 1069 Αἱ
3811 1023 3866 1087 γέ-

2349 1127 2498 1183 ρανοι
2527 1105 2587 1160 δι
2616 1110 2706 1169 τὰς
2740 1107 2787 1160 ἐν
2843 1115 2904 1179 τῇ
2953 1113 3103 1159 νυκτὶ
3149 1107 3484 1181 προφυλακὰς
3523 1107 3574 1159 ἐκ
3621 1117 3868 1182 περιτροπῆς

2351 1195 2728 1269 ὑποδέχονται.
2785 1203 2886 1249 Καὶ
2914 1199 2967 1248 αἱ
3015 1200 3106 1268 μὲν
3153 1193 3523 1266 καθεύδουσιν,
3565 1199 3614 1248 αἰ
3649 1194 3700 1248 δὲ
3745 1196 3869 1264 κύκλῳ

2351 1293 2670 1360 περιιοῦσαι,
2722 1291 2894 1338 πᾶσαν
2948 1285 3131 1347 αὑταῖς
3189 1285 3239 1338 ἐν
3297 1293 3369 1355 τῷ
3435 1287 3570 1356 ὕπνῳ
3618 1289 3870 1359 παρέχονται

2352 1381 2441 1434 την
2500 1375 2802 1448 ἀσφάλειαν.
2845 1377 2972 1428 Εἶτα
3017 1383 3109 1427 τοῦ
3160 1383 3344 1447 καιροῦ
3397 1384 3487 1435 τῆς
3541 1375 3740 1446 grimoni;
3772 1374 3870 1430 πλε-

2351 1470 2626 1539 ρονμένου,
2678 1468 2707 1524 ἠ
2759 1469 2849 1538 μὲν
2900 1464 3172 1537 βοήσασα,
3231 1468 3361 1538 πρὸς
3401 1466 3552 1517 ὕπνον
3596 1463 3867 1540 ἐτράπη-αὴ

2355 1553 2538 1613 δὲτὴν
2590 1551 2862 1626 διαδοχὴν
2921 1551 3303 1626 ὑποδεξαμένη,
3338 1556 3402 1614 ἧς
3451 1557 3622 1626 ἔτυχεν
3657 1552 3872 1624 ἀσφαλείας

2353 1640 2641 1718 μετέδωκεν
2705 1643 2752 1695 ὲν
2809 1651 2880 1714 τῷ
2927 1647 3090 1716 μέρει.
3143 1646 3348 1700 Ταύτην
3409 1648 3497 1694 καὶ
3553 1641 3596 1694 ἐν
3634 1650 3686 1714 τῇ
3733 1646 3873 1698 πτήσει

2354 1738 2447 1791 τήν
2507 1732 2740 1795 εὐταξίαν
2805 1731 3172 1805 φυλάττουσιν.
3237 1730 3446 1784 Ἀλλοτε
3503 1733 3599 1805 γὰρ
3658 1729 3761 1786 ἄλλη
3811 1735 3874 1785 τήν

2355 1818 2580 1892 όδηγίαν
2636 1816 2931 1891 ἐκδέχεται,
2976 1825 3067 1872 καὶ
3123 1824 3310 1872 τακτόν
3358 1839 3474 1871 τινα
3505 1824 3675 1892 χρόνον
3707 1819 3874 1889 προιοῦ-

2356 1914 2665 1982 ηγησαμένη
2698 1917 2794 1970 τῆς
2827 1914 3088 1974 πτήσεως,
3141 1909 3210 1971 εἰς
3248 1913 3306 1961 τὸ
3346 1914 3563 1961 κατόπιν
3589 1907 3875 1980 περιελθοῦσα,

2353 2007 2415 2071 τῇ
2449 1999 2560 2072 μεθ’
2605 1999 2791 2056 ἑαυτὴν
2817 2003 2911 2056 τὴν
2939 2000 3216 2070 ἡγεμονίαν
3261 2007 3357 2059 τῆς
3399 1993 3532 2050 ὁδοῦ
3562 1991 3874 2071 παραδίδωσιν.

2355 2090 2420 2140 Oi
2454 2085 2513 2140 δέ
2550 2107 2609 2159 γε
2640 2086 2973 2148 ἀπιστοῦντες
3032 2093 3150 2162 περὶ
3193 2096 3287 2150 τῆς
3346 2090 3483 2140 κατά
3531 2091 3617 2144 τήν
3661 2085 3878 2136 ἀνάστασιν

2355 2176 2694 2239 ἀλλοιώσεως,
2729 2181 3045 2249 μεμνημένοι
3094 2184 3183 2237 τῆς
3225 2179 3361 2228 κατά
3421 2180 3540 2237 τοὺς
3578 2183 3724 2247 σῆρας
3763 2191 3878 2244 μετα-

2354 2265 2530 2328 ϐολῆς,
2600 2265 2782 2339 ἐναργῆ
2848 2264 3132 2336 λαμϐάνετε
3197 2274 3290 2326 τῆς
3345 2263 3668 2325 ἀναστάσεως
3723 2265 3878 2315 ἔννοιαν.

2356 2360 2456 2408 Καὶ
2495 2357 2544 2406 οἱ
2596 2354 2836 2425 γελῶντες
2887 2357 2946 2405 τό
3003 2359 3295 2426 μυστήριον
3345 2356 3516 2426 ἡμῶν,
3574 2356 3636 2413 ὡς
3680 2348 3877 2402 ἀδυνάτου

2353 2449 2499 2507 ὄντος
2528 2449 2616 2496 καὶ
2643 2445 2737 2507 ἔξω
2787 2453 2883 2504 τῆς
2910 2447 3110 2515 φύσεως
3149 2446 3404 2518 παρθένον
3447 2451 3625 2508 τεκεῖν,
3673 2451 3752 2500 τῆς
3790 2457 3863 2509 παρ

2357 2535 2524 2596 οενίας
2589 2533 2718 2604 αὐτῇ
2781 2533 3158 2605 φυλαττομένης
3241 2531 3510 2607 ἀχράντου
3544 2548 3558 2563 ⁸
3609 2530 3877 2600 ἐνθνμὴθετε.

2355 2625 2435 2675 ὅτι
2466 2623 2491 2674 ό
2528 2621 2574 2674 ἐν
2600 2624 2768 2692 τούτῳ
2801 2618 3096 2683 εὐδοκήσας
3142 2625 3290 2685 Θεὸς,
3323 2625 3521 2696 μυρίας
3541 2619 3592 2672 ἐκ
3634 2623 3882 2690 riga-3m»;

2357 2710 2593 2785 ἀφορμὰς
2629 2714 2758 2784 πρός
2807 2715 2899 2768 τὴν
2950 2715 3130 2764 πίστιν
3179 2719 3276 2762 τῶν
3324 2709 3635 2780 παραδόξων
3678 2705 3882 2782 προλαϐὼν

2356 2799 2681 2853 κατεϐάλετο.
2717 2803 2846 2860 Τούς
2879 2819 2931 2853 τε
2975 2803 3077 2872 γὰρ
3117 2807 3285 2870 γῦπας
3343 2796 3708 2858 ασννὸυάστως
3747 2801 3883 2848 τίκτειν

2357 2889 2590 2958 ἐποίησε,
2654 2894 2741 2940 καὶ
2799 2895 2965 2941 ταῦτα
3007 2888 3469 2963 μακροϐιωτάτους
3535 2893 3689 2947 ὄντας.
3743 2888 3801 2944 οἷς
3837 2901 3877 2952 ’ίῖ

2357 2983 2551 3051 μέχρις
2599 2980 2778 3030 ἒκατόν
2833 2975 2957 3028 ἐτῶν
3003 2980 3072 3038 ὡς
3119 2980 3184 3029 τὰ
3221 2976 3385 3029 πολλά
3435 2979 3464 3035 ἠ
3515 2977 3618 3037 ζωὴ
3648 2977 3886 3049 παρατείνε-

2358 3087 2446 3120 ται
2474 3084 2487 3096 ·
2513 3070 2604 3118 καὶ
2637 3065 2684 3118 ἐν
2724 3072 2886 3118 πᾶσιν
2917 3068 3042 3138 ἡμῖν
3083 3074 3181 3118 τῶν
3211 3066 3414 3119 οἰκείων
3461 3068 3721 3138 Θαυμάτων
3754 3064 3885 3133 ἐναργὶ

2359 3159 2426 3209 τὰ
2455 3158 2803 3228 ὑπομνήματα
2824 3154 3209 3210 καταλέλοιπεν.

2430 3251 2484 3300 2.
2515 3245 2667 3298 Ἔστι
2701 3243 2758 3297 δέ
2789 3263 2869 3306 τις
2917 3250 3006 3296 καὶ
3053 3247 3196 3317 παρὰ
3225 3252 3330 3305 τοῖς
3364 3244 3558 3316 ἰχθύσι
3600 3247 3720 3314 σοοὴ
3750 3244 3821 3292 καὶ
3842 3239 3892 3288 r3-

2359 3353 2544 3396 τακτος
2601 3331 2979 3406 διακόσμησις,
3040 3339 3130 3386 καὶ
3187 3335 3404 3385 ἕκαστον
3453 3339 3593 3404 γένος
3637 3332 3781 3384 αὐτῶν
3817 3322 3891 3378 οἶδε

2359 3429 2447 3481 τὴν
2493 3423 2856 3498 ἀφωρισμένην
2889 3423 3067 3483 αὐτοῖς
3117 3424 3260 3496 παρά
3315 3430 3414 3484 τῆς
3468 3425 3660 3494 φύσεως
3699 3415 3891 3471 δίαιταν*

2360 3517 2446 3564 καὶ
2483 3515 2656 3588 ὥσπερ
2696 3512 2928 3581 πόλεσιν,
2979 3513 3009 3570 ἡ
3066 3517 3262 3584 κώμαις
3304 3517 3471 3581 τισὶν,
3521 3513 3550 3569 ἡ
3597 3514 3811 3582 πατρίσιν
3834 3505 3891 3573 ἁρ-

2359 3607 2568 3674 χαίαις,
2625 3610 2733 3664 τοῖς
2783 3600 3219 3674 ἁποτεταγμένοις
3280 3601 3456 3662 αὐτοῖς
3522 3609 3615 3661 τῆς
3684 3595 3891 3650 Θαλάττης

2360 3695 2566 3766 μέρεσιν
2597 3689 2938 3752 ἐναυλίζεται.
2977 3687 3120 3748 Ἤδη
3164 3687 3224 3742 δέ
3271 3709 3407 3750 τινες
3435 3695 3528 3741 καὶ
3569 3683 3890 3757 ἀποδημητικθὶ

2360 3789 2458 3832 τῶν
2519 3780 2738 3852 ἰχθύων,
2795 3782 2968 3854 ὥσπερ
3019 3779 3120 3832 ἀπὸ
3177 3788 3352 3831 κοινοῦ
3412 3778 3771 3852 βουλευτηρίου
3809 3773 3893 3844 πρὸς

2361 3875 2454 3928 τὴν
2512 3871 2786 3944 ὑπερορίαν
2838 3869 3178 3941 στελλόμενοι,
3231 3870 3314 3940 ὑφ’
3368 3869 3440 3922 ἐνὶ
3493 3870 3768 3938 συνθήματι
3810 3864 3894 3912 πάθ-

2361 3979 2444 4020 τες
2502 3958 2840 4032 ἀπαίρουσιν.
2902 3955 3146 4011 Ἐπειδὰν
3199 3961 3300 4032 γὰρ
3354 3958 3380 4009 ό
3434 3960 3728 4028 τεταγμένος
3765 3955 3896 4021 καιρός

2360 4059 2454 4110 τῆς
2501 4055 2732 4108 κυήσεως
2776 4047 3056 4100 καταλάϐοι
3097 4049 3193 4117 (5),
3243 4046 3387 4099 οἰλλοι
3433 4045 3525 4098 ἀπ’
3554 4046 3708 4098 ἀλλων
3750 4040 3895 4093 κόλπων

2363 4140 2788 4212 μεταναστάντες,
2849 4146 2920 4207 τῷ
2966 4145 3121 4208 κοινῷ
3165 4145 3260 4198 τῆς
3314 4139 3515 4209 φύσεως
3571 4140 3702 4206 νόμῳ
3753 4127 3896 4200 dir/2?-

2367 4230 2553 4296 θέντες,
2599 4227 2684 4279 ἐπὶ
2715 4232 2803 4284 τὴν
2845 4225 3055 4298 βορείαν
3095 4228 3174 4297 (6)
3215 4224 3508 4296 ἐπείγονται
3543 4224 3805 4277 Θάλασσαν.
3833 4222 3897 4267 lii!l

2366 4313 2503 4380 ἴδοις
2545 4315 2604 4368 ἂν
2635 4317 2771 4368 κατά
2810 4319 2895 4368 τόν
2943 4319 3124 4389 καιρόν
3154 4323 3246 4376 τῆς
3287 4311 3478 4366 ἀνόδου
3511 4316 3682 4385 ὥσπερ
3708 4330 3752 4362 τι
3781 4308 3896 4380 ﬁt)“

2364 4409 2480 4466 τοὺς
2515 4405 2705 4477 ἰχθύας
2737 4405 3042 4477 ἡνωμένους,
3075 4408 3164 4455 καὶ
3215 4400 3308 4456 διὰ
3345 4411 3440 4464 τῆς
3492 4394 3819 4475 Προποντίδος
3845 4391 3897 4444 ἐπὶ

2364 4498 2450 4547 τὸν
2513 4495 2744 4557 Εὔξεινον
2803 4495 3031 4567 ῥέοντας.
3107 4497 3194 4553 Τίς
3259 4493 3284 4543 ό
3350 4500 3546 4558 κινών;
3596 4497 3731 4542 ποῖον
3785 4487 3897 4556 πρὸς·

603 4560 760 4636 rium
781 4560 1034 4653 ?qualia
1081 4581 1276 4638 edicta
1307 4580 1368 4638 in
1406 4560 1538 4638 toro
1587 4583 1858 4655 exposita
1888 4560 2247 4655 praefinitum

2367 4603 2544 4656 ταγμα
2619 4581 2925 4655 βασιλέως;
2988 4589 3115 4634 ποῖα
3163 4578 3550 4654 διαγράμματα
3613 4577 3720 4630 κατ’
3760 4572 3896 4645 ἀγορὰν

602 4671 844 4741 tempus
855 4668 1154 4727 indicant?
1171 4671 1420 4744 quinam
1433 4671 1740 4745 hospitum
1757 4671 1834 4728 ad
1845 4688 2254 4746 venarumque

603 4756 886 4814 ductores
923 4760 952 4815 ?
1003 4759 1181 4817 Vides
1228 4761 1497 4817 divinam
1546 4761 1988 4818 ordinationem
2039 4767 2255 4819 cuncta

604 4845 1033 4919 complentem,
1053 4852 1233 4921 atque
1251 4865 1358 4921 per
1376 4850 1784 4907 minutissima
1805 4851 2249 4923 pervadentem.

602 4934 787 4992 Piscis
816 4936 1031 4993 divinae
1063 4937 1179 5008 legi
1201 4955 1324 4996 non
1362 4940 1737 5006 adversatur,
1776 4956 1888 4996 nos
1917 4956 2060 4997 vero
2099 4941 2255 4998 salu-

602 5024 834 5081 taribus
882 5027 1201 5100 praeceptis
1243 5043 1365 5084 non
1401 5027 1818 5102 obsequimur.
1866 5031 2021 5086 Cave
2059 5030 2254 5102 pisces

599 5115 964 5187 asperneris,
982 5117 1151 5189 quod
1179 5117 1430 5174 omnino
1456 5117 1808 5190 insipientes
1831 5117 1967 5186 sint,
1991 5122 2047 5175 et
2070 5119 2250 5176 ratio-

598 5203 696 5261 nis
719 5211 1032 5278 expertes:
1069 5207 1177 5262 sed
1209 5207 1373 5280 time,
1407 5223 1482 5264 ne
1512 5208 1692 5265 etiam
1723 5208 1818 5265 his
1871 5207 2116 5266 inferior
2171 5209 2251 5268 sis

667 5385 747 5454 (1)
779 5385 1044 5457 Ex‘hom.
1073 5388 1198 5457 vni,
1227 5387 1288 5443 in
1320 5387 1635 5454 Hexaem.,
1665 5387 1756 5444 74.

669 5459 750 5526 (2)
780 5455 954 5523 lbid.,
979 5461 1070 5515 78.

669 5529 748 5593 {3)
776 5526 945 5595 lbid.,
969 5534 1060 5586 76.

666 5598 745 5734 (4;
776 5599 858 5652 Ex
882 5597 1052 5656 hom.
1083 5615 1180 5667 vii,
1203 5601 1518 5668 Ηρακλέα,
1550 5605 1640 5659 66.

666 5668 721 5734 (5
780 5669 1096 5723 Καταλοίϐοι.
1140 5673 1332 5734 Forte,
1365 5671 1633 5732 καταλάϐῃ

666 5668 745 5734 (5)
780 5669 1096 5723 Καταλάϐοι.
1140 5673 1332 5740 Forte,
1365 5671 1656 5732 καταλάϐῃ.
1690 5671 1844 5730 EDt’r.

2364 4671 2643 4744 ἠπλωμένα
2684 4677 2778 4730 τὴν
2848 4673 3174 4746 προθεσμίαν
3237 4665 3428 4735 dulci;
3485 4672 3552 4721 Οἰ
3619 4667 3896 4735 itane-'70?"

2363 4781 2440 4822 τες
2470 4762 2542 4832 (7)
2581 4766 2748 4828 τίνεςς
2781 4760 2938 4833 Ὁρᾷς
2986 4765 3078 4818 τὴν
3130 4761 3266 4812 Θείαν
3326 4755 3569 4820 διάταξιν
3622 4758 3775 4810 πάντα
3811 4749 3896 4802 κλει

2361 4859 2578 4925 ροῦσαν,
2642 4855 2732 4902 καὶ
2781 4847 2874 4902 δια
2912 4858 3010 4901 τῶν
3058 4851 3386 4924 μικροτάτων
3422 4845 3728 4906 διήκουσαν.
3773 4840 3896 4910 ’ἰχθύς

2363 4940 2457 4993 οὐκ
2513 4939 2761 5011 ἀντιλέγει
2817 4943 2954 5012 νόμῳ
3009 4946 3165 5006 Θεοῦ,
3216 4944 3304 4990 καὶ
3371 4939 3637 5011 ἄνθρωποι
3691 4931 3894 5002 σωπρὶω

2363 5025 2740 5102 διαταγμάτων
2815 5027 2910 5080 οὐκ
2969 5027 3284 5099 ἀνεχόμεθα.
3339 5030 3422 5084 Μὴ
3500 5027 3793 5096 καταφρόνει
3832 5022 3894 5066 τίη

2363 5117 2584 5190 ἰχθύων,
2614 5113 2793 5176 ἐπειδὴ
2831 5118 3028 5188 ἄφρονα
3072 5116 3148 5187 (8)
3179 5115 3429 5174 παντελῶς
3469 5120 3560 5166 καὶ
3601 5112 3783 5183 ὤργα·
3811 5102 3893 5156 ἀλλά

2360 5205 2521 5279 φοϐοῦ
2579 5211 2650 5279 μὴ
2715 5210 2806 5258 καὶ
2853 5208 3047 5258 τούτων
3105 5202 3419 5280 ἀλογώτερος
3479 5201 3567 5276 ᾖς,
3615 5211 3675 5274 τῇ
3725 5196 3890 5260 διατι-(ξ

2431 5389 2761 5466 (6)Βοριίαν.
2805 5386 2917 5466 sic
2948 5385 3309 5466 sc_ripsimus
3357 5399 3468 5459 pro
3525 5383 3752 5456 βορείην,
3778 5369 3895 5449 quod

2355 5457 2670 5530 legebatur
2692 5459 2754 5514 in
2780 5457 2972 5514 editis.
3006 5457 3085 5530 ιι).

2427 5527 2508 5602 (7)
2538 5536 2971 5603 Ξεναγωγοῡντες.
3004 5529 3348 5603 Οοῐιίθξῑυε,
3389 5527 3731 5597 ξεναγοῦντες.

2428 5603 2504 5674 (8)
2527 5602 2776 5676 Ἀφρονα.
2811 5604 3154 5669 Contextus,
3197 5602 3395 5673 ἄφωνα,
3425 5604 3620 5655 ηιαια.
