3900 6212
728 685 744 688 η
1326 546 2210 686 PBZEFATIO.
2372 449 2378 452 ”

237 865 304 932 IN
341 861 486 940 QUA
522 859 613 920 DE
645 841 996 918 PLUBIBUS
1032 842 1266 904 nasus
1306 837 1398 895 AD
1436 825 1846 892 DOCTRINAM
1888 824 1948 880 s.
1989 817 2236 877 BASILII
2269 804 2825 873 PERTINENTIBUS
2863 799 3307 870 ols’smrrua.

214 1165 327 1239 hoc
354 1175 632 1235 volumine
651 1168 1006 1228 continentur
1031 1154 1454 1233 praeclarissima
1485 1144 1724 1219 antiqui—

147 1278 274 1334 tatis
300 1274 676 1331 monumenta,
710 1262 770 1318 S.
803 1256 1157 1315 Basiliiliber
1179 1251 1256 1305 De
1289 1248 1494 1317 Spiritu
1518 1251 1724 1303 sancto,

152 1368 371 1438 ejusque
426 1357 706 1428 Epistola’.
760 1352 953 1421 Magna
1012 1359 1144 1438 sane
1191 1339 1486 1438 cujuslibet
1527 1335 1728 1438 loperi-s

152 1425 570 1515 commendatio,
605 1459 806 1502 nomen
839 1441 898 1496 S.
933 1437 1156 1498 Basilii;
1189 1447 1367 1502 neque
1391 1429 1537 1485 enim
1569 1425 1732 1495 quid-

151 1563 306 1620 quam
355 1545 429 1599 ab
466 1543 561 1596 illo
591 1536 811 1609 ingenio
842 1531 1166 1620 profectum,
1203 1523 1350 1620 quod
1392 1519 1630 1620 medium
1677 1524 1733 1620 et

151 1613 433 1694 tolerabile
455 1629 628 1685 videri
663 1625 858 1696 possit.
897 1621 1004 1676 Sed
1030 1619 1160 1673 libri
1206 1616 1282 1669 De
1312 1613 1517 1682 Spiritu
1551 1617 1733 1663 sancto

152 1743 215 1784 eo
238 1722 419 1794 majus
449 1719 711 1791 pretium,
749 1714 893 1784 quod
931 1726 1057 1767 eum
1093 1705 1330 1762 Basilius
1359 1711 1414 1758 et
1438 1703 1602 1794 longo
1630 1712 1733 1752 usu

154 1820 208 1874 in
257 1793 566 1872 baircsibus
616 1805 902 1864 vincendis
957 1801 1295 1857 exercitatus
1349 1793 1625 1862 suscepit,
1681 1797 1736 1844 et

153 1922 369 1966 Summo
415 1904 637 1965 studio,
689 1909 752 1954 ut
805 1900 860 1952 in
911 1906 1158 1965 tempore
1202 1887 1415 1960 magnis
1476 1885 1739 1939 doctrinas

153 1999 426 2075 praesidiis
475 1996 774 2065 indigente,
823 1988 1030 2043 invicta
1077 1982 1247 2038 animi
1282 1976 1661 2075 fortitudine,“
1681 1981 1741 2075 ut

153 2065 419 2148 adversus
450 2093 702 2158 potentes
738 2081 1043 2140 haereticos,
1089 2071 1451 2131 elucubravit.
1504 2070 1562 2124 In
1614 2065 1741 2134 Epi—

153 2183 307 2239 stolis
339 2180 402 2234 S.
432 2174 625 2231 Basilii
655 2181 813 2228 vetus
841 2167 1132 2238 disciplina
1167 2163 1448 2234 praeclaris
1478 2160 1742 2213 institutis

156 2286 214 2331 et
249 2271 556 2329 canonibus
578 2267 909 2328 illustratur,
947 2260 1176 2315 historia
1203 2255 1578 2312 ecclesiastica
1603 2251 1745 2306 dita-

159 2375 252 2424 tur
294 2363 448 2419 uberi
493 2372 548 2416 et
580 2359 806 2428 copiosa
849 2369 1031 2410 rerum
1081 2360 1356 2421 geSIarum
1394 2353 1596 2417 segete,
1635 2343 1745 2397 for-

161 2464 383 2513 nantur
409 2468 587 2508 mores
617 2449 840 2520 Optimis
869 2444 1173 2517 praeceptis,
1201 2449 1275 2504 et,
1309 2439 1451 2510 quod
1479 2444 1743 2507 praecepta

161 2549 319 2620 longe
360 2553 608 2616 superat,
652 2541 885 2610 depictis
915 2537 1035 2594 sine
1065 2545 1180 2588 arte
1208 2533 1423 2587 eximiis
1454 2529 1512 2585 S.
1558 2529 1742 2582 Basilii

158 2641 476 2698 virtutibus.
520 2637 709 2706 Neque
757 2635 922 2689 etiam
955 2626 1260 2701 spernenda
1290 2641 1411 2697 quae
1452 2625 1505 2676 in
1540 2638 1746 2692 appen-

160 2736 335 2790 dicem
371 2731 629 2800 conje‘cta
681 2734 832 2789 sunt,
876 2722 1065 2794 viginti
1116 2728 1351 2791 quatuor
1397 2717 1672 2771 orationes
1716 2729 1747 2767 a

161 2824 420 2884 Simeone
456 2821 758 2892 Logotheta
806 2814 963 2872 ex'S.
996 2811 1392 2868 Basiliiverbis
1421 2821 1476 2865 et
1523 2817 1746 2864 senten.‘

161 2909 250 2972 liis
298 2919 655 2976 constructae,
712 2918 765 2964 ct
815 2909 950 2962 liber
990 2905 1069 2960 De
1124 2904 1425 2974 virginitate
1469 2907 1747 2954 auctorem

163 3005 376 3060 habens
418 3002 743 3073 episcopum
800 2996 859 3052 S.
908 2995 1110 3051 Basilio
1162 2994 1426 3065 aequalem
1471 2992 1558 3046 vel
1603 2995 1750 3046 certe

163 3112 481 3170 supparem.

235 3187 346 3243 Sed
375 3203 490 3256 quo
525 3183 701 3254 pluris
740 3179 878 3234 ﬁunt
910 3178 1028 3233 haec
1062 3183 1437 3242 monumenta,
1482 3191 1548 3231 eo
1579 3175 1752 3245 magis

165 3278 466 3334 verendum
513 3289 580 3327 ne
618 3271 834 3342 longior
883 3283 1037 3322 mora
1084 3266 1336 3338 pluribus
1377 3265 1750 3334 displicuerit;

163 3381 219 3427 et
254 3369 390 3440 quia
424 3376 552 3422 octo
588 3377 856 3418 annorum
891 3359 1181 3416 intervallo
1223 3357 1408 3428 prodit
1460 3358 1564 3412 hoc
1593 3357 1749 3410 volu-

164 3479 312 3529 men,
353 3461 542 3514 minus
592 3471 738 3511 cura:
772 3453 1029 3508 habuisse
1075 3452 1353 3521 publicum
1408 3449 1754 3504 commodum

163 3554 478 3609 videamur.
531 3547 651 3603 Non
698 3554 880 3600 tamen
917 3544 1268 3614 negligentia.
1305 3543 1401 3598 sed
1431 3543 1758 3597 necessaria:

165 3659 348 3700 causa?
379 3655 570 3697 moras
603 3642 924 3694 attulerunt.
957 3634 1091 3688 Nam
1122 3636 1371 3690 eruditus
1409 3635 1634 3698 sodalis,
1663 3633 1758 3704 qui

161 3737 515 3792 edendorum
561 3732 737 3786 sancti
773 3730 962 3785 Basilii
1007 3745 1234 3798 operum
1269 3743 1458 3782 curam
1492 3729 1756 3796 suscepit,

1753 1147 1799 1204 Α
1825 1149 1880 1198 et
1908 1139 2091 1210 operae
2121 1129 2545 1203 impendendum
2573 1126 2759 1190 fuerit,
2789 1136 2897 1180 nan
2930 1124 3152 1196 quidem
3185 1122 3242 1178 in
3265 1113 3416 1180 e'voi-

1829 1232 2020 1289 vendis
2075 1227 2360 1284 codicibus
2416 1239 2550 1279 mss.
2611 1220 2816 1293 (collati
2866 1218 3012 1274 enim
3071 1233 3197 1272 cum
3251 1219 3416 1274 editis

1834 1325 2051 1381 fuerant
2083 1319 2332 1391 diligenti
2379 1333 2567 1378 manu,
2620 1322 2849 1384 excepto
2891 1319 3078 1366 tamen
3107 1310 3415 1377 llarlreano,

1839 1417 1934 1489 q'ui
1965 1429 2092 1470 cum
2123 1412 2380 1467 Medicaeo
2409 1417 2464 1464 et
2509 1406 2850 1462 Coisliniano
2879 1405 3175 1458 maximum
3207 1405 3420 1459 exstitit

1834 1503 2192 1580 praesidium),
2227 1500 2320 1557 sed
2352 1501 2407 1554 in
2441 1499 2563 1553 aliis
2605 1497 2794 1564 rebus,
2838 1510 2961 1566 qua:
2991 1495 3060 1548 ad
3100 1495 3420 1549 accuratam

1835 1596 2128 1652 editionem
2162 1589 2488 1647 necessariae
2519 1598 2668 1646 sunt.
2703 1586 3006 1657 praesertim
3045 1585 3103 1640 in
3125 1584 3425 1655 disponen-

1836 1685 1922 1739 dis
1966 1683 2158 1738 ordine
2203 1680 2589 1749 chronologico
2639 1676 2911 1749 epistolis,
2947 1676 3004 1729 in
3039 1675 3425 1730 concinnanda

1838 1774 1898 1830 S.
1951 1772 2147 1828 Basilii
2204 1770 2350 1836 Vita,
2403 1770 2631 1840 ejusque
2665 1767 3002 1838 explananda
3049 1765 3321 1831 doctrina,
3370 1767 3424 1821 id

1839 1865 1984 1936 quod
2012 1865 2124 1934 jam
2157 1863 2338 1927 nobis,
2370 1863 2540 1917 misso
2563 1860 2796 1931 longiori
2825 1859 3070 1924 exordio,
3101 1859 3429 1930 aggredieno

1841 1956 1970 2009 dum
2002 1962 2105 2010 est.

2585 2059 2690 2134 §I.

1845 2180 1889 2235 l.
1933 2178 1992 2233 S.
2051 2179 2289 2232 Basilius
2327 2177 2500 2230 minus
2549 2174 2817 2231 commode
2866 2177 3242 2245 interpretatur
3292 2173 3428 2230 illud

1916 2249 2103 2318 synodi
2157 2249 2410 2311 Nicmna’,
2454 2263 2520 2301 ex
2561 2249 2663 2300 alia
2711 2249 2952 2301 essentia
2999 2257 3092 2302 aut
3124 2249 3424 2318 liypostasi.

1920 2319 1982 2374 ll.
2029 2319 2132 2373 Sed
2180 2321 2363 2372 merito
2395 2327 2548 2386 negat
2580 2333 2740 2370 unam
2781 2319 2837 2371 in
2868 2317 3035 2388 tribus
3065 2320 3300 2386 personis
3332 2319 3429 2388 Ity-

1919 2393 2176 2458 postusim
2216 2407 2247 2441 a
2291 2388 2490 2458 synodo
2537 2388 2848 2441 admissam.
2902 2387 3015 2457 Ipsi
3061 2388 3222 2441 etiam
3267 2387 3428 2440 trium

1918 2463 2277 2529 [typostasmm
2323 2461 2806 2529 defensores__sa?pe
2845 2458 3170 2528 [typostasim
3214 2474 3309 2526 pro
3346 2475 3430 2512 es-

1919 2527 2089 2584 sentia
2151 2540 2386 2582 sumunt.
2456 2527 2539 2581 lll.
2608 2527 2834 2581 Novitas
2888 2527 3429 2597 iuniusiltypostasis.

1919 2599 2006 2653 IV.
2051 2601 2176 2654 Tres
2208 2601 2515 2670 hypostases
2548 2599 2995 2670 apudscriptores
3033 2596 3258 2670 Nictcna
3303 2615 3432 2668 sym-

1919 2673 2017 2725 odo
2063 2667 2405 2740 antiquiores.
2453 2669 2518 2725 V.
2564 2667 2986 2740 Quid_synodus
3047 2667 3272 2723 Nicwna
3313 2667 3435 2723 sen-

1918 2743 2045 2796 serit
2075 2757 2138 2793 ex
2184 2737 2244 2794 δ.
2281 2740 2589 2792 Alexandro
2619 2754 2666 2791 et
2709 2737 2768 2794 S.
2788 2737 3098 2792 Athanasio
3137 2749 3430 2808 spectatur.

1923 2809 2008 2867 Vl.
2063 2810 2485 2865 Occidentalium
2536 2810 2797 2862 sententia
2842 2809 2907 2862 de
2956 2810 3248 2878 ltypostasi.
3316 2810 3434 2874 Quo

1920 2899 2077 2938 sensu
2105 2880 2284 2935 eadem
2321 2896 2420 2933 vox
2449 2891 2710 2948 usurpata
2744 2881 2796 2932 in
2828 2881 3175 2934 swcularibus
3214 2879 3435 2935 scholis.

1924 3016 1966 3074 1.
2022 3014 2256 3070 Sanetus
2291 3013 2547 3078 Basilius,
2582 3023 2643 3069 ut
2673 3021 2791 3070 erat
2814 3014 3115 3070 acerrimus
3151 3015 3317 3069 trium
3348 3014 3442 3085 hy-

1854 3109 2156 3180 postasium
2202 3105 2480 3170 defensor,
2524 3108 2658 3161 dare
2699 3107 2874 3161 noluit
2919 3106 3248 3164 adversariis
3301 3107 3440 3173 suis,

1853 3217 2042 3256 vocem
2075 3198 2388 3270 hypostasis
2416 3198 2608 3252 eodem
2653 3213 2818 3253 sensu
2844 3213 2907 3253 ac
2930 3199 3227 3253 essentiam
3260 3213 3290 3251 a
3321 3214 3445 3270 syn-

1853 3300 1958 3353 odo
2001 3296 2217 3351 Nicaena
2265 3301 2582 3364 usurpatam
2635 3292 2822 3348 fuisse.
2873 3292 3090 3348 Belcllit
3123 3293 3311 3350 Basilii
3367 3296 3446 3349 in-

1858 3388 2306 3460 terpretationem
2331 3385 2586 3440 Petavius
2610 3387 2709 3458 (I),
2732 3401 2965 3456 eamque
2987 3385 3092 3441 hoc
3122 3398 3446 3458 argumento

1857 3483 2162 3552 impugnat,
2215 3478 2352 3550 quod
2385 3481 2477 3550 qui
2520 3480 2610 3534 isti
2656 3478 2857 3549 synodo
2910 3479 3194 3549 interfuere
3244 3479 3440 3535 Patres

1859 3571 2048 3640 aliqui,
2081 3581 2170 3624 aut
2195 3570 2356 3640 paulo
2375 3579 2514 3624 certe
2531 3581 2712 3638 postea
2740 3570 3058 3639 ﬂoruerunt,
3087 3583 3199 3624 tum
3226 3571 3439 3626 collecti

1861 3663 1984 3716 aliis
2013 3663 2066 3716 in
2100 3661 2341 3731 synodis,
2377 3671 2487 3714 tum
2526 3663 2746 3716 seorsim
2780 3661 2978 3732 singuli
3020 3663 3317 3717 ὑπόστασιν
3351 3679 3448 3732 pro

1863 3755 2022 3825 οὐσίᾳ
2046 3763 2379 3820 sumpserunt
2411 3769 2430 3806 :
2459 3753 2598 3824 quod
2643 3771 2912 3825 nunquam
2954 3754 3223 3824 fecissent,
3255 3757 3302 3809 si
3333 3773 3452 3810 con-

161 3828 274 3902 iam
321 3826 481 3898 ετενῑ
529 3823 854 3895 aegritudine
893 3827 1353 3915 θοττβῐξωδ-θτέίν
1403 3835 1526 3872 cum
1549 3835 1761 3915 _sec“_"’
1788 3834 1831 3892 (ἶ
1867 3847 2094 3899 trarium
2123 3845 2266 3914 apud
2294 3844 2538 3900 Nicaeam
2568 3858 2689 3901 ante
2723 3846 2990 3915 fecissent.
3024 3846 3141 3901 Duo
3169 3849 3451 3902 continen-

171 3921 297 3974 dum
337 3919 601 3974 volumen
635 3916 689 3969 in
738 3916 916 3968 lucem
965 3912 1154 3969 edidit.
1190 3912 1516 3968 Defunctum
1549 3912 1651 3965 hoc
1681 3913 1760 3965 la-

174 4011 300 4066 bore
335 3995 618 4079 cupiditas
646 4008 784 4062 bene
811 4007 879 4061 de
915 4020 974 4059 re
1000 4005 1372 4059 ecclesiastica
1407 4014 1460 4058 et
1495 4004 1762 4058 litteraria

174 4099 416 4156 merendi
446 4098 722 4161 incitavit,
741 4106 801 4151 ut
829 4097 1046 4152 tertium
1081 4105 1286 4150 tomum
1315 4105 1654 4167 repugnante
1670 4113 1763 4150 va-

171 4187 420 4246 letudine
450 4197 692 4260 pararet.
745 4187 851 4243 Sed
898 4188 1190 4259 languidos
1235 4197 1466 4244 conatus
1512 4190 1765 4260 ingraveu

168 4299 338 4340 scens
374 4281 603 4336 morbus
628 4281 866 4350 abrupit,
899 4281 1100 4352 vixque
1129 4281 1416 4335 dimidium
1449 4281 1765 4350 interpreta-

168 4377 346 4431 tionis
398 4390 511 4428 suae
560 4381 993 4437 retractaverat,
1038 4375 1304 4444 appositis
1339 4390 1370 4428 e
1418 4371 1767 4428 Tillemontio

170 4470 463 4526 historicis
493 4470 659 4533 notis,
685 4484 847 4539 quas,
887 4469 1101 4537 abjecto
1147 4467 1451 4524 scribendae
1483 4467 1542 4522 δ.
1573 4467 1770 4521 Basilii

182 4563 324 4617 Viti:
357 4563 616 4627 consilio,
668 4561 1014 4616 necessarias
1063 4559 1336 4626 ducebat;
1383 4561 1490 4624 vix,
1523 4562 1766 4630 inquam,

172 4654 295 4710 haec
338 4662 662 4716 navaverat,
705 4667 830 4707 cum
862 4654 1007 4709 vires
1053 4654 1272 4725 penitus
1307 4653 1647 4717 defecerunt,
1703 4669 1768 4708 ac

174 4748 404 4801 tandem
453 4746 599 4815 piam
633 4753 686 4797 et
715 4745 1045 4800 laudabilem
1077 4747 1246 4800 vitam
1277 4747 1514 4816 pretiosa
1549 4746 1602 4798 in
1636 4761 1770 4800 con-

171 4853 380 4916 spectu
432 4842 650 4896 Domini
697 4851 872 4898 morte
913 4844 1188 4897 conclusit
1234 4858 1380 4896 anno
1425 4841 1584 4905 I725,
1619 4843 1706 4896 die
1738 4843 1773 4896 '5

170 4935 353 4992 Junii.
393 4935 478 4989 Ad
513 4934 868 5000 desiderium,
903 4936 1052 5006 quod
1095 4935 1244 4991 illius
1292 4935 1555 4990 virtutum
1606 4946 1773 4990 orna-’-

172 5035 370 5086 lnenta
402 5027 651 5083 omnium
698 5033 946 5082 nostram
978 5027 1178 5083 animis
1221 5028 1592 5092 incusserunt,
1641 5027 1774 5082 illud

175 5119 426 5176 accessit
455 5116 744 5183 molestiae,
768 5127 829 5172 ut
857 5133 997 5188 opus
1027 5117 1097 5172 ab
1123 5117 1355 5173 eruditis
1375 5127 1773 5188 exspectatum,

176 5211 444 5281 quodque
488 5209 652 5264 multi
697 5224 804 5264 iere
851 5223 952 5264 suo
981 5208 1306 5278 jamdudum
1338 5219 1607 5276 emerant,
1665 5225 1779 5266 non

178 5293 373 5355 tamen
422 5300 540 5355 cito
590 5291 783 5355 eorum
829 5298 1086 5354 manibus
1135 5305 1190 5354 et
1233 5298 1458 5370 judiciis
1509 5300 1778 5355 committi

179 5402 399 5466 posset.
416 5392 540 5449 1am
571 5394 717 5448 enim
735 5391 1243 5465 quisqueintelligit
1274 5400 1539 5453 quantum
1567 5394 1776 5452 laboris

257 5551 338 5624 (ί)
375 5550 496 5610 Lib.
534 5567 588 5607 tv
621 5550 699 5606 De
732 5553 902 5616 Trin.,
933 5569 1054 5621 cap.
1091 5556 1139 5608 Ι.

510 5648 791 5723 Damon.
821 5653 944 5712 (in.
991 5652 1266 5718 XXXII.

1869 3949 1962 3990 tur
1994 3937 2094 3990 hac
2123 3936 2331 3992 Petavii
2379 3939 2674 4004 sententia,
2708 3955 2831 4009 qua:
2869 3939 3026 3994 nobis
3066 3938 3450 4009 distinguenda

1865 4038 2016 4094 sunt,
2055 4030 2306 4098 quamvis
2352 4029 2469 4098 ipse
2512 4045 2622 4084 non
2669 4032 3012 4101 distinguat:
3045 4046 3173 4085 nam
3214 4047 3322 4086 non
3369 4047 3453 4086 so-

1864 4123 1976 4175 lum
2022 4121 2318 4174 ὑπόστσισιν
2361 4137 2461 4192 pro
2492 4121 2650 4194 οὐσίᾳ
2683 4132 2959 4193 sumptam
3000 4139 3030 4177 a
3077 4122 3316 4178 Nicacnis
3346 4121 3454 4177 Pa-

1865 4216 2046 4270 tribus
2079 4216 2183 4269 hoc
2228 4215 2351 4269 loco
2386 4214 2579 4275 fuisse.
2617 4217 2713 4270 sed
2755 4217 2919 4270 etiam
2955 4231 3121 4270 unam
3172 4217 3226 4270 in
3276 4217 3456 4272 tribus

1867 4305 2120 4375 personis
2165 4305 2505 4376 hypostasim
2564 4307 2632 4360 ab
2687 4306 2790 4359 hac
2837 4304 3048 4376 synodo
3099 4313 3155 4359 et
3206 4306 3276 4360 ab
3333 4306 3457 4359 aliis

1867 4413 2008 4465 quos
2047 4397 2181 4450 citat
2236 4395 2492 4454 Patribus
2544 4397 2844 4452 admissam
2889 4397 3193 4452 contendit.
3243 4395 3460 4450 Exami-

1867 4487 2109 4542 nandum
2144 4500 2274 4556 ergo
2307 4488 2465 4542 nobis
2494 4493 2580 4541 est
2623 4502 2689 4542 an
2740 4488 2977 4543 Basilius
3020 4487 3075 4542 in
3107 4497 3344 4558 utroque
3382 4503 3462 4541 re-

1870 4577 2293 4648 prehendendus
2337 4580 2427 4644 sit,
2472 4585 2528 4633 et
2561 4579 2706 4650 quod
2757 4580 3095 4652 hypostasim
3139 4581 3196 4635 in
3243 4581 3349 4635 ﬁde
3375 4579 3462 4633 Ni-

1873 4681 2025 4725 czena
2073 4671 2215 4725 idem
2256 4670 2438 4726 valere
2470 4687 2532 4727 ac
2573 4673 2895 4737 essentiam,
2937 4681 2992 4726 et
3021 4673 3168 4742 quod
3213 4688 3374 4726 unam
3405 4674 3461 4726 in

1875 4762 2056 4817 tribus
2113 4761 2366 4832 personis
2411 4762 2752 4834 bypostasim
2815 4779 2845 4817 a
2903 4763 3113 4834 synodo
3163 4763 3462 4820 admissam

1876 4850 2048 4907 fuisse
2082 4853 2383 4923 negaverit.

1951 4941 2130 4999 Locus
2151 4959 2218 4999 ex
2245 4960 2355 5014 quo
2389 4945 2704 5016 ambigendi
2741 4954 2864 4999 nata
2901 4947 3148 5009 materia,
3182 4946 3378 5015 legitur
3408 4946 3462 5000 in

1883 5033 2004 5089 ﬁdei
2070 5034 2307 5090 formula
2355 5037 2424 5092 ab
2481 5035 2804 5102 Eustathio,
2856 5038 3171 5107 postulante
3235 5029 3460 5101 Basilio,

1889 5125 2224 5197 subscripta,
2255 5143 2376 5199 quae
2399 5135 2486 5185 est
2513 5129 2744 5200 epistola
2775 5128 2898 5194 I25,
2930 5129 3059 5183 olim
3085 5127 3152 5182 78
3185 5127 3328 5183 inter
3361 5117 3464 5180 Ba-

1888 5217 2138 5276 silianas.
2169 5221 2248 5276 lbi
2277 5220 2573 5277 Sabelliani
2620 5220 2708 5276 his
2749 5220 2944 5293 synodi
2979 5219 3160 5277 verbis
3202 5220 3354 5276 abuti
3379 5220 3464 5274 dl-

1886 5319 2123 5364 cuntur:
2173 5311 2299 5366 Ἐὰν
2327 5312 2384 5366 δέ
2413 5329 2498 5378 τις
2534 5311 2665 5384 λέγῃ
2701 5310 2762 5376 ἐξ
2805 5312 2997 5386 ἑτέρας
3027 5311 3213 5376 οὐσίας
3253 5311 3287 5382 ἦ
3327 5311 3462 5364 ὑπο-

1889 5401 2130 5466 στάσεως
2181 5403 2271 5459 τδν
2319 5404 2448 5460 Υιὺν
2536 5403 2924 5474 haesitavit“
2980 5405 3019 5475 ἡ
3052 5402 3316 5459 uellantur
3370 5401 3466 5458 καὶ

3184 5645 3220 5717 1
