3900 6212
514 316 579 372 ει
1909 313 2305 370 ΡΠᾸΞΡΑΤΙΟ.
3679 320 3747 375 12

507 430 839 501 ἁποστολικὴ
878 426 1171 500 Ἐκκλησία
1204 447 1216 483 :
1262 426 1322 483 Si
1363 444 1481 483 vero
1505 427 1764 498 quispiam
1794 425 1984 481 dixerit
2012 444 2061 481 ea

2179 442 2277 495 pro
2313 428 2549 481 essentia
2583 425 2688 480 hoc
2734 426 2856 482 loco
2903 427 3159 497 sumpsit,
3202 443 3310 482 non
3347 428 3553 485 idcirco
3584 446 3746 486 unam

508 524 623 577 alia
653 522 882 577 essentia
920 531 1013 575 aut
1045 521 1315 590 iiypostasi
1361 518 1563 574 Filium
1598 537 1731 582 esse,
1779 537 1897 574 eum
1947 538 2080 574 ana-

509 616 736 669 themate
757 613 876 683 [erit
905 611 1167 666 catholica
1192 619 1241 663 et
1265 611 1555 679 apostolica
1589 610 1843 664 Ecclesia.
1875 609 2079 666 Deinde

508 707 764 761 additur:
800 705 876 758 Οὐ
907 704 1017 774 γὰρ
1045 704 1241 757 ταυτὸν
1279 698 1432 756 εἷπον
1459 704 1573 756 ἐκεῖ
1606 703 1793 783 οὐσίαν
1820 703 1914 756 καὶ
1941 702 2076 754 ὑπό-

509 813 718 851 στασιν.
750 795 813 848 Εἰ
841 794 951 866 γὰρ
1000 793 1127 864 μίαν
1157 793 1251 847 καὶ
1276 792 1376 863 τὴν
1409 792 1579 864 αὐτὴν
1615 792 1833 864 ἐδήλουν
1871 794 2077 845 ἔννοιαν

505 885 564 939 αἱ
589 883 783 954 φωναὶ,
824 881 908 946 τίς
938 881 1097 953 χρεία
1137 878 1205 953 ἦν
1244 881 1548 953 ὲκατέρων;
1602 880 1762 935 Ἀλλὰ
1790 881 1945 952 δῆλον
1972 882 2073 944 ὅτι,

503 977 579 1040 ὡς
608 975 715 1028 τῶν
752 974 850 1045 μὲν
882 972 1231 1043 ἀρνουμένων
1259 972 1322 1026 τὸ
1353 974 1416 1025 ὲκ
1443 973 1545 1043 τῆς
1585 974 1771 1038 οὐσίας
1809 971 1949 1027 εἶναι
1982 974 2074 1027 τοῦ

503 1066 736 1138 Πατρὸς,
768 1065 877 1119 τῶν
913 1065 972 1120 δὲ
1009 1064 1295 1134 λεγόντων,
1326 1063 1449 1119 οὐτε
1489 1066 1555 1118 ὲκ
1593 1067 1693 1137 τῆς
1721 1065 1926 1130 οὐσίας,
1961 1066 2075 1121 ἀλλ’

500 1160 562 1225 ἐξ
611 1158 778 1229 ἄλλης
810 1157 956 1221 τινδς
1010 1156 1383 1223 ὑποστάσεως,
1429 1155 1602 1221 οὑτως
1650 1158 1954 1228 ἀμφότερα,
1999 1158 2077 1221 ὡς

498 1250 754 1321 ἀλλότρια
776 1248 870 1302 τοῦ
900 1248 1354 1321 ἐκκλησιαστικοῦ
1382 1251 1549 1320 φρονή
1558 1266 1745 1320 ματος,
1765 1251 2074 1321 ἀπηγόρευ-

498 1358 597 1395 σαν
615 1358 628 1371 ·
671 1341 793 1394 ἐπεὶ
822 1340 1023 1408 ὅπουγε
1049 1340 1110 1393 τὸ
1145 1339 1355 1393 ἑαυτῶν
1379 1340 1595 1412 ἐδήλουν
1622 1342 1895 1413 φρόνημα,
1923 1341 2073 1396 εἷπον

496 1433 562 1486 ὲκ
592 1432 692 1503 τῆς
722 1431 909 1495 οὐσίας
939 1430 1034 1485 τοῦ
1063 1430 1277 1502 Πατρδς
1296 1431 1385 1486 τὸν
1416 1432 1570 1485 Υἱόν·
1602 1432 1785 1485 οὐκέτι
1816 1432 2075 1504 προσθέν-

493 1541 588 1588 τες
633 1526 728 1577 καὶ
770 1524 852 1581 τὸ.
890 1525 954 1576 ὲκ
999 1522 1100 1594 τῆς
1151 1523 1520 1587 ὑποστάσεως.
1572 1523 1696 1578 Νοη
1744 1526 1881 1578 enim
1937 1524 2073 1578 idem

494 1612 740 1666 dixerunt
779 1612 892 1665 illic
926 1611 1212 1665 essentiam
1259 1622 1307 1665 et
1354 1610 1706 1681 hypostasim.
1763 1608 1972 1663 Etenim
2023 1611 2072 1663 si

492 1721 603 1759 una
644 1713 695 1758 et
740 1702 923 1758 eadem
973 1704 1119 1757 notio
1170 1702 1409 1773 subjecta
1464 1703 1710 1767 vocibus,
1757 1701 1882 1773 quid
1940 1718 2070 1771 opus

492 1808 608 1853 erat
662 1798 934 1866 utraque?
997 1794 1101 1851 Sed
1155 1796 1485 1864 perspicuum
1534 1806 1634 1861 est,
1691 1796 1813 1848 aliis
1858 1794 2066 1865 quidem

493 1886 743 1960 (Filium)
780 1902 845 1941 ea:
896 1885 1073 1939 Patris
1123 1887 1354 1939 essentia
1399 1901 1510 1940 esse
1560 1885 1899 1955 negantibus,
1943 1884 2066 1938 aliis

491 1996 610 2035 vero
643 1995 802 2048 neque
827 1993 892 2033 ea:
912 1976 1140 2031 essentia
1167 1992 1300 2039 esse,
1330 1975 1420 2030 sed
1450 1992 1514 2031 ea:
1555 1976 1734 2048 aliqua
1768 1976 1879 2029 alia
1906 1975 2069 2046 hypo-

491 2071 624 2125 stasi
652 2068 965 2135 dicentibus,
995 2068 1116 2123 illos
1139 2068 1217 2122 ita
1245 2066 1455 2122 demum
1479 2076 1751 2137 utramque
1773 2068 2067 2135 opinionem

492 2173 744 2233 tanquam
770 2177 804 2215 a
836 2164 1095 2215 sententia
1135 2159 1495 2214 ecclesiastica
1527 2157 1757 2231 alienam
1802 2157 2065 2227 rejecisse.

490 2253 639 2308 Nam
683 2252 774 2307 ubi
826 2268 979 2306 suam
1026 2252 1264 2320 ipsorum
1321 2249 1666 2305 declarabant
1713 2250 2065 2313 sententiam,

488 2347 739 2401 dixerunt
787 2361 852 2399 ex
889 2344 1119 2399 essentia
1174 2341 1356 2396 Patris
1408 2339 1637 2409 Filium,
1683 2356 1786 2395 non
1840 2340 2064 2408 amplius

488 2434 796 2505 adjicientes
827 2432 985 2495 illud,
1013 2446 1079 2486 ea:
1105 2432 1393 2502 hypostasi.

562 2526 680 2581 Non
716 2525 877 2580 facile
908 2533 993 2580 est
1019 2532 1264 2579 statuere
1292 2536 1562 2594 quosnam
1593 2520 1880 2576 haereticos
1913 2518 2066 2573 Basi-

490 2615 622 2681 lius,
663 2614 735 2671 ob
762 2612 884 2669 Filii
932 2614 1194 2685 originem
1239 2628 1308 2669 ex
1339 2612 1442 2667 alia
1474 2626 1639 2683 quam
1683 2610 1859 2666 Patris
1893 2611 2063 2682 hypo-

492 2707 626 2763 stasi
676 2706 988 2771 deductam,
1027 2722 1058 2760 a
1113 2711 1322 2778 synodo
1361 2714 1578 2760 notatos
1625 2705 1789 2760 dicat.
1845 2702 2067 2757 Videtur

490 2800 578 2854 vel
626 2798 1036 2877 Valentini-anns
1080 2798 1288 2863 dicere,
1346 2807 1406 2852 ut
1457 2797 1738 2854 existimat
1785 2794 2063 2858 Petavius,

493 2892 590 2962 qui
624 2907 690 2947 ex
720 2892 983 2946 collatitia
1016 2892 1160 2947 velut
1201 2890 1341 2962 stipe
1372 2890 1440 2944 ab
1482 2889 1729 2945 monibus
1770 2888 2064 2943 conﬂatum

488 3000 613 3041 esse
639 2982 826 3039 Jesum
859 2985 1212 3050 asserebant;
1262 2983 1346 3038 vel
1398 2983 1699 3052 generatim
1747 2981 2062 3043 Gnosticus,

2180 520 2235 573 in
2268 521 2450 573 tribus
2480 520 2730 589 personis
2773 519 3109 590 hypostasim
3145 519 3435 576 admisisse
3465 540 3479 577 :
3511 532 3620 578 tres
3650 538 3749 579 au-

2179 615 2289 661 tem
2322 608 2646 677 bypostascs
2677 624 2890 679 semper
2922 610 2975 663 in
3020 608 3266 674 Oriente,
3294 612 3487 667 saltem
3529 629 3559 668 a
3590 613 3745 670 Nocti

2181 699 2557 768 temporibus,
2606 714 2822 755 summo
2880 715 3151 755 consensu
3205 702 3463 772 viguisse.
3526 703 3749 761 Petavio

2180 791 2557 843 assentiuntur
2588 792 2677 844 alii
2709 791 2969 860 theologi,
3006 792 3058 844 in
3092 793 3283 862 primis
3323 793 3742 860 Thomassinus,

2179 880 2272 950 qui
2318 880 2373 935 in
2420 882 2563 937 libro
2607 884 2770 937 tertio
2799 882 2876 937 De
2907 884 3274 938 incarnatione
3319 884 3492 951 Verbi,
3536 901 3653 955 cap.
3687 888 3743 951 1,

2176 973 2477 1034 contendit,
2502 989 2603 1026 non
2627 974 2730 1028 nisi
2757 984 3051 1028 senescente
3071 987 3257 1045 quarto
3283 976 3530 1034 Ecclesia:
3553 982 3744 1035 steculo

2176 1064 2473 1133 hypostasis
2498 1081 2681 1119 nomen
2712 1065 2776 1118 ab
2808 1067 2928 1119 usia
2948 1084 3038 1120 seu
3063 1070 3290 1122 essentia
3319 1069 3745 1126 discriminatum

2176 1171 2307 1219 esse,
2330 1154 2493 1225 idque
2521 1156 2700 1211 allatis
2723 1157 2915 1227 synodi
2945 1157 3176 1214 Nicamte
3207 1168 3261 1215 et
3286 1159 3571 1218 Athanasii
3600 1164 3745 1219 testi-

2175 1247 2375 1302 moniis
2415 1245 2627 1302 eﬁicere
2656 1257 2906 1301 conatur.

2246 1337 2308 1391 11.
2351 1338 2557 1393 Fucum
2592 1340 2932 1397 doctissimis
2962 1342 3096 1398 viris
3120 1342 3248 1398 fecit
3280 1344 3587 1415 hypostasis
3620 1351 3743 1404 voci

2175 1429 2421 1499 subjecta
2454 1431 2726 1485 interdum
2758 1433 3010 1487 essentia:
3047 1434 3408 1503 signiﬁcatio;
3443 1450 3497 1492 et
3527 1442 3742 1508 quoties

2172 1519 2358 1575 vident
2407 1522 2549 1591 apud
2600 1524 2853 1593 antiquos
2911 1524 3208 1593 scriptores
3255 1527 3591 1597 hypostasim
3637 1532 3741 1587 hoc

2174 1602 2339 1661 sensu
2373 1609 2649 1678 usurpari,
2683 1610 2808 1664 inde
2830 1612 3168 1667 concludunt
3197 1631 3359 1669 unam
3385 1618 3469 1673 his
3506 1620 3745 1689 scripto-

2173 1696 2327 1752 ribus
2350 1697 2683 1769 hypostasim
2715 1701 2952 1771 placere.
2979 1704 3048 1756 At
3077 1704 3371 1775 plurimum
3403 1721 3590 1778 peccat
3623 1711 3742 1767 haec

2172 1790 2401 1845 rationis
2438 1792 2739 1848 conclusio.
2773 1795 2907 1848 Nam
2939 1796 3103 1849 trium
3136 1797 3514 1868 hypostasium
3539 1804 3744 1857 acerri-

2169 1896 2292 1936 mus
2318 1881 2576 1938 defensor
2608 1884 2843 1940 Basilius
2884 1901 3027 1956 saepe
3070 1887 3404 1958 hypostasim
3440 1890 3541 1945 hoc
3573 1908 3743 1947 sensu

2167 1970 2488 2041 accipit.Ait
2511 1972 2720 2028 inlibro
2747 1974 2819 2027 De
2846 1973 3049 2044 Spiritu
3072 1987 3278 2041 sancto,
3305 1993 3429 2048 cap.
3456 1980 3541 2044 16,
3566 1996 3616 2049 p.
3646 1982 3737 2047 '53,

2172 2062 2435 2134 Spiritum
2470 2076 2721 2120 sanctum
2757 2070 2985 2138 gratiam
3022 2084 3177 2125 suam
3216 2071 3466 2126 conferre
3506 2075 3738 2140 angelis,

2168 2152 2263 2218 Εἰς
2277 2154 2368 2207 τὸν
2387 2155 2734 2227 ἀπαρτισμὸν
2751 2161 2848 2212 καὶ
2863 2158 3256 2230 συμπλήρωσιν
3280 2161 3374 2231 τῆς
3391 2163 3740 2228 ὑποστάσεως

2167 2246 2376 2312 αὐτῶν,
2415 2245 2480 2301 1η
2510 2248 2604 2302 hoc
2631 2259 2690 2303 ut
2722 2252 3027 2320 perﬁciatur
3060 2253 3480 2327 compleaturgne
3523 2257 3739 2311 illorum

2165 2333 2485 2390 substantia.
2525 2335 2643 2392 Non
2688 2347 2865 2408 potest
2915 2340 3020 2396 hoc
3062 2343 3183 2397 loco
3244 2345 3540 2409 ὑπόστασις
3580 2348 3743 2403 aliter

2167 2426 2341 2497 accipi
2367 2442 2431 2483 ac
2458 2429 2636 2485 οὐσία.
2678 2430 2819 2487 Hinc
2848 2433 2904 2488 in
2934 2435 3124 2489 eodem
3165 2438 3361 2506 capite,
3398 2454 3451 2509 p.
3491 2439 3579 2506 5‘3,
3611 2456 3741 2494 san-

2166 2519 2328 2574 ctitas
2372 2520 2571 2575 dicitur
2612 2538 2736 2578 esse
2777 2534 2931 2579 eastra
2978 2525 3335 2581 substantiam
3376 2531 3689 2600 angelorum
3716 2570 3735 2596 ,

2166 2608 2363 2674 ἔξωθεν
2407 2611 2505 2683 τῆς
2550 2613 2771 2680 οὐσίας,
2816 2619 2944 2685 quia
2991 2618 3335 2673 sanctitatem
3385 2621 3659 2690 accipiunt
3700 2637 3737 2676 a

2169 2700 2375 2771 Spiritu
2414 2716 2605 2759 sancto
2628 2746 2653 2775 ,_
2690 2722 2792 2761 nec
2828 2722 2949 2762 eam
2991 2724 3022 2762 a
3071 2724 3171 2765 sua
3224 2710 3466 2781 ipsorum
3500 2713 3738 2767 eSsentia

2167 2790 2389 2850 habent.
2436 2793 2698 2850 Similiter
2735 2798 2829 2853 lib.
2874 2815 2908 2853 ν
2949 2800 3198 2855 adversus
3240 2802 3492 2867 Eunom.,
3524 2821 3576 2875 p.
3607 2805 3738 2870 5'21,

2166 2884 2346 2941 omnis
2394 2886 2703 2942 substantia
2744 2890 3020 2959 justorum
3062 2907 3094 2946 a
3149 2892 3352 2964 Spiritu
3405 2896 3739 2952 sanctiﬁcari

2167 2972 2370 3030 dicitur
2401 2995 2415 3032 :
2454 2978 2609 3031 Πᾶσα
2652 2980 2948 3046 ὑπόστασις
2974 2984 3219 3039 δικαίων.
3255 3023 3274 3041 .
3312 3026 3326 3040 .
3361 2987 3633 3056 ἡγίασται.
3673 2987 3741 3043 In

487 3073 583 3145 qui
617 3072 898 3128 Christum
944 3089 1054 3127 non
1087 3072 1275 3127 mundi
1308 3073 1594 3138 creatoris,
1626 3071 1722 3126 sed
1761 3071 1930 3138 ignoti
1961 3084 2062 3125 cu-
2089 3109 2131 3166 C
2336 3069 2598 3132 secundo.
2633 3086 2687 3140 p.
2711 3071 2838 3135 252,
2882 3081 3051 3127 totam
3079 3073 3257 3129 Patris
3283 3086 3535 3131 naturam
3574 3080 3648 3132 ait
3678 3079 3740 3134 in

484 3165 706 3233 jusdam
755 3165 841 3218 dei
890 3165 1057 3218 ﬁlium
1102 3180 1225 3219 esse
1265 3164 1557 3234 ﬁngebant.
1614 3162 1925 3234 Legendum
1957 3178 2058 3231 pu-

486 3265 569 3309 tat
603 3254 990 3322 Combeﬁsius,
1024 3264 1083 3309 ut
1123 3264 1207 3311 est
1242 3256 1297 3310 in
1346 3270 1455 3309 tino
1493 3255 1687 3310 codice
1724 3270 1853 3319 ms.,
1886 3254 1968 3307 ὅτι
2000 3253 2059 3317 ἐξ

486 3349 694 3414 οὐσίας,
725 3349 848 3403 aliis
882 3364 947 3403 ea:
983 3350 1214 3403 essentia
1252 3349 1403 3401 illum
1440 3348 1649 3419 quidem
1681 3364 1813 3411 esse,
1858 3346 1949 3401 sed
1994 3360 2059 3399 ex

486 3439 599 3493 alia
622 3439 893 3510 hypostasi
920 3438 1233 3493 dicentibus.
1271 3438 1376 3493 Sed
1409 3443 1524 3492 haec
1559 3438 1882 3494 emendandi
1918 3437 2058 3491 ratio

485 3545 590 3585 nec
636 3530 813 3585 lucem
862 3528 1040 3593 affert,
1082 3543 1183 3583 nec
1217 3527 1586 3583 difﬁcultatem
1623 3528 1837 3582 minuit.
1886 3527 2057 3597 Equi-

485 3625 609 3678 dem
653 3638 761 3677 non
803 3622 1007 3676 invitus
1052 3621 1349 3677 concedam
1396 3620 1616 3675 Petavio
1663 3619 1800 3674 nihil
1829 3621 2057 3675 omnino

485 3716 554 3771 de
578 3713 851 3786 ejusmodi
888 3713 1159 3769 haereticis
1193 3713 1582 3782 pronuntiasse
1627 3712 1919 3782 synodum,
1952 3728 2055 3768 nec

485 3808 620 3863 satis
648 3810 803 3862 ﬁrmo
833 3812 1154 3876 argumento
1182 3803 1445 3859 Basilium
1476 3803 1596 3865 niti,
1627 3804 1756 3858 dum
1789 3803 1876 3858 his
1906 3805 2057 3857 voci-

483 3896 610 3962 bus,
642 3912 707 3949 ea:
728 3896 839 3949 alia
861 3896 1090 3949 essentia
1119 3904 1212 3947 aut
1240 3893 1532 3963 hypostasi,
1568 3891 1706 3948 duas
1734 3908 1822 3948 res
1848 3893 2057 3963 signiti-

481 3991 599 4046 cari
626 3988 918 4060 pertendit.
949 3986 1094 4040 Nihil
1120 3987 1266 4042 enim
1291 3993 1438 4040 vetat
1457 3985 1701 4040 eamdem
1725 3986 2054 4041 sententiam

481 4082 717 4138 diversis
750 4079 931 4134 verbis
960 4078 1274 4133 conﬁrmari
1305 4097 1318 4132 ε
1351 4094 1527 4148 neque
1564 4079 1676 4131 haec
1710 4078 1765 4131 in
1808 4079 2056 4149 symbolo

480 4174 703 4231 Nicaeno
730 4172 987 4226 damnata
1013 4172 1337 4242 propositio,
1362 4170 1489 4225 Erat
1513 4170 1822 4241 aliquando,
1843 4171 2055 4241 quando

483 4283 586 4321 non
615 4273 752 4327 erat,
773 4263 1056 4319 dissimilis
1083 4274 1167 4318 est
1198 4263 1468 4333 sequenti,
1498 4261 1615 4316 Non
1636 4272 1750 4315 erat
1775 4273 2057 4333 antequam

481 4366 808 4411 nasceretur.
864 4353 1093 4409 Videtur
1144 4369 1274 4425 ergo
1327 4353 1470 4408 idem
1526 4355 1776 4410 evenisse
1826 4352 2053 4418 Basilio,

2165 3153 2302 3211 Filio
2335 3160 2573 3229 imprimi
2608 3162 2753 3217 velut
2785 3165 2839 3218 in
2872 3165 3050 3235 sigillo
3080 3182 3101 3218 .'
3147 3176 3243 3222 aut
3273 3171 3736 3238 quemadmodum

2162 3247 2360 3302 artium
2394 3252 2701 3308 substantia
2731 3270 2796 3310 ex
2829 3256 3155 3315 docentibus
3188 3260 3243 3314 in
3273 3262 3575 3333 discipulos
3621 3274 3738 3319 tota

2162 3339 2380 3404 transit,
2411 3342 2573 3396 ὁποία
2600 3343 2710 3399 τῶν
2742 3348 2945 3417 τεχνῶν
2971 3351 3005 3420 ἡ
3037 3350 3331 3416 ὑπόστασις
3358 3356 3422 3408 ἐκ
3450 3356 3558 3408 τῶν
3584 3356 3737 3410 διδα-

2163 3430 2399 3485 σκόντων
2422 3432 2515 3503 ὅλη
2546 3437 2657 3497 τοῖς
2685 3436 3142 3510 μαθητευομένοις
3172 3443 3521 3516 ἐγγινομένη.

2231 3518 2526 3593 Gregorius
2576 3524 2991 3597 Nazianzenus,
3047 3533 3208 3602 cujus
3262 3550 3476 3590 summa
3526 3538 3739 3593 exstitit

2162 3625 2283 3664 cum
2336 3611 2541 3669 Basilio
2589 3618 2666 3671 in‘
2705 3618 2883 3676 tribus
2931 3622 3317 3693 hypostasibus
3375 3626 3738 3685 defendendis

2161 3706 2485 3771 consensio,
2528 3706 2768 3763 divinam
2810 3714 3108 3792 essentiam
3157 3716 3469 3788 hypostasis
3512 3724 3741 3778 nomine

2161 3792 2409 3864 designat
2443 3796 2499 3851 in
2532 3808 2671 3854 orat.
2703 3800 2806 3866 54,
2843 3819 2898 3873 p.
2945 3804 3082 3869 542,
3115 3807 3207 3862 ubi
3239 3815 3305 3864 de
3332 3808 3444 3864 Deo
3472 3821 3525 3865 et
3553 3814 3621 3869 de
3662 3816 3737 3870 iis

2160 3900 2280 3976 quae
2305 3887 2451 3941 circa
2483 3888 2649 3944 Deum
2681 3894 3064 3963 praedicantur,
3095 3900 3175 3953 sic
3206 3900 3448 3969 loquitur
3477 3922 3491 3958 :
3526 3902 3591 3955 Τί
3623 3903 3738 3976 γὰρ

2159 3968 2271 4027 ὄντι
2306 3976 2452 4047 αὐτῷ
2481 3980 2618 4033 κατὰ
2647 3981 2744 4051 τὴν
2769 3978 2927 4051 φύσιν
2956 3987 3048 4040 καὶ
3070 3988 3166 4058 τὴν
3193 3990 3515 4057 ὑπόστασιν,
3551 3993 3737 4063 ὑπάρ-

2159 4082 2243 4136 χει
2275 4066 2334 4119 τὸ
2370 4066 2442 4140 μὴ
2473 4068 2644 4141 ἀρχὴν
2671 4072 2813 4142 ἔχειν
2849 4076 2984 4145 μηδὲ
3016 4076 3353 4145 ἐξίστασθαι,
3391 4083 3523 4152 μηδὲ
3554 4100 3695 4153 περς
3716 4116 3738 4128 ο

2159 4156 2402 4221 τοῢσθαι,
2432 4160 2566 4214 ἀλλὰ
2596 4164 2714 4215 ὅλον
2743 4164 2805 4217 τὸ
2836 4163 2974 4221 εἶναι
3001 4170 3451 4242 περιλαμϐάνειν,
3483 4175 3737 4231 λείπεται

2160 4250 2608 4319 προσφιλοσοφεῖν
2639 4271 2699 4306 τε
2727 4257 2821 4308 καὶ
2849 4258 3292 4328 τεροσεξετάζειν·
3328 4262 3467 4328 Quid
3493 4268 3628 4320 enim
3653 4285 3742 4322 se-

2160 4341 2388 4395 cundum
2421 4353 2671 4399 naturam
2694 4358 2742 4401 et
2774 4348 3099 4419 hypostasim
3128 4357 3425 4422 exsistenti,
3458 4362 3739 4416 conveniat

481 4447 635 4518 quod
657 4445 932 4501 interdum
967 4447 1229 4514 optimam
1255 4444 1580 4499 sententiam
1611 4445 1891 4500 mentibus
1918 4460 2045 4499 eve.
2081 4448 2131 4506 υ
2159 4432 2207 4484 ei
2228 4449 2318 4487 nec
2337 4435 2654 4505 principium
2679 4437 2887 4506 habere,
2916 4460 3008 4498 nec
3034 4462 3066 4498 a
3089 4463 3143 4499 se
3171 4464 3399 4517 unquam
3423 4450 3735 4516 desciscere,

481 4539 586 4602 nit,
634 4546 695 4592 ut
739 4538 795 4590 in
834 4537 903 4593 iis
936 4536 1212 4591 solvendis
1246 4553 1366 4606 qua:
1416 4537 1715 4592 adversarii
1760 4539 2051 4608 objiciunt,

480 4627 668 4680 minus
695 4622 981 4679 commode
1023 4632 1327 4679 versentur.
1373 4624 1596 4681 Dillicile
1636 4630 1780 4682 enim
1827 4636 1911 4683 est
1941 4644 2050 4684 non

481 4718 640 4773 fateri
672 4717 758 4771 his
791 4716 995 4779 verbis,
1038 4731 1104 4769 ea;
1141 4717 1250 4770 alia
1288 4718 1585 4786 Itypostasi,
1630 4720 1923 4774 essentiam
1959 4720 2054 4773 de-

482 4808 707 4879 Signari.
738 4805 844 4861 Sed
875 4807 1188 4860 levissimus
1225 4807 1310 4861 hic
1356 4807 1542 4863 Basilii
1572 4823 1758 4865 naevus
1798 4816 1905 4874 est,
1954 4824 2053 4863 nec

481 4913 664 4954 causa:
690 4912 958 4953 summam
1006 4898 1243 4968 attingit,
1285 4914 1404 4968 quae
1450 4906 1561 4953 tota
1594 4900 1912 4955 vertebatur
1941 4901 2050 4954 hoc

479 4992 725 5058 cardine,
774 4996 958 5045 utrum
1002 4991 1243 5061 synodus
1287 4990 1504 5047 Niczena
1552 5008 1717 5046 unam
1774 4995 1829 5046 in
1876 4994 2052 5048 tribus

479 5084 732 5155 personis
776 5083 1112 5155 hypostasim
1161 5082 1493 5139 admisisset.
1534 5081 1763 5139 Etiamsi
1811 5083 2048 5140 Basilius

480 5177 657 5252 unius.
707 5175 1006 5229 testimonii
1067 5175 1486 5245 explicationem
1552 5175 1767 5246 longius
1816 5184 2050 5247 repetat,

480 5268 698 5322 etiamsi
728 5267 1029 5321 concedere
1062 5266 1393 5323 adversariis
1424 5266 1581 5331 nolit,
1611 5268 1756 5338 quod
1789 5268 2053 5324 incolumi

479 5373 583 5413 sua
625 5372 791 5411 causa
840 5363 1140 5413 concedere
1179 5366 1421 5427 poterat;
1469 5357 1526 5411 in
1569 5373 1635 5413 eo
1668 5367 1816 5416 certe
1853 5360 2050 5431 synodi

479 5450 1163 5505 mentem-accuratissime
1206 5450 1502 5520 perspexit,
1534 5453 1681 5521 quod
1734 5461 1847 5508 tres
1881 5454 2053 5525 hypo-

480 5551 658 5596 Stases
700 5538 770 5592 ab
797 5553 859 5593 ea
906 5539 1148 5592 sublatas
1179 5541 1475 5607 negaverit.
1523 5540 1701 5611 Atque
1747 5541 1799 5596 id
1830 5543 2051 5614 quidem

481 5631 644 5685 nobis
691 5629 852 5699 paulo
900 5632 1210 5684 accuratius
1248 5631 1670 5687 examinandum
1711 5644 1816 5697 est,
1859 5649 1922 5690 ac
1954 5635 2051 5690 de-

481 5719 898 5778 monstrandum
930 5718 1203 5777 Nicaenam
1243 5720 1534 5793 synodum,
1567 5724 1672 5780 etsi
1705 5724 2041 5797 hypostasim

2161 4541 2254 4578 nec
2280 4527 2385 4594 ﬁne
2415 4529 2528 4583 ullo
2559 4532 2853 4595 terminari,
2890 4536 2981 4589 sed
3021 4546 3189 4591 totum
3223 4557 3335 4594 esse
3360 4545 3738 4614 complectiyid

2160 4629 2416 4686 prwterea
2474 4621 2947 4694 philosophandum
3021 4641 3070 4682 et
3133 4633 3500 4701 inquirendum
3566 4640 3741 4693 relin-

2159 4712 2356 4779 quitur.

2230 4807 2467 4879 Cyrillus
2493 4809 3042 4883 llierosolymitanus,
3068 4832 3228 4886 quem
3263 4833 3384 4873 cum
3417 4818 3476 4876 S.
3512 4820 3740 4879 Meletio

2161 4906 2215 4953 et
2242 4900 2363 4955 aliis
2393 4902 2555 4955 trium
2586 4903 2957 4973 hypostasium
2984 4907 3364 4965 defensoribus
3393 4913 3743 4981 conjunctis-

2164 4988 2361 5044 simum
2398 4990 2565 5046 fuisse
2602 5003 2837 5059 constat,
2875 4996 3146 5050 interdum
3175 4999 3484 5069 hypostasis
3510 5004 3743 5061 nomine

2163 5079 2524 5135 substantiam
2568 5083 2843 5156 intelligit.
2873 5086 2965 5141 Sic
2989 5089 3133 5143 enim
3169 5090 3411 5160 loquitur
3440 5094 3495 5147 in
3530 5105 3639 5151 cat.
3674 5097 3737 5163 6,

2161 5188 2217 5226 n.
2245 5171 2278 5226 5
2315 5175 2749 5246 εἈκατάληπτός
2777 5181 2922 5232 ἐστιν
2952 5183 2983 5251 ἡ
3021 5181 3315 5249 ὑπόστασις
3341 5189 3371 5257 ή
3398 5187 3535 5241 Θείαο
3569 5188 3741 5243 Com-

2161 5265 2408 5332 prehendi
2437 5285 2539 5322 non
2571 5280 2738 5337 potest
2763 5271 3057 5327 substantia
3086 5276 3299 5341 divina;
3329 5288 3381 5331 et
3409 5289 3515 5334 cat.
3548 5282 3634 5347 16,
3666 5283 3743 5339 de

2164 5352 2367 5424 Spiritu
2423 5357 2781 5426 loquens‘ait
2821 5376 2836 5414 :
2882 5362 3044 5414 Φύσιν
3110 5364 3166 5415 δὲ
3216 5363 3247 5433 ἣ
3298 5366 3591 5421 ὑπόστασιν
3657 5369 3742 5441 μὴ

2164 5446 2635 5520 πολυπραγμόνει·
2692 5450 2956 5506 Naturam
2976 5464 3067 5507 aut
3089 5456 3435 5511 substantiam
3453 5475 3513 5512 ne
3526 5461 3745 5518 curiose

2162 5541 2457 5610 investiges.

2235 5632 2330 5687 Sic
2372 5635 2534 5686 etiam
2583 5633 2919 5704 Epiphanius
2969 5637 3242 5695 interdum
3293 5640 3587 5695 ὑπόστασιν
3635 5658 3743 5712 pro

2159 5728 2318 5801 οὐσίᾳ
2349 5728 2532 5795 sumit,
2568 5730 2713 5784 velut
2737 5744 2859 5784 cum
2893 5731 2963 5784 ait
2997 5731 3190 5788 haeres.
3226 5747 3406 5791 Lutv.
3441 5750 3492 5791 n.
3523 5734 3576 5799 4,
3615 5736 3739 5788 Μία
