3900 6212
155 290 223 345 ts
1578 278 1973 370 rnazrarto.
2984 332 2998 352 ,
3353 281 3421 336 tt

152 406 344 476 θεότης
398 406 501 478 τῆς
556 405 729 475 αὐτῆς
781 404 1061 476 δυνάμεως
1078 447 1092 470 ς

151 513 291 559 σεως
313 513 329 526 ο
374 494 494 550 Una
537 496 812 557 diuinitas,
850 493 1084 564 ejusdem
1112 493 1346 553 virtutis,
1382 490 1617 561 ejusdem
1654 493 1744 562 by-

150 589 406 654 postasis.
457 587 602 642 Idem
647 596 831 641 tamen
874 585 1182 648 sentiebat,
1241 587 1389 655 τρεῖς
1445 585 1743 650 ἀναγκαῖον

149 673 299 731 εἶναι
352 677 455 742 τὰς
484 678 841 743 ὑποστάσεις,
895 676 1199 747 ὁμολογεῖν,
1247 692 1451 730 necesse
1487 691 1598 729 esse
1639 685 1743 730 tres

149 769 469 838 hypostases
506 769 746 837 conﬁteri
768 809 781 831 ,
811 767 980 838 idque
1012 769 1294 836 conceptis
1327 767 1510 822 verbis
1539 765 1745 820 Basilio

152 860 482 928 scripserat,
531 861 624 928 qui
687 859 828 912 hanc
886 859 1034 913 illius
1078 858 1386 912 doctrinam
1449 860 1745 930 plurimum

153 952 347 1006 laudat
388 952 447 1004 in
493 951 656 1020 epist.
703 948 831 1023 958.
864 949 1047 1014 Quare
1082 949 1214 1003 vitio
1262 964 1373 1003 non
1418 959 1569 1004 caret
1616 948 1745 1020 Epi-

154 1043 352 1109 phanii
385 1050 677 1096 contextus
698 1041 754 1094 in
786 1043 1076 1105 Aneorato,
1105 1057 1161 1094 n.
1194 1040 1251 1104 6,
1284 1041 1375 1094 ubi
1405 1043 1485 1096 sic
1512 1042 1743 1111 legitur:

166 1134 300 1189 Ἐὰν
348 1133 460 1205 γὰρ
508 1133 672 1205 εἴπῃς
726 1133 789 1184 τὸ
843 1132 1166 1201 ὁμοούσιον,
1210 1130 1403 1195 ἔλυσας
1460 1131 1747 1185 Σαϐελλίου

154 1225 260 1295 τὴν
295 1224 566 1294 δύναμιν·
614 1224 751 1275 ὅπου
805 1223 914 1292 γὰρ
969 1222 1275 1292 ὁμοούσιον,
1334 1223 1462 1292 μιᾶς
1522 1222 1751 1274 ὑποστά-

161 1313 305 1377 σεώς
349 1314 469 1365 ἐστι
527 1300 846 1381 animum.
892 1311 1212 1364 Addendam
1240 1325 1363 1365 esse
1407 1310 1752 1379 negationem

159 1420 226 1461 ac
256 1404 551 1475 legendum
584 1403 645 1456 οὐ
682 1405 809 1471 μιᾶς
857 1403 995 1456 vidit
1034 1404 1153 1473 ipse
1198 1401 1451 1456 Petavius
1476 1443 1489 1466 ,
1541 1403 1635 1472 qui
1671 1404 1751 1456 sic

160 1502 602 1567 interpretatur:
643 1494 960 1564 Usurpando
987 1494 1463 1548 consubstantialis
1497 1494 1749 1548 vocabulo

161 1590 390 1645 Sabellii
436 1587 597 1641 robur
620 1588 873 1656 inii-iugis
909 1602 927 1641 :
964 1598 1065 1641 non
1102 1591 1244 1641 'enim
1279 1588 1751 1643 consubstantialis

161 1698 262 1735 eos:
287 1680 617 1751 singularem
646 1679 976 1750 hypostasim
999 1680 1287 1749 signiﬁcat.

235 1772 429 1825 Ruunt
483 1786 614 1840 ergo
672 1780 994 1840 argumenta
1049 1767 1296 1837 Petavii,
1351 1775 1405 1827 et
1460 1790 1524 1829 ex
1573 1775 1754 1831 allatis

164 1864 433 1933 exemplis
457 1862 789 1932 perspicitur
811 1862 1150 1932 hypostasim
1173 1863 1443 1918 interdum
1468 1879 1567 1934 pro
1596 1866 1755 1937 οὐσίᾳ

164 1956 310 2012 sumi
347 1970 535 2025 posse,
568 1953 820 2024 quamvis
849 1961 963 2009 tres
1008 1958 1334 2026 bypostases
1368 1956 1750 2016 admittuntur.

166 2065 234 2103 ac
260 2047 493 2118 proinde
520 2047 767 2101 Nicanos
787 2045 1000 2111 Patres,
1025 2048 1239 2102 etiamsi
1275 2048 1610 2119 hypostasim
1657 2066 1759 2119 pro

164 2132 328 2210 οὐσίᾳ.
360 2139 720 2208 sumpserint,
756 2154 866 2190 non
898 2136 1109 2193 idcirco
1150 2155 1315 2193 unam
1342 2141 1395 2194 in
1429 2139 1606 2194 tribus
1632 2156 1756 2210 per-

167 2231 326 2285 sonis
354 2230 693 2300 bypostasim
721 2228 1050 2285 decrevisse.
1088 2227 1278 2301 Neque
1303 2227 1469 2300 hujus
1498 2231 1574 2286 rei
1602 2233 1760 2303 longe

170 2322 410 2393 petenda
451 2321 764 2392 explicatio.
814 2321 1076 2388 Quamvis
1113 2324 1258 2378 enim
1309 2325 1549 2377 essentia
1590 2324 1659 2379 sit
1705 2324 1759 2379 id

175 2414 325 2483 quod
349 2428 637 2469 commune
668 2421 754 2469 est
785 2414 962 2469 tribus
992 2414 1266 2484 personis,
1292 2414 1604 2486 hypostasis
1631 2429 1760 2470 vero

174 2506 230 2561 id
274 2506 422 2576 quod
462 2506 776 2576 proprium;
827 2516 971 2575 saepe
1012 2514 1194 2559 tamen
1237 2506 1491 2561 essentia:
1540 2506 1762 2559 nomine

172 2597 490 2669 hypostasis
547 2594 1049 2665 comprehenditur,
1088 2609 1153 2649 ac
1197 2593 1439 2649 vicissim
1500 2594 1619 2665 ipsa
1668 2595 1765 2665 hy-

171 2689 415 2758 postasis
439 2687 737 2742 essentiam
760 2684 1204 2756 comprehendit.
1237 2682 1377 2739 Dum
1408 2685 1553 2739 enim
1580 2700 1764 2740 essen-

176 2772 247 2835 tia
277 2781 397 2836 sive
444 2789 646 2834 natura
687 2777 1098 2841 consideratur,
1143 2787 1418 2848 quatenus
1463 2776 1761 2847 conjuncta

174 2880 258 2928 est
309 2888 440 2928 cum
502 2871 890 2943 personalibus
941 2869 1414 2941 proprietatibus,
1468 2871 1585 2924 sive
1637 2877 1763 2923 enm

175 2965 482 3036 hypostasi,
516 2973 649 3018 tunc
680 2962 872 3019 eodem
900 2978 1067 3018 sensu
1114 2960 1413 3032 usurpatur
1440 2977 1504 3017 ac
1529 2974 1763 3033 persona

1145 403 1244 475 τῆς
1294 402 1468 474 αὐτῆς
1515 403 1743 456 ὑποστά-
1773 411 1815 464 Α
1846 404 1901 456 δὲ
1936 405 2029 457 καὶ
2052 402 2205 474 παρὰ
2231 404 2343 466 τοῖς
2386 400 2604 464 Ἰταλοῖς
2623 399 2842 471 ὁμοίως,
2876 398 2988 453 ἀλλ’
3009 398 3068 452 οὐ
3102 397 3422 471 δυναμένοις
3488 438 3497 445 -

1846 495 1934 549 διὰ
1981 495 2271 565 στενότητα
2308 494 2406 564 τῆς
2440 489 2568 564 παρ’
2600 489 2786 556 αὐτοῖς
2819 488 3066 563 γλώττης
3094 492 3188 544 καὶ
3223 490 3425 562 ὀνομά-

1846 606 1954 642 των
1987 587 2195 652 πενίαν,
2234 584 2429 639 διελεῖν
2470 585 2578 638 ἀπὸ
2607 584 2703 655 τῆς
2740 582 2929 647 οὐσίας
2968 578 3067 652 τὴν
3103 582 3425 649 ὑπόστασιν,

1849 683 1943 735 καὶ
1965 681 2054 734 διὰ
2089 677 2247 732 τοῦτο
2277 672 2707 746 ὰντεισαγούσης
2746 672 2867 747 [leg].
2901 671 3307 746 ἁντεισάγουσι]
3353 673 3426 728 τὰ

1850 772 2117 844 πρόσωπα
2159 787 2171 799 ·
2228 771 2316 821 ἵνα
2362 768 2437 839 μὴ
2471 770 2620 837 τρεῖς
2666 766 2847 819 οὐσίαι
2898 764 3325 838 παραδειχθῶσι,
3371 763 3427 816 τί

1849 863 2095 931 γίνεται;
2143 862 2230 924 Ὠς
2261 854 2381 914 λίαν
2407 856 2614 928 γελοῖον
2653 856 2685 929 ἢ
2724 855 2953 909 ἐλεεινόν
2975 873 2988 886 ·
3023 856 3258 919 πίστεως
3281 854 3426 921 ἔδοξε

1850 953 2118 1025 διαφορὰ,
2169 955 2201 1022 ἡ
2248 949 2374 1023 περὶ
2416 948 2505 1004 τὸν
2551 942 2684 1020 ἦχον
2722 944 3063 1023 μικρολογῖα.
3116 945 3262 1001 Nam
3308 962 3429 1001 cum

1851 1046 2075 1099 essentia
2102 1060 2230 1104 una,
2253 1053 2301 1096 et
2330 1052 2435 1095 tres
2460 1040 2767 1110 [typostases
2797 1056 2830 1092 a
2856 1038 3003 1093 nobis
3025 1039 3108 1106 pie
3129 1037 3432 1091 dicerentur

1855 1130 2026 1204 (quod
2058 1134 2281 1186 alterum
2331 1131 2628 1184 divinitatis
2660 1139 2946 1192 naturam,
2993 1134 3223 1182 alterum
3268 1129 3431 1181 trium

1852 1240 2198 1295 personarum
2268 1223 2614 1291 proprietates
2675 1221 2972 1287 declaret),
3035 1229 3191 1290 atque
3251 1221 3443 1274 eodem-

1853 1315 2062 1387 quidem
2105 1312 2257 1369 modo
2310 1313 2451 1382 apud
2493 1312 2753 1367 Romanos
2798 1312 3236 1382 intelligerentur,
3279 1322 3438 1365 cazte-

1856 1423 1972 1460 rum
1995 1406 2057 1460 ob
2083 1402 2275 1476 lingua:
2304 1401 2451 1459 illius
2475 1405 2773 1476 angustiam
2798 1413 2847 1457 et
2878 1402 3153 1457 verborum
3174 1403 3431 1471 inopiam,

1854 1498 2180 1568 hypostasim
2214 1494 2279 1549 ab
2319 1496 2546 1550 essentia
2592 1495 2915 1567 distinguere
2949 1508 3054 1548 non
3084 1501 3316 1563 possent,
3348 1511 3437 1549 eo-

1854 1605 1950 1659 que
2000 1589 2196 1657 factum
2241 1598 2398 1649 esset,
2445 1594 2502 1642 ut
2536 1602 2598 1642 ne
2629 1596 2732 1642 tres
2785 1587 3117 1642 substantias
3153 1586 3438 1641 admittere

1857 1681 2174 1747 uiderentur,
2210 1696 2555 1750 personarum
2589 1680 2898 1734 vocabulum
2934 1677 3240 1733 iuducerent
3262 1719 3279 1746 ,
3309 1677 3437 1750 quid

1861 1768 2070 1826 tandem
2121 1770 2378 1843 conligit?
2429 1770 2530 1827 Res
2579 1768 2811 1841 profecto
2854 1769 3086 1825 ridicula
3142 1771 3219 1824 vel
3260 1758 3437 1839 potius

1858 1863 2163 1916 miseranda
2193 1879 2211 1915 :
2262 1862 2481 1917 diversa:
2513 1861 2637 1931 ﬁdei
2667 1862 2888 1930 speciem
2926 1861 3152 1931 praebuit
3177 1860 3304 1915 levis
3338 1860 3440 1915 illa

1858 1964 1907 2008 et
1931 1956 2113 2024 jejuna
2141 1954 2205 2009 de
2233 1970 2415 2009 vocum
2454 1972 2583 2009 sono
2612 1956 2913 2010 altercatio.

1931 2045 2208 2101 Habemus
2239 2061 2370 2117 ergo
2408 2046 2577 2101 totius
2616 2044 2982 2102 dissensionis
3024 2046 3291 2118 originem
3319 2085 3335 2111 ,
3384 2054 3441 2101 et

1861 2138 2076 2192 initium
2113 2139 2277 2192 unius
2309 2137 2642 2210 hypostasis.
2673 2136 2979 2208 Antequam
3013 2136 3223 2194 Latinis
3252 2136 3308 2192 in
3349 2138 3438 2191 in-

1860 2225 2213 2301 terpretanda
2259 2229 2571 2301 hypostasis
2607 2244 2741 2286 voce
2774 2230 3090 2285 molestiam
3139 2228 3439 2284 facesseret

1862 2320 2062 2391 linguae
2097 2321 2301 2390 inopia,
2350 2322 2502 2376 nulla
2554 2330 2673 2377 erat
2716 2321 2862 2393 apud
2905 2316 3127 2376 Graecos
3159 2328 3224 2376 ea
3268 2317 3337 2375 de
3379 2334 3441 2374 re

1863 2414 2263 2476 controversia,
2290 2413 2442 2467 nulla
2468 2413 2741 2481 varietas;
2772 2427 2835 2466 ac
2867 2411 3100 2484 proinde
3129 2422 3238 2466 non
3258 2408 3438 2466 solum

1863 2494 2066 2560 Niczeni
2100 2500 2313 2571 Patres,
2344 2506 2439 2562 sed
2464 2513 2517 2562 et
2539 2513 2808 2577 quotquot
2831 2504 3145 2578 hypostasis
3172 2504 3440 2561 vocabulo

1864 2601 1930 2654 ad
1967 2599 2303 2655 efferendum
2348 2599 2544 2671 dogma
2596 2600 2679 2655 usi
2713 2606 2864 2666 sunt,
2899 2614 3008 2653 non
3046 2612 3214 2652 unam
3264 2595 3438 2670 hypo-

1865 2694 2079 2759 stasim,
2112 2693 2207 2749 sed
2236 2703 2346 2749 tres
2372 2693 2697 2765 bypostases
2710 2693 2982 2748 dixerunt.
3013 2691 3262 2765 Gregorii
3293 2692 3443 2750 testi-

1865 2786 2108 2840 monium
2157 2783 2446 2840 confirmat
2478 2782 2718 2841 Aeacius
2740 2784 3071 2844 Bemensis.
3113 2786 3209 2856 qui
3242 2785 3323 2841 sic
3354 2786 3440 2840 lo-

1864 2874 2054 2946 quitur
2109 2875 2253 2945 apud
2304 2870 2564 2946 Cyrillum
2620 2876 3069 2944 Alexandrinum,
3108 2877 3268 2947 epist.
3319 2875 3387 2932 i5
3421 2894 3440 2933 :

1866 2965 2065 3021 Beatus
2095 2965 2378 3034 Paulinus,
2404 2967 2713 3039 inquit,tres
2736 2967 3034 3038 hypostases
3067 2979 3241 3038 aperte
3271 2968 3445 3025 dicere

177 3054 292 3108 sive
320 3049 640 3125 hypostasis
675 3070 691 3106 :
728 3050 875 3105 unde
905 3049 964 3106 S.
995 3051 1304 3107 Alexander
1332 3051 1759 3133 Alexandrinus,
1791 3071 1834 3133 ο
1867 3058 2165 3123 recusabat,
2199 3052 2436 3129 quamvis
2467 3058 2648 3114 eadem
2679 3058 2870 3114 virtute
2905 3069 2954 3115 et
2983 3063 3199 3116 ueritate
3227 3063 3444 3117 sentiret

177 3146 337 3213 cujus
363 3146 532 3199 verba
562 3158 684 3196 mox
714 3141 1039 3207 referemus,
1071 3141 1290 3197 Patrem
1319 3149 1374 3196 et
1397 3131 1596 3195 Filium
1626 3141 1763 3196 duas

178 3238 454 3307 tlypostasi
491 3233 713 3289 naturas
745 3244 918 3288 vocat.
946 3232 1036 3288 Sic
1065 3233 1228 3287 etiam
1263 3232 1605 3303 hypostasis,
1636 3232 1766 3287 dum

178 3330 563 3384 consideratur
594 3336 866 3398 quatenus
897 3342 1020 3381 cum
1052 3326 1287 3380 essentia
1319 3324 1616 3394 conjuncta
1645 3334 1763 3390 est,

181 3420 463 3475 interdum
526 3434 627 3489 pro
681 3418 925 3475 essentia
975 3417 1234 3472 sumitur.
1291 3412 1768 3482 Quemadmodum

178 3528 307 3583 ergo
355 3512 539 3567 sancti
579 3509 808 3574 Patres,
851 3509 955 3565 etsi
1008 3507 1284 3563 interdum
1331 3508 1626 3562 essentiam
1666 3523 1764 3561 su-

180 3610 336 3654 munt
363 3616 466 3670 pro
503 3598 780 3670 hypostasi
805 3638 820 3661 ,
848 3601 962 3652 sive
993 3611 1251 3667 persona,
1279 3611 1388 3651 non
1417 3596 1622 3651 idcirco
1658 3605 1768 3653 tres

178 3693 453 3748 essentias
492 3691 829 3754 admittunt;
878 3689 950 3742 ita
1006 3703 1073 3743 ex
1116 3702 1182 3743 eo
1229 3687 1376 3757 quod
1430 3687 1768 3759 hypostasim

180 3796 579 3852 nonnunquam
631 3789 854 3836 sumant
898 3790 999 3850 pro
1030 3780 1271 3834 essentia
1298 3817 1313 3842 ,
1353 3793 1465 3833 non
1517 3781 1770 3850 sequitur

180 3885 347 3931 unam
379 3874 450 3928 ab
476 3873 586 3927 illis
616 3872 958 3944 hypostasim
999 3869 1237 3924 admitti.

248 3966 341 4022 Ill.
387 3965 498 4021 Sed
538 3966 652 4034 jam
695 3962 913 4033 longius
952 3962 1115 4017 nobis
1157 3960 1533 4032 promovenda
1577 3958 1768 4016 Basilii

183 4057 466 4113 defensio:
487 4055 759 4109 hactenus
777 4054 922 4107 enim
950 4044 1263 4123 probatum,
1286 4051 1564 4108 immerito
1586 4052 1768 4123 attingi

184 4149 401 4221 synodo
429 4146 665 4201 Nicena:
703 4160 869 4200 unam
914 4145 1292 4216 hypos’tasim:
1331 4161 1479 4200 nunc
1522 4145 1765 4214 proban-

182 4244 312 4297 dum
344 4251 459 4296 tres
507 4241 834 4313 hypostases
876 4252 1092 4307 semper
1125 4237 1182 4291 in
1218 4237 1442 4291 Oriente
1476 4249 1768 4308 usurpatas

186 4350 406 4391 summo
434 4348 710 4387 consensu
750 4328 945 4393 fuisse,
978 4328 1171 4383 saltem
1203 4343 1233 4381 a
1269 4326 1490 4383 Sabellii
1521 4340 1573 4384 et
1608 4329 1767 4383 Nocti

1871 3170 1932 3207 ac
1980 3152 2312 3221 praedicaret.
2377 3152 2600 3207 Secutus
2644 3163 2724 3208 est
2759 3162 2933 3208 autem
2982 3154 3251 3223 piissimos
3289 3155 3444 3211 Occi-

1869 3245 2038 3299 dentis
2068 3246 2335 3314 episcopos
2373 3252 2648 3313 propterea
2683 3239 2820 3316 quod
2851 3246 3127 3315 angustior
3156 3256 3233 3301 est
3264 3245 3446 3317 lingua

1869 3334 2109 3389 Romana
2132 3377 2147 3399 ,
2175 3351 2333 3404 quam
2360 3348 2413 3388 ut
2440 3334 2723 3390 secundum
2754 3333 2995 3390 ercam
3019 3346 3255 3390 nostram
3285 3338 3449 3407 plera-

1869 3427 1969 3480 sim
2001 3438 2103 3481 tres
2135 3428 2436 3497 hypostases
2469 3428 2638 3483 dicere
2673 3438 2849 3499 queat.

1941 3516 2076 3571 Illud
2119 3519 2283 3572 etiam
2316 3519 2613 3572 novitatem
2662 3519 2828 3573 unius
2856 3517 3174 3590 hypostasis
3211 3517 3445 3574 demon-

1870 3604 2046 3656 strare
2078 3603 2280 3671 possit,
2318 3598 2466 3672 quod
2509 3617 2634 3657 cum
2666 3603 2910 3672 epistola:
2958 3601 3302 3659 Sardicensis
3352 3619 3445 3674 sy-

1870 3693 2000 3747 nodi
2060 3688 2320 3763 adjuncta
2369 3713 2400 3748 a
2439 3694 2720 3749 nonnullis
2777 3692 2972 3750 fuisset
3018 3695 3262 3765 qutedam
3322 3694 3448 3750 ﬁdei

1871 3782 2167 3849 confessio,
2200 3785 2255 3838 in
2285 3802 2394 3855 qua
2421 3800 2528 3839 una
2560 3785 2890 3857 hypostasis,
2922 3792 2982 3840 ut
3011 3787 3313 3856 apostolica
3342 3786 3446 3840 do-

1871 3875 2069 3940 c'trina,
2099 3877 2436 3942 tradebatur,
2470 3876 2612 3932 hanc
2634 3876 2757 3933 fidei
2784 3876 3187 3933 confessionem
3211 3878 3452 3934 Alexan-

1871 3969 2025 4023 drina
2061 3968 2305 4039 synodus
2336 3974 2397 4023 ut
2431 3968 2675 4039 spuriam
2708 3967 2931 4039 rejecit,
2967 3983 3031 4023 ac
3071 3968 3450 4029 Antiochenos

1871 4060 2085 4113 hortata
2124 4068 2208 4114 est
2235 4051 2311 4129 (2)
2332 4101 2347 4126 ,
2384 4068 2444 4113 ut
2469 4074 2588 4115 eam
2618 4075 2722 4114 nec
2754 4059 2859 4130 legi
2899 4075 3001 4115 nec
3030 4059 3265 4130 proferri
3292 4069 3448 4133 pate-
3500 4124 3519 4143 ν

1872 4159 2081 4205 rentur.
2114 4144 2382 4206 Eusebius
2413 4141 2777 4206 Vercellensis
2812 4149 2868 4204 in
2902 4150 3300 4207 subscribendo
3326 4167 3448 4207 eam

1874 4259 1941 4298 ne
1972 4241 2352 4311 proferendam
2381 4241 2606 4311 quidem
2634 4255 2760 4296 esse
2790 4242 3130 4313 pronuntiat.

1943 4325 2033 4386 Ν.
2077 4331 2183 4387 Sed
2218 4333 2549 4403 praecipuum
2582 4331 2743 4386 nobis
2769 4340 3151 4402 argumentum
3187 4332 3449 4402 suppedi-

184 4424 469 4494 tempore,
492 4438 594 4476 nec
623 4422 761 4476 ullos
782 4419 1042 4474 habuisse
1062 4416 1427 4485 adversarios,
1454 4424 1650 4489 printer
1665 4419 1772 4473 An-
1802 4417 1850 4476 b
1876 4434 1992 4480 tant
2023 4425 2353 4495 scriptorum
2386 4424 2892 4479 ecclesiasticorum
2945 4424 3258 4478 testimonia
3280 4464 3295 4490 ,
3329 4432 3448 4477 tum

186 4517 474 4569 tiochenos
492 4512 804 4573 nonnullos,
824 4525 963 4580 quos
980 4506 1159 4562 Latini
1186 4513 1287 4562 hac
1316 4524 1451 4563 voce
1487 4510 1557 4563 ob
1573 4509 1771 4580 linguae

194 4621 306 4661 sua:
337 4604 589 4675 inopiam
618 4602 811 4657 offensi
845 4601 899 4654 in
930 4598 1260 4655 sententiam
1284 4612 1439 4654 suam
1466 4608 1767 4655 traxerunt.

258 4719 384 4787 Ipsa
446 4716 540 4770 illa
600 4712 1018 4775 controversia,
1072 4724 1196 4781 qua:
1252 4711 1320 4764 de
1383 4710 1771 4782 hypostasibus

189 4816 384 4862 exorta
435 4804 802 4869 est,_eximio
854 4800 1012 4856 nobis
1072 4807 1392 4870 argumento
1452 4808 1768 4868 perpetuam

190 4897 437 4952 Orientis
464 4896 772 4951 doctrinam
814 4892 1174 4948 demonstrat.
1221 4888 1495 4946 Discimus
1527 4890 1673 4945 enim
1700 4905 1766 4945 ex

189 4986 459 5059 Gregorio
498 4985 844 5039 Nazianzeno
899 4989 1011 5037 tres
1057 4981 1417 5051 hypostases,
1471 4989 1765 5051 antequam

193 5077 303 5131 base
333 5075 584 5147 prodiret
632 5074 942 5139 dissensio,
978 5071 1238 5127 Ecclesia:
1279 5070 1577 5127 Orientalis
1620 5085 1721 5124 usu
1750 5107 1765 5135 ,

192 5167 414 5223 nemine
460 5173 844 5235 repugnante,
897 5162 1166 5217 contritas
1221 5159 1413 5216 fuisse.
1470 5158 1563 5214 Sic
1622 5160 1768 5216 enim

192 5256 436 5326 loquitur
463 5254 522 5309 S.
553 5252 851 5324 Gregorius
878 5252 933 5307 in
963 5259 1106 5306 orat.
1135 5249 1225 5316 21,
1259 5266 1312 5319 p.
1343 5242 1448 5304 395
1481 5267 1494 5302 :
1525 5249 1636 5319 Τῆς
1660 5248 1770 5320 γὰρ

196 5350 323 5419 μιᾶς
360 5345 570 5408 οὐσίας,
604 5346 698 5398 καὶ
725 5344 835 5397 τῶν
871 5342 1037 5415 τριῶν
1078 5336 1427 5395 ὖποστάσεων
1459 5337 1770 5409 λεγομένων

199 5441 292 5509 μὲν
314 5439 405 5506 ὑφ’
423 5437 581 5507 ἡμῶν
598 5434 851 5497 εὐσεϐῶς
870 5434 930 5486 τὸ
944 5431 1041 5505 μὲν
1081 5434 1191 5503 γὰρ
1205 5430 1304 5503 τὴν
1323 5429 1482 5501 φύσιν
1509 5431 1660 5500 δηλοί
1671 5434 1770 5501 τῆς

197 5527 479 5598 θεὰτητος,
512 5527 573 5580 τὸ
592 5526 647 5580 δὲ
675 5526 774 5591 τὰς
804 5524 910 5579 τῶν
941 5524 1110 5597 τριῶν
1140 5523 1439 5596 ἰδιότητας,
1465 5522 1771 5594 νοουμένων

257 5680 334 5754 (Ξ)
375 5680 636 5738 Athanas.
669 5679 828 5751 epist.
857 5678 922 5734 ad
944 5677 1351 5735 Antiochenscs.

1872 4532 2063 4572 eorum
2086 4517 2179 4587 qui
2207 4522 2333 4571 ante
2352 4515 2644 4570 concilium
2667 4512 2948 4568 Nicaenum
2980 4514 3305 4579 floruerunt,
3331 4523 3449 4568 tum

1872 4625 2062 4665 eorum
2091 4609 2186 4678 qui
2216 4608 2428 4679 synodo
2464 4607 2856 4672 interfuerunt,
2888 4616 2985 4663 aut
3009 4616 3133 4678 post
3158 4623 3277 4663 eam
3311 4609 3451 4662 scri-

1874 4716 2053 4772 psere.
2106 4699 2304 4755 Nullus
2350 4714 2482 4754 sane
2540 4698 2772 4769 proferri
2816 4706 3032 4769 potest,
3065 4699 3161 4770 qui
3196 4714 3360 4753 unam
3391 4699 3448 4753 in

1871 4794 2050 4848 tribus
2079 4793 2329 4862 personis
2352 4791 2691 4862 bypostasim
2710 4790 2940 4846 dixerit:
2979 4796 3247 4861 quotquot
3266 4798 3450 4844 autem

1875 4885 1932 4939 in
1966 4882 2292 4954 esplicandu
2341 4880 2627 4936 Trinitatis
2674 4880 2935 4950 mysterio
2974 4879 3285 4950 hypostasis
3318 4892 3451 4932 voce

1874 4976 1961 5032 usi
1984 4984 2128 5038 sunt,
2156 4983 2265 5029 tres
2280 4973 2603 5045 bypostases
2617 4986 2833 5027 summo
2853 4986 3123 5027 consensu
3138 4979 3446 5024 numerant.

1946 5065 2213 5136 Origenes
2258 5072 2393 5118 tom.
2441 5079 2480 5118 ιι
2519 5063 2571 5115 in
2601 5060 2882 5128 Joannem,
2912 5076 2968 5132 p.
3002 5058 3107 5126 56,
3144 5060 3223 5115 sic
3254 5068 3447 5114 contra

1878 5157 2222 5213 Sabellianos
2243 5154 2563 5227 pronuntiat
2589 5173 2603 5210 :
2647 5152 2840 5223 Ἡμεῖς
2865 5150 3115 5225 μέντοιγε
3140 5155 3290 5226 τρεῖς
3312 5153 3447 5206 bno-

1879 5251 2097 5312 στάσεις
2141 5246 2448 5317 πειθόμενοι
2480 5244 2792 5316 τυγχάνειν,
2832 5243 2924 5297 τὸν
2966 5244 3188 5317 Πατέρα
3230 5245 3325 5300 καὶ
3358 5245 3450 5300 τὸν

1879 5340 2007 5393 Υἱὸν
2049 5338 2144 5392 καὶ
2180 5338 2240 5391 τὸ
2287 5338 2440 5406 ἅγιον
2480 5333 2733 5406 Πνεῦμα·
2769 5330 2882 5389 Nos
2914 5343 3087 5387 autem
3139 5349 3451 5404 persuasum

1879 5432 2129 5486 habemus
2159 5440 2260 5485 tres
2301 5443 2414 5484 esse
2454 5426 2759 5499 hypostases
2781 5465 2797 5491 ,
2827 5425 3048 5481 Patrem
3087 5434 3136 5481 et
3169 5424 3370 5481 Filium
3399 5435 3449 5479 et

1882 5522 2140 5591 Spiritum
2180 5530 2443 5578 intactum.
2470 5518 2691 5579 Refellit
2719 5517 2777 5575 in
2810 5517 2952 5576 libro
2979 5533 3079 5575 vm
3110 5527 3295 5575 contra
3337 5516 3458 5575 Cel-
