3900 6212
442 321 518 387 1'5
1864 301 2252 362 PREFATIO.
3624 284 3695 341 16

446 459 598 507 sum,
630 456 753 513 pag.
783 438 911 501 386.
954 435 1175 493 eosdem
1205 432 1529 497 haereticos,
1570 429 1663 501 qui
1708 425 1927 482 Patrem
1963 433 2019 481 et
2048 440 2095 495 Α
2121 425 2266 479 libus
2294 417 2722 493 proprietatibus
2767 414 2822 470 in
2861 425 3194 483 unaquaque
3238 421 3476 480 persona
3513 404 3701 461 consi-

446 532 645 588 Filium
674 533 811 588 duas
839 544 965 586 esse
1011 529 1335 600 bypostascs
1375 524 1681 596 negabam;
1731 522 1849 592 ipse
1892 533 2024 574 vero

446 623 582 677 duas
622 620 893 693 [typostasi
921 635 1004 674 res
1034 634 1147 674 esse
1181 621 1484 681 asseverat,
1510 613 1641 668 ὂντα
1669 611 1762 667 δύο
1789 612 1856 682 τῇ
1886 610 2023 662 ὑπο-

451 718 638 771 στάσει
662 716 985 785 πράγματα.

520 809 580 865 S.
616 808 854 864 Basilius
904 806 958 861 in
993 804 1137 859 libro
1169 802 1247 857 De
1290 799 1498 872 Spiritu
1541 807 1727 853 sancto
1768 809 1891 865 cap.
1928 790 2024 855 29,

448 919 507 959 n.
540 901 629 965 72,
664 916 718 971 p.
748 899 838 964 61,
861 897 997 952 citat
1019 895 1154 951 illud
1175 892 1422 966 Dionysii
1444 887 1803 947 Alexandrini
1826 902 1840 938 :
1860 885 1923 939 Ei
1949 881 2027 953 τῷ

446 995 596 1065 τρεῖς
663 986 804 1044 εἶναι
865 986 967 1050 τὰς
1018 984 1383 1048 ὑποστάσεις,
1436 977 1848 1054 μεμερισμένας
1888 971 2027 1029 εἶναι

445 1084 689 1153 λέγουσι,
739 1080 890 1153 τρεῖς
933 1077 1039 1131 εισι
1086 1075 1190 1131 κᾶν
1229 1074 1305 1147 μὴ
1345 1073 1606 1127 θέλωσινο
1647 1071 1683 1143 ἢ
1739 1068 1837 1140 τὴν
1876 1065 2029 1120 θείαν

446 1176 658 1250 Τριάδα
689 1169 973 1235 παντελῶς
1014 1167 1356 1224 άνελέτωσαν
1375 1181 1391 1198 ο
1417 1164 1477 1221 Si
1505 1181 1565 1219 eo
1597 1161 1737 1229 quod
1776 1172 1879 1214 tres
1904 1166 2029 1213 sunt

448 1247 782 1338 lippostases,
822 1262 1020 1317 divisas
1069 1275 1184 1315 esse
1237 1258 1445 1323 dicunt,
1503 1263 1608 1309 tres
1650 1260 1773 1309 sunt
1815 1247 2032 1306 etiamsi

448 1360 622 1414 nolint
656 1373 674 1413 :
704 1363 796 1411 au:
826 1353 1062 1408 divinans
1096 1348 1358 1406 Triadem
1385 1362 1605 1418 prorsus
1647 1343 1859 1398 tollant.
1892 1338 2030 1394 Tres

448 1465 581 1522 ergo
606 1450 937 1522 bypostaSes
984 1442 1223 1500 admittit
1268 1439 1565 1513 Dionysius
1601 1433 2030 1498 Alexandrinus,

450 1543 548 1599 sed
574 1557 670 1598 eos
692 1538 912 1605 refellit,
950 1536 1044 1608 qui
1087 1550 1156 1590 ex
1206 1548 1272 1589 eo
1318 1531 1463 1604 quod
1510 1538 1626 1585 tres
1657 1529 1792 1593 sint,
1821 1526 2031 1582 divisas

449 1650 578 1692 esse
628 1630 1057 1692 contendebant,
1085 1625 1248 1698 quasi
1291 1640 1405 1681 non
1435 1637 1548 1679 una
1583 1627 1730 1678 esset
1760 1620 1817 1674 in
1846 1617 2031 1673 tribus

450 1724 715 1784 essentia.
748 1724 929 1794 Atque
960 1720 1017 1776 id
1043 1717 1266 1791 quidem
1299 1722 1558 1772 accurate
1594 1711 2023 1772 observandum,

2125 513 2371 569 derabat.

2194 606 2316 661 Non
2366 600 2600 659 discedit
2645 599 2714 655 ab
2764 596 2960 668 optimi
2993 592 3302 650 decessoris
3345 597 3399 645 et
3451 584 3704 659 magistri

2124 697 2370 768 vestigiis
2399 677 2756 758 Athanasius,
2786 689 2880 760 qui
2914 685 3020 743 sub
3070 685 3231 739 finem
3274 681 3421 744 libri,
3448 694 3608 750 quem
3635 678 3706 732 de

2125 794 2309 849 verbis
2323 788 2542 845 Domini
2557 785 2799 857 scripsit,
2815 782 3007 839 Omnia
3020 779 3149 833 mihi
3165 776 3363 831 tradita
3379 783 3499 828 sunt
3512 775 3555 837 ',
3572 780 3704 836 etc.,

2128 887 2210 943 sic
2240 883 2482 955 loquitur
2505 881 2653 952 (pag.
2678 878 2803 948 108)
2832 890 2847 928 :
2873 874 2947 928 Τὸ
2969 872 3077 945 γάρ
3103 870 3287 942 τρίτον
3316 867 3383 921 τὰ
3416 866 3576 937 τίμια
3591 862 3707 926 ζῶα

2126 975 2299 1030 ταῦτα
2349 970 2680 1046 προσφέρειν
2727 968 2825 1036 τὴν
2877 961 3218 1031 δοξολογίαν,
3268 961 3482 1029 Ἄγιος,
3518 955 3707 1025 ἅγιος,

2128 1066 2316 1136 ἅγιος,
2364 1064 2592 1133 λέγοντα
2613 1100 2629 1126 ,
2671 1058 2771 1122 τὰς
2804 1059 2955 1130 τρεῖς
3006 1052 3329 1115 ὑποστάσεις
3357 1048 3565 1111 τελείας
3602 1047 3712 1099 δει-

2130 1157 2334 1212 κνύντα
2366 1155 2531 1210 ἐστίν·
2576 1153 2715 1207 Dum
2743 1161 2821 1205 ter
2848 1146 3147 1204 veneranda
3177 1145 3277 1199 illa
3309 1141 3569 1196 animalia
3595 1139 3714 1210 glo-

2130 1252 2477 1322 riﬁcationem
2493 1248 2789 1319 proferunt,
2814 1261 2832 1294 ι
2856 1243 3109 1304 Sanctus,
3133 1226 3370 1300 sanctus,
3398 1243 3611 1289 sanctus
3628 1232 3706 1298 ',s

2134 1354 2236 1400 tres
2266 1344 2574 1414 Itypostases
2595 1339 2855 1408 perfectas
2891 1333 3194 1390 ostendunt.
3226 1330 3291 1385 Et
3313 1331 3367 1384 in
3399 1329 3541 1383 libro
3570 1323 3717 1392 Περὶ

2130 1434 2242 1505 τῆς
2260 1431 2559 1501 erodpr
2590 1428 2936 1499 ἐπιφανείας
2955 1425 3063 1479 τοῦ
3080 1423 3229 1479 Θεοῦ
3244 1422 3437 1490 Λόγου
3452 1420 3526 1489 (p.
3550 1417 3716 1488 878):

2131 1530 2245 1588 Μία
2271 1527 2381 1602 γὰρ
2422 1530 2456 1599 ή
2496 1526 2685 1596 θεότης
2730 1525 2826 1588 κα)
2860 1518 2941 1587 εἷς
2991 1522 3125 1585 Θεὸς
3171 1521 3228 1574 ὲν
3259 1516 3437 1590 τρισὶν
3475 1513 3718 1568 ὑποστά-

2135 1639 2284 1678 σεσιν
2308 1639 2322 1653 ο
2369 1618 2487 1674 Una
2506 1619 2649 1673 enim
2691 1617 2864 1670 deitas
2920 1624 2970 1668 et
3008 1630 3144 1668 unus
3174 1610 3316 1665 Deus
3342 1610 3395 1662 in
3432 1607 3599 1661 tribus
3618 1604 3723 1674 hy-

2134 1712 2461 1786 postasibus.
2522 1708 2846 1783 Hypostasis
2905 1707 3096 1761 eodem
3160 1716 3329 1759 sensu
3387 1698 3626 1755 sumitur
3659 1695 3725 1750 in

453 1826 514 1875 ut
541 1790 941 1891 perspiciamus
961 1790 1128 1884 quam
1165 1809 1437 1865 immerito
1472 1806 1793 1878 Dionysium
1835 1802 2038 1859 Roma-
2069 1804 2110 1858 Β
2138 1806 2299 1871 libro,
2323 1801 2477 1870 Quod
2507 1818 2643 1856 unus
2668 1811 2745 1855 est
2774 1798 3041 1855 Christus.
3068 1795 3413 1851 Postremum
3444 1790 3548 1844 hoc
3577 1800 3725 1858 opus

453 1925 587 1966 num
603 1922 728 1964 cum
739 1903 1111 1961 Alexandrino
1127 1916 1372 1974 pugnare
1390 1898 1704 1956 existiment
1724 1897 1835 1951 duo
1851 1893 2035 1949 eximii

455 2003 780 2072 scriptores,
795 1997 1053 2052 Petavius
1075 1994 1151 2066 (ὃ)
1173 1999 1227 2050 et
1253 1991 1372 2048 Pet.
1391 1986 1776 2059 Coustant(4).
1798 1985 2038 2054 Uterque

454 2092 603 2148 enim
646 2103 814 2146 unam
843 2083 1185 2158 bypostasim
1217 2081 1389 2139 asseri
1413 2079 1695 2135 contendit
1723 2092 1754 2131 a
1780 2075 2038 2146 Dionysio

454 2182 707 2239 Romano
722 2179 781 2234 in
797 2173 1238 2233 bocctestimonio
1256 2170 1403 2242 apud
1419 2169 1807 2232 Athanasium,
1842 2167 1940 2221 lib.
1962 2166 2038 2221 De

454 2274 665 2331 Deerat.
686 2270 837 2339 Ntc.,
856 2286 912 2325 n.
925 2266 1017 2334 26,
1042 2281 1099 2338 p.
1114 2265 1217 2321 251
1242 2284 1256 2320 :
1273 2263 1433 2334 Ἑξῆς
1443 2262 1487 2316 δ’
1504 2261 1570 2316 ἂν
1583 2260 1808 2323 εἰκότως
1823 2259 2038 2329 λέγοιμι

456 2363 710 2437 καὶπρὸς
733 2359 1080 2434 διαιροῦντας
1119 2357 1217 2412 καὶ
1253 2352 1699 2425 κατατέμνοντας
1735 2350 1831 2404 καὶ
1879 2350 2038 2404 ἀναι-

461 2456 688 2530 ροῦντας
713 2453 777 2508 τδ
796 2449 1125 2524 σεμνότατον
1154 2448 1417 2520 κήρυγμα
1445 2444 1545 2516 τῆς
1592 2439 1918 2513 Ἐκκλησίας
1944 2440 2038 2495 τοῦ

456 2549 594 2604 Θεοῦ
625 2546 720 2602 καὶ¹
778 2543 1079 2617 μοναρχίαν
1115 2541 1196 2604 εἰς
1228 2540 1380 2611 τρεῖς
1422 2536 1681 2608 δυνάμεις
1740 2532 1893 2597 τινὰς
1943 2533 2040 2586 καὶ

468 2635 879 2713 μεμερισμένας
922 2630 1251 2693 ὑποστάσεις
1283 2626 1669 2698 καῖ’Θεότητας
1698 2627 1847 2697 τρεῖς
1871 2640 1885 2653 ·
1911 2624 2038 2679 Jam

457 2747 603 2798 vero,
629 2730 828 2797 inquit,
857 2738 1066 2796 (equum
1118 2720 1281 2790 fuerit
1299 2718 1560 2773 adversus
1590 2716 1714 2770 illos
1738 2714 2038 2782 disputare,

458 2821 552 2893 qui
573 2816 1014 2889 augustissimam
1042 2811 1143 2867 Dei
1174 2808 1431 2864 Ecclesiw
1461 2806 1898 2879 praedicationem
1926 2822 2042 2859 mo-

452 2908 740 2968 narchiam
763 2907 819 2960 in
851 2914 958 2961 tres
988 2902 1252 2975 quasdam
1281 2903 1500 2956 virtutes
1534 2915 1596 2953 ac
1631 2906 1911 2967 separatas
1944 2896 2041 2966 Ity-

452 3010 700 3072 postases
726 3008 929 3066 tresque
956 2993 1260 3050 divinitatea
1291 2990 1558 3055 dividunt,
1596 2986 1907 3042 discindunt
1942 2985 2039 3039 do-

456 3099 799 3161 struuntque.
825 3086 985 3141 Nulla
1020 3101 1152 3141 sane
1199 3087 1345 3140 inter
1395 3092 1689 3152 utrumque
1720 3078 2041 3151 Dionysium

463 3184 748 3243 sententia:
771 3182 1008 3238 varietas
1041 3199 1055 3235 :
1089 3187 1323 3248 uterque
1354 3179 1679 3248 bypostases
1709 3171 1920 3227 divisas
1958 3170 2043 3224 vi-
2072 3161 2115 3219 C

462 3284 684 3348 superat
710 3293 724 3306 ·
752 3290 930 3345 neque
957 3287 1067 3327 una
1106 3269 1420 3342 hypostasis
1457 3269 1702 3322 Romano
1722 3264 1903 3336 attingi
1940 3279 2044 3335 po-

461 3378 593 3433 test,
630 3383 757 3423 cum
790 3367 932 3421 idem
963 3378 1191 3434 prorsus
1219 3361 1366 3416 dicat
1396 3375 1459 3414 ac
1482 3358 1912 3415 Alexandrinus.
1937 3355 2045 3412 Sed

465 3461 649 3534 potius
678 3474 744 3514 ex
774 3472 842 3515 eo
865 3456 1012 3528 quod
1035 3460 1149 3510 tres
1196 3454 1522 3524 hypostases
1553 3451 1761 3505 divisas
1806 3447 2046 3512 refellat,

463 3567 576 3608 non
598 3551 836 3607 obscura
854 3546 1140 3603 conclusio
1167 3553 1254 3600 est
1279 3543 1414 3598 nihil
1430 3557 1554 3598 eum
1579 3539 2047 3610 reprcbcnsurum

464 3643 659 3707 fuisse,
697 3640 744 3696 si
761 3655 867 3695 una
899 3640 954 3693 in
972 3638 1150 3693 tribus
1172 3634 1565 3707 hypostasibus
1583 3630 1826 3687 essentia
1849 3628 2048 3683 fuisset

464 3733 729 3789 admissa.
762 3731 956 3787 Nullus
993 3743 1125 3799 ergo
1153 3728 1391 3798 scriptor
1426 3733 1553 3779 ante
1572 3722 1847 3777 Nictenam
1881 3733 2051 3790 syno-

468 3826 598 3881 dum
637 3823 871 3895 proferri
903 3829 1108 3894 potest,
1141 3818 1235 3891 qui
1274 3831 1441 3872 unam
1476 3817 1533 3871 in
1586 3815 1767 3868 tribus
1794 3810 2050 3883 personis

467 3915 809 3990 hypostasim
838 3911 1110 3969 docuerit.

541 4005 611 4063 γ.
635 4005 775 4071 Quid
797 4003 1073 4061 senserint
1093 3999 1302 4055 Nicaani
1326 3997 1520 4053 Patres
1552 4012 1620 4052 ex
1648 3995 1864 4050 duobus
1897 3992 2053 4047 locu-

470 4096 800 4170 pletissimis
848 4094 1085 4150 testibus
1130 4090 1371 4163 perspici
1415 4094 1617 4159 potest,
1657 4085 1715 4140 S.
1740 4084 2052 4139 Alexandro

471 4188 846 4245 Alexandrino
888 4193 944 4243 et
980 4184 1039 4240 S.
1089 4181 1413 4238 Athanasio.
1447 4180 1666 4234 Primus
1693 4178 1776 4234 sic
1808 4177 2054 4248 loquitur

474 4283 534 4337 in
591 4281 754 4350 epist.
827 4279 897 4334 ad
953 4275 1332 4332 Alexandrum
1376 4271 2053 4341 Constantinopolitanum

475 4368 641 4442 apud.
673 4367 1004 4423 Theodoret.
1031 4365 1071 4420 l.
1118 4381 1133 4418 ι
1180 4361 1326 4418 Hist.
1359 4363 1514 4423 εδει..
1540 4377 1593 4415 c.
1631 4360 1686 4425 4,
1713 4376 1767 4430 p.
1800 4359 1868 4414 15
1896 4354 2053 4415 τοῖόν

475 4465 592 4516 ἑστι
625 4460 686 4513 τό
710 4477 722 4490 ’
767 4457 908 4529 Ἐγὼ
938 4456 1039 4511 καὶ
1068 4458 1101 4509 ὁ
1143 4452 1346 4521 Πατὴρ
1375 4452 1444 4506 ἓν
1470 4452 1684 4521 ἐσμεν·
1719 4452 1854 4522 ὅπερ
1888 4450 2053 4520 φησὶν

2142 1900 2458 1971 abjudicant
2480 1895 2728 1953 nonnulli
2742 1893 3066 1955 Athanasio,
3089 1890 3158 1944 de
3176 1887 3419 1945 secundo
3438 1899 3547 1940 non
3565 1882 3727 1937 deest

2142 1991 2371 2048 omnino
2411 1986 2703 2044 dubitandi
2755 1986 2931 2041 locus.
2971 1983 3042 2038 At
3086 1980 3321 2054 primum
3355 1993 3385 2031 a
3416 1976 3636 2031 nemine
3663 1973 3725 2028 in

2142 2083 2372 2140 dubium
2393 2089 2717 2147 revocatur;
2736 2078 2781 2135 si
2799 2086 2982 2132 tamen
3010 2074 3258 2145 excipias
3283 2067 3723 2130 Tillemontium,

2143 2177 2238 2249 qui
2268 2175 2471 2230 fatetur
2504 2188 2565 2229 se
2612 2173 2718 2226 hac
2762 2186 2873 2224 una
2921 2184 2984 2224 re
3014 2166 3245 2223 detineri
3274 2161 3571 2234 quominus
3617 2158 3729 2213 hoc

2143 2248 2282 2338 opus
2311 2265 2617 2322 certissime
2666 2262 2929 2317 attribuat
2970 2257 3293 2320 Athanasio,
3318 2252 3463 2324 quod
3495 2248 3630 2306 illud
3656 2248 3730 2305 de

2142 2360 2325 2416 tribus
2356 2356 2748 2430 bypostasibus
2783 2351 3160 2409 testimonium
3193 2359 3441 2418 pugnare
3473 2342 3731 2398 rideatur

2143 2468 2270 2507 cum
2295 2451 2477 2506 tribus
2510 2448 2633 2503 aliis
2664 2444 2952 2500 Athanasii
2982 2441 3145 2505 locis,
3179 2440 3236 2494 in
3266 2437 3467 2509 quibus
3499 2439 3732 2489 sanctus

2144 2539 2310 2596 Pater
2354 2537 2693 2609 hypostasim
2755 2549 2857 2605 pro
2903 2531 3143 2589 essentia
3185 2528 3374 2592 sumit,
3418 2537 3615 2593 nempe
3666 2521 3729 2576 in

2147 2629 2396 2701 Epistola
2428 2628 2497 2683 ad
2528 2628 2715 2694 Afros,
2747 2625 2960 2681 inlibro
2992 2621 3072 2677 De
3116 2619 3356 2692 synodis,
3378 2624 3433 2673 et
3456 2617 3509 2670 in
3533 2620 3730 2686 quarta

2148 2724 2401 2779 adversus
2451 2722 2682 2775 Arianos
2724 2719 2984 2773 oratione.
3020 2713 3127 2769 Sed
3165 2710 3381 2768 etiamsi
3420 2710 3612 2765 demus
3639 2705 3732 2761 his

2147 2816 2202 2871 in
2226 2815 2388 2878 locis,
2420 2828 2544 2885 quae
2564 2810 2823 2867 Petavius
2854 2805 3160 2880 argumenti
3189 2805 3310 2860 loco
3338 2802 3588 2873 protulit,
3628 2800 3736 2871 by-

2146 2906 2410 2978 postasim
2473 2902 2617 2959 idem
2664 2916 2788 2957 esse
2837 2914 2903 2953 ac
2942 2896 3271 2961 essentiam;
3321 2900 3472 2949 certe
3518 2907 3628 2947 non
3653 2891 3737 2945 ait

2146 2997 2481 3052 Athanasius
2513 3009 2678 3049 unam
2710 3006 2835 3047 esse
2888 2990 2942 3044 in
2974 2988 3154 3042 tribus
3185 2985 3437 3056 personis
3472 2984 3738 3055 byposta-

2150 3087 2276 3152 sim,
2307 3086 2403 3143 sed
2434 3085 2575 3140 idem
2610 3082 2739 3137 facit
2768 3079 2914 3152 quod
2933 3080 3002 3135 ab
3033 3077 3317 3133 acerrimis
3352 3077 3519 3131 trium
3554 3075 3735 3147 hypo-

2148 3177 2381 3232 stasium
2416 3157 2800 3231 defensoribus
2824 3169 3029 3224 factum
3061 3166 3585 3223 demonstravimus.
3622 3161 3741 3220 Sed

2148 3276 2335 3324 tamen
2362 3267 2409 3323 si
2447 3266 2693 3336 excipias
2724 3264 2926 3319 librum
2970 3260 3048 3316 De
3077 3258 3316 3331 synodis,
3350 3259 3440 3313 ubi
3472 3259 3547 3311 ait
3585 3256 3743 3313 Basi-

2148 3359 2281 3414 lium
2306 3360 2658 3429 Ancyranum
2689 3353 2931 3425 conﬁteri
2966 3368 3031 3407 ex
3057 3350 3240 3405 Patris
3273 3350 3500 3405 essentia
3535 3364 3649 3403 esse
3683 3355 3741 3404 et

2149 3465 2254 3503 non
2296 3463 2361 3502 ea:
2415 3446 2528 3500 alia
2561 3444 2833 3516 hypostasi
2876 3439 3104 3504 Filium,
3154 3437 3250 3492 καὶ
3316 3437 3391 3509 μὴ
3436 3436 3495 3502 ἐξ
3540 3434 3745 3506 ἐτέρας

2151 3541 2522 3603 ὑποστάσεως,
2558 3538 2612 3591 in
2665 3535 2788 3590 aliis
2818 3533 3038 3589 duobus
3086 3529 3420 3586 testimoniis
3442 3528 3509 3581 ad
3541 3540 3740 3597 perso-

2150 3650 2278 3690 nam
2318 3634 2492 3703 ipsam
2546 3628 2863 3701 hypostasis
2921 3624 3171 3681 revocari
3201 3630 3402 3694 potest.
3451 3619 3546 3675 Sic
3585 3614 3741 3675 enim

2152 3721 2465 3794 loquiturin
2485 3718 2740 3789 Epist.ad
2760 3718 2921 3789 Afros
2946 3717 3091 3787 (pag.
3115 3714 3237 3785 894)
3270 3733 3282 3769 :
3317 3713 3382 3766 Ἦ
3410 3712 3467 3765 δὲ
3496 3711 3742 3765 ὑπόστα-

2153 3832 2238 3881 σις
2289 3816 2448 3869 οὑσία
2500 3815 2640 3878 ἐστὶ,
2683 3812 2779 3866 καὶ
2815 3809 2969 3863 οὐδὲν
3003 3808 3131 3863 ἄλλο
3164 3806 3565 3878 σημαινόμενον
3598 3802 3740 3873 ἔχει,

2151 3906 2186 3979 ἢ
2216 3906 2349 3961 αὐτὸ
2372 3906 2435 3960 τὸ
2461 3906 2551 3959 ὅν·
2610 3905 2747 3975 ὅπερ
2787 3900 3059 3972 Ἱερεμίας
3087 3896 3321 3969 ὓπαρξιν
3352 3896 3609 3966 ὀνομάζει
3650 3894 3747 3948 λέ-

2152 4013 2286 4066 γων,
2317 3997 2427 4052 Καὶ
2462 3998 2576 4050 οὐκ
2603 3994 2886 4064 ἤκουσαν
2914 3989 3126 4062 φωνὴν
3146 3986 3479 4058 ὑπάρξεως.
3534 3987 3596 4039 Ἡ
3622 3987 3739 4058 γὰρ

2154 4089 2453 4151 ὑπόστασις
2479 4086 2574 4141 καὶ
2605 4087 2640 4157 ὴ
2665 4085 2843 4148 οὐσία,
2876 4080 3108 4154 ὓπαρξίς
3130 4081 3304 4132 ἐστιν·
3341 4078 3456 4131 ἐστι
3509 4076 3618 4148 γάρ
3645 4075 3751 4131 καὶ

2155 4180 2412 4251 ὑπάρχει.
2476 4176 2794 4249 Hypostasis
2850 4184 3028 4229 autem
3079 4170 3384 4226 substantia
3431 4176 3532 4233 est,
3577 4182 3748 4237 neque

2156 4271 2324 4326 aliam
2371 4268 2526 4323 habet
2582 4266 3046 4338 signiﬁcationem,
3082 4279 3241 4333 quant
3278 4261 3376 4314 hoc
3405 4260 3578 4329 ipsum
3600 4256 3747 4328 quod

2154 4372 2233 4417 est
2266 4377 2284 4416 :
2320 4359 2459 4432 quod
2493 4357 2757 4415 Jeremias
2789 4366 2938 4413 vocat
2971 4353 3334 4426 ὓπαρξιν,εειι
3347 4350 3747 4415 exsislentiam,

2156 4456 2366 4509 dicens:
2394 4472 2412 4505 ι
2436 4451 2505 4507 Et
2533 4469 2635 4506 non
2649 4449 2929 4504 audierunt
2955 4464 3128 4503 vocem
3160 4444 3479 4500 exsistentite
3498 4456 3626 4495 mea:
3649 4440 3692 4493 ⁸.
3719 4458 3743 4493 ι

474 4555 505 4609 ὁ
527 4553 754 4624 Κύριος,
802 4527 863 4604 οὑ
906 4548 1125 4619 Πατέρα
1161 4545 1354 4599 ἑαυτὸν
1396 4542 1772 4615 ¹ἀναγορεύων,
1804 4541 1923 4595 οὐδὲ
1959 4541 2042 4596 τὰς

2163 4544 2305 4599 Ναηι
2322 4542 2623 4615 hypostasis
2643 4551 2692 4596 et
2713 4539 3035 4602 substantia,
3059 4538 3286 4605 idipsum
3306 4544 3383 4589 est
3408 4533 3546 4604 quod
3565 4531 3753 4604 ὓπαρ-

476 4640 543 4715 τῇ
575 4636 999 4696 ὑποστάσειδύο
1029 4637 1220 4707 φύσεις
1251 4637 1379 4708 μίαν
1409 4630 1545 4688 εἶναι
1588 4631 1919 4704 σαφηνίζων,
1952 4641 2059 4688 etc.

478 4730 882 4802 Cujusmodiest
898 4728 1031 4782 illud
1063 4744 1123 4782 ει
1157 4726 1270 4798 Ego
1292 4736 1341 4781 et
1372 4725 1537 4779 Pater
1560 4739 1724 4776 unum
1751 4738 1934 4776 sumus
1968 4723 2004 4774 '.
2036 4741 2052 4774 ι

481 4823 636 4891 Quod
668 4820 877 4892 quidem
917 4820 1173 4874 Dominus
1204 4818 1361 4881 dicit,
1401 4833 1509 4871 non
1552 4831 1654 4885 quo
1681 4815 1911 4882 seipsum
1952 4812 2060 4867 Pa-

482 4928 614 4972 trem
635 4917 917 4980 renuntiet,
943 4930 1036 4970 nec
1062 4930 1164 4984 quo
1193 4911 1329 4966 duas
1362 4911 1637 4982 Itypostasi
1668 4918 1893 4963 naturas
1931 4909 2060 4978 (hoc

479 5014 586 5071 est,
631 5006 770 5061 duas
821 5003 1168 5077 bypostases)
1198 5018 1361 5056 unam
1394 5017 1508 5055 esse
1547 5000 1899 5061 demonstret,
1947 5008 2059 5055 etc.

479 5098 625 5153 Alibi
656 5097 1038 5168 explicabitur,
1065 5111 1166 5152 cur
1195 5094 1254 5148 S.
1282 5092 1591 5150 Alexander
1616 5092 1753 5147 duas
1781 5091 2061 5162 hypostasi

481 5199 714 5245 naturas
764 5191 916 5245 dicat
950 5208 965 5246 :
999 5203 1151 5245 nunc
1198 5187 1332 5242 satis
1381 5195 1467 5242 est
1517 5200 1763 5247 monere,
1787 5199 1911 5239 eum
1957 5183 2061 5238 hac

483 5279 739 5348 loquendi
765 5278 976 5345 ratione
1002 5292 1162 5332 usum
1185 5291 1331 5339 esse,
1354 5276 1482 5344 quia
1510 5284 1785 5336 naturam,
1814 5287 1937 5344 quae
1952 5288 2059 5326 una

480 5385 713 5444 prorsus
743 5377 827 5424 ρει
861 5383 1113 5435 numero,
1165 5377 1227 5422 ιιι
1255 5368 1604 5437 conjunclam
1637 5381 1762 5420 cum
1800 5378 2064 5437 persona-

2170 4636 2271 4702 ξις,
2303 4652 2393 4689 seu
2422 4635 2735 4689 exsistentia
2761 4649 2780 4687 :
2807 4640 2883 4685 est
2914 4631 3049 4686 enim
3084 4640 3133 4683 et
3170 4628 3398 4685 exsistit.
3428 4626 3490 4679 Et
3519 4626 3574 4680 in
3597 4630 3749 4680 orat.

2165 4736 2361 4799 quarta
2413 4728 2465 4780 in
2499 4727 2732 4778 Arianos
2765 4722 2906 4794 (pag.
2946 4721 3071 4792 6l7)
3107 4740 3120 4775 :
3149 4721 3359 4789 Ὠσπερ
3387 4718 3443 4771 δὲ
3470 4717 3567 4787 μία
3599 4715 3753 4788 ἁρχὴ

2166 4822 2260 4874 καὶ
2293 4818 2434 4874 κατὰ
2456 4818 2615 4872 τοῦτο
2634 4811 2715 4881 εἷς
2731 4815 2884 4881 Θεὸς,
2907 4814 3080 4875 οὓτως
3106 4815 3139 4883 ή
3167 4811 3245 4883 τῷ
3269 4812 3382 4865 ὄντι
3405 4811 3499 4864 καὶ
3526 4808 3754 4881 ἀληθῶς

2126 4962 2129 4963 ,
2165 4910 2259 4963 καὶ
2297 4908 2466 4970 ὅντως
2516 4903 2652 4961 οὖσα
2706 4904 2865 4959 οὐσία
2892 4904 2988 4957 καὶ
3026 4902 3344 4963 ὑπόστασις,
3396 4900 3493 4971 μία
3526 4901 3674 4952 ἐστὶν
3711 4901 3754 4971 ἡ

2163 5001 2394 5071 λέγουσα
2419 5016 2433 5030 ο
2474 4997 2615 5068 Ἐγώ
2656 5000 2774 5067 ειμι
2811 4999 2844 5051 ὀ
2887 4995 3004 5050 ὤν’
3034 4994 3128 5049 καὶ
3169 4995 3231 5047 οὐ
3266 4993 3380 5057 δύο,
3418 4994 3505 5045 ἵνα
3540 4991 3615 5063 μὴ
3653 4991 3757 5045 δύο

2162 5091 2362 5163 ἀρχαί·
2433 5088 2608 5143 Porro
2655 5086 3099 5158 quemadmodum
3130 5103 3293 5140 unum
3326 5096 3402 5140 est
3425 5087 3754 5157 principium

2162 5191 2212 5237 et
2240 5180 2460 5250 proinde
2481 5194 2619 5234 unus
2644 5177 2809 5242 Deus,
2846 5179 2926 5232 ita
2955 5193 3072 5249 quae
3117 5178 3381 5231 verissime
3405 5186 3481 5231 est
3517 5179 3759 5231 essentia

2161 5279 2212 5325 et
2243 5272 2563 5342 [typostasis,
2618 5285 2723 5322 una
2774 5278 2854 5323 est
2912 5285 3028 5339 qua:
3073 5268 3293 5322 dicit”
3333 5266 3442 5338 Ego
3492 5283 3609 5321 sum
3656 5271 3757 5337 qui

2162 5380 2279 5416 sum
2309 5363 2353 5427 ⁸,
2385 5381 2402 5414 ι
2437 5379 2538 5415 non
2562 5372 2740 5415 autem
2790 5364 2934 5426 duce,
2972 5377 3034 5415 ne
3055 5360 3253 5413 scilicet
3277 5358 3382 5415 duo
3419 5360 3525 5414 sint
3546 5358 3757 5429 princi-

557 5528 576 5561 ¹
608 5525 767 5581 Joan.
808 5538 866 5592 ι,
900 5525 987 5579 '50.
1064 5525 1085 5556 ²
1120 5522 1252 5578 Luc.
1282 5540 1336 5587 κ,
1369 5523 1460 5578 22.
1538 5522 1558 5555 ⁸
1596 5520 1764 5593 Apoc.
1803 5536 1875 5587 tv,
1913 5519 1965 5574 8.

2147 5532 2296 5584 :rem.
2332 5532 2409 5579 Ix,
2454 5516 2542 5571 ll).
2622 5516 2642 5548 ⁵
2681 5514 2851 5569 Exod.
2890 5531 2970 5576 ut,
3007 5513 3097 5570 14.

559 5688 635 5757 ('5)
664 5685 786 5742 Lib.
830 5702 883 5742 tr
914 5684 1192 5753 De_Trin.,
1223 5699 1347 5753 cap.
1388 5697 1436 5738 ι.

2261 5676 2337 5747 (ι)
2382 5674 2551 5745 Epist.
2594 5673 2746 5730 ηυηι.
2783 5673 2939 5729 Pont.
2971 5688 3024 5745 p.
3051 5670 3180 5728 290.
3285 5657 3295 5666 ’
