3900 6212
167 319 229 376 Π
1608 332 1749 388 ΡΒ,ιέ

1864 334 1995 394 T10.
3353 353 3436 410 τοι

157 437 264 507 pia.
307 434 365 488 In
397 436 578 506 primo
601 439 912 496 testimonio
934 442 1164 498 miriﬁce
1197 448 1471 500 consentit
1500 449 1743 502 Athana-

1858 456 1996 524 τρεῖς
2027 455 2374 522 ὑποστάσεις,
2406 458 2580 529 inquit
2615 459 2668 514 in
2717 461 2912 531 Expos.
2951 463 3046 532 ﬁd.
3076 482 3131 520 η.
3166 466 3220 530 2,
3251 485 3422 537 μεμε-

156 522 272 577 sius
291 539 416 576 cum
451 525 575 578 aliis
605 525 861 583 Patribus
892 528 1118 595 Gracis,
1156 533 1251 602 qui
1302 534 1615 604 hypostasis
1645 555 1747 592 no-

157 628 283 667 men
312 630 618 683 Opposnere
652 618 925 676 hazreticis
951 620 1190 677 Verbum
1224 635 1276 679 et
1317 624 1580 696 Spiritum
1615 645 1746 682 san-

153 711 305 756 ctum
341 707 609 760 exsistere
633 711 980 777 negantibus,
1016 723 1071 767 et
1106 715 1315 770 idcirco
1346 726 1457 772 tres
1489 719 1749 789 hyposta-

154 811 245 849 ses
271 795 656 852 defenderunt.
715 800 770 853 ln
819 803 992 858 altero
1022 805 1240 860 Patrem
1275 809 1567 865 manifeste
1595 813 1749 867 desi-

152 895 310 952 gnat,
337 897 391 942 et
426 889 642 945 deitatis
675 895 936 949 unitatem
976 913 1042 951 ex
1072 914 1136 952 eo
1170 901 1384 969 probat,
1416 903 1559 972 quod
1596 906 1748 960 solus

153 975 325 1033 Pater
379 983 704 1051 principium
757 990 849 1050 sit,
898 1003 926 1040 a
971 1005 1079 1057 quo
1129 989 1250 1044 dua:
1299 994 1419 1047 alia:
1479 1011 1746 1063 personae.

227 1068 412 1138 Atque
437 1073 653 1125 etiamsi
699 1075 1038 1132 Athanasius
1067 1079 1119 1131 in
1156 1080 1278 1133 aliis
1299 1082 1557 1150 Operibus
1584 1098 1746 1136 unam

154 1158 499 1229 bypostasim
525 1164 859 1232 admisisset,
903 1170 1037 1223 nihil
1074 1171 1125 1224 id
1161 1172 1448 1228 detrahere
1475 1184 1657 1243 posset
1683 1175 1751 1230 de

156 1253 498 1318 teStimonio,
533 1256 681 1326 quod
706 1259 953 1316 eruimus
981 1277 1048 1318 ex
1093 1264 1234 1318 libro
1269 1265 1323 1318 in
1361 1266 1518 1332 illud,
1556 1267 1751 1322 Omnia

160 1344 288 1396 milii
322 1348 525 1400 tradita
559 1360 704 1405 sunt.
745 1351 997 1423 Scriptus
1048 1356 1194 1409 enim
1229 1357 1319 1411 hic
1353 1357 1571 1414 libellus
1623 1369 1752 1416 ante

158 1445 390 1492 mortem
419 1438 640 1495 Eusebii
682 1441 1141 1510 Nicomediensis,
1161 1448 1215 1501 id
1254 1457 1362 1512 est,
1392 1459 1516 1506 ante
1544 1466 1748 1505 annum

158 1526 282 1583 342.
315 1529 572 1586 Nondum
605 1545 736 1589 tunc
768 1539 1193 1606 percrebuerant
1218 1540 1287 1596 de
1315 1543 1597 1612 hypostasi
1621 1559 1752 1598 con-

157 1623 482 1688 troversiae;
515 1640 614 1680 nec
655 1643 823 1683 causa
865 1631 1088 1686 suberat
1119 1633 1251 1698 ulla,
1286 1649 1387 1688 cur
1416 1635 1750 1690 Athanasius

157 1728 278 1768 eam
335 1715 594 1785 loquendi
651 1721 917 1774 rationem
973 1721 1208 1791 fugeret,
1268 1741 1374 1794 qua
1414 1741 1522 1780 non
1571 1729 1746 1782 solum

1857 545 2120 614 ρισμένας
2157 550 2277 601 κατ’
2325 550 2542 614 ἑαυτὰς.
2587 551 2775 623 ὥσπερ
2816 557 3186 623 σωματοφυῶς
3209 559 3297 612 ἐπ’
3327 562 3424 613 ἁν-

1853 637 2112 701 θρώπων,
2147 639 2260 693 ἔστι
2297 640 2633 710 λογίσασθαι.
2668 641 2848 714 Neque
2875 654 2977 699 tres
3008 645 3309 717 hypostases
3334 665 3425 718 per

1850 727 2049 794 seipsas
2080 727 2300 794 divisas,
2329 732 2458 784 utin
2480 731 2774 787 hominibus
2801 748 2896 802 pro
2926 743 3119 788 natura
3147 754 3426 806 corporum

1856 817 2075 874 accidit.
2109 818 2195 887 {as
2225 829 2302 873 est
2330 821 2386 873 in
2416 819 2525 875 Deo
2552 822 2801 892 cogitare.

1920 909 2051 964 Post
2082 912 2371 966 concilium
2389 913 2560 967 multo
2585 914 2891 970 uberiorem
2923 915 3426 976 babemustestium

1854 1004 2065 1071 copiam
2092 1023 2103 1057 :
2130 1019 2254 1057 nam
2305 1006 2352 1060 si
2399 1005 2646 1077 singulos
2682 1008 2868 1062 saeculi
2912 1011 3093 1078 quarti
3126 1011 3426 1082 scriptores

1853 1093 2074 1149 Graecos
2098 1112 2502 1163 enumeremus,
2527 1099 2749 1154 totidem
2781 1111 2942 1155 erunt
2971 1101 3136 1156 trium
3167 1102 3430 1173 byposta-

1853 1186 1994 1239 sium
2053 1186 2394 1253 defensores,
2447 1191 2649 1261 quibus
2697 1191 2862 1246 etiam
2913 1192 3317 1263 adjungendum
3344 1201 3428 1251 est

1852 1277 2146 1331 concilium
2207 1279 2444 1349 primum
2532 1281 2718 1347 CPol.,
2757 1283 2870 1338 sive
2903 1285 3300 1340 mcumenicum
3339 1301 3430 1341 se-

1853 1368 2118 1422 cundum.
2157 1368 2322 1424 Docet
2367 1371 2512 1426 enim
2550 1372 2665 1426 haec
2714 1374 2954 1445 synodus
3000 1375 3054 1428 in
3085 1377 3316 1446 epistola
3359 1378 3429 1432 ad

1855 1456 2182 1513 Damascum
2220 1477 2385 1517 unam
2441 1478 2565 1518 esse
2612 1463 2790 1522 Patris
2834 1475 2889 1522 et
2933 1465 3054 1521 Filii
3086 1475 3140 1521 et
3191 1467 3430 1536 Spiritus

1857 1551 2034 1604 sancti
2100 1552 2419 1618 essentiam,
2482 1557 2541 1608 ὲν
2590 1559 2739 1628 ’τρισὶ⁹
2779 1558 3013 1636 τελείαις
3051 1560 3429 1626 ὑποστάσεσιν,

1853 1642 2023 1712 ἤγουν
2061 1647 2211 1714 τρισὶ
2247 1646 2474 1711 τελείοις
2521 1649 2856 1720 προσώποις,
2892 1651 2947 1704 in
2986 1651 3152 1706 tribus
3189 1651 3431 1720 perfectis

1858 1733 2257 1803 [typostasibus,
2311 1740 2417 1794 sive
2467 1741 2641 1796 tribus
2699 1742 2943 1812 perfectis
2996 1745 3257 1812 personis.
3308 1743 3432 1799 Non

157 1803 489 1869 Alexander,
509 1809 604 1861 sed
637 1811 798 1862 etiam
827 1811 1091 1883 Origenes
1107 1824 1162 1869 et
1200 1815 1491 1888 Dionysius
1513 1818 1745 1873 Alexan-
1776 1807 1820 1863 Β
1860 1839 1984 1883 utar
2037 1833 2370 1888 auctoritate
2417 1831 2618 1888 Gelasii
2649 1803 2927 1906 Cvziceni,
2964 1803 3055 1906 q'ui
3083 1837 3137 1890 in
3167 1836 3318 1892 Actis
3338 1835 3434 1890 Ni-

160 1894 355 1951 dtinus
374 1899 460 1952 usi
485 1899 721 1956 fuerant.
755 1901 1121 1967 Quamobrem
1151 1909 1365 1964 etiamsi
1385 1910 1746 1966 Athanasium

159 1993 311 2037 arcta
358 2000 486 2038 cum
549 1986 762 2043 Latinis
796 2000 850 2044 et
904 1992 1266 2049 Antiochenis
1317 1996 1634 2066 conjunctio
1681 1997 1747 2052 ad

161 2075 563 2144 professionem
613 2081 779 2136 unius
830 2082 1146 2154 hypostasis
1225 2087 1567 2153 adduxisset,
1634 2105 1744 2142 non

159 2164 370 2219 idcirco
425 2169 610 2236 priora
671 2172 824 2227 illius
876 2173 1084 2242 scripta
1150 2175 1204 2228 in
1264 2175 1492 2230 dubium
1552 2177 1744 2232 Vl'llll'e

159 2255 447 2311 deberent.
469 2258 575 2312 Sed
611 2269 795 2316 tamen
820 2277 1139 2319 asseverare
1165 2266 1289 2321 licet
1327 2283 1597 2337 nusquam
1623 2284 1747 2322 eum

163 2361 331 2400 unam
385 2350 439 2402 in
493 2353 672 2406 tribus
701 2354 953 2422 personis
996 2356 1332 2427 hypostasim
1368 2374 1604 2428 ponere;
1638 2361 1749 2414 imo

161 2452 231 2492 ex
263 2447 458 2506 quarta
483 2441 630 2497 illius
656 2444 920 2500 adversus
953 2445 1188 2502 Arianos
1213 2450 1461 2504 oratione
1483 2451 1592 2504 duo
1619 2467 1749 2520 pro-

161 2529 333 2585 feram
362 2534 699 2598 testimonia,
717 2536 775 2589 in
795 2537 996 2606 quibus
1015 2538 1352 2608 hypostasim
1377 2541 1567 2596 eodem
1593 2558 1750 2612 pror-

159 2638 253 2676 sus
284 2641 457 2680 sensu
521 2642 586 2681 ac
630 2626 896 2698 Origenes
925 2639 978 2684 et
1028 2628 1085 2683 S.
1119 2632 1446 2697 Alexander,
1494 2644 1744 2705 usurpat.

162 2713 252 2769 Sic
291 2718 461 2786 igitur
495 2719 740 2788 loquitur
759 2737 816 2774 n.
839 2720 930 2782 25.
964 2737 1017 2791 p.
1049 2723 1152 2776 626
1183 2743 1197 2779 :
1227 2726 1490 2780 Μαίνεται
1524 2728 1623 2798 μὲν
1655 2725 1748 2782 οὖν

162 2809 385 2880 Ἄρειος
411 2811 471 2876 ἐξ
523 2812 624 2864 οὐκ
675 2811 845 2866 ὄντων
870 2810 1004 2867 εἶναι
1033 2815 1205 2884 λέγων
1236 2817 1328 2871 τὸν
1360 2818 1507 2883 Υίδν,
1545 2820 1640 2873 καὶ
1681 2817 1748 2892 ἦν

158 2915 313 2962 ποτε,
355 2903 446 2954 ὅτε
468 2903 570 2955 οὐκ
601 2899 703 2974 ἦν·
741 2904 989 2974 μαίνεται
1028 2907 1084 2959 δὲ
1119 2908 1214 2961 καὶ
1261 2909 1548 2974 Σαϐἐλλιος
1573 2911 1749 2979 λέγων

157 2989 250 3042 τὸν
281 2989 507 3061 Πατέρα
565 2989 706 3047 εἶναι
747 2994 896 3061 Υἱὸν,
931 2999 1026 3050 καὶ
1063 2997 1297 3068 ἔμπαλιν
1336 3001 1426 3053 τὸν
1455 3002 1580 3056 Υἰὸν
1611 2999 1749 3058 εἶναι

157 3080 410 3152 Πατέρα,
438 3083 736 3138 ὑποστάσει
755 3087 853 3156 μὲν
882 3087 961 3154 ἓν,
990 3089 1215 3159 ὀνόματι
1254 3091 1310 3144 δὲ
1343 3091 1456 3146 δύου
1487 3094 1750 3160 Quocirca

161 3171 363 3225 insanit
391 3175 632 3242 profecto
660 3179 843 3242 Arius,
868 3195 986 3232 cum
1003 3181 1076 3234 ait
1103 3179 1305 3235 Filium
1333 3201 1398 3237 ea:
1419 3185 1585 3240 nihilo
1613 3204 1748 3253 esse,
1777 3162 1822 3222 Ο

160 3264 432 3334 fuisseque
484 3268 775 3337 aliquando
820 3287 938 3324 cum
977 3289 1079 3326 non
1106 3283 1280 3339 esset;
1325 3275 1523 3329 insanit
1553 3281 1752 3338 pariter

160 3352 457 3418 Sabellius,
473 3375 592 3410 cum
614 3359 831 3415 Patrem
858 3360 1061 3416 Filium
1093 3381 1226 3428 esse,
1244 3377 1291 3419 et
1316 3365 1514 3422 Filium
1533 3370 1750 3426 Patrem

160 3463 271 3501 esse
301 3447 478 3515 docet,
505 3467 666 3504 unum
694 3455 905 3522 quidem
936 3455 1231 3526 hypostasi,
1260 3461 1350 3514 sed
1373 3464 1580 3518 nomine
1595 3464 1746 3520 duos.

162 3536 226 3592 Et
252 3541 358 3595 sub
389 3543 555 3597 ﬁnem
613 3545 860 3614 ejusdem
915 3551 1182 3607 orationis
1215 3571 1228 3607 :
1269 3553 1340 3606 Τὸ
1375 3555 1555 3609 τοίνυν
1597 3556 1752 3625 λεγό-

165 3649 325 3702 μενον
359 3636 468 3688 ὑπὸ
489 3638 582 3690 τοῦ
612 3641 881 3709 μακαρίου
899 3643 1131 3715 Πέτρου,
1154 3646 1333 3716 ὀρθὸν,
1366 3649 1460 3700 καὶ
1485 3649 1748 3722 εἰλικρινῆ

157 3720 259 3791 τὴν
298 3720 539 3792 Θεὸτητα
576 3726 670 3777 τοῦ
701 3728 1041 3797 Μονογενοῦς
1071 3734 1356 3804 κηρύσσει,
1385 3738 1443 3790 οὑ
1484 3740 1580 3809 τὴν
1620 3742 1752 3794 ὑπό-

164 3828 358 3865 στασιν
395 3814 647 3884 χωρίζων
670 3818 762 3871 τοῦ
800 3820 934 3874 Θεοῦ
969 3823 1142 3892 Λόγου
1177 3826 1286 3878 ἀπὸ
1321 3825 1417 3880 τοῦ
1447 3830 1510 3881 ἐκ
1532 3831 1751 3902 Μαρίας

161 3903 484 3974 ἀνθρώπουο
523 3905 737 3962 Rectum
759 3921 836 3965 est
876 3913 1040 3983 igitur
1063 3917 1203 3986 quod
1235 3920 1308 3971 ait
1345 3919 1527 3974 beatus
1560 3922 1750 3978 Petrus

160 3997 250 4062 qui
303 4013 485 4050 rerum
524 3997 790 4069 Unigeniti
827 4007 1084 4073 pradicat
1137 4010 1491 4076 divinitatem,
1525 4031 1617 4068 nec
1651 4014 1751 4069 Dei

175 4085 329 4138 Verbi
369 4088 702 4157 hypostasim
725 4094 982 4166 disjungit
1023 4100 1087 4152 ab
1115 4101 1323 4156 homine
1358 4119 1424 4156 ea;
1452 4104 1633 4159 Maria
1664 4124 1751 4160 as-

164 4189 398 4246 sumpto.
459 4180 520 4233 ln
581 4183 688 4237 hoc
743 4197 1019 4255 postremo
1068 4195 1381 4250 testimonio
1436 4197 1750 4268 hypostasis

165 4273 342 4325 multo
383 4275 566 4342 aptius
606 4275 673 4328 ad
735 4294 1023 4347 personam
1073 4301 1238 4353 quam
1286 4287 1352 4340 ad
1384 4289 1750 4344 substantiam

165 4373 480 4415 revocatur.
523 4362 579 4418 In
615 4368 788 4434 primo
812 4380 992 4425 autem
1033 4376 1316 4428 contendit
1350 4376 1607 4434 Petavius
1639 4394 1751 4434 non

1857 1921 1990 1975 caeni
2019 1923 2240 1975 concilii
2271 1921 2461 1978 Osium
2491 1924 2899 1995 inducit(parte
2928 1942 3057 1989 tt,c.
3082 1926 3171 1996 12)
3195 1943 3257 1982 ex
3283 1940 3435 1980 man-

1854 2013 1983 2066 dato
1999 2029 2060 2066 ac
2077 2014 2298 2068 decreto
2325 2015 2495 2070 totius
2512 2015 2707 2087 synodi
2726 2017 3143 2087 respondentem
3161 2033 3224 2072 ac
3239 2017 3433 2088 τριάδα

1855 2103 2207 2157 ὑποστάσεων
2239 2105 2646 2174 praedicantem.
2679 2105 2851 2160 Nemo
2878 2117 2961 2162 est
2987 2108 3131 2162 enim
3163 2109 3254 2176 qui
3290 2107 3432 2161 mul-

1857 2201 1968 2245 tum
1995 2195 2158 2261 hujus
2190 2195 2477 2264 scriptoris
2512 2197 2828 2252 testimonio
2846 2197 3072 2251 tribuat.
3106 2197 3175 2250 At
3203 2213 3432 2267 sequen-

1856 2284 2000 2338 tibus
2025 2284 2241 2338 saeculis
2273 2301 2545 2340 sunnnum
2575 2285 2780 2343 fatetur
2807 2287 3061 2343 Petavius
3099 2295 3430 2343 consensum

1855 2376 2134 2430 exstitisse
2162 2374 2479 2430 Graecorum
2516 2377 2570 2432 in
2615 2379 2790 2435 tribus
2824 2379 3214 2452 hypostasibus
3243 2378 3437 2450 ιιι-ω(ιὶ-

1857 2468 2071 2522 caudis.

1926 2561 2016 2615 Vl.
2061 2561 2166 2632 Ipsi
2193 2559 2576 2619 Occidentales
2599 2563 2845 2619 eamdem
2881 2561 3134 2633 loquendi
3162 2561 3430 2615 rationem

1856 2651 2089 2706 libenter
2117 2653 2186 2706 ad
2225 2669 2360 2709 usus
2401 2669 2532 2709 suos
2594 2653 2930 2718 asciverunt,
2955 2661 3263 2724 postquam
3303 2652 3432 2707 sub-

1857 2747 2122 2800 sistentia:
2171 2761 2304 2802 voce
2360 2748 2581 2802 inventa
2625 2746 2914 2802 difﬁcultas
2953 2748 3134 2802 omnis
3187 2745 3429 2803 evanuit.

1855 2837 2034 2906 Atque
2058 2838 2108 2891 id
2138 2837 2358 2908 quidem
2391 2839 2593 2894 saeculo
2618 2840 2812 2908 quinto
2839 2840 3084 2909 contigit.
3115 2837 3221 2894 Sed
3243 2846 3435 2895 tamen

1857 2928 2015 2998 longe
2065 2937 2226 2983 antea
2277 2927 2532 2983 videntur
2573 2931 2919 2999 perspexisse
2953 2937 3065 2986 tres
3106 2929 3432 3000 bypostases

1859 3020 2244 3094 percommode
2267 3019 2456 3076 Graeco
2489 3036 2740 3077 sermone
2766 3023 3038 3092 usurpari.
3074 3022 3130 3077 ld
3157 3023 3432 3092 colligitur

1855 3130 1918 3168 ex
1953 3113 2182 3183 epistola
2211 3113 2317 3166 2M
2336 3111 2544 3180 Basilii,
2575 3129 2632 3167 n.
2664 3114 2718 3178 4,
2751 3113 2845 3168 ubi
2873 3113 2955 3168 sic
2986 3114 3227 3184 loquitur
3257 3133 3269 3168 :
3295 3115 3431 3185 Περὶ

1852 3203 1908 3256 δὲ
1939 3202 2052 3268 τοῦ,
2081 3204 2162 3256 ὅτι
2201 3202 2498 3265 ὑπόστασις
2518 3203 2611 3256 καὶ
2638 3203 2796 3258 οὐσία
2829 3205 2890 3257 οὐ
2924 3205 3120 3258 ταυτόν
3166 3205 3302 3269 ἐστι,
3335 3201 3431 3257 καὶ

1853 3294 2025 3358 αὐτοὶ,
2059 3294 2134 3357 ὡς
2163 3293 2388 3364 νομίζω,
2424 3294 2848 3367 ὑπεσημήναντο
2868 3296 2918 3349 οἱ
2947 3295 3055 3349 ἀπὸ
3087 3295 3187 3366 τῆς
3215 3294 3430 3360 Δύσεως

1853 3387 2096 3457 ἀδελφοὶ,
2131 3387 2189 3440 ἐν
2228 3382 2310 3450 οἷς
2340 3386 2400 3439 τὸ
2432 3387 2617 3443 στενὸν
2647 3389 2748 3457 τῆς
2781 3387 2988 3443 ἑαυτῶν
3043 3388 3288 3460 γλώττης
3325 3389 3430 3458 ὑφ-

1850 3478 2140 3550 ορώμενοι,
2186 3479 2248 3532 τὺ
2280 3480 2378 3551 τῆς
2427 3480 2614 3544 οὐσίας
2669 3480 2839 3550 ὄνομα
2893 3483 2959 3552 τῇ
3019 3479 3226 3535 Ἐλλάδι
3278 3482 3428 3552 φωνῇ

1853 3571 2336 3642 παραδεδώκασινο
2401 3572 2509 3637 ἵνα,
2574 3573 2629 3626 εἴ
2665 3589 2750 3636 τις
2796 3572 2884 3642 εἴη
2929 3572 3160 3644 διαφορὰ
3191 3572 3293 3643 τῆς
3339 3573 3430 3625 ὲν-

1851 3661 2022 3725 νοίας,
2062 3661 2285 3726 σώζοιτο
2314 3663 2452 3734 αὐτὴ
2497 3663 2556 3716 ὲν
2594 3665 2661 3733 τῇ
2703 3663 2948 3734 εὐκρινεί
2993 3662 3087 3716 καὶ
3136 3661 3430 3734 ἀσυγχύτῳ

1853 3752 2132 3806 διαστάσει
2152 3751 2260 3806 τῶν
2289 3753 2568 3824 ὀνομάτων
2600 3770 2615 3785 ·
2653 3753 2807 3818 Quod
2841 3762 3017 3808 autem
3045 3753 3341 3824 ltgpostasis
3379 3763 3432 3809 et

1851 3843 2078 3895 essentia
2107 3843 2242 3896 idem
2267 3859 2370 3896 non
2384 3851 2527 3910 sunt,
2561 3840 2618 3895 id
2644 3851 2697 3897 et
2721 3843 2843 3912 ipsi,
2874 3851 2933 3896 ut
2958 3852 3106 3912 puto,
3124 3841 3430 3898 subindica-

1852 3944 1978 3986 runt
2004 3933 2378 3988 Occidentales
2405 3935 2622 4003 fratres,
2652 3933 2776 3988 dum
2807 3935 3000 4004 lingua:
3018 3951 3128 3989 sua:
3152 3936 3428 4003 angustias

1851 4026 2121 4089 subveriti,
2142 4027 2381 4081 essentiae
2407 4043 2595 4080 nomen
2636 4027 2816 4096 lingua
2841 4024 3027 4080 Gra'ca
3071 4025 3428 4094 tradiderunt,

1851 4125 1907 4168 ul
1925 4117 1969 4168 si
1987 4133 2090 4185 qua
2115 4125 2245 4169 esset
2262 4117 2530 4170 sententia:
2550 4117 2922 4185 discrepantia,
2941 4117 3038 4171 illa
3059 4119 3175 4187 ipsa
3195 4134 3432 4172 servare-

1854 4216 1940 4260 tur
1966 4207 2020 4259 in
2045 4207 2192 4260 clara
2215 4215 2265 4260 et
2293 4207 2505 4261 minime
2541 4208 2765 4276 confusa
2799 4209 3072 4262 nominum
3099 4208 3424 4263 diversitate.

1924 4295 2228 4360 Quinetiam
2259 4296 2376 4365 ipse
2405 4295 2672 4352 Damasus
2699 4304 2812 4353 tres
2856 4297 3182 4368 hypostases
3211 4299 3429 4352 videtur

1854 4385 2163 4440 admisisse.
2199 4385 2334 4438 Nam
2375 4387 2429 4439 in
2458 4387 2706 4456 epistola
2737 4387 2802 4440 ad
2836 4384 3121 4440 Paulinum
3167 4388 3429 4457 prmdicat

164 4467 485 4522 persooam,
515 4458 607 4510 sed
632 4459 682 4511 id
706 4465 1078 4532 tantumquod
1109 4482 1296 4520 revera
1315 4469 1553 4534 exsistit,
1586 4471 1748 4525 intel-
1781 4493 1824 4547 ῃ
1857 4492 2018 4529 unum
2045 4475 2210 4529 Deum
2235 4475 2290 4528 in
2317 4475 2482 4530 tribus
2509 4475 2877 4546 hypostasibus
2897 4493 2916 4530 :
2944 4475 3076 4529 Θεὸν
3099 4476 3192 4530 ἕνα
3219 4477 3278 4530 ἐν
3307 4495 3427 4548 τρι-

166 4544 604 4614 ligendumesse.
631 4548 698 4602 At
724 4567 922 4621 negare
949 4570 1057 4608 non
1087 4565 1265 4625 potest
1289 4575 1454 4613 unam
1487 4560 1750 4632 byposta-

167 4639 269 4690 sim
299 4638 481 4707 rejici.
518 4638 688 4696 Porro
721 4653 831 4698 tres
867 4645 1189 4716 hypostases
1219 4666 1328 4705 non
1368 4653 1475 4708 alio
1517 4657 1751 4712 consilio

168 4732 344 4785 sancti
376 4731 568 4787 Patres
599 4733 982 4803 defenderunt,
1013 4741 1120 4796 nisi
1161 4752 1219 4796 ut
1253 4742 1450 4800 Filium
1484 4755 1539 4802 et
1575 4750 1752 4818 Spiri-

168 4815 280 4874 tum
313 4837 425 4876 non
457 4824 778 4882 ellicientias
798 4831 1066 4899 quasdam
1103 4848 1167 4887 ac
1191 4838 1412 4891 nomine
1444 4845 1602 4894 tenus
1627 4855 1750 4908 per-

166 4930 333 4969 sonas
367 4931 514 4978 esse,
569 4918 666 4972 sed
720 4919 916 4975 Filium
951 4939 1081 4980 vere
1124 4933 1184 4979 ut
1237 4927 1456 4997 Filium,
1485 4931 1748 5002 Spiritum

169 5017 424 5060 sanctum
456 5023 584 5063 vere
616 5019 672 5062 ut
713 5011 979 5081 Spiritum
1026 5021 1294 5076 exsistere
1337 5023 1654 5092 probarent.
1691 5023 1750 5079 ln

166 5100 416 5152 eamdem
457 5115 685 5168 prorsus
733 5107 1056 5161 sententiam
1099 5111 1340 5180 loquitur
1391 5115 1746 5180 Athanasius,

168 5189 296 5242 dum
353 5189 573 5245 Patrem
627 5203 680 5248 et
717 5193 913 5251 Filium
963 5200 1242 5271 hypostasi
1291 5221 1458 5259 unum
1499 5208 1608 5263 dici
1639 5224 1746 5262 non

170 5283 395 5348 patitur.
426 5283 488 5336 ln
531 5301 642 5354 quo
689 5293 965 5343 consentit
1012 5308 1138 5346 cum
1173 5295 1462 5354 decessore
1499 5315 1622 5365 suo,
1654 5300 1749 5370 qui

170 5372 307 5427 duas
341 5375 396 5428 in
432 5373 594 5430 Patre
643 5386 697 5432 et
740 5377 876 5434 Filio
923 5382 1246 5452 hypostases
1275 5393 1560 5461 agnoscit;
1620 5411 1752 5452 con-

173 5464 334 5516 sentit
357 5481 487 5518 cum
509 5466 734 5530 Basilio,
766 5471 859 5539 qui
892 5488 1056 5526 unum
1098 5477 1376 5547 hypostasi
1399 5481 1567 5537 Deum
1588 5501 1616 5539 a
1647 5484 1750 5542 Sa-

173 5552 332 5608 bellio
363 5557 648 5626 prmdicari
683 5561 864 5624 docet,
899 5565 1060 5632 epist.
1095 5567 1218 5630 2H,
1255 5586 1311 5623 n.
1343 5572 1396 5627 5.
1433 5573 1608 5629 Unum
1649 5579 1750 5633 ad-

177 5644 297 5700 dam
325 5649 615 5706 Athanasii
646 5653 848 5718 locum,
889 5656 942 5710 in
980 5674 1089 5728 quo
1125 5662 1412 5719 manifeste
1443 5675 1553 5723 tres
1588 5669 1753 5740 hypo-

181 5741 372 5804 αδδεδ,
400 5748 461 5795 ut
489 5757 655 5813 supra
693 5743 986 5822 Dionysius
1033 5761 1278 5829 uterque,
1317 5755 1570 5816 admittit.
1613 5762 1749 5818 Οὔτε

1858 4569 1940 4620 σἰν
1965 4567 2342 4622 ὑποστάσεσιν.
2362 4567 2558 4638 Spuria
2579 4569 2830 4624 videntur
2845 4569 2958 4624 haec
2968 4579 3242 4640 postrema
3263 4571 3430 4625 verba

1855 4660 2174 4714 doctissimo
2237 4659 2601 4730 Epistolarum
2670 4661 2990 4732 pontiﬁcum
3053 4661 3426 4718 Romanorum

1853 4752 2048 4806 editori
2076 4759 2360 4821 pr0pterea
2390 4751 2536 4823 quod
2563 4753 2762 4810 desunt
2791 4756 2850 4809 in
2877 4755 3282 4825 exemplaribus
3325 4755 3430 4811 La-

1856 4847 2006 4900 tinis.
2048 4844 2153 4901 Sed
2181 4855 2360 4900 tamen
2397 4846 2713 4900 confirmari
2743 4856 2969 4917 possent
3000 4846 3242 4901 Flaviani
3277 4849 3429 4901 testi-

1854 4939 2062 5001 monio,
2093 4938 2186 5008 qui
2219 4936 2506 4992 Paulinum
2539 4953 2725 4992 coram
2775 4939 3040 5010 magistro
3076 4939 3306 4993 militum
3341 4940 3422 4994 sic

1855 5031 2159 5100 alloquitur
2193 5029 2335 5100 apud
2358 5029 2760 5086 Theodoretum
2783 5031 2822 5086 l.
2853 5047 2906 5098 v,
2937 5047 2987 5102 c.
3015 5032 3065 5100 5,
3099 5048 3152 5103 p.
3186 5033 3284 5086 9.01
3318 5053 3330 5086 :
3361 5033 3424 5086 Εἰ

1854 5120 1950 5192 τὴν
1990 5121 2265 5190 Δαμάσου,
2315 5113 2360 5171 ὧ
2400 5119 2643 5190 φιλότης,
2681 5121 2965 5175 κοινωνίαν
3013 5121 3250 5194 ἀσπάζῃ,
3305 5123 3428 5175 ἐπί-

1854 5213 2026 5278 δειξον
2060 5217 2192 5284 ἡμῖν
2233 5211 2418 5281 σαφῶς
2459 5207 2558 5281 τὴν
2600 5213 2708 5265 τῶν
2763 5213 3048 5284 δογμάτων
3087 5214 3422 5282 συγγένειαν.

1867 5307 2100 5368 Ἐκεῖνος
2147 5305 2254 5375 γὰρ
2301 5304 2427 5374 μίαν
2468 5305 2567 5374 τῆς
2618 5304 2848 5374 Τριάδος
2898 5305 3084 5358 οὐσίαν
3127 5306 3426 5375 ὁμολογῶν,

1853 5395 1953 5460 τὰς
1986 5399 2133 5468 τρεῖς
2156 5396 2478 5457 ὑποστάσεις
2510 5395 2805 5466 διαρρήδην
2842 5397 3100 5467 κηρύττει
3121 5412 3133 5425 ⁶
3170 5397 3234 5450 σὺ
3257 5396 3314 5449 δὲ
3337 5396 3430 5450 ἄν·

1852 5505 2040 5559 τικρυς
2059 5487 2168 5541 τῶν
2201 5487 2549 5540 ὑποστάσεων
2575 5488 2814 5559 ἀναιρεῖς
2850 5489 2948 5559 τὴν
2979 5489 3202 5559 Τριάδα.
3235 5490 3296 5544 Si
3312 5489 3428 5543 Da-

1853 5580 1992 5635 masi
2024 5581 2436 5633 communionem
2480 5577 2825 5646 amplecteris,
2865 5597 2894 5633 ο
2937 5582 3123 5645 amice,
3167 5579 3422 5633 doctrina:

1856 5671 2005 5727 nobis
2040 5671 2375 5738 manifestam
2419 5669 2822 5724 similitudinem
2863 5672 3094 5727 ostende.
3152 5671 3294 5726 Nam
3333 5673 3428 5727 ille

1856 5763 2066 5837 quidem
2124 5781 2281 5818 unam
2341 5761 2677 5834 eamdemque
2734 5761 3008 5819 Trinitatis
3075 5763 3428 5820 substantiam
