3900 6212
540 302 601 362 19
1988 310 2377 370 PBEFATIO.
3691 315 3755 371 90

530 418 810 489 conﬁtens,
840 431 943 481 tres
973 432 1277 495 aypostases
1311 424 1507 481 diserte
1545 428 1819 494 pra’dicat.
1870 429 1949 485 Tn
1986 448 2112 485 con-
2139 436 2187 494 Α
2213 430 2598 502 hypostasibus
2624 432 2967 489 traditionem
3008 431 3263 490 Ecclesne
3293 441 3510 491 sccut‘us
3533 435 3613 498 sit,
3634 434 3757 487 forte

531 522 639 577 tua,
677 511 993 570 Trinitatem
1056 516 1200 570 tollis
1262 516 1646 588 hypostasecon.
1701 520 1778 576 Ex
1831 521 1915 577 his
1964 532 2109 593 patet

527 600 825 660 Damasum
857 603 943 660 sui
977 619 1103 659 cum
1145 603 1348 661 Graecis
1376 621 1682 664 consensus
1722 608 1941 679 aliquod
1991 625 2110 666 mo-

525 703 853 752 numentum
885 696 1146 761 edidisse,
1173 697 1318 767 quod
1363 698 1419 753 in
1455 696 1678 755 Oriente
1701 706 1891 754 notum
1925 702 2107 755 omni-

525 787 636 842 bus
662 795 717 843 et
744 795 1005 844 testatum
1047 796 1212 845 esset.
1260 788 1394 843 Nam
1440 789 1577 845 nihil
1615 806 1844 861 prorsus
1880 806 2109 862 respon-

525 878 660 935 dere
688 885 866 951 potuit
888 879 1172 945 Paulinus,
1207 888 1345 936 teste
1374 879 1735 937 Theodoreto.
1766 882 1983 937 Nullum
2011 898 2109 938 au-

524 981 637 1027 tem
669 971 888 1028 videtur
919 973 1100 1043 aptius
1125 971 1353 1043 proferri
1389 988 1552 1043 posse
1582 984 2016 1038 monumentum,
2049 976 2106 1028 in

522 1079 638 1135 quo
673 1065 728 1122 id
749 1067 1068 1137 praestiterit
1091 1066 1380 1131 Damasus,
1411 1081 1573 1138 quam
1605 1066 1835 1137 epistola
1870 1068 1936 1121 ad
1966 1066 2107 1120 Pau-

524 1156 725 1212 linum.
756 1156 959 1228 Objicit
1000 1157 1258 1216 Petavius
1291 1160 1486 1230 synodi
1523 1157 1784 1212 Romanae
1819 1157 2103 1226 epistolam

525 1248 632 1304 sub
651 1247 842 1304 eodem
874 1247 1127 1315 Damaso’,
1158 1250 1214 1305 in
1235 1266 1346 1321 qua
1369 1266 1478 1306 una
1507 1249 1825 1321 hypostasis
1838 1256 1891 1303 et
1913 1264 2104 1304 essen-

522 1339 602 1393 tia
625 1340 872 1396 docetur.
910 1340 1015 1396 Sed
1037 1341 1350 1413 hypostasis
1377 1356 1565 1397 vocem
1594 1342 1788 1397 merito
1811 1341 2002 1395 deesse
2047 1341 2102 1394 in

523 1432 931 1502 exemplaribus
983 1432 1191 1490 Latinis
1241 1433 1612 1504 probavimus,
1643 1440 1757 1488 not.
1820 1432 1888 1487 ad
1939 1433 2098 1503 epist.

521 1520 616 1583 95,
642 1535 697 1590 p.
725 1520 848 1577 186.
990 1578 995 1585 ,

594 1610 797 1667 Videor
820 1612 951 1666 mihi
984 1628 1050 1667 ex
1095 1613 1182 1669 his
1231 1629 1392 1684 posse
1448 1613 1776 1668 concludere
1825 1610 2097 1666 neminem

521 1718 753 1774 prorsus
780 1705 1059 1761 exstitisse
1104 1707 1248 1763 inter
1285 1704 1600 1762 Catholicos
1643 1705 1972 1769 Orientales,
2003 1704 2098 1774 qui

2214 531 2394 578 tamen
2430 540 2460 578 a
2517 526 2798 581 nonnullis
2846 541 2911 581 eo
2960 526 3180 580 nomine
3227 528 3587 587 accusabitur,
3624 526 3757 595 quod

2212 614 2384 669 nimio
2411 615 2670 687 abreptus
2706 617 2886 672 studio
2930 632 2959 671 a
2995 619 3434 687 temperamentis
3479 619 3531 672 in
3569 617 3758 687 synodo

2211 704 2575 762 Alexandrina
2608 707 2939 777 prmscriptis
2969 708 3305 763 discesserit.
3337 708 3472 763 Cum
3504 707 3637 762 enim
3666 721 3757 759 au-

2210 795 2440 852 divisset
2474 812 2620 852 anno
2657 799 2769 852 575
2796 798 3080 853 Paulinum
3113 801 3348 869 acceptis
3378 798 3546 853 Boma
3577 798 3759 869 perho-

2211 887 2458 943 noriﬁcis
2487 889 2685 943 litteris
2711 890 3057 944 vehementer
3099 890 3307 955 eﬂ‘erri,
3333 890 3555 960 ejusque
3572 890 3757 943 amicos

2210 993 2337 1033 cum
2374 978 2618 1034 Ecclesia
2641 978 2697 1034 S.
2738 979 2935 1035 Meletii
2970 982 3228 1051 conjungi
3266 983 3424 1046 velle,
3458 995 3522 1035 ac
3555 995 3756 1050 operam

2211 1070 2345 1125 dare
2372 1079 2432 1124 ut
2466 1070 2778 1126 Terentium
2823 1071 2877 1126 in
2926 1081 3107 1142 partes
3143 1087 3273 1128 suas
3319 1072 3621 1132 traherent;
3655 1080 3760 1126 sta-

2210 1163 2308 1217 tim
2352 1163 2576 1233 scripsit
2631 1162 2700 1218 ad
2753 1163 2897 1217 hunc
2947 1165 3224 1228 comitem,
3269 1171 3331 1218 ut
3370 1163 3490 1233 ejus
3533 1163 3758 1217 animum

2212 1260 2635 1322 praeoccuparet,
2680 1260 2771 1307 aut
2797 1254 2842 1308 si
2880 1269 2986 1323 qua
3028 1270 3150 1309 eum
3190 1255 3445 1325 opinione
3478 1254 3759 1309 adversarii

2211 1353 2674 1414 praeocupassent,
2711 1346 2928 1416 penitus
2956 1348 3310 1402 convelleret.
3353 1346 3411 1401 In
3455 1347 3554 1401 hac
3589 1353 3758 1400 autem

2207 1436 2438 1504 epistola
2482 1437 2563 1491 sic
2591 1453 2745 1493 suam
2773 1438 2840 1493 de
2865 1438 3249 1509 hypostasibus
3294 1439 3613 1494 sententiam
3666 1453 3759 1491 ex-

2196 1528 2360 1596 .ponit
2391 1545 2405 1583 :
2438 1529 2512 1580 Οὐ
2546 1528 2724 1598 μέντοι
2767 1530 2955 1583 τούτου
2996 1548 3059 1599 γε
3097 1532 3279 1584 ἕνεκεν
3328 1530 3596 1600 δυνάμεθά
3636 1545 3758 1582 ποτε

2206 1619 2436 1683 ἑαυτοὺς
2482 1623 2688 1683 πεῖσαι,
2733 1620 2765 1691 ἢ
2819 1621 3078 1674 Μελὲτιον
3134 1622 3415 1692 ἀγνοῆσαι,
3458 1623 3490 1691 ἦ
3536 1621 3631 1689 τῆς
3669 1621 3758 1672 ὑπ’

2203 1710 2368 1762 αὑτὸν
2415 1710 2739 1780 Ἐκκλησίας
2798 1713 3165 1777 ἐπιλαθέσθαι,
3220 1714 3253 1784 ἢ
3317 1713 3385 1767 τὰ
3446 1713 3758 1784 ζητήματα,

522 1809 693 1848 unam
737 1794 793 1849 in
839 1794 1017 1851 tribus
1062 1797 1313 1865 personis
1360 1794 1700 1867 hypOstasim
1751 1793 2085 1857 admitteret,

2199 1798 2344 1868 ὑπὲρ
2372 1791 2447 1851 ὧν
2478 1799 2536 1863 ἐξ
2571 1799 2745 1870 ἀρχῆς
2783 1802 2815 1870 ἡ
2853 1801 3129 1866 διάστασις
3171 1804 3383 1870 γέγονε,
3436 1804 3602 1873 μικρά
3632 1805 3761 1875 ἡγή-

521 1893 722 1957 praeter
775 1884 1064 1941 Paulinum
1117 1886 1516 1942 Antiochenum
1593 1886 1823 1956 ejusque
1867 1884 2094 1939 amicos.

519 1976 709 2048 Neque
739 1978 904 2034 etiam
931 1978 1117 2034 dicere
1142 1978 1368 2033 verebor
1407 1985 1519 2033 tres
1550 1978 1871 2048 hypostases
1902 1976 2098 2030 imme-

520 2071 630 2124 rito
677 2084 710 2124 a
753 2067 811 2124 S.
859 2069 1212 2141 Hieronymo,
1269 2078 1329 2125 ut
1375 2070 1631 2140 loquendi
1678 2070 1944 2124 rationem
1998 2082 2096 2122 sua

520 2172 716 2232 sponte
750 2178 861 2218 non
896 2170 1207 2219 accuratam
1240 2160 1559 2231 vituperari.
1595 2159 1731 2214 Tota
1759 2158 2096 2213 swcularium

519 2252 822 2308 litterarum
851 2252 1054 2318 schola,
1082 2252 1257 2322 inquit
1300 2253 1356 2306 in
1395 2250 1626 2322 epistola
1680 2250 1749 2305 ad
1800 2239 2093 2303 Damasum

516 2358 737 2415 papam,
766 2344 901 2398 nihil
926 2344 1074 2397 aliud
1113 2341 1441 2415 hypostasim
1480 2343 1585 2397 nisi
1616 2343 1789 2397 usiam
1824 2342 1965 2395 novit
1988 2357 2007 2395 .'
2044 2348 2094 2394 et

515 2438 817 2507 quisquam,
859 2452 1007 2506 rogo,
1034 2453 1124 2490 ore
1156 2434 1412 2505 sacrilego
1456 2443 1561 2489 tres
1602 2433 1926 2488 substantias
1964 2448 2095 2500 pras-

515 2529 758 2584 dicabit?
790 2527 904 2582 Etsi
927 2527 1241 2583 abundabat
1271 2525 1579 2581 eruditione
1609 2524 1668 2579 S.
1694 2523 2081 2594 Hieronymus,

515 2621 772 2677 videntur
801 2630 984 2676 tamen
1019 2619 1125 2673 hac
1172 2620 1226 2673 in
1276 2634 1333 2675 re
1381 2619 1667 2687 opiniones
1701 2616 2011 2685 anticipata:
2038 2614 2090 2669 ei

510 2712 776 2768 illusisse.
804 2711 939 2768 Nam
965 2711 1199 2767 Budaeus
1244 2718 1299 2765 et
1341 2718 1465 2781 post
1511 2724 1635 2764 eum
1677 2707 1947 2763 Henricus
1969 2705 2091 2760 Ste-

513 2807 731 2877 phanus
762 2806 1057 2862 observant
1102 2820 1246 2875 saepe
1289 2804 1433 2875 apud
1478 2802 1736 2872 antiquos
1789 2800 2087 2870 scriptores

511 2895 854 2967 hypostasim
904 2894 972 2951 de
1018 2896 1086 2951 iis
1118 2894 1229 2949 dici
1267 2908 1390 2965 qtue
1431 2907 1557 2947 vere
1579 2891 1876 2952 exsistunt,
1925 2897 1980 2944 et
2018 2888 2086 2943 iis

510 2988 712 3057 opponi
745 3002 866 3057 qua:
899 2986 1082 3057 specie
1132 2992 1346 3039 tantum
1389 2991 1485 3037 aut
1529 2980 1801 3052 cogitandi
1846 2981 2080 3035 ratione.

2202 1889 2419 1953 σασθαι,
2453 1891 2545 1943 καὶ
2577 1890 2762 1960 ὀλίγην
2795 1890 2937 1962 ἔχειν
2975 1892 3231 1965 διαφορὰν
3259 1895 3476 1965 νομίσαι
3509 1895 3638 1965 πρὸς
3673 1895 3761 1947 τὸν

2196 1981 2295 2050 τῆς
2327 1979 2607 2043 εὐσεϐείας
2640 1981 2859 2034 σκοπόν.
2923 1982 3062 2049 Ἐγὼ
3100 1983 3226 2052 γὰρ,
3253 1984 3349 2052 οὐχ
3378 1986 3524 2046 ὅπως
3560 1986 3604 2035 εἰ
3645 1986 3763 2036 ὲπι-

2197 2073 2396 2143 στολήν
2421 2089 2505 2135 τις
2542 2073 2844 2143 ἀνθρώπων
2865 2074 3152 2143 δεξάμενος
3188 2076 3272 2128 ἐπ’
3299 2077 3431 2146 αὐτῇ
3472 2076 3608 2146 μέγα
3629 2093 3760 2146 φρο-

2196 2165 2294 2223 νεῖ.
2343 2162 2529 2215 τούτου
2565 2162 2751 2215 ἕνεκεν
2793 2164 3159 2235 ὑποσταλῖψαί
3200 2183 3330 2217 ποτε
3371 2165 3758 2236 καταδέξομαν

2196 2253 2309 2306 ἀλλ’
2333 2254 2439 2306 οὐδ’
2470 2254 2535 2308 ἂν
2565 2253 2622 2319 ἐξ
2645 2255 2821 2307 αὐτῶν
2842 2257 2951 2330 ἥκῃ
2969 2257 3076 2309 τῶν
3097 2255 3360 2328 οὐρανῶν,
3397 2255 3471 2327 μὴ
3494 2260 3673 2327 στοιχῇ
3703 2257 3763 2309 δὲ

2193 2345 2270 2416 τῷ
2295 2346 2587 2414 ὑγιαίνοντι
2610 2345 2752 2415 λόγῳ
2786 2347 2885 2416 τῆς
2931 2347 3184 2411 πίστεως,
3214 2346 3444 2417 δύναμαι
3467 2348 3627 2400 αὐτὸν
3648 2365 3762 2401 κοι-

2194 2439 2361 2491 νωνὸν
2401 2438 2707 2509 ἡγήσασθαι
2755 2438 2863 2491 τῶν
2904 2439 3074 2507 ἁγίων
3111 2457 3124 2472 ·
3182 2438 3303 2493 Non
3340 2440 3536 2493 idcirco
3590 2449 3764 2492 tamen

2193 2529 2322 2582 nti/ti
2373 2530 2482 2597 ipse
2530 2547 2755 2601 unquam
2783 2531 3098 2599 persuadere
3125 2532 3344 2599 possim,
3375 2539 3433 2583 ut
3473 2539 3563 2583 aut
3596 2528 3762 2583 Hele-

2193 2621 2323 2673 timn
2373 2622 2639 2691 ignorem,
2683 2631 2775 2674 aut
2811 2620 3061 2676 Ecclesia:
3100 2624 3183 2675 cui
3228 2631 3417 2689 pra’est
3452 2621 3761 2683 obliviscar,

2190 2720 2284 2764 aut
2319 2713 2655 2781 qumstioues,
2696 2711 2760 2766 de
2802 2711 2989 2780 quibus
3030 2712 3093 2765 ab
3130 2713 3278 2766 initio
3322 2720 3448 2765 nata
3482 2711 3760 2774 dissensio,

2186 2800 2348 2856 exiles
2398 2809 2593 2871 putem,
2623 2811 2673 2855 et
2729 2802 2878 2871 parvi
2909 2800 2978 2854 ad
3018 2803 3225 2869 pietatis
3277 2803 3597 2869 propositum
3649 2817 3761 2854 mo-

2184 2893 2369 2947 menti.
2404 2891 2513 2962 Ego
2535 2892 2676 2946 enim
2726 2910 2829 2946 non
2856 2893 3046 2955 solum,
3078 2893 3124 2946 si
3156 2894 3271 2962 quis
3307 2893 3369 2947 ob
3399 2902 3659 2960 acceptam
3694 2891 3762 2945 ab

2188 2982 2487 3037 hominibus
2527 2986 2805 3054 epistolam
2828 2986 3110 3054 efferatur,
3148 3001 3250 3038 non
3295 2984 3487 3038 idcirco
3528 2984 3763 3039 abstrahi

510 3080 670 3137 Unde
701 3078 933 3135 Budaeus
958 3079 1015 3133 in
1058 3077 1467 3134 Commentariis
1519 3076 1723 3145 profert
1765 3075 1907 3128 hunc
1967 3073 2086 3127 Ari-
2109 3118 2152 3175 α
2187 3091 2269 3129 me
2323 3092 2554 3143 unquam
2594 3086 2644 3131 et
2696 3076 2917 3131 subduci
2972 3078 3189 3145 patiar:
3238 3076 3327 3130 sed
3378 3093 3558 3146 neque,
3609 3077 3657 3130 si
3696 3091 3766 3130 ea:

507 3174 724 3231 ctotelis
753 3173 934 3227 locum
953 3171 1032 3227 De
1054 3175 1270 3235 mundo,
1304 3186 1425 3241 cap.
1454 3169 1487 3223 4
1515 3188 1528 3223 :
1563 3167 1869 3238 Συλλὴϐδην
1895 3166 1952 3218 δὲ
1973 3165 2080 3218 τῶν

505 3267 567 3323 ἐν
595 3264 716 3334 ἀέρι
746 3262 1144 3335 φαντασμάτων
1167 3262 1235 3315 τὰ
1266 3260 1363 3333 μέν
1397 3263 1514 3314 ἐστι
1556 3261 1675 3315 κατ’
1730 3259 1983 3331 ἔμφασιν,
2011 3259 2080 3314 τά

502 3357 562 3411 δὲ
612 3356 731 3410 καθ’
779 3356 1074 3410 ὑπόστασιν
1103 3368 1118 3383 ⁸
1164 3354 1244 3408 Ad
1301 3369 1563 3409 summam
1610 3368 1812 3416 eorum,
1855 3367 1973 3422 qua:
2021 3351 2078 3405 in

506 3465 626 3504 aere
649 3456 929 3519 apparent,
959 3445 1069 3500 alia
1086 3447 1256 3515 specie
1275 3456 1424 3500 tenus
1455 3445 1737 3507 exsistunt,
1756 3442 1867 3497 alia
1886 3441 2077 3496 habent

501 3540 665 3594 etiam
712 3539 1060 3610 hypostasim.
1102 3538 1265 3592 Addit
1302 3537 1466 3592 etiam
1515 3534 1647 3590 illud
1694 3534 1982 3589 Themistii
2018 3534 2076 3588 in

507 3629 670 3700 Phys.
704 3643 747 3683 ιι
786 3645 802 3683 :
852 3630 919 3682 Ἀ
955 3628 1089 3699 μηδὲ
1128 3627 1207 3698 τῷ
1250 3623 1406 3698 λόγῳ
1445 3625 1708 3697 χωριστὰ,
1752 3624 1926 3679 ταῦτα
1980 3624 2075 3678 καὶ¹

500 3721 796 3775 ὑποστάσει
821 3720 1114 3793 χωρίζουσι
1146 3739 1160 3753 ·
1208 3721 1341 3787 Qua:
1387 3735 1449 3773 ne
1487 3720 1700 3773 ratione
1736 3716 1941 3790 quidem
1989 3733 2074 3772 se-

498 3813 685 3887 parari
715 3820 953 3880 possunt,
1004 3827 1066 3864 ea
1103 3811 1264 3863 etiam
1314 3808 1583 3879 hypostasi
1625 3816 1893 3877 separant.
1935 3805 2073 3860 Cum

498 3918 634 3974 ergo
662 3902 977 3974 hypostasis
1008 3907 1314 3971 opponatur
1351 3898 1419 3954 iis
1450 3913 1575 3969 quae
1598 3898 1713 3953 sola
1744 3898 1958 3952 ratione
1977 3903 2076 3951 aut

503 3994 688 4064 specie
729 4000 941 4048 tantum
970 3993 1274 4054 exsistunt,
1305 3990 1502 4045 merito
1549 3988 1724 4044 sancti
1766 3986 1979 4069 Patres,
2015 3992 2075 4040 ut

502 4085 721 4139 Patrem
756 4098 884 4138 vere
914 4097 1039 4137 esse
1066 4089 1296 4152 patrem,
1322 4076 1521 4133 Filium
1563 4094 1690 4133 vero
1722 4092 1846 4133 esse
1879 4077 2070 4141 lilium,

502 4174 767 4243 Spiritum
836 4187 966 4228 vere
1017 4187 1140 4228 esse
1211 4171 1465 4241 spiritum
1520 4170 1909 4237 ostenderent,
1963 4180 2074 4225 tres

501 4268 829 4339 hypostases
911 4264 1280 4335 praedicarunt
1364 4271 1557 4318 contra
1641 4262 1939 4317 Sabellium
2020 4269 2076 4316 et

502 4359 757 4420 Nectum,
785 4357 880 4426 qui
915 4370 1038 4410 cum
1080 4362 1192 4411 tres
1220 4354 1441 4425 quidem
1495 4369 1760 4426 personas
1792 4355 2072 4419 dicerent,

2184 3165 2313 3234 ipsis
2361 3165 2528 3219 missa
2571 3167 2641 3219 sit
2698 3166 2839 3220 caelis
2867 3206 2880 3228 ,
2927 3182 3018 3220 nec
3071 3183 3258 3222 sanam
3309 3166 3398 3220 ille
3450 3167 3768 3236 profiteatur

2186 3259 2311 3329 fidei
2351 3258 2667 3335 doctrinam,
2739 3276 2955 3329 possum
3006 3259 3158 3313 illum
3200 3269 3498 3313 sanctorum
3530 3275 3769 3313 commu-

2180 3356 2351 3409 nionis
2384 3354 2689 3425 participem
2710 3356 3035 3409 existimare.
3053 3355 3164 3410 Cur
3189 3362 3365 3408 autem
3394 3354 3462 3409 de
3489 3354 3589 3407 hac
3617 3368 3771 3422 qutu-

2179 3446 2356 3501 stione
2379 3455 2432 3501 ct
2458 3446 2524 3500 de
2536 3445 2763 3500 Paulino
2792 3446 2872 3501 sic
2897 3448 3113 3511 sentiat,
3139 3448 3275 3500 batlc
3297 3444 3451 3500 alfcrt
3474 3446 3763 3503 rationem.

2175 3535 2321 3608 quod
2352 3536 2633 3601 Paulinus,
2668 3537 2796 3591 dum
2819 3551 2983 3590 unam
3018 3537 3379 3608 hypostasim,
3416 3544 3528 3591 tres
3561 3551 3770 3605 perso—-

2176 3640 2279 3680 nas
2319 3624 2586 3694 perfectas
2619 3626 2874 3688 admittit,
2900 3626 2955 3680 in
2996 3627 3098 3680 hoc
3126 3642 3156 3681 a
3190 3625 3424 3682 Sabellio
3442 3642 3550 3681 non
3578 3627 3769 3680 disce-

2175 3714 2289 3782 dat,
2319 3716 2411 3787 qui
2436 3718 2640 3787 pariter
2668 3732 2831 3771 unam
2862 3717 3220 3788 hypostasim,
3267 3727 3320 3773 et
3351 3728 3462 3773 tres
3498 3733 3770 3787 personas

2175 3807 2489 3863 admiserat.
2558 3806 2739 3874 Quare
2787 3809 3066 3863 contendit
3128 3809 3360 3863 Basilius
3404 3810 3764 3876 conjunctio-

2174 3915 2298 3957 nem
2341 3917 2465 3956 cum
2511 3900 2781 3971 ejusmodi
2834 3902 3148 3958 hominibus
3203 3917 3366 3955 unam
3414 3901 3762 3972 hypostasim

2175 3990 2598 4062 proﬁtentibus,
2647 3993 2766 4047 sine
2811 3993 3153 4063 gravissimis
3209 3992 3568 4047 incommodis
3621 3991 3763 4046 iniri

2179 4098 2290 4138 non
2323 4098 2486 4153 posse
2519 4102 2532 4139 :
2565 4085 2661 4147 Τίς
2690 4084 2733 4136 δ’
2769 4086 2836 4138 ἂν
2871 4084 3079 4154 γένοιτο
3118 4085 3217 4155 τῆς
3256 4084 3508 4153 διαϐολῆς
3549 4083 3765 4154 ταύτης

2179 4174 2553 4245 χαλεπωτέρα,
2583 4175 2676 4227 καὶ
2705 4174 2904 4245 μᾶλλον
2930 4174 3198 4245 δυναμένη
3240 4174 3364 4236 τοὺς
3391 4174 3620 4234 πολλοὺς
3649 4172 3771 4225 δια.-

2179 4264 2459 4327 σαλεῦσαι,
2494 4263 2526 4335 ἢ
2561 4265 2609 4317 εί
2640 4264 2939 4333 φανείησάν
2968 4281 3110 4327 τινες
3132 4262 3192 4328 ἐξ
3220 4262 3372 4334 ἡμῶν
3411 4263 3627 4332 Πατρὸς
3663 4263 3772 4315 καὶ

2178 4355 2310 4409 Υίοῦ
2351 4356 2446 4409 καὶ
2484 4356 2639 4424 ἁγίου
2682 4355 3000 4427 Πνεύματος
3049 4354 3176 4427 μίαν
3224 4355 3519 4407 ὑπόστασιν
3564 4353 3770 4421 λέγον-

500 4457 642 4507 teste
681 4448 884 4503 Basilio
904 4447 1066 4517 epist.
1090 4446 1219 4513 2M,
1261 4463 1317 4500 ιι.
1341 4447 1396 4515 5,
1423 4446 1519 4505 sed
1548 4446 1651 4501 hoc
1694 4461 1941 4516 persona:
1984 4462 2080 4501 no-
2112 4453 2154 4508 ο
2179 4466 2271 4511 τες
2289 4466 2303 4480 ο
2332 4448 2589 4515 Quasnam
2617 4457 2789 4502 autem
2815 4446 2913 4501 hac
2940 4446 3209 4500 calumnia
3234 4447 3445 4516 gravior
3488 4461 3603 4499 esse
3633 4460 3771 4512 pos-

498 4557 623 4597 men
653 4540 720 4595 ad
752 4540 1156 4610 metaphoricos
1196 4553 1395 4595 sensus
1422 4535 1849 4608 detorquerenti
1872 4537 2080 4609 aliquid

495 4634 578 4688 eis
617 4631 819 4703 opponi
858 4630 1079 4696 debuit,
1124 4630 1271 4701 quod
1308 4630 1515 4701 pariter
1553 4631 1774 4686 eludere
1809 4646 1917 4685 non
1961 4645 2082 4700 pos-

496 4732 639 4781 sent.
680 4724 749 4778 At
781 4722 920 4778 nihil
947 4723 1016 4777 ad
1060 4737 1178 4779 eam
1202 4737 1318 4779 rem
1353 4722 1552 4795 aptius,
1592 4724 1727 4777 nihil
1769 4724 2082 4794 signiﬁcan—

494 4824 607 4874 tius
631 4816 947 4889 liypostasis
973 4830 1125 4871 voce.
1162 4814 1317 4871 Unde
1346 4814 1620 4873 Sabellius
1657 4832 1826 4871 unum
1851 4833 2076 4887 prorsus

503 4908 787 4981 hypostasi
817 4907 988 4964 Deum
1014 4922 1138 4963 esse
1173 4907 1574 4973 contendebat,
1633 4919 1690 4963 ut
1742 4908 1942 4964 ibidem
1994 4916 2075 4966 te-

499 5008 676 5058 statur
696 4998 950 5056 Basilius.

1221 5110 1249 5183 §
1291 5109 1355 5169 ιι.

493 5223 535 5284 Ι.
574 5226 820 5301 _Videt_ur
862 5227 922 5284 S.
957 5228 1198 5301 Basilius
1250 5230 1435 5301 prima,
1467 5231 1635 5297 specie
1674 5246 1905 5301 pugnare
1951 5248 2069 5287 cum

563 5294 957 5369 S._Atl_tan_asio
984 5309 1033 5352 et
1059 5297 1118 5369 δε
1145 5294 1395 5369 Gregorio
1419 5299 1476 5352 in
1494 5294 1683 5355 'tribus'
1700 5294 2068 5369 hgpostasibus

560 5366 921 5434 defendendis.
963 5369 1026 5422 ll.
1063 5367 1185 5422 Non
1218 5366 1393 5422 tamen
1415 5369 1637 5425 discedit
1656 5366 1881 5425 adebita
1904 5374 2067 5426 animi

562 5435 942 5511 moderatione.
991 5437 1296 5511 Quo_sen_su
1335 5439 1470 5493 hanc
1519 5441 1861 5511 quwstionem
1890 5444 2067 5511 magni

562 5508 816 5580 momenti
847 5523 962 5562 esse
993 5508 1168 5580 duxit.
1202 5509 1320 5574 Quo
1364 5508 1677 5580 sensufcum
1704 5508 2065 5580 defensoribus

560 5577 719 5634 unius
747 5575 1047 5647 hypostasis
1077 5580 1492 5633 communionem
1522 5575 1805 5635 iucundam
1836 5584 2060 5651 negavit.

565 5711 606 5774 I.
647 5710 907 5786 Quamvis
956 5711 1015 5770 S.
1072 5713 1303 5772 Basilius
1363 5716 1418 5772 in
1470 5714 1824 5773 defendendis
1884 5716 2060 5772 tribus

2185 4542 2277 4606 sit,
2300 4550 2351 4596 et
2370 4541 2438 4595 ad
2465 4541 2657 4595 multos
2688 4538 3084 4593 commovendos
3133 4540 3325 4607 aptior,
3364 4553 3521 4607 quam
3567 4539 3615 4590 si
3668 4540 3774 4607 qui

2184 4647 2249 4685 ea:
2274 4633 2424 4685 nobis
2445 4631 2724 4686 videantur
2762 4629 2943 4683 Patris
2982 4637 3033 4683 et
3068 4627 3199 4682 Filii
3242 4638 3290 4683 et
3327 4626 3558 4697 Spiritus
3582 4631 3776 4681 sancti

2181 4740 2342 4779 unam
2383 4724 2706 4794 hypostasim
2764 4722 2976 4777 dicere?
3024 4722 3083 4776 ln
3126 4720 3369 4775 eamdem
3423 4721 3771 4775 sententiam

2179 4813 2259 4869 sic
2310 4812 2603 4883 alloquitur
2643 4810 2999 4881 Epiphanium
3034 4808 3089 4862 in
3136 4807 3368 4877 epistola
3410 4806 3539 4865 258.
3585 4823 3645 4859 ιι.
3672 4807 3711 4858 5
3754 4825 3770 4860 :

2187 4901 2413 4966 Ἱκανῶς
2441 4902 2498 4955 δέ
2539 4918 2640 4972 μου
2675 4903 2892 4954 κάκεῖνο
2922 4900 3021 4970 τὴν
3057 4898 3234 4969 ψυχὴν
3287 4895 3658 4967 παρεκάλεσε,
3701 4896 3777 4949 τὸ

2174 4993 2474 5063 προστεθὲν
2507 4991 2659 5063 ποιρά
2685 4992 2785 5061 τῆς
2823 4990 2923 5060 σῆς
2952 4989 3235 5060 ἀκριϐείας
3271 4989 3381 5050 τοῖς
3418 4989 3630 5047 λοιποῖς
3665 5003 3779 5037 κα-

2170 5082 2280 5147 λῶς
2326 5085 2421 5137 καὶ
2456 5082 2697 5154 ἀκριϐῶς
2739 5081 3122 5151 Οεολογηθεῖσιο
3161 5079 3222 5131 τὸ
3256 5080 3405 5149 τρεῖς
3450 5077 3777 5142 ἀναγκαῖον

2169 5166 2311 5224 εἶναι
2344 5171 2444 5233 τὰς
2474 5170 2797 5232 ὑποστάσεις
2829 5169 3126 5239 ὁμολογεῖν.
3165 5168 3326 5220 Ὥστε
3353 5164 3510 5217 τοῦτο
3560 5164 3663 5217 καὶ
3711 5168 3774 5217 οἱ

2169 5261 2309 5315 κατὰ
2351 5261 2676 5331 Ἀντιόχειαν
2708 5260 2925 5328 ἀδελφοὶ
2951 5257 3383 5314 διδασκέσθωσαν
3431 5253 3585 5323 παρὰ
3630 5253 3771 5315 σοῦ,

2136 5398 2143 5403 .
2171 5352 2389 5416 πάντως
2409 5350 2467 5405 δέ
2491 5368 2592 5405 που
2621 5351 2715 5405 καὶ
2742 5349 3124 5421 ἐδιδάχθησαν·
3155 5348 3217 5403 οὐ
3246 5348 3354 5419 γὰρ
3375 5346 3439 5400 ἂν
3464 5346 3613 5399 εἵλου
3656 5346 3773 5417 δη-

2138 5441 2341 5495 λονότι
2372 5441 2472 5511 τὴν
2494 5439 2629 5512 πρὸς
2663 5440 2861 5502 αὐτοὺς
2890 5437 3194 5503 κοινωνίαν,
3243 5437 3319 5508 μὴ
3358 5434 3515 5488 τοῦτο
3563 5434 3775 5488 αὐτῶν

2136 5533 2403 5603 ,μάλιστα
2477 5532 2539 5585 τὸ
2596 5531 2761 5603 μέρος
2816 5529 3287 5599 ἀσφαλισάμενος·
3348 5526 3509 5581 Valde
3565 5535 3774 5591 autem

2167 5639 2337 5677 meum
2370 5622 2504 5677 illud
2529 5622 2690 5677 etiam
2732 5622 2968 5675 animum
2998 5620 3266 5680 recreavit,
3293 5617 3431 5688 quod
3461 5619 3775 5685 diligentia

2167 5726 2258 5773 tua
2310 5716 2512 5773 ca’teris
2563 5714 2815 5784 prtvclare
2843 5722 2891 5767 et
2930 5720 3183 5783 accurate
3224 5710 3463 5767 tractatis
3524 5708 3773 5779 adjecit,
