  <div class='ocr_page' id='page_1' title='image "/cluster/home/n/w/nwhite01/storage/ocr_20150623/32/nnc1.0046978879/018.png"; bbox 0 0 3900 6212; ppageno 0'>
   <div class='ocr_carea' id='block_1_1' title="bbox 244 228 3491 291">
    <p class='ocr_par' dir='ltr' id='par_1_1' title="bbox 244 228 3491 291">
     <span class='ocr_line' id='line_1_1' title="bbox 244 228 3491 291; baseline 0.001 -6"><span class='ocrx_word' id='word_1_1' title='bbox 244 228 303 286; x_wconf 72' lang='grc'><strong>21</strong></span> <span class='ocrx_word' id='word_1_2' title='bbox 1651 233 2043 291; x_wconf 65' lang='lat' dir='ltr'><strong>PREFATIO.</strong></span> <span class='ocrx_word' id='word_1_3' title='bbox 3422 232 3491 289; x_wconf 68' lang='lat'><strong>9.9</strong></span> 
     </span>
    </p>
   </div>
   <div class='ocr_carea' id='block_1_2' title="bbox 238 342 3491 421">
    <p class='ocr_par' dir='ltr' id='par_1_2' title="bbox 238 342 3491 421">
     <span class='ocr_line' id='line_1_2' title="bbox 238 342 3491 421; baseline 0.002 -27"><span class='ocrx_word' id='word_1_4' title='bbox 238 355 445 395; x_wconf 74' lang='lat' dir='ltr'><strong>necesse</strong></span> <span class='ocrx_word' id='word_1_5' title='bbox 486 358 601 396; x_wconf 87' lang='lat' dir='ltr'><strong>esse</strong></span> <span class='ocrx_word' id='word_1_6' title='bbox 650 351 752 396; x_wconf 79' lang='lat' dir='ltr'><strong>tres</strong></span> <span class='ocrx_word' id='word_1_7' title='bbox 803 342 1108 413; x_wconf 79' lang='lat' dir='ltr'><strong>hypostases</strong></span> <span class='ocrx_word' id='word_1_8' title='bbox 1154 346 1418 414; x_wconf 80' lang='lat' dir='ltr'><strong>conﬁteri.</strong></span> <span class='ocrx_word' id='word_1_9' title='bbox 1488 346 1819 414; x_wconf 78' lang='lat' dir='ltr'><strong>Quapropter</strong></span> <span class='ocrx_word' id='word_1_10' title='bbox 1847 364 1890 421; x_wconf 72' lang='grc' dir='ltr'><strong>Α</strong></span> <span class='ocrx_word' id='word_1_11' title='bbox 1922 348 2121 413; x_wconf 88' lang='lat' dir='ltr'><strong>virtus,</strong></span> <span class='ocrx_word' id='word_1_12' title='bbox 2156 363 2275 419; x_wconf 71' lang='lat' dir='ltr'><strong>qum</strong></span> <span class='ocrx_word' id='word_1_13' title='bbox 2299 349 2354 402; x_wconf 90' lang='lat' dir='ltr'><strong>in</strong></span> <span class='ocrx_word' id='word_1_14' title='bbox 2385 349 2640 405; x_wconf 89' lang='lat' dir='ltr'><strong>omnibus</strong></span> <span class='ocrx_word' id='word_1_15' title='bbox 2680 348 2861 404; x_wconf 75' lang='lat' dir='ltr'><strong>Basilii</strong></span> <span class='ocrx_word' id='word_1_16' title='bbox 2894 348 3055 404; x_wconf 88' lang='lat' dir='ltr'><strong>dictis</strong></span> <span class='ocrx_word' id='word_1_17' title='bbox 3084 355 3140 405; x_wconf 86' lang='lat' dir='ltr'><strong>et</strong></span> <span class='ocrx_word' id='word_1_18' title='bbox 3186 347 3344 405; x_wconf 86' lang='lat' dir='ltr'><strong>factis</strong></span> <span class='ocrx_word' id='word_1_19' title='bbox 3371 346 3491 403; x_wconf 88' lang='lat' dir='ltr'><strong>elu-</strong></span> 
     </span>
    </p>
   </div>
   <div class='ocr_carea' id='block_1_3' title="bbox 234 431 1824 508">
    <p class='ocr_par' dir='ltr' id='par_1_3' title="bbox 234 431 1824 508">
     <span class='ocr_line' id='line_1_3' title="bbox 234 431 1824 508; baseline 0.005 -25"><span class='ocrx_word' id='word_1_20' title='bbox 234 431 433 501; x_wconf 79' lang='lat' dir='ltr'><strong>fratres</strong></span> <span class='ocrx_word' id='word_1_21' title='bbox 466 434 785 489; x_wconf 78' lang='lat' dir='ltr'><strong>Antiocheni</strong></span> <span class='ocrx_word' id='word_1_22' title='bbox 815 435 910 489; x_wconf 82' lang='lat' dir='ltr'><strong>hoc</strong></span> <span class='ocrx_word' id='word_1_23' title='bbox 944 438 1105 489; x_wconf 89' lang='lat' dir='ltr'><strong>etiam</strong></span> <span class='ocrx_word' id='word_1_24' title='bbox 1145 454 1177 490; x_wconf 90' lang='lat' dir='ltr'><strong>a</strong></span> <span class='ocrx_word' id='word_1_25' title='bbox 1216 447 1266 491; x_wconf 88' lang='lat' dir='ltr'><strong>te</strong></span> <span class='ocrx_word' id='word_1_26' title='bbox 1301 438 1656 501; x_wconf 88' lang='lat' dir='ltr'><strong>edoceantur;</strong></span> <span class='ocrx_word' id='word_1_27' title='bbox 1699 454 1824 508; x_wconf 87' lang='lat' dir='ltr'><strong>pro-</strong></span> 
     </span>
    </p>
   </div>
   <div class='ocr_carea' id='block_1_4' title="bbox 236 523 1824 593">
    <p class='ocr_par' dir='ltr' id='par_1_4' title="bbox 236 523 1824 593">
     <span class='ocr_line' id='line_1_4' title="bbox 236 523 1824 593; baseline 0.004 -17"><span class='ocrx_word' id='word_1_28' title='bbox 236 523 373 591; x_wconf 74' lang='lat' dir='ltr'><strong>fecto</strong></span> <span class='ocrx_word' id='word_1_29' title='bbox 402 535 583 579; x_wconf 85' lang='lat' dir='ltr'><strong>autem</strong></span> <span class='ocrx_word' id='word_1_30' title='bbox 606 525 727 593; x_wconf 88' lang='lat' dir='ltr'><strong>jam</strong></span> <span class='ocrx_word' id='word_1_31' title='bbox 751 526 923 579; x_wconf 88' lang='lat' dir='ltr'><strong>edocti</strong></span> <span class='ocrx_word' id='word_1_32' title='bbox 947 538 1069 581; x_wconf 86' lang='lat' dir='ltr'><strong>sunt</strong></span> <span class='ocrx_word' id='word_1_33' title='bbox 1105 545 1123 581; x_wconf 92' lang='lat'><em>:</em></span> <span class='ocrx_word' id='word_1_34' title='bbox 1151 546 1277 582; x_wconf 90' lang='lat' dir='ltr'><strong>nam</strong></span> <span class='ocrx_word' id='word_1_35' title='bbox 1324 532 1433 583; x_wconf 96' lang='lat' dir='ltr'><strong>sine</strong></span> <span class='ocrx_word' id='word_1_36' title='bbox 1461 529 1618 582; x_wconf 86' lang='lat' dir='ltr'><strong>dubio</strong></span> <span class='ocrx_word' id='word_1_37' title='bbox 1643 544 1824 582; x_wconf 85' lang='lat' dir='ltr'><strong>eorum</strong></span> 
     </span>
    </p>
   </div>
   <div class='ocr_carea' id='block_1_5' title="bbox 236 617 1824 684">
    <p class='ocr_par' dir='ltr' id='par_1_5' title="bbox 236 617 1824 684">
     <span class='ocr_line' id='line_1_5' title="bbox 236 617 1824 684; baseline 0.003 -17"><span class='ocrx_word' id='word_1_38' title='bbox 236 617 515 681; x_wconf 73' lang='lat' dir='ltr'><strong>amplexus</strong></span> <span class='ocrx_word' id='word_1_39' title='bbox 541 633 646 669; x_wconf 89' lang='lat' dir='ltr'><strong>non</strong></span> <span class='ocrx_word' id='word_1_40' title='bbox 688 633 827 671; x_wconf 84' lang='lat' dir='ltr'><strong>esses</strong></span> <span class='ocrx_word' id='word_1_41' title='bbox 861 621 1300 684; x_wconf 79' lang='lat' dir='ltr'><strong>communionem,</strong></span> <span class='ocrx_word' id='word_1_42' title='bbox 1332 621 1435 674; x_wconf 86' lang='lat' dir='ltr'><strong>nisi</strong></span> <span class='ocrx_word' id='word_1_43' title='bbox 1469 621 1697 674; x_wconf 74' lang='lat' dir='ltr'><strong>maxime</strong></span> <span class='ocrx_word' id='word_1_44' title='bbox 1727 618 1824 673; x_wconf 97' lang='lat' dir='ltr'><strong>tibi</strong></span> 
     </span>
    </p>
   </div>
   <div class='ocr_carea' id='block_1_6' title="bbox 233 705 1072 775">
    <p class='ocr_par' dir='ltr' id='par_1_6' title="bbox 233 705 1072 775">
     <span class='ocr_line' id='line_1_6' title="bbox 233 705 1072 775; baseline 0.008 -19"><span class='ocrx_word' id='word_1_45' title='bbox 233 705 299 758; x_wconf 87' lang='lat' dir='ltr'><strong>de</strong></span> <span class='ocrx_word' id='word_1_46' title='bbox 321 705 424 759; x_wconf 77' lang='lat' dir='ltr'><strong>hoc</strong></span> <span class='ocrx_word' id='word_1_47' title='bbox 454 708 628 775; x_wconf 87' lang='lat' dir='ltr'><strong>capite</strong></span> <span class='ocrx_word' id='word_1_48' title='bbox 656 716 870 760; x_wconf 90' lang='lat' dir='ltr'><strong>cautum</strong></span> <span class='ocrx_word' id='word_1_49' title='bbox 915 718 1072 763; x_wconf 87' lang='lat' dir='ltr'><strong>esset.</strong></span> 
     </span>
    </p>
   </div>
   <div class='ocr_carea' id='block_1_7' title="bbox 305 795 1817 873">
    <p class='ocr_par' dir='ltr' id='par_1_7' title="bbox 305 795 1817 873">
     <span class='ocr_line' id='line_1_7' title="bbox 305 795 1817 873; baseline 0.003 -24"><span class='ocrx_word' id='word_1_50' title='bbox 305 795 581 852; x_wconf 78' lang='lat' dir='ltr'><strong>Videntur</strong></span> <span class='ocrx_word' id='word_1_51' title='bbox 598 799 713 853; x_wconf 83' lang='lat' dir='ltr'><strong>haec</strong></span> <span class='ocrx_word' id='word_1_52' title='bbox 737 800 916 869; x_wconf 89' lang='lat' dir='ltr'><strong>prima</strong></span> <span class='ocrx_word' id='word_1_53' title='bbox 945 802 1130 871; x_wconf 84' lang='lat' dir='ltr'><strong>specie</strong></span> <span class='ocrx_word' id='word_1_54' title='bbox 1156 816 1399 873; x_wconf 86' lang='lat' dir='ltr'><strong>pugnare</strong></span> <span class='ocrx_word' id='word_1_55' title='bbox 1420 817 1545 856; x_wconf 85' lang='lat' dir='ltr'><strong>cum</strong></span> <span class='ocrx_word' id='word_1_56' title='bbox 1569 800 1817 871; x_wconf 78' lang='lat' dir='ltr'><strong>Gregorii</strong></span> 
     </span>
    </p>
   </div>
   <div class='ocr_carea' id='block_1_8' title="bbox 233 886 1823 961">
    <p class='ocr_par' dir='ltr' id='par_1_8' title="bbox 233 886 1823 961">
     <span class='ocr_line' id='line_1_8' title="bbox 233 886 1823 961; baseline 0.002 -20"><span class='ocrx_word' id='word_1_57' title='bbox 233 886 571 943; x_wconf 81' lang='lat' dir='ltr'><strong>Nazianzeni</strong></span> <span class='ocrx_word' id='word_1_58' title='bbox 600 891 669 945; x_wconf 90' lang='lat' dir='ltr'><strong>de</strong></span> <span class='ocrx_word' id='word_1_59' title='bbox 718 890 824 945; x_wconf 85' lang='lat' dir='ltr'><strong>hac</strong></span> <span class='ocrx_word' id='word_1_60' title='bbox 859 891 1162 961; x_wconf 80' lang='lat' dir='ltr'><strong>quaestione</strong></span> <span class='ocrx_word' id='word_1_61' title='bbox 1198 890 1447 961; x_wconf 79' lang='lat' dir='ltr'><strong>judicio,</strong></span> <span class='ocrx_word' id='word_1_62' title='bbox 1503 902 1555 946; x_wconf 90' lang='lat' dir='ltr'><strong>et</strong></span> <span class='ocrx_word' id='word_1_63' title='bbox 1608 906 1823 947; x_wconf 88' lang='lat' dir='ltr'><strong>summa</strong></span> 
     </span>
    </p>
   </div>
   <div class='ocr_carea' id='block_1_9' title="bbox 234 980 1819 1039">
    <p class='ocr_par' dir='ltr' id='par_1_9' title="bbox 234 980 1819 1039">
     <span class='ocr_line' id='line_1_9' title="bbox 234 980 1819 1039; baseline 0.001 -7"><span class='ocrx_word' id='word_1_64' title='bbox 234 980 525 1034; x_wconf 78' lang='lat' dir='ltr'><strong>Athanasii</strong></span> <span class='ocrx_word' id='word_1_65' title='bbox 556 982 611 1034; x_wconf 90' lang='lat' dir='ltr'><strong>in</strong></span> <span class='ocrx_word' id='word_1_66' title='bbox 635 981 879 1037; x_wconf 87' lang='lat' dir='ltr'><strong>sedanda</strong></span> <span class='ocrx_word' id='word_1_67' title='bbox 904 983 1183 1038; x_wconf 83' lang='lat' dir='ltr'><strong>discordia</strong></span> <span class='ocrx_word' id='word_1_68' title='bbox 1220 982 1387 1037; x_wconf 90' lang='lat' dir='ltr'><strong>animi</strong></span> <span class='ocrx_word' id='word_1_69' title='bbox 1424 983 1819 1039; x_wconf 74' lang='lat' dir='ltr'><strong>moderatione.</strong></span> 
     </span>
    </p>
   </div>
   <div class='ocr_carea' id='block_1_10' title="bbox 236 1071 1821 1153">
    <p class='ocr_par' dir='ltr' id='par_1_10' title="bbox 236 1071 1821 1153">
     <span class='ocr_line' id='line_1_10' title="bbox 236 1071 1821 1153; baseline 0.002 -29"><span class='ocrx_word' id='word_1_70' title='bbox 236 1071 366 1127; x_wconf 79' lang='lat' dir='ltr'><strong>llaec</strong></span> <span class='ocrx_word' id='word_1_71' title='bbox 403 1075 551 1128; x_wconf 91' lang='lat' dir='ltr'><strong>enim</strong></span> <span class='ocrx_word' id='word_1_72' title='bbox 597 1075 977 1153; x_wconf 78' lang='lat' dir='ltr'><strong>controversia</strong></span> <span class='ocrx_word' id='word_1_73' title='bbox 1029 1074 1245 1130; x_wconf 86' lang='lat' dir='ltr'><strong>videtur</strong></span> <span class='ocrx_word' id='word_1_74' title='bbox 1283 1073 1546 1146; x_wconf 80' lang='lat' dir='ltr'><strong>Gregorio</strong></span> <span class='ocrx_word' id='word_1_75' title='bbox 1601 1072 1821 1140; x_wconf 50' lang='grc' dir='ltr'><strong>(ωλι,</strong></span> 
     </span>
    </p>
   </div>
   <div class='ocr_carea' id='block_1_11' title="bbox 235 1164 1822 1235">
    <p class='ocr_par' dir='ltr' id='par_1_11' title="bbox 235 1164 1822 1235">
     <span class='ocr_line' id='line_1_11' title="bbox 235 1164 1822 1235; baseline -0.001 -18"><span class='ocrx_word' id='word_1_76' title='bbox 235 1179 291 1233; x_wconf 84' lang='lat' dir='ltr'><strong>p.</strong></span> <span class='ocrx_word' id='word_1_77' title='bbox 326 1164 456 1233; x_wconf 82' lang='lat'><strong>596)</strong></span> <span class='ocrx_word' id='word_1_78' title='bbox 488 1181 569 1220; x_wconf 85' lang='lat' dir='ltr'><strong>res</strong></span> <span class='ocrx_word' id='word_1_79' title='bbox 595 1182 816 1235; x_wconf 87' lang='lat' dir='ltr'><strong>prorsus</strong></span> <span class='ocrx_word' id='word_1_80' title='bbox 840 1165 1069 1220; x_wconf 85' lang='lat' dir='ltr'><strong>ridicula</strong></span> <span class='ocrx_word' id='word_1_81' title='bbox 1102 1165 1180 1220; x_wconf 81' lang='lat' dir='ltr'><strong>vel</strong></span> <span class='ocrx_word' id='word_1_82' title='bbox 1206 1164 1531 1230; x_wconf 86' lang='lat' dir='ltr'><strong>miseranda,</strong></span> <span class='ocrx_word' id='word_1_83' title='bbox 1567 1165 1646 1231; x_wconf 83' lang='grc' dir='ltr'><strong>ὡς</strong></span> <span class='ocrx_word' id='word_1_84' title='bbox 1676 1164 1822 1219; x_wconf 75' lang='grc' dir='ltr'><strong>λίαν</strong></span> 
     </span>
    </p>
   </div>
   <div class='ocr_carea' id='block_1_12' title="bbox 235 1254 1821 1327">
    <p class='ocr_par' dir='ltr' id='par_1_12' title="bbox 235 1254 1821 1327">
     <span class='ocr_line' id='line_1_12' title="bbox 235 1254 1821 1327; baseline 0.001 -21"><span class='ocrx_word' id='word_1_85' title='bbox 235 1254 479 1322; x_wconf 72' lang='grc' dir='ltr'><strong>γελοῖον</strong></span> <span class='ocrx_word' id='word_1_86' title='bbox 508 1255 549 1324; x_wconf 83' lang='grc' dir='ltr'>ἢ</span> <span class='ocrx_word' id='word_1_87' title='bbox 586 1257 861 1310; x_wconf 78' lang='grc' dir='ltr'><strong>ἐλεεινόν</strong></span> <span class='ocrx_word' id='word_1_88' title='bbox 880 1272 895 1286; x_wconf 72' lang='grc' dir='ltr'><strong><em>ο</em></strong></span> <span class='ocrx_word' id='word_1_89' title='bbox 929 1257 1055 1311; x_wconf 86' lang='lat' dir='ltr'><strong>levis</strong></span> <span class='ocrx_word' id='word_1_90' title='bbox 1094 1264 1147 1310; x_wconf 87' lang='lat' dir='ltr'><strong>et</strong></span> <span class='ocrx_word' id='word_1_91' title='bbox 1164 1256 1355 1327; x_wconf 85' lang='lat' dir='ltr'><strong>jejuna</strong></span> <span class='ocrx_word' id='word_1_92' title='bbox 1392 1255 1455 1310; x_wconf 87' lang='lat' dir='ltr'><strong>de</strong></span> <span class='ocrx_word' id='word_1_93' title='bbox 1483 1272 1663 1310; x_wconf 76' lang='lat' dir='ltr'><strong>uocum</strong></span> <span class='ocrx_word' id='word_1_94' title='bbox 1692 1271 1821 1309; x_wconf 90' lang='lat' dir='ltr'><strong>sono</strong></span> 
     </span>
    </p>
   </div>
   <div class='ocr_carea' id='block_1_13' title="bbox 236 1344 1819 1418">
    <p class='ocr_par' dir='ltr' id='par_1_13' title="bbox 236 1344 1819 1418">
     <span class='ocr_line' id='line_1_13' title="bbox 236 1344 1819 1418; baseline 0.003 -21"><span class='ocrx_word' id='word_1_95' title='bbox 236 1348 553 1411; x_wconf 76' lang='lat' dir='ltr'><strong>altercatio,</strong></span> <span class='ocrx_word' id='word_1_96' title='bbox 590 1349 631 1415; x_wconf 73' lang='grc' dir='ltr'><strong><em>ἡ</em></strong></span> <span class='ocrx_word' id='word_1_97' title='bbox 669 1346 807 1415; x_wconf 76' lang='grc' dir='ltr'><strong>περὶ</strong></span> <span class='ocrx_word' id='word_1_98' title='bbox 854 1346 964 1400; x_wconf 75' lang='grc' dir='ltr'><strong>τὸν</strong></span> <span class='ocrx_word' id='word_1_99' title='bbox 1012 1344 1169 1418; x_wconf 74' lang='grc' dir='ltr'><strong>ἦχον</strong></span> <span class='ocrx_word' id='word_1_100' title='bbox 1213 1347 1589 1416; x_wconf 76' lang='grc' dir='ltr'><strong>μικρολογία.</strong></span> <span class='ocrx_word' id='word_1_101' title='bbox 1638 1344 1819 1402; x_wconf 89' lang='lat' dir='ltr'><strong>Plenis</strong></span> 
     </span>
    </p>
   </div>
   <div class='ocr_carea' id='block_1_14' title="bbox 236 1439 1864 1510">
    <p class='ocr_par' dir='ltr' id='par_1_14' title="bbox 236 1439 1864 1510">
     <span class='ocr_line' id='line_1_14' title="bbox 236 1439 1864 1510; baseline 0 -15"><span class='ocrx_word' id='word_1_102' title='bbox 236 1440 501 1495; x_wconf 82' lang='lat' dir='ltr'><strong>manibus</strong></span> <span class='ocrx_word' id='word_1_103' title='bbox 561 1439 922 1495; x_wconf 77' lang='lat' dir='ltr'><strong>Athanasium</strong></span> <span class='ocrx_word' id='word_1_104' title='bbox 987 1440 1208 1504; x_wconf 90' lang='lat' dir='ltr'><strong>laudat,</strong></span> <span class='ocrx_word' id='word_1_105' title='bbox 1256 1440 1351 1510; x_wconf 85' lang='lat' dir='ltr'><strong>qui</strong></span> <span class='ocrx_word' id='word_1_106' title='bbox 1402 1451 1623 1509; x_wconf 89' lang='lat' dir='ltr'><strong>utraque</strong></span> <span class='ocrx_word' id='word_1_107' title='bbox 1669 1451 1820 1508; x_wconf 86' lang='lat' dir='ltr'><strong>parte</strong></span> <span class='ocrx_word' id='word_1_108' title='bbox 1852 1484 1864 1495; x_wconf 87' lang='lat'><strong>.</strong></span> 
     </span>
    </p>
   </div>
   <div class='ocr_carea' id='block_1_15' title="bbox 236 1529 1819 1600">
    <p class='ocr_par' dir='ltr' id='par_1_15' title="bbox 236 1529 1819 1600">
     <span class='ocr_line' id='line_1_15' title="bbox 236 1529 1819 1600; baseline 0.001 -18"><span class='ocrx_word' id='word_1_109' title='bbox 236 1531 430 1583; x_wconf 84' lang='lat' dir='ltr'><strong>leniter</strong></span> <span class='ocrx_word' id='word_1_110' title='bbox 450 1539 504 1582; x_wconf 88' lang='lat' dir='ltr'><strong>et</strong></span> <span class='ocrx_word' id='word_1_111' title='bbox 531 1529 748 1600; x_wconf 78' lang='lat' dir='ltr'><strong>benigne</strong></span> <span class='ocrx_word' id='word_1_112' title='bbox 773 1531 965 1596; x_wconf 89' lang='lat' dir='ltr'><strong>accita,</strong></span> <span class='ocrx_word' id='word_1_113' title='bbox 1011 1529 1387 1600; x_wconf 77' lang='lat' dir='ltr'><strong>verborumque</strong></span> <span class='ocrx_word' id='word_1_114' title='bbox 1414 1530 1675 1583; x_wconf 79' lang='lat' dir='ltr'><strong>sententia</strong></span> <span class='ocrx_word' id='word_1_115' title='bbox 1694 1531 1819 1584; x_wconf 86' lang='lat' dir='ltr'><strong>dili-</strong></span> 
     </span>
    </p>
   </div>
   <div class='ocr_carea' id='block_1_16' title="bbox 233 1620 1816 1692">
    <p class='ocr_par' dir='ltr' id='par_1_16' title="bbox 233 1620 1816 1692">
     <span class='ocr_line' id='line_1_16' title="bbox 233 1620 1816 1692; baseline 0.003 -19"><span class='ocrx_word' id='word_1_116' title='bbox 233 1629 416 1690; x_wconf 83' lang='lat' dir='ltr'><strong>genter</strong></span> <span class='ocrx_word' id='word_1_117' title='bbox 446 1630 497 1674; x_wconf 90' lang='lat' dir='ltr'><strong>et</strong></span> <span class='ocrx_word' id='word_1_118' title='bbox 532 1631 780 1675; x_wconf 80' lang='lat' dir='ltr'><strong>accurate</strong></span> <span class='ocrx_word' id='word_1_119' title='bbox 825 1637 1113 1690; x_wconf 87' lang='lat' dir='ltr'><strong>perpensa,</strong></span> <span class='ocrx_word' id='word_1_120' title='bbox 1158 1631 1500 1692; x_wconf 74' lang='lat' dir='ltr'><strong>posteaquam</strong></span> <span class='ocrx_word' id='word_1_121' title='bbox 1537 1620 1816 1677; x_wconf 86' lang='lat' dir='ltr'><strong>concordes</strong></span> 
     </span>
    </p>
   </div>
   <div class='ocr_carea' id='block_1_17' title="bbox 1931 436 3488 508">
    <p class='ocr_par' dir='ltr' id='par_1_17' title="bbox 1931 436 3488 508">
     <span class='ocr_line' id='line_1_17' title="bbox 1931 436 3488 508; baseline 0.001 -19"><span class='ocrx_word' id='word_1_122' title='bbox 1931 437 2111 500; x_wconf 88' lang='lat' dir='ltr'><strong>cebat,</strong></span> <span class='ocrx_word' id='word_1_123' title='bbox 2140 436 2337 493; x_wconf 80' lang='lat' dir='ltr'><strong>lenitas</strong></span> <span class='ocrx_word' id='word_1_124' title='bbox 2363 445 2416 492; x_wconf 86' lang='lat' dir='ltr'><strong>et</strong></span> <span class='ocrx_word' id='word_1_125' title='bbox 2441 440 2608 490; x_wconf 90' lang='lat' dir='ltr'><strong>animi</strong></span> <span class='ocrx_word' id='word_1_126' title='bbox 2633 439 2953 493; x_wconf 82' lang='lat' dir='ltr'><strong>moderatio.</strong></span> <span class='ocrx_word' id='word_1_127' title='bbox 2974 437 3488 508; x_wconf 85' lang='lat' dir='ltr'><strong>Suspicaturtamen</strong></span> 
     </span>
    </p>
   </div>
   <div class='ocr_carea' id='block_1_18' title="bbox 1926 526 3491 600">
    <p class='ocr_par' dir='ltr' id='par_1_18' title="bbox 1926 526 3491 600">
     <span class='ocr_line' id='line_1_18' title="bbox 1926 526 3491 600; baseline 0 -19"><span class='ocrx_word' id='word_1_128' title='bbox 1926 526 2311 582; x_wconf 82' lang='lat' dir='ltr'><strong>Tillemontius</strong></span> <span class='ocrx_word' id='word_1_129' title='bbox 2363 530 2433 597; x_wconf 90' lang='lat' dir='ltr'><strong>(t.</strong></span> <span class='ocrx_word' id='word_1_130' title='bbox 2459 527 2575 591; x_wconf 78' lang='lat' dir='ltr'><strong>XII,</strong></span> <span class='ocrx_word' id='word_1_131' title='bbox 2603 544 2655 598; x_wconf 92' lang='lat' dir='ltr'><strong>p.</strong></span> <span class='ocrx_word' id='word_1_132' title='bbox 2687 528 2788 599; x_wconf 70' lang='grc'><strong>46)</strong></span> <span class='ocrx_word' id='word_1_133' title='bbox 2822 528 3209 600; x_wconf 84' lang='lat' dir='ltr'><strong>Hieronymum</strong></span> <span class='ocrx_word' id='word_1_134' title='bbox 3238 544 3345 582; x_wconf 92' lang='lat' dir='ltr'><strong>non</strong></span> <span class='ocrx_word' id='word_1_135' title='bbox 3384 528 3491 591; x_wconf 81' lang='lat' dir='ltr'><strong>sibi</strong></span> 
     </span>
    </p>
   </div>
   <div class='ocr_carea' id='block_1_19' title="bbox 1924 618 3490 674">
    <p class='ocr_par' dir='ltr' id='par_1_19' title="bbox 1924 618 3490 674">
     <span class='ocr_line' id='line_1_19' title="bbox 1924 618 3490 674; baseline 0 -2"><span class='ocrx_word' id='word_1_136' title='bbox 1924 626 2181 673; x_wconf 84' lang='lat' dir='ltr'><strong>constare</strong></span> <span class='ocrx_word' id='word_1_137' title='bbox 2222 619 2277 672; x_wconf 92' lang='lat' dir='ltr'><strong>in</strong></span> <span class='ocrx_word' id='word_1_138' title='bbox 2326 620 2412 674; x_wconf 86' lang='lat' dir='ltr'><strong>his</strong></span> <span class='ocrx_word' id='word_1_139' title='bbox 2443 620 2752 674; x_wconf 79' lang='lat' dir='ltr'><strong>narrandis.</strong></span> <span class='ocrx_word' id='word_1_140' title='bbox 2794 618 2929 673; x_wconf 87' lang='lat' dir='ltr'><strong>Nam</strong></span> <span class='ocrx_word' id='word_1_141' title='bbox 2987 635 3111 674; x_wconf 89' lang='lat' dir='ltr'><strong>cum</strong></span> <span class='ocrx_word' id='word_1_142' title='bbox 3140 619 3490 674; x_wconf 79' lang='lat' dir='ltr'><strong>vehementes</strong></span> 
     </span>
    </p>
   </div>
   <div class='ocr_carea' id='block_1_20' title="bbox 1927 707 3491 780">
    <p class='ocr_par' dir='ltr' id='par_1_20' title="bbox 1927 707 3491 780">
     <span class='ocr_line' id='line_1_20' title="bbox 1927 707 3491 780; baseline 0.004 -20"><span class='ocrx_word' id='word_1_143' title='bbox 1927 707 2008 761; x_wconf 88' lang='lat' dir='ltr'><strong>illi</strong></span> <span class='ocrx_word' id='word_1_144' title='bbox 2043 711 2208 761; x_wconf 84' lang='lat' dir='ltr'><strong>trium</strong></span> <span class='ocrx_word' id='word_1_145' title='bbox 2254 708 2628 780; x_wconf 77' lang='lat' dir='ltr'><strong>hypostasium</strong></span> <span class='ocrx_word' id='word_1_146' title='bbox 2657 710 3005 775; x_wconf 87' lang='lat' dir='ltr'><strong>defensores,</strong></span> <span class='ocrx_word' id='word_1_147' title='bbox 3039 709 3216 780; x_wconf 87' lang='lat' dir='ltr'><strong>inquit</strong></span> <span class='ocrx_word' id='word_1_148' title='bbox 3243 710 3491 766; x_wconf 87' lang='lat' dir='ltr'><strong>eruditus</strong></span> 
     </span>
    </p>
   </div>
   <div class='ocr_carea' id='block_1_21' title="bbox 1931 799 3493 874">
    <p class='ocr_par' dir='ltr' id='par_1_21' title="bbox 1931 799 3493 874">
     <span class='ocr_line' id='line_1_21' title="bbox 1931 799 3493 874; baseline 0 -21"><span class='ocrx_word' id='word_1_149' title='bbox 1931 799 2190 868; x_wconf 80' lang='lat' dir='ltr'><strong>scriptor,</strong></span> <span class='ocrx_word' id='word_1_150' title='bbox 2219 800 2354 853; x_wconf 88' lang='lat' dir='ltr'><strong>nihil</strong></span> <span class='ocrx_word' id='word_1_151' title='bbox 2385 801 2530 854; x_wconf 83' lang='lat' dir='ltr'><strong>aliud</strong></span> <span class='ocrx_word' id='word_1_152' title='bbox 2561 809 2806 870; x_wconf 84' lang='lat' dir='ltr'><strong>peterent</strong></span> <span class='ocrx_word' id='word_1_153' title='bbox 2828 801 2899 856; x_wconf 87' lang='lat' dir='ltr'><strong>ab</strong></span> <span class='ocrx_word' id='word_1_154' title='bbox 2927 800 3276 874; x_wconf 85' lang='lat' dir='ltr'><strong>Hieronymo,</strong></span> <span class='ocrx_word' id='word_1_155' title='bbox 3300 802 3405 857; x_wconf 87' lang='lat' dir='ltr'><strong>nisi</strong></span> <span class='ocrx_word' id='word_1_156' title='bbox 3433 809 3493 854; x_wconf 92' lang='lat' dir='ltr'><strong>ut</strong></span> 
     </span>
    </p>
   </div>
   <div class='ocr_carea' id='block_1_22' title="bbox 1925 890 3493 963">
    <p class='ocr_par' dir='ltr' id='par_1_22' title="bbox 1925 890 3493 963">
     <span class='ocr_line' id='line_1_22' title="bbox 1925 890 3493 963; baseline 0.003 -20"><span class='ocrx_word' id='word_1_157' title='bbox 1925 899 2037 944; x_wconf 88' lang='lat' dir='ltr'><strong>tres</strong></span> <span class='ocrx_word' id='word_1_158' title='bbox 2092 890 2417 960; x_wconf 75' lang='lat' dir='ltr'><strong>hypostases</strong></span> <span class='ocrx_word' id='word_1_159' title='bbox 2464 892 2852 959; x_wconf 85' lang='lat' dir='ltr'><strong>c0ntiteretur;</strong></span> <span class='ocrx_word' id='word_1_160' title='bbox 2898 892 3175 963; x_wconf 90' lang='lat' dir='ltr'><strong>quomodo</strong></span> <span class='ocrx_word' id='word_1_161' title='bbox 3238 907 3346 947; x_wconf 91' lang='lat' dir='ltr'><strong>non</strong></span> <span class='ocrx_word' id='word_1_162' title='bbox 3397 908 3493 948; x_wconf 90' lang='lat' dir='ltr'><strong>eos</strong></span> 
     </span>
    </p>
   </div>
   <div class='ocr_carea' id='block_1_23' title="bbox 1927 980 3493 1051">
    <p class='ocr_par' dir='ltr' id='par_1_23' title="bbox 1927 980 3493 1051">
     <span class='ocr_line' id='line_1_23' title="bbox 1927 980 3493 1051; baseline 0.004 -21"><span class='ocrx_word' id='word_1_163' title='bbox 1927 980 2199 1049; x_wconf 82' lang='lat' dir='ltr'><strong>placasset</strong></span> <span class='ocrx_word' id='word_1_164' title='bbox 2245 981 2412 1034; x_wconf 88' lang='lat' dir='ltr'><strong>trium</strong></span> <span class='ocrx_word' id='word_1_165' title='bbox 2449 984 2821 1051; x_wconf 76' lang='lat' dir='ltr'><strong>hypostasium</strong></span> <span class='ocrx_word' id='word_1_166' title='bbox 2860 982 3246 1039; x_wconf 80' lang='lat' dir='ltr'><strong>confessione?</strong></span> <span class='ocrx_word' id='word_1_167' title='bbox 3289 981 3493 1037; x_wconf 86' lang='lat' dir='ltr'><strong>Deinde</strong></span> 
     </span>
    </p>
   </div>
   <div class='ocr_carea' id='block_1_24' title="bbox 1926 1074 3494 1145">
    <p class='ocr_par' dir='ltr' id='par_1_24' title="bbox 1926 1074 3494 1145">
     <span class='ocr_line' id='line_1_24' title="bbox 1926 1074 3494 1145; baseline 0.005 -23"><span class='ocrx_word' id='word_1_168' title='bbox 1926 1086 2058 1126; x_wconf 85' lang='lat' dir='ltr'><strong>vero</strong></span> <span class='ocrx_word' id='word_1_169' title='bbox 2090 1080 2380 1141; x_wconf 84' lang='lat' dir='ltr'><strong>postquam</strong></span> <span class='ocrx_word' id='word_1_170' title='bbox 2415 1080 2528 1128; x_wconf 88' lang='lat' dir='ltr'><strong>tres</strong></span> <span class='ocrx_word' id='word_1_171' title='bbox 2575 1075 2897 1145; x_wconf 83' lang='lat' dir='ltr'><strong>hypostases</strong></span> <span class='ocrx_word' id='word_1_172' title='bbox 2927 1074 3238 1130; x_wconf 89' lang='lat' dir='ltr'><strong>confessum</strong></span> <span class='ocrx_word' id='word_1_173' title='bbox 3269 1091 3328 1130; x_wconf 91' lang='lat' dir='ltr'><strong>se</strong></span> <span class='ocrx_word' id='word_1_174' title='bbox 3370 1090 3494 1131; x_wconf 90' lang='lat' dir='ltr'><strong>esse</strong></span> 
     </span>
    </p>
   </div>
   <div class='ocr_carea' id='block_1_25' title="bbox 1928 1164 3488 1237">
    <p class='ocr_par' dir='ltr' id='par_1_25' title="bbox 1928 1164 3488 1237">
     <span class='ocr_line' id='line_1_25' title="bbox 1928 1164 3488 1237; baseline 0.003 -21"><span class='ocrx_word' id='word_1_175' title='bbox 1928 1164 2206 1226; x_wconf 88' lang='lat' dir='ltr'><strong>narravit,</strong></span> <span class='ocrx_word' id='word_1_176' title='bbox 2239 1178 2339 1217; x_wconf 88' lang='lat' dir='ltr'><strong>cur</strong></span> <span class='ocrx_word' id='word_1_177' title='bbox 2383 1165 2565 1219; x_wconf 81' lang='lat' dir='ltr'><strong>statim</strong></span> <span class='ocrx_word' id='word_1_178' title='bbox 2609 1165 2784 1229; x_wconf 87' lang='lat' dir='ltr'><strong>addit,</strong></span> <span class='ocrx_word' id='word_1_179' title='bbox 2822 1164 2889 1219; x_wconf 88' lang='lat' dir='ltr'><strong>Et</strong></span> <span class='ocrx_word' id='word_1_180' title='bbox 2917 1168 3041 1237; x_wconf 88' lang='lat' dir='ltr'><strong>quia</strong></span> <span class='ocrx_word' id='word_1_181' title='bbox 3086 1166 3341 1221; x_wconf 69' lang='lat' dir='ltr'><strong>vocabula</strong></span> <span class='ocrx_word' id='word_1_182' title='bbox 3384 1184 3488 1220; x_wconf 86' lang='lat' dir='ltr'><strong>non</strong></span> 
     </span>
    </p>
   </div>
   <div class='ocr_carea' id='block_1_26' title="bbox 1923 1251 3488 1330">
    <p class='ocr_par' dir='ltr' id='par_1_26' title="bbox 1923 1251 3488 1330">
     <span class='ocr_line' id='line_1_26' title="bbox 1923 1251 3488 1330; baseline 0.006 -25"><span class='ocrx_word' id='word_1_183' title='bbox 1923 1251 2259 1309; x_wconf 80' lang='lat' dir='ltr'><strong>ediscimus?</strong></span> <span class='ocrx_word' id='word_1_184' title='bbox 2290 1253 2558 1313; x_wconf 83' lang='lat' dir='ltr'><strong>Videntur</strong></span> <span class='ocrx_word' id='word_1_185' title='bbox 2610 1257 2725 1311; x_wconf 70' lang='lat' dir='ltr'><strong>haec</strong></span> <span class='ocrx_word' id='word_1_186' title='bbox 2774 1259 3074 1330; x_wconf 76' lang='lat' dir='ltr'><strong>pugnantia</strong></span> <span class='ocrx_word' id='word_1_187' title='bbox 3117 1257 3488 1314; x_wconf 89' lang='lat' dir='ltr'><strong>Tillemontio.</strong></span> 
     </span>
    </p>
   </div>
   <div class='ocr_carea' id='block_1_27' title="bbox 1925 1343 3496 1405">
    <p class='ocr_par' dir='ltr' id='par_1_27' title="bbox 1925 1343 3496 1405">
     <span class='ocr_line' id='line_1_27' title="bbox 1925 1343 3496 1405; baseline 0.003 -7"><span class='ocrx_word' id='word_1_188' title='bbox 1925 1343 2030 1398; x_wconf 88' lang='lat' dir='ltr'><strong>Sed</strong></span> <span class='ocrx_word' id='word_1_189' title='bbox 2059 1344 2243 1401; x_wconf 88' lang='lat' dir='ltr'><strong>minus</strong></span> <span class='ocrx_word' id='word_1_190' title='bbox 2271 1346 2652 1403; x_wconf 83' lang='lat' dir='ltr'><strong>animadvertit</strong></span> <span class='ocrx_word' id='word_1_191' title='bbox 2680 1349 3033 1405; x_wconf 91' lang='lat' dir='ltr'><strong>doctissimus</strong></span> <span class='ocrx_word' id='word_1_192' title='bbox 3062 1349 3287 1405; x_wconf 90' lang='lat' dir='ltr'><strong>criticus</strong></span> <span class='ocrx_word' id='word_1_193' title='bbox 3310 1348 3496 1404; x_wconf 88' lang='lat' dir='ltr'><strong>lliero-</strong></span> 
     </span>
    </p>
   </div>
   <div class='ocr_carea' id='block_1_28' title="bbox 1925 1438 3490 1514">
    <p class='ocr_par' dir='ltr' id='par_1_28' title="bbox 1925 1438 3490 1514">
     <span class='ocr_line' id='line_1_28' title="bbox 1925 1438 3490 1514; baseline 0.003 -24"><span class='ocrx_word' id='word_1_194' title='bbox 1925 1452 2149 1508; x_wconf 89' lang='lat' dir='ltr'><strong>nymum</strong></span> <span class='ocrx_word' id='word_1_195' title='bbox 2175 1438 2282 1493; x_wconf 89' lang='lat' dir='ltr'><strong>hoc</strong></span> <span class='ocrx_word' id='word_1_196' title='bbox 2312 1440 2433 1495; x_wconf 89' lang='lat' dir='ltr'><strong>loco</strong></span> <span class='ocrx_word' id='word_1_197' title='bbox 2470 1456 2578 1494; x_wconf 92' lang='lat' dir='ltr'><strong>non</strong></span> <span class='ocrx_word' id='word_1_198' title='bbox 2603 1448 2718 1497; x_wconf 90' lang='lat' dir='ltr'><strong>tres</strong></span> <span class='ocrx_word' id='word_1_199' title='bbox 2747 1441 3070 1514; x_wconf 88' lang='lat' dir='ltr'><strong>hypostases</strong></span> <span class='ocrx_word' id='word_1_200' title='bbox 3096 1441 3364 1505; x_wconf 82' lang='lat' dir='ltr'><strong>conﬁteri,</strong></span> <span class='ocrx_word' id='word_1_201' title='bbox 3394 1439 3490 1495; x_wconf 88' lang='lat' dir='ltr'><strong>scd</strong></span> 
     </span>
    </p>
   </div>
   <div class='ocr_carea' id='block_1_29' title="bbox 1921 1528 3491 1603">
    <p class='ocr_par' dir='ltr' id='par_1_29' title="bbox 1921 1528 3491 1603">
     <span class='ocr_line' id='line_1_29' title="bbox 1921 1528 3491 1603; baseline 0.004 -22"><span class='ocrx_word' id='word_1_202' title='bbox 1921 1528 2160 1583; x_wconf 91' lang='lat' dir='ltr'><strong>medium</strong></span> <span class='ocrx_word' id='word_1_203' title='bbox 2203 1547 2264 1585; x_wconf 92' lang='lat' dir='ltr'><strong>se</strong></span> <span class='ocrx_word' id='word_1_204' title='bbox 2304 1546 2427 1589; x_wconf 86' lang='lat' dir='ltr'><strong>esse</strong></span> <span class='ocrx_word' id='word_1_205' title='bbox 2468 1533 2604 1588; x_wconf 89' lang='lat' dir='ltr'><strong>velle</strong></span> <span class='ocrx_word' id='word_1_206' title='bbox 2638 1534 2778 1588; x_wconf 89' lang='lat' dir='ltr'><strong>inter</strong></span> <span class='ocrx_word' id='word_1_207' title='bbox 2820 1542 3081 1603; x_wconf 88' lang='lat' dir='ltr'><strong>utrasque</strong></span> <span class='ocrx_word' id='word_1_208' title='bbox 3120 1540 3325 1603; x_wconf 90' lang='lat' dir='ltr'><strong>partes.</strong></span> <span class='ocrx_word' id='word_1_209' title='bbox 3368 1531 3491 1587; x_wconf 83' lang='lat' dir='ltr'><strong>Non</strong></span> 
     </span>
    </p>
   </div>
   <div class='ocr_carea' id='block_1_30' title="bbox 1923 1618 3488 1694">
    <p class='ocr_par' dir='ltr' id='par_1_30' title="bbox 1923 1618 3488 1694">
     <span class='ocr_line' id='line_1_30' title="bbox 1923 1618 3488 1694; baseline 0.002 -21"><span class='ocrx_word' id='word_1_210' title='bbox 1923 1618 2068 1673; x_wconf 92' lang='lat' dir='ltr'><strong>enim</strong></span> <span class='ocrx_word' id='word_1_211' title='bbox 2096 1619 2251 1684; x_wconf 82' lang='lat' dir='ltr'><strong>dicit,</strong></span> <span class='ocrx_word' id='word_1_212' title='bbox 2283 1619 2339 1675; x_wconf 90' lang='lat' dir='ltr'><strong>Si</strong></span> <span class='ocrx_word' id='word_1_213' title='bbox 2362 1623 2491 1692; x_wconf 83' lang='lat' dir='ltr'><strong>quis</strong></span> <span class='ocrx_word' id='word_1_214' title='bbox 2523 1630 2635 1677; x_wconf 88' lang='lat' dir='ltr'><strong>tres</strong></span> <span class='ocrx_word' id='word_1_215' title='bbox 2676 1622 3003 1694; x_wconf 84' lang='lat' dir='ltr'><strong>hypostases</strong></span> <span class='ocrx_word' id='word_1_216' title='bbox 3032 1637 3142 1679; x_wconf 88' lang='lat' dir='ltr'><strong>non</strong></span> <span class='ocrx_word' id='word_1_217' title='bbox 3173 1622 3488 1687; x_wconf 82' lang='lat' dir='ltr'><strong>conﬁtetur,</strong></span> 
     </span>
    </p>
   </div>
   <div class='ocr_carea' id='block_1_31' title="bbox 235 1700 3488 1783">
    <p class='ocr_par' dir='ltr' id='par_1_31' title="bbox 235 1700 3488 1783">
     <span class='ocr_line' id='line_1_31' title="bbox 235 1700 3488 1783; baseline 0.002 -19"><span class='ocrx_word' id='word_1_218' title='bbox 235 1714 451 1780; x_wconf 85' lang='lat' dir='ltr'><strong>reperit,</strong></span> <span class='ocrx_word' id='word_1_219' title='bbox 484 1729 597 1775; x_wconf 87' lang='lat' dir='ltr'><strong>nec,</strong></span> <span class='ocrx_word' id='word_1_220' title='bbox 637 1723 893 1783; x_wconf 82' lang='lat' dir='ltr'><strong>quantum</strong></span> <span class='ocrx_word' id='word_1_221' title='bbox 926 1713 995 1768; x_wconf 90' lang='lat' dir='ltr'><strong>ad</strong></span> <span class='ocrx_word' id='word_1_222' title='bbox 1039 1714 1360 1778; x_wconf 82' lang='lat' dir='ltr'><strong>doctrinam,</strong></span> <span class='ocrx_word' id='word_1_223' title='bbox 1407 1713 1519 1767; x_wconf 87' lang='lat' dir='ltr'><strong>ullo</strong></span> <span class='ocrx_word' id='word_1_224' title='bbox 1550 1713 1703 1768; x_wconf 89' lang='lat' dir='ltr'><strong>modo</strong></span> <span class='ocrx_word' id='word_1_225' title='bbox 1737 1714 1822 1766; x_wconf 87' lang='lat' dir='ltr'><strong>in-</strong></span> <span class='ocrx_word' id='word_1_226' title='bbox 1850 1700 1894 1754; x_wconf 79' lang='grc' dir='ltr'>Β</span> <span class='ocrx_word' id='word_1_227' title='bbox 1926 1710 2216 1767; x_wconf 88' lang='lat' dir='ltr'><strong>anathema</strong></span> <span class='ocrx_word' id='word_1_228' title='bbox 2255 1713 2366 1768; x_wconf 88' lang='lat' dir='ltr'><strong>sit:</strong></span> <span class='ocrx_word' id='word_1_229' title='bbox 2413 1715 2508 1769; x_wconf 88' lang='lat' dir='ltr'><strong>sed</strong></span> <span class='ocrx_word' id='word_1_230' title='bbox 2541 1715 2588 1770; x_wconf 91' lang='lat' dir='ltr'><strong>is</strong></span> <span class='ocrx_word' id='word_1_231' title='bbox 2623 1723 2709 1771; x_wconf 89' lang='lat' dir='ltr'><strong>est</strong></span> <span class='ocrx_word' id='word_1_232' title='bbox 2738 1731 2938 1772; x_wconf 89' lang='lat' dir='ltr'><strong>sensus</strong></span> <span class='ocrx_word' id='word_1_233' title='bbox 2980 1716 3128 1771; x_wconf 91' lang='lat' dir='ltr'><strong>illius</strong></span> <span class='ocrx_word' id='word_1_234' title='bbox 3162 1715 3488 1770; x_wconf 84' lang='lat' dir='ltr'><strong>verborum:</strong></span> 
     </span>
    </p>
   </div>
   <div class='ocr_carea' id='block_1_32' title="bbox 237 1802 1819 1875">
    <p class='ocr_par' dir='ltr' id='par_1_32' title="bbox 237 1802 1819 1875">
     <span class='ocr_line' id='line_1_32' title="bbox 237 1802 1819 1875; baseline -0.002 -17"><span class='ocrx_word' id='word_1_235' title='bbox 237 1814 317 1858; x_wconf 84' lang='lat' dir='ltr'><strong>ter</strong></span> <span class='ocrx_word' id='word_1_236' title='bbox 347 1821 404 1859; x_wconf 87' lang='lat' dir='ltr'><strong>se</strong></span> <span class='ocrx_word' id='word_1_237' title='bbox 424 1804 766 1868; x_wconf 73' lang='lat' dir='ltr'><strong>dissidentes,</strong></span> <span class='ocrx_word' id='word_1_238' title='bbox 812 1806 891 1859; x_wconf 89' lang='lat' dir='ltr'><strong>ita</strong></span> <span class='ocrx_word' id='word_1_239' title='bbox 924 1807 1190 1874; x_wconf 84' lang='lat' dir='ltr'><strong>negotium</strong></span> <span class='ocrx_word' id='word_1_240' title='bbox 1224 1805 1500 1875; x_wconf 81' lang='lat' dir='ltr'><strong>transegit,</strong></span> <span class='ocrx_word' id='word_1_241' title='bbox 1546 1815 1605 1858; x_wconf 88' lang='lat' dir='ltr'><strong>ut</strong></span> <span class='ocrx_word' id='word_1_242' title='bbox 1648 1802 1819 1859; x_wconf 85' lang='lat' dir='ltr'><strong>nomi-</strong></span> 
     </span>
    </p>
   </div>
   <div class='ocr_carea' id='block_1_33' title="bbox 235 1894 1818 1967">
    <p class='ocr_par' dir='ltr' id='par_1_33' title="bbox 235 1894 1818 1967">
     <span class='ocr_line' id='line_1_33' title="bbox 235 1894 1818 1967; baseline -0.001 -17"><span class='ocrx_word' id='word_1_243' title='bbox 235 1912 363 1950; x_wconf 74' lang='lat' dir='ltr'><strong>num</strong></span> <span class='ocrx_word' id='word_1_244' title='bbox 389 1914 546 1951; x_wconf 80' lang='lat' dir='ltr'><strong>usum</strong></span> <span class='ocrx_word' id='word_1_245' title='bbox 581 1897 862 1950; x_wconf 81' lang='lat' dir='ltr'><strong>concedens</strong></span> <span class='ocrx_word' id='word_1_246' title='bbox 897 1898 1051 1952; x_wconf 86' lang='lat' dir='ltr'><strong>rebus</strong></span> <span class='ocrx_word' id='word_1_247' title='bbox 1096 1914 1184 1952; x_wconf 90' lang='lat' dir='ltr'><strong>eos</strong></span> <span class='ocrx_word' id='word_1_248' title='bbox 1235 1897 1631 1967; x_wconf 86' lang='lat' dir='ltr'><strong>constringeret.</strong></span> <span class='ocrx_word' id='word_1_249' title='bbox 1676 1894 1818 1950; x_wconf 89' lang='lat' dir='ltr'><strong>Num</strong></span> 
     </span>
    </p>
   </div>
   <div class='ocr_carea' id='block_1_34' title="bbox 232 1986 1818 2059">
    <p class='ocr_par' dir='ltr' id='par_1_34' title="bbox 232 1986 1818 2059">
     <span class='ocr_line' id='line_1_34' title="bbox 232 1986 1818 2059; baseline -0.001 -18"><span class='ocrx_word' id='word_1_250' title='bbox 232 1986 406 2058; x_wconf 80' lang='lat' dir='ltr'><strong>igitur</strong></span> <span class='ocrx_word' id='word_1_251' title='bbox 446 1987 682 2043; x_wconf 86' lang='lat' dir='ltr'><strong>Basilius</strong></span> <span class='ocrx_word' id='word_1_252' title='bbox 721 2002 847 2043; x_wconf 91' lang='lat' dir='ltr'><strong>cum</strong></span> <span class='ocrx_word' id='word_1_253' title='bbox 880 1988 1144 2059; x_wconf 82' lang='lat' dir='ltr'><strong>Gregorio</strong></span> <span class='ocrx_word' id='word_1_254' title='bbox 1170 1996 1227 2044; x_wconf 92' lang='lat' dir='ltr'><strong>et</strong></span> <span class='ocrx_word' id='word_1_255' title='bbox 1251 1988 1555 2044; x_wconf 83' lang='lat' dir='ltr'><strong>Athanasio</strong></span> <span class='ocrx_word' id='word_1_256' title='bbox 1592 1993 1818 2059; x_wconf 87' lang='lat' dir='ltr'><strong>pugnat,</strong></span> 
     </span>
    </p>
   </div>
   <div class='ocr_carea' id='block_1_35' title="bbox 235 2080 1816 2151">
    <p class='ocr_par' dir='ltr' id='par_1_35' title="bbox 235 2080 1816 2151">
     <span class='ocr_line' id='line_1_35' title="bbox 235 2080 1816 2151; baseline 0.001 -19"><span class='ocrx_word' id='word_1_257' title='bbox 235 2094 302 2135; x_wconf 88' lang='lat' dir='ltr'><strong>ac</strong></span> <span class='ocrx_word' id='word_1_258' title='bbox 342 2081 632 2151; x_wconf 86' lang='lat' dir='ltr'><strong>permagni</strong></span> <span class='ocrx_word' id='word_1_259' title='bbox 684 2080 754 2135; x_wconf 88' lang='lat' dir='ltr'><strong>ad</strong></span> <span class='ocrx_word' id='word_1_260' title='bbox 810 2081 1069 2151; x_wconf 88' lang='lat' dir='ltr'><strong>pietatem</strong></span> <span class='ocrx_word' id='word_1_261' title='bbox 1118 2081 1381 2136; x_wconf 89' lang='lat' dir='ltr'><strong>momenti</strong></span> <span class='ocrx_word' id='word_1_262' title='bbox 1432 2096 1556 2137; x_wconf 89' lang='lat' dir='ltr'><strong>esse</strong></span> <span class='ocrx_word' id='word_1_263' title='bbox 1597 2089 1816 2146; x_wconf 87' lang='lat' dir='ltr'><strong>censet,</strong></span> 
     </span>
    </p>
   </div>
   <div class='ocr_carea' id='block_1_36' title="bbox 237 2169 1818 2241">
    <p class='ocr_par' dir='ltr' id='par_1_36' title="bbox 237 2169 1818 2241">
     <span class='ocr_line' id='line_1_36' title="bbox 237 2169 1818 2241; baseline -0.001 -16"><span class='ocrx_word' id='word_1_264' title='bbox 237 2171 387 2241; x_wconf 85' lang='lat' dir='ltr'><strong>quod</strong></span> <span class='ocrx_word' id='word_1_265' title='bbox 423 2170 517 2224; x_wconf 91' lang='lat' dir='ltr'><strong>isti</strong></span> <span class='ocrx_word' id='word_1_266' title='bbox 544 2170 812 2226; x_wconf 84' lang='lat' dir='ltr'><strong>levissimi</strong></span> <span class='ocrx_word' id='word_1_267' title='bbox 844 2186 971 2227; x_wconf 89' lang='lat' dir='ltr'><strong>esse</strong></span> <span class='ocrx_word' id='word_1_268' title='bbox 1017 2174 1278 2227; x_wconf 89' lang='lat' dir='ltr'><strong>momenti</strong></span> <span class='ocrx_word' id='word_1_269' title='bbox 1327 2171 1638 2227; x_wconf 86' lang='lat' dir='ltr'><strong>ducebant?</strong></span> <span class='ocrx_word' id='word_1_270' title='bbox 1677 2169 1818 2224; x_wconf 87' lang='lat' dir='ltr'><strong>Num</strong></span> 
     </span>
    </p>
   </div>
   <div class='ocr_carea' id='block_1_37' title="bbox 238 2261 1820 2333">
    <p class='ocr_par' dir='ltr' id='par_1_37' title="bbox 238 2261 1820 2333">
     <span class='ocr_line' id='line_1_37' title="bbox 238 2261 1820 2333; baseline 0.001 -18"><span class='ocrx_word' id='word_1_271' title='bbox 238 2261 614 2316; x_wconf 83' lang='lat' dir='ltr'><strong>necessarium</strong></span> <span class='ocrx_word' id='word_1_272' title='bbox 660 2261 912 2317; x_wconf 84' lang='lat' dir='ltr'><strong>confiteri</strong></span> <span class='ocrx_word' id='word_1_273' title='bbox 949 2278 1072 2319; x_wconf 88' lang='lat' dir='ltr'><strong>esse</strong></span> <span class='ocrx_word' id='word_1_274' title='bbox 1116 2264 1329 2330; x_wconf 85' lang='lat' dir='ltr'><strong>statuit,</strong></span> <span class='ocrx_word' id='word_1_275' title='bbox 1363 2262 1511 2332; x_wconf 91' lang='lat' dir='ltr'><strong>quod</strong></span> <span class='ocrx_word' id='word_1_276' title='bbox 1552 2263 1820 2333; x_wconf 88' lang='lat' dir='ltr'><strong>cujusque</strong></span> 
     </span>
    </p>
   </div>
   <div class='ocr_carea' id='block_1_38' title="bbox 240 2352 1819 2424">
    <p class='ocr_par' dir='ltr' id='par_1_38' title="bbox 240 2352 1819 2424">
     <span class='ocr_line' id='line_1_38' title="bbox 240 2352 1819 2424; baseline 0.002 -19"><span class='ocrx_word' id='word_1_277' title='bbox 240 2352 472 2407; x_wconf 80' lang='lat' dir='ltr'><strong>arbitrio</strong></span> <span class='ocrx_word' id='word_1_278' title='bbox 522 2352 947 2421; x_wconf 88' lang='lat' dir='ltr'><strong>relinquebant;</strong></span> <span class='ocrx_word' id='word_1_279' title='bbox 992 2361 1049 2408; x_wconf 92' lang='lat' dir='ltr'><strong>et</strong></span> <span class='ocrx_word' id='word_1_280' title='bbox 1087 2353 1291 2423; x_wconf 87' lang='lat' dir='ltr'><strong>quibus</strong></span> <span class='ocrx_word' id='word_1_281' title='bbox 1335 2353 1541 2408; x_wconf 90' lang='lat' dir='ltr'><strong>nullam</strong></span> <span class='ocrx_word' id='word_1_282' title='bbox 1594 2369 1819 2424; x_wconf 88' lang='lat' dir='ltr'><strong>prorsus</strong></span> 
     </span>
    </p>
   </div>
   <div class='ocr_carea' id='block_1_39' title="bbox 236 2443 1821 2510">
    <p class='ocr_par' dir='ltr' id='par_1_39' title="bbox 236 2443 1821 2510">
     <span class='ocr_line' id='line_1_39' title="bbox 236 2443 1821 2510; baseline 0.003 -14"><span class='ocrx_word' id='word_1_283' title='bbox 236 2443 568 2497; x_wconf 87' lang='lat' dir='ltr'><strong>modestiam</strong></span> <span class='ocrx_word' id='word_1_284' title='bbox 607 2443 865 2499; x_wconf 82' lang='lat' dir='ltr'><strong>volebant</strong></span> <span class='ocrx_word' id='word_1_285' title='bbox 900 2444 1168 2510; x_wconf 81' lang='lat' dir='ltr'><strong>exhiberi,</strong></span> <span class='ocrx_word' id='word_1_286' title='bbox 1213 2461 1311 2500; x_wconf 89' lang='lat' dir='ltr'><strong>eos</strong></span> <span class='ocrx_word' id='word_1_287' title='bbox 1360 2444 1429 2499; x_wconf 88' lang='lat' dir='ltr'><strong>ad</strong></span> <span class='ocrx_word' id='word_1_288' title='bbox 1475 2445 1821 2501; x_wconf 57' lang='lat' dir='ltr'><strong>communio.-</strong></span> 
     </span>
    </p>
   </div>
   <div class='ocr_carea' id='block_1_40' title="bbox 234 2533 1116 2604">
    <p class='ocr_par' dir='ltr' id='par_1_40' title="bbox 234 2533 1116 2604">
     <span class='ocr_line' id='line_1_40' title="bbox 234 2533 1116 2604; baseline 0.003 -17"><span class='ocrx_word' id='word_1_289' title='bbox 234 2548 360 2588; x_wconf 87' lang='lat' dir='ltr'><strong>nem</strong></span> <span class='ocrx_word' id='word_1_290' title='bbox 385 2540 553 2602; x_wconf 88' lang='lat' dir='ltr'><strong>negat</strong></span> <span class='ocrx_word' id='word_1_291' title='bbox 582 2533 796 2587; x_wconf 89' lang='lat' dir='ltr'><strong>admitti</strong></span> <span class='ocrx_word' id='word_1_292' title='bbox 828 2537 1116 2604; x_wconf 83' lang='lat' dir='ltr'><strong>oportere?</strong></span> 
     </span>
    </p>
   </div>
   <div class='ocr_carea' id='block_1_41' title="bbox 309 2621 1822 2696">
    <p class='ocr_par' dir='ltr' id='par_1_41' title="bbox 309 2621 1822 2696">
     <span class='ocr_line' id='line_1_41' title="bbox 309 2621 1822 2696; baseline 0.003 -20"><span class='ocrx_word' id='word_1_293' title='bbox 309 2621 377 2677; x_wconf 88' lang='lat' dir='ltr'><strong>ll.</strong></span> <span class='ocrx_word' id='word_1_294' title='bbox 420 2623 492 2678; x_wconf 83' lang='lat' dir='ltr'><strong>Ut</strong></span> <span class='ocrx_word' id='word_1_295' title='bbox 520 2622 581 2677; x_wconf 89' lang='lat' dir='ltr'><strong>S.</strong></span> <span class='ocrx_word' id='word_1_296' title='bbox 601 2623 780 2680; x_wconf 87' lang='lat' dir='ltr'><strong>Patris</strong></span> <span class='ocrx_word' id='word_1_297' title='bbox 801 2624 1075 2679; x_wconf 89' lang='lat' dir='ltr'><strong>sententia</strong></span> <span class='ocrx_word' id='word_1_298' title='bbox 1102 2627 1489 2696; x_wconf 88' lang='lat' dir='ltr'><strong>perspiciatur,</strong></span> <span class='ocrx_word' id='word_1_299' title='bbox 1521 2626 1822 2681; x_wconf 79' lang='lat' dir='ltr'><strong>observan-</strong></span> 
     </span>
    </p>
   </div>
   <div class='ocr_carea' id='block_1_42' title="bbox 230 2714 1821 2787">
    <p class='ocr_par' dir='ltr' id='par_1_42' title="bbox 230 2714 1821 2787">
     <span class='ocr_line' id='line_1_42' title="bbox 230 2714 1821 2787; baseline 0.001 -19"><span class='ocrx_word' id='word_1_300' title='bbox 230 2714 364 2768; x_wconf 89' lang='lat' dir='ltr'><strong>dum</strong></span> <span class='ocrx_word' id='word_1_301' title='bbox 380 2723 468 2768; x_wconf 89' lang='lat' dir='ltr'><strong>est</strong></span> <span class='ocrx_word' id='word_1_302' title='bbox 491 2716 678 2771; x_wconf 82' lang='lat' dir='ltr'><strong>l&#39;eum</strong></span> <span class='ocrx_word' id='word_1_303' title='bbox 698 2716 1113 2771; x_wconf 88' lang='lat' dir='ltr'><strong>accuratissime</strong></span> <span class='ocrx_word' id='word_1_304' title='bbox 1143 2732 1363 2773; x_wconf 82' lang='lat' dir='ltr'><strong>servare</strong></span> <span class='ocrx_word' id='word_1_305' title='bbox 1383 2715 1527 2787; x_wconf 79' lang='lat' dir='ltr'><strong>quod</strong></span> <span class='ocrx_word' id='word_1_306' title='bbox 1550 2716 1821 2786; x_wconf 83' lang='lat' dir='ltr'><strong>praecipue</strong></span> 
     </span>
    </p>
   </div>
   <div class='ocr_carea' id='block_1_43' title="bbox 140 2808 1820 2878">
    <p class='ocr_par' dir='ltr' id='par_1_43' title="bbox 140 2808 1820 2878">
     <span class='ocr_line' id='line_1_43' title="bbox 140 2808 1820 2878; baseline 0 -18"><span class='ocrx_word' id='word_1_307' title='bbox 140 2828 162 2853; x_wconf 76' lang='grc' dir='ltr'><em>ο</em></span> <span class='ocrx_word' id='word_1_308' title='bbox 234 2808 306 2861; x_wconf 88' lang='lat' dir='ltr'><strong>ah</strong></span> <span class='ocrx_word' id='word_1_309' title='bbox 331 2809 711 2862; x_wconf 81' lang='lat' dir='ltr'><strong>Alexandrina</strong></span> <span class='ocrx_word' id='word_1_310' title='bbox 740 2809 951 2878; x_wconf 86' lang='lat' dir='ltr'><strong>synodo</strong></span> <span class='ocrx_word' id='word_1_311' title='bbox 981 2809 1253 2863; x_wconf 90' lang='lat' dir='ltr'><strong>sancitum</strong></span> <span class='ocrx_word' id='word_1_312' title='bbox 1286 2808 1486 2872; x_wconf 81' lang='lat' dir='ltr'><strong>fuerat,</strong></span> <span class='ocrx_word' id='word_1_313' title='bbox 1522 2819 1580 2863; x_wconf 90' lang='lat' dir='ltr'><strong>ut</strong></span> <span class='ocrx_word' id='word_1_314' title='bbox 1625 2816 1820 2863; x_wconf 88' lang='lat' dir='ltr'><strong>neutra</strong></span> 
     </span>
    </p>
   </div>
   <div class='ocr_carea' id='block_1_44' title="bbox 234 2893 1821 2969">
    <p class='ocr_par' dir='ltr' id='par_1_44' title="bbox 234 2893 1821 2969">
     <span class='ocr_line' id='line_1_44' title="bbox 234 2893 1821 2969; baseline 0.001 -16"><span class='ocrx_word' id='word_1_315' title='bbox 234 2914 369 2969; x_wconf 84' lang='lat' dir='ltr'><strong>pars</strong></span> <span class='ocrx_word' id='word_1_316' title='bbox 393 2900 550 2953; x_wconf 81' lang='lat' dir='ltr'><strong>alteri</strong></span> <span class='ocrx_word' id='word_1_317' title='bbox 580 2900 805 2956; x_wconf 63' lang='lat' dir='ltr'><strong>haeresis</strong></span> <span class='ocrx_word' id='word_1_318' title='bbox 828 2908 922 2953; x_wconf 90' lang='lat' dir='ltr'><strong>aut</strong></span> <span class='ocrx_word' id='word_1_319' title='bbox 948 2899 1155 2955; x_wconf 89' lang='lat' dir='ltr'><strong>erroris</strong></span> <span class='ocrx_word' id='word_1_320' title='bbox 1187 2893 1375 2954; x_wconf 89' lang='lat' dir='ltr'><strong>notam</strong></span> <span class='ocrx_word' id='word_1_321' title='bbox 1410 2901 1673 2955; x_wconf 88' lang='lat' dir='ltr'><strong>inureret.</strong></span> <span class='ocrx_word' id='word_1_322' title='bbox 1706 2897 1821 2954; x_wconf 84' lang='lat' dir='ltr'><strong>lloc</strong></span> 
     </span>
    </p>
   </div>
   <div class='ocr_carea' id='block_1_45' title="bbox 233 2991 1822 3062">
    <p class='ocr_par' dir='ltr' id='par_1_45' title="bbox 233 2991 1822 3062">
     <span class='ocr_line' id='line_1_45' title="bbox 233 2991 1822 3062; baseline 0.001 -16"><span class='ocrx_word' id='word_1_323' title='bbox 233 2993 480 3046; x_wconf 79' lang='lat' dir='ltr'><strong>maxime</strong></span> <span class='ocrx_word' id='word_1_324' title='bbox 510 2991 805 3046; x_wconf 83' lang='lat' dir='ltr'><strong>ridiculum</strong></span> <span class='ocrx_word' id='word_1_325' title='bbox 835 2992 918 3047; x_wconf 85' lang='lat' dir='ltr'><strong>vel</strong></span> <span class='ocrx_word' id='word_1_326' title='bbox 939 2991 1120 3062; x_wconf 90' lang='lat' dir='ltr'><strong>potius</strong></span> <span class='ocrx_word' id='word_1_327' title='bbox 1152 2992 1522 3046; x_wconf 90' lang='lat' dir='ltr'><strong>miserandum</strong></span> <span class='ocrx_word' id='word_1_328' title='bbox 1556 2991 1822 3062; x_wconf 81' lang='lat' dir='ltr'><strong>Gregorio</strong></span> 
     </span>
    </p>
   </div>
   <div class='ocr_carea' id='block_1_46' title="bbox 232 3080 1821 3152">
    <p class='ocr_par' dir='ltr' id='par_1_46' title="bbox 232 3080 1821 3152">
     <span class='ocr_line' id='line_1_46' title="bbox 232 3080 1821 3152; baseline -0.001 -17"><span class='ocrx_word' id='word_1_329' title='bbox 232 3082 555 3146; x_wconf 81' lang='lat' dir='ltr'><strong>videbatur,</strong></span> <span class='ocrx_word' id='word_1_330' title='bbox 580 3081 725 3152; x_wconf 88' lang='lat' dir='ltr'><strong>quod</strong></span> <span class='ocrx_word' id='word_1_331' title='bbox 764 3080 828 3135; x_wconf 89' lang='lat' dir='ltr'><strong>de</strong></span> <span class='ocrx_word' id='word_1_332' title='bbox 858 3080 962 3150; x_wconf 82' lang='lat' dir='ltr'><strong>ﬁde</strong></span> <span class='ocrx_word' id='word_1_333' title='bbox 998 3082 1357 3135; x_wconf 87' lang='lat' dir='ltr'><strong>controversia</strong></span> <span class='ocrx_word' id='word_1_334' title='bbox 1402 3097 1514 3134; x_wconf 88' lang='lat' dir='ltr'><strong>esse</strong></span> <span class='ocrx_word' id='word_1_335' title='bbox 1557 3080 1821 3135; x_wconf 84' lang='lat' dir='ltr'><strong>videretur</strong></span> 
     </span>
    </p>
   </div>
   <div class='ocr_carea' id='block_1_47' title="bbox 233 3172 1820 3244">
    <p class='ocr_par' dir='ltr' id='par_1_47' title="bbox 233 3172 1820 3244">
     <span class='ocr_line' id='line_1_47' title="bbox 233 3172 1820 3244; baseline -0.003 -14"><span class='ocrx_word' id='word_1_336' title='bbox 233 3176 362 3230; x_wconf 71' lang='lat' dir='ltr'><strong>leuis</strong></span> <span class='ocrx_word' id='word_1_337' title='bbox 399 3186 451 3229; x_wconf 88' lang='lat' dir='ltr'><strong>et</strong></span> <span class='ocrx_word' id='word_1_338' title='bbox 482 3175 677 3244; x_wconf 80' lang='lat' dir='ltr'><strong>jejuna</strong></span> <span class='ocrx_word' id='word_1_339' title='bbox 707 3174 771 3228; x_wconf 88' lang='lat' dir='ltr'><strong>de</strong></span> <span class='ocrx_word' id='word_1_340' title='bbox 801 3190 983 3228; x_wconf 75' lang='lat' dir='ltr'><strong>cocum</strong></span> <span class='ocrx_word' id='word_1_341' title='bbox 1010 3190 1138 3228; x_wconf 87' lang='lat' dir='ltr'><strong>sono</strong></span> <span class='ocrx_word' id='word_1_342' title='bbox 1169 3174 1483 3227; x_wconf 87' lang='lat' dir='ltr'><strong>altercatio:</strong></span> <span class='ocrx_word' id='word_1_343' title='bbox 1505 3173 1649 3244; x_wconf 91' lang='lat' dir='ltr'><strong>quod</strong></span> <span class='ocrx_word' id='word_1_344' title='bbox 1676 3172 1820 3241; x_wconf 84' lang='lat' dir='ltr'><strong>obji-</strong></span> 
     </span>
    </p>
   </div>
   <div class='ocr_carea' id='block_1_48' title="bbox 232 3270 1823 3340">
    <p class='ocr_par' dir='ltr' id='par_1_48' title="bbox 232 3270 1823 3340">
     <span class='ocr_line' id='line_1_48' title="bbox 232 3270 1823 3340; baseline -0.001 -15"><span class='ocrx_word' id='word_1_345' title='bbox 232 3279 456 3326; x_wconf 87' lang='lat' dir='ltr'><strong>ceretur</strong></span> <span class='ocrx_word' id='word_1_346' title='bbox 506 3270 953 3324; x_wconf 87' lang='lat' dir='ltr'><strong>Sabellianismus</strong></span> <span class='ocrx_word' id='word_1_347' title='bbox 1000 3270 1064 3323; x_wconf 91' lang='lat' dir='ltr'><strong>ob</strong></span> <span class='ocrx_word' id='word_1_348' title='bbox 1110 3281 1215 3324; x_wconf 89' lang='lat' dir='ltr'><strong>tres</strong></span> <span class='ocrx_word' id='word_1_349' title='bbox 1253 3286 1530 3340; x_wconf 80' lang='lat' dir='ltr'><strong>personas,</strong></span> <span class='ocrx_word' id='word_1_350' title='bbox 1575 3279 1624 3324; x_wconf 87' lang='lat' dir='ltr'><strong>et</strong></span> <span class='ocrx_word' id='word_1_351' title='bbox 1664 3271 1823 3323; x_wconf 83' lang='lat' dir='ltr'><strong>Aria-</strong></span> 
     </span>
    </p>
   </div>
   <div class='ocr_carea' id='block_1_49' title="bbox 234 3361 1823 3432">
    <p class='ocr_par' dir='ltr' id='par_1_49' title="bbox 234 3361 1823 3432">
     <span class='ocr_line' id='line_1_49' title="bbox 234 3361 1823 3432; baseline 0 -16"><span class='ocrx_word' id='word_1_352' title='bbox 234 3364 444 3417; x_wconf 81' lang='lat' dir='ltr'><strong>nismus</strong></span> <span class='ocrx_word' id='word_1_353' title='bbox 494 3365 559 3415; x_wconf 89' lang='lat' dir='ltr'><strong>ob</strong></span> <span class='ocrx_word' id='word_1_354' title='bbox 609 3373 712 3417; x_wconf 86' lang='lat' dir='ltr'><strong>tres</strong></span> <span class='ocrx_word' id='word_1_355' title='bbox 758 3363 1105 3432; x_wconf 80' lang='lat' dir='ltr'><strong>hypostases;</strong></span> <span class='ocrx_word' id='word_1_356' title='bbox 1147 3362 1293 3431; x_wconf 86' lang='lat' dir='ltr'><strong>quod</strong></span> <span class='ocrx_word' id='word_1_357' title='bbox 1348 3377 1413 3415; x_wconf 89' lang='lat' dir='ltr'><strong>co</strong></span> <span class='ocrx_word' id='word_1_358' title='bbox 1465 3361 1681 3416; x_wconf 87' lang='lat' dir='ltr'><strong>tandem</strong></span> <span class='ocrx_word' id='word_1_359' title='bbox 1733 3376 1823 3416; x_wconf 83' lang='lat' dir='ltr'><strong>res</strong></span> 
     </span>
    </p>
   </div>
   <div class='ocr_carea' id='block_1_50' title="bbox 234 3453 1824 3522">
    <p class='ocr_par' dir='ltr' id='par_1_50' title="bbox 234 3453 1824 3522">
     <span class='ocr_line' id='line_1_50' title="bbox 234 3453 1824 3522; baseline -0.003 -14"><span class='ocrx_word' id='word_1_360' title='bbox 234 3454 478 3509; x_wconf 86' lang='lat' dir='ltr'><strong>adducta</strong></span> <span class='ocrx_word' id='word_1_361' title='bbox 509 3463 679 3517; x_wconf 86' lang='lat' dir='ltr'><strong>esset,</strong></span> <span class='ocrx_word' id='word_1_362' title='bbox 702 3463 762 3507; x_wconf 89' lang='lat' dir='ltr'><strong>ut</strong></span> <span class='ocrx_word' id='word_1_363' title='bbox 796 3453 1089 3522; x_wconf 85' lang='lat' dir='ltr'><strong>periculum</strong></span> <span class='ocrx_word' id='word_1_364' title='bbox 1117 3463 1273 3517; x_wconf 85' lang='lat' dir='ltr'><strong>esset,</strong></span> <span class='ocrx_word' id='word_1_365' title='bbox 1301 3469 1363 3506; x_wconf 91' lang='lat' dir='ltr'><strong>ne</strong></span> <span class='ocrx_word' id='word_1_366' title='bbox 1392 3453 1533 3506; x_wconf 86' lang='lat' dir='ltr'><strong>orbis</strong></span> <span class='ocrx_word' id='word_1_367' title='bbox 1559 3464 1824 3512; x_wconf 83' lang='lat' dir='ltr'><strong>terrarum</strong></span> 
     </span>
    </p>
   </div>
   <div class='ocr_carea' id='block_1_51' title="bbox 234 3544 1823 3617">
    <p class='ocr_par' dir='ltr' id='par_1_51' title="bbox 234 3544 1823 3617">
     <span class='ocr_line' id='line_1_51' title="bbox 234 3544 1823 3617; baseline -0.001 -17"><span class='ocrx_word' id='word_1_368' title='bbox 234 3548 370 3615; x_wconf 76' lang='lat' dir='ltr'><strong>ﬁnes</strong></span> <span class='ocrx_word' id='word_1_369' title='bbox 414 3563 525 3599; x_wconf 89' lang='lat' dir='ltr'><strong>una</strong></span> <span class='ocrx_word' id='word_1_370' title='bbox 555 3563 672 3600; x_wconf 86' lang='lat' dir='ltr'><strong>cum</strong></span> <span class='ocrx_word' id='word_1_371' title='bbox 723 3546 949 3617; x_wconf 80' lang='lat' dir='ltr'><strong>syllabis</strong></span> <span class='ocrx_word' id='word_1_372' title='bbox 983 3545 1447 3616; x_wconf 86' lang='lat' dir='ltr'><strong>abrumperentur.</strong></span> <span class='ocrx_word' id='word_1_373' title='bbox 1483 3544 1629 3599; x_wconf 85' lang='lat' dir='ltr'><strong>Nihil</strong></span> <span class='ocrx_word' id='word_1_374' title='bbox 1672 3545 1823 3613; x_wconf 84' lang='lat' dir='ltr'><strong>ejus-</strong></span> 
     </span>
    </p>
   </div>
   <div class='ocr_carea' id='block_1_52' title="bbox 232 3635 1823 3709">
    <p class='ocr_par' dir='ltr' id='par_1_52' title="bbox 232 3635 1823 3709">
     <span class='ocr_line' id='line_1_52' title="bbox 232 3635 1823 3709; baseline -0.003 -14"><span class='ocrx_word' id='word_1_375' title='bbox 232 3640 386 3695; x_wconf 87' lang='lat' dir='ltr'><strong>modi</strong></span> <span class='ocrx_word' id='word_1_376' title='bbox 420 3640 782 3693; x_wconf 87' lang='lat' dir='ltr'><strong>commissum</strong></span> <span class='ocrx_word' id='word_1_377' title='bbox 813 3654 844 3691; x_wconf 88' lang='lat' dir='ltr'><strong>a</strong></span> <span class='ocrx_word' id='word_1_378' title='bbox 873 3638 1097 3704; x_wconf 83' lang='lat' dir='ltr'><strong>Basilio,</strong></span> <span class='ocrx_word' id='word_1_379' title='bbox 1127 3640 1222 3709; x_wconf 92' lang='lat' dir='ltr'><strong>qui</strong></span> <span class='ocrx_word' id='word_1_380' title='bbox 1252 3640 1308 3692; x_wconf 90' lang='lat' dir='ltr'><strong>in</strong></span> <span class='ocrx_word' id='word_1_381' title='bbox 1337 3638 1441 3692; x_wconf 90' lang='lat' dir='ltr'><strong>hac</strong></span> <span class='ocrx_word' id='word_1_382' title='bbox 1464 3638 1584 3708; x_wconf 87' lang='lat' dir='ltr'><strong>ipsa</strong></span> <span class='ocrx_word' id='word_1_383' title='bbox 1614 3636 1682 3691; x_wconf 91' lang='lat' dir='ltr'><strong>ad</strong></span> <span class='ocrx_word' id='word_1_384' title='bbox 1713 3635 1823 3690; x_wconf 66' lang='grc' dir='ltr'><strong>Τρο-</strong></span> 
     </span>
    </p>
   </div>
   <div class='ocr_carea' id='block_1_53' title="bbox 228 3728 1822 3802">
    <p class='ocr_par' dir='ltr' id='par_1_53' title="bbox 228 3728 1822 3802">
     <span class='ocr_line' id='line_1_53' title="bbox 228 3728 1822 3802; baseline -0.003 -15"><span class='ocrx_word' id='word_1_385' title='bbox 228 3733 480 3787; x_wconf 89' lang='lat' dir='ltr'><strong>rentium</strong></span> <span class='ocrx_word' id='word_1_386' title='bbox 512 3732 747 3802; x_wconf 88' lang='lat' dir='ltr'><strong>epistola</strong></span> <span class='ocrx_word' id='word_1_387' title='bbox 787 3730 1141 3786; x_wconf 87' lang='lat' dir='ltr'><strong>adversarios</strong></span> <span class='ocrx_word' id='word_1_388' title='bbox 1172 3746 1305 3787; x_wconf 90' lang='lat' dir='ltr'><strong>suos</strong></span> <span class='ocrx_word' id='word_1_389' title='bbox 1331 3730 1667 3787; x_wconf 83' lang='lat' dir='ltr'><strong>domesticos</strong></span> <span class='ocrx_word' id='word_1_390' title='bbox 1702 3728 1822 3783; x_wconf 81' lang='lat' dir='ltr'><strong>fidei</strong></span> 
     </span>
    </p>
   </div>
   <div class='ocr_carea' id='block_1_54' title="bbox 233 3817 1824 3894">
    <p class='ocr_par' dir='ltr' id='par_1_54' title="bbox 233 3817 1824 3894">
     <span class='ocr_line' id='line_1_54' title="bbox 233 3817 1824 3894; baseline -0.004 -17"><span class='ocrx_word' id='word_1_391' title='bbox 233 3823 502 3894; x_wconf 81' lang='lat' dir='ltr'><strong>appellat,</strong></span> <span class='ocrx_word' id='word_1_392' title='bbox 532 3836 739 3892; x_wconf 90' lang='lat' dir='ltr'><strong>eosque</strong></span> <span class='ocrx_word' id='word_1_393' title='bbox 778 3820 1135 3890; x_wconf 82' lang='lat' dir='ltr'><strong>simplicitate</strong></span> <span class='ocrx_word' id='word_1_394' title='bbox 1178 3822 1374 3890; x_wconf 85' lang='lat' dir='ltr'><strong>magis,</strong></span> <span class='ocrx_word' id='word_1_395' title='bbox 1404 3834 1569 3889; x_wconf 88' lang='lat' dir='ltr'><strong>quam</strong></span> <span class='ocrx_word' id='word_1_396' title='bbox 1617 3817 1824 3877; x_wconf 84' lang='lat' dir='ltr'><strong>malitia</strong></span> 
     </span>
    </p>
   </div>
   <div class='ocr_carea' id='block_1_55' title="bbox 233 3906 1826 3981">
    <p class='ocr_par' dir='ltr' id='par_1_55' title="bbox 233 3906 1826 3981">
     <span class='ocr_line' id='line_1_55' title="bbox 233 3906 1826 3981; baseline -0.006 -12"><span class='ocrx_word' id='word_1_397' title='bbox 233 3915 303 3969; x_wconf 80' lang='lat' dir='ltr'><strong>ad</strong></span> <span class='ocrx_word' id='word_1_398' title='bbox 336 3913 785 3968; x_wconf 88' lang='lat' dir='ltr'><strong>Sabellianorum</strong></span> <span class='ocrx_word' id='word_1_399' title='bbox 814 3909 1076 3981; x_wconf 88' lang='lat' dir='ltr'><strong>loquendi</strong></span> <span class='ocrx_word' id='word_1_400' title='bbox 1116 3909 1531 3964; x_wconf 88' lang='lat' dir='ltr'><strong>similitudinem</strong></span> <span class='ocrx_word' id='word_1_401' title='bbox 1563 3906 1826 3962; x_wconf 82' lang='lat' dir='ltr'><strong>accedere</strong></span> 
     </span>
    </p>
   </div>
   <div class='ocr_carea' id='block_1_56' title="bbox 232 3996 1826 4071">
    <p class='ocr_par' dir='ltr' id='par_1_56' title="bbox 232 3996 1826 4071">
     <span class='ocr_line' id='line_1_56' title="bbox 232 3996 1826 4071; baseline -0.003 -11"><span class='ocrx_word' id='word_1_402' title='bbox 232 4003 472 4069; x_wconf 77' lang='lat' dir='ltr'><strong>fatetur,</strong></span> <span class='ocrx_word' id='word_1_403' title='bbox 506 4014 561 4057; x_wconf 90' lang='lat' dir='ltr'><strong>et</strong></span> <span class='ocrx_word' id='word_1_404' title='bbox 591 4005 646 4056; x_wconf 89' lang='lat' dir='ltr'><strong>in</strong></span> <span class='ocrx_word' id='word_1_405' title='bbox 673 4002 928 4071; x_wconf 85' lang='lat' dir='ltr'><strong>pluribus</strong></span> <span class='ocrx_word' id='word_1_406' title='bbox 970 4002 1098 4055; x_wconf 87' lang='lat' dir='ltr'><strong>aliis</strong></span> <span class='ocrx_word' id='word_1_407' title='bbox 1127 4002 1263 4055; x_wconf 91' lang='lat' dir='ltr'><strong>locis</strong></span> <span class='ocrx_word' id='word_1_408' title='bbox 1286 4015 1475 4055; x_wconf 84' lang='lat' dir='ltr'><strong>eorum</strong></span> <span class='ocrx_word' id='word_1_409' title='bbox 1511 3997 1637 4053; x_wconf 87' lang='lat' dir='ltr'><strong>fidei</strong></span> <span class='ocrx_word' id='word_1_410' title='bbox 1673 3996 1826 4055; x_wconf 78' lang='lat' dir='ltr'><strong>testi-</strong></span> 
     </span>
    </p>
   </div>
   <div class='ocr_carea' id='block_1_57' title="bbox 238 4091 1826 4162">
    <p class='ocr_par' dir='ltr' id='par_1_57' title="bbox 238 4091 1826 4162">
     <span class='ocr_line' id='line_1_57' title="bbox 238 4091 1826 4162; baseline -0.004 -12"><span class='ocrx_word' id='word_1_411' title='bbox 238 4096 491 4151; x_wconf 87' lang='lat' dir='ltr'><strong>monium</strong></span> <span class='ocrx_word' id='word_1_412' title='bbox 518 4095 733 4159; x_wconf 89' lang='lat' dir='ltr'><strong>tribuit,</strong></span> <span class='ocrx_word' id='word_1_413' title='bbox 760 4101 824 4147; x_wconf 93' lang='lat' dir='ltr'><strong>ut</strong></span> <span class='ocrx_word' id='word_1_414' title='bbox 854 4093 910 4146; x_wconf 91' lang='lat' dir='ltr'><strong>in</strong></span> <span class='ocrx_word' id='word_1_415' title='bbox 940 4093 1106 4162; x_wconf 88' lang='lat' dir='ltr'><strong>epist.</strong></span> <span class='ocrx_word' id='word_1_416' title='bbox 1142 4091 1267 4156; x_wconf 71' lang='lat'><strong>156,</strong></span> <span class='ocrx_word' id='word_1_417' title='bbox 1298 4109 1353 4146; x_wconf 92' lang='lat' dir='ltr'><strong>n.</strong></span> <span class='ocrx_word' id='word_1_418' title='bbox 1380 4091 1433 4156; x_wconf 78' lang='grc'><strong>1,</strong></span> <span class='ocrx_word' id='word_1_419' title='bbox 1465 4091 1558 4145; x_wconf 86' lang='lat' dir='ltr'><strong>ubi</strong></span> <span class='ocrx_word' id='word_1_420' title='bbox 1582 4105 1700 4157; x_wconf 90' lang='lat' dir='ltr'><strong>eos,</strong></span> <span class='ocrx_word' id='word_1_421' title='bbox 1732 4091 1826 4160; x_wconf 89' lang='lat' dir='ltr'><strong>qui</strong></span> 
     </span>
    </p>
   </div>
   <div class='ocr_carea' id='block_1_58' title="bbox 239 4181 1827 4240">
    <p class='ocr_par' dir='ltr' id='par_1_58' title="bbox 239 4181 1827 4240">
     <span class='ocr_line' id='line_1_58' title="bbox 239 4181 1827 4240; baseline -0.003 0"><span class='ocrx_word' id='word_1_422' title='bbox 239 4184 557 4240; x_wconf 65' lang='lat' dir='ltr'><strong>Antiochiae</strong></span> <span class='ocrx_word' id='word_1_423' title='bbox 584 4185 729 4239; x_wconf 89' lang='lat' dir='ltr'><strong>inter</strong></span> <span class='ocrx_word' id='word_1_424' title='bbox 757 4198 818 4239; x_wconf 87' lang='lat' dir='ltr'><strong>se</strong></span> <span class='ocrx_word' id='word_1_425' title='bbox 848 4183 1121 4238; x_wconf 89' lang='lat' dir='ltr'><strong>dissident</strong></span> <span class='ocrx_word' id='word_1_426' title='bbox 1152 4182 1429 4238; x_wconf 87' lang='lat' dir='ltr'><strong>sententia</strong></span> <span class='ocrx_word' id='word_1_427' title='bbox 1468 4181 1678 4237; x_wconf 91' lang='lat' dir='ltr'><strong>divisos</strong></span> <span class='ocrx_word' id='word_1_428' title='bbox 1704 4196 1827 4236; x_wconf 89' lang='lat' dir='ltr'><strong>esse</strong></span> 
     </span>
    </p>
   </div>
   <div class='ocr_carea' id='block_1_59' title="bbox 236 4271 1826 4348">
    <p class='ocr_par' dir='ltr' id='par_1_59' title="bbox 236 4271 1826 4348">
     <span class='ocr_line' id='line_1_59' title="bbox 236 4271 1826 4348; baseline -0.006 -15"><span class='ocrx_word' id='word_1_429' title='bbox 236 4287 430 4348; x_wconf 86' lang='lat' dir='ltr'><strong>negat.</strong></span> <span class='ocrx_word' id='word_1_430' title='bbox 454 4275 596 4330; x_wconf 83' lang='lat' dir='ltr'><strong>llinc</strong></span> <span class='ocrx_word' id='word_1_431' title='bbox 627 4276 793 4330; x_wconf 88' lang='lat' dir='ltr'><strong>etiam</strong></span> <span class='ocrx_word' id='word_1_432' title='bbox 820 4274 875 4333; x_wconf 87' lang='lat' dir='ltr'><strong>in</strong></span> <span class='ocrx_word' id='word_1_433' title='bbox 904 4275 1068 4345; x_wconf 84' lang='lat' dir='ltr'><strong>epist.</strong></span> <span class='ocrx_word' id='word_1_434' title='bbox 1087 4274 1215 4338; x_wconf 68' lang='lat'><strong>258,</strong></span> <span class='ocrx_word' id='word_1_435' title='bbox 1240 4290 1297 4331; x_wconf 89' lang='lat' dir='ltr'><strong>n.</strong></span> <span class='ocrx_word' id='word_1_436' title='bbox 1322 4274 1376 4337; x_wconf 80' lang='grc'><strong>5,</strong></span> <span class='ocrx_word' id='word_1_437' title='bbox 1406 4272 1607 4328; x_wconf 83' lang='lat' dir='ltr'><strong>fratres</strong></span> <span class='ocrx_word' id='word_1_438' title='bbox 1636 4271 1826 4325; x_wconf 81' lang='lat' dir='ltr'><strong>Antio-</strong></span> 
     </span>
    </p>
   </div>
   <div class='ocr_carea' id='block_1_60' title="bbox 1926 1802 3492 1877">
    <p class='ocr_par' dir='ltr' id='par_1_60' title="bbox 1926 1802 3492 1877">
     <span class='ocr_line' id='line_1_60' title="bbox 1926 1802 3492 1877; baseline 0.003 -20"><span class='ocrx_word' id='word_1_439' title='bbox 1926 1802 1985 1858; x_wconf 89' lang='lat' dir='ltr'><strong>Si</strong></span> <span class='ocrx_word' id='word_1_440' title='bbox 2030 1804 2156 1873; x_wconf 89' lang='lat' dir='ltr'><strong>quis</strong></span> <span class='ocrx_word' id='word_1_441' title='bbox 2205 1812 2316 1860; x_wconf 90' lang='lat' dir='ltr'><strong>tres</strong></span> <span class='ocrx_word' id='word_1_442' title='bbox 2372 1806 2698 1877; x_wconf 89' lang='lat' dir='ltr'><strong>hypostases</strong></span> <span class='ocrx_word' id='word_1_443' title='bbox 2740 1807 3080 1873; x_wconf 78' lang='lat' dir='ltr'><strong>conﬁtendo,</strong></span> <span class='ocrx_word' id='word_1_444' title='bbox 3127 1822 3237 1862; x_wconf 92' lang='lat' dir='ltr'><strong>non</strong></span> <span class='ocrx_word' id='word_1_445' title='bbox 3271 1815 3331 1861; x_wconf 91' lang='lat' dir='ltr'><strong>ut</strong></span> <span class='ocrx_word' id='word_1_446' title='bbox 3378 1816 3492 1862; x_wconf 88' lang='lat' dir='ltr'><strong>tres</strong></span> 
     </span>
    </p>
   </div>
   <div class='ocr_carea' id='block_1_61' title="bbox 1921 1898 3492 1966">
    <p class='ocr_par' dir='ltr' id='par_1_61' title="bbox 1921 1898 3492 1966">
     <span class='ocr_line' id='line_1_61' title="bbox 1921 1898 3492 1966; baseline 0 -15"><span class='ocrx_word' id='word_1_447' title='bbox 1921 1910 2192 1966; x_wconf 89' lang='lat' dir='ltr'><strong>personas</strong></span> <span class='ocrx_word' id='word_1_448' title='bbox 2222 1898 2613 1964; x_wconf 87' lang='lat' dir='ltr'><strong>subsistentes,</strong></span> <span class='ocrx_word' id='word_1_449' title='bbox 2645 1900 2738 1954; x_wconf 87' lang='lat' dir='ltr'><strong>sed</strong></span> <span class='ocrx_word' id='word_1_450' title='bbox 2774 1906 2834 1953; x_wconf 91' lang='lat' dir='ltr'><strong>ut</strong></span> <span class='ocrx_word' id='word_1_451' title='bbox 2854 1906 2966 1955; x_wconf 89' lang='lat' dir='ltr'><strong>tres</strong></span> <span class='ocrx_word' id='word_1_452' title='bbox 2993 1900 3331 1955; x_wconf 88' lang='lat' dir='ltr'><strong>substantias</strong></span> <span class='ocrx_word' id='word_1_453' title='bbox 3358 1914 3492 1953; x_wconf 88' lang='lat' dir='ltr'><strong>con-</strong></span> 
     </span>
    </p>
   </div>
   <div class='ocr_carea' id='block_1_62' title="bbox 1925 1985 3493 2059">
    <p class='ocr_par' dir='ltr' id='par_1_62' title="bbox 1925 1985 3493 2059">
     <span class='ocr_line' id='line_1_62' title="bbox 1925 1985 3493 2059; baseline 0.002 -21"><span class='ocrx_word' id='word_1_454' title='bbox 1925 1985 2131 2051; x_wconf 84' lang='lat' dir='ltr'><strong>litetur,</strong></span> <span class='ocrx_word' id='word_1_455' title='bbox 2160 1988 2453 2042; x_wconf 86' lang='lat' dir='ltr'><strong>anathema</strong></span> <span class='ocrx_word' id='word_1_456' title='bbox 2492 1989 2584 2043; x_wconf 90' lang='lat' dir='ltr'><strong>sit.</strong></span> <span class='ocrx_word' id='word_1_457' title='bbox 2616 1989 2672 2042; x_wconf 90' lang='lat' dir='ltr'><strong>ld</strong></span> <span class='ocrx_word' id='word_1_458' title='bbox 2715 1997 2864 2059; x_wconf 84' lang='lat' dir='ltr'><strong>patet</strong></span> <span class='ocrx_word' id='word_1_459' title='bbox 2896 2004 2961 2044; x_wconf 79' lang='lat' dir='ltr'><strong>ex</strong></span> <span class='ocrx_word' id='word_1_460' title='bbox 2988 1988 3074 2044; x_wconf 90' lang='lat' dir='ltr'><strong>his</strong></span> <span class='ocrx_word' id='word_1_461' title='bbox 3104 2004 3227 2059; x_wconf 71' lang='lat' dir='ltr'><strong>qum</strong></span> <span class='ocrx_word' id='word_1_462' title='bbox 3248 2003 3493 2059; x_wconf 89' lang='lat' dir='ltr'><strong>sequun-</strong></span> 
     </span>
    </p>
   </div>
   <div class='ocr_carea' id='block_1_63' title="bbox 1923 2076 3492 2151">
    <p class='ocr_par' dir='ltr' id='par_1_63' title="bbox 1923 2076 3492 2151">
     <span class='ocr_line' id='line_1_63' title="bbox 1923 2076 3492 2151; baseline 0.001 -20"><span class='ocrx_word' id='word_1_463' title='bbox 1923 2086 2052 2132; x_wconf 87' lang='lat' dir='ltr'><strong>tur:</strong></span> <span class='ocrx_word' id='word_1_464' title='bbox 2083 2076 2145 2132; x_wconf 90' lang='lat' dir='ltr'><strong>Si</strong></span> <span class='ocrx_word' id='word_1_465' title='bbox 2176 2079 2293 2148; x_wconf 87' lang='lat' dir='ltr'><strong>quis</strong></span> <span class='ocrx_word' id='word_1_466' title='bbox 2348 2091 2526 2134; x_wconf 90' lang='lat' dir='ltr'><strong>autem</strong></span> <span class='ocrx_word' id='word_1_467' title='bbox 2578 2080 2907 2151; x_wconf 81' lang='lat' dir='ltr'><strong>[typostasim</strong></span> <span class='ocrx_word' id='word_1_468' title='bbox 2957 2081 3131 2134; x_wconf 88' lang='lat' dir='ltr'><strong>usiam</strong></span> <span class='ocrx_word' id='word_1_469' title='bbox 3172 2079 3492 2148; x_wconf 84' lang='lat' dir='ltr'><strong>intelligens,</strong></span> 
     </span>
    </p>
   </div>
   <div class='ocr_carea' id='block_1_64' title="bbox 1924 2169 3490 2243">
    <p class='ocr_par' dir='ltr' id='par_1_64' title="bbox 1924 2169 3490 2243">
     <span class='ocr_line' id='line_1_64' title="bbox 1924 2169 3490 2243; baseline 0 -20"><span class='ocrx_word' id='word_1_470' title='bbox 1924 2185 2027 2223; x_wconf 90' lang='lat' dir='ltr'><strong>non</strong></span> <span class='ocrx_word' id='word_1_471' title='bbox 2082 2170 2136 2223; x_wconf 88' lang='lat' dir='ltr'><strong>in</strong></span> <span class='ocrx_word' id='word_1_472' title='bbox 2202 2171 2373 2224; x_wconf 88' lang='lat' dir='ltr'><strong>tribus</strong></span> <span class='ocrx_word' id='word_1_473' title='bbox 2431 2173 2670 2240; x_wconf 88' lang='lat' dir='ltr'><strong>personis</strong></span> <span class='ocrx_word' id='word_1_474' title='bbox 2728 2188 2889 2225; x_wconf 89' lang='lat' dir='ltr'><strong>unam</strong></span> <span class='ocrx_word' id='word_1_475' title='bbox 2938 2171 3267 2243; x_wconf 81' lang='lat' dir='ltr'><strong>hgpostasim</strong></span> <span class='ocrx_word' id='word_1_476' title='bbox 3326 2169 3490 2235; x_wconf 91' lang='lat' dir='ltr'><strong>dicit,</strong></span> 
     </span>
    </p>
   </div>
   <div class='ocr_carea' id='block_1_65' title="bbox 1922 2259 3495 2333">
    <p class='ocr_par' dir='ltr' id='par_1_65' title="bbox 1922 2259 3495 2333">
     <span class='ocr_line' id='line_1_65' title="bbox 1922 2259 3495 2333; baseline -0.001 -16"><span class='ocrx_word' id='word_1_477' title='bbox 1922 2260 2129 2317; x_wconf 79' lang='lat' dir='ltr'><strong>alienus</strong></span> <span class='ocrx_word' id='word_1_478' title='bbox 2161 2278 2193 2314; x_wconf 91' lang='lat' dir='ltr'><strong>a</strong></span> <span class='ocrx_word' id='word_1_479' title='bbox 2227 2260 2441 2318; x_wconf 81' lang='lat' dir='ltr'><strong>Christo</strong></span> <span class='ocrx_word' id='word_1_480' title='bbox 2485 2270 2582 2316; x_wconf 89' lang='lat' dir='ltr'><strong>est.</strong></span> <span class='ocrx_word' id='word_1_481' title='bbox 2632 2261 2827 2317; x_wconf 89' lang='lat' dir='ltr'><strong>Secum</strong></span> <span class='ocrx_word' id='word_1_482' title='bbox 2871 2276 3002 2333; x_wconf 89' lang='lat' dir='ltr'><strong>ergo</strong></span> <span class='ocrx_word' id='word_1_483' title='bbox 3056 2276 3166 2316; x_wconf 93' lang='lat' dir='ltr'><strong>non</strong></span> <span class='ocrx_word' id='word_1_484' title='bbox 3218 2259 3495 2331; x_wconf 76' lang='lat' dir='ltr'><strong>pugnabat</strong></span> 
     </span>
    </p>
   </div>
   <div class='ocr_carea' id='block_1_66' title="bbox 1922 2353 3495 2424">
    <p class='ocr_par' dir='ltr' id='par_1_66' title="bbox 1922 2353 3495 2424">
     <span class='ocr_line' id='line_1_66' title="bbox 1922 2353 3495 2424; baseline 0.001 -20"><span class='ocrx_word' id='word_1_485' title='bbox 1922 2353 2310 2422; x_wconf 74' lang='lat' dir='ltr'><strong>Hieronymus,</strong></span> <span class='ocrx_word' id='word_1_486' title='bbox 2352 2353 2445 2408; x_wconf 87' lang='lat' dir='ltr'><strong>sed</strong></span> <span class='ocrx_word' id='word_1_487' title='bbox 2492 2360 2742 2409; x_wconf 88' lang='lat' dir='ltr'><strong>neutram</strong></span> <span class='ocrx_word' id='word_1_488' title='bbox 2774 2353 3031 2424; x_wconf 90' lang='lat' dir='ltr'><strong>loquendi</strong></span> <span class='ocrx_word' id='word_1_489' title='bbox 3074 2357 3345 2410; x_wconf 88' lang='lat' dir='ltr'><strong>rationem</strong></span> <span class='ocrx_word' id='word_1_490' title='bbox 3377 2367 3495 2407; x_wconf 90' lang='lat' dir='ltr'><strong>am-</strong></span> 
     </span>
    </p>
   </div>
   <div class='ocr_carea' id='block_1_67' title="bbox 1927 2443 3494 2515">
    <p class='ocr_par' dir='ltr' id='par_1_67' title="bbox 1927 2443 3494 2515">
     <span class='ocr_line' id='line_1_67' title="bbox 1927 2443 3494 2515; baseline 0.001 -18"><span class='ocrx_word' id='word_1_491' title='bbox 1927 2445 2193 2513; x_wconf 87' lang='lat' dir='ltr'><strong>plectens,</strong></span> <span class='ocrx_word' id='word_1_492' title='bbox 2227 2443 2494 2515; x_wconf 90' lang='lat' dir='ltr'><strong>quidquid</strong></span> <span class='ocrx_word' id='word_1_493' title='bbox 2535 2444 2754 2515; x_wconf 90' lang='lat' dir='ltr'><strong>utrique</strong></span> <span class='ocrx_word' id='word_1_494' title='bbox 2792 2452 3007 2515; x_wconf 89' lang='lat' dir='ltr'><strong>poterat</strong></span> <span class='ocrx_word' id='word_1_495' title='bbox 3054 2445 3239 2501; x_wconf 88' lang='lat' dir='ltr'><strong>inesse</strong></span> <span class='ocrx_word' id='word_1_496' title='bbox 3275 2444 3413 2509; x_wconf 81' lang='lat' dir='ltr'><strong>vitii,</strong></span> <span class='ocrx_word' id='word_1_497' title='bbox 3439 2444 3494 2499; x_wconf 92' lang='lat' dir='ltr'><strong>id</strong></span> 
     </span>
    </p>
   </div>
   <div class='ocr_carea' id='block_1_68' title="bbox 1921 2535 3595 2608">
    <p class='ocr_par' dir='ltr' id='par_1_68' title="bbox 1921 2535 3595 2608">
     <span class='ocr_line' id='line_1_68' title="bbox 1921 2535 3595 2608; baseline 0.003 -22"><span class='ocrx_word' id='word_1_498' title='bbox 1921 2550 2148 2604; x_wconf 76' lang='lat' dir='ltr'><strong>prorsus</strong></span> <span class='ocrx_word' id='word_1_499' title='bbox 2180 2535 2483 2605; x_wconf 86' lang='lat' dir='ltr'><strong>rejiciebat,</strong></span> <span class='ocrx_word' id='word_1_500' title='bbox 2528 2552 2630 2592; x_wconf 90' lang='lat' dir='ltr'><strong>nec</strong></span> <span class='ocrx_word' id='word_1_501' title='bbox 2679 2546 2859 2592; x_wconf 88' lang='lat' dir='ltr'><strong>tamen</strong></span> <span class='ocrx_word' id='word_1_502' title='bbox 2883 2537 3101 2608; x_wconf 86' lang='lat' dir='ltr'><strong>placare</strong></span> <span class='ocrx_word' id='word_1_503' title='bbox 3127 2544 3344 2608; x_wconf 90' lang='lat' dir='ltr'><strong>poterat</strong></span> <span class='ocrx_word' id='word_1_504' title='bbox 3374 2550 3493 2591; x_wconf 90' lang='lat' dir='ltr'><strong>mo—</strong></span> <span class='ocrx_word' id='word_1_505' title='bbox 3592 2564 3595 2567; x_wconf 57' lang='grc' dir='ltr'>η</span> 
     </span>
    </p>
   </div>
   <div class='ocr_carea' id='block_1_69' title="bbox 1921 2624 2627 2684">
    <p class='ocr_par' dir='ltr' id='par_1_69' title="bbox 1921 2624 2627 2684">
     <span class='ocr_line' id='line_1_69' title="bbox 1921 2624 2627 2684; baseline 0.007 -5"><span class='ocrx_word' id='word_1_506' title='bbox 1921 2639 2080 2679; x_wconf 90' lang='lat' dir='ltr'><strong>rosos</strong></span> <span class='ocrx_word' id='word_1_507' title='bbox 2107 2625 2230 2679; x_wconf 90' lang='lat' dir='ltr'><strong>illos</strong></span> <span class='ocrx_word' id='word_1_508' title='bbox 2257 2624 2627 2684; x_wconf 85' lang='lat' dir='ltr'><strong>adversarios.</strong></span> 
     </span>
    </p>
   </div>
   <div class='ocr_carea' id='block_1_70' title="bbox 1990 2715 3493 2792">
    <p class='ocr_par' dir='ltr' id='par_1_70' title="bbox 1990 2715 3493 2792">
     <span class='ocr_line' id='line_1_70' title="bbox 1990 2715 3493 2792; baseline 0.003 -23"><span class='ocrx_word' id='word_1_509' title='bbox 1990 2717 2046 2769; x_wconf 73' lang='lat'><strong>2°</strong></span> <span class='ocrx_word' id='word_1_510' title='bbox 2089 2715 2278 2787; x_wconf 90' lang='lat' dir='ltr'><strong>Neque</strong></span> <span class='ocrx_word' id='word_1_511' title='bbox 2327 2719 2491 2773; x_wconf 89' lang='lat' dir='ltr'><strong>etiam</strong></span> <span class='ocrx_word' id='word_1_512' title='bbox 2533 2719 3018 2791; x_wconf 88' lang='lat' dir='ltr'><strong>reprehendendus</strong></span> <span class='ocrx_word' id='word_1_513' title='bbox 3057 2720 3313 2785; x_wconf 88' lang='lat' dir='ltr'><strong>Basilius,</strong></span> <span class='ocrx_word' id='word_1_514' title='bbox 3346 2718 3493 2792; x_wconf 91' lang='lat' dir='ltr'><strong>quod</strong></span> 
     </span>
    </p>
   </div>
   <div class='ocr_carea' id='block_1_71' title="bbox 1922 2792 3495 2881">
    <p class='ocr_par' dir='ltr' id='par_1_71' title="bbox 1922 2792 3495 2881">
     <span class='ocr_line' id='line_1_71' title="bbox 1922 2792 3495 2881; baseline 0.004 -21"><span class='ocrx_word' id='word_1_515' title='bbox 1922 2812 2170 2860; x_wconf 80' lang='lat' dir='ltr'><strong>exortam</strong></span> <span class='ocrx_word' id='word_1_516' title='bbox 2195 2806 2263 2861; x_wconf 91' lang='lat' dir='ltr'><strong>de</strong></span> <span class='ocrx_word' id='word_1_517' title='bbox 2296 2792 2684 2878; x_wconf 78' lang='lat' dir='ltr'><strong>hypostasibus</strong></span> <span class='ocrx_word' id='word_1_518' title='bbox 2708 2809 3136 2866; x_wconf 85' lang='lat' dir='ltr'><strong>controversiam</strong></span> <span class='ocrx_word' id='word_1_519' title='bbox 3161 2810 3342 2881; x_wconf 80' lang='lat' dir='ltr'><strong>magni</strong></span> <span class='ocrx_word' id='word_1_520' title='bbox 3371 2826 3495 2866; x_wconf 90' lang='lat' dir='ltr'><strong>esse</strong></span> 
     </span>
    </p>
   </div>
   <div class='ocr_carea' id='block_1_72' title="bbox 1924 2899 3495 2972">
    <p class='ocr_par' dir='ltr' id='par_1_72' title="bbox 1924 2899 3495 2972">
     <span class='ocr_line' id='line_1_72' title="bbox 1924 2899 3495 2972; baseline 0.002 -20"><span class='ocrx_word' id='word_1_521' title='bbox 1924 2900 2183 2953; x_wconf 90' lang='lat' dir='ltr'><strong>momenti</strong></span> <span class='ocrx_word' id='word_1_522' title='bbox 2214 2899 2453 2963; x_wconf 79' lang='lat' dir='ltr'><strong>duxerit,</strong></span> <span class='ocrx_word' id='word_1_523' title='bbox 2478 2916 2657 2971; x_wconf 89' lang='lat' dir='ltr'><strong>neque</strong></span> <span class='ocrx_word' id='word_1_524' title='bbox 2686 2900 2742 2954; x_wconf 91' lang='lat' dir='ltr'><strong>in</strong></span> <span class='ocrx_word' id='word_1_525' title='bbox 2773 2901 2877 2956; x_wconf 94' lang='lat' dir='ltr'><strong>hoc</strong></span> <span class='ocrx_word' id='word_1_526' title='bbox 2908 2908 3113 2972; x_wconf 87' lang='lat' dir='ltr'><strong>pugnat</strong></span> <span class='ocrx_word' id='word_1_527' title='bbox 3136 2916 3259 2956; x_wconf 89' lang='lat' dir='ltr'><strong>cum</strong></span> <span class='ocrx_word' id='word_1_528' title='bbox 3284 2899 3495 2972; x_wconf 82' lang='lat' dir='ltr'><strong>synodo</strong></span> 
     </span>
    </p>
   </div>
   <div class='ocr_carea' id='block_1_73' title="bbox 1924 2989 3494 3062">
    <p class='ocr_par' dir='ltr' id='par_1_73' title="bbox 1924 2989 3494 3062">
     <span class='ocr_line' id='line_1_73' title="bbox 1924 2989 3494 3062; baseline 0.003 -20"><span class='ocrx_word' id='word_1_529' title='bbox 1924 2989 2316 3045; x_wconf 81' lang='lat' dir='ltr'><strong>Alexandrina.</strong></span> <span class='ocrx_word' id='word_1_530' title='bbox 2342 2991 2456 3048; x_wconf 81' lang='lat' dir='ltr'><strong>Etsi</strong></span> <span class='ocrx_word' id='word_1_531' title='bbox 2487 2992 2632 3046; x_wconf 91' lang='lat' dir='ltr'><strong>enim</strong></span> <span class='ocrx_word' id='word_1_532' title='bbox 2665 2993 2782 3048; x_wconf 75' lang='lat' dir='ltr'><strong>haec</strong></span> <span class='ocrx_word' id='word_1_533' title='bbox 2810 2994 3042 3062; x_wconf 65' lang='lat' dir='ltr'><strong>quaestio</strong></span> <span class='ocrx_word' id='word_1_534' title='bbox 3074 2992 3213 3047; x_wconf 90' lang='lat' dir='ltr'><strong>tanti</strong></span> <span class='ocrx_word' id='word_1_535' title='bbox 3233 3007 3357 3048; x_wconf 90' lang='lat' dir='ltr'><strong>esse</strong></span> <span class='ocrx_word' id='word_1_536' title='bbox 3382 3008 3494 3046; x_wconf 91' lang='lat' dir='ltr'><strong>non</strong></span> 
     </span>
    </p>
   </div>
   <div class='ocr_carea' id='block_1_74' title="bbox 1925 3080 3494 3152">
    <p class='ocr_par' dir='ltr' id='par_1_74' title="bbox 1925 3080 3494 3152">
     <span class='ocr_line' id='line_1_74' title="bbox 1925 3080 3494 3152; baseline 0.001 -18"><span class='ocrx_word' id='word_1_537' title='bbox 1925 3080 2179 3146; x_wconf 81' lang='lat' dir='ltr'><strong>debebat,</strong></span> <span class='ocrx_word' id='word_1_538' title='bbox 2231 3090 2292 3136; x_wconf 91' lang='lat' dir='ltr'><strong>ut</strong></span> <span class='ocrx_word' id='word_1_539' title='bbox 2330 3083 2474 3139; x_wconf 88' lang='lat' dir='ltr'><strong>inter</strong></span> <span class='ocrx_word' id='word_1_540' title='bbox 2523 3083 2838 3140; x_wconf 90' lang='lat' dir='ltr'><strong>Catholicos</strong></span> <span class='ocrx_word' id='word_1_541' title='bbox 2864 3084 3006 3140; x_wconf 88' lang='lat' dir='ltr'><strong>idem</strong></span> <span class='ocrx_word' id='word_1_542' title='bbox 3055 3083 3355 3140; x_wconf 87' lang='lat' dir='ltr'><strong>sentientes</strong></span> <span class='ocrx_word' id='word_1_543' title='bbox 3389 3097 3494 3152; x_wconf 76' lang='lat' dir='ltr'><strong>pax</strong></span> 
     </span>
    </p>
   </div>
   <div class='ocr_carea' id='block_1_75' title="bbox 1926 3169 3495 3245">
    <p class='ocr_par' dir='ltr' id='par_1_75' title="bbox 1926 3169 3495 3245">
     <span class='ocr_line' id='line_1_75' title="bbox 1926 3169 3495 3245; baseline 0.001 -21"><span class='ocrx_word' id='word_1_544' title='bbox 1926 3169 2229 3239; x_wconf 91' lang='lat' dir='ltr'><strong>dissiliret;</strong></span> <span class='ocrx_word' id='word_1_545' title='bbox 2278 3181 2398 3228; x_wconf 86' lang='lat' dir='ltr'><strong>erat</strong></span> <span class='ocrx_word' id='word_1_546' title='bbox 2452 3180 2634 3229; x_wconf 84' lang='lat' dir='ltr'><strong>tamen</strong></span> <span class='ocrx_word' id='word_1_547' title='bbox 2680 3173 2816 3230; x_wconf 90' lang='lat' dir='ltr'><strong>satis</strong></span> <span class='ocrx_word' id='word_1_548' title='bbox 2862 3174 3045 3245; x_wconf 83' lang='lat' dir='ltr'><strong>magni</strong></span> <span class='ocrx_word' id='word_1_549' title='bbox 3099 3170 3393 3237; x_wconf 87' lang='lat' dir='ltr'><strong>momenti,</strong></span> <span class='ocrx_word' id='word_1_550' title='bbox 3446 3172 3495 3226; x_wconf 91' lang='lat' dir='ltr'><strong>si</strong></span> 
     </span>
    </p>
   </div>
   <div class='ocr_carea' id='block_1_76' title="bbox 1927 3262 3493 3332">
    <p class='ocr_par' dir='ltr' id='par_1_76' title="bbox 1927 3262 3493 3332">
     <span class='ocr_line' id='line_1_76' title="bbox 1927 3262 3493 3332; baseline 0 -16"><span class='ocrx_word' id='word_1_551' title='bbox 1927 3272 2203 3332; x_wconf 89' lang='lat' dir='ltr'><strong>spectetur</strong></span> <span class='ocrx_word' id='word_1_552' title='bbox 2244 3263 2625 3320; x_wconf 66' lang='lat' dir='ltr'><strong>batreticorum</strong></span> <span class='ocrx_word' id='word_1_553' title='bbox 2659 3263 2728 3319; x_wconf 89' lang='lat' dir='ltr'><strong>ad</strong></span> <span class='ocrx_word' id='word_1_554' title='bbox 2772 3264 3142 3320; x_wconf 87' lang='lat' dir='ltr'><strong>accusandam</strong></span> <span class='ocrx_word' id='word_1_555' title='bbox 3190 3262 3493 3318; x_wconf 81' lang='lat' dir='ltr'><strong>Ecclesiam</strong></span> 
     </span>
    </p>
   </div>
   <div class='ocr_carea' id='block_1_77' title="bbox 1925 3353 3496 3425">
    <p class='ocr_par' dir='ltr' id='par_1_77' title="bbox 1925 3353 3496 3425">
     <span class='ocr_line' id='line_1_77' title="bbox 1925 3353 3496 3425; baseline 0 -18"><span class='ocrx_word' id='word_1_556' title='bbox 1925 3354 2202 3423; x_wconf 84' lang='lat' dir='ltr'><strong>ingenium</strong></span> <span class='ocrx_word' id='word_1_557' title='bbox 2255 3356 2513 3425; x_wconf 87' lang='lat' dir='ltr'><strong>proclive.</strong></span> <span class='ocrx_word' id='word_1_558' title='bbox 2557 3356 2692 3411; x_wconf 89' lang='lat' dir='ltr'><strong>Cum</strong></span> <span class='ocrx_word' id='word_1_559' title='bbox 2726 3356 2872 3412; x_wconf 91' lang='lat' dir='ltr'><strong>enim</strong></span> <span class='ocrx_word' id='word_1_560' title='bbox 2904 3354 3198 3411; x_wconf 89' lang='lat' dir='ltr'><strong>Catholicis</strong></span> <span class='ocrx_word' id='word_1_561' title='bbox 3233 3353 3496 3409; x_wconf 88' lang='lat' dir='ltr'><strong>Sabellia-</strong></span> 
     </span>
    </p>
   </div>
   <div class='ocr_carea' id='block_1_78' title="bbox 1924 3443 3495 3518">
    <p class='ocr_par' dir='ltr' id='par_1_78' title="bbox 1924 3443 3495 3518">
     <span class='ocr_line' id='line_1_78' title="bbox 1924 3443 3495 3518; baseline -0.001 -19"><span class='ocrx_word' id='word_1_562' title='bbox 1924 3445 2164 3502; x_wconf 89' lang='lat' dir='ltr'><strong>nismum</strong></span> <span class='ocrx_word' id='word_1_563' title='bbox 2219 3446 2477 3518; x_wconf 75' lang='lat' dir='ltr'><strong>efﬁngere</strong></span> <span class='ocrx_word' id='word_1_564' title='bbox 2523 3461 2634 3502; x_wconf 88' lang='lat' dir='ltr'><strong>non</strong></span> <span class='ocrx_word' id='word_1_565' title='bbox 2687 3447 3040 3510; x_wconf 88' lang='lat' dir='ltr'><strong>desinerent,</strong></span> <span class='ocrx_word' id='word_1_566' title='bbox 3084 3460 3343 3515; x_wconf 88' lang='lat' dir='ltr'><strong>campum</strong></span> <span class='ocrx_word' id='word_1_567' title='bbox 3388 3443 3495 3497; x_wconf 89' lang='lat' dir='ltr'><strong>illis</strong></span> 
     </span>
    </p>
   </div>
   <div class='ocr_carea' id='block_1_79' title="bbox 1924 3535 3498 3609">
    <p class='ocr_par' dir='ltr' id='par_1_79' title="bbox 1924 3535 3498 3609">
     <span class='ocr_line' id='line_1_79' title="bbox 1924 3535 3498 3609; baseline 0 -20"><span class='ocrx_word' id='word_1_568' title='bbox 1924 3535 1993 3590; x_wconf 90' lang='lat' dir='ltr'><strong>ad</strong></span> <span class='ocrx_word' id='word_1_569' title='bbox 2019 3537 2325 3593; x_wconf 88' lang='lat' dir='ltr'><strong>calumnias</strong></span> <span class='ocrx_word' id='word_1_570' title='bbox 2353 3539 2659 3608; x_wconf 86' lang='lat' dir='ltr'><strong>aperuisset</strong></span> <span class='ocrx_word' id='word_1_571' title='bbox 2687 3542 2851 3594; x_wconf 89' lang='lat' dir='ltr'><strong>unius</strong></span> <span class='ocrx_word' id='word_1_572' title='bbox 2873 3536 3185 3609; x_wconf 80' lang='lat' dir='ltr'><strong>hypostasis</strong></span> <span class='ocrx_word' id='word_1_573' title='bbox 3219 3535 3286 3592; x_wconf 92' lang='lat' dir='ltr'><strong>ad</strong></span> <span class='ocrx_word' id='word_1_574' title='bbox 3314 3550 3498 3590; x_wconf 78' lang='lat' dir='ltr'><strong>exem-</strong></span> 
     </span>
    </p>
   </div>
   <div class='ocr_carea' id='block_1_80' title="bbox 1924 3625 3496 3697">
    <p class='ocr_par' dir='ltr' id='par_1_80' title="bbox 1924 3625 3496 3697">
     <span class='ocr_line' id='line_1_80' title="bbox 1924 3625 3496 3697; baseline -0.001 -17"><span class='ocrx_word' id='word_1_575' title='bbox 1924 3627 2074 3697; x_wconf 90' lang='lat' dir='ltr'><strong>plum</strong></span> <span class='ocrx_word' id='word_1_576' title='bbox 2120 3629 2341 3685; x_wconf 84' lang='lat' dir='ltr'><strong>Sabellii</strong></span> <span class='ocrx_word' id='word_1_577' title='bbox 2389 3630 2687 3687; x_wconf 80' lang='lat' dir='ltr'><strong>confessio.</strong></span> <span class='ocrx_word' id='word_1_578' title='bbox 2748 3628 2928 3695; x_wconf 88' lang='lat' dir='ltr'><strong>Quare</strong></span> <span class='ocrx_word' id='word_1_579' title='bbox 2992 3644 3116 3682; x_wconf 92' lang='lat' dir='ltr'><strong>cum</strong></span> <span class='ocrx_word' id='word_1_580' title='bbox 3192 3625 3496 3697; x_wconf 87' lang='lat' dir='ltr'><strong>Epiphanio</strong></span> 
     </span>
    </p>
   </div>
   <div class='ocr_carea' id='block_1_81' title="bbox 1927 3717 3494 3794">
    <p class='ocr_par' dir='ltr' id='par_1_81' title="bbox 1927 3717 3494 3794">
     <span class='ocr_line' id='line_1_81' title="bbox 1927 3717 3494 3794; baseline -0.001 -21"><span class='ocrx_word' id='word_1_581' title='bbox 1927 3723 2251 3788; x_wconf 88' lang='lat' dir='ltr'><strong>assentitur,</strong></span> <span class='ocrx_word' id='word_1_582' title='bbox 2288 3738 2516 3779; x_wconf 88' lang='lat' dir='ltr'><strong>necesse</strong></span> <span class='ocrx_word' id='word_1_583' title='bbox 2547 3739 2669 3779; x_wconf 89' lang='lat' dir='ltr'><strong>esse</strong></span> <span class='ocrx_word' id='word_1_584' title='bbox 2710 3730 2828 3778; x_wconf 90' lang='lat' dir='ltr'><strong>tres</strong></span> <span class='ocrx_word' id='word_1_585' title='bbox 2860 3722 3185 3794; x_wconf 84' lang='lat' dir='ltr'><strong>hypostases</strong></span> <span class='ocrx_word' id='word_1_586' title='bbox 3213 3717 3494 3785; x_wconf 84' lang='lat' dir='ltr'><strong>confiteri;</strong></span> 
     </span>
    </p>
   </div>
   <div class='ocr_carea' id='block_1_82' title="bbox 1927 3808 3495 3882">
    <p class='ocr_par' dir='ltr' id='par_1_82' title="bbox 1927 3808 3495 3882">
     <span class='ocr_line' id='line_1_82' title="bbox 1927 3808 3495 3882; baseline 0 -19"><span class='ocrx_word' id='word_1_587' title='bbox 1927 3825 2271 3882; x_wconf 89' lang='lat' dir='ltr'><strong>nequaquam</strong></span> <span class='ocrx_word' id='word_1_588' title='bbox 2304 3813 2353 3867; x_wconf 90' lang='lat' dir='ltr'><strong>id</strong></span> <span class='ocrx_word' id='word_1_589' title='bbox 2400 3815 2771 3870; x_wconf 84' lang='lat' dir='ltr'><strong>necessarium</strong></span> <span class='ocrx_word' id='word_1_590' title='bbox 2811 3827 2936 3868; x_wconf 86' lang='lat' dir='ltr'><strong>esse</strong></span> <span class='ocrx_word' id='word_1_591' title='bbox 2976 3815 3151 3881; x_wconf 88' lang='lat' dir='ltr'><strong>putat,</strong></span> <span class='ocrx_word' id='word_1_592' title='bbox 3188 3818 3249 3863; x_wconf 88' lang='lat' dir='ltr'><strong>ut</strong></span> <span class='ocrx_word' id='word_1_593' title='bbox 3289 3808 3495 3863; x_wconf 69' lang='lat' dir='ltr'><strong>Cathe-v</strong></span> 
     </span>
    </p>
   </div>
   <div class='ocr_carea' id='block_1_83' title="bbox 1928 3901 3496 3973">
    <p class='ocr_par' dir='ltr' id='par_1_83' title="bbox 1928 3901 3496 3973">
     <span class='ocr_line' id='line_1_83' title="bbox 1928 3901 3496 3973; baseline 0 -19"><span class='ocrx_word' id='word_1_594' title='bbox 1928 3901 2072 3957; x_wconf 91' lang='lat' dir='ltr'><strong>licus</strong></span> <span class='ocrx_word' id='word_1_595' title='bbox 2132 3903 2333 3973; x_wconf 85' lang='lat' dir='ltr'><strong>aliquis</strong></span> <span class='ocrx_word' id='word_1_596' title='bbox 2387 3904 2674 3967; x_wconf 89' lang='lat' dir='ltr'><strong>habeatur,</strong></span> <span class='ocrx_word' id='word_1_597' title='bbox 2719 3905 2813 3960; x_wconf 90' lang='lat' dir='ltr'><strong>sed</strong></span> <span class='ocrx_word' id='word_1_598' title='bbox 2861 3913 2921 3959; x_wconf 93' lang='lat' dir='ltr'><strong>ut</strong></span> <span class='ocrx_word' id='word_1_599' title='bbox 2969 3905 3123 3959; x_wconf 92' lang='lat' dir='ltr'><strong>locus</strong></span> <span class='ocrx_word' id='word_1_600' title='bbox 3166 3902 3496 3967; x_wconf 69' lang='lat' dir='ltr'><strong>Arianorum</strong></span> 
     </span>
    </p>
   </div>
   <div class='ocr_carea' id='block_1_84' title="bbox 1928 3993 3496 4063">
    <p class='ocr_par' dir='ltr' id='par_1_84' title="bbox 1928 3993 3496 4063">
     <span class='ocr_line' id='line_1_84' title="bbox 1928 3993 3496 4063; baseline 0.001 -17"><span class='ocrx_word' id='word_1_601' title='bbox 1928 3993 2222 4050; x_wconf 87' lang='lat' dir='ltr'><strong>calumniis</strong></span> <span class='ocrx_word' id='word_1_602' title='bbox 2273 4012 2385 4051; x_wconf 86' lang='lat' dir='ltr'><strong>non</strong></span> <span class='ocrx_word' id='word_1_603' title='bbox 2439 3997 2617 4063; x_wconf 88' lang='lat' dir='ltr'><strong>detur,</strong></span> <span class='ocrx_word' id='word_1_604' title='bbox 2669 3997 2810 4053; x_wconf 87' lang='lat' dir='ltr'><strong>addo</strong></span> <span class='ocrx_word' id='word_1_605' title='bbox 2861 3997 3070 4062; x_wconf 88' lang='lat' dir='ltr'><strong>etiam,</strong></span> <span class='ocrx_word' id='word_1_606' title='bbox 3135 4006 3195 4051; x_wconf 89' lang='lat' dir='ltr'><strong>ut</strong></span> <span class='ocrx_word' id='word_1_607' title='bbox 3248 4003 3496 4057; x_wconf 87' lang='lat' dir='ltr'><strong>servetur</strong></span> 
     </span>
    </p>
   </div>
   <div class='ocr_carea' id='block_1_85' title="bbox 1927 4080 2806 4156">
    <p class='ocr_par' dir='ltr' id='par_1_85' title="bbox 1927 4080 2806 4156">
     <span class='ocr_line' id='line_1_85' title="bbox 1927 4080 2806 4156; baseline 0.003 -19"><span class='ocrx_word' id='word_1_608' title='bbox 1927 4092 2150 4153; x_wconf 87' lang='lat' dir='ltr'><strong>accepta</strong></span> <span class='ocrx_word' id='word_1_609' title='bbox 2179 4100 2208 4138; x_wconf 90' lang='lat' dir='ltr'><strong>a</strong></span> <span class='ocrx_word' id='word_1_610' title='bbox 2240 4080 2545 4156; x_wconf 87' lang='lat' dir='ltr'><strong>majoribus</strong></span> <span class='ocrx_word' id='word_1_611' title='bbox 2566 4087 2806 4148; x_wconf 86' lang='lat' dir='ltr'><strong>traditio.</strong></span> 
     </span>
    </p>
   </div>
   <div class='ocr_carea' id='block_1_86' title="bbox 1998 4172 3497 4238">
    <p class='ocr_par' dir='ltr' id='par_1_86' title="bbox 1998 4172 3497 4238">
     <span class='ocr_line' id='line_1_86' title="bbox 1998 4172 3497 4238; baseline -0.004 -7"><span class='ocrx_word' id='word_1_612' title='bbox 1998 4176 2058 4231; x_wconf 81' lang='lat'><strong>5°</strong></span> <span class='ocrx_word' id='word_1_613' title='bbox 2087 4177 2222 4231; x_wconf 90' lang='lat' dir='ltr'><strong>Cum</strong></span> <span class='ocrx_word' id='word_1_614' title='bbox 2259 4185 2411 4232; x_wconf 89' lang='lat' dir='ltr'><strong>tanto</strong></span> <span class='ocrx_word' id='word_1_615' title='bbox 2450 4177 2619 4232; x_wconf 87' lang='lat' dir='ltr'><strong>animi</strong></span> <span class='ocrx_word' id='word_1_616' title='bbox 2655 4177 2852 4238; x_wconf 77' lang='lat' dir='ltr'><strong>ardore</strong></span> <span class='ocrx_word' id='word_1_617' title='bbox 2878 4180 2932 4232; x_wconf 90' lang='lat' dir='ltr'><strong>in</strong></span> <span class='ocrx_word' id='word_1_618' title='bbox 2964 4177 3016 4232; x_wconf 90' lang='lat' dir='ltr'><strong>id</strong></span> <span class='ocrx_word' id='word_1_619' title='bbox 3048 4175 3314 4231; x_wconf 90' lang='lat' dir='ltr'><strong>incumbit</strong></span> <span class='ocrx_word' id='word_1_620' title='bbox 3345 4172 3497 4227; x_wconf 87' lang='lat' dir='ltr'><strong>Basi-</strong></span> 
     </span>
    </p>
   </div>
   <div class='ocr_carea' id='block_1_87' title="bbox 1930 4263 3496 4339">
    <p class='ocr_par' dir='ltr' id='par_1_87' title="bbox 1930 4263 3496 4339">
     <span class='ocr_line' id='line_1_87' title="bbox 1930 4263 3496 4339; baseline -0.004 -19"><span class='ocrx_word' id='word_1_621' title='bbox 1930 4267 2058 4332; x_wconf 90' lang='lat' dir='ltr'><strong>lius,</strong></span> <span class='ocrx_word' id='word_1_622' title='bbox 2094 4281 2163 4321; x_wconf 93' lang='lat' dir='ltr'><strong>ne</strong></span> <span class='ocrx_word' id='word_1_623' title='bbox 2195 4268 2359 4322; x_wconf 90' lang='lat' dir='ltr'><strong>unius</strong></span> <span class='ocrx_word' id='word_1_624' title='bbox 2395 4268 2708 4339; x_wconf 78' lang='lat' dir='ltr'><strong>hypostasis</strong></span> <span class='ocrx_word' id='word_1_625' title='bbox 2736 4267 3056 4325; x_wconf 85' lang='lat' dir='ltr'><strong>defensores</strong></span> <span class='ocrx_word' id='word_1_626' title='bbox 3090 4280 3212 4320; x_wconf 83' lang='lat' dir='ltr'><strong>cum</strong></span> <span class='ocrx_word' id='word_1_627' title='bbox 3254 4263 3496 4318; x_wconf 86' lang='lat' dir='ltr'><strong>Ecclesia</strong></span> 
     </span>
    </p>
   </div>
   <div class='ocr_carea' id='block_1_88' title="bbox 236 4354 3495 4440">
    <p class='ocr_par' dir='ltr' id='par_1_88' title="bbox 236 4354 3495 4440">
     <span class='ocr_line' id='line_1_88' title="bbox 236 4354 3495 4440; baseline -0.002 -16"><span class='ocrx_word' id='word_1_628' title='bbox 236 4371 452 4425; x_wconf 87' lang='lat' dir='ltr'><strong>chenos</strong></span> <span class='ocrx_word' id='word_1_629' title='bbox 502 4378 660 4423; x_wconf 89' lang='lat' dir='ltr'><strong>vocat</strong></span> <span class='ocrx_word' id='word_1_630' title='bbox 701 4383 798 4423; x_wconf 90' lang='lat' dir='ltr'><strong>eos</strong></span> <span class='ocrx_word' id='word_1_631' title='bbox 824 4367 918 4437; x_wconf 91' lang='lat' dir='ltr'><strong>qui</strong></span> <span class='ocrx_word' id='word_1_632' title='bbox 956 4382 987 4421; x_wconf 91' lang='lat' dir='ltr'><strong>a</strong></span> <span class='ocrx_word' id='word_1_633' title='bbox 1029 4366 1246 4421; x_wconf 89' lang='lat' dir='ltr'><strong>Paulini</strong></span> <span class='ocrx_word' id='word_1_634' title='bbox 1293 4365 1543 4436; x_wconf 88' lang='lat' dir='ltr'><strong>partibus</strong></span> <span class='ocrx_word' id='word_1_635' title='bbox 1581 4364 1822 4428; x_wconf 84' lang='lat' dir='ltr'><strong>stabant,</strong></span> <span class='ocrx_word' id='word_1_636' title='bbox 1857 4387 1901 4440; x_wconf 73' lang='grc' dir='ltr'>ο</span> <span class='ocrx_word' id='word_1_637' title='bbox 1932 4354 2129 4412; x_wconf 74' lang='lat' dir='ltr'><strong>Helelii</strong></span> <span class='ocrx_word' id='word_1_638' title='bbox 2181 4358 2620 4429; x_wconf 72' lang='lat' dir='ltr'><strong>coniungantur.</strong></span> <span class='ocrx_word' id='word_1_639' title='bbox 2658 4372 2826 4427; x_wconf 73' lang='lat' dir='ltr'><strong>seuue</strong></span> <span class='ocrx_word' id='word_1_640' title='bbox 2876 4356 3071 4411; x_wconf 82' lang='lat' dir='ltr'><strong>adduci</strong></span> <span class='ocrx_word' id='word_1_641' title='bbox 3107 4370 3270 4425; x_wconf 77' lang='lat' dir='ltr'><strong>posse</strong></span> <span class='ocrx_word' id='word_1_642' title='bbox 3306 4361 3495 4423; x_wconf 70' lang='grc' dir='ltr'><strong>ηοείιιν</strong></span> 
     </span>
    </p>
   </div>
   <div class='ocr_carea' id='block_1_89' title="bbox 237 4454 1821 4531">
    <p class='ocr_par' dir='ltr' id='par_1_89' title="bbox 237 4454 1821 4531">
     <span class='ocr_line' id='line_1_89' title="bbox 237 4454 1821 4531; baseline -0.004 -16"><span class='ocrx_word' id='word_1_643' title='bbox 237 4468 504 4531; x_wconf 90' lang='lat' dir='ltr'><strong>precatur</strong></span> <span class='ocrx_word' id='word_1_644' title='bbox 547 4465 608 4511; x_wconf 85' lang='lat' dir='ltr'><strong>ut</strong></span> <span class='ocrx_word' id='word_1_645' title='bbox 656 4457 959 4513; x_wconf 86' lang='lat' dir='ltr'><strong>Ecclesiam</strong></span> <span class='ocrx_word' id='word_1_646' title='bbox 1007 4456 1441 4521; x_wconf 82' lang='lat' dir='ltr'><strong>Antiochenam,</strong></span> <span class='ocrx_word' id='word_1_647' title='bbox 1474 4469 1594 4525; x_wconf 78' lang='lat' dir='ltr'><strong>quae</strong></span> <span class='ocrx_word' id='word_1_648' title='bbox 1623 4455 1680 4509; x_wconf 91' lang='lat' dir='ltr'><strong>in</strong></span> <span class='ocrx_word' id='word_1_649' title='bbox 1719 4454 1821 4509; x_wconf 92' lang='lat' dir='ltr'><strong>do-</strong></span> 
     </span>
    </p>
   </div>
   <div class='ocr_carea' id='block_1_90' title="bbox 238 4547 1823 4621">
    <p class='ocr_par' dir='ltr' id='par_1_90' title="bbox 238 4547 1823 4621">
     <span class='ocr_line' id='line_1_90' title="bbox 238 4547 1823 4621; baseline -0.005 -12"><span class='ocrx_word' id='word_1_650' title='bbox 238 4554 418 4609; x_wconf 88' lang='lat' dir='ltr'><strong>ctrina</strong></span> <span class='ocrx_word' id='word_1_651' title='bbox 445 4552 743 4616; x_wconf 87' lang='lat' dir='ltr'><strong>consentit,</strong></span> <span class='ocrx_word' id='word_1_652' title='bbox 780 4550 1076 4621; x_wconf 89' lang='lat' dir='ltr'><strong>aliquando</strong></span> <span class='ocrx_word' id='word_1_653' title='bbox 1105 4549 1455 4619; x_wconf 89' lang='lat' dir='ltr'><strong>conjunctam</strong></span> <span class='ocrx_word' id='word_1_654' title='bbox 1478 4547 1661 4603; x_wconf 90' lang='lat' dir='ltr'><strong>videre</strong></span> <span class='ocrx_word' id='word_1_655' title='bbox 1693 4562 1823 4603; x_wconf 89' lang='lat' dir='ltr'><strong>con-</strong></span> 
     </span>
    </p>
   </div>
   <div class='ocr_carea' id='block_1_91' title="bbox 238 4639 1819 4716">
    <p class='ocr_par' dir='ltr' id='par_1_91' title="bbox 238 4639 1819 4716">
     <span class='ocr_line' id='line_1_91' title="bbox 238 4639 1819 4716; baseline -0.006 -15"><span class='ocrx_word' id='word_1_656' title='bbox 238 4647 439 4716; x_wconf 83' lang='lat' dir='ltr'><strong>tingat,</strong></span> <span class='ocrx_word' id='word_1_657' title='bbox 474 4644 703 4714; x_wconf 87' lang='lat' dir='ltr'><strong>necjam</strong></span> <span class='ocrx_word' id='word_1_658' title='bbox 734 4644 852 4713; x_wconf 88' lang='lat' dir='ltr'><strong>ipsa</strong></span> <span class='ocrx_word' id='word_1_659' title='bbox 868 4650 1061 4698; x_wconf 81' lang='lat' dir='ltr'><strong>contra</strong></span> <span class='ocrx_word' id='word_1_660' title='bbox 1086 4657 1145 4697; x_wconf 88' lang='lat' dir='ltr'><strong>se</strong></span> <span class='ocrx_word' id='word_1_661' title='bbox 1170 4649 1316 4696; x_wconf 86' lang='lat' dir='ltr'><strong>recta</strong></span> <span class='ocrx_word' id='word_1_662' title='bbox 1342 4641 1476 4696; x_wconf 85' lang='lat' dir='ltr'><strong>tides</strong></span> <span class='ocrx_word' id='word_1_663' title='bbox 1518 4639 1695 4697; x_wconf 89' lang='lat' dir='ltr'><strong>scissa</strong></span> <span class='ocrx_word' id='word_1_664' title='bbox 1727 4640 1819 4696; x_wconf 88' lang='lat' dir='ltr'><strong>sit.</strong></span> 
     </span>
    </p>
   </div>
   <div class='ocr_carea' id='block_1_92' title="bbox 311 4731 1826 4808">
    <p class='ocr_par' dir='ltr' id='par_1_92' title="bbox 311 4731 1826 4808">
     <span class='ocr_line' id='line_1_92' title="bbox 311 4731 1826 4808; baseline -0.005 -17"><span class='ocrx_word' id='word_1_665' title='bbox 311 4738 433 4792; x_wconf 79' lang='lat' dir='ltr'><strong>Non</strong></span> <span class='ocrx_word' id='word_1_666' title='bbox 476 4745 596 4793; x_wconf 88' lang='lat' dir='ltr'><strong>erat</strong></span> <span class='ocrx_word' id='word_1_667' title='bbox 622 4752 755 4808; x_wconf 84' lang='lat' dir='ltr'><strong>ergo</strong></span> <span class='ocrx_word' id='word_1_668' title='bbox 784 4735 1022 4792; x_wconf 83' lang='lat' dir='ltr'><strong>Basilius</strong></span> <span class='ocrx_word' id='word_1_669' title='bbox 1051 4750 1119 4791; x_wconf 73' lang='lat' dir='ltr'><strong>ex</strong></span> <span class='ocrx_word' id='word_1_670' title='bbox 1164 4731 1473 4788; x_wconf 88' lang='lat' dir='ltr'><strong>vehementi</strong></span> <span class='ocrx_word' id='word_1_671' title='bbox 1520 4731 1613 4786; x_wconf 90' lang='lat' dir='ltr'><strong>illo</strong></span> <span class='ocrx_word' id='word_1_672' title='bbox 1655 4731 1826 4785; x_wconf 86' lang='lat' dir='ltr'><strong>homi-</strong></span> 
     </span>
    </p>
   </div>
   <div class='ocr_carea' id='block_1_93' title="bbox 238 4819 1821 4897">
    <p class='ocr_par' dir='ltr' id='par_1_93' title="bbox 238 4819 1821 4897">
     <span class='ocr_line' id='line_1_93' title="bbox 238 4819 1821 4897; baseline -0.007 -14"><span class='ocrx_word' id='word_1_673' title='bbox 238 4843 375 4883; x_wconf 91' lang='lat' dir='ltr'><strong>num</strong></span> <span class='ocrx_word' id='word_1_674' title='bbox 412 4842 633 4897; x_wconf 87' lang='lat' dir='ltr'><strong>genere,</strong></span> <span class='ocrx_word' id='word_1_675' title='bbox 660 4827 729 4881; x_wconf 90' lang='lat' dir='ltr'><strong>de</strong></span> <span class='ocrx_word' id='word_1_676' title='bbox 767 4826 970 4895; x_wconf 89' lang='lat' dir='ltr'><strong>quibus</strong></span> <span class='ocrx_word' id='word_1_677' title='bbox 999 4823 1368 4894; x_wconf 80' lang='lat' dir='ltr'><strong>Hieronymus</strong></span> <span class='ocrx_word' id='word_1_678' title='bbox 1397 4821 1452 4875; x_wconf 90' lang='lat' dir='ltr'><strong>in</strong></span> <span class='ocrx_word' id='word_1_679' title='bbox 1495 4820 1725 4892; x_wconf 90' lang='lat' dir='ltr'><strong>epistola</strong></span> <span class='ocrx_word' id='word_1_680' title='bbox 1756 4819 1821 4873; x_wconf 89' lang='lat' dir='ltr'><strong>ad</strong></span> 
     </span>
    </p>
   </div>
   <div class='ocr_carea' id='block_1_94' title="bbox 237 4911 1822 4988">
    <p class='ocr_par' dir='ltr' id='par_1_94' title="bbox 237 4911 1822 4988">
     <span class='ocr_line' id='line_1_94' title="bbox 237 4911 1822 4988; baseline -0.007 -15"><span class='ocrx_word' id='word_1_681' title='bbox 237 4918 541 4973; x_wconf 83' lang='lat' dir='ltr'><strong>Damasum</strong></span> <span class='ocrx_word' id='word_1_682' title='bbox 579 4932 774 4988; x_wconf 88' lang='lat' dir='ltr'><strong>papam</strong></span> <span class='ocrx_word' id='word_1_683' title='bbox 817 4917 897 4971; x_wconf 87' lang='lat' dir='ltr'><strong>sic</strong></span> <span class='ocrx_word' id='word_1_684' title='bbox 929 4915 1210 4986; x_wconf 90' lang='lat' dir='ltr'><strong>loquitur:</strong></span> <span class='ocrx_word' id='word_1_685' title='bbox 1260 4911 1691 4982; x_wconf 89' lang='lat' dir='ltr'><strong>Interrogemus,</strong></span> <span class='ocrx_word' id='word_1_686' title='bbox 1735 4911 1822 4964; x_wconf 89' lang='lat' dir='ltr'><strong>iu-</strong></span> 
     </span>
    </p>
   </div>
   <div class='ocr_carea' id='block_1_95' title="bbox 237 5001 1820 5080">
    <p class='ocr_par' dir='ltr' id='par_1_95' title="bbox 237 5001 1820 5080">
     <span class='ocr_line' id='line_1_95' title="bbox 237 5001 1820 5080; baseline -0.006 -16"><span class='ocrx_word' id='word_1_687' title='bbox 237 5013 386 5080; x_wconf 85' lang='lat' dir='ltr'><strong>quit,</strong></span> <span class='ocrx_word' id='word_1_688' title='bbox 410 5010 540 5080; x_wconf 85' lang='lat' dir='ltr'><strong>quid</strong></span> <span class='ocrx_word' id='word_1_689' title='bbox 574 5019 677 5063; x_wconf 87' lang='lat' dir='ltr'><strong>tres</strong></span> <span class='ocrx_word' id='word_1_690' title='bbox 702 5009 1015 5079; x_wconf 82' lang='lat' dir='ltr'><strong>hypostases</strong></span> <span class='ocrx_word' id='word_1_691' title='bbox 1042 5023 1197 5077; x_wconf 88' lang='lat' dir='ltr'><strong>posse</strong></span> <span class='ocrx_word' id='word_1_692' title='bbox 1218 5005 1545 5059; x_wconf 86' lang='lat' dir='ltr'><strong>arbitrentur</strong></span> <span class='ocrx_word' id='word_1_693' title='bbox 1576 5001 1820 5071; x_wconf 87' lang='lat' dir='ltr'><strong>intelligi.</strong></span> 
     </span>
    </p>
   </div>
   <div class='ocr_carea' id='block_1_96' title="bbox 240 5095 1825 5170">
    <p class='ocr_par' dir='ltr' id='par_1_96' title="bbox 240 5095 1825 5170">
     <span class='ocr_line' id='line_1_96' title="bbox 240 5095 1825 5170; baseline -0.008 -13"><span class='ocrx_word' id='word_1_694' title='bbox 240 5103 373 5158; x_wconf 84' lang='lat' dir='ltr'><strong>Tres</strong></span> <span class='ocrx_word' id='word_1_695' title='bbox 402 5118 658 5170; x_wconf 87' lang='lat' dir='ltr'><strong>personas</strong></span> <span class='ocrx_word' id='word_1_696' title='bbox 675 5101 1015 5155; x_wconf 84' lang='lat' dir='ltr'><strong>subsistentes</strong></span> <span class='ocrx_word' id='word_1_697' title='bbox 1028 5101 1177 5152; x_wconf 88' lang='lat' dir='ltr'><strong>aiunt</strong></span> <span class='ocrx_word' id='word_1_698' title='bbox 1200 5114 1218 5152; x_wconf 89' lang='lat'><strong><em>:</em></strong></span> <span class='ocrx_word' id='word_1_699' title='bbox 1239 5095 1608 5165; x_wconf 85' lang='lat' dir='ltr'><strong>respondemus</strong></span> <span class='ocrx_word' id='word_1_700' title='bbox 1633 5111 1726 5149; x_wconf 87' lang='lat' dir='ltr'><strong>nos</strong></span> <span class='ocrx_word' id='word_1_701' title='bbox 1749 5095 1825 5147; x_wconf 89' lang='lat' dir='ltr'><strong>ita</strong></span> 
     </span>
    </p>
   </div>
   <div class='ocr_carea' id='block_1_97' title="bbox 240 5186 1822 5264">
    <p class='ocr_par' dir='ltr' id='par_1_97' title="bbox 240 5186 1822 5264">
     <span class='ocr_line' id='line_1_97' title="bbox 240 5186 1822 5264; baseline -0.006 -16"><span class='ocrx_word' id='word_1_702' title='bbox 240 5195 476 5251; x_wconf 87' lang='lat' dir='ltr'><strong>credere.</strong></span> <span class='ocrx_word' id='word_1_703' title='bbox 510 5193 635 5248; x_wconf 84' lang='lat' dir='ltr'><strong>Non</strong></span> <span class='ocrx_word' id='word_1_704' title='bbox 659 5195 848 5264; x_wconf 73' lang='lat' dir='ltr'><strong>suﬂicit</strong></span> <span class='ocrx_word' id='word_1_705' title='bbox 862 5210 1070 5257; x_wconf 85' lang='lat' dir='ltr'><strong>sensus,</strong></span> <span class='ocrx_word' id='word_1_706' title='bbox 1094 5194 1267 5262; x_wconf 89' lang='lat' dir='ltr'><strong>ipsum</strong></span> <span class='ocrx_word' id='word_1_707' title='bbox 1286 5206 1474 5244; x_wconf 87' lang='lat' dir='ltr'><strong>nomen</strong></span> <span class='ocrx_word' id='word_1_708' title='bbox 1498 5186 1822 5259; x_wconf 76' lang='lat' dir='ltr'><strong>eﬁlagitant:</strong></span> 
     </span>
    </p>
   </div>
   <div class='ocr_carea' id='block_1_98' title="bbox 243 5276 1822 5358">
    <p class='ocr_par' dir='ltr' id='par_1_98' title="bbox 243 5276 1822 5358">
     <span class='ocr_line' id='line_1_98' title="bbox 243 5276 1822 5358; baseline -0.008 -17"><span class='ocrx_word' id='word_1_709' title='bbox 243 5288 378 5358; x_wconf 81' lang='lat' dir='ltr'><strong>quia</strong></span> <span class='ocrx_word' id='word_1_710' title='bbox 410 5287 592 5340; x_wconf 88' lang='lat' dir='ltr'><strong>nescio</strong></span> <span class='ocrx_word' id='word_1_711' title='bbox 620 5285 749 5355; x_wconf 87' lang='lat' dir='ltr'><strong>quid</strong></span> <span class='ocrx_word' id='word_1_712' title='bbox 770 5285 950 5339; x_wconf 80' lang='lat' dir='ltr'><strong>veneni</strong></span> <span class='ocrx_word' id='word_1_713' title='bbox 978 5285 1033 5337; x_wconf 90' lang='lat' dir='ltr'><strong>in</strong></span> <span class='ocrx_word' id='word_1_714' title='bbox 1058 5282 1281 5353; x_wconf 81' lang='lat' dir='ltr'><strong>syllabis</strong></span> <span class='ocrx_word' id='word_1_715' title='bbox 1315 5282 1462 5333; x_wconf 88' lang='lat' dir='ltr'><strong>latet.</strong></span> <span class='ocrx_word' id='word_1_716' title='bbox 1489 5276 1822 5341; x_wconf 87' lang='lat' dir='ltr'><strong>Clamamus,</strong></span> 
     </span>
    </p>
   </div>
   <div class='ocr_carea' id='block_1_99' title="bbox 244 5367 1825 5449">
    <p class='ocr_par' dir='ltr' id='par_1_99' title="bbox 244 5367 1825 5449">
     <span class='ocr_line' id='line_1_99' title="bbox 244 5367 1825 5449; baseline -0.009 -15"><span class='ocrx_word' id='word_1_717' title='bbox 244 5381 291 5434; x_wconf 85' lang='lat' dir='ltr'><strong>si</strong></span> <span class='ocrx_word' id='word_1_718' title='bbox 338 5380 457 5449; x_wconf 87' lang='lat' dir='ltr'><strong>quis</strong></span> <span class='ocrx_word' id='word_1_719' title='bbox 483 5391 588 5433; x_wconf 88' lang='lat' dir='ltr'><strong>tres</strong></span> <span class='ocrx_word' id='word_1_720' title='bbox 626 5378 960 5448; x_wconf 79' lang='lat' dir='ltr'><strong>hypostases,</strong></span> <span class='ocrx_word' id='word_1_721' title='bbox 985 5385 1041 5428; x_wconf 87' lang='lat' dir='ltr'><strong>ut</strong></span> <span class='ocrx_word' id='word_1_722' title='bbox 1082 5376 1188 5428; x_wconf 89' lang='lat' dir='ltr'><strong>tria</strong></span> <span class='ocrx_word' id='word_1_723' title='bbox 1232 5380 1573 5443; x_wconf 82' lang='lat' dir='ltr'><strong>enypostata,</strong></span> <span class='ocrx_word' id='word_1_724' title='bbox 1604 5367 1700 5422; x_wconf 80' lang='lat' dir='ltr'><strong>hoc</strong></span> <span class='ocrx_word' id='word_1_725' title='bbox 1746 5375 1825 5421; x_wconf 88' lang='lat' dir='ltr'><strong>est</strong></span> 
     </span>
    </p>
   </div>
   <div class='ocr_carea' id='block_1_100' title="bbox 248 5458 1825 5537">
    <p class='ocr_par' dir='ltr' id='par_1_100' title="bbox 248 5458 1825 5537">
     <span class='ocr_line' id='line_1_100' title="bbox 248 5458 1825 5537; baseline -0.008 -15"><span class='ocrx_word' id='word_1_726' title='bbox 248 5478 355 5524; x_wconf 84' lang='lat' dir='ltr'><strong>tres</strong></span> <span class='ocrx_word' id='word_1_727' title='bbox 386 5469 736 5523; x_wconf 81' lang='lat' dir='ltr'><strong>subsistentes</strong></span> <span class='ocrx_word' id='word_1_728' title='bbox 766 5483 1043 5537; x_wconf 85' lang='lat' dir='ltr'><strong>personas,</strong></span> <span class='ocrx_word' id='word_1_729' title='bbox 1070 5480 1173 5518; x_wconf 88' lang='lat' dir='ltr'><strong>non</strong></span> <span class='ocrx_word' id='word_1_730' title='bbox 1209 5464 1510 5532; x_wconf 76' lang='lat' dir='ltr'><strong>confitetur,</strong></span> <span class='ocrx_word' id='word_1_731' title='bbox 1541 5458 1825 5512; x_wconf 82' lang='lat' dir='ltr'><strong>anathema</strong></span> 
     </span>
    </p>
   </div>
   <div class='ocr_carea' id='block_1_101' title="bbox 249 5548 1826 5631">
    <p class='ocr_par' dir='ltr' id='par_1_101' title="bbox 249 5548 1826 5631">
     <span class='ocr_line' id='line_1_101' title="bbox 249 5548 1826 5631; baseline -0.01 -14"><span class='ocrx_word' id='word_1_732' title='bbox 249 5563 342 5617; x_wconf 86' lang='lat' dir='ltr'><strong>sit.</strong></span> <span class='ocrx_word' id='word_1_733' title='bbox 370 5560 439 5615; x_wconf 88' lang='lat' dir='ltr'><strong>Et</strong></span> <span class='ocrx_word' id='word_1_734' title='bbox 470 5562 598 5631; x_wconf 83' lang='lat' dir='ltr'><strong>quia</strong></span> <span class='ocrx_word' id='word_1_735' title='bbox 635 5559 893 5614; x_wconf 80' lang='lat' dir='ltr'><strong>vocabula</strong></span> <span class='ocrx_word' id='word_1_736' title='bbox 933 5574 1039 5612; x_wconf 86' lang='lat' dir='ltr'><strong>non</strong></span> <span class='ocrx_word' id='word_1_737' title='bbox 1064 5556 1372 5616; x_wconf 82' lang='lat' dir='ltr'><strong>ediscimus,</strong></span> <span class='ocrx_word' id='word_1_738' title='bbox 1410 5550 1645 5607; x_wconf 68' lang='lat' dir='ltr'><strong>haeretici</strong></span> <span class='ocrx_word' id='word_1_739' title='bbox 1672 5548 1826 5619; x_wconf 83' lang='lat' dir='ltr'><strong>judi-</strong></span> 
     </span>
    </p>
   </div>
   <div class='ocr_carea' id='block_1_102' title="bbox 248 5640 1825 5720">
    <p class='ocr_par' dir='ltr' id='par_1_102' title="bbox 248 5640 1825 5720">
     <span class='ocr_line' id='line_1_102' title="bbox 248 5640 1825 5720; baseline -0.01 -11"><span class='ocrx_word' id='word_1_740' title='bbox 248 5668 455 5710; x_wconf 78' lang='lat' dir='ltr'><strong>camur.</strong></span> <span class='ocrx_word' id='word_1_741' title='bbox 492 5650 685 5707; x_wconf 80' lang='lat' dir='ltr'><strong>Deerat</strong></span> <span class='ocrx_word' id='word_1_742' title='bbox 712 5665 844 5707; x_wconf 84' lang='lat' dir='ltr'><strong>sane</strong></span> <span class='ocrx_word' id='word_1_743' title='bbox 866 5647 1139 5720; x_wconf 82' lang='lat' dir='ltr'><strong>ejusmodi</strong></span> <span class='ocrx_word' id='word_1_744' title='bbox 1170 5645 1482 5702; x_wconf 83' lang='lat' dir='ltr'><strong>hominibus</strong></span> <span class='ocrx_word' id='word_1_745' title='bbox 1506 5641 1703 5700; x_wconf 78' lang='lat' dir='ltr'><strong>eximia</strong></span> <span class='ocrx_word' id='word_1_746' title='bbox 1733 5640 1825 5698; x_wconf 89' lang='lat' dir='ltr'><strong>illa</strong></span> 
     </span>
    </p>
   </div>
   <div class='ocr_carea' id='block_1_103' title="bbox 1929 4442 3497 4516">
    <p class='ocr_par' dir='ltr' id='par_1_103' title="bbox 1929 4442 3497 4516">
     <span class='ocr_line' id='line_1_103' title="bbox 1929 4442 3497 4516; baseline -0.004 -15"><span class='ocrx_word' id='word_1_747' title='bbox 1929 4454 1992 4501; x_wconf 90' lang='lat' dir='ltr'><strong>ut</strong></span> <span class='ocrx_word' id='word_1_748' title='bbox 2040 4445 2328 4501; x_wconf 88' lang='lat' dir='ltr'><strong>Paulinum</strong></span> <span class='ocrx_word' id='word_1_749' title='bbox 2378 4448 2780 4510; x_wconf 84' lang='lat' dir='ltr'><strong>communionis</strong></span> <span class='ocrx_word' id='word_1_750' title='bbox 2829 4455 3144 4506; x_wconf 85' lang='lat' dir='ltr'><strong>sanctorum</strong></span> <span class='ocrx_word' id='word_1_751' title='bbox 3178 4442 3497 4516; x_wconf 90' lang='lat' dir='ltr'><strong>participem</strong></span> 
     </span>
    </p>
   </div>
   <div class='ocr_carea' id='block_1_104' title="bbox 1933 4533 3500 4609">
    <p class='ocr_par' dir='ltr' id='par_1_104' title="bbox 1933 4533 3500 4609">
     <span class='ocr_line' id='line_1_104' title="bbox 1933 4533 3500 4609; baseline -0.002 -18"><span class='ocrx_word' id='word_1_752' title='bbox 1933 4546 2235 4609; x_wconf 88' lang='lat' dir='ltr'><strong>agnoscat;</strong></span> <span class='ocrx_word' id='word_1_753' title='bbox 2267 4538 2562 4609; x_wconf 70' lang='lat' dir='ltr'><strong>diligenter:</strong></span> <span class='ocrx_word' id='word_1_754' title='bbox 2591 4536 3009 4608; x_wconf 79' lang='lat' dir='ltr'><strong>expendendum</strong></span> <span class='ocrx_word' id='word_1_755' title='bbox 3047 4534 3181 4607; x_wconf 90' lang='lat' dir='ltr'><strong>quid</strong></span> <span class='ocrx_word' id='word_1_756' title='bbox 3218 4533 3268 4591; x_wconf 91' lang='lat' dir='ltr'><strong>ei</strong></span> <span class='ocrx_word' id='word_1_757' title='bbox 3299 4548 3500 4605; x_wconf 63' lang='lat' dir='ltr'><strong>propoo</strong></span> 
     </span>
    </p>
   </div>
   <div class='ocr_carea' id='block_1_105' title="bbox 1927 4624 3498 4700">
    <p class='ocr_par' dir='ltr' id='par_1_105' title="bbox 1927 4624 3498 4700">
     <span class='ocr_line' id='line_1_105' title="bbox 1927 4624 3498 4700; baseline -0.005 -15"><span class='ocrx_word' id='word_1_758' title='bbox 1927 4631 2092 4685; x_wconf 86' lang='lat' dir='ltr'><strong>situm</strong></span> <span class='ocrx_word' id='word_1_759' title='bbox 2143 4630 2326 4685; x_wconf 90' lang='lat' dir='ltr'><strong>fuerit.</strong></span> <span class='ocrx_word' id='word_1_760' title='bbox 2371 4628 2491 4683; x_wconf 88' lang='lat' dir='ltr'><strong>Non</strong></span> <span class='ocrx_word' id='word_1_761' title='bbox 2525 4630 2670 4689; x_wconf 90' lang='lat' dir='ltr'><strong>enim</strong></span> <span class='ocrx_word' id='word_1_762' title='bbox 2713 4628 2767 4683; x_wconf 91' lang='lat' dir='ltr'><strong>id</strong></span> <span class='ocrx_word' id='word_1_763' title='bbox 2804 4628 3086 4700; x_wconf 80' lang='lat' dir='ltr'><strong>agebatur,</strong></span> <span class='ocrx_word' id='word_1_764' title='bbox 3116 4634 3175 4679; x_wconf 91' lang='lat' dir='ltr'><strong>ut</strong></span> <span class='ocrx_word' id='word_1_765' title='bbox 3216 4624 3498 4682; x_wconf 86' lang='lat' dir='ltr'><strong>schismati</strong></span> 
     </span>
    </p>
   </div>
   <div class='ocr_carea' id='block_1_106' title="bbox 1926 4717 3499 4790">
    <p class='ocr_par' dir='ltr' id='par_1_106' title="bbox 1926 4717 3499 4790">
     <span class='ocr_line' id='line_1_106' title="bbox 1926 4717 3499 4790; baseline -0.002 -18"><span class='ocrx_word' id='word_1_766' title='bbox 1926 4719 2278 4775; x_wconf 86' lang='lat' dir='ltr'><strong>Antiocheno</strong></span> <span class='ocrx_word' id='word_1_767' title='bbox 2310 4720 2434 4774; x_wconf 84' lang='lat' dir='ltr'><strong>linis</strong></span> <span class='ocrx_word' id='word_1_768' title='bbox 2465 4721 2864 4790; x_wconf 88' lang='lat' dir='ltr'><strong>imponeretur,</strong></span> <span class='ocrx_word' id='word_1_769' title='bbox 2895 4727 2950 4774; x_wconf 90' lang='lat' dir='ltr'><strong>et</strong></span> <span class='ocrx_word' id='word_1_770' title='bbox 2977 4719 3044 4772; x_wconf 90' lang='lat' dir='ltr'><strong>ad</strong></span> <span class='ocrx_word' id='word_1_771' title='bbox 3068 4717 3369 4787; x_wconf 87' lang='lat' dir='ltr'><strong>legitimum</strong></span> <span class='ocrx_word' id='word_1_772' title='bbox 3400 4731 3499 4786; x_wconf 86' lang='lat' dir='ltr'><strong>pa-</strong></span> 
     </span>
    </p>
   </div>
   <div class='ocr_carea' id='block_1_107' title="bbox 1928 4808 3494 4868">
    <p class='ocr_par' dir='ltr' id='par_1_107' title="bbox 1928 4808 3494 4868">
     <span class='ocr_line' id='line_1_107' title="bbox 1928 4808 3494 4868; baseline -0.004 0"><span class='ocrx_word' id='word_1_773' title='bbox 1928 4822 2135 4868; x_wconf 90' lang='lat' dir='ltr'><strong>storem</strong></span> <span class='ocrx_word' id='word_1_774' title='bbox 2183 4811 2242 4868; x_wconf 88' lang='lat' dir='ltr'><strong>S.</strong></span> <span class='ocrx_word' id='word_1_775' title='bbox 2274 4811 2547 4867; x_wconf 85' lang='lat' dir='ltr'><strong>Meletium</strong></span> <span class='ocrx_word' id='word_1_776' title='bbox 2589 4827 2721 4868; x_wconf 89' lang='lat' dir='ltr'><strong>oves</strong></span> <span class='ocrx_word' id='word_1_777' title='bbox 2772 4810 3039 4866; x_wconf 90' lang='lat' dir='ltr'><strong>redirent.</strong></span> <span class='ocrx_word' id='word_1_778' title='bbox 3079 4808 3136 4862; x_wconf 89' lang='lat' dir='ltr'><strong>Si</strong></span> <span class='ocrx_word' id='word_1_779' title='bbox 3184 4808 3319 4864; x_wconf 89' lang='lat' dir='ltr'><strong>tanti</strong></span> <span class='ocrx_word' id='word_1_780' title='bbox 3348 4823 3494 4863; x_wconf 83' lang='lat' dir='ltr'><strong>com-</strong></span> 
     </span>
    </p>
   </div>
   <div class='ocr_carea' id='block_1_108' title="bbox 1928 4900 3498 4975">
    <p class='ocr_par' dir='ltr' id='par_1_108' title="bbox 1928 4900 3498 4975">
     <span class='ocr_line' id='line_1_108' title="bbox 1928 4900 3498 4975; baseline -0.004 -16"><span class='ocrx_word' id='word_1_781' title='bbox 1928 4905 2079 4960; x_wconf 89' lang='lat' dir='ltr'><strong>modi</strong></span> <span class='ocrx_word' id='word_1_782' title='bbox 2129 4920 2257 4975; x_wconf 88' lang='lat' dir='ltr'><strong>spes</strong></span> <span class='ocrx_word' id='word_1_783' title='bbox 2307 4904 2621 4968; x_wconf 73' lang='lat' dir='ltr'><strong>aﬂ&#39;ulsisset,</strong></span> <span class='ocrx_word' id='word_1_784' title='bbox 2658 4912 2816 4959; x_wconf 90' lang='lat' dir='ltr'><strong>certo</strong></span> <span class='ocrx_word' id='word_1_785' title='bbox 2862 4903 2977 4958; x_wconf 88' lang='lat' dir='ltr'><strong>scio</strong></span> <span class='ocrx_word' id='word_1_786' title='bbox 3021 4900 3285 4956; x_wconf 88' lang='lat' dir='ltr'><strong>Basilium</strong></span> <span class='ocrx_word' id='word_1_787' title='bbox 3314 4900 3498 4956; x_wconf 87' lang='lat' dir='ltr'><strong>omnia</strong></span> 
     </span>
    </p>
   </div>
   <div class='ocr_carea' id='block_1_109' title="bbox 1928 4993 3499 5069">
    <p class='ocr_par' dir='ltr' id='par_1_109' title="bbox 1928 4993 3499 5069">
     <span class='ocr_line' id='line_1_109' title="bbox 1928 4993 3499 5069; baseline -0.003 -17"><span class='ocrx_word' id='word_1_788' title='bbox 1928 4999 2051 5069; x_wconf 85' lang='lat' dir='ltr'><strong>paci</strong></span> <span class='ocrx_word' id='word_1_789' title='bbox 2084 5006 2141 5053; x_wconf 90' lang='lat' dir='ltr'><strong>et</strong></span> <span class='ocrx_word' id='word_1_790' title='bbox 2171 4997 2426 5058; x_wconf 85' lang='lat' dir='ltr'><strong>charitati</strong></span> <span class='ocrx_word' id='word_1_791' title='bbox 2456 4995 2895 5067; x_wconf 89' lang='lat' dir='ltr'><strong>posthabiturum</strong></span> <span class='ocrx_word' id='word_1_792' title='bbox 2938 4994 3132 5057; x_wconf 89' lang='lat' dir='ltr'><strong>fuisse,</strong></span> <span class='ocrx_word' id='word_1_793' title='bbox 3164 5008 3228 5047; x_wconf 90' lang='lat' dir='ltr'><strong>ac</strong></span> <span class='ocrx_word' id='word_1_794' title='bbox 3269 4993 3499 5051; x_wconf 82' lang='lat' dir='ltr'><strong>libenter</strong></span> 
     </span>
    </p>
   </div>
   <div class='ocr_carea' id='block_1_110' title="bbox 1930 5084 3498 5161">
    <p class='ocr_par' dir='ltr' id='par_1_110' title="bbox 1930 5084 3498 5161">
     <span class='ocr_line' id='line_1_110' title="bbox 1930 5084 3498 5161; baseline -0.008 -12"><span class='ocrx_word' id='word_1_795' title='bbox 1930 5100 2316 5161; x_wconf 83' lang='lat' dir='ltr'><strong>suscepturum</strong></span> <span class='ocrx_word' id='word_1_796' title='bbox 2364 5088 2577 5143; x_wconf 87' lang='lat' dir='ltr'><strong>Paulini</strong></span> <span class='ocrx_word' id='word_1_797' title='bbox 2622 5087 2831 5157; x_wconf 89' lang='lat' dir='ltr'><strong>plebem</strong></span> <span class='ocrx_word' id='word_1_798' title='bbox 2886 5094 2942 5141; x_wconf 90' lang='lat' dir='ltr'><strong>et</strong></span> <span class='ocrx_word' id='word_1_799' title='bbox 2989 5087 3230 5151; x_wconf 87' lang='lat' dir='ltr'><strong>clerum,</strong></span> <span class='ocrx_word' id='word_1_800' title='bbox 3283 5084 3498 5140; x_wconf 86' lang='lat' dir='ltr'><strong>etiamsi</strong></span> 
     </span>
    </p>
   </div>
   <div class='ocr_carea' id='block_1_111' title="bbox 1928 5175 3498 5252">
    <p class='ocr_par' dir='ltr' id='par_1_111' title="bbox 1928 5175 3498 5252">
     <span class='ocr_line' id='line_1_111' title="bbox 1928 5175 3498 5252; baseline -0.005 -14"><span class='ocrx_word' id='word_1_801' title='bbox 1928 5198 2092 5238; x_wconf 88' lang='lat' dir='ltr'><strong>unam</strong></span> <span class='ocrx_word' id='word_1_802' title='bbox 2133 5180 2471 5252; x_wconf 88' lang='lat' dir='ltr'><strong>hypostasim</strong></span> <span class='ocrx_word' id='word_1_803' title='bbox 2503 5179 2871 5232; x_wconf 90' lang='lat' dir='ltr'><strong>admitterent.</strong></span> <span class='ocrx_word' id='word_1_804' title='bbox 2907 5177 3012 5232; x_wconf 90' lang='lat' dir='ltr'><strong>Sed</strong></span> <span class='ocrx_word' id='word_1_805' title='bbox 3046 5175 3255 5230; x_wconf 84' lang='lat' dir='ltr'><strong>Paulini</strong></span> <span class='ocrx_word' id='word_1_806' title='bbox 3291 5175 3498 5239; x_wconf 62' lang='lat' dir='ltr'><strong>amico«</strong></span> 
     </span>
    </p>
   </div>
   <div class='ocr_carea' id='block_1_112' title="bbox 1928 5265 3499 5339">
    <p class='ocr_par' dir='ltr' id='par_1_112' title="bbox 1928 5265 3499 5339">
     <span class='ocr_line' id='line_1_112' title="bbox 1928 5265 3499 5339; baseline -0.007 -8"><span class='ocrx_word' id='word_1_807' title='bbox 1928 5291 2048 5331; x_wconf 90' lang='lat' dir='ltr'><strong>rum</strong></span> <span class='ocrx_word' id='word_1_808' title='bbox 2084 5274 2315 5329; x_wconf 87' lang='lat' dir='ltr'><strong>consilia</strong></span> <span class='ocrx_word' id='word_1_809' title='bbox 2363 5271 2547 5325; x_wconf 84' lang='lat' dir='ltr'><strong>omnia</strong></span> <span class='ocrx_word' id='word_1_810' title='bbox 2583 5286 2648 5324; x_wconf 86' lang='lat' dir='ltr'><strong>eo</strong></span> <span class='ocrx_word' id='word_1_811' title='bbox 2705 5268 3063 5339; x_wconf 85' lang='lat' dir='ltr'><strong>spectabant,</strong></span> <span class='ocrx_word' id='word_1_812' title='bbox 3095 5275 3154 5321; x_wconf 94' lang='lat' dir='ltr'><strong>ut</strong></span> <span class='ocrx_word' id='word_1_813' title='bbox 3200 5265 3499 5330; x_wconf 83' lang='lat' dir='ltr'><strong>Paulinus,</strong></span> 
     </span>
    </p>
   </div>
   <div class='ocr_carea' id='block_1_113' title="bbox 1927 5357 3500 5430">
    <p class='ocr_par' dir='ltr' id='par_1_113' title="bbox 1927 5357 3500 5430">
     <span class='ocr_line' id='line_1_113' title="bbox 1927 5357 3500 5430; baseline -0.004 -10"><span class='ocrx_word' id='word_1_814' title='bbox 1927 5365 2154 5420; x_wconf 82' lang='lat' dir='ltr'><strong>excluso</strong></span> <span class='ocrx_word' id='word_1_815' title='bbox 2188 5361 2246 5417; x_wconf 92' lang='lat' dir='ltr'><strong>S.</strong></span> <span class='ocrx_word' id='word_1_816' title='bbox 2269 5362 2503 5424; x_wconf 75' lang='lat' dir='ltr'><strong>Meletio,</strong></span> <span class='ocrx_word' id='word_1_817' title='bbox 2536 5362 2690 5418; x_wconf 86' lang='lat' dir='ltr'><strong>solus</strong></span> <span class='ocrx_word' id='word_1_818' title='bbox 2718 5361 3027 5415; x_wconf 69' lang='lat' dir='ltr'><strong>Antiochia:</strong></span> <span class='ocrx_word' id='word_1_819' title='bbox 3058 5368 3337 5430; x_wconf 70' lang='lat' dir='ltr'><strong>praeesset.</strong></span> <span class='ocrx_word' id='word_1_820' title='bbox 3363 5357 3500 5413; x_wconf 90' lang='lat' dir='ltr'><strong>Hinc</strong></span> 
     </span>
    </p>
   </div>
   <div class='ocr_carea' id='block_1_114' title="bbox 1929 5454 3500 5524">
    <p class='ocr_par' dir='ltr' id='par_1_114' title="bbox 1929 5454 3500 5524">
     <span class='ocr_line' id='line_1_114' title="bbox 1929 5454 3500 5524; baseline -0.001 -14"><span class='ocrx_word' id='word_1_821' title='bbox 1929 5456 2164 5511; x_wconf 91' lang='lat' dir='ltr'><strong>Basilius</strong></span> <span class='ocrx_word' id='word_1_822' title='bbox 2190 5458 2244 5510; x_wconf 89' lang='lat' dir='ltr'><strong>in</strong></span> <span class='ocrx_word' id='word_1_823' title='bbox 2279 5456 2467 5510; x_wconf 85' lang='lat' dir='ltr'><strong>eadem</strong></span> <span class='ocrx_word' id='word_1_824' title='bbox 2504 5455 2664 5524; x_wconf 90' lang='lat' dir='ltr'><strong>epist.</strong></span> <span class='ocrx_word' id='word_1_825' title='bbox 2692 5454 2814 5516; x_wconf 73' lang='lat' dir='ltr'><strong>2N,</strong></span> <span class='ocrx_word' id='word_1_826' title='bbox 2843 5470 2898 5508; x_wconf 90' lang='lat' dir='ltr'><strong>n.</strong></span> <span class='ocrx_word' id='word_1_827' title='bbox 2934 5454 2987 5519; x_wconf 79' lang='grc'><strong>1,</strong></span> <span class='ocrx_word' id='word_1_828' title='bbox 3014 5455 3215 5509; x_wconf 89' lang='lat' dir='ltr'><strong>adduci</strong></span> <span class='ocrx_word' id='word_1_829' title='bbox 3251 5469 3310 5509; x_wconf 91' lang='lat' dir='ltr'><strong>se</strong></span> <span class='ocrx_word' id='word_1_830' title='bbox 3342 5468 3500 5524; x_wconf 86' lang='lat' dir='ltr'><strong>posse</strong></span> 
     </span>
    </p>
   </div>
   <div class='ocr_carea' id='block_1_115' title="bbox 1928 5545 3499 5619">
    <p class='ocr_par' dir='ltr' id='par_1_115' title="bbox 1928 5545 3499 5619">
     <span class='ocr_line' id='line_1_115' title="bbox 1928 5545 3499 5619; baseline -0.006 -15"><span class='ocrx_word' id='word_1_831' title='bbox 1928 5557 2110 5619; x_wconf 87' lang='lat' dir='ltr'><strong>negat,</strong></span> <span class='ocrx_word' id='word_1_832' title='bbox 2170 5557 2225 5602; x_wconf 89' lang='lat' dir='ltr'><strong>ut</strong></span> <span class='ocrx_word' id='word_1_833' title='bbox 2277 5557 2366 5601; x_wconf 86' lang='lat' dir='ltr'><strong>aut</strong></span> <span class='ocrx_word' id='word_1_834' title='bbox 2417 5546 2687 5601; x_wconf 84' lang='lat' dir='ltr'><strong>Meletium</strong></span> <span class='ocrx_word' id='word_1_835' title='bbox 2734 5548 2956 5616; x_wconf 79' lang='lat' dir='ltr'><strong>ignoret,</strong></span> <span class='ocrx_word' id='word_1_836' title='bbox 2990 5556 3082 5600; x_wconf 89' lang='lat' dir='ltr'><strong>aut</strong></span> <span class='ocrx_word' id='word_1_837' title='bbox 3125 5545 3378 5601; x_wconf 69' lang='lat' dir='ltr'><strong>Ecclesia’</strong></span> <span class='ocrx_word' id='word_1_838' title='bbox 3417 5546 3499 5599; x_wconf 88' lang='lat' dir='ltr'><strong>cui</strong></span> 
     </span>
    </p>
   </div>
   <div class='ocr_carea' id='block_1_116' title="bbox 1933 5638 3499 5715">
    <p class='ocr_par' dir='ltr' id='par_1_116' title="bbox 1933 5638 3499 5715">
     <span class='ocr_line' id='line_1_116' title="bbox 1933 5638 3499 5715; baseline -0.003 -21"><span class='ocrx_word' id='word_1_839' title='bbox 1933 5650 2120 5711; x_wconf 77' lang='lat' dir='ltr'><strong>prwest</strong></span> <span class='ocrx_word' id='word_1_840' title='bbox 2188 5638 2429 5695; x_wconf 81' lang='lat' dir='ltr'><strong>Mcletius</strong></span> <span class='ocrx_word' id='word_1_841' title='bbox 2480 5638 2838 5699; x_wconf 78' lang='lat' dir='ltr'><strong>obliviscatur.</strong></span> <span class='ocrx_word' id='word_1_842' title='bbox 2873 5638 2988 5703; x_wconf 75' lang='lat' dir='ltr'><strong>Non</strong></span> <span class='ocrx_word' id='word_1_843' title='bbox 3046 5638 3317 5699; x_wconf 81' lang='lat' dir='ltr'><strong>immerito</strong></span> <span class='ocrx_word' id='word_1_844' title='bbox 3372 5652 3499 5715; x_wconf 69' lang='lat' dir='ltr'><strong>ergo</strong></span> 
     </span>
    </p>
   </div>
  </div>
