3900 6212
482 250 559 323 es
1897 265 2286 328 ranarum.
3654 279 3728 336 at

485 370 932 438 communionem
985 388 1111 428 cum
1167 373 1397 438 Paulino
1443 377 1735 435 iucundam
1787 384 2056 454 negabat;
2086 389 2137 451 Δ,
2162 390 2460 460 exquisitis
2490 399 2544 447 et
2581 393 2959 463 comportatis,
2989 408 3098 448 non
3130 393 3301 464 prima
3331 394 3511 465 specie
3532 411 3731 454 manus

488 463 694 534 quippe
719 479 845 521 cum
875 465 1002 522 iniri
1036 483 1144 533 non
1179 478 1386 539 posset,
1421 473 1555 542 quin
1585 472 2061 547 Meletius'rejice-

488 561 664 617 retur,
687 554 782 625 qui
817 557 970 615 solus
986 556 1289 625 Antiochiae
1311 561 1586 632 legitimus
1607 571 1725 619 erat
1745 567 2057 637 episcopus.

487 643 691 702 Eadem
719 646 787 703 de
818 664 988 706 causa
1029 650 1265 708 Basilius
1298 653 1496 726 (epist.
1530 657 1660 725 258,
1682 674 1739 721 n.
1766 659 1835 727 5)
1866 661 2061 717 leniter

486 730 841 808 reprehendit
872 742 929 796 in
978 740 1283 814 Epiphanio
1313 746 1505 801 initam
1539 762 1663 803 cum
1703 748 1918 805 Paulini
1956 750 2060 811 Ec-

489 830 661 887 clesia
688 835 1133 890 communionem
1164 854 1177 891 :
1215 851 1324 891 non
1357 840 1504 909 quod
1545 841 1707 895 unius
1747 842 2059 913 bypostasis

487 918 808 978 defensores
853 927 1414 985 excommunicandos
1457 939 1510 984 et
1549 932 1620 986 ab
1672 931 1917 989 Ecclesia
1953 934 2057 1004 eji-

486 1011 714 1070 ciendos
736 1013 995 1083 duceret;
1029 1019 1124 1074 sed
1158 1018 1446 1091 Epiphanii
1472 1026 1841 1080 constantiam
1875 1028 2060 1098 requi-

484 1103 665 1170 rebat,
695 1107 790 1176 qui
819 1122 944 1163 cum
973 1118 1085 1167 tres
1131 1111 1455 1184 hypostases
1504 1132 1732 1175 necesse
1757 1135 1883 1176 esse
1925 1135 2058 1175 con.-

485 1193 629 1250 ﬁteri
678 1206 963 1265 censeret,
997 1215 1122 1256 cum
1156 1202 1472 1264 hominibus
1510 1224 1671 1263 unam
1715 1211 2056 1282 bypostasim

484 1287 872 1356 proﬁtentibus
920 1294 1457 1365 communicaverat,
1516 1311 1697 1370 spreta
1745 1311 1801 1356 et
1856 1303 2056 1372 rejeeta

484 1375 685 1434 Meletii
764 1382 1177 1441 communione.
1243 1384 1397 1445 Fecit
1475 1390 1664 1445 eadem
1726 1391 2055 1453 defendendi

485 1467 688 1524 Meletii
766 1474 1104 1540 necessitas,
1181 1485 1247 1533 ut
1315 1481 1479 1537 unius
1546 1482 1871 1554 hypostasis'
1923 1502 2056 1557 pro-

483 1558 696 1623 fessio.
755 1579 879 1633 quae
946 1581 1147 1639 magno
1201 1570 1387 1642 aliquo
1446 1575 1735 1631 commodo
1796 1592 2057 1649 compca-

483 1659 628 1715 sata,
663 1651 800 1710 levis
845 1655 965 1714 visa
1008 1668 1176 1725 esset,
1219 1676 1346 1716 cum
1393 1665 1646 1722 maximis
1693 1667 1748 1722 in
1779 1668 2053 1725 Meletium

482 1741 706 1811 injuriis
744 1746 1061 1818 conjuncta,
1111 1754 1392 1823 permagni
1443 1769 1568 1812 esse
1609 1759 1867 1813 momenti
1903 1762 2055 1815 vide-

482 1841 660 1892 retur.
689 1834 878 1908 Neque
901 1838 1069 1895 etiam
1108 1842 1180 1897 ab
1210 1845 1543 1901 Arianorum
1580 1848 1870 1906 calumniis
1902 1853 2057 1907 valde

481 1928 839 1984 metuendum
873 1930 1087 1998 fuisset,
1120 1934 1168 1990 si
1204 1951 1312 1991 una
1360 1936 1694 2009 bypostasis,
1738 1942 1906 1996 veluti
1945 1958 2053 1998 na:-

481 2034 586 2074 vus
607 2020 830 2091 quidam
851 2025 1156 2082 tolerabilis
1176 2035 1231 2082 et
1258 2028 1643 2099 ignoscendus,
1670 2034 1883 2089 veniam
1911 2036 2054 2105 apud

479 2109 802 2175 Catholicos
835 2114 1141 2183 habuisset,
1175 2119 1271 2175 sed
1300 2122 1345 2176 si
1387 2136 1659 2178 summum
1695 2126 1957 2181 honorem
1990 2143 2054 2183 ac

481 2203 855 2263 celebritatem
885 2206 1080 2278 adepta
1117 2220 1283 2279 esset,
1312 2227 1377 2275 ac
1405 2230 1600 2286 magna
1630 2215 1830 2273 Meletii
1863 2217 2052 2276 Eccle-

482 2293 565 2355 sia
597 2295 800 2365 pusillo
822 2294 1039 2362 Paulini
1063 2305 1355 2358 conventui
1384 2304 1577 2365 fuisset
1607 2308 1884 2377 adjuncta,
1906 2313 2054 2367 velut

481 2386 529 2456 pi
560 2385 760 2443 ﬂumen
788 2389 967 2445 rivulo
996 2392 1356 2463 adjungatur;
1388 2405 1520 2464 tunc
1548 2399 1764 2457 Arianis
1787 2405 2052 2473 patuisset

481 2476 790 2544 latissimus
817 2481 887 2544 ad
919 2482 1366 2548 calumniantium
1394 2504 1642 2560 campus.

1184 2600 1212 2674 δ
1266 2599 1352 2657 ιιι.

477 2682 521 2755 Ι.
560 2683 917 2767 ΑΥἰιμρεινηξμε.
956 2707 995 2767 _a
1037 2692 1322 2767 _nonnullis
1366 2692 1424 2748 S.
1463 2691 1733 2761 Basilius,
1765 2698 1903 2767 quod
1955 2699 2053 2759 Dei

549 2755 764 2835 titulum
820 2758 1049 2827 Spiritui
1110 2771 1296 2817 sancto
1350 2779 1455 2818 non
1519 2755 1730 2835 semper
1777 2755 2047 2827 tribuerit.

546 2823 634 2906 11..
660 2825 777 2879 Hoc
825 2823 1233 2906 temperamento
1270 2848 1399 2906 usus
1432 2845 1531 2894 est,
1559 2823 1885 2906 ut'inﬁrmis
1925 2823 2052 2895 έοὴἒ

547 2894 743 2977 suleret
769 2906 819 2977 et
836 2894 1131 2977 Ecclesium
1162 2917 1315 2955 suam
1343 2894 1904 2977 licereticorum'furori
1925 2894 2049 2965 sub-

547 2966 798 3047 trp/reret.
864 2967 952 3025 ιιι,
1013 2968 1555 3047 Neutrum__prorsu_s
1622 2966 2045 3047 vituperandum.

2162 480 2379 538 dandas
2410 498 2534 539 esse
2564 491 2736 554 putet.
2768 484 2876 541 Sed
2907 486 2953 540 si
3005 486 3216 556 singula
3261 488 3595 557 vestigentur
3634 503 3732 543 ac-

2165 575 2438 644 curatius,
2479 577 2628 632 aliud
2669 592 2899 650 prorsus
2928 577 3136 641 feretur
3161 578 3228 633 de
3270 578 3328 634 ὃ.
3362 578 3560 635 Basilio
3580 580 3731 652 judi-

2160 665 2330 722 cium.

2235 758 2298 813 ll.
2333 757 2564 815 Duabus
2600 759 2954 830 potissimum
2979 763 3047 817 de
3088 763 3272 819 causis
3305 762 3364 819 S.
3396 761 3576 818 doctor
3631 766 3730 818 Der

2161 866 2296 907 voce
2328 851 2602 907 interdum
2634 854 2688 907 in
2727 853 3075 924 praedicanda
3102 854 3161 909 S.
3183 853 3421 925 Spiritus
3446 854 3732 910 divinitate

2160 944 2449 1000 abstinuit.
2472 944 2655 1001 Prima
2677 954 2814 1010 erat,
2838 954 2899 1000 ut
2923 946 3159 1002 inﬁrmis
3186 946 3529 1002 consuleret:
3555 947 3732 1001 altera

2160 1039 2223 1091 ut
2273 1031 2585 1088 furentibus
2616 1034 2890 1091 haereticis
2936 1036 3127 1091 locum
3160 1036 3475 1108 praeriperet
3513 1046 3734 1107 pertur-

2161 1120 2355 1180 banda-
2390 1130 2445 1175 et
2466 1123 2748 1178 vastandas
2771 1122 3147 1196 Cappadociae.

2229 1213 2366 1268 Cum
2419 1213 2711 1271 Tarsensis
2758 1215 3002 1272 Ecclesia
3037 1218 3092 1272 in
3156 1217 3487 1274 Arianorum
3530 1233 3733 1276 manus

2160 1303 2472 1370 incidisset,
2505 1308 2760 1363 catholici
2791 1309 3093 1381 presbyteri
3119 1325 3243 1365 cum
3271 1311 3527 1381 episcopo
3555 1311 3735 1369 luere-

2161 1396 2270 1451 tico
2298 1399 2713 1461 communicare
2743 1400 3023 1467 nolebant,
3062 1416 3126 1456 ac
3161 1404 3413 1469 seorsim,
3440 1410 3499 1457 ut
3528 1402 3581 1456 in
3608 1403 3733 1473 plu-

2158 1488 2314 1545 ribus
2340 1490 2462 1545 aliis
2498 1489 2760 1549 Ecclesiis
2785 1490 2987 1546 factum
3019 1503 3123 1558 est,
3151 1494 3361 1564 plebem
3391 1509 3547 1549 suam
3571 1509 3734 1565 rege-

2160 1581 2313 1637 bant.
2353 1578 2461 1635 Sed
2498 1582 2643 1640 inter
2682 1598 2778 1639 eos
2818 1591 3009 1638 exorta
3046 1584 3338 1651 dissensio,
3384 1600 3450 1647 ac
3496 1585 3731 1656 Cyriaco

2161 1668 2513 1741 presbytero,
2559 1670 2720 1741 cujus
2764 1669 2898 1731 ﬁdes
2957 1670 3013 1726 in
3046 1669 3416 1741 suspicionem
3464 1677 3729 1736 venerat,

2160 1761 2253 1816 alii
2280 1762 2585 1834 presbyteri
2620 1763 2965 1819 conditiones
2988 1764 3283 1818 nonnullas
3308 1762 3574 1824 ferebant,
3602 1762 3734 1832 qui-

2159 1852 2264 1909 bus
2294 1854 2385 1909 ille
2430 1855 2691 1910 assentiri
2730 1855 2968 1911 nolebat.
2998 1855 3300 1910 Consultus
3328 1853 3561 1909 Basilius
3586 1853 3732 1910 duas

2155 1957 2220 1998 ea
2250 1943 2317 1999 de
2340 1959 2399 1998 re
2429 1945 2695 2015 epistolas
2734 1945 2977 2014 scripsit,
3011 1945 3237 1998 alteram
3277 1943 3346 1997 ad
3378 1943 3732 2014 presbyteros

2157 2035 2482 2101 Tarsenses,
2533 2037 2761 2091 alteram
2806 2035 2874 2090 ad
2933 2037 3111 2105 ipsum
3145 2034 3456 2106 Cyriacum.
3488 2032 3730 2089 Demon-

2155 2135 2298 2185 strat
2336 2129 2532 2200 (epist.
2568 2127 2705 2197 115)
2741 2128 3077 2199 presbyteris
3108 2128 3162 2181 in
3196 2141 3263 2182 eo
3301 2134 3445 2181 statu
3496 2141 3586 2180 res
3624 2125 3733 2181 Ec-

2155 2221 2339 2277 clesiaa
2360 2220 2586 2283 versari,
2607 2227 2667 2274 ut
2692 2220 2829 2274 nihil
2857 2218 3141 2289 antiquius
3166 2233 3289 2274 esse
3316 2217 3531 2284 debeat,
3558 2232 3729 2287 quam

2155 2312 2397 2368 membra
2427 2312 2640 2368 divulsa
2671 2308 3031 2381 conjungere.
3065 2308 3184 2363 Fiet
3206 2320 3382 2364 autem
3398 2309 3729 2379 conjunctio,

2154 2403 2353 2474 inquit,
2384 2405 2432 2459 si
2470 2404 2709 2467 velimus,
2736 2401 2926 2473 quibus
2956 2401 3013 2454 in
3034 2400 3186 2456 rebus
3211 2401 3419 2456 animas
3444 2418 3549 2456 non
3571 2400 3733 2455 lardi-

2152 2511 2303 2558 mus,
2334 2497 2391 2553 in
2420 2494 2499 2550 his
2550 2511 2644 2549 nos
2674 2492 2743 2546 ad
2766 2492 3089 2562 inﬁrmiores
3136 2493 3552 2547 accommodare.
3585 2489 3725 2547 Cum

2152 2585 2315 2655 igitur
2360 2601 2457 2638 ora
2503 2585 2673 2638 multa
2700 2587 2755 2639 in
2792 2583 3052 2654 Spiritum
3095 2593 3338 2638 sanctum
3375 2592 3555 2652 aperta
3589 2587 3722 2647 sint,

2153 2692 2216 2732 ac
2261 2677 2455 2747 lingua:
2491 2677 2560 2731 ad
2593 2675 2874 2747 jaciendas
2916 2679 2973 2734 in
3021 2677 3174 2731 illum
3224 2676 3572 2745 blaspliemias
3610 2677 3721 2730 sint

2151 2777 2409 2837 exacutar,
2441 2785 2689 2839 rogamus
2717 2786 2807 2824 vos
2842 2781 2922 2834 ut,
2950 2778 3209 2840 quantum
3233 2771 3287 2823 in
3326 2768 3469 2824 vobis
3505 2777 3602 2833 est,
3652 2768 3725 2823 ad

2150 2874 2369 2928 parvum
2415 2877 2690 2914 numerant
2730 2861 3154 2930 blasphemantes
3204 2860 3499 2931 redigatis;
3538 2869 3587 2915 et
3628 2861 3724 2931 qui

2152 2951 2411 3017 Spiritum
2456 2962 2699 3013 sanctum
2745 2961 3051 3005 creaturam
3095 2968 3206 3007 esse
3248 2969 3352 3006 non
3398 2952 3595 3014 dicunt,
3628 2968 3721 3006 eos

544 3031 898 3117 lV.J0bjecta
948 3041 1244 3094 solvamur.
1276 3031 1348 3117 _V'.
1386 3043 1622 3117 Basilius
1662 3031 2046 3117 semiper-iidem
2073 3056 2117 3117 α
2150 3043 2417 3111 recipiatis
2442 3043 2497 3098 in
2528 3044 2967 3107 communionem.
2997 3053 3056 3097 ut
3095 3043 3386 3115 blasphemi
3415 3044 3724 3112 relinquan-

544 3107 772 3181 sentiens
808 3125 912 3162 non
956 3127 1159 3179 semper
1189 3112 1367 3171 eodem
1397 3112 1550 3181 modo
1585 3117 1639 3169 in
1673 3107 1933 3176 lueretwis
1965 3139 2048 3176 re-

543 3175 791 3246 fellendis
821 3175 1082 3244 versatur;
1486 3176 1489 3181 ’
1727 3175 1730 3176 ν
1915 3175 1920 3176 ί
1997 3175 2014 3199 θ’

542 3291 589 3348 Ι.
610 3289 769 3347 Nunc
795 3293 945 3353 aliud
974 3295 1414 3364 reprehensionis
1442 3314 1639 3369 genus,
1670 3301 1832 3373 longe
1862 3303 2045 3360 diver-

473 3397 598 3455 sum
651 3386 944 3456 superiori,
980 3387 1414 3458 propulsandum
1465 3406 1496 3445 a
1536 3388 1594 3448 S.
1628 3391 1851 3454 Basilio.
1884 3394 2043 3463 Quod

470 3475 618 3541 enim
669 3477 945 3544 interdum
995 3479 1064 3534 de
1113 3489 1304 3539 sancto
1331 3480 1540 3551 Spiritu
1588 3485 1671 3539 sic
1706 3485 1949 3555 disserit,
1983 3498 2044 3545 ut

471 3580 675 3631 nomen
705 3565 803 3635 Dei
834 3584 941 3635 non
976 3570 1203 3631 tribuat,
1238 3571 1293 3625 id
1321 3579 1377 3629 et
1413 3575 1698 3632 nonnullis
1723 3576 1851 3630 olim
1896 3579 2043 3635 indie

470 3659 782 3730 gnationem
812 3664 1004 3727 movit,
1036 3680 1139 3723 nec
1169 3665 1370 3727 desunt
1410 3667 1571 3723 hodie
1601 3670 1695 3739 qui
1723 3669 1912 3727 Basilii
1937 3673 2041 3730 hac

469 3753 527 3807 in
556 3768 616 3808 re
648 3752 1023 3817 fortitudinem
1049 3759 1215 3823 animi
1251 3768 1304 3814 et
1327 3763 1697 3818 consmntiam
1730 3766 2037 3833 requirant.

466 3840 681 3899 Prodiit
715 3848 905 3915 paucis
934 3850 1003 3904 ab
1038 3850 1167 3907 hinc
1189 3854 1352 3908 annis
1384 3857 1709 3924 opusculum
1734 3859 2038 3929 quoddam,

466 3931 523 3987 in
553 3949 664 4005 quo
699 3934 767 3991 de
791 3936 979 3995 Basilii
1017 3939 1161 4001 facto
1199 3943 1512 4000 disseritur.
1558 3947 1821 4005 Basiliam
1853 3967 2039 4023 repre—

464 4023 660 4083 hendit
707 4033 903 4085 auctor
943 4031 1233 4099 opusculi,
1286 4048 1392 4089 non
1438 4043 1621 4091 tamen
1680 4039 1800 4094 sine
1853 4041 2037 4098 debita

461 4122 620 4181 tanto
650 4116 861 4172 doctori
906 4123 1254 4190 reverentia,
1298 4125 1447 4195 quod
1485 4128 1655 4183 animi
1701 4129 2035 4188 moderatio-

461 4222 588 4269 nem
633 4215 688 4263 et
735 4210 1016 4267 lenitatem
1070 4213 1288 4283 longius
1343 4217 1686 4284 produxerit.
1749 4221 2037 4280 Existimat

461 4298 614 4356 illius
638 4303 932 4358 consilium
964 4319 1072 4361 non
1107 4307 1269 4361 modo
1289 4323 1385 4363 eos
1410 4311 1590 4371 exitus
1621 4328 1728 4367 nou
1755 4315 2031 4383 habuisse,

2154 3141 2241 3186 tur
2265 3133 2386 3195 soli,
2425 3148 2488 3187 ac
2516 3132 2595 3187 vel
2619 3133 2819 3203 pudore
2856 3133 3049 3202 stt/fusi
3076 3134 3145 3187 ad
3179 3133 3449 3188 veritatem
3479 3129 3717 3195 redeant,

2151 3226 2250 3286 vel,
2282 3227 2329 3279 si
2367 3226 2421 3279 in
2464 3237 2677 3295 peccato
2721 3236 2968 3289 manent,
3024 3226 3342 3280 auctoritate
3392 3231 3607 3278 careant
3652 3222 3719 3276 ob

2150 3319 2492 3389 paucitatem.
2520 3317 2673 3372 Nihil
2713 3320 2875 3390 igitur
2922 3318 3155 3388 amplius
3203 3333 3591 3387 exposcamus:
3625 3314 3719 3370 sed

2149 3410 2439 3467 volentibus
2472 3410 2745 3474 nobiscum
2775 3411 3023 3481 conjungi
3059 3408 3318 3479 fratribus
3347 3410 3503 3474 ﬁdem
3537 3406 3721 3464 Nicas-

2149 3518 2271 3556 nam
2300 3518 2655 3570 proponamus
2675 3516 2694 3554 :
2730 3517 2814 3564 ac,
2845 3502 2891 3556 si
2919 3502 2968 3556 ei
3011 3500 3392 3567 assentiuntur,
3424 3498 3558 3556 illud
3584 3518 3720 3570 quo-

2147 3610 2245 3663 que
2270 3595 2565 3664 exigamus,
2591 3593 2851 3662 Spiritum
2881 3602 3124 3648 sanctum
3145 3603 3443 3649 creaturam
3467 3592 3591 3646 duci
3611 3609 3720 3646 non

2147 3695 2402 3755 oportere.
2425 3695 2475 3739 et
2502 3701 2589 3739 eos
2633 3685 2725 3756 qui
2752 3684 2966 3748 dicunt,
3004 3684 3163 3752 recipi
3196 3687 3261 3736 ab
3298 3683 3426 3752 ipsis
3470 3683 3525 3736 in
3568 3697 3719 3735 coni-

2146 3777 2447 3834 munionem
2502 3794 2607 3832 non
2658 3777 2865 3833 debere.
2921 3775 3075 3832 Nihil
3137 3786 3311 3830 autem
3373 3786 3564 3845 printer
3603 3774 3720 3829 hac

2143 3870 2529 3941 exposcendum
2574 3886 2690 3926 esse
2733 3886 2935 3925 censeo.
2986 3867 3169 3938 Ipsum
3202 3877 3381 3921 autem
3422 3866 3715 3937 Cyriacum

2142 3961 2401 4022 hortatur
2436 3961 2634 4033 (epist.
2662 3960 2816 4031 H4),
2853 3967 2911 4014 ut
2949 3958 3110 4017 ﬁdem
3140 3958 3414 4024 Nicaenam
3457 3957 3718 4029 proﬁtea-

2140 4060 2252 4117 tur,
2289 4067 2390 4107 nec
2436 4052 2602 4106 ullam
2639 4054 2695 4103 in
2720 4065 2784 4104 ea
2837 4064 3028 4111 vocem
3068 4048 3311 4118 rejiciat,
3356 4063 3419 4102 ac
3451 4056 3718 4121 praeterea

2146 4143 2412 4213 Spiritum
2449 4150 2698 4202 sanctum
2733 4151 3042 4195 creaturam
3081 4140 3190 4195 dici
3224 4156 3333 4194 non
3355 4140 3572 4202 debere,
3608 4154 3714 4193 ncc

2141 4252 2268 4290 cum
2298 4236 2364 4291 iis
2389 4235 2483 4305 qui
2509 4235 2722 4300 dicunt,
2748 4230 3264 4287 communicandum
3287 4247 3412 4288 esse
3443 4232 3714 4286 declaret.

2141 4325 2262 4380 Non
2309 4325 2572 4395 probabat
2618 4337 2748 4393 ergo
2795 4321 3032 4376 Basilius
3076 4322 3217 4379 hanc
3268 4320 3442 4389 legem
3483 4318 3716 4391 Cyriaco

459 4406 604 4462 quos
648 4393 759 4448 sibi
794 4397 1170 4465 proponebat,
1204 4406 1264 4451 ut
1298 4400 1651 4469 placarentur
1699 4404 2028 4464 Pneumato-

2151 4393 2370 4488 imponi,
2406 4426 2466 4475 ut
2509 4415 2604 4470 Dei
2648 4429 2847 4469 nomen
2902 4410 3129 4483 Spiritui
3180 4421 3375 4476 sancto
3423 4413 3711 4477 tribueret,

458 4484 666 4550 machi,
708 4495 764 4540 et
812 4488 1211 4550 reducerentur
1251 4491 1477 4559 inﬁrmi,
1513 4496 1605 4550 sed
1661 4499 1823 4551 etiam
1855 4499 2032 4556 locum

459 4573 683 4633 dedisse
723 4580 961 4635 occultis
1006 4580 1306 4651 hmrelicis,
1355 4588 1535 4656 qualis
1564 4598 1683 4644 erat
1718 4591 2035 4652 Eustathius

458 4667 819 4735 Sebastenus,
854 4688 977 4728 sese
1005 4690 1130 4729 cum
1176 4675 1382 4734 Basilio
1419 4680 1824 4752 conjungcndi;
1862 4685 2035 4755 pluri-

455 4759 564 4819 bus
597 4772 778 4818 autem
829 4764 1184 4836 displicuisse
1232 4785 1341 4824 non
1377 4772 1557 4827 solum
1590 4778 1901 4845 monachis,
1935 4780 2032 4835 sed

453 4853 619 4915 etiam
679 4857 955 4928 episcopis
994 4875 1059 4914 ac
1116 4862 1221 4930 ipsi
1270 4863 1328 4917 S.
1381 4863 1616 4927 Meletio,
1666 4868 1837 4940 Negat
1887 4871 2031 4928 idem

452 4945 696 5032 scriptor
738 4958 892 5004 certo
939 4958 1197 5007 constare
1247 4969 1317 5009 an
1358 4954 1417 5010 S.
1452 4956 1757 5015 Athanasio
1803 4964 2029 5032 probata

450 5030 618 5101 fuerit
645 5034 835 5092 Basilii
869 5040 1065 5110 agendi
1106 5042 1288 5098 ratio:
1316 5045 1527 5100 variam
1565 5064 1628 5104 ea
1653 5052 1720 5106 de
1754 5030 2030 5111 recenset

450 5122 626 5181 fuisse
656 5127 908 5197 Gregorii
936 5130 1268 5197 Nazianzeni
1317 5140 1688 5196 sententiam:
1739 5160 1804 5200 ac
1846 5146 2026 5215 ipsum

449 5215 619 5281 etiam
649 5218 938 5287 Basilium,
970 5239 1096 5279 cum
1142 5226 1358 5283 videret
1395 5245 1455 5285 se
1496 5246 1611 5287 rem
1668 5236 2027 5305 praclarissi-

446 5322 598 5364 mam
633 5324 745 5365 non
791 5310 1006 5378 facere,
1056 5314 1113 5371 in
1161 5320 1352 5388 gratiae
1397 5322 1522 5376 loco
1567 5323 1671 5379 boc
1722 5327 1947 5396 petiisse
1993 5346 2024 5384 a

449 5396 660 5468 Spiritu
709 5413 903 5458 sancto
947 5405 1179 5477 ejusque
1226 5409 1540 5468 divinitatis
1591 5412 2020 5483 defensoribus;

444 5498 640 5560 postea
669 5501 850 5548 autem
881 5494 985 5551 hoc
1012 5504 1503 5568 temperamentum
1534 5503 1764 5558 missum
1799 5504 2017 5571 fecisse.

446 5597 556 5651 quo
570 5599 845 5656 nunquam
863 5602 996 5643 usus
1010 5596 1096 5644 est
1107 5590 1160 5644 in
1183 5589 1526 5650 defendendo
1539 5596 2017 5653 consubstantiali.

443 5671 615 5745 βίᾳῳο
646 5674 760 5745 iere
783 5687 866 5735 est
894 5678 989 5749 qui
1017 5686 1098 5735 tot
1130 5680 1414 5738 rationum
1449 5690 1744 5744 momentis
1776 5687 2020 5760 undique

2138 4509 2302 4564 modo
2331 4524 2445 4563 rem
2476 4508 2582 4562 hoc
2611 4506 2831 4561 nomine
2866 4505 3231 4576 signiﬁcatam
3261 4504 3615 4567 conﬁteretur

2210 4597 2365 4674 Quod
2396 4605 2576 4651 autem
2615 4597 2894 4652 observari
2928 4595 3101 4650 voluit
3139 4594 3205 4649 ad
3235 4594 3510 4651 sanandos
3537 4604 3592 4650 et
3620 4610 3715 4651 rea

2136 4688 2417 4743 ducendos
2447 4687 2797 4751 infirmiores,
2831 4688 2884 4742 id
2916 4689 3033 4758 ipse
3074 4686 3406 4749 observavit,
3436 4695 3495 4745 ut
3522 4702 3718 4758 pravo-

2135 4794 2257 4836 rum
2314 4780 2689 4833 haereticorum
2756 4779 2985 4837 insidias
3050 4778 3292 4834 Ecclesia
3355 4777 3717 4841 Cmsariensis

2134 4870 2413 4941 elTugerct.
2453 4868 2561 4927 Res
2595 4886 2623 4922 a
2662 4870 2719 4923 S.
2747 4869 3010 4941 Gregorio
3039 4869 3385 4926 Nazianzeuo
3409 4871 3491 4925 sic
3518 4886 3718 4925 narra-

2134 4968 2242 5021 tur,
2271 4975 2354 5013 or.
2387 4958 2479 5022 ‘20,
2508 4976 2560 5029 p.
2606 4960 2710 5013 564
2738 4978 2750 5013 :
2783 4961 3099 5030 Οἰκονομεῖν
3135 4959 3193 5012 δὲ
3239 4962 3364 5037 τοὺς
3415 4959 3605 5028 λόγους
3649 4962 3715 5015 ἐν

2133 5052 2332 5123 κρίσει,
2363 5051 2469 5104 τῶν
2500 5051 2809 5119 ἀναγκαίων
2835 5051 3071 5122 ἐνόμιζε,
3114 5050 3192 5121 τῷ
3226 5051 3353 5123 Θεῐῳ
3382 5052 3545 5105 Δαόὶδ
3575 5053 3713 5123 περὶ

2130 5143 2320 5205 τούτου
2355 5142 2639 5212 συμϐούλῳ
2660 5142 2957 5221 χρώμενος,
2992 5143 3088 5199 καὶ
3116 5144 3311 5217 μικρὸν
3337 5145 3460 5205 ὅσον
3489 5143 3579 5209 τὸν
3607 5143 3707 5198 τοῦ

2130 5232 2366 5303 πολέμου
2410 5233 2599 5303 καιρὸν
2640 5234 2934 5304 διαφέρειν,
2983 5236 3075 5288 καὶ
3120 5237 3216 5306 τὴν
3259 5236 3366 5290 τῶν
3410 5236 3711 5306 αἱρετικῶν

2126 5324 2461 5388 δυναστείαν,
2495 5325 2599 5387 ἕως
2648 5326 2677 5377 ὁ
2724 5327 2822 5396 τῆς
2851 5325 3159 5399 ἐλευθερίας
3201 5326 3448 5380 ἐπιλάϐοι
3489 5326 3704 5399 καιρὸς,

2124 5417 2219 5469 καὶ
2258 5416 2332 5486 δῷ
2371 5418 2435 5485 τῇ
2480 5415 2699 5487 γλώσσῃ
2741 5416 2836 5487 τὴν
2878 5418 3208 5490 παρῤησίαν.
3248 5420 3310 5471 Ol
3347 5418 3445 5489 μὲν
3474 5417 3706 5489 ἐζήτουν

2125 5506 2382 5561 λαϐέσθαι
2408 5508 2619 5578 γυμνῆς
2650 5508 2747 5577 τῆς
2775 5508 2903 5579 περὶ
2932 5508 3026 5561 τοῦ
3053 5507 3368 5578 Πνεύματος
3392 5508 3596 5578 φωνῆς.
3623 5506 3707 5573 ὡς

2125 5600 2210 5669 εἴη
2241 5598 2372 5661 Θεὸς
2395 5600 2552 5669 (ὅπερ
2579 5597 2639 5650 ὃν
2667 5598 2882 5669 ἀληθὲς,
2906 5597 3103 5662 ἀσεϐὲς
3132 5598 3360 5661 ἐκείνοις
3384 5596 3707 5668 ὑπελαμϐά-

2123 5707 2264 5758 νετο,
2291 5692 2381 5744 καὶ
2418 5690 2496 5762 τῷ
2531 5692 2688 5763 κακῷ
2716 5692 2995 5764 προστάτῃ
3034 5691 3131 5763 τῆς
3173 5690 3468 5764 ἀσεϐείας),
3494 5692 3580 5754 ἵνα
3605 5689 3701 5748 τὸν
