3900 6212
165 324 234 383 :3
1626 310 2016 370 PREFATIO.
2524 272 2525 275 γ
3370 307 3443 364 26

164 445 264 517 μὲν
289 442 390 515 τῆς
423 442 636 507 πόλεως
682 440 822 515 μετά
858 441 958 514 τῆς
999 441 1251 511 θεολόγον
1278 437 1531 510 γλώσσης
1570 438 1729 508 ὑπερ-

1857 432 2026 488 verbis
2056 433 2230 502 potius
2262 446 2422 501 quam
2468 430 2520 484 in
2571 428 2722 483 rebus
2760 427 3043 484 consistere
3069 445 3087 483 :
3110 424 3294 501 quippe
3321 446 3442 486 cum

156 535 439 605 ορίσωσιν,
470 536 626 589 αὐτοὶ
648 534 704 588 δὲ
730 534 1095 604 κατασχόντες
1136 533 1238 604 τὴν
1275 530 1626 604 Ἐκκλησίαν,
1656 529 1753 582 καὶ

154 627 254 697 τῆς
282 626 498 680 ἑαυτῶν
543 626 742 691 κακίας
773 626 1111 699 ὁρμητήριον
1149 625 1531 697 ποιησάμενοι,
1568 620 1751 675 ἐντεῦ-

156 718 248 771 θεν
293 719 359 771 τὸ
412 718 734 790 λειπόμενον
782 719 949 783 ἅπαν,
980 719 1058 783 ὡς
1102 717 1168 772 ἔκ
1210 734 1353 781 τινος
1397 714 1750 787 ἀκροπόλεως

149 809 605 882 καταδράμωσιν.
653 811 711 864 Ὁ
746 810 805 864 δὲ
838 810 897 864 ὲν
938 810 1127 874 ἄλλαις
1163 810 1261 881 μὲν
1298 812 1505 880 φωναῖς
1541 825 1748 881 γραφι-

149 902 278 964 καίς
310 901 405 954 καὶ
436 901 765 973 μαρτυρίαις
810 901 1236 972 ἀναμφιλέκτοις
1279 901 1477 955 ταυτὸν
1516 898 1746 970 δυναμέ-

147 1008 298 1054 ναις,
350 993 446 1045 καὶ
502 996 620 1056 ταῖς
664 995 775 1047 τῶν
829 992 1205 1064 συλλογισμῶν
1253 993 1521 1061 ἀνάγκαις
1572 990 1747 1055 οὕτως

145 1080 291 1154 ἦγχε
321 1085 451 1147 τοὺς
479 1084 885 1154 ἀντιλέγοντας,
916 1084 1059 1138 ὥστε
1093 1085 1169 1156 μὴ
1217 1084 1547 1138 ἀντιϐαίνειν
1577 1082 1743 1154 ἔχειν,

144 1175 265 1227 ἀλλ’
300 1176 533 1239 οἰκείαις
569 1176 878 1231 συνδεῖσθαι
924 1180 1151 1246 φωναῖς,
1185 1178 1330 1248 ἥπερ
1361 1177 1425 1250 δὴ
1456 1177 1552 1231 καὶ
1585 1176 1745 1249 μεγί-

146 1283 248 1338 στη
291 1267 453 1336 λόγου
489 1269 721 1340 δύναμις
760 1270 854 1323 καὶ
908 1268 1161 1334 σύνεσιςο
1203 1269 1432 1339 δηλώσει
1481 1269 1540 1324 δὲ
1580 1270 1674 1323 καὶ
1715 1270 1745 1325 ό

141 1358 303 1427 λόγος
335 1360 397 1413 ὃν
427 1361 558 1431 περὶ
584 1361 778 1414 τούτου
825 1361 1130 1434 συνέγραψε
1161 1361 1326 1415 κινῶν
1349 1363 1450 1435 τὴν
1476 1362 1739 1432 γραφίδα,

139 1450 217 1513 ὡς
248 1454 315 1504 ἐκ
341 1451 564 1516 πυξίδος
588 1452 683 1506 τοῦ
721 1452 1061 1523 Πνεύματος.
1104 1453 1217 1524 Τὴν
1242 1453 1299 1506 δὲ
1336 1454 1532 1527 κυρίαν
1556 1454 1740 1527 φωνὴν

137 1542 279 1606 τέως
307 1542 686 1613 ὑπερετίθετο,
710 1545 866 1616 παρά
892 1560 952 1597 τε
975 1543 1071 1596 τοῦ
1098 1544 1415 1615 Πνεύματος
1434 1543 1619 1610 αὐτοῦ,
1646 1544 1740 1599 καὶ

133 1632 246 1685 τῶν
286 1634 549 1703 γνησίων,
572 1634 764 1688 τούτου
808 1635 1226 1705 συναγωνιστῶν
1256 1636 1418 1706 χάριν
1451 1636 1641 1701 αἰτῶν,
1666 1638 1735 1708 τῇ

133 1724 425 1794 οἰκονομίᾳ
456 1725 531 1795 μὴ
563 1724 957 1796 δυσχεραίνειν,
990 1726 1125 1797 μηδὲ
1173 1727 1304 1796 μιᾶς
1343 1726 1737 1797 ἀντεχομένους

133 1816 343 1886 φωνῆς,
398 1816 461 1869 τὸ
507 1819 617 1870 πᾶν
666 1817 930 1870 ἀπολέσαι
976 1817 1042 1872 δι’
1085 1817 1413 1888 ἀπληστίαν,
1440 1818 1519 1889 τῷ
1556 1820 1734 1891 καιρῷ

134 1908 556 1981 παρασυρείσης
598 1909 697 1980 τῆς
748 1909 1051 1973 εὐσεϐείας.
1093 1909 1288 1972 Αὑτοίς
1320 1911 1418 1981 μὲν
1443 1909 1553 1981 γὰρ
1585 1912 1735 1964 οὐδε-

134 2001 267 2070 μίαν
294 1997 441 2055 εἷναι
486 2002 694 2073 ζημίαν
727 2000 1219 2070 ὑπαλλαττομένων
1269 2003 1463 2073 μικρὸν
1500 2001 1611 2055 τῶν
1642 2000 1733 2055 λέ-

131 2090 290 2155 ξεων,
321 2090 420 2145 καὶ
445 2095 654 2160 φωναῖς
689 2090 879 2154 ἄλλαις
904 2091 966 2144 τὸ
997 2091 1109 2144 ἴσον
1137 2091 1578 2163 διδασκομένοιςσ
1614 2092 1734 2147 οὐδὲ

128 2181 238 2253 γὰρ
268 2184 327 2236 ὲν
362 2184 607 2253 ῥήμασιν
653 2182 788 2254 ἡμῖν
831 2177 968 2235 εἶναι
1014 2183 1115 2252 τὴν
1156 2182 1428 2254 σωτηρίαν
1468 2182 1731 2254 μᾶλλονῆ

128 2273 430 2346 arpi-ivgum
452 2291 467 2305 ·
502 2274 639 2345 μηδὲ
676 2274 789 2344 γὰρ
821 2274 884 2328 τὺ
922 2275 1198 2328 Ἰουδαίων
1248 2274 1400 2338 ἔθνος
1436 2274 1732 2329 ἀποϐαλεῖν

129 2366 221 2428 ἂν,
254 2367 306 2418 εί
332 2365 434 2437 τὴν
461 2364 801 2435 ἡλειμμένου
832 2364 1017 2436 φωνὴν
1041 2364 1165 2418 ἀντὶ
1189 2365 1288 2436 τῆς
1325 2364 1564 2437 Χριστοῦ
1595 2365 1734 2436 πρὸς

124 2457 311 2525 ὀλίγον
354 2457 766 2528 ἐπιζητοῦντες,
796 2456 982 2526 ἠξίουν
1030 2456 1148 2527 μεθ’
1194 2457 1351 2528 ἡμῶν
1400 2456 1729 2514 τάττεσθαι·

124 2549 203 2619 τῷ
226 2550 285 2602 δὲ
311 2549 481 2620 κοινῷ
519 2548 787 2621 μεγίστην
830 2548 896 2601 ἂν
927 2547 1132 2618 βλάϐην
1168 2547 1444 2615 γενέσθαι,
1470 2548 1572 2620 τῆς
1610 2549 1733 2607 Ἐκο

125 2640 357 2713 κλησίας
431 2639 895 2711 κατασχεθείσηςθ
961 2638 1222 2695 ϐωεενιιπι
1282 2658 1550 2695 sermones
1610 2657 1730 2695 cum

117 2733 325 2804 judicio
371 2735 677 2801 disponere,
708 2734 774 2787 de
802 2732 1023 2788 Davidis
1048 2734 1269 2787 consilio
1311 2742 1364 2787 et
1402 2735 1663 2788 sententia
1685 2736 1728 2802 °,

125 2828 488 2881 necessarium
518 2843 633 2880 esse
645 2824 954 2895 judicabat,
987 2843 1050 2880 ac
1074 2826 1197 2881 belli
1230 2836 1455 2897 tempus,
1482 2837 1531 2881 et
1560 2827 1730 2884 Ιιωνθ-

126 2919 354 2970 ticorum
404 2917 769 2986 principatum
823 2916 1208 2987 aliquantisper
1255 2918 1504 2981 tolerare,
1552 2920 1730 2988 quoad

126 3008 390 3063 libertatis
446 3018 652 3078 tempus
697 3009 1034 3063 successisset
1085 3009 1380 3080 linguaeque
1430 3010 1727 3067 libertatem

1858 540 1921 579 ne
1946 523 2126 578 Judwi
2151 522 2359 594 quidem
2404 520 2676 591 rejiciendi
2708 521 2834 585 sint,
2873 521 2921 573 si
2961 519 3030 574 ad
3068 522 3280 591 aliquod
3311 537 3442 575 tem-

1854 630 1953 684 pus
1977 630 2071 683 pro
2097 613 2308 671 Christo
2334 628 2507 668 vocem
2544 609 2698 665 Uncti
2721 609 2822 664 sibi
2850 610 3061 664 concedi
3086 611 3435 678 postulantes,

1854 706 1911 760 in
1945 717 2184 761 nostrum
2224 720 2502 760 numerum
2540 714 2695 774 atque
2719 703 2955 757 ordinem
2992 704 3187 757 ascribi
3215 705 3433 773 velint):

1853 806 1909 851 at
1946 798 2250 868 reipublicae
2284 814 2389 851 non
2432 810 2584 866 posse
2622 794 2880 864 majorem
2925 794 3209 864 perniciem
3248 811 3312 847 ac
3346 810 3424 864 pe-

1851 898 1981 943 stem
2016 890 2222 959 a/Ierri,
2252 906 2412 962 quam
2451 888 2498 943 si
2534 886 2775 942 Ecclesia
2818 885 2883 940 ab
2922 886 3178 941 haereticis
3212 902 3436 955 occupa-

1852 995 2015 1034 retur.
2052 981 2111 1036 In
2160 982 2265 1036 hac
2312 980 2499 1035 Basilii
2546 980 2741 1050 agendi
2785 979 3020 1043 ratione,
3059 978 3175 1035 sive
3202 978 3435 1036 inﬁrmis

1850 1072 2127 1137 consulat,
2160 1074 2276 1129 sive
2304 1072 2687 1144 haereticorum
2738 1070 2909 1126 furori
2948 1069 3246 1128 Ecclesiam
3277 1086 3431 1127 suam

1850 1161 2095 1230 objicere
2138 1170 2352 1228 caveat,
2394 1161 2543 1217 haud
2586 1159 2836 1232 equidem
2877 1158 3037 1216 video
3077 1159 3207 1230 quid
3246 1174 3434 1230 repre-

1850 1251 2013 1307 hendi
2046 1254 2238 1324 possit.

1919 1341 2007 1398 111.
2045 1344 2202 1411 Quod
2253 1351 2466 1415 spectat
2518 1343 2586 1398 ad
2634 1342 2912 1397 lenitatem
2950 1342 3008 1397 in
3053 1340 3300 1396 inﬁrmos
3332 1338 3431 1394 ad-
3465 1349 3492 1372 ι

1848 1431 2076 1490 hibitam
2112 1454 2127 1491 :
2161 1436 2216 1490 1ο
2249 1436 2387 1490 nihil
2419 1435 2511 1490 illa
2543 1433 2814 1489 catholico
2854 1432 3117 1504 dogmati,
3142 1431 3277 1486 nihil
3309 1430 3429 1485 usi-

1847 1531 1961 1579 tato
2015 1524 2083 1579 ad
2150 1525 2568 1595 exprimendum
2624 1522 2821 1594 dogma
2879 1522 3119 1578 sermoni
3173 1520 3425 1576 nocebat.

1846 1615 2045 1670 Tutum
2078 1622 2196 1670 erat
2235 1614 2432 1687 dogma
2464 1628 2589 1669 cum
2633 1612 2866 1667 Nicaana:
2904 1611 3025 1668 ﬁdei
3062 1602 3425 1683 professione,

1847 1714 1959 1759 tum
1988 1706 2057 1760 iis
2090 1720 2214 1776 quae
2243 1705 2373 1760 huic
2412 1703 2663 1760 formulas
2704 1703 2940 1758 Basilius
2986 1701 3288 1772 adjicienda
3323 1701 3428 1755 du-

1766 1797 1811 1853 B
1839 1798 2015 1853 cebat.
2044 1797 2356 1864 Quinetiam
2388 1804 2503 1853 tota
2531 1797 2623 1851 illa
2650 1793 3082 1851 accommodatio
3108 1809 3175 1850 eo
3212 1800 3427 1864 specta--

1836 1888 1953 1952 bat,
2002 1898 2061 1944 ut
2092 1889 2486 1959 quamplurimi
2544 1887 2615 1942 ad
2670 1886 3036 1943 conﬁtendam
3081 1885 3136 1940 in
3180 1884 3425 1940 Ecclesia

1834 1978 2183 2033 divinitatem
2215 1979 2404 2056 sancti
2440 1976 2679 2048 Spiritus
2713 1978 3067 2032 allicerentur
3099 1992 3113 2029 :
3153 1989 3250 2029 nec
3290 1989 3426 2031 sane

1833 2075 2265 2123 consentaneum
2300 2077 2421 2125 erat
2451 2067 2561 2140 (ep.
2594 2067 2743 2138 11⁸5),
2778 2075 2840 2121 ut
2887 2080 3015 2122 cum
3068 2065 3308 2120 haeretici
3350 2065 3423 2118 li-

1832 2162 2025 2217 benter
2053 2161 2106 2215 in
2147 2176 2248 2217 sua
2279 2163 2667 2217 communione
2695 2160 2995 2217 retinerent
3014 2172 3110 2215 eos
3134 2158 3297 2214 etiam
3326 2156 3422 2227 qui

1832 2255 2087 2310 haeretice
2133 2270 2243 2310 non
2278 2255 2608 2320 sentiebant,
2640 2253 2912 2309 Catholici
2948 2267 2980 2307 a
3028 2267 3128 2308 sua
3172 2265 3423 2306 remove-

1832 2356 1956 2402 rent
1994 2362 2090 2403 eos
2113 2348 2208 2418 qui
2242 2347 2514 2403 catholice
2552 2346 2885 2403 sentiebant.
2937 2343 3127 2414 Neque
3158 2343 3324 2399 etiam
3352 2339 3424 2401 de

1830 2439 2089 2495 catholici
2134 2440 2408 2495 sermonis
2456 2438 2787 2495 auctoritate
2828 2436 3128 2508 quidquam
3168 2433 3422 2489 detrahe-

1830 2530 2012 2587 batur.
2038 2530 2155 2586 Etsi
2176 2531 2322 2586 enim
2376 2532 2614 2587 inlirmis
2643 2529 3048 2586 concedebatur
3068 2535 3128 2583 ut
3155 2525 3420 2598 Spiritum

1834 2629 2089 2677 sanctum
2127 2638 2238 2677 non
2269 2623 2608 2694 appellarent
2654 2621 2863 2687 Deum,
2910 2636 3021 2676 non
3069 2627 3250 2675 tamen
3285 2633 3421 2674 con-

1831 2715 2133 2770 cedebatur
2159 2723 2219 2769 ut
2280 2716 2422 2771 hanc
2449 2730 2641 2771 vocem
2682 2715 3041 2777 damnarent,
3077 2728 3180 2768 nec
3211 2710 3418 2766 idcirco

1832 2807 1981 2862 illam
2004 2810 2093 2863 alii
2135 2808 2409 2864 Catholici
2439 2824 2710 2880 usurpare
2754 2815 2808 2864 et
2852 2807 3150 2878 praedicare
3195 2804 3418 2860 desine-

1829 2896 1980 2951 bant.
2016 2896 2199 2964 Quare
2234 2913 2360 2966 spes
2392 2904 2509 2953 erat
2560 2897 2832 2961 inﬁrmos,
2890 2896 3021 2951 dum
3071 2894 3315 2965 quotidie
3359 2893 3419 2950 in

1830 2986 2080 3043 li'cclesia
2107 2987 2371 3058 Spiritum
2401 2996 2653 3042 sanctum
2679 2987 2847 3041 Deum
2872 2984 3136 3056 appellari
3163 2983 3414 3044 audiunt,

126 3117 186 3155 ac
218 3102 500 3155 licentiam
540 3101 829 3162 attulisset.
864 3099 963 3154 Illi
994 3101 1134 3155 enim
1169 3102 1369 3156 nudam
1407 3116 1454 3157 et
1487 3114 1725 3173 apertam
1754 3132 1799 3193 ο
1833 3091 1995 3193 illler
2046 3078 2175 3135 hUic
2223 3080 2543 3193 vocitajures
2566 3076 2985 3193 .assuel‘a‘ciunt,
3014 3078 3164 3193 brevi
3197 3076 3415 3179 inanem

125 3208 295 3246 vocem
331 3193 400 3247 de
434 3192 644 3260 Spiritu
673 3202 881 3260 sancto,
918 3193 1058 3264 quod
1099 3193 1241 3248 Deus
1291 3205 1447 3259 esset,
1493 3199 1726 3265 arripere

125 3287 410 3340 studebant
459 3287 623 3355 (quod
672 3285 882 3357 quidem
938 3289 1149 3341 tametsi
1199 3305 1379 3342 verum
1420 3299 1577 3353 erat,
1621 3291 1726 3344 im-

120 3380 263 3445 pium
293 3390 473 3433 tamen
515 3379 627 3434 illis
671 3389 827 3443 atque
870 3379 1108 3448 improbo
1152 3380 1439 3449 impietatis
1492 3382 1723 3436 antistiti

122 3473 446 3540 ridebatur),
494 3484 555 3526 ut
602 3490 721 3527 eum
772 3472 983 3544 quidem
1043 3490 1162 3529 cum
1205 3475 1497 3545 theologica
1541 3475 1725 3547 lingua

122 3568 331 3620 civitate
363 3567 645 3630 pellerent,
678 3566 779 3632 ipsi
809 3575 985 3618 autem
1038 3565 1330 3620 Ecclesium
1378 3580 1720 3635 occuparent,

120 3676 337 3731 eamque
381 3659 599 3713 sceleris
641 3661 726 3714 sui
762 3661 1213 3730 propugnaculum
1250 3661 1527 3730 efﬁcerent,
1567 3671 1725 3731 atque

121 3753 236 3806 hinc
288 3752 506 3813 deinde,
540 3753 679 3805 velut
715 3769 780 3807 ea:
825 3770 948 3807 arce
997 3753 1252 3824 quadam,
1287 3753 1342 3805 id
1381 3770 1555 3817 omne,
1583 3754 1722 3824 quod

122 3847 380 3915 reliquum
405 3854 547 3908 erat,
578 3844 981 3913 popularentur.
1010 3848 1081 3901 At
1116 3845 1205 3899 ille
1249 3845 1302 3897 in
1347 3845 1473 3899 aliis
1512 3846 1723 3915 quidem

122 3935 327 3989 rocibus
382 3951 413 3988 e
460 3933 749 4002 Scriptura
792 3934 993 4002 petitis,
1040 3933 1458 4003 testintoniisque
1505 3933 1723 3988 minime

120 4029 288 4084 dubiis
324 4027 573 4083 eamdem
602 4027 705 4080 vim
739 4026 1071 4089 habentibus,
1112 4025 1529 4094 necessariisque
1557 4041 1722 4096 argu-

121 4124 330 4184 mentis,
365 4120 706 4173 adversarios
737 4119 813 4172 ita
848 4118 1250 4185 comprimebat,
1287 4126 1345 4170 ut
1389 4117 1535 4171 nullo
1564 4116 1722 4173 modo

122 4229 416 4285 repugnare
441 4228 506 4265 ac
532 4221 719 4265 contra
751 4212 850 4264 niti
877 4220 1087 4279 possent
1128 4228 1145 4266 :
1182 4209 1294 4272 sed,
1338 4227 1457 4280 qua:
1482 4211 1722 4265 maxima

122 4306 380 4358 sermonis
434 4305 602 4357 virtus
647 4314 697 4358 et
745 4302 1030 4372 prudentia
1075 4310 1176 4369 est,
1232 4303 1463 4371 propriis
1508 4301 1720 4357 vocibus

120 4389 630 4465 constringerentur,
675 4394 1122 4465 quemadmodum
1163 4396 1208 4448 is
1249 4394 1402 4457 liber,
1428 4410 1580 4464 quem
1623 4393 1720 4447 hoc

121 4498 435 4558 argumento
472 4486 661 4549 edidit,
706 4487 981 4554 perspicue
1023 4487 1279 4550 ostendet,
1318 4487 1373 4540 in
1421 4502 1521 4556 quo
1563 4485 1714 4540 cala-
1748 4474 1793 4528 Ι)

122 4598 263 4634 mum
314 4579 473 4649 quasi
526 4593 589 4633 ea:
639 4579 874 4647 Spiritus
926 4578 1122 4648 pyxide
1168 4586 1357 4632 movet.
1405 4575 1510 4633 Sed
1546 4585 1721 4631 tamen

119 4674 393 4742 propriant
425 4686 595 4724 vocem
636 4671 849 4724 interim
881 4685 1140 4736 usurpare
1168 4668 1468 4738 differebat,
1497 4677 1610 4723 tum
1650 4667 1717 4721 ab

122 4767 337 4833 ipsomet
369 4759 595 4831 Spiritu,
634 4770 746 4814 tum
773 4778 806 4814 a
850 4762 1069 4815 sinceris
1104 4761 1271 4829 ipsius
1308 4759 1722 4830 propugnatori-

121 4854 214 4906 bus
255 4854 309 4905 in
357 4851 548 4920 gratia:
585 4851 698 4905 loco
728 4849 824 4904 hoc
860 4860 1060 4919 petens,
1101 4867 1165 4904 ne
1209 4849 1307 4903 hoc
1348 4866 1446 4904 suo
1495 4849 1720 4905 consilio

122 4943 516 5013 oﬂ’enderentur
532 4960 551 5008 ;
580 4960 672 4996 nec
705 4943 1113 5004 committerent.
1140 4957 1197 4995 ut
1219 4941 1344 4996 dum
1373 4959 1535 4996 unam
1561 4959 1719 4997 vocu-

123 5035 227 5087 lam
258 5033 533 5087 mordicus
582 5033 807 5087 retinere
853 5042 1192 5095 conarentur,
1228 5042 1448 5102 propter
1485 5033 1718 5102 inexple~

124 5124 275 5179 bilem
303 5124 654 5191 cupiditatem
686 5125 867 5179 omnia
901 5127 1210 5195 perderent,
1264 5125 1519 5179 convulsa
1558 5126 1718 5179 nimi-

122 5234 237 5271 rum
267 5218 575 5272 turbulento
608 5226 842 5286 tempore
883 5234 947 5271 ac
986 5218 1250 5273 distracta
1294 5218 1512 5288 pietate.
1559 5216 1716 5287 Ipsos

121 5310 253 5361 enim
274 5308 415 5363 nihil
442 5323 509 5363 ea:
533 5324 595 5362 eo
615 5309 937 5364 incommodi
966 5326 1028 5364 ac
1058 5309 1361 5365 detrimenti
1384 5319 1713 5380 accepturos,

123 5401 166 5453 si
192 5400 452 5455 vocabula
480 5401 700 5471 paulum
732 5402 1166 5467 immutarentur,
1196 5401 1356 5458 modo
1394 5402 1521 5458 aliis
1546 5403 1714 5459 rerbis

124 5493 297 5549 eadem
343 5493 660 5549 docerentur
701 5494 889 5567 (neque
933 5499 1074 5550 enim
1115 5496 1344 5552 salutem
1391 5506 1632 5554 nostram
1659 5498 1716 5552 in

194 5630 215 5662 ‘
261 5629 415 5686 Psal.
467 5645 597 5696 cn,
633 5633 686 5687 5.

195 5763 268 5837 (5)
289 5761 449 5837 Nyss.
473 5781 511 5831 ι,
538 5764 769 5823 Eunom.
800 5766 921 5829 5H.
941 5766 1296 5854 Theodoret,,
1315 5767 1413 5828 lib.
1444 5784 1519 5840 iv,
1539 5782 1590 5827 c.
1624 5767 1713 5829 i8.

766 5633 786 5664 ⁷
818 5631 976 5687 Rom.
1012 5649 1132 5701 νιιι,
1168 5633 1263 5690 ‘28.

1830 3173 1982 3227 illum
2025 3172 2347 3242 scrupulum
2390 3172 2761 3242 deposituros.
2797 3170 2974 3240 Atque
3021 3170 3138 3225 haec
3180 3168 3418 3224 maxime

1827 3280 1953 3334 spes
1979 3261 2240 3319 Basilium
2265 3262 2498 3321 fovebat.
2523 3261 2803 3317 Enimvero
2826 3277 3135 3332 persuasum
3160 3258 3288 3313 mihi
3313 3264 3412 3325 est,

1826 3355 2002 3425 inquit
2042 3355 2151 3425 (ep.
2193 3355 2338 3424 115),
2368 3353 2702 3408 diuturniore
2744 3354 2880 3407 inter
2909 3369 3004 3407 nos
3037 3347 3415 3406 consuetudine

1825 3462 1889 3501 ac
1927 3456 2111 3499 mutua
2153 3447 2291 3500 citra
2332 3448 2713 3501 contentionem
2770 3444 3163 3507 exercitatione,
3197 3442 3244 3497 si
3286 3439 3414 3512 quid

1824 3538 1986 3592 etiam
2034 3537 2267 3607 amplius
2313 3536 2676 3608 adjiciendum
2730 3536 2800 3591 sit
2846 3533 3170 3604 explanandi
3213 3549 3414 3599 causa,

1823 3628 2077 3683 daturum
2116 3628 2172 3682 id
2196 3627 2502 3691 Dominum,
2533 3628 2626 3698 qui
2654 3628 2827 3697 ipsum
2859 3623 3202 3696 diligentibus
3233 3623 3416 3677 omnia

1824 3728 2136 3788 cooperatur
2165 3721 2218 3773 in
2251 3718 2446 3773 bonum
2471 3720 2516 3775 ".

1822 3860 1827 3865 .
1891 3809 1951 3863 9.0
1982 3808 2100 3864 Non
2141 3808 2584 3864 animadvertunt
2612 3807 2673 3871 ii,
2708 3804 2909 3876 quibus
2945 3803 3061 3859 haec
3089 3801 3289 3874 agendi
3323 3816 3415 3855 ra-

1821 3899 1901 3952 tio
1944 3912 2053 3952 non
2098 3897 2299 3968 placet,
2351 3910 2612 3966 magnum
2656 3910 2783 3950 esse
2826 3893 3127 3950 discrimen
3170 3892 3313 3945 inter
3349 3904 3415 3944 ea

1822 4004 1946 4062 quae
1993 3988 2269 4045 haereticis
2315 3988 2511 4059 ignave
2539 3994 2594 4043 et
2626 3987 2883 4057 turpiter,
2915 3991 2971 4041 et
3002 3999 3065 4040 ea
3098 3997 3221 4055 quae
3251 3980 3409 4036 inﬁr-

1822 4080 1929 4136 mis
1974 4081 2212 4151 benigna
2250 4080 2487 4150 quadam
2538 4078 3050 4134 accommodatione
3096 4073 3413 4131 concedun-

1821 4172 1913 4229 tur
1947 4163 2046 4236 (5).
2079 4165 2194 4221 Hoc
2222 4174 2435 4222 tantum
2464 4168 2682 4238 petebat
2707 4181 2738 4220 a
2767 4165 2972 4222 Basilio
3002 4163 3281 4227 Modestus
3308 4162 3415 4218 im-

1822 4258 2091 4328 peratoris
2117 4259 2361 4323 nomine,
2394 4268 2455 4311 ut
2478 4275 2645 4313 unam
2686 4273 2900 4323 vocem,
2931 4272 3131 4328 nempe
3168 4255 3416 4310 consub-

1822 4350 2097 4415 stantiale,
2124 4366 2155 4404 e
2184 4350 2305 4405 ﬁdei
2341 4350 2589 4423 symbolo
2641 4350 2758 4404 tolli
2813 4357 3112 4419 pateretur.
3152 4348 3223 4401 At
3253 4346 3414 4402 Basi-

1823 4442 1930 4495 lius
1995 4455 2063 4495 ne
2121 4455 2284 4495 unam
2344 4440 2565 4512 quidem
2627 4441 2895 4513 syllabam
2954 4454 3237 4496 sacrorum
3295 4440 3412 4494 do-

1822 4540 2062 4596 gmatum
2110 4531 2292 4602 prodi,
2346 4532 2487 4586 nihil
2541 4548 2771 4602 prorsus
2821 4531 2949 4587 addi
3002 4540 3099 4587 aut
3137 4531 3304 4597 demi,
3345 4545 3410 4585 ac

1820 4638 1892 4678 ne
1941 4625 2120 4694 ipsum
2178 4624 2400 4694 quidem
2457 4622 2709 4679 formulas
2749 4622 2996 4679 ordinem
3048 4622 3246 4677 mutari
3300 4622 3411 4677 de-

1817 4714 1951 4770 bere
1981 4715 2287 4785 respondit.
2317 4713 2463 4771 ldem
2496 4721 2680 4770 tamen
2726 4714 2794 4771 iis
2827 4715 2943 4785 qui,
2982 4729 3106 4769 cum
3140 4713 3409 4769 catholica

1821 4810 2108 4875 sentirent,
2139 4809 2383 4863 nondum
2425 4805 2706 4863 Nicaanam
2745 4806 3037 4862 formulam
3064 4812 3403 4875 receperant,

1818 4903 2068 4972 benignae
2124 4900 2498 4957 excusationis
2540 4899 2758 4955 veniam
2801 4914 2912 4954 non
2940 4897 3260 4967 denegabat,
3299 4897 3409 4953 sal-

1817 4999 1927 5047 tem
1976 4992 2033 5045 in
2079 4991 2432 5062 episcopatus
2481 4986 2828 5059 primordiis,
2860 4996 2921 5042 ut
2969 4986 3301 5056 perspicitur
3336 5000 3405 5039 ex

1817 5082 1978 5151 epist.
2025 5080 2115 5136 52.
2161 5079 2325 5135 Aliud
2370 5085 2458 5135 est
2505 5078 2653 5133 enim
2691 5075 2927 5132 inﬁrmis
2959 5089 3122 5129 unam
3167 5075 3404 5144 aliquam

1815 5188 2004 5229 vocem
2050 5172 2364 5237 remittere,
2419 5167 2570 5224 aliud
2613 5166 2995 5223 haereticorum
3046 5164 3258 5221 artibus
3308 5169 3404 5218 aut

1816 5265 1986 5321 minis
2031 5263 2375 5331 concedere;
2423 5266 2485 5316 ut
2516 5275 2582 5316 ea
2619 5274 2724 5315 vox
2760 5273 2793 5314 e
2840 5257 3095 5314 catholici
3133 5255 3403 5312 sermonis

1816 5372 1923 5413 usu
1953 5354 2295 5411 amandetur.
2338 5351 2398 5406 Si
2426 5365 2752 5408 concessum
2793 5349 2990 5409 luisset
3023 5347 3297 5404 haereticis
3339 5353 3400 5403 ut

1816 5446 2286 5508 consubstantiale
2314 5444 2608 5517 deleretur,
2658 5441 3003 5516 triumphum
3044 5441 3126 5501 illi
3157 5439 3407 5514 egissent
