3900 6212
515 311 590 369 27
1935 319 2097 375 PRAS.
2108 318 2332 379 FATIO.
3698 324 3776 380 ‘28

513 442 585 486 ex
620 427 885 496 Ecclesia,
912 444 1033 500 quae
1065 445 1173 485 non
1217 445 1312 487 eos
1339 431 1633 502 recepisse,
1678 432 1772 490 sed
1805 434 1874 488 ab
1905 436 1986 492 eis
2012 451 2101 491 re-
2127 440 2176 497 Α
2205 456 2348 509 ergo,
2382 456 2476 494 nos
2506 440 2563 495 in
2595 442 2790 496 crimen
2824 443 3011 497 vocetis
3050 442 3165 514 (nec
3212 444 3347 496 enim
3380 441 3574 496 invidia
3610 451 3661 496 et
3690 458 3776 495 re—

515 528 673 592 cepta
710 522 1024 589 videretur;
1071 524 1214 593 quod
1262 524 1483 593 quidem
1524 541 1802 594 nunquam
1843 529 2095 583 commit-

517 614 741 672 tendum
777 630 898 671 esse
937 616 1133 671 merito
1175 617 1334 671 docet
1376 617 1611 675 Basilius
1654 619 1709 673 in
1758 620 1918 679 epist.
1962 621 2090 675 266.

518 705 586 762 At
634 706 824 761 iisdem
865 707 1224 765 redeuntibus
1273 711 1393 764 sine
1448 710 1934 768 consulistantialis
1967 728 2095 782 pro-

520 796 778 861 fessione,
808 814 918 851 non
953 807 1133 854 tamen
1164 800 1281 854 sin'e
1310 799 1652 870 professione
1677 802 1800 857 ﬁdei
1833 803 1936 857 hac
1961 818 2096 857 voce

519 898 820 957 contentae;
852 906 1139 946 numerum
1176 893 1412 947 ﬁliorum
1466 909 1690 949 suorum
1725 895 1956 965 augebat
1989 894 2095 949 Ec-

520 982 706 1047 clesia,
745 982 1009 1037 incolumi
1048 998 1274 1053 prorsus
1307 984 1617 1040 traditionis
1645 986 1917 1055 deposito.

591 1071 648 1123 5-
674 1070 970 1125 Sententiae
1016 1087 1129 1125 sua:
1157 1087 1387 1143 magnos
1417 1075 1750 1145 ascriptores
1781 1083 1835 1131 et
1864 1076 2098 1129 imitato-

520 1178 612 1218 res
639 1163 831 1217 habuit
859 1162 1117 1219 Basilius.
1167 1166 1371 1220 Praater
1418 1166 1802 1234 Athanasium,
1834 1168 1926 1238 qui
1951 1167 2099 1222 Basi-

520 1253 579 1307 lii
614 1254 816 1308 l'actum
850 1256 1100 1325 probavit
1123 1264 1178 1311 et
1211 1255 1475 1321 defendit,
1502 1268 1561 1314 ut
1588 1261 1747 1315 modo
1771 1260 2094 1326 videbimus,

521 1344 784 1401 Basiliam
840 1346 1087 1400 imitatur
1139 1345 1439 1418 Gregorius
1478 1349 1854 1406 Nazianzenus
1900 1351 1955 1405 in
1980 1366 2100 1406 ora-

523 1437 672 1493 tione
701 1437 789 1502 44,
816 1454 869 1508 p.
917 1439 1037 1503 710,
1088 1440 1180 1493 ubi
1225 1443 1305 1496 sic
1340 1443 1624 1512 loquitur:
1661 1444 1965 1515 Συμὸῶμεν
2003 1445 2099 1498 ἀλ-

523 1531 703 1603 λήλοις
730 1532 1112 1601 πνευματικῶς
1131 1550 1143 1563 ο
1175 1533 1462 1603 γενώμεθα
1490 1534 1800 1605 φιλάδελφοι
1833 1535 2032 1607 μᾶλλον
2063 1535 2096 1607 ἢ

524 1622 793 1693 φίλαυτοι.
825 1622 953 1675 Δότε
987 1623 1086 1694 τὴν
1119 1624 1349 1694 δύναμιν
1381 1626 1480 1696 τῆς
1515 1626 1784 1697 Θεότητος,
1823 1627 1911 1680 καὶ
1934 1626 2101 1679 δώσο-

528 1730 627 1786 μεν
671 1715 800 1786 ὑμῖν
840 1717 941 1785 τῆς
968 1715 1152 1785 φωνῆς
1191 1715 1291 1786 τὴν
1327 1716 1699 1788 συγχώρησιν·
1737 1718 2100 1788 ὀμολογήσατε

2202 532 2542 598 prehensione
2584 535 2747 603 premi
2785 534 2932 589 debet
2982 533 3289 602 hujusmodi
3339 537 3628 605 ascensus),
3679 548 3776 586 nec

2200 635 2294 673 nos
2318 621 2549 675 vicissim
2584 640 2701 677 eam
2739 641 2934 690 vocem,
2982 626 3133 693 cujus
3173 625 3331 678 modo
3375 641 3590 694 capaces
3619 626 3771 688 estis,

2201 710 2343 765 vobis
2386 712 2692 781 objiciemus
2742 730 2760 768 :
2816 715 3052 786 quandiu
3110 716 3217 770 alio
3273 718 3461 770 itinere
3510 716 3578 768 ad
3633 715 3771 768 idem

2201 802 2488 872 hospitium
2519 806 2778 874 feremini.
2829 806 2952 862 Non
2993 810 3130 862 enim
3176 810 3449 862 victoriam
3490 806 3769 869 ambimus,

2202 895 2292 949 sed
2318 906 2374 948 ut
2397 898 2617 964 fratres,
2648 915 2874 967 quorum
2908 902 3238 968 separatione
3265 901 3675 969 distorquemur,
3703 897 3772 949 ad

2204 1002 2296 1040 nos
2327 988 2562 1051 redeant,
2590 989 2924 1045 laboramus.
2964 990 3088 1046 Haec
3129 990 3424 1062 Gregorius
3469 990 3774 1045 disserebat

2202 1077 2673 1151 Constantinopoli
2732 1102 2744 1136 :
2803 1082 3032 1151 ejusque
3102 1083 3273 1135 animi
3342 1081 3774 1135 moderationem

2204 1169 2364 1238 paulo
2403 1178 2523 1238 post
2571 1170 2687 1238 ipsa
2723 1171 2964 1241 synodus
3005 1168 3778 1239 Constantinopolitanajudi—

2204 1260 2275 1313 cii
2308 1259 2390 1314 sui
2424 1263 2748 1315 auctoritate
2777 1262 3177 1333 comprobavit,
3210 1278 3331 1333 quas
3362 1261 3649 1315 Dominum
3678 1277 3780 1330 ap-

2204 1350 2421 1420 pellavit
2465 1350 2725 1421 Spiritum
2773 1363 3060 1417 sanctum,
3110 1355 3203 1409 sed
3237 1361 3296 1408 ut
3338 1354 3406 1408 iis
3444 1354 3778 1416 consuleret,

2206 1456 2436 1509 quorum
2455 1443 2653 1496 animis
2678 1445 2991 1513 scrupulus,
3022 1443 3403 1498 subabsurdus
3426 1443 3514 1498 ille
3532 1442 3782 1512 quidem,

2208 1531 2299 1585 sed
2318 1540 2501 1586 tamen
2526 1533 2895 1602 ignoscendus
2911 1534 3199 1599 insidebat,
3222 1534 3315 1587 Dei
3341 1549 3526 1588 vocem
3551 1535 3604 1587 in
3637 1550 3784 1604 sym-

2208 1623 2388 1677 bolum
2418 1623 2762 1679 inserendam
2795 1642 2916 1680 esse
2946 1641 3053 1678 non
3084 1626 3320 1679 censuit.
3394 1682 3399 1691 ,

2281 1715 2385 1769 Sed
2417 1715 2552 1771 forte
2577 1717 2913 1786 indulgentia
2938 1721 2995 1773 in
3016 1719 3262 1775 inﬁrmos
3286 1720 3401 1787 ipsa
3425 1718 3783 1774 humanitatis

524 1806 621 1877 τὴν
664 1807 823 1875 φύσιν
870 1810 926 1860 ὲν
968 1807 1157 1871 ἄλλαις
1186 1812 1412 1878 φωναῖς,
1468 1804 1557 1873 αἶς
1603 1808 1836 1863 αἰδεῖσθε
1867 1809 2097 1880 μᾶλλον·

2222 1806 2387 1874 specie
2419 1807 2685 1875 placebit,
2719 1814 2774 1861 at
2814 1810 2995 1863 minus
3042 1809 3411 1869 considerata,
3444 1807 3784 1876 nimiumque

525 1900 620 1954 καὶ
651 1900 725 1963 ὡς
762 1899 1005 1964 ἀσθενεῖς
1034 1901 1178 1971 ὑμᾶς
1208 1903 1582 1973 ίατρεύσομεν,
1611 1902 1756 1956 ἔστιν
1798 1902 1833 1957 ἃ
1871 1903 1965 1957 καῖ⁸
1995 1901 2103 1955 τῶν

526 1988 662 2060 πρὸς
694 1989 885 2060 ἡδονὴν
926 1990 1397 2061 παρακλέψαντες.
1442 1992 1675 2062 Αἰσχρδν
1721 1991 1820 2062 μὲν
1858 1991 1986 2062 γὰρ,
2021 1991 2106 2043 αὶ-

529 2082 689 2152 σχρὸν
732 2086 824 2135 καὶ
859 2084 1058 2147 ἱκανῶς
1101 2084 1310 2151 ἄλογον,
1361 2083 1501 2136 κατὰ
1525 2082 1701 2155 ψυχὴν
1740 2084 2103 2155 ἐρρωμένους,

531 2176 966 2248 μικρολογεῖσθαι
1002 2177 1127 2248 περὶ
1158 2177 1247 2229 τον
1287 2172 1439 2247 ἦχον,
1473 2177 1566 2228 καὶ
1594 2177 1855 2247 κρύπτειν
1886 2175 1977 2227 τὸν
2011 2175 2108 2246 θη-

529 2268 747 2340 σαυρὸν,
785 2267 972 2339 ὥσπερ
1012 2268 1191 2330 ἄλλοις
1226 2267 1640 2337 βασκαίνοντας,
1681 2266 1713 2335 ἢ
1752 2265 1826 2337 μὴ
1880 2265 1972 2318 καὶ
2008 2264 2107 2336 τὴν

470 2408 475 2415 ,
527 2357 779 2427 γλῶσσαν
828 2359 1090 2429 ἁγιάσητε
1133 2359 1471 2424 δεδοικότας·
1536 2359 1745 2428 αἴσχιον
1787 2357 1844 2417 δὲ
1900 2360 2033 2429 ἡμῖν
2079 2356 2108 2409 ὃ

528 2450 869 2520 ἐγκαλοῦμεν
917 2451 1129 2513 παθεῖν,
1161 2452 1256 2504 καὶ
1289 2450 1637 2522 μικρολογίαν
1678 2448 2111 2518 καταγινώσκον-

528 2559 649 2605 τας,
711 2543 906 2608 αὐτοὺς
963 2543 1403 2613 μικρολογεῖσθαι
1464 2545 1594 2613 περὶ
1658 2542 1725 2596 τά
1785 2542 2106 2613 γράμματα.

528 2633 679 2696 Maii;
715 2632 986 2702 θεότητος,
1029 2629 1073 2687 ὧ
1112 2627 1278 2696 οῦτοι,
1314 2635 1412 2705 τὴν
1468 2635 1673 2706 Τριάδα
1715 2636 2109 2707 ὁμολογήσατε,

532 2725 664 2779 εἰδὲ
695 2724 969 2795 βούλεσθε,
1009 2730 1135 2798 μιᾶς
1167 2728 1414 2797 φύσεως·
1462 2729 1554 2782 καὶ
1602 2728 1700 2799 τὴν
1745 2729 1879 2792 Θεὸς
1927 2728 2110 2799 φωνὴν

532 2819 684 2889 παρὰ
712 2817 803 2870 τοῦ
830 2819 1141 2890 Πνεῦματος
1172 2821 1298 2889 ὑμῖν
1336 2822 1651 2891 αἰτήσομεν.
1688 2819 1860 2873 Δὼσει
1890 2821 2017 2891 γάρ,
2053 2814 2111 2873 εὖ

532 2906 670 2973 οἶδα,
692 2909 719 2961 ὁ
747 2909 808 2961 τὸ
834 2910 1043 2979 πρῶτον
1073 2910 1194 2974 δοὺς
1227 2912 1319 2964 καὶ
1347 2912 1407 2964 τὸ
1440 2911 1709 2989 δειξτερον,
1737 2912 1831 2965 καὶ
1858 2912 2112 2982 μάλιστα,

534 3003 584 3054 εί
613 3000 783 3054 δειλία
812 3019 894 3064 τις
930 3001 1013 3072 εἴη
1050 3005 1411 3073 πνευματικὴ.
1452 3004 1586 3058 ἀλλὰ
1625 3004 1699 3075 μὴ
1728 3004 1973 3067 ἔνστασις
1997 3004 2115 3057 δια-

534 3089 721 3161 σολικὴ
750 3090 809 3144 τὸ
839 3091 1160 3161 μαχόμενον.
1190 3094 1309 3146 Ἔτι
1344 3093 1669 3163 σαφέστερον
1700 3094 1838 3147 εἴπω
1870 3095 1962 3147 καλ¹
1990 3110 2113 3146 συν-

534 3182 863 3254 τομώτερον,
901 3184 1036 3253 μήτε
1075 3185 1231 3251 ὑμεῖς
1260 3185 1407 3255 ἡμᾶς
1446 3185 1704 3254 εὐθύνητε
1734 3185 1831 3254 τῆς
1858 3184 2117 3254 ὑψηλοτέ-

537 3292 636 3348 ρας
691 3275 874 3344 φωνῆς
928 3274 1139 3345 (φθόνος
1187 3276 1296 3347 γὰρ
1354 3276 1529 3339 οὐδεὶς
1579 3277 1940 3341 ἀναϐάσεως),
1991 3276 2116 3329 οὔτε

537 3366 697 3437 ἡμεῖς
724 3366 821 3437 τὴν
869 3368 1095 3437 ὲφικτὴν
1124 3368 1258 3429 τέως
1303 3368 1430 3436 ὑμῖν
1474 3369 1862 3439 ὲγκαλέσομεν,
1909 3371 2013 3432 ἓως
2053 3370 2118 3422 ἂν

537 3461 632 3513 καὶ
657 3459 722 3512 δι’
746 3459 909 3529 ἄλλης
928 3459 1045 3512 ὁδοῦ
1078 3460 1212 3530 πρὸς
1238 3460 1296 3513 τὸ
1324 3461 1455 3513 αὐτὸ
1482 3460 1719 3531 φέρησθε
1745 3461 2083 3530 καταγώγιον
2102 3481 2115 3493 ·

537 3551 600 3603 οὐ
623 3550 732 3621 γάρ
750 3550 966 3620 νικῆσαι
998 3550 1286 3620 ζητοῦμεν,
1322 3551 1456 3604 ἀλλὰ
1488 3551 1810 3622 προσλαϐεῖν
1838 3553 2118 3620 ἀδελφοὺς,

539 3634 616 3696 ὧν
640 3640 719 3712 τῷ
741 3641 1003 3713 χωρισμῷ
1034 3641 1457 3713 σπαρασσόμεθα
1487 3659 1500 3672 ·
1551 3642 1739 3695 Verum
1771 3644 2122 3709 spiritualiter

539 3734 676 3790 inter
702 3751 795 3788 nos
828 3734 964 3787 hanc
1013 3736 1423 3788 controversiam
1453 3736 1807 3805 transigantus
1831 3750 1847 3788 :
1873 3735 2123 3804 fraterna:

538 3829 714 3898 potius
741 3827 1018 3881 cltaritatis
1046 3826 1303 3887 studium,
1332 3843 1490 3896 quam
1532 3827 1701 3880 nostri
1740 3843 1972 3880 amorem
2014 3843 2124 3895 pne

540 3908 691 3976 nobis
731 3920 985 3989 feramus.
1028 3919 1143 3972 Vim
1202 3919 1494 3972 divinitatis
1545 3936 1607 3972 ac
1649 3919 1934 3987 potentiam
1977 3917 2123 3970 nobis

542 4012 686 4076 date,
720 4020 770 4065 et
814 4028 908 4065 nos
944 4011 1175 4065 vicissim
1224 4009 1517 4064 divinitatis
1553 4027 1725 4064 vocem
1763 4010 1906 4063 vobis
1946 4025 2126 4063 conce-

542 4102 748 4157 demus.
779 4100 1048 4156 Naturam
1078 4102 1200 4155 aliis
1230 4102 1460 4167 vocibus,
1489 4102 1675 4170 quibus
1713 4100 1831 4170 plus
1870 4099 2121 4162 tribuitis,

543 4193 900 4263 conﬁteamini
935 4209 953 4247 :
993 4209 1054 4246 ac
1101 4210 1211 4254 vos,
1251 4201 1307 4245 ut
1348 4193 1589 4261 infirmos
1637 4190 1962 4248 curabimus.
1996 4207 2128 4243 non-

545 4285 697 4339 nulla
741 4283 884 4339 vobis
931 4293 1088 4354 grata
1144 4292 1192 4338 et
1239 4283 1483 4352 jucunda
1525 4283 1867 4352 suﬂ'urantes.
1918 4280 2127 4334 Etenim

548 4384 696 4447 turpe
722 4376 930 4447 quidem
961 4376 1095 4431 illud
1128 4386 1228 4440 est,
1263 4388 1429 4444 turpe,
1463 4377 1700 4445 inquam,
1747 4392 1808 4427 uc
1840 4373 2128 4442 perabsur-

2205 1895 2436 1949 remissa
2483 1895 2756 1950 videbitur
2797 1896 2983 1951 Basilii
3038 1913 3162 1952 cum
3210 1897 3471 1967 improbis
3511 1896 3786 1950 haereticis

2207 1986 2400 2056 agendi
2432 1987 2594 2042 ratio.
2636 1986 2743 2042 Sed
2772 1996 2953 2042 tamen
2983 1992 3029 2044 si
3061 1990 3292 2043 alterum
3323 1988 3601 2059 probetur,
3643 1986 3785 2039 alte-

2206 2092 2327 2130 rum
2368 2077 2662 2147 improbari
2694 2094 2801 2132 non
2842 2086 3041 2148 potest.
3090 2078 3227 2133 Nam
3268 2094 3393 2133 cum
3436 2077 3654 2132 Arianis
3690 2078 3789 2129 ad-

2207 2170 2340 2224 itum
2366 2170 2420 2224 in
2447 2169 2846 2239 Cappadociam
2871 2166 2973 2223 ho'c
3004 2178 3437 2240 temperamento
3457 2168 3791 2223 interclude-

2208 2269 2289 2313 ret
2318 2258 2572 2325 Basilius,
2628 2267 2781 2325 tunc,
2815 2260 2861 2315 si
2895 2275 3136 2329 unquam
3169 2261 3325 2324 alias,
3359 2259 3612 2329 plurimis
3643 2259 3793 2310 inﬁr-

2210 2353 2316 2407 mis
2349 2354 2693 2415 consulebat,
2727 2368 2866 2423 quos
2892 2352 3203 2421 persecutio
3234 2352 3288 2405 in
3321 2352 3612 2405 maximum
3645 2351 3794 2419 peri-

2211 2446 2393 2500 culum
2423 2446 2769 2513 conjecisset.
2803 2445 3006 2498 Deinde
3033 2458 3163 2498 vero
3185 2459 3292 2497 non
3321 2443 3542 2513 indigna
3566 2458 3654 2496 res
3672 2450 3795 2495 erat

2211 2537 2478 2591 charitate
2519 2536 2741 2602 Basilii,
2784 2551 2853 2590 ne
2888 2534 3197 2589 furentibus
3246 2533 3464 2604 quidem
3518 2533 3795 2587 haereticis

2214 2627 2447 2696 amplius
2479 2625 2777 2695 quidquam
2810 2639 3111 2693 proponere
3132 2663 3146 2685 ,
3178 2639 3342 2693 quam
3376 2622 3520 2692 quod
3563 2623 3804 2677 omnino

2214 2718 2586 2774 necessarium
2622 2717 2689 2771 ad
2720 2717 3052 2771 catholicum
3086 2715 3281 2785 dogma
3303 2715 3625 2785 judicabat?

2287 2810 2419 2865 Illud
2460 2817 2640 2864 autem
2683 2809 2737 2862 in
2788 2809 2979 2877 primis
3008 2806 3410 2861 observandum
3449 2816 3553 2869 est,
3588 2821 3805 2875 nequa-

2215 2919 2383 2974 quam
2414 2902 2755 2957 commisisse
2788 2900 3074 2964 Basilium,
3105 2908 3165 2952 ut
3196 2898 3289 2954 Dei
3321 2914 3521 2952 nomen
3566 2896 3798 2967 Spiritui

2218 3006 2410 3054 sancto
2456 2999 2510 3052 in
2549 2997 2792 3051 Ecclesia
2828 2995 2998 3049 tribui
3051 2993 3362 3055 desineret,
3409 2992 3501 3047 sed
3534 3006 3680 3060 smpe
3719 2991 3800 3043 illi

2218 3092 2366 3145 hunc
2414 3091 2629 3144 titulum
2673 3095 2726 3141 et
2759 3101 2856 3157 per
2903 3100 2962 3140 se
3004 3093 3060 3140 et
3105 3099 3202 3155 per
3252 3084 3480 3137 alterum
3532 3083 3804 3151 seipsum,

2220 3183 2540 3253 Gregorium
2602 3179 3045 3240 Nazianzenum,
3106 3175 3389 3229 tribuisse.
3449 3172 3507 3227 Id
3565 3181 3804 3227 testatur

2220 3273 2515 3341 Gregorius
2534 3271 2930 3334 Nazianzenus,
2946 3269 3036 3337 qui
3050 3268 3156 3331 his,
3172 3282 3293 3335 quae
3313 3265 3473 3320 modo
3486 3265 3803 3327 retulimus,

2221 3367 2403 3421 statim
2450 3364 2597 3417 addit
2625 3368 2698 3430 (p.
2726 3361 2851 3429 564)
2885 3378 2898 3412 :
2949 3359 3099 3413 Ἐπεὶ
3141 3359 3223 3412 ὅτι
3255 3375 3317 3425 γε
3353 3356 3550 3419 παντὸς
3590 3355 3796 3424 μᾶλλον

2220 3457 2335 3527 ᾔδει
2369 3457 2430 3508 τὸ
2464 3455 2683 3524 Πνεῦμα
2717 3453 2869 3517 Θεὸν,
2903 3452 3062 3522 δῆλον
3100 3450 3198 3521 μὲν
3234 3447 3293 3513 ἐξ
3331 3444 3405 3503 ὧν
3432 3449 3527 3501 καὶ
3566 3446 3809 3517 δημοσία

2221 3546 2380 3599 τοῦτο
2408 3546 2666 3608 πολλάκις
2698 3543 2982 3615 ἐκήρυξεν,
3008 3542 3061 3594 εἴ
3083 3558 3215 3594 ποτε
3241 3539 3431 3611 καιρὸς
3455 3535 3545 3609 ἦν,
3575 3538 3670 3591 καὶ
3700 3536 3812 3606 ἰδίᾳ

2221 3641 2333 3700 τοῖς
2363 3637 2607 3707 ἐρωτῶσι
2631 3634 2925 3706 προθύμως
2944 3632 3355 3703 ἀνωμολόγησε,
3389 3630 3725 3698 σαφέστερον
3752 3627 3809 3679 δὲ

2225 3731 2523 3798 πεποίηκεν
2564 3729 2620 3780 ὲν
2653 3728 2764 3788 τοῖς
2801 3726 2937 3794 πρὸς
2984 3724 3084 3794 ἐμὲ
3134 3724 3343 3791 λόγοις,
3381 3721 3518 3791 πρὸς
3551 3720 3608 3771 ὃν
3651 3718 3811 3771 οὐδὲν

2225 3821 2535 3891 ἀπόρρητον
2578 3814 2645 3888 ἦν
2695 3817 2843 3885 αὐτῷ
2886 3816 3016 3885 περὶ
3071 3814 3276 3867 τούτων
3321 3810 3808 3880 κοινολογουμένῳ,

2228 3907 2363 3976 μηδὲ
2406 3904 2591 3967 ἁπλῶς
2633 3903 2789 3955 τοῦτο
2833 3902 3289 3972 ἀποφηνάμενος,
3344 3899 3480 3962 ἀλλ’,
3514 3900 3542 3951 ὃ
3579 3898 3811 3969 μηδέπω

2227 3998 2492 4069 πρότερον
2525 3996 2784 4059 πολλάκις
2815 3995 3112 4062 πεποίηκεν
3133 4032 3146 4053 ,
3184 3990 3599 4061 ἐπαρασάμενος
3629 3988 3812 4058 ἐαυτῷ

2225 4090 2285 4141 τὸ
2328 4087 2793 4159 φρικωδέστατον,
2836 4085 2998 4138 αὐτοῦ
3042 4082 3134 4135 τοῦ
3185 4083 3501 4151 Πνεῦμάτος
3534 4083 3813 4143 ἐκπεσεῖν,

2227 4183 2276 4232 εί
2324 4181 2399 4249 μὴ
2452 4179 2597 4232 σέϐοι
2633 4179 2696 4231 τὸ
2745 4176 2968 4246 Πνεῦμα
3003 4174 3140 4244 μετὰ
3172 4174 3384 4244 Πατρὸς
3435 4173 3526 4225 καὶ
3558 4171 3689 4224 Υἰοῦ
3736 4172 3814 4235 ὡς

2227 4271 2512 4341 ὁμοούσιον
2537 4270 2631 4323 καὶ
2663 4270 2943 4340 ὁμότιμον.
2976 4267 3037 4318 Εἰ
3067 4265 3124 4320 δέ
3171 4264 3238 4335 μέ
3264 4281 3347 4325 τις
3375 4261 3589 4326 δέξαιτο
3618 4278 3817 4313 κοινω-

2228 4361 2317 4414 νὸν
2365 4360 2572 4413 ἐκείνου
2624 4360 2725 4412 κάν
2771 4359 2883 4419 τοῖς
2932 4354 3225 4416 τοιούτοις,
3258 4351 3601 4422 ἐξαγορεύσω
3634 4368 3685 4402 τι
3718 4350 3817 4401 καὶ

546 4469 697 4534 dum,
731 4486 847 4523 cum
872 4470 1053 4523 animo
1089 4469 1281 4536 optime
1308 4468 1551 4529 valeatis,
1584 4469 1729 4520 circa
1776 4466 1913 4521 vocis
1940 4483 2115 4518 sonum

2230 4451 2338 4505 τῶν
2363 4455 2474 4514 τοῖς
2506 4450 2718 4513 πολλοῖς
2751 4449 2887 4511 τέως
2921 4445 3304 4514 ἀγνοουμένων
3326 4483 3339 4507 ,
3381 4443 3461 4494 ὅτι
3497 4443 3589 4493 τοῦ
3615 4443 3816 4509 καιροῦ

540 4559 750 4631 Jejunos
774 4566 824 4613 et
856 4559 1082 4611 minutos
1111 4574 1199 4612 vos
1227 4556 1476 4626 prwbere,
1508 4574 1571 4609 ac
1610 4556 1913 4609 thesaurum
1945 4554 2123 4608 occul-

548 4659 683 4711 tare,
723 4649 880 4719 quasi
930 4649 1051 4702 aliis
1095 4665 1214 4702 eum
1250 4648 1538 4702 invidentes
1583 4658 1677 4703 aut
1719 4657 2026 4708 metuentes,
2067 4662 2129 4698 ne

547 4740 784 4811 linguam
827 4756 1027 4811 quoque
1084 4749 1311 4795 vestram
1345 4740 1729 4808 sanctiﬁcetis;
1775 4740 1980 4806 turpius
2028 4753 2126 4790 au-

547 4840 654 4888 tem
692 4833 840 4886 nobis
882 4841 961 4886 est
991 4832 1171 4887 eodem
1216 4832 1341 4886 vitio
1381 4833 1580 4895 teneri,
1624 4831 1761 4900 quod
1813 4828 1953 4884 vobis
1995 4828 2130 4897 obji-

548 4924 739 4986 rimus,
766 4933 938 4993 atque,
970 4939 1086 4975 cum
1121 4923 1339 4976 anxiam
1361 4931 1588 4976 vestram
1623 4921 1687 4974 de
1732 4921 1952 4973 minutis
1977 4918 2128 4971 rebus

550 5016 932 5073 contentionem
969 5015 1303 5079 damnemus,
1337 5015 1641 5068 litterarum
1667 5023 1840 5065 tamen
1876 5012 2131 5065 minutias

553 5109 709 5163 anxie
732 5124 934 5178 urgere.
974 5108 1311 5172 Trinitatem,
1347 5124 1377 5159 ο
1421 5107 1544 5170 viri,
1583 5105 1739 5160 unius
1778 5103 1989 5158 deitutis
2022 5120 2134 5157 esse

555 5200 854 5269 fateamini,
883 5208 997 5264 aut,
1031 5200 1079 5254 si
1102 5199 1271 5269 magis
1296 5198 1491 5267 placet,
1522 5200 1676 5251 unius
1704 5208 1948 5250 naturtv:
1981 5205 2135 5265 atque

556 5291 692 5345 hanc
739 5307 935 5356 vocem,
988 5290 1152 5353 Deus,
1196 5308 1228 5344 a
1286 5290 1490 5359 Spiritu
1540 5288 1680 5342 vobis
1726 5286 2133 5356 postulabimus.

556 5381 721 5436 Dabit
748 5382 890 5435 enim
929 5384 1164 5451 profecto
1198 5381 1504 5444 secundum,
1551 5381 1641 5449 qui
1685 5381 1915 5449 primum
1967 5377 2133 5441 dedit,

559 5473 714 5544 idque
742 5475 1094 5543 potissimum,
1123 5476 1170 5529 si
1210 5474 1265 5528 id
1321 5475 1384 5528 de
1412 5491 1513 5547 quo
1558 5483 1845 5544 pugnatur,
1882 5473 2138 5540 spiritua-

563 5565 631 5621 lis
662 5566 906 5636 quwdam
939 5567 1199 5621 timiditas
1241 5567 1424 5636 fuerit,
1468 5582 1529 5619 ac
1560 5582 1683 5619 nan-
1706 5563 1974 5617 diabolica
2009 5578 2135 5616 con-

566 5657 743 5712 tentio.
783 5656 966 5721 Atque,
1003 5667 1058 5710 ut
1115 5659 1350 5727 apertius
1391 5667 1441 5712 et
1472 5655 1889 5724 compendiosius
1929 5652 2136 5723 loquar,

566 5751 645 5809 sic
664 5751 799 5807 inter
828 5768 920 5807 nos
953 5767 1194 5823 agamus,
1237 5761 1292 5805 ut
1336 5766 1425 5806 nec
1475 5766 1582 5818 vos,
1629 5746 1955 5803 sublimioris
2000 5743 2138 5799 vocis

2234 4541 2691 4613 στενοχωροῦντος
2722 4542 2889 4611 ἡμᾶς,
2918 4537 3093 4607 ἐαυτῷ
3126 4539 3222 4607 μὲν
3242 4535 3549 4603 οἰκονομίαν
3583 4533 3818 4604 ἐπέτρε-

2229 4635 2349 4705 ψεν,
2382 4638 2512 4708 ἡμῖν
2546 4635 2602 4687 δὲ
2637 4634 2733 4704 τὴν
2765 4631 3095 4705 παρρησίαν,
3138 4627 3229 4689 οῦς
3262 4627 3437 4688 οὐδεὶς
3465 4624 3657 4694 ἔμελλε
3688 4625 3816 4694 κρί-

2230 4744 2363 4793 νειν,
2393 4726 2514 4780 οὐδὲ
2543 4724 2865 4778 ἀποϐάλλειν
2904 4723 3003 4792 τῆς
3038 4721 3295 4790 πατρίδος
3328 4717 3562 4787 ἀφανείᾳ.
3592 4732 3823 4786 τετιμη-

2236 4820 2446 4891 μένους,
2475 4817 2550 4880 ὡς
2583 4817 2641 4883 ἐξ
2665 4814 2991 4886 ἀμφοτέρων
3020 4812 3237 4882 ἰσχυρὸν
3264 4806 3404 4863 εἷναι
3432 4809 3492 4860 τὸ
3518 4806 3640 4860 καθ’
3667 4809 3822 4877 ἡμᾶς

2234 4911 2585 4980 Εὐαγγέλιον’
2623 4907 2764 4962 Nam
2817 4905 2955 4977 quod
2996 4904 3193 4973 alioqui
3233 4903 3419 4955 melius
3450 4917 3605 4971 quam
3648 4902 3822 4970 quivis

2234 5005 2352 5065 alii,
2384 5002 2640 5071 Spiritum
2677 5009 2919 5055 sanctum
2950 4997 3115 5052 Deum
3145 5004 3485 5065 agnosceret,
3516 5010 3635 5047 cum
3668 5009 3735 5047 ea:
3761 5010 3824 5047 eo

2234 5099 2508 5168 perspicue
2554 5103 2793 5157 constat,
2840 5090 2979 5163 quod
3011 5101 3059 5144 et
3103 5089 3197 5142 hoc
3233 5105 3369 5157 sa’pe
3401 5086 3465 5140 de
3512 5086 3629 5140 loco
3664 5103 3825 5154 supe-

2237 5194 2404 5253 riore,
2436 5188 2607 5260 quoad
2638 5203 2729 5257 per
2765 5195 2964 5252 tempus
3001 5181 3221 5242 licebat,
3255 5179 3559 5248 pra’dicavit
3580 5217 3595 5241 ,
3623 5188 3673 5232 et
3710 5179 3825 5247 pri-

2237 5286 2397 5337 vatim
2426 5282 2567 5352 apud
2589 5299 2696 5342 eos,
2750 5297 2782 5332 a
2809 5279 2995 5348 quibus
3030 5272 3486 5342 interrogabatur,
3516 5270 3662 5324 haud
3691 5287 3829 5324 cun-

2239 5383 2442 5429 ctanter
2472 5373 2741 5440 confessus
2773 5379 2848 5423 est
2872 5384 2890 5420 :
2917 5378 3026 5420 tum
3052 5382 3170 5419 vero
3200 5364 3254 5416 in
3281 5363 3391 5416 suis
3424 5361 3491 5414 ad
3517 5378 3597 5415 me
3622 5378 3826 5415 sermo-

2241 5468 2394 5520 nibus
2430 5465 2658 5533 apertius
2689 5462 2741 5515 itl
2770 5458 3141 5514 demonstravit
3166 5455 3345 5525 (neque
3367 5456 3503 5508 enim
3532 5454 3827 5523 quidqumn

2242 5571 2494 5622 unquam,
2554 5569 2672 5604 cum
2717 5551 2780 5603 de
2826 5550 2906 5601 Itis
2956 5546 3107 5599 rebus
3155 5560 3353 5597 mecum
3413 5543 3823 5612 colloqueretur.

2245 5647 2420 5699 animo
2473 5653 2661 5695 tectum
2703 5641 3061 5707 occultumque
3101 5635 3322 5701 habuit)
3358 5651 3459 5687 non
3510 5635 3813 5701 simplicite;

2247 5738 2340 5793 hoc
2372 5736 2660 5809 affirmans,
2687 5731 2798 5796 sed,
2823 5730 2959 5801 quod
2984 5738 3135 5782 antca
3156 5727 3253 5794 ipsi
3282 5740 3497 5795 perraro
3534 5727 3797 5779 acciderat
3815 5763 3827 5788 ,
