  <div class='ocr_page' id='page_1' title='image "/cluster/home/n/w/nwhite01/storage/ocr_20150623/32/nnc1.0046978879/022.png"; bbox 0 0 3900 6212; ppageno 0'>
   <div class='ocr_carea' id='block_1_1' title="bbox 170 331 3464 429">
    <p class='ocr_par' dir='ltr' id='par_1_1' title="bbox 170 331 3464 429">
     <span class='ocr_line' id='line_1_1' title="bbox 170 331 3464 429; baseline -0.012 0"><span class='ocrx_word' id='word_1_1' title='bbox 170 371 244 429; x_wconf 68' lang='lat' dir='ltr'><strong><em>ea</em></strong></span> <span class='ocrx_word' id='word_1_2' title='bbox 390 354 397 358; x_wconf 81' lang='grc'><em>’</em></span> <span class='ocrx_word' id='word_1_3' title='bbox 1626 354 2016 415; x_wconf 60' lang='lat' dir='ltr'><strong><em>marum.</em></strong></span> <span class='ocrx_word' id='word_1_4' title='bbox 3008 337 3014 343; x_wconf 77' lang='lat'><strong><em>&#39;</em></strong></span> <span class='ocrx_word' id='word_1_5' title='bbox 3387 331 3464 389; x_wconf 62' lang='lat' dir='ltr'><strong><em>so-</em></strong></span> 
     </span>
    </p>
   </div>
   <div class='ocr_carea' id='block_1_2' title="bbox 177 452 3462 550">
    <p class='ocr_par' dir='ltr' id='par_1_2' title="bbox 177 452 3462 550">
     <span class='ocr_line' id='line_1_2' title="bbox 177 452 3462 550; baseline -0.011 -7"><span class='ocrx_word' id='word_1_6' title='bbox 177 490 283 543; x_wconf 67' lang='lat' dir='ltr'><strong><em>siti</em></strong></span> <span class='ocrx_word' id='word_1_7' title='bbox 336 504 449 542; x_wconf 83' lang='lat' dir='ltr'><strong><em>rem</em></strong></span> <span class='ocrx_word' id='word_1_8' title='bbox 488 487 727 543; x_wconf 87' lang='lat' dir='ltr'><strong><em>omnium</em></strong></span> <span class='ocrx_word' id='word_1_9' title='bbox 786 485 1017 539; x_wconf 77' lang='lat' dir='ltr'><strong><em>maxime</em></strong></span> <span class='ocrx_word' id='word_1_10' title='bbox 1065 479 1382 536; x_wconf 86' lang='lat' dir='ltr'><strong><em>horrendam</em></strong></span> <span class='ocrx_word' id='word_1_11' title='bbox 1428 480 1774 550; x_wconf 80' lang='lat' dir='ltr'><strong><em>imprecatus,</em></strong></span> <span class='ocrx_word' id='word_1_12' title='bbox 1809 485 1853 537; x_wconf 75' lang='grc' dir='ltr'><strong>Α</strong></span> <span class='ocrx_word' id='word_1_13' title='bbox 1886 474 2062 527; x_wconf 89' lang='lat' dir='ltr'><strong><em>tbium</em></strong></span> <span class='ocrx_word' id='word_1_14' title='bbox 2093 484 2220 525; x_wconf 92' lang='lat' dir='ltr'><strong><em>cum</em></strong></span> <span class='ocrx_word' id='word_1_15' title='bbox 2252 481 2319 523; x_wconf 93' lang='lat' dir='ltr'><strong><em>eo</em></strong></span> <span class='ocrx_word' id='word_1_16' title='bbox 2347 459 2654 534; x_wconf 85' lang='lat' dir='ltr'><strong><em>conjunxit,</em></strong></span> <span class='ocrx_word' id='word_1_17' title='bbox 2687 458 2779 514; x_wconf 89' lang='lat' dir='ltr'><strong><em>sed</em></strong></span> <span class='ocrx_word' id='word_1_18' title='bbox 2808 457 2992 528; x_wconf 77' lang='lat' dir='ltr'><strong><em>potius</em></strong></span> <span class='ocrx_word' id='word_1_19' title='bbox 3025 468 3234 511; x_wconf 90' lang='lat' dir='ltr'><strong><em>summa</em></strong></span> <span class='ocrx_word' id='word_1_20' title='bbox 3267 452 3320 507; x_wconf 92' lang='lat' dir='ltr'><strong><em>in</em></strong></span> <span class='ocrx_word' id='word_1_21' title='bbox 3357 452 3462 511; x_wconf 74' lang='lat' dir='ltr'><strong><em>hoc</em></strong></span> 
     </span>
    </p>
   </div>
   <div class='ocr_carea' id='block_1_3' title="bbox 178 569 1777 650">
    <p class='ocr_par' dir='ltr' id='par_1_3' title="bbox 178 569 1777 650">
     <span class='ocr_line' id='line_1_3' title="bbox 178 569 1777 650; baseline -0.008 -15"><span class='ocrx_word' id='word_1_22' title='bbox 178 596 367 649; x_wconf 77' lang='lat' dir='ltr'><strong><em>nempe</em></strong></span> <span class='ocrx_word' id='word_1_23' title='bbox 404 590 465 634; x_wconf 90' lang='lat' dir='ltr'><strong><em>ut</em></strong></span> <span class='ocrx_word' id='word_1_24' title='bbox 513 582 581 634; x_wconf 91' lang='lat' dir='ltr'><strong><em>ab</em></strong></span> <span class='ocrx_word' id='word_1_25' title='bbox 615 581 731 650; x_wconf 85' lang='lat' dir='ltr'><strong><em>ipso</em></strong></span> <span class='ocrx_word' id='word_1_26' title='bbox 774 578 979 648; x_wconf 79' lang='lat' dir='ltr'><strong><em>Spiritu</em></strong></span> <span class='ocrx_word' id='word_1_27' title='bbox 1009 574 1291 637; x_wconf 75' lang='lat' dir='ltr'><strong><em>excideret,</em></strong></span> <span class='ocrx_word' id='word_1_28' title='bbox 1322 573 1426 627; x_wconf 88' lang='lat' dir='ltr'><strong><em>nisi</em></strong></span> <span class='ocrx_word' id='word_1_29' title='bbox 1461 588 1577 626; x_wconf 90' lang='lat' dir='ltr'><strong><em>cum</em></strong></span> <span class='ocrx_word' id='word_1_30' title='bbox 1612 569 1777 624; x_wconf 88' lang='lat' dir='ltr'><strong><em>Patre</em></strong></span> 
     </span>
    </p>
   </div>
   <div class='ocr_carea' id='block_1_4' title="bbox 175 666 1778 742">
    <p class='ocr_par' dir='ltr' id='par_1_4' title="bbox 175 666 1778 742">
     <span class='ocr_line' id='line_1_4' title="bbox 175 666 1778 742; baseline -0.008 -13"><span class='ocrx_word' id='word_1_31' title='bbox 175 680 230 729; x_wconf 74' lang='lat' dir='ltr'><strong><em>et</em></strong></span> <span class='ocrx_word' id='word_1_32' title='bbox 262 672 415 728; x_wconf 81' lang='lat' dir='ltr'><strong><em>Filio</em></strong></span> <span class='ocrx_word' id='word_1_33' title='bbox 449 673 728 742; x_wconf 78' lang='lat' dir='ltr'><strong><em>Spiritum,</em></strong></span> <span class='ocrx_word' id='word_1_34' title='bbox 764 682 821 726; x_wconf 87' lang='lat' dir='ltr'><strong><em>ut</em></strong></span> <span class='ocrx_word' id='word_1_35' title='bbox 847 668 1346 725; x_wconf 77' lang='lat' dir='ltr'><strong><em>consubstantialem</em></strong></span> <span class='ocrx_word' id='word_1_36' title='bbox 1377 675 1425 720; x_wconf 90' lang='lat' dir='ltr'><strong><em>et</em></strong></span> <span class='ocrx_word' id='word_1_37' title='bbox 1456 666 1649 719; x_wconf 85' lang='lat' dir='ltr'><strong><em>honore</em></strong></span> <span class='ocrx_word' id='word_1_38' title='bbox 1680 679 1778 732; x_wconf 81' lang='lat' dir='ltr'><strong><em>pa-</em></strong></span> 
     </span>
    </p>
   </div>
   <div class='ocr_carea' id='block_1_5' title="bbox 177 759 1777 832">
    <p class='ocr_par' dir='ltr' id='par_1_5' title="bbox 177 759 1777 832">
     <span class='ocr_line' id='line_1_5' title="bbox 177 759 1777 832; baseline -0.008 -12"><span class='ocrx_word' id='word_1_39' title='bbox 177 780 319 828; x_wconf 73' lang='lat' dir='ltr'><strong><em>rem,</em></strong></span> <span class='ocrx_word' id='word_1_40' title='bbox 352 774 712 819; x_wconf 77' lang='lat' dir='ltr'><strong><em>ueneraretur.</em></strong></span> <span class='ocrx_word' id='word_1_41' title='bbox 749 762 903 830; x_wconf 84' lang='lat' dir='ltr'><strong><em>Quod</em></strong></span> <span class='ocrx_word' id='word_1_42' title='bbox 936 764 984 816; x_wconf 95' lang='lat' dir='ltr'><strong><em>si</em></strong></span> <span class='ocrx_word' id='word_1_43' title='bbox 1019 763 1136 832; x_wconf 86' lang='lat' dir='ltr'><strong><em>quis</em></strong></span> <span class='ocrx_word' id='word_1_44' title='bbox 1165 777 1246 815; x_wconf 88' lang='lat' dir='ltr'><strong><em>me</em></strong></span> <span class='ocrx_word' id='word_1_45' title='bbox 1284 761 1338 813; x_wconf 87' lang='lat' dir='ltr'><strong><em>in</em></strong></span> <span class='ocrx_word' id='word_1_46' title='bbox 1374 759 1535 813; x_wconf 87' lang='lat' dir='ltr'><strong><em>tantis</em></strong></span> <span class='ocrx_word' id='word_1_47' title='bbox 1576 771 1777 827; x_wconf 88' lang='lat' dir='ltr'><strong><em>quoque</em></strong></span> 
     </span>
    </p>
   </div>
   <div class='ocr_carea' id='block_1_6' title="bbox 181 848 1779 921">
    <p class='ocr_par' dir='ltr' id='par_1_6' title="bbox 181 848 1779 921">
     <span class='ocr_line' id='line_1_6' title="bbox 181 848 1779 921; baseline -0.003 -14"><span class='ocrx_word' id='word_1_48' title='bbox 181 854 363 917; x_wconf 73' lang='lat' dir='ltr'><strong><em>rebus,</em></strong></span> <span class='ocrx_word' id='word_1_49' title='bbox 388 853 538 909; x_wconf 85' lang='lat' dir='ltr'><strong><em>illius</em></strong></span> <span class='ocrx_word' id='word_1_50' title='bbox 554 855 755 908; x_wconf 87' lang='lat' dir='ltr'><strong><em>socium</em></strong></span> <span class='ocrx_word' id='word_1_51' title='bbox 780 852 1080 913; x_wconf 79' lang='lat' dir='ltr'><strong><em>admiserit,</em></strong></span> <span class='ocrx_word' id='word_1_52' title='bbox 1105 849 1329 921; x_wconf 78' lang='lat' dir='ltr'><strong><em>aliquid,</em></strong></span> <span class='ocrx_word' id='word_1_53' title='bbox 1361 848 1499 921; x_wconf 88' lang='lat' dir='ltr'><strong><em>quod</em></strong></span> <span class='ocrx_word' id='word_1_54' title='bbox 1520 849 1779 917; x_wconf 84' lang='lat' dir='ltr'><strong><em>ple-risque</em></strong></span> 
     </span>
    </p>
   </div>
   <div class='ocr_carea' id='block_1_7' title="bbox 180 942 1778 1017">
    <p class='ocr_par' dir='ltr' id='par_1_7' title="bbox 180 942 1778 1017">
     <span class='ocr_line' id='line_1_7' title="bbox 180 942 1778 1017; baseline -0.004 -16"><span class='ocrx_word' id='word_1_55' title='bbox 180 948 513 1017; x_wconf 83' lang='lat' dir='ltr'><strong><em>incognitum</em></strong></span> <span class='ocrx_word' id='word_1_56' title='bbox 547 956 671 1000; x_wconf 83' lang='lat' dir='ltr'><strong><em>ante</em></strong></span> <span class='ocrx_word' id='word_1_57' title='bbox 707 945 832 1015; x_wconf 74' lang='lat' dir='ltr'><strong><em>fuit,</em></strong></span> <span class='ocrx_word' id='word_1_58' title='bbox 861 946 1134 1016; x_wconf 85' lang='lat' dir='ltr'><strong><em>evulgabo.</em></strong></span> <span class='ocrx_word' id='word_1_59' title='bbox 1165 943 1310 997; x_wconf 87' lang='lat' dir='ltr'><strong><em>Nam</em></strong></span> <span class='ocrx_word' id='word_1_60' title='bbox 1344 960 1464 996; x_wconf 88' lang='lat' dir='ltr'><strong><em>cum</em></strong></span> <span class='ocrx_word' id='word_1_61' title='bbox 1496 951 1695 1011; x_wconf 79' lang='lat' dir='ltr'><strong><em>tempus</em></strong></span> <span class='ocrx_word' id='word_1_62' title='bbox 1723 942 1778 994; x_wconf 87' lang='lat' dir='ltr'><strong><em>in</em></strong></span> 
     </span>
    </p>
   </div>
   <div class='ocr_carea' id='block_1_8' title="bbox 182 1033 1779 1107">
    <p class='ocr_par' dir='ltr' id='par_1_8' title="bbox 182 1033 1779 1107">
     <span class='ocr_line' id='line_1_8' title="bbox 182 1033 1779 1107; baseline -0.004 -15"><span class='ocrx_word' id='word_1_63' title='bbox 182 1056 425 1092; x_wconf 77' lang='lat' dir='ltr'><strong><em>summas</em></strong></span> <span class='ocrx_word' id='word_1_64' title='bbox 452 1038 732 1107; x_wconf 80' lang='lat' dir='ltr'><strong><em>angustias</em></strong></span> <span class='ocrx_word' id='word_1_65' title='bbox 768 1053 863 1090; x_wconf 87' lang='lat' dir='ltr'><strong><em>nos</em></strong></span> <span class='ocrx_word' id='word_1_66' title='bbox 901 1035 1179 1105; x_wconf 80' lang='lat' dir='ltr'><strong><em>redigeret,</em></strong></span> <span class='ocrx_word' id='word_1_67' title='bbox 1206 1035 1343 1089; x_wconf 81' lang='lat' dir='ltr'><strong><em>hanc</em></strong></span> <span class='ocrx_word' id='word_1_68' title='bbox 1373 1034 1483 1101; x_wconf 78' lang='lat' dir='ltr'><strong><em>ipse</em></strong></span> <span class='ocrx_word' id='word_1_69' title='bbox 1518 1033 1779 1086; x_wconf 85' lang='lat' dir='ltr'><strong><em>rationem</em></strong></span> 
     </span>
    </p>
   </div>
   <div class='ocr_carea' id='block_1_9' title="bbox 180 1120 1778 1197">
    <p class='ocr_par' dir='ltr' id='par_1_9' title="bbox 180 1120 1778 1197">
     <span class='ocr_line' id='line_1_9' title="bbox 180 1120 1778 1197; baseline -0.006 -15"><span class='ocrx_word' id='word_1_70' title='bbox 180 1128 373 1191; x_wconf 80' lang='lat' dir='ltr'><strong><em>inibat,</em></strong></span> <span class='ocrx_word' id='word_1_71' title='bbox 428 1137 487 1180; x_wconf 88' lang='lat' dir='ltr'><strong><em>ut</em></strong></span> <span class='ocrx_word' id='word_1_72' title='bbox 535 1127 640 1181; x_wconf 84' lang='lat' dir='ltr'><strong><em>sibi</em></strong></span> <span class='ocrx_word' id='word_1_73' title='bbox 690 1125 901 1197; x_wconf 84' lang='lat' dir='ltr'><strong><em>quidem</em></strong></span> <span class='ocrx_word' id='word_1_74' title='bbox 953 1123 1337 1185; x_wconf 73' lang='lat' dir='ltr'><strong><em>oeconomiam,</em></strong></span> <span class='ocrx_word' id='word_1_75' title='bbox 1370 1120 1519 1175; x_wconf 87' lang='lat' dir='ltr'><strong><em>nobis</em></strong></span> <span class='ocrx_word' id='word_1_76' title='bbox 1580 1129 1778 1183; x_wconf 88' lang='lat' dir='ltr'><strong><em>autem,</em></strong></span> 
     </span>
    </p>
   </div>
   <div class='ocr_carea' id='block_1_10' title="bbox 181 1211 1780 1286">
    <p class='ocr_par' dir='ltr' id='par_1_10' title="bbox 181 1211 1780 1286">
     <span class='ocr_line' id='line_1_10' title="bbox 181 1211 1780 1286; baseline -0.006 -14"><span class='ocrx_word' id='word_1_77' title='bbox 181 1235 314 1286; x_wconf 84' lang='lat' dir='ltr'><strong><em>quos</em></strong></span> <span class='ocrx_word' id='word_1_78' title='bbox 340 1218 405 1272; x_wconf 92' lang='lat' dir='ltr'><strong><em>ob</em></strong></span> <span class='ocrx_word' id='word_1_79' title='bbox 440 1219 671 1272; x_wconf 80' lang='lat' dir='ltr'><strong><em>nominis</em></strong></span> <span class='ocrx_word' id='word_1_80' title='bbox 706 1217 1084 1271; x_wconf 81' lang='lat' dir='ltr'><strong><em>obscuritatem</em></strong></span> <span class='ocrx_word' id='word_1_81' title='bbox 1114 1232 1265 1268; x_wconf 83' lang='lat' dir='ltr'><strong><em>nemo</em></strong></span> <span class='ocrx_word' id='word_1_82' title='bbox 1300 1215 1354 1267; x_wconf 84' lang='lat' dir='ltr'><strong><em>in</em></strong></span> <span class='ocrx_word' id='word_1_83' title='bbox 1387 1211 1651 1281; x_wconf 84' lang='lat' dir='ltr'><strong><em>judicium</em></strong></span> <span class='ocrx_word' id='word_1_84' title='bbox 1682 1211 1780 1265; x_wconf 85' lang='lat' dir='ltr'><strong><em>ad-</em></strong></span> 
     </span>
    </p>
   </div>
   <div class='ocr_carea' id='block_1_11' title="bbox 182 1302 1775 1378">
    <p class='ocr_par' dir='ltr' id='par_1_11' title="bbox 182 1302 1775 1378">
     <span class='ocr_line' id='line_1_11' title="bbox 182 1302 1775 1378; baseline -0.003 -19"><span class='ocrx_word' id='word_1_85' title='bbox 182 1306 467 1372; x_wconf 76' lang='lat' dir='ltr'><strong><em>ducturus,</em></strong></span> <span class='ocrx_word' id='word_1_86' title='bbox 489 1308 774 1378; x_wconf 85' lang='lat' dir='ltr'><strong><em>patriaque</em></strong></span> <span class='ocrx_word' id='word_1_87' title='bbox 803 1307 1067 1370; x_wconf 85' lang='lat' dir='ltr'><strong><em>eiecturus</em></strong></span> <span class='ocrx_word' id='word_1_88' title='bbox 1097 1313 1253 1365; x_wconf 85' lang='lat' dir='ltr'><strong><em>esset,</em></strong></span> <span class='ocrx_word' id='word_1_89' title='bbox 1287 1303 1532 1375; x_wconf 86' lang='lat' dir='ltr'><strong><em>loquendi</em></strong></span> <span class='ocrx_word' id='word_1_90' title='bbox 1561 1302 1775 1357; x_wconf 87' lang='lat' dir='ltr'><strong><em>liberta-</em></strong></span> 
     </span>
    </p>
   </div>
   <div class='ocr_carea' id='block_1_12' title="bbox 187 1382 1782 1470">
    <p class='ocr_par' dir='ltr' id='par_1_12' title="bbox 187 1382 1782 1470">
     <span class='ocr_line' id='line_1_12' title="bbox 187 1382 1782 1470; baseline -0.004 -18"><span class='ocrx_word' id='word_1_91' title='bbox 187 1410 285 1452; x_wconf 85' lang='lat' dir='ltr'><strong><em>tem</em></strong></span> <span class='ocrx_word' id='word_1_92' title='bbox 319 1401 697 1454; x_wconf 80' lang='lat' dir='ltr'><strong><em>committeret.</em></strong></span> <span class='ocrx_word' id='word_1_93' title='bbox 725 1399 894 1470; x_wconf 81' lang='lat' dir='ltr'><strong><em>Atque</em></strong></span> <span class='ocrx_word' id='word_1_94' title='bbox 920 1382 1373 1468; x_wconf 12' lang='lat' dir='ltr'><strong><em>itaoEvangelium</em></strong></span> <span class='ocrx_word' id='word_1_95' title='bbox 1417 1405 1657 1451; x_wconf 85' lang='lat' dir='ltr'><strong><em>nostrum</em></strong></span> <span class='ocrx_word' id='word_1_96' title='bbox 1686 1396 1782 1463; x_wconf 84' lang='lat' dir='ltr'><strong><em>[ir-</em></strong></span> 
     </span>
    </p>
   </div>
   <div class='ocr_carea' id='block_1_13' title="bbox 184 1487 1775 1560">
    <p class='ocr_par' dir='ltr' id='par_1_13' title="bbox 184 1487 1775 1560">
     <span class='ocr_line' id='line_1_13' title="bbox 184 1487 1775 1560; baseline -0.003 -17"><span class='ocrx_word' id='word_1_97' title='bbox 184 1509 327 1547; x_wconf 72' lang='lat' dir='ltr'><strong><em>inum</em></strong></span> <span class='ocrx_word' id='word_1_98' title='bbox 361 1501 415 1546; x_wconf 87' lang='lat' dir='ltr'><strong><em>et</em></strong></span> <span class='ocrx_word' id='word_1_99' title='bbox 448 1491 684 1545; x_wconf 70' lang='lat' dir='ltr'><strong><em>validum</em></strong></span> <span class='ocrx_word' id='word_1_100' title='bbox 715 1502 855 1553; x_wconf 87' lang='lat' dir='ltr'><strong><em>erat,</em></strong></span> <span class='ocrx_word' id='word_1_101' title='bbox 884 1490 1163 1560; x_wconf 85' lang='lat' dir='ltr'><strong><em>utriusque</em></strong></span> <span class='ocrx_word' id='word_1_102' title='bbox 1193 1488 1445 1558; x_wconf 74' lang='lat' dir='ltr'><strong><em>prmsidio</em></strong></span> <span class='ocrx_word' id='word_1_103' title='bbox 1476 1487 1775 1557; x_wconf 75' lang='lat' dir='ltr'><strong><em>stt/fultum.</em></strong></span> 
     </span>
    </p>
   </div>
   <div class='ocr_carea' id='block_1_14' title="bbox 251 1578 1777 1653">
    <p class='ocr_par' dir='ltr' id='par_1_14' title="bbox 251 1578 1777 1653">
     <span class='ocr_line' id='line_1_14' title="bbox 251 1578 1777 1653; baseline -0.005 -15"><span class='ocrx_word' id='word_1_104' title='bbox 251 1582 344 1639; x_wconf 79' lang='lat' dir='ltr'><strong><em>IV.</em></strong></span> <span class='ocrx_word' id='word_1_105' title='bbox 374 1583 498 1641; x_wconf 81' lang='lat' dir='ltr'><strong><em>Jam</em></strong></span> <span class='ocrx_word' id='word_1_106' title='bbox 529 1600 663 1638; x_wconf 85' lang='lat' dir='ltr'><strong><em>vero</em></strong></span> <span class='ocrx_word' id='word_1_107' title='bbox 692 1583 953 1653; x_wconf 83' lang='lat' dir='ltr'><strong><em>perfacile</em></strong></span> <span class='ocrx_word' id='word_1_108' title='bbox 986 1582 1313 1636; x_wconf 80' lang='lat' dir='ltr'><strong><em>refelluntur</em></strong></span> <span class='ocrx_word' id='word_1_109' title='bbox 1346 1596 1468 1650; x_wconf 60' lang='lat' dir='ltr'><strong><em>quae</em></strong></span> <span class='ocrx_word' id='word_1_110' title='bbox 1502 1578 1777 1634; x_wconf 89' lang='lat' dir='ltr'><strong><em>eruditum</em></strong></span> 
     </span>
    </p>
   </div>
   <div class='ocr_carea' id='block_1_15' title="bbox 181 1666 1781 1744">
    <p class='ocr_par' dir='ltr' id='par_1_15' title="bbox 181 1666 1781 1744">
     <span class='ocr_line' id='line_1_15' title="bbox 181 1666 1781 1744; baseline -0.006 -16"><span class='ocrx_word' id='word_1_111' title='bbox 181 1674 440 1744; x_wconf 84' lang='lat' dir='ltr'><strong><em>opusculi</em></strong></span> <span class='ocrx_word' id='word_1_112' title='bbox 478 1683 760 1727; x_wconf 79' lang='lat' dir='ltr'><strong><em>auctorem</em></strong></span> <span class='ocrx_word' id='word_1_113' title='bbox 810 1671 1200 1732; x_wconf 85' lang='lat' dir='ltr'><strong><em>detinuerunt,</em></strong></span> <span class='ocrx_word' id='word_1_114' title='bbox 1247 1669 1545 1739; x_wconf 87' lang='lat' dir='ltr'><strong><em>quominus</em></strong></span> <span class='ocrx_word' id='word_1_115' title='bbox 1599 1666 1781 1722; x_wconf 87' lang='lat' dir='ltr'><strong><em>sancti</em></strong></span> 
     </span>
    </p>
   </div>
   <div class='ocr_carea' id='block_1_16' title="bbox 181 1758 1780 1835">
    <p class='ocr_par' dir='ltr' id='par_1_16' title="bbox 181 1758 1780 1835">
     <span class='ocr_line' id='line_1_16' title="bbox 181 1758 1780 1835; baseline -0.004 -17"><span class='ocrx_word' id='word_1_116' title='bbox 181 1764 370 1820; x_wconf 79' lang='lat' dir='ltr'><strong><em>Basilii</em></strong></span> <span class='ocrx_word' id='word_1_117' title='bbox 412 1766 609 1835; x_wconf 80' lang='lat' dir='ltr'><strong><em>agendi</em></strong></span> <span class='ocrx_word' id='word_1_118' title='bbox 643 1765 910 1819; x_wconf 87' lang='lat' dir='ltr'><strong><em>rationem</em></strong></span> <span class='ocrx_word' id='word_1_119' title='bbox 943 1763 1219 1832; x_wconf 81' lang='lat' dir='ltr'><strong><em>probaret.</em></strong></span> <span class='ocrx_word' id='word_1_120' title='bbox 1269 1761 1424 1827; x_wconf 86' lang='lat' dir='ltr'><strong><em>Quod</em></strong></span> <span class='ocrx_word' id='word_1_121' title='bbox 1463 1760 1538 1812; x_wconf 87' lang='lat' dir='ltr'><strong><em>ait</em></strong></span> <span class='ocrx_word' id='word_1_122' title='bbox 1588 1758 1780 1813; x_wconf 86' lang='lat' dir='ltr'><strong><em>consi-</em></strong></span> 
     </span>
    </p>
   </div>
   <div class='ocr_carea' id='block_1_17' title="bbox 182 1847 1781 1918">
    <p class='ocr_par' dir='ltr' id='par_1_17' title="bbox 182 1847 1781 1918">
     <span class='ocr_line' id='line_1_17' title="bbox 182 1847 1781 1918; baseline -0.007 -8"><span class='ocrx_word' id='word_1_123' title='bbox 182 1855 314 1910; x_wconf 88' lang='lat' dir='ltr'><strong><em>lium</em></strong></span> <span class='ocrx_word' id='word_1_124' title='bbox 348 1857 502 1910; x_wconf 91' lang='lat' dir='ltr'><strong><em>illius</em></strong></span> <span class='ocrx_word' id='word_1_125' title='bbox 524 1871 627 1910; x_wconf 89' lang='lat' dir='ltr'><strong><em>nec</em></strong></span> <span class='ocrx_word' id='word_1_126' title='bbox 657 1855 725 1908; x_wconf 90' lang='lat' dir='ltr'><strong><em>ad</em></strong></span> <span class='ocrx_word' id='word_1_127' title='bbox 756 1853 1102 1909; x_wconf 89' lang='lat' dir='ltr'><strong><em>reducendos</em></strong></span> <span class='ocrx_word' id='word_1_128' title='bbox 1129 1852 1397 1913; x_wconf 83' lang='lat' dir='ltr'><strong><em>inﬁrmos,</em></strong></span> <span class='ocrx_word' id='word_1_129' title='bbox 1434 1864 1537 1903; x_wconf 86' lang='lat' dir='ltr'><strong><em>nec</em></strong></span> <span class='ocrx_word' id='word_1_130' title='bbox 1564 1847 1631 1901; x_wconf 88' lang='lat' dir='ltr'><strong><em>ad</em></strong></span> <span class='ocrx_word' id='word_1_131' title='bbox 1664 1849 1781 1918; x_wconf 89' lang='lat' dir='ltr'><strong><em>pla—</em></strong></span> 
     </span>
    </p>
   </div>
   <div class='ocr_carea' id='block_1_18' title="bbox 186 1937 1782 2011">
    <p class='ocr_par' dir='ltr' id='par_1_18' title="bbox 186 1937 1782 2011">
     <span class='ocr_line' id='line_1_18' title="bbox 186 1937 1782 2011; baseline -0.008 -8"><span class='ocrx_word' id='word_1_132' title='bbox 186 1946 395 2004; x_wconf 84' lang='lat' dir='ltr'><strong><em>candos</em></strong></span> <span class='ocrx_word' id='word_1_133' title='bbox 466 1942 1006 1999; x_wconf 86' lang='lat' dir='ltr'><strong><em>Pneumatomachos</em></strong></span> <span class='ocrx_word' id='word_1_134' title='bbox 1070 1939 1387 2011; x_wconf 85' lang='lat' dir='ltr'><strong><em>profuisse,</em></strong></span> <span class='ocrx_word' id='word_1_135' title='bbox 1452 1937 1629 1992; x_wconf 80' lang='lat' dir='ltr'><strong><em>fateor</em></strong></span> <span class='ocrx_word' id='word_1_136' title='bbox 1696 1952 1782 1991; x_wconf 89' lang='lat' dir='ltr'><strong><em>me</em></strong></span> 
     </span>
    </p>
   </div>
   <div class='ocr_carea' id='block_1_19' title="bbox 187 2028 1779 2104">
    <p class='ocr_par' dir='ltr' id='par_1_19' title="bbox 187 2028 1779 2104">
     <span class='ocr_line' id='line_1_19' title="bbox 187 2028 1779 2104; baseline -0.007 -13"><span class='ocrx_word' id='word_1_137' title='bbox 187 2037 405 2092; x_wconf 85' lang='lat' dir='ltr'><strong><em>nescire</em></strong></span> <span class='ocrx_word' id='word_1_138' title='bbox 452 2052 523 2090; x_wconf 83' lang='lat' dir='ltr'><strong><em>ex</em></strong></span> <span class='ocrx_word' id='word_1_139' title='bbox 568 2036 774 2104; x_wconf 89' lang='lat' dir='ltr'><strong><em>quibus</em></strong></span> <span class='ocrx_word' id='word_1_140' title='bbox 807 2032 862 2088; x_wconf 90' lang='lat' dir='ltr'><strong><em>id</em></strong></span> <span class='ocrx_word' id='word_1_141' title='bbox 893 2034 1138 2088; x_wconf 89' lang='lat' dir='ltr'><strong><em>fontibus</em></strong></span> <span class='ocrx_word' id='word_1_142' title='bbox 1172 2032 1439 2085; x_wconf 78' lang='lat' dir='ltr'><strong><em>hauserit.</em></strong></span> <span class='ocrx_word' id='word_1_143' title='bbox 1470 2028 1606 2095; x_wconf 87' lang='lat' dir='ltr'><strong><em>Quis</em></strong></span> <span class='ocrx_word' id='word_1_144' title='bbox 1633 2031 1779 2082; x_wconf 89' lang='lat' dir='ltr'><strong><em>enim</em></strong></span> 
     </span>
    </p>
   </div>
   <div class='ocr_carea' id='block_1_20' title="bbox 188 2122 1780 2198">
    <p class='ocr_par' dir='ltr' id='par_1_20' title="bbox 188 2122 1780 2198">
     <span class='ocr_line' id='line_1_20' title="bbox 188 2122 1780 2198; baseline -0.006 -14"><span class='ocrx_word' id='word_1_145' title='bbox 188 2130 235 2184; x_wconf 87' lang='lat' dir='ltr'><strong><em>ei</em></strong></span> <span class='ocrx_word' id='word_1_146' title='bbox 272 2128 417 2183; x_wconf 75' lang='lat' dir='ltr'><strong><em>dixit</em></strong></span> <span class='ocrx_word' id='word_1_147' title='bbox 451 2143 643 2198; x_wconf 85' lang='lat' dir='ltr'><strong><em>pacem</em></strong></span> <span class='ocrx_word' id='word_1_148' title='bbox 679 2129 826 2182; x_wconf 87' lang='lat' dir='ltr'><strong><em>inter</em></strong></span> <span class='ocrx_word' id='word_1_149' title='bbox 861 2127 1214 2197; x_wconf 84' lang='lat' dir='ltr'><strong><em>presbyteros</em></strong></span> <span class='ocrx_word' id='word_1_150' title='bbox 1253 2125 1560 2179; x_wconf 79' lang='lat' dir='ltr'><strong><em>Tarsenses</em></strong></span> <span class='ocrx_word' id='word_1_151' title='bbox 1594 2122 1780 2176; x_wconf 71' lang='lat' dir='ltr'><strong><em>Basilii</em></strong></span> 
     </span>
    </p>
   </div>
   <div class='ocr_carea' id='block_1_21' title="bbox 190 2214 1781 2288">
    <p class='ocr_par' dir='ltr' id='par_1_21' title="bbox 190 2214 1781 2288">
     <span class='ocr_line' id='line_1_21' title="bbox 190 2214 1781 2288; baseline -0.006 -14"><span class='ocrx_word' id='word_1_152' title='bbox 190 2235 354 2287; x_wconf 77' lang='lat' dir='ltr'><strong><em>Opera</em></strong></span> <span class='ocrx_word' id='word_1_153' title='bbox 397 2220 714 2275; x_wconf 88' lang='lat' dir='ltr'><strong><em>restitutam</em></strong></span> <span class='ocrx_word' id='word_1_154' title='bbox 758 2234 870 2274; x_wconf 92' lang='lat' dir='ltr'><strong><em>non</em></strong></span> <span class='ocrx_word' id='word_1_155' title='bbox 917 2217 1126 2274; x_wconf 82' lang='lat' dir='ltr'><strong><em>fuisse?</em></strong></span> <span class='ocrx_word' id='word_1_156' title='bbox 1154 2219 1281 2288; x_wconf 88' lang='lat' dir='ltr'><strong><em>quis</em></strong></span> <span class='ocrx_word' id='word_1_157' title='bbox 1314 2217 1362 2272; x_wconf 88' lang='lat' dir='ltr'><strong><em>ei</em></strong></span> <span class='ocrx_word' id='word_1_158' title='bbox 1403 2217 1541 2269; x_wconf 82' lang='lat' dir='ltr'><strong><em>dixit</em></strong></span> <span class='ocrx_word' id='word_1_159' title='bbox 1571 2214 1781 2269; x_wconf 90' lang='lat' dir='ltr'><strong><em>nullum</em></strong></span> 
     </span>
    </p>
   </div>
   <div class='ocr_carea' id='block_1_22' title="bbox 193 2306 1786 2379">
    <p class='ocr_par' dir='ltr' id='par_1_22' title="bbox 193 2306 1786 2379">
     <span class='ocr_line' id='line_1_22' title="bbox 193 2306 1786 2379; baseline -0.006 -16"><span class='ocrx_word' id='word_1_160' title='bbox 193 2309 396 2368; x_wconf 81' lang='lat' dir='ltr'><strong><em>exitum</em></strong></span> <span class='ocrx_word' id='word_1_161' title='bbox 428 2309 691 2365; x_wconf 85' lang='lat' dir='ltr'><strong><em>habuisse</em></strong></span> <span class='ocrx_word' id='word_1_162' title='bbox 722 2314 1015 2379; x_wconf 89' lang='lat' dir='ltr'><strong><em>susceptos</em></strong></span> <span class='ocrx_word' id='word_1_163' title='bbox 1046 2309 1115 2361; x_wconf 89' lang='lat' dir='ltr'><strong><em>ab</em></strong></span> <span class='ocrx_word' id='word_1_164' title='bbox 1149 2322 1215 2362; x_wconf 91' lang='lat' dir='ltr'><strong><em>eo</em></strong></span> <span class='ocrx_word' id='word_1_165' title='bbox 1244 2306 1483 2367; x_wconf 88' lang='lat' dir='ltr'><strong><em>labores,</em></strong></span> <span class='ocrx_word' id='word_1_166' title='bbox 1518 2311 1598 2365; x_wconf 92' lang='lat' dir='ltr'><strong><em>ut,</em></strong></span> <span class='ocrx_word' id='word_1_167' title='bbox 1632 2311 1786 2374; x_wconf 89' lang='lat' dir='ltr'><strong><em>quot-</em></strong></span> 
     </span>
    </p>
   </div>
   <div class='ocr_carea' id='block_1_23' title="bbox 194 2396 1786 2471">
    <p class='ocr_par' dir='ltr' id='par_1_23' title="bbox 194 2396 1786 2471">
     <span class='ocr_line' id='line_1_23' title="bbox 194 2396 1786 2471; baseline -0.003 -16"><span class='ocrx_word' id='word_1_168' title='bbox 194 2411 322 2471; x_wconf 75' lang='lat' dir='ltr'><strong><em>quot</em></strong></span> <span class='ocrx_word' id='word_1_169' title='bbox 350 2401 627 2457; x_wconf 89' lang='lat' dir='ltr'><strong><em>catholice</em></strong></span> <span class='ocrx_word' id='word_1_170' title='bbox 671 2400 1002 2463; x_wconf 82' lang='lat' dir='ltr'><strong><em>sentiebant,</em></strong></span> <span class='ocrx_word' id='word_1_171' title='bbox 1034 2416 1133 2456; x_wconf 89' lang='lat' dir='ltr'><strong><em>eos</em></strong></span> <span class='ocrx_word' id='word_1_172' title='bbox 1174 2400 1231 2455; x_wconf 90' lang='lat' dir='ltr'><strong><em>in</em></strong></span> <span class='ocrx_word' id='word_1_173' title='bbox 1272 2413 1438 2453; x_wconf 87' lang='lat' dir='ltr'><strong><em>unam</em></strong></span> <span class='ocrx_word' id='word_1_174' title='bbox 1470 2396 1786 2451; x_wconf 87' lang='lat' dir='ltr'><strong><em>consensio-</em></strong></span> 
     </span>
    </p>
   </div>
   <div class='ocr_carea' id='block_1_24' title="bbox 193 2488 1784 2561">
    <p class='ocr_par' dir='ltr' id='par_1_24' title="bbox 193 2488 1784 2561">
     <span class='ocr_line' id='line_1_24' title="bbox 193 2488 1784 2561; baseline -0.006 -12"><span class='ocrx_word' id='word_1_175' title='bbox 193 2510 311 2551; x_wconf 86' lang='lat' dir='ltr'><strong><em>nem</em></strong></span> <span class='ocrx_word' id='word_1_176' title='bbox 346 2511 413 2549; x_wconf 90' lang='lat' dir='ltr'><strong><em>ac</em></strong></span> <span class='ocrx_word' id='word_1_177' title='bbox 453 2494 903 2550; x_wconf 85' lang='lat' dir='ltr'><strong><em>communionem</em></strong></span> <span class='ocrx_word' id='word_1_178' title='bbox 938 2493 1270 2559; x_wconf 78' lang='lat' dir='ltr'><strong><em>adduceret;</em></strong></span> <span class='ocrx_word' id='word_1_179' title='bbox 1304 2507 1428 2545; x_wconf 90' lang='lat' dir='ltr'><strong><em>cum</em></strong></span> <span class='ocrx_word' id='word_1_180' title='bbox 1479 2488 1784 2561; x_wconf 68' lang='lat' dir='ltr'><strong><em>praesertim</em></strong></span> 
     </span>
    </p>
   </div>
   <div class='ocr_carea' id='block_1_25' title="bbox 193 2579 1786 2656">
    <p class='ocr_par' dir='ltr' id='par_1_25' title="bbox 193 2579 1786 2656">
     <span class='ocr_line' id='line_1_25' title="bbox 193 2579 1786 2656; baseline -0.003 -16"><span class='ocrx_word' id='word_1_181' title='bbox 193 2587 239 2640; x_wconf 90' lang='lat' dir='ltr'><strong><em>in</em></strong></span> <span class='ocrx_word' id='word_1_182' title='bbox 269 2586 436 2656; x_wconf 87' lang='lat' dir='ltr'><strong><em>epist.</em></strong></span> <span class='ocrx_word' id='word_1_183' title='bbox 462 2584 558 2650; x_wconf 87' lang='lat'><strong><em>69,</em></strong></span> <span class='ocrx_word' id='word_1_184' title='bbox 590 2585 661 2639; x_wconf 88' lang='lat' dir='ltr'><strong><em>ad</em></strong></span> <span class='ocrx_word' id='word_1_185' title='bbox 706 2593 963 2641; x_wconf 88' lang='lat' dir='ltr'><strong><em>sanctum</em></strong></span> <span class='ocrx_word' id='word_1_186' title='bbox 995 2585 1382 2646; x_wconf 82' lang='lat' dir='ltr'><strong><em>Athanasium,</em></strong></span> <span class='ocrx_word' id='word_1_187' title='bbox 1417 2598 1570 2654; x_wconf 82' lang='lat' dir='ltr'><strong><em>spem</em></strong></span> <span class='ocrx_word' id='word_1_188' title='bbox 1620 2579 1786 2651; x_wconf 86' lang='lat' dir='ltr'><strong><em>hujus</em></strong></span> 
     </span>
    </p>
   </div>
   <div class='ocr_carea' id='block_1_26' title="bbox 190 2671 1787 2748">
    <p class='ocr_par' dir='ltr' id='par_1_26' title="bbox 190 2671 1787 2748">
     <span class='ocr_line' id='line_1_26' title="bbox 190 2671 1787 2748; baseline -0.004 -17"><span class='ocrx_word' id='word_1_189' title='bbox 190 2679 405 2734; x_wconf 81' lang='lat' dir='ltr'><strong><em>consilii</em></strong></span> <span class='ocrx_word' id='word_1_190' title='bbox 432 2679 501 2733; x_wconf 92' lang='lat' dir='ltr'><strong><em>ad</em></strong></span> <span class='ocrx_word' id='word_1_191' title='bbox 535 2679 744 2733; x_wconf 75' lang='lat' dir='ltr'><strong><em>exitum</em></strong></span> <span class='ocrx_word' id='word_1_192' title='bbox 771 2677 1111 2748; x_wconf 83' lang='lat' dir='ltr'><strong><em>perducendi</em></strong></span> <span class='ocrx_word' id='word_1_193' title='bbox 1145 2692 1256 2743; x_wconf 69' lang='lat' dir='ltr'><strong><em>pra:</em></strong></span> <span class='ocrx_word' id='word_1_194' title='bbox 1287 2692 1345 2732; x_wconf 87' lang='lat' dir='ltr'><strong><em>se</em></strong></span> <span class='ocrx_word' id='word_1_195' title='bbox 1376 2678 1515 2729; x_wconf 81' lang='lat' dir='ltr'><strong><em>ferat</em></strong></span> <span class='ocrx_word' id='word_1_196' title='bbox 1546 2693 1559 2729; x_wconf 89' lang='lat'>:</span> <span class='ocrx_word' id='word_1_197' title='bbox 1599 2674 1653 2727; x_wconf 91' lang='lat' dir='ltr'><strong><em>in</em></strong></span> <span class='ocrx_word' id='word_1_198' title='bbox 1679 2671 1787 2725; x_wconf 87' lang='lat' dir='ltr'><strong><em>alia</em></strong></span> 
     </span>
    </p>
   </div>
   <div class='ocr_carea' id='block_1_27' title="bbox 191 2766 1789 2839">
    <p class='ocr_par' dir='ltr' id='par_1_27' title="bbox 191 2766 1789 2839">
     <span class='ocr_line' id='line_1_27' title="bbox 191 2766 1789 2839; baseline -0.004 -14"><span class='ocrx_word' id='word_1_199' title='bbox 191 2782 369 2825; x_wconf 76' lang='lat' dir='ltr'><strong><em>autem</em></strong></span> <span class='ocrx_word' id='word_1_200' title='bbox 423 2771 495 2824; x_wconf 88' lang='lat' dir='ltr'><strong><em>ad</em></strong></span> <span class='ocrx_word' id='word_1_201' title='bbox 527 2770 779 2826; x_wconf 88' lang='lat' dir='ltr'><strong><em>eumdem</em></strong></span> <span class='ocrx_word' id='word_1_202' title='bbox 818 2766 1178 2825; x_wconf 82' lang='lat' dir='ltr'><strong><em>Athanasium</em></strong></span> <span class='ocrx_word' id='word_1_203' title='bbox 1208 2768 1317 2839; x_wconf 85' lang='lat' dir='ltr'><strong><em>(ep.</em></strong></span> <span class='ocrx_word' id='word_1_204' title='bbox 1368 2767 1457 2838; x_wconf 79' lang='lat'><strong><em>8‘2)</em></strong></span> <span class='ocrx_word' id='word_1_205' title='bbox 1508 2766 1789 2836; x_wconf 82' lang='lat' dir='ltr'><strong><em>aliquanto</em></strong></span> 
     </span>
    </p>
   </div>
   <div class='ocr_carea' id='block_1_28' title="bbox 190 2860 1790 2933">
    <p class='ocr_par' dir='ltr' id='par_1_28' title="bbox 190 2860 1790 2933">
     <span class='ocr_line' id='line_1_28' title="bbox 190 2860 1790 2933; baseline -0.003 -14"><span class='ocrx_word' id='word_1_206' title='bbox 190 2869 309 2933; x_wconf 86' lang='lat' dir='ltr'><strong><em>post</em></strong></span> <span class='ocrx_word' id='word_1_207' title='bbox 333 2863 548 2933; x_wconf 89' lang='lat' dir='ltr'><strong><em>scripta</em></strong></span> <span class='ocrx_word' id='word_1_208' title='bbox 572 2862 1111 2933; x_wconf 81' lang='lat' dir='ltr'><strong><em>declaret,quidquid</em></strong></span> <span class='ocrx_word' id='word_1_209' title='bbox 1127 2861 1275 2916; x_wconf 89' lang='lat' dir='ltr'><strong><em>circa</em></strong></span> <span class='ocrx_word' id='word_1_210' title='bbox 1292 2860 1450 2916; x_wconf 86' lang='lat' dir='ltr'><strong><em>ﬁdem</em></strong></span> <span class='ocrx_word' id='word_1_211' title='bbox 1484 2873 1677 2913; x_wconf 90' lang='lat' dir='ltr'><strong><em>sanum</em></strong></span> <span class='ocrx_word' id='word_1_212' title='bbox 1705 2864 1790 2915; x_wconf 82' lang='lat' dir='ltr'><strong><em>est</em></strong></span> 
     </span>
    </p>
   </div>
   <div class='ocr_carea' id='block_1_29' title="bbox 190 2952 1790 3026">
    <p class='ocr_par' dir='ltr' id='par_1_29' title="bbox 190 2952 1790 3026">
     <span class='ocr_line' id='line_1_29' title="bbox 190 2952 1790 3026; baseline -0.001 -17"><span class='ocrx_word' id='word_1_213' title='bbox 190 2955 243 3009; x_wconf 92' lang='lat' dir='ltr'><strong><em>in</em></strong></span> <span class='ocrx_word' id='word_1_214' title='bbox 274 2954 633 3026; x_wconf 82' lang='lat' dir='ltr'><strong><em>Cappadocia</em></strong></span> <span class='ocrx_word' id='word_1_215' title='bbox 659 2963 714 3011; x_wconf 90' lang='lat' dir='ltr'><strong><em>et</em></strong></span> <span class='ocrx_word' id='word_1_216' title='bbox 760 2955 956 3010; x_wconf 79' lang='lat' dir='ltr'><strong><em>vicinis</em></strong></span> <span class='ocrx_word' id='word_1_217' title='bbox 994 2955 1133 3011; x_wconf 89' lang='lat' dir='ltr'><strong><em>locis</em></strong></span> <span class='ocrx_word' id='word_1_218' title='bbox 1162 2956 1289 3009; x_wconf 86' lang='lat' dir='ltr'><strong><em>vere</em></strong></span> <span class='ocrx_word' id='word_1_219' title='bbox 1331 2953 1400 3010; x_wconf 90' lang='lat' dir='ltr'><strong><em>ad</em></strong></span> <span class='ocrx_word' id='word_1_220' title='bbox 1443 2968 1663 3019; x_wconf 88' lang='lat' dir='ltr'><strong><em>eorum,</em></strong></span> <span class='ocrx_word' id='word_1_221' title='bbox 1695 2952 1790 3022; x_wconf 89' lang='lat' dir='ltr'><strong><em>qui</em></strong></span> 
     </span>
    </p>
   </div>
   <div class='ocr_carea' id='block_1_30' title="bbox 191 3045 1793 3114">
    <p class='ocr_par' dir='ltr' id='par_1_30' title="bbox 191 3045 1793 3114">
     <span class='ocr_line' id='line_1_30' title="bbox 191 3045 1793 3114; baseline -0.004 -11"><span class='ocrx_word' id='word_1_222' title='bbox 191 3047 332 3104; x_wconf 86' lang='lat' dir='ltr'><strong><em>idem</em></strong></span> <span class='ocrx_word' id='word_1_223' title='bbox 362 3047 635 3110; x_wconf 89' lang='lat' dir='ltr'><strong><em>sentiunt,</em></strong></span> <span class='ocrx_word' id='word_1_224' title='bbox 667 3047 1114 3102; x_wconf 87' lang='lat' dir='ltr'><strong><em>communionem</em></strong></span> <span class='ocrx_word' id='word_1_225' title='bbox 1156 3053 1211 3101; x_wconf 91' lang='lat' dir='ltr'><strong><em>et</em></strong></span> <span class='ocrx_word' id='word_1_226' title='bbox 1254 3045 1520 3100; x_wconf 89' lang='lat' dir='ltr'><strong><em>unitatem</em></strong></span> <span class='ocrx_word' id='word_1_227' title='bbox 1557 3059 1793 3114; x_wconf 90' lang='lat' dir='ltr'><strong><em>propen-</em></strong></span> 
     </span>
    </p>
   </div>
   <div class='ocr_carea' id='block_1_31' title="bbox 190 3136 1788 3210">
    <p class='ocr_par' dir='ltr' id='par_1_31' title="bbox 190 3136 1788 3210">
     <span class='ocr_line' id='line_1_31' title="bbox 190 3136 1788 3210; baseline -0.003 -16"><span class='ocrx_word' id='word_1_228' title='bbox 190 3140 351 3199; x_wconf 78' lang='lat' dir='ltr'><strong><em>dere?</em></strong></span> <span class='ocrx_word' id='word_1_229' title='bbox 394 3136 559 3205; x_wconf 91' lang='lat' dir='ltr'><strong><em>Quod</em></strong></span> <span class='ocrx_word' id='word_1_230' title='bbox 592 3145 800 3210; x_wconf 86' lang='lat' dir='ltr'><strong><em>spectat</em></strong></span> <span class='ocrx_word' id='word_1_231' title='bbox 844 3138 912 3194; x_wconf 90' lang='lat' dir='ltr'><strong><em>ad</em></strong></span> <span class='ocrx_word' id='word_1_232' title='bbox 960 3137 1526 3202; x_wconf 87' lang='lat' dir='ltr'><strong><em>Pneumatomachos,</em></strong></span> <span class='ocrx_word' id='word_1_233' title='bbox 1571 3150 1788 3206; x_wconf 84' lang='lat' dir='ltr'><strong><em>semper</em></strong></span> 
     </span>
    </p>
   </div>
   <div class='ocr_carea' id='block_1_32' title="bbox 192 3228 1787 3301">
    <p class='ocr_par' dir='ltr' id='par_1_32' title="bbox 192 3228 1787 3301">
     <span class='ocr_line' id='line_1_32' title="bbox 192 3228 1787 3301; baseline -0.002 -16"><span class='ocrx_word' id='word_1_234' title='bbox 192 3232 264 3285; x_wconf 89' lang='lat' dir='ltr'><strong><em>illi</em></strong></span> <span class='ocrx_word' id='word_1_235' title='bbox 294 3231 530 3301; x_wconf 88' lang='lat' dir='ltr'><strong><em>quidem</em></strong></span> <span class='ocrx_word' id='word_1_236' title='bbox 556 3231 757 3286; x_wconf 87' lang='lat' dir='ltr'><strong><em>bellum</em></strong></span> <span class='ocrx_word' id='word_1_237' title='bbox 789 3229 1123 3301; x_wconf 81' lang='lat' dir='ltr'><strong><em>inexpiabile</em></strong></span> <span class='ocrx_word' id='word_1_238' title='bbox 1151 3245 1276 3284; x_wconf 89' lang='lat' dir='ltr'><strong><em>cum</em></strong></span> <span class='ocrx_word' id='word_1_239' title='bbox 1300 3228 1503 3283; x_wconf 87' lang='lat' dir='ltr'><strong><em>Basilio</em></strong></span> <span class='ocrx_word' id='word_1_240' title='bbox 1535 3242 1787 3297; x_wconf 81' lang='lat' dir='ltr'><strong><em>gessere,</em></strong></span> 
     </span>
    </p>
   </div>
   <div class='ocr_carea' id='block_1_33' title="bbox 193 3317 1789 3394">
    <p class='ocr_par' dir='ltr' id='par_1_33' title="bbox 193 3317 1789 3394">
     <span class='ocr_line' id='line_1_33' title="bbox 193 3317 1789 3394; baseline -0.005 -14"><span class='ocrx_word' id='word_1_241' title='bbox 193 3323 283 3381; x_wconf 77' lang='lat' dir='ltr'><strong><em>sed</em></strong></span> <span class='ocrx_word' id='word_1_242' title='bbox 322 3331 517 3377; x_wconf 87' lang='lat' dir='ltr'><strong><em>tamen</em></strong></span> <span class='ocrx_word' id='word_1_243' title='bbox 551 3329 703 3377; x_wconf 86' lang='lat' dir='ltr'><strong><em>certa</em></strong></span> <span class='ocrx_word' id='word_1_244' title='bbox 748 3329 803 3377; x_wconf 90' lang='lat' dir='ltr'><strong><em>et</em></strong></span> <span class='ocrx_word' id='word_1_245' title='bbox 835 3322 1120 3394; x_wconf 82' lang='lat' dir='ltr'><strong><em>explorata</em></strong></span> <span class='ocrx_word' id='word_1_246' title='bbox 1159 3336 1250 3376; x_wconf 90' lang='lat' dir='ltr'><strong><em>res</em></strong></span> <span class='ocrx_word' id='word_1_247' title='bbox 1289 3327 1397 3385; x_wconf 89' lang='lat' dir='ltr'><strong><em>est,</em></strong></span> <span class='ocrx_word' id='word_1_248' title='bbox 1431 3317 1789 3390; x_wconf 87' lang='lat' dir='ltr'><strong><em>gravissimas</em></strong></span> 
     </span>
    </p>
   </div>
   <div class='ocr_carea' id='block_1_34' title="bbox 194 3410 1790 3483">
    <p class='ocr_par' dir='ltr' id='par_1_34' title="bbox 194 3410 1790 3483">
     <span class='ocr_line' id='line_1_34' title="bbox 194 3410 1790 3483; baseline -0.004 -15"><span class='ocrx_word' id='word_1_249' title='bbox 194 3428 312 3468; x_wconf 84' lang='lat' dir='ltr'><strong><em>cum</em></strong></span> <span class='ocrx_word' id='word_1_250' title='bbox 360 3412 638 3483; x_wconf 89' lang='lat' dir='ltr'><strong><em>procellas</em></strong></span> <span class='ocrx_word' id='word_1_251' title='bbox 670 3428 701 3467; x_wconf 89' lang='lat' dir='ltr'><strong><em>a</em></strong></span> <span class='ocrx_word' id='word_1_252' title='bbox 748 3410 1099 3483; x_wconf 88' lang='lat' dir='ltr'><strong><em>Cappadocia</em></strong></span> <span class='ocrx_word' id='word_1_253' title='bbox 1129 3411 1513 3482; x_wconf 87' lang='lat' dir='ltr'><strong><em>propulsasse,</em></strong></span> <span class='ocrx_word' id='word_1_254' title='bbox 1544 3424 1660 3463; x_wconf 89' lang='lat' dir='ltr'><strong><em>non</em></strong></span> <span class='ocrx_word' id='word_1_255' title='bbox 1694 3423 1790 3464; x_wconf 72' lang='lat' dir='ltr'><strong><em>so~</em></strong></span> 
     </span>
    </p>
   </div>
   <div class='ocr_carea' id='block_1_35' title="bbox 195 3499 1790 3575">
    <p class='ocr_par' dir='ltr' id='par_1_35' title="bbox 195 3499 1790 3575">
     <span class='ocr_line' id='line_1_35' title="bbox 195 3499 1790 3575; baseline -0.003 -17"><span class='ocrx_word' id='word_1_256' title='bbox 195 3504 302 3558; x_wconf 91' lang='lat' dir='ltr'><strong><em>lum</em></strong></span> <span class='ocrx_word' id='word_1_257' title='bbox 332 3504 556 3575; x_wconf 91' lang='lat' dir='ltr'><strong><em>magnis</em></strong></span> <span class='ocrx_word' id='word_1_258' title='bbox 580 3504 781 3574; x_wconf 67' lang='lat' dir='ltr'><strong><em>praeliis</em></strong></span> <span class='ocrx_word' id='word_1_259' title='bbox 813 3503 1179 3569; x_wconf 88' lang='lat' dir='ltr'><strong><em>sustinendis,</em></strong></span> <span class='ocrx_word' id='word_1_260' title='bbox 1212 3504 1306 3557; x_wconf 87' lang='lat' dir='ltr'><strong><em>sed</em></strong></span> <span class='ocrx_word' id='word_1_261' title='bbox 1332 3501 1495 3556; x_wconf 89' lang='lat' dir='ltr'><strong><em>etiam</em></strong></span> <span class='ocrx_word' id='word_1_262' title='bbox 1533 3499 1790 3570; x_wconf 89' lang='lat' dir='ltr'><strong><em>prudenti</em></strong></span> 
     </span>
    </p>
   </div>
   <div class='ocr_carea' id='block_1_36' title="bbox 196 3591 1791 3661">
    <p class='ocr_par' dir='ltr' id='par_1_36' title="bbox 196 3591 1791 3661">
     <span class='ocr_line' id='line_1_36' title="bbox 196 3591 1791 3661; baseline -0.004 -10"><span class='ocrx_word' id='word_1_263' title='bbox 196 3611 441 3661; x_wconf 73' lang='lat' dir='ltr'><strong><em>secessu,</em></strong></span> <span class='ocrx_word' id='word_1_264' title='bbox 477 3612 604 3651; x_wconf 89' lang='lat' dir='ltr'><strong><em>cum</em></strong></span> <span class='ocrx_word' id='word_1_265' title='bbox 631 3596 1015 3651; x_wconf 82' lang='lat' dir='ltr'><strong><em>haereticorum</em></strong></span> <span class='ocrx_word' id='word_1_266' title='bbox 1047 3594 1280 3650; x_wconf 87' lang='lat' dir='ltr'><strong><em>insidias</em></strong></span> <span class='ocrx_word' id='word_1_267' title='bbox 1310 3609 1456 3649; x_wconf 89' lang='lat' dir='ltr'><strong><em>anno</em></strong></span> <span class='ocrx_word' id='word_1_268' title='bbox 1485 3593 1584 3649; x_wconf 77' lang='grc'><strong><em>571</em></strong></span> <span class='ocrx_word' id='word_1_269' title='bbox 1620 3591 1791 3646; x_wconf 84' lang='lat' dir='ltr'><strong><em>decli—</em></strong></span> 
     </span>
    </p>
   </div>
   <div class='ocr_carea' id='block_1_37' title="bbox 197 3684 1792 3745">
    <p class='ocr_par' dir='ltr' id='par_1_37' title="bbox 197 3684 1792 3745">
     <span class='ocr_line' id='line_1_37' title="bbox 197 3684 1792 3745; baseline -0.004 -1"><span class='ocrx_word' id='word_1_270' title='bbox 197 3688 369 3745; x_wconf 85' lang='lat' dir='ltr'><strong><em>navit.</em></strong></span> <span class='ocrx_word' id='word_1_271' title='bbox 405 3685 576 3741; x_wconf 81' lang='lat' dir='ltr'><strong><em>Erant</em></strong></span> <span class='ocrx_word' id='word_1_272' title='bbox 604 3687 749 3740; x_wconf 85' lang='lat' dir='ltr'><strong><em>enim</em></strong></span> <span class='ocrx_word' id='word_1_273' title='bbox 780 3687 835 3741; x_wconf 86' lang='lat' dir='ltr'><strong><em>in</em></strong></span> <span class='ocrx_word' id='word_1_274' title='bbox 871 3684 1092 3743; x_wconf 84' lang='lat' dir='ltr'><strong><em>insidiis</em></strong></span> <span class='ocrx_word' id='word_1_275' title='bbox 1122 3684 1402 3745; x_wconf 90' lang='lat' dir='ltr'><strong><em>collocati,</em></strong></span> <span class='ocrx_word' id='word_1_276' title='bbox 1431 3691 1492 3737; x_wconf 89' lang='lat' dir='ltr'><strong><em>ut</em></strong></span> <span class='ocrx_word' id='word_1_277' title='bbox 1524 3697 1633 3736; x_wconf 90' lang='lat' dir='ltr'><strong><em>una</em></strong></span> <span class='ocrx_word' id='word_1_278' title='bbox 1654 3698 1792 3737; x_wconf 80' lang='lat' dir='ltr'><strong><em>voce</em></strong></span> 
     </span>
    </p>
   </div>
   <div class='ocr_carea' id='block_1_38' title="bbox 196 3772 1791 3848">
    <p class='ocr_par' dir='ltr' id='par_1_38' title="bbox 196 3772 1791 3848">
     <span class='ocr_line' id='line_1_38' title="bbox 196 3772 1791 3848; baseline -0.006 -13"><span class='ocrx_word' id='word_1_279' title='bbox 196 3797 254 3836; x_wconf 78' lang='lat' dir='ltr'><strong><em>ex</em></strong></span> <span class='ocrx_word' id='word_1_280' title='bbox 292 3779 421 3847; x_wconf 85' lang='lat' dir='ltr'><strong><em>ejus</em></strong></span> <span class='ocrx_word' id='word_1_281' title='bbox 453 3793 551 3832; x_wconf 89' lang='lat' dir='ltr'><strong><em>ore</em></strong></span> <span class='ocrx_word' id='word_1_282' title='bbox 579 3786 836 3847; x_wconf 88' lang='lat' dir='ltr'><strong><em>arrepta,</em></strong></span> <span class='ocrx_word' id='word_1_283' title='bbox 871 3777 1137 3848; x_wconf 85' lang='lat' dir='ltr'><strong><em>impetum</em></strong></span> <span class='ocrx_word' id='word_1_284' title='bbox 1187 3776 1243 3830; x_wconf 90' lang='lat' dir='ltr'><strong><em>in</em></strong></span> <span class='ocrx_word' id='word_1_285' title='bbox 1291 3774 1596 3829; x_wconf 86' lang='lat' dir='ltr'><strong><em>Ecclesiam</em></strong></span> <span class='ocrx_word' id='word_1_286' title='bbox 1639 3772 1791 3826; x_wconf 82' lang='lat' dir='ltr'><strong><em>face-</em></strong></span> 
     </span>
    </p>
   </div>
   <div class='ocr_carea' id='block_1_39' title="bbox 196 3862 1790 3937">
    <p class='ocr_par' dir='ltr' id='par_1_39' title="bbox 196 3862 1790 3937">
     <span class='ocr_line' id='line_1_39' title="bbox 196 3862 1790 3937; baseline -0.006 -10"><span class='ocrx_word' id='word_1_287' title='bbox 196 3878 338 3927; x_wconf 83' lang='lat' dir='ltr'><strong><em>rent.</em></strong></span> <span class='ocrx_word' id='word_1_288' title='bbox 376 3867 563 3934; x_wconf 83' lang='lat' dir='ltr'><strong><em>Quare</em></strong></span> <span class='ocrx_word' id='word_1_289' title='bbox 592 3876 674 3922; x_wconf 90' lang='lat' dir='ltr'><strong><em>tot</em></strong></span> <span class='ocrx_word' id='word_1_290' title='bbox 704 3883 769 3922; x_wconf 87' lang='lat' dir='ltr'><strong><em>ac</em></strong></span> <span class='ocrx_word' id='word_1_291' title='bbox 799 3875 953 3921; x_wconf 87' lang='lat' dir='ltr'><strong><em>tanta</em></strong></span> <span class='ocrx_word' id='word_1_292' title='bbox 984 3867 1169 3937; x_wconf 78' lang='lat' dir='ltr'><strong><em>praelia</em></strong></span> <span class='ocrx_word' id='word_1_293' title='bbox 1200 3881 1311 3919; x_wconf 91' lang='lat' dir='ltr'><strong><em>non</em></strong></span> <span class='ocrx_word' id='word_1_294' title='bbox 1341 3871 1607 3920; x_wconf 87' lang='lat' dir='ltr'><strong><em>certasset</em></strong></span> <span class='ocrx_word' id='word_1_295' title='bbox 1636 3862 1790 3918; x_wconf 89' lang='lat' dir='ltr'><strong><em>Basi-</em></strong></span> 
     </span>
    </p>
   </div>
   <div class='ocr_carea' id='block_1_40' title="bbox 197 3956 1787 4030">
    <p class='ocr_par' dir='ltr' id='par_1_40' title="bbox 197 3956 1787 4030">
     <span class='ocr_line' id='line_1_40' title="bbox 197 3956 1787 4030; baseline -0.004 -12"><span class='ocrx_word' id='word_1_296' title='bbox 197 3963 326 4021; x_wconf 89' lang='lat' dir='ltr'><strong><em>lius.</em></strong></span> <span class='ocrx_word' id='word_1_297' title='bbox 365 3962 477 4015; x_wconf 89' lang='lat' dir='ltr'><strong><em>nisi</em></strong></span> <span class='ocrx_word' id='word_1_298' title='bbox 518 3969 681 4015; x_wconf 87' lang='lat' dir='ltr'><strong><em>cauta</em></strong></span> <span class='ocrx_word' id='word_1_299' title='bbox 712 3969 767 4014; x_wconf 92' lang='lat' dir='ltr'><strong><em>et</em></strong></span> <span class='ocrx_word' id='word_1_300' title='bbox 793 3960 1023 4030; x_wconf 88' lang='lat' dir='ltr'><strong><em>provida</em></strong></span> <span class='ocrx_word' id='word_1_301' title='bbox 1051 3958 1281 4014; x_wconf 89' lang='lat' dir='ltr'><strong><em>consilia</em></strong></span> <span class='ocrx_word' id='word_1_302' title='bbox 1325 3956 1743 4027; x_wconf 65' lang='lat' dir='ltr'><strong><em>praecessissent</em></strong></span> <span class='ocrx_word' id='word_1_303' title='bbox 1773 3973 1787 4012; x_wconf 85' lang='lat'><strong>:</strong></span> 
     </span>
    </p>
   </div>
   <div class='ocr_carea' id='block_1_41' title="bbox 198 4044 1793 4117">
    <p class='ocr_par' dir='ltr' id='par_1_41' title="bbox 198 4044 1793 4117">
     <span class='ocr_line' id='line_1_41' title="bbox 198 4044 1793 4117; baseline -0.006 -8"><span class='ocrx_word' id='word_1_304' title='bbox 198 4069 307 4113; x_wconf 89' lang='lat' dir='ltr'><strong><em>non</em></strong></span> <span class='ocrx_word' id='word_1_305' title='bbox 340 4059 428 4106; x_wconf 90' lang='lat' dir='ltr'><strong><em>tot</em></strong></span> <span class='ocrx_word' id='word_1_306' title='bbox 458 4051 747 4106; x_wconf 84' lang='lat' dir='ltr'><strong><em>fulsissent</em></strong></span> <span class='ocrx_word' id='word_1_307' title='bbox 773 4049 1064 4113; x_wconf 83' lang='lat' dir='ltr'><strong><em>miracula,</em></strong></span> <span class='ocrx_word' id='word_1_308' title='bbox 1106 4064 1216 4103; x_wconf 92' lang='lat' dir='ltr'><strong><em>non</em></strong></span> <span class='ocrx_word' id='word_1_309' title='bbox 1250 4046 1651 4117; x_wconf 87' lang='lat' dir='ltr'><strong><em>Cappadociam</em></strong></span> <span class='ocrx_word' id='word_1_310' title='bbox 1686 4044 1793 4099; x_wconf 52' lang='lat' dir='ltr'><strong><em>Va-</em></strong></span> 
     </span>
    </p>
   </div>
   <div class='ocr_carea' id='block_1_42' title="bbox 198 4136 1793 4210">
    <p class='ocr_par' dir='ltr' id='par_1_42' title="bbox 198 4136 1793 4210">
     <span class='ocr_line' id='line_1_42' title="bbox 198 4136 1793 4210; baseline -0.004 -12"><span class='ocrx_word' id='word_1_311' title='bbox 198 4144 320 4199; x_wconf 84' lang='lat' dir='ltr'><strong><em>lens</em></strong></span> <span class='ocrx_word' id='word_1_312' title='bbox 348 4158 518 4196; x_wconf 90' lang='lat' dir='ltr'><strong><em>unam</em></strong></span> <span class='ocrx_word' id='word_1_313' title='bbox 541 4157 608 4196; x_wconf 84' lang='lat' dir='ltr'><strong><em>ex</em></strong></span> <span class='ocrx_word' id='word_1_314' title='bbox 638 4139 899 4194; x_wconf 88' lang='lat' dir='ltr'><strong><em>omnibus</em></strong></span> <span class='ocrx_word' id='word_1_315' title='bbox 931 4139 1233 4210; x_wconf 86' lang='lat' dir='ltr'><strong><em>provinciis</em></strong></span> <span class='ocrx_word' id='word_1_316' title='bbox 1265 4139 1522 4193; x_wconf 82' lang='lat' dir='ltr'><strong><em>eximiam</em></strong></span> <span class='ocrx_word' id='word_1_317' title='bbox 1564 4136 1793 4191; x_wconf 79' lang='lat' dir='ltr'><strong><em>habuis—</em></strong></span> 
     </span>
    </p>
   </div>
   <div class='ocr_carea' id='block_1_43' title="bbox 200 4228 1795 4302">
    <p class='ocr_par' dir='ltr' id='par_1_43' title="bbox 200 4228 1795 4302">
     <span class='ocr_line' id='line_1_43' title="bbox 200 4228 1795 4302; baseline -0.007 -10"><span class='ocrx_word' id='word_1_318' title='bbox 200 4244 308 4300; x_wconf 82' lang='lat' dir='ltr'><strong><em>set,</em></strong></span> <span class='ocrx_word' id='word_1_319' title='bbox 334 4235 384 4289; x_wconf 85' lang='lat' dir='ltr'><strong><em>si</em></strong></span> <span class='ocrx_word' id='word_1_320' title='bbox 411 4233 674 4287; x_wconf 85' lang='lat' dir='ltr'><strong><em>Basilium</em></strong></span> <span class='ocrx_word' id='word_1_321' title='bbox 698 4248 810 4287; x_wconf 93' lang='lat' dir='ltr'><strong><em>non</em></strong></span> <span class='ocrx_word' id='word_1_322' title='bbox 840 4232 962 4302; x_wconf 90' lang='lat' dir='ltr'><strong><em>plus</em></strong></span> <span class='ocrx_word' id='word_1_323' title='bbox 994 4231 1257 4287; x_wconf 79' lang='lat' dir='ltr'><strong><em>movisset</em></strong></span> <span class='ocrx_word' id='word_1_324' title='bbox 1279 4229 1652 4284; x_wconf 86' lang='lat' dir='ltr'><strong><em>Ecclesiarum</em></strong></span> <span class='ocrx_word' id='word_1_325' title='bbox 1685 4228 1795 4283; x_wconf 88' lang='lat' dir='ltr'><strong><em>uti-</em></strong></span> 
     </span>
    </p>
   </div>
   <div class='ocr_carea' id='block_1_44' title="bbox 201 4322 1615 4395">
    <p class='ocr_par' dir='ltr' id='par_1_44' title="bbox 201 4322 1615 4395">
     <span class='ocr_line' id='line_1_44' title="bbox 201 4322 1615 4395; baseline -0.004 -13"><span class='ocrx_word' id='word_1_326' title='bbox 201 4328 359 4389; x_wconf 90' lang='lat' dir='ltr'><strong><em>litas,</em></strong></span> <span class='ocrx_word' id='word_1_327' title='bbox 402 4341 568 4395; x_wconf 89' lang='lat' dir='ltr'><strong><em>quam</em></strong></span> <span class='ocrx_word' id='word_1_328' title='bbox 603 4325 930 4380; x_wconf 85' lang='lat' dir='ltr'><strong><em>calidiorum</em></strong></span> <span class='ocrx_word' id='word_1_329' title='bbox 972 4323 1318 4394; x_wconf 80' lang='lat' dir='ltr'><strong><em>ingeniorum</em></strong></span> <span class='ocrx_word' id='word_1_330' title='bbox 1357 4322 1615 4392; x_wconf 76' lang='lat' dir='ltr'><strong><em>querelte.</em></strong></span> 
     </span>
    </p>
   </div>
   <div class='ocr_carea' id='block_1_45' title="bbox 270 4412 1791 4484">
    <p class='ocr_par' dir='ltr' id='par_1_45' title="bbox 270 4412 1791 4484">
     <span class='ocr_line' id='line_1_45' title="bbox 270 4412 1791 4484; baseline -0.004 -13"><span class='ocrx_word' id='word_1_331' title='bbox 270 4417 399 4472; x_wconf 83' lang='lat' dir='ltr'><strong><em>Non</em></strong></span> <span class='ocrx_word' id='word_1_332' title='bbox 458 4417 646 4471; x_wconf 91' lang='lat' dir='ltr'><strong><em>tutiori</em></strong></span> <span class='ocrx_word' id='word_1_333' title='bbox 701 4415 1060 4471; x_wconf 83' lang='lat' dir='ltr'><strong><em>fundamento</em></strong></span> <span class='ocrx_word' id='word_1_334' title='bbox 1092 4415 1290 4470; x_wconf 88' lang='lat' dir='ltr'><strong><em>nititur</em></strong></span> <span class='ocrx_word' id='word_1_335' title='bbox 1336 4413 1482 4484; x_wconf 88' lang='lat' dir='ltr'><strong><em>quod</em></strong></span> <span class='ocrx_word' id='word_1_336' title='bbox 1529 4413 1607 4467; x_wconf 88' lang='lat' dir='ltr'><strong><em>ait</em></strong></span> <span class='ocrx_word' id='word_1_337' title='bbox 1649 4412 1791 4467; x_wconf 89' lang='lat' dir='ltr'><strong><em>idem</em></strong></span> 
     </span>
    </p>
   </div>
   <div class='ocr_carea' id='block_1_46' title="bbox 1888 551 3036 637">
    <p class='ocr_par' dir='ltr' id='par_1_46' title="bbox 1888 551 3036 637">
     <span class='ocr_line' id='line_1_46' title="bbox 1888 551 3036 637; baseline -0.017 -15"><span class='ocrx_word' id='word_1_338' title='bbox 1888 567 2140 637; x_wconf 78' lang='lat' dir='ltr'><strong><em>dogmate</em></strong></span> <span class='ocrx_word' id='word_1_339' title='bbox 2174 559 2378 617; x_wconf 90' lang='lat' dir='ltr'><strong><em>tuendo</em></strong></span> <span class='ocrx_word' id='word_1_340' title='bbox 2407 554 2716 613; x_wconf 90' lang='lat' dir='ltr'><strong><em>constantia</em></strong></span> <span class='ocrx_word' id='word_1_341' title='bbox 2753 551 3036 621; x_wconf 78' lang='lat' dir='ltr'><strong><em>disjunxit.</em></strong></span> 
     </span>
    </p>
   </div>
   <div class='ocr_carea' id='block_1_47' title="bbox 1957 706 3462 779">
    <p class='ocr_par' dir='ltr' id='par_1_47' title="bbox 1957 706 3462 779">
     <span class='ocr_line' id='line_1_47' title="bbox 1957 706 3462 779; baseline -0.012 -4"><span class='ocrx_word' id='word_1_342' title='bbox 1957 720 2219 774; x_wconf 85' lang='lat' dir='ltr'><strong><em>Formula</em></strong></span> <span class='ocrx_word' id='word_1_343' title='bbox 2249 721 2452 778; x_wconf 89' lang='lat' dir='ltr'><strong><em>autem,</em></strong></span> <span class='ocrx_word' id='word_1_344' title='bbox 2477 712 2566 768; x_wconf 91' lang='lat' dir='ltr'><strong><em>cui</em></strong></span> <span class='ocrx_word' id='word_1_345' title='bbox 2608 708 2938 779; x_wconf 80' lang='lat' dir='ltr'><strong><em>subscripsit</em></strong></span> <span class='ocrx_word' id='word_1_346' title='bbox 2976 706 3324 769; x_wconf 88' lang='lat' dir='ltr'><strong><em>Eustathius,</em></strong></span> <span class='ocrx_word' id='word_1_347' title='bbox 3353 720 3462 758; x_wconf 88' lang='lat' dir='ltr'><strong><em>non</em></strong></span> 
     </span>
    </p>
   </div>
   <div class='ocr_carea' id='block_1_48' title="bbox 1885 798 3465 873">
    <p class='ocr_par' dir='ltr' id='par_1_48' title="bbox 1885 798 3465 873">
     <span class='ocr_line' id='line_1_48' title="bbox 1885 798 3465 873; baseline -0.013 -3"><span class='ocrx_word' id='word_1_348' title='bbox 1885 815 2059 870; x_wconf 86' lang='lat' dir='ltr'><strong><em>solius</em></strong></span> <span class='ocrx_word' id='word_1_349' title='bbox 2115 808 2337 873; x_wconf 86' lang='lat' dir='ltr'><strong><em>Basilii,</em></strong></span> <span class='ocrx_word' id='word_1_350' title='bbox 2379 807 2474 863; x_wconf 89' lang='lat' dir='ltr'><strong><em>sed</em></strong></span> <span class='ocrx_word' id='word_1_351' title='bbox 2515 806 2680 861; x_wconf 90' lang='lat' dir='ltr'><strong><em>etiam</em></strong></span> <span class='ocrx_word' id='word_1_352' title='bbox 2713 801 2980 858; x_wconf 90' lang='lat' dir='ltr'><strong><em>Theodoti</em></strong></span> <span class='ocrx_word' id='word_1_353' title='bbox 3010 807 3063 854; x_wconf 92' lang='lat' dir='ltr'><strong><em>et</em></strong></span> <span class='ocrx_word' id='word_1_354' title='bbox 3100 798 3297 853; x_wconf 86' lang='lat' dir='ltr'><strong><em>Meletii</em></strong></span> <span class='ocrx_word' id='word_1_355' title='bbox 3327 813 3465 866; x_wconf 90' lang='lat' dir='ltr'><strong><em>opus</em></strong></span> 
     </span>
    </p>
   </div>
   <div class='ocr_carea' id='block_1_49' title="bbox 1881 890 3465 971">
    <p class='ocr_par' dir='ltr' id='par_1_49' title="bbox 1881 890 3465 971">
     <span class='ocr_line' id='line_1_49' title="bbox 1881 890 3465 971; baseline -0.009 -15"><span class='ocrx_word' id='word_1_356' title='bbox 1881 910 1986 971; x_wconf 86' lang='lat' dir='ltr'><strong><em>est;</em></strong></span> <span class='ocrx_word' id='word_1_357' title='bbox 2014 908 2069 955; x_wconf 88' lang='lat' dir='ltr'><strong><em>et</em></strong></span> <span class='ocrx_word' id='word_1_358' title='bbox 2110 914 2237 954; x_wconf 91' lang='lat' dir='ltr'><strong><em>cum</em></strong></span> <span class='ocrx_word' id='word_1_359' title='bbox 2270 900 2706 967; x_wconf 80' lang='lat' dir='ltr'><strong><em>temperamento</em></strong></span> <span class='ocrx_word' id='word_1_360' title='bbox 2736 900 2791 948; x_wconf 88' lang='lat' dir='ltr'><strong><em>et</em></strong></span> <span class='ocrx_word' id='word_1_361' title='bbox 2823 890 3327 946; x_wconf 89' lang='lat' dir='ltr'><strong><em>accommodatione</em></strong></span> <span class='ocrx_word' id='word_1_362' title='bbox 3356 904 3465 942; x_wconf 88' lang='lat' dir='ltr'><strong><em>non</em></strong></span> 
     </span>
    </p>
   </div>
   <div class='ocr_carea' id='block_1_50' title="bbox 1882 978 3466 1057">
    <p class='ocr_par' dir='ltr' id='par_1_50' title="bbox 1882 978 3466 1057">
     <span class='ocr_line' id='line_1_50' title="bbox 1882 978 3466 1057; baseline -0.009 -10"><span class='ocrx_word' id='word_1_363' title='bbox 1882 998 2093 1054; x_wconf 88' lang='lat' dir='ltr'><strong><em>careat,</em></strong></span> <span class='ocrx_word' id='word_1_364' title='bbox 2123 1003 2227 1045; x_wconf 85' lang='lat' dir='ltr'><strong><em>uec</em></strong></span> <span class='ocrx_word' id='word_1_365' title='bbox 2259 987 2526 1057; x_wconf 85' lang='lat' dir='ltr'><strong><em>Spiritum</em></strong></span> <span class='ocrx_word' id='word_1_366' title='bbox 2572 992 2821 1040; x_wconf 87' lang='lat' dir='ltr'><strong><em>sanctum</em></strong></span> <span class='ocrx_word' id='word_1_367' title='bbox 2846 981 3078 1051; x_wconf 89' lang='lat' dir='ltr'><strong><em>appellet</em></strong></span> <span class='ocrx_word' id='word_1_368' title='bbox 3105 978 3272 1034; x_wconf 91' lang='lat' dir='ltr'><strong><em>Deum</em></strong></span> <span class='ocrx_word' id='word_1_369' title='bbox 3292 1016 3307 1041; x_wconf 94' lang='lat'><strong><em>,</em></strong></span> <span class='ocrx_word' id='word_1_370' title='bbox 3339 979 3466 1046; x_wconf 89' lang='lat' dir='ltr'><strong><em>quis</em></strong></span> 
     </span>
    </p>
   </div>
   <div class='ocr_carea' id='block_1_51' title="bbox 1882 1073 3467 1150">
    <p class='ocr_par' dir='ltr' id='par_1_51' title="bbox 1882 1073 3467 1150">
     <span class='ocr_line' id='line_1_51' title="bbox 1882 1073 3467 1150; baseline -0.009 -12"><span class='ocrx_word' id='word_1_371' title='bbox 1882 1083 2072 1138; x_wconf 85' lang='lat' dir='ltr'><strong><em>credat</em></strong></span> <span class='ocrx_word' id='word_1_372' title='bbox 2119 1096 2245 1136; x_wconf 91' lang='lat' dir='ltr'><strong><em>cum</em></strong></span> <span class='ocrx_word' id='word_1_373' title='bbox 2288 1078 2540 1150; x_wconf 90' lang='lat' dir='ltr'><strong><em>opusculi</em></strong></span> <span class='ocrx_word' id='word_1_374' title='bbox 2592 1083 2852 1139; x_wconf 91' lang='lat' dir='ltr'><strong><em>auctore,</em></strong></span> <span class='ocrx_word' id='word_1_375' title='bbox 2884 1073 3145 1127; x_wconf 90' lang='lat' dir='ltr'><strong><em>Basilium</em></strong></span> <span class='ocrx_word' id='word_1_376' title='bbox 3180 1076 3467 1141; x_wconf 86' lang='lat' dir='ltr'><strong><em>propterea</em></strong></span> 
     </span>
    </p>
   </div>
   <div class='ocr_carea' id='block_1_52' title="bbox 1888 1161 3466 1233">
    <p class='ocr_par' dir='ltr' id='par_1_52' title="bbox 1888 1161 3466 1233">
     <span class='ocr_line' id='line_1_52' title="bbox 1888 1161 3466 1233; baseline -0.009 -3"><span class='ocrx_word' id='word_1_377' title='bbox 1888 1174 2169 1230; x_wconf 87' lang='lat' dir='ltr'><strong><em>Theodoto</em></strong></span> <span class='ocrx_word' id='word_1_378' title='bbox 2214 1181 2268 1227; x_wconf 91' lang='lat' dir='ltr'><strong><em>et</em></strong></span> <span class='ocrx_word' id='word_1_379' title='bbox 2301 1170 2518 1226; x_wconf 80' lang='lat' dir='ltr'><strong><em>Meletio</em></strong></span> <span class='ocrx_word' id='word_1_380' title='bbox 2560 1170 2617 1224; x_wconf 92' lang='lat' dir='ltr'><strong><em>in</em></strong></span> <span class='ocrx_word' id='word_1_381' title='bbox 2650 1168 3005 1224; x_wconf 62' lang='lat' dir='ltr'><strong><em>offensionem</em></strong></span> <span class='ocrx_word' id='word_1_382' title='bbox 3035 1164 3273 1227; x_wconf 78' lang='lat' dir='ltr'><strong><em>venisse,</em></strong></span> <span class='ocrx_word' id='word_1_383' title='bbox 3320 1161 3466 1233; x_wconf 89' lang='lat' dir='ltr'><strong><em>quod</em></strong></span> 
     </span>
    </p>
   </div>
   <div class='ocr_carea' id='block_1_53' title="bbox 1885 1255 3468 1333">
    <p class='ocr_par' dir='ltr' id='par_1_53' title="bbox 1885 1255 3468 1333">
     <span class='ocr_line' id='line_1_53' title="bbox 1885 1255 3468 1333; baseline -0.008 -10"><span class='ocrx_word' id='word_1_384' title='bbox 1885 1268 1978 1323; x_wconf 88' lang='lat' dir='ltr'><strong><em>Dei</em></strong></span> <span class='ocrx_word' id='word_1_385' title='bbox 2009 1282 2208 1323; x_wconf 91' lang='lat' dir='ltr'><strong><em>nomen</em></strong></span> <span class='ocrx_word' id='word_1_386' title='bbox 2240 1264 2519 1319; x_wconf 88' lang='lat' dir='ltr'><strong><em>interdum</em></strong></span> <span class='ocrx_word' id='word_1_387' title='bbox 2551 1262 2780 1333; x_wconf 87' lang='lat' dir='ltr'><strong><em>Spiritui</em></strong></span> <span class='ocrx_word' id='word_1_388' title='bbox 2810 1266 3003 1316; x_wconf 90' lang='lat' dir='ltr'><strong><em>sancto</em></strong></span> <span class='ocrx_word' id='word_1_389' title='bbox 3032 1273 3142 1311; x_wconf 91' lang='lat' dir='ltr'><strong><em>non</em></strong></span> <span class='ocrx_word' id='word_1_390' title='bbox 3169 1255 3468 1310; x_wconf 78' lang='lat' dir='ltr'><strong><em>tribueret?</em></strong></span> 
     </span>
    </p>
   </div>
   <div class='ocr_carea' id='block_1_54' title="bbox 1887 1347 3466 1429">
    <p class='ocr_par' dir='ltr' id='par_1_54' title="bbox 1887 1347 3466 1429">
     <span class='ocr_line' id='line_1_54' title="bbox 1887 1347 3466 1429; baseline -0.009 -15"><span class='ocrx_word' id='word_1_391' title='bbox 1887 1359 2094 1429; x_wconf 77' lang='lat' dir='ltr'><strong><em>Magnae</em></strong></span> <span class='ocrx_word' id='word_1_392' title='bbox 2116 1356 2364 1428; x_wconf 85' lang='lat' dir='ltr'><strong><em>profecto</em></strong></span> <span class='ocrx_word' id='word_1_393' title='bbox 2395 1354 2723 1410; x_wconf 90' lang='lat' dir='ltr'><strong><em>exstiterunt</em></strong></span> <span class='ocrx_word' id='word_1_394' title='bbox 2739 1352 3005 1407; x_wconf 86' lang='lat' dir='ltr'><strong><em>Theodoti</em></strong></span> <span class='ocrx_word' id='word_1_395' title='bbox 3024 1347 3387 1419; x_wconf 87' lang='lat' dir='ltr'><strong><em>Nicopolitani</em></strong></span> <span class='ocrx_word' id='word_1_396' title='bbox 3411 1347 3466 1401; x_wconf 91' lang='lat' dir='ltr'><strong><em>in</em></strong></span> 
     </span>
    </p>
   </div>
   <div class='ocr_carea' id='block_1_55' title="bbox 1881 1442 3466 1520">
    <p class='ocr_par' dir='ltr' id='par_1_55' title="bbox 1881 1442 3466 1520">
     <span class='ocr_line' id='line_1_55' title="bbox 1881 1442 3466 1520; baseline -0.009 -12"><span class='ocrx_word' id='word_1_397' title='bbox 1881 1453 2142 1508; x_wconf 81' lang='lat' dir='ltr'><strong><em>Basiliam</em></strong></span> <span class='ocrx_word' id='word_1_398' title='bbox 2164 1450 2379 1519; x_wconf 70' lang='lat' dir='ltr'><strong><em>injuriae</em></strong></span> <span class='ocrx_word' id='word_1_399' title='bbox 2402 1450 2509 1520; x_wconf 88' lang='lat' dir='ltr'><strong><em>(ep.</em></strong></span> <span class='ocrx_word' id='word_1_400' title='bbox 2527 1448 2638 1516; x_wconf 84' lang='lat'><strong><em>99);</em></strong></span> <span class='ocrx_word' id='word_1_401' title='bbox 2655 1446 2749 1504; x_wconf 89' lang='lat' dir='ltr'><strong><em>sed</em></strong></span> <span class='ocrx_word' id='word_1_402' title='bbox 2765 1446 2910 1499; x_wconf 90' lang='lat' dir='ltr'><strong><em>illius</em></strong></span> <span class='ocrx_word' id='word_1_403' title='bbox 2925 1442 3261 1499; x_wconf 89' lang='lat' dir='ltr'><strong><em>morositatis</em></strong></span> <span class='ocrx_word' id='word_1_404' title='bbox 3279 1455 3466 1509; x_wconf 85' lang='lat' dir='ltr'><strong><em>causa,</em></strong></span> 
     </span>
    </p>
   </div>
   <div class='ocr_carea' id='block_1_56' title="bbox 1887 1533 3468 1601">
    <p class='ocr_par' dir='ltr' id='par_1_56' title="bbox 1887 1533 3468 1601">
     <span class='ocr_line' id='line_1_56' title="bbox 1887 1533 3468 1601; baseline -0.008 -2"><span class='ocrx_word' id='word_1_405' title='bbox 1887 1543 2073 1599; x_wconf 90' lang='lat' dir='ltr'><strong><em>Basilii</em></strong></span> <span class='ocrx_word' id='word_1_406' title='bbox 2114 1540 2430 1596; x_wconf 87' lang='lat' dir='ltr'><strong><em>communio</em></strong></span> <span class='ocrx_word' id='word_1_407' title='bbox 2462 1554 2587 1593; x_wconf 91' lang='lat' dir='ltr'><strong><em>cum</em></strong></span> <span class='ocrx_word' id='word_1_408' title='bbox 2634 1536 2943 1601; x_wconf 86' lang='lat' dir='ltr'><strong><em>Eustatbio,</em></strong></span> <span class='ocrx_word' id='word_1_409' title='bbox 2985 1549 3094 1589; x_wconf 89' lang='lat' dir='ltr'><strong><em>non</em></strong></span> <span class='ocrx_word' id='word_1_410' title='bbox 3125 1533 3275 1588; x_wconf 90' lang='lat' dir='ltr'><strong><em>vocis</em></strong></span> <span class='ocrx_word' id='word_1_411' title='bbox 3308 1533 3468 1587; x_wconf 87' lang='lat' dir='ltr'><strong><em>unius</em></strong></span> 
     </span>
    </p>
   </div>
   <div class='ocr_carea' id='block_1_57' title="bbox 1885 1624 3467 1706">
    <p class='ocr_par' dir='ltr' id='par_1_57' title="bbox 1885 1624 3467 1706">
     <span class='ocr_line' id='line_1_57' title="bbox 1885 1624 3467 1706; baseline -0.006 -16"><span class='ocrx_word' id='word_1_412' title='bbox 1885 1635 2303 1706; x_wconf 59' lang='lat' dir='ltr'><strong><em>praetermissio.</em></strong></span> <span class='ocrx_word' id='word_1_413' title='bbox 2347 1632 2541 1687; x_wconf 84' lang='lat' dir='ltr'><strong><em>Metuit</em></strong></span> <span class='ocrx_word' id='word_1_414' title='bbox 2573 1628 2891 1700; x_wconf 87' lang='lat' dir='ltr'><strong><em>aliquandiu</em></strong></span> <span class='ocrx_word' id='word_1_415' title='bbox 2915 1628 3153 1684; x_wconf 84' lang='lat' dir='ltr'><strong><em>Basilius</em></strong></span> <span class='ocrx_word' id='word_1_416' title='bbox 3179 1642 3247 1681; x_wconf 91' lang='lat' dir='ltr'><strong><em>ne</em></strong></span> <span class='ocrx_word' id='word_1_417' title='bbox 3275 1624 3330 1681; x_wconf 90' lang='lat' dir='ltr'><strong><em>S.</em></strong></span> <span class='ocrx_word' id='word_1_418' title='bbox 3359 1624 3467 1680; x_wconf 79' lang='lat' dir='ltr'><strong><em>Me-</em></strong></span> 
     </span>
    </p>
   </div>
   <div class='ocr_carea' id='block_1_58' title="bbox 1887 1721 3467 1795">
    <p class='ocr_par' dir='ltr' id='par_1_58' title="bbox 1887 1721 3467 1795">
     <span class='ocr_line' id='line_1_58' title="bbox 1887 1721 3467 1795; baseline -0.008 -13"><span class='ocrx_word' id='word_1_419' title='bbox 1887 1730 2035 1794; x_wconf 89' lang='lat' dir='ltr'><strong><em>Ietio,</em></strong></span> <span class='ocrx_word' id='word_1_420' title='bbox 2093 1727 2148 1780; x_wconf 90' lang='lat' dir='ltr'><strong><em>in</em></strong></span> <span class='ocrx_word' id='word_1_421' title='bbox 2178 1726 2246 1781; x_wconf 90' lang='lat' dir='ltr'><strong><em>iis</em></strong></span> <span class='ocrx_word' id='word_1_422' title='bbox 2276 1740 2399 1795; x_wconf 64' lang='lat' dir='ltr'><strong><em>qua:</em></strong></span> <span class='ocrx_word' id='word_1_423' title='bbox 2423 1724 2491 1778; x_wconf 87' lang='lat' dir='ltr'><strong><em>ad</em></strong></span> <span class='ocrx_word' id='word_1_424' title='bbox 2516 1722 2862 1778; x_wconf 87' lang='lat' dir='ltr'><strong><em>Eustathium</em></strong></span> <span class='ocrx_word' id='word_1_425' title='bbox 2892 1721 3239 1790; x_wconf 86' lang='lat' dir='ltr'><strong><em>spectabant,</em></strong></span> <span class='ocrx_word' id='word_1_426' title='bbox 3275 1733 3467 1789; x_wconf 61' lang='lat' dir='ltr'><strong><em>parum</em></strong></span> 
     </span>
    </p>
   </div>
   <div class='ocr_carea' id='block_1_59' title="bbox 1816 1813 3468 1889">
    <p class='ocr_par' dir='ltr' id='par_1_59' title="bbox 1816 1813 3468 1889">
     <span class='ocr_line' id='line_1_59' title="bbox 1816 1813 3468 1889; baseline -0.005 -14"><span class='ocrx_word' id='word_1_427' title='bbox 1816 1831 1854 1884; x_wconf 80' lang='grc' dir='ltr'><strong>Β</strong></span> <span class='ocrx_word' id='word_1_428' title='bbox 1885 1835 2042 1889; x_wconf 70' lang='lat' dir='ltr'><strong><em>mquo</em></strong></span> <span class='ocrx_word' id='word_1_429' title='bbox 2070 1825 2335 1873; x_wconf 87' lang='lat' dir='ltr'><strong><em>uteretur.</em></strong></span> <span class='ocrx_word' id='word_1_430' title='bbox 2369 1815 2476 1870; x_wconf 89' lang='lat' dir='ltr'><strong><em>Sed</em></strong></span> <span class='ocrx_word' id='word_1_431' title='bbox 2507 1814 2691 1870; x_wconf 90' lang='lat' dir='ltr'><strong><em>statim</em></strong></span> <span class='ocrx_word' id='word_1_432' title='bbox 2723 1821 2887 1883; x_wconf 91' lang='lat' dir='ltr'><strong><em>atque</em></strong></span> <span class='ocrx_word' id='word_1_433' title='bbox 2919 1813 2973 1866; x_wconf 89' lang='lat' dir='ltr'><strong><em>in</em></strong></span> <span class='ocrx_word' id='word_1_434' title='bbox 3006 1813 3318 1866; x_wconf 83' lang='lat' dir='ltr'><strong><em>Armeniam</em></strong></span> <span class='ocrx_word' id='word_1_435' title='bbox 3350 1825 3468 1880; x_wconf 87' lang='lat' dir='ltr'><strong><em>pro-</em></strong></span> 
     </span>
    </p>
   </div>
   <div class='ocr_carea' id='block_1_60' title="bbox 1886 1903 3468 1973">
    <p class='ocr_par' dir='ltr' id='par_1_60' title="bbox 1886 1903 3468 1973">
     <span class='ocr_line' id='line_1_60' title="bbox 1886 1903 3468 1973; baseline -0.008 -6"><span class='ocrx_word' id='word_1_436' title='bbox 1886 1912 2082 1973; x_wconf 76' lang='lat' dir='ltr'><strong><em>fectus,</em></strong></span> <span class='ocrx_word' id='word_1_437' title='bbox 2112 1909 2326 1965; x_wconf 84' lang='lat' dir='ltr'><strong><em>consilii</em></strong></span> <span class='ocrx_word' id='word_1_438' title='bbox 2360 1909 2443 1962; x_wconf 90' lang='lat' dir='ltr'><strong><em>sui</em></strong></span> <span class='ocrx_word' id='word_1_439' title='bbox 2468 1906 2735 1961; x_wconf 88' lang='lat' dir='ltr'><strong><em>rationem</em></strong></span> <span class='ocrx_word' id='word_1_440' title='bbox 2763 1911 2957 1960; x_wconf 89' lang='lat' dir='ltr'><strong><em>sancto</em></strong></span> <span class='ocrx_word' id='word_1_441' title='bbox 2987 1904 3160 1958; x_wconf 79' lang='lat' dir='ltr'><strong><em>exsuli</em></strong></span> <span class='ocrx_word' id='word_1_442' title='bbox 3192 1903 3468 1972; x_wconf 82' lang='lat' dir='ltr'><strong><em>exposuit,</em></strong></span> 
     </span>
    </p>
   </div>
   <div class='ocr_carea' id='block_1_61' title="bbox 1884 1994 3469 2067">
    <p class='ocr_par' dir='ltr' id='par_1_61' title="bbox 1884 1994 3469 2067">
     <span class='ocr_line' id='line_1_61' title="bbox 1884 1994 3469 2067; baseline -0.005 -11"><span class='ocrx_word' id='word_1_443' title='bbox 1884 2018 2156 2057; x_wconf 86' lang='lat' dir='ltr'><strong><em>summam</em></strong></span> <span class='ocrx_word' id='word_1_444' title='bbox 2186 2001 2335 2054; x_wconf 88' lang='lat' dir='ltr'><strong><em>illius</em></strong></span> <span class='ocrx_word' id='word_1_445' title='bbox 2361 1999 2672 2067; x_wconf 59' lang='lat' dir='ltr'><strong><em>aequitatem</em></strong></span> <span class='ocrx_word' id='word_1_446' title='bbox 2701 2005 2958 2066; x_wconf 88' lang='lat' dir='ltr'><strong><em>expertus</em></strong></span> <span class='ocrx_word' id='word_1_447' title='bbox 2979 2003 3081 2049; x_wconf 78' lang='lat' dir='ltr'><strong><em>est.</em></strong></span> <span class='ocrx_word' id='word_1_448' title='bbox 3106 1994 3263 2061; x_wconf 85' lang='lat' dir='ltr'><strong><em>Quod</em></strong></span> <span class='ocrx_word' id='word_1_449' title='bbox 3286 2002 3469 2049; x_wconf 89' lang='lat' dir='ltr'><strong><em>autem</em></strong></span> 
     </span>
    </p>
   </div>
   <div class='ocr_carea' id='block_1_62' title="bbox 1884 2086 3468 2161">
    <p class='ocr_par' dir='ltr' id='par_1_62' title="bbox 1884 2086 3468 2161">
     <span class='ocr_line' id='line_1_62' title="bbox 1884 2086 3468 2161; baseline -0.004 -17"><span class='ocrx_word' id='word_1_450' title='bbox 1884 2100 2068 2161; x_wconf 76' lang='lat' dir='ltr'><strong><em>egerat</em></strong></span> <span class='ocrx_word' id='word_1_451' title='bbox 2101 2088 2155 2143; x_wconf 89' lang='lat' dir='ltr'><strong><em>in</em></strong></span> <span class='ocrx_word' id='word_1_452' title='bbox 2198 2086 2540 2143; x_wconf 86' lang='lat' dir='ltr'><strong><em>defendenda</em></strong></span> <span class='ocrx_word' id='word_1_453' title='bbox 2577 2086 2816 2155; x_wconf 87' lang='lat' dir='ltr'><strong><em>Spiritus</em></strong></span> <span class='ocrx_word' id='word_1_454' title='bbox 2853 2086 3157 2149; x_wconf 84' lang='lat' dir='ltr'><strong><em>divinitate,</em></strong></span> <span class='ocrx_word' id='word_1_455' title='bbox 3188 2099 3468 2155; x_wconf 88' lang='lat' dir='ltr'><strong><em>nunquam</em></strong></span> 
     </span>
    </p>
   </div>
   <div class='ocr_carea' id='block_1_63' title="bbox 1886 2177 3470 2253">
    <p class='ocr_par' dir='ltr' id='par_1_63' title="bbox 1886 2177 3470 2253">
     <span class='ocr_line' id='line_1_63' title="bbox 1886 2177 3470 2253; baseline -0.004 -15"><span class='ocrx_word' id='word_1_456' title='bbox 1886 2184 1939 2238; x_wconf 90' lang='lat' dir='ltr'><strong><em>id</em></strong></span> <span class='ocrx_word' id='word_1_457' title='bbox 1966 2183 2014 2238; x_wconf 91' lang='lat' dir='ltr'><strong><em>ei</em></strong></span> <span class='ocrx_word' id='word_1_458' title='bbox 2051 2191 2145 2236; x_wconf 92' lang='lat' dir='ltr'><strong><em>aut</em></strong></span> <span class='ocrx_word' id='word_1_459' title='bbox 2177 2183 2320 2252; x_wconf 91' lang='lat' dir='ltr'><strong><em>apud</em></strong></span> <span class='ocrx_word' id='word_1_460' title='bbox 2357 2183 2522 2236; x_wconf 89' lang='lat' dir='ltr'><strong><em>alium</em></strong></span> <span class='ocrx_word' id='word_1_461' title='bbox 2556 2181 2873 2253; x_wconf 87' lang='lat' dir='ltr'><strong><em>episcopum</em></strong></span> <span class='ocrx_word' id='word_1_462' title='bbox 2906 2179 3175 2250; x_wconf 80' lang='lat' dir='ltr'><strong><em>purgandi</em></strong></span> <span class='ocrx_word' id='word_1_463' title='bbox 3206 2179 3293 2234; x_wconf 92' lang='lat' dir='ltr'><strong><em>sui</em></strong></span> <span class='ocrx_word' id='word_1_464' title='bbox 3326 2177 3470 2232; x_wconf 87' lang='lat' dir='ltr'><strong><em>labo-</em></strong></span> 
     </span>
    </p>
   </div>
   <div class='ocr_carea' id='block_1_64' title="bbox 1887 2274 2391 2328">
    <p class='ocr_par' dir='ltr' id='par_1_64' title="bbox 1887 2274 2391 2328">
     <span class='ocr_line' id='line_1_64' title="bbox 1887 2274 2391 2328; baseline -0.004 0"><span class='ocrx_word' id='word_1_465' title='bbox 1887 2289 2000 2328; x_wconf 86' lang='lat' dir='ltr'><strong><em>rem</em></strong></span> <span class='ocrx_word' id='word_1_466' title='bbox 2038 2274 2239 2328; x_wconf 82' lang='lat' dir='ltr'><strong><em>attulit.</em></strong></span> <span class='ocrx_word' id='word_1_467' title='bbox 2384 2278 2391 2285; x_wconf 83' lang='grc'><strong>“</strong></span> 
     </span>
    </p>
   </div>
   <div class='ocr_carea' id='block_1_65' title="bbox 1958 2379 3471 2454">
    <p class='ocr_par' dir='ltr' id='par_1_65' title="bbox 1958 2379 3471 2454">
     <span class='ocr_line' id='line_1_65' title="bbox 1958 2379 3471 2454; baseline -0.003 -16"><span class='ocrx_word' id='word_1_468' title='bbox 1958 2386 2166 2439; x_wconf 85' lang='lat' dir='ltr'><strong><em>Auctor</em></strong></span> <span class='ocrx_word' id='word_1_469' title='bbox 2209 2384 2462 2454; x_wconf 82' lang='lat' dir='ltr'><strong><em>epusenli</em></strong></span> <span class='ocrx_word' id='word_1_470' title='bbox 2508 2400 2617 2438; x_wconf 88' lang='lat' dir='ltr'><strong><em>non</em></strong></span> <span class='ocrx_word' id='word_1_471' title='bbox 2651 2384 2827 2439; x_wconf 89' lang='lat' dir='ltr'><strong><em>solum</em></strong></span> <span class='ocrx_word' id='word_1_472' title='bbox 2881 2380 3225 2437; x_wconf 85' lang='lat' dir='ltr'><strong><em>adversarios</em></strong></span> <span class='ocrx_word' id='word_1_473' title='bbox 3265 2379 3471 2451; x_wconf 85' lang='lat' dir='ltr'><strong><em>allingit</em></strong></span> 
     </span>
    </p>
   </div>
   <div class='ocr_carea' id='block_1_66' title="bbox 1890 2471 3471 2546">
    <p class='ocr_par' dir='ltr' id='par_1_66' title="bbox 1890 2471 3471 2546">
     <span class='ocr_line' id='line_1_66' title="bbox 1890 2471 3471 2546; baseline -0.003 -16"><span class='ocrx_word' id='word_1_474' title='bbox 1890 2476 2116 2539; x_wconf 83' lang='lat' dir='ltr'><strong><em>Basilio,</em></strong></span> <span class='ocrx_word' id='word_1_475' title='bbox 2146 2477 2241 2546; x_wconf 90' lang='lat' dir='ltr'><strong><em>qui</em></strong></span> <span class='ocrx_word' id='word_1_476' title='bbox 2271 2476 2405 2529; x_wconf 89' lang='lat' dir='ltr'><strong><em>nulli</em></strong></span> <span class='ocrx_word' id='word_1_477' title='bbox 2438 2476 2734 2539; x_wconf 84' lang='lat' dir='ltr'><strong><em>exstitere;</em></strong></span> <span class='ocrx_word' id='word_1_478' title='bbox 2769 2473 2865 2529; x_wconf 88' lang='lat' dir='ltr'><strong><em>sed</em></strong></span> <span class='ocrx_word' id='word_1_479' title='bbox 2906 2475 3069 2529; x_wconf 89' lang='lat' dir='ltr'><strong><em>etiam</em></strong></span> <span class='ocrx_word' id='word_1_480' title='bbox 3100 2487 3238 2542; x_wconf 89' lang='lat' dir='ltr'><strong><em>quos</em></strong></span> <span class='ocrx_word' id='word_1_481' title='bbox 3278 2471 3471 2525; x_wconf 85' lang='lat' dir='ltr'><strong><em>habuit</em></strong></span> 
     </span>
    </p>
   </div>
   <div class='ocr_carea' id='block_1_67' title="bbox 1889 2562 3470 2633">
    <p class='ocr_par' dir='ltr' id='par_1_67' title="bbox 1889 2562 3470 2633">
     <span class='ocr_line' id='line_1_67' title="bbox 1889 2562 3470 2633; baseline -0.006 -9"><span class='ocrx_word' id='word_1_482' title='bbox 1889 2570 2229 2633; x_wconf 79' lang='lat' dir='ltr'><strong><em>defensores,</em></strong></span> <span class='ocrx_word' id='word_1_483' title='bbox 2264 2569 2332 2622; x_wconf 90' lang='lat' dir='ltr'><strong><em>ab</em></strong></span> <span class='ocrx_word' id='word_1_484' title='bbox 2358 2584 2424 2622; x_wconf 90' lang='lat' dir='ltr'><strong><em>eo</em></strong></span> <span class='ocrx_word' id='word_1_485' title='bbox 2453 2568 2687 2622; x_wconf 88' lang='lat' dir='ltr'><strong><em>avellere</em></strong></span> <span class='ocrx_word' id='word_1_486' title='bbox 2726 2577 2977 2632; x_wconf 86' lang='lat' dir='ltr'><strong><em>conatur,</em></strong></span> <span class='ocrx_word' id='word_1_487' title='bbox 3016 2564 3073 2618; x_wconf 92' lang='lat' dir='ltr'><strong><em>S.</em></strong></span> <span class='ocrx_word' id='word_1_488' title='bbox 3106 2562 3470 2617; x_wconf 88' lang='lat' dir='ltr'><strong><em>Athanasium</em></strong></span> 
     </span>
    </p>
   </div>
   <div class='ocr_carea' id='block_1_68' title="bbox 1888 2654 3472 2731">
    <p class='ocr_par' dir='ltr' id='par_1_68' title="bbox 1888 2654 3472 2731">
     <span class='ocr_line' id='line_1_68' title="bbox 1888 2654 3472 2731; baseline -0.006 -15"><span class='ocrx_word' id='word_1_489' title='bbox 1888 2669 1941 2717; x_wconf 90' lang='lat' dir='ltr'><strong><em>et</em></strong></span> <span class='ocrx_word' id='word_1_490' title='bbox 1976 2659 2036 2715; x_wconf 91' lang='lat' dir='ltr'><strong><em>S.</em></strong></span> <span class='ocrx_word' id='word_1_491' title='bbox 2078 2658 2402 2731; x_wconf 82' lang='lat' dir='ltr'><strong><em>Gregorium</em></strong></span> <span class='ocrx_word' id='word_1_492' title='bbox 2447 2658 2851 2713; x_wconf 81' lang='lat' dir='ltr'><strong><em>Nazianzenum</em></strong></span> <span class='ocrx_word' id='word_1_493' title='bbox 2885 2675 2898 2708; x_wconf 90' lang='lat'><strong>:</strong></span> <span class='ocrx_word' id='word_1_494' title='bbox 2931 2673 2993 2711; x_wconf 88' lang='lat' dir='ltr'><strong><em>ac</em></strong></span> <span class='ocrx_word' id='word_1_495' title='bbox 3031 2656 3097 2711; x_wconf 89' lang='lat' dir='ltr'><strong><em>de</em></strong></span> <span class='ocrx_word' id='word_1_496' title='bbox 3137 2656 3307 2709; x_wconf 89' lang='lat' dir='ltr'><strong><em>altero</em></strong></span> <span class='ocrx_word' id='word_1_497' title='bbox 3348 2654 3472 2723; x_wconf 85' lang='lat' dir='ltr'><strong><em>qui-</em></strong></span> 
     </span>
    </p>
   </div>
   <div class='ocr_carea' id='block_1_69' title="bbox 1889 2746 3472 2818">
    <p class='ocr_par' dir='ltr' id='par_1_69' title="bbox 1889 2746 3472 2818">
     <span class='ocr_line' id='line_1_69' title="bbox 1889 2746 3472 2818; baseline -0.005 -9"><span class='ocrx_word' id='word_1_498' title='bbox 1889 2755 2012 2809; x_wconf 89' lang='lat' dir='ltr'><strong><em>dem</em></strong></span> <span class='ocrx_word' id='word_1_499' title='bbox 2044 2753 2280 2817; x_wconf 87' lang='lat' dir='ltr'><strong><em>dubitat,</em></strong></span> <span class='ocrx_word' id='word_1_500' title='bbox 2313 2768 2379 2805; x_wconf 87' lang='lat' dir='ltr'><strong><em>an</em></strong></span> <span class='ocrx_word' id='word_1_501' title='bbox 2413 2751 2611 2807; x_wconf 85' lang='lat' dir='ltr'><strong><em>factum</em></strong></span> <span class='ocrx_word' id='word_1_502' title='bbox 2657 2750 2844 2804; x_wconf 87' lang='lat' dir='ltr'><strong><em>Basilii</em></strong></span> <span class='ocrx_word' id='word_1_503' title='bbox 2875 2747 3169 2818; x_wconf 83' lang='lat' dir='ltr'><strong><em>aliquando</em></strong></span> <span class='ocrx_word' id='word_1_504' title='bbox 3206 2746 3472 2816; x_wconf 86' lang='lat' dir='ltr'><strong><em>probave-</em></strong></span> 
     </span>
    </p>
   </div>
   <div class='ocr_carea' id='block_1_70' title="bbox 1891 2837 3473 2913">
    <p class='ocr_par' dir='ltr' id='par_1_70' title="bbox 1891 2837 3473 2913">
     <span class='ocr_line' id='line_1_70' title="bbox 1891 2837 3473 2913; baseline -0.007 -12"><span class='ocrx_word' id='word_1_505' title='bbox 1891 2848 1986 2910; x_wconf 86' lang='lat' dir='ltr'><strong><em>rit,</em></strong></span> <span class='ocrx_word' id='word_1_506' title='bbox 2015 2846 2248 2900; x_wconf 89' lang='lat' dir='ltr'><strong><em>alterum</em></strong></span> <span class='ocrx_word' id='word_1_507' title='bbox 2284 2862 2393 2899; x_wconf 91' lang='lat' dir='ltr'><strong><em>non</em></strong></span> <span class='ocrx_word' id='word_1_508' title='bbox 2436 2860 2651 2913; x_wconf 88' lang='lat' dir='ltr'><strong><em>semper</em></strong></span> <span class='ocrx_word' id='word_1_509' title='bbox 2681 2843 2942 2912; x_wconf 87' lang='lat' dir='ltr'><strong><em>probasse</em></strong></span> <span class='ocrx_word' id='word_1_510' title='bbox 2972 2839 3276 2895; x_wconf 89' lang='lat' dir='ltr'><strong><em>contendit.</em></strong></span> <span class='ocrx_word' id='word_1_511' title='bbox 3304 2837 3473 2908; x_wconf 80' lang='lat' dir='ltr'><strong><em>Equi-</em></strong></span> 
     </span>
    </p>
   </div>
   <div class='ocr_carea' id='block_1_71' title="bbox 1890 2928 3471 3004">
    <p class='ocr_par' dir='ltr' id='par_1_71' title="bbox 1890 2928 3471 3004">
     <span class='ocr_line' id='line_1_71' title="bbox 1890 2928 3471 3004; baseline -0.006 -13"><span class='ocrx_word' id='word_1_512' title='bbox 1890 2936 2013 2991; x_wconf 91' lang='lat' dir='ltr'><strong><em>dem</em></strong></span> <span class='ocrx_word' id='word_1_513' title='bbox 2045 2952 2156 2989; x_wconf 89' lang='lat' dir='ltr'><strong><em>non</em></strong></span> <span class='ocrx_word' id='word_1_514' title='bbox 2186 2935 2365 2991; x_wconf 83' lang='lat' dir='ltr'><strong><em>&#39;vidco</em></strong></span> <span class='ocrx_word' id='word_1_515' title='bbox 2394 2928 2536 3004; x_wconf 85' lang='lat' dir='ltr'><strong><em>quid</em></strong></span> <span class='ocrx_word' id='word_1_516' title='bbox 2573 2934 2734 2987; x_wconf 89' lang='lat' dir='ltr'><strong><em>nobis</em></strong></span> <span class='ocrx_word' id='word_1_517' title='bbox 2768 2934 3018 2986; x_wconf 83' lang='lat' dir='ltr'><strong><em>relictum</em></strong></span> <span class='ocrx_word' id='word_1_518' title='bbox 3053 2931 3143 2993; x_wconf 92' lang='lat' dir='ltr'><strong><em>sit,</em></strong></span> <span class='ocrx_word' id='word_1_519' title='bbox 3176 2944 3286 2999; x_wconf 87' lang='lat' dir='ltr'><strong><em>quo</em></strong></span> <span class='ocrx_word' id='word_1_520' title='bbox 3324 2929 3471 2982; x_wconf 57' lang='lat' dir='ltr'><strong><em>uita-</em></strong></span> 
     </span>
    </p>
   </div>
   <div class='ocr_carea' id='block_1_72' title="bbox 1889 3022 3473 3094">
    <p class='ocr_par' dir='ltr' id='par_1_72' title="bbox 1889 3022 3473 3094">
     <span class='ocr_line' id='line_1_72' title="bbox 1889 3022 3473 3094; baseline -0.006 -11"><span class='ocrx_word' id='word_1_521' title='bbox 1889 3043 2015 3083; x_wconf 87' lang='lat' dir='ltr'><strong><em>mur</em></strong></span> <span class='ocrx_word' id='word_1_522' title='bbox 2045 3029 2100 3081; x_wconf 91' lang='lat' dir='ltr'><strong><em>in</em></strong></span> <span class='ocrx_word' id='word_1_523' title='bbox 2132 3028 2295 3082; x_wconf 88' lang='lat' dir='ltr'><strong><em>rebus</em></strong></span> <span class='ocrx_word' id='word_1_524' title='bbox 2339 3026 2567 3089; x_wconf 89' lang='lat' dir='ltr'><strong><em>criticis,</em></strong></span> <span class='ocrx_word' id='word_1_525' title='bbox 2603 3027 2649 3080; x_wconf 92' lang='lat' dir='ltr'><strong><em>si</em></strong></span> <span class='ocrx_word' id='word_1_526' title='bbox 2700 3024 2903 3079; x_wconf 87' lang='lat' dir='ltr'><strong><em>Basilio</em></strong></span> <span class='ocrx_word' id='word_1_527' title='bbox 2949 3023 3309 3094; x_wconf 84' lang='lat' dir='ltr'><strong><em>patrocinium</em></strong></span> <span class='ocrx_word' id='word_1_528' title='bbox 3358 3022 3473 3076; x_wconf 85' lang='lat' dir='ltr'><strong><em>eri-</em></strong></span> 
     </span>
    </p>
   </div>
   <div class='ocr_carea' id='block_1_73' title="bbox 1890 3114 3473 3191">
    <p class='ocr_par' dir='ltr' id='par_1_73' title="bbox 1890 3114 3473 3191">
     <span class='ocr_line' id='line_1_73' title="bbox 1890 3114 3473 3191; baseline -0.004 -17"><span class='ocrx_word' id='word_1_529' title='bbox 1890 3121 2073 3191; x_wconf 84' lang='lat' dir='ltr'><strong><em>piatur</em></strong></span> <span class='ocrx_word' id='word_1_530' title='bbox 2114 3117 2175 3177; x_wconf 90' lang='lat' dir='ltr'><strong><em>S.</em></strong></span> <span class='ocrx_word' id='word_1_531' title='bbox 2200 3120 2510 3175; x_wconf 86' lang='lat' dir='ltr'><strong><em>Athanasii.</em></strong></span> <span class='ocrx_word' id='word_1_532' title='bbox 2550 3118 2779 3173; x_wconf 78' lang='lat' dir='ltr'><strong><em>Exstant</em></strong></span> <span class='ocrx_word' id='word_1_533' title='bbox 2814 3118 2935 3171; x_wconf 75' lang='lat' dir='ltr'><strong><em>duae</em></strong></span> <span class='ocrx_word' id='word_1_534' title='bbox 2963 3118 3110 3171; x_wconf 90' lang='lat' dir='ltr'><strong><em>illius</em></strong></span> <span class='ocrx_word' id='word_1_535' title='bbox 3140 3115 3386 3186; x_wconf 66' lang='lat' dir='ltr'><strong><em>epistolae</em></strong></span> <span class='ocrx_word' id='word_1_536' title='bbox 3416 3114 3473 3168; x_wconf 88' lang='lat' dir='ltr'><strong><em>in</em></strong></span> 
     </span>
    </p>
   </div>
   <div class='ocr_carea' id='block_1_74' title="bbox 1891 3208 3474 3282">
    <p class='ocr_par' dir='ltr' id='par_1_74' title="bbox 1891 3208 3474 3282">
     <span class='ocr_line' id='line_1_74' title="bbox 1891 3208 3474 3282; baseline -0.005 -13"><span class='ocrx_word' id='word_1_537' title='bbox 1891 3214 2154 3269; x_wconf 89' lang='lat' dir='ltr'><strong><em>Basilium</em></strong></span> <span class='ocrx_word' id='word_1_538' title='bbox 2190 3211 2625 3282; x_wconf 67' lang='lat' dir='ltr'><strong><em>perbonorilieze,</em></strong></span> <span class='ocrx_word' id='word_1_539' title='bbox 2657 3211 2826 3263; x_wconf 84' lang='lat' dir='ltr'><strong><em>altera</em></strong></span> <span class='ocrx_word' id='word_1_540' title='bbox 2859 3209 2924 3262; x_wconf 91' lang='lat' dir='ltr'><strong><em>ad</em></strong></span> <span class='ocrx_word' id='word_1_541' title='bbox 2949 3208 3275 3274; x_wconf 86' lang='lat' dir='ltr'><strong><em>Palladium,</em></strong></span> <span class='ocrx_word' id='word_1_542' title='bbox 3303 3208 3474 3261; x_wconf 87' lang='lat' dir='ltr'><strong><em>altera</em></strong></span> 
     </span>
    </p>
   </div>
   <div class='ocr_carea' id='block_1_75' title="bbox 1890 3299 3476 3370">
    <p class='ocr_par' dir='ltr' id='par_1_75' title="bbox 1890 3299 3476 3370">
     <span class='ocr_line' id='line_1_75' title="bbox 1890 3299 3476 3370; baseline -0.004 -9"><span class='ocrx_word' id='word_1_543' title='bbox 1890 3306 1957 3361; x_wconf 86' lang='lat' dir='ltr'><strong><em>ad</em></strong></span> <span class='ocrx_word' id='word_1_544' title='bbox 1987 3306 2253 3361; x_wconf 85' lang='lat' dir='ltr'><strong><em>Joannem</em></strong></span> <span class='ocrx_word' id='word_1_545' title='bbox 2281 3313 2335 3359; x_wconf 88' lang='lat' dir='ltr'><strong><em>et</em></strong></span> <span class='ocrx_word' id='word_1_546' title='bbox 2364 3303 2719 3357; x_wconf 81' lang='lat' dir='ltr'><strong><em>Antiochum.</em></strong></span> <span class='ocrx_word' id='word_1_547' title='bbox 2751 3302 2808 3355; x_wconf 88' lang='lat' dir='ltr'><strong><em>In</em></strong></span> <span class='ocrx_word' id='word_1_548' title='bbox 2834 3309 3068 3370; x_wconf 88' lang='lat' dir='ltr'><strong><em>utraque</em></strong></span> <span class='ocrx_word' id='word_1_549' title='bbox 3091 3299 3349 3354; x_wconf 80' lang='lat' dir='ltr'><strong><em>Basiliam</em></strong></span> <span class='ocrx_word' id='word_1_550' title='bbox 3378 3299 3476 3355; x_wconf 84' lang='lat' dir='ltr'><strong><em>de-</em></strong></span> 
     </span>
    </p>
   </div>
   <div class='ocr_carea' id='block_1_76' title="bbox 1892 3391 3474 3465">
    <p class='ocr_par' dir='ltr' id='par_1_76' title="bbox 1892 3391 3474 3465">
     <span class='ocr_line' id='line_1_76' title="bbox 1892 3391 3474 3465; baseline -0.005 -11"><span class='ocrx_word' id='word_1_551' title='bbox 1892 3400 2088 3465; x_wconf 87' lang='lat' dir='ltr'><strong><em>fendit,</em></strong></span> <span class='ocrx_word' id='word_1_552' title='bbox 2121 3406 2438 3453; x_wconf 88' lang='lat' dir='ltr'><strong><em>accusatum</em></strong></span> <span class='ocrx_word' id='word_1_553' title='bbox 2467 3411 2497 3449; x_wconf 88' lang='lat' dir='ltr'><strong><em>a</em></strong></span> <span class='ocrx_word' id='word_1_554' title='bbox 2532 3396 2817 3450; x_wconf 87' lang='lat' dir='ltr'><strong><em>monachis</em></strong></span> <span class='ocrx_word' id='word_1_555' title='bbox 2841 3393 3295 3456; x_wconf 64' lang='lat' dir='ltr'><strong><em>Cresaricnsibus,</em></strong></span> <span class='ocrx_word' id='word_1_556' title='bbox 3329 3391 3474 3461; x_wconf 90' lang='lat' dir='ltr'><strong><em>quod</em></strong></span> 
     </span>
    </p>
   </div>
   <div class='ocr_carea' id='block_1_77' title="bbox 1891 3483 3470 3561">
    <p class='ocr_par' dir='ltr' id='par_1_77' title="bbox 1891 3483 3470 3561">
     <span class='ocr_line' id='line_1_77' title="bbox 1891 3483 3470 3561; baseline -0.006 -16"><span class='ocrx_word' id='word_1_557' title='bbox 1891 3492 1945 3546; x_wconf 89' lang='lat' dir='ltr'><strong><em>in</em></strong></span> <span class='ocrx_word' id='word_1_558' title='bbox 1979 3491 2250 3561; x_wconf 82' lang='lat' dir='ltr'><strong><em>dogmatis</em></strong></span> <span class='ocrx_word' id='word_1_559' title='bbox 2294 3488 2615 3543; x_wconf 85' lang='lat' dir='ltr'><strong><em>defensione</em></strong></span> <span class='ocrx_word' id='word_1_560' title='bbox 2658 3485 2949 3540; x_wconf 85' lang='lat' dir='ltr'><strong><em>remissius</em></strong></span> <span class='ocrx_word' id='word_1_561' title='bbox 2999 3483 3207 3553; x_wconf 80' lang='lat' dir='ltr'><strong><em>aliquid</em></strong></span> <span class='ocrx_word' id='word_1_562' title='bbox 3248 3483 3470 3553; x_wconf 83' lang='lat' dir='ltr'><strong><em>egisset.</em></strong></span> 
     </span>
    </p>
   </div>
   <div class='ocr_carea' id='block_1_78' title="bbox 1893 3575 3475 3645">
    <p class='ocr_par' dir='ltr' id='par_1_78' title="bbox 1893 3575 3475 3645">
     <span class='ocr_line' id='line_1_78' title="bbox 1893 3575 3475 3645; baseline -0.007 -7"><span class='ocrx_word' id='word_1_563' title='bbox 1893 3584 2048 3638; x_wconf 80' lang='lat' dir='ltr'><strong><em>Unde</em></strong></span> <span class='ocrx_word' id='word_1_564' title='bbox 2092 3580 2425 3635; x_wconf 85' lang='lat' dir='ltr'><strong><em>Athanasius</em></strong></span> <span class='ocrx_word' id='word_1_565' title='bbox 2457 3580 2565 3632; x_wconf 85' lang='lat' dir='ltr'><strong><em>ait:</em></strong></span> <span class='ocrx_word' id='word_1_566' title='bbox 2593 3576 2653 3632; x_wconf 86' lang='lat' dir='ltr'><strong><em>Si</em></strong></span> <span class='ocrx_word' id='word_1_567' title='bbox 2677 3586 2946 3645; x_wconf 83' lang='lat' dir='ltr'><strong><em>suspectus</em></strong></span> <span class='ocrx_word' id='word_1_568' title='bbox 2972 3586 3107 3629; x_wconf 85' lang='lat' dir='ltr'><strong><em>esset</em></strong></span> <span class='ocrx_word' id='word_1_569' title='bbox 3147 3576 3384 3629; x_wconf 85' lang='lat' dir='ltr'><strong><em>Basilius</em></strong></span> <span class='ocrx_word' id='word_1_570' title='bbox 3420 3575 3475 3627; x_wconf 80' lang='lat' dir='ltr'><strong><em>in</em></strong></span> 
     </span>
    </p>
   </div>
   <div class='ocr_carea' id='block_1_79' title="bbox 1891 3666 3474 3744">
    <p class='ocr_par' dir='ltr' id='par_1_79' title="bbox 1891 3666 3474 3744">
     <span class='ocr_line' id='line_1_79' title="bbox 1891 3666 3474 3744; baseline -0.006 -16"><span class='ocrx_word' id='word_1_571' title='bbox 1891 3675 1955 3728; x_wconf 82' lang='lat' dir='ltr'><strong><em>iis</em></strong></span> <span class='ocrx_word' id='word_1_572' title='bbox 1989 3690 2104 3744; x_wconf 80' lang='lat' dir='ltr'><strong><em>quw</em></strong></span> <span class='ocrx_word' id='word_1_573' title='bbox 2131 3672 2197 3726; x_wconf 89' lang='lat' dir='ltr'><strong><em>ad</em></strong></span> <span class='ocrx_word' id='word_1_574' title='bbox 2230 3675 2497 3725; x_wconf 79' lang='lat' dir='ltr'><strong><em>veritatem</em></strong></span> <span class='ocrx_word' id='word_1_575' title='bbox 2526 3678 2780 3737; x_wconf 83' lang='lat' dir='ltr'><strong><em>spectant,</em></strong></span> <span class='ocrx_word' id='word_1_576' title='bbox 2812 3667 3132 3720; x_wconf 82' lang='lat' dir='ltr'><strong><em>laudabilem</em></strong></span> <span class='ocrx_word' id='word_1_577' title='bbox 3157 3666 3269 3736; x_wconf 79' lang='lat' dir='ltr'><strong><em>fore</em></strong></span> <span class='ocrx_word' id='word_1_578' title='bbox 3293 3681 3474 3718; x_wconf 84' lang='lat' dir='ltr'><strong><em>eorum</em></strong></span> 
     </span>
    </p>
   </div>
   <div class='ocr_carea' id='block_1_80' title="bbox 1892 3758 3474 3828">
    <p class='ocr_par' dir='ltr' id='par_1_80' title="bbox 1892 3758 3474 3828">
     <span class='ocr_line' id='line_1_80' title="bbox 1892 3758 3474 3828; baseline -0.006 -9"><span class='ocrx_word' id='word_1_579' title='bbox 1892 3766 2295 3819; x_wconf 81' lang='lat' dir='ltr'><strong><em>contentionem.</em></strong></span> <span class='ocrx_word' id='word_1_580' title='bbox 2330 3762 2582 3817; x_wconf 86' lang='lat' dir='ltr'><strong><em>Declarat</em></strong></span> <span class='ocrx_word' id='word_1_581' title='bbox 2612 3776 2735 3815; x_wconf 88' lang='lat' dir='ltr'><strong><em>eum</em></strong></span> <span class='ocrx_word' id='word_1_582' title='bbox 2770 3761 2939 3827; x_wconf 77' lang='lat' dir='ltr'><strong><em>magis</em></strong></span> <span class='ocrx_word' id='word_1_583' title='bbox 2978 3775 3073 3828; x_wconf 86' lang='lat' dir='ltr'><strong><em>pro</em></strong></span> <span class='ocrx_word' id='word_1_584' title='bbox 3099 3758 3316 3811; x_wconf 86' lang='lat' dir='ltr'><strong><em>veritate</em></strong></span> <span class='ocrx_word' id='word_1_585' title='bbox 3361 3773 3474 3810; x_wconf 85' lang='lat' dir='ltr'><strong><em>cer-</em></strong></span> 
     </span>
    </p>
   </div>
   <div class='ocr_carea' id='block_1_81' title="bbox 1893 3845 3475 3924">
    <p class='ocr_par' dir='ltr' id='par_1_81' title="bbox 1893 3845 3475 3924">
     <span class='ocr_line' id='line_1_81' title="bbox 1893 3845 3475 3924; baseline -0.006 -16"><span class='ocrx_word' id='word_1_586' title='bbox 1893 3865 2026 3920; x_wconf 87' lang='lat' dir='ltr'><strong><em>tare,</em></strong></span> <span class='ocrx_word' id='word_1_587' title='bbox 2072 3863 2122 3908; x_wconf 84' lang='lat' dir='ltr'><strong><em>et</em></strong></span> <span class='ocrx_word' id='word_1_588' title='bbox 2172 3870 2260 3909; x_wconf 84' lang='lat' dir='ltr'><strong><em>eos</em></strong></span> <span class='ocrx_word' id='word_1_589' title='bbox 2310 3853 2399 3924; x_wconf 87' lang='lat' dir='ltr'><strong><em>qui</em></strong></span> <span class='ocrx_word' id='word_1_590' title='bbox 2426 3851 2670 3905; x_wconf 84' lang='lat' dir='ltr'><strong><em>doctrina</em></strong></span> <span class='ocrx_word' id='word_1_591' title='bbox 2725 3858 2870 3919; x_wconf 89' lang='lat' dir='ltr'><strong><em>egent</em></strong></span> <span class='ocrx_word' id='word_1_592' title='bbox 2924 3847 3155 3902; x_wconf 81' lang='lat' dir='ltr'><strong><em>educere.</em></strong></span> <span class='ocrx_word' id='word_1_593' title='bbox 3213 3845 3475 3900; x_wconf 86' lang='lat' dir='ltr'><strong><em>Hortatur</em></strong></span> 
     </span>
    </p>
   </div>
   <div class='ocr_carea' id='block_1_82' title="bbox 1892 3938 3472 4013">
    <p class='ocr_par' dir='ltr' id='par_1_82' title="bbox 1892 3938 3472 4013">
     <span class='ocr_line' id='line_1_82' title="bbox 1892 3938 3472 4013; baseline -0.009 -9"><span class='ocrx_word' id='word_1_594' title='bbox 1892 3949 2225 4013; x_wconf 88' lang='lat' dir='ltr'><strong><em>monachos,</em></strong></span> <span class='ocrx_word' id='word_1_595' title='bbox 2277 3956 2356 4011; x_wconf 90' lang='lat' dir='ltr'><strong><em>ut,</em></strong></span> <span class='ocrx_word' id='word_1_596' title='bbox 2391 3945 2725 4013; x_wconf 83' lang='lat' dir='ltr'><strong><em>respicientes</em></strong></span> <span class='ocrx_word' id='word_1_597' title='bbox 2760 3942 2828 3994; x_wconf 89' lang='lat' dir='ltr'><strong><em>ad</em></strong></span> <span class='ocrx_word' id='word_1_598' title='bbox 2865 3941 3193 4008; x_wconf 87' lang='lat' dir='ltr'><strong><em>propositum</em></strong></span> <span class='ocrx_word' id='word_1_599' title='bbox 3234 3938 3472 3993; x_wconf 80' lang='lat' dir='ltr'><strong><em>veritatis</em></strong></span> 
     </span>
    </p>
   </div>
   <div class='ocr_carea' id='block_1_83' title="bbox 1891 4030 3470 4103">
    <p class='ocr_par' dir='ltr' id='par_1_83' title="bbox 1891 4030 3470 4103">
     <span class='ocr_line' id='line_1_83' title="bbox 1891 4030 3470 4103; baseline -0.008 -11"><span class='ocrx_word' id='word_1_600' title='bbox 1891 4041 2037 4093; x_wconf 88' lang='lat' dir='ltr'><strong><em>illius</em></strong></span> <span class='ocrx_word' id='word_1_601' title='bbox 2090 4047 2140 4091; x_wconf 91' lang='lat' dir='ltr'><strong><em>et</em></strong></span> <span class='ocrx_word' id='word_1_602' title='bbox 2196 4037 2574 4097; x_wconf 74' lang='lat' dir='ltr'><strong><em>teconomiam,</em></strong></span> <span class='ocrx_word' id='word_1_603' title='bbox 2639 4032 2934 4103; x_wconf 78' lang='lat' dir='ltr'><strong><em>gloriﬁcent</em></strong></span> <span class='ocrx_word' id='word_1_604' title='bbox 2992 4030 3300 4090; x_wconf 88' lang='lat' dir='ltr'><strong><em>Dominum,</em></strong></span> <span class='ocrx_word' id='word_1_605' title='bbox 3363 4035 3470 4081; x_wconf 85' lang='lat' dir='ltr'><strong><em>etc.</em></strong></span> 
     </span>
    </p>
   </div>
   <div class='ocr_carea' id='block_1_84' title="bbox 1893 4123 3474 4204">
    <p class='ocr_par' dir='ltr' id='par_1_84' title="bbox 1893 4123 3474 4204">
     <span class='ocr_line' id='line_1_84' title="bbox 1893 4123 3474 4204; baseline -0.006 -17"><span class='ocrx_word' id='word_1_606' title='bbox 1893 4134 2151 4201; x_wconf 61' lang='lat' dir='ltr'><strong><em>Quaenam</em></strong></span> <span class='ocrx_word' id='word_1_607' title='bbox 2193 4133 2283 4186; x_wconf 90' lang='lat' dir='ltr'><strong><em>illa</em></strong></span> <span class='ocrx_word' id='word_1_608' title='bbox 2318 4129 2647 4193; x_wconf 79' lang='lat' dir='ltr'><strong><em>(economia,</em></strong></span> <span class='ocrx_word' id='word_1_609' title='bbox 2683 4142 2812 4204; x_wconf 69' lang='lat' dir='ltr'><strong><em>quae</em></strong></span> <span class='ocrx_word' id='word_1_610' title='bbox 2844 4126 3129 4181; x_wconf 89' lang='lat' dir='ltr'><strong><em>monachis</em></strong></span> <span class='ocrx_word' id='word_1_611' title='bbox 3158 4123 3344 4178; x_wconf 88' lang='lat' dir='ltr'><strong><em>Basilii</em></strong></span> <span class='ocrx_word' id='word_1_612' title='bbox 3379 4137 3474 4177; x_wconf 85' lang='lat' dir='ltr'><strong><em>ac-</em></strong></span> 
     </span>
    </p>
   </div>
   <div class='ocr_carea' id='block_1_85' title="bbox 1892 4216 3476 4290">
    <p class='ocr_par' dir='ltr' id='par_1_85' title="bbox 1892 4216 3476 4290">
     <span class='ocr_line' id='line_1_85' title="bbox 1892 4216 3476 4290; baseline -0.009 -9"><span class='ocrx_word' id='word_1_613' title='bbox 1892 4225 2124 4282; x_wconf 90' lang='lat' dir='ltr'><strong><em>cusandi</em></strong></span> <span class='ocrx_word' id='word_1_614' title='bbox 2159 4225 2444 4281; x_wconf 78' lang='lat' dir='ltr'><strong><em>materiam</em></strong></span> <span class='ocrx_word' id='word_1_615' title='bbox 2472 4221 2663 4276; x_wconf 87' lang='lat' dir='ltr'><strong><em>dedit?</em></strong></span> <span class='ocrx_word' id='word_1_616' title='bbox 2691 4218 2966 4290; x_wconf 90' lang='lat' dir='ltr'><strong><em>quodnam</em></strong></span> <span class='ocrx_word' id='word_1_617' title='bbox 2997 4217 3193 4287; x_wconf 84' lang='lat' dir='ltr'><strong><em>dogma</em></strong></span> <span class='ocrx_word' id='word_1_618' title='bbox 3219 4216 3370 4272; x_wconf 87' lang='lat' dir='ltr'><strong><em>visus</em></strong></span> <span class='ocrx_word' id='word_1_619' title='bbox 3390 4220 3476 4269; x_wconf 89' lang='lat' dir='ltr'><strong><em>est</em></strong></span> 
     </span>
    </p>
   </div>
   <div class='ocr_carea' id='block_1_86' title="bbox 1895 4308 3477 4378">
    <p class='ocr_par' dir='ltr' id='par_1_86' title="bbox 1895 4308 3477 4378">
     <span class='ocr_line' id='line_1_86' title="bbox 1895 4308 3477 4378; baseline -0.008 -6"><span class='ocrx_word' id='word_1_620' title='bbox 1895 4317 2182 4373; x_wconf 82' lang='lat' dir='ltr'><strong><em>remissius</em></strong></span> <span class='ocrx_word' id='word_1_621' title='bbox 2232 4313 2566 4371; x_wconf 84' lang='lat' dir='ltr'><strong><em>defendere?</em></strong></span> <span class='ocrx_word' id='word_1_622' title='bbox 2613 4309 2761 4365; x_wconf 89' lang='lat' dir='ltr'><strong><em>Nihil</em></strong></span> <span class='ocrx_word' id='word_1_623' title='bbox 2814 4326 2948 4366; x_wconf 89' lang='lat' dir='ltr'><strong><em>sane</em></strong></span> <span class='ocrx_word' id='word_1_624' title='bbox 2998 4308 3241 4378; x_wconf 85' lang='lat' dir='ltr'><strong><em>reperias</em></strong></span> <span class='ocrx_word' id='word_1_625' title='bbox 3279 4315 3477 4378; x_wconf 58' lang='lat' dir='ltr'><strong><em>praeter</em></strong></span> 
     </span>
    </p>
   </div>
   <div class='ocr_carea' id='block_1_87' title="bbox 1895 4398 3479 4478">
    <p class='ocr_par' dir='ltr' id='par_1_87' title="bbox 1895 4398 3479 4478">
     <span class='ocr_line' id='line_1_87' title="bbox 1895 4398 3479 4478; baseline -0.008 -16"><span class='ocrx_word' id='word_1_626' title='bbox 1895 4408 2253 4478; x_wconf 67' lang='lat' dir='ltr'><strong><em>quaestionem</em></strong></span> <span class='ocrx_word' id='word_1_627' title='bbox 2289 4406 2356 4460; x_wconf 89' lang='lat' dir='ltr'><strong><em>de</em></strong></span> <span class='ocrx_word' id='word_1_628' title='bbox 2398 4405 2604 4475; x_wconf 85' lang='lat' dir='ltr'><strong><em>Spiritu</em></strong></span> <span class='ocrx_word' id='word_1_629' title='bbox 2643 4409 2853 4461; x_wconf 86' lang='lat' dir='ltr'><strong><em>saneto.</em></strong></span> <span class='ocrx_word' id='word_1_630' title='bbox 2910 4399 3028 4455; x_wconf 80' lang='lat' dir='ltr'><strong><em>lluc</em></strong></span> <span class='ocrx_word' id='word_1_631' title='bbox 3074 4398 3286 4454; x_wconf 85' lang='lat' dir='ltr'><strong><em>accedit</em></strong></span> <span class='ocrx_word' id='word_1_632' title='bbox 3325 4398 3479 4453; x_wconf 87' lang='lat' dir='ltr'><strong><em>testi-</em></strong></span> 
     </span>
    </p>
   </div>
   <div class='ocr_carea' id='block_1_88' title="bbox 200 4484 3476 4581">
    <p class='ocr_par' dir='ltr' id='par_1_88' title="bbox 200 4484 3476 4581">
     <span class='ocr_line' id='line_1_88' title="bbox 200 4484 3476 4581; baseline -0.009 -14"><span class='ocrx_word' id='word_1_633' title='bbox 200 4512 473 4579; x_wconf 78' lang='lat' dir='ltr'><strong><em>scriptor,</em></strong></span> <span class='ocrx_word' id='word_1_634' title='bbox 526 4508 776 4563; x_wconf 86' lang='lat' dir='ltr'><strong><em>occultos</em></strong></span> <span class='ocrx_word' id='word_1_635' title='bbox 826 4507 1148 4573; x_wconf 76' lang='lat' dir='ltr'><strong><em>lizereticos,</em></strong></span> <span class='ocrx_word' id='word_1_636' title='bbox 1198 4505 1378 4578; x_wconf 91' lang='lat' dir='ltr'><strong><em>qualis</em></strong></span> <span class='ocrx_word' id='word_1_637' title='bbox 1422 4513 1540 4561; x_wconf 89' lang='lat' dir='ltr'><strong><em>erat</em></strong></span> <span class='ocrx_word' id='word_1_638' title='bbox 1592 4503 1791 4559; x_wconf 88' lang='lat' dir='ltr'><strong><em>Eusta-</em></strong></span> <span class='ocrx_word' id='word_1_639' title='bbox 1824 4524 1870 4581; x_wconf 72' lang='grc' dir='ltr'><strong><em>ι)</em></strong></span> <span class='ocrx_word' id='word_1_640' title='bbox 1902 4500 2144 4553; x_wconf 89' lang='lat' dir='ltr'><strong><em>monium</em></strong></span> <span class='ocrx_word' id='word_1_641' title='bbox 2183 4493 2431 4564; x_wconf 87' lang='lat' dir='ltr'><strong><em>Gregorii</em></strong></span> <span class='ocrx_word' id='word_1_642' title='bbox 2470 4490 2823 4555; x_wconf 82' lang='lat' dir='ltr'><strong><em>Nazianzeni,</em></strong></span> <span class='ocrx_word' id='word_1_643' title='bbox 2853 4489 3012 4557; x_wconf 89' lang='lat' dir='ltr'><strong><em>cujus</em></strong></span> <span class='ocrx_word' id='word_1_644' title='bbox 3049 4503 3114 4541; x_wconf 81' lang='lat' dir='ltr'><strong><em>ex</em></strong></span> <span class='ocrx_word' id='word_1_645' title='bbox 3142 4485 3373 4555; x_wconf 89' lang='lat' dir='ltr'><strong><em>epistola</em></strong></span> <span class='ocrx_word' id='word_1_646' title='bbox 3406 4484 3476 4538; x_wconf 76' lang='lat'><strong><em>27</em></strong></span> 
     </span>
    </p>
   </div>
   <div class='ocr_carea' id='block_1_89' title="bbox 200 4597 1796 4668">
    <p class='ocr_par' dir='ltr' id='par_1_89' title="bbox 200 4597 1796 4668">
     <span class='ocr_line' id='line_1_89' title="bbox 200 4597 1796 4668; baseline -0.003 -11"><span class='ocrx_word' id='word_1_647' title='bbox 200 4603 382 4668; x_wconf 86' lang='lat' dir='ltr'><strong><em>thius,</em></strong></span> <span class='ocrx_word' id='word_1_648' title='bbox 414 4600 518 4654; x_wconf 90' lang='lat' dir='ltr'><strong><em>hac</em></strong></span> <span class='ocrx_word' id='word_1_649' title='bbox 546 4599 736 4655; x_wconf 84' lang='lat' dir='ltr'><strong><em>Basilii</em></strong></span> <span class='ocrx_word' id='word_1_650' title='bbox 759 4599 1270 4655; x_wconf 88' lang='lat' dir='ltr'><strong><em>accommodatione</em></strong></span> <span class='ocrx_word' id='word_1_651' title='bbox 1293 4606 1347 4654; x_wconf 89' lang='lat' dir='ltr'><strong><em>et</em></strong></span> <span class='ocrx_word' id='word_1_652' title='bbox 1370 4597 1634 4653; x_wconf 88' lang='lat' dir='ltr'><strong><em>facilitate</em></strong></span> <span class='ocrx_word' id='word_1_653' title='bbox 1665 4611 1796 4653; x_wconf 88' lang='lat' dir='ltr'><strong><em>usos</em></strong></span> 
     </span>
    </p>
   </div>
   <div class='ocr_carea' id='block_1_90' title="bbox 198 4689 1795 4763">
    <p class='ocr_par' dir='ltr' id='par_1_90' title="bbox 198 4689 1795 4763">
     <span class='ocr_line' id='line_1_90' title="bbox 198 4689 1795 4763; baseline -0.004 -11"><span class='ocrx_word' id='word_1_654' title='bbox 198 4708 353 4756; x_wconf 84' lang='lat' dir='ltr'><strong><em>esse,</em></strong></span> <span class='ocrx_word' id='word_1_655' title='bbox 396 4702 458 4747; x_wconf 91' lang='lat' dir='ltr'><strong><em>ut</em></strong></span> <span class='ocrx_word' id='word_1_656' title='bbox 489 4708 610 4748; x_wconf 87' lang='lat' dir='ltr'><strong><em>sese</em></strong></span> <span class='ocrx_word' id='word_1_657' title='bbox 639 4708 765 4748; x_wconf 88' lang='lat' dir='ltr'><strong><em>cum</em></strong></span> <span class='ocrx_word' id='word_1_658' title='bbox 799 4707 866 4748; x_wconf 89' lang='lat' dir='ltr'><strong><em>eo</em></strong></span> <span class='ocrx_word' id='word_1_659' title='bbox 898 4694 1322 4763; x_wconf 72' lang='lat' dir='ltr'><strong><em>coniungerent,</em></strong></span> <span class='ocrx_word' id='word_1_660' title='bbox 1360 4706 1425 4746; x_wconf 88' lang='lat' dir='ltr'><strong><em>ac</em></strong></span> <span class='ocrx_word' id='word_1_661' title='bbox 1455 4689 1795 4761; x_wconf 83' lang='lat' dir='ltr'><strong><em>gravissimis</em></strong></span> 
     </span>
    </p>
   </div>
   <div class='ocr_carea' id='block_1_91' title="bbox 198 4783 1798 4860">
    <p class='ocr_par' dir='ltr' id='par_1_91' title="bbox 198 4783 1798 4860">
     <span class='ocr_line' id='line_1_91' title="bbox 198 4783 1798 4860; baseline -0.002 -19"><span class='ocrx_word' id='word_1_662' title='bbox 198 4794 404 4860; x_wconf 86' lang='lat' dir='ltr'><strong><em>postea</em></strong></span> <span class='ocrx_word' id='word_1_663' title='bbox 447 4786 600 4840; x_wconf 90' lang='lat' dir='ltr'><strong><em>illum</em></strong></span> <span class='ocrx_word' id='word_1_664' title='bbox 649 4785 945 4842; x_wconf 90' lang='lat' dir='ltr'><strong><em>calumniis</em></strong></span> <span class='ocrx_word' id='word_1_665' title='bbox 976 4794 1258 4841; x_wconf 79' lang='lat' dir='ltr'><strong><em>vexarent.</em></strong></span> <span class='ocrx_word' id='word_1_666' title='bbox 1286 4783 1617 4839; x_wconf 71' lang='lat' dir='ltr'><strong><em>Iamdudum</em></strong></span> <span class='ocrx_word' id='word_1_667' title='bbox 1663 4799 1798 4839; x_wconf 87' lang='lat' dir='ltr'><strong><em>con-</em></strong></span> 
     </span>
    </p>
   </div>
   <div class='ocr_carea' id='block_1_92' title="bbox 194 4873 1797 4947">
    <p class='ocr_par' dir='ltr' id='par_1_92' title="bbox 194 4873 1797 4947">
     <span class='ocr_line' id='line_1_92' title="bbox 194 4873 1797 4947; baseline 0 -19"><span class='ocrx_word' id='word_1_668' title='bbox 194 4875 559 4947; x_wconf 88' lang='lat' dir='ltr'><strong><em>junctissime</em></strong></span> <span class='ocrx_word' id='word_1_669' title='bbox 598 4889 726 4930; x_wconf 90' lang='lat' dir='ltr'><strong><em>cum</em></strong></span> <span class='ocrx_word' id='word_1_670' title='bbox 757 4874 1048 4932; x_wconf 86' lang='lat' dir='ltr'><strong><em>Eustathio</em></strong></span> <span class='ocrx_word' id='word_1_671' title='bbox 1077 4883 1131 4931; x_wconf 91' lang='lat' dir='ltr'><strong><em>et</em></strong></span> <span class='ocrx_word' id='word_1_672' title='bbox 1171 4875 1551 4930; x_wconf 88' lang='lat' dir='ltr'><strong><em>amantissime</em></strong></span> <span class='ocrx_word' id='word_1_673' title='bbox 1587 4873 1797 4929; x_wconf 90' lang='lat' dir='ltr'><strong><em>vixerat</em></strong></span> 
     </span>
    </p>
   </div>
   <div class='ocr_carea' id='block_1_93' title="bbox 200 4965 1796 5038">
    <p class='ocr_par' dir='ltr' id='par_1_93' title="bbox 200 4965 1796 5038">
     <span class='ocr_line' id='line_1_93' title="bbox 200 4965 1796 5038; baseline 0.001 -16"><span class='ocrx_word' id='word_1_674' title='bbox 200 4968 490 5030; x_wconf 86' lang='lat' dir='ltr'><strong><em>Basilius,</em></strong></span> <span class='ocrx_word' id='word_1_675' title='bbox 535 4974 831 5038; x_wconf 86' lang='lat' dir='ltr'><strong><em>antequam</em></strong></span> <span class='ocrx_word' id='word_1_676' title='bbox 883 4967 1000 5021; x_wconf 71' lang='lat' dir='ltr'><strong><em>lucc</em></strong></span> <span class='ocrx_word' id='word_1_677' title='bbox 1034 4965 1103 5022; x_wconf 88' lang='lat' dir='ltr'><strong><em>de</em></strong></span> <span class='ocrx_word' id='word_1_678' title='bbox 1155 4965 1366 5036; x_wconf 89' lang='lat' dir='ltr'><strong><em>Spiritu</em></strong></span> <span class='ocrx_word' id='word_1_679' title='bbox 1420 4966 1796 5024; x_wconf 86' lang='lat' dir='ltr'><strong><em>controversia</em></strong></span> 
     </span>
    </p>
   </div>
   <div class='ocr_carea' id='block_1_94' title="bbox 199 5058 1798 5135">
    <p class='ocr_par' dir='ltr' id='par_1_94' title="bbox 199 5058 1798 5135">
     <span class='ocr_line' id='line_1_94' title="bbox 199 5058 1798 5135; baseline -0.003 -19"><span class='ocrx_word' id='word_1_680' title='bbox 199 5061 483 5135; x_wconf 81' lang='lat' dir='ltr'><strong><em>prodiret.</em></strong></span> <span class='ocrx_word' id='word_1_681' title='bbox 512 5058 631 5115; x_wconf 85' lang='lat' dir='ltr'><strong><em>Non</em></strong></span> <span class='ocrx_word' id='word_1_682' title='bbox 670 5060 845 5117; x_wconf 89' lang='lat' dir='ltr'><strong><em>multo</em></strong></span> <span class='ocrx_word' id='word_1_683' title='bbox 875 5069 1000 5131; x_wconf 88' lang='lat' dir='ltr'><strong><em>post</em></strong></span> <span class='ocrx_word' id='word_1_684' title='bbox 1033 5069 1281 5115; x_wconf 86' lang='lat' dir='ltr'><strong><em>exortam</em></strong></span> <span class='ocrx_word' id='word_1_685' title='bbox 1314 5061 1455 5114; x_wconf 88' lang='lat' dir='ltr'><strong><em>hanc</em></strong></span> <span class='ocrx_word' id='word_1_686' title='bbox 1479 5069 1798 5116; x_wconf 83' lang='lat' dir='ltr'><strong><em>controver-</em></strong></span> 
     </span>
    </p>
   </div>
   <div class='ocr_carea' id='block_1_95' title="bbox 200 5150 1800 5224">
    <p class='ocr_par' dir='ltr' id='par_1_95' title="bbox 200 5150 1800 5224">
     <span class='ocr_line' id='line_1_95' title="bbox 200 5150 1800 5224; baseline -0.004 -14"><span class='ocrx_word' id='word_1_687' title='bbox 200 5158 351 5211; x_wconf 86' lang='lat' dir='ltr'><strong><em>siam</em></strong></span> <span class='ocrx_word' id='word_1_688' title='bbox 379 5153 623 5209; x_wconf 86' lang='lat' dir='ltr'><strong><em>dissiluit</em></strong></span> <span class='ocrx_word' id='word_1_689' title='bbox 667 5168 859 5210; x_wconf 90' lang='lat' dir='ltr'><strong><em>eorum</em></strong></span> <span class='ocrx_word' id='word_1_690' title='bbox 903 5153 1171 5217; x_wconf 87' lang='lat' dir='ltr'><strong><em>amicitia,</em></strong></span> <span class='ocrx_word' id='word_1_691' title='bbox 1194 5164 1483 5224; x_wconf 89' lang='lat' dir='ltr'><strong><em>propterea</em></strong></span> <span class='ocrx_word' id='word_1_692' title='bbox 1509 5152 1655 5222; x_wconf 90' lang='lat' dir='ltr'><strong><em>quod</em></strong></span> <span class='ocrx_word' id='word_1_693' title='bbox 1696 5150 1800 5208; x_wconf 75' lang='lat' dir='ltr'><strong><em>Ba-</em></strong></span> 
     </span>
    </p>
   </div>
   <div class='ocr_carea' id='block_1_96' title="bbox 201 5245 1800 5318">
    <p class='ocr_par' dir='ltr' id='par_1_96' title="bbox 201 5245 1800 5318">
     <span class='ocr_line' id='line_1_96' title="bbox 201 5245 1800 5318; baseline -0.004 -14"><span class='ocrx_word' id='word_1_694' title='bbox 201 5250 398 5312; x_wconf 75' lang='lat' dir='ltr'><strong><em>silius,</em></strong></span> <span class='ocrx_word' id='word_1_695' title='bbox 441 5249 549 5303; x_wconf 88' lang='lat' dir='ltr'><strong><em>etsi</em></strong></span> <span class='ocrx_word' id='word_1_696' title='bbox 597 5247 656 5302; x_wconf 91' lang='lat' dir='ltr'><strong><em>in</em></strong></span> <span class='ocrx_word' id='word_1_697' title='bbox 705 5246 991 5318; x_wconf 84' lang='lat' dir='ltr'><strong><em>probanda</em></strong></span> <span class='ocrx_word' id='word_1_698' title='bbox 1021 5255 1076 5303; x_wconf 89' lang='lat' dir='ltr'><strong><em>et</em></strong></span> <span class='ocrx_word' id='word_1_699' title='bbox 1117 5245 1478 5317; x_wconf 87' lang='lat' dir='ltr'><strong><em>periclitauda</em></strong></span> <span class='ocrx_word' id='word_1_700' title='bbox 1515 5247 1800 5301; x_wconf 87' lang='lat' dir='ltr'><strong><em>hominum</em></strong></span> 
     </span>
    </p>
   </div>
   <div class='ocr_carea' id='block_1_97' title="bbox 202 5338 1802 5412">
    <p class='ocr_par' dir='ltr' id='par_1_97' title="bbox 202 5338 1802 5412">
     <span class='ocr_line' id='line_1_97' title="bbox 202 5338 1802 5412; baseline -0.003 -14"><span class='ocrx_word' id='word_1_701' title='bbox 202 5349 605 5412; x_wconf 73' lang='lat' dir='ltr'><strong><em>suspector-um</em></strong></span> <span class='ocrx_word' id='word_1_702' title='bbox 644 5338 755 5399; x_wconf 82' lang='lat' dir='ltr'><strong><em>ﬁde</em></strong></span> <span class='ocrx_word' id='word_1_703' title='bbox 802 5355 1059 5396; x_wconf 87' lang='lat' dir='ltr'><strong><em>morosus</em></strong></span> <span class='ocrx_word' id='word_1_704' title='bbox 1100 5355 1214 5395; x_wconf 89' lang='lat' dir='ltr'><strong><em>non</em></strong></span> <span class='ocrx_word' id='word_1_705' title='bbox 1245 5347 1385 5405; x_wconf 86' lang='lat' dir='ltr'><strong><em>erat,</em></strong></span> <span class='ocrx_word' id='word_1_706' title='bbox 1412 5340 1486 5393; x_wconf 88' lang='lat' dir='ltr'><strong><em>ita</em></strong></span> <span class='ocrx_word' id='word_1_707' title='bbox 1518 5348 1701 5395; x_wconf 90' lang='lat' dir='ltr'><strong><em>tamen</em></strong></span> <span class='ocrx_word' id='word_1_708' title='bbox 1745 5339 1802 5394; x_wconf 88' lang='lat' dir='ltr'><strong><em>in</em></strong></span> 
     </span>
    </p>
   </div>
   <div class='ocr_carea' id='block_1_98' title="bbox 203 5430 1805 5504">
    <p class='ocr_par' dir='ltr' id='par_1_98' title="bbox 203 5430 1805 5504">
     <span class='ocr_line' id='line_1_98' title="bbox 203 5430 1805 5504; baseline -0.002 -14"><span class='ocrx_word' id='word_1_709' title='bbox 203 5431 645 5504; x_wconf 85' lang='lat' dir='ltr'><strong><em>constringendo</em></strong></span> <span class='ocrx_word' id='word_1_710' title='bbox 687 5443 742 5489; x_wconf 88' lang='lat' dir='ltr'><strong><em>et</em></strong></span> <span class='ocrx_word' id='word_1_711' title='bbox 769 5431 1101 5489; x_wconf 81' lang='lat' dir='ltr'><strong><em>ﬁrmissimis</em></strong></span> <span class='ocrx_word' id='word_1_712' title='bbox 1128 5432 1289 5489; x_wconf 88' lang='lat' dir='ltr'><strong><em>nodis</em></strong></span> <span class='ocrx_word' id='word_1_713' title='bbox 1327 5432 1563 5488; x_wconf 91' lang='lat' dir='ltr'><strong><em>tenendo</em></strong></span> <span class='ocrx_word' id='word_1_714' title='bbox 1605 5430 1805 5487; x_wconf 83' lang='lat' dir='ltr'><strong><em>Eusta-</em></strong></span> 
     </span>
    </p>
   </div>
   <div class='ocr_carea' id='block_1_99' title="bbox 204 5523 1805 5595">
    <p class='ocr_par' dir='ltr' id='par_1_99' title="bbox 204 5523 1805 5595">
     <span class='ocr_line' id='line_1_99' title="bbox 204 5523 1805 5595; baseline -0.001 -13"><span class='ocrx_word' id='word_1_715' title='bbox 204 5528 328 5583; x_wconf 84' lang='lat' dir='ltr'><strong><em>tbio</em></strong></span> <span class='ocrx_word' id='word_1_716' title='bbox 360 5533 559 5580; x_wconf 88' lang='lat' dir='ltr'><strong><em>cautus</em></strong></span> <span class='ocrx_word' id='word_1_717' title='bbox 590 5524 731 5590; x_wconf 82' lang='lat' dir='ltr'><strong><em>fuit,</em></strong></span> <span class='ocrx_word' id='word_1_718' title='bbox 764 5534 825 5581; x_wconf 90' lang='lat' dir='ltr'><strong><em>ut</em></strong></span> <span class='ocrx_word' id='word_1_719' title='bbox 861 5541 987 5580; x_wconf 89' lang='lat' dir='ltr'><strong><em>cum</em></strong></span> <span class='ocrx_word' id='word_1_720' title='bbox 1026 5523 1130 5582; x_wconf 89' lang='lat' dir='ltr'><strong><em>iste</em></strong></span> <span class='ocrx_word' id='word_1_721' title='bbox 1163 5524 1281 5581; x_wconf 71' lang='lat' dir='ltr'><strong><em>haec</em></strong></span> <span class='ocrx_word' id='word_1_722' title='bbox 1310 5525 1528 5581; x_wconf 88' lang='lat' dir='ltr'><strong><em>vincula</em></strong></span> <span class='ocrx_word' id='word_1_723' title='bbox 1571 5524 1805 5595; x_wconf 84' lang='lat' dir='ltr'><strong><em>eﬂ‘ugere</em></strong></span> 
     </span>
    </p>
   </div>
   <div class='ocr_carea' id='block_1_100' title="bbox 211 5616 1805 5688">
    <p class='ocr_par' dir='ltr' id='par_1_100' title="bbox 211 5616 1805 5688">
     <span class='ocr_line' id='line_1_100' title="bbox 211 5616 1805 5688; baseline -0.001 -16"><span class='ocrx_word' id='word_1_724' title='bbox 211 5633 328 5672; x_wconf 90' lang='lat' dir='ltr'><strong><em>non</em></strong></span> <span class='ocrx_word' id='word_1_725' title='bbox 361 5626 574 5688; x_wconf 89' lang='lat' dir='ltr'><strong><em>posset,</em></strong></span> <span class='ocrx_word' id='word_1_726' title='bbox 603 5618 791 5673; x_wconf 90' lang='lat' dir='ltr'><strong><em>odium</em></strong></span> <span class='ocrx_word' id='word_1_727' title='bbox 823 5624 879 5674; x_wconf 89' lang='lat' dir='ltr'><strong><em>et</em></strong></span> <span class='ocrx_word' id='word_1_728' title='bbox 912 5618 1252 5673; x_wconf 89' lang='lat' dir='ltr'><strong><em>iracundiam</em></strong></span> <span class='ocrx_word' id='word_1_729' title='bbox 1291 5618 1348 5672; x_wconf 91' lang='lat' dir='ltr'><strong><em>in</em></strong></span> <span class='ocrx_word' id='word_1_730' title='bbox 1398 5616 1658 5673; x_wconf 80' lang='lat' dir='ltr'><strong><em>Basiliam</em></strong></span> <span class='ocrx_word' id='word_1_731' title='bbox 1709 5632 1805 5687; x_wconf 89' lang='lat' dir='ltr'><strong><em>pa-</em></strong></span> 
     </span>
    </p>
   </div>
   <div class='ocr_carea' id='block_1_101' title="bbox 215 5710 1803 5782">
    <p class='ocr_par' dir='ltr' id='par_1_101' title="bbox 215 5710 1803 5782">
     <span class='ocr_line' id='line_1_101' title="bbox 215 5710 1803 5782; baseline -0.001 -17"><span class='ocrx_word' id='word_1_732' title='bbox 215 5711 327 5765; x_wconf 85' lang='lat' dir='ltr'><strong><em>lam</em></strong></span> <span class='ocrx_word' id='word_1_733' title='bbox 381 5718 439 5766; x_wconf 92' lang='lat' dir='ltr'><strong><em>et</em></strong></span> <span class='ocrx_word' id='word_1_734' title='bbox 477 5719 667 5782; x_wconf 87' lang='lat' dir='ltr'><strong><em>aperte</em></strong></span> <span class='ocrx_word' id='word_1_735' title='bbox 716 5711 1040 5767; x_wconf 89' lang='lat' dir='ltr'><strong><em>evomuerit.</em></strong></span> <span class='ocrx_word' id='word_1_736' title='bbox 1094 5710 1283 5767; x_wconf 88' lang='lat' dir='ltr'><strong><em>Basilii</em></strong></span> <span class='ocrx_word' id='word_1_737' title='bbox 1332 5725 1463 5781; x_wconf 84' lang='lat' dir='ltr'><strong><em>ergo</em></strong></span> <span class='ocrx_word' id='word_1_738' title='bbox 1504 5711 1702 5766; x_wconf 88' lang='lat' dir='ltr'><strong><em>lenitas</em></strong></span> <span class='ocrx_word' id='word_1_739' title='bbox 1748 5712 1803 5764; x_wconf 89' lang='lat' dir='ltr'><strong><em>in</em></strong></span> 
     </span>
    </p>
   </div>
   <div class='ocr_carea' id='block_1_102' title="bbox 218 5801 1803 5879">
    <p class='ocr_par' dir='ltr' id='par_1_102' title="bbox 218 5801 1803 5879">
     <span class='ocr_line' id='line_1_102' title="bbox 218 5801 1803 5879; baseline -0.001 -21"><span class='ocrx_word' id='word_1_740' title='bbox 218 5801 562 5860; x_wconf 84' lang='lat' dir='ltr'><strong><em>defendenda</em></strong></span> <span class='ocrx_word' id='word_1_741' title='bbox 612 5802 854 5879; x_wconf 81' lang='lat' dir='ltr'><strong><em>Spiritus</em></strong></span> <span class='ocrx_word' id='word_1_742' title='bbox 892 5803 1175 5861; x_wconf 88' lang='lat' dir='ltr'><strong><em>divinitate</em></strong></span> <span class='ocrx_word' id='word_1_743' title='bbox 1224 5818 1567 5879; x_wconf 84' lang='lat' dir='ltr'><strong><em>nequaquam</em></strong></span> <span class='ocrx_word' id='word_1_744' title='bbox 1608 5804 1803 5859; x_wconf 82' lang='lat' dir='ltr'><strong><em>Eusta-</em></strong></span> 
     </span>
    </p>
   </div>
   <div class='ocr_carea' id='block_1_103' title="bbox 1898 4574 3477 4649">
    <p class='ocr_par' dir='ltr' id='par_1_103' title="bbox 1898 4574 3477 4649">
     <span class='ocr_line' id='line_1_103' title="bbox 1898 4574 3477 4649; baseline -0.01 -5"><span class='ocrx_word' id='word_1_745' title='bbox 1898 4589 2166 4645; x_wconf 89' lang='lat' dir='ltr'><strong><em>discimus</em></strong></span> <span class='ocrx_word' id='word_1_746' title='bbox 2215 4585 2502 4649; x_wconf 84' lang='lat' dir='ltr'><strong><em>Basiliam,</em></strong></span> <span class='ocrx_word' id='word_1_747' title='bbox 2556 4598 2681 4636; x_wconf 89' lang='lat' dir='ltr'><strong><em>cum</em></strong></span> <span class='ocrx_word' id='word_1_748' title='bbox 2736 4580 2825 4635; x_wconf 93' lang='lat' dir='ltr'><strong><em>die</em></strong></span> <span class='ocrx_word' id='word_1_749' title='bbox 2877 4581 3018 4636; x_wconf 87' lang='lat' dir='ltr'><strong><em>festo</em></strong></span> <span class='ocrx_word' id='word_1_750' title='bbox 3068 4578 3127 4633; x_wconf 90' lang='lat' dir='ltr'><strong><em>S.</em></strong></span> <span class='ocrx_word' id='word_1_751' title='bbox 3181 4574 3477 4646; x_wconf 80' lang='lat' dir='ltr'><strong><em>Eupsychii</em></strong></span> 
     </span>
    </p>
   </div>
   <div class='ocr_carea' id='block_1_104' title="bbox 1898 4667 3479 4751">
    <p class='ocr_par' dir='ltr' id='par_1_104' title="bbox 1898 4667 3479 4751">
     <span class='ocr_line' id='line_1_104' title="bbox 1898 4667 3479 4751; baseline -0.011 -14"><span class='ocrx_word' id='word_1_752' title='bbox 1898 4680 2067 4737; x_wconf 91' lang='lat' dir='ltr'><strong><em>Deum</em></strong></span> <span class='ocrx_word' id='word_1_753' title='bbox 2091 4695 2198 4735; x_wconf 91' lang='lat' dir='ltr'><strong><em>non</em></strong></span> <span class='ocrx_word' id='word_1_754' title='bbox 2225 4679 2558 4751; x_wconf 85' lang='lat' dir='ltr'><strong><em>appellasset</em></strong></span> <span class='ocrx_word' id='word_1_755' title='bbox 2588 4673 2853 4745; x_wconf 90' lang='lat' dir='ltr'><strong><em>Spiritum</em></strong></span> <span class='ocrx_word' id='word_1_756' title='bbox 2878 4680 3153 4735; x_wconf 89' lang='lat' dir='ltr'><strong><em>sanctum,</em></strong></span> <span class='ocrx_word' id='word_1_757' title='bbox 3178 4667 3479 4723; x_wconf 86' lang='lat' dir='ltr'><strong><em>monacho-</em></strong></span> 
     </span>
    </p>
   </div>
   <div class='ocr_carea' id='block_1_105' title="bbox 1896 4762 3480 4843">
    <p class='ocr_par' dir='ltr' id='par_1_105' title="bbox 1896 4762 3480 4843">
     <span class='ocr_line' id='line_1_105' title="bbox 1896 4762 3480 4843; baseline -0.011 -15"><span class='ocrx_word' id='word_1_758' title='bbox 1896 4789 2019 4829; x_wconf 91' lang='lat' dir='ltr'><strong><em>rum</em></strong></span> <span class='ocrx_word' id='word_1_759' title='bbox 2056 4771 2308 4843; x_wconf 88' lang='lat' dir='ltr'><strong><em>querelas</em></strong></span> <span class='ocrx_word' id='word_1_760' title='bbox 2352 4770 2407 4823; x_wconf 90' lang='lat' dir='ltr'><strong><em>in</em></strong></span> <span class='ocrx_word' id='word_1_761' title='bbox 2461 4784 2522 4825; x_wconf 88' lang='lat' dir='ltr'><strong><em>se</em></strong></span> <span class='ocrx_word' id='word_1_762' title='bbox 2576 4767 2903 4821; x_wconf 90' lang='lat' dir='ltr'><strong><em>concitasse.</em></strong></span> <span class='ocrx_word' id='word_1_763' title='bbox 2946 4762 3055 4817; x_wconf 83' lang='lat' dir='ltr'><strong><em>Res</em></strong></span> <span class='ocrx_word' id='word_1_764' title='bbox 3101 4776 3231 4831; x_wconf 90' lang='lat' dir='ltr'><strong><em>ergo</em></strong></span> <span class='ocrx_word' id='word_1_765' title='bbox 3262 4768 3317 4814; x_wconf 90' lang='lat' dir='ltr'><strong><em>et</em></strong></span> <span class='ocrx_word' id='word_1_766' title='bbox 3354 4773 3480 4829; x_wconf 86' lang='lat' dir='ltr'><strong><em>per-</em></strong></span> 
     </span>
    </p>
   </div>
   <div class='ocr_carea' id='block_1_106' title="bbox 1900 4854 3476 4934">
    <p class='ocr_par' dir='ltr' id='par_1_106' title="bbox 1900 4854 3476 4934">
     <span class='ocr_line' id='line_1_106' title="bbox 1900 4854 3476 4934; baseline -0.01 -12"><span class='ocrx_word' id='word_1_767' title='bbox 1900 4882 2048 4923; x_wconf 66' lang='lat' dir='ltr'><strong><em>sona:</em></strong></span> <span class='ocrx_word' id='word_1_768' title='bbox 2089 4871 2429 4934; x_wconf 70' lang='lat' dir='ltr'><strong><em>congruunt.</em></strong></span> <span class='ocrx_word' id='word_1_769' title='bbox 2484 4859 2668 4934; x_wconf 82' lang='lat' dir='ltr'><strong><em>Ipsum</em></strong></span> <span class='ocrx_word' id='word_1_770' title='bbox 2721 4859 2886 4915; x_wconf 89' lang='lat' dir='ltr'><strong><em>etiam</em></strong></span> <span class='ocrx_word' id='word_1_771' title='bbox 2938 4854 3193 4924; x_wconf 87' lang='lat' dir='ltr'><strong><em>congruit</em></strong></span> <span class='ocrx_word' id='word_1_772' title='bbox 3239 4860 3476 4922; x_wconf 85' lang='lat' dir='ltr'><strong><em>tempus.</em></strong></span> 
     </span>
    </p>
   </div>
   <div class='ocr_carea' id='block_1_107' title="bbox 1898 4943 3479 5013">
    <p class='ocr_par' dir='ltr' id='par_1_107' title="bbox 1898 4943 3479 5013">
     <span class='ocr_line' id='line_1_107' title="bbox 1898 4943 3479 5013; baseline -0.009 -3"><span class='ocrx_word' id='word_1_773' title='bbox 1898 4956 2034 5011; x_wconf 85' lang='lat' dir='ltr'><strong><em>Nam</em></strong></span> <span class='ocrx_word' id='word_1_774' title='bbox 2070 4954 2307 5011; x_wconf 87' lang='lat' dir='ltr'><strong><em>Basilius</em></strong></span> <span class='ocrx_word' id='word_1_775' title='bbox 2344 4954 2447 5007; x_wconf 91' lang='lat' dir='ltr'><strong><em>hac</em></strong></span> <span class='ocrx_word' id='word_1_776' title='bbox 2495 4965 2632 5007; x_wconf 91' lang='lat' dir='ltr'><strong><em>usus</em></strong></span> <span class='ocrx_word' id='word_1_777' title='bbox 2682 4956 2767 5004; x_wconf 91' lang='lat' dir='ltr'><strong><em>est</em></strong></span> <span class='ocrx_word' id='word_1_778' title='bbox 2797 4945 3138 5013; x_wconf 87' lang='lat' dir='ltr'><strong><em>oeconomia,</em></strong></span> <span class='ocrx_word' id='word_1_779' title='bbox 3172 4958 3238 4997; x_wconf 89' lang='lat' dir='ltr'><strong><em>ac</em></strong></span> <span class='ocrx_word' id='word_1_780' title='bbox 3282 4943 3338 4996; x_wconf 89' lang='lat' dir='ltr'><strong><em>in</em></strong></span> <span class='ocrx_word' id='word_1_781' title='bbox 3377 4944 3479 4996; x_wconf 85' lang='lat' dir='ltr'><strong><em>has</em></strong></span> 
     </span>
    </p>
   </div>
   <div class='ocr_carea' id='block_1_108' title="bbox 1901 5034 3479 5112">
    <p class='ocr_par' dir='ltr' id='par_1_108' title="bbox 1901 5034 3479 5112">
     <span class='ocr_line' id='line_1_108' title="bbox 1901 5034 3479 5112; baseline -0.009 -10"><span class='ocrx_word' id='word_1_782' title='bbox 1901 5048 2135 5103; x_wconf 89' lang='lat' dir='ltr'><strong><em>incurrit</em></strong></span> <span class='ocrx_word' id='word_1_783' title='bbox 2160 5043 2617 5107; x_wconf 81' lang='lat' dir='ltr'><strong><em>criminationes,</em></strong></span> <span class='ocrx_word' id='word_1_784' title='bbox 2650 5050 2943 5112; x_wconf 89' lang='lat' dir='ltr'><strong><em>antequam</em></strong></span> <span class='ocrx_word' id='word_1_785' title='bbox 2990 5045 3214 5094; x_wconf 89' lang='lat' dir='ltr'><strong><em>sanctus</em></strong></span> <span class='ocrx_word' id='word_1_786' title='bbox 3243 5034 3479 5089; x_wconf 80' lang='lat' dir='ltr'><strong><em>Athana-</em></strong></span> 
     </span>
    </p>
   </div>
   <div class='ocr_carea' id='block_1_109' title="bbox 1902 5128 3107 5207">
    <p class='ocr_par' dir='ltr' id='par_1_109' title="bbox 1902 5128 3107 5207">
     <span class='ocr_line' id='line_1_109' title="bbox 1902 5128 3107 5207; baseline -0.011 -13"><span class='ocrx_word' id='word_1_787' title='bbox 1902 5140 2019 5195; x_wconf 89' lang='lat' dir='ltr'><strong><em>sius</em></strong></span> <span class='ocrx_word' id='word_1_788' title='bbox 2046 5154 2077 5193; x_wconf 88' lang='lat' dir='ltr'><strong><em>e</em></strong></span> <span class='ocrx_word' id='word_1_789' title='bbox 2103 5138 2212 5193; x_wconf 89' lang='lat' dir='ltr'><strong><em>vita</em></strong></span> <span class='ocrx_word' id='word_1_790' title='bbox 2240 5128 2560 5207; x_wconf 84' lang='lat' dir='ltr'><strong><em>migrasset,</em></strong></span> <span class='ocrx_word' id='word_1_791' title='bbox 2585 5147 2781 5202; x_wconf 89' lang='lat' dir='ltr'><strong><em>nempe</em></strong></span> <span class='ocrx_word' id='word_1_792' title='bbox 2810 5146 2955 5185; x_wconf 91' lang='lat' dir='ltr'><strong><em>anno</em></strong></span> <span class='ocrx_word' id='word_1_793' title='bbox 2984 5129 3107 5183; x_wconf 79' lang='grc'><strong><em>571.</em></strong></span> 
     </span>
    </p>
   </div>
   <div class='ocr_carea' id='block_1_110' title="bbox 1974 5243 3473 5323">
    <p class='ocr_par' dir='ltr' id='par_1_110' title="bbox 1974 5243 3473 5323">
     <span class='ocr_line' id='line_1_110' title="bbox 1974 5243 3473 5323; baseline -0.007 -16"><span class='ocrx_word' id='word_1_794' title='bbox 1974 5252 2131 5320; x_wconf 88' lang='lat' dir='ltr'><strong><em>Quod</em></strong></span> <span class='ocrx_word' id='word_1_795' title='bbox 2177 5257 2387 5323; x_wconf 84' lang='lat' dir='ltr'><strong><em>spectat</em></strong></span> <span class='ocrx_word' id='word_1_796' title='bbox 2426 5248 2496 5303; x_wconf 83' lang='lat' dir='ltr'><strong><em>ad</em></strong></span> <span class='ocrx_word' id='word_1_797' title='bbox 2553 5246 2613 5302; x_wconf 91' lang='lat' dir='ltr'><strong><em>S.</em></strong></span> <span class='ocrx_word' id='word_1_798' title='bbox 2658 5247 2977 5317; x_wconf 85' lang='lat' dir='ltr'><strong><em>Gregorium</em></strong></span> <span class='ocrx_word' id='word_1_799' title='bbox 3032 5243 3431 5299; x_wconf 85' lang='lat' dir='ltr'><strong><em>Nazianzenum</em></strong></span> <span class='ocrx_word' id='word_1_800' title='bbox 3457 5285 3473 5310; x_wconf 95' lang='lat'><strong><em>,</em></strong></span> 
     </span>
    </p>
   </div>
   <div class='ocr_carea' id='block_1_111' title="bbox 1902 5337 3476 5418">
    <p class='ocr_par' dir='ltr' id='par_1_111' title="bbox 1902 5337 3476 5418">
     <span class='ocr_line' id='line_1_111' title="bbox 1902 5337 3476 5418; baseline -0.008 -15"><span class='ocrx_word' id='word_1_801' title='bbox 1902 5354 2119 5418; x_wconf 89' lang='lat' dir='ltr'><strong><em>tempus</em></strong></span> <span class='ocrx_word' id='word_1_802' title='bbox 2171 5344 2442 5415; x_wconf 88' lang='lat' dir='ltr'><strong><em>assignari</em></strong></span> <span class='ocrx_word' id='word_1_803' title='bbox 2493 5356 2657 5412; x_wconf 83' lang='lat' dir='ltr'><strong><em>posse</em></strong></span> <span class='ocrx_word' id='word_1_804' title='bbox 2718 5355 2830 5394; x_wconf 89' lang='lat' dir='ltr'><strong><em>non</em></strong></span> <span class='ocrx_word' id='word_1_805' title='bbox 2876 5347 3045 5409; x_wconf 89' lang='lat' dir='ltr'><strong><em>puto,</em></strong></span> <span class='ocrx_word' id='word_1_806' title='bbox 3101 5352 3209 5407; x_wconf 89' lang='lat' dir='ltr'><strong><em>quo</em></strong></span> <span class='ocrx_word' id='word_1_807' title='bbox 3271 5337 3476 5391; x_wconf 81' lang='lat' dir='ltr'><strong><em>factum</em></strong></span> 
     </span>
    </p>
   </div>
   <div class='ocr_carea' id='block_1_112' title="bbox 1905 5430 3479 5508">
    <p class='ocr_par' dir='ltr' id='par_1_112' title="bbox 1905 5430 3479 5508">
     <span class='ocr_line' id='line_1_112' title="bbox 1905 5430 3479 5508; baseline -0.008 -14"><span class='ocrx_word' id='word_1_808' title='bbox 1905 5438 2067 5494; x_wconf 89' lang='lat' dir='ltr'><strong><em>amici</em></strong></span> <span class='ocrx_word' id='word_1_809' title='bbox 2095 5438 2328 5508; x_wconf 88' lang='lat' dir='ltr'><strong><em>probare</em></strong></span> <span class='ocrx_word' id='word_1_810' title='bbox 2349 5434 2594 5491; x_wconf 89' lang='lat' dir='ltr'><strong><em>desierit.</em></strong></span> <span class='ocrx_word' id='word_1_811' title='bbox 2627 5432 2782 5486; x_wconf 90' lang='lat' dir='ltr'><strong><em>Hanc</em></strong></span> <span class='ocrx_word' id='word_1_812' title='bbox 2809 5431 2955 5486; x_wconf 90' lang='lat' dir='ltr'><strong><em>enim</em></strong></span> <span class='ocrx_word' id='word_1_813' title='bbox 2985 5431 3134 5486; x_wconf 87' lang='lat' dir='ltr'><strong><em>illius</em></strong></span> <span class='ocrx_word' id='word_1_814' title='bbox 3167 5430 3333 5483; x_wconf 89' lang='lat' dir='ltr'><strong><em>animi</em></strong></span> <span class='ocrx_word' id='word_1_815' title='bbox 3363 5442 3479 5482; x_wconf 88' lang='lat' dir='ltr'><strong><em>mo-</em></strong></span> 
     </span>
    </p>
   </div>
   <div class='ocr_carea' id='block_1_113' title="bbox 1904 5521 3475 5596">
    <p class='ocr_par' dir='ltr' id='par_1_113' title="bbox 1904 5521 3475 5596">
     <span class='ocr_line' id='line_1_113' title="bbox 1904 5521 3475 5596; baseline -0.008 -11"><span class='ocrx_word' id='word_1_816' title='bbox 1904 5530 2275 5596; x_wconf 71' lang='lat' dir='ltr'><strong><em>derationem,</em></strong></span> <span class='ocrx_word' id='word_1_817' title='bbox 2319 5534 2374 5582; x_wconf 91' lang='lat' dir='ltr'><strong><em>et</em></strong></span> <span class='ocrx_word' id='word_1_818' title='bbox 2410 5527 2626 5581; x_wconf 88' lang='lat' dir='ltr'><strong><em>vivente</em></strong></span> <span class='ocrx_word' id='word_1_819' title='bbox 2672 5527 2792 5596; x_wconf 90' lang='lat' dir='ltr'><strong><em>ipso</em></strong></span> <span class='ocrx_word' id='word_1_820' title='bbox 2832 5532 2886 5579; x_wconf 92' lang='lat' dir='ltr'><strong><em>et</em></strong></span> <span class='ocrx_word' id='word_1_821' title='bbox 2942 5531 3178 5587; x_wconf 91' lang='lat' dir='ltr'><strong><em>mortuo,</em></strong></span> <span class='ocrx_word' id='word_1_822' title='bbox 3213 5521 3475 5585; x_wconf 91' lang='lat' dir='ltr'><strong><em>laudavit,</em></strong></span> 
     </span>
    </p>
   </div>
   <div class='ocr_carea' id='block_1_114' title="bbox 1907 5607 3479 5680">
    <p class='ocr_par' dir='ltr' id='par_1_114' title="bbox 1907 5607 3479 5680">
     <span class='ocr_line' id='line_1_114' title="bbox 1907 5607 3479 5680; baseline -0.008 -4"><span class='ocrx_word' id='word_1_823' title='bbox 1907 5637 2007 5676; x_wconf 87' lang='lat' dir='ltr'><strong><em>nec</em></strong></span> <span class='ocrx_word' id='word_1_824' title='bbox 2039 5619 2280 5673; x_wconf 84' lang='lat' dir='ltr'><strong><em>laudavit</em></strong></span> <span class='ocrx_word' id='word_1_825' title='bbox 2323 5616 2535 5680; x_wconf 91' lang='lat' dir='ltr'><strong><em>solum,</em></strong></span> <span class='ocrx_word' id='word_1_826' title='bbox 2582 5613 2678 5670; x_wconf 84' lang='lat' dir='ltr'><strong><em>sed</em></strong></span> <span class='ocrx_word' id='word_1_827' title='bbox 2724 5614 2886 5668; x_wconf 90' lang='lat' dir='ltr'><strong><em>etiam</em></strong></span> <span class='ocrx_word' id='word_1_828' title='bbox 2929 5613 3174 5666; x_wconf 88' lang='lat' dir='ltr'><strong><em>imitatus</em></strong></span> <span class='ocrx_word' id='word_1_829' title='bbox 3217 5616 3320 5665; x_wconf 90' lang='lat' dir='ltr'><strong><em>est.</em></strong></span> <span class='ocrx_word' id='word_1_830' title='bbox 3372 5607 3479 5663; x_wconf 82' lang='lat' dir='ltr'><strong><em>Ubi</em></strong></span> 
     </span>
    </p>
   </div>
   <div class='ocr_carea' id='block_1_115' title="bbox 1908 5699 3476 5782">
    <p class='ocr_par' dir='ltr' id='par_1_115' title="bbox 1908 5699 3476 5782">
     <span class='ocr_line' id='line_1_115' title="bbox 1908 5699 3476 5782; baseline -0.008 -17"><span class='ocrx_word' id='word_1_831' title='bbox 1908 5712 2140 5782; x_wconf 87' lang='lat' dir='ltr'><strong><em>primum</em></strong></span> <span class='ocrx_word' id='word_1_832' title='bbox 2175 5714 2463 5763; x_wconf 85' lang='lat' dir='ltr'><strong><em>accusatus</em></strong></span> <span class='ocrx_word' id='word_1_833' title='bbox 2491 5715 2572 5762; x_wconf 89' lang='lat' dir='ltr'><strong><em>est</em></strong></span> <span class='ocrx_word' id='word_1_834' title='bbox 2602 5706 2655 5759; x_wconf 89' lang='lat' dir='ltr'><strong><em>in</em></strong></span> <span class='ocrx_word' id='word_1_835' title='bbox 2679 5704 2913 5775; x_wconf 87' lang='lat' dir='ltr'><strong><em>quodam</em></strong></span> <span class='ocrx_word' id='word_1_836' title='bbox 2943 5702 3194 5773; x_wconf 75' lang='lat' dir='ltr'><strong><em>convivio</em></strong></span> <span class='ocrx_word' id='word_1_837' title='bbox 3219 5699 3476 5767; x_wconf 81' lang='lat' dir='ltr'><strong><em>Basilius,</em></strong></span> 
     </span>
    </p>
   </div>
   <div class='ocr_carea' id='block_1_116' title="bbox 1913 5790 3476 5868">
    <p class='ocr_par' dir='ltr' id='par_1_116' title="bbox 1913 5790 3476 5868">
     <span class='ocr_line' id='line_1_116' title="bbox 1913 5790 3476 5868; baseline -0.008 -9"><span class='ocrx_word' id='word_1_838' title='bbox 1913 5801 2118 5860; x_wconf 75' lang='lat' dir='ltr'><strong><em>exarsit</em></strong></span> <span class='ocrx_word' id='word_1_839' title='bbox 2148 5800 2203 5856; x_wconf 89' lang='lat' dir='ltr'><strong><em>in</em></strong></span> <span class='ocrx_word' id='word_1_840' title='bbox 2231 5800 2377 5854; x_wconf 87' lang='lat' dir='ltr'><strong><em>illius</em></strong></span> <span class='ocrx_word' id='word_1_841' title='bbox 2411 5797 2854 5868; x_wconf 80' lang='lat' dir='ltr'><strong><em>reprehensorcm</em></strong></span> <span class='ocrx_word' id='word_1_842' title='bbox 2882 5793 3179 5868; x_wconf 79' lang='lat' dir='ltr'><strong><em>indignatio</em></strong></span> <span class='ocrx_word' id='word_1_843' title='bbox 3208 5790 3476 5863; x_wconf 73' lang='lat' dir='ltr'><strong><em>Gregorii.</em></strong></span> 
     </span>
    </p>
   </div>
  </div>
