3900 6212
452 280 524 372 '51
1905 315 2275 378 ens-marte
2452 338 2464 350 -
3632 335 3708 391 δε

455 428 754 501 Postquam
777 431 925 489 venit
956 430 1483 501 Constantinopolim
1525 428 1819 503 Gregorius
1852 430 1950 506 (6),
1981 440 2043 488 ut
2068 438 2112 492 A
2144 434 2521 501 defenderent,
2547 442 2788 498 nondum
2810 449 2988 499 tamen
3007 444 3490 504 consubstantialis
3515 465 3706 507 vocem

456 522 537 579 ibi
564 523 888 578 catholicam
926 524 1080 578 ﬁdem
1118 539 1255 592 pene
1299 522 1620 578 exstinctam
1650 526 2032 592 exsuscitaret,

459 628 571 669 non
601 618 775 668 solum
805 614 856 668 in
886 613 1196 669 refellendis
1225 612 1494 667 haereticis
1514 628 1694 667 acrem
1724 628 1783 668 se
1809 622 1861 668 et
1891 613 2036 669 inde-

461 702 665 758 fessum
721 705 969 774 praebuit,
1019 704 1113 760 sed
1154 704 1319 759 etiam
1356 694 1432 755 'in
1483 703 1742 758 sanandis
1786 704 2048 773 exemplo

459 793 647 851 Basilii
701 796 930 851 inlirmis
972 796 1147 851 lenem
1192 805 1247 851 et
1294 795 1652 859 moderatum,
1691 801 1751 848 ut.
1792 793 2034 849 declarat

463 885 609 940 illius
646 886 1040 949 testimonium,
1075 887 1219 956 quod
1259 902 1325 941 ex
1368 886 1617 943 oratione
1658 885 1729 938 44
1778 885 2035 955 deprom-

462 979 693 1049 psimus.
739 978 1011 1034 Reversus
1059 977 1530 1048 ConstantinOpoli
1592 978 1892 1032 orationem
1942 976 2036 1030 ha-

464 1068 581 1123 buit
619 1068 673 1123 in
714 1068 902 1124 laudes
933 1068 1140 1133 Basilii,
1173 1069 1225 1123 in
1257 1084 1363 1140 qua
1395 1072 1537 1123 inter
1568 1069 1672 1122 alia
1716 1069 1863 1122 illius
1898 1083 2035 1138 prte-

462 1157 610 1213 clare
652 1156 795 1211 facta
836 1159 1153 1227 prudentem
1195 1158 1342 1212 illam
1370 1158 1758 1213 molestissimo
1791 1166 2034 1228 tempore

462 1249 1022 1304 accommodationem
1048 1258 1316 1305 recenset.
1990 1234 1995 1239 ’

534 1336 1043 1407 Temperamentum
1083 1354 1113 1393 a
1159 1339 1361 1396 Basilio
1404 1337 1708 1394 adhibitum
1756 1351 1823 1392 eo
1867 1337 2031 1392 etiam

465 1431 892 1486 nomine.minus
913 1432 1194 1501 probatur,
1223 1432 1369 1502 quod
1406 1446 1566 1486 suum
1594 1431 1710 1500 ipse
1738 1429 2029 1483 consilium

462 1525 848 1595 repudiaverit,
896 1541 997 1581 nec
1030 1528 1325 1597 quidquam
1376 1527 1552 1581 simile
1592 1526 1646 1579 in
1691 1523 2033 1579 defendendo

462 1616 917 1670 consubstantiali
961 1618 1316 1673 commiserit.
1370 1615 1674 1686 Utrumque
1724 1630 1820 1670 sua
1864 1621 2032 1683 ponte

461 1706 749 1762 refellitur.
777 1707 994 1761 Nullum
1021 1708 1399 1762 inconstantia:
1431 1706 1721 1776 vestigium
1750 1704 1854 1758 hac
1880 1704 1932 1757 in
1972 1718 2032 1757 re

461 1813 639 1867 neque
671 1798 723 1851 in
758 1799 1016 1868 operibus
1060 1796 1269 1865 Basilii,
1303 1813 1479 1868 neque
1538 1796 1681 1867 apud
1713 1794 2033 1863 Gregorium

461 1886 885 1953 Nazianzenum,
915 1884 1005 1960 qui
1040 1904 1144 1943 non
1179 1897 1291 1942 tam
1326 1889 1548 1942 multam
1601 1901 1823 1956 operam
1854 1885 1907 1938 in
1942 1883 2038 1939 de-

463 1980 735 2035 fendendo
788 1981 962 2034 amico
1010 1981 1414 2049 insumpsisset,
1459 1979 1506 2035 si
1558 1981 1644 2032 sui
1699 1976 1852 2031 illum
1908 1973 2037 2030 facti

462 2070 786 2126 credidisset
828 2071 1167 2141 paenituisse.
1219 2070 1401 2141 Ipsum
1459 2070 1623 2126 etiam
1672 2068 2033 2124 consubstan-

463 2163 593 2218 tiale
635 2164 1026 2220 inﬁrmioribus
1075 2164 1283 2220 animis
1327 2162 1657 2219 condonavit
1689 2160 1943 2225 Basilius,
1976 2167 2037 2214 ut

463 2265 629 2323 supra
656 2252 915 2309 diximus.

535 2341 601 2400 V.
628 2343 805 2415 Atque
842 2350 903 2399 ut
935 2351 1043 2398 tota
1078 2342 1225 2397 illius
1259 2341 1313 2395 in
1339 2339 1606 2411 ejusmodi
1639 2338 1804 2394 rebus
1840 2336 2037 2408 agendi

463 2436 606 2492 ratio
633 2435 1017 2507 perspiciatur,
1055 2435 1154 2490 abs
1200 2449 1260 2489 re
1303 2449 1413 2488 non
1455 2432 1560 2488 erit
1607 2431 1844 2486 breviter
1868 2445 2038 2499 expo-

465 2543 617 2592 nere,
649 2526 776 2597 quid
801 2526 871 2581 ab
899 2527 1168 2581 haereticis
1200 2525 1558 2581 redeuntibus
1583 2531 1677 2577 aut
1702 2523 1770 2577 ab
1790 2522 2032 2578 homini-

463 2616 569 2674 bus
596 2618 866 2687 suspectis
894 2632 992 2687 pro
1022 2624 1325 2686 temporum
1355 2617 1617 2670 varietate
1650 2612 2027 2684 postulaverit.

467 2706 627 2762 Same
671 2708 932 2762 doctrinae
968 2705 1203 2761 Basilius
1240 2707 1308 2760 ab
1347 2704 1577 2759 infantia
1623 2704 1692 2758 ad
1732 2710 2038 2759 extremum

465 2814 642 2870 usque
679 2797 929 2870 spiritum
974 2798 1439 2853 retinentissimus
1481 2796 1626 2851 fuit:
1662 2809 1941 2866 nunquam
1980 2794 2038 2849 in

464 2889 586 2959 ejus
614 2904 709 2944 cor
739 2889 833 2943 ulli
860 2888 1098 2945 sermoni
1129 2903 1160 2941 a
1190 2902 1325 2942 sana
1358 2888 1606 2942 doctrina
1647 2886 1825 2941 alieno
1864 2885 2041 2955 patuit

465 2980 683 3049 aditus;
719 2983 869 3037 nulla
903 2982 979 3036 illi
1011 2982 1296 3037 sententia:
1325 2980 1556 3034 mutatio
1585 2978 1762 3050 aliingi
1793 2986 2038 3049 poterat;

465 3073 561 3128 sed
590 3081 771 3127 tamen
807 3079 1029 3142 accepta
1057 3086 1088 3125 a
1119 3071 1323 3126 teneris
1358 3070 1623 3125 doctrinae
1661 3070 1873 3124 semina
1904 3067 2040 3123 fate-

463 3175 557 3222 tur
582 3165 697 3236 ipse
724 3180 827 3219 usu
856 3138 1094 3219 crevisse
1110 3164 1217 3234 (ep.
1249 3162 1373 3225 204,
1404 3179 1458 3216 n.
1480 3162 1533 3228 6,
1565 3177 1618 3231 p.
1638 3161 1770 3229 506;
1789 3175 1875 3231 ep.
1909 3159 2035 3225 225,
2065 3138 2108 3195 C

465 3270 521 3311 n.
552 3256 607 3319 5,
633 3270 689 3325 p.
744 3254 867 3311 538.
894 3253 951 3308 In
996 3255 1063 3310 iis
1106 3261 1287 3309 autem
1336 3268 1457 3324 qua:
1493 3268 1609 3317 ,usu
1660 3259 1714 3305 et
1769 3251 2038 3306 exercita-

463 3342 615 3399 tione
654 3342 732 3398 illi
776 3351 1146 3408 accesserunt,
1189 3342 1465 3398 numerari
1504 3350 1683 3411 potest
1708 3342 1953 3411 quaedam
1981 3341 2038 3397 in

465 3433 850 3504 dignoscendis
870 3435 1246 3491 haereticorum
1262 3434 1697 3489 cavillationibus
1728 3436 2032 3506 prudentia,

465 3541 588 3598 quae
626 3540 750 3581 cum
800 3527 856 3581 in
905 3526 1068 3582 horas
1122 3526 1322 3580 mutari
1363 3526 1624 3590 solerent,
1674 3542 1783 3580 non
1822 3541 1931 3580 uno
1984 3534 2040 3581 et

466 3619 657 3675 eodem
691 3618 852 3675 modo
886 3619 1067 3675 caveri
1104 3619 1426 3675 debuerunt.
1462 3617 1519 3674 ln
1575 3634 1641 3673 ea
1685 3635 1868 3674 rerum
1921 3635 2041 3688 per-

467 3712 800 3776 turbatione,
834 3726 996 3781 quam
1034 3711 1360 3766 Arianorum
1393 3712 1460 3767 de
1495 3711 1659 3767 simili
1697 3719 1751 3766 et
1785 3711 2040 3767 dissimili

466 3803 621 3858 tricae
650 3802 983 3859 induxerunt
1008 3818 1152 3858 anno
1178 3802 1305 3868 560,
1324 3818 1425 3859 nec
1453 3802 1631 3858 simile
1647 3818 1747 3857 nec
1775 3803 2039 3859 dissimile

468 3893 719 3964 placebat
737 3892 962 3958 Basilio,
988 3894 1083 3950 sed
1107 3892 1446 3950 identitatem
1482 3904 1690 3949 natura:
1724 3903 1778 3950 et
1800 3896 2041 3951 consub-

467 3984 726 4040 stantiale
775 3986 1129 4054 proﬁtebatur
1171 3986 1280 4057 (ep.
1319 3985 1372 4050 8,
1402 4002 1456 4057 p.
1495 3986 1607 4056 82).
1642 3985 1838 4042 Postea
1874 3988 2040 4046 rebus

467 4076 695 4132 mutatis
715 4091 869 4139 ,cum
900 4077 1011 4147 jam
1040 4077 1109 4132 ab
1130 4077 1452 4132 Arianorum
1486 4077 1708 4148 perﬁdia
1747 4094 1856 4133 non
1892 4086 2040 4133 tanta

468 4172 656 4221 essent
683 4166 945 4236 pericula,
971 4166 1148 4222 simile
1180 4168 1477 4222 secundum
1522 4170 1817 4221 essentiam
1865 4168 2041 4223 susci-

469 4256 654 4327 piebat
679 4254 935 4321 Basilius,
975 4256 1137 4310 modo
1166 4255 1311 4310 illud
1347 4254 1657 4316 adderetur,
1693 4257 1828 4309 citra
1873 4256 2041 4309 ullam

469 4343 858 4413 diﬂ'erentiam;
910 4358 1071 4399 secus
1120 4359 1253 4398 vero
1301 4344 1443 4399 hanc
1491 4360 1678 4399 vocem
1730 4353 2040 4415 suspectam

468 4435 820 4491 existimabat
853 4437 962 4506 (ep.
994 4436 1048 4500 9,
1084 4452 1138 4490 n.
1169 4435 1243 4503 5).
1269 4436 1445 4506 Atque
1485 4435 1601 4490 haec
1645 4436 1862 4506 quidem
1895 4436 2044 4490 Basi-

468 4525 579 4582 lius
617 4540 728 4581 non
776 4541 876 4583 sua
906 4541 1072 4582 causa
1115 4528 1390 4582 statuebat
1432 4527 1570 4597 (ipse
1611 4530 1756 4582 enim
1798 4528 2038 4583 consub-

470 4618 728 4675 stantiale
766 4618 1166 4690 proﬁtebatur),
1195 4618 1288 4674 sed
1337 4618 1384 4673 si
1420 4619 1511 4688 qui
1552 4621 1789 4689 suspecti
1833 4629 2039 4682 essent,

468 4712 605 4768 satis
633 4726 757 4768 esse
795 4710 1021 4783 putabat
1061 4711 1128 4765 ad
1162 4726 1350 4767 eorum
1387 4711 1544 4766 ﬁdem
1585 4711 1950 4782 purgandum,
1982 4719 2044 4765 ut

472 4803 638 4860 simili
662 4803 965 4859 secundum
993 4804 1287 4858 essentiam
1321 4803 1581 4859 adderent
1627 4804 1758 4858 illud
1787 4803 1928 4879 citra
1958 4802 2044 4856 ul-

472 4894 584 4948 lam
629 4892 1215 4966 diferentiamqibid)
1250 4894 1329 4949 Ex
1372 4910 1482 4964 quo
1526 4896 1660 4950 illud
1711 4896 1874 4950 etiam
1924 4910 2047 4965 per-

472 4984 614 5057 spici
644 4995 842 5056 potest,
890 4986 1151 5042 Basilium
1193 4986 1397 5041 nemini
1446 4987 1826 5041 necessitatem
1867 4987 2046 5055 impo-

473 5077 652 5135 suisse
676 5077 1160 5133 eonsubstantialis
1198 5077 1506 5147 proﬁtendi.
1532 5075 1717 5146 Neque
1754 5075 1807 5129 id
1845 5076 2042 5129 mirum

473 5165 648 5221 videri
675 5167 856 5222 debet.
887 5165 1022 5221 Nam
1047 5183 1171 5223 cum
1204 5169 1492 5238 epistolam
1525 5182 1724 5221 nonam
1759 5166 2046 5230 scriberet,

473 5273 543 5314 ex
565 5272 675 5328 qua
703 5258 821 5313 haec
841 5257 1268 5330 desumpsimus,
1301 5259 1689 5315 communione
1721 5268 1778 5314 et
1808 5258 2049 5314 amicitia

475 5349 806 5419 coniunctus
844 5357 963 5405 erat
1006 5366 1131 5406 eum
1177 5349 1400 5407 Silvano
1433 5349 1692 5407 Tarsensi
1720 5357 1773 5406 et
1798 5351 2048 5421 pluribus

480 5440 604 5496 aliis
634 5440 930 5514 episcOpis,
959 5442 1075 5514 qui,
1107 5443 1214 5502 etsi
1258 5442 1417 5500 ﬁdem
1469 5443 1744 5501 Niceenam
1786 5443 2052 5501 acerrime

555 5692 634 5769 (ϐ)
664 5690 822 5763 Nam,
852 5706 940 5770 ep.
968 5691 1065 5757 2‘1,

2140 530 2317 598 palam
2361 539 2415 586 et
2459 542 2643 602 aperte
2687 546 3022 605 receperant.
3073 534 3267 590 Notum
3318 549 3402 592 est
3449 541 3706 597 omnibus

2141 628 2344 689 quanta
2382 622 2605 678 lenitate
2647 623 2978 681 Athanasius
3020 634 3074 681 et
3120 627 3358 684 Hilarius
3391 645 3514 684 cum
3552 632 3708 702 ejus-

2144 713 2288 768 modi
2315 712 2629 772 hominibus
2658 718 2923 789 agendum
2952 721 3283 776 censuerint.

2221 848 2485 904 Videntur
2511 853 2977 910 consubstantiale
3020 858 3261 912 nondum
3295 858 3569 929 recepisse
3609 861 3707 931 qui

2144 937 2266 994 ﬁdei
2300 941 2699 996 confessionem
2740 960 2771 998 e
2812 942 3112 1015 Scripturis
3144 947 3517 1018 depromptam
3548 951 3704 1017 (tom.

2140 1032 2208 1095 ΙΙ,
2234 1048 2287 1102 p.
2319 1033 2468 1101 223),
2492 1035 2766 1106 ἔγγραφον
2797 1036 3106 1108 ὁμολογίαν,
3132 1055 3161 1094 a
3187 1040 3389 1096 Basilio
3415 1048 3708 1111 petierunt.
3782 1056 3787 1062 '

2143 1126 2303 1183 Unde
2359 1128 2594 1184 Basilius
2643 1146 2831 1184 eorum
2871 1133 3165 1187 consulens
3216 1133 3518 1188 inﬁrmitati
3574 1153 3709 1205 pro-

2139 1217 2308 1271 mittit
2350 1233 2410 1273 se
2461 1234 2572 1273 non
2625 1235 2852 1274 usurum
2904 1222 3202 1276 nominibus
3241 1233 3292 1277 et
3339 1223 3541 1287 verbis,
3590 1241 3713 1296 qua:

2138 1309 2268 1377 ipsis
2309 1309 2498 1364 litteris
2533 1321 2583 1364 et
2620 1311 2841 1381 syllabis
2887 1329 2989 1367 non
3028 1315 3358 1382 reperiuntur
3403 1315 3609 1385 quidem
3652 1318 3713 1370 in

2139 1400 2319 1454 divina
2350 1399 2646 1468 Scriptura,
2684 1400 2775 1456 sed
2805 1413 2980 1457 tamen
3018 1404 3238 1457 insitam
3275 1403 3564 1474 Scriptura:
3589 1423 3682 1461 seu

2140 1490 2357 1543 tentiam
2393 1500 2621 1545 servant.
2652 1492 2712 1546 In
2750 1493 2872 1547 ﬁdei
2909 1493 3276 1557 confessione,
3306 1510 3468 1565 quam
3507 1496 3574 1550 ad
3611 1512 3711 1551 eos

2141 1581 2328 1645 misit,
2389 1583 2859 1640 consubstantiale
2906 1600 3017 1640 non
3062 1585 3309 1641 adhibuit
3351 1586 3369 1656 (
3394 1602 3451 1657 p.
3503 1586 3649 1657 224)
3692 1607 3708 1643 :

2139 1672 2287 1741 quod
2320 1674 2538 1743 quidem
2580 1674 2814 1729 Basilius
2851 1691 2974 1730 cum
3023 1685 3290 1733 metueret
3322 1693 3391 1732 ne
3418 1678 3714 1749 reprehen-

2138 1764 2381 1831 deretur,
2413 1765 2654 1821 declarat
2681 1769 2821 1823 idem
2849 1769 2950 1824 sibi
2984 1770 3321 1840 pr0positum
3352 1787 3461 1825 non
3492 1786 3615 1826 esse
3645 1785 3714 1825 ac

2140 1856 2196 1909 in
2233 1856 2357 1911 aliis
2397 1857 2691 1925 Operibus;
2736 1859 2881 1913 aliud
2932 1861 3076 1914 enim
3126 1876 3249 1915 esse
3299 1861 3581 1917 hereticos
3621 1877 3715 1916 re-

2137 1944 2361 2010 fellere,
2425 1946 2571 2001 aliud
2624 1963 2813 2004 sanam
2855 1949 3015 2004 fidem
3057 1949 3377 2021 simpliciter
3437 1966 3717 2023 exponere

2141 2039 2218 2110 (p.
2244 2038 2395 2109 225).

2205 2146 2326 2202 Non
2366 2149 2593 2205 deerant
2628 2151 2783 2207 initio
2825 2153 3173 2224 episcopatus
3210 2154 3418 2223 Basilii,
3454 2159 3546 2229 qui
3571 2174 3712 2214 con-

2136 2241 2498 2298 substantiale
2532 2245 2772 2300 nondum
2794 2247 3154 2317 recepissent.
3187 2247 3296 2304 Hos
3323 2249 3559 2306 Basilius
3584 2267 3713 2321 par-

2136 2334 2233 2388 tim
2263 2337 2672 2407 vituperandos,
2700 2338 2894 2409 partim
2947 2340 3106 2395 venia
3140 2341 3337 2413 dignos
3366 2342 3576 2413 judicat
3598 2344 3711 2415 (ep.

2136 2425 2230 2491 52,
2266 2441 2323 2480 n.
2349 2426 2403 2489 1,
2440 2443 2495 2497 p.
2532 2428 2679 2497 M5).
2718 2428 2823 2484 Sed
2858 2429 3129 2499 ejusmodi
3172 2431 3423 2488 homines
3453 2437 3713 2505 perpauci

2135 2517 2393 2572 videntur
2452 2518 2642 2576 fuisse.
2706 2519 2841 2574 Nam
2887 2530 3013 2592 post
3064 2524 3355 2578 concilium
3424 2523 3713 2597 Tyanense

2136 2609 2384 2680 plerique
2412 2611 2865 2667 consubstantiali
2893 2628 3089 2671 manus
3126 2614 3426 2681 dederunt,
3467 2619 3713 2687 exceptis

2140 2701 2363 2772 triginta
2416 2713 2649 2773 quatuor
2690 2704 2910 2762 Asianis
2958 2707 3252 2777 episcopis,
3301 2723 3440 2778 quos
3487 2709 3714 2763 minime

2139 2794 2339 2848 mirum
2391 2805 2477 2852 est
2518 2798 2794 2852 communi
2847 2800 3079 2854 consilio
3130 2800 3408 2857 obstitisse
3450 2799 3546 2872 (7).
3584 2800 3718 2857 Erat

2138 2884 2284 2938 enim
2320 2885 2435 2941 haec
2469 2887 2620 2959 regio
2673 2890 2755 2944 sic
2802 2890 3138 2961 emancipata
3178 2892 3373 2957 errori,
3410 2900 3468 2946 ut
3509 2894 3717 2963 gratias

2140 2973 2253 3028 Deo
2293 2974 2570 3032 habendas
2610 2977 2881 3032 existimet
2917 2977 3174 3045 Basilius,
3204 2981 3252 3034 si
3288 2985 3379 3050 qui
3410 2981 3623 3034 omnino
3655 2981 3716 3034 in

2143 3066 2341 3120 Asiana
2366 3076 2539 3122 tractu
2569 3079 2722 3123 extra
2751 3071 2921 3125 labem
2946 3071 3308 3126 hwreticorum
3331 3077 3458 3128 sint.
3496 3072 3717 3128 Sensim

2144 3156 2327 3227 itaque
2353 3160 2554 3223 evenit,
2592 3169 2651 3215 ut
2672 3178 2737 3217 ex
2767 3162 2835 3217 iis
2855 3162 2949 3232 qui
2984 3164 3255 3219 catholice
3282 3165 3590 3219 sentiebant
3623 3165 3718 3223 vix

2142 3252 2431 3323 quisquam
2459 3256 2924 3313 consubstantiale
2951 3272 3058 3312 non
3092 3259 3403 3315 admitteret
3433 3260 3539 3330 (ep.
3564 3259 3716 3331 551).

2143 3341 2437 3412 Postquam
2477 3355 2653 3400 autem
2696 3347 2935 3417 grassari
2971 3349 3137 3418 coapit
3187 3351 3412 3405 heresis
3455 3349 3726 3405 Pneumaa

2143 3434 2551 3501 tomaehorum,
2589 3444 2704 3490 tum
2761 3453 2893 3491 vero
2942 3452 3050 3492 non
3094 3438 3256 3492 modo
3305 3441 3442 3495 nihil
3480 3441 3720 3511 amplius

2141 3521 2441 3576 detractum
2467 3532 2551 3578 est
2579 3524 2647 3579 de
2689 3525 2793 3581 ﬁde
2826 3525 3067 3592 Nicaena,
3089 3528 3183 3583 sed
3206 3529 3371 3583 etiam
3406 3531 3610 3600 aliquid
3633 3532 3719 3585 vi-

2142 3624 2261 3663 sum
2288 3622 2370 3665 e~t
2393 3612 2520 3667 huic
2543 3614 2781 3671 formula:
2808 3617 3113 3672 addendum
3169 3619 3400 3675 Basilius
3423 3621 3718 3693 Cyriaeum

2140 3700 2462 3761 Tarsensem
2482 3708 2853 3778 presbyterum
2871 3709 3121 3765 hortatur
3135 3713 3242 3784 (ep.
3264 3713 3385 3775 114,
3410 3729 3463 3783 p.
3491 3714 3637 3784 207),
3658 3721 3725 3771 ut

2141 3792 2300 3849 ﬁdem
2323 3793 2591 3850 Nicaenam
2618 3798 2862 3868 recipiat,
2887 3813 2988 3853 ncc
3021 3801 3185 3856 ullam
3214 3802 3267 3856 in
3299 3818 3361 3857 ea
3384 3818 3566 3857 vocem
3589 3803 3727 3871 reji.

2141 3885 2277 3951 eiat;
2311 3886 2420 3940 imo
2476 3887 2604 3941 huic
2647 3888 2769 3941 ﬁdei
2809 3888 2969 3943 addat
3013 3888 3272 3959 Spiritum
3321 3900 3565 3944 sanctum
3610 3891 3725 3946 dici

2140 3984 2439 4028 creaturam
2466 3993 2569 4030 non
2599 3988 2853 4043 oportere,
2884 3995 2976 4032 nec
3006 3994 3123 4032 cum
3150 3980 3216 4033 iis
3241 3980 3329 4048 qui
3358 3979 3541 4033 dicunt
3574 3974 3725 4033 eom-

2142 4066 2537 4122 municandum.
2556 4067 2673 4122 Non
2694 4071 2865 4123 multo
2888 4077 3011 4139 post
3033 4070 3287 4133 Basilius,
3306 4087 3363 4125 re
3377 4083 3502 4124 cum
3525 4080 3723 4127 sancto

2144 4153 2357 4210 Meletio
2381 4165 2435 4211 et
2461 4155 2743 4211 Theodoto
2772 4159 3094 4223 deliberata,
3138 4160 3271 4214 illud
3312 4161 3476 4214 etiam
3522 4159 3723 4215 Busta-

2143 4248 2256 4302 thio
2281 4249 2612 4318 praescripsit
2638 4248 2743 4318 (ep.
2775 4250 2898 4314 125,
2923 4267 2976 4320 p.
3008 4250 3158 4322 216),
3185 4260 3244 4305 ut
3284 4250 3547 4321 Spiritum
3591 4267 3727 4306 san-

2145 4350 2290 4395 ctum
2322 4343 2504 4396 itidem
2531 4350 2590 4395 ut
2615 4341 2831 4396 Patrem
2855 4352 2910 4397 et
2931 4341 3130 4396 Filium
3153 4343 3483 4413 gloriﬁcaret
3507 4362 3520 4398 :
3556 4351 3725 4413 atque

2144 4432 2285 4487 hanc
2333 4434 2784 4503 gloriﬁcationem
2823 4434 3101 4505 deinceps,
3135 4447 3195 4489 ut
3243 4450 3358 4489 rem
3406 4437 3722 4490 necessario

2145 4526 2448 4580 addendam
2491 4526 2701 4597 synodo
2739 4524 2990 4593 Nicaeum,
3033 4526 3338 4596 proposuit,
3380 4534 3440 4580 ut
3479 4526 3721 4597 perspici

2142 4625 2322 4687 potest
2361 4633 2426 4672 ex
2462 4618 2711 4687 epistolis
2763 4619 2868 4673 173)
2902 4626 2958 4673 et
2995 4618 3123 4682 258,
3161 4635 3218 4672 n.
3252 4619 3307 4673 2.
3352 4617 3498 4672 Nihil
3545 4619 3727 4688 magis

2147 4708 2387 4762 incendit
2414 4707 2966 4774 Pneumatomachos,
2988 4724 3152 4779 quam
3182 4709 3297 4764 haec
3344 4708 3582 4780 Spiritus
3606 4710 3727 4779 glo-

2147 4800 2378 4855 riﬁcatio
2400 4815 2524 4854 cum
2557 4800 2718 4856 Patre
2754 4810 2807 4854 et
2843 4799 3004 4855 Filio.
3054 4798 3163 4855 Sed
3204 4799 3439 4855 Basilius
3477 4800 3725 4854 declarat

2148 4892 2248 4960 (De
2283 4891 2427 4961 Spir.
2462 4890 2522 4946 S.
2550 4906 2599 4945 c.
2633 4890 2726 4957 29,
2773 4906 2828 4961 p.
2873 4891 2962 4960 6'5)
2996 4906 3055 4945 se
3091 4906 3194 4945 nec
3238 4891 3402 4961 gladii
3440 4905 3543 4945 nec
3578 4890 3725 4959 ignis

2148 4996 2296 5041 metu
2329 4985 2589 5040 usitatam
2628 4985 2902 5039 constanti
2943 4982 3239 5039 traditione
3270 4981 3725 5052 gloriﬁcationem

2148 5080 2490 5134 relicturum.
2521 5078 2637 5134 Hoc
2666 5085 2877 5133 tantum
2918 5078 2999 5134 eis
3032 5077 3284 5133 concedit
3318 5077 3414 5149 (ib.
3453 5089 3505 5129 c.
3538 5074 3630 5138 25,
3664 5090 3721 5144 p.

2151 5169 2241 5239 54)
2274 5178 2333 5223 ut
2356 5169 2607 5238 quamvis
2641 5167 2954 5238 praepositio
2996 5183 3115 5220 cum
3147 5167 3326 5237 aptior
3364 5166 3427 5221 sit
3464 5163 3531 5217 ad
3565 5164 3732 5235 glori-

2155 5257 2463 5313 ﬁcationem
2500 5257 2933 5328 persolvendam,
2968 5256 3015 5312 si
3055 5264 3236 5312 tamen
3261 5256 3341 5311 uti
3375 5255 3567 5310 malint
3598 5270 3733 5309 eon-

2147 5350 2452 5420 junctione,
2486 5357 2617 5413 etc...
2647 5355 2707 5402 ut
2738 5348 2796 5403 in
2823 5349 3117 5419 baptismo,
3156 5347 3210 5403 id
3248 5348 3351 5415 eis,
3389 5346 3608 5403 nemine
3633 5360 3727 5403 re-

2147 5446 2447 5514 pugnante,
2484 5440 2663 5494 liceat.

2233 5685 2308 5766 (Ἰ)
2349 5683 2588 5751 Sozom.,
2616 5680 2709 5738 lib.
2742 5696 2818 5749 vt,
2854 5695 2903 5737 c.
2937 5679 3027 5735 12.
