3900 6212
191 277 263 332 53
1645 275 2037 333 PRAEFATIO.
3393 278 3465 334 54

909 389 937 462 §
989 390 1079 446 ιν.

191 478 231 534 Ι.
275 477 789 559 CeleberrimumS.
832 483 1028 559 Basilii
1075 483 1138 559 de
1173 489 1503 559 processione
1549 489 1785 559 Spiritus

263 549 548 624 ea:_Filio
603 553 963 624 testimonium
1023 549 1268 624 refertur.
1338 557 1404 611 ΙΙ.
1479 549 1786 615 ϐναίσοηιηι

260 622 539 688 scriptura
587 623 792 688 magnis
848 622 1198 678 incommodis
1238 627 1467 682 laborat.
1503 631 1593 685 IlI.
1632 631 1786 686 Lati-

264 707 460 743 norum
491 692 644 745 lectio
677 702 796 758 apte
820 709 937 744 cum
968 693 1164 747 Basilii
1191 695 1455 760 doctrina,
1488 706 1784 756 necessario

261 777 387 813 cum
442 761 552 828 ejus
601 763 1007 816 ratiocinatione
1041 766 1284 819 coluerat.
1338 768 1425 823 IV.
1470 770 1784 827 Latinorum

264 849 438 884 causa
465 831 706 886 codicum
735 850 864 889 mss.
899 837 1218 889 auctoritate
1249 839 1567 907 defenditur.

264 945 309 999 Ι.
342 944 534 1000 Exstat
581 945 738 1001 initio
784 945 910 1001 libri
939 949 1090 1002 tertii
1141 949 1410 1008 Adversus
1455 953 1784 1012 Eunomium

195 1035 434 1105 insignis
463 1037 641 1103 locus,
681 1038 922 1106 quicum
954 1039 1310 1097 manifestum
1344 1044 1545 1100 habeat
1577 1047 1643 1102 de
1667 1046 1786 1118 Spi-

194 1127 336 1180 ritus
367 1144 438 1182 ex
474 1127 616 1182 Filio
649 1131 1004 1199 processione
1048 1135 1444 1202 testimonium,
1488 1139 1535 1192 si
1576 1139 1696 1194 sine
1727 1141 1787 1195 li-

191 1217 336 1272 turis
398 1232 464 1272 ac
510 1219 632 1274 sine
696 1220 1093 1279 additamentis
1151 1225 1384 1296 legatur,
1444 1231 1784 1299 gravissima:

191 1307 415 1364 Graecos
472 1311 618 1365 inter
664 1320 720 1366 et
772 1312 998 1371 Latinos
1048 1320 1445 1374 controversia:
1495 1324 1782 1378 materiam

191 1397 362 1452 dedit.
412 1397 668 1454 Defendit
709 1403 813 1457 hoc
862 1405 1147 1460 catholica:
1175 1407 1428 1464 veritatis
1466 1411 1781 1479 praesidium

191 1489 255 1542 Β.
280 1488 342 1542 Ρ.
372 1489 692 1546 Ludovicus
718 1491 929 1558 Vallée,
956 1498 1218 1553 emeritus
1262 1499 1548 1571 theologi-ae
1579 1503 1784 1572 profes-

190 1596 282 1635 sor
319 1596 388 1636 ac
428 1584 777 1640 bibliotheca:
811 1585 1026 1642 Sanctae
1061 1587 1349 1646 Genuvel’a:
1384 1593 1696 1662 praefectus,
1724 1595 1780 1651 in

186 1672 407 1728 erudita
435 1674 844 1743 dissertatione,
875 1692 1020 1731 anno
1041 1678 1174 1732 1721
1199 1679 1426 1736 Parisiis
1456 1683 1600 1737 edita
1632 1685 1778 1755 apud

1812 411 1859 462 Α
1889 399 2191 466 dogmalum
2224 393 2686 451 innovationibus?
2711 394 2821 451 Cur
2859 393 2999 448 enim
3041 409 3246 449 necesse
3286 404 3385 458 est,
3415 397 3466 451 si

1885 488 2144 558 dignitate
2180 503 2242 540 ac
2279 486 2462 540 ordine
2500 487 2684 540 tertius
2721 496 2799 540 est
2823 485 3077 554 Spiritus,
3107 496 3304 540 natura
3336 503 3466 557 quo-

1885 593 1982 648 que
2008 577 2217 630 tertium
2241 593 2352 629 esse
2373 579 2400 630 ?o
2429 576 2697 646 Dignitate
2723 575 2934 646 quidem
2965 577 3254 630 secundum
3283 593 3398 631 esse
3429 593 3465 632 a

1886 668 2058 732 Filio,
2087 675 2105 690 ‘
2135 678 2190 722 ut
2223 669 2312 738 qui
2339 685 2450 722 esse
2500 667 2564 720 ab
2600 668 2694 721 illo
2727 667 2938 734 habeat,
2981 678 3031 722 et
3071 670 3135 722 ab
3169 670 3282 738 ipso
3321 670 3466 724 acci-

1885 764 2019 831 piat,
2044 770 2090 815 et
2118 762 2393 814 annuntiet
2425 760 2573 814 nobis
2607 769 2656 813 et
2687 762 2900 814 omnino
2923 776 2988 815 ea:
3014 761 3112 814 illa
3143 778 3309 815 causa
3335 779 3464 831 pen-

1885 855 2037 907 deat‘
2059 855 2222 907 tradit
2258 852 2752 924 [fortasselpietatis
2780 856 3058 908 sermo.At
3089 862 3283 908 natura
3307 855 3462 909 tertia

1884 950 1984 1012 uti,
2018 963 2177 1016 neque
2205 961 2271 999 ea:
2298 947 2496 1000 sanctis
2539 944 2829 1014 Scripturis
2859 945 3032 1000 edocti
3060 963 3265 1011 sumus,
3301 963 3463 1018 neque

1883 1055 1948 1094 ea:
1987 1039 2276 1108 Scriptura:
2314 1038 2471 1092 dictis
2513 1040 2879 1093 consecutione
2924 1041 3036 1093 ulla
3067 1041 3248 1110 colligi
3269 1047 3459 1110 potest.

1957 1130 2410 1197 Quemadmodum
2439 1132 2577 1184 enint
2610 1129 2785 1185 Filius
2827 1131 3012 1185 ordine
3040 1133 3248 1201 quidem
3273 1148 3462 1186 secun-

1883 1217 1981 1269 dus
1999 1236 2031 1271 a
2055 1217 2216 1272 Patre
2245 1230 2341 1284 est,
2364 1220 2614 1289 quoniam
2637 1219 2700 1272 ab
2720 1219 2811 1274 illo
2834 1229 2932 1283 est,
2961 1231 3010 1272 et
3039 1219 3312 1291 dignitate,
3335 1223 3464 1292 quia

1883 1310 2028 1378 origo
2056 1308 2168 1378 ejus
2200 1319 2248 1362 et
2277 1325 2440 1363 causa
2469 1318 2568 1376 est,
2601 1318 2857 1378 quatenus
2891 1319 2969 1363 est
2999 1311 3147 1364 illius
3199 1310 3379 1378 Pater,
3411 1321 3461 1366 et

1881 1401 2127 1469 quoniam
2155 1414 2246 1466 per
2274 1400 2443 1467 ipsunt
2472 1415 2711 1453 accessus
2740 1399 3016 1469 aditusque
3045 1410 3121 1454 est
3144 1401 3212 1454 ad
3233 1402 3393 1456 Deunt
3409 1411 3462 1458 et

1884 1491 2130 1554 Patrem;
2165 1509 2266 1545 non
2297 1501 2472 1545 autent
2499 1501 2695 1545 natura
2725 1491 3269 1562 secundus,quoniam
3289 1495 3461 1550 deitas

1882 1582 1936 1635 in
1968 1593 2186 1652 utroque
2215 1599 2322 1635 una
2344 1591 2419 1636 est
2447 1599 2464 1636 :
2497 1583 2576 1636 ita
2605 1573 2836 1652 profecto
2869 1594 2918 1637 et
2952 1582 3185 1653 Spiritus
3221 1596 3459 1652 sanctus,

1882 1677 1980 1728 etsi
2011 1687 2120 1729 tum
2147 1678 2328 1730 ordine
2351 1687 2459 1729 tum
2475 1675 2728 1746 dignitate
2745 1675 3002 1730 secundus
3034 1686 3112 1730 est
3131 1694 3169 1730 α·
3188 1677 3353 1740 Filio,
3379 1678 3460 1750 [ut

189 1761 500 1836 Delaunay,
531 1766 621 1821 via
649 1764 922 1824 Jacobaga,
952 1769 1098 1824 Nihil
1126 1773 1306 1841 potius
1340 1780 1436 1827 aut
1465 1750 1777 1832 melius—fa-
1806 1750 1849 1804 Β
1880 1767 1974 1820 hoc
1995 1770 2153 1822 etiam
2179 1771 2390 1822 omnino
2419 1767 2813 1840 concedamus.]
2843 1779 3018 1822 tamen
3047 1787 3148 1824 non
3173 1771 3297 1840 jure
3316 1773 3461 1842 sequi

186 1873 311 1912 cere
342 1858 585 1926 possint,
627 1861 721 1929 qui
766 1876 880 1915 rem
921 1863 1180 1918 omnibus
1231 1865 1479 1934 vestigiis
1523 1866 1782 1938 indagare

189 1951 404 2013 volunt,
441 1967 609 2022 quam
647 1953 693 2008 si
724 1954 986 2008 eximium
1030 1955 1162 2009 illud
1193 1971 1330 2025 opus
1369 1969 1626 2015 accurate
1655 1978 1780 2030 per-

193 2043 379 2112 legant
421 2058 438 2094 :
485 2043 634 2114 quod
687 2045 909 2114 quidem
962 2061 1086 2101 cum
1136 2049 1284 2100 omni
1332 2061 1778 2120 argumentorum

186 2151 387 2207 genere
429 2136 507 2188 ita
562 2137 904 2190 cumulatum
959 2146 1014 2192 et
1057 2138 1392 2194 illustratum
1430 2143 1522 2208 sit,
1568 2152 1628 2196 ut
1675 2160 1778 2200 nec

187 2226 479 2282 dubitandi
531 2242 635 2281 nec
679 2228 915 2282 addendi
967 2230 1148 2283 locum
1186 2231 1493 2302 relinquat,
1544 2249 1778 2306 cumque

188 2337 298 2375 non
328 2320 679 2375 incommode
709 2336 834 2374 cum
861 2321 1067 2376 nostris
1103 2319 1161 2377 S.
1187 2321 1374 2377 Basilii
1406 2326 1776 2382 voluminibus

187 2414 465 2485 compingi
501 2415 712 2484 possit;
743 2414 978 2468 libenter
1011 2429 1144 2470 sane
1181 2418 1632 2474 conticescerem.
1669 2419 1776 2476 Sed

186 2505 313 2575 quia
341 2505 738 2560 celeberrimus
760 2497 948 2560 BaSilii
977 2506 1133 2562 locus
1158 2507 1215 2560 in
1248 2507 1352 2562 hac
1374 2526 1514 2565 nova
1536 2512 1776 2569 editione

185 2594 260 2647 ita
297 2593 525 2662 prodiit,
564 2603 622 2646 ut
659 2594 713 2646 in
749 2593 1034 2649 codicibus
1065 2611 1202 2651 mss.
1255 2597 1358 2652 bac
1402 2601 1458 2652 in
1507 2601 1643 2656 urbe
1689 2618 1777 2657 ex-

185 2685 470 2741 Stantibus
502 2685 806 2754 legebatur,
841 2700 954 2740 non
982 2695 1042 2739 ut
1069 2687 1305 2742 aliorum
1334 2689 1587 2746 codicum
1617 2694 1776 2763 longe

183 2780 426 2850 plurium
461 2779 734 2848 longeque
763 2779 1137 2848 antiquiorum
1161 2783 1484 2847 auctoritas,
1509 2800 1573 2839 ac
1601 2786 1777 2856 ipsius

183 2869 476 2924 sententia:
529 2867 702 2921 series
747 2876 800 2920 et
851 2867 1115 2935 iunctura
1164 2873 1546 2937 postulabant,
1597 2891 1778 2944 operae

181 2959 421 3030 pretium
454 2966 542 3012 est
571 2957 698 3010 huic
737 2956 1086 3011 incommodo
1127 2959 1352 3024 mederi,
1386 2970 1440 3015 et
1475 2978 1540 3016 ex
1578 2980 1777 3020 memo-

1880 1867 1939 1910 ut
1971 1857 2158 1912 alisnte
2190 1859 2258 1912 sit
2289 1868 2516 1922 naturce,
2549 1857 2668 1910 inde
2694 1866 2858 1925 patet,
2887 1869 2995 1913 etc.

1956 1947 2095 2002 Tum
2157 1947 2420 2015 Basilius,
2485 1957 2807 2018 argumento
2872 1964 2940 2003 ex
3001 1950 3209 2018 angelis
3268 1951 3460 2021 petito,

1881 2057 2118 2113 quorum
2163 2043 2367 2100 diversi
2421 2042 2648 2099 ordines
2689 2051 2743 2099 et
2778 2043 3061 2114 dignitatis
3102 2046 3326 2115 gradus,
3357 2062 3461 2105 nec

1878 2141 2062 2188 tamen
2095 2133 2309 2188 diversa
2362 2142 2578 2196 natura,
2613 2135 2693 2188 sic
2740 2135 3060 2189 concludit:
3096 2135 3184 2191 Sic
3224 2140 3460 2208 profecto

1875 2237 1928 2280 et
1958 2225 2190 2294 Spiritus
2223 2237 2442 2279 sanctus
2471 2243 2489 2279 :
2522 2227 2622 2279 etsi
2651 2225 2908 2296 dignitate
2934 2228 3156 2296 inferior
3187 2240 3265 2285 est
3305 2241 3461 2300 atque

1878 2318 2058 2372 ordine
2092 2317 2172 2389 [ut
2211 2317 2415 2390 aiunt];
2454 2319 2746 2386 accepimus
2787 2321 2926 2372 enim
2966 2321 3162 2388 ipsum,
3213 2321 3458 2398 [inquit,]

1879 2415 2088 2469 tertium
2119 2431 2151 2467 a
2182 2411 2346 2468 Patre
2373 2423 2423 2468 et
2460 2411 2604 2466 Filio
2643 2426 3017 2481 numeratum;
3049 2433 3166 2470 cum
3201 2416 3458 2472 Dominus

1875 2509 1984 2577 ipse
2029 2509 2084 2561 in
2142 2508 2424 2562 traditione
2469 2508 2726 2562 salutaris
2785 2509 3118 2578 baptismatis
3178 2510 3458 2576 tradiderit

1875 2601 2132 2664 ordinem,
2189 2601 2270 2655 his
2301 2601 2466 2655 verbis
2499 2619 2518 2654 :
2556 2601 2783 2666 (Euntes
2821 2603 3094 2672 baptizate
3136 2603 3190 2658 in
3235 2604 3458 2660 nomine

1875 2692 2057 2748 Patris
2097 2701 2150 2748 et
2193 2692 2315 2746 Filii
2349 2701 2403 2747 et
2438 2691 2675 2762 Spiritus
2711 2694 2884 2747 sancti
2907 2695 2946 2763 ;)
2994 2703 3049 2746 at
3083 2695 3141 2748 in
3167 2695 3455 2764 quamdam

1875 2795 2126 2840 naturam
2151 2788 2361 2839 tertiam
2389 2802 2420 2838 a
2447 2783 2590 2840 Filio
2622 2795 2670 2839 et
2695 2784 2858 2838 Patre
2886 2785 3109 2855 ejectum
3144 2803 3263 2840 eum
3291 2787 3457 2856 fuisse

1877 2895 2136 2947 nusquam
2169 2876 2472 2930 didicimus.

1947 2967 2068 3021 Non
2133 2967 2350 3021 dillieile
2415 2974 2498 3022 est
2552 2965 2986 3022 animadvertere
3050 2966 3183 3022 illud
3249 2966 3460 3024 Graecis

180 3060 298 3105 rata
349 3049 746 3104 dissertatione
791 3047 847 3101 in
896 3047 1130 3118 gratiam
1179 3063 1409 3118 eorum,
1459 3055 1658 3124 quibus
1706 3056 1772 3110 ad
1803 3089 1848 3150 ε
1878 3056 2115 3110 maxime
2154 3056 2444 3110 molestum
2478 3071 2625 3120 esse,
2681 3057 2823 3125 quod
2869 3055 3106 3126 Spiritus
3160 3057 3218 3112 S.
3256 3073 3286 3111 a
3316 3057 3456 3113 Filio

178 3146 359 3214 ipsum
385 3141 596 3196 fontem
627 3139 779 3194 adire
823 3155 932 3194 non
967 3150 1146 3205 vacat,
1196 3145 1458 3198 nonnulla
1503 3147 1772 3205 derivare.

250 3235 322 3291 Ut
351 3233 580 3288 facilius
602 3232 975 3302 perspiciatur
1004 3235 1137 3303 quid
1177 3233 1375 3304 Graeci,
1419 3239 1548 3309 quid
1596 3240 1775 3297 Lasini

179 3327 229 3379 in
259 3325 585 3380 testimonio
623 3325 810 3379 Basilii
842 3325 1075 3394 probent
1114 3335 1207 3380 aut
1243 3328 1520 3397 rejiciant,
1556 3333 1774 3389 uncinis

178 3416 533 3473 includemus
555 3431 676 3486 qua:
701 3430 732 3469 a
761 3415 968 3471 Graecis
1009 3415 1192 3472 addita
1226 3417 1405 3474 Latini
1443 3434 1771 3491 queruntur,

178 3509 462 3564 asteriscis
510 3521 641 3562 vero
687 3523 811 3578 qua:
855 3524 884 3562 a
941 3507 1156 3565 Latinis
1203 3521 1550 3584 propugnata
1598 3514 1773 3570 Gsseci

177 3611 536 3657 aversantur.

241 3697 411 3749 Initio
465 3694 594 3750 libri
634 3695 778 3750 tertii
839 3697 1095 3765 proponit
1139 3695 1373 3752 Basilius
1406 3698 1550 3753 banc
1588 3699 1773 3754 Euno-

176 3788 267 3840 mii
316 3786 719 3856 blasphemiam
763 3787 838 3840 ita
880 3789 1203 3858 loquentis:
1257 3787 1391 3843 Cum
1440 3802 1616 3844 autem
1662 3793 1772 3846 hasc

177 3876 320 3930 nobis
351 3875 420 3928 de
456 3876 738 3944 Unigenito
788 3878 1070 3945 suﬁiciant,
1114 3894 1434 3946 consequens
1481 3881 1662 3949 fuerit,
1714 3891 1774 3936 ut

169 3968 282 4036 jam
315 3969 384 4019 de
410 3967 696 4021 Paracleto
725 3984 925 4038 quoque
959 3969 1220 4033 dicamus,
1266 3987 1370 4024 non
1394 3971 1535 4041 vulgi
1567 3974 1773 4041 opinio-

178 4075 264 4113 nes
291 4060 612 4113 temerarias
641 4062 828 4122 secuti,
853 4060 944 4113 sed
978 4071 1283 4114 sanctorum
1315 4063 1368 4115 in
1400 4063 1640 4118 omnibus
1671 4065 1772 4118 do—

178 4153 411 4204 ctrinam
459 4161 728 4204 servantes
759 4167 777 4204 :
806 4167 839 4204 a
871 4152 1059 4222 quibus
1109 4167 1228 4206 cum
1281 4153 1625 4209 didicerimus
1652 4173 1771 4210 ount

176 4243 438 4312 dignitate
477 4250 530 4295 et
573 4243 758 4297 ordine
805 4243 1042 4308 tertium,
1077 4245 1291 4298 tertium
1323 4261 1526 4316 quoque
1571 4257 1771 4300 natura

177 4353 289 4390 esse
329 4334 626 4389 credimus.

249 4430 345 4482 Sic
382 4427 678 4496 respondet
715 4425 954 4482 Basilius
997 4447 1010 4482 :

179 4528 420 4586 oportere
451 4520 506 4570 in
535 4520 767 4588 simplici
807 4537 869 4572 ac
909 4520 1053 4574 nuda
1101 4522 1389 4575 multorum
1420 4523 1521 4592 ﬁde
1545 4539 1768 4592 perma-

178 4628 321 4671 nere,
348 4611 441 4665 sed
471 4612 780 4680 artiﬁciosis
804 4611 1119 4681 quibusdam
1159 4630 1221 4667 ac
1260 4615 1510 4683 captiosis
1536 4615 1769 4667 rationi-

181 4707 278 4757 bus
306 4707 580 4760 ceritatem
613 4721 801 4758 rursus
833 4704 902 4756 ad
935 4705 989 4757 id
1021 4707 1160 4775 quod
1192 4706 1294 4760 sibi
1326 4707 1550 4771 videtur,
1588 4708 1769 4761 detru-

177 4797 324 4857 dere,
357 4798 491 4850 satis
520 4813 584 4850 ex
617 4798 684 4850 iis
713 4814 828 4867 qua:
853 4798 992 4850 dixit
1025 4798 1273 4852 ostendit.
1301 4797 1445 4851 Nam
1478 4801 1768 4854 multarunt

178 4887 427 4955 opinione
482 4897 798 4950 contempta,
841 4904 946 4957 qua
979 4887 1237 4957 Spiritum
1284 4899 1527 4942 sanctum
1560 4889 1770 4958 glori/i-

181 4989 326 5042 cant,
376 4979 596 5031 simulat
647 4988 816 5034 tenere
863 4998 918 5034 se
963 4991 1268 5034 sanctorunt
1313 4980 1612 5034 doctrinam
1655 4995 1672 5032 :
1713 4989 1768 5034 at

179 5086 266 5122 eos
295 5069 389 5138 qui
424 5084 544 5122 eam
582 5070 684 5136 ipsi
717 5070 1074 5134 tradiderunt,
1099 5081 1257 5130 tacet,
1305 5073 1469 5124 etiam
1511 5087 1649 5124 nunc
1677 5087 1770 5124 ea-

177 5159 296 5211 dem
339 5160 544 5228 faciens
573 5175 710 5228 quaa,
755 5161 880 5214 dum
923 5162 987 5215 de
1019 5160 1297 5232 Unigenito
1343 5163 1650 5224 dissereret,
1693 5162 1770 5231 fe-

177 5253 312 5304 cisse
346 5253 613 5305 conrictus
656 5261 755 5306 est.
807 5253 1006 5307 Deinde
1048 5253 1177 5308 dicit
1229 5271 1264 5307 a
1309 5255 1510 5307 sanctis
1555 5253 1768 5324 quidem

177 5358 232 5396 se
263 5341 542 5406 didicisse,
575 5345 786 5397 tertium
827 5343 939 5399 esse
978 5345 1162 5399 ordine
1207 5355 1255 5399 et
1298 5346 1557 5415 dignitate
1598 5344 1770 5414 Spiri-

179 5446 314 5499 tum,
343 5452 378 5488 a
406 5437 575 5503 seipso
607 5447 784 5491 autent
815 5439 1043 5500 credere,
1087 5449 1282 5492 natura
1319 5455 1521 5508 quoque
1555 5439 1768 5492 tertium

174 5542 310 5579 esse.
346 5525 452 5590 Qui
476 5543 596 5582 vero
635 5529 740 5581 sint
783 5530 957 5582 sancti
998 5529 1100 5582 illi.
1135 5539 1183 5582 et
1222 5530 1276 5582 in
1312 5529 1502 5599 quibus
1552 5531 1768 5596 scriptis

179 5625 315 5671 hanc
343 5619 642 5673 doctrinam
675 5620 956 5684 ediderint,
985 5621 1156 5674 dicere
1198 5637 1304 5674 non
1333 5630 1524 5690 potest.
1572 5619 1769 5672 Fuitne

181 5727 412 5780 unquam
465 5710 620 5766 homo
657 5713 734 5766 sic
778 5713 958 5768 audax
1005 5713 1061 5767 in
1113 5713 1420 5770 inducendis
1463 5711 1766 5769 divinorum

1055 4427 1210 4494 Quod
1243 4430 1410 4500 igitur
1462 4447 1567 4484 non
1618 4440 1762 4498 putet
1799 4436 1842 4490 D
1872 4450 1987 4489 rem

1877 3163 1999 3202 esse
2025 3148 2226 3201 habere
2270 3147 2474 3200 dicitur
2505 3165 2518 3201 :
2553 3146 2745 3200 iisdem
2785 3158 2967 3202 autem
3000 3149 3295 3217 plurimum
3335 3149 3454 3220 pla-

1876 3255 2019 3301 cere,
2070 3253 2412 3308 quaecunque
2460 3237 2676 3292 uncinis
2728 3238 2940 3292 inclusa
2981 3253 3046 3293 eo
3095 3247 3362 3309 spectant,
3394 3247 3458 3295 ut

1876 3328 2110 3383 Basilius
2160 3344 2271 3382 non
2324 3335 2704 3381 asseveranter
2748 3330 3132 3398 pronuntiare,
3179 3329 3274 3385 sed
3308 3332 3458 3387 velut

1875 3419 2137 3474 haesitans
2192 3415 2495 3471 concedere
2545 3416 2794 3470 videatur
2841 3415 3106 3485 Spiritum
3156 3418 3349 3473 ordine
3401 3427 3457 3472 et

1874 3512 2142 3582 dignitate
2189 3511 2458 3564 minorem
2507 3507 2648 3563 Filio
2677 3523 2821 3564 esse.
2858 3507 3058 3562 Vident
3087 3509 3254 3576 enim,
3303 3511 3349 3566 si
3401 3510 3455 3564 id

1872 3604 2111 3660 Basilius
2141 3611 2440 3666 asseveret,
2471 3602 2596 3657 inde
2637 3602 2791 3672 sequi
2821 3609 2882 3656 ut
2927 3601 3188 3672 Spiritum
3218 3619 3285 3658 ex
3317 3603 3457 3658 Filio

1873 3695 2172 3766 procedere
2217 3693 2534 3748 crediderit.
2592 3692 2700 3748 Sed
2759 3693 2874 3747 haec
2919 3695 3231 3764 scriptura,
3287 3711 3454 3764 quam

1874 3787 2046 3842 Graeci
2094 3803 2192 3857 per
2233 3785 2317 3840 fas
2360 3793 2414 3840 et
2455 3784 2612 3839 nefas
2659 3784 3043 3850 defenderunt,
3095 3786 3254 3856 longe
3297 3788 3453 3841 alteri

1873 3877 2273 3950 posthabenda,
2317 3877 2432 3932 sive
2477 3875 2738 3930 interiora
2782 3876 3030 3945 quaedam
3081 3877 3284 3930 indicia
3329 3893 3456 3948 spe-

1874 3977 2110 4034 ctentur,
2165 3977 2224 4024 ut
2269 3981 2574 4022 consensus
2620 3983 2745 4020 cum
2793 3967 2980 4021 Basilii
3023 3977 3456 4038 caeterorumque

1872 4061 2096 4117 Patrum
2126 4060 2400 4122 doctrina,
2430 4065 2484 4114 et
2515 4059 2803 4112 sententiae
2835 4059 3009 4128 ipsius
3039 4059 3209 4115 series
3235 4066 3289 4115 et
3319 4074 3456 4114 con-

1875 4154 2143 4219 tinuatio;
2197 4153 2311 4206 sive
2355 4167 2419 4206 ex
2465 4150 2820 4221 antiquorum
2866 4150 3118 4204 codicum
3166 4165 3301 4206 mss.
3351 4166 3452 4205 nu-

1875 4262 2028 4302 mero
2058 4253 2112 4300 et
2147 4244 2474 4298 auctoritate
2501 4258 2592 4297 res
2621 4241 2973 4308 dijudicetur.
3019 4239 3324 4312 Utrumque
3362 4257 3456 4296 ar-

1873 4347 2192 4412 gumentum
2223 4337 2460 4392 breviter
2493 4335 2932 4405 explanabimus,
2964 4335 3050 4390 his
3091 4335 3186 4406 qui
3235 4335 3454 4391 uberio-

2085 4431 2250 4498 bujus
2318 4427 2640 4498 quaestionis
2727 4427 3097 4496 cognitionem
3174 4425 3455 4496 percipere

1871 4525 2075 4586 volent,
2109 4522 2175 4576 ad
2205 4535 2370 4591 supra
2397 4520 2596 4574 dictam
2630 4519 3071 4574 dissertationem
3112 4517 3378 4572 dimissis.

1938 4616 2005 4670 ll.
2037 4615 2182 4670 Inest
2216 4630 2350 4670 sane
2384 4627 2642 4682 magnum
2676 4611 2780 4664 hoc
2817 4611 3008 4664 vitium
3040 4609 3260 4664 lectioni
3307 4608 3454 4663 Crte-

1869 4725 2082 4772 corum,
2102 4707 2249 4778 quod
2290 4706 2551 4760 Basilium
2598 4704 2822 4759 inducat
2847 4704 2914 4758 de
2933 4719 2990 4757 re
3009 4701 3264 4757 omnibus
3291 4708 3453 4755 testa-

1870 4809 1948 4862 ta,
1978 4799 2114 4854 etab
2145 4799 2262 4867 ipso
2312 4796 2512 4851 Basilio
2542 4810 2684 4866 stepe
2722 4794 3042 4850 conﬁrmata
3084 4792 3317 4862 turpiter
3347 4791 3451 4845 du-

1871 4891 2156 4945 bitantem.
2187 4888 2328 4954 Quid
2355 4889 2500 4942 enim
2539 4887 2850 4950 absurdius,
2882 4902 3044 4955 quam
3071 4883 3267 4938 Filium
3289 4883 3450 4938 Patre

1873 4983 2141 5035 minorem
2189 4981 2378 5034 ordine
2407 4987 2460 5033 et
2503 4977 2767 5049 dignitate
2809 4991 3147 5040 asseverare,
3181 4975 3447 5044 Spiritum

1871 5068 2008 5124 Filio
2051 5069 2316 5122 minorem
2363 5067 2556 5121 ordine
2595 5074 2649 5120 et
2681 5066 2945 5133 dignitate
2987 5065 3166 5118 dicere
3206 5079 3315 5116 non
3347 5077 3447 5114 au-

1871 5161 2038 5216 dere"?
2069 5159 2182 5213 l'loc
2232 5158 2476 5229 profecto
2507 5173 2615 5211 non
2661 5157 2889 5210 cadebat
2928 5157 2982 5210 in
3026 5155 3308 5217 Basilium,
3352 5153 3446 5224 qui

1871 5251 2151 5320 conceptis
2194 5249 2376 5303 verbis
2417 5249 2578 5302 docet
2622 5248 2678 5302 in
2715 5247 2858 5300 libro
2899 5245 2978 5298 De
3005 5245 3212 5312 Spiritu
3239 5251 3445 5311 sancto,

1871 5357 1993 5412 cap.
2039 5343 2128 5405 l7,
2159 5341 2409 5395 eumdem
2457 5339 2704 5394 ordinem
2733 5337 3070 5392 intercedere
3103 5337 3246 5390 inter
3270 5335 3446 5405 Spiri-

1873 5443 1988 5489 tum
2033 5449 2097 5486 ac
2148 5433 2368 5497 Filium,
2403 5447 2470 5486 ac
2500 5432 2643 5486 inter
2673 5429 2871 5484 Filium
2903 5437 2956 5484 et
2989 5428 3204 5483 Patrem
3235 5446 3247 5482 :
3284 5425 3352 5481 Ut
3389 5442 3448 5482 se

1873 5524 2026 5577 habet
2056 5521 2232 5576 Filius
2263 5521 2332 5575 ad
2359 5521 2596 5582 Patrem.
2631 5520 2828 5590 inquit,
2862 5521 2938 5572 sic
2967 5517 3036 5572 ad
3080 5516 3284 5571 Filium
3325 5514 3448 5583 Spi-

1873 5618 2010 5671 ritus
2043 5615 2329 5669 secundum
2377 5614 2517 5666 verbi
2554 5611 2653 5667 Dei
2681 5611 2915 5665 ordinem
2948 5612 3006 5663 in
3036 5609 3294 5679 baptismo
3331 5615 3448 5660 tra-

1873 5709 2065 5764 ditum.
2098 5706 2405 5763 Bidiculam
2452 5721 2584 5778 ergo
2628 5704 2974 5762 formidinem
3012 5701 3211 5758 Basilio
3241 5695 3448 5768 attingit
