3900 6212
453 268 530 329 85
1914 275 2308 335 ΡΒᾹΞΕΛΤΙΟ.
3654 274 3732 335 56

451 382 609 449 illud,
652 382 903 456 fortasse,
939 399 1004 440 ac
1050 384 1207 451 illud,
1249 395 1308 439 ut
1341 385 1438 441 hoc
1467 388 1629 442 etiam
1672 389 1887 444 omnino
1919 407 2045 443 con~
2069 407 2118 462 Α
2213 393 2521 463 Antequam
2578 392 2792 447 veniam
2841 390 2909 448 ad
2970 397 3367 462 propugnatam
3419 404 3450 443 a
3510 386 3734 445 Latinis

450 475 725 543 cedamus,
766 484 821 531 et
865 475 1029 540 infra,
1065 485 1125 529 ut
1168 477 1342 532 aiunt.
1376 476 1516 533 Huic
1555 479 1755 533 rationi
1798 496 1907 535 non
1945 497 2043 551 pa-

449 583 576 625 rum
621 568 775 622 addit
814 570 1075 623 momenti
1120 570 1267 639 quod
1315 569 1390 623 ait
1429 569 1671 625 Basilius
1714 571 2040 627 Eunomium

448 662 614 716 etiam
660 678 799 716 nunc
843 661 1027 716 eadem
1077 661 1281 727 facere,
1325 679 1443 732 qua:
1483 664 1611 717 dum
1660 662 1725 718 de
1764 663 2040 734 Unigeuito

447 755 752 818 dissereret,
787 753 974 823 fecisse
1017 754 1286 809 convictus
1319 763 1419 809 est.
1453 754 1663 810 lndicat
1706 758 1852 810 enim
1895 757 2043 812 Basi-

450 848 559 903 lius
579 848 667 903 his
691 847 877 902 verbis
902 848 1118 901 initium
1142 847 1266 902 libri
1288 848 1472 917 primi,
1496 848 1586 903 ubi
1610 849 1781 903 nudat
1808 850 2039 905 artificia

449 937 723 1002 Eunomii,
756 939 996 1009 quicum
1024 940 1167 1007 riam
1198 938 1561 1005 traditionem,
1585 939 1812 994 Patrum
1844 940 2026 1010 ﬁdem,

447 1032 654 1102 rejecta
696 1030 1066 1086 multitudinis
1109 1031 1370 1101 opinione
1411 1034 1797 1101 apposuisset,
1848 1034 2037 1086 statim

448 1124 518 1178 de
561 1139 664 1179 suo
710 1124 1047 1194 impietatem
1087 1131 1142 1177 et
1195 1123 1592 1193 blasphemiam
1648 1125 1899 1179 addebat.
1947 1124 2037 1179 Sic

446 1232 578 1287 ergo
610 1216 764 1270 illum
793 1220 1095 1285 interrogat
1123 1215 1356 1270 Basilius
1388 1235 1400 1270 :
1436 1216 1490 1269 in
1528 1216 1630 1271 hac
1658 1215 1762 1271 fide
1810 1216 2029 1270 ubinam

446 1310 702 1376 scriptum
746 1317 847 1373 est,
885 1306 1163 1362 Credimus
1214 1308 1659 1378 ingenerationem
1702 1325 1818 1363 esse
1859 1326 2037 1363 essen-

448 1400 582 1454 tiam
621 1400 721 1455 Dei
765 1402 1169 1463 universorum;
1215 1409 1330 1465 aut,
1380 1398 1658 1455 Credimus
1699 1399 2037 1471 Unigenitum

445 1495 673 1548 essentia
703 1494 1021 1549 dissimilem
1052 1510 1165 1547 esse
1191 1492 1391 1547 Patri?
1426 1492 1774 1548 Demonstrat
1804 1509 1927 1547 eum
1955 1494 2035 1549 sic

447 1592 634 1653 aperte
699 1583 848 1654 loqui
908 1583 1201 1648 debuisse,
1259 1597 1371 1636 non
1438 1581 1668 1640 insidias
1735 1583 2035 1638 lectoribus

448 1684 680 1743 struere,
710 1686 759 1730 et
795 1676 1027 1745 opinioni
1058 1690 1170 1729 sua:
1196 1674 1336 1729 velut
1367 1676 1525 1728 hamo
1555 1674 1624 1729 ad
1664 1686 1880 1731 mortem
1923 1685 2036 1731 tra-

2145 486 2459 548 lectionem,
2485 486 2615 540 libet
2641 486 2788 541 aliud
2820 486 3254 540 additamentum
3286 482 3736 547 animadvertere

2145 579 2201 632 in
2231 578 2317 632 his
2349 578 2561 633 verbis:
2599 578 2758 641 Τίνες
2784 578 2839 631 δὲ
2868 580 2916 630 οἱ
2945 577 3090 645 ἆγιθι
3119 577 3213 630 καὶ
3243 578 3302 629 ὲν
3334 573 3506 639 ποίοις
3543 574 3735 643 λόγοις

2142 668 2241 739 τὴν
2310 665 2655 720 διδασκαλίαν
2741 667 3101 737 πεποίηνται,
3174 667 3347 717 εἰπεῖν
3407 664 3508 717 οὐκ
3571 663 3732 733 ἔχει·

2144 761 2252 827 Qui
2282 777 2399 815 vero
2439 761 2544 814 sint
2574 761 2745 814 sancti
2776 760 2878 824 illi,
2922 768 2971 811 et
3018 760 3071 811 in
3111 757 3298 827 quibus
3335 757 3546 825 scriptis
3587 755 3731 807 hanc

2142 854 2437 907 doctrinam
2475 852 2755 916 ediderint,
2798 852 2968 906 dicere
3012 868 3116 905 non
3158 859 3347 919 potest.
3379 849 3506 903 Haec
3533 848 3730 910 verba,

2142 944 2315 996 εἰπεῖν
2345 944 2445 996 οὐκ
2478 942 2614 1013 ἔχει,
2644 941 2817 995 dicere
2860 959 2962 995 non
2994 951 3184 1010 potest,
3218 956 3339 1010 qua:
3381 955 3448 994 ex
3485 947 3732 1008 quatuor

2142 1035 2326 1104 Regiis
2363 1050 2497 1090 mss.
2532 1044 2686 1088 eruta
2726 1044 2875 1097 sunt,
2912 1034 2969 1087 in
2994 1034 3170 1087 tribus
3207 1041 3389 1088 autem
3422 1033 3547 1086 aliis
3576 1038 3632 1086 et
3668 1032 3733 1088 in

2140 1125 2382 1194 antiquis
2424 1125 2758 1181 editionibus
2817 1126 3053 1189 desunt,
3107 1125 3463 1180 manifestum
3514 1125 3731 1179 habent

2138 1216 2378 1285 perfidiae
2413 1224 2468 1271 et
2500 1216 2826 1286 corruptelae
2858 1216 3143 1270 indicium.
3189 1216 3326 1282 Quis
3352 1216 3499 1271 enim
3531 1216 3731 1271 credat

2138 1307 2401 1362 Basilium
2432 1309 2505 1362 ita
2536 1310 2591 1363 in
2621 1308 2996 1364 ecclesiastica
3029 1308 3323 1363 traditione
3361 1308 3636 1378 hospitem
3672 1318 3733 1363 et

2137 1400 2484 1469 peregrinum
2531 1398 2727 1463 fuisse,
2762 1407 2822 1453 ut
2865 1415 2991 1453 cum
3043 1400 3160 1468 ipse
3198 1398 3395 1454 Filium
3429 1400 3627 1455 ordine
3670 1410 3732 1454 et

2138 1491 2405 1560 dignitate
2430 1492 2697 1545 minorem
2727 1492 3066 1561 pronuntiet,
3111 1492 3258 1546 illius
3286 1491 3571 1553 doctrinae,
3600 1505 3732 1560 quae

2136 1582 2203 1637 de
2237 1581 2444 1651 Spiritu
2474 1583 2617 1637 idem
2647 1584 2834 1648 tradit,
2866 1593 3123 1638 auctores
3149 1585 3329 1639 nullos
3355 1583 3425 1638 ab
3450 1582 3731 1637 Eunomia

2137 1673 2298 1727 citari
2339 1688 2500 1742 posse
2543 1672 2795 1728 diceret?
2840 1673 2965 1729 Sive
3007 1674 3191 1729 Basilii
3239 1682 3392 1739 sunt,
3423 1690 3546 1745 quae
3575 1673 3730 1728 infra

446 1766 590 1822 hcnti
638 1768 1035 1837 simplicitatem
1082 1764 1229 1836 ﬁdei,
1259 1782 1354 1820 ceu
1394 1782 1571 1821 escam
1611 1767 1898 1835 quamdam
1927 1771 2033 1822 cir-
2064 1783 2105 1837 Β
2136 1765 2407 1834 leguntur,
2440 1764 2571 1819 Cum
2604 1764 2863 1820 Dominus
2898 1768 3005 1834 ipse
3047 1767 3102 1820 in
3142 1766 3426 1820 traditione
3463 1768 3726 1819 salutaris

446 1859 717 1926 cumdare,
750 1869 807 1913 ut
832 1861 1065 1928 imperiti
1097 1859 1165 1912 ad
1198 1859 1252 1913 id
1284 1860 1422 1931 quod
1464 1869 1678 1929 apparet
1706 1860 2033 1928 festinantes,

445 1953 657 2006 incaute
707 1951 996 2019 impietatis
1038 1949 1230 2005 scelere
1260 1952 1675 2021 transﬁgantur.
1722 1950 1860 2005 Cum
1904 1966 2036 2021 ergo

446 2044 779 2099 Eunomium
812 2030 1049 2099 BaSilius
1086 2042 1371 2113 disputare
1399 2043 1751 2113 incipientem
1795 2044 1861 2098 de
1907 2043 2032 2113 Spi-

445 2134 577 2199 ritu,
625 2134 815 2190 eadem
868 2134 1048 2190 facere
1095 2134 1265 2200 dicat,
1312 2150 1428 2204 qua:
1474 2134 1602 2187 dum
1645 2133 1710 2188 de
1758 2132 2033 2204 Uuigenito

443 2225 747 2292 dissereret,
787 2226 971 2296 fecisse
1004 2227 1271 2281 convictus
1322 2235 1437 2289 est;
1488 2241 1715 2281 necesse
1761 2234 1847 2281 est
1887 2236 1947 2280 ut
1978 2228 2033 2281 in

445 2325 680 2388 utroque
710 2318 832 2372 loco
855 2317 1127 2387 principia
1155 2317 1270 2382 illa,
1303 2332 1425 2386 qua:
1455 2316 1724 2386 impietati
1762 2332 1889 2370 mox
1913 2318 2036 2371 effe-

446 2409 631 2465 rendae
674 2410 824 2465 velut
847 2424 1035 2465 escam
1080 2408 1246 2462 hamo
1292 2408 1684 2477 praetendebat,
1731 2423 1833 2463 nec
1867 2409 2032 2463 dubia

452 2503 573 2559 visa
607 2501 815 2571 fuerint
845 2517 946 2556 nec
973 2502 1183 2556 incerta
1213 2500 1438 2555 Basilio.

514 2594 573 2649 In
629 2608 696 2649 eo
735 2595 900 2650 etiam
945 2607 1133 2648 secum
1177 2602 1366 2663 aperte
1411 2599 1620 2663 pugnat
1660 2592 1936 2656 Basilius,
1984 2595 2031 2649 si

445 2685 759 2741 Graecorum
788 2687 1062 2756 scriptura
1093 2685 1415 2754 recipiatur,
1462 2686 1607 2755 quod
1639 2694 1931 2755 postquam
1963 2688 2034 2741 ab

445 2777 720 2833 Eunomio
740 2785 994 2832 auctores
1026 2776 1289 2831 doctrinae
1328 2776 1496 2831 celari
1525 2775 1684 2841 dixit,
1720 2778 1898 2847 ipsum
1929 2777 2033 2831 Eu-

446 2872 691 2925 nomium
725 2870 867 2924 hanc
896 2868 1205 2924 doctrinam
1233 2884 1299 2923 ex
1333 2868 1538 2924 Christi
1569 2870 1751 2923 verbis
1787 2881 2033 2938 repetere

446 2970 679 3019 asserat.
726 2960 960 3017 Simulat
1006 2978 1061 3016 se
1105 2978 1311 3015 servare
1356 2961 1658 3015 doctrinam
1688 2972 2028 3027 sanctorum;

445 3062 502 3107 at
548 3070 635 3107 eos
678 3054 769 3124 qui
810 3055 960 3107 illam
994 3054 1097 3123 ipsi
1136 3053 1471 3107 tradiderunt
1517 3064 1669 3107 tacet.
1719 3055 1786 3107 lit
1838 3054 2026 3111 infra:

2140 1856 2475 1920 baptismatis
2515 1855 2795 1908 tradiderit
2838 1855 3096 1917 ordinent.
3139 1865 3271 1916 etc.,
3310 1857 3490 1926 ipsum
3534 1856 3728 1911 Domi-

2136 1962 2268 2000 num
2320 1947 2568 2016 agnoscit
2609 1946 2846 2001 Basilius
2895 1946 3063 2015 hujus
3094 1945 3363 2000 doctrinae
3408 1954 3723 2010 auctorem,

2134 2038 2337 2092 nedum
2387 2046 2645 2092 auctores
2694 2038 2877 2093 nullos
2923 2037 3158 2108 proferri
3204 2052 3367 2106 posse
3414 2038 3722 2092 existimet.

2138 2128 2262 2184 Sive
2309 2130 2578 2183 Eunomio
2623 2129 2915 2183 tribuenda
2957 2129 3073 2183 haec
3101 2129 3302 2195 verba;
3352 2145 3467 2184 non
3504 2130 3725 2184 laborat

2135 2228 2421 2274 auctorum
2471 2218 2737 2273 doctrina:
2785 2235 2899 2275 suae
2948 2220 3199 2290 penuria,
3236 2220 3331 2289 qui
3377 2220 3560 2291 ipsum
3608 2220 3727 2274 Πολ

2134 2312 2342 2367 minum
2383 2312 2512 2366 citat
2545 2322 2849 2366 auctorem.
2891 2311 3150 2368 Mendose
3179 2327 3310 2383 ergo
3355 2314 3413 2366 in
3456 2312 3598 2367 hanc
3628 2326 3728 2367 no-

2132 2422 2257 2461 vam
2306 2408 2600 2461 editionem
2642 2407 2985 2476 irrepserunt
3014 2408 3131 2462 haec
3161 2407 3331 2462 verba
3363 2425 3376 2461 :
3409 2407 3503 2462 sed
3533 2418 3726 2461 tamen

2132 2514 2242 2552 non
2273 2514 2465 2568 parum
2499 2513 2731 2567 prosunt
2775 2499 2844 2553 ad
2876 2498 3361 2553 demonstrandam
3397 2497 3725 2553 Graecorum

2133 2589 2189 2641 in
2221 2589 2323 2642 hoc
2354 2588 2537 2642 Basilii
2568 2596 2831 2643 contextu
2858 2587 3218 2643 adulterando
3246 2589 3556 2645 audaciam.

2205 2681 2473 2734 Asseutiri
2506 2680 2650 2733 enim
2679 2696 2786 2734 non
2813 2694 3037 2750 possum
3060 2678 3279 2735 erudito
3306 2677 3723 2735 dissertationis

2133 2771 2368 2838 auctori,
2401 2773 2494 2843 qui
2523 2770 2786 2826 Basilium
2821 2778 2976 2841 putat
3009 2769 3077 2824 ad
3109 2772 3331 2840 impiam
3365 2769 3622 2825 Eunomii
3650 2772 3726 2826 de

2132 2864 2292 2917 tertia
2343 2862 2649 2918 substantia
2698 2862 3027 2917 sententiam
3082 2862 3377 2931 respicere,
3411 2862 3541 2916 dum
3593 2862 3719 2916 ait:

2133 2953 2365 3008 Simulat
2409 2971 2463 3006 se
2485 2969 2691 3006 servare
2724 2962 3029 3006 sanctarum
3058 2950 3379 3014 doctrinam,
3418 2959 3475 3003 at
3505 2967 3594 3004 eos
3625 2951 3725 3020 qui

2130 3064 2247 3101 eam
2278 3047 2380 3115 ipsi
2423 3044 2777 3108 tradiderunt,
2819 3051 2972 3097 tacet.
3024 3042 3323 3112 Distinguit
3360 3042 3506 3096 enim
3549 3057 3727 3095 aecu-

445 3144 757 3216 Accepimus
803 3147 940 3200 enim
988 3148 1184 3214 ipsum,
1225 3146 1416 3215 inquit,
1445 3148 1657 3198 tertium
1705 3163 1737 3198 a
1774 3145 1935 3199 Patre
1972 3156 2020 3199 et
2051 3132 2092 3187 C
2128 3146 2243 3191 rule
2272 3137 2506 3191 Basilius
2544 3153 2607 3190 ea
2648 3150 2770 3204 qua:
2802 3133 3104 3188 Eunomius
3145 3150 3177 3185 α
3222 3143 3422 3186 εαηειτδ
3465 3148 3519 3186 δε
3566 3131 3724 3184 didi-

443 3234 590 3292 Filio
625 3237 893 3289 numerari
922 3252 940 3289 :
974 3253 1091 3289 cum
1127 3236 1381 3289 Dominus
1412 3236 1593 3303 ipsein
1617 3236 1906 3291 traditione
1935 3254 2026 3291 sa-
2060 3288 2065 3291 ,

446 3326 639 3381 lutaris
681 3326 1013 3395 baptismatis
1061 3324 1341 3379 tradiderit
1381 3325 1643 3389 ordinem,
1685 3326 1768 3380 Itis
1818 3331 1982 3380 verbis
2007 3345 2025 3382 :

451 3435 471 3469 ι
511 3416 707 3471 Euntes
737 3418 1001 3486 baptizate
1032 3418 1099 3481 "',
1141 3436 1159 3469 ι
1194 3425 1301 3472 etc.
1341 3415 1495 3470 Licet
1516 3431 1647 3487 ergo
1684 3420 1860 3472 oculis
1891 3418 2026 3488 ipsis

445 3524 671 3563 cernere
713 3508 949 3578 pel-fidas
986 3523 1199 3573 manus,
1232 3524 1353 3579 quae
1405 3509 1550 3563 hunc
1597 3510 1778 3563 locum
1827 3526 2027 3564 corru-

445 3607 665 3670 perunt.
708 3599 855 3652 Nihil
891 3599 1033 3653 enim
1083 3599 1255 3668 magis
1286 3607 1575 3669 repugnat,
1616 3614 1781 3668 quam
1818 3608 1876 3652 ut
1920 3598 2026 3653 Eu-

445 3692 689 3746 nomium
721 3690 959 3745 Basilius
996 3700 1254 3745 auctores
1289 3691 1454 3759 hujus
1488 3691 1755 3746 doctrinae
1787 3694 2028 3748 tacuisse

443 3782 611 3846 dicat,
645 3798 805 3853 quem
841 3792 1019 3837 tamen
1048 3781 1294 3836 eamdem
1326 3781 1632 3836 doctrinam
1664 3781 1867 3837 Christi
1902 3799 2026 3837 ver-

444 3871 532 3927 bis
580 3881 862 3943 acceptam
915 3873 1149 3927 fateatur
1193 3872 1472 3927 retulisse.
1542 3871 1844 3927 Delendum
1895 3889 2027 3943 ergo

444 3962 603 4030 illud,
663 3964 851 4034 inquit,
905 3979 969 4016 ac
1009 3961 1361 4017 manifestum
1410 3971 1494 4017 est
1541 3978 1647 4017 non
1698 3962 2024 4017 Eunomium

445 4053 537 4110 hic
580 4055 751 4125 loqui,
799 4052 895 4110 sed
950 4052 1213 4108 Basilium
1269 4053 1363 4122 qui
1414 4051 1668 4107 Eunomii
1711 4054 1874 4109 verba
1916 4069 2025 4107 non

445 4148 583 4203 solet
629 4147 682 4200 in
732 4160 887 4201 suam
936 4145 1240 4199 orationem
1274 4144 1539 4209 intexere,
1590 4145 1695 4199 nisi
1733 4158 2023 4215 postquam

443 4254 509 4294 ea
543 4238 733 4293 ordine
779 4251 879 4291 suo
913 4237 1117 4290 retulit.
1158 4236 1227 4289 At
1276 4236 1440 4289 verba
1501 4236 1663 4289 modo
1710 4237 1875 4289 citata
1925 4251 2027 4288 uu-

444 4344 638 4399 squam
684 4327 850 4383 relert
883 4325 1119 4382 Basilius
1154 4334 1211 4380 ut
1241 4325 1492 4381 Eunomii
1536 4326 1722 4391 verba,
1769 4342 1871 4381 nec
1899 4340 2026 4395 pro-

443 4421 587 4477 fecto
616 4421 819 4476 referre
857 4421 1053 4491 potuit.

512 4510 633 4565 Jam
660 4526 810 4576 vero,
844 4513 889 4566 si
925 4512 1037 4565 haec
1085 4511 1273 4581 spuria
1307 4520 1458 4575 sunt,
1504 4512 1753 4581 sequitur
1786 4510 2021 4581 genuina

443 4620 565 4660 esse
595 4618 713 4673 qua:
742 4605 798 4658 in
834 4604 1068 4657 lectione
1098 4602 1415 4657 Graecorum
1447 4602 1649 4658 desunt
1684 4602 1751 4657 de
1797 4589 2020 4671 proces-

444 4696 598 4753 sione
629 4693 868 4766 Spiritus
887 4710 951 4749 ex
992 4693 1152 4747 Filio.
1186 4694 1386 4749 Eadem
1420 4696 1566 4750 enim
1597 4710 1763 4749 manu
1807 4693 2021 4747 facinus

443 4796 739 4858 utrumque
767 4788 1145 4852 commissum,
1169 4802 1267 4841 nec
1317 4787 1424 4841 alio
1453 4788 1686 4841 consilio
1706 4794 1893 4841 assuta
1920 4785 2022 4837 du-

444 4879 727 4935 bitationis
772 4878 995 4943 indicia,
1037 4879 1141 4933 nisi
1187 4887 1247 4932 ut
1286 4880 1468 4934 minus
1499 4880 1828 4933 miraremur
1863 4876 2021 4931 Basi-

445 4970 600 5035 lium,
648 4971 743 5040 qui
791 4970 859 5025 de
902 4968 1041 5023 Filio
1093 4970 1397 5038 disserens,
1444 4978 1705 5025 accurate
1760 4969 2020 5038 explicat,

440 5078 552 5135 quo
592 5079 755 5120 sensu
788 5065 967 5118 minor
998 5064 1069 5119 sit
1096 5064 1291 5118 ordine
1328 5071 1382 5117 et
1413 5062 1701 5133 dignitate,
1734 5077 1844 5115 non
1876 5061 2021 5115 idem

441 5153 606 5209 etiam
651 5153 719 5207 de
759 5152 964 5223 Spiritu
1007 5152 1369 5208 disserentem
1427 5153 1644 5208 fecisse.
1701 5150 1832 5205 Erat
1875 5150 2021 5204 enim

443 5245 559 5300 haec
578 5246 869 5314 explicatio
899 5260 1128 5315 prorsus
1168 5245 1482 5299 necessaria
1516 5242 1860 5299 asseveranti
1892 5241 2022 5311 Spi-

441 5338 608 5392 ritum
635 5338 826 5392 ordine
855 5349 910 5392 et
947 5338 1214 5407 dignitate
1243 5338 1510 5391 minorem
1541 5351 1663 5391 esse
1696 5334 1873 5400 Filio;
1918 5332 2021 5387 du-

440 5426 637 5482 bitanti
701 5436 756 5481 et
818 5428 1090 5484 haesitanti
1159 5429 1341 5487 minus
1396 5427 1769 5485 necessariam
1840 5425 2017 5483 Grmci

442 5527 848 5576 exrsttmarunt.

507 5672 553 5707 "
590 5673 777 5731 Matth.
813 5691 1001 5743 xxviii,
1041 5674 1128 5732 19.

2129 3231 2261 3284 cisse
2291 3229 2490 3292 aiebat,
2528 3243 2742 3297 nempe,
2780 3227 2990 3278 tertium
3016 3241 3128 3279 esse
3159 3224 3343 3279 ordine
3378 3235 3428 3278 et
3452 3224 3725 3294 dignitate

2129 3317 2410 3387 Spiritum,
2443 3318 2512 3372 ab
2545 3318 2613 3372 iis
2643 3332 2764 3386 qua:
2801 3331 2861 3371 se
2889 3332 2923 3368 a
2950 3317 3119 3384 seipso
3142 3315 3370 3369 credere
3413 3315 3719 3384 fatebatur,

2127 3426 2345 3479 nempe,
2376 3420 2571 3463 natura
2595 3425 2796 3479 quoque
2820 3410 3031 3462 tertium
3059 3424 3189 3463 esse.
3223 3407 3379 3473 Quod
3400 3423 3532 3477 ergo
3563 3406 3724 3462 addit

2127 3492 2385 3559 Basnlius,
2421 3495 2649 3561 Quinam
2675 3503 2850 3547 autem
2874 3496 3047 3548 sancti
3077 3494 3179 3557 illi,
3208 3504 3257 3547 et
3286 3493 3474 3563 quibus
3502 3494 3558 3546 in
3588 3494 3728 3547 scri-

2125 3590 2231 3658 ptis
2272 3588 2407 3641 Itanc
2438 3588 2734 3641 doctrinam
2773 3586 3022 3641 edidere?
3074 3586 3128 3640 id
3171 3601 3400 3655 prorsus
3437 3586 3732 3639 immerito

2129 3680 2431 3737 referretur
2461 3679 2529 3734 ad
2560 3695 2622 3734 ea
2648 3695 2769 3748 qiue
2803 3694 2861 3732 se
2891 3678 3193 3733 Eunomius
3225 3695 3256 3730 a
3280 3678 3450 3744 seipse
3481 3675 3723 3740 crederc,

2127 3790 2238 3828 non
2265 3789 2296 3827 a
2329 3774 2536 3827 sanctis
2568 3774 2845 3841 accepisse
2883 3771 3083 3824 aiebat.
3113 3771 3292 3835 Quare
3321 3784 3444 3823 cum
3486 3785 3611 3823 eum
3636 3770 3725 3825 sic

2129 3867 2426 3935 interrogat
2460 3865 2692 3919 Basilius
2720 3882 2732 3917 :
2772 3864 3003 3928 Quinam
3045 3871 3220 3913 autem
3245 3870 3372 3914 sunt
3401 3863 3576 3914 sancti
3609 3862 3725 3926 illi,

2127 3968 2175 4012 et
2202 3959 2389 4027 quibus
2424 3959 2479 4010 in
2528 3956 2739 4023 scriptis
2776 3955 2910 4008 lianc
2960 3956 3255 4007 doctrinam
3301 3952 3556 4009 edidere?
3602 3969 3725 4007 non

2127 4051 2364 4106 obscure
2393 4051 2635 4104 declarat
2672 4047 2998 4101 Eunomium
3031 4047 3231 4101 callide
3271 4046 3561 4100 reticuisse
3585 4061 3728 4100 san-

2128 4150 2341 4197 ctorum
2392 4139 2707 4195 testimonia
2741 4153 2803 4191 ac
2831 4137 3130 4206 prtesertim
3161 4136 3367 4192 Christi
3411 4138 3600 4201 verba,
3647 4154 3721 4193 ex

2126 4232 2327 4302 quibus
2356 4228 2620 4298 Spiritum
2653 4236 2903 4281 sanctum
2927 4225 3121 4279 ordine
3150 4226 3371 4279 tertium
3403 4241 3528 4280 esse
3563 4227 3724 4280 colli-

2129 4324 2294 4391 gitur,
2329 4322 2478 4391 quia,
2510 4335 2635 4373 cum
2668 4319 2784 4372 hinc
2813 4317 2977 4371 verba
3021 4316 3259 4386 Spiritus
3291 4319 3465 4371 sancti
3512 4317 3726 4372 divini-

2127 4425 2296 4470 tatem
2346 4413 2628 4467 evidenter
2679 4418 2948 4474 astruant,
3000 4410 3044 4463 si
3085 4424 3150 4463 ea
3197 4409 3479 4463 retulisset
3529 4410 3724 4465 Euno—

2126 4509 2292 4571 mius,
2340 4504 2682 4561 manifestior
2730 4501 3033 4556 exstitisset
3077 4514 3291 4566 eorum,
3338 4516 3462 4570 quae
3505 4501 3574 4557 de
3611 4518 3722 4557 suo

2127 4600 2310 4654 statim
2340 4597 2593 4661 addebat,
2624 4595 2897 4663 impietas.

2197 4686 2287 4743 lll.
2320 4686 2624 4756 Scriptura,
2667 4697 2833 4752 quam
2870 4678 3177 4733 defenuunt
3220 4677 3424 4745 Latini,
3459 4694 3569 4732 non
3616 4696 3719 4734 so-

2126 4782 2241 4835 lum
2275 4788 2399 4849 apte
2427 4785 2480 4832 et
2510 4774 2793 4830 commode
2817 4786 2941 4826 eum
2963 4778 3076 4824 tota
3106 4770 3290 4825 Basilii
3307 4771 3583 4836 doctrina,
3616 4772 3725 4826 sed

2127 4874 2290 4927 etiam
2318 4867 2633 4923 necessario
2678 4879 2802 4919 cum
2827 4863 2974 4917 illius
3002 4861 3430 4917 ratiocinatione
3477 4863 3721 4933 ejusque

2126 4961 2465 5031 argumentis
2511 4958 2768 5011 cohaeret.
2828 4953 3091 5023 Spiritum
3140 4966 3207 5006 ex
3257 4952 3417 5008 Patre
3462 4960 3517 5007 et
3571 4951 3720 5009 Filio

2125 5055 2422 5128 procedere
2450 5053 2533 5108 vel
2567 5052 2670 5105 hoc
2708 5064 2877 5103 unum
2910 5046 3288 5101 testimonium
3320 5047 3723 5104 demonstrare

2125 5147 2321 5220 possit,
2349 5145 2495 5215 quod
2525 5143 2628 5198 sub
2675 5142 2835 5195 linem
2865 5141 2987 5194 libri
3035 5154 3075 5193 ll
3106 5140 3160 5192 in
3192 5138 3513 5193 Eunomium
3543 5140 3722 5195 habe-

2123 5255 2265 5294 mus.
2300 5237 2433 5291 Nam
2466 5251 2591 5290 cum
2620 5232 2922 5287 Eunomius
2967 5230 3133 5299 impie
3158 5229 3358 5284 Filium
3391 5239 3719 5285 creaturam

2125 5329 2325 5393 Patris,
2368 5326 2632 5398 Spiritum
2663 5332 2975 5378 creaturam
3023 5320 3147 5375 Filii
3175 5329 3419 5385 vocaret,
3469 5321 3719 5379 Basilius

2123 5421 2455 5491 impietatem
2497 5417 2644 5472 illius
2682 5414 3069 5486 perhorrescit,
3101 5412 3250 5482 quod
3281 5420 3600 5467 creaturam
3634 5415 3721 5469 di-

2119 5520 2272 5572 ceret
2300 5509 2562 5582 Spiritum
2580 5516 2829 5565 sanctum
2851 5523 2865 5565 :
2884 5520 2947 5563 ac
2965 5504 3162 5562 deinde
3194 5504 3347 5561 illum
3382 5505 3463 5560 sic
3498 5508 3719 5577 arguit,
