3900 6212
182 291 243 347 5.,
1158 238 1167 245 ’
1652 272 2046 334 ΡκΑῖιμᾺτιο.
3380 287 3452 346 ss

182 405 321 474 quod
350 402 598 474 Spiritus
629 400 894 471 originem
922 414 1033 454 non
1065 398 1216 453 Patri
1243 404 1295 451 et
1325 395 1483 459 Filio,
1521 393 1619 449 sed
1661 392 1764 448 soli
1795 396 1843 449 Α
1868 412 1934 450 ex
1964 412 2088 469 cap.
2127 399 2194 453 17
2223 401 2343 456 libri
2377 400 2451 457 De
2476 401 2681 475 Spiritu
2717 412 2901 458 sancto
2917 401 3030 474 jam
3053 402 3218 458 citata
3244 422 3259 459 :
3294 402 3361 457 Ut
3395 418 3452 460 se

183 497 317 552 Filio
345 495 694 549 attribueret.
728 492 874 547 Illud
900 508 1038 556 vero,
1088 491 1265 561 inquit
1285 489 1360 560 (p.
1378 488 1529 557 270),
1553 487 1637 540 cui
1661 502 1770 539 non

179 601 340 659 patet,
361 589 503 659 quod
527 588 679 642 nulla
698 586 832 639 Filii
852 587 1089 655 operatio
1110 602 1143 638 a
1168 586 1328 637 Patre
1342 581 1513 635 divisa
1542 581 1643 646 sit,
1676 594 1769 633 nec

179 681 471 751 quidquam
497 682 569 733 sit
598 680 649 732 in
674 695 849 731 rerum
880 687 1096 740 natura,
1130 674 1271 746 quod
1293 675 1361 727 ad
1381 673 1585 728 Filium
1610 673 1771 742 perti-

182 781 323 829 neat.
346 782 395 825 et
430 789 463 823 a
495 770 658 823 Patre
696 770 926 821 alienum
950 769 1060 822 sit?
1099 785 1118 817 ι
1158 765 1353 821 Omnia
1385 767 1543 827 enim,
1578 765 1767 834 inquit,

182 882 297 918 mea
317 874 410 916 tua
433 870 577 925 sunt,
599 870 649 915 et
684 872 776 915 tua
810 860 980 913 meu‘.
1010 879 1027 909 ι
1050 857 1323 923 Quomodo
1341 859 1504 928 igitur
1535 856 1769 926 Spiritus

181 972 403 1009 causam
453 953 729 1023 Unigenito
764 950 868 1005 soli
897 951 1163 1015 attribuit,
1191 960 1241 1004 et
1268 952 1336 1003 ad
1366 951 1482 1020 ejus
1513 966 1772 1003 accusan-

182 1047 307 1100 dam
337 1056 591 1099 naturam
620 1044 769 1097 illius
796 1042 1115 1095 creationem
1167 1044 1432 1111 usurpat?
1477 1040 1623 1095 Luce
1651 1040 1768 1094 cla-

183 1140 300 1193 rius
333 1145 421 1192 est
476 1136 740 1189 Basilium
792 1135 933 1187 inter
960 1142 1015 1187 et
1052 1132 1380 1188 Eunomium
1422 1132 1768 1197 convenisse,

184 1230 428 1299 Spiritus
468 1226 739 1298 originem
786 1224 926 1280 Filio
977 1225 1405 1290 attribuendam,
1453 1226 1549 1279 sed
1605 1226 1660 1277 in
1704 1239 1771 1279 eo

184 1322 617 1377 controversiam
652 1320 955 1383 exstitisse,
984 1317 1135 1389 quod
1179 1317 1481 1373 Eunomius
1534 1318 1637 1372 soli
1679 1317 1772 1371 Fi-

184 1415 257 1468 lio
289 1414 641 1478 attribueret,
689 1410 928 1466 Basilius
955 1408 1107 1462 Patri
1136 1418 1190 1463 et
1217 1408 1378 1462 Filio.
1428 1408 1770 1463 Sententiam

183 1520 340 1559 suam
387 1503 632 1558 Basilius
661 1516 775 1556 non
801 1500 1181 1571 perfunctorie
1210 1499 1427 1571 probat.
1474 1499 1771 1554 Contendit

182 1599 290 1653 duo
317 1596 440 1651 fore
468 1595 761 1666 principia,
799 1594 847 1649 si
882 1592 1121 1665 Spiritus
1154 1594 1308 1663 origo
1347 1593 1448 1646 soli
1495 1590 1635 1645 Filio
1671 1592 1773 1644 tri-

181 1692 404 1747 buatur.
441 1688 797 1743 Demonstrat
844 1701 970 1743 eum
998 1699 1114 1739 non
1156 1683 1523 1739 dirimendum
1570 1697 1693 1738 esse
1739 1698 1769 1737 a

177 1784 379 1846 Patre,
442 1795 570 1835 cum
642 1787 698 1833 et
772 1777 1069 1847 Apostolus
1132 1778 1425 1846 conjuncte
1504 1773 1768 1845 Spiritum

177 1875 389 1931 Christi
420 1881 475 1928 et
503 1872 771 1941 Spiritum
800 1870 891 1924 Dei
915 1869 1094 1923 Patris
1118 1870 1392 1939 appellet;
1423 1884 1484 1922 ac
1508 1868 1770 1921 Dominus

179 1962 447 2032 Spiritum
474 1964 717 2017 ueritatis
747 1962 895 2015 dicat
954 1962 1056 2034 (est
1081 1963 1221 2016 enim
1253 1962 1363 2030 ipse
1390 1959 1643 2015 Christus
1681 1976 1770 2014 ve-

178 2054 341 2125 ritas)
370 2060 424 2107 et
456 2052 525 2107 de
551 2068 611 2108 eo
637 2053 782 2106 dicat
810 2069 828 2106 :
868 2053 914 2107 Α
942 2052 1107 2107 Patre
1136 2052 1370 2120 procedit

248 2143 444 2215 Neque
474 2146 643 2200 etiam
673 2146 912 2200 obscure
951 2144 1284 2215 perspicitur
1316 2142 1502 2198 Basilii
1550 2148 1772 2197 senten-

180 2238 255 2291 tia
284 2252 351 2292 ex
386 2237 475 2291 his
510 2239 697 2292 verbis
724 2237 887 2307 epist.
943 2236 1034 2301 52,
1076 2252 1134 2290 n.
1165 2235 1243 2290 2:
1294 2232 1416 2289 Non
1470 2234 1611 2288 enim
1654 2248 1772 2303 qua:

181 2331 420 2398 fratrum
449 2331 591 2383 inter
616 2345 673 2383 se
700 2330 1068 2399 cognationem
1111 2328 1325 2393 habent,
1371 2328 1621 2381 dicuntur
1648 2342 1772 2380 cou-

181 2422 598 2484 substantialia,
642 2421 697 2475 id
741 2420 881 2491 quod
910 2419 1127 2491 quidam
1156 2421 1488 2484 existimant,
1524 2419 1615 2473 sed
1652 2434 1771 2473 cum

180 2530 349 2568 causa
379 2524 431 2568 et
461 2513 520 2567 id
551 2513 689 2583 quod
712 2528 781 2567 ex
806 2529 971 2566 causa
997 2512 1366 2566 exsistentiam
1406 2510 1585 2576 habet,
1628 2511 1773 2579 ejus-

178 2605 299 2659 dem
338 2616 467 2658 sunt
511 2614 741 2669 natum,
782 2601 1266 2657 consubstantialia
1294 2601 1563 2655 dicuntur.
1600 2601 1774 2655 Mani-

179 2697 321 2751 festa
351 2704 441 2751 est
474 2704 531 2750 et
560 2705 745 2764 aperta
773 2696 1082 2759 conclusio,
1113 2709 1279 2765 quam
1314 2694 1552 2763 theologi
1582 2709 1645 2747 ex
1685 2693 1772 2747 his

177 2789 364 2843 verbis
420 2788 723 2841 deducunt.
771 2784 907 2839 Nam
965 2785 1011 2841 si
1063 2800 1126 2840 ea
1176 2792 1393 2839 tantum
1432 2785 1540 2839 dici
1574 2785 1775 2839 debent

177 2878 701 2941 consubstantialia,
736 2891 972 2946 quorum
1007 2876 1239 2931 alterum
1284 2891 1350 2931 ex
1395 2876 1565 2929 altero
1598 2876 1770 2946 origi-

177 2989 306 3027 nem
360 2971 568 3035 habet,
620 2984 731 3023 non
785 2969 962 3039 potuit
1014 2952 1254 3043 Spiritus
1302 2976 1383 3022 tot
1441 2969 1578 3023 locis
1630 2967 1772 3037 apud

1869 490 2024 544 habet
2053 488 2230 546 Filius
2271 492 2339 546 ad
2367 491 2695 560 Patrem,sic
2720 494 2789 548 ad
2821 493 3023 549 Filium
3055 492 3311 565 Spiritus,
3337 503 3448 553 etc.

1870 582 2048 652 Atque
2095 581 2211 637 haec
2266 583 2461 639 relatio
2501 584 2680 641 fusius
2728 584 3035 656 explicatur
3093 585 3150 639 in
3208 599 3331 656 cap.
3382 585 3449 642 18

1871 673 2119 744 ejusdem
2146 674 2296 730 libri.

1941 768 2040 825 His
2071 768 2199 823 addi
2243 779 2476 840 possunt
2518 769 2781 825 nonnulla
2813 784 2883 823 ex
2926 748 3121 840 quinto
3161 768 3217 822 in
3267 768 3450 824 Euno-

1872 865 2036 919 mium
2064 864 2225 931 libro,
2258 865 2352 934 qui
2377 865 2515 919 liber
2546 864 2762 919 etiamsi
2794 863 2978 919 Basilii
3001 879 3113 919 non
3145 865 3235 928 sit,
3278 864 3331 919 ei
3366 872 3450 919 ta-

1871 974 1998 1014 men
2028 975 2059 1014 a
2082 957 2288 1015 Graecis
2315 958 2686 1028 adjudicatur,
2720 973 2783 1013 ac
2807 965 2953 1013 totus
2993 973 3059 1012 ex
3087 958 3207 1027 ejus
3231 967 3450 1013 senten-

1872 1054 1965 1108 tiis
1987 1052 2325 1122 compositus
2349 1061 2453 1106 est.
2486 1050 2564 1105 lbi
2597 1051 2741 1122 (pag.
2772 1050 2898 1117 505)
2929 1050 3161 1119 legimus
3184 1050 3450 1120 Spiritum

1872 1158 1996 1199 esse
2026 1141 2253 1196 Verbum
2288 1140 2447 1206 Filii,
2482 1143 2764 1212 imaginem
2789 1140 2945 1208 Filii,
2982 1140 3246 1211 Spiritum
3289 1140 3447 1209 Filii,

1872 1235 2154 1305 procedere
2192 1249 2258 1288 ea:
2296 1234 2407 1288 Deo
2435 1248 2527 1302 per
2559 1232 2781 1287 Filium.
2834 1232 2947 1288 Nec
2997 1231 3300 1287 omittenda
3355 1233 3448 1287 illa

1874 1329 2105 1399 quaestio
2134 1327 2334 1399 (ibid.),
2370 1326 2481 1382 Cur
2500 1336 2551 1381 et
2580 1326 2809 1394 Spiritus
2830 1325 3004 1380 Filius
3027 1323 3160 1379 Filii
3186 1341 3289 1379 non
3313 1324 3449 1379 dici-

1877 1422 1999 1473 tur?
2043 1418 2173 1484 Qua:
2203 1418 2423 1487 quidem
2456 1417 2796 1487 perabsurda
2830 1415 2955 1480 fuit,
2975 1416 3023 1471 si
3050 1430 3114 1470 ex
3148 1413 3288 1469 Filio
3319 1413 3448 1485 Spi-

1872 1512 2011 1566 ritus
2049 1526 2155 1564 non
2187 1509 2449 1579 procedit.

1942 1600 2099 1667 Quod
2126 1601 2173 1654 si
2194 1614 2433 1669 unquam
2464 1598 2696 1653 Basilius
2726 1596 2988 1667 Spiritum
3024 1610 3053 1649 a
3084 1594 3226 1649 Filio
3254 1608 3446 1665 proce-

1873 1690 2004 1747 dere
2031 1691 2239 1751 docuit,
2269 1697 2387 1743 tum
2404 1689 2640 1742 maxime
2669 1688 2834 1756 hujus
2850 1686 3452 1757 depromendaedoctri-

1874 1799 1956 1837 nae
1973 1781 2344 1837 necessarium
2360 1780 2573 1835 exstitit
2599 1788 2834 1847 tempus,
2857 1792 2986 1832 cum
3015 1778 3166 1831 illum
3184 1775 3321 1830 Filio
3339 1776 3444 1829 mi-

1873 1888 2063 1928 norem
2098 1870 2291 1925 ordine
2318 1880 2371 1924 et
2392 1869 2658 1939 dignitate
2687 1884 2830 1930 esse,
2860 1869 2914 1921 in
2949 1876 3206 1936 suscepta
3245 1868 3444 1922 adver-

1874 1980 1971 2020 sus
2014 1963 2245 2017 subtiles
2288 1961 2582 2015 haereticos
2630 1960 3002 2030 disputatione
3048 1959 3447 2029 pronuntiavit.

1872 2056 2009 2112 Nam
2039 2056 2133 2126 qui
2169 2056 2236 2110 de
2267 2055 2407 2110 Filio
2434 2056 2611 2109 obiter
2650 2067 2836 2123 agens,
2874 2067 3001 2107 eum
3036 2052 3225 2107 ordine
3257 2059 3313 2107 et
3362 2051 3450 2107 di-

1874 2151 2081 2222 gnitate
2112 2149 2379 2203 minorem
2412 2146 2571 2201 Patre
2604 2160 2711 2201 non
2758 2160 2929 2200 ausus
2958 2153 3044 2199 est
3089 2143 3294 2209 dicere,
3336 2144 3445 2199 nisi

1874 2245 2057 2300 statim
2090 2256 2313 2296 causam
2343 2240 2584 2303 adderet,
2619 2238 2747 2309 quia
2783 2255 2814 2292 a
2857 2238 3018 2292 Patre
3042 2244 3148 2300 est,
3193 2244 3249 2292 et
3283 2235 3447 2292 Pater

1874 2335 1996 2405 ejus
2026 2335 2201 2403 origo,
2234 2342 2440 2401 quanto
2472 2331 2645 2400 magis
2676 2330 2790 2383 haec
2822 2329 2902 2382 illi
2926 2327 3110 2382 cautio
3139 2326 3449 2381 adhibenda

1874 2426 2001 2490 fuit,
2053 2439 2176 2481 cum
2206 2422 2476 2493 Spiritum
2522 2431 2796 2485 sanetum,
2858 2420 2927 2474 de
2961 2434 3070 2490 quo
3100 2418 3229 2473 data
3279 2433 3445 2488 opera

1874 2515 2204 2578 disserebat,
2260 2512 2399 2568 Filio
2429 2514 2696 2568 minorem
2727 2513 2921 2568 ordine
2963 2522 3019 2565 et
3051 2510 3315 2581 dignitate
3357 2511 3446 2563 di-

1874 2607 2058 2663 ceret?
2082 2606 2393 2672 Quinetiam
2422 2619 2618 2658 manca
2644 2604 2749 2659 erit
2772 2603 2855 2658 vel
2880 2603 3064 2672 potius
3080 2601 3319 2657 absurda
3345 2600 3449 2654 Ba-

1875 2701 1985 2756 silii
2016 2698 2387 2760 ratiocinatio,
2416 2697 2523 2753 nisi
2560 2694 2827 2766 Spiritum
2866 2694 3005 2749 Filio
3033 2695 3302 2749 minorem
3324 2708 3451 2749 esse

1875 2791 2068 2847 ordine
2096 2798 2152 2843 et
2184 2790 2469 2860 dignitate,
2497 2788 2624 2858 quia
2652 2802 2681 2840 a
2717 2787 2855 2841 Filio
2884 2802 3008 2842 esse
3031 2785 3214 2849 habet,
3266 2785 3312 2841 si
3344 2786 3450 2838 mi-

1875 2897 1979 2936 nus
2006 2880 2229 2945 dixerit,
2282 2879 2473 2953 saltem
2510 2877 2830 2948 cogitaverit
2872 2887 2926 2931 et
2972 2876 3287 2931 crediderit.
3328 2874 3448 2929 Huc

1875 2972 2021 3027 enim
2068 2978 2182 3025 tota
2241 2969 2447 3024 rediret
2505 2969 2619 3022 haec
2663 2967 3049 3022 ratiocinatio:
3083 2965 3450 3032 Quemadmo-

175 3062 455 3117 Basilium
504 3059 999 3114 consubstantialis
1049 3058 1190 3114 Filio
1217 3059 1351 3123 dici,
1392 3059 1502 3114 nisi
1546 3075 1672 3113 eum
1705 3075 1767 3113 ex
1798 3078 1840 3135 ο
1877 3062 2005 3114 dum
2038 3059 2209 3113 Filius
2235 3060 2326 3128 qui
2357 3074 2387 3111 a
2421 3055 2579 3112 Patre
2605 3072 2728 3112 esse
2766 3057 2951 3120 habet,
2971 3057 3165 3111 ordine
3190 3063 3244 3111 et
3262 3055 3447 3125 digni-

175 3153 322 3209 Filio
361 3152 634 3223 originem
678 3152 880 3205 habere
927 3158 1227 3207 constaret.
1264 3150 1526 3221 Equidem
1558 3151 1659 3205 hoc
1692 3148 1772 3206 te-'

179 3244 513 3301 stimonium
554 3243 718 3312 paulo
757 3244 918 3297 aliter
948 3244 1344 3313 interpretatus
1367 3258 1485 3297 sum
1519 3258 1583 3296 ac
1614 3242 1774 3296 Peta-

177 3339 339 3403 vius;
372 3335 471 3391 sed
501 3336 638 3388 nihil
662 3335 729 3389 de
755 3334 1064 3404 argumenti
1095 3332 1338 3403 pondere
1362 3333 1595 3389 decedit.
1628 3332 1687 3387 In
1707 3349 1772 3387 ea

178 3431 356 3493 enim,
394 3444 563 3498 quam
611 3426 753 3480 infra
801 3427 1048 3493 aderam,
1103 3426 1564 3495 interpretatione
1612 3434 1772 3495 negat

179 3518 426 3573 Basilius
467 3532 534 3571 ea
579 3525 792 3570 tantum
827 3515 1060 3571 dicenda
1098 3515 1614 3576 consubstantialia,
1650 3529 1773 3583 qum

179 3613 434 3668 fraterna
484 3619 743 3666 tenentur
790 3611 1139 3680 cognatione,
1187 3616 1247 3662 ut
1294 3608 1542 3663 nonnulli
1586 3608 1775 3662 existi-

178 3704 450 3766 mabant;
506 3701 602 3756 sed
644 3709 777 3756 tunc
824 3703 990 3755 etiam
1044 3701 1184 3755 hanc
1230 3714 1420 3753 vocem
1470 3713 1774 3766 congruere

178 3792 497 3856 contendit,
538 3807 656 3845 cum
687 3807 852 3844 causa
880 3799 928 3843 et
958 3790 1013 3843 id
1043 3790 1180 3860 quod
1214 3805 1282 3843 ea:
1311 3805 1478 3842 causa
1514 3790 1770 3841 exsistere-

178 3890 313 3942 tiam
334 3888 517 3955 habet,
545 3886 779 3956 ejusdem
802 3894 925 3939 sunt
959 3894 1188 3940 naturae.
1225 3884 1306 3938 Ex
1347 3900 1456 3953 quo
1493 3891 1639 3953 patet
1673 3882 1772 3937 lla—

182 3980 374 4032 silium
407 3979 552 4031 inter
575 3984 629 4031 et
670 3975 1018 4029 adversarios
1066 3974 1417 4039 convenisse,
1474 3974 1670 4026 Filium
1705 3988 1771 4027 ex

178 4070 372 4137 Patre,
410 4069 676 4139 Spiritum
699 4083 765 4121 ex
796 4065 958 4120 Patre
981 4074 1036 4119 et
1067 4064 1206 4119 Filio
1248 4065 1623 4120 exsistentiam
1673 4064 1771 4117 ha-

183 4164 341 4224 bere,
372 4158 730 4229 ejusdemque
755 4173 879 4212 esse
909 4165 1139 4220 naturae,
1170 4156 1265 4212 sed
1286 4157 1397 4220 isti,
1437 4170 1756 4225 quanquam

179 4263 346 4308 erant
373 4252 661 4315 Catholici,
684 4266 784 4306 nec
808 4248 1004 4303 Filium
1039 4248 1208 4310 Patri,
1237 4263 1337 4302 nec
1362 4247 1629 4317 Spiritum
1671 4245 1770 4299 Pa-

180 4348 255 4400 tri
280 4352 337 4398 et
369 4341 513 4397 Filio
546 4342 1075 4397 consubstantialem
1105 4340 1289 4395 dicere
1318 4339 1595 4403 volebant,
1637 4338 1767 4407 quia

1876 3160 1985 3205 tate
2017 3149 2195 3203 minor
2224 3157 2308 3203 est
2340 3146 2520 3211 Patre,
2576 3162 2685 3201 non
2708 3154 2892 3201 tamen
2935 3154 3132 3200 natura
3158 3164 3173 3213 ;
3220 3146 3302 3201 sic
3326 3146 3451 3216 Spi-

1874 3246 2034 3305 ritus,
2075 3243 2170 3311 qui
2202 3258 2231 3296 a
2262 3240 2403 3295 Filio
2434 3256 2556 3296 esse
2585 3255 2696 3294 non
2717 3240 2900 3302 habet,
2958 3240 3151 3294 ordine
3180 3250 3235 3294 et
3263 3240 3449 3308 digni-

1874 3346 1982 3389 tate
2011 3335 2191 3388 miuor
2221 3340 2305 3387 est
2328 3332 2485 3396 Filio,
2515 3347 2625 3385 non
2669 3337 2888 3385 natura.
2936 3330 3061 3396 Quo
3099 3330 3228 3400 quid
3255 3334 3452 3386 absur-

1872 3428 1997 3481 dius
2030 3425 2155 3495 lingi
2180 3423 2647 3493 potestiNecesse
2677 3431 2945 3492 estergo
2994 3430 3053 3475 ut
3108 3437 3295 3488 causa,
3349 3437 3451 3476 cur

1875 3516 2113 3585 Spiritus
2140 3515 2334 3570 ordine
2371 3522 2426 3569 et
2451 3513 2715 3583 dignitate
2752 3512 2945 3568 tertius
2978 3515 3070 3575 sit,
3121 3512 3168 3567 si
3208 3515 3389 3568 minus
3417 3528 3452 3569 θ.

1872 3608 2076 3661 Basilio
2118 3607 2301 3661 verbis
2352 3620 2634 3675 expressa,
2682 3604 2875 3659 saltem
2933 3604 3083 3658 illius
3124 3604 3310 3658 animo
3352 3604 3453 3659 ob-

1873 3704 2090 3748 versata
2127 3695 2217 3749 sit.
2246 3692 2352 3747 Sed
2390 3693 2555 3761 hujus
2590 3707 2792 3756 causaa,
2838 3700 2897 3744 ut
2918 3692 3030 3760 jam
3072 3692 3206 3754 dixi,
3249 3707 3450 3747 conce-

1873 3782 1982 3851 ptis
2019 3780 2199 3836 verbis
2254 3779 2542 3835 efferendae
2574 3779 2960 3833 necessitatem
2995 3778 3308 3848 imponebat
3343 3777 3452 3830 Eu-

1873 3874 2043 3929 nomii
2070 3874 2315 3943 perﬁdia,
2345 3871 2441 3942 qui
2464 3871 2569 3926 hoc
2605 3869 2937 3939 principium
2982 3869 3039 3922 in
3079 3868 3452 3923 alienissimos

1874 3982 2071 4022 sensus
2101 3964 2369 4033 rapiebat,
2420 3969 2474 4018 et
2504 3960 2768 4031 Spiritum
2816 3967 3013 4013 natura
3062 3959 3281 4013 tertium
3327 3974 3452 4014 esse

1873 4057 2000 4111 inde
2030 4054 2341 4125 colligebat.
2374 4051 2532 4107 Unde
2565 4051 2801 4107 Basilius
2851 4050 2909 4104 in
2940 4049 3080 4103 libro
3125 4048 3203 4103 De
3243 4048 3452 4119 Spiritu

1874 4160 2078 4213 sancto,
2117 4164 2240 4219 cap.
2274 4147 2329 4213 6,
2368 4144 2567 4200 Filium
2614 4155 2778 4215 negat
2812 4144 3129 4199 inferiorem
3159 4142 3447 4214 dignitate,

1873 4262 1937 4300 ac
1970 4258 2198 4314 prorsus
2232 4241 2495 4311 aequalem
2529 4253 2652 4294 esse
2685 4236 2987 4293 contendit.

1942 4334 2033 4390 ιν.
2064 4334 2147 4388 Ad
2179 4342 2257 4386 tot
2282 4340 2336 4387 et
2371 4330 2803 4387 tantarationum
2826 4334 3121 4389 momenta,
3146 4341 3267 4396 quae
3284 4325 3448 4381 etiam

180 4439 482 4492 videbatur
512 4436 591 4490 eis
616 4435 704 4488 illa
733 4450 838 4487 vox
863 4434 1043 4487 minus
1086 4433 1403 4496 convenire,
1443 4448 1560 4484 cum
1601 4448 1766 4485 causa
1800 4420 1848 4476 D
1878 4429 1995 4483 sine
2021 4425 2305 4480 codicibus
2334 4439 2467 4477 mss.
2507 4423 2772 4485 valerent,
2796 4420 3277 4474 acccditcodicum
3307 4433 3446 4474 mss.

181 4542 236 4586 et
262 4529 318 4582 id
344 4528 486 4597 quod
516 4543 581 4581 ex
603 4544 766 4580 causa
786 4527 1149 4579 exsistentiam
1177 4523 1351 4591 habet,
1374 4523 1608 4593 ejusdem
1632 4533 1759 4578 sunt

181 4634 420 4675 natura.

258 4711 320 4766 In
344 4710 532 4766 eadem
559 4710 787 4780 epistola
808 4709 1043 4765 Basilius
1077 4716 1332 4765 sanctum
1375 4716 1428 4764 et
1459 4709 1754 4765 inviolabi-

182 4807 294 4861 lem
318 4821 445 4860 esse
466 4804 1029 4859 contenditordinem
1073 4820 1457 4874 personarum,
1504 4825 1656 4879 quem
1706 4809 1764 4862 in

184 4898 480 4967 Evangelia
504 4897 789 4951 didicimus
812 4915 844 4950 a
872 4895 1098 4950 Domino
1126 4896 1329 4951 dicente
1356 4912 1374 4950 :
1411 4917 1429 4949 ι
1455 4897 1654 4953 Euntes
1680 4900 1767 4954 ba-

178 4992 389 5059 ptizate
422 4989 476 5041 in
495 4989 702 5041 nomine
730 4986 912 5040 Patris
938 4994 988 5040 et
1011 4982 1139 5038 Filii
1157 4994 1205 5039 et
1235 4985 1469 5054 Spiritus
1486 4988 1666 5040 sancti
1684 4987 1758 5041 ⁸.»

184 5080 333 5134 Idem
370 5078 535 5132 docet
567 5079 623 5131 in
656 5092 744 5145 ep.
788 5077 912 5139 125,
947 5092 1001 5129 n.
1036 5077 1089 5130 5.
1145 5076 1338 5142 Qualis
1391 5078 1464 5131 sit
1511 5079 1600 5134 ille
1634 5079 1769 5133 ordo

185 5185 578 5241 personarum,
620 5169 981 5239 perspicimus
1019 5184 1084 5223 ex
1125 5170 1219 5223 lib.
1257 5186 1272 5223 l
1313 5171 1370 5222 in
1413 5168 1755 5236 Eunomium,

183 5264 276 5317 ubi
302 5262 385 5315 sic
412 5262 658 5330 loquitur
693 5279 706 5313 :
744 5258 857 5314 Nos
903 5272 1099 5326 autem,
1160 5261 1337 5330 inquit
1366 5263 1440 5331 (p.
1487 5262 1639 5335 25:2),
1676 5279 1761 5317 se-

179 5352 419 5407 cundum
475 5351 786 5405 relationem
835 5368 1119 5405 causarum
1162 5351 1230 5405 ad
1275 5369 1337 5407 ea
1378 5369 1494 5424 quae
1528 5369 1593 5408 ea:
1630 5355 1761 5422 ipsis

182 5454 332 5509 sunt,
370 5441 592 5497 Patrem
632 5442 774 5497 Filio
811 5445 1046 5512 prwponi
1079 5444 1326 5499 dicimus.
1383 5444 1528 5502 Idem
1571 5456 1754 5502 autem

178 5537 251 5594 de
278 5546 480 5592 sancto
508 5534 717 5605 Spiritu
751 5535 1041 5591 dicendum
1074 5536 1577 5596 demonstrantth
1603 5541 1766 5596 verba

253 5691 278 5725 ⁸
307 5688 473 5748 Joan.
502 5708 635 5759 xvn,
673 5693 755 5747 l0.
833 5695 853 5725 ’
889 5689 1079 5756 Matth.
1118 5705 1318 5756 xxvm,
1363 5691 1447 5747 l9.

1874 4521 2194 4582 auctoritas,
2219 4531 2328 4571 non
2350 4532 2541 4573 eorum
2573 4516 2815 4585 quidem,
2851 4516 2944 4584 qui
2972 4529 3119 4567 nunc
3154 4512 3209 4566 in
3252 4512 3451 4566 biblio-

1872 4617 2047 4671 thecis
2068 4613 2276 4669 nostris
2305 4617 2547 4687 exstatjt,
2583 4605 2680 4662 sed
2711 4619 2902 4660 eorum
2949 4619 3091 4673 quos
3124 4602 3255 4656 olim
3282 4602 3452 4655 exsti-
3496 4682 3500 4688 Δ

1872 4710 2010 4763 tisse
2049 4703 2377 4760 certissimis
2431 4697 2803 4755 monumentis
2839 4694 3248 4765 cognoscimus.
3293 4691 3451 4762 Hugo

1872 4798 2224 4858 Etherianus,
2254 4791 2436 4849 saeculi
2473 4788 2783 4846 duodecimi
2826 4787 3085 4856 scriptor,
3122 4780 3214 4853 qui
3247 4790 3359 4837 tres
3385 4783 3454 4836 li-

1876 4891 2008 4946 bros
2041 4888 2109 4943 ad
2143 4886 2462 4941 Latinorum
2503 4881 2878 4936 defensionem
2919 4875 3234 4931 Alexandro
3286 4875 3451 4928 tertio

1877 4980 2214 5050 nuncupavit
2240 4992 2384 5031 anno
2418 4976 2575 5038 1177,
2608 4974 2741 5027 citat
2770 4973 2825 5024 in
2860 4969 3105 5024 secundo
3139 4966 3299 5030 libro,
3323 4980 3447 5033 cap.

1878 5075 1968 5138 19,
1994 5072 2126 5128 illud
2153 5070 2337 5124 Basilii
2366 5071 2429 5122 de
2463 5064 2671 5135 Spiritu
2702 5063 2929 5127 dictum,
2962 5077 2993 5111 a
3025 5056 3166 5111 Filio
3194 5072 3307 5110 esse
3344 5056 3450 5107 ha-

1879 5171 2022 5223 bens.
2059 5166 2115 5219 In
2144 5165 2284 5219 libro
2315 5161 2501 5219 tertio,
2535 5173 2657 5226 cap.
2703 5154 2789 5217 12,
2827 5167 3049 5207 sensum
3085 5150 3258 5218 magis
3283 5161 3449 5217 quam

1877 5262 2042 5316 verba
2074 5258 2258 5313 refert.
2290 5257 2360 5309 At
2383 5255 2438 5308 in
2465 5267 2586 5321 cap.
2630 5251 2696 5304 15
2727 5247 2972 5317 ejusdem
3008 5243 3130 5297 libri
3151 5244 3330 5296 locum
3368 5241 3451 5293 in-

1877 5363 2088 5424 tegrum
2132 5349 2302 5404 refert
2324 5348 2441 5403 sine
2481 5339 2869 5399 additamentis
2910 5334 3310 5392 dubitationem
3345 5329 3451 5384 Ba-

1877 5448 2002 5503 silio
2029 5442 2428 5513 allingentihus,
2453 5454 2565 5494 non
2612 5451 2747 5493 vero
2779 5436 2899 5490 sine
2945 5429 3148 5499 insigni
3181 5428 3271 5481 illa
3321 5437 3451 5480 sen-

1876 5542 2067 5607 tentia,
2097 5551 2219 5609 qtue
2253 5535 2520 5606 Spiritum
2552 5546 2582 5585 a
2608 5529 2752 5585 Filio
2784 5540 2910 5581 esse
2931 5523 3135 5577 habere
3179 5517 3448 5574 declarat.
