3900 6212
457 270 532 330 ω
1933 267 2320 330 Ρηιεητιο.
2789 233 2802 246 ’
3656 264 3728 321 to

460 388 640 459 Atque
694 386 809 443 haec
850 385 1187 442 Etherianus
1237 386 1443 451 laudat,
1497 396 1557 440 ut
1606 386 1831 442 minime
1879 387 2045 442 dubia
2076 393 2122 452 Α
2151 404 2314 457 quam
2345 388 2399 443 in
2432 395 2693 444 contextu
2729 388 2912 444 Basilii
2939 393 3232 450 attentare,
3271 401 3338 440 an
3361 399 3500 456 quos
3536 390 3722 454 postea

462 481 794 550 minimeque
826 487 1207 534 controversa.
1255 476 1368 532 Nec
1399 475 1617 532 Nicetas
1661 477 2048 541 Maroniensis,

463 573 559 644 qui
589 571 943 628 Etherianum
975 571 1166 626 eodem
1219 570 1421 624 saeculo
1467 571 1829 640 oppugnavit.
1879 570 2048 622 ullam

460 665 594 722 huic
627 665 946 721 testimonio
980 663 1351 733 suspicionem
1387 662 1508 717 falsi
1555 663 1786 731 injicere
1817 671 2051 718 conatus

461 766 568 824 est,
601 765 660 812 ut
681 735 959 814 discimus
976 765 1088 810 tum
1113 771 1178 810 ex
1199 755 1538 814 Bessarione.
1562 754 1655 824 qui
1684 769 1743 807 se
1768 754 1869 806 hoc
1902 753 2056 807 testi-

464 851 706 906 monium
764 850 818 905 in
863 850 1005 904 libro
1060 847 1261 902 Nicelae
1302 846 1506 901 vidisse
1552 847 2052 914 testaturtS);tum

463 943 704 998 maxime
732 957 799 996 ex
833 939 1010 995 Leone
1049 940 1272 1002 Allatio,
1319 938 1415 1008 qui
1450 938 1555 991 hoc
1597 938 1973 991 testimonium
2019 952 2050 990 a

461 1031 750 1100 Niceta,ut
781 1033 1074 1102 integrum,
1101 1039 1416 1099 susceptum
1454 1030 1624 1084 fuisse
1655 1037 1931 1084 asseverat
1951 1027 2049 1100 (9).

461 1122 654 1194 Neque
690 1125 852 1179 etiam
883 1123 1194 1185 codicibus,
1231 1122 1434 1192 quibus
1481 1121 1684 1175 szeculo
1725 1119 2051 1175 duodecimo

464 1214 720 1270 utebatur
752 1213 1080 1285 Euthymius
1112 1212 1442 1283 Zigabenus,
1471 1212 1688 1265 inerant
1732 1212 1920 1281 spuria
1951 1211 2050 1266 ad-

463 1307 788 1361 ditamenta.
826 1305 877 1362 Is
923 1307 1067 1361 enini
1101 1307 1155 1358 in
1210 1303 1479 1372 Panoplia
1509 1311 1740 1357 testatur
1785 1301 2047 1357 Basilium

465 1413 578 1454 non
615 1399 918 1462 dubitasse,
955 1415 1025 1451 an
1071 1397 1302 1465 Spiritus
1355 1409 1575 1451 sanctus
1602 1406 1738 1452 esset
1773 1397 1956 1450 ordine
1999 1405 2051 1452 et

464 1491 724 1562 dignitate
754 1491 1017 1560 posterior
1048 1488 1216 1543 Filio.

535 1580 752 1636 Saeculo
776 1581 992 1636 decimo
1019 1582 1187 1635 tertio
1221 1580 1442 1650 prodire
1469 1588 1757 1650 creperum
1791 1579 2045 1633 nonnulli

461 1676 707 1740 codices,
759 1676 816 1730 in
844 1676 1048 1746 quibus
1080 1674 1272 1728 deerat
1308 1673 1686 1728 testimonium
1729 1670 1935 1726 Graecis
1965 1674 2048 1728 in-

465 1769 837 1832 commodum,
864 1743 1251 1823 additamenta
1297 1784 1422 1822 cum
1478 1769 1584 1823 illis
1642 1767 1899 1822 facientia
1940 1785 2047 1822 non
2080 1743 2123 1802 Β

465 1862 713 1918 deerant.
749 1861 857 1916 Sed
893 1863 1054 1917 velim
1080 1861 1357 1916 laudatam
1397 1861 1848 1916 dissertationem
1893 1861 2047 1914 evol-

464 1965 616 2023 vant,
646 1955 738 2025 qui
780 1955 926 2010 scire
965 1963 1148 2020 avent,
1205 1956 1486 2024 quomodo
1541 1953 1773 2020 Beccus,
1820 1954 2050 2024 ejusque

463 2045 575 2102 duo
605 2047 833 2102 comites
861 2055 916 2102 et
949 2046 1349 2110 archidiaconi,
1381 2046 1790 2101 Constantinus
1842 2047 2049 2102 Melite-

464 2139 664 2203 niotes,
699 2151 752 2193 et
771 2138 1040 2208 Georgius
1071 2137 1361 2194 Metocbita
1386 2138 1488 2192 hos
1520 2138 1741 2194 codices
1769 2147 1824 2192 et
1854 2154 2047 2193 receuo

463 2235 550 2283 tes
579 2243 704 2284 esse
740 2235 796 2282 et
827 2243 1137 2298 perpaucos
1175 2237 1231 2282 et
1265 2229 1334 2282 ab
1358 2229 1480 2283 aliis
1514 2230 1676 2298 longe
1715 2230 2050 2299 antiquiori-

463 2317 568 2374 bus
594 2317 799 2389 ubique
828 2326 1103 2373 terrarum
1153 2317 1420 2388 dispersis
1452 2318 1629 2372 refelli
1681 2321 2048 2376 ostenderint.

463 2408 723 2465 Eamdem
763 2424 990 2466 causam
1037 2416 1262 2464 strenue
1311 2407 1675 2464 defenderunt
1723 2411 1927 2464 sa:culo
1955 2411 2048 2464 de—

465 2501 610 2556 cimo
633 2509 833 2571 quarto
866 2501 978 2556 duo
1011 2501 1104 2554 alii
1138 2501 1281 2555 inter
1313 2498 1534 2555 Graecos
1561 2502 1871 2557 doctissimi
1910 2503 2049 2556 scri-

466 2604 674 2664 ptores,
709 2592 1025 2647 Demetrius
1053 2590 1337 2662 Cydonius
1371 2598 1425 2645 et
1456 2590 1669 2644 Manuel
1700 2591 1952 2646 Calecas.
1987 2590 2047 2646 In

465 2683 708 2738 concilio
734 2691 918 2738 autem
963 2682 1285 2740 Florentino
1333 2700 1430 2740 sex
1477 2683 1704 2753 prolatis
1739 2684 2044 2750 codicibus,

466 2791 612 2831 unus
669 2783 884 2831 tantum
933 2792 1276 2848 papyraceus
1326 2777 1533 2832 Graecis
1587 2775 1741 2839 favit,
1803 2777 2047 2847 quinque

467 2869 558 2923 alii
585 2867 832 2937 Latinis;
866 2884 1103 2938 quorum
1129 2870 1380 2924 codicum
1410 2879 1647 2941 quatuor
1675 2870 1730 2923 in
1767 2873 2043 2925 membra-

466 2962 554 3016 nis
597 2960 792 3032 scripti
840 2967 1018 3016 erant.
1063 2960 1197 3017 Cum
1237 2972 1418 3016 autem
1479 2962 1532 3015 in
1580 2963 1767 3016 eodem
1810 2963 2044 3017 concilio

2157 481 2320 534 iidem
2362 480 2537 536 (ἶναςρί
2569 482 2624 535 in
2666 483 2786 551 ipso
2821 481 3196 536 contentionis
3239 487 3378 534 azstu
3425 477 3721 547 protulere,

2155 589 2280 627 cum
2308 574 2444 627 nihil
2471 574 2536 626 ad
2573 589 2754 628 causa:
2774 589 2886 628 suae
2909 573 3282 627 defensionem
3306 585 3412 624 non
3439 569 3719 622 auderent.

2154 665 2336 730 Quare
2385 680 2597 730 eorum,
2648 665 2739 735 qui
2798 664 2854 719 S.
2911 665 3096 718 Basilii
3151 662 3410 733 operibus
3449 661 3504 714 in
3550 659 3724 712 lucem

2153 757 2379 812 edendis
2436 760 2792 828 prmfuerunt,
2818 758 3032 811 videtur
3076 758 3131 810 in
3169 770 3235 810 eo
3285 752 3611 824 requirenda
3643 751 3726 804 di-

2153 847 2396 915 ligentia,
2429 853 2573 918 quod
2611 848 2756 900 nulla
2788 862 3015 917 prorsus
3054 847 3246 908 editio,
3295 844 3342 899 si
3377 850 3557 896 tamen
3583 839 3725 894 exci-

2153 946 2272 1016 pias
2289 943 2638 1012 Trapezuntii
2653 941 2900 994 Latinam
2919 936 3446 1008 interpretationem,
3463 934 3720 989 eximium

2153 1039 2222 1094 de
2253 1037 2489 1108 Spiritus
2528 1035 2706 1090 sancti
2738 1032 3096 1103 processione
3121 1026 3498 1083 testimonium
3527 1025 3581 1078 in
3603 1024 3719 1076 avi-

2151 1137 2264 1184 tam
2292 1129 2476 1183 sedem
2511 1125 2837 1189 restituerit,
2893 1136 2960 1177 ac
2994 1134 3180 1176 naevos
3205 1120 3275 1174 de
3317 1115 3596 1172 industria
3639 1113 3723 1168 iu-

2146 1223 2327 1294 jectos
2355 1219 2700 1290 expunxerit.

2871 1325 3007 1398 εγ.

2153 1445 2196 1499 Ι.
2237 1443 2429 1497 Utrum
2471 1444 2534 1499 δ.
2582 1442 2819 1497 Basilius
2868 1458 2931 1494 ea
2977 1448 3184 1493 tantum
3245 1431 3722 1491 consubstantialia

2223 1515 2522 1579 crediderit,
2550 1530 2773 1583 quorum
2808 1512 3034 1565 alterum
3062 1526 3126 1563 ea:
3151 1508 3318 1583 altera
3345 1507 3595 1573 originem
3625 1505 3723 1555 lia-

2222 1586 2328 1640 bet.
2365 1585 2427 1637 ll.
2464 1582 2654 1637 Utrum
2710 1584 2964 1636 mundum
3005 1582 3251 1650 temporis
3284 1584 3542 1632 momenta
3575 1589 3723 1627 crea-

2226 1667 2336 1710 tum
2366 1655 2664 1709 crediderit.

2219 1770 2262 1823 1.
2295 1768 2412 1824 iam
2441 1767 2858 1823 observavimus
2887 1773 3268 1836 argumentum
3303 1776 3414 1816 non
3439 1759 3563 1838 leve
3595 1771 3726 1828 pro-

2151 1863 2417 1917 cessionis
2467 1859 2707 1931 Spiritus
2737 1858 2916 1914 sancti
2953 1872 3019 1912 ex
3050 1855 3188 1909 Filio
3236 1852 3462 1924 reperiri
3507 1851 3561 1904 in
3604 1849 3724 1919 epi-

2151 1955 2291 2011 stola
2324 1954 2394 2008 52
2428 1952 2484 2007 S.
2518 1953 2703 2008 Basilii
2733 1951 2800 2005 ad
2831 1949 3145 2006 canonicas.
3175 1946 3282 2002 Sed
3309 1945 3437 2015 quia
3465 1943 3607 1998 idem
3632 1942 3725 1996 ille

2149 2053 2306 2108 locus
2357 2051 2634 2120 negotium
2683 2049 2905 2104 facessit
2937 2043 3272 2101 doctissimis
3299 2039 3585 2108 theologis,
3623 2037 3725 2090 ali-

2149 2145 2278 2216 quid
2315 2160 2495 2214 operae
2521 2141 2907 2196 insumendum
2940 2140 2996 2195 in
3027 2155 3094 2194 eo
3123 2135 3465 2207 explicando.
3494 2131 3724 2187 Videtur

2149 2239 2295 2294 enim
2327 2252 2392 2292 ea
2429 2238 2547 2291 sola
2585 2236 2900 2290 existimare
2937 2228 3448 2291 consubstantialia,
3489 2239 3722 2295 quorum

2150 2347 2319 2386 unum
2353 2331 2421 2384 ab
2451 2331 2621 2383 altero
2651 2327 2918 2396 originem
2953 2325 3181 2394 accepit.
3217 2321 3309 2376 Sic
3336 2330 3515 2375 autem
3547 2319 3724 2387 loqui—

2149 2431 2241 2475 tur
2265 2437 2386 2492 pag.
2422 2419 2543 2484 145,
2576 2435 2632 2472 n.
2660 2417 2696 2470 2
2721 2437 2733 2471 :
2767 2416 2843 2469 Οὐ
2873 2415 2980 2484 γὰρ
3001 2413 3072 2466 τὰ
3094 2411 3294 2479 ἀδελφὰ
3322 2407 3569 2478 ἀλλήλοις
3594 2409 3723 2474 ὁμο-

2147 2515 2306 2567 ούςια
2335 2512 2572 2580 λέγεται,
2601 2510 2736 2580 ὅπερ
2760 2507 2902 2570 τινὲς
2933 2505 3309 2575 ὑπειλήφασιν·
3339 2499 3453 2554 ἀλλ’
3475 2500 3600 2551 ὅταν
3627 2493 3722 2548 καὶ

2147 2607 2207 2660 τὸ
2237 2607 2407 2658 αἴτιον
2434 2603 2529 2657 καὶ
2561 2603 2620 2655 τὸ
2654 2602 2718 2653 ὲκ
2747 2597 2840 2652 τοῦ
2863 2596 3033 2650 αἰτίου
3066 2595 3164 2664 τὴν
3196 2591 3427 2663 ὓπαρξιν
3457 2589 3600 2656 ἕχον,
3621 2585 3720 2654 τῆς

2147 2699 2317 2768 αὐτῆς
2349 2697 2571 2768 ὑπάρχῃ
2604 2693 2836 2762 φύσεως,
2867 2687 3128 2760 ὁμοούσια
3163 2685 3397 2752 λέγεται·
3438 2679 3561 2733 Νοη
3581 2677 3720 2731 enim

2147 2804 2264 2859 qua:
2291 2788 2522 2856 fratrum
2545 2787 2682 2836 inter
2711 2799 2764 2836 se
2794 2781 3052 2833 rationem
3081 2775 3290 2837 habent,
3321 2772 3570 2825 dicuntur
3591 2785 3721 2822 con-

2148 2878 2551 2940 substantialia,
2581 2877 2632 2928 id
2669 2873 2806 2944 quod
2841 2871 3056 2942 quidam
3086 2869 3422 2928 existimant;
3468 2863 3557 2918 sed
3600 2877 3720 2914 cum

2147 2989 2310 3026 causa
2332 2979 2380 3022 et
2405 2967 2458 3022 id
2482 2965 2618 3036 quod
2636 2981 2700 3018 ea:
2727 2979 2889 3016 causa
2916 2957 3280 3014 exsislentiam
3301 2950 3722 3020 habet,ejusdent

466 3054 684 3111 Marcus
733 3053 1008 3126 Ephesms
1062 3055 1396 3122 ἀίειίιθεεοῐ,
1437 3071 1496 3111 se
1535 3056 1680 3111 εοίιό
1719 3055 1888 3111 libros
1922 3071 2044 3110 esse
2071 3093 2114 3151 ρ
2147 3073 2268 3118 sunt
2291 3073 2516 3122 naturw,
2541 3052 3017 3111 ronsubstantiaiia
3047 3051 3312 3102 dicuntur.
3336 3045 3521 3100 Basilii
3552 3041 3723 3095 verba

465 3147 611 3216 apud
639 3146 1171 3218 Constantinopolim
1191 3164 1355 3219 supra
1392 3149 1560 3211 mille,
1595 3149 1646 3202 in
1677 3149 1876 3218 quibus
1897 3148 2044 3203 Crte-

466 3252 657 3292 corum
685 3239 846 3293 lectio
873 3240 1286 3307 contineretur;
1313 3241 1658 3294 mendacium
1687 3241 1836 3294 illius
1868 3242 2045 3296 oculis

467 3331 587 3386 suis
610 3345 676 3385 ac
710 3331 965 3386 manibus
991 3333 1408 3402 comprehendit
1437 3333 1755 3396 Bessarion,
1774 3334 1864 3403 qui
1895 3334 2043 3388 Con-

467 3420 877 3490 stantinopolim
909 3437 1190 3487 reversus,
1245 3431 1304 3476 ut
1346 3424 1462 3494 ipse
1515 3432 1750 3479 testatur
1785 3426 1837 3478 in
1880 3428 2042 3494 epist.

466 3511 534 3565 ad
568 3511 821 3565 Alexium
849 3510 1152 3577 Lascarim,
1177 3517 1435 3570 omnibus
1469 3515 1732 3584 inspectis
1758 3517 2047 3572 bibliothe-

465 3603 571 3668 cis,
612 3603 906 3658 lectionem
941 3603 1574 3660 Grzecisincommodam
1623 3609 1775 3662 nullo
1815 3624 2044 3677 prorsus

467 3694 522 3748 in
553 3693 740 3749 codice
771 3694 977 3747 recenti
1009 3709 1074 3748 ac
1119 3704 1241 3764 post
1269 3695 1668 3751 dissensionem
1719 3699 1926 3767 scripto
1959 3715 2046 3754 re-

467 3783 638 3854 perit;
672 3790 729 3837 at
757 3784 812 3837 in
837 3783 963 3837 aliis
1012 3798 1119 3837 non
1173 3785 1526 3852 paucioribus
1571 3799 1636 3839 ac
1695 3787 1854 3857 longe
1899 3789 2044 3841 anti-

465 3875 752 3945 quioribus
797 3875 1020 3944 reperit.
1052 3874 1108 3928 In
1139 3875 1332 3945 primis
1363 3883 1541 3930 autem
1573 3878 1929 3931 memorabile
1958 3886 2042 3932 est

466 3967 612 4036 quod
641 3966 708 4021 de
758 3967 973 4021 duobus
1025 3966 1312 4022 codicibus
1364 3967 1419 4021 in
1462 3969 1802 4023 monasterio
1835 3968 2042 4025 Christi

469 4059 768 4114 Salvatoris
801 4057 1148 4128 PantepOptae
1189 4074 1220 4113 a
1251 4076 1311 4116 se
1362 4060 1599 4114 inventis
1636 4072 1856 4129 narrat;
1904 4079 2044 4134 quo-

468 4163 588 4201 rum
619 4147 674 4200 in
711 4148 881 4202 altero
909 4149 1294 4218 antiquissimo
1317 4158 1372 4206 et
1394 4153 1812 4221 membranaceo
1839 4155 2041 4210 veritas

464 4242 665 4296 violata
691 4241 888 4303 fuerat,
917 4242 1096 4311 spatio
1121 4258 1296 4299 vacuo
1330 4246 1513 4301 adhuc
1541 4247 2037 4318 facinustestante;

464 4331 519 4384 in
547 4331 720 4385 altero
770 4339 951 4384 autem
987 4347 1228 4402 papyreo
1274 4341 1329 4388 et
1361 4344 1489 4390 ante
1537 4351 1714 4392 annos
1763 4344 2038 4394 trecentos

2147 3157 2228 3212 sic
2257 3155 2491 3224 explicat
2531 3150 2781 3204 Petavius
2811 3147 2922 3216 (10)
2965 3158 3091 3197 cum
3136 3141 3352 3201 Calcca,
3397 3136 3724 3192 Bessarione‘

2143 3258 2198 3304 et
2227 3246 2499 3301 Demetrio
2536 3242 2778 3313 Cydone,
2831 3248 2889 3292 ut
2919 3239 3072 3292 illum
3115 3249 3178 3290 ea
3223 3234 3442 3302 proprie
3483 3228 3724 3283 consub-

2145 3335 2422 3392 stantialia
2446 3333 2630 3387 dicere
2659 3329 2960 3391 existimet,
2991 3340 3112 3395 quae
3139 3323 3366 3392 originis
3397 3318 3722 3374 habitudine

2139 3429 2478 3498 junguntur;
2524 3433 2719 3476 caetera
2754 3434 2883 3472 vero
2915 3417 3097 3471 minus
3135 3413 3372 3484 proprie,
3421 3418 3482 3464 ut
3523 3407 3725 3462 Petrus-

2143 3528 2198 3576 et
2228 3519 2449 3571 Paulus.
2485 3515 2590 3570 Sed
2627 3514 2672 3568 si
2708 3510 2765 3565 S.
2799 3508 2979 3563 Patris
3014 3508 3182 3562 verba
3220 3504 3594 3574 cxpendantur
3628 3515 3723 3554 ac-

2143 3611 2412 3670 curatius,
2439 3622 2548 3661 non
2581 3606 2794 3658 videtur
2826 3602 2928 3655 hoc
2950 3600 3074 3653 loco
3099 3597 3152 3651 id
3182 3611 3400 3666 negare,
3430 3595 3572 3664 quod
3603 3593 3726 3661 ipse

2144 3706 2426 3772 conceptis
2457 3700 2641 3755 verbis
2680 3703 2960 3750 asseverat
3009 3694 3062 3747 in
3113 3692 3274 3761 epist.
3323 3690 3413 3752 '58,
3465 3687 3722 3741 homines

2143 3811 2269 3850 esse
2300 3797 2444 3848 inter
2473 3809 2532 3846 se
2561 3786 3094 3850 consubstantiales;
3131 3783 3223 3837 sed
3257 3797 3353 3836 eos
3389 3788 3598 3833 tantum
3633 3793 3722 3830 re—

2145 3887 2302 3949 fellit,
2330 3885 2423 3954 qui
2455 3879 2944 3937 consubstantialis
2987 3877 3264 3930 notionem
3296 3873 3459 3927 rebus
3493 3872 3635 3924 inter
3659 3878 3724 3924 se

2144 3978 2382 4032 fraterna
2409 3975 2734 4045 cognatione
2752 3970 2960 4039 junctis
2981 3969 3055 4021 ita
3079 3965 3295 4036 proprie
3321 3963 3721 4026 attribuebant,

2144 4077 2205 4122 ut
2234 4068 2435 4122 divinis
2471 4064 2645 4136 aptari
2675 4078 2786 4116 non
2822 4065 3025 4130 posset.

2214 4161 2268 4214 l°
2298 4160 2521 4214 Fatetur
2581 4157 2816 4209 Basilius
2867 4149 3356 4208 consubstantialis
3410 4146 3718 4205 notionem,

2143 4253 2321 4322 qualis
2350 4249 2724 4319 exponebatur
2757 4247 2825 4298 ab
2855 4243 3206 4306 adversariis,
3249 4243 3429 4295 locum
3473 4240 3723 4308 aliquem

2144 4346 2344 4400 habere
2383 4345 2435 4396 in
2476 4357 2584 4396 aere
2617 4347 2670 4394 et
2702 4337 2950 4392 conflatis
3002 4352 3066 4390 ex
3113 4350 3221 4389 iere
3266 4332 3715 4386 numismatibus.

464 4425 670 4494 scripto
704 4423 921 4493 perfusa
949 4434 1069 4477 erat
1095 4433 1404 4482 atramento
1446 4429 1671 4482 totailla
1713 4446 1861 4499 pars,
1914 4449 2035 4501 quae
2067 4431 2112 4489 Ι)
2147 4437 2219 4491 lbi
2252 4436 2396 4489 enim
2435 4443 2518 4488 est
2551 4431 2857 4486 substantia
2902 4427 3146 4497 qumdam
3201 4424 3462 4487 anterior,
3499 4438 3620 4491 quae
3661 4422 3722 4474 in

466 4516 728 4586 Spiritum
757 4533 823 4572 ex
858 4515 996 4572 Filio
1036 4524 1295 4588 tanquam
1327 4536 1393 4576 ex
1425 4536 1593 4576 causa
1642 4523 1801 4578 docet
1833 4527 2040 4595 depen-

463 4610 614 4665 dere.
978 4673 988 4679 _
1443 4655 1466 4680 ,

533 4721 811 4790 Ejusmodi
842 4721 1063 4778 codices
1099 4722 1316 4778 etiamsi
1349 4726 1404 4780 in
1436 4725 1787 4783 bibliothecis
1820 4726 2039 4784 Graeco-

461 4828 584 4868 rum
622 4815 756 4867 nulli
807 4814 919 4884 jam
969 4822 1268 4881 exstarent,
1316 4817 1453 4872 nihil
1491 4827 1674 4874 tamen
1722 4820 1790 4875 de
1845 4837 2035 4876 eorum

463 4906 790 4959 auctoritate
829 4906 1142 4971 decederet;
1175 4910 1376 4978 quippe
1406 4926 1528 4964 cum
1561 4913 1899 4968 certissimis
1948 4915 2034 4967 hi-

465 4999 649 5055 storiae
665 4999 1032 5053 monumentis
1059 5008 1111 5053 et
1141 5000 1475 5056 testimoniis
1499 5015 1892 5070 memorentur,
1912 5023 2034 5076 qua:

462 5089 616 5143 nullo
647 5103 874 5157 prorsus
905 5086 1145 5142 facinore
1171 5087 1362 5152 deleri,
1411 5092 1565 5144 nullo
1591 5093 1734 5146 furto
1771 5095 2034 5147 abscondi

463 5185 712 5250 possunt.
742 5177 927 5246 Neque
955 5180 1117 5232 etiam
1165 5181 1480 5251 ambiguum
1525 5199 1648 5238 esse
1681 5186 1881 5253 possit,
1923 5187 2034 5239 utri

463 5269 679 5322 codices
713 5268 953 5336 potiores
991 5269 1101 5322 sint
1143 5271 1522 5335 existimandi,
1561 5274 1775 5343 antiqui
1822 5289 1890 5327 an
1944 5291 2033 5329 re-

463 5367 648 5414 centes
677 5378 690 5413 :
721 5359 908 5427 scripti
937 5368 1062 5414 ante
1093 5369 1336 5414 exortam
1367 5362 1435 5416 de
1466 5361 1673 5433 Spiritu
1694 5372 1884 5419 sancto
1901 5381 2035 5420 con-

463 5452 805 5516 troversiam,
828 5459 1118 5521 antequam
1149 5452 1467 5510 Graecorum
1531 5455 1828 5513 interesset
1876 5458 2037 5527 quid-

536 5625 612 5697 (8)
647 5625 742 5697 Ep.
774 5626 840 5680 ad
871 5626 1026 5682 Alex.
1057 5627 1358 5684 Lascarim.

533 5695 610 5769 (9)
641 5695 939 5766 Enchirid.,
979 5712 1028 5752 c.
1059 5697 1148 5753 20.

2143 4529 2312 4582 multa
2351 4526 2630 4579 dividitur.
2661 4523 2718 4576 2'
2760 4521 3192 4575 Evaminandum
3235 4527 3321 4571 est
3362 4517 3584 4585 quinam
3629 4529 3718 4566 re-

2143 4619 2399 4673 fellantur
2429 4618 2512 4671 his
2540 4617 2721 4670 verbis
2746 4635 2760 4670 :
2789 4615 2910 4668 Non
2939 4615 3077 4667 enim
3105 4628 3221 4681 qua:
3244 4610 3472 4680 fratrum
3499 4609 3639 4660 inter
3663 4623 3719 4658 se

2142 4712 2396 4764 rationem
2419 4709 2628 4774 habent,
2665 4705 3141 4760 consubstantialia
3178 4703 3448 4764 dicuntur,
3489 4700 3541 4752 id
3576 4701 3722 4768 quod

2139 4804 2352 4874 quidam
2383 4803 2706 4855 existimant.
2748 4798 2866 4852 Non
2907 4813 3001 4852 eos
3049 4810 3181 4851 sane
3214 4793 3434 4855 refellit,
3475 4794 3570 4862 qui
3612 4791 3717 4844 Pe-

2140 4904 2282 4948 trum
2311 4903 2365 4947 et
2396 4893 2627 4946 Paulum
2672 4889 3146 4946 consubstantiale
3189 4902 3314 4942 esse
3348 4885 3606 4939 dicebant
3647 4885 3717 4937 ol'

2139 4998 2346 5041 naturae
2371 4985 2808 5048 similitudinem,
2843 4998 2907 5035 ac
2932 4982 3057 5036 inde
3076 4981 3475 5036 concludebant
3497 4979 3718 5031 Patrem

2137 5088 2191 5134 et
2224 5078 2443 5141 Filium,
2498 5084 2684 5146 utpote
2731 5076 2924 5128 ‘lumen
2965 5083 3018 5128 et
3055 5074 3258 5136 lumen,
3306 5087 3431 5127 esse
3477 5071 3696 5124 consul)

2139 5171 2445 5228 stantiales.
2481 5168 2576 5223 llis
2607 5176 2819 5222 tantum
2857 5168 3199 5231 adversatur,
3232 5164 3724 5234 quiconsubstan-

2139 5264 2266 5316 tiale
2307 5260 2649 5330 rejiciebant.
2688 5258 2792 5310 Sed
2823 5257 2954 5325 quid
2992 5257 3047 5310 in
3083 5256 3162 5310 eis
3195 5253 3589 5324 reprehendit?
3619 5251 3722 5305 Ni-

2138 5356 2214 5410 hil
2256 5355 2399 5408 aliud
2453 5350 2719 5421 profecto,
2770 5350 2877 5404 nisi
2928 5348 3072 5418 quod
3123 5347 3599 5402 consubstantiale
3650 5346 3723 5402 iis

2137 5453 2352 5502 tantum
2383 5443 2765 5507 attribuerent,
2795 5457 2918 5511 quae
2945 5440 3244 5494 fraternam
3276 5437 3481 5493 habent
3510 5447 3729 5509 cogna-

2207 5625 2319 5698 (l0)
2357 5625 2430 5680 De
2460 5624 2650 5680 Trinit.
2693 5624 2788 5679 lib.
2821 5639 2918 5693 vn,
2943 5639 3064 5695 cap.
3086 5621 3143 5680 4.
