3900 6212
172 230 233 284 ﬂ
1624 230 1744 289 PR}.

1857 224 2017 287 iTlO.
3363 238 3434 300 ‘2

172 349 397 404 tionem.
441 346 599 404 Hanc
629 348 776 404 enim
807 349 1144 421 arripiehant
1172 366 1423 415 causam,
1450 365 1553 407 cur
1578 366 1608 405 a
1634 367 1754 422 per—
1785 356 1832 412 Α
1860 349 2269 421 παρεσκεύασεν
2296 368 2308 381 ο
2347 349 2429 407 Ne
2456 350 2559 407 soli
2585 352 2857 411 ariditatis
2888 362 3042 411 terra:
3085 372 3302 413 causam
3351 370 3439 417 at-

169 439 321 495 sonis
347 438 581 502 divinis.
615 447 677 494 ut
708 439 1010 499 fraternam
1040 443 1447 514 cognationem,
1485 443 1558 498 ita
1589 443 1756 498 etiam

168 529 650 586 consubstantiale
697 533 1075 590 excluderent.
1110 534 1296 601 Quare
1339 549 1451 591 non
1489 542 1609 591 erat
1653 550 1756 591 cur

164 620 407 677 Basilius
459 621 517 677 in
561 624 905 679 contrarium
951 626 1147 680 vitium
1199 634 1471 693 curreret,
1519 626 1755 698 etquod

162 713 475 769 adversarii
504 716 781 786 negabant
813 717 935 773 sine
963 716 1205 773 fraterna
1236 719 1563 791 cognatione
1594 736 1756 792 posse

161 807 499 875 consistere,
532 809 588 863 id
620 823 746 863 cum
781 824 846 866 ea
874 811 1159 866 conciliari
1191 827 1303 867 non
1331 828 1497 883 posse
1525 814 1754 870 diceret.

163 896 316 954 Satis
353 906 479 953 erat
513 898 827 959 ostendere.
869 916 982 956 non
1025 917 1091 965 ea
1126 910 1335 958 tantum
1368 904 1475 960 dici
1515 907 1756 962 consub-

160 990 475 1055 stantialia,
504 1006 629 1061 qua:
659 991 961 1048 fraternam
989 993 1192 1050 habent
1212 997 1596 1066 cognationem
1621 1017 1635 1053 :
1662 997 1754 1054 sed

159 1100 281 1137 cum
319 1101 490 1138 causa
516 1094 570 1139 et
601 1085 658 1138 id
695 1085 835 1155 quod
866 1102 933 1140 ea:
960 1102 1125 1142 causa
1165 1090 1534 1145 exsistentiam
1572 1090 1751 1156 habet,

157 1174 398 1241 ejusdem
438 1186 561 1229 sunt
598 1186 830 1240 natura,
876 1188 1008 1233 tunc
1046 1187 1196 1234 recte
1240 1178 1350 1233 dici
1386 1181 1752 1236 consubstan-

160 1266 334 1320 tialia.
366 1267 427 1322 5°
453 1267 573 1322 Non
626 1269 820 1323 leviter
866 1270 1246 1339 praetereunda
1290 1271 1406 1326 haec
1442 1273 1646 1335 verba,
1695 1270 1750 1325 id

158 1357 297 1426 quod
334 1357 562 1427 quidam
598 1359 933 1416 existimant.
987 1359 1068 1415 Ex
1113 1361 1200 1417 his
1245 1363 1392 1416 cnim
1440 1372 1590 1432 patet
1638 1378 1748 1417 non

159 1463 510 1503 communem
544 1465 575 1504 a
606 1450 813 1510 Basilio
844 1453 1161 1523 opinionem
1194 1454 1392 1520 refelli,
1428 1468 1591 1525 quam
1633 1456 1751 1526 ipse

156 1541 283 1595 alibi
313 1544 634 1611 proﬁtetur,
668 1554 727 1596 ut
758 1545 922 1598 modo
953 1545 1393 1611 observavimus,
1432 1548 1526 1602 sed
1560 1547 1750 1618 singu-

154 1633 269 1688 lare
299 1636 699 1689 nonnullorum
731 1636 1017 1691 hominum
1044 1649 1436 1703 commentum,
1472 1641 1562 1711 qui
1588 1648 1749 1711 puta-

153 1724 287 1779 bant
327 1726 809 1782 consubstantialis
857 1742 978 1784 voce
1022 1729 1257 1784 exhiberi
1306 1732 1570 1786 notionem
1622 1732 1747 1787 sub-

150 1817 393 1879 s‘antim,
425 1826 477 1871 et
506 1834 690 1872 eorum
718 1836 837 1890 quis
860 1836 925 1874 ea:
951 1820 1278 1885 substantia,
1309 1820 1439 1874 adeo
1478 1830 1535 1874 ut
1577 1822 1747 1876 divisa

149 1907 459 1962 substantia
510 1910 923 1979 appellationem
976 1914 1449 1968 consubstantialis
1504 1914 1746 1969 conciliet

147 1997 216 2051 iis
245 1999 301 2052 in
331 2016 456 2069 quce
482 2001 661 2054 divisa
685 2011 785 2055 est.

216 2084 283 2142 ll.
324 2086 387 2142 S.
422 2087 616 2143 Basilii
652 2102 888 2145 mentem
926 2091 1111 2147 minus
1146 2095 1477 2160 calluerunt,
1503 2096 1594 2167 qui
1621 2111 1745 2151 eum

148 2176 206 2229 in
232 2191 408 2246 opere
444 2194 542 2232 sex
583 2179 799 2234 dierum
843 2182 1170 2251 explicando
1203 2186 1285 2241 sic
1314 2188 1519 2241 versari
1554 2188 1749 2243 existi-

148 2276 400 2332 marunt,
438 2278 502 2323 ut
537 2272 804 2327 mundum
841 2275 1106 2343 temporis
1151 2284 1431 2332 momento
1478 2294 1604 2333 cum
1644 2295 1747 2345 suo

145 2367 352 2412 ornatu
390 2370 639 2415 creatum
666 2377 697 2415 a
729 2361 845 2417 Deo
870 2363 1082 2419 doceat.
1115 2364 1386 2423 Omnibus
1420 2369 1749 2441 certe'Moy-

146 2451 226 2506 sis
244 2452 498 2523 vestigiis
528 2455 950 2513 accuratissime
974 2455 1202 2512 insistit.
1237 2456 1443 2525 Quaerit
1470 2459 1659 2516 homil.
1687 2461 1744 2527 2,

145 2559 203 2598 ιι.
237 2546 291 2606 Ι,
340 2560 468 2618 pag.
509 2546 605 2609 22,
642 2562 745 2601 cur
768 2557 915 2604 terra
948 2548 1167 2604 dicatur
1194 2550 1578 2620 incomposita,
1601 2551 1745 2607 idem

145 2653 278 2693 vero
301 2639 373 2693 de
408 2640 557 2694 cmlo
590 2655 702 2694 non
732 2639 967 2696 dicatur.
998 2639 1229 2697 Terram
1260 2643 1382 2697 ideo
1414 2644 1748 2714 incomposi-

146 2737 254 2783 tam
291 2731 407 2785 dici
448 2732 671 2798 statuit,
716 2736 845 2803 quia
872 2732 1118 2788 nondum
1164 2734 1399 2804 plantas,
1435 2736 1662 2792 arbores
1690 2747 1747 2792 et

148 2817 311 2875 ﬂores
343 2822 681 2891 protulerat.
731 2823 802 2877 At
840 2825 1019 2894 ipsum
1068 2825 1271 2879 omium
1317 2826 1743 2897 incompositum

149 2910 320 2967 fuisse
351 2913 663 2968 contendit.
695 2913 826 2970 Haec
846 2919 1049 2983 eadem,
1076 2917 1272 2988 inquit,
1298 2929 1348 2973 et
1369 2918 1435 2973 de
1456 2919 1582 2973 calo
1601 2922 1745 2974 dixe-

1860 442 2226 507 tribueremus,
2272 444 2625 515 antiquiorem
2670 445 2800 501 solis
2832 449 3166 517 generatione
3206 451 3435 507 aridita-

1860 541 1958 587 tem
1990 544 2145 590 terra:
2173 536 2350 604 opifex
2377 536 2571 606 eiecit.
2620 535 2686 590 Et
2728 537 2921 592 homil.
2962 538 3016 605 6,
3057 555 3114 594 n.
3143 539 3200 606 2,
3228 557 3283 612 p.
3315 541 3378 597 51
3413 557 3431 599 :

1857 619 2060 675 Caelum
2088 631 2137 676 et
2168 632 2311 677 terra
2337 634 2739 692 pracesserant,
2784 636 2901 696 post
2951 627 3063 682 haec
3111 641 3292 685 creata
3339 631 3436 687 luat

1856 710 2052 779 fuerat,
2084 712 2194 767 dies
2224 722 2275 767 et
2307 730 2413 770 nos:
2441 716 2684 770 discreta!
2712 716 2957 787 fuerant;
2984 718 3107 772 item
3135 720 3435 789 ﬁrmamen-ﬁ

1857 810 1991 865 tum,
2030 813 2080 857 et
2127 805 2294 860 arida’
2333 807 2579 861 detectio.
2634 808 2798 862 Terra
2842 811 3070 880 propriis
3109 813 3431 881 germinibus

1853 903 1969 946 erat
2009 895 2229 965 referta,
2270 899 2692 970 quandoquidem
2733 910 2783 957 et
2825 904 3102 958 innumera
3136 904 3431 972 protulerat

1854 983 2139 1039 herbarum
2165 1002 2380 1057 genera,
2408 997 2457 1042 et
2486 989 2806 1045 omnimodis
2828 992 3134 1065 plantarum
3165 995 3432 1062 speciebus

1852 1077 2197 1132 exuberabat.
2232 1076 2474 1135 Necdum
2509 1091 2681 1135 tamen
2708 1093 2823 1137 erat
2852 1084 2955 1149 sol,
2990 1102 3151 1156 neque
3177 1085 3305 1142 luna
3325 1104 3344 1142 :
3368 1104 3432 1143 ne

1855 1161 1986 1217 lucis
2037 1174 2305 1219 auctorem
2345 1176 2396 1221 et
2441 1179 2645 1237 patrem
2692 1172 3018 1236 appellarent
3063 1176 3248 1241 solem,
3308 1193 3431 1232 neve

1853 1271 2029 1309 rerum
2059 1274 2086 1311 e
2116 1268 2259 1313 terra
2300 1262 2632 1317 nascentium
2664 1264 2904 1334 opificem
2933 1267 3024 1336 qui
3061 1266 3230 1322 Deum
3277 1270 3431 1340 igno-

1852 1356 1973 1400 rant
1999 1349 2383 1404 existimarent.

1920 1439 2041 1496 Jam
2079 1458 2207 1499 vero
2244 1444 2503 1512 perfacile
2551 1455 2633 1503 est
2673 1462 2947 1518 exponere
2981 1466 3091 1521 quo
3122 1460 3287 1509 sensu
3322 1444 3429 1510 Ba-

1851 1531 2008 1588 silius
2031 1534 2292 1589 mundum
2322 1538 2584 1602 temporis
2610 1546 2885 1593 momento
2914 1544 3240 1611 productum
3273 1544 3428 1603 dixe-

1852 1622 1950 1677 rit.
1993 1623 2392 1681 Testimonium
2433 1629 2576 1699 quod
2615 1630 2895 1699 objicitur,
2930 1642 3109 1688 exstat
3146 1635 3332 1691 homil.
3369 1639 3427 1707 1,

1849 1730 1904 1768 n.
1931 1712 1983 1780 6,
2013 1715 2103 1769 ubi
2127 1717 2208 1772 sic
2236 1719 2478 1789 loquitur
2510 1739 2522 1774 :
2560 1720 2633 1773 Ἦ
2656 1722 2795 1792 τάχα
2822 1722 2908 1776 διὰ
2935 1724 2996 1777 τὸ
3017 1725 3302 1798 ἀκαριαῖον
3332 1730 3429 1784 καὶ

1847 1800 2075 1873 ἄχρονον
2095 1804 2193 1875 τῆς
2211 1805 2568 1879 δημιουργίας
2588 1810 2801 1883 εἴρηται
2820 1812 2900 1874 τὸ,
2925 1831 2944 1863 ι
2967 1813 3056 1867 Ἐν
3077 1817 3218 1888 ἀρχῇ
3244 1818 3430 1888 ἐποίη-

1848 1910 1961 1959 σεν,
1990 1913 2009 1947 ι
2045 1896 2230 1968 ἐπειδὴ
2263 1899 2468 1971 ἀμερές
2500 1917 2553 1953 τι
2587 1902 2680 1954 καὶ
2701 1901 3021 1956 ἀδιάστατον
3062 1906 3097 1977 ὴ
3131 1908 3297 1978 ἀρχή.
3336 1907 3429 1973 Ὠς

1845 1985 1956 2059 γὰρ
1991 1989 2024 2060 ἡ
2060 1988 2203 2061 ἀρχὴ
2231 1991 2329 2062 τῆς
2363 1991 2483 2045 ὁδοῦ
2511 1991 2663 2046 οὔπω
2683 1994 2823 2058 ὁδὸς,
2853 1996 2947 2049 καὶ
2976 1997 3009 2067 ἡ
3042 1997 3183 2069 ἀρχὴ
3214 1999 3313 2070 τῆς
3345 2001 3427 2053 ol-

1846 2079 1972 2142 κίας
2006 2080 2106 2134 οὐκ
2142 2081 2310 2134 cinia:
2358 2082 2500 2136 οὕτω
2537 2084 2631 2138 καὶ
2670 2087 2702 2157 ἡ
2747 2086 2841 2140 τοῦ
2869 2086 3061 2159 χρόνον
3100 2091 3243 2164 ἀρχὴ
3274 2090 3429 2146 οὔπω

1845 2171 2059 2243 χρόνος,
2105 2172 2220 2226 ἀλλ’
2264 2174 2386 2228 οὐδὲ
2435 2176 2599 2247 μέρος
2639 2177 2803 2231 αὐτοῦ
2835 2178 2896 2232 τὸ
2931 2180 3282 2252 ἐλάχιστον...
3308 2184 3428 2240 Ἵνα

1843 2262 2023 2317 τοίνυν
2050 2262 2386 2337 διδαχθῶμεν
2425 2267 2562 2337 όμοῦ
2586 2271 2653 2341 τῇ
2683 2269 2938 2343 βουλήσει
2972 2272 3067 2329 τοῦ
3097 2273 3231 2328 Θεοῦ
3263 2276 3428 2349 ἀχρό-

1844 2370 1952 2443 νως
1982 2358 2376 2426 συνυφεστάναι
2404 2360 2494 2413 τὸν
2513 2362 2737 2432 κόσμον,
2761 2362 2975 2436 εἴρηται
3004 2365 3085 2432 τὸ,
3120 2387 3137 2418 ι
3161 2367 3249 2421 Ἐν
3281 2369 3424 2443 ἀρχῇ

1844 2442 2120 2515 ἐποίησενο
2144 2466 2162 2498 ι
2186 2447 2324 2518 ὅπερ
2357 2448 2535 2521 ἕτεροι
2562 2449 2671 2505 τῶν
2697 2452 3066 2524 ὲρμηνευτῶν,
3092 2442 3427 2531 σαφέστερον

1842 2536 1935 2590 τὸν
1957 2536 2082 2591 νοῦν
2104 2536 2424 2606 ἐκδιδόντες,
2450 2543 2756 2613 εἰρήκασιν.
2775 2563 2793 2595 ι
2818 2544 2906 2597 Ἐν
2934 2546 3213 2619 κεφαλαίῳ
3239 2550 3428 2623 ἐποίη-

1845 2645 1937 2682 σεν
1981 2630 2009 2682 ό
2055 2628 2210 2695 Θεὸς,
2243 2630 2562 2687 »τουτέστιν
2603 2632 2815 2706 ἀθρόως
2854 2635 2949 2688 καὶ
2989 2636 3047 2689 ὲν
3090 2636 3273 2710 ὀλίγῳ·
3314 2638 3427 2695 Aut

1844 2720 2076 2789 fortasse
2105 2720 2169 2774 ob
2199 2721 2402 2791 factam
2430 2724 2486 2777 in
2515 2733 2774 2778 momento
2799 2734 2850 2780 et
2879 2730 3016 2782 citra
3046 2736 3248 2800 tempus
3276 2748 3426 2788 crea-

1846 2812 2038 2866 tionem
2084 2811 2259 2867 dictus
2317 2823 2418 2880 est,
2459 2832 2479 2866 ι
2524 2813 2590 2869 In
2631 2816 2893 2886 principio
2920 2816 3042 2887 fecit
3068 2820 3110 2852 ¹⁰
3146 2838 3160 2875 :
3194 2839 3214 2873 ι
3258 2838 3426 2892 quan-

1843 2897 2125 2968 doquidem
2170 2901 2406 2970 partium
2452 2910 2503 2957 et
2536 2903 2814 2959 divisionis
2859 2921 3042 2974 expers
3082 2909 3420 2979 principium.

148 3003 339 3065 rimus,
371 3005 611 3058 nondum
644 3006 780 3059 illud
820 3009 1085 3061 excultum
1127 3010 1313 3077 fuisse,
1352 3026 1444 3064 nec
1470 3014 1741 3080 proprium

1857 2989 2303 3057 Quemadmodum
2332 2995 2472 3047 enim
2497 2996 2817 3066 principium
2840 2998 2938 3053 via:
2962 2999 3193 3054 nondum
3212 3013 3290 3056 est
3316 3005 3423 3071 via,

146 3100 406 3167 recepisse
428 3110 679 3152 ornatum
704 3115 723 3152 :
748 3110 927 3168 utpote
949 3102 1086 3171 quod
1114 3102 1345 3156 nondum
1369 3104 1478 3158 sole
1503 3120 1593 3157 nec
1616 3107 1743 3159 luna

145 3191 556 3255 splendesceret,
604 3208 771 3261 neque
822 3203 1095 3248 astrorum
1143 3194 1319 3249 choris
1376 3207 1739 3251 coronaretur.

148 3280 410 3336 Nondum
451 3284 592 3337 enim
621 3285 769 3338 istac
797 3285 1014 3339 condita
1041 3296 1216 3340 erant.
1252 3286 1432 3354 Quare
1460 3304 1494 3341 a
1521 3289 1745 3342 veritate

145 3386 248 3426 non
280 3372 641 3434 aberraveris,
669 3374 716 3428 si
744 3375 932 3427 cazlum
959 3376 1371 3443 incompositum
1400 3375 1568 3430 dicas.
1603 3373 1745 3429 Invi-

144 3465 356 3520 sibilem
388 3476 570 3519 autem
599 3475 798 3520 terram
830 3467 1116 3536 appellavit
1149 3469 1211 3521 ob
1242 3469 1376 3521 duas
1404 3484 1637 3533 causas;
1666 3469 1743 3523 vel

144 3556 284 3625 quod
328 3557 570 3610 nondum
613 3567 749 3611 esset
789 3559 937 3612 illius
973 3568 1241 3627 spectator
1268 3558 1460 3624 homo;
1498 3560 1578 3614 vel
1603 3559 1742 3630 quod

144 3648 393 3702 demersa
424 3651 795 3705 innatantibus
834 3668 992 3720 super
1028 3652 1196 3721 ipsius
1229 3652 1557 3720 superﬁciem
1590 3653 1741 3722 aquis

144 3739 310 3794 sideri
345 3756 454 3793 non
481 3752 678 3809 posset.
715 3740 964 3795 Nondum
1000 3744 1139 3795 enim
1170 3752 1324 3796 erant
1351 3760 1501 3812 aqua?
1531 3743 1585 3796 in
1614 3760 1741 3797 suas

145 3833 408 3886 ttationes
450 3844 802 3903 congregans,
853 3850 985 3904 quas
1020 3844 1204 3902 postea
1244 3845 1557 3907 aggregatas
1605 3835 1741 3890 Deus

146 3921 323 3973 uaria
356 3920 668 3990 appellavit.

218 4010 347 4064 Haec
383 4010 633 4080 profecto
669 4009 808 4065 nihil
841 4011 1092 4065 redolent
1133 4026 1199 4066 ex
1247 4012 1437 4068 subtili
1483 4013 1575 4068 illa
1621 4014 1741 4084 opi-

146 4104 339 4164 nione,
395 4118 521 4172 qua:
573 4103 837 4157 mundum
903 4118 1029 4156 cum
1083 4119 1184 4159 suo
1231 4117 1427 4160 ornatu
1478 4109 1740 4177 temporis

148 4204 359 4265 puncto
388 4193 662 4263 prodiisse
686 4202 894 4249 censet.
920 4193 1064 4248 idem
1089 4197 1422 4265 perspicitur
1443 4214 1508 4253 ex
1535 4214 1685 4253 num.
1704 4199 1740 4254 5

146 4288 403 4356 ejusdem
467 4286 737 4350 homiliaa,
805 4301 862 4355 p.
923 4286 1014 4352 l5,
1051 4293 1106 4341 et
1151 4302 1217 4342 ex
1268 4288 1458 4344 homil.
1494 4289 1559 4356 5,
1591 4305 1647 4344 η.
1681 4291 1736 4356 5,

1796 3076 1815 3098 ⁸
1845 3092 1893 3136 et
1924 3083 2112 3137 domus
2155 3087 2472 3154 principium
2515 3104 2844 3159 nequaquam
2880 3089 3069 3145 domus
3101 3101 3177 3146 est
3213 3108 3232 3146 ι
3268 3093 3345 3146 sic
3371 3103 3425 3149 et

1847 3175 2096 3244 temporis
2125 3176 2444 3245 principium
2481 3179 2713 3232 nondum
2754 3190 2954 3250 tempus
2983 3192 3083 3249 est,
3129 3182 3233 3235 imo
3263 3200 3425 3254 neque

1842 3281 1969 3337 pars
1998 3269 2161 3337 ipsius
2193 3270 2481 3326 minima...
2528 3269 2703 3342 Igitur
2748 3284 2804 3326 ut
2848 3274 3100 3327 mundum
3153 3274 3424 3332 voluntate

1844 3357 1946 3414 Dei
1984 3360 2121 3414 citra
2167 3361 2337 3439 ullam
2385 3365 2627 3431 temporis
2672 3381 2873 3419 moram
2921 3366 3083 3420 simul
3127 3366 3423 3422 substitisse

1844 3451 2177 3516 edoceamur,
2206 3453 2409 3506 dictum
2437 3463 2514 3509 est
2542 3471 2561 3509 :
2598 3474 2617 3507 ι
2654 3452 2720 3509 In
2746 3458 3008 3526 principio
3043 3458 3187 3527 fecit.
3214 3477 3232 3510 ι
3267 3458 3421 3525 Quod

1843 3542 2018 3612 ipsum
2049 3545 2358 3615 interpretes
2384 3545 2502 3611 alii,
2535 3549 2847 3601 sententiam
2877 3547 3168 3604 dilucidius
3193 3549 3422 3604 reddat-

1846 3644 1943 3700 tes,
1992 3635 2290 3691 dixerunt:
2323 3656 2342 3688 ι
2385 3636 2451 3691 1η
2482 3638 2716 3708 capitulo
2760 3639 2884 3708 fecit
2936 3639 3096 3706 Deus,
3135 3660 3154 3693 ι
3190 3640 3288 3696 hoc
3316 3650 3419 3708 est,

1843 3724 2019 3780 subito
2045 3736 2094 3779 et
2131 3728 2291 3781 brevi.
2331 3725 2435 3782 Sed
2469 3744 2534 3782 ex
2568 3726 2655 3782 his
2679 3729 2861 3784 verbis
2893 3729 3029 3783 nihil
3066 3730 3212 3784 aliud
3235 3731 3419 3803 colligi

1844 3827 2044 3890 potest,
2078 3819 2184 3875 nisi
2218 3819 2272 3873 id
2308 3819 2457 3890 quod
2495 3819 2795 3876 Christiani
2837 3836 3030 3877 omnes
3076 3837 3293 3893 semper
3332 3831 3418 3880 te-

1841 3920 2104 3975 nuerunt,
2131 3913 2314 3967 omnia
2349 3914 2615 3983 temporis
2645 3921 2921 3970 momento
2945 3930 2975 3969 e
2999 3914 3166 3970 nihilo
3194 3915 3415 3983 educta,

1841 4018 1943 4057 nec
1977 4002 2275 4072 quidquam
2317 4001 2408 4057 Dei
2459 4003 2731 4058 restitisse
2769 4004 3057 4058 voluntati.
3096 4003 3237 4061 llinc
3270 4007 3414 4063 idem

1840 4094 2000 4149 docet
2033 4093 2274 4149 Basilius
2307 4094 2374 4149 de
2409 4095 2476 4150 iis
2498 4110 2619 4165 quae
2642 4095 2920 4166 sigillatim
2944 4097 3009 4150 ad
3040 4097 3228 4152 mundi
3253 4113 3418 4153 orna-

1840 4193 1955 4240 tum
1990 4186 2262 4257 prodiere.
2298 4184 2391 4241 Sic
2423 4187 2567 4240 enim
2595 4185 2663 4241 de
2694 4197 2851 4242 terra:
2876 4188 3213 4258 germinibus
3239 4191 3416 4260 loqui-

1839 4284 1931 4331 tur
1962 4277 2148 4331 homil.
2181 4275 2234 4338 5,
2270 4291 2325 4330 n.
2353 4277 2408 4340 5,
2446 4291 2568 4347 pag.
2596 4275 2666 4331 44
2697 4295 2711 4330 :
2747 4273 2814 4330 In
2844 4277 3063 4331 minimo
3096 4279 3257 4332 etiam
3284 4288 3417 4333 tem-

146 4393 204 4448 p.
258 4377 355 4431 44.
415 4375 671 4431 Occurrit
727 4379 781 4432 in
827 4379 1016 4432 homil.
1068 4378 1138 4443 4,
1180 4396 1237 4433 n.
1280 4380 1351 4446 4,
1407 4383 1538 4438 huic
1586 4399 1737 4454 quaa-

1857 4369 1983 4424 ioris
2013 4379 2212 4436 puncto
2259 4385 2291 4422 a
2328 4369 2714 4439 germinatione
2753 4386 2946 4424 exorsa
2981 4380 3143 4432 terra,
3185 4371 3416 4425 ut-Con-

145 4468 319 4523 stioni
371 4486 388 4523 :
440 4466 502 4522 Si
541 4486 677 4539 aqua
722 4479 836 4523 erat
881 4486 1038 4539 super
1080 4481 1311 4533 terram,
1378 4489 1508 4527 cava
1557 4475 1739 4528 omnia

145 4576 268 4631 quae
312 4575 456 4612 nunc
496 4559 712 4629 pelagus
764 4564 1060 4628 continent,
1119 4563 1316 4633 referta
1373 4575 1551 4621 erant.
1620 4566 1738 4632 Quo

145 4656 317 4725 igitur
371 4652 683 4723 colligenda:
736 4663 891 4708 erant
937 4671 1125 4725 aqua,
1191 4659 1431 4711 concavis
1475 4657 1595 4727 jam
1649 4675 1739 4712 oc-

145 4750 404 4818 cupatis!
460 4747 551 4803 Sic
604 4750 946 4819 respondet:
988 4750 1074 4804 Ad
1118 4751 1229 4805 hcec
1272 4751 1732 4822 respondebimus,

147 4851 352 4896 tuncet
396 4844 728 4911 receptacula
774 4841 939 4911 fuisse
985 4852 1316 4911 prceparata,
1365 4860 1486 4897 cum
1536 4862 1733 4915 aquam

147 4933 389 5001 oportuit
440 4931 502 4983 in
548 4947 710 4985 unam
764 4933 963 4986 secerni
1012 4935 1486 5003 congregationem.
1549 4933 1729 5003 Neque

144 5029 285 5081 enim
312 5033 433 5079 erat
462 5023 598 5077 illud
624 5023 762 5094 quod
790 5035 869 5078 est
895 5034 1049 5078 extra
1077 5024 1251 5079 Gades
1280 5042 1449 5091 mare,
1482 5034 1591 5083 etc.

86 5185 91 5189 ρ
220 5117 320 5174 llis
355 5118 559 5173 addere
598 5133 709 5172 non
754 5119 982 5188 pigebit,
1025 5135 1147 5189 quae
1185 5117 1423 5176 Basilius
1469 5120 1536 5175 de
1582 5135 1738 5177 crea-

147 5211 299 5265 tione
330 5209 471 5264 solis
502 5217 759 5278 peracute
783 5209 1059 5266 observat.
1085 5208 1177 5264 Sic
1197 5211 1440 5281 loquitur
1459 5212 1648 5268 homil.
1676 5213 1734 5281 4,

150 5319 205 5357 n.
235 5303 295 5366 5,
324 5317 383 5371 p.
412 5301 486 5356 37
516 5319 530 5355 :
554 5301 673 5357 Ἵνα
705 5303 782 5374 μὴ
814 5301 892 5373 τῷ
920 5303 1056 5376 ἡλίῳ
1084 5303 1184 5371 τὴν
1211 5303 1306 5357 τοῦ
1344 5304 1731 5377 ἀναξηραίνειν

147 5394 243 5465 τὴν
290 5393 402 5463 γῆν
443 5393 625 5447 αἰτίαν
670 5392 1020 5465 προσθῶμεν,
1068 5394 1453 5469 πρεσϐυτέραν
1490 5398 1591 5470 τῆς
1634 5398 1730 5452 τοῦ

149 5486 301 5557 ηλιου
339 5484 611 5553 γενέσεως
635 5485 737 5556 τὴν
765 5484 1038 5556 ξηρότητα
1072 5486 1175 5558 τῆς
1206 5486 1312 5558 γῆς
1336 5486 1365 5539 ό
1392 5488 1734 5560 Δημιουργὺς

218 5644 267 5676 ιο
299 5640 442 5699 Pen.
478 5656 519 5703 I,
559 5640 613 5693 1.

471 5733 745 5794 ΡΑτιιοι.
779 5734 897 5795 Gtt.
938 5731 1212 5795 XXXII.

1840 4462 2034 4517 ditoris
2060 4464 2195 4533 leges
2219 4473 2474 4527 servaret,
2498 4478 2590 4532 per
2619 4480 2824 4517 omnem
2854 4465 3165 4519 accretionis
3192 4464 3413 4530 speciem

1838 4554 2196 4625 progrediens,
2226 4555 2504 4624 confestim
2534 4555 2775 4625 germina
2801 4553 3019 4609 deduxit
3044 4554 3113 4608 ad
3135 4555 3414 4625 perfectiod

1840 4663 1973 4701 nem.

2541 4757 2568 4829 ς
2590 4756 2681 4811 v1.

1842 4876 1881 4931 Ι.
1917 4875 2251 4930 Traditionis
2300 4875 2601 4929 auctoritas
2645 4873 2863 4943 defensa
2907 4890 2939 4927 a
2980 4883 3167 4928 sancto
3207 4872 3414 4929 Basilio

1914 4944 2164 5001 adversus
2200 4944 2521 4999 Eunomium
2539 4954 2586 4999 et
2613 4943 3149 4998 Pneumatomachos.
3184 4944 3250 5000 Il.
3283 4943 3412 4997 ναι-

1914 5016 1978 5069 de
2015 5017 2178 5071 etiam
2215 5017 2487 5071 studiosus
2515 5016 2718 5068 exstitit
2753 5013 3001 5067 catholici
3031 5015 3288 5068 sermonis
3321 5014 3414 5068 tle-

1913 5086 2176 5149 fendendi.
2209 5085 2349 5151 Quid
2394 5085 2457 5139 de
2497 5084 2735 5138 conciliis
2774 5084 2988 5138 sentiat.
3030 5083 3124 5137 lll.
3156 5082 3265 5138 Cur
3313 5081 3413 5137 ad—

1918 5157 2180 5211 versarios
2209 5157 2276 5209 ad
2310 5156 2645 5223 Scripturam
2673 5164 2938 5221 provocat.
2990 5152 3080 5206 IV.
3112 5152 3229 5223 Quo
3255 5164 3413 5207 sensu

1915 5229 2096 5282 omnia
2151 5222 2449 5293 Scripturis
2502 5224 2891 5293 conﬁrmanda,
2942 5225 3075 5278 nihil
3123 5222 3414 5291 Scripturis

1918 5297 2217 5352 addendum
2245 5296 2403 5348 dixit.
2447 5293 2512 5350 V.
2553 5294 2669 5360 Quo
2702 5309 2856 5347 sensu
2890 5293 3159 5349 auditores
3189 5293 3416 5363 probare

1912 5367 2095 5422 debere
2128 5383 2243 5438 quae
2274 5383 2307 5419 a
2336 5365 2604 5436 magistris
2633 5363 2902 5417 dicuntur.

1912 5489 1956 5544 l.
1997 5488 2118 5544 Non
2166 5488 2394 5544 interest
2438 5500 2651 5553 eorum,
2700 5485 2793 5556 qui
2842 5494 3022 5542 sectas
3063 5500 3133 5541 an
3168 5487 3417 5541 noctuam

3131 5732 3173 5789 2
