3900 6212
483 270 553 330 “
1918 250 2112 307 PRALI‘
2127 248 2307 308 ATIO.
3665 239 3732 293 Η

485 391 824 452 dissidentes
865 385 1186 451 defendunt,
1229 386 1284 440 in
1331 383 1417 439 his
1447 380 1805 454 argumentis,
1836 394 1957 450 Quae
1991 377 2058 431 ad
2087 379 2136 437 Α
2165 397 2360 436 remus.
2398 377 2475 434 Es
2530 376 2616 433 his
2648 354 3016 448 perspicimus
3044 368 3228 424 omnia
3261 361 3462 420 diaboli
3498 359 3732 415 artificia

487 485 750 545 Ecclesiae
783 493 836 538 et
875 480 1189 537 traditionis
1243 478 1293 534 ei
1329 477 1638 532 commissae
1670 473 2054 528 auctoritatem

485 587 760 653 spectant,
794 590 918 632 sese
950 572 1248 628 venditare.
1294 569 1432 623 Cum
1463 567 1609 621 enim
1641 564 1856 620 eventui
1895 563 2058 617 unius

492 685 686 745 pugnae
717 683 816 725 sua
848 666 1030 721 omnia
1063 660 1434 724 committunt,
1470 658 1747 727 semelque
1772 656 1876 710 hac
1912 656 1965 709 in
2001 669 2061 708 re

489 765 653 822 victis
687 761 820 817 nihil
851 762 1103 828 superest
1154 752 1221 808 ad
1269 765 1449 806 causa
1489 747 1894 809 defensionem;
1944 755 2058 798 tum

490 873 621 915 vero
653 870 718 910 eo
759 851 973 906 facilius
1004 849 1056 902 in
1089 848 1192 900 hoc
1218 844 1470 914 dogmate
1499 855 1663 910 quam
1703 839 1758 893 in
1792 837 1912 893 aliis
1943 838 2062 890 vin-

489 954 712 1010 cuntur,
743 941 890 1014 quod
921 955 987 993 ne
1019 937 1225 993 erroris
1249 933 1468 1004 quidem
1491 931 1733 986 novitate
1756 929 2060 984 molestiam

495 1039 797 1096 facessunt,
839 1029 934 1086 sed
963 1028 1207 1083 omnium
1247 1024 1654 1086 haereticorum,
1695 1021 1788 1092 qui
1824 1035 2062 1090 unquam

492 1128 773 1189 exstitere,
806 1121 1051 1192 vestigiis
1076 1118 1360 1173 insistunt.
1391 1114 1572 1169 Ausus
1595 1119 1678 1168 est
1705 1121 1884 1166 tamen
1909 1109 2066 1165 Scul-

493 1230 639 1279 tetus
680 1216 816 1290 (ω’)
855 1215 920 1271 ad
976 1211 1304 1267 acerrimum
1361 1205 1675 1261 traditionis
1723 1204 2064 1259 defensorem

491 1314 755 1371 Basilium
781 1320 1102 1380 provocare,
1138 1317 1240 1357 nec
1264 1299 1454 1355 timide
1487 1307 1580 1352 aut
1611 1297 1918 1352 verecunde
1946 1310 2066 1350 ver-

495 1415 650 1463 satur
678 1403 731 1457 in
771 1400 918 1455 illius
948 1393 1280 1454 testimoniis
1305 1389 1648 1460 colligendis.
1679 1388 1784 1443 Sed
1819 1395 1879 1440 ut
1905 1386 2063 1440 Scul-

494 1499 591 1554 teti
627 1495 909 1551 temeritas
937 1490 991 1545 in
1024 1496 1279 1562 promptu
1312 1485 1568 1540 omnibus
1608 1482 1715 1546 sit,
1756 1481 1946 1550 paucis
1972 1495 2068 1533 ex-

494 1588 748 1664 ponenda
771 1586 828 1640 S.
852 1583 1094 1641 doctoris
1121 1580 1386 1635 sententia
1417 1597 1431 1632 :
1462 1589 1776 1646 quanquam
1812 1574 2068 1629 Ecclesia:

497 1684 844 1740 traditionem
864 1693 973 1733 non
995 1674 1169 1746 magis
1191 1671 1426 1728 eruditis
1452 1671 1692 1741 scriptis,
1713 1683 1877 1740 quam
1901 1669 2066 1722 rebus

496 1773 712 1830 fortiter
753 1769 922 1842 gestis
967 1765 1234 1822 defendit.
1270 1761 1387 1816 Non
1422 1761 1604 1831 segnis
1635 1774 1766 1814 Sane
1795 1766 1849 1812 et
1880 1757 2066 1812 indili-

496 1884 631 1942 gens
671 1879 832 1935 opera
881 1859 1027 1914 illius
1080 1857 1134 1910 in
1184 1853 1522 1923 explicandis
1579 1851 1928 1922 Scripturis:
1971 1849 2067 1906 sed

499 1941 640 2017 idem
668 1955 969 2012 acerrimus
996 1948 1207 2004 exstitit
1239 1945 1551 2000 traditionis
1583 1944 1858 2000 defensor.
1895 1941 2072 1997 Probe

498 2052 645 2108 enim
693 2047 901 2104 sciebat
946 2043 1170 2098 verbum
1221 2038 1316 2094 Dei
1357 2052 1467 2093 non
1517 2037 1695 2091 solum
1750 2036 1955 2105 scripto
2003 2034 2072 2087 ab

500 2137 783 2210 apostolis,
817 2132 914 2189 sed
947 2131 1113 2186 etiam
1165 2130 1286 2182 viva
1332 2143 1465 2183 voce
1509 2125 1768 2180 traditum
1814 2123 2072 2181 Ecclesiae

502 2230 704 2295 fuisse;
755 2237 810 2282 et
850 2224 995 2295 quod
1040 2221 1286 2276 Ecclesia
1316 2220 1369 2272 in
1403 2218 1658 2273 omnibus
1695 2218 1909 2272 saeculis
1940 2232 2074 2270 eon—

502 2331 711 2383 stanter
739 2318 944 2382 docuit,
982 2314 1034 2370 id
1087 2329 1192 2368 non
1232 2311 1450 2366 aliunde
1493 2325 1654 2380 quam
1699 2310 1769 2364 ab
1810 2309 2073 2377 apostolis

504 2425 784 2485 acceptum
836 2424 978 2472 esse,
1031 2423 1130 2460 nec
1174 2406 1244 2459 ab
1273 2419 1360 2465 eo,
1392 2402 1535 2472 quod
1568 2403 1905 2470 scripserunt
1946 2415 2076 2470 apo-

503 2511 651 2572 stoli,
680 2503 860 2560 divelli
892 2513 1072 2571 posse,
1101 2497 1205 2550 nisi
1231 2493 1376 2548 aliud
1407 2495 1615 2564 scripto
1643 2493 1900 2563 apostoli,
1928 2491 2072 2546 aliud

503 2603 628 2658 viva
653 2613 787 2652 voce
817 2592 1074 2649 docuisse
1101 2588 1392 2658 fingantur.
1425 2584 1600 2654 Hujus
1631 2586 1913 2638 sententiae
1944 2600 2076 2653 prse-

507 2695 714 2747 elarum
754 2685 974 2755 reliquit
1011 2679 1388 2738 testimonium
1431 2678 1485 2731 in
1517 2677 1658 2731 libro
1685 2677 1859 2746 primo
1893 2676 2078 2730 adver-

508 2801 600 2839 sus
651 2779 990 2838 Eunomium,
1036 2773 1129 2845 qui
1163 2787 1286 2825 cum
1325 2773 1378 2824 in
1416 2769 1664 2823 doctrina
1705 2768 1967 2822 divinitus
1996 2784 2080 2823 re-

509 2875 687 2930 velata
725 2868 969 2925 eamdem
1007 2881 1071 2918 ac
1101 2864 1153 2917 in
1187 2863 1350 2917 rebus
1381 2860 1776 2932 pliilosophicis
1803 2859 2078 2914 licentiam

514 2971 742 3038 peteret,
777 2975 842 3015 ac
871 2959 924 3012 in
953 2956 1266 3012 Catliolicos
1293 2953 1594 3023 jocaretur,
1628 2953 1784 3022 quasi
1812 2968 1874 3005 ea:
1902 2953 2082 3005 mutti-

2161 478 2216 530 in
2246 470 2580 529 suscitandis
2620 466 2925 522 haeresibus
2966 478 3032 520 eo
3061 467 3364 531 spectasse,
3401 461 3462 508 ut
3510 461 3734 522 aposto—

2161 568 2320 622 licam
2351 562 2820 634 praedicationem,
2847 572 3009 628 quam
3041 552 3288 608 Ecclesia
3311 545 3480 605 veluti
3511 556 3732 599 sacrum

2162 662 2469 734 depositum
2499 657 2768 720 custodit,
2810 653 3032 726 penitus
3072 647 3439 707 convelleret;
3475 639 3568 696 sed
3609 637 3734 706 ejus

2163 733 2394 808 conatus
2447 749 2636 803 irritos
2685 746 2877 800 fuisse.
2920 740 3026 807 Qui
3077 751 3206 808 ergo
3258 733 3598 788 traditionem
3641 741 3735 796 per

2163 840 2490 912 pra'teritum
2520 852 2670 892 omne
2712 845 2911 902 tempus
2951 828 3088 900 apud
3123 835 3199 881 tot
3223 831 3434 878 sanctos
3471 818 3734 890 praedica-

2168 907 2278 987 tam
2332 933 2763 1002 impugnarunt,
2810 923 2864 978 lii
2917 937 3028 977 non
3081 917 3347 988 Spiritum
3395 917 3642 967 sanctum
3681 907 3737 958 in

2169 994 2942 1093 Scripturisinterpretandis
2998 1009 3190 1063 ducem
3241 1003 3589 1061 habuerunt,
3640 994 3738 1050 sed

2166 1115 2369 1173 diaboli
2423 1115 2489 1168 ad
2527 1107 2878 1168 evertendam
2917 1101 3220 1158 Ecclesiam
3254 1091 3523 1151 emissarii
3562 1088 3738 1143 fuere.

2170 1207 2309 1262 Hinc
2343 1206 2611 1259 haaresum
2659 1199 2927 1268 originem
2959 1208 3024 1248 ex
3068 1191 3382 1255 contemptu
3419 1189 3742 1236 sanctorum

2171 1300 2390 1354 Patrum
2421 1296 2616 1366 repetit
2644 1290 2882 1346 Basilius
2917 1287 2971 1339 in
3003 1277 3402 1338 commentario
3431 1275 3482 1327 in
3510 1272 3742 1326 Isaiam.

2171 1387 2432 1445 Nonnulli
2470 1363 2622 1447 sunt,
2662 1383 2841 1452 inquit
2886 1378 2961 1449 (p.
2993 1375 3152 1444 555'),
3189 1370 3276 1440 qui
3315 1382 3435 1421 cum
3471 1363 3660 1417 Patres
3692 1368 3744 1414 et

2171 1481 2373 1535 tradita
2408 1477 2472 1532 ab
2499 1478 2574 1531 eis
2601 1475 2854 1544 dogmata
2883 1467 3188 1540 fastidiant,
3213 1461 3314 1532 ipsi
3353 1459 3611 1512 htcresum
3645 1469 3745 1506 cu-

2169 1573 2319 1641 piunt
2350 1585 2462 1624 esse
2485 1575 2750 1621 auctores.

2097 1731 2140 1786 Β
2243 1706 2301 1761 Si
2332 1719 2440 1776 qua
2462 1717 2593 1760 sane
2617 1699 2872 1770 dogmata
2899 1695 3016 1750 sine
3047 1689 3338 1746 traditione
3360 1680 3578 1739 defendi
3612 1693 3749 1751 pos-

2177 1806 2298 1855 sent
2332 1765 2555 1868 propter
2585 1765 2933 1863 apertissima
2970 1784 3269 1852 Scriptura:
3305 1771 3649 1834 testimonia,
3693 1765 3749 1822 id

2177 1864 2522 1962 potissimum
2549 1884 2616 1940 de
2637 1881 2757 1936 Filii
2787 1894 2850 1933 ac
2877 1875 3112 1947 Spiritus
3137 1868 3312 1927 sancti
3333 1864 3615 1921 divinitate
3635 1868 3750 1915 sta-

2176 1952 2256 2037 iui
2289 1980 2529 2036 deberet.
2564 1975 2723 2030 Nullo
2751 1980 2932 2026 tamen
2963 1969 3018 2022 in
3043 1967 3293 2034 dogmate
3317 1959 3500 2014 acrius
3523 1952 3750 2008 defensa

2175 2073 2418 2128 traditio.
2447 2069 2620 2135 Quam
2645 2061 3017 2120 necessarium
3047 2058 3118 2113 sit
3151 2055 3255 2108 hoc
3279 2046 3532 2105 Ecclesiae
3554 2041 3750 2115 praesi-

2175 2173 2349 2234 dium,
2383 2167 2634 2240 pluribus
2663 2162 2798 2217 locis
2832 2158 3072 2214 declarat
3110 2150 3366 2206 Basilius.
3400 2146 3468 2199 At
3505 2158 3567 2196 ne
3598 2153 3749 2240 sepa-

2176 2281 2276 2328 res,
2316 2229 2494 2331 inquit
2533 2260 2587 2314 in
2627 2254 2817 2312 ltomil.
2847 2250 2921 2306 at
2957 2249 3034 2319 (p.
3067 2244 3277 2312 194),a
3315 2237 3479 2292 Patre
3509 2243 3558 2288 et
3603 2229 3752 2283 Filio

2177 2323 2432 2424 Spiritum
2453 2359 2716 2411 sanctum,
2743 2347 3035 2400 absterreat
3077 2348 3123 2392 te
3157 2331 3396 2388 traditio.
3435 2328 3524 2383 Sic
3565 2323 3750 2378 Domi-

2176 2465 2274 2502 nus
2290 2445 2488 2508 docuit,
2511 2440 2860 2512 prwdicacere
2879 2430 3128 2503 apostoli,
3149 2427 3336 2483 Patres
3362 2431 3751 2480 conservavere,

2176 2541 2544 2610 conﬁrmauere
2559 2541 2836 2600 martyres.

2252 2693 2359 2748 Sed
2403 2688 2674 2762 praecipue
2715 2687 2768 2741 in
2796 2685 2937 2739 libro
2969 2682 3042 2736 De
3087 2679 3289 2750 Spiritu
3336 2685 3520 2734 sancto
3558 2688 3754 2728 omnes

2180 2784 2384 2856 ingenii
2415 2783 2557 2836 vires
2587 2783 2642 2835 in
2674 2775 3011 2833 defendenda
3039 2773 3295 2828 catholici
3337 2767 3607 2839 dogmatis
3636 2774 3754 2819 tra-

2183 2878 2387 2931 ditione
2409 2872 2709 2945 profundit.
2744 2869 2808 2923 Id
2845 2867 2984 2939 quod
3014 2868 3355 2936 impugnatur
3382 2860 3511 2932 ﬁdes
3541 2868 3642 2922 est,
3663 2859 3752 2911 in-

2183 2967 2302 3039 quit
2333 2966 2475 3038 (cap.
2507 2962 2574 3016 10
2595 3001 2610 3026 ,
2655 2976 2779 3030 pag.
2818 2958 2934 3021 ΞΗ,
2966 2957 3110 3026 isque
3130 2969 3316 3021 scopas
3357 2960 3435 3005 est
3462 2947 3756 3003 communis

511 3058 693 3113 ""1""
726 3067 903 3108 verum
945 3066 978 3103 α
1017 3047 1155 3117 falso
1193 3053 1537 3110 "canum"
1580 3044 1772 3108 maiori
1813 3044 1954 3112 par".
1984 3044 2080 3096 ίτί·
2111 3061 2151 3119 C
2187 3060 2425 3116 omnibus
2456 3053 2772 3110 adversariis
2791 3061 2839 3104 et
2862 3065 3005 3103 sanie
3031 3047 3284 3101 doctrinm
3309 3043 3559 3103 inimicis,
3591 3049 3646 3092 ut
3669 3055 3759 3093 so-

511 3153 639 3207 buta
669 3149 866 3217 palma,
911 3159 973 3197 ac
1009 3143 1250 3211 priorum
1294 3139 1495 3208 agmini
1539 3153 1786 3191 concessa
1836 3138 2079 3200 victoria,

512 3258 668 3296 aures
695 3234 1071 3308 posterioribus
1104 3231 1434 3293 obturarent,
1471 3228 1552 3283 sic
1584 3244 1613 3282 a
1641 3237 1833 3284 sancto
1861 3229 2086 3284 doctore

514 3334 778 3391 refellitur
824 3333 899 3399 (p.
941 3327 1109 3398 9.10):
1157 3321 1297 3390 Quid
1344 3323 1515 3378 dicis?
1563 3324 1865 3392 palmamne
1901 3322 2084 3374 demus

515 3422 946 3495 antiquioribus?
972 3434 1034 3472 ne
1059 3431 1388 3471 revereamur
1413 3412 1801 3467 multitudinem
1824 3411 2088 3467 Christia-

516 3531 725 3576 norum,
757 3526 920 3580 neque
949 3524 1130 3563 eorum
1155 3522 1245 3576 qui
1275 3521 1412 3558 nunc
1435 3511 1579 3567 sunt,
1609 3519 1769 3573 neque
1793 3519 1972 3556 eorum

516 3606 753 3676 fuerunt,
783 3615 848 3654 ex
873 3615 973 3670 quo
1003 3596 1351 3666 pra'dicatum
1380 3603 1455 3647 est
1491 3591 1875 3662 Evangelium?
1905 3589 1986 3644 Ne
2007 3606 2088 3643 re-

515 3701 754 3762 putemus
804 3687 1115 3756 dignitatem
1159 3699 1361 3744 eorum,
1407 3682 1496 3752 qui
1531 3680 1684 3735 donis
1720 3679 2086 3742 spiritualibus

517 3783 870 3854 cujuscunque
897 3776 1099 3847 generis
1129 3775 1478 3836 claruerunt;
1507 3770 1692 3842 quibus
1724 3770 1963 3824 omnibus
1995 3770 2091 3822 ini-

519 3875 710 3929 micam
745 3881 794 3924 et
828 3869 1102 3921 adversam
1135 3866 1270 3918 hanc
1301 3866 1438 3919 viam
1469 3865 1752 3933 impietatis
1784 3879 1955 3916 recens
1996 3877 2090 3916 ex-

518 3962 798 4035 cogitasti;
835 3959 924 4014 sed
952 3959 1149 4012 clausis
1177 3972 1392 4025 prorsus
1416 3958 1608 4009 anima:
1638 3957 1824 4017 oculis,
1843 3966 1891 4010 et
1919 3959 2090 4011 sancti

520 4055 799 4126 cujuslibet
820 4053 918 4106 viri
941 4051 1194 4104 memoria
1215 4065 1242 4102 e
1271 4057 1439 4101 mente
1469 4046 1711 4116 depulsa,
1735 4048 2091 4115 unusquisque

521 4165 612 4203 cor
637 4155 876 4201 nostrum
904 4143 1129 4197 otiosum
1157 4157 1218 4193 ac
1248 4150 1527 4210 purgatum
1556 4138 1884 4208 captionibus
1915 4157 1976 4192 ac
2005 4156 2091 4193 so-

521 4237 797 4307 phismatis
825 4232 928 4286 tuis
955 4229 1241 4285 subdamus
1260 4231 1285 4282 ?
1314 4229 1527 4298 Ambigi
1559 4243 1665 4281 non
1704 4236 1882 4298 potest
1908 4237 2090 4283 utrum

522 4329 744 4384 imitata:
790 4323 902 4379 sint
950 4329 1198 4376 recentes
1252 4327 1434 4383 sect-.e,
1493 4317 1756 4372 Basilium
1800 4334 1869 4372 an
1910 4319 2092 4373 Euno-

2187 3153 2442 3207 liditatem
2475 3146 2599 3219 ﬁdei
2632 3149 2685 3201 in
2733 3141 3001 3199 Christum
3039 3137 3377 3199 concutiant,
3411 3131 3759 3200 apostolicam

2187 3248 2526 3304 traditionem
2550 3242 2662 3297 solo
2685 3248 2946 3309 aequatam
2971 3231 3246 3288 abolendo.
3267 3228 3595 3298 fEapropter,
3619 3225 3762 3279 sicut

2185 3347 2274 3417 qui
2295 3344 2441 3398 bona:
2465 3340 2588 3410 ﬁdei
2623 3337 2879 3392 debitores
2908 3343 3048 3398 sunt,
3071 3329 3406 3401 probationes
3435 3341 3462 3378 e
3480 3321 3762 3389 Scriptura

2187 3435 2413 3488 clamore
2429 3432 2663 3501 exigunt,
2686 3427 2912 3480 Patrum
2936 3421 3313 3478 testimonium,
3343 3413 3481 3488 quod
3506 3414 3761 3480 scriptum

2187 3545 2288 3582 non
2311 3535 2409 3590 est,
2433 3523 2571 3578 velut
2596 3520 2796 3574 nullius
2827 3515 3076 3570 momenti
3099 3512 3412 3581 rejicientes.
3445 3504 3509 3559 Et
3538 3519 3659 3574 cap.
3691 3503 3762 3556 27

2189 3621 2264 3688 (p.
2295 3616 2385 3683 54)
2411 3635 2423 3670 :
2453 3613 2534 3667 Ex
2563 3608 2847 3665 asservatis
2877 3605 2931 3659 in
2960 3603 3200 3658 Ecclesia
3218 3597 3548 3668 dogmatibus
3565 3602 3613 3647 et
3625 3606 3766 3660 prce-

2187 3685 2559 3770 dicationibus,
2593 3702 2703 3754 alia
2727 3697 2934 3771 quidem
2962 3696 3210 3749 habemus
3244 3708 3271 3745 e
3298 3688 3539 3742 doctrina
3566 3685 3764 3753 scripto

2187 3799 2417 3870 prodita,
2445 3796 2554 3849 alia
2581 3810 2696 3848 vero
2723 3791 2870 3846 nobis
2902 3789 2958 3842 in
2980 3785 3230 3856 mysterio
3254 3780 3453 3835 tradita
3473 3777 3765 3844 recepimus

2187 3905 2252 3943 ea:
2281 3886 2563 3940 traditione
2587 3881 2943 3952 apostolorum
2974 3891 2990 3928 :
3014 3889 3235 3946 quorum
3258 3880 3478 3940 utraque
3498 3866 3600 3920 vim
3619 3880 3770 3917 eam-

2189 3981 2306 4033 dem
2339 3977 2528 4031 habent
2550 3973 2617 4028 ad
2649 3973 2924 4040 pietatem;
2955 3983 3045 4022 nec
3085 3966 3153 4020 iis
3183 3964 3460 4035 quisquam
3493 3956 3774 4010 contradi-

2190 4081 2266 4124 cet
2289 4085 2307 4123 :
2330 4068 2505 4122 nullus
2529 4073 2686 4124 certe,
2711 4063 2797 4131 qui
2825 4060 2899 4114 vel
2925 4057 3066 4111 tenui
3089 4052 3408 4123 experientia
3430 4047 3626 4102 noverit
3646 4061 3773 4116 qua:

2190 4165 2297 4217 sint
2330 4158 2580 4212 Ecclesia:
2611 4156 2877 4209 instituta.
2919 4149 3062 4203 Nam
3097 4149 3142 4202 si
3175 4143 3573 4200 consuetudines
3594 4179 3609 4202 ,
3646 4153 3771 4207 qua

2191 4255 2383 4322 scripto
2404 4249 2626 4321 prodita:
2653 4262 2755 4298 non
2784 4251 2925 4302 sunt,
2968 4253 3215 4308 tanquam
3249 4233 3388 4288 haud
3421 4232 3644 4285 multum
3672 4229 3776 4281 lia-

2196 4349 2367 4402 bentes
2402 4319 2669 4402 momenti,
2717 4338 3090 4407 aggrediamur
3123 4329 3370 4398 rejicere,
3411 4319 3774 4391 imprudentes

522 4432 690 4472 "num
724 4434 736 4469 ⁵
777 4424 958 4469 unum
993 4428 1116 4508 θίν’)
1155 4411 1356 4508 Βῗδῃίο
1379 4420 1703 4508 fi‘"_‘“9"“'“
1740 4411 1964 4467 Patrum
1995 4428 2090 4466 ³¹¹⁹
2123 4406 2167 4462 D
2198 4439 2539 4508 Evangelium
2568 4436 2623 4487 in
2671 4406 2797 4498 ipsis
2826 4426 2980 4481 rebus
3027 4421 3304 4490 prwcipuis
3344 4416 3626 4476 la'demus,
3660 4416 3776 4465 imo

521 4509 851 4568 ctoritatem,
871 4519 936 4558 ac
954 4503 1354 4558 multitudinem
1370 4504 1804 4558 Christianorum
1823 4505 2088 4567 omnium,

521 4607 636 4654 tum
665 4612 854 4653 eorum
890 4597 984 4666 qui
1025 4611 1170 4649 nunc
1199 4605 1351 4659 sunt,
1394 4602 1506 4647 tum
1540 4610 1728 4648 eorum
1761 4595 1854 4664 qui
1893 4595 1960 4649 ab
1991 4594 2093 4647 Ec-

521 4690 701 4745 clesiae
724 4695 848 4743 ortu
879 4688 1231 4752 exstiterunt,
1265 4687 1510 4742 reverita:
1541 4686 1684 4751 sint;
1723 4701 1792 4740 an
1827 4700 1952 4739 cum
1990 4684 2094 4738 Eu-

525 4781 712 4836 nomio
742 4789 946 4836 tantam
977 4781 1358 4835 auctoritatem
1388 4780 1541 4834 tricis
1563 4786 1618 4833 et
1646 4778 2092 4832 cavillationibus

526 4871 944 4942 exagitavcrint.

599 4961 717 5016 Non
766 4961 997 5015 minoris
1048 4959 1310 5014 momenti
1350 4957 1606 5012 videntur
1655 4971 1780 5012 esse
1830 4972 1952 5026 quae
2005 4972 2088 5011 se-

527 5060 788 5124 quuntur.
817 5049 1017 5120 Magna
1052 5048 1305 5118 profecto,
1335 5049 1513 5118 inquit
1543 5046 1667 5116 (ib.,
1691 5062 1743 5117 p.
1771 5046 1929 5115 2H),
1961 5047 2097 5115 foret

524 5156 617 5200 tua
642 5145 898 5213 potentia,
933 5143 980 5195 si
1008 5158 1124 5211 qua:
1155 5139 1439 5208 multiplici
1469 5156 1564 5193 suo
1587 5140 1820 5207 artiﬁcio
1850 5138 2095 5193 diabolus

522 5244 830 5291 consecutus
856 5251 960 5287 non
981 5243 1081 5297 est,
1109 5249 1172 5286 ea
1203 5231 1297 5285 tibi
1335 5231 1452 5286 solo
1479 5233 1698 5301 imperio
1729 5232 1942 5301 assequi
1971 5249 2097 5285 con-

523 5329 780 5396 tingeret;
817 5327 862 5380 si
888 5324 1125 5380 uidelicet
1151 5341 1411 5394 persuasu
1435 5341 1498 5377 ac
1537 5324 1759 5378 inductu
1797 5335 1884 5379 tuo
1923 5325 2098 5378 tradi-

523 5419 737 5479 tionem,
762 5432 878 5486 qute
915 5433 1006 5485 per
1053 5417 1380 5483 praeteritum
1415 5432 1564 5470 omne
1601 5425 1803 5485 tempus
1843 5418 1984 5487 apud
2019 5424 2096 5469 tot

522 5518 732 5564 sanctos
776 5508 1037 5574 obtinuit,
1075 5508 1238 5575 impio
1277 5518 1448 5564 uestro
1480 5519 1774 5566 commento
1816 5519 2088 5581 postpone-

595 5662 733 5731 (ω’)
772 5659 1178 5728 Medul.theol.,
1213 5667 1355 5730 part.
1391 5675 1462 5714 tv.

2192 4535 2364 4604 potius
2386 4527 2811 4600 prtedicationem
2834 4520 2902 4574 ad
2930 4517 3127 4572 nudum
3160 4528 3346 4568 nomen
3373 4508 3775 4564 contrahemus.

2193 4599 2302 4680 Cur
2330 4599 2396 4677 ad
2428 4620 2776 4675 traditionem
2806 4609 3229 4680 confugiendum
3265 4604 3371 4666 sit,
3419 4609 3479 4655 ut
3512 4599 3777 4654 doctrina

2197 4715 2450 4771 Ecclesiae
2485 4709 2850 4782 percipiatur,
2899 4704 3042 4758 hanc
3077 4701 3242 4756 etiam
3297 4694 3453 4751 all'ert
3499 4691 3779 4745 rationem

2196 4810 2272 4881 (p.
2310 4808 2424 4874 55),
2467 4781 2612 4876 quod
2649 4818 2757 4857 non
2807 4799 2981 4855 solum
3025 4793 3206 4848 omnia
3248 4785 3548 4858 Scripturis
3583 4781 3782 4838 consi-

2195 4875 2357 4974 gsiata
2388 4875 2499 4954 non
2533 4896 2757 4958 fuerint,
2789 4892 2881 4947 sed
2908 4890 3069 4944 etiam
3101 4885 3217 4954 ipsa
3242 4882 3528 4950 Scriptura
3567 4875 3782 4930 obscu-

2196 4961 2357 5045 ritate
2385 4987 2620 5059 quadam
2653 4983 2980 5038 involvatur.
3021 4975 3116 5029 Est
3145 4982 3320 5026 autem
3353 4964 3554 5022 silentii
3576 4961 3782 5030 species

2195 5083 2355 5137 etiam
2379 5053 2696 5140 obscuritas,
2717 5089 2821 5144 qua
2842 5072 3011 5124 utitur
3029 5067 3327 5134 Scriptura,
3351 5059 3618 5114 intellectu
3639 5053 3786 5121 ili/7i-

2195 5176 2347 5230 cilem
2380 5171 2599 5227 reddens
2621 5169 2924 5237 dogmatum
2951 5160 3264 5216 sententiam
3301 5153 3455 5224 idque
3494 5149 3564 5204 ad
3602 5147 3786 5214 legen-

2198 5269 2330 5322 tium
2358 5265 2638 5320 utilitatem
2674 5261 2749 5329 (p.
2781 5257 2930 5327 206).

2270 5421 2520 5494 Speravit
2550 5419 2827 5474 Scultetus
2852 5417 2965 5471 haec
2995 5414 3141 5471 eludi
3174 5429 3360 5486 posse,
3397 5415 3446 5471 si
3480 5416 3626 5472 hanc
3657 5431 3792 5487 par-

2197 5524 2308 5572 tem
2336 5514 2463 5571 libri
2496 5513 2571 5568 De
2599 5510 2806 5580 Spiritu
2827 5518 3032 5576 sancto,
3070 5523 3133 5565 ex
3176 5521 3286 5579 qua
3324 5516 3668 5578 postremum
3699 5517 3790 5565 te-
