3900 6212
180 304 248 359 45
1593 315 1982 374 PREFATIO.
3368 337 3439 394 ιϐ

177 417 501 472 stimonium
534 417 998 491 deprompslmus,
1024 438 1132 477 non
1186 422 1370 480 Basilii
1413 426 1579 481 fetum
1620 445 1764 494 esse,
1795 444 1838 498 Α
1870 441 1978 486 tute
2005 430 2238 500 Spiritus
2262 435 2467 504 clar'os,
2511 437 2669 494 duces
2714 457 2776 494 ac
2816 453 3067 511 patronos
3101 445 3258 518 hujus
3305 458 3440 513 vocis

176 507 269 562 sed
293 522 498 564 manus
521 510 714 565 aliena:
737 511 986 580 facinus;
1019 524 1114 568 aut
1139 516 1332 572 saltem
1365 518 1624 574 Basiliam
1656 520 1760 575 hoc

178 599 297 653 loco
328 615 444 653 non
472 601 543 655 de
565 602 855 673 praecipuis
883 603 1006 658 ﬁdei
1029 607 1328 675 capitibus,
1364 610 1461 664 sed
1490 610 1558 665 de
1590 610 1765 664 ritua-

176 693 323 748 libus
354 694 785 759 traditionibus,
832 713 1061 766 quarum
1104 699 1227 753 alite
1259 701 1459 756 nullius
1493 705 1764 767 momenti,

174 782 298 836 alia
319 799 388 837 ea:
414 784 689 838 hominum
721 787 972 840 memoria
1002 788 1058 841 in
1100 789 1218 856 ipsa
1250 789 1488 847 Ecclesia
1527 791 1766 848 Romana

173 873 379 942 pridem
403 872 608 935 delette.
638 875 913 932 disserere
939 879 1317 947 responderet.

242 963 495 1020 Primum
537 968 673 1022 illud
703 978 1098 1036 commentum,
1130 972 1277 1043 quod
1309 975 1528 1045 perﬁda:
1568 992 1766 1032 manus

175 1096 526 1166 suspicit‘mes
579 1099 633 1152 in
680 1099 878 1153 librum
935 1099 1008 1156 De
1051 1100 1257 1171 Spiritu
1309 1115 1497 1159 sancto
1539 1107 1766 1178 injicere

173 1197 434 1251 canatur,
460 1189 544 1243 sic
568 1189 684 1259 jam
708 1191 778 1245 ab
805 1192 1063 1246 omnibus
1088 1195 1370 1262 explosum
1401 1205 1508 1260 est,
1541 1208 1601 1252 ut
1625 1215 1764 1256 nova

173 1293 338 1347 Opera
371 1295 486 1334 non
515 1281 590 1334 sit
619 1280 997 1337 refellendum.
1030 1281 1188 1349 Quod
1231 1296 1412 1342 autem
1444 1300 1649 1359 spectat
1695 1293 1761 1347 ad

173 1373 402 1426 alteram
435 1373 664 1429 Sculteti
700 1377 1141 1446 responsionem.
1173 1389 1358 1433 verum
1383 1381 1514 1436 illud
1542 1383 1761 1453 quidem

171 1471 253 1517 est
285 1458 554 1519 Basilium
586 1467 690 1521 hoc
715 1467 837 1522 loco
868 1471 1135 1526 nonnulla
1181 1484 1612 1530 commemorare
1644 1485 1764 1546 quae

171 1553 237 1606 ad
278 1556 584 1610 essentiam
635 1564 1106 1616 sacramentortim
1152 1579 1260 1618 non
1293 1567 1565 1634 pertinent
1601 1585 1615 1622 :
1666 1569 1761 1624 sed

170 1659 277 1697 non
311 1644 528 1701 idcirco
566 1649 750 1704 minus
776 1652 1116 1720 exploratum
1141 1661 1226 1708 est
1259 1657 1380 1724 ejus
1413 1656 1759 1727 principium,

168 1741 366 1806 nempe
404 1746 639 1808 utraque
681 1741 926 1796 eamdem
969 1741 1080 1796 "vim
1132 1743 1198 1797 ad
1245 1745 1500 1814 pietatem
1539 1746 1758 1813 habere,

165 1836 218 1879 et
250 1843 375 1895 qua:
423 1828 723 1899 Scripturis
767 1832 980 1900 'prodita
1019 1837 1168 1897 stint,
1203 1844 1258 1890 et
1301 1851 1423 1906 qua:
1454 1839 1759 1908 recepimus

163 1933 230 1972 ex
272 1920 574 1976 traditione
605 1922 1003 1991 apostolorum.
1039 1923 1174 1981 Nam
1199 1927 1289 1980 illa
1317 1929 1505 1995 etiam,
1537 1945 1660 2000 quae
1689 1929 1757 1983 ad

162 2011 470 2064 essentiam
499 2014 974 2069 sacramentorum
1015 2021 1126 2071 'non
1170 2021 1482 2087 pertinent,
1529 2037 1626 2091 par
1661 2022 1760 2074 ha-

164 2101 295 2157 bent
340 2113 717 2170 momentum,
766 2109 882 2162 sive
925 2101 1259 2178 Scripturis,
1308 2111 1422 2166 sive
1465 2113 1758 2170 traditione

161 2196 549 2264 apostolorum
580 2200 1009 2267 contineantur;
1060 2203 1268 2270 pariter
1296 2206 1443 2259 enim
1473 2205 1755 2264 immutari

161 2296 422 2354 possent,
455 2289 921 2358 quemadmodum
951 2291 1090 2346 ritus
1126 2293 1400 2363 mergendi
1439 2294 1494 2349 in
1532 2311 1750 2366 aquam,

160 2376 254 2444 qui
285 2378 342 2430 in
372 2375 680 2447 Scripturis
713 2389 1049 2434 memoratur
1074 2396 1139 2436 ac
1166 2383 1287 2451 ipsa
1330 2383 1588 2452 baptismi
1619 2401 1753 2441 voce

157 2465 531 2535 signiﬁcatur,
561 2469 689 2537 quia
720 2478 901 2524 tamen
931 2470 997 2525 ad
1030 2474 1324 2527 essentiam
1360 2475 1614 2544 baptismi
1643 2493 1751 2532 non

156 2559 438 2625 pertinet,
487 2560 811 2614 immutatus
836 2568 924 2614 est
959 2560 1026 2615 ab
1057 2561 1322 2618 Ecclesia.
1358 2561 1582 2620 Frustra
1621 2581 1752 2638 ergo

157 2647 217 2703 S.
243 2647 519 2703 Basilium
551 2649 790 2719 exagitat
822 2647 1122 2714 Scultetus,
1152 2654 1311 2722 quasi
1343 2655 1398 2708 in
1426 2654 1530 2710 hoc
1560 2655 1748 2712 Basilii

157 2741 278 2795 loco
312 2741 513 2811 regula
553 2756 679 2794 cum
721 2743 983 2811 exemplis
1027 2751 1081 2798 et
1117 2746 1364 2815 exempla
1399 2763 1522 2802 cum
1564 2750 1749 2821 regula

155 2843 426 2906 pugnent.
468 2830 593 2885 Non
615 2832 762 2886 enim
790 2832 841 2887 id
865 2834 1001 2888 dicit
1027 2833 1284 2902 Basilius,
1316 2837 1666 2909 Evangelium
1691 2844 1746 2898 in

155 2925 452 2995 praecipuis
479 2925 732 2995 partibus
758 2925 910 2989 laedi,
945 2935 998 2982 et
1046 2927 1486 2998 praedicationem
1528 2934 1597 2988 ad
1645 2951 1746 2988 nu~

156 3017 284 3069 dum
319 3032 529 3072 nomen
557 3015 751 3087 redigi,
782 3020 828 3074 si
857 3018 994 3074 ritus
1024 3021 1273 3075 nonnulli
1302 3023 1660 3080 immutentur
1679 3027 1746 3082 ab

1866 523 2179 580 exhibeam?
2224 524 2300 580 0b
2339 527 2450 582 haec
2482 529 2692 586 hostilis
2736 534 2833 587 illa
2877 537 3016 590 acies
3053 540 3302 596 adversus
3345 561 3439 600 nos

1867 627 2128 692 commota
2154 621 2559 692 est,gomnisque
2584 625 2790 688 civitas,
2817 628 2958 682 vicus
2987 640 3038 684 et
3063 649 3239 687 omnes
3269 647 3440 691 extre-

1867 685 1941 736 mi
1973 686 2103 754 ﬁnes
2137 688 2277 755 pleni
2297 703 2416 744 sunt
2440 685 2535 747 nos
2566 685 3011 752 calumniantium
3048 685 3438 761 vocibusflll-o-

1868 777 1999 831 lesta
2031 779 2239 848 quidem
2284 781 2396 836 haec
2438 801 2502 838 ac
2541 785 2766 857 lugenda
2800 791 3048 846 cordibus
3091 799 3436 863 qucerentium

1863 885 2042 938 pacem
2069 888 2087 925 :
2112 889 2286 926 verum
2319 877 2570 946 quoniam
2592 889 2670 932 est
2698 898 2888 952 magna
2919 885 3188 953 patientiae
3219 906 3434 953 merces,

1867 962 2117 1018 toleratas
2137 980 2232 1032 pro
2261 968 2366 1036 ﬁde
2395 970 2702 1040 afﬂictiones
2725 987 2993 1041 secutura,
3028 991 3220 1048 prceter
3252 983 3363 1037 htec
3387 981 3437 1037 et

1863 1053 2077 1121 gladius
2109 1055 2460 1123 splendescat,
2490 1070 2539 1114 et
2573 1065 2773 1118 securis
2805 1079 3060 1133 acuatur,
3103 1081 3150 1124 et
3182 1073 3317 1142 ignis
3347 1091 3434 1127 ar-

1863 1145 1987 1198 deat
2014 1145 2336 1217 Babglonico
2360 1151 2452 1234 illo
2482 1151 2848 1220 vehementius,
2877 1168 2927 1212 et
2951 1164 3128 1216 omnia
3156 1167 3434 1234 supplicio-

1864 1251 1982 1289 rum
2011 1238 2361 1294 instrumenta
2389 1230 2442 1296 in
2470 1259 2566 1297 nos
2595 1261 2931 1312 moveantur;
2953 1253 3090 1322 quod
3119 1257 3189 1309 ad
3214 1275 3294 1324 me
3315 1262 3434 1330 qui-

1862 1328 1978 1382 dem
2009 1331 2216 1394 attinet,
2250 1333 2383 1386 nihil
2409 1335 2643 1388 arbitror
2685 1338 3096 1406 formidabilius.
3133 1363 3292 1416 quam
3327 1328 3432 1405 non

1863 1409 2153 1487 formidare
2174 1412 2366 1486 minas,
2389 1427 2522 1494 quas
2546 1417 2800 1484 Dominus
2826 1432 2880 1484 in
2911 1409 3169 1501 Spiritum
3193 1434 3431 1508 blasphe-

1862 1512 1998 1564 mias
2016 1511 2341 1579 jacientibus
2361 1515 2655 1573 intentavit.
2679 1519 2852 1590 Igitur
2873 1523 3011 1590 apud
3046 1525 3293 1584 tardatos
3337 1531 3430 1584 Ιιυι

1861 1601 2025 1654 mines
2052 1599 2121 1654 ad
2147 1606 2511 1673 purgationem
2551 1610 2652 1662 mei
2693 1613 2954 1681 sulficiunt
2998 1617 3111 1670 ha'c
3139 1623 3254 1688 qua:
3286 1619 3430 1676 dictd

1860 1699 2001 1756 sunt,
2031 1693 2168 1763 quod
2198 1697 2476 1764 recipimus
2499 1714 2669 1753 vocem
2693 1702 2824 1757 adeo
2856 1715 3065 1775 gratam
3101 1726 3164 1762 ac
3192 1709 3428 1779 familia-

1790 1793 1834 1851 Β
1863 1799 1971 1835 rem
1991 1787 2212 1846 sanctis,
2241 1789 2457 1854 insuper
2479 1799 2526 1842 et
2550 1799 2659 1843 tam
2679 1784 2884 1849 diutino
2913 1801 3013 1851 usit
3036 1802 3420 1870 confirmatam.

1862 1872 2006 1928 Nam
2042 1892 2108 1930 ex
2148 1895 2248 1948 quo
2287 1883 2516 1948 tempore
2558 1885 2633 1936 est
2677 1879 3050 1942 annutitiatum
3089 1890 3428 1964 Evangeliunt

1858 1980 2019 2036 usque
2056 1967 2125 2020 ad
2157 1978 2421 2037 praesens,
2455 1975 2752 2030 ostenditur
2793 1979 2846 2032 in
2885 1973 3134 2038 Ecclesiis
3173 1987 3427 2041 usitatam

1857 2057 2022 2125 fuisse
2045 2073 2064 2111 :
2088 2070 2138 2113 et
2167 2059 2304 2130 quod
2332 2067 2405 2117 e‘st
2439 2069 2673 2121 omnium
2702 2071 3014 2138 maximum,
3056 2076 3201 2144 pium
3245 2095 3307 2132 ac
3346 2095 3426 2135 re-

1858 2149 2100 2220 ligiosum
2124 2169 2334 2207 sensum
2358 2151 2546 2212 habere
2574 2157 2987 2218 demonstratur.

1923 2261 2041 2316 Non
2072 2264 2250 2321 minus
2281 2269 2479 2323 enituit
2507 2270 2688 2327 Basilii
2719 2276 2958 2330 studium
2990 2289 3045 2334 et
3067 2281 3234 2335 animi
3260 2283 3424 2340 ardor

1854 2351 1910 2408 in
1933 2354 2270 2411 defendenda
2298 2363 2656 2420 conciliorum
2688 2371 3036 2427 auctoritate.
3071 2371 3209 2430 Hinc
3234 2375 3421 2431 decla-

1853 2450 1937 2496 rat
1957 2444 2136 2514 (epist.
2172 2447 2294 2516 1M)
2321 2458 2575 2509 trecentos
2605 2455 2780 2510 decem
2821 2469 2870 2513 et
2917 2472 3032 2516 octo
3075 2463 3288 2533 Patres,
3318 2484 3422 2523 ncs

1850 2535 1963 2588 sine
1991 2535 2219 2604 Spiritus
2249 2544 2420 2596 sancti
2442 2545 2617 2614 aﬂiatu
2637 2547 2836 2605 locutos
2862 2568 2991 2607 esse.
3018 2553 3275 2621 Quamvis
3293 2574 3422 2631 ergo

1849 2628 1919 2682 ab
1943 2643 2008 2684 eo
2040 2646 2145 2686 non
2190 2644 2486 2703 peteretur,
2517 2647 2569 2693 ut
2604 2655 2634 2695 a
2680 2645 2870 2714 synodi
2904 2649 3006 2704 ﬁde
3055 2657 3110 2705 et
3151 2628 3419 2709 sententia

1848 2717 2168 2786 discederet,
2195 2725 2289 2780 sed
2321 2734 2533 2783 tantum
2559 2739 2618 2784 ut
2649 2748 2811 2788 unam
2842 2752 3028 2793 vocem
3061 2740 3207 2797 illius
3232 2751 3420 2800 auctoe

1847 2810 2009 2866 ritate
2051 2828 2425 2872 consecratam
2482 2821 2797 2891 imperatori
2856 2829 3073 2886 cederet
3123 2834 3273 2906 (ll);
3318 2852 3419 2892 nec

1847 2904 2052 2969 exsilii,
2098 2922 2200 2963 nec
2238 2917 2634 2967 tormentorum
2681 2917 2878 2980 minis.
2926 2937 3059 2986 nec,
3103 2904 3247 2994 quod
3291 2943 3418 2982 san-

1846 3004 1937 3050 cto
1967 2999 2227 3068 episcopo
2254 3003 2475 3072 gravius
2508 3021 2630 3062 esse
2669 3008 2931 3075 debebat,
2978 3014 3224 3083 luporum
3271 3020 3416 3090 gregi

157 3107 410 3163 Boclesia
442 3127 457 3162 :
489 3107 589 3162 sed
616 3120 683 3163 ex
713 3119 1026 3180 contemptu
1057 3111 1370 3171 traditionis
1403 3115 1507 3170 hoc
1537 3119 1746 3186 gravis-
1771 3125 1813 3180 C
1849 3087 2246 3186 ίηξωίηθίηίυω
2277 3103 2424 3150 metu
2455 3098 2649 3156 addu‘ﬁ
2675 3103 2873 3170 Ρθίυίίν
2911 3111 2967 3158 ut
3009 3106 3113 3162 hoc
3142 3108 3296 3167 nefas
3323 3113 3416 3166 ad‘

157 3202 355 3254 simum
384 3199 798 3254 incommodum
835 3205 1094 3273 consequi
1125 3205 1306 3266 docet,
1330 3213 1390 3260 ut
1425 3207 1559 3260 nihil
1588 3224 1743 3278 pror-

156 3305 250 3344 sus
277 3290 334 3343 in
370 3290 640 3344 Ecclesia:
667 3292 814 3345 cultu
839 3301 892 3347 et
914 3293 1162 3349 doctrina
1188 3297 1425 3366 supersit
1447 3298 1740 3369 integrum,

155 3381 250 3436 sed
284 3382 411 3451 ipsa
435 3381 784 3438 eucharistite
807 3388 1168 3450 consecratio,
1195 3390 1624 3447 conﬁrmationis
1663 3407 1744 3447 sa-

155 3481 534 3536 cramentum,
561 3474 678 3544 ipsa
707 3477 869 3529 etiam
901 3476 1025 3531 ﬁdei
1051 3478 1321 3548 professio
1350 3480 1405 3535 iu
1437 3480 1652 3538 Patrem
1687 3493 1742 3539 et

153 3564 355 3619 Filium
393 3574 451 3621 et
496 3566 764 3636 Spiritum
807 3577 1056 3623 sanctum
1102 3581 1414 3625 evertantur
1453 3573 1599 3644 (pag.
1628 3573 1734 3641 5'7).

151 3655 331 3726 Hujus
384 3661 674 3713 sententiae
717 3659 1001 3712 veritatem
1057 3660 1438 3716 demonstrant
1492 3667 1740 3730 exemplo

151 3763 253 3803 suo
279 3759 540 3804 recentes
570 3762 763 3813 sectae,
797 3767 937 3819 quae,
978 3751 1270 3808 traditione
1303 3755 1470 3810 semel
1504 3755 1735 3824 rejecta,

151 3852 259 3891 non
293 3839 478 3894 solum
507 3840 627 3908 pios
656 3840 913 3896 Ecclesiae
940 3841 1100 3906 ritus,
1144 3844 1236 3898 sed
1283 3845 1448 3898 etiam
1485 3847 1739 3900 euchari-

150 3928 270 3982 stize
300 3931 778 3984 consecrationem
803 3971 818 3994 ,
859 3934 1040 4002 qualis
1071 3949 1100 3986 a
1130 3932 1332 3989 Basilio
1374 3935 1736 4001 describitur,

151 4029 216 4070 ac
245 4027 658 4071 sacramentum
685 4018 1117 4076 conﬁrmationis
1149 4019 1508 4087 sustulerunt,
1531 4035 1584 4080 et
1602 4041 1739 4096 pra:-

149 4107 493 4163 dicationem
530 4108 804 4179 Evangelii
836 4111 909 4164 ita
940 4112 1008 4166 ad
1039 4113 1241 4167 nudum
1274 4129 1475 4170 nomen
1514 4117 1739 4186 redege-

150 4209 306 4264 runt,
351 4209 415 4254 ut
447 4209 564 4255 tota
611 4203 801 4272 religio
843 4204 1110 4273 cujusque
1149 4205 1380 4261 arbitrio
1422 4217 1476 4262 et
1522 4198 1732 4262 libidini

151 4292 425 4361 permissa
459 4291 553 4353 sit,
578 4306 641 4346 ac
670 4307 737 4346 ne
771 4293 888 4362 ipsa
919 4295 1136 4363 quidem
1161 4283 1447 4353 Trinitatis
1485 4297 1734 4352 doctrina

147 4383 425 4438 adversus
459 4381 738 4438 Unitarios
765 4384 983 4438 delendi
1011 4386 1205 4452 possit.

218 4514 283 4568 ll.
317 4513 504 4570 Testis
525 4527 610 4570 est
635 4517 798 4571 etiam
823 4517 1064 4588 locuples
1091 4517 1346 4584 Basilius,
1375 4529 1582 4589 quanto
1611 4520 1732 4574 ani-

143 4607 226 4660 mi
261 4607 466 4660 ardore
506 4605 722 4661 defendi
752 4607 946 4662 debeat
991 4611 1226 4665 usitatus
1273 4610 1326 4664 in
1373 4609 1615 4666 Ecclesia
1661 4611 1729 4665 ad

141 4699 349 4768 dogma
380 4701 792 4769 exprimendum
815 4718 1013 4758 sermo.
1030 4703 1186 4768 Nam,
1207 4720 1330 4758 cum
1349 4706 1458 4775 pati
1477 4721 1584 4760 non
1602 4720 1730 4776 pos-

141 4799 270 4846 sent
321 4788 808 4847 Pneurnatomachi
855 4793 1116 4863 Spiritum
1153 4804 1405 4851 sanctum
1445 4811 1552 4850 una
1602 4811 1727 4850 cum

141 4880 311 4937 Patre
331 4892 391 4938 et
418 4880 560 4937 Filio
593 4883 892 4953 gloriﬁcari
913 4927 927 4950 ,
971 4888 1312 4943 demonstrat
1351 4889 1492 4942 hanc
1525 4887 1723 4957 gloriﬁ-

141 4971 304 5025 candi
367 4971 635 5026 rationem
679 4981 734 5027 et
777 4976 916 5043 apud
952 4975 1207 5045 antiquos
1244 4976 1433 5030 Patres
1468 4977 1726 5031 usitatam

140 5075 287 5123 esse,
329 5067 387 5114 et
417 5061 475 5114 in
525 5069 643 5115 toto
699 5060 993 5118 Occidente
1039 5073 1094 5118 et
1143 5066 1197 5118 in
1250 5065 1471 5120 Oriente
1521 5066 1724 5136 vigere.

140 5151 352 5207 Deinde
385 5152 467 5207 sic
497 5153 738 5222 loquitur
761 5155 903 5224 (cap.
930 5153 1018 5215 29.
1052 5171 1173 5225 pag.
1206 5157 1294 5226 65)
1332 5176 1344 5210 :
1376 5157 1482 5222 Qui
1513 5157 1576 5225 fit
1622 5157 1726 5224 igi-

142 5251 247 5306 tur,
289 5254 350 5296 ut
381 5260 474 5313 ego
506 5245 608 5298 sim
638 5245 934 5307 innovator,
975 5254 1025 5299 et
1061 5247 1408 5300 recentiorum
1453 5246 1724 5300 verborum

141 5337 506 5391 architectus?
533 5353 653 5390 cum
683 5345 825 5391 totas
849 5339 1105 5399 nationes,
1136 5339 1391 5401 civitates,
1426 5349 1474 5391 et
1509 5354 1724 5394 consue-

143 5427 378 5480 tudinem
408 5428 554 5479 omni
581 5425 851 5479 hominum
880 5428 1136 5480 memoria
1167 5429 1495 5482 vetustiorem
1516 5467 1531 5485 .
1578 5428 1724 5480 insu-

140 5530 227 5582 Per
251 5527 303 5572 et
336 5518 479 5570 siros
522 5515 776 5570 Ecclesia:
798 5517 1091 5580 columnas,
1123 5520 1263 5569 omni
1287 5516 1505 5570 scicntia
1529 5532 1591 5571 ac
1619 5517 1724 5569 vir-

1846 3180 2100 3237 mitteret.

1915 3289 2000 3346 ΙΙΙ.
2032 3289 2232 3363 Objicit
2261 3294 2540 3354 Scultetus
2573 3301 2701 3356 illud
2735 3301 2920 3361 Basilii
2955 3323 3020 3362 ex
3050 3310 3210 3378 epist.
3259 3311 3359 3369 189
3397 3333 3411 3368 :

1843 3378 2230 3449 Criminantur,
2266 3386 2444 3458 inquit
2476 3389 2551 3460 (p.
2586 3391 2712 3457 277,
2745 3409 2800 3449 n.
2840 3396 2920 3466 ὃ),
2952 3404 3087 3468 quod
3118 3415 3278 3454 unam
3319 3402 3414 3456 bo-

1841 3472 2078 3539 nitatem,
2103 3484 2152 3529 et
2173 3492 2331 3530 unam
2347 3484 2651 3547 potentiam,
2675 3495 2723 3538 et
2742 3503 2901 3540 unam
2922 3489 3249 3545 divinitatem
3272 3492 3414 3546 dica-

1842 3578 1978 3618 mus.
2011 3562 2193 3634 Neque
2224 3567 2279 3620 id
2307 3579 2460 3622 extra
2487 3574 2754 3627 veritatem
2797 3592 2816 3629 :
2861 3577 3087 3634 dicimus
3117 3583 3276 3637 enim.
3307 3585 3412 3639 Sed

1840 3653 2168 3709 criminando
2197 3657 2478 3728 objiciunt,
2504 3679 2607 3715 non
2633 3664 2709 3716 sic
2732 3681 2885 3719 suam
2917 3667 3105 3723 habere
3135 3682 3413 3726 consuetu-

1839 3742 2035 3808 dinem,
2068 3763 2158 3800 nec
2188 3747 2520 3817 Scripturam
2557 3756 2826 3809 assentiri.
2862 3756 3004 3822 Quid
3033 3760 3197 3828 igitur
3228 3763 3297 3814 ad
3315 3762 3411 3817 hoc

1838 3852 2037 3906 quoque
2068 3855 2163 3893 nos
2187 3843 2212 3895 .9
2235 3839 2358 3894 Non
2387 3853 2632 3909 putamus
2660 3863 2866 3916 wquum
2896 3866 3026 3914 esse,
3057 3860 3115 3904 ut
3159 3854 3410 3924 vigentem

1839 3927 1976 3994 apud
2011 3928 2150 3996 ipsos
2179 3931 2630 4000 consuetudinem,
2667 3947 2822 3990 recta:
2857 3937 3112 3995 doctrina:
3160 3942 3320 4012 legem
3359 3953 3409 3997 et

1839 4032 2076 4070 normam
2104 4018 2377 4076 ducamus.
2398 4023 2625 4090 Etenim,
2649 4027 2694 4080 si
2725 4028 2858 4082 valet
2885 4029 2954 4083 ad
2983 4043 3134 4086 recta:
3154 4034 3410 4091 doctrina:

1835 4106 2332 4165 demonstrationem
2363 4116 2707 4180 consuetudo,
2741 4119 2860 4173 licet
2902 4132 2950 4174 et
2984 4123 3136 4178 nobis
3175 4127 3409 4195 profecto

1836 4199 2090 4252 usitatum
2119 4201 2260 4269 apud
2283 4219 2376 4256 nos
2405 4222 2599 4260 morem
2631 4225 2906 4278 opponere.
2942 4214 3094 4278 Quod
3120 4217 3167 4269 si
3195 4217 3331 4272 hunc
3350 4221 3409 4274 ilo

1836 4286 1874 4340 li
1899 4289 2160 4358 rejiciunt,
2195 4307 2354 4361 neque
2391 4295 2540 4350 nobis
2569 4312 2788 4364 prorsus
2832 4301 2952 4355 illos
2991 4307 3137 4374 sequi
3180 4323 3404 4363 necesse.

1837 4377 2023 4448 Itaque
2049 4380 2325 4450 Scriptura
2346 4385 2597 4441 divinitus
2621 4389 2879 4457 inspirata
2894 4396 3040 4448 nobis
3068 4398 3138 4450 sit
3165 4399 3408 4464 arbitra;

1763 4479 1811 4538 ι)
1834 4479 1883 4524 et
1906 4472 2045 4538 apud
2072 4489 2201 4542 quos
2233 4475 2444 4531 inventa
2478 4479 2676 4546 fuerint
2715 4483 2966 4552 dogmata
3005 4486 3197 4543 divinis
3239 4491 3405 4545 verbis

1835 4579 2086 4628 consona,
2118 4566 2187 4618 ad
2209 4582 2295 4620 eos
2330 4571 2536 4622 accedet
2559 4573 2775 4626 omnino
2800 4575 3036 4632 veritatis
3066 4580 3404 4651 suffragium.

1834 4653 1913 4708 Ex
1937 4655 2022 4710 bis
2050 4657 2326 4710 concludit
2347 4657 2622 4716 Scultetus
2653 4663 2756 4716 soli
2802 4663 3098 4736 Scriptura:
3135 4669 3404 4738 judicium

1834 4760 1864 4799 a
1895 4745 2096 4803 Basilio
2125 4763 2189 4801 ac
2222 4749 2506 4804 arbitrium
2540 4754 2764 4808 attribui
2791 4760 3311 4817 controversiarum.

1906 4877 2058 4948 Saepe
2091 4879 2225 4936 alias
2265 4881 2411 4936 hunc
2437 4882 2617 4938 locum
2663 4884 2849 4939 Basilii
2885 4887 3250 4944 decanta'vere
3278 4889 3402 4946 Pro;

1833 4974 2100 5024 testantes
2130 4983 2146 5034 ε
2201 4973 2295 5026 sed
2353 4981 2534 5028 tamen
2569 4974 2702 5043 quid
2754 4977 2836 5031 eis
2875 4979 3048 5047 prosit
3073 4995 3188 5035 non
3221 4981 3398 5036 video.-

1829 5057 1994 5124 Nam,
2022 5063 2080 5113 l"
2105 5062 2320 5117 etiamsi
2360 5063 2598 5120 Basilius
2641 5065 3151 5125 Pneumatomacliis
3193 5087 3320 5127 vere
3349 5081 3401 5127 ct

1829 5166 1896 5205 ex
1920 5152 2102 5206 animo
2133 5154 2496 5210 concessisset
2541 5160 2950 5225 controversiae,
2981 5176 3144 5230 quam
3173 5179 3296 5216 cum
3320 5165 3400 5218 eis

1827 5241 2083 5304 habebat,
2130 5245 2397 5313 judicium
2451 5261 2520 5300 ex
2571 5247 2686 5302 sola
2742 5247 3026 5320 Scriptura
3057 5253 3400 5323 petendum;

1827 5334 1957 5402 quid
1993 5335 2094 5388 hoc
2146 5335 2350 5391 faceret
2403 5352 2527 5391 cum
2570 5337 3062 5398 Protestantibus?
3102 5345 3381 5402 Consuctu

1828 5421 1941 5476 dini
1991 5423 2312 5498 Casariensi
2345 5442 2512 5482 unam
2541 5428 2598 5482 in
2651 5431 2901 5498 personis
2931 5432 3134 5489 divinis
3182 5437 3398 5490 bonita-

1829 5523 1960 5582 tem,
1997 5532 2159 5571 unam
2183 5521 2481 5590 potentiam
2510 5521 2830 5590 pradicanti
2861 5525 3196 5590 contrariam
3220 5525 3398 5583 Eccle-

211 5669 323 5742 (ll)
362 5667 550 5739 Nyss.,
602 5686 638 5734 ι,
698 5667 956 5734 Ειιηοηι.,
1009 5685 1065 5741 p.
1114 5668 1247 5736 δίῃ
1293 5666 1644 5735 ΤΙιεοάονεῐε,
1687 5667 1745 5723 lil

1851 5685 1896 5725 ν.
1929 5683 1978 5724 c.
2018 5670 2102 5726 l8.
