3900 6212
470 281 533 344 Ἠ
1832 284 1916 339 PR
1927 285 2027 340 EF
2043 285 2226 339 ATIO.
3641 291 3712 344 48

469 405 563 460 size
579 401 1146 457 suteconsuetudinem
1164 397 2035 470 apponebantPneumatomachi:
2069 405 2114 460 Α
2143 404 2262 451 bum
2311 413 2460 452 omne
2501 407 2593 451 aut
2619 416 2700 454 res
2733 402 3030 457 testimonio
3068 401 3259 456 divinae
3295 401 3584 472 Scriptum
3620 405 3713 457 ob-

470 513 524 550 in
551 496 653 550 hac
686 495 1143 549 consuetudinum
1179 494 1460 556 varietate,
1493 493 1622 562 quid
1656 491 1853 545 mirum
1887 492 1932 546 si
1967 491 2035 545 ad

471 588 808 657 Scripturam
863 594 1120 656 provocat
1163 584 1451 639 Basilius?
1507 584 1577 636 At
1623 583 2035 645 Protestantes,

473 693 600 731 cum
632 692 829 731 novum
871 677 1150 746 religionis
1180 690 1351 745 genus
1378 675 1760 737 condiderunt,
1795 688 1902 728 non
1940 673 2038 725 ha-

472 772 638 825 buere
689 768 1136 824 consuetudinem
1167 777 1259 821 aut
1309 768 1676 832 traditionem,
1721 779 1882 835 quam
1910 779 2042 817 con-

472 863 640 917 stanti
671 859 924 914 Ecclesia:
952 858 1232 912 traditioni
1257 865 1610 927 opponerent.
1643 853 1730 908 Uti
1761 869 1888 925 ergo
1931 869 2040 907 non

471 959 702 1021 possunt
755 951 1078 1004 auctoritate
1107 947 1332 1011 Basilii,
1386 946 1480 1016 qui
1531 945 1876 999 traditionem
1930 959 2039 996 non

474 1042 682 1111 rejicit,
740 1039 834 1096 sed
887 1039 1014 1109 quia
1066 1039 1249 1095 inesse
1313 1039 1619 1107 ﬁngebatur
1679 1038 1733 1090 in
1778 1035 2042 1090 Beclesia-

473 1150 596 1190 rum
627 1133 1110 1189 consuetudinibus
1141 1131 1398 1196 varietas,
1432 1129 1514 1185 ad.
1535 1129 1873 1200 Scripturam
1909 1143 2040 1182 con—

471 1227 631 1299 fugit.

544 1340 601 1393 2°
638 1337 763 1393 Haec
793 1337 1100 1392 traditionis
1125 1335 1362 1390 varietas
1412 1348 1619 1387 merum
1649 1339 1733 1386 est
1764 1344 2043 1385 commen-

474 1440 589 1485 tum
620 1429 1264 1484 Pneumatomachorum.
1300 1423 1557 1480 Solebant
1577 1424 1721 1478 enim
1754 1431 1811 1476 ut
1844 1436 2041 1475 novum

473 1522 785 1591 exagitare,
841 1518 1106 1590 quidquid
1159 1517 1375 1571 illorum
1431 1514 1707 1569 evertebat
1771 1511 2042 1566 haeresim.

474 1611 612 1665 Hinc
637 1610 1082 1665 consuetudinem
1113 1606 1450 1680 glorilicandi
1481 1620 1604 1658 eum
1643 1603 1800 1658 Patre
1822 1611 1875 1656 el.
1906 1601 2043 1654 Filio

475 1702 734 1772 Spiritus,
789 1715 953 1771 quam
993 1699 1228 1754 Basilius
1263 1698 1319 1752 in
1365 1697 1618 1752 omnibus
1653 1694 1914 1749 Ecclesiis
1965 1693 2044 1746 vi-

473 1809 600 1864 gere
652 1801 708 1848 et
747 1809 963 1862 semper
1011 1792 1248 1864 viguisse
1289 1793 1646 1854 demonstrat,
1703 1788 1813 1858 (l2)
1845 1803 2040 1841 novam
2074 1819 2114 1873 Β

472 1899 595 1940 esse
631 1892 685 1939 ct
716 1886 785 1937 ab
817 1883 1055 1938 Ecclesia
1112 1883 1335 1938 minime
1385 1883 1666 1953 probatam
1697 1879 2038 1935 dictitabant.

473 1974 614 2039 Quin
644 1975 806 2028 etiam
835 1974 890 2028 in
922 1974 1025 2030 hac
1048 1975 1163 2046 ipsa
1195 1974 1424 2044 epistola
1458 1973 1580 2037 189,
1614 1979 1899 2042 postquam
1943 1969 2044 2024 Ec-

473 2065 652 2120 clesiaa
678 2080 790 2120 sua:
817 2067 1268 2121 consuetudinem
1304 2065 1574 2134 objecere,
1621 2064 1802 2118 statim
1833 2062 2045 2116 vanita-

472 2168 581 2212 tem
607 2166 660 2211 et
699 2158 1042 2212 mendacium
1072 2157 1413 2222 conﬁtentur,
1442 2172 1504 2211 ac
1538 2171 1696 2210 unam
1748 2155 1803 2208 in
1855 2169 2043 2223 perso-

473 2248 561 2303 nis
591 2248 790 2303 divinis
818 2249 1072 2304 deitatem
1105 2264 1212 2303 non
1253 2247 1582 2318 improbant,
1626 2245 1787 2300 modo
1821 2245 1888 2299 ad
1920 2243 2044 2314 Spi-

473 2340 639 2394 ritum
693 2348 943 2395 sanctum
986 2356 1095 2396 non
1143 2340 1486 2394 extendatur.
1537 2338 1640 2393 Sed
1674 2339 1931 2407 apertius,
1960 2338 2042 2390 in-

472 2433 592 2504 quit
620 2431 854 2488 Basilius
883 2430 963 2503 (n.
994 2433 1072 2497 4),
1107 2433 1360 2486 orationis
1411 2446 1521 2484 sua:
1555 2429 1758 2484 nudant
1800 2428 2042 2499 proposi-

395 2583 407 2594 ,
475 2534 629 2578 tum:
660 2523 814 2577 Patri
845 2524 1056 2594 quidem
1103 2524 1393 2586 convenire,
1435 2533 1492 2575 ut
1523 2521 1660 2576 Deus
1693 2522 1784 2584 sit,
1841 2536 1903 2573 ac
1955 2518 2045 2571 Fi-

473 2617 604 2671 lium
635 2616 879 2670 similiter
905 2615 1198 2670 divinitatis
1228 2616 1434 2669 nomine
1471 2614 1723 2669 honorari
1753 2613 2045 2667 assentien-

475 2719 551 2762 tes
575 2725 594 2773 ;
623 2708 883 2778 Spiritum
916 2725 1053 2767 vero.
1083 2710 1170 2777 qui
1210 2723 1317 2760 una
1341 2723 1459 2760 cum
1492 2705 1654 2759 Patre
1683 2715 1731 2759 et
1758 2703 1910 2759 Filio
1945 2721 2044 2758 nu-

474 2801 729 2856 meratur,
778 2792 1072 2846 divinitatis
1121 2794 1328 2846 notione
1382 2791 1594 2845 minime
1634 2789 2042 2858 comprehendi,

473 2881 564 2937 sed
613 2898 645 2935 a
694 2881 856 2936 Patre
892 2885 960 2936 ad
998 2881 1201 2934 Filium
1252 2896 1415 2949 usque
1469 2881 1750 2933 terminata
1795 2879 2044 2932 diuinita-

473 2977 544 3030 tis
600 2976 857 3044 potentia,
908 2985 1155 3028 naturam
1187 2972 1417 3043 Spiritus
1463 2988 1496 3024 a
1546 2971 1726 3026 divina
1753 2972 1924 3043 gloria
1962 2986 2045 3024 se-

472 3085 635 3122 cerni.

2145 490 2412 560 ﬁrmanda
2449 502 2571 545 sunt
2619 496 2686 546 ad
2725 494 2985 564 integram
3015 496 3411 564 persuasionem
3459 495 3712 550 bonorum

2140 591 2188 635 et
2225 581 2293 634 ad
2337 581 2599 635 malorum
2638 587 3018 639 verecundiam.
3059 585 3124 638 Et
3169 600 3281 654 reg.
3318 585 3408 650 80,
3457 600 3578 655 cap.
3618 585 3711 650 22,

2142 672 2233 726 ubi
2280 673 2469 726 statuit
2500 674 2779 743 proprium
2833 691 2958 730 esse
2993 674 3166 730 fidelis
3215 675 3350 728 nihil
3382 691 3448 730 ex
3480 676 3566 730 his
3595 692 3717 746 quae

2142 765 2345 834 scripta
2378 773 2507 819 sunt
2540 766 2765 835 rejicere
2809 768 3008 822 audere
3055 775 3146 820 aut
3174 768 3468 836 quidquam
3498 769 3583 822 his
3610 768 3712 821 ad-

2141 856 2290 910 dere.
2328 855 2557 920 Etenim,
2585 857 2758 928 inquit
2791 858 3046 920 Basilius,
3075 859 3122 912 si
3155 874 3303 911 omne
3333 860 3472 927 quod
3507 875 3610 910 non
3637 867 3716 910 est

2141 965 2204 1002 ea:
2236 948 2339 1018 ﬁde
2364 959 2632 1018 peccatum
2672 960 2770 1009 est.
2803 959 2861 1004 ut
2893 951 2967 1003 ait
2997 949 3375 1019 Apostolus“,
3411 969 3429 999 ι
3467 948 3597 1017 ﬁdes
3621 964 3717 999 au-

2144 1052 2243 1095 tem
2285 1057 2349 1095 ex
2365 1041 2548 1094 auditu
2571 1051 2665 1104 est,
2692 1042 2902 1095 auditus
2921 1053 3093 1095 autem
3128 1057 3217 1109 per
3252 1041 3461 1094 verbum
3479 1039 3576 1093 Dei
3593 1040 3636 1070 ¹²
3661 1056 3713 1104 ,s

2144 1150 2293 1187 omne
2347 1131 2484 1203 quod
2517 1144 2592 1186 est
2619 1144 2768 1186 extra
2817 1133 3049 1187 divinam
3086 1132 3438 1204 Scripturam,
3493 1148 3610 1184 cum
3653 1144 3721 1182 ea:

2143 1226 2247 1295 ﬁde
2276 1242 2376 1278 non
2409 1226 2498 1283 sit,
2547 1233 2815 1292 peccatum
2840 1233 2937 1277 est.
2971 1223 3116 1277 Idem
3153 1223 3429 1278 Scultetus
3456 1220 3718 1274 nonnulla

2145 1318 2251 1371 alia
2314 1317 2522 1387 colligit
2557 1318 2696 1380 loca,
2745 1317 2798 1370 in
2835 1317 3034 1386 quibus
3065 1316 3317 1370 similiter
3351 1314 3620 1375 sancitur,
3651 1326 3720 1366 ne

2145 1408 2276 1478 quid
2311 1408 2540 1462 addatur
2569 1415 2661 1461 aut
2691 1407 3009 1461 detrahatur
3037 1423 3208 1462 sacra:
3241 1405 3554 1474 Scriptum.
3588 1401 3722 1468 Quae

2145 1508 2324 1553 autem
2381 1515 2489 1552 non
2521 1507 2649 1553 sunt
2701 1500 2943 1569 scripta,
2987 1513 3048 1552 ea
3082 1514 3179 1568 pro
3237 1497 3423 1551 liberis
3473 1493 3721 1547 habenda

2145 1589 2424 1644 concludit
2447 1605 2512 1643 ex
2544 1589 2630 1644 bis
2669 1589 2852 1644 verbis
2899 1588 3010 1658 (ιε)
3047 1605 3058 1639 :
3089 1589 3351 1653 Quoniam
3380 1587 3489 1640 alia
3512 1589 3563 1638 in
3601 1601 3723 1638 san-

2146 1692 2232 1736 cta
2293 1681 2568 1749 Scriptura
2625 1695 2716 1749 per
2781 1678 2996 1732 Domini
3061 1679 3368 1732 mandatum
3445 1676 3723 1728 declarata

2145 1780 2287 1835 sunt,
2321 1771 2429 1824 alia
2462 1770 2667 1824 silentio
2709 1769 3104 1836 praetermissa;
3143 1769 3207 1822 de
3247 1770 3313 1821 iis
3345 1766 3548 1838 quidem
3602 1781 3722 1836 qua!

2145 1868 2340 1928 scripta
2376 1872 2517 1927 sunt,
2559 1862 2691 1915 nulli
2738 1862 2950 1914 omnino
3009 1863 3128 1914 licet
3185 1869 3276 1914 aut
3313 1859 3512 1929 aliquid
3545 1857 3724 1926 facere

2142 1972 2322 2009 eorum
2365 1970 2480 2025 qua:
2513 1957 2669 2009 vetita
2721 1963 2863 2017 sunt,
2894 1963 2986 2006 aut
3020 1952 3218 2022 aliquid
3274 1952 3510 2004 omittere
3537 1965 3723 2004 eorum

2143 2064 2258 2117 qua
2287 2046 2444 2115 jussa
2490 2057 2678 2099 sunt...
2729 2046 2791 2099 de
2829 2046 2895 2098 iis
2930 2061 3048 2098 vero
3096 2059 3212 2113 qua:
3253 2043 3460 2096 silentio
3487 2054 3724 2109 prseter-

2143 2141 2306 2194 missa
2335 2147 2478 2202 sunt,
2506 2137 2741 2209 regulam
2770 2137 2917 2191 nobis
2947 2136 3169 2190 tradidit
3196 2135 3463 2204 apostolus
3493 2131 3721 2198 Paulus,

2145 2247 2262 2284 cum
2327 2229 2460 2282 dixit
2501 2245 2520 2283 .·
2576 2248 2594 2280 ‹
2627 2229 2819 2284 Omnia
2881 2227 3009 2281 mihi
3074 2227 3252 2290 licent,
3313 2224 3400 2278 sed
3448 2240 3551 2277 non
3605 2238 3720 2276 om—

2145 2318 2548 2386 niaexpcdiunt.
2591 2316 2761 2372 Nemo
2811 2316 2947 2387 quod
2987 2332 3140 2370 suum
3183 2324 3258 2368 est
3299 2323 3505 2384 quaerat
3560 2329 3578 2365 :
3629 2313 3721 2364 sed

2143 2409 2280 2480 quod
2320 2411 2544 2463 alterius
2572 2409 2946 2479 unusquisque.
2987 2428 3005 2458 ›
3042 2407 3218 2473 Quare
3260 2421 3464 2460 necesse
3504 2405 3722 2458 omnino

2143 2513 2221 2557 est
2248 2513 2340 2558 aut
2385 2504 2494 2558 Deo
2528 2519 2591 2558 ea:
2616 2503 2729 2573 ejus
2769 2507 3018 2556 mandato
3067 2501 3284 2572 subjici,
3329 2511 3420 2554 au:
3445 2501 3569 2554 aliis
3597 2514 3726 2566 pro-

2147 2605 2262 2664 pter
2312 2595 2621 2650 mandatum
2663 2595 2831 2648 illius.

2217 2703 2428 2760 Inutilis
2471 2719 2602 2758 sane
2633 2702 2857 2758 Sculteti
2899 2704 3052 2759 labor
3075 2704 3128 2758 in
3157 2704 3425 2773 ejusmodi
3465 2704 3724 2759 testimo-

2145 2794 2252 2850 niis
2276 2796 2620 2866 colligendis.
2649 2795 2706 2848 ln
2736 2796 2910 2864 primo
2953 2795 3186 2850 Basilius
3231 2804 3426 2849 auctor
3444 2801 3549 2860 est,
3576 2801 3636 2848 ut
3665 2795 3724 2848 in

2146 2888 2486 2942 adhortando
2521 2897 2575 2942 et
2623 2887 2956 2956 increpando
3001 2887 3360 2942 adhibeantur
3423 2887 3727 2956 Scriptura:

2145 2977 2499 3043 testimonia;
2533 2976 2730 3032 deinde
2761 2978 2838 3030 ait
2872 2978 2926 3031 in
2953 2977 3200 3046 sequenti
3223 2978 3422 3046 capite,
3454 2979 3524 3031 iis
3557 2978 3727 3031 etiam

2144 3085 2260 3138 qua:
2291 3069 2345 3122 in
2397 3081 2588 3122 natura
2647 3079 2739 3123 aut
2776 3069 3151 3124 consuetudine
3208 3071 3328 3122 vita:
3385 3080 3511 3122 nota
3552 3079 3726 3134 sunt,

542 3179 598 3232 5o
635 3177 756 3243 Quo
787 3185 1028 3247 tempore
1079 3176 1310 3232 Basilius
1343 3177 1409 3232 ad
1441 3175 1784 3232 Ευειθιιιίυω
1832 3173 2043 3229 archia-
2071 3161 2114 3218 C
2147 3160 2397 3213 utendum
2437 3177 2551 3214 esse
2591 3161 2659 3214 ad
2715 3161 3173 3230 conﬁrmationem
3222 3177 3403 3214 eorum
3431 3177 3548 3228 qua:
3587 3161 3728 3228 ﬁunt

471 3279 618 3325 trum
670 3271 812 3323 hanc
841 3269 1061 3338 scripsit
1113 3268 1418 3338 epistolam,
1451 3268 1738 3323 consilium
1779 3264 2040 3335 suscepit,

474 3359 837 3430 Amphilochii
900 3368 1113 3429 rogatu,
1152 3360 1426 3413 scribendi
1463 3358 1726 3414 adversus
1769 3356 2042 3410 Pneuma-

473 3452 756 3506 tomachos
815 3449 936 3504 libri
989 3449 1064 3502 De
1093 3449 1291 3517 Spiritu
1318 3459 1501 3502 sancto
1550 3465 1568 3502 :
1616 3457 1669 3504 et
1699 3463 1823 3503 cum
1855 3448 1908 3500 in
1941 3447 2042 3500 hoc

472 3556 638 3610 opere
681 3541 1022 3594 traditionem
1080 3547 1188 3592 tam
1224 3543 1421 3594 acriter
1463 3539 1736 3602 defendat,
1789 3551 1948 3592 nemo
1977 3537 2041 3589 il-

474 3633 582 3687 lam
616 3633 670 3686 in
700 3632 931 3702 epistola
961 3631 1216 3700 rejeetam
1245 3630 1516 3700 suspicari
1547 3629 1741 3700 possit.
1776 3627 2042 3682 Praeterea

473 3739 596 3779 cum
626 3731 888 3794 provocat
915 3723 980 3777 ad
1013 3723 1324 3792 Scripturas
1369 3719 1623 3783 Basilius,
1657 3735 1788 3782 non,
1822 3727 1880 3772 ut
1912 3717 2038 3772 Pro-

471 3824 757 3878 testantes,
787 3829 973 3870 earum
1003 3811 1502 3881 interpretationem
1529 3809 1792 3878 cujusque
1813 3807 2042 3861 arbitrio

474 3909 758 3979 permittit.
789 3905 866 3961 Ne
896 3907 996 3974 ipsi
1027 3903 1243 3974 quidem
1273 3900 1757 3958 Pneumatomachi
1779 3899 1919 3952 hanc
1940 3897 2042 3951 sibi

475 4000 754 4054 licentiam
813 3997 1162 4066 arrogabant.
1215 3993 1477 4061 Quamvis
1505 3992 1647 4046 enim
1682 3991 1788 4045 sub
1817 3989 2043 4042 Valente

475 4091 773 4162 plurimum
809 4096 1054 4158 possent,
1109 4087 1234 4156 quia
1275 4096 1457 4140 tamen
1501 4085 1556 4138 in
1595 4083 1841 4136 Ecclesia
1872 4081 2046 4134 domi-

478 4183 599 4235 nari
649 4189 702 4235 et
733 4181 939 4249 plebem
974 4193 1127 4234 suam
1162 4178 1338 4232 facere
1374 4178 1661 4237 volebant,
1713 4175 2048 4242 cogebantur

478 4281 538 4328 ut
575 4271 864 4340 plurimum
897 4285 1016 4324 sese
1052 4269 1118 4320 aal
1162 4268 1392 4322 usitatas
1422 4267 1474 4320 in
1515 4265 1756 4320 Ecclesia
1783 4265 2051 4331 interpre-

477 4366 714 4418 tationes
754 4362 1050 4429 Seripturze
1102 4359 1533 4413 accommodare.
1588 4356 1727 4411 Hine
1776 4371 1918 4410 anno
1947 4355 2043 4409 571

477 4472 601 4510 cum
632 4455 888 4510 Basilium
927 4456 1069 4508 malo
1090 4453 1274 4506 animo
1303 4452 1679 4513 observarent,
1705 4451 1770 4504 de
1803 4449 2045 4518 Spiritus

439 4547 656 4609 ,sancti
741 4545 1024 4600 divinitate
1098 4544 1458 4599 disserentem
1529 4543 1791 4612 patienter
1862 4540 2050 4593 audie-

479 4648 606 4693 runt
644 4640 789 4708 (15);
835 4648 888 4692 et
929 4653 1051 4692 cum
1082 4637 1343 4706 Spiritum
1382 4635 1698 4689 nominatim
1745 4633 1910 4686 Deum
1939 4647 2046 4685 non

480 4731 844 4799 appellasset,
879 4727 1000 4782 belli
1024 4727 1073 4782 ei
1118 4727 1385 4780 inferendi
1418 4740 1636 4780 causam
1675 4724 1915 4792 arripere
1935 4738 2046 4775 non

481 4821 784 4873 valuerunt.
834 4818 992 4872 Anno
1040 4827 1223 4872 autem
1266 4817 1370 4871 574
1403 4816 1504 4870 hoc
1530 4822 1744 4870 tantum
1785 4816 1839 4869 in
1871 4830 1934 4869 eo
1965 4829 2052 4867 re-

483 4908 910 4978 prehenderunt,
937 4908 1080 4980 quod
1143 4905 1403 4976 Spiritum
1449 4921 1572 4960 cum
1618 4904 1778 4958 Patre
1825 4913 1878 4958 et
1907 4902 2053 4958 Filio

482 5000 810 5069 glorilicaret
834 5001 944 5071 (14)
971 5016 990 5052 ;
1025 5007 1220 5054 cratera
1248 5014 1357 5052 non
1387 4999 1503 5052 ausi
1533 5005 1661 5052 sunt
1684 4997 2005 5066 improbare.

556 5112 642 5168 IV.
689 5112 868 5167 Utitur
896 5112 1057 5168 etiam
1097 5109 1374 5165 Scultetus
1405 5111 1592 5180 regula
1637 5109 1828 5164 morali
1870 5109 2048 5164 sancti

485 5203 670 5259 Basilii
718 5203 810 5269 26,
864 5219 986 5274 cap.
1039 5204 1092 5263 1,
1143 5202 1234 5257 ubi
1291 5203 1372 5257 sic
1429 5201 1707 5256 habetur:
1742 5199 1895 5265 Quod
1931 5215 2049 5253 ver-

557 5380 599 5411 “
629 5377 786 5433 Rom.
825 5395 936 5443 xw,
970 5377 1060 5432 2'5.
1139 5379 1180 5408 "
1221 5376 1374 5431 Rom.
1407 5393 1463 5443 ι,
1507 5377 1598 5431 17.

556 5512 665 5582 (I2)
707 5512 824 5566 Lib.
866 5513 943 5566 De
987 5513 1128 5583 Spir,
1155 5527 1206 5567 c.
1251 5513 1304 5580 1,
1333 5529 1388 5566 ιι.
1421 5513 1474 5576 5,
1501 5522 1632 5567 etc.
1663 5511 1755 5577 27,
1787 5527 1841 5567 n.
1872 5511 1963 5578 65,
1999 5521 2054 5568 et

487 5597 538 5638 c.
568 5583 657 5642 29,
689 5600 742 5636 n.
779 5583 866 5638 75.

559 5654 665 5722 (15)
709 5655 856 5718 Nam,
881 5669 962 5707 or.
994 5653 1085 5716 ‘20,
1115 5670 1164 5723 p.
1193 5651 1314 5706 564.

2146 3260 2240 3306 aut
2285 3253 2551 3307 dicuntur.
2605 3253 2740 3320 Quis
2804 3253 2929 3308 inde
2979 3253 3134 3323 sequi
3173 3255 3521 3322 suspicetur,
3553 3269 3729 3323 penes

2147 3342 2490 3414 Scripturam
2525 3344 2694 3398 solam
2743 3345 3030 3398 arbitrium
3073 3360 3196 3398 esse
3223 3356 3276 3398 et
3306 3359 3554 3398 normam
3585 3343 3727 3396 diri-

2146 3434 2471 3489 mendarum
2501 3435 3020 3500 controversiarum,
3053 3451 3155 3488 nec
3183 3436 3332 3489 verbi
3353 3434 3545 3497 divini,
3576 3434 3730 3503 quod

2145 3525 2214 3580 ab
2246 3526 2510 3595 apostolis
2573 3527 2694 3579 viva
2735 3542 2870 3581 voce
2917 3527 3271 3596 praedicatum
3321 3533 3435 3579 tota
3481 3524 3732 3581 Ecclesia

2145 3618 2404 3681 custodit,
2427 3618 2731 3674 habendam
2753 3633 2874 3674 esse
2890 3618 3197 3673 rationem?

2215 3751 2351 3807 Cum
2409 3760 2552 3806 vetat
2591 3751 2826 3807 Basilius
2871 3768 2938 3808 ne
2965 3751 3097 3821 quid
3145 3752 3375 3806 addatur
3424 3751 3733 3821 Scriptura:

2147 3851 2239 3896 aut
2284 3843 2608 3897 detrahatur
2634 3884 2648 3908 ,
2693 3858 3034 3913 nequaquam
3070 3844 3314 3898 excludit
3348 3843 3730 3901 traditionem.

2147 3934 2314 3989 Docet
2342 3936 2486 3989 enim
2520 3934 2630 4006 (l6)
2664 3935 2970 3988 adhibenda
2997 3950 3121 3990 esse
3157 3936 3211 3989 in
3242 3935 3560 3990 refellendis
3616 3935 3736 3991 hae-

2147 4026 2334 4081 reticis
2359 4042 2423 4080 ea
2454 4028 2674 4080 nomina
2705 4037 2759 4081 ct
2810 4027 2997 4089 verba,
3041 4043 3157 4096 qua:
3187 4029 3314 4096 ipsis
3347 4027 3559 4097 quidem
3586 4028 3739 4082 litte-

2149 4116 2223 4168 ris
2248 4124 2297 4168 et
2319 4115 2538 4185 syllabis
2580 4117 2635 4170 in
2683 4115 2962 4186 Scriptura
3017 4115 3196 4170 divina
3238 4135 3341 4171 non
3372 4120 3734 4187 reperiuntur,

2149 4206 2239 4261 sed
2271 4217 2442 4260 tamen
2469 4224 2585 4261 eam
2629 4225 2788 4277 quam
2824 4208 3038 4276 pra'fert
3086 4209 3369 4275 Scriptura
3406 4211 3737 4262 sententiam

2149 4308 2376 4353 servant.
2420 4299 2551 4364 Qua:
2602 4315 2719 4352 vero
2764 4308 2953 4368 prwter
2995 4299 3242 4352 dictionis
3291 4301 3578 4353 novitatem
3630 4317 3740 4355 no-

2152 4408 2272 4446 vum
2317 4392 2476 4445 etiam
2525 4408 2733 4445 sensum
2793 4403 2841 4446 et
2866 4395 3195 4461 peregrinum
3244 4393 3394 4446 nobis
3442 4394 3738 4455 exhibent.

2081 4494 2129 4553 ι)
2152 4498 2365 4552 qumque
2399 4497 2503 4534 non
2557 4483 2893 4536 inveniuntur
2919 4491 3176 4550 usurpata
3217 4500 3252 4536 a
3288 4485 3512 4546 sanctis,
3541 4500 3603 4538 ea
3657 4484 3746 4537 uti

2154 4573 2425 4641 peregrina
2461 4581 2511 4625 et
2562 4589 2595 4625 a
2634 4574 2721 4640 pia
2745 4573 2847 4641 ﬁde
2894 4574 3073 4627 aliena
3105 4574 3348 4630 aversari
3380 4589 3440 4628 se
3465 4575 3742 4630 declarat.

2154 4661 2518 4717 Traditionem
2543 4679 2674 4732 ergo
2702 4663 2932 4720 Basilius
2954 4681 3062 4719 non
3079 4665 3339 4721 dissociat
3367 4680 3397 4718 a
3423 4667 3752 4735 Scriptura,

2157 4752 2255 4808 sed
2287 4769 2411 4822 qua:
2428 4751 2726 4808 traditione
2763 4755 3036 4820 nituntur,
3079 4765 3134 4811 et
3167 4771 3198 4809 a
3233 4757 3442 4811 sanctis
3471 4767 3751 4826 usurpata

2154 4851 2302 4905 sunt,
2337 4859 2401 4898 ea
2432 4854 2592 4914 negat
2634 4847 2919 4915 peregrina
2964 4857 3018 4901 et
3045 4863 3073 4900 a
3111 4847 3217 4902 lide
3257 4847 3460 4910 aliena,
3517 4848 3752 4902 etiamsi

2154 4934 2478 4988 nominatim
2513 4951 2622 4988 non
2676 4936 2925 5005 legantur
2964 4937 3020 4991 in
3056 4937 3379 5006 Scripturis.
3408 4937 3547 4992 Hinc
3572 4941 3630 4994 in
3665 4950 3755 4994 te—

2157 5025 2436 5089 stimonio,
2491 5027 2634 5096 quod
2669 5027 3050 5099 depromptum
3103 5038 3190 5085 est
3219 5046 3286 5086 ex
3322 5047 3436 5100 reg.
3464 5047 3605 5087 mor.
3648 5033 3753 5100 80,

2156 5116 2381 5171 verbum
2414 5115 2681 5182 divinum,
2712 5119 2827 5172 sive
2859 5120 3124 5189 scriptum
3173 5123 3266 5185 sit,
3297 5123 3412 5178 sive
3439 5138 3577 5178 voce
3605 5138 3756 5193 prae-

2155 5207 2415 5273 dicatum,
2447 5209 2596 5263 nullo
2620 5210 2781 5300 habet
2803 5211 3137 5267 discrimine.
3167 5213 3370 5271 Probat
3396 5215 3567 5282 enim,
3587 5216 3733 5286 quid

2228 5513 2338 5583 (14)
2369 5513 2487 5567 Lio.
2525 5511 2601 5583 De
2639 5510 2805 5580 Spir.,
2843 5527 2962 5583 cap.
3002 5515 3055 5578 1,
3089 5531 3142 5568 n.
3179 5516 3236 5571 5.

2253 5583 2338 5650 15)
2380 5583 2512 5652 Beg.
2544 5582 2693 5652 brev.
2725 5583 2776 5645 1,
2801 5582 2999 5652 p.364.

2254 5654 2336 5723 16)
2376 5651 2529 5706 Tom.
2556 5651 2621 5718 ll,
2654 5667 2776 5723 pag.
2805 5651 2908 5705 224
2947 5662 2997 5708 et
3022 5653 3148 5708 2'25.
