3900 6212
224 355 295 411 49
1651 323 2043 392 PBA'ZFA'I‘IO.1
3401 317 3478 371 50

223 469 354 544 quid
409 479 568 522 extra
613 465 954 536 Scripturam
1005 471 1090 518 est
1122 470 1407 532 peceatum
1456 474 1616 523 esse,
1673 451 1801 526 quia
1831 453 1878 510 Α
1905 447 2204 519 Gregorius
2260 438 2719 498 Neocaesariensis
2762 445 2889 491 ante
2931 443 3174 490 exortam
3225 433 3474 488 haeresim

224 568 514 634 peccatum
555 567 640 614 est
670 554 933 626 quidquid
963 569 1070 607 non
1101 561 1274 606 estex
1308 551 1430 612 ﬁde,
1460 548 1592 603 ﬁdes
1621 556 1800 601 autem

222 670 286 711 es
309 653 525 713 auditu,
556 650 710 704 verbi
739 648 987 702 videlicet
1005 644 1196 709 divini,
1226 644 1340 699 sive
1359 641 1658 711 prmdicati,
1690 639 1804 693 sive

227 745 446 812 scripti.
522 742 584 796 In
639 741 781 794 libro
849 737 1093 794 secundo
1170 736 1420 788 adversus
1485 731 1803 784 Eunomium

225 838 304 907 (p.
333 835 465 900 245)
498 834 640 886 idem
671 838 1000 901 praeceptum
1028 826 1291 886 inculcat,
1325 839 1393 877 ne
1417 822 1547 892 quid
1574 820 1805 874 addatur

231 936 328 982 aut
379 926 701 981 detrahatur
751 923 821 978 iis
876 937 996 991 quae
1043 935 1073 973 a
1132 916 1340 986 Spiritu
1381 921 1572 969 sancto
1603 910 1802 965 tradita

225 1028 352 1075 sunt
381 1038 396 1083 ;
429 1033 494 1072 ac
550 1016 867 1070 nominatim
909 1014 1205 1083 Scriptura:
1247 1019 1301 1066 et
1347 1009 1656 1064 traditionis
1690 1020 1804 1058 me-

225 1113 413 1166 minit.
458 1109 688 1164 Proinde
742 1117 964 1176 oportet,
1019 1105 1400 1173 inquit,eum,
1449 1103 1541 1172 qui
1599 1098 1803 1155 Christi

223 1202 484 1266 iudicium
538 1201 601 1253 ob
652 1199 831 1252 oculos
877 1196 1052 1260 habet,
1087 1197 1326 1264 novitque
1353 1210 1512 1263 quam
1545 1191 1805 1251 periculo-

222 1309 341 1347 sum
377 1293 448 1346 sit
497 1289 766 1360 quidpiam
798 1288 1135 1351 subtrahere,
1170 1299 1261 1340 aut
1314 1287 1512 1340 addere
1571 1284 1657 1349 iis,
1688 1297 1804 1353 qua:

223 1403 256 1437 ιι
289 1384 495 1451 Spiritu
523 1382 726 1435 tradita
751 1391 892 1444 sunt,
918 1397 1021 1434 non
1054 1379 1238 1434 conari
1259 1377 1543 1448 quidquam
1572 1392 1604 1428 a
1635 1375 1804 1442 seipso

220 1479 498 1540 innovare,
546 1474 634 1526 sed
665 1473 719 1524 in
766 1471 832 1525 iis
862 1487 977 1541 quin
1013 1474 1172 1537 prius
1218 1486 1250 1522 a
1311 1468 1510 1521 sanctis
1557 1464 1806 1518 nuntiata

221 1576 367 1630 sunt,
432 1566 776 1634 acquiescere.
835 1561 991 1627 Quod
1022 1563 1185 1631 igitur
1231 1576 1320 1613 nec
1349 1557 1638 1611 communis
1678 1571 1803 1608 con-

219 1656 469 1719 suetudo,
507 1671 597 1707 nec
621 1651 1018 1719 Scripturarum
1057 1665 1185 1703 usus
1218 1646 1432 1700 admisit
1461 1643 1553 1698 :id
1589 1641 1802 1706 audere,

212 1761 396 1801 nonne
433 1722 656 1800 sumina:
687 1743 960 1796 dementia?
985 1742 1104 1795 est?

294 1835 515 1904 Magna:
555 1833 902 1902 indiligentiae
955 1831 1202 1899 arguitur
1229 1826 1506 1882 Scultelus
1556 1841 1620 1880 ex
1646 1824 1802 1878 testi-

217 1929 434 1991 monio,
487 1927 630 1997 quod
666 1943 696 1980 e
746 1941 860 1993 reg.
908 1924 932 1976 l
967 1924 1118 1977 brev.
1169 1921 1492 1990 desumpsit.
1527 1919 1625 1974 His
1657 1919 1803 1973 enim

220 2022 411 2076 verbis
435 2060 449 2081 ,
486 2036 603 2088 qua:
630 2018 846 2072 silentio
872 2015 1228 2084 pra’termissa
1259 2023 1404 2074 sunt,
1448 2015 1564 2066 "non
1610 2025 1672 2065 ea
1717 2010 1805 2063 in-

222 2110 425 2179 telligit
449 2108 708 2170 Basilius,
741 2107 809 2160 de
840 2105 1040 2175 quibus
1095 2103 1230 2157 nihil
1266 2104 1320 2156 in
1360 2101 1644 2170 Scriptura
1670 2101 1805 2169 legi-

224 2209 339 2266 tur,
390 2201 484 2256 sed
527 2201 594 2255 de
632 2201 830 2269 quibus
882 2197 1018 2252 nihil
1061 2196 1381 2251 nominatim
1437 2195 1808 2265 praescribitur

223 2301 322 2347 aut
375 2300 635 2346 vetatur:
686 2292 878 2364 quales
927 2296 1086 2344 erant
1131 2289 1238 2344 cibi
1271 2287 1581 2341 simulacris
1611 2287 1806 2340 immo-

225 2385 344 2438 lati.
394 2383 689 2452 Perspicua
733 2398 825 2438 res
873 2389 959 2436 est
989 2395 1056 2436 ex
1085 2379 1268 2435 verbis
1297 2378 1485 2444 Pauli,
1522 2392 1642 2447 quae
1673 2375 1807 2430 citat

223 2473 484 2530 Basilius.

295 2583 364 2639 ν.
405 2583 524 2638 Non
584 2581 943 2637 omittendum
998 2589 1083 2636 est
1130 2580 1275 2634 aliud
1311 2577 1683 2634 testimonium
1739 2577 1808 2631 ab

223 2676 420 2732 eodem
466 2674 712 2729 Sculteto
760 2674 1032 2742 obiectum
1063 2714 1077 2738 ,
1135 2688 1202 2728 ex
1249 2672 1434 2742 regula
1476 2671 1670 2725 morali
1717 2669 1806 2735 72,

224 2781 346 2834 cap.
381 2765 435 2826 1,
467 2765 557 2818 ubi
594 2765 708 2818 htec
737 2766 1033 2834 leguntur:
1077 2762 1229 2828 Quod
1277 2761 1499 2815 debeant
1536 2759 1806 2814 auditores

222 2855 314 2924 qui
343 2855 400 2907 in
433 2853 723 2920 Scripturis
770 2852 968 2906 eruditi
1010 2861 1155 2915 sunt,
1189 2851 1469 2920 explorare
1498 2867 1560 2904 ac
1585 2849 1808 2920 probare

222 2961 290 3000 ea
313 2961 433 3012 quis
474 2962 507 2997 a
534 2945 803 3012 magistris
830 2945 1108 2997 dicuntur:
1131 2954 1180 2998 et
1207 2960 1324 3014 qua:
1339 2942 1547 3014 quidem
1579 2959 1808 2996 consona

226 3047 355 3092 sunt
391 3035 680 3103 Scripturis
723 3037 1018 3103 suscipere;
1047 3053 1163 3106 quce
1208 3052 1326 3088 vero
1355 3035 1550 3099 aliena,
1571 3034 1805 3102 rejicere,

221 3145 418 3198 eosque
452 3131 542 3196 qui
579 3129 635 3180 in
662 3128 924 3196 ejusmodi
967 3128 1230 3182 doctrinis
1273 3139 1628 3196 perseverant,
1661 3127 1808 3181 vehe-

223 3218 458 3270 mentius
483 3218 739 3270 aversari.

294 3329 421 3381 Non
443 3328 761 3396 imprudens
795 3326 1072 3382 Scultetus
1106 3325 1223 3381 [nec
1251 3328 1416 3382 verba
1437 3329 1696 3392 resecuit,
1721 3330 1812 3400 qui

223 3417 282 3470 in
311 3417 608 3483 Scripturis
651 3415 849 3470 eruditi
895 3426 1038 3479 sunt,
1065 3411 1190 3480 τοὺς
1221 3417 1687 3488 πεπαιδευμένους
1710 3417 1810 3480 τὰς

225 3509 474 3580 Γραφάς.
527 3509 604 3563 Ex
634 3508 718 3563 his
747 3508 894 3561 enim
933 3508 1219 3563 manifesta
1243 3511 1527 3565 conclusio
1547 3518 1629 3565 est
1658 3509 1812 3564 Scri-

227 3608 450 3670 pturam
483 3615 592 3654 non
623 3603 879 3656 omnibus
933 3602 1184 3670 proponi,
1231 3609 1290 3654 ut
1318 3602 1542 3655 unicam
1567 3601 1688 3656 ﬁdei
1721 3617 1810 3656 re-

224 3693 435 3762 gulam,
472 3707 574 3746 nec
595 3694 853 3748 omnibus
881 3694 1088 3747 claram
1118 3701 1174 3746 et
1207 3694 1551 3762 perspicuam
1583 3708 1704 3748 esse
1753 3693 1811 3747 in

226 3784 296 3838 iis
345 3799 472 3853 qua:
513 3787 578 3837 ad
615 3785 773 3839 [idem
819 3785 1115 3854 pertinent.
1166 3783 1304 3839 Hinc
1355 3785 1588 3840 Basilius
1627 3786 1680 3839 in
1713 3800 1809 3839 ca-

229 3874 341 3943 pite
362 3875 614 3943 sequenti
645 3877 733 3941 iis,
763 3877 853 3944 qui
874 3893 977 3929 non
1012 3875 1238 3928 multum
1278 3877 1332 3928 in
1374 3876 1666 3944 Scripturis
1694 3893 1811 3930 verr

227 3965 337 4016 sati
369 3973 519 4028 sunt,
556 3966 800 4034 praecipit
832 3975 889 4018 ut
930 3966 1101 4021 bonos
1155 3979 1220 4020 ac
1267 3966 1440 4020 malos
1487 3975 1734 4034 pastores
1780 3982 1811 4020 a

229 4055 507 4110 fructibus
538 4071 729 4110 eorum
755 4058 1097 4128 dignoscant.
1139 4059 1278 4125 Quin
1315 4060 1478 4113 etiam
1507 4076 1574 4114 ne
1621 4059 1813 4130 primis

230 4147 457 4216 quidem
485 4149 757 4210 concedit,
787 4159 846 4202 ut
871 4148 1214 4220 Scripturam
1252 4152 1483 4205 arbitrio
1511 4166 1611 4206 suo
1643 4152 1815 4205 inter-

229 4244 540 4306 pretentur,
563 4246 618 4291 et
644 4246 804 4306 prout
823 4241 1056 4310 quisque
1093 4241 1197 4295 sibi
1227 4242 1501 4296 videbitur
1539 4257 1568 4295 a
1601 4241 1812 4312 Spiritu

231 4335 430 4381 sancto
459 4328 708 4384 edoctus.
757 4329 862 4385 Sed
899 4346 1018 4385 eam
1063 4332 1363 4401 Scriptum
1406 4334 1812 4404 interpretatio-

1902 542 2160 594 Arianam
2189 544 2302 592 tota
2322 533 2565 590 Ecclesia
2590 531 2852 602 probante
2881 534 2934 584 et
2966 525 3321 596 applaudente
3340 540 3476 595 prae-

1902 629 2202 684 dicaverat.

1971 738 2296 810 Suppeditat
2351 733 2508 790 nobis
2535 729 2780 786 Ecclesia
2827 723 3286 783 Neoczesariensis
3314 738 3477 794 argu-

1900 839 2081 886 menta
2110 828 2355 898 quacdam
2379 867 2392 890 ,
2430 839 2551 893 quae
2587 822 2682 875 hic
2715 819 2968 874 videntur
3012 830 3122 871 non
3153 815 3473 869 omittenda.

1907 921 2224 983 Musonius,
2280 919 2372 988 qui
2431 917 2571 969 banc
2608 913 2904 967 Ecclesiam
2959 909 3101 964 rexit
3145 906 3478 963 dilﬁcillimis

1910 1012 2272 1084 temporibus,
2309 1009 2391 1064 sic
2421 1006 2632 1060 solebat
2671 1004 2984 1061 admonere,
3016 1015 3140 1054 cum
3180 997 3479 1052 conciona-

1904 1112 2084 1160 retur:
2117 1102 2304 1156 Cavete
2335 1113 2487 1150 canes
2533 1099 2641 1163 (ep.
2685 1093 2776 1156 28,
2813 1108 2867 1162 p.
2911 1090 3062 1156 l08),
3093 1098 3264 1142 cavete
3295 1103 3479 1156 opera-

1904 1196 2010 1249 rios
2064 1192 2252 1246 malos.
2304 1185 2589 1252 Quomodo
2622 1194 2801 1237 autem
2853 1182 2953 1235 bos
2999 1193 3164 1233 canes
3195 1179 3413 1232 arcebat
3447 1193 3479 1232 a

1904 1283 2104 1356 grege?
2137 1281 2269 1334 Erat
2321 1279 2414 1332 ille
2454 1277 2534 1332 vir
2566 1275 2815 1330 novitatis
2867 1272 3111 1325 inimicus
3135 1309 3151 1334 ,
3206 1269 3480 1324 ostendens

1907 1376 1984 1447 (p.
2025 1375 2147 1446 106)
2189 1375 2242 1426 in
2266 1373 2436 1441 seipso
2467 1370 2693 1438 priscam
2721 1365 2971 1418 Ecclesiae
3002 1363 3262 1431 speciem,
3293 1360 3363 1414 ad
3395 1377 3480 1414 ve-

1906 1477 2064 1519 terem
2092 1474 2312 1525 statum,
2333 1460 2495 1514 veluti
2517 1457 2585 1510 ad
2624 1471 2834 1511 sacram
2864 1451 3148 1524 quamdam
3176 1451 3478 1520 imaginem,

1906 1556 2160 1610 Ecclesia:
2188 1554 2289 1608 sibi
2319 1551 2615 1606 commissa:
2640 1547 2865 1617 formam
2889 1545 3124 1614 eﬁingens
3149 1581 3164 1605 ,
3205 1543 3280 1595 ita
3307 1552 3364 1593 ut
3389 1542 3482 1611 qui

1905 1665 2022 1702 cum
2051 1663 2110 1702 eo
2140 1647 2400 1707 vixerunt,
2442 1659 2549 1696 una
2578 1657 2696 1695 cum
2732 1639 2798 1692 iis
2831 1638 2920 1708 qui
2953 1645 3072 1689 ante
3097 1635 3346 1686 ducentos
3379 1649 3482 1685 an-

1905 1755 2000 1794 nos
2041 1748 2091 1794 et
2138 1738 2366 1806 amplius
2419 1733 2762 1788 luminarium
2812 1730 2982 1782 instar
3031 1724 3479 1796 resplenduerant,

1906 1828 2100 1882 vixisse
2127 1827 2227 1881 sibi
2260 1825 2558 1879 videantur.
2609 1821 2751 1873 Adeo
2782 1819 2914 1872 nihil
2943 1817 3006 1871 de
3033 1833 3128 1870 suo
3149 1858 3162 1882 ,
3193 1830 3284 1869 nec
3312 1814 3482 1868 ullum

1906 1919 2212 1974 recentioris
2262 1915 2454 1969 mentis
2499 1917 2763 1966 inventum
2804 1910 2882 1963 vir
2911 1907 3002 1962 ille
3045 1905 3313 1974 promebat
3344 1920 3362 1958 :
3392 1904 3482 1960 sed

1906 2013 2198 2068 secundum
2223 2011 2424 2081 Moysis
2468 2007 2877 2062 benedictionem
2904 2003 3136 2072 proferre
3168 2007 3378 2055 noverat
3418 2014 3484 2053 ea:

1907 2105 2082 2160 cordis
2134 2105 2217 2158 sui
2267 2102 2478 2156 arcanis
2501 2139 2517 2164 ,
2553 2099 2700 2151 bonis
2747 2095 2946 2149 scilicet
2978 2093 3237 2147 thesauris
3260 2131 3274 2156 ,
3311 2101 3484 2145 vetera

1907 2207 2135 2252 veterum
2157 2238 2172 2261 ,
2210 2205 2258 2250 et
2295 2203 2468 2250 vetera
2500 2201 2620 2245 ante
2649 2189 2839 2259 faciem
2859 2201 3130 2241 novorum.

1978 2289 2196 2374 Quanta
2223 2305 2387 2360 fuerit
2411 2302 2537 2357 talis
2567 2297 2928 2356 institutionis
2958 2294 3187 2357 utilitas,
3225 2291 3351 2345 inde
3385 2289 3482 2344 de-

1906 2408 2180 2457 monstrat
2200 2397 2438 2454 Basilius
2469 2394 2547 2465 (p.
2577 2391 2700 2461 107)
2727 2433 2741 2457 ,
2772 2387 2918 2460 quod
2949 2388 3051 2443 soli
3079 2383 3485 2440 Neocaesarien-

1907 2509 1996 2550 ses
2028 2533 2044 2559 ,
2106 2493 2189 2547 vel
2241 2498 2391 2546 certe
2439 2503 2567 2542 cum
2623 2484 2812 2556 paucis
2868 2481 3159 2536 admodum
3219 2478 3276 2530 in
3329 2483 3484 2529 tanta

1905 2597 2088 2636 rerum
2125 2585 2455 2649 tempestate
2515 2589 2579 2629 ac
2629 2573 2865 2644 procella
2912 2567 3265 2638 tranquillam
3314 2566 3482 2620 vitam
3520 2623 3522 2625 ,

1906 2671 2160 2727 Musonio
2190 2669 2533 2741 gubernante
2564 2664 2797 2734 egerint.
2833 2661 2954 2716 Non
2993 2661 3138 2715 enim
3175 2673 3271 2713 eos
3305 2656 3486 2726 attigit

1911 2771 2192 2818 ventorum
2241 2759 2621 2814 haereticorum
2675 2761 2878 2816 aestus,
2927 2750 3335 2807 submersioncs
3381 2747 3486 2800 im-

1907 2864 2133 2923 portans
2166 2859 2222 2905 et
2254 2847 2540 2917 naufragia
2570 2843 2857 2898 animabus
2895 2840 3052 2895 facile
3078 2836 3455 2898 mutabilibus.

1980 2965 2215 3023 Musonii
2253 2962 2369 3021 sedi
2398 2959 2660 3014 Atarbius
2681 2998 2695 3022 ,
2733 2970 2839 3010 non
2885 2953 3010 3009 ﬁdei
3041 2967 3104 3006 ac
3135 2951 3322 3004 virtuti
3356 2963 3488 3004 suc-

1911 3059 2113 3123 cessit;
2162 3068 2398 3123 cumque
2461 3049 2716 3105 haeresim
2749 3046 2965 3100 Arianae
3010 3044 3340 3098 contrariam
3388 3055 3486 3094 co-

1910 3156 2136 3205 naretur
2185 3145 2447 3200 inducere
2483 3185 2498 3208 ,
2575 3141 2806 3194 Basilius
2859 3139 2914 3192 in
2972 3143 3122 3189 tanta
3177 3135 3487 3187 animarum

1908 3240 2151 3314 pernicie
2187 3238 2353 3292 silere
2383 3251 2490 3289 non
2529 3233 2742 3304 potuit,
2773 3247 2836 3286 ac
2862 3227 3336 3284 Neocaesarienses
3367 3225 3490 3294 plu-

1907 3332 2063 3385 ribus
2091 3328 2289 3383 litteris
2321 3325 2627 3385 admonuit,
2663 3331 2722 3375 ut
2744 3321 2814 3374 ab
2837 3319 2944 3372 hoc
2974 3317 3079 3372 sibi
3107 3315 3370 3384 magistro
3391 3328 3488 3367 ca-

1907 3428 2116 3477 verent.
2145 3419 2236 3472 Sic
2256 3433 2351 3472 eos
2370 3415 2661 3486 compellat
2679 3413 2730 3466 in
2753 3411 2914 3481 epist.
2933 3408 3068 3462 210:
3097 3404 3250 3459 Fidei
3269 3404 3488 3468 eversio,

1908 3513 2087 3582 inquit
2119 3512 2196 3580 (η.
2228 3511 2294 3575 5,
2337 3525 2389 3579 p.
2420 3507 2545 3574 5H)
2572 3547 2586 3570 ,
2622 3502 2760 3572 apud
2793 3519 2876 3554 vos
2916 3497 3245 3567 excogitatur
3274 3495 3491 3550 inimica

1908 3602 2214 3671 apostolicis
2267 3609 2316 3653 et
2363 3595 2676 3666 euangelicis
2713 3590 2972 3645 doctrinis
3001 3628 3014 3649 ,
3047 3587 3267 3642 inimica
3315 3583 3489 3637 tradi—

1911 3695 2041 3748 tioni
2072 3691 2309 3762 Gregorii
2343 3705 2458 3744 vere
2498 3685 2712 3756 magni,
2744 3691 2795 3737 et
2839 3697 3019 3736 eorum
3042 3721 3060 3746 ,
3086 3679 3175 3748 qui
3202 3679 3251 3730 ei
3282 3690 3493 3730 succes-

1909 3794 2088 3840 serunt
2133 3799 2294 3852 usque
2323 3780 2391 3833 ad
2436 3779 2643 3833 beatum
2678 3773 2979 3828 Musonium
3003 3811 3018 3833 ,
3074 3769 3224 3837 cujus
3255 3767 3489 3837 profecto

1909 3878 2225 3930 documenta
2270 3874 2556 3927 etiamnum
2606 3869 2660 3922 in
2714 3866 2899 3920 vestris
2952 3861 3168 3916 auribus
3218 3867 3488 3913 resonant.

1915 3967 2060 4022 Nam
2119 3965 2342 4022 Sabellii
2372 3963 2596 4024 malum,
2651 3959 2776 4012 olim
2829 3956 3038 4027 quidem
3085 3961 3365 4013 exortum,
3401 3950 3491 4004 sed

1914 4058 2194 4113 traditione
2220 4057 2396 4127 magni
2423 4055 2569 4108 illius
2594 4052 2692 4104 viri
2719 4049 3057 4106 exstinctum,
3077 4053 3334 4097 conantur
3355 4057 3493 4095 nunc

1911 4148 2001 4202 isti
2026 4162 2294 4211 renovare,
2322 4145 2411 4214 qui
2437 4143 2564 4195 dum
2592 4141 2772 4193 timent
2797 4151 2857 4189 ne
2879 4144 3189 4204 arguantur,
3209 4131 3415 4186 somnia
3438 4131 3492 4184 in

1914 4256 2010 4293 nos
2037 4239 2263 4308 ﬁngunt.

2607 4339 2637 4411 §
2671 4338 2786 4394 vn.

231 4435 362 4474 nem
389 4420 705 4519 .mleliigit’-
726 4438 846 4492 qua:
900 4424 1162 4519 E0616“?
1206 4426 1532 4481 auctoritate
1575 4436 1628 4481 et
1679 4441 1812 4519 09‘“
1841 4440 1888 4497 D
1914 4456 1956 4512 l.
1982 4455 2040 4512 S.
2072 4454 2303 4509 Basilius
2335 4451 2593 4519 conceptis
2621 4448 2788 4503 verbis
2822 4444 3270 4519 docet_Christum
3307 4441 3494 4519 adesse

229 4511 402 4566 stanti
436 4514 739 4570 traditionis
782 4530 1055 4570 consensu
1100 4517 1312 4572 nititur.
1366 4519 1488 4588 lpse
1515 4519 1659 4572 enim
1703 4517 1813 4589 (ep.

229 4604 362 4666 204,
396 4621 452 4658 n.
487 4603 540 4676 6)
582 4606 684 4661 hac
711 4609 1055 4676 potissimum
1117 4609 1202 4662 via
1250 4610 1480 4664 Arianas
1546 4611 1814 4666 novitates

231 4697 554 4752 evitaverat.
589 4695 750 4763 Nam,
780 4715 904 4752 cum
938 4699 1166 4755 edoctus
1208 4699 1402 4755 fuisset
1427 4701 1494 4754 ab
1522 4702 1643 4755 avia
1699 4702 1808 4756 Ma-

231 4790 411 4849 crina.
456 4805 576 4858 quae
623 4792 670 4845 ei
703 4791 951 4846 tradebat
1000 4794 1300 4848 beatissimi
1333 4792 1578 4863 Gregorii
1628 4795 1812 4860 verba,

230 4894 581 4949 qumcunqne
620 4881 684 4934 ad
720 4882 891 4950 ipsam
941 4883 1218 4937 memoria:
1253 4883 1664 4938 continuatione
1699 4899 1816 4939 ser-

229 4977 358 5023 vata
419 4979 814 5039 pervenerant;
860 4981 1148 5040 postquam
1206 4987 1237 5025 e
1273 4973 1452 5042 patria
1497 4973 1551 5025 in
1603 4983 1819 5028 exteras

228 5058 550 5130 provincias
581 5057 855 5126 profectus
889 5066 973 5113 est
999 5101 1013 5125 ,
1046 5059 1092 5112 si
1124 5074 1263 5128 quos
1293 5060 1601 5115 inveniebat
1622 5077 1818 5116 secun-

229 5151 364 5204 dum
397 5149 658 5202 traditam
688 5140 913 5219 pietatis
950 5150 1193 5221 regulam
1240 5151 1605 5218 ambulantes,
1636 5169 1730 5208 eos
1763 5163 1817 5208 ct

231 5249 453 5312 patrum
505 5241 624 5295 loco
674 5241 928 5307 habebat,
969 5251 1022 5296 et
1050 5243 1246 5297 animae
1283 5259 1395 5298 sua:
1421 5244 1593 5300 duces
1623 5260 1817 5315 seque-

227 5331 419 5387 batur.
473 5327 565 5386 Sic
617 5332 897 5385 veritatem
947 5332 1017 5386 ab
1047 5331 1264 5394 haeresi,
1318 5340 1568 5400 pastores
1613 5350 1643 5387 a
1672 5335 1816 5403 lupis

226 5425 617 5494 dignoscebat,
675 5439 786 5478 non
850 5425 1088 5494 propriis
1126 5427 1244 5480 suis
1290 5422 1586 5495 Scriptura:
1619 5427 1816 5482 studiis

229 5513 544 5578 innitendo,
602 5513 699 5569 sed
753 5529 816 5570 ea
864 5524 1181 5571 constanter
1233 5517 1537 5582 retinendo,
1585 5533 1705 5587 qua:
1755 5516 1812 5571 S.

309 5697 353 5729 "
377 5695 572 5752 Matth.
611 5713 758 5764 xxvr,
795 5698 886 5766 2b;
918 5696 1084 5756 Marc.
1126 5716 1239 5766 xw,
1276 5699 1364 5768 22;
1399 5699 1528 5758 Luc.
1571 5718 1700 5767 XXII,
1747 5702 1831 5767 19;
1867 5701 1882 5754 I
1919 5702 2045 5755 (lor.
2080 5715 2154 5758 XI,
2183 5696 2271 5751 24.

1987 4535 2294 4596 praesentem
2348 4524 2400 4576 in
2441 4513 2785 4596 eucharistia.
2851 4519 2914 4571 ll.
2963 4516 3194 4596 Requirit
3234 4525 3289 4566 ut
3333 4513 3489 4576 illud,

1995 4587 2142 4648 illoc
2170 4605 2246 4648 est
2277 4608 2466 4659 corpus
2502 4607 2673 4643 meum
2697 4589 2740 4619 ¹³
2767 4628 2780 4651 ,
2814 4606 2833 4639 ι
2877 4603 2980 4640 non
3010 4587 3180 4659 minus
3211 4592 3490 4659 certae“-

1985 4667 2174 4719 damus
2203 4652 2536 4725 quam'illud,
2573 4679 2591 4710 ι
2633 4658 2854 4712 Verbum
2880 4673 3003 4709 caro
3033 4657 3233 4724 factum
3266 4663 3343 4706 est
3464 4671 3483 4702 ο

1989 4736 2073 4790 Ill.
2103 4721 2335 4803 Insignis
2369 4721 2583 4803 locus'a
2614 4729 2846 4803 Sculteto
2898 4721 3213 4803 deprauatus
3257 4721 3490 4803 explica-

1990 4789 2096 4860 tur.
2148 4789 2247 4856 ινῖ
2272 4801 2464 4856 Basilii
2495 4799 2752 4854 sententia
2787 4789 3136 4865 conﬁrmatur
3164 4808 3228 4847 ea:
3253 4789 3491 4860 precibus

1991 4875 2242 4944 liturgiw.

1985 4967 2027 5020 l.
2081 4965 2208 5019 Sive
2257 4962 2460 5018 Basilio
2513 4958 2862 5015 ascribantur
2917 4954 3043 5008 libri
3081 4953 3160 5006 De
3197 4951 3486 5020 baptismo,

1916 5049 2033 5114 sive
2060 5073 2205 5120 non,
2243 5063 2392 5108 certe
2435 5051 2540 5107 sub
2567 5051 2686 5120 ejus
2719 5047 2940 5102 nomine
2972 5045 3130 5100 citari
3171 5059 3235 5097 ac
3279 5041 3492 5096 laudari

1917 5156 2168 5223 possunt,
2195 5161 2320 5201 cum
2353 5146 2450 5199 toti
2484 5160 2548 5198 ex
2581 5143 2701 5211 ejus
2735 5139 3021 5195 sententiis
3046 5154 3110 5192 ac
3132 5136 3314 5191 verbis
3342 5149 3494 5186 com-

1917 5243 2083 5313 positi
2115 5241 2245 5296 sint.
2281 5236 2338 5290 In
2379 5237 2522 5290 libro
2557 5231 2800 5289 secundo
2833 5231 3119 5301 quaeritur,
3151 5243 3273 5297 cap.
3304 5226 3371 5279 2:
3406 5226 3491 5278 An

1918 5337 1963 5389 is
1989 5334 2078 5405 qui
2123 5331 2184 5386 ob
2229 5345 2446 5399 pravam
2478 5323 2851 5380 conscientiam
2881 5361 2898 5382 ,
2937 5331 3028 5374 aut
3071 5317 3488 5376 immunditiam,

1920 5434 2011 5477 aut
2041 5423 2492 5492 inquinamentum
2519 5431 2682 5484 purus
2714 5412 2870 5467 corde
2899 5429 3001 5466 non
3045 5420 3154 5475 est,
3194 5410 3328 5462 citra
3355 5409 3493 5476 peri-

1921 5514 2095 5567 culum
2133 5510 2296 5578 possit
2352 5508 2674 5576 sacriﬁcare.
2725 5503 3022 5572 Quwstioni
3061 5503 3354 5574 apponitur
3407 5516 3492 5554 re-

2354 5695 2394 5726 ”
2429 5691 2584 5746 Joan.
2626 5709 2662 5754 ι,
2708 5691 2787 5744 Μ.
