3900 6212
465 337 526 391 51
1851 333 2024 388 ΡΒᾹὶΙ

2133 332 2240 389 HO.
3641 338 3716 392 5‘2

463 468 725 524 sponsum
747 493 761 517 ,
798 453 961 508 ducta
995 452 1407 522 comparatione
1441 467 1504 508 ex
1555 451 1641 507 his
1693 467 1814 522 quae
1847 451 1902 506 in
1945 466 2024 507 sa-

2141 448 2663 522 πεπληροφορησοαι
2699 447 2806 506 πᾶν
2845 447 2996 518 ῥῆμα
3039 445 3174 500 Θεοῦ
3216 446 3411 517 ἀληθὲς
3444 442 3579 506 εἶναι
3613 452 3719 504 καὶ

459 545 778 602 cerdotibus
832 545 1032 601 veteris
1095 545 1229 616 legis
1284 545 1722 615 requirebantur.
1779 543 1916 598 Tum
1964 543 2032 598 de

460 637 843 694 sacerdotibus
889 651 1040 692 novae
1073 637 1208 707 legis
1257 636 1338 692 sic
1380 639 1671 692 statuitur:
1731 637 1788 690 '0
1829 635 1886 688 δὲ
1920 636 2032 688 Κύ-

461 747 578 801 ριος
627 729 821 798 λέγων,
847 727 1055 790 Μεῖζον
1085 728 1191 783 τοῦ
1222 727 1382 797 ἱεροῦ
1416 722 1532 782 ὦδε
1554 767 1570 792 ,
1610 727 1850 781 παιδεύει
1881 729 2032 797 ἡμᾶς

457 822 540 874 ὅτι
566 819 819 875 τοσοῦτον
847 820 1204 891 ἀσεϐέστερός
1236 821 1383 873 ἐστιν
1417 819 1446 874 ὁ
1477 819 1689 890 τολμῶν
1730 819 2030 890 ἱερατεύειν

455 911 522 966 τὸ
549 911 707 982 σῶμα
739 909 832 964 τοῦ
885 909 1089 983 Κυρίου
1116 909 1212 963 τοῦ
1246 909 1425 973 δόντος
1466 910 1656 962 ἑαυτὸν
1694 909 1835 980 ὑπὲρ
1874 909 2030 982 ἡμῶν

456 999 774 1072 προσφορὰν
809 1001 902 1063 καὶ
941 999 1130 1053 θυσίαν
1170 997 1248 1070 τῷ
1289 997 1410 1068 Θεῷ
1439 1000 1520 1061 είς
1564 997 1741 1068 ὀσμὴν
1779 997 2025 1060 εὐωδίας,

457 1093 581 1154 ὅσον
615 1093 676 1145 τὸ
707 1091 866 1160 σῶμα
905 1091 1000 1145 τοῦ
1042 1090 1360 1159 μονογενοῦς
1404 1089 1534 1143 Υίοῦ
1570 1089 1664 1160 τοῦ
1699 1088 1833 1142 Θεοῦ
1870 1089 2030 1160 ὑπερ-

455 1179 568 1247 έχει
591 1176 759 1249 κριῶν
803 1176 897 1230 καὶ
922 1175 1167 1245 ταύρωντ
1217 1176 1316 1239 ούκ
1349 1176 1415 1228 ἐκ
1447 1174 1815 1246 συγκρίσεως,
1855 1173 2028 1241 ἀσύγ-

455 1285 639 1340 κριτος
673 1267 782 1339 γὰρ
831 1269 863 1338 ἡ
917 1268 1180 1338 ὑπεροχή·
1224 1267 1478 1330 Dominus
1506 1275 1679 1325 autem
1707 1283 1824 1319 cum
1864 1267 2027 1319 dicit:

461 1359 707 1427 «Templa
736 1358 912 1427 majus
936 1358 1020 1411 hic
1055 1368 1131 1411 est
1156 1358 1254 1419 η.»
1280 1374 1373 1412 nos
1395 1357 1542 1412 docet
1574 1366 1721 1412 tanto
1739 1358 1904 1425 magis
1929 1358 2030 1410 im-

453 1453 598 1521 pium
624 1468 735 1506 esse
761 1467 912 1515 eum,
944 1451 1033 1520 qui
1066 1449 1222 1504 audet
1256 1450 1560 1517 sacriﬁcare
1596 1465 1784 1518 corpus
1813 1447 2028 1508 Domini

451 1543 544 1613 qui
569 1541 713 1596 dedit
759 1555 853 1609 pro
895 1541 1046 1594 nobis
1093 1541 1324 1608 seipsum
1361 1539 1468 1594 Deo
1499 1539 1815 1603 oblationem
1844 1548 1892 1602 et
1929 1539 2025 1591 Ito-

451 1634 613 1687 stiam
651 1633 704 1686 in
739 1631 951 1686 odorem
982 1632 1260 1684 suavitatis
1298 1631 1362 1694 ’⁸,
1392 1640 1590 1700 quanto
1620 1646 1807 1699 corpus
1840 1631 2026 1699 unige-

453 1725 552 1788 niti
583 1722 716 1778 Filii
746 1723 840 1778 Dei
879 1723 1214 1786 excellentius
1267 1731 1346 1777 est
1404 1721 1658 1778 arietibus
1708 1738 1771 1774 ac
1813 1721 2022 1774 tauris:

2138 543 2363 596 δυνατὸν
2384 582 2399 606 ,
2430 541 2533 594 κᾶν
2567 543 2599 610 ή
2631 539 2791 609 φύσις
2825 539 3060 610 μάχηται
3083 555 3098 569 ο
3131 538 3362 592 ἐνταῦθα
3391 539 3500 610 γὰρ
3539 541 3634 594 καὶ
3677 542 3717 596 ὁ

2138 633 2286 702 ἀγὼν
2337 634 2435 702 τῆς
2489 631 2744 694 πίστεωςο
2799 629 2951 696 Quod
2991 646 3094 683 non
3126 639 3325 697 oportet
3356 630 3614 700 ambigere
3655 641 3716 686 et

2136 727 2386 781 dubitare
2425 725 2487 780 de
2509 726 2577 789 iis
2607 740 2723 795 qua:
2745 742 2778 778 a
2807 723 3032 778 Domino
3054 722 3343 782 dicuntur:
3371 723 3460 778 sed
3487 740 3713 792 persua-

2136 820 2249 872 deri
2277 833 2429 871 omne
2460 817 2554 870 Dei
2599 815 2806 875 verbum
2853 831 3028 868 verum
3057 830 3169 868 esse
3197 830 3258 867 ac
3289 815 3535 882 possibile
3558 855 3573 880 ,
3605 816 3713 872 etsi

2137 919 2338 964 natura
2369 918 2618 978 repugnat
2645 924 2664 971 ;
2697 907 2780 962 hic
2801 908 2939 960 enim
2971 907 3132 970 situm
3159 917 3237 962 est
3269 907 3392 977 ﬁdei
3418 915 3707 963 certamen.

2135 1000 2218 1054 Ad
2267 1000 2408 1053 hanc
2439 999 2682 1068 regulam
2721 997 3182 1067 comprobandam
3230 997 3370 1057 inter
3400 997 3505 1050 alia
3537 997 3712 1059 refert

2133 1092 2301 1146 illud:
2339 1089 2642 1156 Litigabant
2678 1107 2800 1161 ergo
2831 1087 3011 1150 Juda'i
3051 1088 3116 1150 ad
3149 1090 3367 1153 invicem
3394 1130 3409 1156 ,
3439 1089 3711 1150 dicentes:

2138 1181 2418 1249 Quomodo
2454 1181 2537 1235 hic
2592 1191 2759 1250 potest
2797 1181 2945 1235 nobis
2983 1179 3112 1237 dare
3141 1197 3350 1235 carnem
3383 1181 3452 1234 ad
3479 1181 3712 1240 mandu-

2134 1273 2415 1328 candum!
2461 1271 2612 1325 Dixit
2665 1288 2785 1341 ergo
2827 1272 2936 1326 eis:
2971 1271 3136 1326 Amen
3191 1289 3341 1326 amen
3373 1273 3490 1326 dico
3528 1274 3709 1327 vobis:

2136 1363 2262 1419 Nisi
2283 1363 2722 1418 manducaveritis
2741 1379 2953 1416 carnem
2977 1361 3109 1415 Filii
3133 1363 3382 1426 hominis,
3399 1373 3447 1418 et
3471 1363 3710 1426 biberitis

2134 1455 2249 1525 ejus
2279 1455 2585 1524 sanguinem
2607 1492 2622 1517 ,
2659 1470 2762 1507 non
2794 1451 2996 1506 habetis
3026 1454 3186 1506 vitam
3221 1455 3276 1507 in
3302 1455 3443 1510 vobis
3466 1455 3527 1510 ¹⁹.

2207 1546 2462 1602 Pluribus
2509 1547 2561 1600 in
2607 1546 2742 1601 locis
2786 1553 3080 1616 pertractat
3112 1545 3347 1602 Basilius
3379 1547 3448 1601 de
3501 1548 3710 1617 Optima

2134 1639 2576 1696 communicandi
2614 1641 2858 1704 ratione,
2891 1652 3054 1707 quam
3102 1639 3158 1691 in
3203 1653 3270 1693 eo
3311 1639 3545 1708 positam
3579 1655 3710 1700 esse

2134 1731 2293 1786 docet
2315 1769 2329 1793 ,
2355 1740 2415 1784 ut
2440 1744 2563 1784 cum
2599 1737 2753 1785 certo
2782 1730 3070 1785 credamus
3103 1729 3385 1784 Christum
3419 1745 3518 1800 pro
3543 1730 3709 1792 nobis

450 1815 592 1886 quod
624 1817 823 1874 dictum
851 1817 920 1876 sit
953 1817 1067 1870 sine
1111 1816 1506 1883 comparatione
1531 1852 1547 1877 ,
1589 1811 2025 1882 incomparabilis
2059 1811 2100 1865 Β
2133 1820 2453 1875 cruciﬁxum
2503 1835 2626 1875 esse
2662 1858 2677 1881 ,
2720 1819 2950 1890 ejusque
3001 1835 3220 1874 carnem
3269 1829 3323 1874 et
3382 1820 3705 1888 Sanguinem

450 1909 590 1966 enim
621 1919 700 1962 est
743 1908 1070 1962 excellentia.
1117 1906 1206 1962 Sic
1253 1908 1416 1962 etiam
1452 1907 1506 1961 in
1550 1907 1726 1976 capite
1764 1904 1928 1960 tertio
1956 1920 2021 1958 ex

452 2015 613 2071 paena
649 2001 717 2056 iis
762 2001 818 2054 in
875 2001 993 2070 lege
1043 1999 1295 2069 imposita
1325 2037 1341 2060 ,
1386 1998 1480 2069 qui
1529 2006 1719 2052 sancta
1759 1995 2023 2050 immundi

452 2101 675 2165 tangere
695 2093 989 2158 audebant,
1023 2093 1458 2153 demonstratur,
1491 2099 1756 2161 quantum
1789 2088 1862 2144 sit
1900 2104 2022 2144 sce—

451 2183 538 2238 lus
591 2197 823 2251 corpore
880 2180 1094 2236 Domini
1168 2180 1390 2249 indigne
1442 2179 1638 2242 vesci:
1706 2176 1857 2248 Ὂσῳ
1914 2176 2024 2255 γὰρ

449 2272 632 2340 πλεῖον
674 2271 768 2325 τοῦ
805 2271 951 2342 ίεροῦ
996 2264 1122 2338 ὧδε,
1159 2270 1300 2324 κατὰ
1330 2269 1430 2340 τὴν
1459 2269 1552 2322 τοῦ
1579 2268 1783 2339 Κυρίου
1817 2267 2022 2337 φωνὴν,

448 2363 687 2434 τοσούτῳ
714 2363 1016 2436 δεινότερον
1041 2363 1135 2428 καὶ
1159 2346 1530 2434 φοϐερώτερον
1567 2361 1627 2424 τὸ
1672 2362 1730 2422 ὲν
1765 2359 2024 2430 μολυσμῷ

447 2457 628 2530 ψυχῆς
654 2458 925 2530 τολμῆσαι
958 2457 1199 2526 ᾇψασθαι
1226 2441 1318 2510 τού
1350 2459 1602 2526 σώματος
1634 2452 1727 2507 τοῦ
1763 2437 2020 2524 Χριστοῦ,

449 2549 602 2619 παρὰ
633 2549 694 2602 τὸ
725 2549 965 2618 ἅψασθαι
1007 2548 1177 2620 κριῶν
1213 2548 1246 2617 ἢ
1275 2546 1490 2616 ταύρων
1510 2586 1524 2610 ,
1551 2544 1644 2598 τοῦ
1700 2544 2023 2596 Ἀποστόλου

449 2641 727 2706 εἰπόντος·
764 2643 941 2695 Ὥστε
971 2641 1038 2707 ὃς
1071 2639 1149 2694 ἂν
1170 2641 1368 2708 ἐσθίῃ,
1425 2648 1530 2694 etc.
1572 2656 1584 2691 :
1628 2638 1836 2704 Quanto
1884 2637 2022 2696 enim

446 2733 566 2800 plus
616 2733 808 2802 templo
857 2733 968 2786 illic
1009 2742 1116 2794 est,
1155 2733 1320 2801 juxta
1356 2730 1569 2784 Domini
1614 2746 1819 2790 vocem.
1873 2738 2022 2782 tanto

447 2826 660 2896 gravius
681 2835 759 2878 est
793 2835 841 2878 et
871 2823 1263 2894 formidabilius
1302 2823 1357 2876 in
1403 2824 1596 2876 animae
1628 2822 2022 2892 inquinamento

448 2915 643 2984 audere
694 2924 903 2984 tangere
953 2928 1140 2982 corpus
1199 2912 1436 2977 Christi,
1496 2928 1648 2983 quam
1695 2912 1882 2965 arietes
1929 2918 2021 2963 aut

451 3017 631 3074 tauros
689 3015 952 3075 tangere;
1011 3021 1127 3057 cum
1186 3004 1468 3072 Apostolus
1527 3003 1710 3064 dicat,
1777 3020 1794 3052 ι
1834 3000 2022 3070 Itaque

447 3101 738 3171 quicunque
770 3096 1166 3151 manducauerit
1199 3097 1264 3157 ⁸⁷,
1291 3115 1309 3147 ι
1362 3104 1469 3151 etc.
1512 3094 1657 3148 Nihil
1689 3109 1820 3150 sane
1858 3095 1910 3147 in
1936 3095 2021 3148 bis

446 3197 626 3259 exstat
647 3188 998 3248 testimoniis.
1027 3187 1172 3258 quod
1206 3186 1352 3241 eludi
1375 3187 1459 3243 vel
1484 3185 1795 3254 detorqueri
1828 3185 2018 3256 possit.

449 3278 810 3346 Sacrilicatur
858 3287 912 3344 et
959 3288 1317 3345 consecratur
1347 3293 1547 3346 corpus
1572 3276 1774 3331 Christi
1808 3295 1822 3327 :
1866 3275 2024 3330 Chri-

446 3378 567 3426 stus
607 3384 848 3440 prtesens
894 3369 1049 3437 adest
1079 3369 1132 3422 in
1180 3368 1373 3434 altari,
1415 3360 1680 3436 (Templa
1729 3367 1903 3435 major
1940 3366 2024 3417 hic

445 3471 544 3530 est.
580 3480 598 3511 ι
650 3459 785 3515 Illud
823 3459 1121 3514 discrimen
1172 3460 1432 3513 statuitur
1478 3459 1622 3512 inter
1675 3461 1914 3525 antiquae
1969 3464 2024 3511 et

448 3542 601 3619 novae
637 3551 770 3620 legis
807 3550 1101 3614 sacrificia.
1131 3549 1277 3618 quod
1309 3549 1364 3602 in
1390 3549 1582 3626 primis
1613 3549 1768 3617 vituli
1795 3555 1850 3602 et
1881 3547 2023 3602 tauri

448 3643 616 3712 occisi
655 3641 889 3711 fuerint,
914 3641 967 3708 in
1007 3643 1221 3695 nostris.
1239 3655 1442 3708 corpus
1471 3638 1674 3692 Christi
1714 3639 2018 3693 oll‘eratur:

447 3736 746 3805 discrimen
773 3750 906 3790 sane
940 3732 1402 3799 conuuentitlum,
1431 3732 1477 3786 si
1511 3731 1840 3797 sacrificium
1872 3745 2024 3784 novae

446 3824 581 3896 legis
627 3840 828 3894 corpus
861 3824 1108 3879 absentis
1137 3821 1344 3886 Christi
1382 3829 1771 3902 repraesentet;
1823 3821 2024 3894 quippe

447 3931 572 3977 cum
626 3917 768 3971 idem
830 3915 1184 3986 praestiterint
1261 3914 1533 3968 sacriﬁcia
1594 3915 1794 3968 veteris
1851 3913 2020 3982 legis;

449 4008 612 4077 idque
640 4023 704 4063 eo
737 4009 918 4077 aptius
963 4015 1018 4062 et
1069 4005 1467 4077 signiﬁcantius
1495 4046 1510 4068 ,
1561 4020 1672 4075 quo
1704 4003 1883 4062 caedes
1923 4005 2023 4070 ali-

446 4099 607 4167 cujus
639 4099 894 4165 animalis
921 4099 1100 4168 aptior
1133 4098 1200 4152 ad
1224 4105 1458 4152 mortem
1483 4086 1688 4150 Christi
1723 4111 2025 4166 repraesen-

445 4187 691 4255 tandam,
728 4204 891 4258 quam
925 4203 1010 4244 res
1046 4189 1321 4249 inanium.
1356 4188 1514 4258 panis
1549 4197 1604 4242 et
1633 4189 1842 4256 vinum,

519 4319 716 4374 Eadem
751 4319 1024 4374 sententia
1073 4322 1428 4388 paucioribus
1454 4321 1637 4377 verbis
1667 4322 1924 4377 statuitur
1966 4321 2022 4376 in

446 4409 660 4483 [tegulis
694 4411 1040 4480 brevioribus.
1079 4409 1139 4466 Si
1171 4413 1285 4483 quis
1332 4423 1505 4466 autem
1530 4456 1545 4479 ,
1578 4415 1755 4485 inquit
1788 4413 2023 4480 Basilius

447 4505 708 4572 interrog.
734 4505 873 4570 509,
911 4521 1031 4564 cum
1080 4505 1134 4558 in
1171 4505 1511 4570 immunditia
1553 4508 1660 4570 sit,
1711 4507 1924 4560 accedat
1953 4505 2022 4558 ad
2056 4513 2098 4566 ι)

441 4604 664 4658 sancta;
697 4596 859 4650 etiam
899 4611 964 4650 ex
1005 4595 1176 4652 Veteri
1217 4595 1550 4650 Testamento
1601 4599 1834 4652 terribile
1880 4599 2024 4652 illius

441 4685 697 4752 discimus
726 4687 1012 4755 judicium.
1045 4687 1198 4752 Quod
1244 4689 1290 4750 si
1336 4689 1564 4757 amplius
1596 4689 1782 4757 templo
1811 4689 1893 4742 hic
1923 4699 2022 4752 est,

441 4789 537 4844 nos
573 4776 750 4841 utique
786 4776 941 4830 modo
976 4779 1142 4848 magis
1171 4777 1518 4856 formidanda
1567 4779 1769 4846 docebit
1794 4781 2025 4849 Aposto-

441 4862 549 4928 lus,
578 4868 669 4935 qui
693 4867 832 4921 dixit
857 4885 874 4922 :
921 4887 940 4919 ι
963 4869 1068 4935 Qui
1098 4870 1391 4924 manducat
1421 4881 1471 4924 et
1509 4870 1639 4925 bibit
1665 4872 1906 4943 indigne,
1931 4873 2026 4942 ju-

441 4956 636 5020 dicium
664 4959 768 5014 sibi
793 4961 1078 5020 manducat
1106 4972 1157 5015 et
1183 4962 1312 5020 bibit
1347 4963 1408 5016 ίξ.
1436 4981 1455 5015 s
1790 4950 1792 4952 I

517 5096 580 5148 II.
612 5095 850 5152 Basilius
879 5090 1024 5164 inter
1052 5116 1138 5161 ea,
1163 5114 1284 5170 qua:
1309 5107 1461 5155 certo
1486 5101 1708 5169 credere
1731 5102 2018 5170 debemus,

440 5189 657 5250 etiamsi
705 5199 972 5269 repugnet
1023 5177 1264 5259 natura,
1311 5195 1707 5264 eucharistiam
1748 5209 2020 5267 numerat.

442 5278 596 5334 lianc
648 5281 792 5335 enitn
853 5283 909 5336 in
956 5283 1243 5347 Moralium
1295 5287 1436 5341 libro
1480 5287 1746 5346 habemus
1778 5291 2022 5362 regulam

441 5375 579 5445 (reg.
611 5375 665 5441 8,
697 5391 752 5444 p.
785 5375 1077 5445 240):"Ott
1106 5379 1166 5430 ού
1197 5377 1278 5432 δεῖ
1305 5379 1700 5454 διακρίνεσθαι,
1723 5381 1817 5435 καὶ
1843 5381 2024 5436 διστά-

2131 1907 2293 1969 nobis
2327 1909 2526 1977 apponi
2552 1949 2568 1974 ,
2612 1908 2713 1962 hac
2749 1909 2898 1964 illius
2927 1908 3202 1978 passionis
3229 1909 3608 1963 recordatione
3633 1909 3707 1967 ad

2130 2014 2254 2053 eum
2307 1999 2598 2053 amandum
2652 2000 3036 2054 accendamur.
3091 1998 3183 2054 Sic
3224 2000 3280 2053 in
3337 2000 3522 2070 regula
3577 2000 3708 2055 bre-

2133 2096 2282 2145 viore
2318 2090 2421 2149 172
2455 2091 2570 2148 haec
2612 2091 2921 2148 instituitur
2955 2093 3185 2162 quaestio
3209 2132 3224 2156 ,
3261 2092 3495 2162 Ποταπῷ
3529 2093 3706 2164 φόϐῳ,

2130 2187 2163 2256 ἢ
2200 2187 2328 2258 ποίᾳ
2373 2187 2747 2260 πληροφορίᾳ,
2785 2188 2818 2260 ἢ
2863 2188 2994 2260 ποίᾳ
3031 2189 3268 2243 διαοέσει
3309 2190 3710 2262 μεταλάϐωμεν

2128 2278 2222 2332 τοῦ
2271 2277 2520 2349 σώματος
2559 2281 2654 2333 καὶ
2687 2280 2778 2332 τοῦ
2824 2282 3054 2352 αἵματος
3091 2280 3184 2334 τοῦ
3233 2281 3470 2352 Χριστοῦ
3500 2298 3514 2346 ;
3540 2281 3710 2348 Quali

2129 2385 2248 2429 cum
2301 2371 2522 2435 timore,
2575 2380 2670 2428 aut
2716 2388 2820 2442 quq
2857 2374 3025 2434 animi
3063 2374 3434 2442 persuasione,
3480 2383 3572 2427 aut
3599 2391 3708 2443 quo

2130 2460 2324 2527 affectu
2353 2461 2635 2529 participes
2679 2463 2847 2516 simus
2880 2464 3114 2530 corporis
3147 2472 3196 2516 et
3234 2463 3509 2533 sanguinis
3540 2461 3708 2517 Chri-

2129 2552 2240 2605 sti?
2270 2551 2608 2621 Argumento
2635 2560 2719 2607 est
2753 2553 3020 2622 ejusmodi
3053 2554 3410 2624 interrogatio
3445 2569 3707 2624 magnum

2128 2642 2346 2711 aliquod
2393 2642 2478 2716 agi
2520 2645 2844 2714 mysterium
2874 2684 2889 2708 ,
2925 2645 3072 2719 quod
3124 2654 3414 2700 tremorem
3460 2644 3710 2699 incutere

2128 2731 2342 2800 debeat,
2378 2747 2740 2804 magnamque
2775 2733 2933 2789 (idem
2966 2750 3030 2789 ac
3059 2735 3404 2793 sanctitatem
3435 2735 3702 2804 postulet.

2197 2863 2612 2936 Interrogationi
2677 2867 2793 2921 haec
2846 2866 3137 2936 subjicitur
3191 2867 3535 2936 responsio:
3598 2868 3709 2920 Τὸν

2130 2957 2227 3026 μὲν
2272 2957 2434 3024 φόϐον
2465 2958 2702 3012 διδάσκει
2747 2959 2894 3028 ἡμᾶς
2940 2960 2968 3011 ὁ
3001 2957 3318 3020 Ἀπόστολος
3342 2997 3358 3020 ,
3399 2957 3596 3025 λέγων·
3637 2957 3707 3012 '0

2123 3048 2343 3101 ἐσθίων
2369 3048 2468 3104 καὶ
2487 3049 2678 3102 πίνων
2698 3049 2957 3114 ἀναξίως
2977 3050 3154 3118 κρῖμα
3174 3049 3364 3115 ἐαυτῷ
3389 3050 3572 3103 ἐσθίει
3601 3049 3707 3102 καὶ

2049 3163 2092 3221 C
2126 3139 2313 3192 πίνει·
2357 3139 2456 3212 τὴν
2505 3139 2560 3191 δὲ
2613 3139 2984 3212 πληροφορίαν
3019 3143 3236 3212 ἐμποιεῖ
3280 3144 3312 3211 ἡ
3363 3141 3546 3204 πίστις
3590 3140 3708 3192 τῶν

2126 3231 2384 3300 ῥημάτων
2414 3230 2508 3284 τοῦ
2537 3232 2740 3301 Κυρίου
2768 3232 3031 3296 εἰπόντος·
3074 3232 3253 3286 Τοῦτο
3280 3233 3410 3286 ἐστι
3441 3232 3506 3285 τὸ
3531 3230 3708 3300 σῶμά

2119 3341 2260 3391 μου,
2305 3322 2370 3380 τὸ
2410 3325 2562 3392 ὑπὲρ
2592 3323 2758 3392 ὑμῶν
2791 3323 3123 3393 διδόμενον-ο
3156 3325 3333 3378 τοῦτο
3367 3324 3582 3378 ποιεῖτε
3614 3326 3706 3389 εις

2124 3415 2239 3483 τὴν
2255 3416 2410 3484 ἐμὴν
2435 3416 2799 3486 ἀνάμνησιν,
2831 3426 2938 3474 etc.
2968 3438 2980 3472 :
3014 3418 3276 3474 Timorem
3311 3419 3516 3488 quidem
3553 3416 3707 3474 docet

2128 3523 2221 3562 nos
2271 3507 2556 3576 Apostolus
2582 3547 2596 3571 ,
2633 3525 2752 3562 cum
2805 3509 2918 3562 ait:
2971 3527 2990 3560 ι
3017 3510 3122 3576 Qui
3161 3510 3448 3565 manducat
3487 3519 3537 3565 et
3571 3509 3704 3566 bibit

2125 3598 2333 3668 indigne
2353 3639 2366 3658 .
2399 3599 2663 3667 judicium
2695 3601 2796 3654 sibi
2827 3601 3113 3664 manducat
3143 3612 3192 3656 et
3234 3603 3360 3656 bibit
3388 3603 3434 3647 '."
3461 3619 3479 3656 :
3514 3621 3532 3654 ι
3581 3617 3704 3666 per-

2125 3691 2422 3754 suasionem
2457 3701 2630 3744 autem
2661 3691 2812 3762 eﬂicit
2857 3694 2986 3762 fides
3033 3693 3306 3751 verborum
3340 3693 3583 3758 Domini,
3612 3695 3708 3764 qui

2126 3783 2303 3836 dixit:
2339 3801 2358 3840 ς
2383 3783 2498 3837 Hoc
2548 3793 2624 3846 est
2666 3801 2854 3854 corpus
2906 3802 3078 3840 meum
3109 3789 3245 3856 quod
3278 3803 3374 3856 pro
3418 3787 3558 3842 vobis
3589 3797 3706 3842 tra-

2123 3871 2307 3926 ditur:
2351 3873 2448 3930 hoc
2481 3873 2642 3942 facite
2687 3875 2742 3937 in
2782 3891 2952 3933 meam
2995 3877 3544 3934 commemorationem
3577 3877 3646 3930 “.
3676 3897 3699 3927 ι

2126 3962 2262 4018 Item
2289 3980 2354 4018 ex
2379 3965 2484 4034 ﬁde
2523 3966 2816 4026 testimonii
2839 3965 3088 4033 Joannis,
3119 3969 3210 4035 qui
3234 3978 3524 4023 memorata
3551 3969 3704 4037 prius

2138 4056 2287 4110 Verbi
2309 4058 2510 4126 gloria,
2542 4057 2762 4126 posthac
2799 4056 3195 4116 lncarnationis
3225 4059 3439 4116 modum
3465 4060 3704 4126 induxit,

2123 4147 2203 4201 Itis
2244 4149 2444 4204 verbis:
2492 4167 2512 4201 ι
2552 4148 2776 4203 Verbum
2810 4167 2935 4204 caro
2959 4149 3163 4219 factum
3192 4161 3270 4204 est
3303 4153 3372 4218 “,
3406 4171 3423 4205 ι
3460 4161 3565 4205 etc.
3599 4149 3705 4203 lti-

2123 4239 2241 4298 dem
2265 4241 2518 4309 quoniam
2537 4241 2824 4309 Apostolus
2854 4241 3100 4309 scripsit:
3131 4259 3148 4292 ι
3175 4240 3422 4307 Quicum
3451 4239 3705 4309 informa

2124 4332 2224 4388 Dei
2253 4342 2388 4388 esset
2406 4333 2473 4399 ”,
2507 4352 2525 4386 ι
2556 4343 2664 4394 etc.

2199 4471 2370 4526 Nemo
2393 4481 2476 4527 est
2501 4511 2516 4536 ,
2554 4469 2648 4541 qui
2696 4469 2813 4524 haec
2847 4483 3029 4539 tegens
3060 4483 3167 4522 non
3199 4466 3358 4523 facile
3383 4465 3703 4543 perspiciat,

2130 4564 2184 4617 lt
2211 4563 2418 4618 Christi
2447 4563 2609 4618 verba
2629 4602 2644 4626 ,
2680 4561 2794 4615 Hoc
2828 4571 2902 4615 est
2933 4575 3122 4628 corpus
3159 4576 3363 4625 meum,
3394 4567 3456 4614 ut
3498 4560 3704 4618 [irruis-

2129 4656 2266 4711 sima
2323 4654 2427 4708 lide
2475 4654 2746 4709 credenda
2776 4691 2792 4716 ,
2850 4669 2881 4706 a
2925 4652 3127 4716 Basilio
3181 4652 3442 4722 proponi;
3495 4651 3552 4704 2°
3587 4666 3703 4706 non

2128 4747 2313 4800 minus
2342 4754 2492 4799 certo
2522 4743 2794 4798 credenda
2835 4758 2980 4805 esse,
3022 4757 3188 4810 quam
3212 4742 3495 4811 sequentia
3517 4779 3534 4804 ,
3573 4739 3704 4798 Ver.-

2127 4839 2250 4890 bum
2278 4852 2403 4890 caro
2443 4818 2649 4903 iactum
2697 4844 2809 4898 est,
2851 4841 2958 4888 etc.
3003 4833 3109 4899 Qui
3143 4849 3262 4901 cum
3303 4834 3359 4886 in
3399 4832 3574 4901 {arma
3609 4830 3706 4887 Dei

2127 4937 2291 4989 esset,
2331 4935 2440 4981 etc.
2472 4925 2714 4996 Utraque
2760 4925 2905 4980 enim
2944 4907 3258 4986 testimonia
3280 4963 3296 4987 ,
3333 4931 3449 4977 tum
3476 4937 3599 4992 quae
3632 4923 3704 4977 ad

2125 5005 2540 5082 eucharistiam,
2567 5025 2682 5070 tum
2707 5031 2829 5086 quae
2862 5014 2931 5069 ad
2965 5015 3393 5082 incarnationem
3429 5000 3702 5082 spectant,

2129 5113 2318 5166 eodem
2356 5125 2585 5180 prorsus
2624 5108 2786 5163 modo
2821 5113 3236 5189 pr0ponuntur,
3280 5113 3338 5166 ut
3367 5103 3548 5159 verbis
3577 5105 3706 5172 qui-

2126 5203 2248 5258 dem
2278 5203 2426 5257 clara
2448 5211 2503 5257 et
2527 5210 2714 5272 aperta
2735 5241 2751 5268 ,
2780 5199 2875 5254 sed
2912 5198 3157 5270 mysterii
3190 5197 3567 5268 magnitudine
3588 5195 3703 5252 dif-

2129 5294 2290 5348 ﬁcilia
2318 5312 2332 5348 :
2367 5293 2442 5347 ita
2482 5301 2541 5347 ut
2569 5291 2935 5363 explicatione
2965 5306 3076 5358 non
3107 5290 3384 5362 indigeant
3418 5289 3486 5342 ad
3519 5292 3702 5344 lucem

2125 5388 2311 5443 verbis
2370 5385 2699 5442 alTerendam
2733 5423 2750 5449 ,
2805 5385 2900 5443 sed
2957 5383 3060 5437 lide
3111 5383 3178 5437 ad
3232 5399 3322 5437 res
3372 5381 3702 5437 credendas.

441 5466 559 5548 ζειν
605 5465 699 5517 ἐπὶ
749 5468 865 5530 τοῖς
916 5467 1024 5521 ὑπὸ
1077 5467 1172 5532 τοῦ
1232 5459 1446 5541 Κυρίου
1486 5469 1837 5543 λεγομένοις,
1888 5471 2024 5526 ἀλλὰ

2133 5474 2570 5541 Necouisouam
2623 5481 2709 5530 est
2755 5472 3003 5546 profecto
3034 5515 3049 5539 ,
3097 5472 3233 5542 qui,
3289 5472 3336 5526 si
3385 5471 3559 5542 prima
3604 5485 3705 5524 co-

514 5622 559 5696 ν
593 5620 784 5696 Matth.
813 5638 908 5687 xu,
940 5623 994 5678 6.
1050 5625 1118 5696 7‘_‘
1151 5625 1348 5696 Ephes.
1377 5645 1428 5688 v,
1464 5628 1518 5682 2.
1599 5629 1639 5659 ⁸⁷
1672 5627 1691 5680 1
1723 5628 1852 5682 (ἔστι
1887 5645 1964 5694 ιι,
1995 5629 2024 5682 9

2168 5629 2211 5661 ¹⁸
2237 5629 2375 5689 ibid.
2415 5628 2505 5686 29.
2588 5631 2629 5664 "
2660 5628 2820 5690 Joan.
2861 5644 2935 5694 vt,
2973 5627 3061 5695 55,
3096 5625 3184 5682 54.

1212 5695 1433 5759 “Joan.
1476 5716 1512 5764 ι,
1548 5699 1632 5760 14.
1711 5701 1755 5744 ³³
1790 5699 2022 5776 Philipp.
2055 5715 2114 5769 ιι,
2153 5699 2205 5754 6.

443 5691 537 5764 27.
613 5695 653 5725 “
689 5693 822 5762 Luc.
863 5711 998 5758 mi.
1044 5694 1128 5761 l9.

3295 5627 3343 5657 ¹⁰
3378 5623 3398 5678 l
3450 5623 3580 5691 Cor,
3617 5638 3704 5689 xl.
