3900 6212
191 329 261 390 53
741 389 749 396 .
1567 349 1956 410 ramulo.
3403 351 3474 409 st

187 461 351 544 netur
397 454 663 520 eludere,
711 458 956 515 secunda
1002 476 1115 518 non
1159 465 1352 522 eodem
1395 470 1561 526 modo
1598 473 1791 543 prodat
1819 485 1865 541 Α
1894 491 2021 528 caro
2073 474 2276 544 factum
2327 483 2405 528 est
2447 473 2527 538 ”,
2577 477 2632 527 et
2671 469 2870 535 Pauli,
2915 470 3022 538 Qui
3061 487 3179 525 cum
3215 471 3474 540 informa

184 540 482 598 eludenda.

255 675 564 751 Postquam
609 681 847 741 Basilius
902 689 1157 758 exposuit
1203 705 1313 761 quo
1340 693 1540 750 timore
1594 703 1648 750 et
1677 712 1786 766 qua

188 772 362 826 animi
428 777 792 844 persuasione
844 781 1371 838 communicandum
1432 787 1552 850 sit,
1611 790 1788 844 tertiae

185 864 648 936 interrogationis
675 872 822 940 parti
848 911 863 936 ,
890 888 1002 944 quo
1048 873 1249 929 all‘ectu
1298 877 1672 934 accedendum
1716 886 1789 938 sit

185 957 254 1009 ad
289 957 397 1013 hoc
426 963 746 1032 mysterium
771 1003 786 1029 ,
837 965 920 1020 sic
963 967 1272 1024 satisfacit:
1314 968 1446 1023 Cum
1477 971 1787 1044 igitur_ani-

186 1063 306 1100 mus
356 1048 440 1103 his
491 1060 546 1103 et
597 1052 797 1108 talibus
837 1055 1010 1110 verbis
1062 1058 1223 1127 ﬁdem
1269 1060 1561 1129 adhibens,
1601 1063 1790 1132 gloria:

186 1138 530 1208 majestatem
562 1143 848 1211 didicerit,
900 1147 1325 1221 humilitatisque
1377 1162 1428 1207 et
1475 1153 1787 1209 obedientiie

185 1231 615 1300 magnitudinem
651 1235 956 1293 admiratus
989 1241 1192 1311 fuerit,
1228 1243 1370 1312 quod
1408 1245 1534 1299 talis
1568 1263 1632 1298 ac
1671 1254 1790 1299 tan-

188 1329 275 1376 ius
305 1325 378 1376 ad
407 1335 630 1381 mortem
659 1346 823 1396 usque
842 1330 1000 1386 Patri
1031 1332 1405 1404 obtemperavit
1437 1338 1558 1392 vita:
1587 1349 1788 1393 nostra:

185 1432 391 1481 causa,
440 1435 563 1473 eum
600 1423 840 1476 arbitror
885 1425 964 1478 ita
1013 1427 1187 1496 afﬁci,
1234 1437 1292 1481 ut
1333 1429 1496 1482 simul
1537 1427 1709 1484 Deum
1739 1441 1788 1486 et

188 1507 414 1564 Patrem
454 1511 685 1582 diligat,
721 1516 813 1584 qui
837 1520 1054 1585 proprio
1091 1517 1138 1572 F
1141 1519 1235 1574 ilio
1259 1538 1364 1575 non
1399 1524 1662 1591 pepercit,
1697 1525 1788 1577 sed

184 1615 281 1668 pro
310 1601 470 1655 nobis
510 1603 756 1659 omnibus
785 1607 1013 1661 tradidit
1037 1609 1213 1674 illum,
1261 1611 1425 1665 simul
1451 1612 1787 1682 unigenitum

185 1692 302 1761 ejus
340 1691 547 1746 Filium
572 1736 587 1759 ,
616 1699 704 1766 qui
736 1698 966 1752 obedivit
1005 1717 1170 1771 usque
1201 1701 1272 1755 ad
1312 1712 1534 1757 mortem
1565 1720 1661 1773 pro
1693 1722 1787 1758 nov

186 1793 308 1835 stra
335 1783 691 1852 redemptione
711 1797 761 1842 et
788 1789 984 1844 salute.
1021 1791 1183 1845 Addit
1230 1807 1356 1846 eum
1385 1833 1399 1858 ,
1436 1793 1531 1862 qui
1583 1795 1665 1849 sic
1702 1791 1785 1846 al-

186 1869 372 1929 fectus
407 1882 464 1929 et
515 1886 854 1946 praeparatus
899 1887 1025 1944 est,
1078 1881 1381 1951 adimplere
1413 1883 1550 1937 illud
1580 1883 1735 1938 Pauli
1768 1903 1783 1940 :

186 1960 444 2020 Charitas
476 1968 618 2021 enim
645 1967 849 2024 Christi
887 1981 1034 2042 urget
1066 1989 1160 2027 nos
1200 1973 1269 2040 “,
1311 1983 1422 2030 etc.
1465 1973 1558 2030 Sic
1605 1987 1786 2032 autem

189 2055 332 2110 allici
368 2067 425 2112 et
464 2061 760 2129 praeparari
808 2062 1011 2119 debere
1047 2064 1367 2132 concludit,
1403 2066 1660 2137 quisquis
1690 2082 1789 2137 pa-

189 2149 282 2205 nis
319 2157 378 2204 et
411 2153 591 2221 poculi
630 2153 687 2207 tit
711 2155 1006 2226 particeps.

265 2280 471 2339 Eadem
509 2284 764 2341 doctrina
807 2291 1071 2345 statuitur
1116 2289 1174 2346 in
1218 2291 1436 2362 Regalis
1471 2291 1785 2357 moralibus,

191 2381 251 2427 et
295 2375 352 2429 in
386 2375 571 2431 libr-0|
609 2377 684 2432 De
715 2377 1001 2448 baptismo.
1052 2382 1146 2436 Sic
1184 2384 1330 2438 enim
1375 2383 1431 2436 in
1468 2383 1654 2453 regula
1692 2381 1783 2444 21,

189 2480 314 2532 ωρ-
345 2466 382 2522 2
421 2469 571 2538 (tom.
610 2468 674 2535 ll,
713 2487 767 2542 p.
801 2471 953 2543 255).
983 2473 1246 2545 legimus:
1279 2474 1434 2541 Quod
1465 2475 1556 2545 qui
1585 2473 1786 2528 accedit

191 2558 264 2610 ad
314 2563 736 2616 communionem
791 2580 895 2619 non
946 2566 1284 2620 considerata
1323 2569 1422 2622 hac
1461 2569 1672 2620 ratione
1709 2583 1788 2621 se-

189 2649 426 2703 cundum
466 2668 628 2720 quam
659 2657 897 2724 corporis
933 2666 984 2711 et
1030 2659 1304 2728 sanguinis
1339 2658 1539 2712 Christi
1567 2659 1788 2726 partici-

188 2740 339 2806 patio
370 2741 537 2795 datur
561 2784 576 2805 ,
619 2745 666 2798 is
702 2745 908 2799 nullam
935 2762 1001 2801 ea:
1048 2764 1112 2801 ea
1156 2747 1446 2802 utilitatem
1476 2751 1694 2818 capiat:
1735 2759 1786 2803 et

188 2832 332 2899 quod
361 2833 452 2903 qui
476 2833 688 2904 indigne
709 2839 956 2902 assumit,
975 2840 1353 2894 condemnatus
1374 2844 1462 2895 sit.
1491 2841 1555 2896 Et
1579 2856 1698 2912 cap.
1717 2843 1783 2897 ὃς

190 2921 315 2987 Qua
372 2925 584 2979 ratione
636 2927 1068 2984 manducandum
1115 2933 1187 2985 sit
1227 2949 1416 3002 corpus
1471 2933 1688 2987 Domini
1737 2943 1786 2988 et

187 3016 416 3086 sanguis
465 3017 718 3074 bibendus
768 3021 825 3074 in
871 3024 1430 3078 commemorationem
1482 3024 1788 3079 obedientim

188 3109 419 3164 Domini
459 3128 622 3182 usque
652 3112 722 3166 ad
762 3125 984 3168 mortem
1007 3155 1023 3180 ,
1073 3125 1129 3169 ut
1159 3117 1249 3186 qui
1292 3118 1505 3180 vivunt,
1543 3135 1644 3171 non
1666 3118 1787 3187 jam

187 3201 295 3256 sibi
322 3204 527 3264 vivant,
554 3204 645 3257 sed
667 3206 716 3258 ei
752 3207 843 3276 qui
865 3223 960 3275 pro
982 3208 1112 3275 ipsis
1153 3219 1394 3263 mortuus
1425 3219 1579 3264 estet
1612 3226 1790 3264 resur-

189 3294 330 3346 rexit
356 3294 427 3349 ".
490 3292 756 3352 Similiter
795 3298 849 3351 in
885 3298 1028 3353 libro
1061 3314 1078 3353 ι
1120 3297 1197 3353 De
1231 3301 1530 3370 baptismo,
1570 3316 1692 3372 cap.
1735 3302 1790 3365 '5,

193 3392 491 3454 postquam
542 3387 730 3442 eadem
764 3387 1068 3458 Scriptura:
1103 3391 1417 3444 testimonia
1447 3392 1635 3446 retulit
1659 3431 1674 3453 ,
1727 3408 1792 3448 ac

193 3475 249 3528 in
300 3475 447 3530 libro
503 3475 814 3542 Moralium,
881 3495 1077 3550 nempe
1127 3499 1194 3536 ex
1242 3499 1365 3553 cap.
1411 3500 1460 3537 vr
1497 3486 1663 3553 (vers.
1701 3477 1791 3557 54)

190 3562 428 3621 Joannis
462 3585 477 3620 :
507 3566 713 3632 Amen,
754 3586 908 3624 amen
949 3571 1069 3625 dico
1118 3572 1261 3626 vobis
1283 3611 1299 3637 ,
1332 3570 1456 3626 Nisi
1505 3573 1792 3627 manduca-

192 3656 380 3708 veritis
413 3671 629 3709 carnem
653 3657 784 3710 Filii
804 3660 1033 3713 hominis
1057 3701 1073 3724 ,
1103 3669 1211 3716 etc.
1239 3699 1256 3724 ,
1290 3669 1347 3716 et
1376 3677 1441 3716 ex
1478 3661 1730 3718 Maltha-o
1746 3663 1792 3694 “

191 3755 248 3800 et
275 3745 453 3802 Paulo
478 3749 523 3778 ¹⁷
557 3748 962 3806 institutionem
994 3752 1347 3808 eucharistiae
1389 3755 1790 3820 referentibus;

193 3846 314 3892 tum
349 3855 486 3894 vero
516 3843 596 3896 sic
620 3843 935 3896 concludit:
966 3843 1107 3909 Quid
1132 3845 1295 3912 igitur
1323 3843 1573 3898 utilitatis
1601 3846 1794 3899 habent

197 3930 311 3982 lucc
351 3930 553 3984 verba?
586 3930 654 3984 Ut
685 3931 894 3988 edentes
932 3943 981 3988 et
1016 3934 1245 3989 bibentes
1266 3975 1282 4000 ,
1315 3950 1516 4002 semper
1543 3953 1793 3992 memores

197 4022 374 4075 simus
398 4021 539 4091 ejus,
571 4025 660 4093 qui
695 4041 790 4094 pro
817 4024 966 4079 nobis
1000 4035 1242 4080 mortuus
1273 4036 1351 4080 est
1381 4037 1429 4080 et
1468 4028 1794 4093 resurrexit;

197 4113 384 4180 sicque
431 4112 703 4169 discamus
757 4103 1055 4169 neceisario
1107 4131 1316 4170 servare
1362 4132 1544 4170 coram
1593 4117 1701 4172 Deo
1745 4127 1794 4172 et

197 4201 420 4257 Christo
468 4203 638 4272 ipsius
690 4205 948 4258 traditum
999 4209 1064 4259 ab
1118 4206 1374 4275 Apostolo
1429 4207 1665 4279 dogma,
1705 4211 1795 4280 qui

196 4294 372 4346 dicit:
410 4313 429 4345 ι
461 4293 714 4349 Charitas
755 4296 958 4352 Christi
987 4309 1130 4369 urget
1174 4315 1269 4352 nos
1292 4339 1307 4362 ,
1339 4299 1639 4368 iudicantes
1675 4301 1793 4364 hoc,

197 4385 368 4455 quod,
400 4387 449 4440 si
481 4402 615 4441 unus
642 4403 738 4456 pro
778 4389 1020 4444 omnibus
1049 4399 1289 4445 mortuus
1317 4401 1395 4446 est
1415 4431 1430 4455 ,
1461 4408 1583 4462 ergo
1615 4409 1794 4446 omnes

199 4479 406 4532 mortui
441 4489 602 4545 sunt,
650 4492 701 4536 et
747 4499 844 4550 pro
879 4482 1122 4538 omnibus
1170 4495 1410 4538 mortuus
1451 4493 1560 4549 est;
1606 4495 1664 4539 ut
1706 4487 1796 4557 qui

199 4573 384 4626 rit-unt
406 4613 423 4639 ,
457 4589 562 4627 non
592 4574 820 4642 amplius
854 4576 958 4630 sibi
989 4578 1185 4640 vivant,
1222 4575 1313 4630 sed
1339 4577 1387 4630 ei
1423 4578 1514 4646 qui
1548 4592 1644 4646 pro
1670 4578 1796 4646 ipsis

201 4672 448 4716 mortuus
476 4672 556 4717 est
582 4673 634 4719 et
662 4668 956 4720 resurrexit
983 4669 1050 4722 ’⁸.
1078 4687 1098 4720 ι
1141 4665 1290 4722 Nihil
1316 4669 1500 4723 verbis
1528 4684 1668 4739 opus
1690 4678 1796 4734 est,

199 4762 264 4806 ut
296 4753 353 4806 in
397 4753 486 4808 his
516 4754 653 4810 locis
681 4755 932 4811 eamdem
984 4772 1214 4826 prorsus
1253 4757 1582 4812 sententiam
1619 4771 1683 4812 ac
1740 4757 1795 4811 in

200 4842 420 4914 Regalis
478 4844 800 4902 brevioribus
860 4849 1123 4903 constitui
1164 4857 1370 4920 pateat.
1423 4851 1534 4908 Res
1585 4865 1682 4920 per
1737 4864 1798 4906 se

199 4935 354 4988 clara
390 4943 447 4990 et
496 4937 807 4992 manifesta.
840 4935 1315 5004 Quemadmodum
1354 4941 1501 4994 enim
1536 4941 1591 4994 in
1625 4940 1796 5010 Regu-

201 5026 268 5081 tis
302 5027 633 5082 brevioribus
663 5028 752 5083 hic
792 5029 960 5083 animi
983 5030 1211 5086 allectus
1243 5032 1307 5086 ad
1347 5031 1790 5089 communionem

200 5119 550 5190 requiritur,
582 5127 643 5173 ut
685 5135 754 5176 ex
799 5122 1160 5192 persuasione
1193 5164 1209 5189 ,
1256 5137 1420 5196 quam
1459 5123 1661 5180 animis
1696 5138 1797 5178 no-

198 5213 338 5268 stris
376 5212 544 5267 verba
578 5212 824 5276 Christi,
875 5213 990 5268 Hoc
1032 5223 1110 5269 est
1151 5231 1344 5284 corpus
1379 5232 1553 5269 meum
1581 5215 1660 5282 ",
1695 5215 1798 5269 im~

200 5301 448 5373 primere
498 5301 738 5367 debent,
778 5302 909 5358 item
938 5318 1004 5359 ex
1041 5304 1225 5370 verbis
1265 5303 1530 5370 Joannis,
1571 5303 1799 5360 Verbum

303 5485 354 5514 ’⁸
380 5481 424 5535 ll
454 5481 586 5537 Cor.
631 5500 684 5547 ν,
721 5484 810 5538 14.
915 5486 964 5517 ’⁵
987 5485 1119 5541 ibid.
1164 5485 1250 5539 15.

204 5553 248 5586 υ
281 5551 479 5607 Matth.
505 5569 654 5618 xm,
678 5554 770 5610 26.
849 5555 896 5587 ³⁸
921 5553 1078 5611 Joan.
1115 5573 1153 5620 ι,
1195 5558 1278 5613 14.
1360 5557 1398 5588 ³¹
1434 5556 1667 5630 Philipp.
1700 5574 1737 5622 ι,
1765 5557 1816 5612 6.

281 5712 423 5785 (16⁸)
458 5713 662 5772 Hedul.
701 5715 882 5783 theol.,
915 5726 1053 5788 part.
1091 5734 1165 5783 tv,
1193 5734 1244 5790 p.
1285 5718 1410 5775 229.

1365 5486 1412 5518 ³⁸
1447 5485 1638 5545 Matth.
1683 5501 1829 5550 xxvr,
1862 5485 1933 5539 26
1964 5500 2087 5554 sqq.

1801 601 1812 610 -
1891 567 1989 622 Dei
2021 577 2154 621 esset
2180 567 2248 631 “,
2279 574 2388 621 etc.
2414 603 2429 628 ,
2456 565 2525 619 ad
2551 579 2677 619 eum
2713 562 3033 628 amandum,
3059 564 3153 632 qui
3185 578 3285 633 pro
3316 563 3475 620 nobis

1891 667 2147 714 mortuus
2198 665 2318 722 est,
2355 657 2759 721 accendamur;
2793 656 2866 709 ita
2911 655 2967 710 in
3001 655 3154 710 libris
3183 653 3475 708 Moralium

1887 752 1944 804 et
2001 747 2077 801 De
2127 746 2389 816 baptismo
2446 744 2694 801 eamdem
2750 759 2980 815 prorsus
3033 745 3475 800 communicandi

1889 840 2032 895 ratio
2063 840 2119 894 in
2161 837 2748 896 commemorationem
2782 837 3058 893 passionis
3089 836 3303 892 Domini
3340 851 3477 907 prae-

1890 933 1938 989 ci
1947 934 2113 1004 pitur.

1962 1064 2307 1122 Perabsurde
2329 1079 2460 1136 ergo
2481 1062 2762 1118 Scultetus
2781 1062 2910 1131 (16')
2925 1077 3111 1119 secum
3132 1059 3310 1116 facere
3325 1068 3479 1130 putat

1891 1158 2025 1214 illud
2057 1158 2242 1214 Basilii
2271 1176 2284 1212 :
2315 1156 2457 1224 Quid
2474 1157 2636 1227 igitur
2661 1155 2912 1209 utilitatis
2942 1153 3133 1209 habent
3151 1153 3260 1208 hac
3279 1152 3433 1208 verba
3451 1155 3480 1212 τ

1898 1251 1967 1306 Ut
1994 1251 2202 1306 edentes
2245 1258 2293 1304 et
2337 1247 2565 1302 bibentes
2591 1286 2606 1310 ,
2639 1263 2840 1316 semper
2870 1262 3127 1300 memores
3151 1244 3263 1314 ejus
3285 1246 3476 1310 simus,

1891 1345 2001 1416 qui,
2031 1350 2139 1400 etc.
2165 1342 2324 1408 Nam,
2354 1341 2620 1397 l°Modus
2651 1341 2742 1396 ille
2768 1338 3214 1394 communicandi
3245 1339 3300 1392 in
3325 1353 3478 1393 com-

1894 1435 2352 1492 memorationem
2393 1433 2605 1487 Domini
2641 1431 2908 1503 repetitur
2933 1470 2948 1494 ,
2985 1437 3044 1484 ut
3067 1429 3178 1500 jam
3211 1429 3474 1494 diximus,

1890 1543 1958 1581 ex
2009 1525 2114 1582 [ide
2155 1533 2210 1581 et
2255 1525 2654 1595 persuasione,
2709 1539 2873 1594 quam
2920 1523 2974 1576 in
3021 1522 3221 1576 animis
3272 1522 3478 1578 nostris

1890 1616 2105 1672 efﬁcere
2165 1616 2370 1672 debent
2429 1616 2595 1670 verba
2647 1614 2906 1681 Christi,
2973 1611 3092 1669 Hoc
3153 1621 3230 1668 est
3289 1627 3477 1681 corpus

1891 1727 2064 1765 meum
2083 1751 2098 1775 ,
2128 1719 2183 1767 ct
2211 1711 2317 1765 alia
2345 1709 2660 1765 testimonia
2680 1750 2696 1776 ,
2725 1707 2927 1778 quibus
2955 1707 3078 1778 ejus
3112 1705 3373 1760 divinitas
3423 1712 3479 1760 et

1893 1803 2203 1858 incarnatio
2255 1816 2319 1856 ac
2371 1801 2556 1871 passio
2611 1801 2989 1855 continentur.
3053 1797 3112 1851 2°
3165 1795 3286 1852 Non
3344 1795 3478 1852 dicit

1891 1895 2372 1950 manducationem
2423 1893 2680 1964 corporis
2731 1890 2950 1946 Domini
3008 1897 3064 1946 et
3115 1896 3303 1960 potum
3355 1888 3478 1958 ojus

1889 1988 2178 2058 sanguinis
2250 1986 2308 2041 in
2370 1983 2898 2040 commemoratione
2962 1982 3137 2052 ipsius
3200 1979 3477 2050 passionis

1891 2081 2124 2150 positam
2162 2093 2322 2143 esse;
2364 2077 2460 2132 sed
2493 2076 2627 2131 illud
2672 2089 2878 2146 corpus
2919 2073 3000 2128 sic
3030 2071 3350 2126 manducari
3376 2111 3392 2136 ,
3422 2079 3478 2126 et

1889 2171 2214 2242 sanguinem
2248 2169 2328 2223 sic
2362 2168 2474 2223 bibi
2507 2168 2707 2222 debere
2734 2206 2750 2232 ,
2799 2173 2861 2220 ut
2895 2163 3476 2221 commemorationem

1890 2260 2042 2316 illius
2083 2259 2362 2330 passionis
2394 2258 2764 2312 celebremus.
2823 2255 2881 2310 5°
2925 2253 3032 2309 Eos
3070 2253 3232 2308 etiam
3265 2252 3360 2321 qui
3393 2251 3479 2306 in-

1888 2353 2052 2423 digne
2082 2351 2495 2406 communicant
2517 2389 2530 2413 ,
2565 2363 2768 2420 corpus
2797 2355 2852 2403 et
2891 2345 3217 2416 sanguinem
3257 2341 3476 2398 Domini

1890 2457 2108 2500 sumere
2137 2443 2193 2496 in
2226 2441 2804 2514 commemorationem
2843 2435 3120 2508 passionis
3159 2434 3306 2490 illius
3329 2472 3346 2497 ,
3380 2431 3476 2489 sed

1889 2549 2000 2588 non
2050 2534 2104 2588 in
2149 2533 2347 2603 seipsis
2389 2533 2530 2586 hanc
2566 2531 2884 2586 memoriam
2931 2527 3240 2598 exprimere
3271 2525 3474 2580 docet:

1891 2626 1997 2692 Qui
2033 2627 2172 2680 enim
2202 2624 2310 2679 edit
2341 2634 2390 2679 et
2418 2624 2580 2688 bibit,
2613 2625 2790 2694 inquit
2816 2663 2831 2682 .
2865 2621 3105 2676 videlicet
3131 2618 3199 2673 ad
3229 2616 3481 2673 indelebi-

1891 2719 1990 2772 lem
2017 2720 2328 2772 memoriam
2363 2717 2493 2771 Jesu
2527 2715 2725 2772 Christi
2755 2715 2970 2770 Domini
3005 2713 3208 2777 nostri,
3250 2711 3339 2782 qui
3381 2727 3478 2780 pro

1889 2811 2038 2864 nobis
2069 2821 2307 2864 mortuus
2339 2818 2416 2863 est
2453 2819 2500 2863 et
2531 2810 2859 2872 resurrexit,
2899 2808 3163 2861 rationem
3214 2821 3332 2859 vero
3372 2820 3479 2856 me-

1890 2904 2075 2956 moria:
2108 2901 2418 2956 obedientice
2456 2899 2669 2953 Domini
2713 2914 2876 2968 usque
2917 2897 2986 2950 ad
3025 2903 3246 2948 mortem
3269 2935 3284 2958 ,
3314 2893 3478 2962 juxta

1889 2997 2188 3049 doctrinam
2240 2993 2483 3061 Apostoli
2529 3009 2634 3047 non
2683 2990 2970 3058 adimplet,
3020 2990 3140 3060 qui,
3171 2997 3230 3042 ut
3276 2987 3477 3040 dictum

1889 3097 1990 3151 est,
2018 3089 2128 3150 ait,
2164 3106 2181 3136 ι
2207 3085 2456 3140 Charitas
2489 3084 2688 3140 Christi
2717 3092 2866 3138 uraet
2900 3099 3016 3148 nos,
3044 3100 3063 3133 ι
3097 3088 3229 3146 etc.,
3268 3081 3312 3134 is
3346 3077 3478 3133 nihil

1817 3185 1859 3240 C
1894 3181 2034 3247 capit
2080 3179 2356 3235 utilitatis.

1965 3314 2098 3380 Qua:
2135 3321 2443 3384 sequuntur
2465 3349 2480 3375 ,
2527 3327 2558 3366 a
2588 3309 2922 3366 Combeiisio
2961 3316 3017 3362 ut
3048 3307 3270 3362 duriora
3306 3313 3360 3361 et
3389 3320 3480 3360 sea

1896 3407 2107 3460 veriora
2158 3403 2654 3476 reprehenduntur.
2723 3401 2990 3456 Praeterea
3065 3399 3166 3454 sibi
3222 3400 3326 3468 ipsi
3390 3413 3481 3452 ac-

1897 3500 2053 3553 cersit
2105 3499 2194 3568 qui
2243 3496 2507 3566 ejusmodi
2543 3505 2623 3550 est
2668 3494 2932 3564 judicium
2991 3509 3193 3563 quoque
3242 3490 3484 3561 Apostoli

1895 3591 2156 3645 dicentis:
2199 3609 2216 3641 ι
2253 3589 2354 3656 Qui
2382 3587 2672 3642 manducat
2709 3596 2757 3640 et
2792 3586 2920 3638 bibit
2949 3585 3158 3656 indigne
3179 3624 3192 3648 ,
3215 3583 3480 3653 judicium

1895 3682 1994 3735 sibi
2025 3679 2310 3734 manducat
2339 3687 2388 3732 et
2432 3675 2562 3729 bibit
2591 3717 2607 3741 ,
2660 3691 2764 3728 non
2803 3672 3106 3742 dijudicans
3139 3685 3327 3737 corpus
3375 3668 3484 3721 Do-

1898 3775 2027 3827 mini
2059 3773 2126 3826 ³¹.
2157 3783 2174 3823 ι
2216 3772 2424 3825 Etenim
2446 3769 2765 3824 horrendum
2787 3765 3056 3835 judicium
3085 3771 3164 3818 est
3195 3779 3299 3816 non
3327 3759 3483 3814 modo

1896 3865 1979 3925 ei,
2031 3863 2120 3933 qui
2151 3863 2205 3915 in
2248 3861 2426 3916 carnis
2459 3877 2523 3914 ac
2568 3860 2786 3926 spiritus
2834 3856 3230 3925 inquinamento
3272 3851 3486 3922 indigne

1898 3955 2096 4008 accedit
2129 3953 2195 4006 ad
2229 3961 2450 4016 sancta,
2494 3968 2615 4004 cum
2652 3952 2792 4004 enim
2828 3947 3031 4002 accedit
3060 3985 3075 4011 ,
3120 3962 3240 4000 reus
3272 3946 3334 4016 ﬁt
3366 3961 3486 3998 cor-

1895 4046 2039 4114 poris
2073 4051 2121 4097 et
2152 4043 2426 4114 sanguinis
2479 4041 2740 4104 Domini;
2774 4038 2866 4094 sed
2895 4038 3057 4091 etiam
3097 4037 3146 4090 ei
3189 4037 3280 4106 qui
3319 4035 3486 4088 otiose

1897 4137 2259 4205 inutiliterque
2307 4135 2416 4190 edit
2467 4151 2528 4189 ac
2581 4134 2732 4186 bibit.
2784 4131 2912 4186 Haec
2945 4143 3178 4202 prorsus
3210 4127 3486 4182 immerito

1896 4231 2296 4300 vituperantur.
2348 4228 2396 4284 Is
2454 4229 2603 4283 enim
2653 4226 2834 4282 otiose
2887 4224 3272 4292 inutiliterque
3321 4219 3488 4275 edere

1898 4321 2137 4384 dicitur,
2170 4321 2263 4391 qui
2315 4319 2435 4376 sine
2481 4319 2754 4373 cliaritale
2793 4317 2945 4382 edit;
2982 4316 3147 4385 idque
3185 4321 3332 4384 patet
3359 4325 3486 4365 cum

1898 4430 1965 4467 ex
1987 4413 2371 4483 superioribus
2399 4413 2606 4474 verbis,
2639 4419 2753 4465 tum
2781 4425 2844 4463 ex
2875 4409 3111 4471 ratione,
3145 4421 3307 4476 quam
3333 4402 3488 4458 addit

1833 4524 1870 4574 υ
1905 4505 2140 4560 Basilius
2164 4545 2180 4570 ,
2214 4520 2316 4560 cur
2363 4504 2635 4572 ejusmodi
2670 4502 2947 4556 hominem
2981 4499 3313 4554 horrendum
3339 4494 3489 4566 judi-

1896 4596 2040 4648 cium
2091 4603 2350 4650 maneat:
2391 4594 2547 4661 Quod
2573 4635 2588 4660 ,
2626 4594 2846 4664 inquit,
2897 4608 3002 4645 non
3043 4605 3136 4660 per
3179 4587 3490 4642 memoriam

1895 4684 2026 4739 Jesu
2065 4684 2266 4740 Christi
2295 4685 2510 4741 Domini
2537 4685 2739 4749 nostri,
2788 4684 2880 4754 qui
2907 4699 3002 4752 pro
3046 4679 3196 4735 nobis
3246 4688 3489 4740 mortuus

1895 4785 1974 4831 est
2021 4787 2070 4832 et
2110 4778 2444 4841 resurrexit,
2496 4786 2668 4831 servat
2711 4773 2850 4854 quod
2894 4773 3094 4828 dictum
3136 4780 3255 4826 est:
3303 4789 3321 4821 ε
3348 4768 3491 4835 Cha;-

1897 4870 2031 4924 ritas
2061 4868 2262 4925 Christi
2287 4879 2436 4940 urget
2471 4885 2566 4924 nos
2587 4908 2602 4932 ,
2634 4887 2652 4918 ι
2705 4878 2812 4922 etc.

1979 5026 2064 5080 ΙΙΙ.
2092 5026 2216 5081 Alio
2243 5027 2418 5079 utitur
2448 5024 2634 5079 Basilii
2667 5021 2986 5080 testimonio
3013 5019 3314 5080 Scultetus,
3339 5013 3490 5086 quod

1907 5120 1988 5174 sic
2018 5118 2222 5173 refert:
2259 5117 2487 5173 Carnem
2533 5126 2583 5169 et
2615 5114 2928 5184 sanguinem
2977 5119 3143 5166 totam
3193 5125 3346 5163 suam
3379 5123 3494 5178 my-

1905 5213 2093 5266 sticam
2118 5210 2567 5265 conversationem
2596 5208 2653 5260 in
2684 5222 2844 5260 carne
2894 5212 2945 5258 et
2966 5202 3282 5256 doctrinam
3314 5197 3496 5255 Evan-

1908 5305 2032 5376 gelii
2084 5303 2286 5358 vocavit
2336 5299 2604 5357 Christus.
2662 5297 2819 5355 Unde
2876 5293 3184 5352 concludit-
3217 5289 3497 5346 Scultetus

2199 5483 2243 5515 ’⁷
2280 5480 2296 5534 l
2331 5481 2462 5539 Cor.
2490 5496 2567 5545 xl,
2589 5478 2662 5533 ‘23
2685 5494 2806 5548 sqq.
2921 5472 3007 5528 ἐει
3038 5472 3166 5528 Cor.
3200 5487 3252 5535 ν,
3283 5467 3370 5536 ib,
3401 5464 3494 5525 15.

1899 5551 2159 5611 ³³413οτ.
2201 5569 2276 5621 XI,
2311 5551 2402 5615 29,
