3900 6212
179 354 247 411 5'1
1640 367 1888 428 ΡιιΑειἊ
1898 371 2033 427 ΤΙΟ.
3379 379 3446 434 58

887 496 914 567 5
952 495 1086 552 VIII.

180 627 220 687 ι.
378 630 578 705 Basilii
611 630 931 705 testimonia
957 633 1018 684 de
1050 644 1386 700 peccatorum
1425 636 1770 705 confessione.

253 699 317 776 ιι.
346 699 590 776 _Invid_ia
637 710 685 754 et
727 700 838 776 alia
877 699 1143 776 ejusmodi
1177 716 1392 772 peccata
1427 699 1770 776 confessionis

253 773 390 846 legi
426 772 682 846 subjecta.
739 769 828 824 ιιι.
865 769 944 824 De
985 769 1196 840 peccato
1241 769 1648 846 originaliflV.
1695 777 1774 832 De

251 841 464 896 Christi
494 843 692 912 gratia.

249 975 292 1032 1.
336 975 582 1047 Longius
608 1017 622 1041 ,
657 992 820 1047 quam
860 977 993 1031 mihi
1023 979 1370 1048 propositum
1402 988 1521 1045 est,
1556 992 1770 1053 tempus

179 1067 553 1130 extraherent,
584 1068 630 1121 si
667 1069 721 1120 in
760 1069 1016 1123 omnibus
1047 1069 1373 1138 colligendis
1422 1076 1766 1140 immorarer,

178 1173 529 1226 quacunque
553 1174 619 1212 ex
649 1157 708 1212 S.
753 1157 937 1213 Basilii
965 1160 1226 1230 operibus
1252 1163 1320 1215 ad
1346 1162 1596 1233 dogmata
1637 1181 1770 1220 con-

178 1249 455 1303 ﬁrmanda
480 1251 600 1304 erui
624 1261 874 1318 possunt.
900 1249 1082 1318 Quare
1106 1252 1248 1306 hanc
1277 1253 1528 1310 ﬁniemus
1557 1265 1770 1326 pertra-

175 1342 480 1396 ctationem
513 1341 778 1410 appositis
813 1340 880 1395 de
905 1352 1252 1409 peccatorum
1276 1345 1653 1412 confessione,
1701 1347 1768 1402 de

175 1441 411 1502 peccato
437 1432 689 1502 originali
718 1440 771 1486 et
805 1431 872 1485 de
902 1431 1104 1486 Christi
1142 1434 1320 1504 gratia
1356 1437 1708 1496 testimoniis.

251 1541 672 1597 Confessiouem
714 1550 1066 1612 peccatorum
1113 1545 1487 1599 necessariam
1522 1561 1646 1623 esse
1695 1547 1766 1603 ad

177 1635 399 1689 veniam
428 1650 457 1686 a
499 1632 608 1687 Deo
633 1634 1079 1703 consequendam
1113 1637 1273 1688 docet
1305 1635 1546 1692 Basilius
1578 1639 1632 1692 in
1664 1639 1765 1693 ho—

173 1720 296 1772 mil.
342 1721 399 1770 in
431 1720 569 1786 psal.
601 1735 787 1774 xxxu:
835 1720 958 1774 Vult
993 1723 1070 1774 tui
1099 1723 1340 1776 misereri
1359 1723 1558 1792 judex,
1591 1726 1766 1796 inquit

175 1816 262 1879 (p.
297 1810 448 1880 154),
479 1820 628 1878 teque
667 1812 1066 1866 miserationum
1096 1830 1316 1867 suarum
1343 1815 1517 1883 facere
1543 1820 1766 1885 partici-

174 1916 326 1967 pem;
367 1904 414 1955 si
452 1903 611 1956 'modo
646 1914 762 1972 post
791 1914 1064 1973 peccatum
1109 1909 1361 1976 repererit
1402 1916 1450 1962 te
1487 1908 1762 1979 humilem,
1795 1888 1843 1948 Β

176 1995 464 2046 contritum
485 2035 500 2057 ,
529 2011 694 2064 prava
733 2011 891 2064 opera
923 1998 1149 2051 multum
1184 1999 1545 2068 deplorantem
1564 2042 1580 2066 ,
1610 2019 1672 2056 ac
1701 2020 1765 2058 ea

81 2142 84 2144 ν
176 2097 296 2152 quae
335 2081 473 2134 clam
503 2083 650 2150 facta
678 2093 800 2137 sunt
839 2085 1166 2154 evulgantem
1198 2090 1335 2142 citra
1364 2089 1642 2156 pudorem,
1674 2109 1764 2146 ro-

176 2175 392 2242 gantem
413 2173 607 2240 fratres
631 2173 724 2226 tibi
747 2183 805 2227 ut
834 2176 939 2228 sint
970 2176 1277 2244 adjumento
1302 2178 1372 2232 ad
1403 2181 1764 2250 accipiendam

176 2262 459 2318 medelam.
512 2264 569 2319 ln
639 2264 849 2336 Regalis
904 2265 1227 2323 brevioribus
1285 2270 1402 2324 haec
1455 2272 1765 2328 instituitur

177 2356 410 2425 quaestio
434 2355 650 2426 (quaest.
679 2357 808 2427 229)
836 2376 849 2411 :
882 2357 1068 2411 Utrum
1104 2370 1346 2428 oporteat
1377 2363 1563 2416 vetitas
1595 2366 1766 2421 actio-

177 2464 268 2501 nes
291 2447 429 2500 citra
457 2443 818 2501 verecundiam
842 2449 1084 2504 omnibus
1114 2457 1370 2521 detegere,
1405 2469 1474 2506 an
1497 2453 1763 2524 aliquibus

176 2539 445 2592 :Iuntaxat
474 2554 494 2592 :
522 2550 571 2593 et
609 2541 826 2608 quinam
855 2541 909 2593 hi
934 2542 1038 2594 sint
1067 2559 1084 2595 :
1121 2543 1204 2595 sic
1233 2544 1530 2612 respondet
1563 2543 1620 2598 S.
1658 2545 1763 2598 Ba-

177 2631 338 2684 silius
364 2649 376 2683 :
410 2630 683 2684 Servanda
709 2640 787 2685 est
819 2634 956 2684 ratio
981 2632 1163 2686 eadem
1193 2635 1247 2687 in
1270 2643 1606 2703 peccatorum
1634 2653 1761 2690 con-

176 2721 425 2784 fessione,
459 2740 574 2792 qua:
608 2723 663 2775 in
696 2723 993 2792 detegendis
1038 2727 1273 2794 corporis
1315 2726 1514 2781 morbis
1542 2727 1758 2783 adhibe-

175 2823 285 2867 tur.
347 2812 804 2878 Quemadmodum
860 2815 1022 2883 igitur
1081 2817 1317 2882 corporis
1394 2817 1604 2872 morbos
1657 2835 1761 2872 non

176 2906 420 2960 amnibus
461 2905 790 2973 patefaciunt
831 2905 1065 2960 homines
1086 2947 1101 2970 ,
1135 2924 1296 2977 neque
1321 2909 1588 2978 quibusvis
1615 2964 1627 2977 ,
1669 2910 1761 2964 sed

174 2998 242 3052 iis
279 2999 374 3067 qui
398 2999 583 3050 horum
616 2997 971 3050 curandorum
997 2999 1153 3058 periti
1180 3008 1303 3051 sunt
1328 3014 1346 3051 :
1371 3001 1449 3053 ita
1481 3002 1597 3069 fieri
1626 3017 1760 3072 quo—

177 3106 269 3159 Ῑιιε
292 3089 440 3144 debet
472 3101 806 3158 peccatorum
838 3091 1092 3158 confessio
1123 3107 1299 3143 coram
1339 3093 1406 3146 iis
1443 3093 1532 3162 qui
1573 3109 1760 3148 curare

176 3181 282 3236 ἠως
307 3182 533 3251 possint.
552 3192 708 3250 prout
726 3183 980 3250 scriptum
1004 3192 1080 3235 est
1103 3198 1120 3235 :
1143 3201 1162 3234 ι
1186 3182 1286 3236 Vos
1310 3185 1399 3251 qui
1421 3183 1582 3253 fortes
1607 3186 1755 3247 estis,

177 3275 516 3342 .nﬁrmitates
561 3273 814 3327 debilium
861 3284 1065 3344 portate
1091 3275 1158 3339 ³³,
1187 3294 1205 3325 ι
1246 3275 1341 3329 hoc
1372 3291 1480 3336 est,
1527 3293 1656 3330 cura
1696 3293 1758 3330 ac
1789 3259 1830 3316 C

175 3366 665 3436 liligentia-vestra
712 3366 902 3420 tollite.
947 3367 1154 3422 Similis
1197 3375 1280 3422 cst
1326 3368 1558 3434 quaestio
1591 3367 1698 3422 988
1739 3387 1753 3422 :

176 3457 282 3523 Qui
328 3459 441 3512 vult
493 3459 732 3526 conﬁteri
791 3466 1008 3525 peccata
1061 3475 1196 3518 sua,
1249 3457 1464 3512 debetne
1517 3459 1757 3527 conﬁteri

176 3550 420 3604 amnibus
462 3559 511 3603 et
550 3549 864 3618 quibuslibet
889 3590 903 3610 ,
947 3567 1015 3602 an
1066 3550 1223 3602 certis
1263 3549 1626 3619 quibusdam?
1665 3549 1758 3605 Sic

176 3641 475 3710 respondet
517 3640 794 3694 Basilius:
841 3639 1135 3697 Consilium
1186 3639 1528 3709 benignitatis
1570 3641 1662 3694 Dei
1701 3643 1756 3694 in

177 3733 514 3787 Jeccantibus
545 3732 884 3809 manifestum
923 3741 1024 3793 est,
1045 3731 1208 3800 juxta
1236 3731 1290 3784 id
1325 3731 1463 3801 quod
1504 3733 1758 3799 scriptum

177 3836 248 3879 ut
269 3842 287 3878 :
307 3843 326 3875 ι
358 3823 481 3879 Non
494 3824 608 3877 volo
632 3833 854 3878 mortem
876 3824 1187 3890 peccatoris,
1217 3822 1307 3876 sed
1338 3832 1393 3876 ut
1424 3832 1759 3876 convertatur

177 3934 307 3987 .rse,
336 3927 387 3970 et
416 3917 554 3970 vivat
577 3917 638 3968 ³⁸.
675 3936 693 3966 ι
729 3914 996 3980 Quoniam
1025 3917 1187 3984 igitur
1215 3917 1536 3984 paenitentia:
1565 3915 1757 3968 modus

178 4004 322 4058 debet
355 4014 566 4071 peccato
607 4019 919 4072 congruere,
951 4020 1012 4056 ac
1035 4004 1194 4057 etiam
1230 4019 1365 4071 opus
1389 4014 1465 4057 est
1499 4005 1758 4072 fructibus

179 4097 353 4165 lignis
375 4097 713 4163 paenitentiae,
758 4097 921 4166 juxta
947 4081 1083 4149 hanc
1111 4097 1469 4158 sententiam,
1507 4115 1524 4147 ι
1574 4096 1760 4151 Facite

179 4189 387 4243 fructus
417 4188 605 4257 dignos
637 4189 966 4256 pwnitentia:
983 4188 1050 4251 ³⁷,
1085 4208 1101 4237 ι
1134 4197 1190 4238 ιιι
1224 4205 1286 4240 ne
1311 4188 1578 4256 fructuum
1597 4205 1759 4256 penu-

180 4282 258 4334 ria
318 4279 493 4334 locum
552 4279 780 4332 habeant
833 4296 908 4332 ea:
975 4296 1092 4349 qua:
1141 4279 1532 4346 subsequuntur
1580 4281 1756 4334 minw.

179 4391 202 4424 ι
234 4373 404 4435 Nam,
458 4373 624 4441 inquit
663 4412 678 4433 ,
723 4373 894 4426 omnis
927 4372 1088 4426 arbor
1132 4389 1234 4426 non
1271 4373 1471 4440 faciens
1528 4373 1761 4441 fructum

180 4466 394 4524 bonum,
420 4463 767 4530 eIscinditur,
785 4474 834 4516 et
865 4464 918 4516 in
941 4465 1112 4533 ignem
1136 4463 1367 4516 mittitur
1388 4465 1465 4529 3°;
1490 4483 1508 4515 ι
1541 4475 1760 4533 peccata

1803 499 1848 552 Α
1889 500 2054 546 tatem
2079 507 2197 546 erui
2223 507 2405 562 posse.
2435 492 2541 547 Sed
2570 493 2822 548 eludendi
2852 495 3028 548 locum
3057 511 3164 549 non
3195 497 3448 568 relinquit

1883 585 2110 654 petitum
2145 601 2208 638 ex
2243 586 2526 655 corporeis
2556 587 2759 640 morbis
2785 589 3111 656 exemplum,
3139 595 3250 641 tum
3281 591 3447 644 etiam

1879 677 2024 748 quod
2058 678 2134 730 ait
2188 676 2424 732 Basilius
2461 680 2797 748 paenitentiae
2839 679 3180 748 imponenda:
3227 685 3444 737 modum

1883 774 2108 836 peccato
2139 783 2440 837 congruere
2469 769 2687 824 debere.
2725 769 3005 834 Quomodo
3039 772 3184 825 enim
3221 775 3445 828 morbus

1875 857 2045 910 animi
2071 859 2375 923 curabitur,
2410 860 2456 914 si
2486 868 2834 929 peccatorum
2869 876 3133 915 numerus
3171 869 3224 915 et
3252 878 3444 930 graves

1873 946 2306 1002 circumstantiae
2331 948 2613 1002 celentur?
2641 957 2734 1020 aut
2761 951 3032 1018 quomodo
3065 965 3221 1019 poma
3254 968 3444 1020 pecca-
3509 968 3516 983 ν

1876 1025 2056 1070 torum
2092 1033 2320 1071 numero
2353 1029 2405 1071 et
2448 1019 2806 1088 magnitudini
2851 1031 3114 1090 congruet
3139 1062 3153 1085 ,
3186 1019 3289 1076 nis-i
3331 1025 3445 1074 sin‘

1876 1108 2000 1178 gula
2053 1117 2273 1177 peccata
2326 1119 2379 1162 et
2423 1109 2852 1164 circumstantiae
2912 1113 3262 1180 aperiantur?
3309 1113 3444 1166 Illud

1877 1207 2081 1263 autem,
2117 1200 2215 1270 τῆς
2251 1203 2589 1270 ἐπιστροφῆς
2619 1203 2646 1253 ὁ
2679 1202 2898 1272 τρόπος,
2946 1202 3094 1258 reddi
3127 1205 3306 1267 debet,
3336 1220 3445 1273 pa:-

1870 1291 2109 1344 nitentia:
2143 1290 2468 1359 imponenda:
2500 1291 2686 1345 modus
2706 1333 2720 1357 ,
2753 1297 2830 1348 vel
2873 1308 3037 1362 paena:
3072 1297 3253 1348 modus
3283 1310 3303 1347 :
3341 1297 3446 1349 mi-

1868 1379 2014 1433 nime
2046 1395 2196 1442 vero,
2240 1383 2592 1436 conversionis
2623 1386 2827 1438 modus.
2862 1384 3014 1438 Hanc
3051 1387 3196 1439 enim
3228 1387 3281 1439 in
3316 1401 3442 1441 sen-

1869 1473 2094 1523 tentiam
2128 1473 2382 1542 usurpari
2429 1475 2568 1528 solet
2607 1490 2668 1529 ea
2706 1491 2809 1528 vox
2847 1477 2902 1529 in
2938 1476 3207 1545 ejusmodi
3256 1478 3390 1533 locis
3423 1497 3438 1533 :

1869 1562 2030 1630 cujus
2064 1563 2142 1617 rei
2176 1565 2347 1618 multa
2378 1573 2672 1635 suppetunt
2707 1568 2847 1637 apud
2891 1567 3146 1622 Basilium
3173 1570 3439 1639 exempla,

1871 1662 1930 1708 ut
1958 1655 2014 1708 in
2052 1656 2216 1726 epist.
2261 1657 2348 1710 75.
2388 1657 2616 1712 Frustra
2650 1674 2779 1729 ergo
2825 1659 3098 1713 Scultetus
3148 1651 3442 1715 conﬁtendi

1867 1749 2253 1802 necessitatem
2276 1788 2290 1812 ,
2321 1749 2387 1803 de
2424 1765 2530 1818 qua
2575 1750 2628 1803 in
2664 1759 2859 1820 quaest.
2899 1751 3004 1804 288
3044 1753 3245 1821 agitur,
3283 1754 3337 1806 in
3374 1768 3442 1808 eo

1872 1837 2103 1904 positam
2144 1853 2266 1893 esse
2308 1839 2630 1904 contendit,
2689 1841 2870 1909 quod,
2916 1843 2962 1896 si
3009 1843 3134 1911 quis
3185 1845 3440 1898 conﬁteri

1869 1929 2000 1982 velit
2034 1941 2288 2000 peccata,
2327 1933 2579 2000 quamvis
2616 1949 2842 1988 necesse
2873 1934 2926 1987 id
2958 1951 3067 1989 non
3110 1937 3204 2000 sit,
3252 1937 3296 1991 is
3329 1953 3438 1991 nou

1865 2019 1988 2075 aliis
2021 2019 2268 2074 conﬁteri
2306 2021 2531 2085 debeat,
2575 2039 2736 2094 quam
2770 2025 2836 2078 iis
2870 2025 3070 2095 quibus
3104 2028 3311 2081 credita
3355 2038 3440 2082 est

1864 2110 2200 2181 dispensatio
2225 2115 2609 2184 mysteriorum
2639 2114 2754 2170 Dei.
2789 2117 2844 2169 Si
2872 2117 3147 2172 confessio
3173 2119 3439 2189 cujusque

1865 2203 2096 2257 arbitrio
2135 2205 2401 2272 permissa
2447 2213 2628 2268 esset,
2665 2221 2766 2260 nec
2801 2208 3096 2265 ulla_esset
3140 2211 3437 2264 conﬁtendi

1863 2287 2203 2350 necessitas;
2237 2288 2410 2342 satius
2447 2290 2616 2342 multo
2651 2305 2715 2343 ac
2759 2292 2930 2343 tutius
2962 2291 3100 2346 foret
3131 2293 3272 2361 apud
3305 2309 3438 2361 pru-

1862 2367 2052 2424 dentes
2086 2385 2150 2423 ac
2186 2372 2386 2440 pietate
2422 2373 2664 2443 insignes
2715 2373 2862 2429 viros
2894 2383 3115 2443 peccata
3152 2374 3434 2440 confiteri,

1865 2476 2030 2531 quam
2057 2462 2199 2531 apud
2232 2465 2604 2534 presbyteros,
2637 2466 2728 2535 qui
2759 2481 2865 2519 non
2901 2482 3131 2536 semper.
3148 2469 3434 2537 prudentia

1863 2567 1927 2605 ac
1961 2551 2164 2620 pietate
2195 2554 2487 2609 excellunt.
2523 2555 2704 2620 Quare
2735 2555 3010 2622 Basilius,
3061 2572 3183 2610 cum
3218 2558 3292 2610 ait
3337 2573 3434 2612 ne-

1861 2658 2016 2698 cesse
2049 2660 2174 2699 esse
2213 2654 2436 2714 peccata
2475 2647 2544 2701 iis
2575 2647 2853 2712 conﬁteri,
2884 2649 3084 2716 quibus
3113 2650 3318 2702 credita
3350 2657 3435 2703 est

1860 2733 2194 2804 dispensatio
2217 2736 2599 2806 mysteriorum
2624 2736 2741 2800 Dei,
2771 2738 2934 2791 simul
2957 2747 3010 2792 et
3030 2738 3430 2793 confessionem

1861 2825 2069 2894 peccati
2126 2828 2493 2881 necessariam
2549 2845 2705 2892 esse,
2755 2838 2806 2882 et
2860 2830 3237 2898 pmnitentiam
3291 2833 3436 2884 inter

1861 2929 2204 2973 sacramenta
2237 2925 2630 2974 numerandum
2661 2937 2782 2976 esse
2807 2922 3165 2976 demonstrat.

1929 3045 2084 3100 Mitto
2111 3048 2274 3101 aliam
2308 3049 2707 3104 cavillationem
2746 3051 3007 3115 Sculteti,
3035 3050 3128 3120 qui
3161 3064 3432 3104 memora-

1861 3142 1944 3192 tas
1999 3152 2027 3190 a
2085 3137 2144 3192 S.
2203 3137 2406 3194 Basilio
2466 3149 2816 3208 peccatorum
2876 3140 3256 3196 confessiones
3308 3151 3435 3195 ante

1864 3228 2226 3297 baptismum,
2279 3245 2383 3284 nec
2428 3233 2774 3301 praescriptas
2799 3231 3002 3297 fuisse,
3039 3247 3139 3287 nec
3190 3232 3436 3300 singulo-

1861 3331 1980 3369 rum
2016 3327 2368 3385 peccatorum
2417 3321 2884 3375 enumerationem
2928 3321 3185 3376 habuisse
3217 3321 3430 3392 objicit.

1857 3409 1928 3464 At
1976 3413 2201 3468 minime
2246 3413 2440 3483 probat
2486 3415 2570 3470 his
2604 3417 2869 3486 exemplis
2905 3417 2983 3470 uti
3020 3432 3126 3470 non
3177 3415 3436 3471 debuisse

1859 3503 2156 3570 Basilium,
2205 3515 2263 3560 ut
2310 3508 2378 3561 ad
2421 3509 2796 3578 praescriptam
2850 3524 2880 3562 a
2923 3509 3144 3564 Christo
3188 3509 3432 3564 omnium

1859 3605 2208 3664 peccatorum
2261 3598 2662 3656 confessionem
2725 3600 3061 3665 hortaretur,
3092 3609 3146 3656 et
3190 3615 3221 3653 a
3267 3615 3434 3670 pravo

1860 3687 2065 3758 pudore
2093 3697 2370 3745 avocaret.

1930 3823 2117 3879 Utitur
2155 3826 2316 3878 etiam
2356 3823 2629 3882 Scultetus
2680 3826 2866 3896 regula
2901 3827 3148 3882 brevnore
3189 3827 3328 3890 uo,
3377 3827 3434 3881 in

1859 3931 1967 3984 qua
2008 3917 2344 3988 praecipitur,
2397 3927 2458 3972 ut
2500 3919 2740 3990 virgines
2783 3935 2879 3988 per
2924 3918 3266 3988 praefectam,
3319 3919 3436 3973 sive

1860 4008 2131 4062 seniorem
2174 4023 2329 4063 suam
2378 4009 2696 4080 presbytero
2743 4010 3126 4065 conﬁteantur.
3175 4010 3282 4064 Sed
3332 4010 3436 4064 hoc

1858 4098 2052 4151 vitium
2114 4099 2460 4168 superiorum
2513 4099 2818 4154 editionum
2867 4103 2922 4154 in
2985 4101 3084 4154 bac
3138 4101 3437 4156 novissima

1859 4188 2208 4242 entendatum
2243 4197 2347 4252 est,
2379 4206 2481 4244 nec
2505 4191 2805 4259 quidquam
2833 4190 2979 4244 aliud
3012 4192 3254 4260 praecipit
3284 4190 3439 4245 Basi-

1860 4282 1989 4342 lius,
2026 4282 2132 4336 nisi
2165 4292 2223 4335 ut
2254 4282 2398 4336 adsit
2428 4283 2614 4336 decori
2649 4298 2818 4337 causa
2849 4283 3102 4352 praelecta
3137 4285 3434 4354 virginum,

1861 4373 1992 4427 dum
2044 4388 2267 4427 sorores
2317 4373 2647 4426 conﬁtentur
2702 4375 3042 4446 presbytero.
3089 4373 3229 4427 Idem
3276 4383 3437 4427 antea

1863 4465 2280 4534 praescripserat
2318 4465 2370 4517 in
2419 4480 2530 4533 reg.
2566 4464 2704 4528 iOS,
2758 4473 2816 4518 ut
2865 4465 3177 4533 praafectus,
3212 4465 3438 4520 absente

179 4555 245 4608 iis
289 4553 536 4620 conﬁteri
579 4569 784 4606 necesse
830 4563 905 4607 est
927 4593 942 4617 ,
995 4552 1186 4623 quibus
1238 4555 1615 4622 mysteriorum
1665 4554 1760 4607 Dei
1791 4591 1836 4647 ο
1865 4556 2147 4626 prmfecta,
2180 4572 2305 4612 cum
2341 4558 2632 4612 sororibus
2662 4557 2730 4612 de
2763 4558 2926 4612 rebus
2953 4557 3022 4611 ad
3053 4558 3173 4613 ﬁdei
3199 4557 3437 4612 aediﬁca-

181 4645 486 4700 :oncredita
524 4643 848 4712 dispensatio
888 4653 965 4698 est
1002 4645 1068 4697 '9.
1111 4643 1202 4698 Sic
1243 4645 1382 4697 enim
1413 4653 1462 4697 et
1511 4649 1598 4714 qui
1629 4645 1758 4698 olim

181 4736 540 4789 militentiam
571 4745 830 4804 egerunt,
865 4753 1046 4789 coram
1085 4739 1289 4791 sanctis
1334 4737 1519 4802 fecisse
1548 4752 1758 4804 compe-

181 4828 415 4879 riuntur.
439 4825 710 4894 Scriptum
744 4834 822 4880 est
858 4827 1020 4888 enim,
1055 4828 1109 4880 in
1141 4825 1422 4896 Evangelia
1446 4827 1658 4896 quidem
1687 4826 1755 4890 W,

181 4917 319 4986 quod
341 4925 556 4983 peccata
585 4933 682 4969 sua
701 4915 913 4984 _Joanni
952 4917 1208 4985 Baptista:
1245 4918 1672 4985 confitebantur;
1702 4917 1756 4969 in

181 5010 325 5062 Actis
355 5024 475 5061 vero
498 5008 569 5069 δι,
597 5009 852 5075 apostolis
886 5010 1039 5078 ipsis,
1065 5027 1097 5061 a
1120 5008 1309 5077 quibus
1332 5011 1492 5062 etiam
1520 5009 1759 5077 baptiza-

180 5100 375 5152 bantur
417 5099 616 5152 cuncti.
663 5097 803 5154 Vide
841 5101 1296 5154 commentarium
1337 5101 1393 5152 in
1443 5097 1649 5153 Isaiam
1699 5113 1754 5168 p.

180 5187 303 5243 553.

246 5299 421 5369 Negat
465 5297 744 5355 Scultetus
775 5299 888 5368 (17)
919 5314 987 5354 ex
1022 5299 1111 5354 his
1143 5298 1282 5354 locis
1317 5299 1608 5368 specialem
1634 5314 1763 5370 pec-

179 5403 431 5450 cztorum
466 5390 940 5446 enumerationem
979 5400 1075 5444 aut
1112 5388 1481 5446 confessionis
1516 5391 1762 5446 necessi-

247 5528 295 5560 ⁸⁵
330 5527 487 5581 Rom.
523 5543 612 5592 xv,
647 5527 701 5590 1;
727 5524 846 5580 Gal.
871 5540 946 5593 Vl,
977 5525 1035 5582 2.

178 5612 262 5666 ιιι,
298 5598 353 5652 6.
433 5597 474 5627 εί
514 5599 641 5652 Act.
679 5611 792 5659 χιιι,
816 5597 870 5650 8.

1110 5525 1156 5557 ³⁸
1180 5524 1378 5584 Ezech.
1417 5527 1721 5595 1111",“.

251 5734 364 5795 (Π)
399 5731 600 5788 Medul.
631 5734 812 5800 theol.,
849 5743 986 5801 part.
1025 5750 1095 5798 Iv,
1131 5750 1182 5801 p.
1208 5734 1332 5788 256.

1799 5529 1842 5561 ³⁷
1879 5527 2013 5586 Luc.
2035 5545 2116 5587 ιιι.
2145 5530 2198 5584 8.

1864 4651 2068 4704 tionem
2098 4648 2498 4719 pertinentibus
2533 4664 2639 4702 non
2681 4650 2954 4717 loquatur.
2990 4647 3093 4702 Sed
3144 4665 3211 4702 ne
3243 4665 3435 4718 pecca-

1865 4751 2046 4795 torum
2091 4740 2368 4796 confessio
2399 4741 2576 4809 excipi
2611 4741 2808 4795 debere
2860 4740 3153 4805 videretur,
3200 4741 3327 4794 huic
3356 4740 3435 4794 rei

1864 4833 2263 4889 occurrendum
2296 4847 2419 4886 esse
2449 4831 2626 4885 duxit.
2671 4876 2678 4884 .

1935 4961 2086 5016 Hanc
2112 4960 2301 5016 Basilii
2331 4962 2635 5015 doctrinam
2662 4961 2986 5016 conﬁrmant
3015 4969 3125 5016 tres
3152 4961 3299 5016 illius
3323 4960 3438 5030 epi-

1865 5053 2018 5109 stolae
2035 5052 2330 5117 canonicai,
2357 5067 2478 5120 qua:
2504 5052 2630 5105 dum
2659 5053 2841 5108 varias
2860 5061 3204 5122 peccatorum
3225 5053 3438 5122 species

1868 5152 1924 5198 et
1955 5143 2158 5214 gradus
2191 5151 2448 5197 accurate
2479 5153 2902 5214 persequuntur,
2938 5159 3098 5214 quam
3138 5155 3288 5200 arcte
3316 5161 3436 5200 ser-

1866 5241 2050 5286 vatum
2093 5230 2259 5285 fuerit
2305 5232 2600 5286 conﬁtendi
2648 5243 2974 5302 praeceptum
3024 5235 3435 5300 demonstrant;

1867 5334 2184 5393 quantaque
2226 5323 2503 5378 exstiterit
2539 5324 2920 5394 episc0porum
2968 5325 3020 5376 in
3056 5325 3294 5391 peccatis
3339 5339 3438 5393 pm

1866 5416 2067 5470 merito
2099 5414 2391 5484 puniendis
2420 5413 2717 5483 diligentia.
2753 5413 3005 5470 Mulieres
3037 5415 3297 5470 adultera“:
3327 5415 3438 5484 (ep.

2275 5528 2320 5562 ³⁸
2353 5527 2483 5585 ibid.
2519 5528 2572 5587 9.
2657 5529 2699 5563 ³³
2728 5529 2747 5583 l
2779 5529 2907 5585 Cor.
2936 5544 3008 5595 tv,
3041 5531 3093 5584 1.
3167 5532 3212 5564 ιο
3245 5530 3438 5588 Matth.
