3900 6212
502 356 567 411 59
1942 352 2333 410 PMFATIO.
3669 348 3734 403 60

501 472 627 535 200,
654 485 776 525 can.
811 470 901 542 '54)
923 514 937 537 ,
973 473 1054 526 vel
1089 481 1286 544 Sponte
1317 473 1614 538 confessae,
1648 486 1732 528 vel
1776 471 2066 533 convictas,

2180 469 2350 520 κόπου
2404 467 2461 520 τὸ
2496 465 2734 520 τοιοῦτον
2785 462 3132 532 ἐξιλάσασθαι
3179 462 3369 526 πάθος·
3421 461 3525 528 Qui
3569 475 3734 518 autem

501 579 612 619 non
661 567 1058 636 percurrebaut
1102 568 1283 622 varios
1324 569 1659 638 paenitentia:
1703 565 1941 637 gradus,
1979 566 2074 620 sed

501 657 647 712 inter
689 659 1059 714 consistentes
1107 667 1325 729 tempus
1351 659 1664 728 explebant.
1697 657 1896 712 Cautio
1929 659 2074 712 enim

500 758 618 802 erat
645 764 713 803 ne
742 749 795 803 in
829 751 1133 818 periculum
1167 752 1364 804 mortis
1403 751 1834 819 conjicerentur,
1869 749 1914 803 si
1951 764 2072 817 pec-

500 849 683 893 catum
723 840 1060 910 vulgaretur.
1093 838 1220 904 Sed,
1241 841 1287 894 si
1306 841 1514 895 nullum
1544 840 1990 896 eratconﬁtendi
2020 849 2075 896 et

504 931 765 1002 puniendi
809 932 1020 1000 peccati
1063 941 1432 1002 praeceptum,
1481 947 1582 986 cur
1621 947 1730 986 non
1778 933 1866 985 illa
1907 933 2072 986 etiam

501 1001 878 1054 remittebatur
940 1002 1080 1055 inter
1131 1001 1499 1057 conSistentes
1549 1003 1901 1072 pmniteutia,
1951 1017 2074 1071 qua:

500 1095 744 1162 periculo
778 1108 1008 1163 prorsus
1044 1109 1153 1147 non
1184 1094 1463 1148 carebat?
1494 1109 1592 1148 cur
1623 1093 1752 1147 furti
1789 1095 1912 1163 (ep.
1944 1092 2070 1157 217,

500 1202 623 1240 can.
669 1184 772 1257 61)
833 1187 1116 1242 convictus
1143 1186 1308 1255 duplo
1341 1187 1643 1256 graviorem
1682 1201 1895 1256 poenam
1949 1201 2074 1241 sus-

499 1274 724 1337 tinebat,
782 1288 946 1342 quam
977 1283 1171 1344 sponte
1197 1275 1523 1330 confessus?
1554 1274 1722 1329 Nemo
1745 1291 1974 1345 prorsus
2003 1275 2073 1329 ab

503 1364 605 1417 bac
677 1365 794 1434 lege
859 1366 1292 1419 eonfitendorum
1372 1375 1722 1435 peccatorum
1792 1367 2068 1421 immunis.

499 1452 810 1524 Presbyteri
841 1463 896 1509 et
936 1453 1151 1508 diaconi
1181 1456 1329 1524 (can.
1362 1455 1483 1526 70),
1515 1456 1607 1525 qui
1637 1472 1695 1510 se
1726 1456 1884 1510 labiis
1913 1462 2072 1510 tenus

499 1561 757 1616 peccasse
782 1546 1206 1613 confitebantur,
1238 1546 1562 1602 excidebant
1602 1547 1773 1616 gradu
1819 1563 1920 1602 suo
1952 1566 1966 1602 :
2007 1563 2073 1602 ac

498 1651 569 1690 ne
601 1636 707 1691 illis
737 1637 958 1706 quidem
985 1639 1300 1695 communio
1329 1655 1453 1693 cum
1483 1641 1816 1710 presbyteris
1839 1648 1931 1694 aut
1956 1639 2073 1694 dia-

500 1727 654 1783 conis
686 1729 1114 1798 relinquebatur,
1156 1730 1201 1785 si
1236 1731 1366 1800 quid
1421 1732 1658 1801 amplius
1691 1745 1946 1790 peccasse
1973 1731 2071 1786 de-

500 1819 991 1890 prchendereutur.

568 1953 632 2010 ll.
687 1954 742 2009 In
788 1957 872 2010 his
913 1961 1213 2013 cauombus
1262 1959 1537 2024 avaritiae,
1582 1948 1798 2014 invidia:
1843 1967 1897 2014 et
1947 1960 2068 2015 aliis

496 2049 766 2114 ejusmodi
827 2052 974 2106 vitiis
1025 2045 1188 2110 nulla:
1262 2055 1584 2108 nominatim
1657 2056 2069 2108 constituuntur

497 2157 691 2211 pmnte.
726 2139 828 2197 Sed
862 2160 969 2197 non
1009 2145 1220 2198 idcirco
1256 2146 1554 2219 putandum
1585 2153 1668 2200 est
1706 2147 2068 2201 confessionis

498 2235 601 2305 legi
649 2236 893 2304 subjecta
935 2253 1042 2290 non
1081 2237 1271 2293 fuisse.
1299 2238 1434 2292 Nam
1479 2238 1718 2294 Basilius
1762 2242 1815 2292 in
1860 2238 2067 2310 Regalis

497 2327 818 2382 brevioribus
843 2371 857 2392 ,
914 2338 1202 2398 postquam
1236 2329 1384 2402 (reg.
1429 2331 1552 2401 288)
1614 2334 1810 2386 statuit
1846 2339 2068 2400 peccata

499 2417 566 2471 iis
597 2419 730 2473 solis
767 2419 1077 2503 confitenda
1106 2436 1228 2475 esse
1253 2460 1266 2484 ,
1294 2423 1493 2490 quibus
1518 2421 1721 2476 credita
1750 2431 1834 2477 est
1854 2425 2069 2494 dispen-

496 2510 636 2563 satio
661 2511 1044 2580 mysteriorum
1079 2513 1192 2575 l)ei,
1223 2513 1363 2566 hanc
1397 2517 1754 2582 quaestionem
1784 2517 2021 2570 instituit
2051 2537 2063 2572 :

507 2599 566 2652 '0
601 2601 936 2671 μετανοήσας
971 2604 1063 2661 ἐπὶ
1103 2605 1500 2674 ἁμαρτήματι,
1535 2608 1629 2659 καὶ
1667 2607 1827 2660 πάλιν
1876 2610 1958 2671 εἰς
2006 2610 2066 2660 τὸ

493 2684 626 2738 αὐτὸ
677 2685 932 2754 ἐμπεσὼν
983 2687 1320 2762 ἁμάρτημα,
1361 2689 1414 2742 τί
1469 2693 1683 2761 ποιήσει
1729 2698 1861 2762 (reg.
1906 2693 2065 2762 289);

497 2773 604 2840 Qui
631 2776 987 2844 paenitentiam
1026 2780 1127 2848 egit
1157 2780 1384 2847 peccati,
1428 2797 1489 2833 ac
1519 2797 1700 2834 rursus
1736 2783 1788 2834 in
1816 2782 1949 2836 idem
1982 2785 2066 2836 la-

496 2867 638 2920 bitur
665 2878 955 2934 peccatum,
995 2870 1119 2940 quid
1150 2871 1351 2939 faciet?
1382 2870 1631 2926 Declarat
1659 2871 1893 2928 Basilius
1919 2875 2068 2942 ejus-

494 2959 641 3012 modi
684 2959 930 3014 homines
972 2962 1178 3015 idcirco
1211 2962 1402 3025 relabi,
1436 2971 1562 3031 quia
1588 2965 1826 3018 radicem
1855 2967 2062 3035 peccati

492 3065 602 3104 non
631 3051 830 3105 tollunt
862 3070 874 3105 :
919 3067 982 3106 ac
1023 3053 1230 3122 profert
1278 3057 1510 3124 exempli
1547 3058 1667 3110 loco
1712 3057 1969 3111 invidiam
2008 3068 2060 3114 et

2182 560 2368 612 latenti
2391 557 2658 612 ablatione
2685 556 2787 611 sibi
2815 573 2921 610 rem
2949 557 3182 609 alienam
3208 561 3448 621 usurpat,
3471 571 3538 620 ac
3557 551 3734 608 deinde

2179 667 2270 720 per
2317 651 2701 720 confessionem
2733 659 3001 720 peccatum
3039 665 3191 702 suum
3235 645 3492 700 sacerdoti
3540 647 3732 713 aperit,

2176 761 2266 814 per
2296 743 2624 797 contrarium
2664 743 2790 796 vitio
2829 741 3062 795 studium
3103 739 3464 810 wgritudinem
3494 739 3732 792 curabit:

2173 835 2290 889 dico
2332 844 2506 888 autem
2529 874 2544 897 ,
2578 832 2876 904 largiendo,
2911 848 3029 902 quis
3071 831 3260 895 habet,
3301 830 3612 900 pauperibus
3636 869 3652 894 ,
3678 838 3734 883 ut

2174 930 2299 982 dum
2329 945 2446 999 qua:
2483 928 2636 982 habet
2662 928 2964 997 profundit,
3004 943 3059 981 se
3086 927 3152 980 ab
3182 927 3421 980 avaritia:
3455 923 3633 978 morbo
3670 924 3734 976 li-

2176 1023 2356 1076 berum
2384 1032 2559 1092 aperte
2595 1020 2840 1076 ostendat
2876 1033 2893 1070 :
2927 1020 3008 1073 sin
3043 1028 3216 1072 autem
3249 1016 3380 1070 nihil
3412 1015 3558 1068 aliud
3596 1031 3731 1084 prae-

2175 1123 2412 1183 terquam
2465 1114 2636 1167 solum
2686 1128 2872 1182 corpus
2916 1109 3125 1173 habeat,
3161 1109 3303 1178 jubet
3337 1108 3614 1176 Apostolus
3649 1122 3734 1174 per

2174 1204 2404 1258 laborem
2435 1204 2764 1272 corporalem
2799 1205 2846 1257 ei
2883 1203 3063 1258 morbo
3095 1201 3286 1255 mederi
3310 1200 3376 1252 δ’.
3407 1197 3613 1253 Similia
3641 1197 3734 1251 ba-

2171 1295 2260 1349 bet
2284 1294 2520 1349 Basilius
2549 1295 2616 1349 de
2659 1295 2844 1350 usuris
2870 1294 3012 1363 (ean.
3049 1293 3136 1357 ﬂ,
3164 1308 3251 1361 ep.
3284 1290 3430 1362 188),
3470 1304 3606 1360 quas
3643 1290 3732 1358 qui

2172 1385 2405 1454 accepit,
2437 1401 2561 1439 eum
2607 1400 2637 1438 a
2669 1383 2978 1441 sacerdotio
3008 1400 3116 1440 non
3148 1385 3418 1447 excludit,
3455 1383 3616 1436 modo
3648 1383 3734 1435 in-

2165 1477 2374 1546 justum
2407 1477 2622 1530 lucrum
2663 1478 2719 1530 in
2753 1491 3019 1547 pauperes
3049 1478 3286 1531 insumat
3315 1483 3370 1528 et
3400 1475 3469 1529 ab
3496 1473 3734 1546 avaritia

2171 1566 2368 1622 morbo
2394 1567 2625 1622 liberum
2654 1581 2715 1622 se
2743 1567 3014 1622 exhibeat.

2243 1701 2328 1758 Ill.
2389 1699 2704 1763 Peccatum,
2753 1699 2897 1769 quod
2954 1713 3020 1753 ex
3055 1698 3232 1767 primo
3286 1711 3476 1750 omnes
3511 1701 3735 1765 parente

2097 1812 2141 1868 Β
2173 1793 2463 1857 traximus,
2499 1793 2579 1848 sic
2607 1790 2868 1859 praedicat
2889 1787 3144 1852 Basilius,
3173 1797 3232 1840 ut
3259 1786 3419 1840 facile
3450 1792 3625 1855 pateat
3651 1783 3735 1836 ni-

2175 1885 2247 1938 hil
2278 1884 2424 1938 aliud
2460 1883 2517 1938 S.
2553 1881 2918 1951 Augustinum
2962 1888 3155 1934 contra
3199 1877 3518 1947 Pelagianos
3546 1874 3734 1928 defen—

2169 1979 2355 2050 disse.,
2385 1977 2486 2031 nisi
2538 1974 2682 2044 quod
2739 1979 2998 2044 perpetua
3046 1970 3304 2025 Ecclesiae
3356 1966 3736 2038 prmdicatione

2176 2071 2480 2126 constabat.
2531 2067 2777 2130 Exsolve,
2815 2064 2992 2134 inquit
3022 2061 3254 2116 Basilius
3301 2059 3488 2114 homil.
3542 2057 3597 2111 in
3647 2057 3734 2124 fa-

2169 2179 2301 2216 mem
2357 2177 2410 2230 p.
2473 2161 2572 2222 70,
2630 2167 2902 2228 peccatum
2959 2154 3357 2224 primigenium,
3418 2151 3736 2204 cibariorum

2171 2253 2467 2320 largitione.
2508 2246 2960 2315 Quemadmodum
2997 2245 3133 2298 enim
3175 2241 3348 2296 Adam
3383 2239 3615 2308 improbo
3645 2255 3736 2291 esu

2167 2350 2434 2412 peccatum
2485 2339 2776 2392 transmisit
2825 2351 2846 2390 :
2884 2337 2960 2390 sic
3011 2352 3104 2388 nos
3158 2332 3497 2387 insidiantem
3562 2345 3733 2384 escam

2169 2434 2461 2496 abolemus,
2503 2432 2550 2486 si
2589 2430 2776 2500 fratris
2822 2428 3184 2482 necessitatem
3240 2424 3530 2492 famemque
3578 2436 3736 2472 cura-

2169 2542 2307 2580 mus.
2340 2523 2400 2578 Ει
2436 2525 2490 2577 in
2528 2521 2666 2591 psal.
2703 2537 2831 2575 χχιιι
2894 2519 2984 2585 (p.
3027 2516 3164 2588 ιεθ)
3199 2534 3215 2570 :
3258 2513 3485 2568 Pulcher
3527 2510 3738 2582 quidem

2167 2633 2335 2675 eram,
2384 2612 2585 2684 inquit,
2642 2611 2926 2666 secundum
2972 2619 3242 2671 naturam,
3283 2605 3372 2661 sed
3417 2604 3734 2674 languidus,

2167 2717 2442 2777 propterea
2468 2703 2606 2775 quod
2637 2719 2702 2758 ex
2732 2700 2982 2769 serpentis
3021 2698 3231 2752 insidiis
3260 2705 3470 2764 peccato
3493 2706 3736 2748 mortuus

2167 2816 2333 2854 eram.
2359 2798 2498 2852 Alibi
2543 2798 2620 2861 (in
2650 2795 2786 2862 psal.
2838 2809 3012 2857 xxx",
3051 2808 3105 2862 p.
3163 2788 3284 2862 152)
3324 2795 3478 2841 vocat
3512 2801 3736 2855 serpen-

2169 2900 2276 2946 tem
2331 2890 2538 2961 peccati
2581 2895 2884 2942 auctorem.
2948 2884 3151 2938 Ibidem
3187 2881 3261 2950 (p.
3312 2879 3434 2946 155)
3465 2897 3478 2932 :
3513 2876 3738 2944 Propter

2170 2982 2654 3037 condemnationem
2686 2979 2738 3031 in
2771 2994 2865 3030 nos
2892 2975 2954 3028 ob
2989 2983 3261 3044 peccatum
3299 2971 3567 3040 prolatam
3595 2977 3738 3021 terra

2170 3073 2417 3132 dicimur,
2467 3087 2561 3123 nos
2588 3069 2678 3137 qui
2721 3083 2751 3118 a
2791 3065 2893 3119 Deo
2942 3063 3291 3118 audivimus:
3333 3079 3353 3110 ‹
3395 3059 3559 3113 Terra
3589 3073 3667 3120 es,
3686 3067 3736 3110 et

487 3141 762 3212 jurgium,
793 3159 912 3213 quae
953 3159 1018 3198 ex
1062 3147 1244 3200 radice
1285 3149 1490 3203 amoris
1534 3149 1721 3218 gloria:
1761 3152 2047 3219 pullulant.
2094 3144 2136 3201 C
2170 3165 2226 3216 in
2255 3173 2447 3215 terram
2477 3161 2597 3212 ibis.
2634 3177 2651 3209 ι
2689 3155 2750 3209 Et
2781 3157 2834 3208 in
2865 3155 3003 3223 psal.
3042 3169 3213 3207 χχχιιι
3249 3154 3322 3220 (p.
3364 3149 3486 3219 158)
3515 3167 3528 3202 :
3554 3147 3739 3213 Quan-

497 3232 651 3288 Unde
695 3235 774 3289 sic
812 3235 1128 3290 concludit:
1192 3237 1251 3292 Si
1299 3241 1416 3308 quis
1442 3281 1456 3304 ,
1508 3243 1691 3310 igitur,
1723 3244 1812 3296 ubi
1847 3261 1901 3298 se
1949 3247 2058 3313 ipse

492 3326 652 3378 semel
695 3327 1109 3382 condemnarerit
1153 3330 1362 3384 invidia:
1412 3341 1504 3384 aut
1536 3333 1736 3402 jurgii,
1772 3336 1825 3388 in
1880 3335 2059 3389 eadem

495 3433 680 3470 rursus
726 3419 956 3506 incidat;
993 3423 1189 3475 noverit
1231 3439 1283 3475 se
1322 3439 1386 3475 ex
1427 3426 1684 3492 primaria
1733 3427 1942 3481 invidia:
1972 3439 2063 3483 aut

485 3509 656 3581 jurgii
686 3528 868 3575 causa,
897 3515 1078 3580 gloria:
1117 3517 1291 3569 studio
1317 3519 1372 3571 in
1396 3519 1592 3571 intimis
1621 3517 1885 3574 laborare.

565 3648 848 3715 Ejusmodi
906 3667 1038 3718 ergo
1089 3663 1310 3719 peccata
1362 3665 1706 3709 sacerootum
1762 3656 2065 3725 prudentiae

491 3741 735 3794 curanda
778 3744 1271 3811 permittebantur:
1321 3745 1416 3800 sed
1456 3762 1562 3800 non
1608 3747 1813 3802 ideirco
1848 3749 2064 3804 confes-

491 3831 667 3886 sionis
709 3833 813 3903 legi
862 3834 1347 3892 subtrahebantur.
1397 3841 1575 3907 Atque
1633 3841 1687 3894 id
1737 3841 2065 3896 confirmare

492 3934 787 3990 possumus
817 3925 1133 3979 testimonio
1164 3925 1411 3996 Gregoril
1447 3927 1696 4000 Nysseni,
1730 3932 1823 4000 qui
1854 3947 1976 3985 cum
2009 3933 2064 3986 in

491 4013 722 4080 epistola
755 4015 1018 4070 canonica
1042 4027 1325 4086 queratur,
1353 4020 1498 4089 quod
1534 4020 1601 4075 de
1631 4023 1910 4078 nonnullis
1939 4039 2066 4093 pec-

493 4103 670 4164 catis,
723 4106 904 4173 qualia
953 4115 1082 4160 sunt
1146 4110 1392 4164 convicia
1443 4112 1520 4181 (p.
1571 4113 1731 4184 119),
1776 4117 2063 4172 maledicta

494 4195 572 4262 (p.
622 4194 787 4265 121),
821 4212 988 4251 usura
1031 4207 1086 4253 et
1131 4201 1436 4256 alienarum
1485 4219 1667 4257 rerum
1715 4205 1818 4260 sub
1859 4207 2061 4277 negotii

493 4292 756 4354 praetextu
789 4299 1013 4357 raptus,
1046 4291 1253 4344 conditi
1299 4308 1328 4345 a
1368 4291 1621 4349 Palribus
1665 4311 1905 4353 canones
1954 4315 2063 4354 non

495 4376 720 4441 fuerint,
768 4394 866 4433 nec
911 4389 1119 4434 tantum
1152 4384 1254 4436 sibi
1292 4386 1639 4443 auctoritatis
1689 4400 1972 4454 assumat,
2003 4400 2064 4445 ut

2169 3255 2447 3327 doquidem
2479 3255 2537 3316 ii,
2568 3254 2656 3322 qui
2688 3251 2802 3305 ideo
2835 3248 3000 3302 creati
3028 3255 3179 3301 erant
3215 3253 3271 3296 ut
3305 3242 3524 3295 Domino
3575 3238 3738 3292 serui-

2169 3356 2319 3408 rent,
2375 3344 2468 3398 sub
2518 3341 2718 3395 inimici
2765 3338 3012 3396 servitute
3069 3331 3467 3395 detinebantur,
3518 3328 3738 3380 illorum

2176 3442 2381 3496 animas
2404 3439 2630 3506 pretioso
2655 3451 2751 3489 suo
2781 3433 3039 3503 sanguine
3059 3429 3300 3484 redimet.

2239 3570 2391 3639 Scepe
2418 3569 2553 3621 alias
2581 3565 2818 3621 Basilius
2846 3564 2912 3618 de
2951 3569 3172 3631 peccato
3209 3556 3506 3626 primorum
3539 3563 3740 3621 paren-

2167 3674 2278 3717 tum
2333 3661 2592 3730 loquitur,
2627 3666 2686 3710 ut
2729 3657 2796 3711 de
2831 3655 2992 3723 culpa
3046 3661 3390 3718 nequaquam
3439 3640 3635 3696 Adami
3684 3647 3742 3694 et

2167 3753 2290 3807 Evae
2321 3751 2560 3822 propria,
2609 3749 2703 3804 sed
2756 3747 2824 3801 ad
2871 3757 3061 3801 eorum
3113 3751 3359 3812 posteros
3409 3735 3739 3806 pertinente.

2165 3844 2425 3907 Adamus,
2462 3844 2636 3913 inquit
2675 3842 2729 3895 in
2757 3839 2948 3894 homil.
2990 3837 3059 3892 de
3117 3849 3205 3895 eo.
3259 3830 3411 3896 Quod
3458 3829 3598 3882 Deus
3634 3843 3740 3881 non

2164 3947 2245 3992 est
2299 3946 2485 3990 auctor
2517 3935 2785 3988 malorum
2831 3933 2985 3988 (tom.
3019 3925 3084 3989 ll,
3124 3942 3180 3996 p.
3213 3923 3325 3993 79),
3371 3917 3654 3975 secedendo
3705 3934 3742 3970 α

2165 4029 2273 4082 Deo
2309 4039 2527 4082 mortem
2565 4024 2813 4078 conscivit
2845 4021 2947 4085 sibi
2982 4019 3106 4089 ipsi,
3125 4017 3286 4086 juxta
3329 4013 3384 4067 id
3423 4010 3565 4080 quod
3603 4009 3741 4063 scri-

2163 4131 2310 4190 ptum
2339 4128 2415 4173 est
2449 4134 2469 4173 :
2507 4138 2525 4169 (
2561 4117 2690 4170 Ecce
2716 4116 2803 4185 qui
2826 4114 3071 4182 elongant
3102 4126 3156 4163 se
3185 4125 3217 4160 a
3249 4116 3315 4170 te,
3347 4103 3587 4173 peribunt
3609 4101 3678 4154 ⁸³.
3715 4118 3736 4152 ο

2165 4211 2255 4265 Sic
2285 4227 2387 4263 non
2416 4209 2609 4263 creavit
2641 4207 2781 4260 Deus
2815 4213 3057 4266 mortem,
3086 4199 3176 4254 sed
3199 4214 3292 4252 nos
3327 4197 3481 4250 nobis
3507 4193 3638 4261 ipsis
3673 4206 3744 4244 ex

2165 4319 2330 4369 prava
2354 4311 2522 4356 mente
2554 4317 2670 4355 eam
2696 4289 3087 4352 accersivimus.
3129 4291 3245 4344 Non
3271 4286 3631 4344 omittendum
3655 4291 3745 4338 est

2169 4397 2381 4466 insigne
2425 4393 2799 4448 testimonium
2843 4405 2909 4444 ex
2957 4387 3117 4456 epist.
3161 4383 3288 4445 261,
3325 4397 3383 4434 n.
3431 4378 3488 4442 2,
3534 4377 3626 4432 ubi
3658 4376 3744 4432 sic

493 4467 764 4532 ejusmodi
808 4472 1109 4525 constituat
1159 4488 1430 4540 canones;
1472 4477 1585 4532 haec
1616 4487 1796 4534 tamen
1841 4493 2060 4552 peccata
2093 4489 2141 4548 Ι)
2166 4488 2404 4556 loquitur
2427 4485 2699 4540 Basilius:
2747 4479 2948 4549 Itaque,
2983 4480 3030 4533 si
3081 4475 3293 4530 Domini
3333 4474 3392 4525 in
3443 4485 3602 4523 carne
3641 4467 3746 4520 ad-

491 4557 825 4613 confessioni
899 4562 1145 4631 subjecta
1199 4581 1322 4621 esse
1374 4569 1660 4626 manifeste
1708 4572 1945 4638 indicat,
1997 4590 2059 4630 ac

491 4663 709 4706 summo
753 4653 936 4708 studio
981 4671 1010 4708 a
1059 4657 1438 4715 sacerdotibus
1480 4665 1746 4719 curanda.
1789 4664 1880 4721 Sic
1917 4669 2061 4722 enim

492 4736 734 4808 loquitur
753 4741 821 4795 de
847 4742 940 4797 illo
969 4743 1111 4798 inter
1137 4749 1531 4816 negotiandum
1557 4754 1748 4809 aliena:
1768 4757 1843 4811 rei
1869 4767 2061 4827 raptu:

501 4828 562 4882 '0
589 4829 646 4882 δὲ
671 4830 736 4884 δι’
765 4829 1106 4904 ὑφαιρέσεως
1129 4836 1496 4912 λανθανούσης
1525 4844 1978 4918 σφετεριζόμενος
2002 4850 2064 4902 τὸ

490 4919 786 5011 ἀλλότριον,
835 4919 952 4977 εἶτα
1013 4926 1079 4980 δι’
1129 4927 1531 5002 ἐξαγορεύσεως
1572 4935 1634 4988 τὸ
1683 4937 2064 5011 πλημμέλημα

491 5010 656 5063 αὑτοῦ
687 5012 764 5082 τῷ
793 5015 928 5085 ἱερεῖ
955 5017 1296 5088 φανερώσας,
1325 5021 1426 5091 τῆς
1453 5023 1579 5093 περὶ
1607 5024 1668 5077 τὸ
1700 5025 1942 5081 ἐναντίον
1968 5010 2063 5082 τοῦ

496 5099 699 5163 πάθους
730 5104 930 5175 σπουδῇ
967 5105 1296 5177 θεραπεύσει.
1324 5110 1422 5181 τὴν
1455 5113 1768 5184 ἀρρωστίαν
1789 5132 1802 5144 ·
1837 5117 1980 5186 λέγω
2007 5119 2064 5175 δὲ

489 5189 579 5241 διὰ
610 5190 702 5279 τού
736 5191 809 5279 τα
835 5197 1107 5279 προσόντα
1137 5200 1395 5271 παρέχειν
1426 5207 1540 5266 τοῖς
1578 5203 1826 5274 πένησιν.
1861 5208 1946 5260 ἵνα
1989 5209 2066 5279 τῷ

492 5274 754 5365 προέσθαι
787 5276 823 5329 ἃ
855 5277 1004 5348 ἔχει,
1036 5285 1266 5355 φανερὸς
1322 5287 1549 5358 γένηται
1596 5291 1916 5362 καθαρεύων
1963 5274 2062 5365 τῆς

490 5359 636 5413 κατὰ
665 5360 975 5431 πλεονεξίαν
1001 5368 1155 5422 νόσου
1180 5388 1193 5401 ο
1217 5372 1264 5424 εἰ
1288 5372 1346 5426 δὲ
1371 5374 1537 5445 μηδὲν
1567 5375 1700 5447 ἔχοι,
1735 5359 1892 5449 μόνον
1917 5382 1972 5436 δὲ

492 5454 651 5524 σῶμα
685 5453 818 5524 ἔχοι,
853 5457 1064 5513 κελεύει
1093 5465 1120 5515 ὁ
1150 5463 1484 5533 Ἀπόστολος,
1518 5467 1605 5521 διὰ
1628 5469 1722 5526 τοῦ
1752 5476 2062 5548 σωματικοῦ

565 5720 608 5752 δ’
647 5720 843 5788 LpIieS.
881 5739 952 5790 ιν,
988 5723 1079 5779 28.
1156 5722 1199 5754 ⁸³
1229 5723 1561 5794 Psal.usu,
1591 5724 1679 5780 27.

2165 4589 2347 4634 ventus
2375 4594 2478 4632 non
2518 4576 2639 4646 fuit,
2667 4591 2771 4628 non
2800 4572 2945 4626 dedit
2973 4569 3284 4635 Redemptor
3313 4581 3406 4633 pro
3441 4562 3588 4616 nobis
3619 4577 3745 4630 pre-

2167 4673 2299 4726 tium
2329 4671 2511 4731 morti,
2534 4684 2625 4722 nec
2647 4682 2738 4736 per
2768 4665 2995 4732 seipsum
3027 4661 3213 4715 mortis
3246 4673 3460 4727 regnum
3488 4653 3740 4708 resecuit.

2173 4760 2230 4815 Si
2265 4761 2403 4814 enim
2433 4756 2581 4811 aliud
2603 4767 2758 4818 esset,
2798 4751 2939 4823 quod
2971 4749 3158 4803 mortis
3191 4747 3406 4814 imperio
3443 4744 3744 4812 subjectum

2169 4863 2305 4916 erat,
2336 4850 2485 4904 aliud
2514 4847 2650 4919 quod
2673 4853 3003 4914 assumptum
3042 4859 3074 4894 a
3114 4839 3335 4893 Domino
3357 4853 3377 4901 ;
3416 4853 3518 4889 non
3549 4834 3746 4888 desiis-

2169 4955 2244 4999 set
2277 4960 2415 4998 mors
2446 4959 2508 4995 ea
2529 4956 2644 5010 qua:
2682 4955 2783 4992 sua
2817 4946 2959 4999 sunt,
3002 4933 3229 5003 operari,
3263 4947 3353 4984 nec
3387 4929 3593 4981 lucrum
3645 4942 3745 4980 no-

2169 5049 2340 5093 strum
2375 5037 2532 5103 facta:
2567 5034 2787 5103 fuissent
2829 5029 3040 5097 deifera:
3069 5025 3244 5080 carnis
3270 5022 3540 5090 passiones
3578 5034 3596 5072 :
3635 5034 3747 5072 non

2168 5127 2512 5182 interemisset
2550 5131 2821 5193 peccatum
2863 5122 2915 5174 in
2967 5135 3122 5172 carne
3159 5133 3176 5172 :
3220 5133 3320 5169 non
3363 5112 3575 5165 Christo
3607 5112 3744 5164 viri-

2169 5218 2316 5287 ﬁcati
2342 5217 2648 5286 fuissemus,
2682 5212 2771 5282 qui
2800 5225 3011 5264 eramus
3045 5208 3099 5260 in
3137 5206 3344 5259 Adamo
3373 5202 3606 5265 mortui;
3637 5217 3749 5253 non

2177 5317 2443 5363 resartum
2478 5305 2688 5374 fuisset,
2714 5300 2852 5372 quod
2890 5300 3179 5368 collapsum
3208 5304 3358 5358 erat;
3401 5309 3502 5346 non
3534 5293 3752 5345 instau-

2174 5410 2374 5465 ratum,
2440 5395 2578 5468 quod
2622 5394 2991 5464 confractum;
3053 5406 3157 5444 non
3215 5386 3549 5456 conjunctum
3606 5381 3748 5446 Deo,

2177 5490 2316 5566 quod
2347 5488 2598 5557 serpentis
2624 5484 2813 5556 fraude
2849 5484 3022 5555 fuerat
3051 5478 3430 5534 abalienatum.
3460 5474 3516 5530 ln
3557 5473 3705 5529 libro
3731 5486 3750 5526 ι
