  <div class='ocr_page' id='page_1' title='image "/cluster/home/n/w/nwhite01/storage/ocr_20150623/32/nnc1.0046978879/038.png"; bbox 0 0 3900 6212; ppageno 0'>
   <div class='ocr_carea' id='block_1_1' title="bbox 136 361 3367 428">
    <p class='ocr_par' dir='ltr' id='par_1_1' title="bbox 136 361 3367 428">
     <span class='ocr_line' id='line_1_1' title="bbox 136 361 3367 428; baseline 0.003 -10"><span class='ocrx_word' id='word_1_1' title='bbox 136 361 189 418; x_wconf 79' lang='grc' dir='ltr'><strong><em>ϐί</em></strong></span> <span class='ocrx_word' id='word_1_2' title='bbox 1522 367 1912 424; x_wconf 65' lang='grc' dir='ltr'><strong><em>ΡΒιΕῈΑΤΙΟ.</em></strong></span> <span class='ocrx_word' id='word_1_3' title='bbox 3303 372 3367 428; x_wconf 75' lang='grc'><strong><em>69</em></strong></span> 
     </span>
    </p>
   </div>
   <div class='ocr_carea' id='block_1_2' title="bbox 136 473 3364 553">
    <p class='ocr_par' dir='ltr' id='par_1_2' title="bbox 136 473 3364 553">
     <span class='ocr_line' id='line_1_2' title="bbox 136 473 3364 553; baseline 0.003 -27"><span class='ocrx_word' id='word_1_4' title='bbox 136 474 204 530; x_wconf 85' lang='lat' dir='ltr'><strong><em>De</em></strong></span> <span class='ocrx_word' id='word_1_5' title='bbox 248 473 504 542; x_wconf 86' lang='lat' dir='ltr'><strong><em>baptismo</em></strong></span> <span class='ocrx_word' id='word_1_6' title='bbox 565 474 681 527; x_wconf 63' lang='lat' dir='ltr'><strong><em>haec</em></strong></span> <span class='ocrx_word' id='word_1_7' title='bbox 725 474 983 544; x_wconf 72' lang='lat' dir='ltr'><strong><em>leguntur</em></strong></span> <span class='ocrx_word' id='word_1_8' title='bbox 1033 477 1177 544; x_wconf 86' lang='lat' dir='ltr'><strong><em>(cap.</em></strong></span> <span class='ocrx_word' id='word_1_9' title='bbox 1209 475 1264 541; x_wconf 88' lang='lat'><strong><em>2,</em></strong></span> <span class='ocrx_word' id='word_1_10' title='bbox 1295 491 1351 529; x_wconf 83' lang='grc' dir='ltr'><strong><em>ιι.</em></strong></span> <span class='ocrx_word' id='word_1_11' title='bbox 1374 474 1440 544; x_wconf 52' lang='grc'><strong><em>,7)</em></strong></span> <span class='ocrx_word' id='word_1_12' title='bbox 1485 494 1496 534; x_wconf 90' lang='lat'><strong>:</strong></span> <span class='ocrx_word' id='word_1_13' title='bbox 1546 474 1692 530; x_wconf 83' lang='lat' dir='ltr'><strong><em>Illud</em></strong></span> <span class='ocrx_word' id='word_1_14' title='bbox 1724 484 1768 540; x_wconf 78' lang='grc' dir='ltr'>Α</span> <span class='ocrx_word' id='word_1_15' title='bbox 1798 495 1901 532; x_wconf 87' lang='lat' dir='ltr'><strong><em>non</em></strong></span> <span class='ocrx_word' id='word_1_16' title='bbox 1945 478 2240 547; x_wconf 65' lang='lat' dir='ltr'><strong><em>accepisti?</em></strong></span> <span class='ocrx_word' id='word_1_17' title='bbox 2273 477 2411 548; x_wconf 89' lang='lat' dir='ltr'><strong><em>quod</em></strong></span> <span class='ocrx_word' id='word_1_18' title='bbox 2453 479 2501 532; x_wconf 94' lang='lat' dir='ltr'><strong><em>si</em></strong></span> <span class='ocrx_word' id='word_1_19' title='bbox 2541 479 2700 532; x_wconf 91' lang='lat' dir='ltr'><strong><em>etiam</em></strong></span> <span class='ocrx_word' id='word_1_20' title='bbox 2753 480 3017 548; x_wconf 83' lang='lat' dir='ltr'><strong><em>accepisti.</em></strong></span> <span class='ocrx_word' id='word_1_21' title='bbox 3076 497 3200 550; x_wconf 78' lang='lat' dir='ltr'><strong><em>quia</em></strong></span> <span class='ocrx_word' id='word_1_22' title='bbox 3257 486 3364 553; x_wconf 87' lang='lat' dir='ltr'><strong><em>glo.</em></strong></span> 
     </span>
    </p>
   </div>
   <div class='ocr_carea' id='block_1_3' title="bbox 134 565 1698 638">
    <p class='ocr_par' dir='ltr' id='par_1_3' title="bbox 134 565 1698 638">
     <span class='ocr_line' id='line_1_3' title="bbox 134 565 1698 638; baseline 0.003 -19"><span class='ocrx_word' id='word_1_23' title='bbox 134 568 301 636; x_wconf 84' lang='lat' dir='ltr'><strong><em>igitur,</em></strong></span> <span class='ocrx_word' id='word_1_24' title='bbox 319 585 338 616; x_wconf 75' lang='grc' dir='ltr'><strong><em>ι</em></strong></span> <span class='ocrx_word' id='word_1_25' title='bbox 358 565 585 627; x_wconf 79' lang='lat' dir='ltr'><strong><em>denuo,t</em></strong></span> <span class='ocrx_word' id='word_1_26' title='bbox 605 565 842 619; x_wconf 89' lang='lat' dir='ltr'><strong><em>arbitror</em></strong></span> <span class='ocrx_word' id='word_1_27' title='bbox 867 567 1060 634; x_wconf 77' lang='lat' dir='ltr'><strong><em>prioris</em></strong></span> <span class='ocrx_word' id='word_1_28' title='bbox 1089 567 1462 637; x_wconf 73' lang='lat' dir='ltr'><strong><em>generationis,</em></strong></span> <span class='ocrx_word' id='word_1_29' title='bbox 1496 585 1618 638; x_wconf 67' lang='lat' dir='ltr'><strong><em>qua</em></strong></span> <span class='ocrx_word' id='word_1_30' title='bbox 1643 570 1698 623; x_wconf 88' lang='lat' dir='ltr'><strong><em>in</em></strong></span> 
     </span>
    </p>
   </div>
   <div class='ocr_carea' id='block_1_4' title="bbox 128 656 1695 728">
    <p class='ocr_par' dir='ltr' id='par_1_4' title="bbox 128 656 1695 728">
     <span class='ocr_line' id='line_1_4' title="bbox 128 656 1695 728; baseline 0.001 -17"><span class='ocrx_word' id='word_1_31' title='bbox 128 668 446 728; x_wconf 68' lang='lat' dir='ltr'><strong><em>peccatorum</em></strong></span> <span class='ocrx_word' id='word_1_32' title='bbox 475 656 723 711; x_wconf 88' lang='lat' dir='ltr'><strong><em>sordibus</em></strong></span> <span class='ocrx_word' id='word_1_33' title='bbox 753 658 901 726; x_wconf 89' lang='lat' dir='ltr'><strong><em>facta</em></strong></span> <span class='ocrx_word' id='word_1_34' title='bbox 942 667 1041 722; x_wconf 87' lang='lat' dir='ltr'><strong><em>est,</em></strong></span> <span class='ocrx_word' id='word_1_35' title='bbox 1071 658 1491 712; x_wconf 90' lang='lat' dir='ltr'><strong><em>emendationem</em></strong></span> <span class='ocrx_word' id='word_1_36' title='bbox 1517 673 1695 714; x_wconf 87' lang='lat' dir='ltr'><strong><em>osten-</em></strong></span> 
     </span>
    </p>
   </div>
   <div class='ocr_carea' id='block_1_5' title="bbox 127 751 1696 821">
    <p class='ocr_par' dir='ltr' id='par_1_5' title="bbox 127 751 1696 821">
     <span class='ocr_line' id='line_1_5' title="bbox 127 751 1696 821; baseline 0.001 -15"><span class='ocrx_word' id='word_1_37' title='bbox 127 755 254 810; x_wconf 87' lang='lat' dir='ltr'><strong><em>dere.</em></strong></span> <span class='ocrx_word' id='word_1_38' title='bbox 285 769 405 806; x_wconf 87' lang='lat' dir='ltr'><strong><em>cum</em></strong></span> <span class='ocrx_word' id='word_1_39' title='bbox 431 751 533 806; x_wconf 79' lang='lat' dir='ltr'><strong><em>Job</em></strong></span> <span class='ocrx_word' id='word_1_40' title='bbox 560 751 704 804; x_wconf 84' lang='lat' dir='ltr'><strong><em>dicat</em></strong></span> <span class='ocrx_word' id='word_1_41' title='bbox 736 768 754 805; x_wconf 89' lang='lat'><strong><em>:</em></strong></span> <span class='ocrx_word' id='word_1_42' title='bbox 795 771 814 803; x_wconf 87' lang='grc'>‹</span> <span class='ocrx_word' id='word_1_43' title='bbox 850 751 1020 806; x_wconf 83' lang='lat' dir='ltr'><strong><em>Nemo</em></strong></span> <span class='ocrx_word' id='word_1_44' title='bbox 1057 768 1223 821; x_wconf 86' lang='lat' dir='ltr'><strong><em>purus</em></strong></span> <span class='ocrx_word' id='word_1_45' title='bbox 1261 764 1338 806; x_wconf 87' lang='lat' dir='ltr'><strong><em>est</em></strong></span> <span class='ocrx_word' id='word_1_46' title='bbox 1363 770 1396 806; x_wconf 91' lang='lat' dir='ltr'><strong><em>a</em></strong></span> <span class='ocrx_word' id='word_1_47' title='bbox 1420 753 1696 820; x_wconf 79' lang='lat' dir='ltr'><strong><em>sordibus,</em></strong></span> 
     </span>
    </p>
   </div>
   <div class='ocr_carea' id='block_1_6' title="bbox 127 843 1696 912">
    <p class='ocr_par' dir='ltr' id='par_1_6' title="bbox 127 843 1696 912">
     <span class='ocr_line' id='line_1_6' title="bbox 127 843 1696 912; baseline -0.001 -15"><span class='ocrx_word' id='word_1_48' title='bbox 127 861 183 898; x_wconf 86' lang='lat' dir='ltr'><strong><em>ne</em></strong></span> <span class='ocrx_word' id='word_1_49' title='bbox 203 846 250 897; x_wconf 93' lang='lat' dir='ltr'><strong><em>si</em></strong></span> <span class='ocrx_word' id='word_1_50' title='bbox 283 861 420 897; x_wconf 86' lang='lat' dir='ltr'><strong><em>unus</em></strong></span> <span class='ocrx_word' id='word_1_51' title='bbox 449 843 658 912; x_wconf 78' lang='lat' dir='ltr'><strong><em>quidem</em></strong></span> <span class='ocrx_word' id='word_1_52' title='bbox 708 843 823 897; x_wconf 85' lang='lat' dir='ltr'><strong><em>dies</em></strong></span> <span class='ocrx_word' id='word_1_53' title='bbox 851 845 920 896; x_wconf 85' lang='lat' dir='ltr'><strong><em>sit</em></strong></span> <span class='ocrx_word' id='word_1_54' title='bbox 951 845 1060 896; x_wconf 86' lang='lat' dir='ltr'><strong><em>uita</em></strong></span> <span class='ocrx_word' id='word_1_55' title='bbox 1103 844 1216 912; x_wconf 89' lang='lat' dir='ltr'><strong><em>ejus</em></strong></span> <span class='ocrx_word' id='word_1_56' title='bbox 1246 844 1322 908; x_wconf 78' lang='lat'><strong><em>“;</em></strong></span> <span class='ocrx_word' id='word_1_57' title='bbox 1373 863 1392 895; x_wconf 70' lang='grc' dir='ltr'>δ</span> <span class='ocrx_word' id='word_1_58' title='bbox 1428 853 1477 898; x_wconf 92' lang='lat' dir='ltr'><strong><em>et</em></strong></span> <span class='ocrx_word' id='word_1_59' title='bbox 1523 843 1696 897; x_wconf 82' lang='lat' dir='ltr'><strong><em>David</em></strong></span> 
     </span>
    </p>
   </div>
   <div class='ocr_carea' id='block_1_7' title="bbox 129 931 1694 1003">
    <p class='ocr_par' dir='ltr' id='par_1_7' title="bbox 129 931 1694 1003">
     <span class='ocr_line' id='line_1_7' title="bbox 129 931 1694 1003; baseline 0 -17"><span class='ocrx_word' id='word_1_60' title='bbox 129 935 313 1003; x_wconf 89' lang='lat' dir='ltr'><strong><em>lugeat,</em></strong></span> <span class='ocrx_word' id='word_1_61' title='bbox 339 950 401 986; x_wconf 88' lang='lat' dir='ltr'><strong><em>ac</em></strong></span> <span class='ocrx_word' id='word_1_62' title='bbox 433 933 578 986; x_wconf 84' lang='lat' dir='ltr'><strong><em>dicat</em></strong></span> <span class='ocrx_word' id='word_1_63' title='bbox 605 949 623 986; x_wconf 90' lang='lat'><strong><em>:</em></strong></span> <span class='ocrx_word' id='word_1_64' title='bbox 661 950 680 983; x_wconf 76' lang='grc' dir='ltr'><strong>ε</strong></span> <span class='ocrx_word' id='word_1_65' title='bbox 724 931 791 986; x_wconf 88' lang='lat' dir='ltr'><strong><em>In</em></strong></span> <span class='ocrx_word' id='word_1_66' title='bbox 832 931 1200 1002; x_wconf 88' lang='lat' dir='ltr'><strong><em>iniquitatibus</em></strong></span> <span class='ocrx_word' id='word_1_67' title='bbox 1243 943 1520 1003; x_wconf 87' lang='lat' dir='ltr'><strong><em>conceptus</em></strong></span> <span class='ocrx_word' id='word_1_68' title='bbox 1555 950 1694 996; x_wconf 90' lang='lat' dir='ltr'><strong><em>sum,</em></strong></span> 
     </span>
    </p>
   </div>
   <div class='ocr_carea' id='block_1_8' title="bbox 125 1024 1697 1094">
    <p class='ocr_par' dir='ltr' id='par_1_8' title="bbox 125 1024 1697 1094">
     <span class='ocr_line' id='line_1_8' title="bbox 125 1024 1697 1094; baseline -0.001 -14"><span class='ocrx_word' id='word_1_69' title='bbox 125 1038 170 1080; x_wconf 75' lang='lat' dir='ltr'><strong><em>st</em></strong></span> <span class='ocrx_word' id='word_1_70' title='bbox 192 1029 241 1080; x_wconf 89' lang='lat' dir='ltr'><strong><em>in</em></strong></span> <span class='ocrx_word' id='word_1_71' title='bbox 261 1027 483 1094; x_wconf 85' lang='lat' dir='ltr'><strong><em>peccatis</em></strong></span> <span class='ocrx_word' id='word_1_72' title='bbox 516 1025 749 1092; x_wconf 81' lang='lat' dir='ltr'><strong><em>concepit</em></strong></span> <span class='ocrx_word' id='word_1_73' title='bbox 771 1040 852 1076; x_wconf 88' lang='lat' dir='ltr'><strong><em>me</em></strong></span> <span class='ocrx_word' id='word_1_74' title='bbox 883 1033 1049 1076; x_wconf 86' lang='lat' dir='ltr'><strong><em>mater</em></strong></span> <span class='ocrx_word' id='word_1_75' title='bbox 1078 1040 1193 1078; x_wconf 88' lang='lat' dir='ltr'><strong><em>mea</em></strong></span> <span class='ocrx_word' id='word_1_76' title='bbox 1218 1024 1292 1087; x_wconf 64' lang='lat'><strong><em>‘5;</em></strong></span> <span class='ocrx_word' id='word_1_77' title='bbox 1317 1035 1398 1078; x_wconf 70' lang='lat' dir='ltr'><strong><em>iet</em></strong></span> <span class='ocrx_word' id='word_1_78' title='bbox 1412 1025 1697 1093; x_wconf 82' lang='lat' dir='ltr'><strong><em>Apostolus</em></strong></span> 
     </span>
    </p>
   </div>
   <div class='ocr_carea' id='block_1_9' title="bbox 127 1115 1699 1186">
    <p class='ocr_par' dir='ltr' id='par_1_9' title="bbox 127 1115 1699 1186">
     <span class='ocr_line' id='line_1_9' title="bbox 127 1115 1699 1186; baseline -0.001 -16"><span class='ocrx_word' id='word_1_79' title='bbox 127 1119 198 1170; x_wconf 90' lang='lat' dir='ltr'><strong><em>ita</em></strong></span> <span class='ocrx_word' id='word_1_80' title='bbox 217 1126 534 1171; x_wconf 88' lang='lat' dir='ltr'><strong><em>contestetur</em></strong></span> <span class='ocrx_word' id='word_1_81' title='bbox 557 1131 576 1168; x_wconf 91' lang='lat'><em>:</em></span> <span class='ocrx_word' id='word_1_82' title='bbox 613 1133 632 1166; x_wconf 72' lang='grc' dir='ltr'>ι</span> <span class='ocrx_word' id='word_1_83' title='bbox 686 1115 881 1170; x_wconf 85' lang='lat' dir='ltr'><strong><em>Omnes</em></strong></span> <span class='ocrx_word' id='word_1_84' title='bbox 912 1116 1049 1168; x_wconf 89' lang='lat' dir='ltr'><strong><em>enim</em></strong></span> <span class='ocrx_word' id='word_1_85' title='bbox 1071 1124 1436 1184; x_wconf 77' lang='lat' dir='ltr'><strong><em>peccaverunt,</em></strong></span> <span class='ocrx_word' id='word_1_86' title='bbox 1472 1128 1520 1169; x_wconf 90' lang='lat' dir='ltr'><strong><em>et</em></strong></span> <span class='ocrx_word' id='word_1_87' title='bbox 1550 1124 1699 1186; x_wconf 88' lang='lat' dir='ltr'><strong><em>egent</em></strong></span> 
     </span>
    </p>
   </div>
   <div class='ocr_carea' id='block_1_10' title="bbox 126 1207 1698 1280">
    <p class='ocr_par' dir='ltr' id='par_1_10' title="bbox 126 1207 1698 1280">
     <span class='ocr_line' id='line_1_10' title="bbox 126 1207 1698 1280; baseline -0.002 -18"><span class='ocrx_word' id='word_1_88' title='bbox 126 1210 289 1280; x_wconf 85' lang='lat' dir='ltr'><strong><em>gloria</em></strong></span> <span class='ocrx_word' id='word_1_89' title='bbox 323 1209 439 1273; x_wconf 89' lang='lat' dir='ltr'><strong><em>Dei,</em></strong></span> <span class='ocrx_word' id='word_1_90' title='bbox 465 1209 753 1278; x_wconf 86' lang='lat' dir='ltr'><strong><em>justi/icati</em></strong></span> <span class='ocrx_word' id='word_1_91' title='bbox 792 1209 961 1277; x_wconf 89' lang='lat' dir='ltr'><strong><em>gratis</em></strong></span> <span class='ocrx_word' id='word_1_92' title='bbox 1003 1223 1095 1276; x_wconf 89' lang='lat' dir='ltr'><strong><em>per</em></strong></span> <span class='ocrx_word' id='word_1_93' title='bbox 1138 1207 1369 1276; x_wconf 85' lang='lat' dir='ltr'><strong><em>gratiam</em></strong></span> <span class='ocrx_word' id='word_1_94' title='bbox 1405 1207 1570 1274; x_wconf 87' lang='lat' dir='ltr'><strong><em>ipsius</em></strong></span> <span class='ocrx_word' id='word_1_95' title='bbox 1606 1222 1698 1275; x_wconf 87' lang='lat' dir='ltr'><strong><em>per</em></strong></span> 
     </span>
    </p>
   </div>
   <div class='ocr_carea' id='block_1_11' title="bbox 80 1296 1698 1372">
    <p class='ocr_par' dir='ltr' id='par_1_11' title="bbox 80 1296 1698 1372">
     <span class='ocr_line' id='line_1_11' title="bbox 80 1296 1698 1372; baseline -0.002 -18"><span class='ocrx_word' id='word_1_96' title='bbox 80 1299 88 1305; x_wconf 80' lang='grc'><strong>’</strong></span> <span class='ocrx_word' id='word_1_97' title='bbox 128 1303 518 1370; x_wconf 85' lang='lat' dir='ltr'><strong><em>redemptionem</em></strong></span> <span class='ocrx_word' id='word_1_98' title='bbox 546 1318 662 1372; x_wconf 75' lang='lat' dir='ltr'><strong><em>quae</em></strong></span> <span class='ocrx_word' id='word_1_99' title='bbox 687 1310 766 1355; x_wconf 88' lang='lat' dir='ltr'><strong><em>est</em></strong></span> <span class='ocrx_word' id='word_1_100' title='bbox 801 1303 856 1354; x_wconf 89' lang='lat' dir='ltr'><strong><em>in</em></strong></span> <span class='ocrx_word' id='word_1_101' title='bbox 880 1299 1098 1354; x_wconf 78' lang='lat' dir='ltr'><strong><em>Christo</em></strong></span> <span class='ocrx_word' id='word_1_102' title='bbox 1139 1296 1291 1365; x_wconf 82' lang='lat' dir='ltr'><strong><em>Jesu,</em></strong></span> <span class='ocrx_word' id='word_1_103' title='bbox 1329 1314 1478 1366; x_wconf 87' lang='lat' dir='ltr'><strong><em>quem</em></strong></span> <span class='ocrx_word' id='word_1_104' title='bbox 1508 1314 1698 1368; x_wconf 87' lang='lat' dir='ltr'><strong><em>propo-</em></strong></span> 
     </span>
    </p>
   </div>
   <div class='ocr_carea' id='block_1_12' title="bbox 128 1391 1697 1463">
    <p class='ocr_par' dir='ltr' id='par_1_12' title="bbox 128 1391 1697 1463">
     <span class='ocr_line' id='line_1_12' title="bbox 128 1391 1697 1463; baseline -0.001 -17"><span class='ocrx_word' id='word_1_105' title='bbox 128 1395 226 1446; x_wconf 86' lang='lat' dir='ltr'><strong><em>suit</em></strong></span> <span class='ocrx_word' id='word_1_106' title='bbox 284 1393 422 1447; x_wconf 87' lang='lat' dir='ltr'><strong><em>Deus</em></strong></span> <span class='ocrx_word' id='word_1_107' title='bbox 488 1394 914 1462; x_wconf 79' lang='lat' dir='ltr'><strong><em>propitiationem</em></strong></span> <span class='ocrx_word' id='word_1_108' title='bbox 968 1410 1060 1463; x_wconf 84' lang='lat' dir='ltr'><strong><em>per</em></strong></span> <span class='ocrx_word' id='word_1_109' title='bbox 1116 1391 1274 1462; x_wconf 81' lang='lat' dir='ltr'><strong><em>ﬁdem</em></strong></span> <span class='ocrx_word' id='word_1_110' title='bbox 1334 1393 1390 1446; x_wconf 91' lang='lat' dir='ltr'><strong><em>in</em></strong></span> <span class='ocrx_word' id='word_1_111' title='bbox 1442 1393 1697 1460; x_wconf 85' lang='lat' dir='ltr'><strong><em>sanguine</em></strong></span> 
     </span>
    </p>
   </div>
   <div class='ocr_carea' id='block_1_13' title="bbox 130 1483 1698 1554">
    <p class='ocr_par' dir='ltr' id='par_1_13' title="bbox 130 1483 1698 1554">
     <span class='ocr_line' id='line_1_13' title="bbox 130 1483 1698 1554; baseline -0.001 -17"><span class='ocrx_word' id='word_1_112' title='bbox 130 1485 287 1553; x_wconf 84' lang='lat' dir='ltr'><strong><em>ipsius</em></strong></span> <span class='ocrx_word' id='word_1_113' title='bbox 318 1485 385 1539; x_wconf 81' lang='lat'><strong><em>“.</em></strong></span> <span class='ocrx_word' id='word_1_114' title='bbox 420 1504 439 1536; x_wconf 75' lang='grc' dir='ltr'><strong><em>ι</em></strong></span> <span class='ocrx_word' id='word_1_115' title='bbox 474 1485 811 1552; x_wconf 82' lang='lat' dir='ltr'><strong><em>Quapropter</em></strong></span> <span class='ocrx_word' id='word_1_116' title='bbox 827 1485 986 1538; x_wconf 90' lang='lat' dir='ltr'><strong><em>etiam</em></strong></span> <span class='ocrx_word' id='word_1_117' title='bbox 1012 1494 1346 1554; x_wconf 88' lang='lat' dir='ltr'><strong><em>peccatorum</em></strong></span> <span class='ocrx_word' id='word_1_118' title='bbox 1366 1485 1514 1538; x_wconf 84' lang='lat' dir='ltr'><strong><em>venia</em></strong></span> <span class='ocrx_word' id='word_1_119' title='bbox 1537 1483 1698 1537; x_wconf 91' lang='lat' dir='ltr'><strong><em>datur</em></strong></span> 
     </span>
    </p>
   </div>
   <div class='ocr_carea' id='block_1_14' title="bbox 129 1575 1696 1645">
    <p class='ocr_par' dir='ltr' id='par_1_14' title="bbox 129 1575 1696 1645">
     <span class='ocr_line' id='line_1_14' title="bbox 129 1575 1696 1645; baseline 0.001 -17"><span class='ocrx_word' id='word_1_120' title='bbox 129 1577 466 1641; x_wconf 88' lang='lat' dir='ltr'><strong><em>credentibus,</em></strong></span> <span class='ocrx_word' id='word_1_121' title='bbox 502 1576 726 1630; x_wconf 88' lang='lat' dir='ltr'><strong><em>Dontino</em></strong></span> <span class='ocrx_word' id='word_1_122' title='bbox 758 1577 873 1644; x_wconf 90' lang='lat' dir='ltr'><strong><em>ipso</em></strong></span> <span class='ocrx_word' id='word_1_123' title='bbox 893 1575 1095 1630; x_wconf 87' lang='lat' dir='ltr'><strong><em>dicente</em></strong></span> <span class='ocrx_word' id='word_1_124' title='bbox 1125 1592 1142 1629; x_wconf 90' lang='lat'><strong><em>:</em></strong></span> <span class='ocrx_word' id='word_1_125' title='bbox 1181 1594 1198 1626; x_wconf 75' lang='grc' dir='ltr'><strong><em>ι</em></strong></span> <span class='ocrx_word' id='word_1_126' title='bbox 1236 1575 1342 1628; x_wconf 87' lang='lat' dir='ltr'><strong><em>Hic</em></strong></span> <span class='ocrx_word' id='word_1_127' title='bbox 1361 1584 1438 1629; x_wconf 90' lang='lat' dir='ltr'><strong><em>est</em></strong></span> <span class='ocrx_word' id='word_1_128' title='bbox 1474 1576 1696 1645; x_wconf 86' lang='lat' dir='ltr'><strong><em>sanguis</em></strong></span> 
     </span>
    </p>
   </div>
   <div class='ocr_carea' id='block_1_15' title="bbox 129 1668 1696 1737">
    <p class='ocr_par' dir='ltr' id='par_1_15' title="bbox 129 1668 1696 1737">
     <span class='ocr_line' id='line_1_15' title="bbox 129 1668 1696 1737; baseline 0 -16"><span class='ocrx_word' id='word_1_129' title='bbox 129 1687 265 1723; x_wconf 87' lang='lat' dir='ltr'><strong><em>meus</em></strong></span> <span class='ocrx_word' id='word_1_130' title='bbox 312 1671 429 1723; x_wconf 88' lang='lat' dir='ltr'><strong><em>novi</em></strong></span> <span class='ocrx_word' id='word_1_131' title='bbox 469 1671 802 1732; x_wconf 86' lang='lat' dir='ltr'><strong><em>testamenti,</em></strong></span> <span class='ocrx_word' id='word_1_132' title='bbox 843 1669 932 1737; x_wconf 88' lang='lat' dir='ltr'><strong><em>qui</em></strong></span> <span class='ocrx_word' id='word_1_133' title='bbox 966 1685 1061 1737; x_wconf 86' lang='lat' dir='ltr'><strong><em>pro</em></strong></span> <span class='ocrx_word' id='word_1_134' title='bbox 1105 1668 1286 1722; x_wconf 91' lang='lat' dir='ltr'><strong><em>multis</em></strong></span> <span class='ocrx_word' id='word_1_135' title='bbox 1324 1669 1614 1736; x_wconf 78' lang='lat' dir='ltr'><strong><em>effunditur</em></strong></span> <span class='ocrx_word' id='word_1_136' title='bbox 1642 1669 1696 1721; x_wconf 86' lang='lat' dir='ltr'><strong><em>in</em></strong></span> 
     </span>
    </p>
   </div>
   <div class='ocr_carea' id='block_1_16' title="bbox 129 1759 1696 1829">
    <p class='ocr_par' dir='ltr' id='par_1_16' title="bbox 129 1759 1696 1829">
     <span class='ocr_line' id='line_1_16' title="bbox 129 1759 1696 1829; baseline -0.001 -17"><span class='ocrx_word' id='word_1_137' title='bbox 129 1761 476 1814; x_wconf 90' lang='lat' dir='ltr'><strong><em>remissionem</em></strong></span> <span class='ocrx_word' id='word_1_138' title='bbox 505 1760 896 1828; x_wconf 75' lang='lat' dir='ltr'><strong><em>peccatorum&quot;</em></strong></span> <span class='ocrx_word' id='word_1_139' title='bbox 917 1779 930 1812; x_wconf 88' lang='lat'><strong>:</strong></span> <span class='ocrx_word' id='word_1_140' title='bbox 954 1779 972 1810; x_wconf 72' lang='grc' dir='ltr'><strong>ι</strong></span> <span class='ocrx_word' id='word_1_141' title='bbox 993 1760 1435 1829; x_wconf 86' lang='lat' dir='ltr'><strong><em>quemadmodum</em></strong></span> <span class='ocrx_word' id='word_1_142' title='bbox 1469 1759 1696 1826; x_wconf 79' lang='lat' dir='ltr'><strong><em>Aposto-</em></strong></span> 
     </span>
    </p>
   </div>
   <div class='ocr_carea' id='block_1_17' title="bbox 1802 574 3366 645">
    <p class='ocr_par' dir='ltr' id='par_1_17' title="bbox 1802 574 3366 645">
     <span class='ocr_line' id='line_1_17' title="bbox 1802 574 3366 645; baseline 0.006 -19"><span class='ocrx_word' id='word_1_143' title='bbox 1802 574 1963 628; x_wconf 91' lang='lat' dir='ltr'><strong><em>riaris</em></strong></span> <span class='ocrx_word' id='word_1_144' title='bbox 2012 578 2168 645; x_wconf 85' lang='lat' dir='ltr'><strong><em>quasi</em></strong></span> <span class='ocrx_word' id='word_1_145' title='bbox 2224 593 2326 629; x_wconf 90' lang='lat' dir='ltr'><strong><em>non</em></strong></span> <span class='ocrx_word' id='word_1_146' title='bbox 2378 578 2646 645; x_wconf 84' lang='lat' dir='ltr'><strong><em>acceperis</em></strong></span> <span class='ocrx_word' id='word_1_147' title='bbox 2687 577 2772 631; x_wconf 65' lang='grc' dir='ltr'><strong><em>⁸⁰ῗ</em></strong></span> <span class='ocrx_word' id='word_1_148' title='bbox 2828 596 2846 628; x_wconf 83' lang='grc'><strong>›</strong></span> <span class='ocrx_word' id='word_1_149' title='bbox 2913 575 3034 631; x_wconf 85' lang='grc' dir='ltr'><strong><em>Νοη</em></strong></span> <span class='ocrx_word' id='word_1_150' title='bbox 3091 589 3144 632; x_wconf 92' lang='lat' dir='ltr'><strong><em>tu</em></strong></span> <span class='ocrx_word' id='word_1_151' title='bbox 3200 579 3366 635; x_wconf 86' lang='lat' dir='ltr'><strong><em>Deum</em></strong></span> 
     </span>
    </p>
   </div>
   <div class='ocr_carea' id='block_1_18' title="bbox 1799 668 3366 742">
    <p class='ocr_par' dir='ltr' id='par_1_18' title="bbox 1799 668 3366 742">
     <span class='ocr_line' id='line_1_18' title="bbox 1799 668 3366 742; baseline 0.008 -25"><span class='ocrx_word' id='word_1_152' title='bbox 1799 668 2085 735; x_wconf 82' lang='lat' dir='ltr'><strong><em>cognouisti</em></strong></span> <span class='ocrx_word' id='word_1_153' title='bbox 2122 683 2212 734; x_wconf 92' lang='lat' dir='ltr'><strong><em>per</em></strong></span> <span class='ocrx_word' id='word_1_154' title='bbox 2249 677 2394 720; x_wconf 92' lang='lat' dir='ltr'><strong><em>tuam</em></strong></span> <span class='ocrx_word' id='word_1_155' title='bbox 2425 668 2836 737; x_wconf 89' lang='lat' dir='ltr'><strong><em>justitiam;sed</em></strong></span> <span class='ocrx_word' id='word_1_156' title='bbox 2877 669 3017 724; x_wconf 89' lang='lat' dir='ltr'><strong><em>Deus</em></strong></span> <span class='ocrx_word' id='word_1_157' title='bbox 3058 674 3293 742; x_wconf 85' lang='lat' dir='ltr'><strong><em>cognovit</em></strong></span> <span class='ocrx_word' id='word_1_158' title='bbox 3323 680 3366 730; x_wconf 78' lang='lat' dir='ltr'><strong><em>te</em></strong></span> 
     </span>
    </p>
   </div>
   <div class='ocr_carea' id='block_1_19' title="bbox 1798 757 3366 831">
    <p class='ocr_par' dir='ltr' id='par_1_19' title="bbox 1798 757 3366 831">
     <span class='ocr_line' id='line_1_19' title="bbox 1798 757 3366 831; baseline 0.008 -25"><span class='ocrx_word' id='word_1_159' title='bbox 1798 766 2011 824; x_wconf 85' lang='lat' dir='ltr'><strong><em>propter</em></strong></span> <span class='ocrx_word' id='word_1_160' title='bbox 2039 773 2191 811; x_wconf 89' lang='lat' dir='ltr'><strong><em>suam</em></strong></span> <span class='ocrx_word' id='word_1_161' title='bbox 2221 757 2525 812; x_wconf 88' lang='lat' dir='ltr'><strong><em>bonitatem.</em></strong></span> <span class='ocrx_word' id='word_1_162' title='bbox 2555 778 2574 810; x_wconf 73' lang='grc' dir='ltr'><strong>ε</strong></span> <span class='ocrx_word' id='word_1_163' title='bbox 2614 759 2746 814; x_wconf 92' lang='lat' dir='ltr'><strong><em>Cum</em></strong></span> <span class='ocrx_word' id='word_1_164' title='bbox 2793 763 3136 831; x_wconf 88' lang='lat' dir='ltr'><strong><em>cognoveritis</em></strong></span> <span class='ocrx_word' id='word_1_165' title='bbox 3181 763 3366 829; x_wconf 88' lang='lat' dir='ltr'><strong><em>Deum,</em></strong></span> 
     </span>
    </p>
   </div>
   <div class='ocr_carea' id='block_1_20' title="bbox 1798 845 3368 918">
    <p class='ocr_par' dir='ltr' id='par_1_20' title="bbox 1798 845 3368 918">
     <span class='ocr_line' id='line_1_20' title="bbox 1798 845 3368 918; baseline 0.006 -20"><span class='ocrx_word' id='word_1_166' title='bbox 1798 845 1991 916; x_wconf 83' lang='lat' dir='ltr'><strong><em>inquit,</em></strong></span> <span class='ocrx_word' id='word_1_167' title='bbox 2038 849 2128 914; x_wconf 90' lang='lat' dir='ltr'><strong><em>qui</em></strong></span> <span class='ocrx_word' id='word_1_168' title='bbox 2158 849 2333 915; x_wconf 85' lang='lat' dir='ltr'><strong><em>potius</em></strong></span> <span class='ocrx_word' id='word_1_169' title='bbox 2374 849 2570 918; x_wconf 89' lang='lat' dir='ltr'><strong><em>cogniti</em></strong></span> <span class='ocrx_word' id='word_1_170' title='bbox 2619 851 2736 903; x_wconf 89' lang='lat' dir='ltr'><strong><em>sitis</em></strong></span> <span class='ocrx_word' id='word_1_171' title='bbox 2772 867 2804 902; x_wconf 93' lang='lat' dir='ltr'><strong><em>a</em></strong></span> <span class='ocrx_word' id='word_1_172' title='bbox 2837 849 2945 903; x_wconf 91' lang='lat' dir='ltr'><strong><em>Deo</em></strong></span> <span class='ocrx_word' id='word_1_173' title='bbox 2974 852 3040 904; x_wconf 85' lang='grc'><strong><em>⁸¹.</em></strong></span> <span class='ocrx_word' id='word_1_174' title='bbox 3085 870 3104 902; x_wconf 78' lang='grc' dir='ltr'><strong><em>ι</em></strong></span> <span class='ocrx_word' id='word_1_175' title='bbox 3146 851 3270 907; x_wconf 89' lang='lat' dir='ltr'><strong><em>Non</em></strong></span> <span class='ocrx_word' id='word_1_176' title='bbox 3315 863 3368 908; x_wconf 79' lang='lat' dir='ltr'><strong><em>tu</em></strong></span> 
     </span>
    </p>
   </div>
   <div class='ocr_carea' id='block_1_21' title="bbox 1797 938 3367 1011">
    <p class='ocr_par' dir='ltr' id='par_1_21' title="bbox 1797 938 3367 1011">
     <span class='ocr_line' id='line_1_21' title="bbox 1797 938 3367 1011; baseline 0.008 -21"><span class='ocrx_word' id='word_1_177' title='bbox 1797 938 2189 1006; x_wconf 84' lang='lat' dir='ltr'><strong><em>apprehendisti</em></strong></span> <span class='ocrx_word' id='word_1_178' title='bbox 2211 940 2482 995; x_wconf 81' lang='lat' dir='ltr'><strong><em>Christum</em></strong></span> <span class='ocrx_word' id='word_1_179' title='bbox 2507 958 2598 1011; x_wconf 92' lang='lat' dir='ltr'><strong><em>per</em></strong></span> <span class='ocrx_word' id='word_1_180' title='bbox 2628 945 2892 1006; x_wconf 89' lang='lat' dir='ltr'><strong><em>virtutem,</em></strong></span> <span class='ocrx_word' id='word_1_181' title='bbox 2925 944 3016 998; x_wconf 90' lang='lat' dir='ltr'><strong><em>sed</em></strong></span> <span class='ocrx_word' id='word_1_182' title='bbox 3049 943 3295 1001; x_wconf 81' lang='lat' dir='ltr'><strong><em>Christus</em></strong></span> <span class='ocrx_word' id='word_1_183' title='bbox 3322 955 3367 1003; x_wconf 79' lang='lat' dir='ltr'><strong><em>te</em></strong></span> 
     </span>
    </p>
   </div>
   <div class='ocr_carea' id='block_1_22' title="bbox 1803 1035 3368 1109">
    <p class='ocr_par' dir='ltr' id='par_1_22' title="bbox 1803 1035 3368 1109">
     <span class='ocr_line' id='line_1_22' title="bbox 1803 1035 3368 1109; baseline 0.003 -21"><span class='ocrx_word' id='word_1_184' title='bbox 1803 1051 1896 1105; x_wconf 86' lang='lat' dir='ltr'><strong><em>per</em></strong></span> <span class='ocrx_word' id='word_1_185' title='bbox 1924 1051 2077 1088; x_wconf 89' lang='lat' dir='ltr'><strong><em>suum</em></strong></span> <span class='ocrx_word' id='word_1_186' title='bbox 2103 1035 2379 1090; x_wconf 87' lang='lat' dir='ltr'><strong><em>adventum</em></strong></span> <span class='ocrx_word' id='word_1_187' title='bbox 2410 1037 2770 1105; x_wconf 85' lang='lat' dir='ltr'><strong><em>apprehendit.</em></strong></span> <span class='ocrx_word' id='word_1_188' title='bbox 2807 1056 2824 1088; x_wconf 78' lang='grc' dir='ltr'>ι</span> <span class='ocrx_word' id='word_1_189' title='bbox 2865 1037 3142 1108; x_wconf 71' lang='lat' dir='ltr'><strong><em>Insequar.</em></strong></span> <span class='ocrx_word' id='word_1_190' title='bbox 3176 1041 3368 1109; x_wconf 80' lang='lat' dir='ltr'><strong><em>inquit,</em></strong></span> 
     </span>
    </p>
   </div>
   <div class='ocr_carea' id='block_1_23' title="bbox 1796 1125 3369 1197">
    <p class='ocr_par' dir='ltr' id='par_1_23' title="bbox 1796 1125 3369 1197">
     <span class='ocr_line' id='line_1_23' title="bbox 1796 1125 3369 1197; baseline 0.003 -19"><span class='ocrx_word' id='word_1_191' title='bbox 1796 1128 1843 1179; x_wconf 92' lang='lat' dir='ltr'><strong><em>si</em></strong></span> <span class='ocrx_word' id='word_1_192' title='bbox 1867 1127 2026 1179; x_wconf 89' lang='lat' dir='ltr'><strong><em>etiam</em></strong></span> <span class='ocrx_word' id='word_1_193' title='bbox 2057 1125 2464 1194; x_wconf 90' lang='lat' dir='ltr'><strong><em>apprehendam,</em></strong></span> <span class='ocrx_word' id='word_1_194' title='bbox 2497 1128 2552 1180; x_wconf 90' lang='lat' dir='ltr'><strong><em>in</em></strong></span> <span class='ocrx_word' id='word_1_195' title='bbox 2587 1144 2688 1197; x_wconf 87' lang='lat' dir='ltr'><strong><em>quo</em></strong></span> <span class='ocrx_word' id='word_1_196' title='bbox 2715 1136 2765 1180; x_wconf 91' lang='lat' dir='ltr'><strong><em>et</em></strong></span> <span class='ocrx_word' id='word_1_197' title='bbox 2787 1129 3139 1196; x_wconf 85' lang='lat' dir='ltr'><strong><em>apprehensus</em></strong></span> <span class='ocrx_word' id='word_1_198' title='bbox 3187 1146 3304 1182; x_wconf 91' lang='lat' dir='ltr'><strong><em>sum</em></strong></span> <span class='ocrx_word' id='word_1_199' title='bbox 3337 1148 3369 1184; x_wconf 94' lang='lat' dir='ltr'><strong><em>a</em></strong></span> 
     </span>
    </p>
   </div>
   <div class='ocr_carea' id='block_1_24' title="bbox 1798 1214 3368 1287">
    <p class='ocr_par' dir='ltr' id='par_1_24' title="bbox 1798 1214 3368 1287">
     <span class='ocr_line' id='line_1_24' title="bbox 1798 1214 3368 1287; baseline 0.003 -17"><span class='ocrx_word' id='word_1_200' title='bbox 1798 1214 2008 1270; x_wconf 85' lang='lat' dir='ltr'><strong><em>Christo</em></strong></span> <span class='ocrx_word' id='word_1_201' title='bbox 2031 1217 2098 1268; x_wconf 73' lang='grc' dir='ltr'><strong><em>δ’.</em></strong></span> <span class='ocrx_word' id='word_1_202' title='bbox 2129 1215 2252 1270; x_wconf 84' lang='grc' dir='ltr'><strong><em>Νοη</em></strong></span> <span class='ocrx_word' id='word_1_203' title='bbox 2283 1233 2370 1270; x_wconf 91' lang='lat' dir='ltr'><strong><em>vos</em></strong></span> <span class='ocrx_word' id='word_1_204' title='bbox 2399 1233 2479 1270; x_wconf 91' lang='lat' dir='ltr'><strong><em>me</em></strong></span> <span class='ocrx_word' id='word_1_205' title='bbox 2523 1217 2776 1286; x_wconf 87' lang='lat' dir='ltr'><strong><em>elegistis,</em></strong></span> <span class='ocrx_word' id='word_1_206' title='bbox 2814 1217 2980 1286; x_wconf 89' lang='lat' dir='ltr'><strong><em>inquit</em></strong></span> <span class='ocrx_word' id='word_1_207' title='bbox 3021 1217 3280 1272; x_wconf 88' lang='lat' dir='ltr'><strong><em>Dominus</em></strong></span> <span class='ocrx_word' id='word_1_208' title='bbox 3299 1221 3368 1287; x_wconf 84' lang='lat'><strong><em>&quot;,</em></strong></span> 
     </span>
    </p>
   </div>
   <div class='ocr_carea' id='block_1_25' title="bbox 1797 1304 3369 1377">
    <p class='ocr_par' dir='ltr' id='par_1_25' title="bbox 1797 1304 3369 1377">
     <span class='ocr_line' id='line_1_25' title="bbox 1797 1304 3369 1377; baseline 0.003 -18"><span class='ocrx_word' id='word_1_209' title='bbox 1797 1304 1887 1359; x_wconf 87' lang='lat' dir='ltr'><strong><em>sed</em></strong></span> <span class='ocrx_word' id='word_1_210' title='bbox 1914 1321 2006 1375; x_wconf 92' lang='lat' dir='ltr'><strong><em>ego</em></strong></span> <span class='ocrx_word' id='word_1_211' title='bbox 2036 1305 2164 1375; x_wconf 87' lang='lat' dir='ltr'><strong><em>elegi</em></strong></span> <span class='ocrx_word' id='word_1_212' title='bbox 2197 1323 2304 1360; x_wconf 87' lang='lat' dir='ltr'><strong><em>vos.</em></strong></span> <span class='ocrx_word' id='word_1_213' title='bbox 2347 1326 2365 1358; x_wconf 74' lang='grc' dir='ltr'><strong><em>ι</em></strong></span> <span class='ocrx_word' id='word_1_214' title='bbox 2396 1306 2478 1358; x_wconf 85' lang='grc' dir='ltr'><em>Αη</em></span> <span class='ocrx_word' id='word_1_215' title='bbox 2511 1307 2761 1376; x_wconf 88' lang='lat' dir='ltr'><strong><em>quoniant</em></strong></span> <span class='ocrx_word' id='word_1_216' title='bbox 2803 1307 2998 1361; x_wconf 88' lang='lat' dir='ltr'><strong><em>honore</em></strong></span> <span class='ocrx_word' id='word_1_217' title='bbox 3043 1309 3264 1376; x_wconf 76' lang='lat' dir='ltr'><strong><em>affectus</em></strong></span> <span class='ocrx_word' id='word_1_218' title='bbox 3292 1325 3369 1377; x_wconf 91' lang='lat' dir='ltr'><strong><em>es,</em></strong></span> 
     </span>
    </p>
   </div>
   <div class='ocr_carea' id='block_1_26' title="bbox 1794 1392 3369 1469">
    <p class='ocr_par' dir='ltr' id='par_1_26' title="bbox 1794 1392 3369 1469">
     <span class='ocr_line' id='line_1_26' title="bbox 1794 1392 3369 1469; baseline 0.004 -21"><span class='ocrx_word' id='word_1_219' title='bbox 1794 1396 2044 1465; x_wconf 88' lang='lat' dir='ltr'><strong><em>gloriaris</em></strong></span> <span class='ocrx_word' id='word_1_220' title='bbox 2071 1406 2118 1450; x_wconf 92' lang='lat' dir='ltr'><strong><em>et</em></strong></span> <span class='ocrx_word' id='word_1_221' title='bbox 2143 1392 2560 1451; x_wconf 69' lang='lat' dir='ltr'><strong><em>misericordiam</em></strong></span> <span class='ocrx_word' id='word_1_222' title='bbox 2591 1399 2916 1452; x_wconf 87' lang='lat' dir='ltr'><strong><em>occasionem</em></strong></span> <span class='ocrx_word' id='word_1_223' title='bbox 2946 1401 3140 1468; x_wconf 61' lang='lat' dir='ltr'><strong><em>arripis</em></strong></span> <span class='ocrx_word' id='word_1_224' title='bbox 3191 1416 3369 1469; x_wconf 87' lang='lat' dir='ltr'><strong><em>super-</em></strong></span> 
     </span>
    </p>
   </div>
   <div class='ocr_carea' id='block_1_27' title="bbox 1799 1483 3370 1558">
    <p class='ocr_par' dir='ltr' id='par_1_27' title="bbox 1799 1483 3370 1558">
     <span class='ocr_line' id='line_1_27' title="bbox 1799 1483 3370 1558; baseline 0.005 -22"><span class='ocrx_word' id='word_1_225' title='bbox 1799 1483 2010 1540; x_wconf 82' lang='lat' dir='ltr'><strong><em>bisndi?</em></strong></span> <span class='ocrx_word' id='word_1_226' title='bbox 2043 1484 2109 1537; x_wconf 84' lang='lat' dir='ltr'><strong><em>Et</em></strong></span> <span class='ocrx_word' id='word_1_227' title='bbox 2138 1495 2260 1540; x_wconf 91' lang='lat' dir='ltr'><strong><em>tunc</em></strong></span> <span class='ocrx_word' id='word_1_228' title='bbox 2315 1503 2601 1556; x_wconf 87' lang='lat' dir='ltr'><strong><em>cognoscas</em></strong></span> <span class='ocrx_word' id='word_1_229' title='bbox 2652 1489 2905 1555; x_wconf 87' lang='lat' dir='ltr'><strong><em>teipsum,</em></strong></span> <span class='ocrx_word' id='word_1_230' title='bbox 2941 1491 3058 1558; x_wconf 89' lang='lat' dir='ltr'><strong><em>quis</em></strong></span> <span class='ocrx_word' id='word_1_231' title='bbox 3109 1490 3206 1552; x_wconf 90' lang='lat' dir='ltr'><strong><em>sis,</em></strong></span> <span class='ocrx_word' id='word_1_232' title='bbox 3235 1489 3370 1545; x_wconf 81' lang='lat' dir='ltr'><strong><em>velut</em></strong></span> 
     </span>
    </p>
   </div>
   <div class='ocr_carea' id='block_1_28' title="bbox 1795 1572 3362 1646">
    <p class='ocr_par' dir='ltr' id='par_1_28' title="bbox 1795 1572 3362 1646">
     <span class='ocr_line' id='line_1_28' title="bbox 1795 1572 3362 1646; baseline 0.004 -20"><span class='ocrx_word' id='word_1_233' title='bbox 1795 1572 1968 1626; x_wconf 79' lang='lat' dir='ltr'><strong><em>Adam</em></strong></span> <span class='ocrx_word' id='word_1_234' title='bbox 2001 1576 2194 1638; x_wconf 85' lang='lat' dir='ltr'><strong><em>eiectus</em></strong></span> <span class='ocrx_word' id='word_1_235' title='bbox 2223 1591 2250 1628; x_wconf 90' lang='lat' dir='ltr'><strong><em>e</em></strong></span> <span class='ocrx_word' id='word_1_236' title='bbox 2281 1574 2556 1643; x_wconf 85' lang='lat' dir='ltr'><strong><em>paradiso,</em></strong></span> <span class='ocrx_word' id='word_1_237' title='bbox 2583 1575 2719 1630; x_wconf 82' lang='lat' dir='ltr'><strong><em>velut</em></strong></span> <span class='ocrx_word' id='word_1_238' title='bbox 2747 1575 2879 1630; x_wconf 90' lang='lat' dir='ltr'><strong><em>Saul</em></strong></span> <span class='ocrx_word' id='word_1_239' title='bbox 2905 1577 3142 1632; x_wconf 89' lang='lat' dir='ltr'><strong><em>desertus</em></strong></span> <span class='ocrx_word' id='word_1_240' title='bbox 3171 1595 3204 1632; x_wconf 88' lang='lat' dir='ltr'><strong><em>a</em></strong></span> <span class='ocrx_word' id='word_1_241' title='bbox 3237 1577 3362 1646; x_wconf 83' lang='lat' dir='ltr'><strong><em>Spi-</em></strong></span> 
     </span>
    </p>
   </div>
   <div class='ocr_carea' id='block_1_29' title="bbox 1795 1663 3368 1733">
    <p class='ocr_par' dir='ltr' id='par_1_29' title="bbox 1795 1663 3368 1733">
     <span class='ocr_line' id='line_1_29' title="bbox 1795 1663 3368 1733; baseline 0.004 -17"><span class='ocrx_word' id='word_1_242' title='bbox 1795 1665 1904 1717; x_wconf 90' lang='lat' dir='ltr'><strong><em>ritu</em></strong></span> <span class='ocrx_word' id='word_1_243' title='bbox 1931 1663 2043 1727; x_wconf 89' lang='lat' dir='ltr'><strong><em>Dei,</em></strong></span> <span class='ocrx_word' id='word_1_244' title='bbox 2067 1665 2202 1719; x_wconf 86' lang='lat' dir='ltr'><strong><em>velut</em></strong></span> <span class='ocrx_word' id='word_1_245' title='bbox 2222 1665 2392 1720; x_wconf 89' lang='lat' dir='ltr'><strong><em>Israel</em></strong></span> <span class='ocrx_word' id='word_1_246' title='bbox 2415 1684 2448 1720; x_wconf 92' lang='lat' dir='ltr'><strong><em>a</em></strong></span> <span class='ocrx_word' id='word_1_247' title='bbox 2469 1667 2649 1722; x_wconf 89' lang='lat' dir='ltr'><strong><em>radice</em></strong></span> <span class='ocrx_word' id='word_1_248' title='bbox 2674 1677 2861 1721; x_wconf 90' lang='lat' dir='ltr'><strong><em>sancta</em></strong></span> <span class='ocrx_word' id='word_1_249' title='bbox 2889 1679 3139 1722; x_wconf 78' lang='lat' dir='ltr'><strong><em>resectas.</em></strong></span> <span class='ocrx_word' id='word_1_250' title='bbox 3169 1689 3185 1721; x_wconf 74' lang='grc' dir='ltr'>ι</span> <span class='ocrx_word' id='word_1_251' title='bbox 3213 1668 3368 1733; x_wconf 87' lang='lat' dir='ltr'><strong><em>Fide,</em></strong></span> 
     </span>
    </p>
   </div>
   <div class='ocr_carea' id='block_1_30' title="bbox 1797 1756 3371 1829">
    <p class='ocr_par' dir='ltr' id='par_1_30' title="bbox 1797 1756 3371 1829">
     <span class='ocr_line' id='line_1_30' title="bbox 1797 1756 3371 1829; baseline 0.003 -22"><span class='ocrx_word' id='word_1_252' title='bbox 1797 1756 1985 1824; x_wconf 90' lang='lat' dir='ltr'><strong><em>inquit,</em></strong></span> <span class='ocrx_word' id='word_1_253' title='bbox 2013 1765 2125 1810; x_wconf 87' lang='lat' dir='ltr'><strong><em>stas</em></strong></span> <span class='ocrx_word' id='word_1_254' title='bbox 2158 1773 2176 1810; x_wconf 91' lang='lat'><strong><em>:</em></strong></span> <span class='ocrx_word' id='word_1_255' title='bbox 2206 1758 2314 1812; x_wconf 90' lang='lat' dir='ltr'><strong><em>noli</em></strong></span> <span class='ocrx_word' id='word_1_256' title='bbox 2345 1757 2513 1812; x_wconf 92' lang='lat' dir='ltr'><strong><em>altum</em></strong></span> <span class='ocrx_word' id='word_1_257' title='bbox 2553 1775 2756 1829; x_wconf 84' lang='lat' dir='ltr'><strong><em>sapere,</em></strong></span> <span class='ocrx_word' id='word_1_258' title='bbox 2801 1759 2892 1813; x_wconf 90' lang='lat' dir='ltr'><strong><em>sed</em></strong></span> <span class='ocrx_word' id='word_1_259' title='bbox 2938 1761 3064 1814; x_wconf 89' lang='lat' dir='ltr'><strong><em>time</em></strong></span> <span class='ocrx_word' id='word_1_260' title='bbox 3113 1760 3181 1815; x_wconf 74' lang='lat'><strong><em>“.</em></strong></span> <span class='ocrx_word' id='word_1_261' title='bbox 3218 1781 3238 1809; x_wconf 77' lang='grc' dir='ltr'><strong><em>ι</em></strong></span> <span class='ocrx_word' id='word_1_262' title='bbox 3270 1761 3371 1814; x_wconf 86' lang='lat' dir='ltr'><strong><em>Ju-</em></strong></span> 
     </span>
    </p>
   </div>
   <div class='ocr_carea' id='block_1_31' title="bbox 129 1832 3366 1920">
    <p class='ocr_par' dir='ltr' id='par_1_31' title="bbox 129 1832 3366 1920">
     <span class='ocr_line' id='line_1_31' title="bbox 129 1832 3366 1920; baseline 0.001 -17"><span class='ocrx_word' id='word_1_263' title='bbox 129 1849 205 1903; x_wconf 86' lang='lat' dir='ltr'><strong><em>lus</em></strong></span> <span class='ocrx_word' id='word_1_264' title='bbox 236 1865 417 1903; x_wconf 88' lang='lat' dir='ltr'><strong><em>rursus</em></strong></span> <span class='ocrx_word' id='word_1_265' title='bbox 450 1859 697 1911; x_wconf 73' lang='lat' dir='ltr'><strong><em>testatur,</em></strong></span> <span class='ocrx_word' id='word_1_266' title='bbox 734 1849 910 1903; x_wconf 90' lang='lat' dir='ltr'><strong><em>dicens</em></strong></span> <span class='ocrx_word' id='word_1_267' title='bbox 951 1865 969 1902; x_wconf 91' lang='lat'><em>:</em></span> <span class='ocrx_word' id='word_1_268' title='bbox 1007 1868 1025 1899; x_wconf 85' lang='grc'><strong>‹</strong></span> <span class='ocrx_word' id='word_1_269' title='bbox 1071 1848 1369 1902; x_wconf 88' lang='lat' dir='ltr'><strong><em>Secundum</em></strong></span> <span class='ocrx_word' id='word_1_270' title='bbox 1411 1847 1697 1917; x_wconf 83' lang='lat' dir='ltr'><strong><em>beneplaci-</em></strong></span> <span class='ocrx_word' id='word_1_271' title='bbox 1731 1832 1770 1885; x_wconf 79' lang='grc' dir='ltr'><strong><em>Β</em></strong></span> <span class='ocrx_word' id='word_1_272' title='bbox 1796 1844 1994 1898; x_wconf 84' lang='lat' dir='ltr'><strong><em>dicium</em></strong></span> <span class='ocrx_word' id='word_1_273' title='bbox 2044 1848 2279 1916; x_wconf 70' lang='lat' dir='ltr'><strong><em>sequitur</em></strong></span> <span class='ocrx_word' id='word_1_274' title='bbox 2329 1849 2598 1917; x_wconf 85' lang='lat' dir='ltr'><strong><em>gratiam;</em></strong></span> <span class='ocrx_word' id='word_1_275' title='bbox 2643 1857 2692 1902; x_wconf 90' lang='lat' dir='ltr'><strong><em>et</em></strong></span> <span class='ocrx_word' id='word_1_276' title='bbox 2733 1849 2993 1920; x_wconf 89' lang='lat' dir='ltr'><strong><em>quomodo</em></strong></span> <span class='ocrx_word' id='word_1_277' title='bbox 3049 1849 3192 1903; x_wconf 87' lang='lat' dir='ltr'><strong><em>datis</em></strong></span> <span class='ocrx_word' id='word_1_278' title='bbox 3238 1867 3366 1906; x_wconf 87' lang='lat' dir='ltr'><strong><em>usus</em></strong></span> 
     </span>
    </p>
   </div>
   <div class='ocr_carea' id='block_1_32' title="bbox 128 1938 1689 2008">
    <p class='ocr_par' dir='ltr' id='par_1_32' title="bbox 128 1938 1689 2008">
     <span class='ocr_line' id='line_1_32' title="bbox 128 1938 1689 2008; baseline 0 -18"><span class='ocrx_word' id='word_1_279' title='bbox 128 1949 231 1990; x_wconf 86' lang='lat' dir='ltr'><strong><em>tum</em></strong></span> <span class='ocrx_word' id='word_1_280' title='bbox 263 1939 545 1992; x_wconf 78' lang='lat' dir='ltr'><strong><em>voluntatis</em></strong></span> <span class='ocrx_word' id='word_1_281' title='bbox 589 1955 723 2002; x_wconf 66' lang='lat' dir='ltr'><strong><em>sure,</em></strong></span> <span class='ocrx_word' id='word_1_282' title='bbox 767 1939 819 1991; x_wconf 91' lang='lat' dir='ltr'><strong><em>in</em></strong></span> <span class='ocrx_word' id='word_1_283' title='bbox 867 1938 1078 1992; x_wconf 92' lang='lat' dir='ltr'><strong><em>laudem</em></strong></span> <span class='ocrx_word' id='word_1_284' title='bbox 1107 1938 1291 2008; x_wconf 74' lang='lat' dir='ltr'><strong><em>gloria:</em></strong></span> <span class='ocrx_word' id='word_1_285' title='bbox 1324 1938 1516 2007; x_wconf 73' lang='lat' dir='ltr'><strong><em>gratia:</em></strong></span> <span class='ocrx_word' id='word_1_286' title='bbox 1557 1954 1689 2001; x_wconf 72' lang='lat' dir='ltr'><strong><em>suat,</em></strong></span> 
     </span>
    </p>
   </div>
   <div class='ocr_carea' id='block_1_33' title="bbox 128 2026 1694 2097">
    <p class='ocr_par' dir='ltr' id='par_1_33' title="bbox 128 2026 1694 2097">
     <span class='ocr_line' id='line_1_33' title="bbox 128 2026 1694 2097; baseline -0.001 -17"><span class='ocrx_word' id='word_1_287' title='bbox 128 2027 179 2080; x_wconf 87' lang='lat' dir='ltr'><strong><em>in</em></strong></span> <span class='ocrx_word' id='word_1_288' title='bbox 203 2043 302 2097; x_wconf 85' lang='lat' dir='ltr'><strong><em>qua</em></strong></span> <span class='ocrx_word' id='word_1_289' title='bbox 339 2029 660 2096; x_wconf 77' lang='lat' dir='ltr'><strong><em>gratiﬁcavit</em></strong></span> <span class='ocrx_word' id='word_1_290' title='bbox 692 2045 787 2080; x_wconf 90' lang='lat' dir='ltr'><strong><em>nos</em></strong></span> <span class='ocrx_word' id='word_1_291' title='bbox 814 2027 868 2080; x_wconf 88' lang='lat' dir='ltr'><strong><em>in</em></strong></span> <span class='ocrx_word' id='word_1_292' title='bbox 893 2026 1106 2089; x_wconf 88' lang='lat' dir='ltr'><strong><em>dilecto,</em></strong></span> <span class='ocrx_word' id='word_1_293' title='bbox 1127 2028 1179 2080; x_wconf 90' lang='lat' dir='ltr'><strong><em>in</em></strong></span> <span class='ocrx_word' id='word_1_294' title='bbox 1213 2043 1313 2097; x_wconf 93' lang='lat' dir='ltr'><strong><em>quo</em></strong></span> <span class='ocrx_word' id='word_1_295' title='bbox 1339 2026 1589 2080; x_wconf 90' lang='lat' dir='ltr'><strong><em>habemus</em></strong></span> <span class='ocrx_word' id='word_1_296' title='bbox 1617 2042 1694 2079; x_wconf 89' lang='lat' dir='ltr'><strong><em>re-</em></strong></span> 
     </span>
    </p>
   </div>
   <div class='ocr_carea' id='block_1_34' title="bbox 127 2117 1694 2187">
    <p class='ocr_par' dir='ltr' id='par_1_34' title="bbox 127 2117 1694 2187">
     <span class='ocr_line' id='line_1_34' title="bbox 127 2117 1694 2187; baseline 0.001 -19"><span class='ocrx_word' id='word_1_297' title='bbox 127 2118 466 2186; x_wconf 86' lang='lat' dir='ltr'><strong><em>demptionem</em></strong></span> <span class='ocrx_word' id='word_1_298' title='bbox 489 2135 583 2185; x_wconf 90' lang='lat' dir='ltr'><strong><em>per</em></strong></span> <span class='ocrx_word' id='word_1_299' title='bbox 615 2119 928 2187; x_wconf 88' lang='lat' dir='ltr'><strong><em>sanguinem</em></strong></span> <span class='ocrx_word' id='word_1_300' title='bbox 965 2117 1101 2186; x_wconf 86' lang='lat' dir='ltr'><strong><em>ejus,</em></strong></span> <span class='ocrx_word' id='word_1_301' title='bbox 1131 2119 1488 2172; x_wconf 86' lang='lat' dir='ltr'><strong><em>remissionem</em></strong></span> <span class='ocrx_word' id='word_1_302' title='bbox 1509 2133 1694 2186; x_wconf 82' lang='lat' dir='ltr'><strong><em>pecca-</em></strong></span> 
     </span>
    </p>
   </div>
   <div class='ocr_carea' id='block_1_35' title="bbox 128 2204 1685 2275">
    <p class='ocr_par' dir='ltr' id='par_1_35' title="bbox 128 2204 1685 2275">
     <span class='ocr_line' id='line_1_35' title="bbox 128 2204 1685 2275; baseline 0.002 -20"><span class='ocrx_word' id='word_1_303' title='bbox 128 2214 309 2264; x_wconf 85' lang='lat' dir='ltr'><strong><em>torum,</em></strong></span> <span class='ocrx_word' id='word_1_304' title='bbox 348 2207 638 2258; x_wconf 89' lang='lat' dir='ltr'><strong><em>secundum</em></strong></span> <span class='ocrx_word' id='word_1_305' title='bbox 681 2204 896 2259; x_wconf 85' lang='lat' dir='ltr'><strong><em>divitias</em></strong></span> <span class='ocrx_word' id='word_1_306' title='bbox 927 2207 1115 2274; x_wconf 77' lang='lat' dir='ltr'><strong><em>gratia:</em></strong></span> <span class='ocrx_word' id='word_1_307' title='bbox 1145 2205 1258 2274; x_wconf 88' lang='lat' dir='ltr'><strong><em>ejus</em></strong></span> <span class='ocrx_word' id='word_1_308' title='bbox 1295 2206 1359 2260; x_wconf 89' lang='lat' dir='ltr'><strong><em>de</em></strong></span> <span class='ocrx_word' id='word_1_309' title='bbox 1395 2222 1500 2275; x_wconf 92' lang='lat' dir='ltr'><strong><em>qua</em></strong></span> <span class='ocrx_word' id='word_1_310' title='bbox 1530 2207 1685 2260; x_wconf 90' lang='lat' dir='ltr'><strong><em>nobis</em></strong></span> 
     </span>
    </p>
   </div>
   <div class='ocr_carea' id='block_1_36' title="bbox 127 2294 1695 2365">
    <p class='ocr_par' dir='ltr' id='par_1_36' title="bbox 127 2294 1695 2365">
     <span class='ocr_line' id='line_1_36' title="bbox 127 2294 1695 2365; baseline 0.004 -22"><span class='ocrx_word' id='word_1_311' title='bbox 127 2294 399 2360; x_wconf 80' lang='lat' dir='ltr'><strong><em>impertivit</em></strong></span> <span class='ocrx_word' id='word_1_312' title='bbox 445 2294 676 2348; x_wconf 89' lang='lat' dir='ltr'><strong><em>ubertim</em></strong></span> <span class='ocrx_word' id='word_1_313' title='bbox 721 2296 802 2360; x_wconf 65' lang='lat'><strong>‘9;</strong></span> <span class='ocrx_word' id='word_1_314' title='bbox 857 2314 877 2346; x_wconf 73' lang='grc' dir='ltr'><strong><em>ι</em></strong></span> <span class='ocrx_word' id='word_1_315' title='bbox 923 2305 980 2348; x_wconf 91' lang='lat' dir='ltr'><strong><em>ut</em></strong></span> <span class='ocrx_word' id='word_1_316' title='bbox 1013 2295 1457 2365; x_wconf 87' lang='lat' dir='ltr'><strong><em>quemadmodum</em></strong></span> <span class='ocrx_word' id='word_1_317' title='bbox 1514 2305 1695 2350; x_wconf 69' lang='grc' dir='ltr'><strong><em>εταιιια</em></strong></span> 
     </span>
    </p>
   </div>
   <div class='ocr_carea' id='block_1_37' title="bbox 127 2387 1692 2458">
    <p class='ocr_par' dir='ltr' id='par_1_37' title="bbox 127 2387 1692 2458">
     <span class='ocr_line' id='line_1_37' title="bbox 127 2387 1692 2458; baseline 0.003 -21"><span class='ocrx_word' id='word_1_318' title='bbox 127 2388 343 2438; x_wconf 86' lang='lat' dir='ltr'><strong><em>contrita</em></strong></span> <span class='ocrx_word' id='word_1_319' title='bbox 371 2402 435 2438; x_wconf 88' lang='lat' dir='ltr'><strong><em>ac</em></strong></span> <span class='ocrx_word' id='word_1_320' title='bbox 481 2387 784 2455; x_wconf 89' lang='lat' dir='ltr'><strong><em>confracta,</em></strong></span> <span class='ocrx_word' id='word_1_321' title='bbox 834 2388 1036 2441; x_wconf 90' lang='lat' dir='ltr'><strong><em>amissa</em></strong></span> <span class='ocrx_word' id='word_1_322' title='bbox 1085 2390 1220 2458; x_wconf 90' lang='lat' dir='ltr'><strong><em>regis</em></strong></span> <span class='ocrx_word' id='word_1_323' title='bbox 1257 2388 1432 2458; x_wconf 91' lang='lat' dir='ltr'><strong><em>forma</em></strong></span> <span class='ocrx_word' id='word_1_324' title='bbox 1473 2389 1692 2450; x_wconf 75' lang='lat' dir='ltr'><strong><em>eximia,</em></strong></span> 
     </span>
    </p>
   </div>
   <div class='ocr_carea' id='block_1_38' title="bbox 128 2472 1696 2544">
    <p class='ocr_par' dir='ltr' id='par_1_38' title="bbox 128 2472 1696 2544">
     <span class='ocr_line' id='line_1_38' title="bbox 128 2472 1696 2544; baseline 0.004 -21"><span class='ocrx_word' id='word_1_325' title='bbox 128 2472 284 2527; x_wconf 81' lang='lat' dir='ltr'><strong><em>denuo</em></strong></span> <span class='ocrx_word' id='word_1_326' title='bbox 312 2475 683 2543; x_wconf 79' lang='lat' dir='ltr'><strong><em>conformatur</em></strong></span> <span class='ocrx_word' id='word_1_327' title='bbox 715 2493 746 2528; x_wconf 93' lang='lat' dir='ltr'><strong><em>a</em></strong></span> <span class='ocrx_word' id='word_1_328' title='bbox 781 2477 1017 2542; x_wconf 87' lang='lat' dir='ltr'><strong><em>sapiente</em></strong></span> <span class='ocrx_word' id='word_1_329' title='bbox 1049 2477 1257 2544; x_wconf 80' lang='lat' dir='ltr'><strong><em>artiﬁce</em></strong></span> <span class='ocrx_word' id='word_1_330' title='bbox 1289 2494 1352 2530; x_wconf 92' lang='lat' dir='ltr'><strong><em>ac</em></strong></span> <span class='ocrx_word' id='word_1_331' title='bbox 1393 2477 1529 2530; x_wconf 92' lang='lat' dir='ltr'><strong><em>bono</em></strong></span> <span class='ocrx_word' id='word_1_332' title='bbox 1579 2478 1696 2544; x_wconf 89' lang='lat' dir='ltr'><strong><em>opi-</em></strong></span> 
     </span>
    </p>
   </div>
   <div class='ocr_carea' id='block_1_39' title="bbox 126 2564 1693 2636">
    <p class='ocr_par' dir='ltr' id='par_1_39' title="bbox 126 2564 1693 2636">
     <span class='ocr_line' id='line_1_39' title="bbox 126 2564 1693 2636; baseline 0.004 -22"><span class='ocrx_word' id='word_1_333' title='bbox 126 2565 236 2629; x_wconf 75' lang='lat' dir='ltr'><strong><em>ﬁce,</em></strong></span> <span class='ocrx_word' id='word_1_334' title='bbox 262 2564 486 2632; x_wconf 87' lang='lat' dir='ltr'><strong><em>gloriam</em></strong></span> <span class='ocrx_word' id='word_1_335' title='bbox 521 2567 694 2632; x_wconf 91' lang='lat' dir='ltr'><strong><em>operis</em></strong></span> <span class='ocrx_word' id='word_1_336' title='bbox 745 2567 830 2619; x_wconf 90' lang='lat' dir='ltr'><strong><em>sui</em></strong></span> <span class='ocrx_word' id='word_1_337' title='bbox 883 2566 1232 2630; x_wconf 88' lang='lat' dir='ltr'><strong><em>resarciente,</em></strong></span> <span class='ocrx_word' id='word_1_338' title='bbox 1271 2576 1428 2636; x_wconf 90' lang='lat' dir='ltr'><strong><em>atque</em></strong></span> <span class='ocrx_word' id='word_1_339' title='bbox 1464 2569 1693 2633; x_wconf 88' lang='lat' dir='ltr'><strong><em>pristino</em></strong></span> 
     </span>
    </p>
   </div>
   <div class='ocr_carea' id='block_1_40' title="bbox 125 2655 1693 2727">
    <p class='ocr_par' dir='ltr' id='par_1_40' title="bbox 125 2655 1693 2727">
     <span class='ocr_line' id='line_1_40' title="bbox 125 2655 1693 2727; baseline 0.003 -20"><span class='ocrx_word' id='word_1_340' title='bbox 125 2655 377 2721; x_wconf 78' lang='lat' dir='ltr'><strong><em>splendori</em></strong></span> <span class='ocrx_word' id='word_1_341' title='bbox 442 2658 747 2712; x_wconf 88' lang='lat' dir='ltr'><strong><em>restituitur</em></strong></span> <span class='ocrx_word' id='word_1_342' title='bbox 792 2671 810 2710; x_wconf 90' lang='lat'><strong><em>:</em></strong></span> <span class='ocrx_word' id='word_1_343' title='bbox 857 2659 934 2710; x_wconf 90' lang='lat' dir='ltr'><strong><em>sic</em></strong></span> <span class='ocrx_word' id='word_1_344' title='bbox 987 2658 1147 2711; x_wconf 90' lang='lat' dir='ltr'><strong><em>etiam</em></strong></span> <span class='ocrx_word' id='word_1_345' title='bbox 1188 2674 1282 2711; x_wconf 90' lang='lat' dir='ltr'><strong><em>nos</em></strong></span> <span class='ocrx_word' id='word_1_346' title='bbox 1323 2657 1386 2711; x_wconf 91' lang='lat' dir='ltr'><strong><em>ob</em></strong></span> <span class='ocrx_word' id='word_1_347' title='bbox 1444 2659 1693 2727; x_wconf 74' lang='lat' dir='ltr'><strong><em>prwcepti</em></strong></span> 
     </span>
    </p>
   </div>
   <div class='ocr_carea' id='block_1_41' title="bbox 127 2747 1689 2818">
    <p class='ocr_par' dir='ltr' id='par_1_41' title="bbox 127 2747 1689 2818">
     <span class='ocr_line' id='line_1_41' title="bbox 127 2747 1689 2818; baseline 0.005 -22"><span class='ocrx_word' id='word_1_348' title='bbox 127 2750 587 2816; x_wconf 81' lang='lat' dir='ltr'><strong><em>transgressionem</em></strong></span> <span class='ocrx_word' id='word_1_349' title='bbox 627 2747 765 2802; x_wconf 89' lang='lat' dir='ltr'><strong><em>ntale</em></strong></span> <span class='ocrx_word' id='word_1_350' title='bbox 817 2749 1024 2816; x_wconf 77' lang='lat' dir='ltr'><strong><em>affecti,</em></strong></span> <span class='ocrx_word' id='word_1_351' title='bbox 1072 2749 1211 2803; x_wconf 88' lang='lat' dir='ltr'><strong><em>velut</em></strong></span> <span class='ocrx_word' id='word_1_352' title='bbox 1259 2750 1513 2818; x_wconf 89' lang='lat' dir='ltr'><strong><em>scriptum</em></strong></span> <span class='ocrx_word' id='word_1_353' title='bbox 1575 2760 1689 2814; x_wconf 87' lang='lat' dir='ltr'><strong><em>est,</em></strong></span> 
     </span>
    </p>
   </div>
   <div class='ocr_carea' id='block_1_42' title="bbox 133 2835 1695 2908">
    <p class='ocr_par' dir='ltr' id='par_1_42' title="bbox 133 2835 1695 2908">
     <span class='ocr_line' id='line_1_42' title="bbox 133 2835 1695 2908; baseline 0.002 -16"><span class='ocrx_word' id='word_1_354' title='bbox 133 2856 149 2892; x_wconf 71' lang='grc' dir='ltr'>ι</span> <span class='ocrx_word' id='word_1_355' title='bbox 185 2835 348 2892; x_wconf 84' lang='lat' dir='ltr'><strong><em>Homo</em></strong></span> <span class='ocrx_word' id='word_1_356' title='bbox 382 2855 502 2891; x_wconf 91' lang='lat' dir='ltr'><strong><em>cum</em></strong></span> <span class='ocrx_word' id='word_1_357' title='bbox 532 2841 588 2891; x_wconf 89' lang='lat' dir='ltr'><strong><em>in</em></strong></span> <span class='ocrx_word' id='word_1_358' title='bbox 618 2841 813 2892; x_wconf 84' lang='lat' dir='ltr'><strong><em>honore</em></strong></span> <span class='ocrx_word' id='word_1_359' title='bbox 866 2850 1021 2903; x_wconf 86' lang='lat' dir='ltr'><strong><em>esset,</em></strong></span> <span class='ocrx_word' id='word_1_360' title='bbox 1076 2857 1178 2894; x_wconf 88' lang='lat' dir='ltr'><strong><em>non</em></strong></span> <span class='ocrx_word' id='word_1_361' title='bbox 1218 2842 1499 2908; x_wconf 77' lang='lat' dir='ltr'><strong><em>intellexit,</em></strong></span> <span class='ocrx_word' id='word_1_362' title='bbox 1551 2859 1695 2896; x_wconf 90' lang='lat' dir='ltr'><strong><em>com-</em></strong></span> 
     </span>
    </p>
   </div>
   <div class='ocr_carea' id='block_1_43' title="bbox 125 2931 1691 3004">
    <p class='ocr_par' dir='ltr' id='par_1_43' title="bbox 125 2931 1691 3004">
     <span class='ocr_line' id='line_1_43' title="bbox 125 2931 1691 3004; baseline 0.006 -25"><span class='ocrx_word' id='word_1_363' title='bbox 125 2938 328 2994; x_wconf 82' lang='lat' dir='ltr'><strong><em>paratus</em></strong></span> <span class='ocrx_word' id='word_1_364' title='bbox 349 2931 704 2999; x_wconf 82' lang='lat' dir='ltr'><strong><em>estjumentis</em></strong></span> <span class='ocrx_word' id='word_1_365' title='bbox 746 2931 1136 2999; x_wconf 82' lang='lat' dir='ltr'><strong><em>insipientibus,</em></strong></span> <span class='ocrx_word' id='word_1_366' title='bbox 1176 2942 1226 2986; x_wconf 90' lang='lat' dir='ltr'><strong><em>et</em></strong></span> <span class='ocrx_word' id='word_1_367' title='bbox 1274 2934 1466 2987; x_wconf 87' lang='lat' dir='ltr'><strong><em>similis</em></strong></span> <span class='ocrx_word' id='word_1_368' title='bbox 1517 2935 1691 3004; x_wconf 85' lang='lat' dir='ltr'><strong><em>factus</em></strong></span> 
     </span>
    </p>
   </div>
   <div class='ocr_carea' id='block_1_44' title="bbox 125 3023 1689 3097">
    <p class='ocr_par' dir='ltr' id='par_1_44' title="bbox 125 3023 1689 3097">
     <span class='ocr_line' id='line_1_44' title="bbox 125 3023 1689 3097; baseline 0.003 -20"><span class='ocrx_word' id='word_1_369' title='bbox 125 3032 192 3077; x_wconf 86' lang='lat' dir='ltr'><strong><em>est</em></strong></span> <span class='ocrx_word' id='word_1_370' title='bbox 216 3023 319 3077; x_wconf 88' lang='lat' dir='ltr'><strong><em>illis</em></strong></span> <span class='ocrx_word' id='word_1_371' title='bbox 344 3024 412 3089; x_wconf 65' lang='grc' dir='ltr'><strong><em>δ’,</em></strong></span> <span class='ocrx_word' id='word_1_372' title='bbox 454 3046 473 3078; x_wconf 72' lang='grc' dir='ltr'>ι</span> <span class='ocrx_word' id='word_1_373' title='bbox 509 3029 580 3078; x_wconf 90' lang='lat' dir='ltr'><strong><em>ad</em></strong></span> <span class='ocrx_word' id='word_1_374' title='bbox 609 3026 892 3094; x_wconf 87' lang='lat' dir='ltr'><strong><em>pristinam</em></strong></span> <span class='ocrx_word' id='word_1_375' title='bbox 927 3027 1173 3096; x_wconf 88' lang='lat' dir='ltr'><strong><em>imaginis</em></strong></span> <span class='ocrx_word' id='word_1_376' title='bbox 1215 3027 1309 3081; x_wconf 88' lang='lat' dir='ltr'><strong><em>Dei</em></strong></span> <span class='ocrx_word' id='word_1_377' title='bbox 1342 3027 1569 3097; x_wconf 89' lang='lat' dir='ltr'><strong><em>gloriam</em></strong></span> <span class='ocrx_word' id='word_1_378' title='bbox 1603 3043 1689 3082; x_wconf 83' lang='lat' dir='ltr'><strong><em>re-</em></strong></span> 
     </span>
    </p>
   </div>
   <div class='ocr_carea' id='block_1_45' title="bbox 126 3132 367 3170">
    <p class='ocr_par' dir='ltr' id='par_1_45' title="bbox 126 3132 367 3170">
     <span class='ocr_line' id='line_1_45' title="bbox 126 3132 367 3170; baseline 0.008 -2"><span class='ocrx_word' id='word_1_379' title='bbox 126 3132 367 3170; x_wconf 64' lang='lat' dir='ltr'><strong><em>vocemur.</em></strong></span> 
     </span>
    </p>
   </div>
   <div class='ocr_carea' id='block_1_46' title="bbox 187 3291 1688 3364">
    <p class='ocr_par' dir='ltr' id='par_1_46' title="bbox 187 3291 1688 3364">
     <span class='ocr_line' id='line_1_46' title="bbox 187 3291 1688 3364; baseline 0 -18"><span class='ocrx_word' id='word_1_380' title='bbox 187 3293 266 3348; x_wconf 84' lang='lat' dir='ltr'><strong><em>IV.</em></strong></span> <span class='ocrx_word' id='word_1_381' title='bbox 307 3292 400 3349; x_wconf 87' lang='lat' dir='ltr'><strong><em>Sic</em></strong></span> <span class='ocrx_word' id='word_1_382' title='bbox 439 3293 698 3348; x_wconf 73' lang='lat' dir='ltr'><strong><em>allectum</em></strong></span> <span class='ocrx_word' id='word_1_383' title='bbox 734 3295 1011 3349; x_wconf 88' lang='lat' dir='ltr'><strong><em>hominem</em></strong></span> <span class='ocrx_word' id='word_1_384' title='bbox 1044 3294 1308 3364; x_wconf 81' lang='lat' dir='ltr'><strong><em>indigere,</em></strong></span> <span class='ocrx_word' id='word_1_385' title='bbox 1342 3304 1400 3348; x_wconf 90' lang='lat' dir='ltr'><strong><em>ut</em></strong></span> <span class='ocrx_word' id='word_1_386' title='bbox 1430 3310 1555 3349; x_wconf 90' lang='lat' dir='ltr'><strong><em>eum</em></strong></span> <span class='ocrx_word' id='word_1_387' title='bbox 1594 3291 1688 3349; x_wconf 86' lang='lat' dir='ltr'><strong><em>Dei</em></strong></span> 
     </span>
    </p>
   </div>
   <div class='ocr_carea' id='block_1_47' title="bbox 127 3386 1698 3456">
    <p class='ocr_par' dir='ltr' id='par_1_47' title="bbox 127 3386 1698 3456">
     <span class='ocr_line' id='line_1_47' title="bbox 127 3386 1698 3456; baseline 0.001 -19"><span class='ocrx_word' id='word_1_388' title='bbox 127 3386 282 3452; x_wconf 79' lang='lat' dir='ltr'><strong><em>gratia</em></strong></span> <span class='ocrx_word' id='word_1_389' title='bbox 314 3387 640 3456; x_wconf 66' lang='lat' dir='ltr'><strong><em>pmveniat,</em></strong></span> <span class='ocrx_word' id='word_1_390' title='bbox 676 3393 729 3439; x_wconf 83' lang='lat' dir='ltr'><strong><em>et</em></strong></span> <span class='ocrx_word' id='word_1_391' title='bbox 769 3401 968 3441; x_wconf 86' lang='lat' dir='ltr'><strong><em>novam</em></strong></span> <span class='ocrx_word' id='word_1_392' title='bbox 1013 3388 1064 3440; x_wconf 87' lang='lat' dir='ltr'><strong><em>ei</em></strong></span> <span class='ocrx_word' id='word_1_393' title='bbox 1108 3387 1443 3441; x_wconf 88' lang='lat' dir='ltr'><strong><em>creationem</em></strong></span> <span class='ocrx_word' id='word_1_394' title='bbox 1493 3386 1698 3455; x_wconf 88' lang='lat' dir='ltr'><strong><em>imper-</em></strong></span> 
     </span>
    </p>
   </div>
   <div class='ocr_carea' id='block_1_48' title="bbox 127 3477 1687 3547">
    <p class='ocr_par' dir='ltr' id='par_1_48' title="bbox 127 3477 1687 3547">
     <span class='ocr_line' id='line_1_48' title="bbox 127 3477 1687 3547; baseline 0.004 -19"><span class='ocrx_word' id='word_1_395' title='bbox 127 3477 235 3542; x_wconf 83' lang='lat' dir='ltr'><strong><em>tiat,</em></strong></span> <span class='ocrx_word' id='word_1_396' title='bbox 271 3479 506 3532; x_wconf 81' lang='lat' dir='ltr'><strong><em>miriﬁce</em></strong></span> <span class='ocrx_word' id='word_1_397' title='bbox 549 3478 800 3547; x_wconf 83' lang='lat' dir='ltr'><strong><em>pluribus</em></strong></span> <span class='ocrx_word' id='word_1_398' title='bbox 855 3479 993 3533; x_wconf 89' lang='lat' dir='ltr'><strong><em>locis</em></strong></span> <span class='ocrx_word' id='word_1_399' title='bbox 1039 3477 1383 3533; x_wconf 80' lang='lat' dir='ltr'><strong><em>demonStrat</em></strong></span> <span class='ocrx_word' id='word_1_400' title='bbox 1429 3477 1687 3540; x_wconf 82' lang='lat' dir='ltr'><strong><em>Basilius,</em></strong></span> 
     </span>
    </p>
   </div>
   <div class='ocr_carea' id='block_1_49' title="bbox 128 3566 1695 3638">
    <p class='ocr_par' dir='ltr' id='par_1_49' title="bbox 128 3566 1695 3638">
     <span class='ocr_line' id='line_1_49' title="bbox 128 3566 1695 3638; baseline -0.003 -14"><span class='ocrx_word' id='word_1_401' title='bbox 128 3567 272 3634; x_wconf 86' lang='lat' dir='ltr'><strong><em>.cujus</em></strong></span> <span class='ocrx_word' id='word_1_402' title='bbox 306 3568 631 3623; x_wconf 86' lang='lat' dir='ltr'><strong><em>testimonia</em></strong></span> <span class='ocrx_word' id='word_1_403' title='bbox 673 3569 934 3623; x_wconf 85' lang='lat' dir='ltr'><strong><em>nonnulla</em></strong></span> <span class='ocrx_word' id='word_1_404' title='bbox 989 3569 1079 3622; x_wconf 87' lang='lat' dir='ltr'><strong><em>hic</em></strong></span> <span class='ocrx_word' id='word_1_405' title='bbox 1135 3583 1495 3638; x_wconf 81' lang='lat' dir='ltr'><strong><em>apponemus.</em></strong></span> <span class='ocrx_word' id='word_1_406' title='bbox 1547 3566 1695 3621; x_wconf 89' lang='lat' dir='ltr'><strong><em>Unde</em></strong></span> 
     </span>
    </p>
   </div>
   <div class='ocr_carea' id='block_1_50' title="bbox 127 3657 1690 3728">
    <p class='ocr_par' dir='ltr' id='par_1_50' title="bbox 127 3657 1690 3728">
     <span class='ocr_line' id='line_1_50' title="bbox 127 3657 1690 3728; baseline 0.001 -19"><span class='ocrx_word' id='word_1_407' title='bbox 127 3672 231 3709; x_wconf 64' lang='lat' dir='ltr'><strong><em>vero</em></strong></span> <span class='ocrx_word' id='word_1_408' title='bbox 255 3657 491 3725; x_wconf 79' lang='lat' dir='ltr'><strong><em>facultas</em></strong></span> <span class='ocrx_word' id='word_1_409' title='bbox 540 3658 692 3718; x_wconf 89' lang='lat' dir='ltr'><strong><em>mihi,</em></strong></span> <span class='ocrx_word' id='word_1_410' title='bbox 731 3657 911 3726; x_wconf 87' lang='lat' dir='ltr'><strong><em>inquit</em></strong></span> <span class='ocrx_word' id='word_1_411' title='bbox 950 3658 1006 3710; x_wconf 90' lang='lat' dir='ltr'><strong><em>in</em></strong></span> <span class='ocrx_word' id='word_1_412' title='bbox 1058 3657 1198 3725; x_wconf 87' lang='lat' dir='ltr'><strong><em>psal.</em></strong></span> <span class='ocrx_word' id='word_1_413' title='bbox 1244 3673 1372 3711; x_wconf 77' lang='lat' dir='ltr'><strong><em>xm</em></strong></span> <span class='ocrx_word' id='word_1_414' title='bbox 1417 3658 1493 3728; x_wconf 90' lang='lat' dir='ltr'><strong><em>(p.</em></strong></span> <span class='ocrx_word' id='word_1_415' title='bbox 1543 3659 1690 3726; x_wconf 78' lang='lat'><strong><em>125),</em></strong></span> 
     </span>
    </p>
   </div>
   <div class='ocr_carea' id='block_1_51' title="bbox 129 3745 1695 3815">
    <p class='ocr_par' dir='ltr' id='par_1_51' title="bbox 129 3745 1695 3815">
     <span class='ocr_line' id='line_1_51' title="bbox 129 3745 1695 3815; baseline 0.003 -19"><span class='ocrx_word' id='word_1_416' title='bbox 129 3755 171 3796; x_wconf 93' lang='lat' dir='ltr'><strong><em>te</em></strong></span> <span class='ocrx_word' id='word_1_417' title='bbox 191 3747 460 3798; x_wconf 69' lang='lat' dir='ltr'><strong><em>excitandi</em></strong></span> <span class='ocrx_word' id='word_1_418' title='bbox 494 3763 513 3799; x_wconf 90' lang='lat'><strong><em>:</em></strong></span> <span class='ocrx_word' id='word_1_419' title='bbox 551 3745 817 3811; x_wconf 81' lang='lat' dir='ltr'><strong><em>Quoniam</em></strong></span> <span class='ocrx_word' id='word_1_420' title='bbox 851 3755 908 3800; x_wconf 91' lang='lat' dir='ltr'><strong><em>tu</em></strong></span> <span class='ocrx_word' id='word_1_421' title='bbox 929 3763 1010 3800; x_wconf 89' lang='lat' dir='ltr'><strong><em>me</em></strong></span> <span class='ocrx_word' id='word_1_422' title='bbox 1036 3748 1363 3814; x_wconf 75' lang='lat' dir='ltr'><strong><em>prazveniens</em></strong></span> <span class='ocrx_word' id='word_1_423' title='bbox 1399 3748 1695 3815; x_wconf 88' lang='lat' dir='ltr'><strong><em>suscepisti.</em></strong></span> 
     </span>
    </p>
   </div>
   <div class='ocr_carea' id='block_1_52' title="bbox 133 3836 1700 3907">
    <p class='ocr_par' dir='ltr' id='par_1_52' title="bbox 133 3836 1700 3907">
     <span class='ocr_line' id='line_1_52' title="bbox 133 3836 1700 3907; baseline 0.002 -18"><span class='ocrx_word' id='word_1_424' title='bbox 133 3836 394 3906; x_wconf 82' lang='lat' dir='ltr'><strong><em>Perspicue</em></strong></span> <span class='ocrx_word' id='word_1_425' title='bbox 416 3838 585 3901; x_wconf 70' lang='lat' dir='ltr'><strong><em>dixit,</em></strong></span> <span class='ocrx_word' id='word_1_426' title='bbox 623 3856 642 3889; x_wconf 70' lang='grc' dir='ltr'>ε</span> <span class='ocrx_word' id='word_1_427' title='bbox 685 3837 980 3907; x_wconf 84' lang='lat' dir='ltr'><strong><em>Suscepisti</em></strong></span> <span class='ocrx_word' id='word_1_428' title='bbox 1014 3855 1114 3901; x_wconf 91' lang='lat' dir='ltr'><strong><em>me,</em></strong></span> <span class='ocrx_word' id='word_1_429' title='bbox 1162 3859 1180 3890; x_wconf 77' lang='grc' dir='ltr'><strong><em>ι</em></strong></span> <span class='ocrx_word' id='word_1_430' title='bbox 1217 3855 1312 3906; x_wconf 87' lang='lat' dir='ltr'><strong><em>pro</em></strong></span> <span class='ocrx_word' id='word_1_431' title='bbox 1360 3857 1378 3890; x_wconf 74' lang='grc' dir='ltr'>ι</span> <span class='ocrx_word' id='word_1_432' title='bbox 1415 3839 1700 3892; x_wconf 86' lang='lat' dir='ltr'><strong><em>sublevasti</em></strong></span> 
     </span>
    </p>
   </div>
   <div class='ocr_carea' id='block_1_53' title="bbox 130 3929 1692 4002">
    <p class='ocr_par' dir='ltr' id='par_1_53' title="bbox 130 3929 1692 4002">
     <span class='ocr_line' id='line_1_53' title="bbox 130 3929 1692 4002; baseline 0.001 -21"><span class='ocrx_word' id='word_1_433' title='bbox 130 3946 219 3990; x_wconf 88' lang='lat' dir='ltr'><strong><em>me,</em></strong></span> <span class='ocrx_word' id='word_1_434' title='bbox 259 3951 276 3984; x_wconf 75' lang='grc' dir='ltr'><strong>ι</strong></span> <span class='ocrx_word' id='word_1_435' title='bbox 313 3943 362 3985; x_wconf 88' lang='lat' dir='ltr'><strong><em>et</em></strong></span> <span class='ocrx_word' id='word_1_436' title='bbox 400 3933 735 4002; x_wconf 85' lang='lat' dir='ltr'><strong><em>superiorem</em></strong></span> <span class='ocrx_word' id='word_1_437' title='bbox 785 3931 1178 4000; x_wconf 83' lang='lat' dir='ltr'><strong><em>insurgentibus</em></strong></span> <span class='ocrx_word' id='word_1_438' title='bbox 1225 3931 1278 3984; x_wconf 91' lang='lat' dir='ltr'><strong><em>in</em></strong></span> <span class='ocrx_word' id='word_1_439' title='bbox 1337 3947 1417 3984; x_wconf 90' lang='lat' dir='ltr'><strong><em>me</em></strong></span> <span class='ocrx_word' id='word_1_440' title='bbox 1454 3929 1692 3998; x_wconf 75' lang='lat' dir='ltr'><strong><em>eﬂ&#39;ecisti.</em></strong></span> 
     </span>
    </p>
   </div>
   <div class='ocr_carea' id='block_1_54' title="bbox 139 4019 1696 4092">
    <p class='ocr_par' dir='ltr' id='par_1_54' title="bbox 139 4019 1696 4092">
     <span class='ocr_line' id='line_1_54' title="bbox 139 4019 1696 4092; baseline 0.001 -21"><span class='ocrx_word' id='word_1_441' title='bbox 139 4020 294 4076; x_wconf 76' lang='lat' dir='ltr'><strong><em>Veluti</em></strong></span> <span class='ocrx_word' id='word_1_442' title='bbox 326 4025 373 4076; x_wconf 92' lang='lat' dir='ltr'><strong><em>si</em></strong></span> <span class='ocrx_word' id='word_1_443' title='bbox 401 4025 523 4092; x_wconf 87' lang='lat' dir='ltr'><strong><em>quis</em></strong></span> <span class='ocrx_word' id='word_1_444' title='bbox 547 4037 768 4090; x_wconf 87' lang='lat' dir='ltr'><strong><em>puerum</em></strong></span> <span class='ocrx_word' id='word_1_445' title='bbox 798 4023 1094 4090; x_wconf 87' lang='lat' dir='ltr'><strong><em>quempiam</em></strong></span> <span class='ocrx_word' id='word_1_446' title='bbox 1125 4019 1351 4074; x_wconf 85' lang='lat' dir='ltr'><strong><em>natandi</em></strong></span> <span class='ocrx_word' id='word_1_447' title='bbox 1394 4020 1696 4087; x_wconf 89' lang='lat' dir='ltr'><strong><em>imperitum</em></strong></span> 
     </span>
    </p>
   </div>
   <div class='ocr_carea' id='block_1_55' title="bbox 129 4109 1700 4186">
    <p class='ocr_par' dir='ltr' id='par_1_55' title="bbox 129 4109 1700 4186">
     <span class='ocr_line' id='line_1_55' title="bbox 129 4109 1700 4186; baseline 0.001 -25"><span class='ocrx_word' id='word_1_448' title='bbox 129 4127 274 4164; x_wconf 81' lang='lat' dir='ltr'><strong><em>manu</em></strong></span> <span class='ocrx_word' id='word_1_449' title='bbox 303 4114 620 4180; x_wconf 68' lang='lat' dir='ltr'><strong><em>suscipiens,</em></strong></span> <span class='ocrx_word' id='word_1_450' title='bbox 648 4127 769 4164; x_wconf 87' lang='lat' dir='ltr'><strong><em>eum</em></strong></span> <span class='ocrx_word' id='word_1_451' title='bbox 796 4111 948 4180; x_wconf 88' lang='lat' dir='ltr'><strong><em>aquis</em></strong></span> <span class='ocrx_word' id='word_1_452' title='bbox 980 4111 1226 4164; x_wconf 90' lang='lat' dir='ltr'><strong><em>altiorem</em></strong></span> <span class='ocrx_word' id='word_1_453' title='bbox 1270 4111 1551 4164; x_wconf 88' lang='lat' dir='ltr'><strong><em>sustineat.</em></strong></span> <span class='ocrx_word' id='word_1_454' title='bbox 1594 4109 1700 4186; x_wconf 84' lang='lat' dir='ltr'><strong><em>Qui</em></strong></span> 
     </span>
    </p>
   </div>
   <div class='ocr_carea' id='block_1_56' title="bbox 128 4201 1699 4271">
    <p class='ocr_par' dir='ltr' id='par_1_56' title="bbox 128 4201 1699 4271">
     <span class='ocr_line' id='line_1_56' title="bbox 128 4201 1699 4271; baseline -0.001 -19"><span class='ocrx_word' id='word_1_455' title='bbox 128 4202 296 4269; x_wconf 87' lang='lat' dir='ltr'><strong><em>igitur,</em></strong></span> <span class='ocrx_word' id='word_1_456' title='bbox 325 4203 629 4271; x_wconf 88' lang='lat' dir='ltr'><strong><em>opitulante</em></strong></span> <span class='ocrx_word' id='word_1_457' title='bbox 661 4201 792 4264; x_wconf 86' lang='lat' dir='ltr'><strong><em>Deo,</em></strong></span> <span class='ocrx_word' id='word_1_458' title='bbox 820 4218 852 4254; x_wconf 91' lang='lat' dir='ltr'><strong><em>a</em></strong></span> <span class='ocrx_word' id='word_1_459' title='bbox 891 4217 1018 4255; x_wconf 88' lang='lat' dir='ltr'><strong><em>casu</em></strong></span> <span class='ocrx_word' id='word_1_460' title='bbox 1039 4202 1298 4271; x_wconf 69' lang='lat' dir='ltr'><strong><em>exsurgit,</em></strong></span> <span class='ocrx_word' id='word_1_461' title='bbox 1331 4203 1378 4255; x_wconf 86' lang='lat' dir='ltr'><strong><em>is</em></strong></span> <span class='ocrx_word' id='word_1_462' title='bbox 1409 4202 1551 4270; x_wconf 86' lang='lat' dir='ltr'><strong><em>grati</em></strong></span> <span class='ocrx_word' id='word_1_463' title='bbox 1581 4203 1699 4253; x_wconf 91' lang='lat' dir='ltr'><strong><em>ani-</em></strong></span> 
     </span>
    </p>
   </div>
   <div class='ocr_carea' id='block_1_57' title="bbox 130 4293 1698 4363">
    <p class='ocr_par' dir='ltr' id='par_1_57' title="bbox 130 4293 1698 4363">
     <span class='ocr_line' id='line_1_57' title="bbox 130 4293 1698 4363; baseline 0.003 -21"><span class='ocrx_word' id='word_1_464' title='bbox 130 4293 197 4343; x_wconf 91' lang='lat' dir='ltr'><strong><em>mi</em></strong></span> <span class='ocrx_word' id='word_1_465' title='bbox 226 4295 622 4363; x_wconf 82' lang='lat' dir='ltr'><strong><em>signiﬁcatione</em></strong></span> <span class='ocrx_word' id='word_1_466' title='bbox 661 4309 751 4361; x_wconf 90' lang='lat' dir='ltr'><strong><em>per</em></strong></span> <span class='ocrx_word' id='word_1_467' title='bbox 788 4293 925 4346; x_wconf 91' lang='lat' dir='ltr'><strong><em>bona</em></strong></span> <span class='ocrx_word' id='word_1_468' title='bbox 968 4308 1128 4360; x_wconf 85' lang='lat' dir='ltr'><strong><em>opera</em></strong></span> <span class='ocrx_word' id='word_1_469' title='bbox 1172 4294 1551 4348; x_wconf 77' lang='lat' dir='ltr'><strong><em>exultationem</em></strong></span> <span class='ocrx_word' id='word_1_470' title='bbox 1591 4294 1698 4347; x_wconf 90' lang='lat' dir='ltr'><strong><em>Deo</em></strong></span> 
     </span>
    </p>
   </div>
   <div class='ocr_carea' id='block_1_58' title="bbox 127 4367 1700 4454">
    <p class='ocr_par' dir='ltr' id='par_1_58' title="bbox 127 4367 1700 4454">
     <span class='ocr_line' id='line_1_58' title="bbox 127 4367 1700 4454; baseline 0.003 -20"><span class='ocrx_word' id='word_1_471' title='bbox 127 4383 412 4450; x_wconf 82' lang='lat' dir='ltr'><strong><em>pollicetur.</em></strong></span> <span class='ocrx_word' id='word_1_472' title='bbox 441 4386 555 4437; x_wconf 85' lang='lat' dir='ltr'><strong><em>Aut</em></strong></span> <span class='ocrx_word' id='word_1_473' title='bbox 592 4386 726 4437; x_wconf 89' lang='lat' dir='ltr'><strong><em>velut</em></strong></span> <span class='ocrx_word' id='word_1_474' title='bbox 758 4385 804 4436; x_wconf 88' lang='lat' dir='ltr'><strong><em>si</em></strong></span> <span class='ocrx_word' id='word_1_475' title='bbox 831 4367 947 4452; x_wconf 82' lang='lat' dir='ltr'><strong><em>quis</em></strong></span> <span class='ocrx_word' id='word_1_476' title='bbox 987 4383 1208 4438; x_wconf 86' lang='lat' dir='ltr'><strong><em>debilem</em></strong></span> <span class='ocrx_word' id='word_1_477' title='bbox 1250 4386 1549 4454; x_wconf 87' lang='lat' dir='ltr'><strong><em>quempiam</em></strong></span> <span class='ocrx_word' id='word_1_478' title='bbox 1621 4385 1700 4439; x_wconf 89' lang='lat' dir='ltr'><strong><em>lu-</em></strong></span> 
     </span>
    </p>
   </div>
   <div class='ocr_carea' id='block_1_59' title="bbox 1797 1936 3367 2010">
    <p class='ocr_par' dir='ltr' id='par_1_59' title="bbox 1797 1936 3367 2010">
     <span class='ocr_line' id='line_1_59' title="bbox 1797 1936 3367 2010; baseline 0.003 -21"><span class='ocrx_word' id='word_1_479' title='bbox 1797 1936 1982 2004; x_wconf 88' lang='lat' dir='ltr'><strong><em>fueris,</em></strong></span> <span class='ocrx_word' id='word_1_480' title='bbox 2014 1937 2253 2006; x_wconf 67' lang='lat' dir='ltr'><strong><em>expendit</em></strong></span> <span class='ocrx_word' id='word_1_481' title='bbox 2291 1938 2480 2007; x_wconf 71' lang='lat' dir='ltr'><strong><em>judex.</em></strong></span> <span class='ocrx_word' id='word_1_482' title='bbox 2530 1938 2586 1993; x_wconf 87' lang='lat' dir='ltr'><strong><em>lu</em></strong></span> <span class='ocrx_word' id='word_1_483' title='bbox 2624 1940 2707 1994; x_wconf 88' lang='lat' dir='ltr'><strong><em>his</em></strong></span> <span class='ocrx_word' id='word_1_484' title='bbox 2751 1955 2871 2008; x_wconf 69' lang='lat' dir='ltr'><strong><em>qua:</em></strong></span> <span class='ocrx_word' id='word_1_485' title='bbox 2903 1947 3209 2009; x_wconf 88' lang='lat' dir='ltr'><strong><em>sequuntur</em></strong></span> <span class='ocrx_word' id='word_1_486' title='bbox 3241 1957 3367 2010; x_wconf 83' lang='lat' dir='ltr'><strong><em>per-</em></strong></span> 
     </span>
    </p>
   </div>
   <div class='ocr_carea' id='block_1_60' title="bbox 1797 2028 3368 2095">
    <p class='ocr_par' dir='ltr' id='par_1_60' title="bbox 1797 2028 3368 2095">
     <span class='ocr_line' id='line_1_60' title="bbox 1797 2028 3368 2095; baseline 0.003 -13"><span class='ocrx_word' id='word_1_487' title='bbox 1797 2029 2118 2082; x_wconf 66' lang='lat' dir='ltr'><strong><em>severantia:</em></strong></span> <span class='ocrx_word' id='word_1_488' title='bbox 2146 2028 2348 2087; x_wconf 87' lang='lat' dir='ltr'><strong><em>donum</em></strong></span> <span class='ocrx_word' id='word_1_489' title='bbox 2381 2030 2798 2084; x_wconf 76' lang='lat' dir='ltr'><strong><em>commendatur</em></strong></span> <span class='ocrx_word' id='word_1_490' title='bbox 2829 2049 2842 2084; x_wconf 89' lang='lat'><strong>:</strong></span> <span class='ocrx_word' id='word_1_491' title='bbox 2888 2030 3040 2095; x_wconf 84' lang='lat' dir='ltr'><strong><em>Quod</em></strong></span> <span class='ocrx_word' id='word_1_492' title='bbox 3070 2033 3118 2085; x_wconf 88' lang='lat' dir='ltr'><strong><em>si</em></strong></span> <span class='ocrx_word' id='word_1_493' title='bbox 3172 2049 3235 2086; x_wconf 90' lang='lat' dir='ltr'><strong><em>ne</em></strong></span> <span class='ocrx_word' id='word_1_494' title='bbox 3265 2033 3368 2086; x_wconf 89' lang='lat' dir='ltr'><strong><em>hoc</em></strong></span> 
     </span>
    </p>
   </div>
   <div class='ocr_carea' id='block_1_61' title="bbox 1795 2117 3361 2190">
    <p class='ocr_par' dir='ltr' id='par_1_61' title="bbox 1795 2117 3361 2190">
     <span class='ocr_line' id='line_1_61' title="bbox 1795 2117 3361 2190; baseline 0.006 -21"><span class='ocrx_word' id='word_1_495' title='bbox 1795 2117 2002 2187; x_wconf 88' lang='lat' dir='ltr'><strong><em>quidem</em></strong></span> <span class='ocrx_word' id='word_1_496' title='bbox 2025 2119 2295 2188; x_wconf 86' lang='lat' dir='ltr'><strong><em>intelligis,</em></strong></span> <span class='ocrx_word' id='word_1_497' title='bbox 2333 2120 2494 2188; x_wconf 89' lang='lat' dir='ltr'><strong><em>fuisse</em></strong></span> <span class='ocrx_word' id='word_1_498' title='bbox 2529 2129 2577 2174; x_wconf 93' lang='lat' dir='ltr'><strong><em>te</em></strong></span> <span class='ocrx_word' id='word_1_499' title='bbox 2605 2123 2836 2190; x_wconf 87' lang='lat' dir='ltr'><strong><em>gratiam</em></strong></span> <span class='ocrx_word' id='word_1_500' title='bbox 2864 2133 3224 2186; x_wconf 87' lang='lat' dir='ltr'><strong><em>consecutum,</em></strong></span> <span class='ocrx_word' id='word_1_501' title='bbox 3269 2135 3361 2178; x_wconf 89' lang='lat' dir='ltr'><strong><em>aut</em></strong></span> 
     </span>
    </p>
   </div>
   <div class='ocr_carea' id='block_1_62' title="bbox 1794 2210 3362 2282">
    <p class='ocr_par' dir='ltr' id='par_1_62' title="bbox 1794 2210 3362 2282">
     <span class='ocr_line' id='line_1_62' title="bbox 1794 2210 3362 2282; baseline 0.004 -20"><span class='ocrx_word' id='word_1_502' title='bbox 1794 2210 1842 2262; x_wconf 71' lang='lat' dir='ltr'><strong><em>si</em></strong></span> <span class='ocrx_word' id='word_1_503' title='bbox 1862 2225 1971 2277; x_wconf 76' lang='lat' dir='ltr'><strong><em>pra:</em></strong></span> <span class='ocrx_word' id='word_1_504' title='bbox 2005 2211 2172 2264; x_wconf 90' lang='lat' dir='ltr'><strong><em>nimia</em></strong></span> <span class='ocrx_word' id='word_1_505' title='bbox 2209 2211 2515 2278; x_wconf 84' lang='lat' dir='ltr'><strong><em>stupiditate</em></strong></span> <span class='ocrx_word' id='word_1_506' title='bbox 2538 2221 2683 2265; x_wconf 89' lang='lat' dir='ltr'><strong><em>tuam</em></strong></span> <span class='ocrx_word' id='word_1_507' title='bbox 2713 2214 2878 2282; x_wconf 90' lang='lat' dir='ltr'><strong><em>ipsius</em></strong></span> <span class='ocrx_word' id='word_1_508' title='bbox 2909 2215 3362 2270; x_wconf 70' lang='lat' dir='ltr'><strong><em>virtutem-existi-</em></strong></span> 
     </span>
    </p>
   </div>
   <div class='ocr_carea' id='block_1_63' title="bbox 1794 2300 3370 2372">
    <p class='ocr_par' dir='ltr' id='par_1_63' title="bbox 1794 2300 3370 2372">
     <span class='ocr_line' id='line_1_63' title="bbox 1794 2300 3370 2372; baseline 0.007 -24"><span class='ocrx_word' id='word_1_509' title='bbox 1794 2312 1910 2350; x_wconf 78' lang='lat' dir='ltr'><strong><em>mas</em></strong></span> <span class='ocrx_word' id='word_1_510' title='bbox 1943 2300 2178 2367; x_wconf 85' lang='lat' dir='ltr'><strong><em>gratiam</em></strong></span> <span class='ocrx_word' id='word_1_511' title='bbox 2206 2316 2338 2362; x_wconf 88' lang='lat' dir='ltr'><strong><em>esse,</em></strong></span> <span class='ocrx_word' id='word_1_512' title='bbox 2371 2317 2477 2354; x_wconf 88' lang='lat' dir='ltr'><strong><em>non</em></strong></span> <span class='ocrx_word' id='word_1_513' title='bbox 2497 2318 2550 2354; x_wconf 89' lang='lat' dir='ltr'><strong><em>es</em></strong></span> <span class='ocrx_word' id='word_1_514' title='bbox 2583 2301 2734 2356; x_wconf 89' lang='lat' dir='ltr'><strong><em>beato</em></strong></span> <span class='ocrx_word' id='word_1_515' title='bbox 2770 2301 2931 2356; x_wconf 88' lang='lat' dir='ltr'><strong><em>Petro</em></strong></span> <span class='ocrx_word' id='word_1_516' title='bbox 2956 2305 3192 2372; x_wconf 90' lang='lat' dir='ltr'><strong><em>apostolo</em></strong></span> <span class='ocrx_word' id='word_1_517' title='bbox 3230 2320 3370 2372; x_wconf 80' lang='lat' dir='ltr'><strong><em>prte-</em></strong></span> 
     </span>
    </p>
   </div>
   <div class='ocr_carea' id='block_1_64' title="bbox 1793 2385 3374 2458">
    <p class='ocr_par' dir='ltr' id='par_1_64' title="bbox 1793 2385 3374 2458">
     <span class='ocr_line' id='line_1_64' title="bbox 1793 2385 3374 2458; baseline 0.004 -20"><span class='ocrx_word' id='word_1_518' title='bbox 1793 2387 2042 2440; x_wconf 78' lang='lat' dir='ltr'><strong><em>stantior.</em></strong></span> <span class='ocrx_word' id='word_1_519' title='bbox 2087 2385 2198 2442; x_wconf 89' lang='lat' dir='ltr'><strong><em>Nec</em></strong></span> <span class='ocrx_word' id='word_1_520' title='bbox 2223 2389 2362 2442; x_wconf 85' lang='lat' dir='ltr'><strong><em>enim</em></strong></span> <span class='ocrx_word' id='word_1_521' title='bbox 2403 2387 2690 2443; x_wconf 86' lang='lat' dir='ltr'><strong><em>Dominum</em></strong></span> <span class='ocrx_word' id='word_1_522' title='bbox 2735 2405 2916 2442; x_wconf 83' lang='lat' dir='ltr'><strong><em>amore</em></strong></span> <span class='ocrx_word' id='word_1_523' title='bbox 2957 2389 3148 2456; x_wconf 86' lang='lat' dir='ltr'><strong><em>majori</em></strong></span> <span class='ocrx_word' id='word_1_524' title='bbox 3195 2405 3374 2458; x_wconf 90' lang='lat' dir='ltr'><strong><em>prose-</em></strong></span> 
     </span>
    </p>
   </div>
   <div class='ocr_carea' id='block_1_65' title="bbox 1792 2478 3373 2549">
    <p class='ocr_par' dir='ltr' id='par_1_65' title="bbox 1792 2478 3373 2549">
     <span class='ocr_line' id='line_1_65' title="bbox 1792 2478 3373 2549; baseline 0.005 -23"><span class='ocrx_word' id='word_1_525' title='bbox 1792 2478 1882 2545; x_wconf 83' lang='lat' dir='ltr'><strong><em>qui</em></strong></span> <span class='ocrx_word' id='word_1_526' title='bbox 1929 2479 2154 2544; x_wconf 90' lang='lat' dir='ltr'><strong><em>poteris,</em></strong></span> <span class='ocrx_word' id='word_1_527' title='bbox 2207 2495 2364 2549; x_wconf 89' lang='lat' dir='ltr'><strong><em>quam</em></strong></span> <span class='ocrx_word' id='word_1_528' title='bbox 2407 2479 2499 2547; x_wconf 90' lang='lat' dir='ltr'><strong><em>qui</em></strong></span> <span class='ocrx_word' id='word_1_529' title='bbox 2559 2480 2639 2532; x_wconf 90' lang='lat' dir='ltr'><strong><em>ita</em></strong></span> <span class='ocrx_word' id='word_1_530' title='bbox 2690 2478 3012 2533; x_wconf 87' lang='lat' dir='ltr'><strong><em>vehementer</em></strong></span> <span class='ocrx_word' id='word_1_531' title='bbox 3068 2479 3255 2533; x_wconf 75' lang='lat' dir='ltr'><strong><em>dilexit</em></strong></span> <span class='ocrx_word' id='word_1_532' title='bbox 3313 2491 3373 2535; x_wconf 87' lang='lat' dir='ltr'><strong><em>ut</em></strong></span> 
     </span>
    </p>
   </div>
   <div class='ocr_carea' id='block_1_66' title="bbox 1793 2565 3372 2636">
    <p class='ocr_par' dir='ltr' id='par_1_66' title="bbox 1793 2565 3372 2636">
     <span class='ocr_line' id='line_1_66' title="bbox 1793 2565 3372 2636; baseline 0.002 -18"><span class='ocrx_word' id='word_1_533' title='bbox 1793 2567 1955 2619; x_wconf 85' lang='lat' dir='ltr'><strong><em>e‘iam</em></strong></span> <span class='ocrx_word' id='word_1_534' title='bbox 1993 2567 2212 2621; x_wconf 85' lang='lat' dir='ltr'><strong><em>voluerit</em></strong></span> <span class='ocrx_word' id='word_1_535' title='bbox 2249 2583 2343 2635; x_wconf 88' lang='lat' dir='ltr'><strong><em>pro</em></strong></span> <span class='ocrx_word' id='word_1_536' title='bbox 2375 2567 2488 2636; x_wconf 89' lang='lat' dir='ltr'><strong><em>ipso</em></strong></span> <span class='ocrx_word' id='word_1_537' title='bbox 2535 2567 2690 2620; x_wconf 89' lang='lat' dir='ltr'><strong><em>mori.</em></strong></span> <span class='ocrx_word' id='word_1_538' title='bbox 2729 2565 2855 2631; x_wconf 89' lang='lat' dir='ltr'><strong><em>Sed,</em></strong></span> <span class='ocrx_word' id='word_1_539' title='bbox 2888 2566 3138 2636; x_wconf 88' lang='lat' dir='ltr'><strong><em>quoniam</em></strong></span> <span class='ocrx_word' id='word_1_540' title='bbox 3193 2567 3372 2621; x_wconf 83' lang='lat' dir='ltr'><strong><em>animo</em></strong></span> 
     </span>
    </p>
   </div>
   <div class='ocr_carea' id='block_1_67' title="bbox 1792 2654 3434 2728">
    <p class='ocr_par' dir='ltr' id='par_1_67' title="bbox 1792 2654 3434 2728">
     <span class='ocr_line' id='line_1_67' title="bbox 1792 2654 3434 2728; baseline 0.001 -20"><span class='ocrx_word' id='word_1_541' title='bbox 1792 2655 2009 2710; x_wconf 84' lang='lat' dir='ltr'><strong><em>elatiore</em></strong></span> <span class='ocrx_word' id='word_1_542' title='bbox 2040 2657 2246 2710; x_wconf 89' lang='lat' dir='ltr'><strong><em>locutus</em></strong></span> <span class='ocrx_word' id='word_1_543' title='bbox 2277 2665 2352 2710; x_wconf 91' lang='lat' dir='ltr'><strong><em>est</em></strong></span> <span class='ocrx_word' id='word_1_544' title='bbox 2416 2673 2536 2709; x_wconf 89' lang='lat' dir='ltr'><strong><em>cum</em></strong></span> <span class='ocrx_word' id='word_1_545' title='bbox 2560 2656 2695 2708; x_wconf 76' lang='lat' dir='ltr'><strong><em>dixit</em></strong></span> <span class='ocrx_word' id='word_1_546' title='bbox 2730 2671 2749 2709; x_wconf 91' lang='lat'><strong><em>:</em></strong></span> <span class='ocrx_word' id='word_1_547' title='bbox 2787 2675 2806 2706; x_wconf 70' lang='grc' dir='ltr'><strong><em>ι</em></strong></span> <span class='ocrx_word' id='word_1_548' title='bbox 2853 2654 2971 2708; x_wconf 86' lang='lat' dir='ltr'><strong><em>Etsi</em></strong></span> <span class='ocrx_word' id='word_1_549' title='bbox 3005 2673 3181 2709; x_wconf 84' lang='lat' dir='ltr'><strong><em>omnes</em></strong></span> <span class='ocrx_word' id='word_1_550' title='bbox 3221 2672 3371 2710; x_wconf 89' lang='lat' dir='ltr'><strong><em>scan-</em></strong></span> <span class='ocrx_word' id='word_1_551' title='bbox 3431 2725 3434 2728; x_wconf 18' lang='lat'><strong><em>.</em></strong></span> 
     </span>
    </p>
   </div>
   <div class='ocr_carea' id='block_1_68' title="bbox 1793 2746 3374 2816">
    <p class='ocr_par' dir='ltr' id='par_1_68' title="bbox 1793 2746 3374 2816">
     <span class='ocr_line' id='line_1_68' title="bbox 1793 2746 3374 2816; baseline 0.001 -18"><span class='ocrx_word' id='word_1_552' title='bbox 1793 2747 2018 2800; x_wconf 72' lang='lat' dir='ltr'><strong><em>dz&#39;izati</em></strong></span> <span class='ocrx_word' id='word_1_553' title='bbox 2041 2747 2236 2816; x_wconf 81' lang='lat' dir='ltr'><strong><em>fuerint</em></strong></span> <span class='ocrx_word' id='word_1_554' title='bbox 2262 2748 2314 2800; x_wconf 91' lang='lat' dir='ltr'><strong><em>in</em></strong></span> <span class='ocrx_word' id='word_1_555' title='bbox 2344 2756 2413 2810; x_wconf 91' lang='lat' dir='ltr'><strong><em>te,</em></strong></span> <span class='ocrx_word' id='word_1_556' title='bbox 2459 2763 2552 2816; x_wconf 92' lang='lat' dir='ltr'><strong><em>ego</em></strong></span> <span class='ocrx_word' id='word_1_557' title='bbox 2586 2755 2760 2800; x_wconf 90' lang='lat' dir='ltr'><strong><em>tamen</em></strong></span> <span class='ocrx_word' id='word_1_558' title='bbox 2797 2764 3062 2811; x_wconf 86' lang='lat' dir='ltr'><strong><em>nunquam</em></strong></span> <span class='ocrx_word' id='word_1_559' title='bbox 3107 2746 3374 2799; x_wconf 86' lang='lat' dir='ltr'><strong><em>scandali-</em></strong></span> 
     </span>
    </p>
   </div>
   <div class='ocr_carea' id='block_1_69' title="bbox 1795 2837 3374 2908">
    <p class='ocr_par' dir='ltr' id='par_1_69' title="bbox 1795 2837 3374 2908">
     <span class='ocr_line' id='line_1_69' title="bbox 1795 2837 3374 2908; baseline 0 -16"><span class='ocrx_word' id='word_1_560' title='bbox 1795 2842 1959 2892; x_wconf 80' lang='lat' dir='ltr'><strong><em>zabor</em></strong></span> <span class='ocrx_word' id='word_1_561' title='bbox 1979 2840 2046 2900; x_wconf 81' lang='grc'><strong><em>⁸⁸,</em></strong></span> <span class='ocrx_word' id='word_1_562' title='bbox 2083 2858 2101 2890; x_wconf 86' lang='grc'><strong>›</strong></span> <span class='ocrx_word' id='word_1_563' title='bbox 2135 2838 2413 2893; x_wconf 90' lang='lat' dir='ltr'><strong><em>timiditati</em></strong></span> <span class='ocrx_word' id='word_1_564' title='bbox 2435 2837 2934 2892; x_wconf 72' lang='lat' dir='ltr'><strong><em>humanartraditus</em></strong></span> <span class='ocrx_word' id='word_1_565' title='bbox 2965 2847 3063 2901; x_wconf 88' lang='lat' dir='ltr'><strong><em>est,</em></strong></span> <span class='ocrx_word' id='word_1_566' title='bbox 3091 2837 3374 2908; x_wconf 80' lang='lat' dir='ltr'><strong><em>ceciditque</em></strong></span> 
     </span>
    </p>
   </div>
   <div class='ocr_carea' id='block_1_70' title="bbox 1794 2929 3374 3000">
    <p class='ocr_par' dir='ltr' id='par_1_70' title="bbox 1794 2929 3374 3000">
     <span class='ocr_line' id='line_1_70' title="bbox 1794 2929 3374 3000; baseline -0.001 -15"><span class='ocrx_word' id='word_1_567' title='bbox 1794 2933 1849 2985; x_wconf 87' lang='lat' dir='ltr'><strong><em>in</em></strong></span> <span class='ocrx_word' id='word_1_568' title='bbox 1878 2932 2273 3000; x_wconf 71' lang='lat' dir='ltr'><strong><em>inﬁtiationem,</em></strong></span> <span class='ocrx_word' id='word_1_569' title='bbox 2308 2930 2464 2998; x_wconf 87' lang='lat' dir='ltr'><strong><em>lapsu</em></strong></span> <span class='ocrx_word' id='word_1_570' title='bbox 2505 2929 2824 2983; x_wconf 77' lang='lat' dir='ltr'><strong><em>erudiendas</em></strong></span> <span class='ocrx_word' id='word_1_571' title='bbox 2860 2930 2928 2983; x_wconf 90' lang='lat' dir='ltr'><strong><em>ad</em></strong></span> <span class='ocrx_word' id='word_1_572' title='bbox 2975 2941 3170 2983; x_wconf 90' lang='lat' dir='ltr'><strong><em>metum</em></strong></span> <span class='ocrx_word' id='word_1_573' title='bbox 3221 2939 3374 2999; x_wconf 83' lang='lat' dir='ltr'><strong><em>atque</em></strong></span> 
     </span>
    </p>
   </div>
   <div class='ocr_carea' id='block_1_71' title="bbox 1795 3020 3374 3092">
    <p class='ocr_par' dir='ltr' id='par_1_71' title="bbox 1795 3020 3374 3092">
     <span class='ocr_line' id='line_1_71' title="bbox 1795 3020 3374 3092; baseline 0 -17"><span class='ocrx_word' id='word_1_574' title='bbox 1795 3021 1866 3075; x_wconf 89' lang='lat' dir='ltr'><strong><em>ad</em></strong></span> <span class='ocrx_word' id='word_1_575' title='bbox 1905 3024 2216 3085; x_wconf 83' lang='lat' dir='ltr'><strong><em>cautionem,</em></strong></span> <span class='ocrx_word' id='word_1_576' title='bbox 2259 3020 2652 3092; x_wconf 77' lang='lat' dir='ltr'><strong><em>edocendusque</em></strong></span> <span class='ocrx_word' id='word_1_577' title='bbox 2695 3021 2922 3089; x_wconf 84' lang='lat' dir='ltr'><strong><em>inﬁrmis</em></strong></span> <span class='ocrx_word' id='word_1_578' title='bbox 2963 3037 3176 3090; x_wconf 88' lang='lat' dir='ltr'><strong><em>parcere</em></strong></span> <span class='ocrx_word' id='word_1_579' title='bbox 3205 3031 3253 3075; x_wconf 91' lang='lat' dir='ltr'><strong><em>et</em></strong></span> <span class='ocrx_word' id='word_1_580' title='bbox 3281 3021 3374 3075; x_wconf 88' lang='lat' dir='ltr'><strong><em>de-</em></strong></span> 
     </span>
    </p>
   </div>
   <div class='ocr_carea' id='block_1_72' title="bbox 1797 3111 3370 3183">
    <p class='ocr_par' dir='ltr' id='par_1_72' title="bbox 1797 3111 3370 3183">
     <span class='ocr_line' id='line_1_72' title="bbox 1797 3111 3370 3183; baseline -0.001 -17"><span class='ocrx_word' id='word_1_581' title='bbox 1797 3113 2007 3174; x_wconf 87' lang='lat' dir='ltr'><strong><em>bilibus,</em></strong></span> <span class='ocrx_word' id='word_1_582' title='bbox 2055 3113 2192 3183; x_wconf 90' lang='lat' dir='ltr'><strong><em>quod</em></strong></span> <span class='ocrx_word' id='word_1_583' title='bbox 2245 3121 2293 3166; x_wconf 88' lang='lat' dir='ltr'><strong><em>et</em></strong></span> <span class='ocrx_word' id='word_1_584' title='bbox 2349 3128 2500 3166; x_wconf 87' lang='lat' dir='ltr'><strong><em>suam</em></strong></span> <span class='ocrx_word' id='word_1_585' title='bbox 2559 3113 2801 3182; x_wconf 85' lang='lat' dir='ltr'><strong><em>cognovit</em></strong></span> <span class='ocrx_word' id='word_1_586' title='bbox 2857 3111 3257 3180; x_wconf 78' lang='lat' dir='ltr'><strong><em>inﬁrmitatem,</em></strong></span> <span class='ocrx_word' id='word_1_587' title='bbox 3320 3121 3370 3164; x_wconf 92' lang='lat' dir='ltr'><strong><em>et</em></strong></span> 
     </span>
    </p>
   </div>
   <div class='ocr_carea' id='block_1_73' title="bbox 1727 3189 3372 3273">
    <p class='ocr_par' dir='ltr' id='par_1_73' title="bbox 1727 3189 3372 3273">
     <span class='ocr_line' id='line_1_73' title="bbox 1727 3189 3372 3273; baseline -0.001 -17"><span class='ocrx_word' id='word_1_588' title='bbox 1727 3189 1768 3245; x_wconf 65' lang='grc' dir='ltr'><strong>(ἶ</strong></span> <span class='ocrx_word' id='word_1_589' title='bbox 1799 3205 2065 3272; x_wconf 88' lang='lat' dir='ltr'><strong><em>perspicue</em></strong></span> <span class='ocrx_word' id='word_1_590' title='bbox 2091 3203 2348 3256; x_wconf 77' lang='lat' dir='ltr'><strong><em>intellexit</em></strong></span> <span class='ocrx_word' id='word_1_591' title='bbox 2381 3203 2518 3273; x_wconf 90' lang='lat' dir='ltr'><strong><em>quod</em></strong></span> <span class='ocrx_word' id='word_1_592' title='bbox 2561 3201 2998 3267; x_wconf 89' lang='lat' dir='ltr'><strong><em>quemadmodum</em></strong></span> <span class='ocrx_word' id='word_1_593' title='bbox 3033 3219 3149 3254; x_wconf 89' lang='lat' dir='ltr'><strong><em>cum</em></strong></span> <span class='ocrx_word' id='word_1_594' title='bbox 3192 3202 3246 3255; x_wconf 91' lang='lat' dir='ltr'><strong><em>in</em></strong></span> <span class='ocrx_word' id='word_1_595' title='bbox 3282 3217 3372 3270; x_wconf 82' lang='lat' dir='ltr'><strong><em>pe-</em></strong></span> 
     </span>
    </p>
   </div>
   <div class='ocr_carea' id='block_1_74' title="bbox 1798 3293 3368 3366">
    <p class='ocr_par' dir='ltr' id='par_1_74' title="bbox 1798 3293 3368 3366">
     <span class='ocr_line' id='line_1_74' title="bbox 1798 3293 3368 3366; baseline -0.001 -18"><span class='ocrx_word' id='word_1_596' title='bbox 1798 3295 1914 3366; x_wconf 86' lang='lat' dir='ltr'><strong><em>lago</em></strong></span> <span class='ocrx_word' id='word_1_597' title='bbox 1942 3305 2276 3364; x_wconf 86' lang='lat' dir='ltr'><strong><em>mergeretur,</em></strong></span> <span class='ocrx_word' id='word_1_598' title='bbox 2328 3312 2419 3364; x_wconf 91' lang='lat' dir='ltr'><strong><em>per</em></strong></span> <span class='ocrx_word' id='word_1_599' title='bbox 2471 3293 2672 3350; x_wconf 89' lang='lat' dir='ltr'><strong><em>Christi</em></strong></span> <span class='ocrx_word' id='word_1_600' title='bbox 2722 3294 2994 3347; x_wconf 68' lang='lat' dir='ltr'><strong><em>dexteram</em></strong></span> <span class='ocrx_word' id='word_1_601' title='bbox 3033 3304 3214 3348; x_wconf 87' lang='lat' dir='ltr'><strong><em>erutus</em></strong></span> <span class='ocrx_word' id='word_1_602' title='bbox 3268 3303 3368 3358; x_wconf 88' lang='lat' dir='ltr'><strong><em>est,</em></strong></span> 
     </span>
    </p>
   </div>
   <div class='ocr_carea' id='block_1_75' title="bbox 1797 3383 3370 3456">
    <p class='ocr_par' dir='ltr' id='par_1_75' title="bbox 1797 3383 3370 3456">
     <span class='ocr_line' id='line_1_75' title="bbox 1797 3383 3370 3456; baseline -0.001 -17"><span class='ocrx_word' id='word_1_603' title='bbox 1797 3386 1873 3439; x_wconf 86' lang='lat' dir='ltr'><strong><em>ita</em></strong></span> <span class='ocrx_word' id='word_1_604' title='bbox 1897 3388 1952 3440; x_wconf 92' lang='lat' dir='ltr'><strong><em>in</em></strong></span> <span class='ocrx_word' id='word_1_605' title='bbox 1975 3385 2218 3440; x_wconf 89' lang='lat' dir='ltr'><strong><em>scandali</em></strong></span> <span class='ocrx_word' id='word_1_606' title='bbox 2245 3386 2479 3456; x_wconf 87' lang='lat' dir='ltr'><strong><em>procella</em></strong></span> <span class='ocrx_word' id='word_1_607' title='bbox 2504 3387 2564 3440; x_wconf 88' lang='lat' dir='ltr'><strong><em>ob</em></strong></span> <span class='ocrx_word' id='word_1_608' title='bbox 2593 3386 3018 3440; x_wconf 89' lang='lat' dir='ltr'><strong><em>incredulitatem</em></strong></span> <span class='ocrx_word' id='word_1_609' title='bbox 3044 3387 3095 3439; x_wconf 92' lang='lat' dir='ltr'><strong><em>in</em></strong></span> <span class='ocrx_word' id='word_1_610' title='bbox 3120 3383 3370 3454; x_wconf 88' lang='lat' dir='ltr'><strong><em>pereundi</em></strong></span> 
     </span>
    </p>
   </div>
   <div class='ocr_carea' id='block_1_76' title="bbox 1795 3475 3372 3546">
    <p class='ocr_par' dir='ltr' id='par_1_76' title="bbox 1795 3475 3372 3546">
     <span class='ocr_line' id='line_1_76' title="bbox 1795 3475 3372 3546; baseline -0.004 -12"><span class='ocrx_word' id='word_1_611' title='bbox 1795 3478 2086 3546; x_wconf 84' lang='lat' dir='ltr'><strong><em>periculum</em></strong></span> <span class='ocrx_word' id='word_1_612' title='bbox 2141 3479 2368 3543; x_wconf 88' lang='lat' dir='ltr'><strong><em>veniens,</em></strong></span> <span class='ocrx_word' id='word_1_613' title='bbox 2416 3475 2612 3532; x_wconf 88' lang='lat' dir='ltr'><strong><em>Christi</em></strong></span> <span class='ocrx_word' id='word_1_614' title='bbox 2649 3479 2839 3531; x_wconf 89' lang='lat' dir='ltr'><strong><em>virtute</em></strong></span> <span class='ocrx_word' id='word_1_615' title='bbox 2882 3485 3118 3530; x_wconf 89' lang='lat' dir='ltr'><strong><em>servatus</em></strong></span> <span class='ocrx_word' id='word_1_616' title='bbox 3163 3477 3252 3530; x_wconf 90' lang='lat' dir='ltr'><strong><em>sit.</em></strong></span> <span class='ocrx_word' id='word_1_617' title='bbox 3305 3475 3372 3529; x_wconf 83' lang='lat' dir='ltr'><strong><em>In</em></strong></span> 
     </span>
    </p>
   </div>
   <div class='ocr_carea' id='block_1_77' title="bbox 1795 3567 3368 3638">
    <p class='ocr_par' dir='ltr' id='par_1_77' title="bbox 1795 3567 3368 3638">
     <span class='ocr_line' id='line_1_77' title="bbox 1795 3567 3368 3638; baseline 0.001 -17"><span class='ocrx_word' id='word_1_618' title='bbox 1795 3569 1931 3636; x_wconf 87' lang='lat' dir='ltr'><strong><em>psal.</em></strong></span> <span class='ocrx_word' id='word_1_619' title='bbox 1966 3584 2159 3634; x_wconf 61' lang='grc' dir='ltr'><strong><em>χχχιιι,</em></strong></span> <span class='ocrx_word' id='word_1_620' title='bbox 2191 3585 2246 3624; x_wconf 90' lang='lat' dir='ltr'><strong><em>n.</em></strong></span> <span class='ocrx_word' id='word_1_621' title='bbox 2269 3569 2303 3622; x_wconf 86' lang='lat'><strong><em>2</em></strong></span> <span class='ocrx_word' id='word_1_622' title='bbox 2330 3589 2342 3623; x_wconf 89' lang='lat'><strong>:</strong></span> <span class='ocrx_word' id='word_1_623' title='bbox 2383 3567 2564 3638; x_wconf 87' lang='lat' dir='ltr'><strong><em>Neque</em></strong></span> <span class='ocrx_word' id='word_1_624' title='bbox 2595 3571 2732 3622; x_wconf 88' lang='lat' dir='ltr'><strong><em>enim</em></strong></span> <span class='ocrx_word' id='word_1_625' title='bbox 2768 3570 2823 3621; x_wconf 91' lang='lat' dir='ltr'><strong><em>in</em></strong></span> <span class='ocrx_word' id='word_1_626' title='bbox 2855 3569 3091 3636; x_wconf 87' lang='lat' dir='ltr'><strong><em>potentia</em></strong></span> <span class='ocrx_word' id='word_1_627' title='bbox 3121 3567 3368 3634; x_wconf 85' lang='lat' dir='ltr'><strong><em>hominis,</em></strong></span> 
     </span>
    </p>
   </div>
   <div class='ocr_carea' id='block_1_78' title="bbox 1798 3656 3374 3729">
    <p class='ocr_par' dir='ltr' id='par_1_78' title="bbox 1798 3656 3374 3729">
     <span class='ocr_line' id='line_1_78' title="bbox 1798 3656 3374 3729; baseline 0.001 -17"><span class='ocrx_word' id='word_1_628' title='bbox 1798 3676 1958 3729; x_wconf 87' lang='lat' dir='ltr'><strong><em>neque</em></strong></span> <span class='ocrx_word' id='word_1_629' title='bbox 1989 3661 2043 3712; x_wconf 89' lang='lat' dir='ltr'><strong><em>in</em></strong></span> <span class='ocrx_word' id='word_1_630' title='bbox 2077 3659 2361 3728; x_wconf 89' lang='lat' dir='ltr'><strong><em>sapientia,</em></strong></span> <span class='ocrx_word' id='word_1_631' title='bbox 2385 3659 2474 3712; x_wconf 91' lang='lat' dir='ltr'><strong><em>sed</em></strong></span> <span class='ocrx_word' id='word_1_632' title='bbox 2504 3661 2557 3712; x_wconf 90' lang='lat' dir='ltr'><strong><em>in</em></strong></span> <span class='ocrx_word' id='word_1_633' title='bbox 2593 3658 2691 3712; x_wconf 89' lang='lat' dir='ltr'><strong><em>Dei</em></strong></span> <span class='ocrx_word' id='word_1_634' title='bbox 2715 3661 2893 3729; x_wconf 91' lang='lat' dir='ltr'><strong><em>gratia</em></strong></span> <span class='ocrx_word' id='word_1_635' title='bbox 2922 3659 3069 3713; x_wconf 90' lang='lat' dir='ltr'><strong><em>salus</em></strong></span> <span class='ocrx_word' id='word_1_636' title='bbox 3101 3667 3200 3715; x_wconf 91' lang='lat' dir='ltr'><strong><em>est.</em></strong></span> <span class='ocrx_word' id='word_1_637' title='bbox 3235 3656 3374 3713; x_wconf 84' lang='lat' dir='ltr'><strong><em>Vide</em></strong></span> 
     </span>
    </p>
   </div>
   <div class='ocr_carea' id='block_1_79' title="bbox 1799 3745 3368 3818">
    <p class='ocr_par' dir='ltr' id='par_1_79' title="bbox 1799 3745 3368 3818">
     <span class='ocr_line' id='line_1_79' title="bbox 1799 3745 3368 3818; baseline -0.001 -16"><span class='ocrx_word' id='word_1_638' title='bbox 1799 3749 2074 3802; x_wconf 87' lang='lat' dir='ltr'><strong><em>homiliam</em></strong></span> <span class='ocrx_word' id='word_1_639' title='bbox 2110 3751 2163 3803; x_wconf 86' lang='lat' dir='ltr'><strong><em>in</em></strong></span> <span class='ocrx_word' id='word_1_640' title='bbox 2195 3749 2333 3818; x_wconf 88' lang='lat' dir='ltr'><strong><em>psal.</em></strong></span> <span class='ocrx_word' id='word_1_641' title='bbox 2383 3765 2494 3813; x_wconf 81' lang='lat' dir='ltr'><strong><em>vn,</em></strong></span> <span class='ocrx_word' id='word_1_642' title='bbox 2535 3749 2602 3802; x_wconf 88' lang='lat' dir='ltr'><strong><em>ad</em></strong></span> <span class='ocrx_word' id='word_1_643' title='bbox 2641 3750 2753 3802; x_wconf 57' lang='lat' dir='ltr'><strong><em>haec</em></strong></span> <span class='ocrx_word' id='word_1_644' title='bbox 2794 3748 2961 3801; x_wconf 84' lang='lat' dir='ltr'><strong><em>verba</em></strong></span> <span class='ocrx_word' id='word_1_645' title='bbox 3005 3766 3018 3801; x_wconf 90' lang='lat'><strong>:</strong></span> <span class='ocrx_word' id='word_1_646' title='bbox 3055 3746 3121 3800; x_wconf 84' lang='lat' dir='ltr'><strong><em>Et</em></strong></span> <span class='ocrx_word' id='word_1_647' title='bbox 3174 3745 3368 3816; x_wconf 88' lang='lat' dir='ltr'><strong><em>diriges</em></strong></span> 
     </span>
    </p>
   </div>
   <div class='ocr_carea' id='block_1_80' title="bbox 1789 3833 3372 3909">
    <p class='ocr_par' dir='ltr' id='par_1_80' title="bbox 1789 3833 3372 3909">
     <span class='ocr_line' id='line_1_80' title="bbox 1789 3833 3372 3909; baseline -0.003 -17"><span class='ocrx_word' id='word_1_648' title='bbox 1789 3839 2017 3909; x_wconf 81' lang='lat' dir='ltr'><strong><em>justum.</em></strong></span> <span class='ocrx_word' id='word_1_649' title='bbox 2045 3840 2136 3894; x_wconf 78' lang='lat' dir='ltr'><strong><em>Sic</em></strong></span> <span class='ocrx_word' id='word_1_650' title='bbox 2167 3840 2408 3908; x_wconf 83' lang='lat' dir='ltr'><strong><em>loquitur</em></strong></span> <span class='ocrx_word' id='word_1_651' title='bbox 2446 3839 2499 3891; x_wconf 93' lang='lat' dir='ltr'><strong><em>in</em></strong></span> <span class='ocrx_word' id='word_1_652' title='bbox 2540 3838 2762 3890; x_wconf 80' lang='lat' dir='ltr'><strong><em>humilia</em></strong></span> <span class='ocrx_word' id='word_1_653' title='bbox 2785 3837 2840 3890; x_wconf 89' lang='lat' dir='ltr'><strong><em>in</em></strong></span> <span class='ocrx_word' id='word_1_654' title='bbox 2878 3837 3014 3905; x_wconf 85' lang='lat' dir='ltr'><strong><em>psal.</em></strong></span> <span class='ocrx_word' id='word_1_655' title='bbox 3040 3851 3210 3897; x_wconf 68' lang='grc' dir='ltr'>χχιιι,</span> <span class='ocrx_word' id='word_1_656' title='bbox 3251 3851 3285 3888; x_wconf 91' lang='lat' dir='ltr'><strong><em>n</em></strong></span> <span class='ocrx_word' id='word_1_657' title='bbox 3335 3833 3372 3888; x_wconf 82' lang='lat'><strong>5</strong></span> 
     </span>
    </p>
   </div>
   <div class='ocr_carea' id='block_1_81' title="bbox 1799 3926 3372 4000">
    <p class='ocr_par' dir='ltr' id='par_1_81' title="bbox 1799 3926 3372 4000">
     <span class='ocr_line' id='line_1_81' title="bbox 1799 3926 3372 4000; baseline -0.003 -16"><span class='ocrx_word' id='word_1_658' title='bbox 1799 3929 1876 3999; x_wconf 92' lang='lat' dir='ltr'><strong><em>(p.</em></strong></span> <span class='ocrx_word' id='word_1_659' title='bbox 1914 3930 2038 3999; x_wconf 78' lang='grc'><strong><em>157)</em></strong></span> <span class='ocrx_word' id='word_1_660' title='bbox 2089 3953 2100 3984; x_wconf 88' lang='lat'><strong>:</strong></span> <span class='ocrx_word' id='word_1_661' title='bbox 2144 3931 2312 4000; x_wconf 85' lang='lat' dir='ltr'><strong><em>Atque</em></strong></span> <span class='ocrx_word' id='word_1_662' title='bbox 2353 3931 2515 3984; x_wconf 87' lang='lat' dir='ltr'><strong><em>etiam</em></strong></span> <span class='ocrx_word' id='word_1_663' title='bbox 2560 3929 2785 3982; x_wconf 89' lang='lat' dir='ltr'><strong><em>multum</em></strong></span> <span class='ocrx_word' id='word_1_664' title='bbox 2832 3937 2909 3982; x_wconf 91' lang='lat' dir='ltr'><strong><em>est</em></strong></span> <span class='ocrx_word' id='word_1_665' title='bbox 2955 3926 3276 3980; x_wconf 80' lang='lat' dir='ltr'><strong><em>discriminis</em></strong></span> <span class='ocrx_word' id='word_1_666' title='bbox 3318 3927 3372 3980; x_wconf 88' lang='lat' dir='ltr'><strong><em>in</em></strong></span> 
     </span>
    </p>
   </div>
   <div class='ocr_carea' id='block_1_82' title="bbox 1797 4018 3374 4091">
    <p class='ocr_par' dir='ltr' id='par_1_82' title="bbox 1797 4018 3374 4091">
     <span class='ocr_line' id='line_1_82' title="bbox 1797 4018 3374 4091; baseline -0.003 -17"><span class='ocrx_word' id='word_1_667' title='bbox 1797 4024 2021 4091; x_wconf 81' lang='lat' dir='ltr'><strong><em>peccatis</em></strong></span> <span class='ocrx_word' id='word_1_668' title='bbox 2046 4037 2106 4074; x_wconf 90' lang='lat' dir='ltr'><strong><em>ac</em></strong></span> <span class='ocrx_word' id='word_1_669' title='bbox 2127 4031 2261 4075; x_wconf 90' lang='lat' dir='ltr'><strong><em>recte</em></strong></span> <span class='ocrx_word' id='word_1_670' title='bbox 2293 4021 2448 4089; x_wconf 88' lang='lat' dir='ltr'><strong><em>factis</em></strong></span> <span class='ocrx_word' id='word_1_671' title='bbox 2475 4035 2494 4072; x_wconf 89' lang='lat'><strong><em>:</em></strong></span> <span class='ocrx_word' id='word_1_672' title='bbox 2514 4021 2623 4073; x_wconf 68' lang='lat' dir='ltr'><strong><em>ha’c</em></strong></span> <span class='ocrx_word' id='word_1_673' title='bbox 2647 4021 2782 4072; x_wconf 87' lang='lat' dir='ltr'><strong><em>enim</em></strong></span> <span class='ocrx_word' id='word_1_674' title='bbox 2816 4019 2946 4072; x_wconf 78' lang='lat' dir='ltr'><strong><em>lente</em></strong></span> <span class='ocrx_word' id='word_1_675' title='bbox 2977 4018 3204 4080; x_wconf 86' lang='lat' dir='ltr'><strong><em>vendita,</em></strong></span> <span class='ocrx_word' id='word_1_676' title='bbox 3244 4018 3292 4071; x_wconf 86' lang='lat' dir='ltr'><strong><em>vi</em></strong></span> <span class='ocrx_word' id='word_1_677' title='bbox 3319 4018 3374 4070; x_wconf 88' lang='lat' dir='ltr'><strong><em>in</em></strong></span> 
     </span>
    </p>
   </div>
   <div class='ocr_carea' id='block_1_83' title="bbox 1797 4110 3370 4182">
    <p class='ocr_par' dir='ltr' id='par_1_83' title="bbox 1797 4110 3370 4182">
     <span class='ocr_line' id='line_1_83' title="bbox 1797 4110 3370 4182; baseline -0.003 -16"><span class='ocrx_word' id='word_1_678' title='bbox 1797 4122 2005 4182; x_wconf 86' lang='lat' dir='ltr'><strong><em>peccato</em></strong></span> <span class='ocrx_word' id='word_1_679' title='bbox 2032 4122 2130 4178; x_wconf 89' lang='lat' dir='ltr'><strong><em>est,</em></strong></span> <span class='ocrx_word' id='word_1_680' title='bbox 2155 4113 2254 4166; x_wconf 92' lang='lat' dir='ltr'><strong><em>illa</em></strong></span> <span class='ocrx_word' id='word_1_681' title='bbox 2279 4129 2396 4166; x_wconf 87' lang='lat' dir='ltr'><strong><em>vero</em></strong></span> <span class='ocrx_word' id='word_1_682' title='bbox 2419 4111 2483 4165; x_wconf 87' lang='lat' dir='ltr'><strong><em>ab</em></strong></span> <span class='ocrx_word' id='word_1_683' title='bbox 2505 4112 2656 4165; x_wconf 88' lang='lat' dir='ltr'><strong><em>initio</em></strong></span> <span class='ocrx_word' id='word_1_684' title='bbox 2673 4111 2856 4164; x_wconf 89' lang='lat' dir='ltr'><strong><em>heram</em></strong></span> <span class='ocrx_word' id='word_1_685' title='bbox 2893 4110 3083 4163; x_wconf 90' lang='lat' dir='ltr'><strong><em>bonam</em></strong></span> <span class='ocrx_word' id='word_1_686' title='bbox 3110 4121 3289 4173; x_wconf 89' lang='lat' dir='ltr'><strong><em>nacta,</em></strong></span> <span class='ocrx_word' id='word_1_687' title='bbox 3313 4110 3370 4162; x_wconf 88' lang='lat' dir='ltr'><strong><em>in</em></strong></span> 
     </span>
    </p>
   </div>
   <div class='ocr_carea' id='block_1_84' title="bbox 1799 4200 3373 4274">
    <p class='ocr_par' dir='ltr' id='par_1_84' title="bbox 1799 4200 3373 4274">
     <span class='ocr_line' id='line_1_84' title="bbox 1799 4200 3373 4274; baseline -0.003 -17"><span class='ocrx_word' id='word_1_688' title='bbox 1799 4205 2098 4274; x_wconf 82' lang='lat' dir='ltr'><strong><em>virginitate</em></strong></span> <span class='ocrx_word' id='word_1_689' title='bbox 2138 4205 2364 4258; x_wconf 73' lang='lat' dir='ltr'><strong><em>educata</em></strong></span> <span class='ocrx_word' id='word_1_690' title='bbox 2406 4211 2506 4257; x_wconf 91' lang='lat' dir='ltr'><strong><em>est.</em></strong></span> <span class='ocrx_word' id='word_1_691' title='bbox 2551 4201 2662 4256; x_wconf 90' lang='lat' dir='ltr'><strong><em>Cur</em></strong></span> <span class='ocrx_word' id='word_1_692' title='bbox 2715 4201 2824 4256; x_wconf 80' lang='lat' dir='ltr'><strong><em>hwc</em></strong></span> <span class='ocrx_word' id='word_1_693' title='bbox 2877 4201 3069 4270; x_wconf 82' lang='lat' dir='ltr'><strong><em>affecta</em></strong></span> <span class='ocrx_word' id='word_1_694' title='bbox 3123 4200 3373 4269; x_wconf 76' lang='lat' dir='ltr'><strong><em>beneﬁcio</em></strong></span> 
     </span>
    </p>
   </div>
   <div class='ocr_carea' id='block_1_85' title="bbox 1799 4290 3376 4363">
    <p class='ocr_par' dir='ltr' id='par_1_85' title="bbox 1799 4290 3376 4363">
     <span class='ocr_line' id='line_1_85' title="bbox 1799 4290 3376 4363; baseline -0.004 -14"><span class='ocrx_word' id='word_1_695' title='bbox 1799 4296 1902 4362; x_wconf 90' lang='lat' dir='ltr'><strong><em>sit,</em></strong></span> <span class='ocrx_word' id='word_1_696' title='bbox 1930 4295 2027 4348; x_wconf 90' lang='lat' dir='ltr'><strong><em>illa</em></strong></span> <span class='ocrx_word' id='word_1_697' title='bbox 2063 4311 2180 4349; x_wconf 89' lang='lat' dir='ltr'><strong><em>vero</em></strong></span> <span class='ocrx_word' id='word_1_698' title='bbox 2213 4298 2564 4349; x_wconf 87' lang='lat' dir='ltr'><strong><em>condemnata</em></strong></span> <span class='ocrx_word' id='word_1_699' title='bbox 2588 4309 2606 4347; x_wconf 92' lang='lat'><strong><em>:</em></strong></span> <span class='ocrx_word' id='word_1_700' title='bbox 2629 4303 2676 4347; x_wconf 90' lang='lat' dir='ltr'><strong><em>et</em></strong></span> <span class='ocrx_word' id='word_1_701' title='bbox 2707 4293 2833 4363; x_wconf 92' lang='lat' dir='ltr'><strong><em>quid</em></strong></span> <span class='ocrx_word' id='word_1_702' title='bbox 2860 4293 2928 4346; x_wconf 88' lang='lat' dir='ltr'><strong><em>sit</em></strong></span> <span class='ocrx_word' id='word_1_703' title='bbox 2967 4291 3241 4360; x_wconf 88' lang='lat' dir='ltr'><strong><em>unicuique</em></strong></span> <span class='ocrx_word' id='word_1_704' title='bbox 3281 4290 3376 4343; x_wconf 81' lang='lat' dir='ltr'><strong><em>ho-</em></strong></span> 
     </span>
    </p>
   </div>
   <div class='ocr_carea' id='block_1_86' title="bbox 1798 4382 3375 4456">
    <p class='ocr_par' dir='ltr' id='par_1_86' title="bbox 1798 4382 3375 4456">
     <span class='ocr_line' id='line_1_86' title="bbox 1798 4382 3375 4456; baseline -0.006 -14"><span class='ocrx_word' id='word_1_705' title='bbox 1798 4404 1917 4444; x_wconf 88' lang='lat' dir='ltr'><strong><em>rum</em></strong></span> <span class='ocrx_word' id='word_1_706' title='bbox 1946 4405 1979 4441; x_wconf 92' lang='lat' dir='ltr'><strong><em>a</em></strong></span> <span class='ocrx_word' id='word_1_707' title='bbox 2000 4387 2179 4456; x_wconf 89' lang='lat' dir='ltr'><strong><em>judice</em></strong></span> <span class='ocrx_word' id='word_1_708' title='bbox 2219 4385 2650 4449; x_wconf 82' lang='lat' dir='ltr'><strong><em>retribuendum;</em></strong></span> <span class='ocrx_word' id='word_1_709' title='bbox 2681 4385 2868 4455; x_wconf 87' lang='lat' dir='ltr'><strong><em>quibus</em></strong></span> <span class='ocrx_word' id='word_1_710' title='bbox 2916 4382 3157 4438; x_wconf 86' lang='lat' dir='ltr'><strong><em>omnibus</em></strong></span> <span class='ocrx_word' id='word_1_711' title='bbox 3199 4382 3292 4435; x_wconf 88' lang='lat' dir='ltr'><strong><em>tibi</em></strong></span> <span class='ocrx_word' id='word_1_712' title='bbox 3318 4382 3375 4434; x_wconf 90' lang='lat' dir='ltr'><strong><em>in</em></strong></span> 
     </span>
    </p>
   </div>
   <div class='ocr_carea' id='block_1_87' title="bbox 129 4469 3362 4576">
    <p class='ocr_par' dir='ltr' id='par_1_87' title="bbox 129 4469 3362 4576">
     <span class='ocr_line' id='line_1_87' title="bbox 129 4469 3362 4576; baseline 0.002 -55"><span class='ocrx_word' id='word_1_713' title='bbox 129 4480 372 4526; x_wconf 88' lang='lat' dir='ltr'><strong><em>etatorem</em></strong></span> <span class='ocrx_word' id='word_1_714' title='bbox 401 4473 736 4540; x_wconf 73' lang='lat' dir='ltr'><strong><em>suﬁ&#39;ulciens,</em></strong></span> <span class='ocrx_word' id='word_1_715' title='bbox 769 4469 832 4522; x_wconf 91' lang='lat' dir='ltr'><strong><em>ab</em></strong></span> <span class='ocrx_word' id='word_1_716' title='bbox 861 4472 1162 4528; x_wconf 89' lang='lat' dir='ltr'><strong><em>imminente</em></strong></span> <span class='ocrx_word' id='word_1_717' title='bbox 1205 4473 1358 4542; x_wconf 87' lang='lat' dir='ltr'><strong><em>lapsu</em></strong></span> <span class='ocrx_word' id='word_1_718' title='bbox 1393 4475 1594 4536; x_wconf 90' lang='lat' dir='ltr'><strong><em>liberet,</em></strong></span> <span class='ocrx_word' id='word_1_719' title='bbox 1636 4491 1698 4527; x_wconf 91' lang='lat' dir='ltr'><strong><em>ac</em></strong></span> <span class='ocrx_word' id='word_1_720' title='bbox 1733 4518 1780 4576; x_wconf 66' lang='grc' dir='ltr'><strong><em>Ι)</em></strong></span> <span class='ocrx_word' id='word_1_721' title='bbox 1804 4488 2024 4542; x_wconf 81' lang='lat' dir='ltr'><strong><em>mentem</em></strong></span> <span class='ocrx_word' id='word_1_722' title='bbox 2057 4480 2395 4546; x_wconf 88' lang='lat' dir='ltr'><strong><em>venientibus,</em></strong></span> <span class='ocrx_word' id='word_1_723' title='bbox 2421 4480 2593 4548; x_wconf 84' lang='lat' dir='ltr'><strong><em>cogita</em></strong></span> <span class='ocrx_word' id='word_1_724' title='bbox 2629 4477 2722 4530; x_wconf 90' lang='lat' dir='ltr'><strong><em>Dei</em></strong></span> <span class='ocrx_word' id='word_1_725' title='bbox 2741 4475 2950 4546; x_wconf 90' lang='lat' dir='ltr'><strong><em>judicia</em></strong></span> <span class='ocrx_word' id='word_1_726' title='bbox 2979 4475 3197 4544; x_wconf 82' lang='lat' dir='ltr'><strong><em>abyssos</em></strong></span> <span class='ocrx_word' id='word_1_727' title='bbox 3228 4489 3362 4533; x_wconf 87' lang='lat' dir='ltr'><strong><em>esse.</em></strong></span> 
     </span>
    </p>
   </div>
   <div class='ocr_carea' id='block_1_88' title="bbox 130 4563 1702 4637">
    <p class='ocr_par' dir='ltr' id='par_1_88' title="bbox 130 4563 1702 4637">
     <span class='ocr_line' id='line_1_88' title="bbox 130 4563 1702 4637; baseline 0.004 -22"><span class='ocrx_word' id='word_1_728' title='bbox 130 4563 439 4619; x_wconf 81' lang='lat' dir='ltr'><strong><em>eolluctante</em></strong></span> <span class='ocrx_word' id='word_1_729' title='bbox 469 4563 661 4619; x_wconf 88' lang='lat' dir='ltr'><strong><em>reddat</em></strong></span> <span class='ocrx_word' id='word_1_730' title='bbox 695 4565 1010 4633; x_wconf 89' lang='lat' dir='ltr'><strong><em>superiorem</em></strong></span> <span class='ocrx_word' id='word_1_731' title='bbox 1043 4582 1062 4620; x_wconf 91' lang='lat'><strong><em>:</em></strong></span> <span class='ocrx_word' id='word_1_732' title='bbox 1096 4566 1178 4620; x_wconf 88' lang='lat' dir='ltr'><strong><em>illi</em></strong></span> <span class='ocrx_word' id='word_1_733' title='bbox 1217 4568 1426 4637; x_wconf 90' lang='lat' dir='ltr'><strong><em>quidem</em></strong></span> <span class='ocrx_word' id='word_1_734' title='bbox 1470 4569 1702 4622; x_wconf 78' lang='lat' dir='ltr'><strong><em>victoria:</em></strong></span> 
     </span>
    </p>
   </div>
   <div class='ocr_carea' id='block_1_89' title="bbox 129 4656 1698 4729">
    <p class='ocr_par' dir='ltr' id='par_1_89' title="bbox 129 4656 1698 4729">
     <span class='ocr_line' id='line_1_89' title="bbox 129 4656 1698 4729; baseline 0.006 -23"><span class='ocrx_word' id='word_1_735' title='bbox 129 4656 310 4722; x_wconf 75' lang='lat' dir='ltr'><strong><em>praebet</em></strong></span> <span class='ocrx_word' id='word_1_736' title='bbox 336 4657 695 4713; x_wconf 88' lang='lat' dir='ltr'><strong><em>occasionem.</em></strong></span> <span class='ocrx_word' id='word_1_737' title='bbox 724 4656 843 4710; x_wconf 83' lang='lat' dir='ltr'><strong><em>huic</em></strong></span> <span class='ocrx_word' id='word_1_738' title='bbox 877 4674 993 4712; x_wconf 87' lang='lat' dir='ltr'><strong><em>vero</em></strong></span> <span class='ocrx_word' id='word_1_739' title='bbox 1021 4669 1320 4727; x_wconf 89' lang='lat' dir='ltr'><strong><em>conceptam</em></strong></span> <span class='ocrx_word' id='word_1_740' title='bbox 1348 4660 1412 4714; x_wconf 90' lang='lat' dir='ltr'><strong><em>de</em></strong></span> <span class='ocrx_word' id='word_1_741' title='bbox 1433 4660 1587 4729; x_wconf 87' lang='lat' dir='ltr'><strong><em>lapsu</em></strong></span> <span class='ocrx_word' id='word_1_742' title='bbox 1616 4661 1698 4715; x_wconf 85' lang='lat' dir='ltr'><strong><em>al-</em></strong></span> 
     </span>
    </p>
   </div>
   <div class='ocr_carea' id='block_1_90' title="bbox 134 4749 1700 4820">
    <p class='ocr_par' dir='ltr' id='par_1_90' title="bbox 134 4749 1700 4820">
     <span class='ocr_line' id='line_1_90' title="bbox 134 4749 1700 4820; baseline 0.004 -19"><span class='ocrx_word' id='word_1_743' title='bbox 134 4751 284 4804; x_wconf 84' lang='lat' dir='ltr'><strong><em>terius</em></strong></span> <span class='ocrx_word' id='word_1_744' title='bbox 316 4750 566 4804; x_wconf 77' lang='lat' dir='ltr'><strong><em>ltetitiam</em></strong></span> <span class='ocrx_word' id='word_1_745' title='bbox 589 4749 798 4804; x_wconf 90' lang='lat' dir='ltr'><strong><em>adimit.</em></strong></span> <span class='ocrx_word' id='word_1_746' title='bbox 831 4749 967 4805; x_wconf 80' lang='lat' dir='ltr'><strong><em>Vide</em></strong></span> <span class='ocrx_word' id='word_1_747' title='bbox 990 4751 1237 4820; x_wconf 86' lang='lat' dir='ltr'><strong><em>ejusdem</em></strong></span> <span class='ocrx_word' id='word_1_748' title='bbox 1269 4752 1511 4807; x_wconf 75' lang='lat' dir='ltr'><strong><em>homiliae</em></strong></span> <span class='ocrx_word' id='word_1_749' title='bbox 1541 4770 1597 4806; x_wconf 91' lang='lat' dir='ltr'><strong><em>n.</em></strong></span> <span class='ocrx_word' id='word_1_750' title='bbox 1645 4755 1700 4818; x_wconf 77' lang='lat'><strong><em>5,</em></strong></span> 
     </span>
    </p>
   </div>
   <div class='ocr_carea' id='block_1_91' title="bbox 133 4841 1704 4911">
    <p class='ocr_par' dir='ltr' id='par_1_91' title="bbox 133 4841 1704 4911">
     <span class='ocr_line' id='line_1_91' title="bbox 133 4841 1704 4911; baseline 0.006 -20"><span class='ocrx_word' id='word_1_751' title='bbox 133 4856 180 4908; x_wconf 91' lang='lat' dir='ltr'><strong><em>p.</em></strong></span> <span class='ocrx_word' id='word_1_752' title='bbox 221 4841 357 4907; x_wconf 71' lang='lat'><strong><em>126;</em></strong></span> <span class='ocrx_word' id='word_1_753' title='bbox 391 4850 451 4897; x_wconf 86' lang='lat' dir='ltr'><strong><em>et</em></strong></span> <span class='ocrx_word' id='word_1_754' title='bbox 501 4859 560 4895; x_wconf 91' lang='lat' dir='ltr'><strong><em>n.</em></strong></span> <span class='ocrx_word' id='word_1_755' title='bbox 609 4843 664 4905; x_wconf 84' lang='lat'><strong><em>5,</em></strong></span> <span class='ocrx_word' id='word_1_756' title='bbox 712 4857 768 4911; x_wconf 88' lang='lat' dir='ltr'><strong><em>p.</em></strong></span> <span class='ocrx_word' id='word_1_757' title='bbox 815 4841 940 4906; x_wconf 74' lang='lat'><strong><em>129,</em></strong></span> <span class='ocrx_word' id='word_1_758' title='bbox 991 4851 1046 4897; x_wconf 86' lang='lat' dir='ltr'><strong><em>et</em></strong></span> <span class='ocrx_word' id='word_1_759' title='bbox 1097 4843 1260 4896; x_wconf 86' lang='lat' dir='ltr'><strong><em>aliam</em></strong></span> <span class='ocrx_word' id='word_1_760' title='bbox 1317 4845 1599 4900; x_wconf 86' lang='lat' dir='ltr'><strong><em>homiliam</em></strong></span> <span class='ocrx_word' id='word_1_761' title='bbox 1647 4847 1704 4900; x_wconf 90' lang='lat' dir='ltr'><strong><em>in</em></strong></span> 
     </span>
    </p>
   </div>
   <div class='ocr_carea' id='block_1_92' title="bbox 131 4930 1697 5000">
    <p class='ocr_par' dir='ltr' id='par_1_92' title="bbox 131 4930 1697 5000">
     <span class='ocr_line' id='line_1_92' title="bbox 131 4930 1697 5000; baseline 0.003 -17"><span class='ocrx_word' id='word_1_762' title='bbox 131 4931 383 4998; x_wconf 83' lang='lat' dir='ltr'><strong><em>psalmum</em></strong></span> <span class='ocrx_word' id='word_1_763' title='bbox 408 4946 561 4993; x_wconf 80' lang='lat' dir='ltr'><strong><em>xuv,</em></strong></span> <span class='ocrx_word' id='word_1_764' title='bbox 589 4946 645 4984; x_wconf 90' lang='lat' dir='ltr'><strong><em>n.</em></strong></span> <span class='ocrx_word' id='word_1_765' title='bbox 677 4930 731 4996; x_wconf 72' lang='grc'><strong><em>4,</em></strong></span> <span class='ocrx_word' id='word_1_766' title='bbox 755 4939 810 4984; x_wconf 85' lang='lat' dir='ltr'><strong><em>et</em></strong></span> <span class='ocrx_word' id='word_1_767' title='bbox 836 4947 948 5000; x_wconf 76' lang='lat' dir='ltr'><strong><em>reg.</em></strong></span> <span class='ocrx_word' id='word_1_768' title='bbox 973 4932 1166 4986; x_wconf 85' lang='lat' dir='ltr'><strong><em>moral.</em></strong></span> <span class='ocrx_word' id='word_1_769' title='bbox 1194 4933 1283 4996; x_wconf 81' lang='lat'><strong><em>55,</em></strong></span> <span class='ocrx_word' id='word_1_770' title='bbox 1309 4941 1364 4988; x_wconf 87' lang='lat' dir='ltr'><strong><em>et</em></strong></span> <span class='ocrx_word' id='word_1_771' title='bbox 1390 4935 1446 4988; x_wconf 90' lang='lat' dir='ltr'><strong><em>in</em></strong></span> <span class='ocrx_word' id='word_1_772' title='bbox 1470 4933 1697 5000; x_wconf 90' lang='lat' dir='ltr'><strong><em>Isaiam,</em></strong></span> 
     </span>
    </p>
   </div>
   <div class='ocr_carea' id='block_1_93' title="bbox 134 5022 1698 5099">
    <p class='ocr_par' dir='ltr' id='par_1_93' title="bbox 134 5022 1698 5099">
     <span class='ocr_line' id='line_1_93' title="bbox 134 5022 1698 5099; baseline 0.006 -27"><span class='ocrx_word' id='word_1_773' title='bbox 134 5037 184 5090; x_wconf 86' lang='lat' dir='ltr'><strong><em>p.</em></strong></span> <span class='ocrx_word' id='word_1_774' title='bbox 222 5023 343 5077; x_wconf 80' lang='lat'><strong><em>610.</em></strong></span> <span class='ocrx_word' id='word_1_775' title='bbox 392 5022 464 5076; x_wconf 82' lang='lat' dir='ltr'><strong><em>Et</em></strong></span> <span class='ocrx_word' id='word_1_776' title='bbox 508 5023 566 5077; x_wconf 87' lang='lat' dir='ltr'><strong><em>in</em></strong></span> <span class='ocrx_word' id='word_1_777' title='bbox 618 5023 843 5076; x_wconf 86' lang='lat' dir='ltr'><strong><em>homilia</em></strong></span> <span class='ocrx_word' id='word_1_778' title='bbox 898 5023 974 5078; x_wconf 90' lang='lat' dir='ltr'><strong><em>De</em></strong></span> <span class='ocrx_word' id='word_1_779' title='bbox 1030 5026 1331 5081; x_wconf 86' lang='lat' dir='ltr'><strong><em>humilitate</em></strong></span> <span class='ocrx_word' id='word_1_780' title='bbox 1383 5026 1458 5096; x_wconf 90' lang='lat' dir='ltr'><strong><em>(p.</em></strong></span> <span class='ocrx_word' id='word_1_781' title='bbox 1513 5027 1640 5099; x_wconf 66' lang='lat'><strong><em>159)</em></strong></span> <span class='ocrx_word' id='word_1_782' title='bbox 1683 5046 1698 5082; x_wconf 90' lang='lat'><strong>:</strong></span> 
     </span>
    </p>
   </div>
   <div class='ocr_carea' id='block_1_94' title="bbox 139 5108 1702 5183">
    <p class='ocr_par' dir='ltr' id='par_1_94' title="bbox 139 5108 1702 5183">
     <span class='ocr_line' id='line_1_94' title="bbox 139 5108 1702 5183; baseline 0.006 -21"><span class='ocrx_word' id='word_1_783' title='bbox 139 5108 280 5166; x_wconf 81' lang='lat' dir='ltr'><strong><em>Nihil</em></strong></span> <span class='ocrx_word' id='word_1_784' title='bbox 325 5112 466 5167; x_wconf 84' lang='lat' dir='ltr'><strong><em>unde</em></strong></span> <span class='ocrx_word' id='word_1_785' title='bbox 517 5113 743 5183; x_wconf 80' lang='lat' dir='ltr'><strong><em>gloriari</em></strong></span> <span class='ocrx_word' id='word_1_786' title='bbox 797 5129 992 5183; x_wconf 87' lang='lat' dir='ltr'><strong><em>queas,</em></strong></span> <span class='ocrx_word' id='word_1_787' title='bbox 1054 5115 1299 5169; x_wconf 90' lang='lat' dir='ltr'><strong><em>relictum</em></strong></span> <span class='ocrx_word' id='word_1_788' title='bbox 1361 5127 1440 5170; x_wconf 87' lang='lat' dir='ltr'><strong><em>est</em></strong></span> <span class='ocrx_word' id='word_1_789' title='bbox 1497 5117 1621 5180; x_wconf 84' lang='lat' dir='ltr'><strong><em>tibi,</em></strong></span> <span class='ocrx_word' id='word_1_790' title='bbox 1672 5136 1702 5172; x_wconf 90' lang='grc' dir='ltr'><strong><em>ο</em></strong></span> 
     </span>
    </p>
   </div>
   <div class='ocr_carea' id='block_1_95' title="bbox 137 5200 1700 5277">
    <p class='ocr_par' dir='ltr' id='par_1_95' title="bbox 137 5200 1700 5277">
     <span class='ocr_line' id='line_1_95' title="bbox 137 5200 1700 5277; baseline 0.004 -22"><span class='ocrx_word' id='word_1_791' title='bbox 137 5200 340 5258; x_wconf 85' lang='lat' dir='ltr'><strong><em>homo...</em></strong></span> <span class='ocrx_word' id='word_1_792' title='bbox 374 5203 523 5269; x_wconf 85' lang='lat' dir='ltr'><strong><em>Quid</em></strong></span> <span class='ocrx_word' id='word_1_793' title='bbox 553 5205 736 5273; x_wconf 89' lang='lat' dir='ltr'><strong><em>igitur,</em></strong></span> <span class='ocrx_word' id='word_1_794' title='bbox 761 5205 866 5269; x_wconf 87' lang='lat' dir='ltr'><strong><em>dic,</em></strong></span> <span class='ocrx_word' id='word_1_795' title='bbox 890 5223 1088 5275; x_wconf 75' lang='lat' dir='ltr'><strong><em>quazso,</em></strong></span> <span class='ocrx_word' id='word_1_796' title='bbox 1121 5216 1170 5260; x_wconf 93' lang='lat' dir='ltr'><strong><em>te</em></strong></span> <span class='ocrx_word' id='word_1_797' title='bbox 1195 5207 1306 5276; x_wconf 89' lang='lat' dir='ltr'><strong><em>ipse</em></strong></span> <span class='ocrx_word' id='word_1_798' title='bbox 1332 5210 1486 5277; x_wconf 90' lang='lat' dir='ltr'><strong><em>quasi</em></strong></span> <span class='ocrx_word' id='word_1_799' title='bbox 1501 5210 1566 5262; x_wconf 91' lang='lat' dir='ltr'><strong><em>de</em></strong></span> <span class='ocrx_word' id='word_1_800' title='bbox 1597 5211 1700 5263; x_wconf 91' lang='lat' dir='ltr'><strong><em>tuis</em></strong></span> 
     </span>
    </p>
   </div>
   <div class='ocr_carea' id='block_1_96' title="bbox 138 5291 1700 5366">
    <p class='ocr_par' dir='ltr' id='par_1_96' title="bbox 138 5291 1700 5366">
     <span class='ocr_line' id='line_1_96' title="bbox 138 5291 1700 5366; baseline 0.008 -26"><span class='ocrx_word' id='word_1_801' title='bbox 138 5291 289 5356; x_wconf 85' lang='lat' dir='ltr'><strong><em>ipsius</em></strong></span> <span class='ocrx_word' id='word_1_802' title='bbox 317 5293 468 5346; x_wconf 88' lang='lat' dir='ltr'><strong><em>bonis</em></strong></span> <span class='ocrx_word' id='word_1_803' title='bbox 491 5292 669 5360; x_wconf 81' lang='lat' dir='ltr'><strong><em>effers,</em></strong></span> <span class='ocrx_word' id='word_1_804' title='bbox 719 5309 839 5346; x_wconf 87' lang='lat' dir='ltr'><strong><em>cum</em></strong></span> <span class='ocrx_word' id='word_1_805' title='bbox 888 5293 1097 5348; x_wconf 89' lang='lat' dir='ltr'><strong><em>deberes</em></strong></span> <span class='ocrx_word' id='word_1_806' title='bbox 1145 5311 1242 5364; x_wconf 90' lang='lat' dir='ltr'><strong><em>pro</em></strong></span> <span class='ocrx_word' id='word_1_807' title='bbox 1287 5299 1514 5366; x_wconf 88' lang='lat' dir='ltr'><strong><em>acceptis</em></strong></span> <span class='ocrx_word' id='word_1_808' title='bbox 1548 5297 1700 5353; x_wconf 89' lang='lat' dir='ltr'><strong><em>donis</em></strong></span> 
     </span>
    </p>
   </div>
   <div class='ocr_carea' id='block_1_97' title="bbox 139 5385 1702 5463">
    <p class='ocr_par' dir='ltr' id='par_1_97' title="bbox 139 5385 1702 5463">
     <span class='ocr_line' id='line_1_97' title="bbox 139 5385 1702 5463; baseline 0.006 -30"><span class='ocrx_word' id='word_1_809' title='bbox 139 5385 356 5450; x_wconf 85' lang='lat' dir='ltr'><strong><em>gratiam</em></strong></span> <span class='ocrx_word' id='word_1_810' title='bbox 387 5386 642 5456; x_wconf 90' lang='lat' dir='ltr'><strong><em>largitori</em></strong></span> <span class='ocrx_word' id='word_1_811' title='bbox 669 5385 896 5442; x_wconf 77' lang='lat' dir='ltr'><strong><em>habere?</em></strong></span> <span class='ocrx_word' id='word_1_812' title='bbox 940 5406 958 5439; x_wconf 82' lang='lat' dir='ltr'><strong><em>t</em></strong></span> <span class='ocrx_word' id='word_1_813' title='bbox 1005 5387 1149 5454; x_wconf 85' lang='lat' dir='ltr'><strong><em>Quid</em></strong></span> <span class='ocrx_word' id='word_1_814' title='bbox 1183 5389 1322 5442; x_wconf 90' lang='lat' dir='ltr'><strong><em>enim</em></strong></span> <span class='ocrx_word' id='word_1_815' title='bbox 1365 5393 1523 5444; x_wconf 88' lang='lat' dir='ltr'><strong><em>habes</em></strong></span> <span class='ocrx_word' id='word_1_816' title='bbox 1565 5395 1702 5463; x_wconf 89' lang='lat' dir='ltr'><strong><em>quod</em></strong></span> 
     </span>
    </p>
   </div>
   <div class='ocr_carea' id='block_1_98' title="bbox 229 5561 1534 5634">
    <p class='ocr_par' dir='ltr' id='par_1_98' title="bbox 229 5561 1534 5634">
     <span class='ocr_line' id='line_1_98' title="bbox 229 5561 1534 5634; baseline 0.006 -19"><span class='ocrx_word' id='word_1_817' title='bbox 229 5561 271 5595; x_wconf 73' lang='lat'><strong>“</strong></span> <span class='ocrx_word' id='word_1_818' title='bbox 298 5561 420 5634; x_wconf 52' lang='grc' dir='ltr'><strong><em>101)Δ</em></strong></span> <span class='ocrx_word' id='word_1_819' title='bbox 441 5579 553 5629; x_wconf 74' lang='lat' dir='ltr'><strong><em>xw,</em></strong></span> <span class='ocrx_word' id='word_1_820' title='bbox 576 5564 630 5628; x_wconf 70' lang='lat'><strong><em>4,</em></strong></span> <span class='ocrx_word' id='word_1_821' title='bbox 658 5563 811 5634; x_wconf 79' lang='lat' dir='ltr'><strong><em>juxta</em></strong></span> <span class='ocrx_word' id='word_1_822' title='bbox 837 5565 999 5621; x_wconf 72' lang='lat' dir='ltr'><strong><em>LXX.</em></strong></span> <span class='ocrx_word' id='word_1_823' title='bbox 1102 5567 1147 5600; x_wconf 76' lang='lat'><strong>“</strong></span> <span class='ocrx_word' id='word_1_824' title='bbox 1181 5567 1325 5624; x_wconf 85' lang='lat' dir='ltr'><strong><em>Psal.</em></strong></span> <span class='ocrx_word' id='word_1_825' title='bbox 1364 5586 1416 5625; x_wconf 79' lang='grc' dir='ltr'><strong><em>ι..</em></strong></span> <span class='ocrx_word' id='word_1_826' title='bbox 1479 5570 1534 5623; x_wconf 86' lang='lat'><strong><em>7.</em></strong></span> 
     </span>
    </p>
   </div>
   <div class='ocr_carea' id='block_1_99' title="bbox 147 5700 1619 5774">
    <p class='ocr_par' dir='ltr' id='par_1_99' title="bbox 147 5700 1619 5774">
     <span class='ocr_line' id='line_1_99' title="bbox 147 5700 1619 5774; baseline 0.003 -15"><span class='ocrx_word' id='word_1_827' title='bbox 147 5715 216 5767; x_wconf 77' lang='grc' dir='ltr'><strong><em>ιι,</em></strong></span> <span class='ocrx_word' id='word_1_828' title='bbox 243 5700 331 5767; x_wconf 80' lang='lat'><strong><em>20,</em></strong></span> <span class='ocrx_word' id='word_1_829' title='bbox 367 5702 456 5756; x_wconf 74' lang='grc'><strong><em>17.</em></strong></span> <span class='ocrx_word' id='word_1_830' title='bbox 537 5705 580 5735; x_wconf 82' lang='grc'><strong><em>⁸⁸</em></strong></span> <span class='ocrx_word' id='word_1_831' title='bbox 613 5705 800 5762; x_wconf 81' lang='lat' dir='ltr'><strong><em>Matth.</em></strong></span> <span class='ocrx_word' id='word_1_832' title='bbox 836 5724 985 5774; x_wconf 78' lang='lat' dir='ltr'><strong><em>xm,</em></strong></span> <span class='ocrx_word' id='word_1_833' title='bbox 1018 5712 1106 5765; x_wconf 77' lang='lat'><strong><em>&#39;55.</em></strong></span> <span class='ocrx_word' id='word_1_834' title='bbox 1183 5710 1228 5742; x_wconf 79' lang='grc'><strong><em>³⁸</em></strong></span> <span class='ocrx_word' id='word_1_835' title='bbox 1263 5709 1367 5765; x_wconf 85' lang='lat' dir='ltr'><strong><em>lsa.</em></strong></span> <span class='ocrx_word' id='word_1_836' title='bbox 1405 5725 1528 5773; x_wconf 72' lang='grc' dir='ltr'><strong><em>ην,</em></strong></span> <span class='ocrx_word' id='word_1_837' title='bbox 1567 5700 1619 5766; x_wconf 79' lang='lat'><strong><em>3.</em></strong></span> 
     </span>
    </p>
   </div>
   <div class='ocr_carea' id='block_1_100' title="bbox 1636 5568 2194 5600">
    <p class='ocr_par' dir='ltr' id='par_1_100' title="bbox 1636 5568 2194 5600">
     <span class='ocr_line' id='line_1_100' title="bbox 1636 5568 2194 5600; baseline 0 0"><span class='ocrx_word' id='word_1_838' title='bbox 1636 5569 1680 5600; x_wconf 75' lang='grc' dir='ltr'><strong><em>ιο</em></strong></span> <span class='ocrx_word' id='word_1_839' title='bbox 1719 5568 1853 5600; x_wconf 64' lang='lat' dir='ltr'><strong><em>unm</em></strong></span> <span class='ocrx_word' id='word_1_840' title='bbox 1917 5586 1973 5600; x_wconf 79' lang='lat' dir='ltr'><strong><em>.n</em></strong></span> <span class='ocrx_word' id='word_1_841' title='bbox 2023 5569 2093 5600; x_wconf 73' lang='grc' dir='ltr'><strong><em>ωικ</em></strong></span> <span class='ocrx_word' id='word_1_842' title='bbox 2125 5568 2194 5600; x_wconf 60' lang='grc' dir='ltr'><strong><em>οξ</em></strong></span> 
     </span>
    </p>
   </div>
   <div class='ocr_carea' id='block_1_101' title="bbox 145 5567 1694 5765">
    <p class='ocr_par' dir='ltr' id='par_1_101' title="bbox 145 5567 1680 5765">
     <span class='ocr_line' id='line_1_101' title="bbox 229 5567 1680 5634; baseline 0.006 -19"><span class='ocrx_word' id='word_1_843' title='bbox 229 5567 271 5595; x_wconf 70' lang='grc'><strong><em>⁸⁵</em></strong></span> <span class='ocrx_word' id='word_1_844' title='bbox 298 5567 400 5616; x_wconf 82' lang='lat' dir='ltr'><strong><em>Job</em></strong></span> <span class='ocrx_word' id='word_1_845' title='bbox 441 5579 553 5629; x_wconf 74' lang='lat' dir='ltr'><strong><em>xw,</em></strong></span> <span class='ocrx_word' id='word_1_846' title='bbox 576 5567 630 5628; x_wconf 70' lang='lat'><strong><em>4,</em></strong></span> <span class='ocrx_word' id='word_1_847' title='bbox 658 5567 811 5634; x_wconf 79' lang='lat' dir='ltr'><strong><em>juxta</em></strong></span> <span class='ocrx_word' id='word_1_848' title='bbox 837 5567 999 5621; x_wconf 71' lang='lat' dir='ltr'><strong><em>LXX.</em></strong></span> <span class='ocrx_word' id='word_1_849' title='bbox 1102 5567 1147 5600; x_wconf 76' lang='lat'><strong>“</strong></span> <span class='ocrx_word' id='word_1_850' title='bbox 1181 5567 1325 5624; x_wconf 85' lang='lat' dir='ltr'><strong><em>Psal.</em></strong></span> <span class='ocrx_word' id='word_1_851' title='bbox 1364 5586 1416 5625; x_wconf 79' lang='grc' dir='ltr'><strong><em>ι..</em></strong></span> <span class='ocrx_word' id='word_1_852' title='bbox 1479 5570 1534 5623; x_wconf 86' lang='lat'><strong><em>7.</em></strong></span> <span class='ocrx_word' id='word_1_853' title='bbox 1636 5569 1680 5600; x_wconf 78' lang='lat'>“</span> 
     </span>
     <span class='ocr_line' id='line_1_102' title="bbox 145 5629 1680 5702; baseline 0.005 -16"><span class='ocrx_word' id='word_1_854' title='bbox 145 5629 245 5686; x_wconf 81' lang='lat'><strong><em>5-8.</em></strong></span> <span class='ocrx_word' id='word_1_855' title='bbox 315 5634 359 5663; x_wconf 72' lang='grc'><strong>⁵⁸</strong></span> <span class='ocrx_word' id='word_1_856' title='bbox 393 5631 542 5687; x_wconf 82' lang='lat' dir='ltr'><strong><em>Psal.</em></strong></span> <span class='ocrx_word' id='word_1_857' title='bbox 583 5651 770 5699; x_wconf 75' lang='lat' dir='ltr'><strong><em>xum,</em></strong></span> <span class='ocrx_word' id='word_1_858' title='bbox 807 5638 894 5693; x_wconf 77' lang='grc'><strong><em>15.</em></strong></span> <span class='ocrx_word' id='word_1_859' title='bbox 969 5638 1062 5694; x_wconf 72' lang='grc'><strong><em>⁵³1</em></strong></span> <span class='ocrx_word' id='word_1_860' title='bbox 1094 5639 1222 5693; x_wconf 86' lang='lat' dir='ltr'><strong><em>Cor.</em></strong></span> <span class='ocrx_word' id='word_1_861' title='bbox 1254 5656 1323 5700; x_wconf 81' lang='grc' dir='ltr'><strong><em>ιν,</em></strong></span> <span class='ocrx_word' id='word_1_862' title='bbox 1357 5640 1406 5692; x_wconf 92' lang='grc'><strong><em>7.</em></strong></span> <span class='ocrx_word' id='word_1_863' title='bbox 1481 5641 1523 5671; x_wconf 72' lang='grc'><strong><em>⁵⁸</em></strong></span> <span class='ocrx_word' id='word_1_864' title='bbox 1563 5638 1680 5702; x_wconf 81' lang='lat' dir='ltr'><strong><em>Gal.</em></strong></span> 
     </span>
     <span class='ocr_line' id='line_1_103' title="bbox 147 5700 1619 5765; baseline 0.006 -9"><span class='ocrx_word' id='word_1_865' title='bbox 147 5715 216 5765; x_wconf 77' lang='grc' dir='ltr'><strong><em>ιι,</em></strong></span> <span class='ocrx_word' id='word_1_866' title='bbox 243 5700 331 5765; x_wconf 81' lang='lat'><strong><em>20,</em></strong></span> <span class='ocrx_word' id='word_1_867' title='bbox 367 5702 456 5756; x_wconf 74' lang='grc'><strong><em>17.</em></strong></span> <span class='ocrx_word' id='word_1_868' title='bbox 537 5705 580 5735; x_wconf 81' lang='grc'><strong><em>⁸⁸</em></strong></span> <span class='ocrx_word' id='word_1_869' title='bbox 613 5705 800 5762; x_wconf 80' lang='lat' dir='ltr'><strong><em>Matth.</em></strong></span> <span class='ocrx_word' id='word_1_870' title='bbox 836 5724 985 5765; x_wconf 78' lang='lat' dir='ltr'><strong><em>xm.</em></strong></span> <span class='ocrx_word' id='word_1_871' title='bbox 1018 5712 1106 5765; x_wconf 78' lang='lat'><strong><em>&#39;55.</em></strong></span> <span class='ocrx_word' id='word_1_872' title='bbox 1183 5710 1228 5742; x_wconf 80' lang='grc'><strong><em>⁵⁸</em></strong></span> <span class='ocrx_word' id='word_1_873' title='bbox 1263 5709 1367 5765; x_wconf 85' lang='lat' dir='ltr'><strong><em>lsa.</em></strong></span> <span class='ocrx_word' id='word_1_874' title='bbox 1405 5725 1528 5765; x_wconf 71' lang='grc' dir='ltr'><strong><em>ην.</em></strong></span> <span class='ocrx_word' id='word_1_875' title='bbox 1567 5710 1619 5765; x_wconf 80' lang='lat'><strong><em>3.</em></strong></span> 
     </span>
    </p>
   </div>
   <div class='ocr_carea' id='block_1_102' title="bbox 1798 5567 3055 5765">
    <p class='ocr_par' dir='ltr' id='par_1_102' title="bbox 1798 5567 3055 5765">
     <span class='ocr_line' id='line_1_104' title="bbox 1798 5567 3055 5635; baseline -0.002 -13"><span class='ocrx_word' id='word_1_876' title='bbox 1798 5585 1874 5622; x_wconf 21' lang='lat' dir='ltr'><strong><em>tm.</em></strong></span> <span class='ocrx_word' id='word_1_877' title='bbox 1917 5586 1995 5630; x_wconf 87' lang='lat' dir='ltr'><strong><em>Ill,</em></strong></span> <span class='ocrx_word' id='word_1_878' title='bbox 2023 5568 2214 5623; x_wconf 75' lang='lat'><strong><em>25-25.</em></strong></span> <span class='ocrx_word' id='word_1_879' title='bbox 2289 5567 2332 5600; x_wconf 80' lang='lat'><strong>&quot;</strong></span> <span class='ocrx_word' id='word_1_880' title='bbox 2397 5567 2586 5622; x_wconf 86' lang='lat' dir='ltr'><strong><em>Matth.</em></strong></span> <span class='ocrx_word' id='word_1_881' title='bbox 2649 5582 2800 5635; x_wconf 74' lang='lat' dir='ltr'><strong><em>xxvt,</em></strong></span> <span class='ocrx_word' id='word_1_882' title='bbox 2854 5567 2942 5622; x_wconf 88' lang='lat'><strong><em>28.</em></strong></span> <span class='ocrx_word' id='word_1_883' title='bbox 3018 5567 3055 5597; x_wconf 70' lang='grc' dir='ltr'><strong><em>δε</em></strong></span> 
     </span>
     <span class='ocr_line' id='line_1_105' title="bbox 1825 5636 3055 5762; baseline 0 -70"><span class='ocrx_word' id='word_1_884' title='bbox 1825 5639 1878 5698; x_wconf 82' lang='grc'><strong>9.</strong></span> <span class='ocrx_word' id='word_1_885' title='bbox 1952 5641 1998 5671; x_wconf 79' lang='grc'><strong>⁸⁸</strong></span> <span class='ocrx_word' id='word_1_886' title='bbox 2031 5639 2264 5762; x_wconf 50' lang='lat' dir='ltr'><strong><em>Philipp.</em></strong></span> <span class='ocrx_word' id='word_1_887' title='bbox 2295 5654 2376 5706; x_wconf 84' lang='lat' dir='ltr'><strong><em>tu,</em></strong></span> <span class='ocrx_word' id='word_1_888' title='bbox 2414 5638 2497 5697; x_wconf 75' lang='lat' dir='ltr'><strong><em>i2.</em></strong></span> <span class='ocrx_word' id='word_1_889' title='bbox 2573 5639 2618 5670; x_wconf 82' lang='grc'><strong><em>⁸³</em></strong></span> <span class='ocrx_word' id='word_1_890' title='bbox 2653 5637 2811 5694; x_wconf 77' lang='lat' dir='ltr'><strong><em>.Ioun.</em></strong></span> <span class='ocrx_word' id='word_1_891' title='bbox 2849 5655 2936 5704; x_wconf 79' lang='lat' dir='ltr'><strong><em>xv,</em></strong></span> <span class='ocrx_word' id='word_1_892' title='bbox 2975 5636 3055 5692; x_wconf 80' lang='lat'><strong><em>16.</em></strong></span> 
     </span>
     <span class='ocr_line' id='line_1_106' title="bbox 1798 5709 2258 5765; baseline 0 -2"><span class='ocrx_word' id='word_1_893' title='bbox 1798 5709 1963 5765; x_wconf 69' lang='lat' dir='ltr'><strong><em>datth.</em></strong></span> <span class='ocrx_word' id='word_1_894' title='bbox 2003 5725 2136 5765; x_wconf 77' lang='lat' dir='ltr'><strong><em>uti.</em></strong></span> <span class='ocrx_word' id='word_1_895' title='bbox 2173 5709 2194 5763; x_wconf 83' lang='grc'>1</span> <span class='ocrx_word' id='word_1_896' title='bbox 2247 5750 2258 5763; x_wconf 94' lang='grc'><strong>.</strong></span> 
     </span>
    </p>
   </div>
   <div class='ocr_carea' id='block_1_103' title="bbox 1833 5725 2258 5774">
    <p class='ocr_par' dir='ltr' id='par_1_103' title="bbox 1833 5725 2258 5774">
     <span class='ocr_line' id='line_1_107' title="bbox 1833 5725 2258 5774; baseline -0.005 -9"><span class='ocrx_word' id='word_1_897' title='bbox 1833 5725 1963 5765; x_wconf 84' lang='lat' dir='ltr'><strong><em>attn.</em></strong></span> <span class='ocrx_word' id='word_1_898' title='bbox 2003 5725 2136 5774; x_wconf 77' lang='lat' dir='ltr'><strong><em>uti,</em></strong></span> <span class='ocrx_word' id='word_1_899' title='bbox 2173 5725 2258 5763; x_wconf 64' lang='lat' dir='ltr'><strong><em>te.</em></strong></span> 
     </span>
    </p>
   </div>
   <div class='ocr_carea' id='block_1_104' title="bbox 1804 4564 3375 4640">
    <p class='ocr_par' dir='ltr' id='par_1_104' title="bbox 1804 4564 3375 4640">
     <span class='ocr_line' id='line_1_108' title="bbox 1804 4564 3375 4640; baseline -0.006 -15"><span class='ocrx_word' id='word_1_900' title='bbox 1804 4588 1895 4625; x_wconf 89' lang='lat' dir='ltr'><strong><em>nec</em></strong></span> <span class='ocrx_word' id='word_1_901' title='bbox 1921 4589 1953 4624; x_wconf 93' lang='lat' dir='ltr'><strong><em>a</em></strong></span> <span class='ocrx_word' id='word_1_902' title='bbox 1973 4571 2200 4639; x_wconf 89' lang='lat' dir='ltr'><strong><em>quolibet</em></strong></span> <span class='ocrx_word' id='word_1_903' title='bbox 2220 4570 2379 4640; x_wconf 88' lang='lat' dir='ltr'><strong><em>facile</em></strong></span> <span class='ocrx_word' id='word_1_904' title='bbox 2411 4569 2776 4639; x_wconf 87' lang='lat' dir='ltr'><strong><em>comprehendi</em></strong></span> <span class='ocrx_word' id='word_1_905' title='bbox 2813 4582 2986 4636; x_wconf 90' lang='lat' dir='ltr'><strong><em>posse,</em></strong></span> <span class='ocrx_word' id='word_1_906' title='bbox 3034 4564 3170 4634; x_wconf 91' lang='lat' dir='ltr'><strong><em>quod</em></strong></span> <span class='ocrx_word' id='word_1_907' title='bbox 3202 4566 3257 4616; x_wconf 90' lang='lat' dir='ltr'><strong><em>in</em></strong></span> <span class='ocrx_word' id='word_1_908' title='bbox 3290 4564 3375 4616; x_wconf 90' lang='lat' dir='ltr'><strong><em>di-</em></strong></span> 
     </span>
    </p>
   </div>
   <div class='ocr_carea' id='block_1_105' title="bbox 1801 4654 3374 4716">
    <p class='ocr_par' dir='ltr' id='par_1_105' title="bbox 1801 4654 3374 4716">
     <span class='ocr_line' id='line_1_109' title="bbox 1801 4654 3374 4716; baseline -0.006 -1"><span class='ocrx_word' id='word_1_909' title='bbox 1801 4662 1933 4715; x_wconf 84' lang='lat' dir='ltr'><strong><em>vinis</em></strong></span> <span class='ocrx_word' id='word_1_910' title='bbox 1965 4662 2225 4716; x_wconf 86' lang='lat' dir='ltr'><strong><em>thesauris</em></strong></span> <span class='ocrx_word' id='word_1_911' title='bbox 2256 4660 2509 4714; x_wconf 89' lang='lat' dir='ltr'><strong><em>conclusa</em></strong></span> <span class='ocrx_word' id='word_1_912' title='bbox 2539 4667 2682 4712; x_wconf 92' lang='lat' dir='ltr'><strong><em>sunt.</em></strong></span> <span class='ocrx_word' id='word_1_913' title='bbox 2721 4656 2827 4712; x_wconf 88' lang='lat' dir='ltr'><strong><em>Sed</em></strong></span> <span class='ocrx_word' id='word_1_914' title='bbox 2869 4667 2919 4710; x_wconf 89' lang='lat' dir='ltr'><strong><em>et</em></strong></span> <span class='ocrx_word' id='word_1_915' title='bbox 2963 4655 3208 4710; x_wconf 87' lang='lat' dir='ltr'><strong><em>credendi</em></strong></span> <span class='ocrx_word' id='word_1_916' title='bbox 3241 4654 3374 4706; x_wconf 89' lang='lat' dir='ltr'><strong><em>data</em></strong></span> 
     </span>
    </p>
   </div>
   <div class='ocr_carea' id='block_1_106' title="bbox 1800 4746 3374 4822">
    <p class='ocr_par' dir='ltr' id='par_1_106' title="bbox 1800 4746 3374 4822">
     <span class='ocr_line' id='line_1_110' title="bbox 1800 4746 3374 4822; baseline -0.003 -18"><span class='ocrx_word' id='word_1_917' title='bbox 1800 4753 2078 4822; x_wconf 80' lang='lat' dir='ltr'><strong><em>promissio</em></strong></span> <span class='ocrx_word' id='word_1_918' title='bbox 2106 4762 2180 4806; x_wconf 85' lang='lat' dir='ltr'><strong><em>est</em></strong></span> <span class='ocrx_word' id='word_1_919' title='bbox 2214 4770 2246 4806; x_wconf 91' lang='lat' dir='ltr'><strong><em>a</em></strong></span> <span class='ocrx_word' id='word_1_920' title='bbox 2277 4751 2408 4813; x_wconf 93' lang='lat' dir='ltr'><strong><em>Deo,</em></strong></span> <span class='ocrx_word' id='word_1_921' title='bbox 2438 4750 2701 4812; x_wconf 86' lang='lat' dir='ltr'><strong><em>videlicet,</em></strong></span> <span class='ocrx_word' id='word_1_922' title='bbox 2737 4767 2755 4799; x_wconf 73' lang='grc' dir='ltr'>ι</span> <span class='ocrx_word' id='word_1_923' title='bbox 2788 4748 2934 4802; x_wconf 91' lang='lat' dir='ltr'><strong><em>Dabo</em></strong></span> <span class='ocrx_word' id='word_1_924' title='bbox 2967 4748 3062 4800; x_wconf 85' lang='lat' dir='ltr'><strong><em>tibi</em></strong></span> <span class='ocrx_word' id='word_1_925' title='bbox 3103 4746 3374 4822; x_wconf 74' lang='lat' dir='ltr'><strong><em>thesauros</em></strong></span> 
     </span>
    </p>
   </div>
   <div class='ocr_carea' id='block_1_107' title="bbox 1803 4817 3377 4911">
    <p class='ocr_par' dir='ltr' id='par_1_107' title="bbox 1803 4817 3377 4911">
     <span class='ocr_line' id='line_1_111' title="bbox 1803 4817 3377 4911; baseline -0.006 -13"><span class='ocrx_word' id='word_1_926' title='bbox 1803 4817 2133 4898; x_wconf 79' lang='lat' dir='ltr'><strong><em>absconditos</em></strong></span> <span class='ocrx_word' id='word_1_927' title='bbox 2171 4851 2219 4904; x_wconf 86' lang='lat' dir='ltr'><strong><em>et</em></strong></span> <span class='ocrx_word' id='word_1_928' title='bbox 2269 4843 2559 4896; x_wconf 87' lang='lat' dir='ltr'><strong><em>invisibiles</em></strong></span> <span class='ocrx_word' id='word_1_929' title='bbox 2604 4840 2671 4892; x_wconf 79' lang='grc'><strong><em>⁸⁸.</em></strong></span> <span class='ocrx_word' id='word_1_930' title='bbox 2720 4859 2739 4892; x_wconf 77' lang='grc' dir='ltr'><strong>ι</strong></span> <span class='ocrx_word' id='word_1_931' title='bbox 2778 4839 3066 4911; x_wconf 90' lang='lat' dir='ltr'><strong><em>Postquam</em></strong></span> <span class='ocrx_word' id='word_1_932' title='bbox 3113 4838 3274 4907; x_wconf 86' lang='lat' dir='ltr'><strong><em>igitur</em></strong></span> <span class='ocrx_word' id='word_1_933' title='bbox 3306 4817 3377 4890; x_wconf 65' lang='lat' dir='ltr'><strong><em>ea</em></strong></span> 
     </span>
    </p>
   </div>
   <div class='ocr_carea' id='block_1_108' title="bbox 1807 4929 3377 5006">
    <p class='ocr_par' dir='ltr' id='par_1_108' title="bbox 1807 4929 3377 5006">
     <span class='ocr_line' id='line_1_112' title="bbox 1807 4929 3377 5006; baseline -0.005 -17"><span class='ocrx_word' id='word_1_934' title='bbox 1807 4936 2118 5006; x_wconf 90' lang='lat' dir='ltr'><strong><em>cognitione,</em></strong></span> <span class='ocrx_word' id='word_1_935' title='bbox 2164 4951 2280 5003; x_wconf 76' lang='lat' dir='ltr'><strong><em>qua:</em></strong></span> <span class='ocrx_word' id='word_1_936' title='bbox 2315 4942 2394 4988; x_wconf 89' lang='lat' dir='ltr'><strong><em>est</em></strong></span> <span class='ocrx_word' id='word_1_937' title='bbox 2437 4934 2574 5002; x_wconf 89' lang='lat' dir='ltr'><strong><em>facie</em></strong></span> <span class='ocrx_word' id='word_1_938' title='bbox 2624 4933 2692 4986; x_wconf 91' lang='lat' dir='ltr'><strong><em>ad</em></strong></span> <span class='ocrx_word' id='word_1_939' title='bbox 2737 4932 2944 5000; x_wconf 86' lang='lat' dir='ltr'><strong><em>faciem,</em></strong></span> <span class='ocrx_word' id='word_1_940' title='bbox 3009 4930 3154 5000; x_wconf 90' lang='lat' dir='ltr'><strong><em>digni</em></strong></span> <span class='ocrx_word' id='word_1_941' title='bbox 3209 4929 3377 4982; x_wconf 88' lang='lat' dir='ltr'><strong><em>habiti</em></strong></span> 
     </span>
    </p>
   </div>
   <div class='ocr_carea' id='block_1_109' title="bbox 1808 5019 3372 5095">
    <p class='ocr_par' dir='ltr' id='par_1_109' title="bbox 1808 5019 3372 5095">
     <span class='ocr_line' id='line_1_113' title="bbox 1808 5019 3372 5095; baseline -0.004 -15"><span class='ocrx_word' id='word_1_942' title='bbox 1808 5027 2081 5093; x_wconf 88' lang='lat' dir='ltr'><strong><em>fuerimus,</em></strong></span> <span class='ocrx_word' id='word_1_943' title='bbox 2104 5027 2263 5079; x_wconf 91' lang='lat' dir='ltr'><strong><em>etiam</em></strong></span> <span class='ocrx_word' id='word_1_944' title='bbox 2291 5042 2380 5080; x_wconf 89' lang='lat' dir='ltr'><strong><em>eas</em></strong></span> <span class='ocrx_word' id='word_1_945' title='bbox 2406 5041 2520 5095; x_wconf 74' lang='lat' dir='ltr'><strong><em>qua</em></strong></span> <span class='ocrx_word' id='word_1_946' title='bbox 2545 5026 2601 5077; x_wconf 92' lang='lat' dir='ltr'><strong><em>in</em></strong></span> <span class='ocrx_word' id='word_1_947' title='bbox 2629 5023 2722 5078; x_wconf 89' lang='lat' dir='ltr'><strong><em>Dei</em></strong></span> <span class='ocrx_word' id='word_1_948' title='bbox 2760 5022 3021 5076; x_wconf 86' lang='lat' dir='ltr'><strong><em>thesauris</em></strong></span> <span class='ocrx_word' id='word_1_949' title='bbox 3059 5030 3181 5074; x_wconf 90' lang='lat' dir='ltr'><strong><em>sunt</em></strong></span> <span class='ocrx_word' id='word_1_950' title='bbox 3208 5019 3372 5090; x_wconf 78' lang='lat' dir='ltr'><strong><em>abys-</em></strong></span> 
     </span>
    </p>
   </div>
   <div class='ocr_carea' id='block_1_110' title="bbox 1806 5111 3378 5185">
    <p class='ocr_par' dir='ltr' id='par_1_110' title="bbox 1806 5111 3378 5185">
     <span class='ocr_line' id='line_1_114' title="bbox 1806 5111 3378 5185; baseline -0.007 -12"><span class='ocrx_word' id='word_1_951' title='bbox 1806 5136 1891 5173; x_wconf 93' lang='lat' dir='ltr'><strong><em>sos</em></strong></span> <span class='ocrx_word' id='word_1_952' title='bbox 1938 5119 2274 5172; x_wconf 88' lang='lat' dir='ltr'><strong><em>intuebimur.</em></strong></span> <span class='ocrx_word' id='word_1_953' title='bbox 2335 5115 2489 5182; x_wconf 92' lang='lat' dir='ltr'><strong><em>Quod</em></strong></span> <span class='ocrx_word' id='word_1_954' title='bbox 2529 5116 2576 5168; x_wconf 91' lang='lat' dir='ltr'><strong><em>si</em></strong></span> <span class='ocrx_word' id='word_1_955' title='bbox 2618 5132 2681 5168; x_wconf 91' lang='lat' dir='ltr'><strong><em>ea</em></strong></span> <span class='ocrx_word' id='word_1_956' title='bbox 2731 5129 2848 5185; x_wconf 77' lang='lat' dir='ltr'><strong><em>quat</em></strong></span> <span class='ocrx_word' id='word_1_957' title='bbox 2891 5115 2944 5166; x_wconf 91' lang='lat' dir='ltr'><strong><em>in</em></strong></span> <span class='ocrx_word' id='word_1_958' title='bbox 2994 5111 3273 5181; x_wconf 90' lang='lat' dir='ltr'><strong><em>Scriptura</em></strong></span> <span class='ocrx_word' id='word_1_959' title='bbox 3313 5112 3378 5163; x_wconf 90' lang='lat' dir='ltr'><strong><em>de</em></strong></span> 
     </span>
    </p>
   </div>
   <div class='ocr_carea' id='block_1_111' title="bbox 1807 5203 3372 5276">
    <p class='ocr_par' dir='ltr' id='par_1_111' title="bbox 1807 5203 3372 5276">
     <span class='ocr_line' id='line_1_115' title="bbox 1807 5203 3372 5276; baseline -0.004 -15"><span class='ocrx_word' id='word_1_960' title='bbox 1807 5208 2014 5261; x_wconf 88' lang='lat' dir='ltr'><strong><em>utribus</em></strong></span> <span class='ocrx_word' id='word_1_961' title='bbox 2056 5208 2200 5261; x_wconf 91' lang='lat' dir='ltr'><strong><em>dicta</em></strong></span> <span class='ocrx_word' id='word_1_962' title='bbox 2237 5217 2382 5270; x_wconf 89' lang='lat' dir='ltr'><strong><em>sunt,</em></strong></span> <span class='ocrx_word' id='word_1_963' title='bbox 2417 5205 2711 5276; x_wconf 90' lang='lat' dir='ltr'><strong><em>collegeris,</em></strong></span> <span class='ocrx_word' id='word_1_964' title='bbox 2752 5204 3070 5273; x_wconf 73' lang='lat' dir='ltr'><strong><em>prophetica:</em></strong></span> <span class='ocrx_word' id='word_1_965' title='bbox 3099 5203 3372 5256; x_wconf 78' lang='lat' dir='ltr'><strong><em>sententia:</em></strong></span> 
     </span>
    </p>
   </div>
   <div class='ocr_carea' id='block_1_112' title="bbox 1808 5293 3374 5369">
    <p class='ocr_par' dir='ltr' id='par_1_112' title="bbox 1808 5293 3374 5369">
     <span class='ocr_line' id='line_1_116' title="bbox 1808 5293 3374 5369; baseline -0.003 -17"><span class='ocrx_word' id='word_1_966' title='bbox 1808 5299 2210 5369; x_wconf 87' lang='lat' dir='ltr'><strong><em>intelligentiam</em></strong></span> <span class='ocrx_word' id='word_1_967' title='bbox 2257 5298 2425 5368; x_wconf 87' lang='lat' dir='ltr'><strong><em>magis</em></strong></span> <span class='ocrx_word' id='word_1_968' title='bbox 2463 5297 2778 5367; x_wconf 88' lang='lat' dir='ltr'><strong><em>assequeris.</em></strong></span> <span class='ocrx_word' id='word_1_969' title='bbox 2816 5295 2879 5348; x_wconf 85' lang='lat' dir='ltr'><strong><em>Et</em></strong></span> <span class='ocrx_word' id='word_1_970' title='bbox 2915 5311 2969 5349; x_wconf 92' lang='lat' dir='ltr'><strong><em>n.</em></strong></span> <span class='ocrx_word' id='word_1_971' title='bbox 3007 5294 3038 5346; x_wconf 90' lang='lat'><strong>7</strong></span> <span class='ocrx_word' id='word_1_972' title='bbox 3079 5307 3095 5346; x_wconf 86' lang='lat'><strong>:</strong></span> <span class='ocrx_word' id='word_1_973' title='bbox 3140 5293 3206 5346; x_wconf 89' lang='lat' dir='ltr'><strong><em>Et</em></strong></span> <span class='ocrx_word' id='word_1_974' title='bbox 3247 5309 3374 5362; x_wconf 88' lang='lat' dir='ltr'><strong><em>quo-</em></strong></span> 
     </span>
    </p>
   </div>
   <div class='ocr_carea' id='block_1_113' title="bbox 1812 5382 3377 5456">
    <p class='ocr_par' dir='ltr' id='par_1_113' title="bbox 1812 5382 3377 5456">
     <span class='ocr_line' id='line_1_117' title="bbox 1812 5382 3377 5456; baseline -0.006 -12"><span class='ocrx_word' id='word_1_975' title='bbox 1812 5391 1956 5444; x_wconf 85' lang='lat' dir='ltr'><strong><em>niam</em></strong></span> <span class='ocrx_word' id='word_1_976' title='bbox 1995 5389 2148 5442; x_wconf 88' lang='lat' dir='ltr'><strong><em>multi</em></strong></span> <span class='ocrx_word' id='word_1_977' title='bbox 2181 5397 2301 5442; x_wconf 90' lang='lat' dir='ltr'><strong><em>sunt</em></strong></span> <span class='ocrx_word' id='word_1_978' title='bbox 2325 5387 2518 5452; x_wconf 87' lang='lat' dir='ltr'><strong><em>vocati,</em></strong></span> <span class='ocrx_word' id='word_1_979' title='bbox 2550 5387 2707 5456; x_wconf 88' lang='lat' dir='ltr'><strong><em>pauci</em></strong></span> <span class='ocrx_word' id='word_1_980' title='bbox 2742 5401 2859 5441; x_wconf 89' lang='lat' dir='ltr'><strong><em>vero</em></strong></span> <span class='ocrx_word' id='word_1_981' title='bbox 2887 5384 3039 5438; x_wconf 88' lang='lat' dir='ltr'><strong><em>electi</em></strong></span> <span class='ocrx_word' id='word_1_982' title='bbox 3067 5384 3135 5450; x_wconf 83' lang='grc'><strong><em>⁵⁷,</em></strong></span> <span class='ocrx_word' id='word_1_983' title='bbox 3169 5382 3377 5437; x_wconf 73' lang='lat' dir='ltr'><strong><em>beatum</em></strong></span> 
     </span>
    </p>
   </div>
   <div class='ocr_carea' id='block_1_114' title="bbox 2289 5562 3372 5688">
    <p class='ocr_par' dir='ltr' id='par_1_114' title="bbox 2289 5562 3372 5688">
     <span class='ocr_line' id='line_1_118' title="bbox 2289 5562 3372 5668; baseline -0.006 -46"><span class='ocrx_word' id='word_1_984' title='bbox 2289 5567 2332 5600; x_wconf 81' lang='lat'><strong>&quot;</strong></span> <span class='ocrx_word' id='word_1_985' title='bbox 2397 5567 2586 5622; x_wconf 87' lang='lat' dir='ltr'><strong><em>Matth.</em></strong></span> <span class='ocrx_word' id='word_1_986' title='bbox 2649 5582 2800 5635; x_wconf 74' lang='lat' dir='ltr'><strong><em>xxvt,</em></strong></span> <span class='ocrx_word' id='word_1_987' title='bbox 2854 5567 2942 5622; x_wconf 88' lang='lat'><strong><em>28.</em></strong></span> <span class='ocrx_word' id='word_1_988' title='bbox 3018 5564 3064 5597; x_wconf 68' lang='grc'><strong><em>⁸⁸</em></strong></span> <span class='ocrx_word' id='word_1_989' title='bbox 3099 5562 3294 5668; x_wconf 62' lang='grc' dir='ltr'><strong><em>ΕΡὴθε.</em></strong></span> <span class='ocrx_word' id='word_1_990' title='bbox 3332 5576 3372 5622; x_wconf 89' lang='lat' dir='ltr'><strong><em>t,</em></strong></span> 
     </span>
     <span class='ocr_line' id='line_1_119' title="bbox 2295 5630 3372 5688; baseline -0.003 0"><span class='ocrx_word' id='word_1_991' title='bbox 2295 5654 2376 5688; x_wconf 81' lang='lat' dir='ltr'><strong><em>tu.</em></strong></span> <span class='ocrx_word' id='word_1_992' title='bbox 2414 5638 2497 5688; x_wconf 74' lang='lat' dir='ltr'><strong><em>i2.</em></strong></span> <span class='ocrx_word' id='word_1_993' title='bbox 2573 5639 2618 5670; x_wconf 81' lang='grc'><strong><em>⁸³</em></strong></span> <span class='ocrx_word' id='word_1_994' title='bbox 2653 5637 2811 5688; x_wconf 79' lang='lat' dir='ltr'><strong><em>.Ioun.</em></strong></span> <span class='ocrx_word' id='word_1_995' title='bbox 2849 5655 2936 5688; x_wconf 76' lang='lat' dir='ltr'><strong><em>xv.</em></strong></span> <span class='ocrx_word' id='word_1_996' title='bbox 2975 5636 3055 5688; x_wconf 79' lang='lat'><strong><em>16.</em></strong></span> <span class='ocrx_word' id='word_1_997' title='bbox 3160 5635 3177 5664; x_wconf 66' lang='grc'><strong>³</strong></span> <span class='ocrx_word' id='word_1_998' title='bbox 3210 5630 3372 5688; x_wconf 73' lang='lat' dir='ltr'><strong><em>Rom.</em></strong></span> 
     </span>
    </p>
   </div>
  </div>
