3900 6212
520 337 590 394 εδ
1903 347 2296 410 ramento.
3689 343 3762 396 cs

520 453 646 502 aicit
696 470 798 507 non
842 465 1116 525 vocatum,
1168 471 1264 514 sea
1305 460 1545 515 electum.
1604 462 1802 516 Beatus
1850 480 2093 534 namque,
2125 472 2166 524 Α
2199 469 2454 533 immittit,
2495 487 2526 522 a
2577 479 2744 523 morte
2781 470 2979 537 peccati
3017 481 3271 521 renovans
3316 463 3520 517 animas
3551 469 3763 513 nostras

519 559 669 612 quem
699 545 874 616 elegit.
919 549 1052 614 Quae
1095 563 1272 604 autem
1322 552 1666 606 beatitudinis
1703 559 1910 608 causa?
1984 555 2095 608 Ex-

519 645 761 703 spectata
824 637 1080 693 bonorum
1125 652 1440 696 aeternorum
1499 643 1846 699 luereditas...
1881 645 2092 708 :Salvns

524 735 701 779 autem
741 730 801 797 ﬁt
839 747 940 784 non
975 734 1164 798 quivis,
1189 734 1279 787 sed
1319 735 1560 804 reliquiae
1605 737 1776 790 solum
1809 739 2094 792 secundum

521 817 824 873 electionem
875 825 1066 892 gratia:
1111 823 1177 879 ⁵⁸.
1219 823 1357 880 Vide
1403 825 1594 881 hotuil.
1653 826 1709 880 in
1758 827 1898 896 psal.
1945 843 2092 890 cur,

523 924 580 962 ιι.
615 909 666 972 5,
694 926 745 979 p.
772 910 898 966 202.

598 1017 744 1072 Satis
773 1028 919 1089 patet
947 1036 1013 1074 ex
1044 1021 1130 1078 his
1159 1037 1281 1092 quas
1327 1025 1631 1088 attulimus,
1675 1033 1938 1095 quantum
1981 1027 2097 1080 eni-

521 1113 633 1163 teat
675 1110 860 1166 divina
897 1116 1137 1182 potentia
1160 1116 1215 1169 in
1249 1116 1471 1170 humani
1502 1117 1686 1172 cordis
1718 1119 2093 1172 conversione.

527 1199 633 1254 Sed
665 1212 926 1270 praeterea
960 1206 1015 1257 in
1050 1206 1296 1260 eamdem
1326 1210 1656 1262 sententiam
1707 1209 1971 1262 nonnulla
2008 1225 2096 1263 re-

527 1289 769 1346 ferenda.
800 1293 1167 1365 Subjiciamur
1193 1315 1315 1366 ergo
1343 1298 1475 1362 Deo,
1504 1300 1677 1369 inquit
1713 1301 1787 1368 (in
1815 1300 1950 1367 psal.
1983 1317 2094 1363 ut,

526 1397 582 1436 ιι.
615 1381 693 1453 2),
730 1385 866 1454 quod
921 1389 1158 1443 salutare
1208 1390 1274 1442 ab
1326 1392 1439 1459 ipso
1481 1400 1578 1446 est.
1636 1387 1774 1455 Quid
1820 1404 1994 1444 autem
2027 1394 2096 1445 sit

523 1474 783 1539 salutare,
821 1479 1068 1545 explicat.
1115 1479 1239 1536 Non
1273 1481 1418 1534 nuda
1448 1488 1690 1549 quautam
1733 1491 1811 1536 est
1836 1485 2092 1551 operatio,

525 1564 760 1635 aliquam
798 1569 948 1623 nobis
1003 1571 1399 1640 beneﬁcentiam
1455 1573 1702 1642 offerens,
1743 1589 1850 1642 qua
1895 1573 1959 1626 ab
2008 1573 2095 1624 in-

524 1655 780 1723 ﬁrmitate
832 1661 1150 1726 liberentur,
1212 1663 1448 1733 bonaque
1499 1665 1735 1733 corporis
1787 1663 2096 1717 habitudine

523 1753 757 1801 utantur.
793 1747 895 1802 Sed
930 1753 1054 1818 quid
1093 1762 1170 1806 est
1199 1754 1477 1809 salutare?
1508 1774 1526 1806 ‹
1573 1754 1784 1808 Etenim
1818 1756 1926 1824 ipse
1954 1755 2094 1809 Deus

525 1852 691 1899 meus,
720 1849 769 1892 et
796 1839 1047 1894 Salvator
1081 1859 1247 1906 meus,
1295 1855 1568 1913 susceptor
1613 1862 1780 1911 meus,
1827 1861 1931 1900 non
1982 1863 2096 1900 mo-

523 1928 677 1982 vebar
719 1933 942 1984 multum
972 1933 1038 1986 ⁸³.
1090 1953 1108 1984 ι
1156 1933 1332 1988 Filius
1386 1937 1476 2006 qui
1519 1953 1585 1990 ex
1629 1936 1740 1991 Deo
1799 1946 1897 2002 est,
1958 1936 2096 1992 Deus

524 2028 700 2072 noster
725 2030 823 2074 est.
849 2021 998 2076 Idem
1025 2025 1184 2078 etiam
1220 2023 1469 2081 Salvator
1493 2037 1569 2081 est
1601 2029 1805 2098 generis
1848 2029 2091 2093 humani,

522 2107 844 2164 debilitatem
888 2123 1125 2167 nostram
1175 2115 1422 2183 fulciens,
1475 2135 1538 2170 ac
1583 2121 1986 2173 commotionem
2032 2135 2099 2173 ex

531 2205 906 2258 tentationibus
939 2208 1132 2260 animis
1174 2209 1368 2262 nostris
1419 2210 1774 2264 advenientem
1809 2213 2094 2280 corrigens.

531 2291 664 2348 Vide
715 2293 902 2349 homil.
949 2297 1004 2349 in
1046 2297 1185 2365 psal.
1240 2315 1412 2362 χχχιι,
1461 2316 1517 2354 ιι.
1559 2301 1620 2362 '5,
1658 2316 1711 2369 p.
1765 2301 1899 2364 155,
1940 2309 1997 2355 et
2042 2303 2098 2355 in

523 2386 662 2455 psal.
692 2402 887 2452 χχχιιι,
928 2403 983 2440 ιι.
1007 2388 1062 2446 4.
1097 2404 1149 2457 p.
1174 2388 1296 2454 HG,
1317 2397 1372 2444 et
1400 2388 1603 2444 IIomil.
1636 2390 1701 2444 de
1729 2391 1852 2461 ﬁde,
1889 2407 1943 2462 p.
1971 2392 2096 2457 155,

523 2491 639 2547 reg.
669 2477 862 2531 moral.
891 2477 979 2541 55,
1012 2493 1132 2547 cap.
1162 2479 1213 2531 1.

595 2609 942 2664 Divinitatem
967 2606 1087 2662 Filii
1109 2608 1446 2664 demonstrat
1479 2609 1718 2666 Basilius
1764 2626 1831 2666 es
1879 2626 2098 2666 summo

523 2703 672 2757 illius
702 2703 757 2755 in
795 2702 1062 2755 humanas
1107 2708 1320 2754 mentes
1359 2701 1610 2770 imperio.
1669 2700 1833 2754 Petra
1879 2700 2096 2770 dicitur,

525 2792 701 2861 inquit
732 2791 786 2844 in
809 2791 948 2844 libro
976 2789 1053 2843 De
1091 2789 1293 2858 Spiritu
1328 2801 1534 2854 sancto,
1588 2806 1639 2846 c.
1684 2792 1738 2853 8,
1790 2808 1842 2860 p.
1898 2791 1985 2858 15,
2039 2809 2098 2846 eo

524 2881 662 2952 quod
692 2880 924 2935 validum
955 2882 1024 2934 sit
1055 2889 1103 2935 et
1133 2881 1526 2945 inconcussum,
1559 2892 1611 2936 et
1639 2885 1822 2953 quavis
1847 2901 1967 2938 arce
1999 2886 2097 2953 ﬁr-

526 2971 664 3024 mius
696 2971 1144 3040 propugnaculum
1176 2967 1439 3038 fidelibus.
1480 2969 1544 3023 Et
1572 2987 1696 3041 pag.
1751 2972 1817 3026 16
1858 2992 1869 3026 :
1906 2971 2100 3027 Omnia

527 3072 703 3117 autem
724 3063 852 3132 facit
887 3071 1136 3116 contactu
1176 3062 1422 3126 virtutis,
1462 3079 1524 3116 ac
1554 3064 1821 3117 voluntate
1851 3063 2097 3119 bonitatis

527 3171 771 3223 operans.
806 3154 1012 3218 Pascit,
1057 3153 1348 3219 illuminat,
1396 3154 1516 3218 alit,
1560 3154 1790 3217 deducit,
1840 3155 2094 3220 medetur,
2126 3147 2168 3201 C

525 3245 698 3314 erigit.
735 3242 865 3308 Qua:
896 3259 999 3295 non
1023 3251 1167 3305 sunt,
1209 3241 1336 3310 facit
1369 3251 1425 3295 ut
1473 3243 1599 3308 sint,
1637 3243 1850 3296 condita
1889 3261 2101 3298 conser-

527 3344 636 3390 vat.
670 3332 783 3386 [Ioc
813 3332 966 3386 modo
988 3331 1122 3386 bona
1147 3348 1210 3386 ex
1236 3333 1344 3387 Deo
1377 3349 1466 3402 per
1503 3332 1548 3387 F
1553 3335 1703 3388 ilium
1741 3335 1809 3387 ad
1851 3352 1945 3389 nos
1983 3351 2101 3404 per-

527 3429 759 3491 veniunt,
815 3427 1017 3497 majore
1063 3427 1328 3481 celeritate
1383 3427 1438 3480 in
1493 3427 1714 3498 singulis
1777 3437 2098 3495 operantem,

526 3536 685 3590 quant
723 3519 864 3572 ullus
899 3535 1067 3572 sermo
1092 3519 1378 3586 exprimere
1405 3518 1597 3572 valeat.
1627 3517 1807 3588 Neque
1828 3521 1964 3572 enim
1997 3519 2104 3588 [ul-

529 3626 686 3679 gura,
731 3625 890 3678 neque
944 3608 1074 3661 lucis
1126 3625 1218 3678 per
1268 3625 1442 3662 aerem
1483 3619 1591 3662 tant
1647 3610 1796 3662 velox
1831 3609 2102 3665 discursus

527 3709 628 3767 est,
673 3717 776 3753 non
809 3699 1082 3752 oculorum
1121 3698 1310 3753 celeres
1347 3700 1504 3764 ictus,
1550 3716 1653 3753 non
1694 3701 1858 3769 ipsius
1902 3701 2105 3753 intelle-

529 3799 643 3845 ctus
675 3791 841 3844 nostri
869 3799 1039 3843 motus
1068 3805 1086 3843 :
1116 3789 1204 3843 sed
1243 3789 1430 3844 horum
1458 3790 1694 3861 quodque
1739 3792 1906 3860 magis
1938 3792 2103 3844 vinci-

531 3890 620 3936 tur
665 3881 856 3935 divina:
890 3881 1211 3950 operationis
1255 3882 1538 3941 celeritate,
1594 3898 1752 3952 quam
1810 3883 2105 3936 animantia

531 3990 648 4044 qua:
681 3983 803 4027 sunt
845 3973 984 4042 apud
1023 3990 1116 4026 nos
1154 3975 1382 4027 maxime
1434 3974 1632 4043 segnia,
1668 3991 1772 4027 non
1820 3974 1994 4028 dicam
2017 3990 2105 4028 vo-

533 4067 783 4130 latilium,
816 4082 974 4136 neque
1018 4076 1312 4128 ventorum,
1366 4082 1527 4135 neque
1577 4066 1862 4119 caelestium
1895 4067 2104 4120 orbium

532 4159 749 4223 impetu,
780 4156 868 4210 sed
897 4157 1062 4224 ipsius
1103 4159 1290 4210 mentis
1339 4169 1538 4211 nostra:
1579 4167 1724 4211 motu
1759 4171 2101 4228 superantur.

535 4244 680 4300 Nam
701 4262 802 4315 quo
835 4247 1048 4300 tandem
1090 4247 1335 4314 temporis
1377 4247 1548 4315 spatio
1581 4259 1747 4316 egeat,
1792 4250 1881 4318 qui
1925 4259 2106 4318 portat

535 4340 715 4392 omnia
766 4337 918 4392 verbo
958 4339 1166 4392 virtutis
1213 4356 1344 4403 sum,
1391 4341 1579 4408 quique
1619 4355 1710 4392 nec
1757 4327 2106 4411 corporaliter

534 4441 802 4502 operatur,
836 4448 994 4498 neque
1040 4448 1293 4484 manuum
1335 4446 1493 4499 opera
1540 4429 1608 4482 ad
1655 4433 1939 4486 creandum
1976 4449 2101 4502 opus

534 4523 710 4588 habet,
739 4522 827 4576 sed
858 4539 1039 4576 eorum
1070 4538 1187 4592 qua:
1217 4523 1352 4592 ﬁunt
1381 4533 1630 4576 naturam
1653 4523 1807 4578 habet
1837 4523 2103 4580 voluntate

533 4631 640 4671 non
661 4624 846 4668 coacta
878 4614 1254 4684 obsequentem.

601 4725 763 4781 Nullo
802 4727 910 4781 alio
948 4733 1269 4796 argumento
1297 4725 1560 4780 libentius
1600 4726 1775 4781 utitur
1807 4728 1872 4782 ad
1903 4728 2106 4782 divini-

534 4819 700 4874 tatem
735 4820 910 4875 sancti
943 4817 1179 4888 Spiritus
1209 4819 1709 4873 demonstrandam.
1746 4817 1926 4889 Neque
1964 4824 2106 4875 enim

535 4913 653 4983 ﬁeri
672 4920 862 4980 potest,
913 4910 1090 4979 inquit
1137 4918 1279 4977 (cap.
1311 4908 1395 4970 12,
1425 4924 1480 4978 p.
1525 4908 1640 4979 25).
1670 4918 1726 4961 ut
1757 4906 1956 4961 Filium
1988 4912 2104 4978 quis

536 5002 719 5056 adoret
745 5004 847 5056 nisi
874 5003 929 5056 in
957 5013 1140 5054 sancto
1168 5001 1394 5069 Spiritu,
1437 5013 1529 5053 aut
1567 5010 1623 5053 ut
1659 4999 1877 5054 Patrem
1907 5003 2106 5055 invocet

538 5097 640 5148 nisi
674 5096 726 5147 in
772 5093 1071 5162 adoptionis
1117 5092 1338 5161 Spiritu.
1377 5090 1514 5145 Vide
1554 5107 1673 5160 cap.
1717 5092 1805 5154 15,
1850 5098 1904 5145 et
1942 5091 2103 5160 epist.

536 5187 628 5246 58.
679 5204 732 5240 ιι.
785 5187 839 5242 4.
893 5185 1239 5240 Demonstrat
1285 5185 1339 5238 in
1385 5200 1508 5253 cap.
1555 5184 1622 5239 15
1662 5183 1908 5253 ejusdem
1955 5184 2103 5248 libri,

540 5277 800 5346 Spiritum
855 5285 1103 5330 sanctum
1156 5291 1187 5329 a
1230 5275 1392 5330 Patre
1425 5286 1478 5330 et
1526 5274 1662 5330 Filio
1708 5276 1945 5346 disjungi
1996 5291 2105 5330 non

535 5383 699 5442 posse
733 5368 807 5438 (p.
835 5367 948 5438 29),
989 5369 1034 5424 si
1061 5367 1278 5438 quidem
1314 5369 1366 5422 in
1399 5367 1669 5438 baptismo
1701 5369 1805 5422 vim
1842 5367 2104 5437 vivi/itan:

611 5649 662 5681 ⁵⁸
688 5646 846 5703 Rom.
884 5665 958 5713 χι,
995 5651 1045 5704 5.
1126 5651 1171 5682 δε·
1199 5649 1343 5707 Psal.
1380 5667 1489 5715 LXI,
1526 5651 1576 5705 6.

1657 5652 1698 5682 ⁶⁰
1738 5649 1780 5703 ll
1813 5651 1936 5705 Cor.
1977 5668 2008 5703 ν
2059 5652 2141 5706 17.

2198 562 2252 614 in
2301 563 2586 630 pristinam
2627 564 2789 616 vitam
2835 577 2948 615 :cc
2999 562 3155 614 vitam
3209 564 3446 611 nostram
3494 562 3759 620 operatur.

2198 654 2265 707 Et
2293 671 2413 725 cap.
2458 655 2545 717 19,
2581 671 2702 725 pag.
2734 655 2796 708 41
2829 674 2840 708 :
2878 654 2996 708 Sive
3021 653 3139 722 quis
3178 650 3494 704 creationem
3538 641 3762 709 accipiat

2197 746 2261 798 de
2291 747 2669 799 exstinctorum
2702 745 3094 804 reviviscentia;
3127 759 3195 794 an
3235 757 3337 793 non
3373 753 3562 807 magna
3591 733 3763 796 Spiri-

2198 845 2282 890 tus
2313 840 2568 905 operatio,
2597 839 2687 907 qui
2721 837 2868 890 nobis
2905 835 3197 902 suppeditat
3238 834 3396 887 vitam
3423 845 3488 884 ex
3529 839 3763 880 resurre-

2196 930 2387 988 ctione.
2437 938 2487 982 et
2539 927 2607 980 ad
2658 925 2985 994 spiritualem
3017 923 3167 976 illam
3216 922 3375 975 vitam
3421 919 3624 971 animas
3665 930 3766 966 no-

2197 1029 2339 1072 stras
2379 1017 2788 1087 adaptat?Sire
2826 1018 3022 1070 creatio
3050 1016 3260 1068 dicatur
3295 1027 3406 1066 esse
3435 1024 3630 1068 eorum,
3671 1005 3763 1072 qui

2196 1111 2281 1163 hic
2325 1125 2417 1177 per
2464 1119 2733 1178 peccatum
2772 1109 2911 1175 lapsi
2963 1117 3109 1169 sunt,
3152 1107 3206 1158 in
3254 1103 3519 1158 meliorem
3563 1105 3764 1154 statum

2198 1204 2423 1256 mutatio
2475 1205 2620 1271 (nam
2668 1203 2745 1255 ita
2802 1217 3004 1270 quoque
3052 1210 3423 1264 nonnunquam
3479 1198 3768 1258 usurpatur

2189 1293 2353 1361 juxta
2399 1289 2686 1358 Scripturte
2735 1287 3183 1345 consuetudinem,
3216 1284 3350 1337 velut
3383 1296 3501 1334 cum
3552 1276 3756 1330 Paulus

2196 1385 2348 1446 dicit,
2387 1403 2405 1433 ι
2439 1382 2500 1436 Si
2535 1399 2638 1452 qua
2676 1383 2730 1435 in
2753 1381 2964 1435 Christo
3006 1395 3136 1432 nova
3167 1385 3412 1430 creatura
3433 1373 3522 1434 6°l,
3553 1388 3570 1419 ι
3607 1382 3766 1420 τεηοο

2197 1477 2334 1531 vatio
2376 1492 2492 1535 qua:
2529 1476 2612 1528 Itic
2637 1476 2718 1544 ﬁt.
2765 1484 2813 1527 et
2858 1491 2889 1526 a
2930 1473 3037 1525 vita
3069 1468 3302 1523 terrestri
3351 1481 3413 1518 ac
3457 1458 3767 1516 turbulentis

2200 1568 2475 1638 affectibus
2503 1567 2731 1620 obnoxia
2756 1567 2825 1618 ad
2855 1566 3108 1618 ctelestem
3129 1557 3568 1614 conversationem
3590 1563 3770 1604 trans-

2197 1661 2444 1719 mutatio,
2479 1675 2595 1727 qute
2623 1658 2684 1727 ﬁt
2714 1658 2769 1710 in
2799 1657 2949 1710 nobis
2977 1671 3067 1721 per
3103 1653 3381 1720 Spiritum,
3413 1645 3480 1700 ad
3506 1656 3768 1698 summam

2200 1749 2606 1802 admirationem
2638 1745 2850 1799 deducit
2897 1747 3102 1796 animos
3134 1749 3363 1794 nostros.
3417 1733 3674 1788 Similiter
3706 1730 3770 1782 in

2202 1841 2364 1907 epist.
2397 1837 2452 1898 8,
2489 1854 2543 1890 ιι.
2573 1836 2634 1889 11
2667 1855 2678 1890 :
2713 1835 2843 1890 Tria
2875 1832 3154 1888 creationis
3184 1844 3372 1900 genera
3407 1827 3460 1878 in
3492 1822 3773 1889 Scriptura

2199 1929 2470 1982 nominata
2501 1928 2809 1980 invenimus.
2861 1924 3034 1978 Unum
3076 1920 3281 1991 quidem
3326 1933 3387 1970 ac
3422 1916 3668 1984 primum,
3698 1925 3771 1963 ex

2198 2019 2361 2073 nihilo
2401 2018 2797 2087 productionent
2840 2033 2858 2070 :
2890 2015 3172 2069 secundum
3215 2027 3354 2072 vero,
3399 2023 3462 2061 ex
3499 2004 3669 2073 pejore
3708 2003 3772 2053 in

2198 2112 2385 2165 melius
2414 2111 2866 2170 immutationem;
2899 2106 3132 2165 tertium,
3171 2098 3598 2155 resurrectionent
3627 2107 3773 2144 rnor-

2201 2211 2429 2256 tuorunt.
2466 2200 2530 2253 In
2565 2201 2647 2254 his
2681 2198 2904 2267 reperies
2952 2195 3210 2265 Spiritum
3246 2199 3485 2245 sanctum
3513 2202 3616 2238 una
3649 2199 3775 2236 cum

2203 2294 2364 2348 Patre
2410 2303 2458 2348 et
2500 2291 2644 2346 Filio
2686 2300 3005 2360 operantem.
3044 2287 3196 2356 Swpe
3231 2286 3368 2338 alias
3417 2279 3596 2335 cordis
3639 2292 3778 2329 con-

2200 2387 2381 2441 versio
2432 2392 2660 2438 vocatur
2713 2398 2851 2436 nova
2904 2380 3145 2438 creatio,
3201 2385 3260 2430 ut
3308 2377 3361 2428 in
3397 2372 3533 2442 psal.
3582 2382 3728 2423 mur
3757 2407 3777 2432 ,

2199 2493 2321 2549 pag.
2357 2477 2490 2542 158;
2524 2483 2577 2530 et
2605 2477 2658 2528 in
2705 2473 2949 2532 humilia,
2983 2470 3134 2537 Quod
3185 2469 3321 2521 Deus
3353 2483 3454 2519 non
3487 2472 3561 2516 est
3585 2471 3780 2512 auctor

2200 2570 2481 2631 malorum,
2506 2584 2559 2638 p.
2609 2568 2714 2632 '75,
2764 2575 2818 2621 et
2867 2565 2960 2619 lib.
3022 2579 3054 2616 v
3117 2561 3366 2615 adversus
3415 2553 3776 2614 Eunomium,

2200 2679 2254 2733 ιι.
2281 2662 2408 2727 303,
2436 2671 2490 2716 et
2517 2661 2822 2714 Comment.
2858 2658 2914 2710 in
2947 2655 3172 2719 Isaiam,
3204 2669 3255 2724 p.
3288 2650 3416 2704 425.

2269 2807 2541 2875 Quantum
2578 2805 2790 2859 ﬁduciae
2838 2802 2892 2856 in
2924 2802 3107 2856 divina
3150 2799 3323 2871 gratia
3359 2804 3576 2869 poneret
3613 2792 3779 2847 Basi-

2201 2900 2308 2955 lius
2338 2915 2404 2954 ex
2433 2899 2519 2952 his
2545 2897 2778 2968 perspici
2813 2903 3011 2965 potest,
3041 2909 3164 2962 qua:
3187 2889 3254 2945 de
3279 2885 3634 2943 conciliandis
3658 2884 3779 2935 An-

2203 2991 2468 3045 tiochena:
2498 2988 2754 3042 Ecclesiae
2782 2983 3219 3038 dissensionibus
3249 2981 3488 3050 loquitur
3521 2977 3574 3030 in
3607 2973 3778 3043 epist.

2203 3085 2291 3148 66,
2322 3100 2376 3153 p.
2409 3081 2510 3136 160
2539 3101 2551 3134 :
2593 3079 2719 3134 IItec
2743 3095 2860 3133 vero
2887 3059 3195 3136 conciliare,
3227 3073 3422 3143 inquit,
3450 3081 3500 3126 et
3521 3069 3589 3123 ad
3616 3069 3781 3121 uttius

2201 3178 2436 3245 corporis
2463 3173 2797 3226 harmoniam
2834 3170 3086 3239 redigere,
3110 3166 3260 3219 illius
3287 3173 3363 3220 est
3401 3163 3584 3224 solius,
3611 3159 3700 3229 qui
3722 3169 3781 3212 et

2199 3266 2352 3320 siccis
2383 3263 2610 3329 ossibus,
2640 3272 2697 3315 ut
2722 3261 2789 3314 ad
2819 3276 2999 3313 nervos
3021 3266 3070 3311 et
3103 3272 3315 3310 carnem
3342 3253 3508 3307 denuo
3534 3250 3782 3310 redeant,

2202 3374 2306 3411 non
2350 3354 2639 3410 enarrabili
2671 3371 2769 3407 sua
2796 3359 3053 3422 potestate
3091 3349 3340 3417 largitur.
3381 3344 3636 3398 Dominus
3673 3356 3786 3392 au-

2203 3458 2305 3502 tem
2328 3447 2540 3502 omnino
2575 3462 2766 3515 magna
2798 3458 2887 3511 per
2915 3457 3022 3502 eos,
3053 3439 3141 3508 qui
3164 3454 3217 3491 se
3246 3435 3390 3506 digni
3422 3441 3566 3493 sunt,
3599 3431 3782 3499 efﬁcit.

2203 3540 2269 3593 Et
2301 3541 2354 3593 iu
2403 3539 2564 3608 epist.
2593 3537 2700 3590 205
2728 3537 2802 3605 (ρ.
2836 3534 2961 3604 500)
2989 3551 3001 3587 :
3035 3531 3158 3585 Non
3189 3530 3326 3584 enim
3365 3525 3648 3596 ignoratis,
3681 3539 3786 3576 nos

2202 3635 2381 3699 palam
2429 3628 2668 3683 omnibus
2702 3625 3020 3696 propositos,
3065 3621 3224 3677 veluti
3271 3617 3507 3687 scopulos
3536 3617 3593 3669 in
3635 3616 3790 3669 mari

2202 3723 2588 3791 prominentes,
2637 3721 2869 3788 furorem
2914 3718 3171 3786 ﬂuctuant
3233 3713 3595 3766 lta'reticorum
3640 3708 3793 3760 exci-

2203 3830 2322 3884 pere
2345 3829 2363 3875 ;
2396 3827 2582 3881 eosque
2601 3811 2725 3862 dum
2753 3811 2894 3862 circa
2921 3824 3014 3861 nos
3039 3806 3373 3875 franguntur,
3400 3818 3460 3855 ea
3495 3815 3608 3870 qute
3635 3806 3790 3850 retro

2205 3921 2299 3958 nos
2319 3911 2462 3964 sunt,
2483 3904 2586 3956 non
2619 3900 2836 3952 alluere.
2865 3896 3012 3951 Illud
3040 3905 3235 3957 autem,
3256 3913 3274 3944 ι
3303 3909 3416 3954 nos,
3441 3910 3457 3941 ι
3484 3905 3602 3943 cum
3619 3887 3790 3952 .dica,

2206 4012 2311 4048 non
2349 3994 2418 4046 ad
2461 3993 2719 4045 humanas
2748 3990 2916 4057 relero
2943 3987 3097 4048 vires,
3137 3984 3227 4040 sed
3283 3982 3349 4036 ad
3391 3981 3484 4034 Dei
3523 3979 3793 4049 gratiam,

2207 4087 2297 4155 qui
2330 4086 2387 4138 in
2410 4084 2680 4138 hominum
2713 4079 3074 4134 imbecillitate
3104 4077 3392 4145 potentiam
3423 4089 3574 4128 suam
3598 4069 3796 4123 decla-

2207 4185 2314 4242 rat,
2352 4172 2794 4246 quemadmodum
2825 4173 2900 4225 ait
2937 4172 3188 4240 propheta
3225 4184 3288 4222 ex
3316 4183 3539 4236 persona
3566 4165 3799 4219 Domini

2208 4270 2427 4322 dicens:
2459 4287 2478 4319 ί
2510 4267 2594 4320 An
2642 4282 2723 4319 me
2769 4282 2872 4319 non
2909 4261 3179 4326 timebitis,
3232 4262 3320 4330 qui
3371 4274 3590 4312 arenam
3642 4258 3800 4310 mari

2209 4363 2494 4416 terminum
2539 4361 2689 4427 posui
2711 4358 2793 4410 “‘t
2827 4376 2845 4408 ι
2875 4354 3019 4408 Nam
3053 4353 3286 4408 omnium
3319 4350 3687 4420 inﬁrmissima
3719 4366 3802 4404 ac

2211 4452 2472 4508 vilissima
2520 4467 2597 4513 re,
2644 4465 2828 4512 arena,
2875 4449 3052 4516 ingens
3090 4463 3151 4499 ac
3199 4460 3354 4514 grave
3394 4441 3606 4512 pelagus
3656 4457 3805 4494 con-

2207 4545 2423 4598 strinxit
2476 4540 2838 4608 Omnipotens.
2891 4536 3102 4591 Similia
3146 4535 3313 4588 habes
3353 4534 3408 4586 in
3457 4531 3682 4585 homilia
3733 4534 3803 4586 in

2208 4634 2347 4704 psal.
2380 4648 2530 4686 χχχιι
2555 4633 2629 4701 (p.
2665 4632 2785 4700 158)
2814 4649 2826 4682 :
2858 4628 2991 4684 Cum
3016 4629 3177 4697 igitur
3221 4625 3452 4678 audieris
3486 4624 3806 4693 quempiam

2210 4743 2401 4796 magna
2430 4725 2780 4784 minitantem,
2816 4722 3206 4790 jactantemque
3250 4734 3304 4771 se
3347 4715 3440 4768 tibi
3483 4716 3656 4769 omnis
3695 4731 3804 4784 ge-

2210 4821 2350 4874 neris
2383 4834 2669 4878 a’rumnas,
2702 4815 2919 4876 damna,
2953 4822 3045 4864 aut
3083 4811 3290 4878 plagas,
3325 4816 3414 4860 aut
3459 4816 3683 4859 ntortem
3721 4807 3806 4859 il-

2212 4912 2468 4973 laturum,
2500 4910 2694 4974 respice
2739 4906 2806 4958 ad
2841 4905 3117 4958 Dominum
3149 4903 3380 4972 gentium
3415 4899 3640 4952 consilia
3675 4899 3805 4952 dis-

2213 5005 2489 5072 sipantem,
2521 5011 2570 5055 et
2594 4998 2907 5069 populorum
2934 4995 3274 5066 cogitationes
3305 4992 3690 5062 reprobantem.
3723 4990 3805 5045 Et

2211 5104 2417 5168 postea,
2459 5110 2513 5147 ιι.
2549 5094 2582 5148 9
2613 5094 2689 5161 (p.
2741 5091 2865 5158 140)
2896 5108 2908 5142 :
2939 5088 3116 5158 Neque
3159 5087 3320 5157 igitur
3368 5101 3459 5139 rex
3513 5099 3579 5139 ex
3615 5086 3801 5138 armis

2211 5185 2468 5254 sufﬁciens
2499 5183 2566 5236 ad
2589 5182 2812 5235 salutem
2841 5179 3100 5232 auxilium
3129 5178 3302 5242 habet,
3340 5191 3501 5244 neque
3526 5175 3685 5243 fortis
3711 5177 3804 5226 vir

2212 5277 2314 5330 sibi
2345 5275 2412 5328 ad
2449 5275 2627 5329 omnia
2665 5273 2891 5342 sufﬁcere
2933 5279 3121 5340 potest.
3158 5269 3503 5323 Imbecillitas
3555 5267 3699 5318 enim
3744 5277 3803 5320 et

2220 5367 2510 5434 inﬁrmitas
2543 5373 2664 5418 sunt
2711 5363 2888 5418 omnia
2929 5361 3088 5416 simul
3119 5360 3372 5423 humana,
3415 5357 3462 5411 si
3507 5372 3628 5411 cum
3664 5372 3804 5411 vera

2219 5653 2256 5680 ἠ
2289 5649 2484 5706 Jcrcm.
2519 5667 2568 5716 ι’,
2608 5648 2695 5702 22.
