3900 6212
193 279 255 334 65
1227 275 1592 331 ELENCUUS
1621 274 1959 332 VETERUM
1995 273 2289 331 LI‘BRORU
2299 275 2368 329 Μ.
3362 278 3432 335 66

194 396 390 464 potentia
457 404 851 463 comparentur.
899 394 1190 463 PrOpterea
1244 415 1262 448 ι
1293 396 1520 466 Inﬁrma
1563 398 1750 450 .mundi
1782 407 1827 462 Α
1927 398 2130 466 Agmen
2177 397 2391 451 claudet
2431 397 2642 467 insigne
2672 397 3066 461 testimonium,
3108 396 3252 466 quod
3289 410 3320 450 e
3361 395 3423 450 S.

189 485 326 552 elegit
358 481 518 545 Deus,
551 493 605 535 ut
645 485 936 553 confundat
959 485 1126 554 fortia
1149 487 1215 541 ⁶¹.
1246 485 1334 550 Et,
1363 503 1430 542 ex
1457 504 1545 541 ore
1570 488 1749 556 infan-

191 573 308 623 tium
338 581 385 624 et
418 572 723 626 lactentium
752 575 967 642 perfecit
1005 574 1239 640 laudem,
1277 584 1334 627 ut
1377 575 1614 628 destruat
1649 577 1754 627 ini-

188 668 369 716 micum
397 674 448 718 et
492 666 714 719 ultorem
737 667 817 733 ⁶³;
850 685 867 717 ι
907 685 1030 720 nam
1062 667 1243 722 divina
1273 669 1451 738 gratia
1478 669 1532 720 in
1571 667 1751 736 infan-

189 756 316 808 tibus
350 773 411 808 ac
434 757 652 812 rudibus
684 775 931 827 operans,
968 761 1199 814 maxime
1235 760 1580 830 resplenduit.
1607 759 1752 814 Prte-

193 847 548 901 clarissimum
594 859 677 903 est
711 850 925 904 initium
975 853 1137 921 epist.
1195 853 1318 917 161,
1370 852 1437 906 ad
1477 852 1754 921 Amphilo-

187 938 359 992 chium
391 956 404 990 :
436 939 749 996 Benedictus
791 943 952 1006 Deus,
995 946 1086 1013 qui
1112 944 1218 998 sibi
1252 945 1515 1012 placentes
1548 945 1601 996 in
1642 945 1754 997 sin-

188 1029 316 1100 gulis
346 1033 590 1087 mtatibus
636 1035 804 1104 eligit,
845 1036 1213 1106 electionisque
1259 1038 1479 1090 secernit
1515 1052 1664 1097 vasa,
1701 1043 1750 1088 et

185 1123 260 1175 Itis
287 1125 449 1176 utitur
477 1124 544 1176 ad
570 1127 917 1181 ministerium
951 1139 1256 1182 sanctorum
1278 1146 1294 1182 :
1313 1130 1402 1199 qui
1433 1146 1568 1182 nunc
1588 1141 1748 1183 etiam

187 1222 250 1276 te,
283 1230 396 1266 cum
430 1216 656 1286 fugeres.
690 1229 748 1271 ut
785 1229 946 1273 tumet
989 1220 1198 1281 dixisti,
1235 1238 1336 1274 non
1381 1238 1496 1281 nos,
1534 1221 1715 1275 sed-0.1

185 1306 431 1358 cntionem
463 1324 620 1376 quam
659 1326 752 1378 per
783 1328 877 1364 nos
906 1312 1144 1380 futuram
1173 1311 1552 1380 suspicabaris,
1589 1313 1751 1365 inevi-

187 1395 423 1448 tabilibus
451 1401 640 1467 gratia:
669 1402 864 1456 retibus
895 1404 1138 1473 ifligavit,
1176 1420 1238 1456 ac
1262 1405 1314 1455 in
1345 1403 1572 1456 mediam
1602 1403 1746 1458 Pisi-

184 1484 316 1537 diam
345 1486 560 1540 deduxit
597 1501 654 1543 ut
693 1491 924 1546 homines
961 1493 1180 1547 Domino
1211 1497 1412 1562 capias,
1452 1504 1501 1547 et
1539 1509 1602 1547 ea:
1633 1512 1748 1564 pro-

1856 489 2042 544 Basilii
2075 489 2318 559 Liturgia
2357 490 2735 559 depromptum
2769 489 2965 544 Petrus
3007 488 3280 542 Diaconus
3313 488 3426 560 (18)

1853 579 1986 632 citat
2009 583 2063 631 in
2097 578 2236 631 libro
2272 577 2349 631 De
2377 578 2741 631 incarnatione
2775 587 2824 630 et
2852 579 3028 647 gratia
3050 593 3169 646 cap.
3195 579 3261 632 8:
3287 576 3426 631 Hinc

1853 669 2040 734 etiam,
2085 668 2282 738 inquit.
2321 667 2504 722 beatus
2554 667 2791 722 Basilius
2827 667 3172 723 Cwsariensis
3222 669 3428 735 episco-

1853 774 1950 827 pus
1993 759 2046 811 in
2078 761 2317 812 oratione
2366 759 2510 812 sacri
2543 757 2754 820 altaris,
2784 773 2943 826 quam
2993 771 3118 826 pene
3150 757 3424 810 universus

1855 851 2156 920 frequentat
2206 848 2414 910 Oriens,
2444 850 2582 901 inter
2618 859 2808 902 cwtera
2841 863 2860 901 :
2895 849 3064 913 Dona,
3094 850 3283 919 inquit,
3321 848 3427 904 Do-

1857 943 2025 1006 mine,
2063 945 2318 995 virtutcm
2347 949 2400 995 et
2427 948 2810 1004 tutamentum,
2843 941 3036 1004 malos,
3079 955 3422 1010 quaesumus,

1855 1032 2030 1086 bonos
2061 1030 2246 1096 facito,
2283 1031 2456 1084 bonos
2506 1031 2560 1083 in
2605 1031 2854 1084 bonitate
2887 1046 3193 1095 conserva;
3241 1032 3427 1085 omnia

1854 1121 1999 1175 enim
2031 1129 2204 1190 potes,
2238 1130 2290 1173 et
2334 1135 2440 1172 non
2487 1127 2571 1172 est
2599 1119 2693 1188 qui
2736 1118 3078 1171 contradicat
3119 1117 3218 1171 tibi
3252 1135 3264 1170 :
3301 1132 3428 1170 cum

1851 1214 1998 1272 enim
2050 1212 2309 1275 volueris,
2351 1211 2550 1272 salvas,
2593 1219 2648 1264 et
2693 1209 2876 1264 nullus
2899 1209 3105 1263 resistit
3167 1207 3427 1262 voluntati

1853 1315 1976 1363 tum.
2029 1303 2166 1360 Ecce
2221 1318 2377 1372 quant
2431 1301 2680 1365 breviter,
2729 1317 2987 1371 quamque
3035 1299 3186 1353 docte
3243 1301 3428 1353 doctor

1850 1402 2085 1472 egregius
2113 1399 2240 1454 olim
2271 1393 2392 1447 huic
2429 1394 2796 1447 contrauersim
2823 1393 2978 1462 ﬁnem
3013 1402 3206 1460 posuit,
3234 1390 3424 1446 dacem

1850 1510 1942 1563 per
1973 1493 2104 1544 hanc
2136 1506 2339 1559 precem
2371 1480 2478 1543 non
2511 1502 2543 1538 a
2573 1487 2778 1556 seipsis,
2813 1485 2903 1539 sed
2927 1503 2959 1538 a
2991 1484 3100 1538 Deo
3139 1482 3308 1535 malos
3333 1480 3428 1534 lto-

1852 1585 2016 1637 mines
2049 1581 2208 1634 bonos
2243 1582 2380 1649 ﬁeri,
2409 1599 2500 1635 nec
2533 1595 2636 1638 sua
2661 1579 2872 1640 rirtule.
2913 1575 3002 1629 38d
3032 1575 3223 1629 άίυίηω
3241 1573 3426 1644 θναιὶω

1851 1674 2118 1743 adjutorio
2147 1673 2199 1726 in
2229 1673 2344 1740 ipsa
2377 1673 2606 1728 bonitate
2642 1683 2995 1746 perseverare.

185 1579 338 1646 tundo
383 1582 661 1648 pertrahas
705 1582 774 1635 ad
813 1584 998 1648 lucem,
1038 1600 1168 1652 quos
1213 1586 1346 1652 cepit
1381 1584 1649 1648 diabolus,
1689 1596 1746 1639 ut

182 1684 322 1721 suam
350 1670 515 1724 iusius
548 1669 746 1723 faciant
780 1671 1121 1724 voluntatem.

245 1847 287 1878 “
315 1848 332 1901 l
365 1846 494 1904 Cor.
530 1862 568 1911 I,
603 1847 696 1902 27.
771 1847 820 1879 "
847 1846 992 1903 Psal.
1024 1864 1144 1913 vm,
1172 1849 1226 1916 5;
1263 1849 1453 1903 Matth.
1487 1865 1602 1917 nt,
1637 1849 1725 1906 l6.

244 2001 352 2072 (18)
392 2001 644 2056 Biblioth.
673 2000 850 2065 Patr.,
886 2011 1019 2056 tom.
1060 2001 1154 2068 XI,
1187 2019 1241 2076 p.
1271 2001 1396 2060 l98.

211 2159 3410 2192 ______________.__...___________._______________

1380 2435 2208 2565 ELENCHUS

207 2757 494 2826 Veterum
538 2761 844 2826 librorum
876 2765 953 2827 ad
985 2783 1148 2828 auos
1194 2768 1406 2826 exacta
1455 2768 1508 2822 et
1547 2765 1875 2826 emendata
1916 2772 2054 2825 sunt
2107 2763 2316 2826 Basilii
2373 2782 2588 2843 opera,
2635 2783 2776 2845 qua;
2804 2766 2878 2843 in;
2918 2765 3039 2831 hoc
3065 2765 3386 2832 volumina

1591 2867 2012 2928 continentur.
2534 2862 2544 2872 '

234 3267 395 3329 Liber
429 3273 510 3329 De
539 3273 731 3341 spiritu
765 3283 950 3328 sancto
980 3273 1214 3330 collatus
1245 3289 1371 3329 cum
1403 3273 1644 3345 quinque
1675 3274 1861 3346 Regiis
1894 3275 2179 3330 codicibus
2211 3282 2267 3329 et
2301 3290 2409 3329 uno
2437 3274 2772 3330 Colbertino.

236 3387 312 3441 Ad
365 3387 639 3458 Epistolas
670 3388 728 3443 S.
773 3388 952 3443 Basilii
994 3404 1192 3460 magno
1220 3390 1482 3443 exstitere
1515 3389 1770 3459 praesidio
1821 3400 1934 3445 tres
1973 3389 2316 3459 potissimum
2360 3387 2580 3442 codices
2623 3387 3013 3458 antiquissimi,
3055 3386 3427 3446 Coislinianus

177 3497 225 3537 ιι.
250 3483 374 3548 257,
405 3485 611 3540 saeculo
640 3486 863 3540 circiter
893 3485 1184 3540 undecimo
1217 3485 1458 3555 scriptus
1485 3503 1499 3552 ;
1535 3484 1875 3547 Harlaeanus,
1917 3485 2132 3540 decimo
2165 3493 2258 3538 aut
2301 3483 2614 3547 undecimo,
2639 3490 2694 3537 et
2722 3481 3034 3546 Medicaeus,
3063 3500 3223 3553 quem
3261 3499 3426 3538 manu

176 3593 265 3634 sua
303 3579 723 3634 accuratissime
772 3595 896 3633 cum
937 3581 1096 3635 editis
1147 3581 1380 3634 contulit
1419 3581 1502 3634 vir
1542 3581 1686 3635 inter
1723 3581 1992 3634 litteratos
2034 3579 2425 3646 celeberrimus
2468 3578 2738 3633 Antonius
2783 3578 2948 3632 Maria
2986 3578 3280 3635 Salvinius.
3329 3579 3427 3636 His

175 3671 338 3727 tribus
361 3671 670 3735 codicibus,
701 3671 892 3726 saltem
919 3689 1042 3726 cum
1067 3675 1209 3727 inter
1232 3688 1291 3727 se
1309 3674 1682 3735 consentiunt,
1706 3673 1826 3742 plus
1851 3672 2026 3726 visum
2055 3679 2141 3726 est
2163 3671 2532 3736 tribuendum,
2565 3687 2727 3742 quam
2755 3672 2877 3727 aliis
2911 3673 3185 3728 omnibus.
3209 3671 3427 3729 Primus

175 3763 549 3832 complectitur
578 3763 842 3832 epistolas
871 3763 997 3827 551,
1028 3762 1349 3820 Harlaranus
1383 3764 1510 3829 249,
1541 3763 1831 3819 Medicmus
1853 3763 1978 3817 3‘25.

238 3872 346 3929 lluc
371 3891 663 3932 accessere
705 3877 879 3933 codex
919 3877 1053 3949 Reg.
1092 3879 1256 3943 2295,
1291 3879 1420 3933 olim
1453 3880 1753 3934 cardinalis
1779 3879 2061 3944 Mazarini,
2089 3879 2458 3949 complectens
2486 3879 2746 3948 epistolas
2769 3878 2895 3933 272.
2929 3877 3028 3932 Hic
3059 3877 3232 3932 codex
3255 3891 3422 3932 anno-

177 3979 284 4018 rum
306 3976 388 4022 est
417 3969 548 4032 500,
578 3976 632 4023 et
662 3970 876 4039 primus
908 3971 1112 4042 Regius
1141 3989 1170 4026 a
1204 3973 1365 4028 nobis
1395 3983 1643 4027 vocatur.
1669 3973 1849 4028 Codex
1875 3974 2008 4041 Reg.
2039 3971 2204 4034 2897,
2233 3989 2390 4041 quem
2421 3975 2719 4028 secundum
2742 3987 3024 4036 vocamus,
3051 3970 3427 4040 complectitur

176 4060 421 4124 epistolas
453 4060 586 4114 554.
617 4060 801 4116 Codex
836 4063 969 4132 Reg.
1003 4063 1168 4128 2896,
1210 4066 1505 4120 continens
1544 4067 1808 4135 epismlas
1838 4067 1928 4120 55.
1961 4067 2145 4119 Codex
2173 4065 2304 4135 Reg.
2330 4065 2492 4131 2502,
2517 4069 2804 4120 continens
2833 4065 3091 4135 epistolas
3127 4064 3218 4118 29.
3244 4064 3424 4119 Codex

179 4152 302 4223 Reg.
342 4156 504 4223 1824,
539 4158 592 4211 in
625 4174 734 4227 quo
770 4166 883 4214 tres
922 4161 1188 4229 epistolae,
1223 4177 1417 4231 nempe
1446 4162 1536 4225 45,
1569 4162 1674 4216 245
1699 4169 1752 4216 et
1779 4163 1905 4215 260.
1932 4161 2111 4215 Codex
2145 4160 2276 4232 Reg.
2324 4162 2482 4226 1906,
2512 4163 2566 4216 in
2599 4178 2706 4232 quo
2738 4161 2980 4231 epistolae
3006 4160 3144 4223 duae,
3177 4174 3366 4228 nempe
3392 4158 3426 4212 2

177 4255 224 4296 et
245 4245 331 4300 46.
370 4248 560 4304 Codex
594 4248 727 4321 Reg.
761 4251 922 4317 1908,
953 4253 1009 4307 in
1046 4269 1157 4322 quo
1187 4253 1459 4322 reperitur
1488 4253 1719 4322 epistola
1755 4251 1823 4305 ad
1857 4253 2160 4306 Chilonem.

243 4366 546 4428 Habuimus
586 4373 750 4428 etiam
788 4377 972 4429 varias
1005 4375 1270 4430 lectiones
1301 4391 1368 4430 ex
1404 4376 1688 4430 codicibus
1717 4374 2155 4436 Combelisianis,
2192 4373 2488 4440 Bigotianis
2521 4373 2754 4436 duobus,
2785 4371 3210 4427 Claromontano
3238 4367 3426 4439 Angli-

177 4476 348 4528 cano,
405 4467 460 4520 in
515 4483 626 4536 quo
673 4469 918 4538 epistola:
971 4469 1079 4534 28,
1138 4467 1438 4533 Vaticano,
1497 4472 1553 4523 in
1603 4485 1714 4538 quo
1769 4470 2012 4539 epistolae
2062 4469 2187 4534 527,
2247 4485 2349 4522 nec
2394 4484 2502 4522 non
2533 4468 2762 4536 insignis
2797 4466 3053 4522 Ecclesiae
3099 4462 3426 4518 Parisiensis

178 4561 379 4625 codice,
432 4565 529 4632 qui
582 4563 722 4619 idem
775 4565 993 4620 videtur
1039 4581 1164 4620 esse
1212 4581 1277 4618 ac
1321 4565 1732 4634 Bigotianorum
1773 4566 1930 4618 alter.
1986 4563 2368 4634 Suppeditavit
2416 4563 2749 4617 bibliotheca
2803 4561 3138 4616 Coisliniana
3182 4557 3427 4611 codicem

177 4647 295 4714 288,
323 4653 375 4706 in
407 4671 520 4724 quo
557 4657 798 4726 epistola:
836 4657 961 4718 528,
992 4672 1156 4725 quem
1188 4656 1586 4710 Coislinianum
1621 4655 1922 4710 secundum
1959 4670 2220 4708 vocamus
2250 4671 2265 4720 ;
2297 4661 2350 4707 et
2383 4654 2518 4708 alios
2550 4652 2865 4714 nonnullos,
2902 4649 2956 4703 in
2989 4648 3189 4718 quibus
3222 4646 3424 4713 aliquot

180 4739 353 4796 Basilii
395 4747 658 4814 epistolae.
701 4746 952 4802 Canoncs
991 4745 1182 4800 Basilii
1225 4746 1408 4800 collati
1453 4746 1675 4800 luerunt
1725 4761 1850 4800 cum
1897 4745 2146 4814 pluribus
2191 4743 2472 4798 codicibus
2513 4744 2756 4812 ejusdem
2802 4741 3162 4802 bibliotheca,
3196 4753 3261 4792 ex
3301 4737 3425 4805 qui-

181 4829 275 4883 bus
301 4832 468 4888 codex
493 4834 600 4889 209
627 4836 757 4891 noni
785 4852 908 4894 esse
938 4837 1124 4893 sazculi
1154 4837 1525 4903 existimatur,
1553 4842 1609 4890 et
1634 4850 1760 4890 cum
1788 4834 1976 4906 Regiis
2007 4837 2287 4891 codicibus
2310 4835 2472 4903 2058,
2501 4834 2664 4899 2059,
2686 4834 2756 4888 20
2768 4833 2850 4900 15,
2875 4831 3040 4896 2044,
3069 4829 3234 4897 2502,
3260 4827 3424 4895 2505,

179 4921 330 4990 2508,
363 4925 530 4993 2509,
559 4927 720 4984 5027.
