3900 6212
509 242 570 299 τι
1851 235 1911 293 s.
1951 235 2197 293 BASlLll
2236 237 2455 296 usam
3702 250 3775 305 τε

506 356 843 410 momentum
884 348 939 406 in
988 357 1281 419 utramque
1321 345 1573 418 partem?
1596 344 1732 401 Nam
1768 344 1815 400 si
1850 361 1918 401 ex
1967 346 2077 416 lege

2188 358 2302 403 sm
2329 366 2397 404 τα
2423 350 2566 406 αύτά
2592 352 2688 407 καὶ
2714 352 2928 425 μεγάλα
2949 370 2962 384 ·
2998 354 3080 427 τῷ
3110 356 3210 427 μὲν
3240 359 3496 432 συντόμῳ
3517 360 3615 431 τῆς
3641 380 3777 434 προ-

504 457 609 497 nec
637 455 805 496 unum
852 439 966 494 iota
1005 454 1110 494 nec
1136 453 1274 508 apex
1316 452 1460 493 unus
1499 436 1803 506 praeteribit
1841 437 1908 501 ⁸⁷,
1946 451 2085 506 quo-

503 533 668 588 modo
704 531 865 588 nobis
911 539 1092 585 tutum
1137 529 1303 584 fuerit
1349 529 1435 582 vel
1475 528 1844 583 minutissima
1883 528 2086 583 transi-

504 628 645 681 lire?
689 629 759 679 At
805 639 929 695 qua:
977 631 1093 679 tute
1145 637 1177 677 a
1233 622 1394 677 nobis
1444 621 1722 677 enucleari
1770 621 2083 692 postulasti,

504 719 696 774 eadem
736 717 935 787 exigua
979 723 1110 772 sunt
1136 721 1191 771 et
1217 729 1417 785 magna
1454 730 1466 763 :
1501 715 1834 784 prolationis
1863 715 2083 785 quidem

504 809 833 882 compendio
862 808 1077 879 exigua,
1112 815 1276 877 atque
1306 808 1377 861 ob
1402 806 1719 869 idlortasse
1745 807 2083 877 contemptui

501 903 765 965 obnoxia,
815 901 908 956 sed
960 915 1147 955 rerum
1190 898 1621 969 signiﬁcatarum
1654 900 1706 953 vi
1740 915 1938 969 magna
1968 918 1982 953 :
2011 898 2081 953 ad

503 994 924 1050 similitudinem
953 991 1184 1062 sinapis,
1218 990 1365 1061 quod
1400 1006 1524 1045 cuin
1554 991 1628 1046 sit
1656 991 2083 1046 minutissimum

503 1088 648 1141 inter
689 1083 842 1138 arida
874 1084 1107 1146 semina,
1155 1082 1202 1137 si
1251 1097 1385 1137 cura
1428 1082 1613 1137 debita
1642 1080 1986 1147 adhibeatur,
2027 1083 2083 1137 in

502 1177 847 1232 altitudinem
892 1176 1028 1232 satis
1055 1190 1307 1245 magnam
1355 1175 1625 1246 exsurgit,
1669 1175 1760 1230 ubi
1810 1175 1893 1231 vis
1934 1176 1988 1230 in
2018 1189 2085 1229 eo

502 1270 685 1325 latens
722 1284 846 1325 sese
893 1268 1224 1338 explicuerit
1261 1267 1328 1321 ⁸⁸.
1359 1264 1515 1333 Quod
1541 1266 1588 1321 si
1618 1267 1745 1336 quis
1776 1266 1939 1333 ridet,
1984 1280 2086 1322 no-

502 1372 675 1418 stram
706 1362 897 1417 videns
933 1363 1083 1417 circa
1118 1361 1380 1433 syllabas,
1407 1367 1466 1415 ut
1491 1360 1685 1430 psalmi
1722 1360 1903 1415 verbis
1935 1369 2081 1425 utar,

500 1453 897 1509 fabulationem
948 1453 1042 1520 ⁶⁹;
1093 1454 1211 1523 ipse
1255 1452 1476 1522 quidem
1533 1451 1776 1506 futurum
1822 1452 1980 1519 sciat,
2027 1460 2085 1506 ut

500 1545 886 1616 inlrugil‘erum
936 1546 1022 1602 sui
1079 1546 1228 1601 risus
1274 1544 1513 1599 fructum
1558 1551 1727 1598 meiat
1770 1562 1783 1601 :
1819 1560 1921 1600 nos
1953 1558 2085 1599 vero

500 1635 929 1706 haudquaquam
978 1636 1238 1691 cedentes
1289 1634 1573 1689 hominum
1624 1634 1916 1701 conviciis,
1980 1650 2085 1689 nec

500 1729 721 1784 illorum
773 1728 1177 1798 vituperatione
1230 1726 1361 1782 victi
1417 1726 1660 1782 studium
1718 1727 2085 1798 investigandi

500 1823 850 1878 deseramus.
887 1819 1124 1877 Tantum
1155 1820 1302 1874 enim
1333 1818 1511 1882 abest,
1550 1827 1611 1874 ut
1645 1834 1731 1875 me
1774 1819 1967 1874 harum
1998 1833 2086 1874 re-

499 1929 623 1969 rum
670 1921 930 1983 tanquam
979 1912 1314 1967 minutarum
1362 1912 1582 1982 pudeat,
1623 1917 1681 1963 iit
1710 1910 1758 1966 si
1799 1910 1882 1965 vel
1918 1908 2084 1963 mini-

499 2019 647 2059 mam
678 2003 961 2075 dignitatis
988 2018 1180 2058 earum
1228 2011 1437 2073 partem
1469 2002 1757 2071 attingam,
1787 2008 1904 2054 tum
1949 1999 2084 2054 milii

497 2098 872 2172 gratulaturus
920 2098 1062 2160 sim,
1127 2104 1190 2150 ut
1235 2110 1433 2167 magna
1478 2094 1727 2166 quaedam
1786 2099 2085 2157 assecuto,

497 2200 615 2247 tum
644 2190 798 2247 fratri
821 2190 1108 2247 nobiscum
1139 2190 1252 2245 ίιωε
1276 2188 1643 2260 perscrutanti
1672 2202 1783 2242 non
1808 2186 2085 2241 mediocre

496 2286 714 2341 lucrum
758 2283 890 2338 hinc
939 2282 1192 2339 dicturus
1235 2282 1547 2338 obvenisse.
1599 2279 1807 2351 Itaque,
1853 2294 1978 2334 cum
2027 2279 2085 2333 in

499 2376 746 2432 minimis
791 2376 977 2432 verbis
1017 2374 1357 2445 eonspiciam
1410 2380 1688 2429 certamen
1748 2370 2083 2435 maximum,

497 2484 595 2539 spe
642 2469 851 2540 praemii
900 2484 1012 2524 non
1055 2467 1302 2524 detrecto
1341 2465 1582 2522 laborem
1622 2482 1636 2519 :
1673 2469 1827 2519 ratus
1876 2476 2088 2518 sermo-

488 2579 625 2620 .nem
651 2570 770 2617 tum
805 2561 941 2616 mihi
972 2561 1091 2617 fore
1138 2561 1352 2624 utilem,
1397 2566 1516 2614 tum
1562 2556 1917 2612 audientibus
1949 2555 2087 2623 satis

2190 443 2366 512 φορᾶς
2401 441 2640 513 βραχέα,
2675 445 2771 498 καὶ
2805 445 2895 499 διὰ
2934 447 3092 500 τοῦτο
3123 449 3253 512 ῖσως
3281 449 3771 524 εὐκαταφρόνηταο

2186 537 2254 602 τῇ
2284 535 2342 588 δὲ
2373 536 2601 606 δυνάμει
2629 536 2738 590 τῶν
2779 538 3195 608 σημαινομένων
3231 540 3466 611 μεγάλα,
3502 543 3642 597 κατά
3674 544 3779 615 τὴν

2186 628 2371 680 είκονα
2399 627 2494 680 τοῦ
2537 628 2828 693 σινάπεως,
2861 629 2889 683 ὃ
2919 632 3249 701 μικρότατον
3277 632 3337 686 ὃν
3358 634 3468 688 τῶν
3510 652 3777 707 φρυγανι-

2187 719 2299 773 κῶν
2327 718 2682 791 σπερμάτων,
2713 725 2813 793 τῆς
2845 723 3235 795 προσηκούσης
3262 727 3578 797 ἐπιμελείας
3610 727 3777 793 ἀξιωί

2186 811 2300 878 Θὲν,
2350 813 2431 875 εἰς
2466 812 2599 881 ὕψος
2637 811 2914 885 αὔταρκες
2952 814 3314 883 διανίσταται,
3349 819 3449 889 τῆς
3477 836 3776 893 συνεσπαρδ

2190 903 2357 975 μένης
2383 905 2443 957 ὲν
2470 904 2618 974 αύτῷ
2640 905 2924 975 δυνάμεως
2955 906 3320 979 ἀπλωοείσης.
3346 910 3410 962 Ei
3430 910 3488 964 δέ
3514 929 3594 975 τις
3614 913 3772 986 γελᾷ,

2188 992 2401 1063 βλέπων
2431 994 2531 1064 τὴν
2561 996 2689 1065 περὶ
2726 995 2823 1058 τὰς
2858 995 3128 1060 συλλαϐὰς
3165 997 3344 1068 ἡμῶν,
3373 999 3662 1069 ψαλμικῶς
3691 1003 3777 1056 εί-

2186 1089 2342 1149 πεῖν,
2397 1086 2733 1157 ἀδολεσχίαν,
2797 1086 2960 1153 αὐτὸς
3007 1089 3107 1159 μὲν
3162 1089 3274 1161 (28)
3336 1091 3468 1144 ἵστω
3519 1092 3777 1163 ἀνωφελῆ

2186 1177 2400 1249 καρπὸν
2430 1177 2526 1230 τοῦ
2567 1178 2804 1247 γέλωτος
2848 1179 3209 1251 δρεπόμενος·
3256 1184 3419 1253 ἡμεῖς
3463 1182 3522 1235 δὲ
3558 1182 3630 1253 μὴ
3660 1185 3778 1247 τοῖς

2185 1269 2412 1323 ὀνείδεσι
2432 1270 2541 1323 τῶν
2569 1270 2665 1324 ἀνθ
2676 1268 2874 1343 ρώπων
2900 1273 3143 1337 ἐνδόντες
3163 1314 3175 1335 ,
3208 1276 3345 1345 μήτε
3377 1275 3454 1345 τῷ
3479 1275 3775 1346 φαυλισμῷ

2187 1363 2369 1416 αὐτῶν
2420 1362 2780 1433 ἡττηθέντες,
2819 1366 2919 1437 την
2957 1365 3184 1436 ἔρευναν
3214 1367 3627 1439 καταλίπωμεν.
3665 1370 3775 1422 Το-

2187 1451 2375 1506 σοῦτον
2396 1452 2506 1524 γὰρ
2527 1454 2717 1524 ἀπέχω
2741 1454 2951 1519 τούτοις
2977 1449 3052 1519 ὡς
3078 1462 3295 1527 μικροῖς
3318 1457 3770 1527 ἐπαισχύνεσθαι,

2185 1542 2349 1609 ὥστε,
2382 1546 2431 1597 εί
2460 1544 2555 1598 καὶ
2581 1545 2874 1599 πολλοστοῦ
2908 1546 3233 1618 μέρουςτῆς
3265 1549 3423 1614 ἀξίας
3463 1549 3641 1603 αὐτῶν
3674 1552 3778 1619 se-

2189 1635 2427 1707 ικοίμην,
2456 1637 2679 1709 ἐμαυτῷ
2707 1654 2767 1691 τε
2795 1637 2861 1692 ἂν
2899 1640 3223 1712 συνησθείην
3257 1640 3333 1703 ὡς
3367 1641 3618 1711 μεγάλων
3646 1642 3775 1708 ἀξι-

2120 1710 2158 1764 Β
2186 1724 2411 1791 ωθέντι,
2441 1725 2519 1797 τῷ
2556 1743 2617 1779 τε
2657 1727 3099 1797 συνδιερευνῶντι
3131 1710 3245 1799 (ἱθ)
3281 1710 3411 1802 ἡμῖν
3451 1730 3662 1802 ἀδελφῷ
3703 1732 3771 1786 οὐ

2191 1817 2386 1889 μικρὸν
2408 1819 2476 1873 ἂν
2502 1819 2669 1891 φαίην
2689 1820 2939 1874 ἐντεῦθεν
2961 1820 3334 1893 ἀπηντηκέναι
3356 1822 3417 1875 τὸ
3438 1823 3644 1893 κέρδος.
3663 1824 3778 1877 Μέ-

2186 1924 2374 1977 γιστον
2400 1904 2494 1963 οὖν
2516 1909 2657 1980 όρῶν
2686 1912 2743 1962 ὲν
2773 1913 2991 1983 μικροῖς
3024 1912 3232 1984 ῥήμασι
3256 1911 3317 1964 τὸ
3339 1910 3647 1983 ἀγώνισμα,
3682 1911 3775 1965 ὲλ-

2188 2001 2304 2055 πίδι
2336 2001 2446 2056 τῶν
2475 2001 2682 2074 μισρῶν
2723 2001 2816 2056 τὸν
2848 2003 3009 2056 πόνον
3050 2004 3152 2056 οὐκ
3183 2002 3515 2075 ἀναδύομαι,
3546 2004 3775 2074 ἐμαυτῴ

2187 2111 2247 2153 τε
2287 2093 2592 2165 ἡγούμενος
2636 2094 2917 2165 ἔγκαρπον
2952 2096 3045 2150 τὸν
3077 2095 3234 2163 λόγον
3278 2095 3518 2159 ἔσεσθαι,
3551 2098 3666 2160 τοῖς
3707 2108 3774 2150 τε

2187 2186 2447 2241 ἀκούουσι
2472 2186 2671 2258 διαρκῆ
2699 2187 2801 2258 τὴν
2828 2187 3095 2256 ὠφέλειαν
3122 2186 3405 2259 ὑπάρξειν.
3438 2187 3639 2259 Διόπερ
3665 2189 3775 2259 ἤδη

2189 2278 2287 2331 σὺν
2312 2276 2463 2347 αὐτῷ
2490 2294 2577 2346 γε,
2606 2278 2770 2347 φάναι
2800 2277 2937 2349 (30),
2969 2277 3048 2349 τῷ
3079 2277 3220 2349 ἁγίῳ
3244 2278 3523 2349 Πνεύματι
3554 2277 3779 2348 βαδιοῑμ

2190 2385 2290 2440 μαι
2331 2368 2468 2440 πρὸς
2497 2368 2596 2440 τὴν
2633 2368 2914 2441 ἐξήγησιν.
2958 2370 3068 2423 Καὶ
3106 2372 3156 2423 εί
3196 2369 3377 2440 βούλει
3406 2369 3547 2424 ὥστε
3583 2386 3651 2441 με
3691 2372 3781 2433 εἰς

2186 2461 2305 2515 ὁδὸν
2356 2460 2696 2530 καταστῆναι
2734 2459 2829 2513 τοῦ
2868 2458 3049 2529 λόγου,
3100 2459 3298 2531 μικρὸν
3331 2460 3425 2512 ἐπὶ
3463 2460 3563 2531 τὴν
3596 2458 3783 2531 ἀρχὴν

2187 2551 2283 2607 τοῦ
2318 2551 2706 2624 προϐλήματος
2740 2551 3067 2624 ὑποστρέφω
3101 2551 3236 2623 (51).

495 2674 754 2730 magnum
802 2657 1041 2714 fructum
1086 2656 1400 2711 allaturum.
1430 2653 1777 2725 Quapropter
1813 2666 1939 2706 cum
1971 2651 2092 2721 ipso
2123 2649 2236 2721 jam
2267 2647 2584 2719 (dicendum
2612 2649 2755 2701 enim
2802 2647 2908 2718 est)
2972 2655 3166 2701 sancto
3200 2645 3407 2718 Spiritu
3448 2646 3517 2702 ad
3585 2645 3785 2718 expla-

498 2754 782 2808 nationem
814 2750 1093 2807 accedam.
1123 2748 1191 2804 Et
1218 2748 1270 2806 si
1300 2748 1384 2803 vis
1411 2754 1471 2803 ut
1493 2762 1581 2803 me
1603 2747 1661 2801 in
1688 2744 2085 2816 disputationis
2120 2744 2265 2799 viam
2300 2742 2583 2808 inducam,
2641 2740 2711 2795 ad
2741 2740 2909 2810 hujus
2950 2739 3271 2811 quaestionis
3309 2739 3573 2810 originem
3634 2752 3783 2808 pau-

496 2846 669 2917 lisper
695 2846 982 2901 divertam.

567 2942 622 2996 5.
658 2938 843 3009 Nuper
884 2937 1131 3008 precanti
1182 2936 1319 2991 mihi
1353 2950 1479 2990 cum
1510 2933 1735 3006 populo,
1774 2940 1831 2988 et
1856 2940 2088 3003 utroque

2264 2929 2318 2985 ὅ.
2361 2925 2793 3000 Προσευχομένῳ
2836 2942 2925 2997 μοι
2952 2924 3145 2997 πρώην
3180 2924 3320 2995 μετά
3346 2924 3442 2978 τοῦ
3482 2925 3634 2992 λαοῦ,
3675 2928 3778 2982 καὶ

495 3032 663 3088 modo
699 3008 1154 3103 glroritlcationem
1203 3028 1509 3085 absolventi
1551 3027 1662 3084 Deo
1701 3041 1766 3082 ac
1792 3026 1965 3092 Patri,
1996 3027 2077 3081 in-

2188 3022 2516 3094 ἀμφοτέρως
2564 3021 2665 3091 τὴν
2714 3008 3025 3088 δοξολογίαν
3062 3020 3481 3091 ἀποπληροῦντι
3520 3020 3601 3092 τῷ
3649 3021 3779 3092 Θεῷ

496 3124 714 3181 terdiim
762 3136 889 3175 cum
938 3119 1076 3175 Filio
1102 3134 1210 3175 una
1239 3134 1365 3174 cum
1397 3125 1592 3174 sancto
1631 3116 1863 3189 Spiritu,
1910 3118 2076 3172 inter-

494 3218 628 3274 dum
661 3229 756 3285 per
793 3213 992 3269 Filium
1032 3214 1087 3268 in
1132 3220 1326 3269 sancto
1369 3211 1619 3283 Spiritu;
1650 3212 1872 3282 quidam
1909 3227 1977 3266 ex
2010 3211 2080 3268 iis

494 3308 591 3379 qui
622 3308 872 3371 aderant,
904 3306 1115 3361 crimen
1147 3304 1524 3371 intenderunt,
1553 3306 1800 3360 dicentes
1831 3321 1932 3361 nos
1965 3319 2078 3360 non

494 3404 661 3459 modo
683 3402 985 3475 peregrinis
1015 3416 1079 3457 ac
1110 3405 1278 3459 .novis
1310 3402 1391 3457 uti
1417 3403 1663 3465 vocibus,
1689 3418 1880 3457 verum
1907 3404 2075 3459 etiam

495 3496 645 3552 inter
685 3511 746 3552 se
786 3495 1177 3566 pugnantibus.
1228 3493 1310 3549 Tu
1359 3509 1522 3564 porro
1565 3495 1803 3549 maxime
1855 3494 2076 3549 illorum

494 3587 722 3643 utilitati
762 3586 1077 3652 consulens,
1113 3594 1208 3640 aut
1251 3586 1297 3640 si
1327 3600 1555 3656 prorsus
1593 3585 1697 3655 ipsi
1739 3584 2076 3640 insanabiles

492 3681 628 3747 sint,
659 3687 841 3763 tamen
875 3685 1098 3749 propter
1134 3692 1349 3742 eorum,
1376 3678 1470 3748 qui
1503 3678 1556 3731 in
1595 3677 1864 3746 ejusmodi
1903 3677 2081 3731 homi-

493 3793 594 3834 nes
655 3775 927 3841 incidunt,
980 3778 1355 3840 securitatem,
1412 3775 1700 3846 postulasti
1759 3775 2075 3847 quampiam

492 3868 793 3925 dilucidam
819 3867 1127 3923 doctrinam
1149 3868 1217 3922 ile
1247 3867 1299 3921 vi
1329 3866 1527 3921 harum
1559 3865 1893 3938 syllabarum
1924 3865 2077 3921 evul-

492 3960 630 4032 gari.
658 3958 777 4013 Jam
808 3959 974 4028 igitur
999 3957 1157 4013 nobis
1179 3957 1415 4011 breviter
1435 3954 1729 4011 dicendum
1756 3963 1862 4022 est,
1897 3971 2079 4026 quan-

494 4061 610 4104 tum
635 4051 871 4106 orationi
923 4058 1104 4103 ratum
1148 4048 1427 4119 quoddam
1457 4056 1513 4102 et
1540 4048 1881 4119 exploratum
1919 4048 2077 4119 prin-

492 4143 699 4213 cipium
731 4140 1061 4213 ponentibus
1089 4140 1202 4195 ﬁeri
1234 4147 1434 4211 potest.

2185 3114 2282 3167 καὶ
2306 3112 2503 3183 Πατρὶ,
2531 3111 2627 3164 νῦν
2665 3110 2764 3180 μὲν
2806 3109 2944 3180 μετά
2969 3109 3064 3162 τοῦ
3097 3109 3225 3163 Υίοῦ
3257 3110 3353 3162 σὺν
3386 3110 3465 3181 τῷ
3491 3109 3780 3181 Πνεύματι

2183 3205 2263 3277 τῷ
2290 3204 2451 3276 ἁγίῳ,
2484 3203 2581 3257 νῦν
2614 3203 2671 3255 δὲ
2709 3203 2798 3256 διὰ
2826 3201 2918 3255 τοῦ
2943 3201 3075 3254 Υίοῦ
3104 3203 3162 3254 ὲν
3185 3202 3265 3272 τῷ
3291 3202 3403 3273 (32)
3429 3202 3569 3273 ἀγίῳ
3598 3201 3785 3257 Πνεῦ-

2188 3313 2351 3367 ματι,
2392 3294 2712 3365 ὲπέσκηψάν
2749 3306 2896 3356 τινες
2931 3290 3042 3344 τῶν
3077 3292 3380 3363 παρόντων,
3432 3291 3784 3358 ξενιζούσαις

2185 3389 2334 3460 ἡμᾶς
2364 3389 2567 3456 φωναῖς
2607 3385 2906 3458 κεχρῆσθαι
2929 3386 3200 3455 λέγοντες,
3232 3385 3328 3438 καὶ
3357 3384 3473 3454 ἅμα
3499 3386 3638 3456 πρὸς
3677 3383 3782 3438 ἀλ-

2184 3480 2353 3553 λήλας
2379 3481 2721 3544 ὑπεναντίως
2753 3479 3029 3551 ἐχούσαις.
3073 3479 3145 3532 Σὺ
3182 3478 3237 3532 δὲ
3270 3477 3504 3549 μάλιστα
3537 3476 3636 3548 μὲν
3666 3476 3781 3546 τῆς

2185 3572 2366 3627 αὐτῶν
2434 3572 2661 3626 ἐκείνων
2723 3571 2910 3626 ῑνεκεν
2976 3570 3265 3639 ὠφελείας,
3321 3571 3371 3623 εί
3420 3569 3479 3623 δὲ
3530 3569 3779 3634 ἀνιάτως

2185 3665 2368 3736 ἔχουσι
2398 3665 2701 3731 παντελῶς,
2742 3664 2830 3719 διά
2858 3664 2920 3717 τὸ
2948 3665 3060 3718 τῶν
3101 3662 3538 3734 ἐντυγχανόντων
3578 3663 3777 3727 αὐτοῖς

2179 3759 2420 3828 ἀσφαλὲς
2461 3758 2704 3828 ἠξίωσάς
2758 3774 2884 3810 τινα
2939 3756 3168 3828 εὐκρινῆ
3214 3756 3344 3826 περὶ
3384 3755 3482 3825 τῆς
3532 3754 3592 3807 ὲν
3645 3755 3780 3819 ταῖς

2180 3843 2472 3906 συλλαϐαῖς
2521 3842 2749 3905 ταύταις
2785 3841 3070 3912 δυνάμεως
3120 3840 3472 3894 διδασκαλίαν
3509 3841 3779 3910 ἐκφωνη-

2177 3935 2357 4007 θῆναι.
2386 3935 2617 3989 Λεκτέον
2639 3935 2705 4006 δὴ
2730 3929 2824 3988 οὖν
2852 3936 2987 4005 ἡμῖν
3013 3933 3102 3986 διὰ
3141 3932 3411 4004 βραχέων,
3439 3934 3517 3996 ὡς
3550 3925 3665 3984 οἷόν
3702 3942 3777 3984 τι

2176 4030 2352 4102 ἀρχήν
2371 4047 2494 4085 τινα.
2519 4028 2960 4101 ὁμολογουμένην
2991 4025 3069 4098 τῷ
3094 4027 3241 4099 λόγῳ
3279 4026 3528 4089 διδόντας
3555 4025 3695 4098 (55).

564 4258 610 4290 ⁸⁷
658 4256 849 4312 Matth.
881 4275 935 4324 v,
969 4257 1056 4314 l8.
1131 4257 1177 4291 ⁸⁸
1232 4258 1420 4313 Matth.
1454 4272 1579 4327 xm,
1605 4257 1694 4325 51,
1729 4257 1819 4315 52.
1901 4259 1945 4292 ⁸⁸
1992 4257 2077 4313 Ps:

2188 4273 2367 4321 ειγιιι,
2397 4259 2487 4314 85.

588 4413 681 4470 28)
698 4412 853 4467 Αὐτὸ

564 4413 891 4493 (28)Αὐςὸς
921 4413 1058 4536 μέν.
1091 4414 1227 4483 Reg.
1257 4413 1453 4468 tertius
1490 4413 1656 4494 αὐτὸς
1694 4413 1794 4483 μὲν
1821 4413 2073 4496 ἀνωφελῆ

491 4486 707 4556 καρπὸν
729 4501 823 4556 του
861 4501 925 4553 γε
957 4484 1079 4556 οίου
1106 4482 1407 4554 δρεπέσθω.
1443 4482 1669 4556 Videtur
1715 4483 2073 4556 Erasmusita

494 4552 694 4625 legisse
718 4570 733 4619 ;
774 4555 855 4608 sic
876 4552 1050 4625 enim
1070 4552 1462 4623 interpretatur
1487 4572 1499 4607 :
1526 4553 1644 4622 Ipse
1673 4552 1881 4625 quidem
1900 4554 2074 4624 infru-

490 4623 720 4697 gi’ferum
750 4625 888 4697 risus
918 4625 1000 4679 sui
1024 4623 1465 4697 [ructuiiiinetah

563 4695 675 4766 (29)
707 4692 1232 4766 Συνδιερευνῶνξτι.
1267 4692 1380 4748 Huc
1413 4709 1548 4749 voce
1581 4694 1817 4766 Basilius
1843 4710 1952 4749 nou
1974 4694 2071 4750 ad-

488 4764 726 4834 iutorem
765 4772 819 4834 et
851 4764 1061 4818 socium
1109 4764 1343 4834 aliquem
1376 4766 1559 4833 operis
1589 4764 1861 4834 designat,
1889 4774 1947 4819 ut
1972 4782 2067 4820 su-

493 4833 738 4905 spicatur
772 4833 1175 4905 Tillcmontius,
1202 4833 1296 4888 Sed
1326 4835 1583 4889 lectorem
1617 4833 1947 4903 studiosum,
1978 4836 2065 4890 id—

493 4903 791 4976 quepaulo
816 4915 944 4976 post
962 4903 1206 4976 declarat
1236 4907 1499 4976 apertius.

565 4971 677 5057 (50)
713 4971 837 5028 Σὺῦ
864 4971 1151 5057 onagris,
1183 4971 1400 5057 φᾴγᾳι,
1426 4975 1517 5029 Sic
1556 4974 1737 5057 reddit
1770 4973 2064 5057 Erasmus,

492 5043 612 5099 cum
646 5043 782 5114 ipso,
818 5055 878 5099 ut
904 5046 981 5098 ita
1000 5043 1201 5109 dicam,
1234 5043 1470 5114 Spiritu;
1495 5048 1651 5115 quasi
1676 5056 1943 5100 metueret
1969 5047 2067 5101 Ba-

492 5116 651 5171 silius
684 5132 752 5169 ne
786 5117 947 5185 paulo
985 5115 1247 5170 audacior
1291 5117 1405 5170 hinc
1450 5117 1706 5185 loquendi
1740 5117 1880 5170 ratio
1911 5116 2065 5170 vide-

494 5194 661 5241 retur.
697 5184 827 5240 Visa
869 5193 956 5241 est
982 5186 1313 5241 Combetisio
1342 5186 1490 5240 rudis
1524 5184 1749 5239 ’Erasmi
1773 5188 2064 5254 expressio,

493 5270 556 5326 ac
593 5257 724 5309 illud
757 5254 920 5326 φάναι
953 5255 1007 5309 iii
1045 5255 1312 5325 ejusmodi
1348 5257 1481 5311 locis
1508 5272 1698 5326 vacare
1728 5257 2064 5324 pronuntiat.

492 5323 598 5381 Sed
624 5323 795 5381 multo
839 5327 1021 5381 minus
1054 5323 1184 5380 inihi
1227 5327 1492 5396 probatur
1524 5323 1837 5396 Combelisii
1880 5330 2067 5380 obser-

492 5398 658 5461 vatio‘,
682 5411 846 5466 quam
878 5397 1053 5465 ipsius
1086 5395 1461 5465 interpretatio
1500 5395 1734 5451 Erasuii.
1770 5395 1889 5450 Non
1917 5397 2064 5450 enim

489 5469 665 5521 Otiose
694 5469 931 5535 positum
959 5482 1104 5530 esse,
1148 5478 1201 5521 et
1243 5482 1353 5536 quo
1379 5483 1543 5522 sensu
1580 5466 1958 5536 accipiendum
1989 5466 2064 5521 sit

490 5536 635 5606 illud
657 5537 821 5604 φάναι
852 5537 1087 5606 perspici
1122 5535 1299 5605 potest
1328 5552 1392 5591 ex
1428 5538 1563 5591 libro
1587 5535 1831 5592 secundo
1872 5535 2061 5590 adver-

489 5623 579 5688 sus
617 5605 1049 5688 Euiwiiiiuint’p.
1079 5606 1209 5688 23¢},
1246 5607 1339 5688 ubi
1384 5606 1619 5662 Basilius
1645 5607 1879 5688 dillicilis
1910 5609 2061 5688 Scri-

490 5687 661 5747 ptura:
712 5677 1009 5733 testimonii
1059 5677 1477 5748 explicationem
1540 5680 1889 5749 promittens,
1942 5677 2057 5733 hanc

969 4412 1058 4487 ἐν.
1091 4414 1227 4487 Reg.
1257 4412 1656 4487 tertius_o_ii1bc
1694 4412 1794 4487 μὲν
1821 4412 2073 4487 ἀνωφελῆ

2188 4414 2493 4487 ηῃιριδροιιίι,
2526 4414 2624 4487 συν
2656 4413 2795 4487 Θεῷμ
2822 4414 2868 4467 δ’
2899 4414 3163 4486 εἰρήσθω,
3207 4413 3345 4487 quod
3375 4414 3583 4487 quidem
3640 4429 3775 4470 cum

2184 4483 2288 4539 Dea
2320 4485 2523 4557 dictum
2550 4486 2653 4557 sit.
2674 4483 2886 4551 Quibus
2919 4483 3104 4557 verbis
3139 4483 3543 4557 signiﬁcantius
3573 4497 3777 4541 monet

2180 4571 2240 4611 se
2271 4570 2379 4609 non
2415 4556 2531 4610 suis
2561 4556 2789 4619 viribus,
2833 4557 2927 4611 sed
2971 4555 3062 4609 Dei
3111 4555 3318 4611 auiilio
3367 4556 3666 4610 conlidere.
3704 4558 3775 4612 Si

2177 4626 2304 4694 quis
2343 4633 2523 4680 autem
2569 4628 2824 4681 observet
2877 4626 3004 4680 inde
3047 4634 3231 4680 natam
3265 4626 3390 4681 libri
3426 4625 3503 4679 De
3546 4625 3771 4692 Spiritu

2176 4706 2360 4749 sancto
2392 4696 2668 4750 scribendi
2697 4696 3044 4751 occasionem
3077 4696 3268 4759 fuisse.
3307 4696 3453 4766 quod
3482 4694 3773 4766 Piieuma-

2175 4766 2417 4820 tomachi
2461 4767 2620 4820 tiiriis
2667 4767 3031 4826 exarsissent.
3068 4783 3194 4821 cum
3240 4763 3477 4822 Basilius
3519 4763 3675 4819 Patri
3707 4778 3773 4821 et

2172 4833 2312 4890 Filio
2338 4851 2462 4890 cum
2493 4834 2702 4905 Spiritu
2731 4846 2924 4891 sancto
2946 4837 3179 4907 gloriam
3213 4835 3576 4907 redileret;‘is
3597 4835 3777 4907 facile

2174 4907 2469 4976 perspiciet
2496 4922 2604 4960 non
2638 4908 2758 4960 sine
2785 4905 3240 4962 causa'Basilium
3278 4906 3411 4961 illud
3452 4905 3616 4976 φάναι
3650 4905 3767 4961 ad-

2172 4979 2322 5038 dere,
2357 4976 2451 5030 sed
2480 4986 2539 5030 ut
2571 4976 2774 5031 indicet
2795 4977 2903 5031 sibi
2931 4979 3374 5033 adversariorum
3404 4977 3584 5030 minas
3612 4980 3771 5032 tanti

2172 5061 2283 5100 non
2327 5061 2470 5110 esse,
2507 5055 2566 5100 ut
2599 5048 2741 5102 hanc
2783 5047 3035 5116 loquendi
3077 5048 3368 5110 rationem,
3403 5062 3523 5100 cum
3566 5057 3770 5100 sancto

2172 5116 2403 5185 Spiritu,
2441 5131 2606 5185 quam
2642 5118 2697 5170 iii
2725 5125 2842 5171 toto
2875 5117 2980 5171 hoc
3011 5118 3151 5171 libro
3181 5116 3446 5182 defendit,
3481 5130 3770 5185 usurpare

2174 5188 2413 5241 desinat.
2468 5187 2757 5242 Basilianis
2808 5202 2940 5256 ergo
2994 5189 3281 5242 sententia:
3318 5202 3537 5242 nervos
3596 5188 3772 5241 elidit

2172 5258 2554 5328 (Jombetisius,
2585 5273 2712 5311 cuni
2749 5258 2825 5310 ita
2870 5257 3365 5319 reddeiidumqesse
3405 5258 3767 5328 pronuntiat,

2171 5327 2286 5398 ipso
2316 5325 2528 5398 Spiritu
2552 5329 2756 5398 [arente
2785 5328 3008 5398 beneque
3042 5329 3290 5398 propitio.

2243 5395 2369 5467 (5t)
2409 5395 2823 5467 Ὑποστρέψω.
2851 5395 2943 5451 Sic
2972 5395 3097 5453 libri
3141 5395 3385 5454 veteres.
3429 5395 3576 5450 Editi
3630 5396 3771 5450 sm-

2171 5466 2407 5540 στρέιιρω.
2430 5466 2634 5540 Ibidem
2663 5467 2798 5536 Reg.
2827 5478 3059 5537 quartus
3088 5468 3509 5540 προσευχομένῳ
3528 5484 3619 5538 μοι
3643 5468 3769 5522 πά·-

2168 5536 2279 5601 λαι,
2304 5536 2383 5590 me
2413 5537 2682 5608 quondam
2702 5536 2966 5606 precante.
2995 5607 3000 5608 ί
3064 5588 3073 5597 .

2262 5608 2352 5677 52)
2390 5607 2493 5662 Ἑν
2517 5607 2619 5674 τῷ.
2639 5609 2918 5663 Articulus
2939 5607 3247 5677 additusex
3276 5623 3412 5663 mss.
3441 5608 3767 5664 codicibus.

2262 5609 2352 5677 52)
2390 5610 2493 5662 Ἐν
2517 5609 2619 5674 τῷ.
2639 5609 2918 5663 Articulus
2939 5609 3158 5663 additus
3180 5622 3247 5662 ex
3276 5623 3412 5663 mss.
3441 5609 3767 5664 codicibus.

2238 5609 2351 5751 255)
2381 5678 2687 5745 Διδόντας.
2729 5677 2845 5735 Duo
2893 5679 3112 5736 codices
3154 5676 3306 5747 Regii
3348 5677 3551 5740 δοῦσιν,
3597 5678 3767 5737 quod
