3900 6212
510 321 586 380 75
1893 321 1950 376 S.
1991 321 2238 382 BASlLll
2279 323 2495 379 MAGNI
3670 328 3728 383 76

1112 436 1338 494 CAPUT
1384 435 1471 491 Ill.

517 551 564 605 Ε
588 551 856 606 mundana
896 551 1227 623 philosophia
1260 563 1440 606 natam
1477 569 1588 607 esse
1639 551 1702 606 de
1751 553 1973 623 syllabis
2001 571 2089 608 so-

936 622 1213 688 phisticam
1245 623 1674 692 disputationem.

587 713 642 768 5.
675 712 892 802 lpduxit
941 730 1106 784 porro
1157 715 1306 783 ipsos
1342 715 1397 768 in
1440 715 1583 769 hunc
1622 730 1864 772 errorem
1905 726 2087 773 exter-

515 819 711 858 norum
759 819 978 874 quoque
1023 805 1354 874 scriptorum
1403 806 1734 872 observatio,
1765 809 1855 877 qui
1901 825 2085 874 voces,

509 912 574 950 ea:
617 913 719 966 quo
763 903 817 951 et
847 913 937 965 per
978 913 1148 966 quem,
1186 897 1350 952 rebus
1395 907 1590 952 natura
1620 900 1887 966 separatis
1932 901 2090 953 attri-

511 989 768 1042 buerunt.
800 987 1077 1058 Siquidem
1117 989 1192 1042 illi
1229 997 1422 1056 putant
1464 989 1548 1043 his
1589 991 1832 1054 vocibus,
1873 1007 1938 1044 ea:
1965 1007 2086 1060 quo,

510 1078 809 1150 signiﬁcari
855 1080 1180 1146 materiam;
1235 1081 1320 1135 his
1356 1096 1503 1144 vero,
1547 1096 1638 1150 per
1677 1098 1850 1152 quem,
1885 1083 2089 1136 instru-

504 1180 754 1226 mentum
797 1171 1096 1242 designari,
1152 1173 1202 1243 5
1268 1183 1360 1227 aut
1421 1189 1650 1244 prorsus
1698 1175 2084 1232 ministerium.

510 1261 609 1316 1Vel
649 1265 832 1334 potius
867 1264 1020 1334 (quid
1047 1266 1191 1318 enim
1221 1272 1388 1326 vetat,
1434 1275 1546 1318 tota
1580 1265 1797 1319 illorum
1840 1265 2087 1320 doctrina

512 1355 762 1423 repetita,
803 1355 990 1424 paucis
1037 1371 1288 1426 arguere,
1329 1364 1384 1411 et
1421 1371 1582 1426 quam
1610 1357 1699 1411 isti
1730 1357 1978 1412 homines
2003 1357 2089 1412 di-

508 1454 638 1499 cant
671 1461 698 1498 a
734 1461 860 1500 vero
889 1446 1218 1502 dissidentia
1249 1455 1301 1501 et
1332 1462 1494 1516 quam
1537 1447 1638 1516 ipsi
1683 1464 1792 1502 non
1830 1456 2088 1504 constent

511 1537 707 1608 sibi?)
757 1538 850 1607 qui
905 1538 1054 1592 inaui
1109 1538 1468 1609 philosophia:
1522 1537 1793 1592 dederunt
1829 1554 2081 1610 operam,

507 1627 636 1682 dum
662 1629 1013 1684 multifariam
1047 1638 1326 1700 exponunt
1349 1644 1529 1684 causa:
1555 1638 1824 1692 naturam,
1858 1647 2086 1702 eamque

499 1723 562 1777 in
614 1723 835 1794 propria
877 1722 1182 1794 signiﬁcata
1228 1722 1503 1786 dividunt,
1562 1722 1697 1777 alias
1753 1724 1907 1777 aiunt
1961 1740 2085 1781 esse

2116 446 2163 500 Α

2715 441 2756 492 Κ
2769 441 3107 494 ΕΦΑΛΑΙΟΝ
3160 442 3229 494 Γ.

2194 555 2320 606 Ὀτι
2365 553 2432 606 ἐκ
2463 552 2573 621 τῆς
2593 553 2829 624 ἔξωθεν*
2849 552 2959 622 (59)
2987 556 3207 622 σοφίας
3232 556 3270 622 ἠ
3297 555 3428 624 περὶ
3461 554 3570 608 τῶν
3593 555 3726 610 συλ-

2678 622 2878 675 λαϐῶν
2898 625 3268 694 τεχνολογία.

2261 712 2312 766 5.
2366 712 2708 784 ’Υπηγάγετο
2757 715 2940 787 μέντοι
2978 716 3174 779 αὐτοὺς
3221 715 3356 787 πρὸς
3397 714 3493 785 τὴν
3537 716 3728 786 ἀπάτην

2189 803 2390 874 ταύτην
2421 806 2514 858 καὶ
2541 808 2574 876 ή
2602 806 2709 859 τῶν
2739 805 2937 871 ἔξωθεν
2964 808 3365 878 παρατήρησις,
3389 806 3439 860 οἳ
3463 808 3539 871 τὸ,
3559 807 3619 872 ἐξ
3640 803 3726 872 οὗ,

2189 895 2388 959 καὶτὸ,
2421 895 2496 949 δι’
2532 893 2627 964 οὗ,
2663 898 3085 968 κεχωρισμένοις
3118 897 3260 950 κατά
3297 897 3392 968 τὴν
3429 897 3579 967 φύσιν
3607 900 3733 970 πρά-

2188 1002 2360 1056 γμασι
2413 988 2850 1059 προσδιένειμαν.
2915 989 3139 1041 Ἐκεῖνοι
3184 987 3293 1058 γὰρ
3335 987 3532 1043 οἴονται
3560 989 3612 1041 τὸ
3643 989 3733 1059 μὲν

2186 1079 2255 1142 ἐξ
2271 1074 2342 1134 οὗ
2369 1078 2464 1150 τὴν
2483 1078 2614 1150 ὕλην
2645 1079 2858 1150 δηλοῦν,
2887 1080 2947 1132 τὸ
2974 1079 3031 1132 δέ
3062 1079 3136 1133 δι’
3163 1076 3234 1135 οὗ
3265 1080 3327 1133 τὸ
3357 1080 3577 1152 ὄργανον
3603 1098 3732 1152 παρ-

2191 1170 2362 1238 ιστᾷν,
2396 1169 2428 1239 ἢ
2468 1168 2602 1231 ὅλως
2644 1170 2742 1238 τὴν
2781 1170 3100 1238 ὑπουργίαν.
3137 1169 3352 1223 Μᾶλλον
3400 1169 3457 1223 δὲ
3507 1170 3604 1242 (τί.
3635 1172 3734 1241 γάρ

2187 1258 2404 1322 κωλύει,
2437 1261 2615 1312 πάντα
2637 1259 2730 1313 τὸν
2762 1259 2984 1312 ἐκείνων
3012 1259 3166 1328 λόγον
3193 1259 3573 1324 ἀναλαϐόντας,
3602 1261 3657 1313 τό
3679 1278 3735 1313 τε

2186 1349 2322 1420 πρὸς
2345 1349 2442 1420 τὴν
2471 1349 2729 1420 ἀλήθειαν
2755 1351 3125 1422 ἀσυνάρτητον
3152 1351 3246 1402 καὶ
3272 1350 3333 1402 τὸ
3354 1350 3489 1420 πρὸς
3517 1349 3734 1413 ἐκείνους

2185 1443 2380 1505 αὐτοὺς
2409 1442 2519 1513 (40)
2553 1441 2880 1513 ἀσύμφωνον
2915 1442 3021 1495 τῶν
3067 1442 3274 1513 ἀνδρῶν
3305 1441 3506 1495 τούτων
3537 1441 3588 1493 ἐν
3615 1439 3736 1512 βρα-

2183 1537 2270 1603 χεῖ
2294 1533 2560 1602 διελέγξαι
2582 1551 2596 1600 ;
2617 1534 2635 1605 )
2663 1536 2712 1588 οἳ
2734 1534 2861 1606 περὶ
2890 1534 2988 1604 τὴν
3015 1533 3246 1604 ματαίαν
3270 1532 3574 1602 φιλοσοφίαν
3590 1532 3734 1602 ἐσχο-

2183 1625 2426 1692 λακότες,
2453 1627 2544 1680 τοῦ
2575 1627 2748 1680 αἰτίου
2772 1627 2869 1699 τὴν
2897 1626 3056 1695 φύσιν
3081 1624 3362 1695 πολλαχῶς
3382 1621 3735 1695 ἐξηγούμενοι,

2184 1719 2276 1772 καί
2302 1717 2461 1771 τοῦτο
2494 1721 2573 1782 είς
2597 1718 2665 1772 τὰ
2697 1721 2872 1772 οἰκεῖα
2903 1718 3274 1788 σημαινόμενα
3302 1715 3642 1787 διαιροῦντες,
3673 1715 3739 1768 τὰ

505 1831 705 1870 causas
737 1815 1086 1886 principales,
1123 1816 1258 1870 alias
1287 1825 1668 1886 cooperantes,
1709 1828 1802 1869 aut
1836 1833 2075 1873 concau-

2186 1810 2284 1888 μὲν
2341 1810 2788 1882 προκαταρκτικά
2832 1809 3047 1877 λέγουσι
3081 1809 3188 1861 τῶν
3249 1809 3438 1861 αἰτίων
3493 1803 3640 1872 εἶναι,
3673 1809 3740 1860 τὰ

505 1907 670 1970 sales,
717 1906 854 1960 alias
909 1913 1088 1960 autem
1134 1905 1281 1960 hanc
1333 1908 1600 1960 rationem
1631 1906 1831 1962 habere
1873 1917 1933 1962 ut
1964 1909 2082 1966 sine

503 1997 572 2051 iis
608 1995 744 2050 nihil
778 1994 1062 2051 efﬁciatur.
1103 1995 1278 2065 Atque
1302 1996 1495 2050 harum
1525 1996 1724 2066 cuique
1750 1998 2078 2066 peculiarem

500 2088 663 2141 etiam
693 2088 999 2142 attribuunt
1020 2088 1435 2158 appellationem
1455 2128 1468 2151 ,
1496 2087 1568 2140 ita
1596 2097 1656 2142 ut
1689 2089 1846 2143 aliter
1875 2091 2077 2159 opifex,

501 2180 660 2234 aliter
736 2179 1158 2234 instrumentum
1228 2177 1590 2250 signiﬁcetur.
1681 2179 1816 2234 Nam
1898 2181 2078 2251 epilici

500 2284 806 2342 congruere
853 2269 1171 2324 existimant
1235 2268 1389 2333 illud,
1457 2287 1490 2322 a
1539 2285 1691 2339 quo;
1741 2270 1896 2324 aiunt
1932 2271 2077 2325 enim

500 2362 724 2434 proprie
769 2361 900 2426 dici,
942 2376 972 2414 a
1025 2360 1179 2416 fabro
1216 2360 1418 2416 factum
1454 2361 1622 2417 fuisse
1656 2377 1939 2418 scamnum
1977 2382 1990 2418 :
2023 2371 2078 2416 at

500 2457 872 2510 instrumento
917 2454 1214 2509 con-venire
1263 2454 1430 2518 illud,
1482 2471 1574 2524 per
1620 2471 1825 2525 quem;
1887 2457 2079 2511 dicunt

497 2547 672 2607 enim,
704 2561 802 2616 per
833 2546 1068 2600 securim
1113 2552 1167 2599 et
1201 2545 1519 2600 terebellum
1556 2554 1610 2600 et
1649 2547 1877 2618 reliqua.
1909 2545 2075 2602 Simi-

496 2639 624 2692 liter
657 2636 798 2690 hanc
827 2636 1172 2708 particulam,
1198 2651 1262 2690 ea:
1293 2653 1415 2706 quo,
1447 2635 1526 2691 illi
1558 2636 1764 2692 faciunt
1799 2640 2075 2709 propriam

498 2728 784 2795 materiae;
837 2728 1107 2799 siquidem
1151 2742 1182 2782 e
1229 2728 1458 2784 materia
1490 2729 1550 2783 ﬁt
1574 2731 1873 2800 opiﬁcium.
1903 2730 2075 2788 Porro

498 2816 849 2888 particulam,
893 2816 1058 2886 juxta
1109 2817 1270 2887 quod,
1316 2826 1512 2888 putant
1541 2821 1854 2890 signiﬁcare
1879 2837 2076 2879 conce-

499 2916 655 2977 ptum
720 2907 944 2974 animo,
999 2907 1084 2962 vel
1137 2909 1482 2965 extrinsecus
1543 2910 1820 2982 objectum
1877 2913 2073 2968 artiﬁci

502 2997 800 3068 exemplar.
840 2995 938 3052 Vel
971 2997 1116 3052 enim
1146 2999 1298 3068 prius
1326 3001 1653 3070 cogitatione
1692 3003 1801 3058 sibi
1831 3001 2075 3074 depingit

499 3087 555 3140 id
586 3087 734 3157 quod
774 3086 956 3143 facere
999 3088 1256 3154 destinat,
1296 3097 1349 3144 et
1379 3091 1458 3145 sic
1487 3092 1632 3161 quod
1663 3093 1846 3148 animo
1875 3109 2067 3148 conce-

497 3179 596 3248 pit,
621 3178 685 3232 ad
712 3193 851 3248 opus
881 3179 1130 3248 perducit
1165 3196 1177 3232 :
1209 3180 1292 3234 vel
1316 3181 1384 3234 ad
1406 3181 1694 3251 exemplar
1721 3183 1834 3252 jam
1865 3184 2072 3239 editum

497 3270 838 3339 respiciens,
897 3271 966 3325 ad
1025 3271 1174 3327 illius
1219 3272 1633 3328 similitudinem
1697 3276 2073 3346 operationem

498 3363 712 3433 dirigit.
739 3361 893 3417 Hanc
931 3377 1112 3420 autem
1146 3366 1494 3435 particulam,
1535 3375 1746 3436 propter
1779 3368 1941 3438 quod,
1978 3385 2075 3425 vo-

497 3455 619 3508 lunt
642 3463 953 3526 competere
992 3456 1129 3520 ﬁni;
1165 3470 1449 3510 scamnum
1503 3457 1647 3511 enim
1697 3473 1822 3514 esse
1871 3461 2074 3515 factum

497 3551 564 3602 ad
617 3565 777 3605 usum
824 3549 1126 3604 hominum.
1177 3549 1423 3619 Denique
1462 3550 1548 3605 bis
1593 3550 1796 3617 verbis,
1846 3552 1900 3606 in
1951 3570 2074 3624 quo,

497 3650 716 3711 tempus
749 3648 844 3695 aut
876 3641 1056 3695 locum
1098 3639 1354 3694 indicari.
1396 3638 1629 3706 Quando
1680 3641 1826 3696 enim
1870 3642 2074 3698 factum

495 3731 623 3787 est?
652 3732 708 3786 in
744 3732 837 3785 tali
871 3739 1134 3801 tempore.
1180 3729 1285 3785 Ubi
1314 3729 1517 3785 factum
1549 3731 1680 3786 est?
1716 3732 1772 3786 in
1803 3733 1898 3786 tali
1929 3734 2070 3790 loco.

495 3821 623 3878 llaec
654 3831 836 3878 autem
868 3824 1084 3878 tametsi
1133 3823 1268 3877 nihil
1296 3822 1585 3878 conferunt
1618 3823 1686 3878 ad
1734 3824 1787 3878 id
1819 3826 1964 3895 quod
1993 3826 2072 3891 ﬁt,

409 3969 416 3975 _
497 3923 678 3969 tamen
713 3914 920 3984 absque
970 3914 1056 3969 his
1103 3914 1238 3968 nihil
1293 3922 1474 3984 potest
1516 3912 1654 3969 ﬁeri.
1709 3913 2073 3985 Operantibus

494 4005 639 4058 enim
690 4014 744 4059 et
800 4006 924 4060 loco
967 4013 1022 4059 et
1061 4011 1307 4074 tempore
1347 4019 1486 4075 opus
1516 4013 1620 4061 est.
1655 4004 1768 4061 Has
1814 4007 2070 4062 observa-

497 4097 674 4150 tiones
713 4111 780 4150 ex
833 4095 1092 4150 inanibus
1125 4094 1434 4165 disciplinis
1475 4111 1538 4151 ac
1580 4111 1719 4150 vana
1754 4096 2073 4168 deceptione

494 4186 819 4257 desumptas
850 4203 972 4242 cum
1008 4186 1102 4240 isti
1130 4185 1421 4241 didicerint
1453 4197 1616 4256 atque
1649 4187 1900 4243 admirati
1941 4191 2070 4259 sint,

493 4294 588 4334 eas
612 4280 774 4333 etiam
803 4277 876 4356 ad}
900 4278 1205 4348 simplicem
1224 4287 1279 4332 et
1307 4286 1423 4334 arte
1452 4279 1603 4333 omni
1633 4290 1912 4335 carentem
1944 4281 2070 4353 Spi-

493 4374 636 4428 ritus
661 4371 968 4427 doctrinam
1021 4371 1384 4437 transferunt,
1418 4381 1479 4426 ut
1524 4381 1577 4428 et
1621 4371 1790 4428 Deum
1829 4373 2068 4432 Verbum

2181 1901 2237 1952 δέ
2277 1900 2510 1971 συνεργὰ
2551 1901 2584 1970 ἦ
2621 1901 2889 1966 συναίτια,
2923 1899 2990 1953 τά
3027 1900 3084 1953 δέ
3113 1899 3223 1955 τῶν
3256 1893 3332 1953 ὧν
3367 1901 3468 1953 οὐκ
3499 1899 3614 1953 ἄνευ
3653 1898 3737 1952 λό-

2181 2009 2275 2059 γον
2302 1994 2515 2063 ἐπέχειν
2545 1992 2676 2063 (41).
2722 1992 2969 2062 Ἐκάστῳ
3003 1991 3184 2063 μέντοι
3211 1991 3415 2045 τούτων
3449 1991 3742 2056 ἰδιάζουσαν

2181 2085 2274 2136 καὶ
2318 2085 2416 2154 τὴν
2464 2085 2772 2154 ἐκφώνησιν
2817 2085 3200 2155 ἀφορίζουσιν
3253 2085 3394 2138 ὥστε
3443 2085 3607 2149 ἄλλως
3652 2085 3742 2138 τὸν

2178 2177 2504 2247 δημιουργὸν
2552 2177 2932 2248 σημαίνεσθαι,
2965 2178 3060 2232 καὶ
3088 2178 3148 2231 τὸ
3176 2178 3404 2249 ὄργανον
3437 2177 3618 2242 ἄλλως.
3653 2178 3745 2248 Τῷ

2182 2269 2282 2339 μὲν
2313 2267 2419 2339 γὰρ
2455 2267 2771 2341 δημιουργῷ
2801 2270 3030 2340 πρέπειν
3073 2271 3271 2324 οἴονται
3307 2270 3367 2323 τὸ
3393 2272 3492 2340 ὑφ’
3514 2265 3583 2325 οὗ
3608 2287 3621 2300 ’
3647 2287 3746 2322 κυ-

2182 2362 2309 2433 ρίως
2333 2362 2440 2432 γάρ
2470 2378 2601 2430 φασι
2622 2361 2875 2430 λέγεσθαι
2900 2363 3005 2416 ὑπὸ
3031 2362 3127 2415 τοῦ
3149 2363 3402 2426 τέκτονος
3425 2362 3747 2432 γεγενῆσθαι

2175 2453 2235 2506 τὸ
2282 2452 2480 2524 βάθρον
2500 2469 2512 2481 ·
2567 2451 2644 2523 τῷ
2674 2452 2729 2505 δέ
2756 2453 2974 2524 ὀργάνῳ
3005 2453 3066 2506 τὺ
3098 2452 3173 2506 δι’
3206 2449 3278 2508 οὗ
3299 2471 3310 2483 ·
3360 2452 3449 2506 διὰ
3491 2452 3594 2523 γὰρ
3623 2469 3748 2505 σκε-

2177 2547 2381 2619 πάρνου
2410 2547 2563 2616 φασὶ,
2591 2547 2686 2599 καὶ
2713 2547 2992 2618 τερέτρου,
3023 2546 3242 2598 καὶτῶν
3265 2545 3486 2599 λοιπῶν.
3519 2543 3748 2614 ὐμοίως

2174 2640 2230 2693 δὲ
2265 2639 2359 2692 καὶ
2382 2639 2441 2691 τὸ
2467 2637 2536 2701 ἐξ
2567 2633 2640 2692 οὗ
2675 2637 2774 2707 τῆς
2816 2637 2949 2708 ὕλης
2982 2637 3111 2690 [διον
3145 2636 3383 2691 τίθενται
3421 2637 3640 2689 ἐκεῖνον
3683 2637 3750 2688 ἐκ

2177 2731 2334 2797 ξύλου
2379 2731 2487 2800 γὰρ
2537 2725 2678 2783 εἶναι
2723 2731 2783 2783 τὸ
2819 2728 3241 2800 δημιούργημα·
3276 2728 3338 2781 τὸ
3369 2728 3426 2781 δέ
3463 2728 3587 2782 καθ’
3619 2727 3651 2781 ὃ
3689 2726 3753 2779 τὸ

2177 2822 2430 2893 ἐνθύμιον
2490 2819 2775 2892 δηλοῦν,ἢ
2831 2819 2891 2873 τὸ
2943 2819 3258 2890 ἐκκείμενον
3315 2818 3611 2888 ὑπόδειγμα
3671 2817 3754 2888 τῷ

2177 2913 2412 2984 τεχνίτῃ.
2451 2913 2519 2964 Ἣ
2549 2911 2657 2984 γὰρ
2689 2911 3272 2983 προαναςωγραφήσας
3306 2913 3370 2981 τῇ
3404 2910 3608 2979 διανοίᾳ
3639 2908 3754 2979 (42)

2176 3006 2238 3058 τὸ
2281 3003 2733 3074 κατασκεύασμα,
2773 3001 2945 3065 οὕτως
2991 3003 3072 3064 είς
3117 3001 3274 3072 ἔργον
3312 3001 3410 3071 τὴν
3453 2999 3754 3069 φαντασίαν

2179 3099 2387 3168 ήγαγεν
2411 3115 2422 3126 ·
2454 3097 2486 3168 ἢ
2519 3097 2654 3168 πρὸς
2678 3096 2780 3167 ἤδη
2803 3095 3118 3166 ἐκκείμενον
3146 3094 3494 3165 παράδειγμα
3521 3092 3759 3145 ἀποὸλέ-

2179 3206 2318 3255 πων,
2353 3188 2474 3243 καθ’
2505 3188 2765 3258 ὁμοίωσιν
2793 3187 3003 3240 ἐκείνου
3040 3185 3139 3257 τὴν
3170 3184 3452 3256 ἐνέργειαν
3480 3184 3588 3254 (45)
3619 3200 3761 3237 κατ-

2176 3283 2410 3337 ευθύνει.
2455 3283 2528 3336 Τὸ
2569 3283 2625 3335 δέ
2668 3280 2741 3334 δι’
2795 3279 2828 3334 ὃ
2886 3278 2964 3350 τῷ
3005 3279 3147 3332 τέλει
3197 3279 3494 3351 προσήκειν
3535 3277 3762 3348 βούλον-

2173 3391 2299 3429 ταιο
2345 3375 2433 3429 διά
2461 3374 2568 3445 γὰρ
2611 3372 2708 3445 τὴν
2740 3372 2942 3442 χρῆσιν
2981 3371 3078 3442 τὴν
3109 3370 3214 3425 τῶν
3259 3369 3561 3442 ἀνθρώπων
3590 3386 3764 3438 γεγο-

2176 3467 2323 3519 νέναι
2353 3465 2411 3518 τὸ
2443 3464 2668 3536 βάθρον·
2699 3463 2759 3516 τὸ
2791 3461 2848 3516 δέ
2875 3462 2944 3515 ἐν
2985 3454 3033 3528 ᾧ
3069 3461 3160 3515 τὸν
3200 3461 3390 3533 χρόνον
3419 3461 3693 3533 παριστᾷν
3723 3461 3764 3533 ἦ

2176 3553 2266 3605 τὸν
2297 3552 2479 3605 τόπον.
2517 3551 2653 3603 Πότε
2687 3553 2796 3620 γὰρ
2840 3549 3100 3617 γέγονεν;
3146 3550 3234 3603 Ἐν
3267 3549 3402 3620 τῷδε
3433 3549 3511 3620 τῷ
3553 3549 3764 3620 χρόνῳ.

2176 3643 2285 3696 Καὶ
2313 3641 2414 3695 ποῦ
2437 3658 2450 3707 ;
2495 3643 2583 3694 Ἐν
2609 3640 2744 3711 τῷδε
2770 3638 2849 3710 τῷ
2885 3641 3056 3711 τόπῳ.
3087 3640 3272 3694 Ταῦτα
3296 3641 3353 3695 δὲ
3379 3642 3429 3694 εί
3457 3641 3551 3695 καὶ
3589 3641 3770 3713 μηδὲν

2174 3733 2251 3804 τῷ
2288 3733 2555 3804 γινομένῳ
2593 3732 2984 3803 συμϐάλλεται,
3025 3731 3138 3784 ἀλλ’
3175 3727 3267 3786 οὖν
3310 3733 3412 3786 οὐκ
3452 3733 3582 3787 ἄνευ
3629 3732 3770 3785 τού-

2175 3839 2281 3875 των
2308 3821 2531 3874 δυνατόν
2568 3838 2620 3874 τι
2647 3821 2919 3890 γενέσθαι.
2964 3821 3138 3892 Χρεία
3179 3821 3286 3893 γὰρ
3326 3823 3423 3876 καὶ
3449 3821 3621 3875 τόπου
3664 3823 3774 3876 καὶ

2174 3911 2365 3982 χρόνου
2395 3915 2504 3976 τοῖς
2536 3909 2842 3983 ἐνεργοῦσι.
2881 3909 3068 3964 Ταῦτα
3105 3910 3367 3981 μαθόντες
3403 3913 3497 3967 καὶ
3537 3911 3772 3983 θαυμά-

2176 4020 2364 4067 σαντες
2393 4003 2504 4075 (44)
2533 3999 2678 4058 οὗτοι
2716 4003 2786 4056 τὰ
2820 4005 2885 4056 ἐκ
2911 4003 3008 4074 τῆς
3061 4003 3424 4075 ματαιότητος
3455 4005 3553 4059 καὶ
3591 4008 3776 4076 κενῆς

2173 4096 2390 4166 ἀπάτης
2417 4096 2883 4166 παρατηρήματα,
2929 4096 3022 4148 καὶ
3048 4097 3140 4149 ἐπὶ
3164 4097 3262 4168 τὴν
3293 4096 3472 4166 ἁπλῆν
3501 4098 3600 4151 καὶ
3634 4099 3779 4150 ἀτε-

2173 4187 2494 4258 χνολόγητον
2531 4185 2624 4240 τοῦ
2663 4171 2991 4258 ’Πνεύματος
3041 4187 3388 4242 διδασκαλίαν
3452 4191 3784 4259 μετακομί-

2173 4278 2377 4344 ζουσιν,
2408 4279 2488 4342 εἰς
2525 4278 2820 4332 ἐλάττωσιν
2859 4279 2958 4349 μὲν
2985 4278 3078 4332 τοῦ
3123 4278 3258 4332 Θεοῦ
3300 4280 3507 4348 Λόγου,
3560 4278 3786 4351 ἀθέτη-

2175 4389 2258 4424 σιν
2299 4371 2356 4424 δέ
2408 4370 2501 4427 τοῦ
2541 4372 2695 4439 άγίου
2749 4371 2862 4442 (45)
2908 4371 3257 4443 Πνεύματος·
3305 4371 3360 4424 οἵ
3403 4389 3467 4440 γε
3521 4370 3625 4443 τὴν
3669 4372 3784 4427 ἐπὶ

494 4464 825 4527 diminuam,
875 4469 928 4516 et
979 4459 1244 4531 Spiritum
1307 4469 1555 4516 sanctum
1613 4463 1863 4532 rejiciant
1909 4483 1921 4517 :
1975 4465 2068 4536 qui

2186 4465 2400 4534 ἀψύχων
2449 4465 2719 4536 ὀργάνων,
2769 4466 2801 4535 ἢ
2848 4467 2947 4536 τῆς
2994 4465 3302 4536 ὑποχειρίου
3356 4465 3451 4518 καὶ
3485 4465 3787 4535 ταπεινῆς

493 4555 715 4625 quidem
744 4569 932 4611 vocem
965 4553 1349 4609 instrumentis
1385 4555 1642 4610 inanimis
1677 4565 1771 4609 aut
1803 4557 1986 4612 servili
2009 4573 2071 4612 ac

492 4663 721 4719 prorsus
756 4647 949 4701 humili
993 4645 1304 4701 ministerio
1350 4660 1379 4698 a
1421 4646 1667 4716 profanis
1704 4649 2069 4718 scriptoribus

493 4738 847 4808 assignatam,
874 4738 1068 4808 loquor
1089 4737 1157 4792 de
1186 4737 1442 4804 dictione,
1475 4755 1568 4808 per
1597 4756 1769 4809 quem.
1795 4741 1862 4795 ad
1896 4741 2074 4797 Domi-

492 4845 623 4885 num
669 4831 1050 4886 universorum
1097 4844 1208 4883 non
1252 4829 1408 4885 veriti
1441 4837 1568 4884 sunt
1601 4831 1936 4898 transferre;
1971 4849 2072 4888 nec

492 4924 657 4994 pudet
685 4922 1026 4977 Christianos
1055 4935 1222 4977 serrae
1256 4928 1350 4974 aut
1383 4921 1560 4976 mallei
1592 4923 1918 4979 vocabulum
1953 4925 2071 4979 uni-

491 5030 664 5070 versa:
694 5021 957 5070 creatura:
985 5014 1264 5072 Conditori
1297 5017 1612 5072 altribuere.

563 5194 674 5265 (39)
710 5197 827 5249 Ὅτι
861 5196 928 5249 ἐκ
954 5196 1067 5264 τῆς
1095 5197 1336 5261 ἔξωθεν.
1384 5195 1501 5250 Huc
1542 5196 1841 5252 transferre
1892 5201 2066 5253 coacti

491 5280 684 5335 sumus
700 5265 846 5320 hunc
869 5266 1087 5321 titulum
1111 5282 1138 5319 a
1173 5267 1410 5322 librariis
1426 5266 1567 5320 infra
1590 5275 1714 5321 ante
1737 5267 1850 5322 haec
1875 5271 2064 5335 verba,

488 5336 538 5386 οί
573 5334 702 5407 περ)
753 5335 852 5407 τὴν
887 5336 1142 5406 ματαίαν,
1185 5338 1379 5392 vitiose
1411 5352 1658 5407 prorsus,
1715 5347 1774 5392 ut
1816 5346 1964 5407 patet
1997 5334 2061 5394 ex

489 5405 826 5525 Rarenthesi,
880 5405 1044 5474 quam
1092 5405 1428 5487 adjicimus,
1474 5405 2062 5478 appositumﬁlbidem

541 5490 625 5525 est.
658 5483 852 5525 tertius
879 5475 1157 5525 συλλαϐῶν
1189 5475 1453 5525 θεολογία-

541 5490 625 5543 eg.
658 5476 852 5531 tertius
879 5475 1157 5529 συλλαϐῶν
1178 5475 1453 5545 θεολογία.

562 5545 675 5612 (40)
715 5546 1018 5610 Ἐκείνους
1069 5547 1310 5612 αὐτούς.
1346 5549 1436 5602 Sic
1479 5546 1604 5602 libri
1648 5555 1883 5603 veteres.
1917 5548 2061 5604 Editi

486 5613 682 5678 αὐτοὺς
708 5615 964 5679 ἐκείνους.

561 5684 1004 5758 (41)-Ἐθτέχειν.
1044 5683 1161 5758 Non
1208 5687 1347 5742 male
1391 5687 1445 5740 in
1489 5702 1596 5742 uno
1642 5703 1705 5743 ex
1737 5687 1924 5758 Regiis
1951 5690 2059 5742 ὑπ-

486 5753 661 5826 έχειν(
688 5753 1027 5828 Ρειιιο⁷ροει
1061 5756 1324 5816 articulus
1356 5773 1422 5815 ex
1462 5772 1594 5814 mss.
1643 5753 2057 5818 coddfadditus

2176 4558 2452 4621 παντελῶς
2486 4559 2789 4630 ὑπηρεσίας
2820 4559 3003 4630 φωνὴν
3033 4558 3418 4630 ἀφωρισμένην
3450 4556 3609 4629 παρά
3655 4557 3788 4612 τῶν

2177 4647 2394 4712 ἔξωθεν,
2434 4647 2532 4717 τὴν
2567 4643 2733 4702 διὀὗ
2769 4647 2932 4715 λέγω,
2975 4647 3177 4718 ταύτην
3217 4647 3310 4700 ἐπὶ
3348 4647 3439 4700 τὸν
3472 4646 3790 4718 Δεσπότην

2173 4738 2279 4791 τῶν
2317 4739 2452 4792 ὅλων
2499 4740 2601 4792 οὐκ
2641 4738 2896 4809 ὤκνησαν
2928 4739 3260 4810 μεταθεῖναι,
3303 4741 3398 4794 καὶ
3433 4740 3534 4792 οὐκ
3562 4740 3790 4810 αἰσχύ-

2177 4846 2358 4883 νονται
2386 4831 2434 4882 οί
2459 4831 2772 4901 Χριστιανοὶ
2795 4830 3012 4900 πρίονος
3035 4829 3066 4900 ἢ
3095 4829 3303 4900 σφύρας
3327 4829 3403 4900 τῷ
3434 4829 3793 4901 δημιουργῷ

2173 4921 2272 4991 τῆς
2301 4922 2530 4985 κτίσεως
2569 4921 2749 4992 φωνὴν
2783 4920 3150 4992 ἀφορίζοντες.

2173 5212 2298 5257 ante
2333 5205 2597 5266 τέκτονος.

2243 5273 2355 5346 (tet
2389 5272 2468 5346 Τῇ
2501 5272 2754 5346 διανοίᾳ.
2785 5271 2903 5346 l_)uo
2931 5272 3148 5346 codices
3175 5289 3306 5329 mss.
3335 5277 3392 5327 ἐν
3417 5273 3795 5346 τῇ-διανοίᾳ.

2244 5344 2358 5464 (ιῖὅ)
2403 5341 2763 5412 Ἐνέργειαν.
2791 5341 2880 5397 Sic
2903 5342 3121 5398 codices
3159 5359 3291 5400 mss.
3327 5341 3658 5400 sexﬁEditi
3687 5341 3804 5416 ὲρ-

2248 5429 2278 5464 σ
2303 5429 2388 5464 αν.

2171 5429 2388 5481 γασιαν.

2242 5482 2354 5550 (44)
2385 5482 2493 5535 Καὶ
2525 5481 2962 5550 θαυμάσαντες.
2997 5480 3119 5536 Haec
3147 5482 3347 5538 desunt
3382 5485 3435 5536 in
3471 5483 3804 5538 nonnullis

2242 5499 2354 5550 (44)
2385 5499 2493 5535 nat
2525 5499 2637 5536 uav
2722 5499 2962 5548 σαντες.
2997 5499 3119 5536 tuaac
3147 5499 3347 5538 aesunt
3382 5500 3435 5536 in
3471 5499 3800 5538 nonnum:

2170 5551 2455 5624 codicibus
2484 5568 2616 5608 mss.
2635 5499 2810 5606 ﬁgulo
2841 5562 2966 5620 post
2995 5553 3124 5607 editi
3163 5553 3262 5624 τὴν
3286 5553 3380 5606 τοῦ
3407 5553 3800 5624 Πνεύματος,

2170 5623 2264 5679 scd
2301 5623 2508 5690 primus
2551 5623 2814 5677 articulus
2853 5639 2962 5676 non
2999 5623 3276 5678 invenitur
3321 5624 3374 5678 in
3410 5623 3803 5678 mss.'codd.

2241 5693 2354 5761 (45)
2390 5691 2516 5762 Τοῦ,
2541 5693 2734 5762 ἁγίου.
2784 5691 2899 5745 Duo
2930 5694 3141 5762 antiqui
3181 5695 3400 5753 codices
3446 5692 3548 5745 τοῦ
3587 5692 3806 5749 θείου.

2171 5762 2287 5818 1)υο
2317 5763 2404 5818 alii
2439 5761 2531 5815 τοῦ
2560 5761 2703 5816 θείου
2743 5763 2840 5816 κα)⁵
2875 5761 3044 5830 ἁγίου.
