3900 6212
200 327 270 382 ’Π
1341 327 1544 382 LIBER
1581 326 1668 380 DE
1710 325 1982 383 SPlRlTU
2029 326 2320 386 SANCTO.
3405 338 3474 394 73

744 441 1136 498 ΚΕΦΑΛΑΙΟΝ
1175 444 1250 500 A’.

198 552 338 608 Ὅτι
392 553 850 624 ὼταρατιὶρητος
904 555 980 624 τῇ
1037 555 1248 626 Γραφῇ
1299 555 1418 609 τῶν
1465 555 1793 611 συλλαϐῶν

701 629 929 680 τούτων
967 628 1004 694 ἡ
1047 625 1284 695 χρῆσις.

273 720 332 774 6.
385 719 575 790 Ἡμεῖς
599 718 656 771 δὲ
683 718 987 789 κεχρῆσθαι
1021 719 1118 788 μὲν
1147 718 1414 790 πολλαχοῦ
1438 723 1560 782 ταῖς
1587 720 1791 788 φωναῖς

195 813 433 876 ταύταις
485 814 578 865 καὶ
618 813 710 866 τὸν
752 813 849 882 τῆς
894 811 1152 881 ἀληθείας
1189 811 1348 882 λόγον
1386 812 1789 883 ὁμολογοῦμεν·

194 907 261 960 οὐ
299 907 412 978 μὴν
451 908 551 978 τήν
579 923 643 974 γε
687 905 782 958 τοῦ
818 905 1135 975 Πνεύματος
1172 905 1486 976 ἐλευθερίαν
1520 904 1794 958 δουλεύειν

197 998 427 1061 πάντως
455 999 636 1068 φαμὲν
679 1000 747 1069 τῇ
784 999 1224 1069 σμικροπρεπεία
1258 998 1367 1052 τῶν
1402 998 1620 1063 ἔξωθεν,
1656 998 1794 1052 ἀλλὰ

199 1088 351 1140 κατὰ
403 1088 466 1140 τὸ
517 1089 605 1141 ἀεὶ⁸
655 1088 1085 1160 προστυγχάνον,
1137 1089 1353 1153 οἰκείως
1403 1093 1525 1153 ταῖς
1582 1090 1793 1161 χρείαις

203 1179 574 1233 ὑπαλλάττειν
628 1181 727 1243 τὰς
768 1181 1126 1250 ἐκφωνήσεις.
1172 1181 1247 1232 Οὐ
1293 1180 1404 1250 γὰρ
1453 1179 1670 1242 πάντως
1709 1179 1790 1241 τὸ,

204 1271 280 1335 ἐξ
323 1267 420 1335 οὗ,
455 1271 554 1341 τὴν
586 1270 719 1343 ὓλην
765 1271 1050 1341 σημαίνει,
1109 1269 1293 1334 καθὼς
1336 1270 1563 1333 ἐκείνοις
1611 1271 1788 1323 δοκεῖ’

200 1363 341 1417 ἀλλά
366 1364 762 1435 συνηθέστερον
782 1367 846 1434 τῇ
873 1364 1060 1433 Γραφῇ
1086 1362 1180 1416 ἐπὶ
1205 1363 1306 1433 τῆς
1331 1363 1590 1415 ἀνωτάτω
1611 1361 1816 1423 αἰτίας·

197 1456 301 1527 τὴν
332 1456 519 1526 φωνὴν
545 1454 750 1527 ταύτην
779 1453 1251 1528 παραλαμϐάνειν.
1302 1454 1388 1518 Ὠς
1419 1454 1511 1507 ἐπὶ
1537 1453 1652 1518 τοῦ,
1687 1447 1791 1518 Εἷς

201 1547 370 1612 Θεὸς,
401 1547 473 1610 ἐξ
497 1544 570 1604 οὗ
603 1547 675 1601 τὰ
711 1546 908 1600 πάντα
928 1565 940 1578 ο
991 1546 1087 1601 καὶ
1134 1545 1296 1600 πάλιν
1321 1562 1333 1576 ⁸
1376 1545 1453 1599 Τὰ
1480 1545 1550 1598 δὲ
1595 1545 1792 1599 πάντα

194 1641 268 1693 ἐκ
307 1639 422 1694 τοῦ
457 1640 624 1694 θεοῦ.
673 1641 954 1711 Κέχρηται
989 1640 1170 1710 μέντοι
1201 1640 1296 1692 καὶ
1335 1641 1363 1692 ὁ
1387 1637 1488 1708 τῆς
1533 1637 1789 1708 ἀληθείας

196 1733 360 1800 λόγος
390 1735 460 1803 τῇ
488 1732 633 1796 λέξει
661 1731 835 1805 ταύτῃ
865 1733 958 1785 καὶ
993 1733 1085 1784 ἐπὶ
1111 1732 1209 1802 τῆς
1241 1730 1372 1802 ὓλης
1401 1729 1682 1793 πολλάκις,
1713 1729 1790 1791 ὡς

2493 445 2718 502 CAPUT
2785 447 2874 502 IV.

1905 554 2110 610 Harum
2133 558 2467 626 syllabarum
2486 576 2647 632 usum
2675 562 2786 632 sine
2804 559 3110 616 discrimine
3130 561 3185 616 in
3202 561 3478 632 Scriptura

2557 630 2817 684 adhiberi.

1970 717 2025 774 6.
2079 717 2191 774 Nos
2231 735 2396 791 porro
2439 718 2754 790 frequenter
2792 721 2878 776 his
2922 721 3002 775 uti
3046 721 3273 777 vocibus
3313 723 3477 778 etiam

1902 810 2146 864 veritatis
2173 825 2480 866 sermonem
2527 811 2873 878 conﬁtemur,
2904 811 3050 866 haud
3083 820 3265 868 tamen
3303 812 3478 883 Spiri-

1903 905 1992 953 tus
2051 898 2359 955 libertatem
2424 901 2722 957 humilibus
2773 910 2827 957 et
2875 903 3104 973 abiectis
3161 913 3477 962 exterorum

1899 990 2209 1061 disciplinis
2241 993 2354 1048 ullo
2385 994 2549 1048 modo
2575 993 2784 1049 servire
2820 994 3055 1051 dicimus
3093 1013 3107 1050 :
3146 1013 3337 1052 verum
3376 998 3478 1053 ha-

1901 1084 2013 1138 bita
2065 1085 2281 1141 ratione
2325 1085 2446 1156 ejus
2475 1086 2622 1157 quod
2670 1087 2901 1142 subinde
2925 1088 3190 1152 occurrit,
3224 1090 3477 1145 enuntia-

1901 1174 2078 1230 tiones
2103 1185 2472 1246 congruenter
2505 1177 2632 1230 usui
2655 1178 3150 1248 convenienterque
3173 1180 3474 1236 immutari.

1899 1263 2086 1336 Neque
2123 1268 2268 1320 enim
2312 1268 2465 1330 illud,
2496 1284 2562 1322 ea:
2586 1284 2709 1337 quo,
2742 1284 2970 1338 prorsus
3005 1270 3276 1341 signiﬁcat
3305 1281 3475 1327 mate-

1899 1359 2058 1423 riam,
2084 1359 2542 1430 quemadmodum
2570 1360 2645 1413 illi
2670 1369 2864 1431 putant
2895 1379 2908 1416 :
2945 1361 3038 1416 sed
3065 1372 3151 1418 est
3181 1360 3477 1433 Scriptura:

1898 1447 2224 1506 familiarius
2285 1451 2427 1505 hanc
2488 1466 2670 1505 vocem
2729 1451 2797 1505 ad
2877 1467 3187 1522 supremam
3251 1468 3475 1509 causam

1899 1540 2175 1598 adhibere.
2207 1544 2450 1614 Exempli
2479 1559 2645 1599 causa
2668 1544 2720 1597 in
2745 1544 2850 1598 hoc
2879 1545 3024 1610 loco,
3059 1543 3204 1599 Unus
3231 1547 3289 1617 6
3312 1546 3474 1612 Deus,

1896 1649 1960 1686 ea:
2025 1651 2125 1704 quo
2173 1636 2353 1689 omnia
2403 1635 2470 1688 ⁷⁸.
2529 1633 2608 1689 Ac
2657 1651 2875 1691 rursum
2911 1653 2924 1688 :
2960 1634 3156 1692 Omnia
3196 1647 3372 1692 autem
3408 1652 3476 1692 ea:

1896 1724 2008 1780 Deo
2039 1729 2106 1782 ⁷³.
2151 1725 2333 1782 Utitur
2373 1738 2556 1783 tamen
2592 1729 2838 1784 veritatis
2887 1743 3070 1784 sermo
3106 1729 3208 1785 hac
3243 1731 3359 1800 ipsa
3389 1730 3476 1785 di-

191 1827 330 1878 ὁταν
355 1825 522 1896 λέγῃ·
551 1823 838 1890 Ποιήσεις
880 1825 994 1893 τὴν
1023 1823 1274 1877 κιϐωτὸν
1302 1825 1372 1877 ἐκ
1403 1823 1604 1888 ξύλων
1635 1822 1786 1890 ἀσή-

1896 1820 2078 1875 ctione
2121 1821 2284 1875 etiam
2334 1836 2477 1890 saepe
2529 1820 2598 1875 de
2647 1821 2896 1884 materia,
2941 1821 3109 1876 veluti
3148 1836 3272 1875 cum
3324 1821 3402 1876 ait
3455 1839 3469 1874 :

193 1931 393 1970 :trwr'
453 1915 570 1978 καὶ,
624 1915 910 1983 Ποιήσεις
953 1914 1068 1982 τὴν
1121 1913 1386 1983 λυχνίαν
1434 1915 1500 1965 ἐκ
1533 1912 1787 1982 χρυσίου

195 2001 489 2071 καθαροῦο
517 2004 631 2066 καὶ,
672 2003 726 2055 Ὀ
749 2003 980 2071 πρῶτος
1001 2003 1314 2071 ἄνθρωπος
1333 2003 1402 2056 ἐκ
1427 2002 1541 2072 γῆς
1561 2002 1784 2070 χοὶὸιόςο

194 2095 332 2161 καὶ,
375 2096 474 2148 Ἐκ
503 2095 704 2163 πηλοῦ
743 2094 1042 2163 arripuerat
1077 2095 1160 2149 σὺ
1194 2095 1277 2161 ὡς
1317 2095 1416 2148 καὶ
1461 2093 1594 2163 ἐγώ.
1650 2092 1787 2146 Ἀλλ’

192 2182 367 2250 οὗτοι,
404 2188 514 2251 ἵνα,
550 2187 626 2250 ὡς
653 2186 864 2257 ἔφαμεν
897 2187 1031 2257 (46),
1063 2187 1162 2258 τῆς
1209 2187 1424 2254 φύσεως
1449 2186 1509 2238 τὸ
1532 2185 1788 2255 διάφορον

194 2279 627 2351 παραστήσωσι,
659 2278 739 2350 τῷ
776 2280 957 2354 natth
995 2279 1140 2350 μόνῳ
1171 2279 1471 2350 προσήκειν
1499 2276 1598 2348 τὴν
1645 2277 1788 2340 λέξιν

192 2371 406 2442 ταύτην
435 2371 871 2443 ὲνομοθὲτησαν’
905 2371 1002 2436 τὰς
1052 2372 1152 2442 μὲν
1195 2371 1368 2443 ἀρχὰς
1399 2371 1500 2441 τῆς
1542 2387 1791 2442 παρατη-

199 2463 418 2532 ρήσεως
467 2461 726 2526 λαϐόντες
767 2450 920 2533 παρὰ
966 2463 1076 2516 τῶν
1127 2463 1326 2529 ἔξωθεν
1347 2503 1362 2528 ,
1398 2464 1458 2515 οὐ
1507 2462 1685 2516 πάντα
1733 2462 1789 2514 δὲ

192 2554 434 2618 ἐκείνοις
477 2554 543 2607 δι’
585 2554 876 2625 ἀκριϐείας
923 2555 1340 2618 δουλεύσαντες·
1382 2555 1517 2608 ἀλλὰ
1567 2555 1644 2627 τῷ
1691 2555 1790 2624 μὲν

197 2646 341 2716 Υὶῷ,
375 2646 518 2699 κατὰ
545 2647 643 2718 τὴν
678 2647 903 2700 ἐκείνων
931 2647 1276 2719 νομοθεσίαν,
1303 2647 1401 2720 τὴν
1430 2647 1525 2701 τοῦ
1556 2649 1788 2720 ὀργάνου

195 2738 582 2808 προσηγορίαν
633 2738 944 2808 ἐπέθηκαν,
997 2738 1076 2809 τῷ
1118 2738 1176 2791 δὲ
1222 2738 1502 2808 Πνεύματι
1543 2737 1642 2808 τὴν
1693 2736 1788 2791 τοῦ

192 2829 402 2882 τόπου·
462 2830 559 2882 Ἐν
598 2831 900 2899 Πνεύματι
938 2830 1047 2899 γὰρ
1085 2829 1332 2898 λέγουσι·
1391 2831 1486 2884 καὶ
1513 2829 1613 2884 διὰ
1654 2828 1789 2884 Υἱοῦ

193 2921 422 2989 λέγουσι
449 2939 464 2951 ·
491 2920 571 2992 τῷ
607 2923 665 2976 δὲ
704 2922 825 2993 Θεῷ
856 2923 955 2994 τὴν
988 2923 1058 2989 ἐξ
1085 2920 1157 2980 οὗ
1190 2923 1323 2995 (47),
1348 2923 1532 2977 οὐκέτι
1558 2922 1789 2978 ἐνταῦθα

193 3013 736 3079 κατακολουθοῦντες
775 3019 888 3080 τοῖς
917 3017 1238 3088 ἀλλοτρίοις,
1269 3017 1383 3071 ἀλλ’
1414 3019 1505 3071 ἐπὶ
1531 3018 1630 3082 τὰς
1658 3019 1791 3072 ἀπο-

195 3105 478 3168 στολικὰς,
517 3105 594 3168 ὥς
633 3123 787 3175 φασι,
828 3108 1249 3178 μεταϐαίνοντες
1264 3111 1511 3182 χρήσεις,
1540 3111 1683 3165 καθὰ
1711 3113 1787 3164 εί-

195 3212 402 3268 ρηταιο
462 3196 565 3261 Ἐξ
596 3199 785 3252 αὐτοῦ
823 3198 892 3251 δὲ
934 3198 1104 3268 ὑμεῖς
1132 3199 1272 3253 ἐστε
1297 3201 1368 3254 ἐν
1410 3201 1642 3270 Χριστῷ
1684 3203 1783 3271 ’1ηο

192 3288 317 3342 σοῦ
334 3304 346 3315 °
373 3289 492 3351 καὶ,
526 3289 602 3342 Τὰ
628 3287 697 3341 δὲ
729 3288 928 3343 πάντα
953 3291 1022 3344 ἐκ
1051 3291 1160 3345 τοῦ
1187 3291 1358 3346 Θεοῦ.
1389 3293 1453 3346 Τί
1481 3289 1573 3347 οὖν
1598 3297 1663 3348 ὲκ
1689 3294 1788 3365 τῆς

193 3378 549 3449 τεχνολογίας
594 3379 800 3449 ταύτης
847 3380 910 3434 τὸ
964 3383 1368 3454 συναγόμενον;
1416 3385 1584 3458 Ἀλλη
1627 3387 1788 3455 φύσις

193 3471 399 3535 αίτίου,
437 3473 533 3524 καὶ
557 3471 690 3542 ἄλλη
717 3473 974 3544 ὀργάνου,
1003 3477 1098 3528 καὶ
1122 3475 1256 3547 άλλη
1283 3477 1452 3530 τόπου
1472 3495 1484 3507 ·
1513 3479 1790 3550 ἀλλότριος

194 3564 307 3636 ἄρα
343 3564 462 3634 (48)
494 3564 636 3617 κατὰ
676 3565 776 3635 τὴν
812 3565 972 3636 φύσιν
1011 3568 1040 3619 ὁ
1094 3567 1220 3630 Υἱὸς
1255 3568 1334 3638 τῷ
1367 3571 1564 3641 Πατρὶ,
1601 3572 1787 3642 ἐπειδὴ

196 3657 295 3709 καὶ
342 3656 406 3708 τὸ
459 3656 690 3728 ὄργανον
735 3657 814 3728 τῷ
862 3659 1080 3730 τεχνίτῃ
1101 3677 1113 3689 ”
1166 3660 1445 3732 ἀλλότριον
1492 3663 1550 3715 δὲ
1599 3663 1693 3716 καὶ
1729 3663 1791 3716 τὸ

197 3747 451 3819 Πνεῦμα,
492 3748 724 3802 καθόσον
763 3749 1093 3822 κεχώρισται
1131 3752 1316 3817 τόπος,
1363 3752 1396 3823 ἢ
1432 3753 1644 3825 χρόνος,
1691 3756 1789 3826 τῆς

198 3839 310 3892 τῶν
354 3841 606 3911 ὀργάνων
653 3841 863 3911 φύσεως
883 3884 895 3908 ,
928 3843 962 3914 ἢ
995 3844 1094 3914 τῆς
1122 3844 1229 3897 τῶν
1261 3847 1788 3918 μεταχειριζομένων

196 3932 345 3986 αὑτᾶ

742 4052 1139 4105 ΚΕΦΑΛΑΙΟΝ
1182 4053 1256 4107 E'.

201 4140 327 4194 Ὅτι
361 4141 465 4194 καὶ
492 4141 592 4194 ἐπὶ
621 4140 1106 4210 Πατρὸςγλέγεται
1130 4143 1196 4195 τὸ
1233 4162 1251 4194 ι
1290 4143 1363 4195 δι’
1394 4139 1467 4199 οὗ
1509 4163 1529 4196 ι
1565 4144 1664 4201 καὶ
1687 4146 1786 4200 ἐπὶ

372 4212 512 4266 Υὶοῦ
553 4217 616 4263 τὸ
656 4230 674 4261 ι
707 4212 778 4276 ἐξ
805 4209 902 4276 οὗ,
939 4209 959 4262 ι
993 4213 1093 4267 καὶ
1119 4213 1218 4266 ἐπὶ
1251 4215 1620 4284 Πνεύματος.

277 4305 332 4358 7.
376 4303 464 4356 Τὰ
494 4305 593 4374 μὲν
615 4303 680 4375 δὴ
708 4304 817 4372 (49)
838 4304 1061 4356 ἐκείνων
1091 4304 1333 4357 τοιαῦτα·
1363 4307 1522 4377 ἡμεῖς
1547 4307 1604 4360 δὲ
1625 4307 1789 4373 δείξο-

203 4417 306 4468 μεν
343 4398 374 4451 ὃ
422 4395 788 4468 προεθέμεθα,
821 4396 903 4448 ὅτι
935 4394 1058 4449 οὔτε
1089 4398 1117 4449 ὁ
1155 4397 1362 4469 Πατὴρ,
1392 4399 1452 4451 τὸ
1491 4399 1560 4465 ἐξ
1593 4397 1665 4456 οὗ
1695 4401 1788 4455 λα-

1890 1910 2082 1967 Facies
2108 1929 2288 1966 arcam
2308 1930 2336 1967 e
2358 1914 2512 1984 lignis
2534 1913 3091 1983 imputrescibilibus"
3117 1930 3132 1979 ;
3159 1922 3214 1968 ct
3240 1933 3252 1967 :
3287 1913 3474 1968 Facies

1890 2003 2273 2059 candelabrum
2303 2020 2367 2058 ea:
2408 2021 2540 2058 auro
2581 2021 2717 2074 puro
2744 2005 2793 2036 ’¹¹’
2837 2021 2852 2070 ;
2884 2011 2965 2060 e‘t:
2995 2003 3212 2059 Primus
3255 2005 3410 2060 homo
3446 2021 3476 2059 ρ

1892 2104 2033 2149 terra
2068 2106 2304 2150 terrenus
2322 2097 2366 2128 ⁷⁸
2398 2111 2415 2161 ;
2453 2103 2544 2148 ct:
2584 2095 2629 2148 E
2660 2096 2771 2150 luto
2811 2096 3130 2165 compositus
3159 2111 3213 2150 es
3246 2106 3304 2148 tu
3329 2111 3474 2166 teque

1890 2198 2045 2258 atque
2095 2205 2189 2260 ego
2241 2189 2306 2242 ⁷⁸.
2360 2188 2431 2242 At
2480 2187 2597 2252 isti,
2636 2195 2696 2242 ut
2732 2193 2963 2252 naturae,
3010 2185 3471 2257 quemadmodum

1890 2281 2152 2346 diximus,
2184 2280 2562 2336 diversitatem
2589 2280 2960 2344 constituant,
2984 2279 3312 2334 delinierunt
3331 2279 3481 2334 hanc-

1891 2389 2079 2428 vocem
2124 2374 2227 2430 soli
2256 2371 2406 2428 Patri
2435 2387 2762 2444 congruere.
2804 2371 2884 2427 Ac
2935 2371 3208 2443 principia
3250 2370 3468 2440 quidem

1890 2463 2292 2520 observationis
2334 2469 2671 2534 acceperunt
2703 2462 2772 2518 ab
2807 2461 3050 2517 externis
3078 2461 3466 2531 scriptoribus.

1891 2572 1999 2611 non
2037 2565 2218 2611 tamen
2261 2556 2348 2611 his
2401 2557 2456 2610 in
2501 2555 2755 2610 omnibus
2813 2561 3070 2608 accurate
3110 2553 3416 2609 inserviunt
3451 2572 3463 2607 :

1891 2650 1984 2704 sed
2027 2648 2166 2703 Filio
2200 2647 2441 2718 quidem,
2493 2649 2797 2702 secundum
2846 2645 3321 2717 praescriptionem
3349 2645 3471 2700 illos

1891 2760 2036 2808 rum,
2070 2740 2422 2796 instrumenti
2445 2738 2775 2795 vocabulum
2808 2737 3210 2808 imposuerunt,
3240 2734 3466 2806 Spiritui

1889 2852 2021 2894 vero
2066 2842 2259 2891 sancto
2288 2873 2303 2897 ,
2365 2831 2494 2888 loci.
2551 2831 2723 2886 Aiunt
2764 2830 2934 2895 enim,
2993 2831 3050 2884 in
3096 2827 3304 2899 Spiritu
3353 2843 3372 2881 :
3414 2837 3470 2884 et

1891 2933 2064 2996 aiunt,
2101 2946 2191 3000 per
2219 2927 2443 2981 Filium.
2477 2925 2546 2980 At
2573 2925 2685 2982 Deo
2719 2941 2934 2990 vocem,
2967 2940 3032 2979 ea:
3059 2940 3181 2995 quo,
3205 2923 3470 2979 attribue-

1891 3032 2040 3090 runt,
2088 3037 2198 3078 non
2240 3021 2478 3090 amplius
2516 3020 2608 3074 hic
2656 3019 2866 3074 alieno's
2916 3026 3232 3087 sequentes,
3269 3017 3364 3072 sed
3398 3017 3468 3071 ad

1893 3116 2252 3188 apostolicos,
2305 3120 2364 3167 ut
2393 3112 2499 3182 ipsi
2528 3112 2742 3178 dicunt,
2777 3125 2914 3165 usus
2941 3116 3292 3165 transeuntes
3324 3123 3341 3172 ;
3377 3123 3468 3165 sc-

1895 3208 2134 3263 cundum
2183 3204 2329 3276 quod
2359 3203 2564 3258 dictum
2587 3211 2672 3258 est
2709 3221 2723 3256 :
2759 3201 2843 3256 Ea:
2873 3203 2986 3270 ipso
3017 3210 3194 3254 autem
3223 3216 3312 3254 vos
3342 3199 3468 3254 estis

1895 3303 1949 3354 in
1989 3298 2202 3356 Christo
2237 3295 2368 3352 Iesu
2413 3296 2494 3362 7’;
2562 3303 2618 3350 et
2653 3313 2666 3346 :
2704 3292 2896 3349 Omnia
2926 3302 3105 3347 autem
3149 3307 3214 3347 ea:
3260 3291 3364 3346 Deo
3398 3290 3465 3345 ⁷⁸.

1895 3393 2037 3459 Quid
2083 3393 2253 3461 igitur
2295 3397 2399 3453 est,
2444 3389 2590 3459 quod
2636 3402 2703 3442 ex
2746 3387 2850 3440 hac
2902 3385 3116 3456 argutia
3146 3382 3472 3439 coniicitur?

1894 3485 2017 3540 Alia
2064 3493 2266 3538 natura
2317 3497 2518 3542 causai,
2577 3480 2684 3533 alia
2733 3477 3108 3540 instrumenti,
3155 3477 3262 3530 alia
3298 3475 3406 3530 loci
3453 3493 3466 3506 ν

1895 3576 2106 3630 alienus
2139 3590 2271 3645 ergo
2303 3572 2606 3629 secundum
2638 3579 2892 3624 naturam
2927 3567 3100 3623 Filius
3136 3585 3164 3621 a
3198 3567 3380 3629 Patre,
3421 3566 3470 3622 si

1894 3669 2117 3738 quidem
2141 3675 2195 3723 et
2218 3669 2645 3722 instrumentum
2680 3664 2749 3717 ab
2778 3661 2973 3732 opiﬁce
3008 3679 3022 3728 ;
3058 3661 3271 3715 alienus
3303 3659 3469 3714 etiam

1894 3771 1949 3816 et
1971 3759 2210 3831 Spiritus
2245 3765 2492 3821 sanctus,
2525 3753 2970 3826 quandoquidem
3006 3761 3291 3822 separatur
3313 3751 3472 3806 locus

1895 3863 1991 3909 aut
2021 3866 2238 3922 tempus
2265 3851 2334 3905 ab
2364 3849 2860 3904 instrumentorum
2901 3853 2998 3898 aut
3027 3859 3218 3899 eorum
3249 3844 3344 3914 qui
3386 3845 3472 3897 iu-

1894 3943 2218 4001 strumentis
2253 3951 2483 3996 utuntur
2514 3947 2732 3993 natura.

2511 4045 2741 4106 CAPUT
2782 4046 2848 4102 V.

1895 4147 1963 4202 Et
1980 4148 2044 4203 de
2071 4147 2233 4202 Patre
2260 4147 2388 4210 dici,
2419 4164 2437 4195 ι
2460 4159 2550 4212 per
2569 4157 2742 4211 quem,
2777 4160 2795 4192 ι
2815 4150 2864 4194 et
2895 4139 2959 4193 de
2975 4138 3142 4206 Filio,
3167 4157 3186 4191 ι
3206 4154 3273 4194 ea:
3290 4155 3416 4211 quo,
3443 4159 3464 4190 ι

2382 4225 2432 4268 et
2454 4216 2518 4267 de
2543 4212 2749 4280 Spiritu
2774 4221 2976 4264 sancto.

1966 4313 2016 4366 7.
2051 4309 2133 4364 Ad
2178 4309 2329 4363 hunc
2357 4307 2580 4378 quidem
2616 4304 2839 4358 modum
2875 4318 2935 4358 se
2967 4302 3192 4363 habent,
3244 4316 3365 4372 quae
3397 4301 3468 4356 ab

1895 4406 2017 4460 istis
2051 4402 2358 4457 afferuntur
2392 4419 2406 4453 :
2440 4413 2544 4453 nos
2575 4405 2756 4451 autem
2785 4393 3290 4450 demonstrabimus
3317 4393 3466 4464 quod

201 4491 335 4555 ϐὼν,
375 4489 458 4560 τῷ
498 4488 614 4558 Υἱῴ
647 4487 982 4560 προσέρῤιψε
1040 4489 1102 4542 τὸ
1150 4488 1224 4543 δι’
1263 4485 1358 4554 οὗ,
1405 4490 1528 4545 οὗτε
1577 4493 1605 4544 ὁ
1660 4494 1786 4557 Υἱὸς

1896 4495 2306 4568 proposuimus,
2338 4505 2441 4546 nec
2467 4490 2684 4543 Patrem
2710 4486 2815 4543 sibi
2841 4493 3146 4540 sumentem
3177 4485 3276 4540 has
3303 4498 3466 4539 voces

201 4581 368 4636 πάλιν
397 4580 463 4633 τὺ
496 4579 720 4650 Πνεῦμα
761 4581 821 4633 τὸ
863 4579 1037 4648 ἆγιον,
1078 4580 1221 4634 κατὰ
1258 4581 1356 4653 τὴν
1393 4584 1596 4637 τούτων
1635 4603 1790 4656 νομο-

199 4673 394 4727 θεσίαν
423 4675 505 4734 εἰς
538 4671 636 4742 τὴν
670 4671 762 4724 τοῦ
803 4670 872 4736 ἐξ
903 4667 999 4735 οὗ,
1045 4672 1078 4742 ἢ
1110 4672 1209 4742 τὴν
1251 4672 1326 4725 δι’
1380 4670 1451 4729 οὗ
1502 4678 1786 4730 κοινωνίαν

275 4798 322 4830 τι
352 4792 523 4864 [ρος.
552 4790 753 4864 vrtuti,
808 4791 905 4864 τ’]
931 4791 1058 4864 Cor.
1092 4808 1170 4856 xi,
1200 4791 1277 4864 12
1355 4795 1401 4827 ⁷³
1423 4793 1556 4852 Gen.
1591 4815 1678 4864 v1,
1706 4804 1788 4857 14.

205 4871 258 4925 6,
335 4868 380 4898 ⁷⁷
414 4864 438 4918 l
467 4863 598 4917 Cor.
627 4877 665 4926 ι,
695 4861 784 4915 50.
860 4861 906 4892 ⁷³
940 4864 960 4914 l
990 4861 1116 4916 Cor.
1151 4879 1225 4925 χι,
1261 4863 1350 4918 12.

275 4992 388 5063 (ιδ)
427 4985 820 5063 ﬂagrum.-
844 4982 997 5063 Unus
1029 4986 1199 5063 φάει
1219 4987 1322 5063 Δὡς⁸
1337 4988 1565 5063 ἔφημεν.

274 5051 390 5134 (47)
425 5051 742 5134 Τῷξδὲξθέῷ
757 5054 877 5134 ﬁt"
903 5054 972 5119 ἐξ
998 5051 1090 5134 οῇο
1203 5051 1524 5134 Ambrosius
1547 5063 1781 5134 quiplu-

207 5125 343 5190 rima
372 5125 454 5187 'ex
499 5127 701 5182 Basilio
757 5129 811 5179 in
855 5140 986 5181 suos
1017 5127 1090 5180 De
1119 5125 1326 5196 Spiritu
1373 5125 1580 5186 sancto'
1609 5125 1778 5188 libros

210 5203 515 5263 transtulit,
550 5198 736 5252 minus
762 5197 1047 5251 commode
1078 5199 1288 5252 videtur
1312 5199 1415 5254 hoc
1444 5202 1564 5256 loco
1587 5202 1775 5259 Basilii

209 5274 539 5332 sententiam
570 5269 867 5337 accepisse.
897 5264 1030 5319 Nam
1057 5268 1311 5324 observat
1335 5270 1567 5327 Basilius
1599 5272 1776 5329 Pneu-

209 5343 610 5401 matomacbos,
639 5339 768 5411 dum
791 5337 972 5411 omnia
992 5352 1073 5411 ex_
1090 5337 1200 5393 Deo
1229 5347 1485 5411 tanquam
1508 5359 1574 5397 ex
1607 5359 1774 5400 causa

209 5414 462 5471 eﬂicienti
487 5425 612 5466 esse
642 5410 854 5482 dicunt,
889 5406 1169 5463 discedere
1197 5423 1227 5462 a
1269 5406 1554 5482 principiis
1599 5415 1774 5482 philo-

213 5497 534 5558 sophorum,
563 5480 658 5558 qui
682 5479 840 5558 illud,
865 5493 928 5558 ea;
949 5494 1069 5558 quo,
1104 5479 1345 5558 materia:
1372 5479 1669 5558 proprium
1690 5496 1773 5539 at-

213 5549 459 5611 tribuunt
491 5553 644 5622 quia,
680 5567 711 5604 e
737 5550 962 5602 materia
995 5549 1060 5622 tit
1082 5551 1378 5618 opilicium.
1414 5549 1617 5622 Contra
1643 5554 1774 5608 Am-

214 5625 423 5690 brosius
463 5619 534 5676 de
585 5619 1094 5691 Pneumatomachis
1139 5622 1365 5691 loquens
1399 5639 1410 5672 :
1445 5621 1539 5676 Illi
1577 5624 1774 5687 volunt,

219 5688 512 5768 inquitvlib.
536 5706 607 5768 _II,
635 5705 756 5760 cap.
791 5689 842 5768 9,
877 5704 941 5768 ea:
962 5688 1070 5743 Deo
1095 5688 1344 5768 tanquam
1375 5709 1441 5746 ea:
1462 5703 1656 5747 natura
1684 5694 1781 5768 Dei

217 5760 316 5826 at“.
351 5765 660 5830 materiam,
706 5772 761 5814 ut
792 5761 839 5814 si
875 5760 1020 5815 dicas
1050 5775 1112 5813 ex
1153 5760 1292 5832 ligno
1331 5779 1511 5817 arcam
1541 5781 1651 5818 esse
1693 5765 1780 5834 [a-

1867 4808 1911 4839 τδ
1942 4805 2113 4860 Exod.
2146 4818 2276 4865 xxv,
2305 4801 2395 4854 5-1.

1893 4609 1957 4647 ea:
1995 4607 2118 4662 quo,
2143 4589 2209 4642 ad
2244 4586 2444 4640 Filium
2476 4581 2774 4653 proiecisse
2797 4579 2918 4640 has,
2946 4593 3037 4646 per
3073 4594 3248 4648 quem,
3288 4591 3466 4647 neque

1897 4699 2088 4739 rursus
2133 4697 2162 4735 a
2195 4679 2356 4744 Filio,
2401 4678 2548 4732 sicut
2587 4673 2678 4730 isti
2715 4671 3100 4743 praescribunt,
3135 4685 3244 4724 non
3282 4672 3462 4740 recepi

2487 4798 2532 4829 ⁷⁸
2565 4797 2585 4850 l
2617 4794 2742 4850 Cor.
2775 4810 2864 4859 xv,
2894 4793 2985 4847 47.
3054 4793 3100 4825 ⁷⁸
3127 4791 3232 4848 Job
3263 4809 3460 4860 xxxi",

1887 5006 2048 5052 ctam,
2079 5004 2144 5043 ea:
2168 4984 2342 5056 lapide
2376 4991 2611 5037 statuam
2643 4995 2660 5032 :
2690 4980 2766 5031 ita
2799 4993 2863 5031 ex
2896 4971 3004 5029 Deo
3028 4974 3306 5030 materiam
3339 4990 3464 5043 pro-

2052 5081 2122 5113 se.

1885 5077 2452 5201 εεῖῗὲἴθῖΑλλότριος
2490 5120 2622 5201 ἄρα.
2669 5117 2792 5201 Haec
2842 5114 2900 5170 S.
2927 5115 3464 5201 IAtlibi‘OSillshlflgit

1882 5186 2007 5259 cuin
2043 5186 2488 5266 interroga—tionis
2521 5186 2669 5244 nota.
2715 5187 2808 5241 Sic
2852 5186 2998 5266 enim
3035 5188 3457 5266 interpretatur,

1882 5255 2056 5329 libi“
2109 5269 2180 5323 De
2226 5255 2429 5334 Spiritu
2479 5271 2683 5323 saneto,
2742 5272 2864 5379 οἷς).
2894 5256 2966 5310 9:
3025 5255 3282 5326 Nunquid
3335 5271 3460 5325 ergo

1885 5346 2088 5379 ηιεοηηι
2150 5335 2433 5379 gerundum
2481 5341 2729 5379 naturam
2828 5328 2952 5379 ilius
3003 5344 3036 5379 a
3093 5325 3277 5379 Patre.
3334 5328 3459 5379 am'q

1883 5325 2088 5398 alienus
2149 5325 2433 5392 secundum
2481 5341 2729 5386 naturam
2777 5325 2952 5380 Filius
3003 5344 3036 5380 a
3093 5325 3277 5390 Patre,
3326 5328 3459 5398 quia

1882 5397 2114 5468 alienum
2151 5411 2558 5462 instrumentum
2599 5400 2663 5453 ab
2694 5407 2965 5468 operatore
3007 5399 3221 5466 proprio
3256 5397 3332 5450 vel
3360 5413 3460 5448 au-

1883 5465 2063 5539 ctore?
2087 5489 2180 5533 aut
2209 5473 2441 5545 nunquid
2479 5471 2683 5545 alienus
2721 5465 2895 5521 Filius
2920 5485 2952 5520 a
2984 5465 3208 5536 Spiritu.
3233 5468 3357 5535 quia
3389 5468 3457 5545 ah

1881 5551 2224 5609 instrumenti
2261 5539 2441 5611 genere
2469 5551 2560 5596 aut
2594 5539 2739 5592 locus
2782 5548 3060 5611 separatur
3089 5547 3186 5611 aut
3219 5539 3458 5611 tempus?

1958 5604 2070 5691 (49)
2113 5619 2187 5674 Τὰ
2213 5604 2328 5687 per
2357 5612 2454 5691 qn.
2488 5611 2586 5691 sic
2618 5625 2752 5691 mss.
2791 5604 3028 5691 codices.
3062 5606 3453 5691 alimentum;

1887 5671 1973 5748 Ta‘t‘
1992 5671 2341 5763 θείοις.
2369 5671 2680 5763 Raylopost
2710 5680 2906 5749 legitur
2935 5680 2988 5732 in
3023 5678 3187 5763 editis
3219 5671 3453 5763 rbﬁdoﬁ

1888 5750 2222 5837 προσέρριψε
2253 5756 2330 5828 τῷ
2369 5753 2500 5824 Υἱῷ.
2539 5751 2684 5804 Libri
2735 5759 2946 5805 veteres
2989 5758 3045 5802 ut
3081 5750 3134 5804 in
3172 5756 3455 5803 contextu.
