3900 6212
480 341 555 399 79
1829 339 1884 394 s.
1928 338 2170 395 BASILII
2216 323 2429 393 MAGNI
3637 335 3697 394 to

488 458 748 527 Spiritum
800 463 1049 513 sanctum
1099 459 1153 511 in
1199 458 1536 513 consortium
1597 458 1790 511 harum
1828 472 2045 523 vocum,

2160 457 2219 510 οὐ
2254 454 2649 526 παραδέχεται·
2681 453 2815 524 ὅπερ
2852 453 2884 523 ή
2923 452 3081 522 καινὴ
3115 451 3223 524 (50)
3254 451 3453 506 τούτων
3480 451 3697 523 κληροδο-

483 563 550 603 ex
578 564 701 620 quo,
737 556 853 617 aut,
883 564 975 618 per
1018 565 1193 619 quem,
1238 551 1383 619 quod
1426 558 1606 605 tamen
1650 564 1790 603 nova
1829 550 2056 605 istorum

485 640 803 696 distributio
859 638 1073 696 deﬁnit.
1126 638 1272 694 Unus
1328 639 1471 694 Deus
1513 651 1562 695 et
1609 639 1791 707 Pater,
1848 655 1913 693 ea:
1957 654 2057 709 quo

487 732 668 785 omnia
699 740 791 786 :et
820 748 958 786 unus
995 729 1255 795 Dominus
1281 731 1439 788 Jesus
1473 733 1738 799 Christus,
1784 751 1875 805 per
1906 750 2058 806 quem

486 821 666 875 omnia
694 822 761 874 ".
793 820 912 877 Non
959 830 1090 879 sunt
1119 823 1202 878 hae
1246 839 1408 880 voces
1446 825 1618 896 legem
1664 825 1912 892 ferentis,
1962 825 2058 881 sed

489 913 816 984 hypostases
856 913 1269 987 distinguentis.
1302 914 1420 970 Non
1454 918 1599 972 enim
1639 925 1699 971 ut
1736 926 1945 972 natura:
1977 917 2059 971 in-

484 1005 713 1063 duceret
753 1005 1151 1073 diversitatem,
1193 1009 1290 1065 sed
1322 1019 1380 1064 ut
1412 1009 1757 1066 inconfusam
1790 1008 1972 1065 Patris
2004 1019 2058 1065 et

486 1096 609 1153 Filii
670 1099 951 1155 notionem
987 1100 1290 1165 exhiberet,
1338 1101 1411 1156 ita
1462 1102 1679 1158 locutus
1738 1102 2051 1173 Apostolus.

483 1186 619 1242 Nam
649 1188 795 1258 quod
827 1188 912 1243 hae
952 1204 1119 1245 voces
1150 1189 1292 1246 inter
1332 1206 1392 1246 se
1434 1193 1727 1247 contrariae
1768 1207 1879 1247 non
1922 1192 2054 1255 sint,

484 1293 661 1349 neque
689 1279 838 1335 velut
880 1281 935 1335 in
968 1281 1154 1351 praelio
1188 1289 1457 1353 separata:
1501 1282 1766 1339 adversus
1803 1284 2055 1338 hostilem

483 1373 682 1435 aciem,
735 1370 803 1426 ad
834 1370 1037 1426 bellum
1077 1372 1224 1426 inter
1253 1386 1314 1429 se
1340 1372 1638 1444 gerendum
1681 1373 1922 1428 excitent
1962 1389 2060 1427 na-

480 1471 639 1519 turas
681 1462 748 1518 ad
797 1478 935 1533 quas
984 1463 1364 1529 accesserint,
1415 1464 1543 1519 inde
1586 1464 1776 1534 liquet.
1828 1462 2058 1535 Collegit

483 1557 678 1612 ambas
708 1556 763 1612 in
798 1571 907 1612 una
937 1562 992 1613 et
1031 1555 1220 1612 eadem
1259 1570 1495 1627 persona
1525 1556 1718 1611 beatus
1745 1555 1796 1626 7
1827 1555 2059 1627 Aposto-

482 1649 571 1705 lus
613 1648 805 1705 dicens
844 1665 857 1702 :
904 1646 1173 1715 Quoniam
1203 1662 1269 1703 ea:
1301 1649 1437 1718 ipso,
1476 1658 1524 1701 et
1566 1664 1657 1717 per
1696 1649 1887 1715 ipsum,
1923 1659 1971 1702 et
2002 1649 2056 1702 in

480 1743 657 1813 ipsum
702 1743 883 1796 omnia
925 1742 994 1797 ευ.
1045 1740 1203 1807 Quod
1258 1750 1437 1797 autem
1490 1741 1606 1796 hac
1657 1743 1722 1797 ad
1762 1741 2053 1797 Dominum

2161 550 2251 602 σία
2285 548 2555 619 διώρισεν.
2587 540 2692 610 Εἷς
2732 546 2876 611 Θεὸς
2917 545 3028 614 (51)
3063 546 3159 598 καὶ
3193 544 3417 613 Πατὴρ,
3450 544 3514 607 ἐξ
3545 540 3607 600 οὖ
3636 545 3699 598 τὰ

2159 641 2353 694 πάντα
2375 657 2386 670 ·
2420 638 2518 693 καὶ
2546 633 2633 704 εἷς
2658 640 2874 707 Κύριος
2911 638 3140 704 Ἰησοῦς
3164 636 3437 704 Χριστὸς,
3462 634 3528 688 δι’
3553 631 3613 690 οὗ
3636 634 3699 688 τὰ

2158 732 2373 795 πάντα.
2417 724 2587 784 Αὗται
2624 728 2724 783 οὒκ
2770 732 2877 782 εἱσι
2916 728 3333 798 νομοθετοῦντος
3374 728 3556 797 φωναὶ,
3582 724 3700 780 ἀλλὰ

2157 824 2631 897 διευκρινουμένου
2651 824 2749 887 τὰς
2788 821 3134 883 ὑποστάσεις.
3173 821 3247 872 υὺ
3283 820 3393 892 γὰρ
3435 820 3517 872 ἴνα
3542 818 3594 871 τὸ
3617 818 3700 872 ἁλι

2156 917 2369 990 λότριον
2411 917 2512 987 τῆς
2542 915 2758 985 φύσεως
2799 912 3099 985 εἰσαγάγῃ,
3142 911 3254 966 ἀλλ’
3296 912 3386 966 ἵνα
3430 910 3702 981 ἁσύγχυτον

2158 1010 2370 1081 Πατρὸς
2420 1009 2515 1062 καὶ
2574 1006 2705 1061 Υἱοῦ
2765 1005 2862 1076 τὴν
2921 1004 3127 1058 ἔννοιαν
3180 1004 3534 1076 παραστήσῃ,
3577 999 3704 1055 οὕτω

2158 1103 2494 1173 προήνεγκεν
2517 1100 2547 1152 6
2592 1095 2933 1160 ’Δπόστολος.
2974 1095 3126 1149 Ἐπεὶ
3151 1097 3234 1149 ὅτι
3263 1112 3327 1162 γε
3351 1096 3406 1147 αἱ
3438 1093 3595 1163 φωναὶ
3622 1092 3707 1146 ἀλ-

2157 1194 2347 1264 λήλαις
2390 1194 2490 1246 οὐκ
2531 1188 2979 1252 ἁντιτάσσονται,
3024 1188 3132 1241 οὐδ’
3168 1187 3356 1257 ὥσπερ
3408 1189 3465 1239 ὲν
3511 1184 3707 1255 πολέμῳ

2159 1286 2296 1355 πρὸς
2332 1283 2623 1338 ἀντίπαλον
2663 1282 2816 1349 τάξιν
2846 1281 3231 1352 ἀποκριθεῖσαι
3271 1277 3707 1349 συνεκπολεμοῦσι

2156 1377 2257 1441 τὰς
2282 1375 2471 1446 φύσεις
2488 1371 2573 1438 αῖς
2595 1371 3045 1445 προσεχώρησαν,
3064 1369 3273 1423 ἐκεῖθεν
3295 1369 3471 1437 δῆλον.
3497 1369 3709 1438 Συνήγα-

2158 1488 2252 1540 γεν
2271 1470 2382 1541 (52)
2401 1467 2715 1539 ἀμφοτέρας
2730 1467 2822 1518 ὲπὶ
2841 1465 2961 1528 ἑνὸς
2974 1464 3068 1518 καὶ
3076 1462 3170 1517 τοῦ
3190 1460 3355 1517 αὐτοῦ
3372 1460 3710 1531 ὑποκειμένου

2157 1564 2187 1616 6
2224 1561 2493 1632 μακάριος
2533 1558 2745 1621 Παῦλος
2783 1556 2985 1612 εἰπών·
3017 1558 3145 1610 Ὅτι
3172 1555 3242 1620 ἐξ
3267 1556 3474 1618 αὐτοῦ,
3519 1554 3606 1608 καὶ
3640 1553 3711 1608 δι’

2156 1652 2362 1717 αὐτοῦ,
2388 1651 2485 1705 καὶ
2507 1652 2595 1717 εις
2623 1648 2811 1704 αὐτὸν
2838 1647 2910 1703 τὰ
2930 1647 3145 1702 πάντα.
3173 1647 3343 1700 Τοῦτο
3367 1646 3424 1700 δὲ
3454 1646 3715 1718 προδήλως

2157 1746 2237 1808 είς
2258 1743 2349 1797 τὸν
2376 1742 2582 1813 Κύριον
2613 1739 2801 1811 φέρειν
2828 1741 2935 1802 πᾶς
2973 1755 3060 1802 τις
3087 1737 3153 1792 ἂν
3189 1737 3334 1791 εἴποι
3360 1737 3390 1789 6
3419 1736 3508 1789 καὶ
3533 1734 3713 1806 μικρὸν

482 1811 705 1899 referat,
737 1833 916 1905 quivis
956 1832 1230 1897 fatebitur,
1268 1834 1362 1904 qui
1410 1833 1497 1889 vel
1528 1835 1762 1890 tenuiter
1796 1835 2045 1905 inspiciat

2156 1835 2233 1907 τῷ
2274 1811 2574 1906 βουλήματι
2612 1832 2710 1903 τῆς
2742 1831 2940 1897 λέξεως
2964 1831 3283 1901 ἐπιστήσας.
3312 1827 3583 1901 Προτὰξας
3610 1827 3716 1899 γὰρ

480 1935 718 1980 mentem
757 1924 1043 1987 orationis.
1091 1922 1227 1978 Cum
1279 1924 1426 1979 enim
1474 1924 1771 1995 Apostolus
1804 1926 1958 1995 prius
1986 1941 2054 1980 ex

480 2017 634 2073 Isaiae
659 2017 943 2089 prophetia
968 2020 1248 2087 posuisset
1283 2017 1415 2072 illud
1450 2036 1463 2071 :
1500 2017 1633 2085 Quis
1662 2020 1900 2090 cognovit
1938 2035 2056 2073 sen-

478 2125 597 2163 sum
629 2107 864 2177 Domini,
906 2116 998 2162 aut
1029 2109 1146 2179 quis
1192 2109 1532 2164 consiliarius
1576 2109 1691 2175 ejus
1729 2110 1881 2179 fuit?
1924 2109 2056 2165 sub-

472 2200 651 2271 jecit:
687 2199 953 2267 Quoniam
983 2213 1048 2253 ea.
1080 2199 1217 2267 ipso,
1259 2206 1309 2253 et
1350 2213 1441 2267 per
1468 2200 1658 2266 ipsum,
1688 2208 1737 2253 et
1784 2200 1839 2253 in
1881 2200 2054 2269 ipsum

475 2300 600 2347 sunt
643 2292 820 2346 omnia
848 2292 917 2347 ⁸⁸.
958 2290 1089 2357 Quae
1121 2297 1270 2346 certe
1306 2289 1376 2345 de
1417 2287 1528 2345 Deo
1560 2288 1737 2345 Verbo
1764 2292 2052 2347 universo-

475 2400 603 2440 rum
647 2383 933 2441 conditore
960 2382 1109 2439 dicta
1153 2396 1279 2439 esse
1321 2397 1350 2436 a
1394 2381 1684 2453 propheta,
1721 2397 1787 2439 ex
1823 2383 1890 2439 iis
1932 2399 2055 2454 quae

478 2476 819 2549 praecedunt,
871 2474 1053 2531 discas
1090 2473 1297 2530 licebit.
1339 2472 1471 2540 Quis
1518 2489 1732 2529 mensus
1775 2485 1854 2529 est
1892 2492 2054 2530 manu

481 2583 698 2639 aquam,
750 2575 801 2621 et
842 2565 1027 2620 caelum
1064 2565 1266 2635 palmo,
1312 2573 1363 2620 et
1397 2573 1563 2619 totam
1598 2574 1791 2620 terram
1834 2571 2055 2638 pugno?

480 2658 612 2727 Quis
646 2659 838 2714 statuit
861 2666 1062 2713 montes
1107 2659 1165 2712 in
1212 2657 1374 2723 libra,
1415 2667 1466 2713 et
1499 2658 1658 2713 colles
1708 2659 1764 2713 in
1803 2663 2053 2716 statera?

477 2750 612 2816 Quis
646 2749 885 2821 cognovit
919 2765 1129 2804 sensum
1161 2748 1398 2814 Domini,
1434 2757 1528 2803 aut
1565 2749 1683 2819 quis
1710 2749 2052 2804 consiliarius

472 2841 558 2897 illi
588 2842 690 2913 fuit
715 2842 761 2875 ⁸⁸
784 2842 809 2896 ἳ
834 2840 971 2896 Nam
999 2842 1116 2897 base
1142 2840 1334 2907 dictio,
1364 2841 1505 2911 quis,
1545 2840 1636 2896 hic
1676 2856 1788 2896 non
1825 2857 2053 2913 prorsus

475 2933 528 2990 id
563 2933 712 3005 quod
736 2933 929 2990 haberi
968 2934 1177 3006 nequit,
1212 2933 1505 3004 signiﬁcat,
1542 2932 1638 2990 sed
1673 2933 1821 3004 quod
1848 2941 1935 2990 est
1963 2950 2053 2988 ra-

474 3039 599 3079 rum
631 3041 645 3077 :
678 3025 827 3081 velut
879 3029 933 3080 in
979 3024 1082 3080 hoc
1119 3043 1133 3079 :
1173 3022 1305 3091 Quis
1344 3027 1579 3096 insurget
1622 3024 1752 3079 mihi
1799 3024 2051 3079 aduersus

2154 1931 2183 1983 6
2235 1925 2554 1990 Ἀπόστολος
2590 1928 2657 1978 ὲκ
2705 1924 2804 1994 τῆς
2849 1922 3186 1994 προφητείας
3232 1920 3326 1974 τοῦ
3384 1920 3594 1973 Ἡσαΐου
3634 1919 3714 1986 τὸ,

2161 2020 2256 2086 Τις
2284 2018 2438 2088 ἔγνω
2467 2017 2620 2071 νοῦν
2645 2016 2863 2084 Κυρίου
2882 2029 2903 2078 ;
2925 2014 3024 2068 καὶ
3052 2015 3143 2079 τίς
3170 2014 3515 2082 σύμϐουλος
3543 2010 3717 2065 αὐτοῦ

2154 2109 2426 2180 ἐγένετο;
2455 2109 2755 2179 ἐπήγαγενο
2785 2107 2917 2160 Ὅτι
2945 2105 3012 2171 ἐξ
3050 2103 3259 2167 αὐτοῦ,
3292 2103 3389 2158 καὶ
3418 2102 3490 2156 δι’
3520 2101 3719 2167 αὐτοῦ,

2155 2202 2254 2256 καὶ
2285 2205 2372 2268 εἰς
2403 2200 2590 2255 αὑτὸν
2626 2199 2701 2253 τὰ
2728 2198 2946 2252 πάντα.
2986 2197 3165 2269 ’Δπερ
3197 2197 3280 2250 ὅτι
3309 2197 3436 2268 περὶ
3467 2194 3556 2249 τοῦ
3587 2193 3722 2248 Θεοῦ

2155 2296 2328 2364 Λόγου
2351 2294 2444 2348 τοῦ
2466 2290 2799 2365 δημιουργοῦ
2822 2292 3001 2363 πάσης
3021 2289 3252 2353 κτίσεως
3278 2288 3491 2361 εἴρηται
3508 2285 3578 2357 τῷ
3601 2304 3729 2358 προ-

2156 2388 2324 2459 φήτῃ,
2356 2387 2420 2441 ὲκ
2447 2386 2555 2439 τῶν
2586 2385 2817 2439 κατόπιν
2843 2384 2954 2456 (55)
2982 2383 3049 2438 ἂν
3085 2383 3296 2465 μᾴθοις.
3322 2382 3424 2449 Τίς
3441 2382 3729 2451 ἐμέτρησε

2155 2476 2229 2546 τῇ
2256 2477 2405 2548 χειρὶ
2430 2478 2495 2532 τὸ
2525 2477 2700 2545 ὕδωρ,
2736 2476 2834 2531 καὶ
2861 2477 2968 2530 τὸν
3001 2476 3263 2545 οὐρανὸν
3303 2473 3591 2544 σπιθαμῇ,
3625 2475 3727 2527 καὶ

2154 2567 2362 2624 πᾶσαν
2403 2568 2518 2637 τὴν
2561 2567 2679 2638 γῆν
2706 2568 2911 2637 δρακί;
2973 2567 3064 2633 Τίς
3106 2567 3335 2634 ἔστησε
3378 2563 3454 2619 τὰ
3503 2564 3603 2633 ὅρη
3655 2563 3732 2616 ἐν

2154 2659 2396 2731 σταθμῷ
2425 2659 2525 2714 καὶ
2573 2661 2681 2727 τὰς
2719 2661 2912 2727 νάπας
2940 2659 3011 2712 ἐν
3054 2657 3237 2730 ζυγῷς
3279 2659 3375 2725 Τις
3400 2656 3551 2728 ἔγνω
3579 2656 3731 2711 νοῦν

2152 2753 2394 2820 Κιιρίου,
2449 2751 2548 2806 καὶ
2593 2752 2683 2818 τίς
2737 2753 3085 2822 σύμϐουλος
3128 2749 3314 2804 αὐτοῦ
3351 2747 3619 2819 arerem;
3652 2747 3735 2802 Τδ

2153 2843 2281 2916 γὰρ,
2319 2844 2411 2910 τίς
2433 2843 2669 2898 ἐνταῦθα
2706 2844 2828 2914 οὐχὶ
2856 2842 2918 2896 τὸ
2942 2842 3147 2914 ἄπορον
3177 2839 3478 2904 παντελῶς,
3508 2839 3638 2893 ἀλλὰ
3662 2840 3732 2892 τὸ

2156 2937 2382 2991 σπάνιον
2410 2936 2580 3007 δηλοῖ,
2628 2937 2705 3000 ὡς
2745 2938 2838 2989 ὲπ⁵ι
2882 2934 2976 2989 τοῦ
3001 2951 3015 2965 ⁸
3053 2935 3148 3001 Τίς
3181 2932 3589 3001 ἀναστήσεται
3630 2950 3733 2998 μοι

2151 3028 2252 3083 ἐπὶ
2280 3029 2800 3099 πονηρευομένους
2818 3028 2929 3097 (54)
2952 3045 2966 3094 ;
2989 3027 3210 3094 καὶ,Τις
3234 3027 3405 3080 ἐστιν
3422 3025 3738 3095 ἄνθρωπος

470 3131 707 3187 perverse
736 3125 945 3189 agentes
973 3116 1061 3172 "?
1085 3115 1188 3171 Et:
1223 3116 1357 3185 Quis
1393 3127 1471 3172 est
1498 3117 1654 3172 homo
1694 3117 1785 3189 qui
1832 3116 1941 3172 vult
1977 3117 2045 3171 οὗ

2156 3124 2188 3175 ὁ
2218 3122 2410 3175 θέλων
2437 3119 2625 3188 (mir;
2665 3121 2778 3182 xui,
2815 3120 2910 3186 Τίς
2951 3118 3318 3187 ἀναϐήσεται
3350 3120 3438 3185 εις
3480 3118 3543 3172 τὸ
3591 3117 3741 3186 ὄρος

475 3217 586 3263 tam
625 3208 712 3263 ⁸³⁸1
741 3207 808 3262 Ει
839 3226 853 3264 :
885 3208 1019 3275 Quis
1068 3208 1314 3265 ascendet
1350 3210 1403 3264 in
1458 3219 1686 3264 montem
1729 3209 1943 3263 Domini
1966 3208 2045 3263 “1

2156 3211 2262 3265 τοῦ
2302 3212 2561 3279 Κυρίου;
2586 3208 2744 3264 υῦτω
2775 3210 2840 3283 δὴ
2874 3206 2970 3264 οὖν
3008 3211 3103 3264 καὶ
3134 3208 3369 3263 ἐνταῦθά
3398 3210 3535 3276 ἐστι,
3572 3208 3668 3274 Τίς
3702 3213 3742 3263 ὁ

473 3302 740 3360 Similiter
773 3314 827 3359 et
855 3303 958 3359 hoc
987 3304 1110 3360 loco
1128 3302 1334 3358 dictum
1363 3322 1376 3357 :
1411 3303 1544 3371 Quis
1572 3313 1651 3358 est
1677 3304 1767 3375 qui
1803 3304 2047 3373 cognouit

471 3409 682 3448 sensum
718 3391 957 3461 Domini,
992 3402 1041 3448 et
1080 3393 1292 3449 consilii
1330 3394 1478 3449 illius
1511 3396 1773 3465 particeps
1824 3396 1924 3465 fuit
1956 3394 2048 3448 3°?

469 3484 636 3538 Pater
663 3484 803 3539 enim
840 3482 1017 3556 diligit
1048 3482 1273 3548 Filium,
1306 3494 1356 3539 et
1386 3485 1566 3539 omnia
1596 3485 1826 3540 ostendit
1859 3485 1944 3539 illi
1972 3485 2039 3540 ³⁷.

468 3571 570 3629 llic
598 3580 682 3629 est
713 3573 808 3643 qui
855 3574 1105 3629 continet
1145 3584 1373 3638 terram,
1418 3588 1651 3645 eamque
1680 3590 1864 3646 pugno
1894 3591 2046 3631 com-

467 3666 662 3737 plexus
692 3674 812 3735 est;
844 3668 939 3737 qui
970 3674 1169 3722 cuncta
1209 3665 1439 3737 digessit
1470 3667 1525 3722 in
1561 3669 1831 3734 ordinem,
1870 3684 2046 3740 eaque

466 3757 684 3812 ornavit
713 3775 729 3823 ;
759 3758 854 3829 qui
883 3766 937 3814 et
964 3764 1179 3814 montes
1211 3757 1496 3827 aequaliter
1520 3756 1761 3824 libravit,
1797 3765 1853 3813 et
1885 3759 2044 3828 aquis

467 3843 728 3898 terminos
770 3842 1129 3913 praescripsit,
1177 3852 1231 3898 et
1274 3843 1534 3899 omnibus
1578 3857 1701 3913 qum
1743 3843 1799 3897 in
1838 3845 2044 3900 mundo

465 3941 617 3996 sunt,
649 3948 809 3989 suum
840 3934 1148 4004 designavit
1175 3933 1423 3989 ordinem
1461 3952 1475 3989 :
1507 3935 1603 4004 qui
1633 3942 1807 3991 totum
1836 3936 2038 3991 coelum

464 4023 681 4079 modica
710 4024 879 4080 totius
908 4040 1022 4080 suae
1049 4025 1340 4096 potestatis
1373 4026 1644 4096 particula
1677 4030 2039 4099 comprehen-

463 4112 547 4168 dit
579 4128 779 4185 :quam
810 4130 994 4171 sermo
1026 4116 1381 4186 propheticus
1409 4116 1639 4187 ﬁgurate
1669 4119 1910 4187 palmum
1941 4136 2039 4192 ap-

464 4206 704 4277 pellavit.
746 4206 904 4263 Unde
931 4217 1305 4278 congruenter
1348 4210 1647 4279 Apostolus
1671 4210 1872 4280 adjecit
1906 4231 1918 4266 :
1954 4212 2040 4267 Ex

2153 3302 2325 3369 εἰδὼς
2348 3302 2457 3356 τὸν
2482 3303 2635 3357 γοῦν
2661 3302 2768 3356 τοῦ
2796 3304 3044 3372 Κυρίου,
3079 3302 3175 3357 καὶ
3201 3300 3313 3371 τῆς
3342 3298 3582 3368 βουλῆς
3620 3302 3743 3355 αὑ·
3792 3313 3800 3319 ·

2150 3394 2259 3448 τοῦ
2284 3395 2569 3459 κοινωνός
2592 3409 2610 3457 ;
2647 3395 2709 3447 Ὀ
2737 3394 2848 3464 γὰρ
2868 3393 3070 3462 Πατὴρ
3098 3394 3299 3464 ἀγαπᾷ
3329 3392 3437 3447 τὸν
3450 3393 3607 3461 flor,
3632 3392 3747 3448 καὶ

2147 3484 2345 3540 πάντα
2370 3484 2686 3540 δείκνυσιν
2707 3484 2886 3551 αὐτῷ.
2914 3479 3083 3548 Οὗτός
3116 3487 3265 3538 ἐστιν
3290 3487 3319 3538 6
3359 3484 3598 3555 συνέχων
3635 3484 3748 3554 τὴν

2147 3579 2272 3649 γῆν,
2301 3577 2397 3632 καὶ
2422 3578 2917 3650 περιδεδραγμένος
2942 3576 3146 3647 αὐτῆςο
3188 3579 3218 3631 6
3254 3579 3335 3641 είς
3367 3576 3520 3643 τάξιν
3553 3577 3749 3631 πάντα

2148 3669 2243 3722 καὶ
2271 3668 2633 3740 διακόσμησιν
2665 3670 2924 3738 ἀγαγών·
2963 3668 2995 3721 6
3030 3669 3125 3726 καὶ
3167 3667 3349 3739 ὄρεσιν
3387 3666 3744 3737 ἰσορροπίαν,

2147 3761 2239 3813 καὶ¹
2271 3759 2426 3815 ὕδασι
2473 3760 2675 3833 μέτρα,
2715 3761 2811 3815 καὶ
2845 3761 2978 3814 πᾶσι
3026 3762 3139 3824 τοῖς
3186 3763 3243 3813 ὲν
3279 3757 3358 3831 τῷ
3389 3758 3583 3831 κόσμῳ
3631 3761 3751 3830 τὴν

2145 3852 2349 3908 οίκείαν
2374 3852 2528 3919 τάξιν
2557 3852 2958 3926 ἀποκληρώσας
2988 3852 3102 3923 (55)
3122 3869 3135 3883 ·
3163 3853 3194 3906 6
3229 3851 3323 3906 τὸν
3353 3850 3751 3922 οὐρανδνόλον

2148 3944 2328 4016 μικρῷ
2360 3946 2514 4018 μέρει
2535 3946 2635 4017 τῆς
2661 3945 2789 4017 ὅλης
2813 3945 3006 4000 ἑαυτοῦ
3032 3944 3315 4015 δυνάμεως
3341 3943 3639 4015 περιέχων,
3667 3944 3754 4015 ἣν

2147 4033 2424 4105 σπιθαμὴν
2459 4034 2738 4106 τροπικῶς
2782 4038 2811 4089 ὁ
2858 4036 3196 4106 προφητικδς
3244 4033 3494 4104 ὠνόμασε
3551 4034 3753 4104 λόγος.

2146 4124 2309 4179 Ὅθεν
2343 4126 2558 4190 οἰκείως
2601 4127 2882 4198 ἐπήγαγεν
2911 4129 2941 4180 6
2986 4123 3306 4189 Ἀπόστολος
3351 4124 3432 4187 τὸ,
3481 4124 3584 4189 Ἐξ
3624 4127 3758 4181 αὐ-

2143 4216 2271 4280 τοῦ,
2302 4217 2401 4272 καὶ
2428 4217 2502 4270 δι’
2531 4217 2718 4272 αὐτοῦ
2739 4258 2753 4283 ,
2789 4219 2885 4273 καὶ
2921 4221 3008 4285 εις
3035 4218 3223 4274 αὑτὸν
3261 4218 3335 4273 τὰ
3379 4218 3602 4273 πάντα.
3648 4219 3763 4288 Ἐξ

532 4386 787 4469 1'1_Cor.
816 4387 1024 4469 vm,_(_i.
1178 4387 1337 4469 item.
1370 4406 1446 4455 xl,
1476 4390 1585 4469 36ζ
1641 4390 1850 4469 “_ibid.
1879 4390 1968 4449 54.
2000 4391 2045 4469 5]

2156 4392 2246 4469 lea.
2268 4407 2373 4469 -χι,
2405 4391 2493 4446 15.
2533 4392 2615 4469 λ’
2642 4389 2750 4448 lsa.
2784 4408 2874 4460 XL,
2906 4391 2996 4457 12,
3027 4392 3114 4449 15.
3189 4397 3237 4429 ⁸³
3262 4397 3408 4457 Psal.
3442 4417 3606 4469 xcm,
3643 4404 3758 4462 16.

459 4457 506 4489 ⁸⁸
534 4455 685 4515 Psal.
712 4473 911 4524 nun,
940 4459 1027 4514 15.
1100 4458 1147 4492 ³⁸
1179 4456 1326 4515 Psal.
1361 4476 1522 4527 sun,
1554 4462 1608 4518 5.
1683 4461 1729 4493 ⁸⁸
1761 4460 1864 4516 lsa.
1900 4477 1988 4526 st,
2021 4462 2045 4514 1

2184 4462 2229 4493 ⁸⁷
2259 4455 2417 4518 Joau.
2447 4478 2503 4527 v,
2531 4460 2625 4518 20.

529 4569 758 4656 (δοπιξ
1020 4570 1138 4656 Duo
1166 4573 1388 4630 codices
1421 4590 1554 4632 mss.
1587 4586 1645 4631 et
1678 4560 1830 4631 alius.
1865 4576 2038 4646 prima
2072 4580 2115 4633 D
2144 4577 2346 4647 prelari
2373 4596 2386 4631 :
2419 4577 2688 4656 Quoniam
2724 4593 2793 4656 eg
2837 4578 2953 4656 ipso
2985 4588 3048 4656 _et
3093 4596 3185 4651 per
3213 4583 3385 4652 ipsum
3415 4594 3465 4639 et
3522 4587 3583 4639 in
3621 4588 3768 4656 ipso

459 4640 635 4715 manu
663 4640 865 4715 habent
899 4644 934 4715 ή
956 4640 1124 4715 κενή.

532 4709 644 4784 (51)
668 4705 773 4778 Εἷς
802 4705 967 4786 Θεοῖς.
988 4705 1176 4786 ΑΤοίιιε
1213 4713 1303 4769 hic
1323 4715 1484 4786 locus
1504 4716 1586 4786 sic
1620 4715 1820 4786 legitur
1845 4715 1899 4769 in
1930 4712 2040 4769 Re-

516 4776 550 4836 ό
573 4776 773 4856 quarto
807 4800 824 4856 :_
852 4776 950 4856 Εζξ
979 4781 1111 4856 Θεὸς
1138 4784 1409 4856 όμῐιατὴρ,
1440 4784 1500 4851 ἐξ
1527 4779 1588 4841 οὗ
1614 4776 1913 4848 “cava-cavsa,
1944 4786 2040 4838 καὶ

459 4850 726 4974 ἓξὲξδΰ
764 4850 964 4907 αὐτοῦ·
1003 4854 1098 4908 καὶ
1144 4850 1224 4919 εἷς
1257 4850 1575 4928 Κύριοςᾳ...
1624 4856 1719 4910 καὶ⁸
1750 4857 1911 4927 ἡμεῖς
1959 4857 2039 4918 εἰς

499 4939 643 4975 υτον.

2142 4646 2266 4701 sunt
2296 4648 2495 4725 omnia,
2543 4647 2639 4703 lib.
2675 4663 2716 4701 Il
2746 4647 2824 4725 De
2854 4646 3060 4725 Spiritu
3087 4646 3301 4725 sancto,
3325 4670 3446 4725 cap.
3475 4656 3554 4724 9;
3607 4646 3765 4714 dum

2142 4718 2443 4797 praesertim
2474 4727 2728 4797 sanctus
2748 4718 2943 4773 doctor
2973 4719 3106 4797 illud
3134 4721 3215 4797 ei;
3245 4718 3410 4778 αὐτόν
3434 4728 3519 4781 sic
3539 4718 3770 4797 ’κεκριί-

2141 4794 2250 4857 get,
2279 4788 2436 4857 quasi
2471 4788 2613 4843 idem
2647 4788 2824 4843 valeat
2852 4804 2916 4842 ac
2943 4790 3129 4845 omnia
3162 4794 3219 4847 in
3249 4810 3373 4849 eum
3410 4788 3766 4857 intuentur.

2141 4855 2272 4925 Ejus
2297 4855 2472 4911 'verba
2505 4871 2629 4911 mox
2669 4857 2924 4913 referam.

2211 4927 2330 5009 (55)⁸
2374 4928 2474 4981 Ἐκ
2496 4926 3207 5009 ςῶμα·’κατόπιν-ἱἘινιςιεηιιε⁸
3234 4953 3247 5009 ξ
3275 4950 3339 4988 ex
3358 4934 3438 4989 his
3460 4939 3772 5009 qua3_sub-

530 4990 644 5075 (52')
1086 4993 1307 5075 Addunt
1352 4994 1619 5075 editiqdp
1649 4996 1784 5075 καίε-
1807 4993 1903 5052 sed
1952 4994 2037 5050 has

2156 4990 2376 5061 Ficiun’t;
2417 4996 2548 5075 sed,
2591 5006 2651 5052 ut
2686 5012 2830 5069 saepe
2869 4998 3026 5064 alias,
3079 5001 3161 5075 ita;
3194 5004 3282 5058 hic
3320 4990 3546 5075 quoque
3578 4990 3772 5063 desi-

456 5063 668 5118 voculae
717 5063 934 5121 absunt
970 5066 1040 5122 ah
1095 5065 1335 5122 antiuuis
1386 5063 1689 5121 codicibus.
1744 5065 2031 5121 Erasmum

460 5082 668 5118 vocula:
717 5082 919 5121 ausum.
970 5082 1040 5122 an
1095 5082 1207 5119 anu
1250 5082 1335 5120 uss
1386 5082 1689 5121 coutcmus.
1744 5082 2031 5121 nrasmum

458 5132 636 5206 carpit
670 5131 1055 5206 Combefisius,
1098 5082 1243 5206 quod
1285 5135 1600 5206 ἀμφοτέρας
1640 5137 2033 5206 interpretatur

459 5205 1134 5274 ambasLacreddcndum
1162 5220 1285 5261 esse
1318 5205 1597 5260 Contendit
1638 5205 1888 5274 utrasque
1926 5213 2028 5259 tres

456 5271 624 5352 ipsas.
655 5269 833 5352 Yenia
859 5291 969 5352 non
991 5283 1214 5352 careret
1253 5275 1565 5352 observatio
1592 5269 1930 5352 (Jonlbe'lisii,
1953 5276 2025 5352 _si

456 5340 615 5414 illud.
644 5343 726 5414 είς
774 5344 959 5413 αὐτόν,
991 5345 1131 5400 idem
1175 5352 1319 5400 esset
1352 5359 1416 5400 ac
1453 5346 1506 5398 in
1531 5346 1663 5414 ipso.
1698 5345 1852 5399 Tunc
1878 5340 2025 5401 enim

455 5410 652 5466 merito
676 5410 955 5469 diceretur
992 5414 1229 5470 Basilius
1254 5423 1376 5487 _tres
1409 5415 1532 5487 illas
1552 5410 1829 5487 loquendi
1856 5416 2025 5487 ratio-

456 5494 581 5557 nes,
613 5496 679 5557 eg;
700 5497 822 5552 quo,
850 5500 944 5554 per
969 5501 1142 5557 quem.
1167 5492 1222 5540 et
1246 5485 1299 5538 in
1319 5501 1442 5554 quo,
1469 5484 1536 5539 de
1560 5484 1760 5557 quibus
1789 5500 1911 5557 eum
1939 5486 2025 5539 in-

455 5556 617 5622 teret
635 5550 1167 5622 Pneumatomachos
1191 5563 1311 5609 erat
1332 5550 1730 5622 controversia,
1761 5571 1825 5610 ex
1856 5554 2026 5610 Paulo

456 5620 762 5701 collegisse.
800 5624 872 5678 At
928 5624 1085 5689 illud,
1135 5625 1216 5701 εἰς
1247 5625 1518 5701 αὐτόνηὶη
1564 5620 1767 5701 ipsum,
1811 5626 1937 5701 sive
1958 5625 2026 5701 ad

455 5695 648 5771 ipsum,
682 5707 791 5749 non
815 5701 934 5771 erat
957 5695 1200 5771 _materia
1221 5695 1627 5771 cavillationum
1661 5699 1729 5754 ab
1756 5696 2028 5771 haereticis

456 5762 821 5819 inventarum.
852 5763 1008 5822 Unde
1056 5765 1227 5820 miror
1261 5762 1319 5819 S.
1350 5766 1701 5822 Ambrosium
1745 5768 1823 5822 sic
1855 5768 2024 5821 inter-

2139 5076 2380 5137 gnantur
2441 5069 2545 5143 hac
2578 5082 2753 5143 voceL
2781 5084 2898 5143 qua:
2931 5083 3086 5143 _retro
3119 5073 3234 5143 sive
3281 5069 3525 5143 superius
3581 5076 3768 5134 dicta

2138 5148 2279 5217 sunt,
2303 5148 2394 5217 _u_t__
2417 5140 2689 5217 observat
2713 5137 3096 5217 Combelisius.
3132 5141 3257 5217 Mox
3299 5137 3357 5199 ὲν
3394 5148 3768 5217 praepositio

2136 5205 2223 5262 bis
2252 5208 2436 5262 addita
2466 5225 2532 5264 ex
2563 5207 2780 5263 duobus
2804 5208 2958 5264 libris
2988 5214 3283 5268 veteribus.

2134 5275 2317 5416 μέξῗῗ)
2339 5276 2889 5348 Πονηρευομένους.
2906 5279 3138 5339 Codices
3158 5284 3401 5355 quinque
3422 5302 3571 5359 πον-η
3583 5305 3774 5358 ρευο.

2289 5365 2335 5411 ς.

2205 5364 2335 5411 νοις.

2204 5416 2315 5500 (55ξ
2357 5418 2839 5500 ᾎςιτοφιλογιςοῴσαςἶ
2868 5420 2961 5476 Sic
3010 5425 3495 5500 utraqneheditio;
3558 5437 3773 5500 atque

2133 5485 2277 5564 hanc
2297 5485 2628 5564 lectionem;
2647 5499 2706 5545 ut
2733 5485 2996 5561 aptiorem
3018 5501 3071 5547 et
3098 5485 3561 5564 signiticatiorém
3600 5485 3767 5555 Ire-ti;

2133 5556 2377 5632 nuimus,
2409 5562 2663 5632 quamvis
2720 5556 2963 5632 quinque
3008 5556 3230 5620 codic'es
3279 5581 3414 5623 mss.
3474 5568 3775 5625 habeant

2133 5577 2377 5622 nulmus,
2412 5577 2663 5628 quamvis
2761 5577 2963 5632 umque
3008 5577 3230 5620 coalces
3279 5581 3414 5623 mss.
3474 5577 3774 5625 habeant.

2132 5626 2558 5714 ἔτερ-πληρώσας.
2583 5577 2754 5714 ,ρυοὲ
2799 5634 2963 5714 etiam
2997 5634 3171 5714 prima
3202 5648 3369 5714 manu
3406 5640 3658 5695 exstitit
3694 5641 3774 5695 in

2133 5699 2471 5770 Colbertino,
2504 5700 2599 5757 sed
2636 5711 2821 5773 postea
2852 5699 3075 5758 inducta
3106 5706 3356 5760 mutatio.
3666 5741 3675 5752 .
