3900 6212
231 334 296 392 81
1370 335 1572 392 LIBER
1611 336 1698 391 DE
1740 334 2014 391 SPIRITU
2058 335 2350 393 SANCTO.
3419 329 3490 386 εἳ

232 453 400 508 αὑτοῦ
431 453 540 524 γὰρ
565 456 680 517 τοῖς
709 449 860 507 οὖσιν
895 455 927 524 ὴ
962 453 1107 506 αίτία
1135 454 1228 506 τοῦ
1265 449 1403 507 εἶναι
1447 455 1588 508 κατὰ
1633 456 1692 508 τὸ
1727 455 1812 508 Οέ-

1924 456 2049 523 ipso,
2084 463 2134 508 et
2177 471 2268 523 per
2301 457 2496 524 ipsum,
2533 459 2584 506 et
2629 452 2684 505 in
2733 450 2904 519 ipsum
2955 447 3132 502 omnia
3173 447 3240 502 ⁸⁸.
3276 445 3353 501 Ex
3384 447 3489 503 hoc

231 547 384 616 λημα
416 545 508 598 τοῦ
540 545 676 598 Θεοῦ
718 547 814 598 καὶ
850 545 1062 616 Πατρὸς
1105 546 1332 614 γίνεται.
1386 548 1462 600 Δι’
1503 547 1667 601 αὑτοῦ
1706 551 1817 611 τοῖς

232 639 402 688 πᾶσιν
431 636 465 706 ἡ
497 635 724 706 διαμονὴ
753 636 848 687 καὶ
889 638 922 706 ή
958 635 1246 699 σύστασιςο
1292 637 1385 690 τοῦ
1422 639 1710 702 κτίσαντος
1748 640 1818 692 τὰ

230 728 436 789 πάντα,
463 728 556 781 καὶ
583 728 650 781 τὰ
677 729 815 799 πρὸς
843 729 1114 799 σωτηρίαν
1140 731 1355 802 ἑκάστῳ
1375 731 1482 784 τῶν
1508 734 1817 802 γενομένων

229 818 682 890 ὲπιμετροῦντος.
716 819 806 872 Διὸ
829 819 892 890 δὴ
928 821 1022 872 καὶ
1048 822 1128 884 είς
1156 822 1320 875 αὑτὸν
1350 823 1723 896 ὲπέστραπται
1749 823 1818 878 τὰ

233 910 549 982 σύμπαντα,
573 913 786 981 ἀσχέτῳ
809 912 920 983 (56)
941 913 1050 965 τινὶ
1077 915 1225 984 πόθῳ
1249 916 1340 968 καὶ
1365 917 1590 986 ἁρρήτῳ
1616 920 1813 987 στοργῇ

235 1003 375 1074 πρὸς
421 1003 511 1056 τὸν
557 1003 801 1074 ἀρχηγὸν
838 1005 936 1073 τῆς
968 1003 1115 1074 ζωῆς
1164 1007 1257 1060 καὶ
1304 1011 1536 1078 χορηγὸν
1581 1009 1814 1062 ἀποϐλέ-

231 1112 426 1156 ποντα,
466 1093 607 1146 κατὰ
653 1094 715 1147 τὸ
746 1095 1166 1166 γεγραμμένον*
1219 1101 1282 1150 Ol
1333 1099 1624 1168 ὀφθαλμοί
1669 1099 1818 1156 πάν-

227 1203 351 1239 των
375 1189 463 1252 εἰς
490 1187 566 1240 σὲ
591 1186 904 1246 ἐλπίζουσι
923 1205 936 1217 ·
970 1189 1063 1240 καὶ
1105 1189 1264 1243 πάλιν
1284 1207 1297 1220 ’
1321 1190 1523 1244 Πάντα
1555 1192 1705 1260 πρὸς
1743 1193 1818 1246 σὲ

229 1276 653 1343 προσδοκῶσιο
701 1279 817 1342 καὶ,
871 1277 1149 1349 Ἁνοιγεις
1187 1280 1270 1334 σὺ
1314 1281 1428 1350 τὴν
1469 1282 1638 1352 χεῖρά
1676 1300 1813 1347 σου,

229 1366 328 1418 καὶ
358 1366 663 1436 ἐμπιπλᾷς
697 1365 819 1421 πᾶν
843 1366 989 1428 ζῶον
1021 1368 1322 1435 εὐδοκίας.

297 1634 352 1688 8.
396 1635 462 1686 Ei
500 1635 557 1688 δὲ
589 1635 723 1705 πρὸς
752 1635 958 1706 ταύτην
992 1638 1150 1709 ἡμῶν
1182 1641 1281 1713 τὴν
1314 1643 1540 1714 ἐκδοχὴν
1574 1645 1818 1700 ἐνίσταν-

222 1742 339 1790 ται,
367 1725 452 1788 τίς
478 1727 679 1789 αὐτοὺς
709 1726 1055 1800 ἐξαιρήσεται
1082 1731 1241 1801 λόγος
1269 1733 1363 1786 τοῦ
1393 1737 1467 1807 μὴ
1501 1736 1621 1808 οὐχ).
1651 1755 1814 1806 φανε-

1917 547 2184 617 siquidem
2222 548 2287 602 iis
2319 560 2440 616 quae
2479 551 2630 608 sunt,
2663 556 2830 598 causa
2863 547 2922 595 ut
2945 540 3057 595 sint
3095 547 3301 605 manat,
3333 541 3491 610 juxta

1918 640 2252 693 voluntatem
2278 638 2371 693 Dei
2398 644 2451 692 et
2467 635 2669 691 Patris.
2698 633 2803 690 Per
2833 635 3014 706 ipsum
3039 640 3392 705 perseverant
3425 646 3491 687 ac

1917 731 2226 786 consistunt
2290 729 2512 794 omnia;
2579 727 2958 784 universorum
3017 725 3300 782 conditore
3361 724 3490 778 uni-

1917 822 2117 891 cuique
2145 822 2225 877 rei
2255 830 2457 877 creata:
2492 835 2556 876 ea
2597 820 2762 876 etiam
2799 834 2922 890 quae
2955 818 3022 874 ad
3074 816 3161 873 sui
3195 829 3491 871 conserva-

1917 915 2120 968 tionem
2169 913 2488 969 necessaria
2557 920 2685 967 sunt
2751 910 3089 969 dimetiente.
3139 906 3490 978 .QuaprOpter

1918 1022 2050 1062 sane
2093 1007 2256 1061 etiam
2319 1007 2576 1061 universa
2638 1019 2762 1060 sese
2811 1004 2877 1058 ad
2927 1003 3080 1058 illum
3139 1005 3487 1061 convertunt,

1917 1097 2221 1151 invincibili
2271 1104 2435 1167 atque
2480 1095 2771 1151 insedabili
2801 1095 3038 1166 quodam
3091 1091 3391 1156 desiderio,
3436 1096 3491 1144 et

1918 1200 2122 1240 arcano
2179 1183 2374 1240 aﬂectu
2433 1184 2500 1238 ad
2550 1191 2829 1238 auctorem
2875 1192 2931 1238 et
2995 1183 3312 1252 largitorem
3367 1178 3492 1233 vita:

1915 1278 2290 1348 respicientis,
2319 1279 2475 1348 juxta
2515 1277 2647 1331 illud
2685 1275 2830 1349 quod
2868 1276 3131 1346 scriptum
3169 1280 3254 1329 est
3287 1287 3302 1323 :
3337 1269 3492 1328 Oculi

1917 1371 2150 1422 omnium
2193 1370 2250 1424 in
2281 1379 2328 1425 te
2359 1378 2574 1439 sperant
2601 1369 2682 1432 ";
2716 1375 2772 1423 et
2800 1381 3020 1422 rursum
3075 1382 3088 1417 :
3131 1363 3328 1420 Omnia
3367 1380 3401 1416 a
3443 1371 3492 1416 te

1916 1467 2219 1526 exspectant
2249 1460 2294 1491 ⁹⁰
2324 1477 2339 1524 ;
2368 1467 2421 1513 et
2452 1477 2465 1512 :
2497 1457 2683 1526 Aperis
2706 1469 2762 1510 tu
2786 1473 3001 1511 manum
3035 1462 3271 1520 tuam,et
3306 1452 3490 1520 imples

1918 1567 2067 1606 omne
2097 1552 2296 1605 animal
2326 1551 2676 1606 benedictione
2703 1553 2774 1606 ".

1989 1643 2042 1697 8.
2076 1642 2232 1709 Quod
2267 1643 2313 1699 si
2355 1643 2619 1698 adversus
2645 1643 2786 1697 hanc
2816 1648 3062 1696 nostram
3090 1637 3490 1710 expositionem

1920 1734 2222 1798 instabunt,
2279 1749 2400 1804 quae
2468 1734 2590 1789 illos
2651 1733 2792 1788 ratio
2847 1731 3123 1795 liberabit,
3193 1729 3491 1800 quominus

228 1816 341 1888 ρῶς
373 1818 589 1880 ἑαυτοῖς
620 1799 1004 1891 περιπίπτειν;
1032 1824 1095 1876 Εἰ
1124 1799 1234 1896 γὰρ
1267 1825 1340 1896 μὴ
1371 1799 1467 1880 εἰπέ
1490 1799 1598 1880 τοί
1612 1799 1813 1900 κυρίου

1924 1825 2194 1880 evidenter
2232 1826 2287 1879 in
2317 1841 2376 1880 se
2406 1825 2557 1895 ipsos
2589 1823 2910 1880 incurrant?
2931 1822 3148 1877 Etenim
3179 1822 3228 1877 si
3258 1836 3492 1876 conces-

223 1907 459 1961 δώσουσι
481 1910 582 1973 τὰς
607 1915 756 1981 τρεῖς
790 1913 1043 1984 εἰρῆσθαι
1074 1919 1278 1984 φωνὰς,
1303 1920 1402 1989 τήν
1429 1935 1488 1972 τε
1519 1919 1586 1984 ἐξ
1609 1921 1815 1985 αὐτοῦ,

227 2002 325 2054 καὶ
375 2002 450 2054 δι’
485 2003 692 2068 αὐτσῦ,
725 2005 823 2058 καὶ
861 2008 949 2072 εἰς
997 2009 1186 2062 αὑτὸν
1238 2010 1373 2082 (57),
1407 2012 1619 2084 ἀνάγκη
1669 2014 1819 2068 πᾶσα

227 2093 612 2163 πῳσοικειοῦν
647 2096 725 2166 τῷ
747 2096 866 2168 Θεῷ
888 2101 982 2152 καὶ
1022 2101 1218 2172 Πατρί.
1258 2103 1351 2156 Ἐκ
1379 2103 1432 2157 δὲ
1462 2105 1651 2158 τούτου
1687 2123 1820 2177 προ-

227 2185 403 2255 δήλως
432 2187 618 2251 αὐτοῖς
646 2188 989 2242 διαπεσεῖται
1026 2192 1087 2244 τὸ
1119 2189 1516 2264 παρατῆρημα.
1551 2196 1816 2266 Εὑρίσκε-

229 2295 320 2329 ται
347 2277 457 2349 γὰρ
496 2280 558 2331 οὐ
599 2279 760 2349 μόνον
791 2281 853 2334 τὸ
888 2281 956 2346 ἐξ
986 2279 1081 2348 οὗ,
1113 2284 1248 2338 ἀλλὰ
1282 2287 1374 2337 καὶ
1411 2286 1471 2338 τὸ
1499 2286 1573 2339 δι’
1597 2282 1693 2351 οὗ,
1743 2287 1818 2358 τῷ

231 2369 411 2441 Πατρὶ
454 2372 884 2441 προσαγόμενον.
921 2375 1098 2446 Ὅπερ
1139 2378 1187 2429 εί
1239 2377 1337 2446 μὲν
1380 2377 1532 2432 οὐδὲν
1565 2379 1817 2433 ταπεινὸν

231 2462 523 2532 ἐμφαίνει,
575 2465 626 2517 τί
679 2465 880 2536 δήποτε
930 2467 1006 2531 ὼς
1063 2469 1455 2540 ὑποδεέστερον
1498 2469 1817 2541 ἁφορίζουσι

229 2553 310 2624 τῷ
355 2555 506 2626 Υἱῷ;
555 2559 604 2609 εί
645 2558 702 2610 δὲ
749 2560 968 2624 πάντως
1013 2561 1130 2614 ἐστὶ
1175 2561 1451 2626 διακονίας
1497 2563 1815 2634 δηλωτικὸν,

230 2647 728 2718 ἁπεκρινάσθωσαν
775 2652 934 2722 ἡμῖν·
972 2652 1031 2705 'U
1069 2653 1202 2718 Θεὸς
1241 2654 1342 2724 τῆς
1375 2655 1533 2726 δόξης
1571 2655 1664 2708 καὶ
1710 2657 1819 2709 Πα-

229 2738 334 2808 τὴρ
381 2738 476 2793 τοῦ
521 2741 762 2809 Χριστοῦ
817 2743 963 2807 τίνος
1011 2745 1159 2799 ἐστὶν
1205 2745 1464 2816 ἄρχοντος
1504 2747 1784 2818 ὑπηρέτης
1800 2763 1814 2811 ;

241 2826 475 2881 Ἐκεῖνοι
515 2829 614 2898 μὲν
651 2825 744 2884 οὗν
777 2831 952 2896 οὕτως
993 2833 1083 2902 ὑφ’
1122 2834 1330 2888 ἑαυτῶν
1371 2836 1814 2908 περιτρέπονται,

229 2921 364 2990 ἡμῖν
401 2919 460 2972 δὲ
495 2921 836 2992 ἑκατέρωθεν
872 2923 932 2976 τὸ
963 2926 1180 2995 ἰσχυρὸν
1229 2926 1650 2998 φυλαχθήσεται.
1693 2930 1817 2984 Ἐάν

224 3027 286 3063 τε
313 3012 424 3082 γὰρ
455 3015 651 3085 νικήσῃ
677 3015 805 3086 περὶ
835 3016 926 3069 τοῦ
969 3017 1098 3070 Υίοῦ
1133 3015 1271 3072 εἶναι
1316 3019 1408 3072 τὸν
1444 3019 1623 3088 λόγον,
1664 3022 1818 3093 εὑρε-

226 3105 455 3175 Θήσεται
495 3106 556 3158 τὸ
583 3107 653 3170 ἐξ
681 3103 752 3162 οὗ
783 3107 860 3178 τῷ
887 3109 1002 3179 Υἰῷ
1043 3111 1426 3182 προσαρμόζον
1452 3128 1464 3142 ·
1513 3111 1610 3166 ἐάν
1647 3113 1708 3166 τὲ
1734 3132 1816 3178 τις
1844 3147 1886 3204 C

227 3196 515 3268 φιλονεικῇ
561 3197 675 3270 (58)
705 3200 799 3251 ἐπὶ
841 3200 933 3253 τὸν
967 3201 1097 3255 Θεὸν
1141 3203 1435 3275 ἀναφέρειν
1472 3203 1566 3256 τοῦ
1601 3207 1817 3276 προφή-

225 3303 324 3338 του
350 3289 451 3356 τὴν
488 3287 654 3354 λέξιν,
687 3289 847 3342 πάλιν
876 3289 974 3360 τὴν
1007 3291 1082 3344 δι’
1107 3287 1178 3346 οὗ
1212 3293 1395 3362 φωνὴν
1423 3292 1501 3361 τῷ
1535 3294 1653 3364 Θεῷ
1683 3297 1817 3366 πρέ-

227 3395 354 3431 πειν
395 3377 595 3440 δώσει,
649 3381 743 3432 καὶ
781 3384 882 3451 τὴν
922 3380 1042 3452 ἴσην
1089 3381 1200 3446 ἕξει
1247 3382 1402 3448 ἀξίαν
1436 3384 1690 3454 ἑκατέρα,
1739 3386 1818 3458 τῷ

225 3469 374 3522 κατὰ
402 3470 494 3522 τὸν
523 3472 639 3524 ἴσον
664 3469 821 3539 λόγον
843 3472 936 3525 ἐπὶ
963 3472 1097 3525 Θεοῦ
1125 3472 1516 3544 παρειλῆφθαι.
1546 3475 1655 3528 Καὶ
1676 3475 1817 3528 οὕτω

223 3577 290 3626 γε
333 3561 605 3623 κάκείνως
641 3563 894 3632 ὁμότιμοι
938 3563 1194 3632 ἀλλήλαις
1236 3565 1694 3636 ἀναφανήσονται,
1731 3566 1815 3633 ἐφ’

224 3652 350 3715 ὲνὺς
381 3653 677 3724 προσώπου
704 3655 798 3708 καὶ
829 3655 922 3708 τοῦ
955 3655 1119 3708 αὑτοῦ
1147 3658 1500 3727 τεταγμέναι.
1550 3657 1686 3710 Ἀλλ’
1725 3659 1815 3711 ἐπὶ

223 3741 289 3794 τὸ
333 3743 696 3814 προκείμενον
740 3745 1140 3816 ἐπανέλθωμεν.

300 4007 355 4061 9.
394 4008 628 4079 Γράψων
657 4014 686 4064 δ
730 4011 1049 4077 Ἀπόστολος
1078 4017 1214 4086 πρὸς
1256 4017 1537 4086 Ἐφεσίους
1559 4059 1573 4081 ,
1611 4019 1775 4089 φησίν
1797 4036 1811 4051 ·

229 4098 663 4167 ’.ἀληθεύοντες
698 4101 769 4155 δὲ
793 4104 862 4157 ἐν
879 4104 1099 4174 ἀγάπῃ,
1125 4107 1484 4177 αὐξήσωμεν
1511 4113 1597 4176 εὶς
1629 4112 1816 4164 αὐτὸν

231 4190 310 4243 τὰ
345 4189 581 4252 πάντα.
621 4191 688 4257 ὅς
739 4193 908 4248 ἐστιν
940 4198 978 4264 ἡ
1032 4199 1269 4266 κεφαλὴ
1310 4201 1595 4268 Χριστὸς,
1641 4202 1709 4266 ἐξ
1742 4198 1813 4258 οὗ

228 4280 357 4335 πᾶν
385 4281 452 4336 τὸ
497 4281 668 4352 σῶμα
702 4291 1354 4359 συναρμολογούμενον
1391 4291 1490 4344 καὶ
1533 4295 1816 4363 συμϐιϐά-

227 4370 483 4442 ζόμενον
530 4375 626 4428 διὰ
667 4377 870 4444 πάσης
899 4379 1058 4448 ἁφῆς
1089 4380 1196 4448 τῆς
1231 4383 1637 4453 ἐπιχορηγίας,
1685 4387 1810 4440 κατ’

1921 1917 2038 1973 suri
2073 1933 2181 1971 non
2214 1927 2342 1971 sunt
2372 1917 2440 1972 de
2493 1915 2726 1971 Domino
2753 1916 2928 1971 dictas
2967 1929 3092 1970 esse
3130 1913 3230 1968 bas
3257 1921 3372 1967 tres
3397 1928 3494 1966 vo-

1919 2026 2033 2076 ces,
2081 2027 2144 2065 ex
2182 2012 2319 2080 ipso,
2357 2019 2412 2065 et
2447 2026 2537 2078 per
2582 2010 2777 2078 ipsum,
2817 2018 2872 2062 et
2913 2008 2968 2061 in
3013 2007 3185 2076 ipsum
3215 2021 3234 2058 :
3267 2003 3492 2059 omnino

1919 2117 2204 2157 necessum
2233 2109 2335 2168 est,
2369 2109 2428 2155 ut
2461 2100 2572 2156 Deo
2616 2109 2670 2154 et
2703 2099 2852 2154 Patri
2892 2098 3114 2170 proprie
3156 2096 3487 2151 tribuantur.

1919 2192 2098 2263 Atque
2144 2193 2272 2248 hinc
2327 2193 2502 2262 palam
2553 2191 2857 2246 conciderit
2890 2172 3108 2244 illorum
3151 2185 3488 2243 observatio.

1920 2281 2209 2352 Reperitur
2240 2283 2383 2338 enim
2412 2297 2522 2336 non
2553 2282 2736 2344 modo,
2774 2294 2838 2334 ea:
2877 2295 3002 2350 quo,
3033 2275 3130 2334 sed
3169 2276 3357 2340 etiam,
3398 2289 3491 2346 per

1917 2391 2092 2444 quem,
2133 2374 2533 2429 accommodari
2576 2372 2643 2426 ad
2689 2371 2930 2427 Patrem.
2971 2369 3103 2437 Qum
3133 2383 3235 2424 vox
3278 2368 3328 2423 si
3351 2367 3492 2422 nihil

1919 2481 2029 2536 prae
2070 2481 2129 2521 se
2175 2464 2280 2519 fert
2311 2465 2536 2529 humile,
2565 2480 2727 2535 quam
2750 2462 2973 2518 tandem
3007 2463 3080 2517 ob
3108 2474 3336 2516 causam
3368 2473 3490 2514 eam

1918 2559 2066 2614 velut
2093 2557 2371 2613 inferioris
2399 2557 2687 2629 dignitatis
2729 2555 3018 2628 assignant
3048 2553 3228 2608 Filio?
3256 2550 3413 2618 Quod
3441 2549 3491 2606 si

1917 2650 2140 2705 omnino
2163 2649 2408 2705 declarat
2437 2648 2829 2713 ministerium,
2877 2645 3247 2717 respondeant
3276 2643 3440 2700 nobis
3475 2662 3488 2698 :

1917 2742 2062 2798 Deus
2096 2743 2285 2814 gloriae
2329 2752 2384 2796 et
2427 2740 2588 2796 Pater
2627 2740 2856 2802 Christi,
2901 2738 3065 2808 cujus
3099 2737 3368 2808 principis
3409 2743 3494 2791 est

1918 2833 2200 2887 minister?
2234 2830 2401 2899 Igitur
2445 2832 2535 2886 isti
2568 2830 2788 2902 quidem
2823 2830 2882 2900 8
2911 2830 2978 2884 ad
3022 2829 3169 2882 hunc
3205 2826 3427 2882 modum
3459 2840 3491 2879 a

1919 2926 2114 2996 seipsis
2142 2925 2382 2996 undique
2405 2925 2822 2987 subvertuntur,
2847 2922 3006 2977 nobis
3033 2930 3214 2976 autem
3235 2921 3493 2990 utrinque

1917 3019 2062 3089 quod
2106 3017 2321 3072 ﬁrmum
2367 3023 2451 3071 est
2495 3015 2828 3071 servabitur.
2864 3012 3077 3068 Etenim
3116 3012 3233 3068 sive
3263 3011 3330 3067 de
3357 3009 3493 3066 Filio

1918 3111 2141 3167 evicerit
2165 3110 2372 3165 dictum
2403 3124 2525 3164 esse
2547 3107 2694 3178 quod
2727 3107 3098 3171 recitavimus,
3130 3104 3492 3175 comperietur

1922 3204 2036 3257 haec
2082 3201 2372 3272 particula,
2415 3215 2481 3254 ea:
2519 3216 2641 3268 quo,
2676 3198 2815 3254 Filio
2843 3197 3139 3253 convenire
3169 3214 3184 3251 :
3214 3197 3330 3252 sive
3365 3196 3490 3265 quis

1919 3296 2213 3350 contendat
2240 3294 2516 3365 prophetae
2546 3292 2709 3346 verba
2743 3290 2808 3344 ad
2834 3289 3001 3345 Deum
3028 3304 3152 3346 esse
3185 3287 3490 3350 referenda,

1919 3400 2114 3440 rursus
2139 3382 2403 3438 concedet
2451 3397 2639 3437 vocem
2675 3381 2836 3445 hanc,
2874 3397 2963 3449 per
2991 3395 3166 3451 quem,
3214 3377 3325 3433 Deo
3355 3393 3492 3433 con-

1919 3492 2146 3547 gruere;
2193 3484 2248 3531 et
2295 3482 2528 3544 utraque
2594 3489 2696 3528 vox
2759 3487 2942 3542 parem
3013 3471 3335 3541 dignitatem
3397 3469 3495 3524 ob-

1917 3566 2130 3629 tinebit,
2183 3580 2250 3619 eo
2303 3563 2450 3634 quod
2493 3563 2610 3634 pari
2655 3562 2868 3616 ratione
2914 3560 2982 3614 de
3033 3559 3141 3615 Deo
3178 3568 3491 3627 usurpctur.

1918 3659 2095 3725 Atque
2117 3655 2270 3724 juxta
2295 3655 2516 3710 modum
2548 3661 2862 3720 utrumque,
2895 3650 3242 3720 perspicuum
3268 3649 3372 3702 erit
3393 3647 3495 3702 has

1919 3748 2217 3817 particulas
2245 3761 2430 3817 parem
2461 3746 2601 3799 inter
2636 3760 2696 3799 se
2735 3743 2937 3797 habere
2966 3741 3309 3812 dignitatem,
3343 3739 3490 3808 quod

1917 3839 1984 3892 de
2019 3854 2124 3892 una
2180 3838 2480 3908 eademque
2524 3852 2759 3908 persona
2797 3841 3074 3903 usurpatae
3118 3831 3250 3887 sint.
3285 3829 3391 3885 Sed
3424 3829 3493 3882 ad

1919 3932 2254 4002 prOpositum
2287 3939 2643 3986 revertamur.

1987 4022 2039 4076 9.
2087 4023 2384 4091 Apostolus
2417 4023 2666 4077 scribens
2707 4019 2997 4090 Ephesiis,
3046 4019 3121 4074 ait
3154 4037 3168 4074 :
3207 4017 3493 4073 Veritatem

1919 4123 2091 4167 autem
2145 4113 2411 4183 loquentes
2446 4115 2500 4167 in
2547 4112 2839 4177 charitale,
2880 4127 3180 4166 crescamus
3224 4113 3283 4164 in
3317 4112 3492 4180 ipsum

1916 4220 2007 4273 per
2037 4206 2235 4270 omnia,
2263 4205 2353 4274 qui
2384 4218 2461 4258 est
2491 4212 2646 4272 caput
2671 4202 2932 4264 Christus,
2955 4217 3021 4256 ex
3047 4217 3148 4270 quo
3183 4208 3348 4254 totum
3376 4215 3495 4252 cor-

1917 4311 2013 4364 pus
2038 4298 2163 4349 dum
2191 4296 2541 4365 compingitur
2571 4303 2620 4347 et
2648 4295 2992 4354 connectitur,
3024 4307 3114 4361 per
3140 4307 3341 4344 omnem
3363 4289 3496 4358 jun-

1917 4399 2121 4442 cturam
2160 4388 2696 4446 subministrationis.
2733 4384 3015 4442 secundum
3057 4384 3408 4452 operationem
3437 4382 3492 4434 in

226 4464 542 4534 ἐνέργειαν
592 4468 654 4521 ἐν
708 4471 900 4539 μέτρῳ
944 4473 1083 4539 ἐνὸς
1130 4473 1391 4530 ἑκάστου
1429 4477 1650 4545 μέρους
1701 4480 1810 4550 (59)

1924 4497 2163 4535 mensura
2206 4481 2615 4549 uniuscujusque
2642 4479 2807 4545 partis
2851 4478 3227 4531 incrementum
3258 4474 3491 4543 corporis

228 4557 346 4626 τὴν
391 4559 656 4628 αὔξησιν
692 4561 798 4615 τοῦ
848 4564 1122 4633 σώματος
1171 4568 1441 4623 ποιεῖται.
1494 4569 1599 4623 Καὶ
1650 4571 1811 4626 πάλιν

226 4654 288 4704 ἐν
320 4655 387 4723 τῇ
423 4654 560 4724 πρὸς
598 4655 932 4721 Κολασσαεῖς
975 4659 1111 4730 πρὸς
1156 4662 1281 4724 τοὺς
1319 4663 1420 4715 οὐκ
1454 4663 1678 4733 ἔχοντας
1714 4665 1810 4718 τοῦ

228 4741 573 4809 Μονογενοῦς
599 4745 695 4815 τὴν
744 4747 944 4813 γνῶσιν
971 4747 1206 4817 εἴρηται,
1234 4751 1314 4802 ὅτι
1358 4752 1420 4805 '0
1445 4754 1676 4822 κρατῶν
1697 4755 1812 4823 τὴν

229 4835 546 4904 κεφαλὴν,
595 4839 836 4892 τουτέστι
887 4840 978 4893 τὸν
1032 4842 1305 4912 Χριστὸν,
1351 4843 1420 4907 ἐξ
1466 4841 1538 4899 οὗ
1583 4846 1706 4900 πᾶν
1746 4849 1811 4901 τὸ

1920 4573 2050 4641 facit
2077 4573 2144 4626 “.
2197 4571 2263 4625 Et
2306 4587 2499 4625 rursus
2531 4572 2586 4624 in
2617 4569 2862 4640 Epistola
2905 4569 2972 4623 ad
3005 4566 3393 4630 Colossenses,
3422 4563 3489 4617 ad

1919 4679 2015 4718 eos
2041 4665 2133 4733 qui
2183 4679 2293 4718 non
2341 4663 2615 4717 habebant
2662 4661 2934 4732 Unigeniti
2985 4659 3233 4714 notitiam
3279 4655 3488 4710 dictum

1920 4763 2004 4810 est
2037 4773 2050 4808 :
2083 4755 2187 4821 Qui
2229 4764 2364 4809 tenet
2411 4764 2596 4823 caput,
2647 4753 2750 4808 hoc
2798 4764 2909 4815 est,
2941 4751 3243 4811 Christum,
3286 4764 3350 4802 ea:
3389 4764 3490 4818 quo

1923 4857 2090 4901 totum
2115 4863 2323 4916 corpus,
2355 4861 2444 4914 per
2469 4847 2750 4916 juncturas
2783 4854 2831 4897 ct
2864 4843 3206 4896 connexianes
3233 4839 3488 4894 sub-mini-

298 5007 524 5066 “Rom.
558 5027 635 5078 xl,
675 5012 763 5066 56.
839 5014 884 5045 ⁸⁸
915 5013 1059 5071 Psal.
1093 5033 1269 5080 θεων,
1304 5018 1391 5072 15.
1465 5020 1512 5051 ³ο
1544 5017 1684 5074 Psal.
1715 5035 1810 5074 cm

1924 5023 1947 5075 '.
2024 5023 2068 5054 "
2101 5021 2242 5076 Psal.
2275 5038 2454 5086 chtv,
2488 5021 2574 5075 16.
2651 5023 2696 5053 ⁹²
2725 5020 2922 5092 Ephes.
2957 5034 3030 5083 Iv,
3065 5019 3151 5084 15,
3184 5017 3271 5071 16.

301 5165 421 5236 (56)
463 5167 735 5235 Ἆσχέτφ,
764 5175 869 5224 etc.
898 5166 989 5223 Sic
1012 5170 1187 5224 reddit
1213 5171 1355 5224 hunc
1388 5172 1565 5226 locum
1598 5173 1654 5226 S.
1684 5173 1804 5226 Am-

226 5237 597 5314 brosius,lib.
639 5253 680 5314 _|l
718 5237 796 5292 De
830 5239 1032 5314 Spiritu
1067 5251 1273 5314 sancto.
1311 5258 1431 5314 cap.
1463 5244 1529 5296 9:
1566 5243 1622 5314 in
1660 5246 1800 5314 ipso,

226 5307 352 5379 quid
387 5309 511 5362 est?
546 5307 685 5372 Quia
717 5310 892 5363 omnia
941 5309 1247 5363 admirabili
1275 5307 1499 5379 quodam
1543 5307 1805 5368 desiderio

224 5388 273 5430 et
304 5378 658 5430 inenarrabili
685 5394 861 5432 amore
891 5388 1154 5433 auctorem
1179 5378 1297 5434 vitte
1321 5392 1367 5434 et
1392 5384 1805 5438 ministratorem

225 5447 417 5525 gratiae
454 5463 679 5525 autem:
721 5450 950 5525 muneris
1001 5451 1290 5525 intuentur.
1337 5452 1620 5525 secundum
1669 5455 1808 5525 quod

227 5517 486 5585 scriptum
519 5524 641 5570 est:
676 5537 694 5568 ι
742 5518 898 5572 Oculi.
925 5521 1178 5582 omnium,
1219 5541 1238 5572 ι
1270 5529 1376 5576 etc.
1417 5522 1473 5575 In
1517 5517 1809 5578 Commen-

229 5588 370 5662 tario
399 5589 454 5640 in
478 5585 683 5662 lsaiam
714 5603 837 5662 cap.
867 5605 917 5652 v,
946 5606 998 5660 p.
1030 5589 1154 5662 ΛΠ,
1196 5589 1308 5645 haec
1351 5592 1635 5662 leguntur:
1677 5592 1806 5648 Uni-

227 5658 432 5726 genitus
473 5657 657 5733 ipsum.
707 5657 917 5733 bonum.
946 5657 1086 5733 quod
1127 5670 1374 5729 appetunt
1404 5657 1618 5728 'omnia,
1655 5665 1804 5733 cujus

230 5743 382 5781 amor
413 5727 657 5782 naturali
680 5738 728 5782 et
760 5727 1105 5784 inenarrabili
1143 5727 1295 5785 modo
1336 5734 1566 5786 omnium
1602 5727 1806 5789 ratione

1906 5178 2165 5230 utentium
2207 5179 2398 5230 animis
2431 5179 2741 5232 instillatus.

1981 5247 2097 5318 (57),
2131 5249 2238 5318 Καὶ
2272 5251 2358 5313 εις
2390 5249 2593 5301 αὐτόν.
2622 5248 2844 5302 Addunt
2871 5245 3000 5301 editi
3033 5253 3085 5300 et
3111 5244 3261 5318 ﬂeg.
3293 5259 3486 5318 secun-

1911 5315 2014 5370 dus
2047 5315 2114 5369 τὰ
2171 5317 2364 5370 πάντα.
2408 5319 2513 5370 Sed
2556 5320 2668 5372 haec
2708 5332 2932 5386 prorsus
2987 5315 3228 5381 inutilia,
3276 5331 3379 5370 nec
3427 5315 3484 5368 in

1911 5387 2154 5456 quinque
2194 5387 2316 5441 aliis
2347 5387 2629 5457 codicibus
2659 5387 3025 5457 reperiuntur.

1984 5454 2093 5525 (58)
2123 5455 2468 5523 Φιλονεικῇ.
2491 5457 2581 5509 Sic
2607 5454 2875 5511 editiones
2905 5456 3238 5512 Basileenses
3260 5462 3314 5510 et
3339 5454 3483 5507 anti-

1912 5532 2005 5595 qui
2035 5527 2270 5580 codices.
2307 5527 2452 5580 Unus
2487 5542 2609 5580 cum
2635 5526 2871 5581 editione
2895 5525 3071 5582 Paris.
3108 5525 3482 5597 φιλονεικήσῃ.

1913 5543 2005 5595 qui
2035 5542 2270 5580 couices.
2307 5542 2452 5580 unus
2487 5542 2609 5580 cum
2635 5542 2871 5581 editione
2897 5542 3071 5582 raris.
3108 5542 3480 5646 φιλονεικηστὶ.

1913 5598 2209 5663 Aliquanto
2246 5604 2367 5664 post
2405 5604 2616 5650 veteres
2657 5597 2864 5665 aliquot
2905 5597 3028 5650 libri
3066 5598 3174 5650 Καὶ
3211 5595 3353 5650 οὕτω
3399 5595 3428 5646 δ
3464 5633 3480 5648 .

1985 5666 2098 5735 (59)
2140 5667 2388 5734 Μέρους.
2416 5667 2775 5721 Consentium
2811 5667 2863 5720 in
2891 5667 2994 5719 hac
3022 5683 3158 5724 voce
3177 5681 3368 5722 omnes
3395 5677 3488 5718 co-

1913 5736 2063 5792 dices
2095 5752 2225 5792 mss.
2271 5735 2479 5791 Habent
2513 5746 2694 5792 tamen
2732 5737 2862 5792 editi
2897 5736 3106 5806 μέλους.
