3900 6212
185 281 257 337 83
1329 281 1533 337 LIBER
1574 281 1661 335 DE
1703 279 1974 338 SPIRITU
2019 279 2310 339 SANCTO.
3385 270 3454 327 86

188 400 259 452 ει
307 396 540 466 δήποτε
591 396 1042 467 εὐοδωθήσομαι
1083 398 1153 452 ἐν
1199 397 1278 462 τῷ
1327 397 1614 465 θελήματι
1669 397 1774 450 τοῦ

1897 415 1964 452 ιοδ
1995 398 2067 463 ¹⁶;
2116 405 2169 453 et
2197 415 2211 451 :
2235 395 2517 458 Gloriaris,
2557 391 2768 463 inquit,
2801 393 2853 446 in
2897 391 3004 446 Deo
3045 392 3107 445 η.
3139 389 3204 444 Et
3247 389 3455 458 reliqua

191 488 347 542 Θεοῦ
365 489 569 544 ἐλθεῖν
592 489 744 558 πρὸς
773 489 931 559 ὑμᾶς
955 507 966 518 ·
995 490 1112 552 καὶ,
1138 489 1476 559 Καυχᾶσαι,
1511 491 1780 559 φησὶν,ἐν

191 578 337 644 Θεῷ.
375 579 488 632 Καὶ
515 579 616 633 ὅσα
647 578 769 632 οὐδὲ
797 579 1099 648 ἀριθμῆσαι
1141 578 1343 650 ῥᾴδιον.
1382 579 1538 630 Ἔστι
1564 579 1622 632 δὲ
1649 580 1780 648 ἡμῖν

190 670 252 722 οὐ
298 669 540 739 πλήθους
582 669 902 740 μαρτυριῶν
943 668 1234 734 ἐπίδειξις,
1279 668 1393 722 ἀλλ’
1423 668 1643 738 ἐλεγχος
1688 668 1779 720 τοῦ

194 760 272 832 μὴ
290 762 468 830 ὑγιῶς
496 763 678 827 αὐτοῖς
697 761 808 832 (66)
839 761 937 824 τὰς
957 761 1369 832 παρατηρήσεις
1393 760 1557 831 ἔχειν.
1581 761 1654 813 Τὸ
1672 761 1782 832 γὰρ

192 853 326 924 περὶ
362 852 458 905 τοῦ
486 853 692 925 Κυρίου
726 855 760 924 ἢ
801 852 898 906 τοῦ
926 853 1084 921 ἁγίου
1113 853 1431 924 Πνεύματος
1473 852 1779 924 παρειλημ-

195 947 372 1017 μένην
401 945 501 1017 τὴν
542 947 738 1018 χρῆσιν
765 945 969 1017 ταύτην
1007 947 1372 1001 ἐπιδεικνύναι
1404 948 1480 1010 ὡς
1507 947 1781 1018 γνώριμον

195 1038 602 1110 ὑπρὸήσομαι.
650 1040 860 1093 Ἐκεῖνο
886 1039 941 1092 δὲ
975 1041 1272 1110 ἀναγκαῖον
1301 1040 1498 1102 εἰπεῖν,
1535 1039 1618 1092 ὅτι
1653 1056 1782 1090 συν-

192 1130 302 1200 ετῷ
330 1130 574 1202 ἀκροατῇ
613 1131 800 1194 ἱκανὸς
825 1130 1044 1202 ἐλεγχος
1070 1131 1178 1184 τῶν
1214 1131 1592 1203 προταθέντων
1623 1132 1650 1183 ὁ
1673 1130 1782 1184 ἀπὸ

193 1221 287 1274 τοῦ
322 1222 590 1275 ἐναντίου.
632 1223 697 1275 El
733 1221 842 1293 γὰρ
868 1223 930 1275 τὸ
975 1222 1230 1294 διάφορον
1274 1223 1376 1293 τῆς
1421 1223 1781 1292 ἐκφωνήσεως

195 1314 666 1386 παρηλλαγμένην
687 1315 901 1368 ἐδείκνυ
929 1314 1040 1384 (67)
1059 1314 1157 1385 τὴν
1189 1315 1349 1384 φύσιν
1379 1313 1520 1368 κατὰ
1542 1315 1634 1368 τὸν
1659 1313 1783 1367 τού-

194 1424 305 1460 των
327 1407 508 1476 Λόγον,
540 1409 576 1477 ἡ
603 1405 713 1460 τῶν
738 1405 931 1476 φωνῶν
954 1408 1219 1478 ταὺτότης
1243 1407 1660 1480 ἀπαράλλακτον
1687 1407 1781 1462 νῦν

193 1500 294 1570 τὴν
321 1497 514 1552 οὐσίαν
536 1499 739 1562 αὐτοὺς
766 1499 1052 1570 ὁμολογεῖν
1080 1499 1419 1553 δυσωπείτω.

268 1589 360 1643 12.
401 1591 480 1643 Οὐ
514 1589 675 1660 μόνον
706 1589 763 1642 δὲ
786 1589 883 1642 ἐπὶ
911 1589 1011 1660 τῆς
1040 1589 1323 1658 θεολογίας
1345 1591 1404 1642 αἱ
1434 1591 1659 1660 χρήσεις
1675 1587 1781 1642 τῶν

195 1680 394 1745 φωνῶν
440 1679 892 1746 ὲπαλλάττονται,
943 1679 1058 1734 ἀλλ’
1107 1680 1210 1750 ἤδη
1259 1681 1354 1734 κα)⁹
1407 1681 1543 1750 πρὸς
1575 1679 1642 1733 τὰ
1685 1678 1778 1733 ὑπ’

192 1741 447 1839 αλλήλων
511 1741 888 1840 σημαινόμενα
938 1741 1210 1833 πολλάκις.
1260 1741 1735 1840 ἁντιμεθίστανται
1759 1808 1774 1832 ,
1807 1741 1851 1801 Β

192 1862 325 1914 ὅταν
357 1859 522 1932 ἑτέρα
561 1861 660 1933 τὴν
689 1861 790 1931 τῆς
827 1862 1022 1934 ἑτέρας
1063 1861 1338 1931 σημασίαν
1380 1860 1776 1932 ἀντιλαμϐάνῃ.

193 1947 344 2014 Οίον,
391 1949 772 2020 Ἐκτησάμην
797 1951 1113 2020 ἄνθρωπον
1152 1951 1248 2006 διὰ
1275 1951 1382 2006 τοῦ
1413 1951 1582 2013 Θεοῦ,
1616 1953 1780 2023 φησὶν

193 2043 224 2094 ὁ
268 2040 446 2111 ’Δδὰμ
466 2039 604 2109 (68).
637 2040 751 2094 ῐσον
779 2041 954 2110 λέγων
975 2041 1076 2112 τῷ.
1099 2042 1168 2095 ἐκ
1198 2041 1306 2096 τοῦ
1336 2042 1485 2096 Θεοῦ
1505 2058 1517 2071 ·
1555 2044 1649 2095 καὶ
1672 2043 1782 2096 ἑτέ-

200 2131 359 2202 ρωθι·
392 2133 554 2186 Ὅσα
585 2131 928 2188 ἐνετείλατο
972 2131 1238 2201 Μωυσῆς
1261 2131 1341 2198 τῷ
1405 2132 1643 2201 Ἰσραὴλ
1685 2131 1782 2185 διὰ

197 2223 306 2279 τοῦ
328 2224 789 2295 προστάγματος
803 2225 1046 2292 Κυρίου’
1075 2225 1170 2279 καὶ¹
1186 2225 1370 2279 πάλιν
1393 2224 1539 2294 Οὐχί
1555 2223 1652 2278 διὰ
1673 2224 1782 2278 τοῦ

199 2315 351 2370 Θεοῦ
377 2316 418 2382 ἡ
451 2314 822 2384 διασάφησις
851 2315 1054 2370 αὐτῶν·
1088 2316 1301 2378 ἐστιν;
1330 2317 1360 2368 ὁ
1406 2313 1624 2386 Ἰωσὴφ,
1654 2315 1783 2386 περὶ

196 2408 305 2461 τῶν
336 2407 608 2461 ἐνυπνίων
641 2409 752 2472 τοῖς
784 2408 844 2460 ὲν
876 2405 954 2478 τῷ
989 2407 1350 2479 δεσμωτηρίῳ
1377 2407 1780 2478 διαλεγόμενος,

199 2499 390 2568 σαφῶς
413 2498 511 2552 καὶ
547 2499 734 2563 αὐτὸς,
765 2500 887 2552 ἀντὶ
916 2498 1010 2552 τοῦ
1039 2499 1109 2553 ἐκ
1139 2499 1288 2554 Θεοῦ
1327 2500 1523 2563 εἰπεῖν,
1559 2498 1656 2554 διὰ
1677 2500 1782 2554 τοῦ

201 2589 352 2643 Θεοῦ
386 2590 603 2661 εἴρηκε.
638 2587 742 2642 Καὶ
768 2589 1038 2643 ἀνάπαλιν
1069 2593 1138 2662 τῇ
1165 2589 1236 2655 ἐξ
1261 2586 1333 2645 οὗ
1365 2591 1620 2663 προθέσει
1665 2591 1785 2646 ἀντὶ

198 2682 301 2753 τῆς
323 2682 400 2736 δι’
429 2679 503 2739 οὗ
534 2683 797 2754 κέχρηται
828 2683 1040 2747 Παῦλος
1063 2700 1078 2715 ·
1121 2683 1197 2748 ὡς
1229 2684 1356 2738 ὅταν
1403 2683 1536 2756 λέγῃ
1556 2725 1570 2748 ,
1603 2685 1788 2738 Γενό-

196 2791 386 2843 μενος
419 2774 489 2829 ἐκ
533 2775 822 2844 γυναικὸς
857 2776 979 2829 ἀντὶ
1014 2774 1111 2828 τοῦ
1141 2774 1239 2830 διὰ
1275 2777 1582 2846 γυναικός.
1619 2777 1788 2830 Τοῦτο

201 2865 312 2938 γὰρ
353 2869 488 2938 ἡμῖν
525 2866 756 2940 ἑτέρωθι
787 2867 974 2938 σαφῶς
1005 2868 1336 2922 διεστείλατο
1358 2910 1374 2934 ,
1416 2869 1639 2939 γυναικὶ
1691 2869 1790 2940 μὲν

201 2961 510 3030 προσήκειν
567 2959 742 3027 λέγων
785 2958 848 3012 τὸ
900 2961 966 3012 ὲκ
1007 2958 1104 3012 τοῦ
1153 2960 1346 3032 ἀνδρὸς
1392 2961 1787 3032 γεγεννῆσθαι,

198 3052 361 3124 ἀνδρὶ
413 3052 473 3106 δὲ
519 3051 582 3105 τὸ
620 3051 708 3106 διὰ
753 3051 854 3122 τῆς
904 3051 1199 3121 γυναικὸς,
1243 3054 1304 3106 ὲν
1340 3047 1422 3118 οἷς
1464 3071 1661 3125 φησιν,
1707 3055 1789 3108 ὅτι

203 3145 442 3212 Ὥσπερ
469 3143 622 3213 τυνή
649 3143 717 3208 ἐξ
743 3144 984 3214 ἀνδρὸς,
1018 3145 1206 3211 οὕτως
1231 3145 1385 3214 ἀνὴρ
1411 3145 1510 3200 διὰ
1541 3145 1651 3215 τῆς
1686 3165 1788 3217 γυ-

201 3238 438 3301 ναικός.
471 3235 614 3288 Ἀλλ’
652 3236 802 3307 ὅμως
833 3236 1087 3302 ἐνταῦθα,
1119 3237 1255 3308 ὁμοῦ
1289 3239 1387 3309 μὲν
1433 3239 1494 3292 τὸ
1536 3238 1787 3311 διάφορον

202 3329 300 3398 τῆς
338 3329 597 3399 χρήσεως
629 3327 1057 3399 ἐνδεικνύμενος,
1097 3329 1233 3400 ὁμοῦ
1265 3330 1322 3384 δὲ
1352 3332 1446 3384 καὶ
1478 3329 1539 3383 τὺ
1567 3331 1790 3402 σφάλμα

203 3420 366 3474 τινῶν
424 3421 484 3472 ἐν
545 3421 869 3492 παραδρομῇ
930 3421 1312 3492 διορθούμενος
1364 3422 1472 3475 τῶν
1527 3422 1790 3493 οἰομένων

208 3511 586 3581 πνευματικὸν
622 3507 763 3565 εἶναι
799 3511 896 3564 τοῦ
930 3513 1135 3583 Κυρίου
1163 3513 1226 3565 τὸ
1267 3511 1454 3583 σῶμα,
1493 3513 1580 3567 ἵνα
1605 3512 1753 3583 δείξῃ
1774 3555 1789 3578 ,

207 3603 292 3654 ὅτι
331 3602 398 3654 ὲκ
438 3599 534 3654 τοῦ
575 3601 916 3674 ἀνθρωπείου
956 3603 1278 3674 φυράματος
1305 3604 1339 3674 ἡ
1374 3602 1628 3674 θεοφόρα)
1657 3603 1792 3674 σὰρξ

207 3693 321 3762 (69)
345 3693 651 3764 συνεπάγη,
677 3695 780 3765 τὴν
809 3694 1262 3765 ὲμφατικωτὲραν
1285 3693 1399 3765 (70)
1448 3695 1637 3764 φωνὴν
1670 3712 1796 3765 προ-

210 3784 446 3856 ετίμησε
478 3784 497 3854 (
518 3785 582 3838 τὸ
607 3787 704 3855 μὲν
725 3785 834 3858 γὰρ
863 3785 961 3840 διὰ
983 3785 1268 3856 γυναικὸς
1289 3786 1584 3858 παροδικὴν
1605 3787 1794 3857 ἔμελλε

208 3875 310 3947 τὴν
340 3876 554 3930 ἔννοιαν
582 3876 680 3948 τῆς
711 3877 977 3944 γενέσεως
1019 3878 1354 3946 ὑποφαίνειν·
1387 3879 1446 3932 τὺ
1480 3878 1536 3932 δὲ
1572 3881 1640 3933 ἐκ
1686 3879 1796 3947 τῆς

212 3969 506 4038 γυναικὸς
564 3968 764 4031 ἱκανῶς
815 3969 1156 4040 παραδηλῶν
1211 3970 1310 4042 τὴν
1367 3973 1650 4026 κοινωνίαν
1697 3976 1796 4044 τῆς

212 4060 434 4128 φύσεως
464 4059 564 4114 τοῦ
607 4063 930 4130 τικτομὲνου
959 4061 1093 4132 πρὸς
1133 4063 1232 4132 τὴν
1268 4063 1667 4134 γεννήσασαν),
1700 4065 1798 4136 οὐχ

214 4152 396 4223 ἑαυτῷ
431 4169 535 4205 που
567 4154 893 4224 μαχόμενος,
921 4154 1056 4209 ἀλλὰ
1083 4155 1316 4218 δεικνὺς,
1343 4155 1424 4208 ὅτι
1460 4155 1660 4226 ῥᾳδίως
1701 4157 1797 4210 ἁλι

214 4245 408 4317 λήλαις
456 4242 1016 4316 ἀντεπιχωριάζουσιν
1047 4247 1102 4298 αἱ
1133 4245 1330 4314 φωναί.
1387 4246 1578 4300 Ὁπότε
1622 4247 1799 4300 τοίνυν

216 4337 310 4391 καὶ
354 4338 443 4406 ἐφ’
469 4329 546 4390 ὧν
578 4336 840 4408 διωρίσθη
871 4338 931 4390 τὸ
964 4337 1038 4391 δι’
1064 4333 1138 4392 οὗ
1175 4336 1379 4407 κυρίως
1407 4337 1682 4407 λέγεσθαι,
1709 4341 1801 4392 ἐπὶ

1881 505 2003 560 qua:
2032 505 2100 544 ne
2128 502 2449 544 enumerare
2473 485 2694 556 quidem
2746 482 2906 538 facile
2939 483 3028 538 sit.
3059 481 3129 535 At
3164 479 3322 536 nobis
3346 494 3456 532 non

1881 589 1966 635 est
1993 579 2336 650 propositum
2370 585 2650 633 ostentare
2672 574 3115 631 testimoniorum
3147 571 3456 626 multitudi-

1880 686 2028 734 nem,
2059 669 2153 726 sed
2182 670 2412 740 probare
2433 666 2847 723 observationes
2870 664 3112 734 ipsorum
3142 671 3319 718 rectas
3347 676 3455 714 non

1879 778 2019 818 esse.
2095 761 2372 832 Siquidem
2424 760 2565 814 hanc
2614 757 2936 828 particulam
2987 756 3053 810 de
3107 754 3334 809 Domino
3392 767 3454 807 ac

1883 852 2090 924 Spiritu
2143 859 2337 910 sancto
2390 858 2708 922 usurpatam
2755 863 2908 908 esse.
2953 857 3211 916 tanquam
3255 859 3352 915 per
3394 835 3456 899 Se

1881 953 2095 1010 notum,
2121 945 2501 1000 demonstrare
2529 943 2799 998 omittam.
2827 937 2961 992 lllnd
2991 945 3173 991 tamen
3202 949 3456 989 necessa-

1880 1037 1962 1091 rio
1991 1035 2281 1092 dicendum
2314 1044 2416 1100 est,
2451 1034 2700 1105 prudenti
2745 1031 2977 1086 auditori
3009 1027 3255 1083 suﬁieere
3307 1027 3452 1080 illam

1881 1129 2218 1199 objectorum
2259 1127 2692 1182 confutationem
2714 1163 2730 1188 ,
2763 1139 2884 1194 qua:
2914 1138 2944 1176 a
2980 1120 3256 1176 contrario
3300 1118 3454 1173 duci-

1880 1227 1992 1274 tur.
2026 1218 2160 1273 Nam
2201 1219 2246 1274 si
2291 1217 2614 1289 prolationis
2645 1215 2934 1269 diversitas
2974 1213 3151 1282 arguit
3198 1219 3452 1264 naturam

1879 1312 2182 1375 diversam,
2215 1307 2676 1379 quemadmodum
2723 1306 2814 1362 isti
2859 1305 3084 1358 dicunt:
3114 1306 3225 1374 jam
3257 1318 3452 1358 vocum

1880 1404 2136 1458 identitas
2177 1403 2260 1458 vel
2291 1401 2499 1472 pudore
2529 1398 2677 1470 cogit
2719 1413 2816 1453 eos
2866 1396 3023 1452 fateri
3055 1396 3350 1451 essentiam
3394 1397 3451 1448 in

1880 1496 2033 1550 nullo
2057 1495 2482 1565 discrepantem.

1949 1589 2036 1642 ιε.
2058 1588 2243 1658 Neque
2273 1588 2416 1642 enim
2446 1585 2623 1642 solum
2649 1599 2773 1638 cum
2800 1583 2868 1638 de
2901 1581 3010 1638 Deo
3039 1582 3098 1638 ﬁt
3125 1595 3326 1640 sermo,
3356 1578 3452 1632 ha—

1879 1701 2000 1740 rum
2032 1701 2224 1741 vocum
2258 1699 2392 1739 usus
2426 1682 2640 1745 variat;
2676 1695 2863 1734 verum
2903 1679 3066 1733 etiam
3115 1675 3182 1729 ad
3233 1684 3455 1729 mutuos

1882 1777 2114 1832 invicem
2173 1773 2511 1845 signiﬁcatus
2570 1784 2946 1840 smpenumero
3009 1764 3452 1828 transferuntur,

1880 1869 2091 1939 quoties
2109 1869 2276 1922 altera
2301 1863 2528 1920 alterius
2547 1862 2740 1932 recipit
2759 1861 3237 1934 signiﬁcationem,
3262 1855 3451 1914 veluti.

1883 1961 2101 2016 Possedi
2137 1961 2394 2014 hominem
2434 1973 2525 2027 per
2560 1955 2728 2009 Deum
2760 1955 2825 2019 ¹⁸,
2860 1953 3042 2024 inquit
3087 1951 3280 2014 Adam,
3331 1964 3454 2018 per-

1882 2053 2007 2108 inde
2031 2059 2192 2122 atque
2217 2053 2260 2107 si
2290 2051 2538 2106 dixisset.
2575 2063 2640 2102 ea:
2669 2047 2800 2102 Deo.
2855 2046 2920 2100 Et
2942 2047 3070 2100 alibi
3093 2044 3272 2112 :Quw
3315 2057 3457 2110 prte-

1881 2145 2014 2213 cepit
2052 2143 2262 2213 Meyses
2308 2141 2502 2198 Israeli
2544 2158 2634 2217 per
2682 2140 2994 2193 mandatum
3044 2135 3260 2191 Domini
3283 2134 3344 2188 ¹⁹.
3392 2130 3458 2184 Et

1882 2252 2078 2294 rursus
2112 2234 2341 2291 :Nonne
2364 2251 2456 2304 per
2491 2233 2653 2288 Deum
2685 2233 2869 2286 horum
2905 2227 3264 2298 manifestatio
3281 2234 3358 2279 est
3379 2222 3455 2276 ὀἳ

1881 2331 2084 2401 Ioseph
2121 2330 2188 2385 de
2232 2329 2526 2384 insomniis
2553 2343 2676 2382 eum
2711 2327 2778 2382 iis
2806 2325 2899 2395 qui
2932 2325 2984 2378 in
3016 2335 3237 2378 carcere
3277 2326 3455 2380 erant,

1883 2423 2161 2478 disserens
2185 2431 2238 2478 et
2263 2423 2380 2492 ipse
2410 2427 2597 2491 aperte
2630 2434 2730 2489 pro
2756 2433 2820 2472 ea:
2852 2417 2953 2471 Deo
2985 2415 3122 2471 dixit
3154 2430 3245 2483 per
3266 2411 3455 2465 Deum.

1884 2514 1950 2568 Et
1979 2522 2194 2576 contra,
2226 2528 2290 2566 ea:
2327 2529 2449 2583 quo,
2478 2527 2575 2582 pro
2603 2527 2694 2581 per
2720 2527 2871 2579 quem
2901 2506 3186 2577 usurpavit
3230 2502 3458 2558 Paulus.

1885 2605 2031 2660 velut
2069 2619 2192 2658 cum
2237 2603 2313 2657 ait
2343 2622 2356 2657 :
2391 2601 2592 2656 Factus
2642 2615 2706 2654 ea:
2739 2600 2956 2654 muliere
2985 2598 3052 2661 ²¹,
3086 2610 3184 2666 pro
3225 2609 3316 2662 per
3346 2607 3462 2645 mu-

1888 2695 2088 2750 lierem.
2137 2694 2273 2748 Nam
2331 2693 2386 2748 id
2436 2695 2595 2750 nobis
2653 2692 2780 2747 alibi
2835 2691 3125 2760 perspicue
3171 2684 3457 2741 distinxit.

1889 2802 2012 2844 eum
2047 2788 2123 2841 ait
2153 2786 2371 2843 femina:
2398 2787 2724 2848 convenire,
2749 2800 2779 2839 e
2806 2787 2924 2837 viro
2955 2789 3136 2836 natam
3169 2791 3312 2840 esse,
3343 2777 3460 2828 viro

1891 2887 2070 2935 autem
2103 2894 2200 2952 per
2228 2877 2484 2934 feminam
2515 2897 2527 2931 :
2559 2874 3014 2946 Quemadmodum
3033 2871 3220 2926 mulier
3243 2883 3307 2924 ea:
3328 2867 3460 2926 viro,

1893 2972 1971 3024 ita
2011 2970 2090 3024 vir
2122 2986 2213 3039 per
2245 2969 2518 3023 mulierem
2545 2971 2612 3025 ε’.
2646 2966 2753 3023 Sed
2795 2975 2978 3020 tamen
3018 2962 3108 3017 hic
3146 2957 3461 3030 Apostolus,

1818 3078 1862 3136 ο
1894 3061 2057 3118 simul
2085 3061 2383 3116 ostendens
2404 3059 2680 3115 diversum
2719 3058 2914 3112 barum
2945 3067 3140 3109 vocum
3171 3064 3353 3113 usum,
3388 3047 3464 3101 si-

1890 3153 2002 3208 mul
2031 3152 2206 3207 obiter
2239 3153 2522 3222 corrigens
2549 3148 2912 3222 quorumdam
2959 3158 3200 3201 errorem
3227 3183 3240 3206 ,
3276 3140 3465 3195 existi-

1890 3246 2156 3301 mantium
2189 3244 2408 3300 Domini
2447 3259 2649 3314 corpus
2681 3254 2804 3297 esse
2837 3237 3158 3310 spirituale;
3191 3243 3250 3289 ut
3279 3240 3462 3288 osten-

1891 3338 2045 3393 deret
2085 3351 2305 3391 earnem
2351 3335 2446 3390 Dei
2500 3334 2849 3406 gestatrieem
2897 3345 2962 3385 ex
3009 3329 3246 3384 humana
3281 3338 3470 3381 massa

1893 3437 2207 3484 concretam
2245 3427 2440 3492 fuisse,
2481 3426 2676 3480 maluit
2707 3425 2785 3480 uti
2837 3423 3000 3480 verbo
3040 3419 3470 3492 signiﬁcantiore

1894 3519 2042 3582 (nam
2069 3517 2152 3572 ha:
2180 3516 2472 3582 dictiones,
2500 3531 2592 3586 per
2621 3515 2916 3573 mulierem.
2947 3510 3280 3566 transitoria:
3308 3525 3471 3579 gene-

1893 3609 2124 3666 rationis
2163 3609 2534 3680 suspicionem
2562 3614 2718 3662 erant
2753 3605 2992 3660 datura}:
3031 3614 3086 3656 at
3131 3602 3232 3667 hae,
3259 3616 3323 3654 ea:
3356 3615 3472 3651 mu-

1898 3702 2021 3758 liere
2047 3743 2060 3768 ,
2096 3701 2313 3758 abunde
2340 3701 2621 3756 declarant
2654 3699 3094 3754 communionem
3122 3735 3136 3760 ,
3174 3708 3338 3763 quam
3375 3706 3472 3744 na-

1899 3804 2020 3848 tura
2048 3793 2216 3862 geniti
2250 3809 2372 3848 cum
2406 3791 2671 3862 genitrice
2705 3788 2910 3860 habet),
2943 3803 3050 3842 non
3079 3784 3226 3856 quod
3258 3783 3349 3838 ille
3388 3798 3474 3836 seu

1900 3901 2025 3940 cum
2058 3891 2282 3956 pugnet,
2314 3885 2408 3939 sed
2445 3894 2505 3938 ut
2535 3883 2790 3938 ostendat
2826 3881 2924 3936 has
2948 3894 3115 3935 voces
3162 3876 3322 3931 facile
3368 3875 3473 3929 sibi

1899 3978 2142 4033 vicissim
2171 3976 2385 4032 cedere.
2422 3977 2526 4046 ιο
2559 3974 2789 4042 Quando
2823 3973 2990 4044 igitur
3023 3971 3092 4027 de
3133 3970 3477 4040 quibuscunv

1901 4085 2009 4140 que
2037 4068 2321 4124 deﬁnitum
2353 4077 2438 4123 est
2468 4068 2688 4138 preprie
2717 4065 2848 4128 diei.
2877 4081 2969 4134 per
2989 4081 3164 4134 quem,
3188 4062 3256 4117 de
3283 4059 3474 4115 iisdem

1901 4163 2064 4216 etiam
2093 4176 2196 4215 vox
2221 4199 2236 4224 ,
2265 4176 2330 4214 ea:
2357 4177 2457 4230 quo
2483 4199 2498 4224 ,
2536 4167 2872 4229 usurpatur;
2906 4173 3012 4226 qua
3038 4157 3249 4210 ratione
3284 4152 3343 4209 ﬁt
3368 4193 3380 4214 .
3419 4159 3478 4205 ut

1905 4252 1970 4306 ad
1999 4253 2218 4323 pietatis
2249 4252 2581 4306 calumniam
2626 4252 2709 4306 bas
2753 4251 3021 4304 dictiones
3061 4248 3204 4302 inter
3235 4261 3294 4302 se
3324 4259 3480 4315 pror—

1906 4360 2001 4399 sus
2033 4344 2392 4414 separentur?

214 4429 325 4483 τῶν
366 4430 552 4484 αὐτῶν
587 4431 790 4485 τούτων
823 4431 884 4484 τὸ
947 4431 1016 4497 ἐξ
1049 4427 1120 4487 οὗ
1165 4432 1494 4504 μετελήφθη,
1526 4433 1648 4487 τίνα
1676 4435 1831 4504 λόγον
1869 4438 1980 4510 ἔχει
2025 4441 2118 4492 ἐπὶ
2189 4439 2523 4509 συκοφαντίᾳ
2557 4439 2657 4507 τῆς
2690 4435 2973 4498 εὐσεϐείας
3029 4435 3204 4504 πάντη
3239 4431 3483 4502 ἀλλήλων

217 4521 504 4593 ἀφορίζειν
542 4523 641 4586 τὰς
670 4522 844 4587 λέξεις
861 4539 874 4587 ἓ

291 4632 516 4688 "Rom.
552 4649 592 4698 ι,
624 4633 714 4688 l0.
750 4634 791 4666 ¹⁷
810 4635 969 4691 Rom.
1001 4651 1062 4701 ιι,
1093 4635 1181 4691 17.
1231 4635 1420 4694 “Gen.
1454 4653 1528 4706 iv,
1563 4639 1614 4692 l.
1648 4638 1791 4696 "Lei

1911 4656 2026 4706 vm,
2054 4641 2145 4694 2i.
2181 4639 2374 4696 "Gen.
2405 4656 2496 4707 xL,
2529 4644 2583 4695 8.
2625 4637 2800 4693 “Gal.
2833 4638 2975 4702 tv,4.
3010 4635 3093 4688 “l
3121 4635 3250 4691 Cor.
3283 4649 3361 4699 xi,
3391 4633 3482 4690 12.

291 4786 410 4860 (66)
442 4787 679 4860 Adeste.
711 4787 806 4843 Sic
833 4788 957 4843 libri
987 4797 1219 4853 veteres,
1253 4791 1448 4846 melius
1473 4807 1636 4860 quam
1671 4793 1801 4848 editi
1835 4799 1878 4854 ι)
1907 4793 2330 4850 Basileensibus.

219 4859 444 4930 αὐτούς.
491 4858 938 4930 Ajiquantopost
969 4860 1026 4914 in
1069 4871 1305 4930 quatuor
1342 4858 1627 4919 codicibus
1667 4880 1802 4919 mss.

220 4929 448 4998 ἔλεγχος
480 4927 1012 4998 τῷνίπρατεθίὲντων.

295 4947 448 5048 Ergo;
480 4947 591 4979 των
621 4947 1012 4998 πρατευεντων.

295 5000 352 5066 (6
394 4997 413 5064 )
453 4997 743 5052 Ἐδεικνυ.
776 4997 867 5054 Sic
893 5015 1084 5056 omnes
1107 5001 1328 5057 codices
1351 5016 1509 5066 mss.;
1532 5001 1660 5056 editi
1680 5017 1810 5056 vero

226 5067 652 5149 .'EV§§{XVUTGt:.
679 5066 797 5149 lion
829 5070 1002 5124 multo
1036 5081 1158 5140 post
1197 5071 1296 5143 ήδη
1325 5071 1394 5125 τὰ
1436 5072 1527 5126 ὑπ’
1565 5072 1809 5143 ἀλλήλων

226 5139 279 5192 in
320 5138 508 5192 tribus
529 5137 838 5193 codicibus.

294 5207 415 5278 (68)
459 5207 533 5278 '0_
566 5207 758 5276 Ἀδάμ.
783 5207 902 5262 Non
929 5209 1031 5263 hoc
1057 5209 1233 5264 solum
1266 5213 1383 5266 loco
1419 5210 1653 5268 Basilius
1696 5213 1812 5267 haec

223 5275 402 5333 verba,
453 5275 665 5331 Adamo
696 5275 949 5345 ascribit,
990 5280 1101 5334 sed.
1128 5289 1182 5334 et
1229 5281 1322 5336 lib.
1376 5299 1412 5335 ιι
1463 5282 1516 5335 in
1549 5283 1800 5343 Eunom.,

225 5363 381 5404 num.
565 5347 621 5427 in
656 5347 891 5427 his‘qna:
936 5358 1240 5427 sequuntur
1265 5352 1538 5427 nonnulla
1570 5354 1806 5427 mutavi:

228 5433 350 5472 mus
378 5419 624 5484 antiquis
659 5419 941 5474 codicibus
984 5419 1132 5474 freti.
1183 5419 1466 5476 Habebam
1495 5423 1639 5476 enim
1677 5422 1809 5477 editi

224 5487 313 5561 διᾲ
343 5485 772 5561 προστάγματος
805 5488 900 5561 τοῦ
929 5489 1160 5561 Κυρίου,
1197 5489 1261 5544 Et
1289 5492 1451 5560 paulo
1493 5502 1615 5561 post
1641 5492 1811 5545 διαλε-

227 5557 461 5642 γόμενός
500 5573 667 5679 galeis
702 5557 888 5640 σαφῶς
925 5557 1032 5630 γὰρ
1073 5560 1167 5612 καὶ
1206 5557 1509 5643 αὐτὸς....;’
1525 5563 1808 5633 κέχρηται.

256 5628 327 5679 Ως
353 5627 486 5679 ὃταν
519 5643 548 5679 Α
579 5642 651 5679 γη
691 5629 1016 5679 Παυλος.....
1049 5630 1242 5679 ἀνδοὸς
1275 5631 1744 5679 γεγεννησθαι.--..
1780 5634 1808 5679 ἡ

256 5627 486 5702 (κδ-ταν
506 5627 658 5702 *λέ-γη
691 5627 1016 5702 Παζι).ος....ζ
1038 5630 1242 5702 ἀνδρὸς
1275 5627 1744 5702 γεγεννῆσθαὶ’..ξ..
1780 5634 1813 5700 ὴ

232 5697 368 5770 γυνὴ
398 5696 461 5762 ἐξ
493 5696 708 5769 ἀνδρός.
767 5698 925 5756 Deest
977 5696 1165 5756 etiam'
1194 5696 1325 5774 φηάι
1354 5696 1425 5756 ἰιι
1479 5696 1816 5758 editionibus

1985 4865 2098 4934 (69)
2141 4865 2212 4919 Ἠ
2235 4866 2521 4932 θεοφόρος
2552 4861 2728 4930 σάρξ.
2764 4861 2966 4916 Christi
2993 4875 3123 4934 caro
3153 4857 3364 4914 Deifera
3385 4874 3484 4934 vo-

1914 4931 2073 4988 catur
2112 4936 2313 4988 Homil.
2342 4931 2402 4988 in
2450 4937 2713 5002 psalmum
2766 4948 2955 5002 xxxix,
2985 4931 3378 5002 etComment.
3429 4932 3485 5002 in

1914 5015 2071 5073 caput
2106 5020 2140 5057 ιι
2173 5005 2354 5063 Isaiae,
2389 5000 2457 5056 ut
2475 5005 2729 5057 observat
2763 5001 3008 5073 Ductcus.
3038 5000 3202 5073 Addit
3229 5000 3380 5073 idem
3402 5001 3484 5052 vir

1915 5069 2292 5138 doctissimus,
2327 5073 2728 5128 Theodoretum
2753 5072 2990 5142 graviter
3020 5071 3150 5125 olim
3183 5069 3484 5142 hallucina-

1915 5153 2028 5199 tuni
2073 5147 2242 5200 fuisse
2273 5147 2324 5198 in
2360 5139 2783 5213 reprehensione
2809 5139 3253 5213 anathem‘at‘ismi
3281 5139 3481 5213 quinti,

1917 5216 2007 5270 ubi
2039 5216 2114 5269 ait
2144 5209 2476 5269 Christnm'a
2509 5213 2707 5268 Basilio
2747 5211 3002 5281 θεοφόρον
3044 5209 3370 5281 ἄνθρωπον,
3392 5209 3486 5262 ho-

1914 5287 2108 5338 minem
2131 5284 2418 5352 Deiferum,
2451 5291 2702 5337 vocatum
2735 5278 2984 5336 fuisse'in
3009 5278 3161 5334 libro
3188 5279 3260 5334 De
3282 5278 3487 5352 Spiritu

1914 5365 2099 5409 sancto
2125 5363 2181 5408 et
2227 5349 2292 5408 in
2344 5353 2734 5421 Explanatione
2780 5352 2973 5419 psalmi
3024 5349 3485 5421 quinquagesimi.

1915 5424 2032 5479 Non
2056 5425 2200 5479 enim
2231 5419 2686 5492 parunfintercst
2726 5422 2868 5476 inter
2897 5419 3170 5476 hominem
3210 5419 3490 5475 Deiferum

1916 5503 1971 5551 et
2000 5509 2220 5548 carnem
2252 5493 2534 5548 Deiferam.

2013 5565 2101 5632 70)
2155 5561 2677 5632 Ἐμφατικωτέραν.
2710 5559 2932 5632 Legitur
2962 5561 3013 5614 in
3048 5558 3260 5614 duobus
3281 5555 3496 5620 codicis

1919 5636 2022 5691 bus
2069 5631 2598 5704 Ἑμφαντικωτέραν.
