3900 6212
421 193 485 250 87
1761 198 1820 255 S.
1859 198 2104 254 BASlLll
2142 198 2357 256 MAGNI

1026 314 1259 373 CAPUT
1288 315 1378 375 Vl.

420 427 667 499 Occurrit
723 428 796 499 iis,
835 430 925 499 qui
978 431 1258 498 afﬁrmant
1307 432 1511 489 Filium
1552 449 1657 489 non
1708 451 1823 490 esse
1872 452 1991 489 cum

490 495 674 576 Patre,
708 497 797 552 sed
825 495 946 569 post
987 495 1240 567 Patrem;
1273 503 1363 558 ubi
1384 513 1435 559 et
1469 505 1534 559 de
1561 504 1742 575 gloriae
1772 507 1992 576 (equali—

486 575 614 621 tate.

491 679 558 733 l5
619 681 785 751 Atqui
815 698 914 738 nec
952 684 1018 738 ad
1052 686 1373 754 ignorantiae
1411 690 1821 746 excusationem
1855 704 1991 745 con-

420 768 609 840 fugere
637 779 890 841 possunt,
915 789 1038 827 cum
1065 782 1217 829 tanto
1238 775 1471 832 artiﬁcio
1494 784 1754 849 tantaque
1778 794 1995 850 perver—

421 860 582 916 sitate
605 861 750 917 dicta
780 872 971 920 nostra
990 866 1306 935 excipiant:
1340 869 1430 938 qui
1465 869 1683 939 quidem
1714 872 1873 926 nobis
1901 886 1995 942 pa-

422 950 527 1002 Iam
554 949 932 1021 indignantur,
959 954 1105 1023 quod
1131 970 1237 1008 una
1268 971 1391 1011 cum
1416 955 1577 1013 Patre
1599 959 1993 1030 adimpleamus

424 1037 708 1112 Unigenito
755 1042 1237 1112 gloriﬁcationem,
1274 1047 1528 1117 quodque
1564 1045 1826 1121 Spiritum
1866 1066 1993 1105 san-

421 1139 567 1185 ctum
608 1148 638 1187 a
669 1132 807 1189 Filio
849 1151 958 1192 non
992 1152 1332 1208 separemus.
1379 1138 1528 1196 Unde
1575 1151 1865 1198 novatores
1895 1157 1994 1200 nos

421 1224 716 1294 appellant,
742 1228 1111 1299 novitatisque
1143 1230 1475 1288 architectos
1501 1240 1556 1288 ct
1587 1234 1879 1290 verborum
1912 1236 1996 1291 in-

422 1332 696 1383 ventores.
723 1332 777 1375 et
810 1322 1010 1391 quibus
1050 1337 1157 1377 non
1192 1324 1317 1380 aliis
1353 1325 1793 1395 probrosissimis
1819 1331 1994 1383 nomi-

421 1408 622 1464 nibus?
665 1410 909 1477 Quorum
940 1415 1189 1469 convicia
1230 1424 1442 1471 tantum
1486 1418 1641 1473 abest
1677 1426 1735 1474 ut
1773 1420 1995 1491 indigne

423 1500 590 1556 l‘eram
620 1542 636 1569 ,
675 1509 734 1557 ut
767 1503 874 1560 nisi
915 1519 1016 1560 nos
1051 1504 1294 1576 ipsorum
1330 1508 1556 1563 exitium
1585 1509 1774 1565 dolore
1802 1526 1995 1582 perpe-

422 1599 625 1661 tuoque
654 1594 903 1648 cruciatu
934 1593 1190 1660 alliceret,
1229 1598 1620 1666 propemodum
1645 1600 1881 1656 dicerem
1907 1616 1994 1657 me

421 1684 582 1736 etiam
618 1684 751 1755 ipsis
802 1701 900 1756 pro
927 1688 1236 1745 maledictis
1279 1690 1479 1746 habere
1509 1694 1736 1763 gratiam
1764 1732 1780 1758 ,
1812 1701 1871 1748 ut
1899 1693 1995 1763 qui

422 1774 554 1828 mihi
599 1776 895 1835 concilient
946 1778 1357 1837 beatitudinem.
1392 1780 1545 1836 Beati
1573 1784 1710 1838 enim
1733 1824 1748 1846 ,
1787 1783 1993 1854 inquit,

423 1864 573 1931 eatis,
623 1881 741 1920 cum
784 1866 995 1936 probris
1044 1884 1132 1924 vos
1175 1870 1521 1938 impetiverint
1571 1880 1781 1941 propter
1829 1889 1909 1926 me
1928 1872 1994 1929 ”.

427 1954 751 2025 llujusmodi
777 1965 956 2015 autem
990 1968 1120 2016 sunt
1152 1976 1215 2016 ea
1239 1977 1470 2033 quorum
1505 1978 1669 2019 causa
1708 1964 1998 2035 indignan-

425 2058 535 2105 tur.
568 2049 688 2105 Non
719 2059 826 2115 est.
861 2053 1135 2124 inquiunt,
1167 2070 1292 2109 cum
1322 2054 1483 2111 Patre
1520 2054 1713 2121 Filius,
1743 2057 1840 2113 sed
1879 2066 2000 2127 post

423 2140 674 2210 Patrem;
714 2143 856 2199 unde
884 2146 1242 2216 consequitur
1280 2156 1337 2199 ut
1362 2162 1459 2216 per
1489 2163 1613 2201 eum
1646 2148 1817 2218 gloria
1848 2147 1999 2202 Patri

424 2235 695 2290 tribuatur
713 2275 728 2301 ,
756 2236 852 2292 sed
878 2252 1003 2292 cum
1030 2252 1097 2293 eo
1130 2253 1494 2311 nequaquam.
1521 2237 1656 2293 Nam
1685 2238 1850 2305 illud,
1880 2256 1999 2295 cum

422 2341 516 2390 eo,
546 2325 913 2397 aequalitatem
942 2327 1215 2393 declarat,
1239 2344 1331 2399 per
1354 2345 1472 2382 eum
1507 2337 1686 2385 autem
1704 2370 1718 2394 ,
1751 2330 1999 2387 ministe-

424 2416 566 2472 rium
598 2417 890 2489 signiﬁcat.
919 2417 1108 2489 Neque
1129 2419 1295 2474 etiam
1326 2436 1449 2475 cum
1483 2419 1643 2475 Patre
1662 2460 1677 2483 ,
1707 2421 1995 2491 inquiunt,

423 2516 479 2564 et
520 2506 659 2563 Filio
695 2507 1050 2566 collocandus
1095 2517 1180 2565 est
1213 2519 1436 2566 sanctus
1478 2509 1737 2580 Spiritus,
1771 2511 1863 2567 sed
1897 2510 1999 2567 sub

424 2595 565 2651 Filio
592 2603 645 2677 et
675 2596 855 2663 Patre,
884 2597 965 2654 sic
988 2607 1050 2652 ut
1077 2614 1190 2662 non
1231 2614 1337 2653 una
1367 2614 1492 2656 cum
1532 2598 1643 2655 illis
1673 2600 1995 2666 collocetur,

427 2686 523 2744 sed
553 2686 808 2743 subdatur
834 2727 848 2753 ,
872 2703 1063 2758 neque
1094 2698 1550 2755 connumeretur,
1578 2691 1673 2745 sed
1702 2690 1999 2745 subnume-

428 2788 602 2834 retur.
633 2779 814 2849 Atque
844 2779 1046 2834 talibus
1078 2778 1408 2848 quibusdam
1430 2778 1720 2834 verborum
1743 2776 1999 2833 versutiis

428 2878 745 2943 pervertunt
819 2869 941 2926 ﬁdei
1017 2871 1389 2926 sinceritatem
1456 2871 1995 2941 simplicitatemque.

426 2963 663 3018 Proinde
691 2978 857 3034 quam
888 2962 1102 3019 veniam
1143 2972 1507 3032 assequentur
1542 2963 1827 3033 imperitiae
1858 2976 1999 3034 prze-
2022 2993 2065 3051 ο

426 3062 597 3120 textu,
634 3070 729 3125 per
756 3069 894 3125 quos
923 3056 994 3109 ob
1029 3055 1189 3109 istam
1229 3055 1600 3111 curiositatem
1629 3070 1696 3109 ne
1728 3054 1850 3112 aliis
1875 3055 1997 3126 qui—

425 3146 549 3203 dem
583 3148 850 3218 imperitis
879 3163 1002 3203 esse
1032 3148 1193 3202 licet?

499 3240 588 3295 14.
623 3238 734 3295 Nos
775 3256 904 3295 vero
934 3240 1168 3310 primum
1197 3240 1328 3295 illud
1360 3240 1510 3311 ipsos
1539 3254 1827 3311 rogemus,
1864 3255 2001 3311 quo-

426 3332 593 3388 modo
622 3331 810 3386 dicant
834 3328 1032 3384 Filium
1057 3338 1180 3400 post
1202 3329 1456 3385 Patrem?
1490 3346 1616 3384 num
1643 3337 1885 3400 tempore
1915 3345 2001 3385 re-

429 3425 749 3487 centiorem,
781 3438 910 3477 num
954 3421 1179 3488 ordine,
1225 3437 1294 3475 an
1329 3421 1634 3491 dignitate?
1666 3420 1770 3476 Sed
1804 3421 2000 3478 'nullus

429 3515 565 3572 adeo
592 3515 817 3571 demens
852 3520 936 3570 est
982 3522 1041 3569 ut
1086 3512 1232 3567 dicat
1271 3512 1611 3567 conditorem
1652 3511 1997 3577 saeculorum,

429 3624 704 3680 quoquam
746 3623 870 3664 esse
914 3616 1155 3677 tempore
1196 3606 1584 3677 posteriorem,
1629 3619 1753 3659 cum
1787 3604 1999 3658 nullum

430 3702 503 3756 sit
547 3697 918 3763 intervallum,
970 3695 1118 3766 quod
1166 3694 1470 3750 naturalem
1520 3692 1647 3747 Filii
1684 3708 1809 3748 cum
1840 3693 2003 3748 Patre

430 3791 871 3862 coniunctionem
905 3787 1147 3843 dirimat.
1180 3785 1365 3856 Neque
1390 3780 1555 3840 etiam
1594 3784 1876 3839 hominum
1911 3799 2004 3840 co-

430 3883 695 3955 gitatione
728 3880 875 3935 ﬁlius
904 3887 1058 3950 patre
1087 3878 1362 3934 recentior
1390 3877 1497 3933 dici
1541 3877 1749 3947 possit,
1784 3893 1893 3932 non
1933 3876 2004 3930 ob

434 3974 487 4028 id
522 3972 684 4027 modo
724 3970 868 4043 quod
915 3970 1078 4026 simul
1123 3969 1500 4040 intelligantur
1532 3968 1831 4024 secundum
1863 3967 2005 4024 rela-

432 4063 637 4117 tionem
661 4097 680 4124 ,ς
709 4076 894 4117 verum
930 4061 1093 4114 etiam
1124 4058 1271 4129 quod
1309 4074 1373 4114 ea
1402 4058 1661 4113 dicuntur
1704 4058 2005 4128 posteriora

434 4148 711 4224 tempore,
743 4166 866 4222 quae
925 4167 954 4205 a
988 4151 1243 4221 praesenti
1278 4158 1524 4221 tempore
1564 4150 1748 4204 minus
1773 4149 2003 4231 absunt:

432 4255 489 4302 et
511 4259 708 4301 rursus
735 4243 825 4297 illa
851 4243 1058 4313 priora,
1090 4256 1211 4313 quae
1240 4242 1456 4312 longius
1477 4242 1678 4298 absunt
1700 4255 1731 4295 a
1753 4238 2007 4311 przesenti

3593 196 3671 255 88

2604 322 3002 377 ΚΕΦΑΛΑΙΟΝ
3058 320 3126 389 ς’

2107 432 2472 500 Ἀπάντησις
2506 432 2620 502 (71)
2653 433 2802 502 πρὸς
2841 432 2985 499 τοὺς
3030 431 3550 502 ἀποφαινομένους
3575 428 3667 502 μὴ

2160 503 2318 591 esse
2338 499 2609 591 (nare:
2624 499 2789 591 stre,
2818 503 2955 591 ῖδν-
2980 503 3135 591 “ea
3554 499 3670 554 τδν

2163 571 2414 641 Πατέρα,
2444 573 2512 626 ἐν
2539 571 2588 641 ᾧ
2615 575 2686 630 τὰ
2722 574 2854 643 περὶ
2882 572 2991 642 τῆς
3023 573 3306 642 όμοτίμου
3331 571 3534 639 δόξης.

2164 688 2250 742 15.
2294 690 2403 743 Καὶ
2430 688 2535 760 μὴν
2563 688 2683 742 οὐδὲ
2706 689 2843 760 πρὸς
2869 686 2968 758 τὴν
2995 686 3055 752 ἐξ
3082 687 3303 755 ἀγνοίας
3335 682 3668 755 συγγνώμην

2092 778 2313 832 δυνατὸν
2350 779 2548 842 αὐτοὺς
2587 781 2943 848 καταφυγεῖν,
2983 776 3126 832 οὕτω
3155 777 3417 848 τεχνικῶς
3440 776 3534 829 καὶ
3564 792 3668 828 κα-

2095 867 2307 938 κοήθως
2351 867 2444 922 τὸν
2483 868 2640 937 λόγον
2670 868 3182 939 ύπλαμὸἀιοντας·
3220 869 3356 937 οἵγε
3383 865 3669 939 προδήλως

2094 960 2226 1029 ἡμῖν
2250 958 2683 1029 χαλεπαίνουσιν,
2711 961 2793 1014 ὅτι
2828 959 2966 1030 μετά
2990 959 3201 1031 Πατρὸς
3236 956 3669 1028 ἀποπληροῦμεν

2092 1050 2172 1121 τῷ
2193 1052 2488 1120 Μονογενεί
2514 1051 2613 1124 τὴν
2656 1050 2986 1119 δοξολογίαν,
3020 1050 3117 1103 καὶ
3157 1049 3219 1103 τὸ
3248 1049 3400 1119 ἅγιον
3440 1048 3670 1118 Πνεῦμα

2097 1142 2172 1213 μὴ
2218 1140 2511 1213 διῖστῶμεν
2553 1140 2672 1196 ἀπὸ⁶
2709 1141 2802 1196 τοῦ
2854 1141 2986 1195 Υίοῦ
3022 1141 3155 1212 (72).
3192 1140 3356 1195 Ὅθεν
3405 1156 3671 1211 νεωτερο-

2095 1235 2282 1299 ποιοὺς
2312 1236 2462 1306 ήμᾶς
2500 1236 2594 1289 καί
2627 1235 2983 1305 καινοτόμους
3017 1234 3110 1289 καὶ
3136 1232 3436 1303 ἐφευρετὰς
3483 1230 3669 1303 ῥημά-

2095 1344 2222 1394 των,
2249 1327 2344 1381 καὶ
2375 1327 2429 1381 τί
2455 1327 2564 1399 γὰρ
2590 1327 2711 1398 οὐχ),
2731 1328 2839 1381 τῶν
2866 1326 3244 1381 ἑπονειδίστων
3265 1324 3668 1389 ἀποκαλοῦσιν;

2095 1411 2194 1471 Ὧν
2244 1418 2496 1471 τοσοῦτον
2544 1418 2733 1489 ἀπέχω
2775 1418 3150 1490 δυσχεραίνειν
3177 1418 3299 1480 ταῖς
3343 1414 3670 1486 λοιδορίαις,

2094 1506 2258 1573 ὥστε,
2305 1509 2355 1561 εί
2405 1506 2482 1579 μὴ
2511 1506 2686 1578 λύπην
2723 1509 2856 1579 ἡμῖν
2905 1506 3139 1561 ἐνεποίει
3188 1505 3284 1558 καὶ
3326 1503 3672 1558 ἀδιάλειπτον

2096 1598 2289 1669 ὀδύνην
2319 1602 2352 1670 ἡ
2408 1602 2524 1654 κατ’
2570 1601 2766 1665 αὐτοὺς
2809 1598 3005 1670 ζημία,
3053 1596 3252 1669 μικροῦ
3294 1595 3359 1651 ἀν
3398 1591 3549 1649 εἷπον
3572 1595 3673 1650 καὶ

2095 1691 2255 1763 χάριν
2294 1691 2476 1755 αὐτοῖς
2500 1691 2601 1761 τῆς
2629 1691 2977 1762 βλασφημίας
3004 1688 3169 1760 ἔχειν,
3199 1690 3275 1752 ὡς
3316 1684 3671 1759 μακαρισμοῦ

2097 1781 2395 1852 προξένοις.
2438 1781 2723 1851 Μακάριοι
2762 1781 2873 1851 γάρ
2904 1782 3065 1847 ἐστε,
3114 1782 3298 1852 φησὶν,
3334 1779 3480 1833 ὅταν
3510 1778 3670 1831 ὀνει-

2096 1873 2351 1928 δίσωσιν
2394 1872 2548 1943 ὑμᾶς
2581 1873 2692 1943 (75)
2722 1873 2931 1927 ἕνεκεν
2972 1872 3141 1942 ἐμοῦ.
3179 1873 3333 1925 Ἐστι
3367 1870 3425 1923 δὲ
3453 1870 3540 1939 ἐφ’
3586 1864 3675 1932 εἷς

2097 1964 2479 2033 ἀγανακτοῦσι,
2505 1962 2696 2018 ταῦτα.
2740 1965 2817 2018 Οὐ
2847 1963 2986 2036 μετά
3024 1963 3260 2035 Πατρὺς,
3294 1961 3489 2032 φασὶν,
3516 1959 3670 2025 Υίὺς,

2096 2056 2230 2110 ἀλλά
2277 2055 2414 2126 μετὰ
2450 2055 2541 2109 τὸν
2571 2054 2795 2125 Πατέρα
2817 2071 2830 2085 ’
2861 2053 3048 2125 διόπερ
3075 2052 3367 2107 ἀκόλουθον
3405 2052 3474 2105 δι’
3504 2048 3672 2105 αὐτοῦ

2096 2148 2194 2220 τὴν
2217 2147 2374 2212 δόξαν
2400 2146 2701 2218 προσάγειν
2724 2144 2801 2216 τῷ
2823 2144 3020 2216 Πατρὶ,
3045 2143 3160 2198 ἀλλ’
3183 2144 3307 2214 οὐχὶ
3338 2142 3455 2214 μετ’
3480 2140 3671 2196 αὐτοῦ.

2098 2242 2170 2296 Τὸ
2196 2241 2293 2312 μὲν
2331 2239 2440 2310 γάρ
2484 2241 2613 2308 μετ’
2648 2237 2836 2294 αὐτοῦ
2865 2238 2964 2309 τὴν
3006 2236 3277 2306 ίσοτιμίαν
3304 2234 3454 2305 δηλοῖ
3473 2250 3489 2265 ⁸
3525 2232 3588 2286 τὸ
3614 2231 3675 2286 δδ

2097 2334 2170 2387 δι’
2198 2328 2270 2389 οὗ
2312 2331 2409 2403 τὴν
2445 2331 2746 2402 ὑπουργίαν
2777 2331 3128 2403 παρίστησιν.
3159 2326 3297 2382 υῦτε
3331 2326 3437 2398 μὴν
3471 2326 3569 2378 σὺν
3593 2322 3677 2394 τῷ

2098 2425 2294 2496 Πατρὶ,
2326 2424 2480 2493 φασὶ,
2519 2424 2615 2477 καὶ
2652 2422 2733 2493 τῷ
2768 2421 2882 2493 Υίῷ
2912 2422 2974 2476 τὸ
3019 2420 3247 2491 Πνεῦμα
3273 2416 3523 2481 τακτέον,
3553 2413 3675 2468 ἀλλ’

2098 2514 2202 2568 ὑπὸ
2228 2514 2319 2568 τὸν
2343 2512 2470 2567 Υίὸν
2497 2513 2702 2567 καὶτὸν
2725 2512 2967 2583 Πατέρα,
2993 2511 3053 2564 ού
3077 2506 3527 2577 συντεταγμένον,
3555 2500 3674 2557 ἀλλ’

2099 2604 2555 2675 ὑποτεταγμένον,
2596 2602 2719 2655 οὐδὲ
2766 2600 3284 2674 συναριθμούμενον,
3331 2597 3444 2651 ἀλλ’
3477 2596 3675 2664 ὕπαρο-

2098 2696 2420 2769 θμούμενον.
2447 2696 2558 2750 Καὶ
2584 2694 2862 2757 τοιαύταις
2884 2695 2997 2748 τισὶ
3020 2690 3388 2763 τεχνολογίαις
3412 2687 3672 2758 ῥημάτων

2097 2790 2158 2843 τὸ
2187 2787 2389 2843 ἁπλοῦν
2444 2788 2539 2842 καὶ
2566 2786 2941 2841 ἀκατάσκευον
2983 2784 3094 2855 (74)
3146 2783 3247 2852 τῆς
3277 2781 3511 2842 πίστεως
3555 2778 3671 2831 δια-

2100 2881 2443 2953 στρέφουσιν.
2485 2880 2648 2932 Ὥστε
2676 2878 2821 2941 τίνος
2866 2878 2932 2932 ἂν
2960 2876 3027 2929 δι’
3059 2874 3315 2945 ἀπειρίαν
3347 2869 3675 2942 συγγνώμης

2097 2967 2329 3039 τύχοιεν,
2378 2968 2426 3021 οἱ
2476 2967 2611 3039 μηδὲ
2653 2969 2765 3031 τοῖς
2793 2966 2974 3029 ἀλλοις
3016 2964 3260 3035 ἀπείρως
3299 2963 3442 3033 ἔχειν
3480 2962 3544 3014 ἐκ
3576 2961 3675 3031 τῆς

2099 3060 2278 3115 αὐτῶν
2307 3058 2822 3133 φιλοπραγμοσύνης
2848 3059 2958 3130 (75)
2990 3056 3374 3130 ἐπιτρέποντες
3397 3072 3413 3120 ;

2170 3241 2259 3296 M.
2311 3241 2502 3312 Ἡμεῖς
2526 3240 2584 3294 δὲ
2613 3242 2789 3294 έκεῖνο
2828 3238 3044 3311 πρῶτον
3069 3238 3266 3301 αὐτοὺς
3291 3234 3676 3308 ὲρωτήσωμεν,

2097 3330 2159 3383 τὸ
2204 3330 2338 3402 μετά
2383 3331 2473 3383 τὸν
2517 3329 2737 3401 Πατέρα
2790 3328 2907 3393 πῶς
2946 3329 3041 3382 τὸν
3083 3328 3213 3381 Υίὺν
3262 3326 3548 3395 λέγουσιν;
3599 3321 3676 3385 ὡς

2100 3422 2277 3494 χρόνῳ
2303 3420 2585 3493 νεώτερον,
2754 3420 2925 3485 τάξει,
2952 3420 2986 3490 ἢ
3011 3420 3086 3484 ὡς
3117 3417 3243 3489 ἀξίᾳ
3265 3435 3280 3483 ;
3318 3415 3478 3470 Ἀλλά
3502 3414 3679 3485 χρόνῳ

2104 3517 2223 3587 μὲν,
2259 3515 2441 3579 οὐδεὶς
2472 3515 2646 3578 οὕτως
2689 3515 2950 3585 ἀνόητος,
3003 3513 3080 3576 ὡς
3115 3509 3452 3582 δευτερεύειν
3498 3508 3680 3576 λέγειν

2100 3610 2191 3663 τὸν
2222 3609 2452 3680 ποιητὴν
2485 3608 2592 3662 τῶν
2629 3607 2861 3669 αἰώνων,
2891 3605 3105 3668 οὐδενὸς
3130 3605 3501 3673 διαστήματος
3527 3616 3680 3671 μεσι-

2099 3700 2345 3765 τεύοντος
2373 3703 2439 3772 τῇ
2480 3703 2683 3771 φυσικῇ
2717 3699 2852 3770 πρὸς
2876 3699 2968 3751 τὸν
2994 3697 3214 3768 Πατέρα
3258 3695 3352 3748 τοῦ
3394 3692 3526 3746 Υίοῦ
3558 3708 3674 3745 συν-

2102 3791 2285 3863 αφείᾳ.
2330 3791 2491 3846 Ἀλλά
2517 3791 2623 3862 μὴν
2644 3790 2766 3844 οὔτε
2801 3793 2867 3861 τῇ
2897 3790 3077 3860 ἐννοίᾳ.
3102 3788 3210 3842 τῶν
3240 3784 3542 3857 ἀνθρώπων
3566 3781 3681 3852 (76)

2105 3882 2392 3955 συμϐαίνει
2419 3882 2683 3953 νεώτερον
2710 3882 2890 3950 λέγειν
2932 3880 3028 3934 τοῦ
3074 3878 3287 3949 Πατρός
3322 3875 3412 3929 τὸν
3438 3874 3592 3929 Υἱδν.
3617 3872 3681 3925 ού

2107 3958 2266 4044 μόνον
2307 3973 2386 4044 τῷ
2431 3974 2526 4027 σὺν
2577 3973 2828 4042 ἀλλήλοις
2855 3970 3094 4025 νοεῖσθαι
3141 3967 3283 4022 κατά
3328 3966 3428 4037 τὴν
3471 3962 3679 4032 σχέσιν,

2106 4062 2219 4116 ἀλλ’
2248 4065 2331 4117 ὅτι
2357 4065 2543 4117 ἐκεῖνα
2573 4064 2794 4133 λέγεται
2835 4061 2914 4133 τῷ
2947 4061 3125 4133 χρόνῳ
3155 4059 3406 4125 δεύτερα,
3436 4057 3538 4110 ὅσα
3584 4052 3682 4123 τὴν

2107 4153 2239 4223 πρὸς,
2262 4153 2322 4206 τὸ
2337 4153 2431 4209 νῦν
2449 4155 2749 4208 ἀπόστασιν
2776 4154 3034 4208 ἐλάττονα
3053 4151 3185 4222 ἔχει’
3211 4150 3305 4203 καὶ
3327 4148 3486 4203 πάλιν
3501 4148 3684 4200 ἐκεῖνα

2107 4242 2366 4314 πρότερα,
2400 4244 2501 4297 ὅσα
2523 4244 2907 4315 περισσότερον
2928 4241 3123 4311 ἀπέχει
3154 4238 3247 4292 τοῦ
3270 4238 3366 4291 νῦν
3405 4229 3529 4290 Οἷον
3556 4236 3683 4308 πρό-

433 4345 700 4407 tempore.
722 4332 968 4404 Exempli
1000 4349 1189 4398 causa,
1224 4349 1345 4403 quae
1376 4332 1490 4389 Noe
1518 4333 1855 4403 temporibus
1881 4340 1999 4386 acta

2108 4350 2240 4405 τερα
2269 4333 2377 4388 τῶν
2403 4334 2764 4407 Σοδομιτικῶν
2793 4333 2906 4405 (77)
2935 4332 3003 4387 τὰ
3028 4330 3173 4386 κατά
3196 4329 3341 4395 Νῶε,
3364 4330 3446 4384 ὅτι
3469 4327 3562 4381 τοῦ
3589 4326 3684 4379 νῦν

434 4436 565 4485 sunt
613 4426 793 4499 priora
834 4432 964 4480 sunt
1002 4424 1071 4480 iis
1117 4438 1240 4494 qua:
1279 4432 1576 4480 narrantur
1614 4425 1683 4480 de
1728 4423 2005 4482 subversis

437 4517 712 4583 Sodomis,
766 4516 913 4587 quod
962 4516 1057 4570 illa
1107 4516 1323 4587 longius
1370 4515 1564 4573 dissita
1618 4516 1726 4572 sint
1778 4530 1806 4571 a
1864 4530 2003 4586 prae-

505 4673 552 4705 “
581 4672 769 4728 Matth.
801 4688 855 4740 v,
890 4673 979 4727 ll.

505 4826 621 4899 (7i)
663 4826 1049 4899 τΛπᾴντησις.
1081 4826 1282 4899 Eegius
1303 4827 1499 4899 tertius
1534 4828 1570 4899 ἡ
1602 4825 1938 4899 ἀντίστασις.

534 4892 622 4969 72)
665 4896 805 4969 ᾎπρ
838 4892 946 4969 τοῦ
976 4892 1146 4969 Ποῦ.
1164 4892 1328 4969 Ἱῖες.
1357 4892 1570 4952 ιθτῑίυε’
1589 4895 1709 4969 ἀπδ-
1730 4894 1823 4947 τοῦ
1848 4892 2007 4969 Θεοῦ,

531 4964 624 5035 75)
668 4965 865 5036 Ὑμᾶς.
910 4966 1134 5021 Addunt
1175 4964 1338 5036 editi,
1365 4965 1800 5036 repugnantibus
1829 4964 2011 5036 omni-

435 5034 541 5093 bus
586 5034 863 5091 veteribus
900 5037 1079 5099 libris,
1126 5038 1222 5091 καὶ
1257 5034 1528 5102 Subito—cn,—
1556 5036 1651 5089 καὶ
1686 5035 1880 5088 εῐπωσι
1906 5034 2014 5087 πᾶν

435 5106 674 5230 ⁴ἲιιονηρὸν
714 5107 866 5230 ῥῖψα
921 5106 1045 5188 καθ’
1075 5107 1228 5178 ὑμῶν
1270 5105 1610 5177 ψευδόμενοι.
1642 5104 1711 5159 Et
1759 5105 2018 5174 persecuti

464 5186 659 5230 uernat.
687 5186 737 5230 et
802 5186 997 5230 tmertnt
1033 5192 1186 5230 omne
1216 5177 1414 5230 malum
1445 5175 1721 5230 adversum
1759 5192 1847 5229 vos
1874 5191 2018 5228 men-

439 5175 659 5302 [ἔξω.
687 5175 737 5232 et
762 5175 997 5231 dixerint
1033 5175 1186 5231 omne
1216 5177 1414 5230 malum
1444 5175 1721 5230 adversum
1759 5192 1847 5229 vos
1874 5191 2019 5228 men-

440 5256 458 5307 t
511 5255 645 5301 πίει.

512 5316 638 5387 (74)
673 5315 1249 5387 Ἀκατάσκευονειια
1279 5332 1411 5372 mss.
1441 5324 1700 5387 quatuor.
1724 5315 1867 5387 Editi
1892 5316 2023 5368 ἀκα-

440 5385 829 5456 τασκεύαστον.
877 5386 1081 5441 Ibidem
1134 5386 1245 5441 duo
1288 5385 1506 5442 codices
1556 5386 2018 5456 ὲνδιαστρέφουσι.

442 5457 655 5530 Quibus
678 5455 822 5530 favet
852 5457 1015 5519 alius,
1052 5458 1106 5510 in
1140 5472 1248 5526 quo
1278 5455 1943 5530 legiturévstacplﬁouctv.

515 5525 629 5596 (75)
681 5525 1296 5596 ,Φιλοπραγμοσύὸθηᾳ
1338 5525 1445 5581 ’3ἰο
1505 5525 1745 5596 quinque
1798 5526 2017 5580 codices

445 5594 581 5656 mss.
610 5594 757 5652 'Editi
798 5594 1347 5667 πολυπραγμοσύνης.
1391 5594 1689 5652 Mox—editi
1740 5598 2014 5666 ἐρωτήσο-

2104 4424 2197 4477 ὲπ).
2220 4424 2381 4479 πλέον
2402 4424 2715 4496 ἀπῴκισται
2735 4441 2748 4455 ·
2775 4428 2869 4478 καὶ
2899 4424 3104 4496 ὕστερα
3129 4422 3304 4477 ταῦτα
3333 4421 3580 4484 ἐκείνων,
3601 4420 3685 4473 ὃτι

2105 4515 2304 4589 μᾶλλόν
2335 4533 2451 4579 πως
2471 4516 2616 4569 δοκεί
2643 4514 3023 4586 προσεγγίζειν
3049 4514 3127 4586 τῷ
3151 4511 3266 4567 νῦν.
3295 4512 3406 4583 Τῆς
3424 4510 3481 4564 δὲ
3510 4511 3686 4566 πάντα

2116 4845 2233 4899 μεν.
2254 4820 2528 4899 ΔΡίιξιῇιιυρ
2557 4815 2775 4899 codices
2804 4820 3039 4899 πῆξε-,ιιι
3069 4812 3124 4899 in
3152 4817 3448 4899 contextu.

2326 4876 2458 4949 Ῠῶνῗ
2478 4884 2820 4969 ἀνθρῴπων.
2847 4884 3076 4938 Codices
3092 4882 3335 4969 quinque
3351 4876 3691 4969 :cc‘i'rvfelilom-

2122 4949 2311 5030 πίνών,
2352 4978 2417 5019 ex
2445 4949 2619 5012 rerum
2646 4956 3001 5009 humanarum
3042 4949 3272 5005 notione.
3303 4949 3558 5030 Aulonge
3592 4964 3689 5068 Bo-

2122 5039 2225 5068 ιςη..
2249 5044 2329 5068 θοι
2356 5032 2570 5068 uulgata
2597 5026 2906 5068 Sol-intum-
2935 5021 3283 5068 Prnnnsitum
3311 5034 3455 5068 enim
3480 5030 3560 5068 est
3635 5032 3689 5068 a-

2105 5019 2334 5091 tiores't
2356 5032 2570 5100 vulgata
2597 5026 2906 5100 Scriptura.
2935 5021 3283 5100 Propositum
3311 5019 3457 5100 enim
3480 5030 3560 5072 est
3592 5019 3691 5068 Ba—

2108 5108 2263 5173 ‘silio,
2286 5119 2412 5159 cum
2436 5091 2594 5155 antea
2619 5091 3424 5173 probaverit-Filiummon‘esse
3446 5099 3691 5173 tempore

2121 5157 2501 5247 posteriorem,
2538 5157 2683 5247 nunc
2737 5164 2941 5234 aliquid
2986 5160 3388 5247 signiﬁcantius
3443 5157 3688 5247 addere,

2125 5225 2360 5316 eumque
2385 5225 2554 5311 liquet
2586 5235 2773 5316 inhoc
2801 5225 3119 5316 argumento
3144 5230 3376 5311 versari,
3398 5225 3689 5316 ιιῑβίιιυιη

2124 5299 2194 5372 ne
2216 5299 2549 5384 cdgitatione
2572 5299 2980 5384 qu_idem_Patre
3004 5302 3358 5384 ppsteriorem
3388 5299 3496 5384 dici
3528 5309 3692 5384 posse

2122 5369 2484 5441 demonstret.
2517 5369 2710 5432 Statim
2748 5374 2881 5430 editi
2905 5369 3288 5442 συναλλήλους,
3328 5369 3548 5423 codices
3574 5380 3692 5420 om-

2122 5470 2221 5511 nes
2254 5470 2390 5509 mss.
2424 5458 2486 5506 ut
2520 5449 2576 5502 in
2603 5453 2884 5501 contextu.

2194 5504 2469 5594 (Ἱῆἶῗῶἶρ
2512 5513 2929 5588 Σοδομιτικῶν.
2956 5510 3095 5570 Tres
3137 5508 3357 5567 codices
3402 5508 3509 5562 τῶν
3538 5504 3695 5559 Σοδο-

2123 5610 2311 5666 μιτων.
