3900 6212
190 276 260 332 ss
1333 282 1533 337 LIBER
1576 256 1676 336 DE.
1705 282 1974 339 SPIRITU
2021 280 2311 337 sanam.
2456 268 2465 278 '
3378 276 3449 332 oo

187 401 384 471 χρόνον
403 401 502 454 καὶ
533 401 739 464 πάντας
755 401 962 465 αἰῶνας
980 402 1352 474 ὑπερεχούσης
1376 399 1522 473 ζωῆς
1541 406 1608 474 τῇ
1639 404 1753 474 πρὺέ

1877 404 2020 459 senti
2055 404 2152 472 ιι
2188 412 2472 471 tempore:
2513 406 2568 455 et
2612 398 2728 454 haec
2776 397 2883 452 illis
2924 394 3259 466 posteriora,
3303 394 3450 464 quod

182 492 248 546 τὸ
264 494 366 545 νῦν
393 492 697 545 ἀποστάσει
709 494 774 546 τὸ
798 488 938 547 εἶναι
966 496 1332 565 καταμετρεῖν
1350 493 1468 557 πῶς
1487 493 1610 563 οὐχὶ
1634 493 1768 564 πρὸς

183 585 252 654 τῇ
294 583 527 655 ἀσεϐείᾳ
569 584 649 636 ἐτι
679 586 773 637 καὶ
806 586 986 638 πᾶσαν
1028 583 1334 656 ὑπερϐολὴν
1380 584 1567 660 ἀνοίας
1615 583 1764 653 ἔχει’

182 674 352 745 είπερ
376 675 504 728 καθ’
529 675 588 730 ὃν
614 675 816 745 τρόπον
854 676 925 730 τά
954 679 1012 730 ὲν
1046 676 1255 745 γενέσει
1282 676 1377 729 καὶ
1413 660 1590 746 φθορᾷ
1636 675 1769 747 πρός

180 785 321 839 τερα
344 764 488 821 εἶναι
510 768 756 839 ἀλλήλων
781 767 1022 836 λέγεται,
1045 770 1187 822 κατά
1213 769 1304 822 τὸν
1327 768 1490 822 αὑτὸν
1513 768 1712 841 τρόπον
1739 769 1769 821 ό

180 863 321 926 Θεὸς
347 863 445 915 καὶ
475 863 664 934 Πατὴρ
688 862 770 933 τῷ
801 863 919 934 Υίῷ
941 863 1036 916 καὶ
1066 862 1186 934 Θεῷ
1213 862 1293 934 τῷ
1323 864 1622 933 ὑπάρχοντι
1662 861 1771 933 πρὸ

179 954 295 1007 τῶν
315 954 531 1009 αἰώνων
549 956 1074 1027 παραμετρούμενος
1093 954 1354 1028 ὑπερέχοι
1373 970 1391 1023 ;
1422 954 1584 1009 Ἀλλά
1603 954 1764 1026 γὰρὴ

179 1047 324 1118 πρὸς
352 1047 415 1099 τὸ
456 1047 570 1101 ἀνω
608 1047 851 1118 ὑπεροχὴ
909 1047 1002 1100 τοῦ
1049 1048 1265 1120 Πατρὸς
1309 1046 1657 1118 ἀθεώρητος,
1688 1045 1768 1116 τῷ

180 1137 522 1202 ἁπαξαπλῶς
556 1140 694 1210 μήτε
739 1138 1060 1211 ἐνθύμησιν,
1099 1141 1235 1211 μήτε
1266 1139 1391 1194 τινὰ
1425 1138 1633 1193 ἔννοιαν
1668 1137 1768 1209 τὴν

176 1228 273 1282 τοῦ
300 1229 510 1302 Κυρίου
535 1231 789 1300 γέννησιν
817 1231 1153 1302 ὑπεραίρειν,
1181 1231 1362 1297 καλῶς
1381 1231 1478 1285 τοῦ
1520 1230 1767 1286 Ἰωάννου

173 1318 267 1372 διὰ
294 1318 392 1371 δύο
419 1319 611 1387 μονῶν
642 1321 777 1373 εἴσω
813 1322 1203 1394 περιγράπτων
1226 1323 1369 1393 ὅρων
1395 1323 1495 1393 τὴν
1527 1322 1767 1376 διάνοιαν

174 1408 625 1473 ἀποκλείσανεος,
647 1412 706 1463 ὲν
730 1410 810 1482 τῷ
830 1414 1003 1465 είπεῖν
1020 1431 1033 1444 ·
1074 1414 1177 1467 Ἐν
1198 1412 1358 1483 ἀρχῇ
1386 1410 1467 1484 ἦν
1491 1417 1523 1468 ό
1552 1416 1763 1484 Λόγος.

188 1499 520 1553 ’Δνέκόατσν
551 1502 651 1571 μὲν
692 1501 803 1574 γὰρ
835 1502 1096 1565 διανοίαις
1137 1503 1198 1557 τὺ
1238 1503 1354 1573 ἦν’
1385 1503 1766 1575 ἀνυπέρϐατον

171 1591 232 1644 δὲ
261 1592 592 1659 φαντασίαις
611 1592 725 1664 (78)
775 1595 941 1666 ἀρχή.
993 1595 1163 1649 Ὀσον
1197 1595 1309 1667 γάρ
1344 1594 1410 1649 ἂν
1446 1594 1767 1668 ἀναδράμῃς

170 1683 237 1754 τῇ
265 1680 482 1753 διανοίᾳ
502 1683 597 1736 ἐπὶ
612 1684 675 1736 τὸ
694 1685 827 1749 ἄνω,
860 1685 962 1738 οὐκ
985 1684 1260 1748 ὲκϐαίνεις
1279 1686 1342 1738 τὸ
1362 1681 1463 1755 ἦν.
1495 1687 1606 1740 Καὶ
1638 1685 1763 1738 ὅσον

1873 492 2281 566 quodammodo
2305 496 2605 562 appareant
2630 488 2885 559 presenti
2905 486 3135 557 tempori
3160 485 3447 540 viciniora.

1869 589 1942 641 At
1979 588 2103 656 ejus
2148 586 2303 651 vitae,
2332 598 2457 655 quae
2485 597 2650 638 omne
2688 589 2905 651 tempus
2935 586 2991 634 et
3026 578 3209 632 omnia
3249 577 3450 633 sarcula

1870 679 2250 745 transcendit,
2290 675 2672 733 exsistentiam
2714 673 2898 729 metiri
2935 670 3193 727 distantia
3240 686 3270 723 a
3312 684 3451 738 prae-

1870 771 2013 828 senti
2043 779 2322 839 tempore,
2351 782 2423 823 au
2454 783 2566 824 non
2595 772 2791 837 praeter
2831 765 3197 837 impietatem,
3232 776 3451 817 omnem

1867 863 2031 918 etiam
2082 861 2411 916 dementiam
2456 867 2714 929 superat;
2760 857 2808 913 si
2850 855 3309 928 quemadmodum
3357 868 3450 909 res

1868 954 2205 1026 generationi
2231 952 2680 1023 curruptionique
2716 950 2966 1006 obnoxiae
2981 990 2997 1015 ,
3019 948 3143 1006 aliis
3164 948 3284 1002 alia;
3301 946 3452 1017 prio-

1868 1063 1958 1103 res
1979 1061 2105 1102 esse
2132 1046 2409 1109 dicuntur,
2441 1044 2694 1099 eumdem
2727 1042 2794 1098 ad
2830 1043 3051 1098 modum
3082 1039 3228 1097 Deus
3256 1047 3312 1095 et
3340 1039 3447 1092 Pa-

1870 1148 1971 1201 ter,
2005 1138 2238 1192 collatus
2271 1150 2396 1190 cum
2434 1133 2574 1189 Filio
2602 1141 2658 1189 et
2689 1132 2800 1190 Deo
2829 1132 2924 1203 qui
2953 1140 3039 1187 est
3067 1140 3195 1186 ante
3222 1131 3445 1194 saecula,

1870 1229 2133 1299 superat?
2178 1231 2247 1281 At
2296 1227 2443 1282 enim
2491 1228 2704 1281 Patrem
2750 1240 2874 1281 esse
2917 1224 3245 1279 anteriorem
3286 1236 3449 1277 nemo
3518 1292 3523 1299 δ

1869 1321 2043 1393 possit
2072 1322 2258 1373 animo
2289 1318 2602 1388 concipere,
2634 1332 2701 1372 eo
2727 1316 2874 1386 quod
2900 1314 3114 1370 Domini
3141 1313 3445 1385 generatio-

1868 1426 1993 1467 nem
2023 1425 2123 1465 nec
2160 1410 2268 1464 ulta
2313 1422 2544 1478 prorsus
2581 1406 2875 1477 cogitatio,
2914 1419 3091 1474 neque
3138 1403 3248 1457 ulla
3293 1402 3449 1456 notio

1868 1500 2249 1557 transcendat:
2288 1498 2495 1553 Joanne
2526 1497 2753 1568 pulchre
2790 1495 3006 1550 duabus
3038 1494 3264 1549 vocibus
3292 1492 3448 1559 cogi-

1868 1592 2126 1646 tationem
2160 1591 2304 1644 intra
2328 1588 2781 1658 circumscriptos
2811 1587 3077 1642 terminos
3106 1585 3444 1647 recludente,

1867 1698 1992 1738 cum
2019 1684 2135 1738 ait:
2170 1681 2238 1736 In
2280 1682 2536 1749 principia
2575 1689 2690 1734 erat
2748 1678 2969 1733 Verbum
2993 1678 3060 1733 ⁸⁸.
3107 1676 3242 1731 Nam
3268 1692 3448 1745 neque

169 1772 239 1825 ἂν
281 1772 547 1844 διαταθῇς
605 1775 735 1830 ίδείν
773 1774 868 1828 τοῦ
902 1775 1032 1829 Υίοῦ
1067 1776 1141 1830 τά
1173 1776 1434 1831 ἐπέκεινα
1456 1818 1472 1843 ,
1510 1776 1753 1847 ὑπεράνα

1867 1792 1934 1831 ex
1958 1776 2062 1830 hac
2088 1790 2243 1838 voce,
2266 1784 2410 1835 erat.
2441 1773 2701 1842 cogitatio
2721 1771 2930 1826 exitum
2961 1774 3203 1840 reperire
3233 1776 3445 1839 potest;

167 1865 427 1932 γενέσθαι
466 1866 571 1936 τῆς
608 1867 786 1938 ἀρχῆς
827 1869 890 1921 οὑ
920 1868 1150 1943 δυνήσῃ.
1198 1868 1438 1932 Εὑσεϐὲς
1473 1864 1569 1923 οὖν
1614 1867 1758 1921 κατά

165 1957 359 2012 τοῦτον
392 1959 494 2012 τὸν
524 1961 728 2031 τρόπον
761 1960 883 2032 ἅμα
912 1966 1054 2018 νοεῖν
1094 1964 1188 2018 τὸν
1216 1963 1346 2018 mw
1376 1962 1458 2033 τῷ
1481 1963 1679 2034 Πατρί.

1862 1884 2039 1938 neque
2069 1868 2400 1938 principium
2453 1865 2776 1937 imaginatio
2822 1862 3230 1919 transcendere.
3263 1861 3447 1927 Quan-

1862 1959 2066 2014 tumvis
2103 1959 2251 2013 enim
2300 1958 2632 2028 cogitatione
2679 1963 2879 2011 curras
2920 1954 2990 2009 ad
3037 1954 3343 2009 anteriora:
3377 1967 3449 2009 ex

165 2066 327 2113 voce.
382 2063 523 2116 erat,
588 2055 795 2110 exitum
819 2072 934 2112 non
989 2057 1222 2127 reperis.
1292 2057 1359 2111 Et
1392 2057 1751 2128 quantumvis
1783 2055 2048 2111 institeris
2079 2053 2262 2108 videre
2309 2068 2430 2123 quae
2466 2053 2579 2107 sint
2631 2053 2773 2106 ultra
2822 2048 3042 2114 Filium,
3085 2063 3196 2103 non
3242 2046 3448 2118 poteris

163 2149 354 2198 tamen
385 2159 650 2215 superare
680 2148 1031 2218 principium.
1071 2147 1262 2219 Itaque
1293 2148 1443 2219 pium
1484 2157 1571 2204 est
1606 2148 1766 2217 juxta
1806 2148 1949 2201 hanc
1969 2145 2237 2199 rationem
2264 2142 2461 2198 Filium
2487 2143 2650 2200 simul
2673 2156 2797 2197 cum
2824 2140 2984 2195 Patre
3018 2138 3339 2207 intelligere.

236 2235 332 2289 15.
371 2235 437 2288 Et
471 2236 519 2288 δ’
549 2237 627 2301 ὡς
666 2239 727 2291 ὲν
752 2240 905 2311 τόπῳ
930 2241 1276 2313 ὑποκειμένῳ
1321 2241 1589 2294 ὑπόϐασίν
1630 2257 1754 2293 τινα

159 2324 259 2378 τοῦ
292 2325 428 2379 Υίοῦ
478 2327 661 2382 νοοῦσι
695 2330 834 2402 πρὸς
888 2331 981 2385 τὸν
1022 2332 1263 2403 Πατέρα,
1311 2332 1453 2386 ὥστε
1501 2332 1757 2403 ὑπεράνω

165 2415 267 2484 μὲν
301 2414 395 2467 τὸν
431 2416 655 2486 Πατέρα
692 2418 984 2488 καθῆσθαι,
1019 2418 1156 2487 πρὸς
1179 2418 1237 2472 δὲ
1273 2419 1334 2473 τὸ
1364 2417 1563 2489 ἐφεξῆς
1591 2421 1673 2482 εἰς
1697 2419 1758 2472 τὸ

161 2507 318 2558 κάτω
353 2506 448 2559 τὸν
483 2507 612 2561 Υἱὺν
655 2508 958 2575 ἀπεῶσθαι,
991 2510 1426 2581 ὑμολογείτωσαν
1458 2509 1634 2576 τοῦτο,
1662 2511 1758 2564 καὶ

160 2598 331 2666 ἡμεῖς
361 2599 723 2671 σιωπήσομεν
759 2601 893 2673 (79),
924 2601 1026 2671 τῆς
1068 2603 1358 2673 ἐναργείας
1387 2603 1498 2675 (80)
1532 2602 1757 2656 αὐτόθεν

158 2688 223 2741 τὸ
260 2690 610 2759 ἀπεμφαῖνον
638 2692 890 2765 ἐχούσης.
931 2693 1067 2747 Οὐδὲ
1097 2694 1209 2765 γὰρ
1250 2695 1313 2749 τὸ
1357 2696 1416 2747 ὲν
1462 2698 1576 2758 τοῖς
1608 2694 1754 2762 λογι-

1931 2239 2017 2293 15.
2058 2236 2218 2303 Quod
2245 2237 2291 2291 si
2323 2237 2469 2291 velut
2500 2237 2556 2290 in
2594 2249 2717 2290 loco
2750 2234 3048 2289 humiliore
3064 2229 3265 2284 Filium
3290 2226 3444 2282 Patri

1859 2330 2090 2385 subesse
2136 2328 2545 2398 imaginantur;
2583 2327 2718 2382 utin
2763 2324 2988 2381 sublimi
3035 2321 3224 2379 sedeat
3256 2319 3443 2384 Pater,

1848 2432 1921 2475 'ac
1965 2419 2091 2475 dein
2122 2417 2297 2473 Filius
2326 2418 2381 2472 in
2436 2419 2617 2473 locum
2663 2417 2981 2472 inferiorem
3033 2415 3295 2470 detrusus
3337 2412 3444 2475 sit;

1859 2512 2135 2566 fateantur
2162 2510 2332 2574 istud,
2371 2518 2426 2565 et
2457 2524 2560 2564 nos
2582 2509 2912 2573 tacebimus,
2954 2513 3142 2576 aperta
3178 2503 3441 2575 loquendi

1858 2613 2072 2657 ratione
2102 2618 2199 2672 per
2250 2616 2310 2658 se
2350 2601 2745 2656 absurditatem
2792 2599 3051 2653 habente.
3087 2595 3223 2650 Nam
3263 2609 3364 2650 nec
3387 2595 3446 2648 in

1855 2692 2238 2748 ratiocinando
2261 2692 2369 2749 sibi
2394 2699 2672 2753 constant,
2712 2690 2806 2760 qui
2849 2704 2959 2743 non
2993 2686 3305 2743 concedunt
3338 2683 3445 2740 Pa~

159 2783 325 2847 σμοῖς
354 2781 655 2836 ἀκόλουθον
686 2783 1040 2847 διασώζουσιν
1066 2787 1117 2838 οἱ
1145 2785 1236 2839 διὰ
1284 2787 1501 2841 πάντων
1544 2785 1753 2857 διήκειν

1861 2796 1992 2842 trem
2028 2785 2097 2841 ad
2121 2786 2381 2840 universa
2421 2784 2755 2854 pertingere,
2806 2797 2933 2838 cum
2962 2795 3154 2836 eorum
3188 2778 3280 2849 qni
3320 2778 3442 2833 sani

157 2870 236 2941 τῷ
267 2873 452 2942 Πατρὶ
487 2874 564 2946 μὴ
606 2873 859 2940 διδόντες,
886 2877 988 2948 τῆς
1012 2878 1122 2931 τῶν
1156 2879 1509 2947 ὑγιαινόντων
1542 2879 1751 2943 ἐννοίας

1861 2885 2002 2945 ιυιιι,
2064 2876 2325 2947 cogitatio
2378 2876 2571 2930 credat
2615 2872 2786 2929 Deum
2828 2873 3086 2941 implesse
3126 2871 3386 2926 universa
3423 2887 3440 2925 :

155 2964 225 3016 τά
256 2964 445 3019 πάντα
471 2966 568 3019 τὸν
588 2967 720 3021 θεὸν
747 2969 1164 3041 πεπληρωκέναι
1200 2971 1564 3044 πιστευούσης
1581 2988 1595 3002 ·
1623 2972 1747 3025 οὐδὲ

1861 2984 1950 3025 nec
1981 2968 2344 3024 recordamur
2373 2966 2652 3038 Propheta:
2681 2965 2916 3020 dicentis
2943 2960 3034 3016 :Si
3056 2960 3344 3016 escendero
3386 2960 3444 3013 in

158 3056 478 3129 μέμνηνται
505 3058 603 3112 τοῦ
633 3062 915 3132 προφήτου
946 3063 1193 3131 λέγοντος
1212 3080 1226 3094 ·
1271 3064 1409 3119 Ἐὰν
1436 3062 1639 3119 ἁναϐῶ
1663 3066 1753 3130 εὶς

1861 3063 2063 3126 narium,
2105 3071 2161 3114 tu
2188 3060 2304 3114 illic
2324 3075 2419 3123 es;
2453 3059 2501 3113 si
2538 3057 2854 3112 descendero
2873 3056 2942 3109 ad
2970 3055 3189 3125 inferos,
3215 3054 3440 3135 ades";

154 3150 265 3200 τὸν
306 3148 596 3216 οὐρανὸν,
648 3150 732 3204 σὺ
781 3153 906 3205 ἐκεῖ
948 3150 1037 3207 εἷ’
1070 3154 1179 3209 ἐὰν
1222 3154 1456 3209 καταϐῶ
1503 3159 1592 3221 εἰς
1645 3156 1752 3209 τὸν

1861 3152 1949 3223 qui
1982 3166 2152 3222 supra
2189 3158 2245 3205 et
2266 3149 2412 3204 infra
2460 3149 2775 3219 partiuntur
2809 3147 2952 3203 inter
2997 3147 3216 3203 Patrem
3265 3153 3321 3201 et
3352 3144 3441 3199 Fi-

154 3235 340 3304 ᾄδην,
392 3236 607 3305 πάρει·
649 3240 699 3292 οἱ
732 3240 795 3292 τὸ
839 3240 951 3294 ἀνω
981 3245 1074 3294 καὶ
1114 3244 1266 3298 κάτω
1295 3245 1375 3308 είς
1407 3244 1628 3316 Πατέρα
1656 3245 1751 3298 καὶ

156 3328 285 3382 Υἱὺν
326 3329 688 3400 διαιροῦντες.
727 3332 845 3385 Ἵνα
878 3332 935 3385 δὲ
961 3334 1061 3404 τῆς
1099 3334 1369 3405 ἀμαθείας
1400 3336 1493 3391 τὸν
1528 3336 1751 3406 ἔλεγχον

156 3421 453 3490 σιωπήσω,
499 3421 666 3472 τόπον
715 3422 809 3475 ἐπὶ
847 3421 954 3476 τῶν
993 3424 1303 3495 ἀσωμάτων
1345 3424 1713 3495 ἀφοριζόντων
1734 3442 1747 3455 °

155 3512 209 3563 τί
238 3512 342 3582 τὴν
380 3512 524 3584 πρὸς
566 3513 665 3575 τάς
692 3513 916 3582 Γραφάς
947 3514 1128 3586 μάχην
1163 3517 1259 3569 καὶ
1291 3518 1606 3571 ἐναντίωσιν
1655 3518 1753 3572 αὐ-

154 3602 267 3655 τῶν
307 3601 490 3667 οὕτως
539 3603 893 3675 ἀναίσχυντον
942 3602 1107 3660 οὖσαν
1149 3607 1630 3680 παραμυθήσεται,
1666 3608 1747 3672 τὸ,

156 3693 362 3748 Κάθου
400 3695 472 3748 ἐκ
497 3694 717 3760 δεξιῶν
728 3714 869 3766 μου,
894 3698 986 3751 καὶ
1019 3699 1098 3763 τὸ,
1147 3698 1464 3754 Ἐκάθισεν
1491 3700 1561 3754 ἐν
1582 3698 1751 3766 δεξιᾷ

156 3782 268 3850 τῆς
285 3787 720 3854 μεγαλωσύνης
752 3786 860 3841 τοῦ
897 3788 1083 3852 Θεοῦ;
1121 3787 1194 3841 Τὸ
1224 3788 1335 3859 γὰρ
1359 3788 1531 3854 δεξιὸν
1558 3792 1619 3844 οὑ
1651 3794 1751 3861 τὴν

155 3875 311 3927 κάτω
353 3874 546 3947 χώραν
591 3876 745 3947 δηλοῖ
793 3878 890 3948 (ὡς
932 3880 961 3931 ὁ
992 3879 1199 3932 τούτων
1240 3879 1443 3950 λόγος),
1479 3881 1613 3934 ἀλλὰ
1650 3884 1752 3952 τὴν

156 3966 301 4038 πρὸς
331 3965 397 4019 τὸ
428 3967 546 4021 τσον
573 3968 759 4038 σχέσιν
780 3986 798 3999 ·
832 3968 895 4021 ού
926 3971 1256 4040 σωματικῶς
1282 3971 1377 4025 τοῦ
1406 3971 1582 4037 δεξιοῦ
1614 3972 1752 4043 λαμ-

156 4059 464 4129 6σνομὲνου
498 4058 664 4125 (οὕτω
690 4062 804 4132 γὰρ
834 4061 899 4115 ἄν
930 4081 983 4116 τι
1012 4064 1107 4116 καὶ
1140 4064 1329 4118 σκαιὸν
1358 4065 1451 4118 ἐπὶ
1483 4064 1577 4117 τεῦ
1614 4064 1749 4117 Θεοῦ

156 4150 293 4221 εἴη),
325 4149 447 4203 ἀλλ’
480 4154 546 4204 ὲκ
588 4150 701 4203 τῶν
733 4153 931 4223 τιμίων
962 4155 1063 4225 τῆς
1097 4156 1455 4227 προσεδρείας
1489 4156 1602 4227 (8i)
1637 4157 1753 4209 όνο-

161 4240 353 4311 μάτων
396 4240 462 4293 τὸ
517 4242 939 4314 μεγαλοπρεπὲς
978 4245 1082 4316 τῆς
1119 4248 1250 4319 περὶ
1285 4249 1378 4303 τὸν
1410 4248 1539 4301 Υίὸν
1587 4249 1753 4319 τιμῆς

157 4331 545 4403 παριστῶντος
584 4331 681 4385 τοῦ
706 4332 889 4402 λόγου.
928 4336 1265 4407 Λειπόμενον
1292 4337 1473 4392 τοίνυν
1509 4338 1621 4409 (82)
1654 4340 1752 4393 αὑ-

1853 3242 2007 3296 lium.
2031 3242 2100 3296 At
2137 3248 2197 3295 ut
2229 3240 2366 3294 nihil
2412 3239 2593 3294 dicam
2628 3239 2696 3292 ad
2737 3236 3172 3307 redarguendam
3213 3235 3439 3293 illorum

1851 3330 2207 3401 imperitiam,
2227 3329 2395 3384 rebus
2418 3328 2763 3397 incorporeis
2785 3328 2965 3381 locum
2985 3326 3400 3381 attribuentium
3420 3342 3438 3393 ;

1852 3422 1984 3494 quid
2011 3421 2299 3477 excusabit
2329 3435 2521 3476 eorum
2552 3420 2911 3489 impietatem,
2945 3433 3055 3488 qua
3095 3424 3206 3471 tam
3249 3418 3435 3488 impu-

1850 3514 2044 3569 denter
2072 3519 2381 3583 repugnant
2412 3509 2886 3579 adversanturque
2932 3505 3439 3577 Scripturis?quod

1850 3616 2024 3676 gentis
2061 3613 2144 3660 est
2177 3604 2344 3658 illud:
2375 3603 2510 3659 Sede
2537 3601 2782 3655 adextris
2813 3602 2999 3654 meis“
3026 3618 3041 3665 ;
3066 3608 3150 3655 et:
3176 3599 3430 3655 Consedit

1851 3698 1908 3749 in
1932 3696 2124 3750 dextra
2167 3694 2468 3764 majestatis
2516 3693 2614 3748 Dei
2632 3693 2698 3746 ⁸⁷.
2747 3690 2936 3761 Neque
2986 3692 3130 3745 enim
3171 3690 3429 3745 dextrum

1853 3788 2127 3859 signiﬁcat
2173 3788 2354 3841 locum
2401 3783 2720 3841 inferiorem
2797 3783 2944 3853 quod
2983 3783 3075 3837 isti
3112 3780 3434 3853 prcedicant,

1851 3879 1947 3933 sed
1980 3878 2301 3933 relationem
2329 3875 2396 3930 ad
2432 3874 2487 3929 id
2520 3874 2664 3944 quod
2692 3874 2898 3945 miuale
2927 3881 3043 3935 est;
3078 3871 3285 3941 quippe
3302 3886 3434 3925 cum

1851 3969 2101 4024 dextrum
2132 3984 2244 4023 non
2274 3967 2576 4036 accipiatur
2602 3964 2967 4034 corporaliter
2993 3963 3099 4032 (sic
3130 3963 3279 4017 enim
3301 3976 3431 4031 pos-

1853 4063 1925 4115 sit
1953 4062 2119 4116 etiam
2156 4074 2279 4115 esse
2310 4057 2516 4129 aliquid
2543 4057 2830 4112 sinistrum
2854 4056 2908 4109 in
2942 4054 3073 4126 Deo)
3110 4052 3209 4109 sed
3250 4053 3428 4107 hono-

1855 4155 2023 4210 riﬁcis
2051 4153 2330 4210 assidendi
2349 4152 2533 4208 verbis
2550 4149 3030 4221 Filiimajestatem
3055 4150 3431 4220 honoremque

1856 4249 2141 4318 Scriptura
2191 4246 2264 4302 ob
2296 4246 2491 4301 oculos
2524 4253 2711 4314 ponat.
2773 4242 3067 4313 Reliquum
3116 4249 3203 4297 est
3240 4241 3432 4311 igitur,

1858 4348 1916 4393 ut
1947 4340 2050 4395 hac
2090 4354 2226 4395 voce
2270 4338 2556 4411 dignitatis
2584 4334 2902 4391 inferiorem
2936 4331 3169 4404 gradum
3199 4331 3435 4387 indicari

229 4487 283 4518 ’⁵
306 4484 471 4543 10m.
505 4502 545 4551 ι,
578 4489 631 4542 Ι.
707 4489 753 4520 ³⁸
782 4487 930 4545 Psal.
957 4504 1225 4555 cxxxvm,
1256 4492 1311 4546 8.
1387 4491 1432 4524 ³⁸
1461 4491 1608 4550 Psal.
1642 4508 1753 4558 (ιιι,

1917 4494 1962 4526 ³⁷
1994 4492 2162 4550 Hebr.
2202 4510 2241 4559 ι,
2273 4494 2327 4549 5.

231 4643 346 4713 (78)
384 4647 752 4718 Διανοιαις...
788 4647 1168 4715 φαντασίαις.
1213 4645 1306 4702 Sic
1335 4648 1446 4702 duo
1491 4647 1617 4703 libri
1663 4664 1747 4704 ve-

1861 4648 2068 4704 liverso
2090 4664 2275 4712 sensu,
2305 4649 2431 4703 licet
2473 4648 2693 4704 diverso
2722 4652 3013 4706 verborum
3047 4653 3261 4718 ordine,
3292 4652 3432 4708 dixit

156 4721 330 4787 teres,
385 4715 591 4784 quibus
650 4717 1071 4787 lavetualiornin
1114 4718 1276 4770 trium
1325 4718 1597 4787 scriptura
1637 4721 1747 4772 δια-

158 4784 381 4847 νοίας...
423 4785 763 4860 φαντασίας.
805 4785 943 4860 Editi
978 4784 1583 4860 ﬁtavoiq...h<pav:eta£q.
1627 4791 1745 4842 Ali-

158 4864 374 4924 quanto
418 4864 544 4925 post
574 4856 704 4910 editi
749 4858 842 4909 επὶ
878 4857 949 4910 τὰ
1000 4858 1131 4922 άνω,
1164 4856 1391 4914 codices
1430 4856 1566 4914 mss.
1601 4860 1745 4914 utin

156 4934 451 4980 contextu.

258 4996 351 5070 39)
392 4994 809 5070 ξεωπῄσομεκ.
840 4995 976 5070 Tres
1006 4996 1226 5070 codices
1250 5000 1638 5070 etwa-thomum.

252 5065 346 5134 80)
393 5063 510 5132 Τῆς
546 5063 878 5135 ἐναργείας.
922 5066 1013 5121 Sic
1046 5068 1155 5122 duo
1180 5063 1576 5125 codices'ms's.
1604 5069 1750 5134 Qua-

160 5143 287 5209 tuor
316 5136 411 5189 alii
444 5137 763 5209 cumgeditis
803 5136 1005 5191 habent
1031 5138 1330 5209 ἐνεργείας.
1369 5139 1475 5193 Sed
1505 5140 1745 5209 proclive

164 5205 265 5257 fuit
313 5220 509 5278 errare
541 5205 803 5278 librariis,
847 5223 995 5278 quos
1036 5205 1256 5278 pariter
1285 5210 1340 5262 in
1385 5205 1575 5264 eadem
1601 5215 1744 5265 ’voce

161 5275 483 5350 Saepe‘alias
522 5275 817 5350 oll‘endisse
859 5275 1186 5332 videbimus.
1237 5276 1541 5350 Scriptura,
1578 5295 1741 5349 quam

162 5346 338 5419 secuti
368 5360 593 5419 sumus,
618 5346 785 5419 haeret
829 5356 879 5401 et
925 5350 1183 5401 conducit
1220 5346 1502 5419 proposito
1534 5346 1739 5412 Basilii,

163 5414 255 5483 qui
282 5424 549 5485 provocat
580 5417 865 5471 haereticos
896 5428 956 5471 nt
992 5429 1177 5486 aperte
1198 5414 1383 5473 dicant
1404 5419 1620 5474 Patrem
1651 5435 1744 5474 su-

164 5486 386 5559 periore
433 5486 555 5559 loco
612 5487 823 5559 sedere,
854 5486 1051 5559 Filium
1094 5487 1387 5555 inferiore;
1436 5499 1567 5543 tunc
1600 5492 1745 5545 enim

164 5555 351 5626 verbis
396 5554 467 5626 ad
508 5571 605 5612 eos
648 5556 974 5613 refellendos
1004 5574 1143 5626 opus
1174 5574 1282 5614 non
1320 5554 1584 5623 futurum,
1619 5575 1744 5614 cuni

163 5622 439 5698 ejusmodi
460 5628 754 5698 sententia,
781 5628 829 5682 si
858 5622 1132 5698 palam'ac
1159 5630 1277 5683 sine
1308 5622 1745 5685 dissimulatione

165 5695 504 5761 enuntietur,
548 5695 892 5754 manifestam
934 5698 1131 5754 habeat
1161 5702 1596 5771 repugnantiam.
1625 5699 1743 5754 Non

1849 4718 2092 4793 Basilius
2116 4722 2169 4772 in
2210 4720 2540 4793 epis_tol.__al.
2586 4720 2693 4775 5M
2726 4722 3001 4775 τΑύτόθεν
3024 4722 3136 4793 ἔχει
3169 4723 3230 4793 τὸ
3273 4727 3433 4793 ἐναρ-

1848 4790 1943 4871 γὲς
1980 4791 2013 4859 ή
2048 4788 2381 4860 βλασφημία.
2420 4789 2532 4845 Sua
2561 4800 2741 4859 sponte
2775 4788 3167 4861 manifestd'est
3192 4788 3432 4862 blasphe-

1851 4876 1977 4913 mra.

1921 4930 2034 5000 (8|)
2057 4928 2474 4998 Προσεὸρείας.
2500 4929 2760 4995 Quamvis
2793 4929 2907 4984 ha‘c
2933 4932 3204 5001 scriptura
3234 4933 3289 4986 in
3318 4947 3432 4986 uno

1852 5008 2062 5054 tantum
2093 5008 2269 5055 exstet
2299 5000 2489 5054 codice
2523 5015 2650 5058 ηις..
2682 5003 2955 5055 assentior
2984 5000 3165 5055 tamen
3196 5001 3430 5057 Combe-

1855 5070 1973 5124 lisio
2006 5085 2141 5141 eam,
2170 5071 2397 5141 vulgatae
2429 5069 2740 5140 προεδρίας,
2770 5085 2891 5140 quae
2918 5072 2970 5123 in
3004 5071 3126 5127 aliis
3157 5074 3429 5141 reperitur

1852 5156 1985 5195 mss.
2012 5138 2307 5209 codicibus
2339 5150 2392 5195 et
2417 5138 2614 5201 editis,
2645 5138 3033 5209 praeferendam
3076 5138 3234 5196 esse;
3249 5140 3424 5197 Filius

1850 5224 2004 5283 cu_m_
2006 5208 2169 5265 Patre
2212 5218 2561 5283 comparatus
2602 5208 2715 5283 non
2755 5213 2918 5266 habet
2969 5211 3281 5283 προεδρίαν,
3327 5227 3431 5266 nec

1851 5280 1927 5332 illi
1967 5278 2226 5335 Erasmus
2268 5278 2384 5334 sine
2417 5280 2655 5334 absurdo
2686 5289 2994 5335 commento
3015 5278 3430 5348 'prte'sidenttam

1851 5350 1963 5420 (sic,
1987 5352 2130 5420 enim
2186 5349 2427 5404 reddidit
2471 5350 2611 5403 hanc
2648 5350 2859 5420 vocem)

1922 5419 2032 5489 (82)
2069 5420 2435 5489 Λειπόμενον
2461 5421 2687 5473 τοίνυν.
2716 5418 2850 5474 Cod.
2894 5418 3136 5476 Culliert.
3164 5418 3427 5474 Λείπεται

1845 5489 2047 5542 τοίνυν.
2091 5489 2385 5544 Contendit
2417 5500 2597 5543 autem
2653 5490 2757 5543 hoc
2807 5491 2927 5543 luco
2955 5490 3317 5547 Combeﬁsius
3346 5491 3425 5546 le-

1845 5559 2079 5627 gendum
2109 5574 2249 5624 esse,
2282 5568 2343 5613 ut
2367 5561 2420 5629 in
2447 5561 2691 5629 margine
2714 5561 2919 5615 codicis
2945 5559 3280 5623 llenriciani,
3302 5560 3425 5613 οὐδὲ

1845 5629 2022 5693 ἀξίας,
2065 5631 2248 5701 etisic
2277 5628 2610 5701 reddendum
2653 5630 3027 5699 :lielinquitur
3078 5632 3240 5701 igitur
3288 5631 3423 5694 illis,

1845 5710 1900 5753 ιιι
1941 5716 2031 5753 nec
2071 5700 2367 5769 inferiorem
2404 5699 2678 5770 dignilu‘is
2720 5702 2938 5772 gradum
2969 5716 3060 5769 per
3084 5699 3218 5757 lianc
3250 5716 3420 5756 vocent

2907 5352 3201 5419 attribuere
3230 5352 3424 5419 potuit.
