3900 6212
472 293 534 348 91
1795 292 1852 350 S.
1893 293 2135 350 BASILII
2175 295 2387 353 MAGNI
3651 298 3724 353 32

469 415 738 462 asserant.
770 405 996 462 Discant
1029 407 1193 477 igitur
1215 407 1360 478 quod
1389 407 1646 464 Christus
1691 419 1775 464 est
1813 409 1906 466 Dei
1933 412 2027 464 vir-

2145 414 2270 475 τοὺς
2301 411 2364 465 τὸ
2398 417 2494 482 τῆς
2543 413 2700 476 ἀξίας
2749 411 2972 476 ὑποδεὲς
3009 412 3099 466 διὰ
3144 415 3245 484 τῆς
3291 414 3472 485 φωνῆς
3515 416 3722 484 ταύτης

469 509 581 562 tus,
614 506 669 553 et
699 498 792 554 Dei
836 499 1103 568 sapientia
1121 499 1190 565 ",
1221 507 1275 554 et
1316 500 1498 572 imago
1530 499 1624 556 Dei
1667 501 2042 568 invisibilis”,

469 602 521 643 et
552 588 810 659 splendor
839 589 940 658 12
967 589 1151 656 gloriae
1167 590 1236 652 ³ο,
1278 589 1535 660 quodque
1571 591 1715 645 hunc
1767 589 1930 646 Pater
1974 591 2047 646 si-

469 684 656 751 gnavit
688 679 853 744 Deus,
914 696 1083 750 seque
1112 687 1290 734 totum
1345 682 1400 734 in
1445 696 1514 736 eo
1573 680 1864 751 expressit.
1920 681 2046 737 Haec

470 775 638 844 igitur
658 780 712 828 et
742 787 1084 843 quaecunque
1102 772 1189 827 his
1220 773 1416 827 similia
1448 779 1575 828 sunt
1602 788 1698 843 per
1728 773 2042 828 universam

471 863 810 934 Scripturam
844 864 1175 928 testimonia,
1218 872 1403 917 utrum
1432 863 1683 919 dicemus
1717 864 2044 920 humilitatis

469 955 671 1009 habere
701 953 1181 1023 signiﬁcationem,
1213 967 1282 1004 an
1313 966 1412 1005 ceu
1446 952 1720 1022 praeconia
1769 951 2040 1021 quaedam,

470 1043 749 1114 Unigeniti
783 1043 1145 1112 majestatem,
1180 1048 1234 1095 et
1267 1041 1530 1110 aequalem
1561 1056 1684 1095 cum
1719 1039 1881 1096 Patre
1927 1041 2043 1112 glo-

469 1134 606 1188 riam
634 1131 1260 1190 ebuccinari?Audiant
1308 1133 1530 1203 insuper
1595 1141 1650 1188 et
1697 1133 1877 1203 ipsum
1937 1135 2042 1187 Do-

468 1225 674 1280 minum
708 1225 885 1296 palam
929 1239 1086 1280 suam
1129 1223 1360 1294 gloriam
1403 1239 1526 1279 cum
1566 1223 1725 1279 Patre
1776 1224 2041 1294 aequalem

400 1383 406 1388 η
469 1329 825 1385 asserentem,
852 1332 978 1372 cum
1029 1317 1104 1371 ait
1149 1336 1161 1370 :
1197 1317 1303 1381 Qui
1342 1316 1477 1370 videt
1525 1333 1625 1380 me,
1669 1315 1803 1370 videt
1845 1326 1894 1370 et
1931 1315 2042 1370 Pa—

471 1418 600 1462 trem
618 1409 661 1439 ³¹
730 1409 810 1462 Ac
859 1423 1078 1463 rursum
1119 1424 1135 1459 :
1177 1407 1308 1460 Cum
1356 1407 1550 1460 venerit
1605 1403 1780 1460 Filius
1834 1407 1890 1460 in
1925 1407 2040 1477 glo-

469 1497 552 1550 ria
585 1495 766 1550 Patris
783 1495 861 1559 “;
900 1505 996 1550 et:
1037 1494 1103 1549 Ut
1129 1494 1476 1564 honori/iacnt
1525 1494 1748 1560 Filium,
1791 1497 2042 1565 quemad-

468 1589 682 1641 modum
727 1587 1085 1656 honoriﬁcant
1142 1585 1433 1641 Patrem”.
1499 1585 1628 1640 Item
1669 1585 1802 1640 illud
1841 1605 1853 1640 :
1892 1587 2040 1641 Vidi-

467 1694 584 1732 mus
627 1678 853 1748 gloriam
906 1678 1043 1746 ejus,
1096 1678 1322 1747 gloriam
1380 1688 1632 1749 tanquam
1693 1676 1956 1749 Unigeniti
2007 1696 2040 1733 a

468 1767 707 1824 Patre“.
741 1767 987 1825 Rursus:
1015 1767 1324 1838 Unigenitus
1360 1768 1525 1833 Deus,
1567 1773 1765 1841 quiest
1812 1772 1867 1824 in
1917 1772 2039 1824 sinu
2076 1756 2114 1808 Β

467 1861 732 1916 Patris".
810 1859 1013 1915 Horum
1087 1860 1217 1914 dum
1290 1861 1379 1914 isti
1444 1861 1583 1915 nihil
1657 1861 2032 1925 considerant,

465 1954 643 2008 locum
695 1953 947 2008 hostibus
981 1954 1312 2009 destinatum
1347 1953 1658 2006 attribuunt
1709 1951 1871 2008 Filio.
1908 1951 2040 2006 Nam

464 2045 620 2100 sinus
647 2052 908 2115 paternus
933 2043 1091 2100 sedes
1123 2053 1208 2101 est
1231 2045 1394 2116 digna
1427 2042 1600 2111 Filio;
1657 2045 1878 2100 scabelli
1912 2061 2040 2100 vero

465 2137 620 2192 locus
659 2136 729 2192 iis
787 2136 1064 2202 convenit,
1115 2137 1318 2208 quibus
1369 2150 1506 2206 opus
1537 2144 1623 2192 est
1675 2139 2034 2209 subjectione.

461 2227 572 2285 Nos
606 2229 770 2300 igitur
820 2229 886 2282 ad
919 2228 1025 2282 alia
1060 2235 1440 2298 properantes,
1501 2229 1679 2284 obiter
1741 2231 1795 2284 in
1853 2239 2037 2287 trans-

461 2336 626 2377 cursu
656 2319 969 2375 testimonia
1001 2319 1318 2390 attigimus;
1345 2321 1443 2375 tibi
1484 2336 1612 2375 vero
1644 2337 1738 2390 per
1757 2321 1928 2376 otium
1966 2323 2037 2376 li-

461 2420 568 2476 cet,
601 2412 850 2467 collectis
883 2411 1326 2482 probationibus,
1384 2413 1574 2482 gloriae
1621 2413 2032 2477 sublimitatem,

460 2517 528 2558 ac
559 2501 783 2557 virtutis
828 2501 1178 2556 eminentiam
1216 2501 1272 2554 in
1316 2499 1454 2556 Filio
1489 2503 1818 2572 perspicere.
1849 2502 2035 2569 Quan-

459 2607 724 2663 quamne
755 2593 870 2647 haec
912 2592 1134 2662 quidem
1191 2593 1427 2648 auditori
1478 2608 1632 2663 aequo
1679 2609 1844 2664 parva
1886 2596 2034 2651 vide—

459 2685 684 2746 buntur,
718 2682 822 2737 nisi
848 2682 974 2752 quis
1004 2681 1300 2736 carnaliter
1326 2689 1380 2736 et
1405 2682 1618 2751 abjecte
1639 2683 1906 2753 intelligat
1934 2684 2032 2739 has

459 2790 645 2838 voces,
675 2774 917 2829 dextrum
967 2781 1023 2830 et
1075 2774 1254 2828 sinum
1293 2789 1312 2826 :
1346 2780 1407 2828 ut
1460 2774 1582 2828 loco
1617 2775 2033 2830 circumscribat

459 2865 652 2932 Deum,
683 2867 955 2938 ﬁngatque
981 2865 1207 2937 ﬁguram
1233 2881 1298 2921 ac
1333 2865 1562 2920 formam
1601 2867 1880 2938 situmque
1914 2883 2032 2922 cor-

456 2959 696 3029 poralem
735 2977 748 3012 :
782 2974 904 3030 quae
937 2959 1005 3013 ab
1043 2957 1398 3029 intelligentia
1426 2959 1503 3014 rei
1542 2959 1806 3028 simplicis
1829 2968 1882 3015 et
1927 2961 2030 3013 im-

458 3064 662 3104 mensae
690 3064 754 3102 ac
781 3048 1116 3117 incorporea}
1161 3047 1321 3118 longe
1361 3055 1569 3102 semota
1612 3058 1760 3114 sunt,
1809 3058 2030 3119 praeter-

458 3157 621 3211 quam
644 3141 790 3211 quod
817 3141 963 3196 illius
999 3140 1257 3208 cogitatio
1303 3140 1548 3202 humilis,
1596 3142 1799 3209 pariter
1830 3142 1883 3194 in
1928 3141 2030 3195 Pa-

455 3239 597 3285 trem
626 3228 772 3284 cadit
796 3236 957 3299 atque
986 3227 1042 3281 in
1074 3225 1293 3282 Filium.
1327 3228 1509 3293 Quare
1543 3244 1652 3282 non
1693 3229 1880 3299 dejicit
1905 3230 2027 3284 Filii

455 3323 794 3393 dignitatem,
827 3318 924 3376 sed
952 3319 1199 3390 adjungit
1232 3319 1584 3389 blasphemiae
1603 3320 1809 3374 crimen
1835 3321 2023 3375 adver-

457 3428 553 3467 sus
579 3409 746 3466 Deum
776 3409 1028 3480 quisquis
1063 3409 1194 3462 talia
1227 3409 1468 3464 disserit.
1505 3409 1855 3480 Quaacunque
1882 3413 2025 3465 enim

456 3518 624 3558 ausus
656 3501 819 3557 fuerit
845 3515 1098 3555 evomere
1121 3501 1176 3554 in
1217 3500 1439 3565 Filium,
1478 3516 1704 3556 necesse
1743 3512 1826 3556 est
1855 3509 1914 3556 ut
1936 3519 2029 3557 ea—

455 3591 579 3646 dem
609 3589 906 3644 transferat
934 3590 987 3644 in
1035 3589 1272 3644 Patrem.
1303 3588 1438 3642 Nam
1469 3591 1561 3660 qui
1598 3589 1748 3644 Patri
1783 3593 2028 3661 superio-

455 3698 570 3737 rem
600 3683 780 3737 locum
815 3682 883 3736 ad
923 3681 1324 3752 praesidendum
1360 3683 1572 3747 tribuit,
1624 3697 1688 3738 ac
1717 3683 1914 3739 Filium
1943 3685 2027 3740 di-

454 3775 530 3828 cit
557 3773 844 3829 humiliore
868 3774 987 3829 loco
1024 3774 1236 3839 sedere,
1279 3775 1327 3830 is
1357 3790 1697 3845 quaecunque
1746 3780 2026 3847 corporeis

455 3865 731 3930 accidunt,
768 3881 832 3922 ea
854 3867 1035 3920 omnia
1068 3867 1355 3922 habiturus
1385 3874 1468 3922 est
1513 3883 1674 3922 suum
1710 3867 2024 3938 ﬁgmentum

452 3958 866 4027 consequentia.
899 3957 1054 4025 Quod
1088 3958 1134 4012 si
1166 3959 1283 4014 istae
1306 3959 1726 4028 imaginationes
1743 3970 1872 4014 sunt
1899 3962 2025 4015 vino

453 4049 824 4113 delirantium,
883 4064 946 4104 ac
977 4065 1071 4120 per
1096 4048 1460 4118 phrenitidem
1495 4056 1678 4104 mente
1719 4059 2024 4105 commoto-

451 4155 570 4193 rum
597 4157 610 4203 ;
641 4139 914 4210 quomodo
936 4141 1085 4210 pium
1119 4140 1281 4196 fuerit
1312 4156 1456 4206 eum,
1483 4141 1576 4210 qui
1609 4149 1830 4204 natura,
1851 4142 2022 4210 gloria

451 4230 822 4302 dignitateque
855 4232 1183 4302 conjunctus
1221 4240 1327 4296 est,
1361 4247 1471 4286 non
1505 4232 1666 4286 simul
1698 4247 1823 4286 cum
1863 4230 2024 4287 Patre

451 4323 667 4378 adorari
695 4331 748 4377 et
775 4323 1069 4394 gloriﬁcari
1100 4323 1168 4376 ab
1199 4323 1284 4378 his
1305 4323 1398 4393 qui
1429 4323 1497 4378 ab
1529 4323 1645 4394 ipso
1665 4323 1845 4378 edocti
1869 4333 2018 4388 sunt,

2146 502 2437 573 δηλοῦσθαι
2463 503 2658 572 λέγειν.
2683 504 3119 560 Μανθανέτωσαν
3142 505 3341 570 τοίνυν,
3375 508 3457 560 ὅτι
3485 507 3722 578 Χριστὸς

2146 593 2280 646 Θεοῦ
2313 593 2561 674 δύναμις,
2613 595 2706 648 καὶ
2737 594 2871 648 Θεοῦ
2909 595 3090 664 σοφία,
3135 597 3229 649 καὶ
3257 598 3341 650 ὅτι
3385 596 3546 650 είκὼν
3577 597 3718 650 Θεοῦ

2144 683 2236 736 τοῦ
2291 685 2551 755 ἀοράτου,
2607 687 2700 740 καὶ
2745 685 3083 757 ἀπαύγασμα
3122 688 3223 756 τῆς
3265 687 3441 757 δόξης,
3490 691 3584 743 καὶ
3633 691 3718 743 ὅτι

2145 774 2329 829 τοῦτον
2354 777 2382 828 ό
2412 777 2599 848 Πατὴρ
2631 778 2962 849 ἐσφράγισεν
2993 780 3022 831 ὁ
3040 778 3191 842 Θεὸς,
3214 779 3333 833 ὅλον
3355 779 3500 850 αύτῷ
3526 781 3716 834 ἑαυτὸν

2145 866 2477 931 ὲντυπὼσας.
2513 868 2725 933 Ταύτας
2749 871 2946 933 τοίνυν,
2973 870 3066 923 καὶ
3115 870 3234 923 ὅσαι
3268 870 3490 934 ταύταις
3517 888 3718 940 συγγε-

2145 961 2254 1022 νεῖς
2291 959 2431 1012 κατά
2461 961 2638 1014 πᾶσάν
2687 962 2792 1014 εἰσι
2823 961 2920 1032 τὴν
2952 962 3176 1032 Γραφὴν
3209 963 3532 1034 μαρτυρίαι,
3555 963 3717 1017 πότε-

2147 1067 2237 1121 ρον
2269 1051 2665 1114 ταπεινωτικάς
2711 1047 2852 1106 εἶναί
2892 1069 3070 1122 φαμεν
3104 1053 3233 1122 (85),
3269 1053 3302 1124 ἢ
3346 1053 3533 1125 ὥσπερ
3562 1055 3717 1120 τινάς

2143 1142 2490 1213 ἀναρρήσεις,
2533 1143 2593 1196 τὸ
2633 1143 3048 1215 μεγαλοπρεπὲς
3088 1144 3180 1196 τοῦ
3229 1145 3581 1214 Μονογενοῦς,
3617 1147 3717 1200 καὶ

2141 1232 2200 1284 τὸ
2235 1233 2369 1304 πρὸς
2398 1234 2489 1286 τὸν
2520 1234 2740 1305 Πατέρα
2785 1235 2896 1288 ι’σον
2943 1234 3043 1304 τῆς
3083 1235 3240 1306 δόξης
3279 1236 3672 1307 ἀνακηρύττειν
3693 1255 3719 1302 ;

2154 1323 2521 1378 Ἀκουέτωσαν
2553 1325 2609 1378 δὲ
2639 1327 2731 1380 καὶ
2763 1326 2926 1379 αὐτοῦ
2951 1326 3042 1380 τοῦ
3075 1315 3280 1398 Κυρίου
3312 1328 3498 1398 σαφῶς
3529 1330 3718 1400 ὁμότι-

2145 1435 2242 1486 μον
2280 1417 2473 1470 ἑαυτοῦ
2505 1419 2603 1488 τὴν
2629 1419 2787 1486 δόξαν
2813 1419 2890 1490 τῷ
2923 1420 3100 1491 Πατρὶ
3126 1421 3514 1493 παριστῶντος,
3545 1424 3603 1476 ὲν
3633 1422 3726 1492 τῷ

2140 1507 2315 1576 λέγειν
2335 1526 2348 1540 ο
2395 1511 2449 1561 '0
2491 1509 2760 1579 ἑωρακὼς
2787 1512 2890 1581 ἐμὲ
2931 1511 3152 1580 ἑώρακε
3178 1515 3285 1566 τὸν
3314 1514 3574 1582 Πατέρα·
3616 1517 3716 1568 καὶ

2142 1601 2335 1655 πάλιν*
2370 1603 2546 1655 Ὅταν
2583 1603 2731 1672 ἔλθῃ
2779 1607 2811 1656 ὀ
2857 1602 2986 1669 Υἱὸς
3031 1605 3102 1658 ἐν
3139 1605 3216 1674 τῇ
3245 1605 3392 1674 δόξῃ
3443 1607 3549 1660 τοῦ
3591 1609 3722 1660 Πα-

2140 1695 2310 1762 τρός·
2359 1695 2454 1748 καὶ
2499 1694 2582 1757 τὸ,
2631 1695 2766 1749 Ἵνα
2808 1695 3013 1764 τιμῶσι
3059 1697 3166 1750 τὸν
3208 1697 3364 1759 Υἱόν,
3397 1697 3584 1763 καθὼς
3632 1716 3720 1752 τι-

2141 1785 2300 1855 μῶσι
2319 1787 2426 1839 τὸν
2443 1787 2673 1855 Πατέρα
2689 1805 2703 1818 ο
2727 1789 2820 1840 καὶ
2839 1787 2917 1851 τὸ,
2964 1789 3362 1858 Ἐθεασάμεθα
3388 1789 3504 1856 τὴν
3525 1790 3722 1855 δόξαν

2143 1877 2350 1943 αὐτοῦ,
2386 1877 2572 1941 δόξαν
2601 1879 2685 1945 ὡς
2723 1879 3101 1949 Μονοτενοῦς
3128 1881 3285 1948 παρὰ
3326 1883 3552 1949 Πατρός
3571 1898 3584 1913 ·
3616 1883 3720 1936 καὶ

2141 1971 2222 2035 τὸ,
2255 1971 2317 2023 '0
2351 1972 2689 2042 μονογενὴς
2721 1971 2864 2037 Θεὸς
2887 1971 3023 2041 (84),
3063 1975 3095 2024 ό
3124 1969 3209 2024 ὢν
3237 1975 3326 2038 εις
3355 1973 3464 2027 τόν
3483 1975 3726 2027 κόλπον

2142 2062 2248 2117 τοῦ
2293 2065 2539 2131 Πατρός.
2581 2059 2682 2115 Ὧν
2727 2064 2892 2134 μηδὲν
2942 2064 3416 2134 ὑπολογισάμενοι,
3457 2066 3554 2135 τὴν
3593 2069 3730 2132 τοῖς

2139 2151 2354 2223 ἐχθροῖς
2384 2152 2776 2224 ἀφωρισμένην
2828 2153 3012 2226 χώραν
3060 2156 3407 2226 προστιθέασι
3451 2157 3529 2228 τῷ
3572 2158 3723 2229 Υἱῷ..

2139 2243 2352 2306 Κόλπος
2385 2245 2481 2314 μὲν
2513 2244 2622 2315 γὰρ
2656 2245 2922 2315 πατρικὸς
2967 2245 3081 2316 Υίῷ
3112 2246 3348 2319 καθέδρα
3390 2249 3676 2320 πρέπουσα
3697 2265 3712 2279 ·

2137 2334 2170 2403 ή
2204 2333 2259 2386 δὲ
2289 2333 2382 2386 τοῦ
2425 2333 2714 2388 ὑποποδίου
2747 2333 2901 2406 χώρα
2931 2339 3044 2401 τοῖς
3074 2338 3436 2408 ὲπιδεομένοις
3475 2340 3582 2410 (85)
3609 2343 3726 2411 τῆς

2137 2423 2522 2489 ὑποπτώσεως.
2569 2426 2761 2496 Ἡμεῖς
2789 2427 2888 2497 μὲν
2919 2423 3032 2492 οὖν,
3076 2430 3160 2499 ἐφ’
3191 2430 3355 2501 ἕτερα
3389 2431 3487 2502 τὴν
3532 2433 3726 2503 ὁρμὴν.

2134 2515 2368 2586 ἔχοντες,
2393 2517 2844 2588 παρατρεχόντως
2873 2518 2980 2572 τῶν
3005 2521 3319 2591 μαρτυριῶν
3347 2522 3677 2593 ἐφηψάμεθα
3695 2539 3712 2553 ο

2135 2607 2307 2673 ἔξεστι
2357 2607 2413 2661 δέ
2466 2625 2548 2661 σοι
2592 2609 2730 2662 κατά
2766 2610 2979 2681 σχολὴν,
3024 2614 3383 2682 συναγαγόντι
3431 2614 3528 2678 τὰς
3574 2615 3718 2668 ἀπο-

2133 2693 2361 2758 δείξεις,
2399 2695 2461 2747 τὸ
2516 2695 2616 2766 τῆς
2650 2695 2808 2767 δόξης
2861 2695 2994 2766 ὕψος
3047 2699 3142 2751 καὶ
3171 2699 3232 2752 τὸ
3284 2701 3384 2772 τῆς
3427 2701 3716 2770 δυνάμεως

2134 2785 2397 2856 ὑπερέχον
2419 2785 2512 2839 τοῦ
2536 2786 2874 2855 Μονογενοῦς
2899 2787 3154 2841 κατιδεῖν.
3189 2790 3379 2843 Καίτοι
3408 2790 3726 2861 εὐγνώμονι,

2131 2876 2372 2948 ἀκροατῇ
2406 2877 2528 2930 οὐδὲ
2551 2877 2723 2931 ταῦτα
2753 2879 2923 2948 μικρά
2945 2896 2958 2908 ·
2995 2881 3043 2932 εἰ
3079 2881 3152 2951 μή
3180 2899 3262 2945 τις
3298 2882 3572 2954 σαρκικῶς
3605 2883 3706 2939 καὶ

2129 2967 2397 3031 ταπεινῶς
2413 2967 2660 3033 έξακούοι
2677 2969 2771 3022 τοῦ
2804 2968 3004 3034 δεξιοῦ
3034 2972 3128 3025 καὶ
3156 2974 3248 3025 τοῦ
3280 2975 3534 3038 κόλπου,
3564 2973 3711 3027 ὥστε

2131 3060 2280 3131 τόπῳ
2325 3078 2385 3114 τε
2434 3061 2526 3115 τὸν
2577 3062 2708 3116 Θεὸν
2754 3065 3147 3136 περιγράφειν,
3207 3067 3301 3120 καὶ
3349 3068 3714 3122 ἀναπλάττειν

2136 3151 2338 3220 σχῆμα,
2384 3151 2476 3204 καὶ
2519 3151 2708 3218 τύπον,
2757 3154 2852 3206 καὶ⁹
2903 3154 3052 3208 θέσιν
3101 3155 3434 3226 σωματικὴν,
3482 3157 3517 3211 ἃ
3557 3163 3724 3230 παρὰ

2133 3241 2266 3296 πολὺ
2314 3243 2413 3313 τῆς
2460 3245 2670 3309 ἑννοίας
2708 3245 2801 3299 τοῦ
2831 3247 3002 3300 ἀπλοῦ
3045 3248 3140 3302 καὶ
3174 3249 3403 3321 ἀπείρου
3438 3252 3530 3304 καὶ
3560 3253 3713 3305 ἀσω-

2134 3331 2303 3402 μάτου
2335 3333 2651 3405 διώρισταιο
2708 3336 2846 3408 πλήν
2888 3354 2952 3405 γε
2995 3337 3080 3409 δὴ,
3130 3339 3212 3392 ὅτι
3256 3340 3317 3393 τὸ
3363 3341 3460 3412 τῆς
3499 3341 3716 3405 ἐννοίας

2130 3423 2295 3477 αὐτοῦ
2314 3426 2568 3480 ταπεινὸν
2595 3427 2686 3481 ὲπί
2707 3445 2765 3480 τε
2795 3429 3007 3499 Πατρὸς
3034 3430 3130 3483 καί
3151 3430 3280 3484 Υίοῦ
3307 3431 3706 3503 παραπλήσιον.

2132 3513 2293 3566 Ὥστε
2321 3515 2382 3566 ού
2422 3515 2678 3587 καθαιρεῖ
2720 3517 2815 3570 τοῦ
2860 3518 2989 3571 Υἰοῦ
3019 3519 3114 3591 τὴν
3148 3521 3325 3587 ἀξίαν,
3361 3521 3497 3576 ἀλλά
3539 3541 3711 3596 προσ-

2128 3602 2389 3672 λαμϐάνει
2429 3605 2490 3657 τὸ
2525 3606 2697 3677 κρίμα
2735 3607 2832 3677 τῆς
2882 3609 2963 3671 είς
2995 3609 3085 3664 τὸν
3123 3610 3255 3664 Θεὸν
3299 3611 3646 3684 βλασφημίας
3678 3617 3713 3667 ὁ

2125 3693 2194 3747 τὰ
2223 3693 2446 3748 τοιαῦτα
2473 3694 2703 3760 διεξιών.
2753 3699 2840 3750 Ἐν
2868 3695 2948 3762 οἷς
2969 3700 3078 3770 γὰρ
3105 3698 3170 3753 ἂν
3193 3702 3577 3775 κατα-τολμήσῃ
3609 3705 3706 3758 τοῦ

2127 3788 2280 3851 Υίοῦ,
2307 3788 2476 3842 ταῦτα
2501 3791 2709 3860 ἀνάγκη
2741 3791 2889 3862 αύτῷ
2923 3792 3265 3862 μετατιθέναι
3312 3796 3449 3866 πρὸς
3473 3796 3562 3850 τὸν
3591 3798 3710 3850 Πα-

2124 3879 2277 3950 τέρα.
2317 3881 2373 3932 '0
2396 3880 2504 3951 γὰρ
2524 3880 2602 3951 τῷ
2635 3882 2807 3952 Πατρὶ¹
2834 3881 2930 3953 τὴν
2955 3884 3066 3936 ἄνω
3096 3883 3278 3956 χώραν
3307 3888 3385 3949 είς
3410 3886 3712 3957 προεδρίαν

2125 3969 2426 4033 ἀποδιδοὺς,
2456 3970 2545 4023 τὸν
2567 3970 2624 4023 δὲ
2652 3972 2916 4042 μονογενῆ
2944 3973 3069 4026 Υίὸν
3094 3973 3471 4044 ὑποκαθῆσθαι
3503 3973 3704 4043 λέγων,

2126 4057 2302 4110 πάντα
2337 4058 2731 4112 ἀκολουθοῦντα
2764 4059 2874 4126 ἕξει
2913 4061 2980 4113 τὰ
3008 4063 3293 4134 σωματικά
3321 4064 3710 4135 συμπτώματα

2122 4148 2201 4218 τῷ
2239 4149 2431 4202 ἑαυτοῦ
2480 4150 2838 4220 ἀναπλασμῷ.
2892 4152 2954 4204 El
3000 4152 3056 4205 δὲ
3111 4152 3286 4207 ταῦτα
3335 4154 3710 4226 οίνοπλήκτων

2124 4239 2218 4291 καὶ
2264 4240 2328 4291 ὲκ
2371 4241 2673 4309 φρενίτιδος
2717 4242 3052 4312 παραφόρων
3089 4243 3180 4296 τὸν
3216 4242 3340 4297 νοῦν
3380 4243 3450 4298 τά
3492 4248 3702 4314 φαντά-

2126 4346 2328 4399 σματα,
2386 4330 2501 4394 πῶς
2545 4331 2800 4395 εὐσεϐὲς,
2851 4333 2942 4385 τὸν
2981 4335 3046 4403 τῇ
3091 4333 3268 4402 φύσει,
3321 4339 3386 4407 τῇ
3427 4335 3571 4407 δόξῃ,
3623 4338 3706 4406 τῷ

449 4431 571 4470 eum
607 4418 699 4485 qui
739 4429 848 4470 non
881 4415 1208 4470 honorilicat
1233 4415 1450 4480 Filium,
1506 4431 1616 4470 non
1657 4413 2019 4470 honorilicare

2132 4419 2390 4490 ἀξιώματι
2440 4423 2783 4492 συνημμένον
2821 4423 2892 4492 μὴ
2942 4423 3078 4492 μετά
3122 4425 3334 4494 Πατρὸς
3375 4431 3704 4499 προσκυνεῖν

449 4505 760 4562 Patrem"?
795 4505 935 4574 Quid
969 4521 1131 4577 porro
1173 4507 1460 4562 dicemus?
1503 4505 1632 4577 quid
1659 4507 1818 4577 justas
1850 4522 2016 4562 εχει]-

2123 4510 2217 4562 καὶ
2257 4508 2499 4574 δοξάζειν
2543 4511 2669 4573 τοὺς
2715 4511 2844 4582 παρ’
2885 4510 3049 4563 αὑτοῦ
3097 4511 3459 4582 διδαχθέντας,
3504 4514 3586 4566 ὅτι
3637 4515 3703 4567 'O

517 4646 740 4717 πειρον,
775 4667 815 4709 ι,
845 4646 934 4700 24.
1010 4648 1055 4680 ³³
1083 4647 1294 4703 Coloss.
1328 4665 1365 4709 ι,
1402 4649 1488 4703 15.
1565 4647 1610 4679 ³⁰
1642 4647 1806 4703 Hebr.
1841 4662 1881 4713 ι,
1913 4648 1966 4703 5.

2143 4650 2299 4707 Joan.
2333 4667 2444 4715 xiv,
2476 4651 2528 4705 9.
2607 4650 2650 4682 ³³
2707 4649 2875 4706 Marc.
2934 4667 3050 4715 vm,
3085 4651 3173 4705 58.
3251 4650 3297 4682 ³³
3323 4648 3483 4704 Joan.
3516 4665 3568 4717 ν,
3601 4650 3697 4704 25.

447 4717 493 4750 “
527 4716 685 4774 Joan.
718 4734 756 4781 l,
788 4718 875 4772 14.
951 4718 995 4750 ³⁸
1025 4717 1158 4772 ibid.
1192 4719 1278 4776 18.
1353 4719 1398 4750 ³⁸
1427 4718 1584 4772 Joan.
1616 4736 1668 4785 ν,
1700 4719 1788 4774 25.

445 4849 624 4905 dicant
650 4850 959 4920 signiﬁcari.
999 4848 1160 4903 Addit
1194 4848 1276 4902 vir
1333 4849 1579 4904 eruditus
1617 4865 1629 4900 :
1673 4851 1805 4914 Qum
1850 4833 2012 4917 plana

447 4920 642 4975 Basilii
680 4921 877 4984 littera,
927 4920 1235 4974 abhorrente
1285 4935 1500 4986 prorsus
1541 4921 1678 4988 quod
1723 4920 1876 4974 editis
1910 4931 2008 4977 est.

448 4988 554 5045 Sed
597 4999 955 5061 praeterquam
991 4989 1136 5061 quod
1167 4989 1400 5045 Basilius
1442 4989 1784 5045 adversarios
1808 5005 2013 5060 nequa—

445 5060 608 5129 quam
647 5061 856 5116 inducit
902 5061 970 5115 de
1016 5060 1133 5114 Filii
1169 5061 1486 5129 aequalitate
1528 5062 1870 5129 conﬁtentes,
1917 5061 2012 5115 sed

447 5128 628 5198 potius
649 5146 770 5186 eam
799 5137 1058 5199 negantes
1091 5128 1320 5193 refellit;
1351 5137 1498 5184 certe
1522 5128 1751 5199 diligens
1779 5128 2012 5185 Combe-

446 5199 600 5254 ﬁsius
639 5203 694 5256 in
725 5199 950 5270 legendo
983 5200 1353 5270 codicegquem
1379 5199 1528 5270 citat.
1564 5199 1680 5253 Non
1713 5200 2012 5270 enimlegi-

445 5270 640 5340 turgin
691 5268 934 5340 margine
970 5270 1114 5340 066é_
1133 5268 1323 5335 ἀξίας,
1365 5268 1459 5324 sed
1499 5269 1616 5322 οὐδὲ
1673 5269 1818 5340 ἀξίᾳ.
1855 5268 2013 5335 Quod

443 5339 662 5409 quidem
692 5338 961 5396 scho‘lium
991 5341 1058 5394 ad
1087 5338 1270 5393 Basilii
1296 5341 1619 5395 sententiam
1663 5338 2010 5395 indicandam

445 5411 750 5480 appositum
801 5418 907 5473 est,
959 5425 1066 5464 non
1117 5409 1189 5480 ad
1234 5417 1544 5466 contextum
1589 5411 2008 5464 emendandum.

444 5478 579 5532 Nam
608 5479 658 5532 in
690 5481 969 5549 superiore
1000 5479 1244 5548 ejusdem
1285 5481 1490 5534 codicis
1516 5480 1711 5549 pagina
1760 5481 1868 5535 duo
1904 5481 2010 5532 alia

443 5559 742 5604 occurrunt
769 5550 998 5612 scholia,
1021 5565 1254 5619 quorum
1284 5551 1518 5618 primum
1551 5552 1630 5604 sic
1660 5550 1852 5604 habet:
1880 5551 2002 5602 ’Ότι

442 5619 503 5673 οὐ
537 5619 713 5690 χρόνῳ
752 5620 781 5672 ό
814 5619 1198 5692 Υἱὸςῦστερος
1234 5620 1328 5692 τοῦ
1369 5620 1602 5692 Πατρός.
1645 5620 1796 5686 Quod
1839 5619 2008 5692 Filius

443 5689 668 5758 tempere
688 5706 787 5745 non
807 5690 1024 5763 inferior
1047 5689 1201 5746 Patre
1214 5705 1231 5756 ;
1250 5689 1440 5748 deinde
1458 5689 1733 5747 aliouanto
1752 5701 1872 5762 post
1886 5690 2003 5743 οὐδὲ

2113 4846 2284 4911 τάξει,
2305 4863 2464 4915 neque
2484 4845 2666 4900 ordine
2683 4863 2700 4898 :
2719 4845 2953 4914 denique
2975 4843 3266 4916 oddsiaﬁlq,
3283 4862 3374 4899 nec
3401 4845 3692 4914 dignitate;

2115 4917 2523 4972 accommodate
2572 4919 2638 4970 ad
2673 4917 2976 4970 institutam
3027 4929 3058 4968 a
3093 4915 3295 4969 Basilio
3336 4916 3687 4971 divisionem.

2186 4987 2296 5059 (85)
2338 4986 2555 5059 φαμέν.
2591 4986 2704 5059 Duo
2734 4987 2951 5059 codices
2972 5000 3104 5059 mss.
3139 4985 3348 5059 φῶμεν.

2187 5053 2299 5128 (84)
2343 5058 2394 5108 Ὀ
2424 5053 2759 5128 μονογενὴς
2801 5056 2969 5128 Θεός.
3001 5053 3121 5128 Haec
3148 5053 3429 5128 desunt_i_n
3455 5071 3567 5128 uno
3596 5069 3693 5109 co-

2114 5125 2233 5184 dice
2261 5125 2387 5190 ms.,
2421 5127 2516 5180 sed
2542 5125 2596 5180 in
2624 5129 2862 5195 quinque
2881 5125 3003 5179 aliis
3026 5126 3299 5196 leguntur.
3333 5125 3474 5178 Editi
3510 5129 3538 5178 ὁ
3583 5143 3691 5194 μο-

2114 5198 2350 5268 νογενὴς
2387 5197 2514 5268 Υἱός
2568 5206 2755 5251 contra
2804 5203 3047 5268 veterum
3085 5196 3349 5268 codicum
3407 5196 3564 5250 ﬁdem
3633 5205 3693 5268 et

2107 5265 2954 5338 ipsius:Basiliiitestimoniunl,
2998 5265 3098 5338 Aqui
3155 5265 3418 5326 declarat,
3472 5280 3595 5338 cap.
3646 5266 3690 5338 _8

2110 5334 2273 5408 hujus
2305 5336 2781 5408 lihri,__Christum
2827 5351 2856 5388 a
2895 5334 3175 5408 Scriptura
3221 5339 3401 5389 vocari
3435 5336 3690 5408 unigeni-

2107 5405 2223 5462 tum
2247 5407 2434 5461 Deum.
2465 5405 2616 5462 Unde
2644 5416 2786 5476 patet
2808 5421 2931 5476 eum
2957 5406 3037 5460 sic
3065 5405 3260 5474 legisse
3283 5408 3358 5460 uti
3390 5405 3685 5476 edidimus.

2109 5478 2224 5532 Hoc
2255 5478 2372 5546 ipso
2416 5477 2471 5530 in
2515 5474 2873 5533 loco—codices
2902 5474 3011 5529 duo
3043 5476 3100 5528 ἐν
3127 5478 3238 5541 τοῖς
3274 5476 3514 5539 κόλποις,
3544 5475 3688 5531 alius

2109 5551 2165 5602 ἐν
2191 5548 2267 5617 τῷ
2293 5547 2494 5616 κόλπῳ.

2107 5689 2134 5742 δ
2180 5614 2293 5704 (ὃᾷ)
2329 5614 2779 5688 Ἐπίδεομένοις.
2811 5617 2902 5673 Sic
2929 5633 3058 5673 mss.
3095 5628 3354 5677 quatuor.
3381 5615 3520 5671 Editi
3553 5614 3684 5670 ὑπο-

2139 5706 2396 5742 εομενοῑς.

2139 5706 2396 5761 εομενοις.
