3900 6212
504 278 576 336 95
1854 292 1912 349 s.
1963 293 2211 351 BASlLll
2247 296 2459 352 MAGM
3696 296 3775 353 96

505 403 712 461 mento,
747 397 840 466 qui
876 409 1131 455 ornatum
1167 413 1374 465 amant.
1430 421 1632 461 novum
1695 423 1912 479 semper
1958 426 2077 482 prae-

2190 430 2293 479 νοι,
2334 414 2523 487 ὥσπερ
2555 416 2648 468 ἐπὶ
2677 414 2776 484 τῆς
2804 412 3031 484 ἐσθῆτος
3057 415 3106 467 ot
3137 414 3453 487 φιλόκοσμοι
3477 415 3577 486 τὴν
3612 415 3782 485 ἐξηλο

505 485 691 541 l’erunt
722 490 1024 546 communi.
1054 489 1255 549 Videas
1286 495 1472 565 itaque
1501 498 1801 554 etiamnum
1851 503 2088 557 rustica-

504 592 588 632 na'.
621 580 799 649 plebis
846 580 900 635 in
931 580 1033 637 hac
1062 599 1197 640 voce
1240 601 1449 643 morem
1493 592 1780 662 antiquum
1808 612 1819 646 :
1854 594 2085 649 istorum

502 678 683 726 autem
717 672 1010 738 artiﬁcum,
1053 686 1107 731 et
1140 676 1195 731 in
1240 680 1531 735 verborum
1568 686 1765 755 pugnis
1817 688 2087 741 contrito-

503 775 628 814 rum
656 761 867 832 signata
908 779 1062 819 nova:
1106 768 1387 838 sapientiae
1417 772 1666 829 cauterio
1716 776 1902 831 verba.
1953 777 2088 832 Pro-

504 856 632 912 inde
663 858 809 929 quod
841 874 872 912 a
898 860 1200 929 majoribus
1234 866 1443 921 nostris
1489 867 1698 922 dictum
1732 878 1841 931 est.
1885 881 1940 925 et
1984 885 2084 926 nos

502 947 764 1014 dicimus,
803 950 1033 1020 gloriam
1089 954 1339 1010 videlicet
1388 973 1734 1016 communem
1780 977 1902 1018 esse
1937 962 2084 1019 Patri

503 1052 568 1092 ac
601 1037 762 1104 Filio,
794 1052 1131 1113 quapropter
1157 1059 1281 1099 cum
1315 1045 1454 1102 Filio
1486 1049 1945 1119 gloriﬁcationem
1977 1053 2083 1107 Pa-
2120 1050 2123 1053 ’

504 1130 572 1183 tri
606 1132 989 1200 persolvimus.
1038 1136 1361 1207 Quanquam
1398 1140 1504 1195 hoc
1527 1143 1688 1199 nobis
1735 1160 1842 1199 non
1878 1156 1962 1201 est
1996 1161 2085 1202 sa-

504 1219 596 1285 tis,
634 1220 715 1275 sic
745 1236 777 1275 a
804 1220 1060 1280 Patribus
1084 1241 1211 1282 esse
1247 1227 1547 1299 traditum;
1581 1248 1709 1287 nam
1735 1243 1790 1288 et
1822 1235 1901 1289 illi
1938 1237 2084 1291 Scri-

504 1319 680 1382 plura;
702 1316 876 1369 secuti
903 1325 1031 1372 sunt
1061 1322 1413 1390 sententiam,
1462 1339 1530 1379 ex
1560 1328 1915 1392 testimoniis,
1963 1345 2084 1400 qua:

505 1405 671 1475 paulo
703 1414 831 1462 ante
866 1408 1023 1465 vobis
1068 1426 1099 1466 e
1129 1409 1420 1483 Scriptura
1453 1416 1767 1482 citavimus,
1815 1422 2082 1493 principia

505 1508 805 1556 sumentes.
837 1499 1107 1571 Splendor
1133 1506 1281 1559 enim
1334 1522 1458 1561 cum
1512 1510 1687 1579 gloria
1736 1512 2079 1584 intelligitur,

504 1599 560 1645 et
588 1591 770 1662 imago
795 1607 918 1647 cum
946 1596 1263 1667 archetypo,
1292 1607 1346 1653 et
1374 1596 1546 1656 Filius
1573 1604 1801 1657 omnino
1823 1619 1948 1658 cum
1979 1605 2084 1661 Pa-

506 1688 610 1744 tre,
646 1697 768 1736 cum
801 1699 902 1739 nec
925 1687 1206 1742 nominum
1229 1692 1643 1759 consequentia,
1669 1694 1867 1748 nedum
1896 1711 2077 1751 rerum

506 1779 724 1838 natura,
757 1778 1159 1845 separationem
1208 1780 1481 1836 admittat.

1026 2066 1131 2139 14
1165 2067 1396 2124 CAPUT
1433 2070 1565 2130 vm.

505 2173 645 2258 Quot
674 2177 843 2233 modis
871 2180 1197 2252 intelligatur
1211 2184 1322 2265 iure
1341 2191 1631 2265 porticula,
1653 2212 1670 2243 ι
1694 2210 1787 2263 per
1800 2214 1973 2265 quem,
1996 2219 2015 2253 ι
2032 2211 2081 2255 et

574 2262 748 2336 raquo
783 2265 938 2333 sensu
969 2258 1337 2336 congruentius
1371 2260 1590 2336 dicitur,
1613 2282 1631 2315 ι
1654 2258 1919 2336 cumquo:
1947 2258 1970 2321 ί
1993 2275 2081 2324 ubi

570 2322 732 2408 etiam
748 2322 1054 2408 exponitur,
1066 2322 1328 2408 Quomodo
1340 2322 1654 2387 mandatum
1671 2322 1857 2406 accipit
1875 2322 2076 2408 Filius,

570 2396 620 2440 et
648 2390 907 2458 quomodo
939 2390 1189 2448 mittitur.

575 2501 664 2556 i7.
701 2501 888 2595 itaque
917 2521 1041 2559 cum
1091 2507 1390 2578 Apostolus
1420 2515 1627 2583 gratias
1674 2519 1785 2589 agit
1828 2520 1941 2579 Deo
1983 2540 2080 2595 per

498 2590 687 2649 Jesum
731 2593 1007 2651 Christum
1057 2597 1122 2664 “,
1164 2614 1228 2655 ac
1264 2617 1461 2660 rursus
1513 2621 1638 2661 cum
1689 2611 1764 2664 ait
1813 2628 1936 2670 sese
1983 2590 2079 2685 per

500 2685 654 2739 illum
685 2687 966 2756 accepisse
987 2689 1220 2759 gratiam
1249 2700 1305 2748 et
1334 2699 1700 2765 apostolatum
1726 2702 1795 2757 ad
1817 2705 2078 2762 obedien-

498 2777 632 2832 tiam
665 2778 789 2835 ﬁdei
841 2781 897 2835 in
945 2783 1206 2839 omnibus
1251 2789 1508 2856 gentibus
1541 2790 1608 2860 “,
1644 2803 1740 2849 aut
1772 2812 1897 2853 cum
1943 2800 2076 2871 dicit

2193 506 2467 579 λαγμένην
2515 509 2602 562 ἀεὶ
2642 508 2741 580 τῆς
2794 507 2979 577 κοινῆς
3023 508 3416 578 προτιμῶντες.
3481 510 3643 574 Ἱδοις
3701 509 3777 563 ἂν

2191 593 2284 651 οὖν
2321 599 2430 651 τῶν
2455 599 2554 670 μὲν
2590 597 2865 670 ἀγροίκων
2894 595 2974 650 ἔτι
3002 598 3097 651 καὶ
3124 597 3220 651 νῦν
3248 598 3643 671 ἁρχαιότροπον
3673 598 3778 669 τὴν

2192 689 2375 760 φωνήν
2394 707 2407 719 ·
2451 688 2557 742 τῶν
2582 687 2638 741 δέ
2679 686 2943 757 ἐντέχνων
2982 689 3211 756 τούτων,
3254 691 3349 744 καὶ
3379 693 3499 755 ταῖς
3532 690 3775 760 λογομαο

2191 780 2336 850 χίαις
2377 780 2834 852 ἐντετριμμένων,
2865 784 2933 836 ἐκ
2973 782 3073 852 τῆς
3118 781 3245 845 νέας
3281 782 3472 852 σοφίας
3500 799 3777 853 κεκαυτη-

2192 872 2459 945 ριασμένα
2498 873 2568 926 τά
2618 874 2860 944 ῥήματα.
2903 874 3078 946 Ὅπερ
3120 873 3306 942 ἔλεγον
3350 873 3461 945 (91)
3500 873 3677 927 τοίνυν
3720 877 3775 927 oi.

2191 963 2425 1034 πατέρες
2455 963 2630 1034 ἡμῶν,
2658 963 2751 1016 καὶ
2779 965 2941 1035 ἡμεῖς
2973 964 3226 1034 λέγομεν,
3256 965 3336 1018 ὅτι
3379 966 3412 1035 ἡ
3450 962 3577 1028 δόξα
3613 964 3772 1035 κοινὴ

2190 1057 2366 1126 Πατρὶ
2405 1056 2497 1109 καὶ
2541 1055 2672 1127 Υἱῷ,
2708 1056 2790 1111 διὸ
2837 1057 2974 1129 μετά
3014 1057 3109 1110 τοῦ
3156 1055 3285 1110 Υίοῦ
3325 1057 3423 1128 τὴν
3461 1055 3774 1123 δοξολογίαν

2191 1150 2539 1220 προσάγομεν
2568 1149 2649 1220 τῷ
2678 1150 2877 1222 Πατρί.
2915 1150 3057 1203 Ἀλλ’
3082 1150 3143 1203 οὐ
3171 1149 3331 1203 τοῦτο
3355 1151 3486 1220 ἡμῖν
3524 1149 3769 1220 ἐξαρκεῖ,

2188 1242 2268 1294 ὅτι
2316 1240 2423 1295 τῶν
2469 1240 2722 1311 πατέρων
2763 1244 2797 1313 ἡ
2850 1242 3188 1313 παράδοσις⁹
3239 1243 3482 1295 κάκεῖνοι
3529 1240 3643 1312 γὰρ
3684 1239 3772 1311 τῷ

2192 1330 2489 1403 βουλήματι
2527 1334 2626 1403 τῆς
2670 1332 2895 1404 Γραφῆς
2946 1332 3348 1404 ἠκολούθησαν,
3384 1334 3449 1385 ἐκ
3487 1331 3596 1384 τῶν
3631 1347 3776 1401 μαρ-

2187 1422 2428 1493 τυριῶν,
2481 1422 2549 1487 ἃς
2594 1422 2777 1495 μικρῷ
2826 1424 3063 1496 πρόσθεν
3112 1425 3241 1494 ὑμῖν
3289 1426 3353 1477 ἐκ
3391 1424 3489 1493 τῆς
3541 1422 3774 1495 Γραφῆς

2188 1512 2566 1586 παρεθέμεθα,
2616 1514 2714 1578 τὰς
2771 1514 2947 1587 ἀρχὰς
2999 1514 3276 1578 λαϐόντες.
3310 1514 3384 1567 Τὸ
3437 1513 3545 1585 γὰρ
3594 1512 3773 1567 ἀπαύ-

2188 1622 2377 1676 γασμα
2416 1605 2555 1677 μετὰ
2602 1609 2701 1678 τῆς
2730 1606 2890 1679 δόξης
2920 1609 3154 1661 νοεῖται·
3205 1606 3301 1660 καὶ
3332 1609 3367 1678 ἡ
3418 1604 3580 1660 είκὼν
3630 1606 3774 1677 μετὰ

2188 1695 2284 1749 τοῦ
2329 1697 2673 1769 ἀρχετύπουο
2725 1698 2821 1752 καὶ
2863 1699 2894 1751 ὁ
2937 1699 3065 1763 Υἱὸς
3117 1698 3227 1770 (9‘2)
3287 1698 3502 1762 πάντως
3549 1698 3647 1751 σὺν
3691 1697 3772 1767 τῷ

2115 1786 2155 1840 Β
2184 1790 2391 1861 Πατρί’
2424 1791 2545 1845 οὐδὲ
2575 1792 2676 1862 τῆς
2707 1791 2816 1846 τῶν
2867 1791 3148 1863 ὀνομάτων
3198 1791 3544 1855 ἀκολουθίας,
3598 1792 3674 1861 μή
3718 1790 3773 1844 τί

2183 1897 2247 1949 γε
2274 1881 2373 1952 τῆς
2412 1882 2522 1937 τῶν
2552 1883 2897 1955 πραγμάτων
2931 1883 3167 1953 φύσεως,
3192 1883 3284 1938 τὸν
3316 1883 3594 1957 χωρισμὸν
3618 1884 3775 1954 δεκο-

2187 1974 2375 2044 μένης.

2702 2089 3102 2143 ΚΕΦΑΛΑΙΟΝ
3144 2090 3226 2142 H'.

2183 2200 2474 2270 Ποσαχῶς
2502 2200 2568 2254 τὸ
2603 2220 2620 2253 ι
2654 2200 2730 2255 δι’
2753 2194 2826 2256 οὗ
2869 2219 2887 2251 ι
2920 2198 3018 2253 καί
3047 2198 3147 2270 egi
3177 2196 3770 2270 ποίας-(θῶὲννοιάς

2251 2262 2681 2345 ἁρμοδὶῴτερον
2717 2270 2782 2345 to
2823 2288 2840 2322 ι
2877 2271 3006 2340 μεθ’
3030 2267 3116 2345 οὗ
3141 2286 3153 2298 ·
3187 2288 3206 2319 ι
3418 2262 3518 2321 καί
3548 2262 3772 2345 stipi-fy;

2251 2339 2374 2408 me,
2412 2341 2537 2407 πῶς
2579 2340 2839 2410 ἐντολὴν
2882 2339 3176 2409 λαμϐάνει
3208 2342 3240 2394 ό
3277 2340 3430 2406 Υἱὸς,
3487 2339 3587 2392 καί
3638 2339 3770 2401 πῶς

2249 2412 2710 2467 ἀποστέλλεται..

2248 2527 2334 2580 17.
2355 2528 2521 2581 Ὅταν
2547 2521 2639 2581 οὖν
2659 2528 2688 2579 ὁ
2728 2524 3055 2588 Ἀπὸστολος
3076 2525 3375 2595 εὐχαριστῇ
3412 2520 3490 2593 τῷ
3527 2520 3652 2592 Θεῷ
3677 2522 3770 2574 διὰ

2191 2618 2365 2691 Ἰησοῦ
2398 2617 2658 2692 Χριστοῦ,
2688 2618 2784 2673 καὶ
2812 2619 2975 2673 πάλιν
3013 2617 3078 2670 δι’
3110 2615 3276 2670 αὑτοῦ
3314 2616 3447 2688 λέγῃ
3472 2614 3572 2686 τὴν
3604 2616 3770 2687 χάριν

2177 2712 2456 2785 εἰληφέναι
2504 2711 2600 2765 καὶ
2633 2712 2732 2781 τὴν
2779 2709 3086 2782 ἀποστολὴν
3119 2712 3199 2774 είς
3230 2707 3478 2780 ὑπακοὴν
3526 2706 3771 2772 πίστεως

2176 2805 2235 2858 ἐν
2270 2806 2403 2858 πᾶσι
2441 2808 2556 2869 τοῖς
2588 2803 2819 2871 ἔθνεσιν,
2855 2803 2890 2875 ἡ
2936 2804 3031 2856 καὶ
3057 2803 3123 2857 δι’
3149 2800 3314 2856 αὐτοῦ
3340 2802 3444 2887 τὴν
3467 2818 3769 2872 προσαγω-

499 2882 601 2922 nos
630 2883 728 2938 per
763 2884 887 2924 eum
919 2886 1205 2928 accessum
1242 2875 1441 2934 habere
1479 2881 1547 2936 ad
1579 2883 1813 2952 gratiam
1849 2887 1990 2944 hanc
2018 2890 2074 2945 in

2189 2896 2279 2968 γὴν
2318 2897 2612 2969 ἐσχηκέναι
2652 2896 2863 2968 είςητὴν
2912 2895 3075 2968 χάριν
3112 2894 3319 2966 ταύτην
3361 2884 3418 2946 ἐν
3466 2887 3771 2965 ᾖέστήκα-

498 2978 605 3031 qua
640 2969 851 3020 stamus
884 2975 937 3021 et
964 2968 1268 3038 gloriamur
1303 2971 1368 3036 ⁸⁸.
1410 2974 1557 3032 illius
1594 2993 1726 3050 erga
1770 2997 1871 3038 nos
1904 2985 2072 3042 bene-

500 3052 621 3106 licia
639 3052 902 3118 declarat,
929 3072 1075 3112 nunc
1097 3058 1317 3128 quidem
1340 3070 1451 3118 uta
1476 3063 1637 3124 Patre
1660 3072 1889 3140 gratiam
1912 3074 2074 3131 bono-

499 3158 622 3198 rum
657 3146 713 3199 in
740 3161 844 3200 nos
872 3149 1334 3221 transfundentis,
1367 3172 1514 3212 nunc
1543 3174 1764 3216 rursum
1799 3175 1860 3219 ut
1894 3182 1989 3236 per
2015 3186 2076 3225 se

499 3235 676 3304 ipsum
707 3237 1060 3296 conciliantis
1103 3259 1205 3301 nos
1258 3244 1427 3302 Patri.
1472 3249 1754 3322 Siquidem
1804 3235 1928 3313 cum
1965 3262 2072 3324 ait,

503 3326 604 3381 Per
630 3344 782 3398 quem
804 3333 1102 3401 accepimus
1139 3339 1372 3407 gratiam
1411 3352 1460 3396 et
1506 3348 1866 3414 apostolatum
1899 3352 1963 3420 ιδ,
1996 3355 2071 3409 si-

497 3420 719 3489 gniﬁcat
768 3423 1038 3482 bonorum
1099 3430 1449 3502 largitionem
1502 3439 1572 3494 ab
1628 3441 1722 3497 illo
1777 3446 2074 3513 proﬁcisci.

500 3516 736 3572 Rursum
776 3532 903 3572 cum
931 3519 1006 3573 ait
1042 3519 1179 3576 :Per
1221 3540 1373 3593 quem
1418 3544 1685 3587 accessum
1725 3533 1973 3592 habemus
2010 3540 2074 3603 ⁸⁷,

497 3608 706 3663 assumi
726 3624 849 3676 nos,
875 3626 937 3665 ac
971 3610 1079 3667 Deo
1102 3629 1199 3683 per
1218 3616 1499 3675 Christum
1526 3624 1787 3697 conjungi
1811 3631 2073 3688 ostendit.

498 3699 640 3755 Num
675 3702 841 3772 igitur
870 3705 1062 3775 gratia:
1092 3723 1256 3775 quam
1293 3710 1348 3763 in
1383 3712 1542 3769 nobis
1571 3725 1833 3785 operatur
1860 3722 2077 3778 confes-

498 3792 583 3848 sio
612 3792 870 3849 diminuit
901 3795 1047 3852 illius
1088 3799 1363 3868 gloriam?
1398 3817 1465 3856 an
1492 3806 1674 3874 potius
1705 3808 1856 3864 dictu
1894 3815 2078 3871 verius

497 3879 685 3946 fuerit,
713 3886 1119 3942 enarrationem
1146 3889 1540 3948 beneﬁciorum
1575 3897 1780 3955 decens
1813 3917 1937 3959 esse
1961 3906 2076 3976 glo-

499 3972 746 4029 riﬁcandi
782 3983 1214 4046 argumentum?
1252 3983 1405 4040 Hanc
1442 3988 1512 4042 ob
1543 4003 1766 4046 causam
1803 3972 2077 4066 comperi-

497 4079 620 4121 mus
651 4064 994 4137 Scripturam
1032 4087 1142 4127 non
1173 4090 1284 4129 uno
1321 4079 1544 4135 nomine
1576 4082 1735 4139 nobis
1771 4064 2079 4156 signiticare

497 4152 809 4223 Dominum,
848 4176 949 4216 nec
975 4162 1061 4218 his
1092 4173 1306 4220 tantum
1338 4184 1460 4238 qua:
1493 4152 1845 4232 divinitatem
1869 4195 1934 4234 ac
1962 4200 2078 4238 ma-

493 4247 834 4342 gnitudinem
870 4253 991 4322 ejus
1034 4253 1337 4324 declarant,
1391 4262 1486 4317 sed
1536 4264 1812 4324 interdum
1856 4274 2074 4342 quidem

494 4339 575 4395 uti
621 4340 850 4399 vocibus
907 4352 1159 4400 naturam
1206 4350 1682 4422 exprimentibus;
1733 4339 1888 4416 novit
1929 4365 2074 4419 enim

2178 3008 2277 3061 μεν
2303 2990 2399 3044 καὶ
2422 2987 2775 3060 καυχώμεθα,
2808 2988 2908 3052 τὰς
2948 2990 3031 3052 είς
3069 2988 3217 3059 ἡμᾶς
3246 2986 3564 3058 εὐεργεσίας
3597 2985 3768 3039 αὐτοῦ

2102 3125 2144 3182 c
2178 3074 2496 3155 παρίστησι,
2526 3081 2623 3136 νῦν
2651 3081 2750 3153 μὲν
2771 3081 2878 3134 ἀπὸ
2905 3079 3121 3180 Πατρρς
3246 3079 3391 3182 ἡμᾶς
3544 3076 3768 3182 ἀγαθῶν

2176 3173 2275 3245 τὴν
2328 3173 2486 3245 χάριν
2536 3171 2963 3236 διαϐιϐάζοντος,
3018 3169 3112 3224 νῦν
3164 3169 3221 3222 δὲ
3270 3170 3418 3241 ἡμᾶς
3459 3167 3524 3220 δι’
3569 3166 3769 3221 ἐαυτοῦ

2179 3266 2547 3337 προσάγοντος
2588 3265 2666 3337 τῷ
2708 3264 2902 3336 Πατρί.
2947 3264 3035 3317 Ἐν
3081 3262 3179 3334 μὲν
3207 3262 3316 3332 γάρ
3353 3260 3430 3332 τῷ
3455 3260 3658 3330 λέγειν,
3683 3261 3769 3314 Δι’

2178 3354 2250 3414 οὗ
2283 3357 2577 3427 ἐλάϐομεν
2624 3357 2802 3427 χάριν
2843 3356 2944 3410 καὶ
2987 3354 3371 3421 ἀποστολὴν,
3412 3352 3512 3425 τὴν
3552 3353 3769 3407 ἐκεῖθεν

2177 3451 2285 3504 τῶν
2341 3450 2563 3519 ἀγαθῶν
2618 3450 2880 3521 χορηγίαν
2921 3447 3210 3518 ἐμφαίνει·
3260 3447 3318 3500 ἐν
3362 3447 3418 3499 δέ
3447 3445 3527 3517 τῷ
3560 3445 3768 3514 λέγειν,

2178 3543 2259 3596 Δι’
2289 3538 2361 3598 οὗ
2390 3541 2504 3611 τὴν
2524 3541 2930 3612 προσαγωγὴν
2944 3538 3314 3610 ἐσχήκαμεν,
3349 3538 3449 3606 τὴν
3484 3539 3768 3609 ἡμετέραν

2179 3632 2482 3705 πρόσληψιν
2517 3634 2611 3686 καὶ
2629 3633 2902 3686 οίκείωσιν
2934 3632 3021 3684 διὰ
3054 3630 3291 3701 Χριστοῦ
3337 3630 3472 3703 πρὸς
3502 3629 3592 3682 τὸν
3631 3629 3770 3681 Θεὸν

2178 3726 2474 3798 γινομένην
2529 3725 2878 3797 παρίστησιν.
2942 3720 3069 3798 Ἆρ’
3128 3719 3220 3777 οὖν
3269 3724 3301 3794 ἡ
3355 3722 3616 3795 ὁμολογία
3664 3722 3769 3792 τῆς

2179 3817 2579 3888 ἐνεργουμένης
2607 3819 2734 3889 παρ’
2757 3815 2923 3870 αὑτοῦ
2951 3815 3086 3886 πρὸς
3116 3817 3264 3887 ἡμᾶς
3289 3819 3511 3887 χάριτος
3540 3814 3768 3884 ὑφαίρε-

2180 3904 2264 3968 σίς
2295 3908 2414 3959 ἐστι
2457 3906 2558 3975 τῆς
2600 3904 2788 3976 δόξης;
2835 3905 2867 3975 ἢ
2910 3903 3111 3976 μᾶλλον
3169 3905 3340 3957 εἰπεῖν
3378 3903 3765 3975 ἀληθέστερον,

2179 3997 2258 4050 ὅτι
2297 3999 2579 4069 πρέπουσα
2613 3996 2920 4065 δοξολογίας
2958 3995 3213 4056 ὑπόθεσις
3259 3993 3427 4066 ἡτῶν
3466 3995 3765 4063 εὐεργετη-

2181 4087 2368 4157 μάτων
2390 4089 2671 4160 διήγησις;
2703 4087 2801 4141 Διὰ
2828 4086 2985 4140 τοῦτο
3005 4086 3118 4156 (94)
3149 4085 3382 4155 εὕρομεν
3414 4084 3513 4157 τὴν
3539 4084 3767 4157 Γραφὴν

2178 4179 2277 4230 οὐκ
2306 4177 2366 4242 ἐξ
2391 4180 2507 4242 ἐνὸς
2539 4179 2804 4249 ὀνόματος
2824 4178 2915 4231 τὸν
2950 4177 3153 4249 Κύριον
3182 4179 3312 4249 ἡμῖν
3338 4175 3763 4247 παραδιδοῦσαν,

2178 4269 2300 4323 οὐδὲ
2331 4272 2395 4323 ἐκ
2422 4270 2531 4323 τῶν
2563 4270 2662 4323 ὅσα
2688 4271 2787 4341 τῆς
2820 4268 3071 4337 θεότητός
3104 4270 3251 4321 ἐστιν
3271 4267 3432 4320 αὑτοῦ
3470 4267 3630 4338 μόνον
3667 4266 3768 4318 καὶ

2178 4359 2272 4412 τοῦ
2304 4360 2567 4431 μεγέθους
2600 4362 2876 4431 δηλωτικὰ
2896 4401 2910 4425 ,
2959 4360 3098 4414 ἀλλὰ
3125 4359 3219 4412 νῦν
3255 4359 3354 4430 μέν
3381 4361 3492 4422 τοῖς
3518 4358 3621 4427 τῆς
3657 4357 3765 4426 φύ-

494 4447 695 4487 nomen
743 4432 889 4501 Filii,
939 4438 1085 4506 quod
1129 4448 1214 4495 est
1266 4456 1432 4511 super
1473 4460 1636 4503 omne
1680 4465 1876 4506 nomen
1908 4454 1973 4521 ",
2026 4466 2077 4512 et

2189 4468 2322 4513 σεως
2368 4450 2476 4521 (95)
2520 4452 3041 4521 χαρακτηριστικοῖς
3080 4447 3459 4520 κεχρημένην
3505 4442 3615 4499 οἶδε
3652 4447 3765 4517 γὰρ

494 4521 694 4580 Filium
725 4541 915 4588 verum
954 4528 1159 4594 dicere,
1191 4541 1246 4587 et
1277 4532 1627 4605 Unigenitum
1656 4538 1850 4607 Deum,
1885 4554 1940 4598 ct
1964 4547 2075 4600 vir-

493 4623 668 4672 tutem
701 4617 819 4683 Dei,
854 4628 911 4675 et
945 4622 1293 4692 sapientiam,
1334 4636 1392 4681 et
1438 4628 1696 4687 Verbum.
1745 4633 1811 4688 Et
1853 4651 2071 4707 rursus,

492 4709 564 4764 ob
594 4711 951 4782 multiplicem
993 4715 1049 4769 in
1078 4731 1181 4771 nos
1211 4717 1646 4790 beneﬁcentiam,
1685 4742 1850 4795 quam
1891 4730 1963 4783 ob
1991 4731 2072 4785 di-

491 4802 652 4859 vitias
693 4804 954 4862 bonitatis
983 4822 1081 4877 pro
1125 4809 1277 4864 varia
1315 4828 1416 4867 sua
1461 4817 1731 4885 sapientia
1780 4822 2070 4888 egentibus

491 4903 735 4963 praestat,
787 4897 909 4951 aliis
955 4896 1262 4954 innumeris
1309 4903 1765 4971 appellationibus
1815 4908 2069 4964 eumdem

488 4985 779 5058 designat,
831 4988 962 5043 dum
1020 4989 1316 5061 aliquando
1370 5005 1529 5050 vocat
1569 4996 1722 5051 illum
1769 5007 2068 5069 pastorem,

2178 4543 2240 4596 τὸ
2272 4541 2441 4612 ὄνομα
2461 4542 2521 4594 τὸ
2549 4543 2687 4613 ὑπὲρ
2723 4544 2828 4596 πᾶν
2862 4542 3035 4613 ὄνομα
3076 4540 3172 4594 τοῦ
3197 4539 3329 4593 Υἱοῦ
3355 4540 3448 4593 καὶ
3469 4538 3596 4591 Υίὸν
3628 4539 3766 4610 ἀλη-

2179 4635 2322 4688 θινὸν
2362 4635 2560 4703 λέγειν,
2602 4636 2698 4688 καὶ
2742 4634 3005 4705 μονογενῆ
3032 4633 3188 4699 Θεὸν,
3218 4635 3312 4686 καὶ
3344 4631 3569 4702 δύναμιν
3597 4631 3762 4695 Θεοῦ,

2177 4727 2270 4780 καὶ
2322 4728 2537 4795 σοφίαν,
2590 4728 2684 4781 καὶ
2740 4727 2932 4807 Λόγον.
2990 4725 3104 4779 Καὶ
3154 4725 3315 4779 πάλιν
3352 4724 3535 4795 μέντοι
3571 4723 3661 4777 διὰ
3701 4726 3765 4779 τὸ

2178 4818 2513 4888 πολύτροπον
2565 4819 2666 4890 τῆς
2716 4821 2797 4883 είς
2844 4820 2993 4890 ἡμᾶς
3033 4819 3274 4889 χάριτος,
3305 4818 3372 4888 ἡν
3414 4815 3501 4871 διὰ
3539 4817 3636 4871 τὸν
3661 4819 3765 4888 τῆς

2175 4912 2512 4984 ἀγαθότητος
2541 4912 2684 4966 κατὰ
2702 4914 2800 4984 τὴν
2827 4911 3207 4967 πολυποίκιλον
3234 4912 3397 4966 αὑτοῦ
3424 4912 3615 4980 σοφίαν
3649 4915 3763 4975 τοῖς

2176 5001 2451 5073 δεομένοις
2490 5003 2812 5073 παρέχεται,
2850 5003 3075 5075 μυρίαις
3121 5002 3283 5055 αὐτὸν
3327 5001 3545 5072 ἑτέραις
3588 5017 3762 5071 προσ-

558 5148 603 5181 ⁸⁸
629 5147 788 5205 Rom.
820 5166 857 5217 ι,
891 5150 945 5206 8.
1023 5150 1069 5184 δι
1125 5152 1260 5210 ibid.
1290 5153 1344 5209 5.
1422 5155 1466 5188 ιδ
1496 5154 1655 5213 Rom.
1688 5174 1741 5224 v,
1772 5158 1826 5214 2.
1904 5159 1950 5192 ⁴⁶
1978 5159 2077 5217 Ro:

2198 5202 2213 5228 ,
2245 5163 2298 5219 5.
2375 5162 2420 5195 ‘7
2463 5161 2623 5218 Rom.
2654 5179 2709 5228 v,
2735 5162 2794 5217 2.
2869 5161 2915 5195 ⁵⁸
2944 5162 3185 5234 Philipp.
3216 5180 3277 5227 ιι,
3309 5162 3361 5218 9.

561 5306 901 5379 (9l)_”0:rep
926 5308 1158 5379 ἔλεγον.
1198 5308 1361 5366 Deest
1386 5312 1524 5379 ὅπερ
1565 5312 1619 5367 in
1665 5312 1880 5370 duobus
1918 5316 2068 5371 codi-

488 5379 666 5450 cibus.
688 5376 909 5449 Legitur
940 5380 993 5433 in
1034 5376 1218 5436 tribus
1253 5384 1377 5439 aliis
1407 5382 1443 5436 ἃ
1472 5376 1675 5450 ἔλεγον.
1716 5384 1911 5440 Statim
1938 5386 2069 5441 editi

487 5448 568 5502 διὸ
622 5450 715 5502 καὶ
765 5448 925 5519 μετά,
968 5451 1065 5505 sed
1121 5452 1274 5507 deest.
1312 5448 1628 5525 conjunctio
1675 5455 1731 5509 in
1790 5456 2072 5513 codicibus

488 5534 624 5573 IIISS.

488 5589 672 5714 αξξ)
726 5593 788 5646 '0
818 5593 971 5659 Υἱός.
1006 5592 1094 5649 Sic
1127 5593 1345 5650 codices
1379 5609 1515 5651 mss.
1542 5594 1700 5652 Deest
1726 5597 1994 5654 articulus
2018 5597 2074 5653 in

562 5732 674 5803 (95)
729 5733 856 5788 Ἐπὶ
918 5735 1095 5802 ποίας
1133 5734 1392 5802 ἐννοίας.
1441 5732 1682 5793 Colbcrt.
1752 5739 1844 5793 ἐπὶ
1895 5738 2074 5803 ποίαις

1185 5821 1216 5852 εο

2176 5317 2425 5381 ἐννοίαις.
2458 5315 2610 5373 Unus
2639 5333 2706 5372 ex
2736 5316 2919 5385 Regiis
2946 5320 3038 5372 ἐπὶ
3076 5318 3232 5372 ποίαν
3256 5317 3480 5372 ἔννοιαν.

2250 5387 2361 5458 (94)
2396 5387 2505 5447 ,Διὰ
2550 5389 2746 5460 τοῦτο.
2789 5387 2889 5443 Hic
2937 5390 3127 5460 incipit
3180 5397 3344 5460 caput
3392 5397 3650 5445 octavum
3700 5389 3756 5443 in

2181 5457 2311 5526 Reg.
2338 5460 2496 5513 tertio
2525 5466 2580 5513 et
2602 5458 2839 5514 Colbert.

2249 5528 2362 5598 (95)
2402 5528 2513 5597 Τῆς
2544 5530 2803 5598 φύσεως.
2847 5529 3108 5601 Erasmus
3138 5527 3469 5601 perabsurde
3498 5528 3756 5601 reddidit,

2180 5606 2445 5670 naturamh
2473 5611 2859 5670 assumptam;
2887 5600 3030 5670 quod
3089 5608 3329 5670 erratum
3373 5615 3483 5653 non
3534 5600 3759 5670 impune

2180 5670 2305 5723 tulit
2355 5668 2753 5724 aCombetisio.
2814 5668 2935 5723 Mok
2982 5671 3149 5726 editio
3195 5669 3370 5727 Paris.
3400 5670 3565 5738 λέγει.
3604 5668 3757 5726 Libri

2182 5740 2388 5810 antiqui
2418 5749 2471 5795 ct
2504 5740 2632 5796 edit.
2666 5739 2827 5795 Basil.
2863 5740 3060 5810 λέγειν.
