3900 6212
85 933 97 944 ⁸
169 875 440 939 socia-nov,
481 877 549 945 ἦν
591 877 655 928 ὲκ
683 877 783 947 τῆς
815 879 944 949 περ).
984 878 1045 931 τὺ
1088 878 1217 932 ἴδιον
1245 877 1468 948 πλάσμα
1498 877 1768 946 εὐσπλαγ-

172 303 244 357 97
1307 302 1517 357 LtltER
1553 303 1639 356 DE
1682 303 1952 360 srmrru
1991 306 2280 362 suam.
3368 281 3436 353 98

172 422 440 493 ηγορίαις
472 423 878 494 ἀποσημαίνειο
913 426 1040 478 ποτὲ
1099 426 1198 496 μὲν
1244 426 1476 496 ποιμένα
1514 425 1772 492 λέγουσα,

1880 429 2014 484 alias
2042 443 2243 498 regem,
2270 435 2325 482 et
2355 438 2548 478 rursus
2570 421 2860 487 medicum,
2889 420 3122 488 denique
3153 431 3435 488 sponsum,

173 513 313 563 ποτε
369 512 432 564 δὲ
469 512 716 582 βασιλέα,
746 515 841 568 καὶ
871 516 1032 569 πάλιν
1089 515 1300 588 ἰατρὸν,
1335 517 1428 568 καὶ
1474 517 1564 568 τὸν
1603 516 1765 568 αὑτὸν

1880 524 2029 585 riam,
2060 521 2288 584 ostium,
2321 515 2522 570 fontem
2545 555 2558 576 ,
2592 529 2785 584 panem
2808 553 2822 577 ,
2853 512 3089 566 securim
3123 525 3186 564 ac
3209 520 3436 579 petram.

168 603 440 672 νυμφίον,
468 607 562 657 καὶ
581 605 721 668 ὁδὸν,
750 605 844 658 καὶ
881 606 1071 676 θύραν,
1102 608 1196 659 καὶ
1224 608 1427 677 πηγὴν,
1462 607 1554 659 καὶ
1581 606 1764 676 ἄρτον,

1880 611 1992 666 llaec
2014 612 2155 665 enim
2187 623 2296 663 non
2320 617 2572 660 naturam
2595 603 2858 668 indicant,
2886 604 3001 667 sed,
3025 601 3171 670 quod
3197 601 3436 663 aiebam,

169 693 273 743 καί
327 691 548 764 ἀξίνην,
602 695 699 748 καὶ
740 696 967 767 πέτραν.
1017 696 1199 750 Ταῦτα
1240 698 1348 766 γὰρ
1391 697 1450 748 οὐ
1476 697 1575 766 τὴν
1608 697 1766 766 φύσιν

1880 699 2199 772 )perationis
2252 698 2607 750 varietatem:
2655 707 2818 761 quam
2872 706 2938 745 ex
2990 690 3220 752 aﬂ'ectu,
3279 703 3440 758 quem

169 783 543 853 παρίστησιν,
578 783 715 848 ἀλλ’,
748 785 886 857 ὅπερ
926 786 1082 856 ἔφην,
1113 786 1175 839 τὸ
1199 786 1309 855 τῆς
1333 787 1611 856 ἐνεργείας
1636 804 1769 839 παν-

1880 791 2004 861 gerit
2029 803 2154 859 erga
2197 801 2356 842 suum
2381 784 2716 854 ﬁgmentum,
2744 780 3132 851 indigentibus,
3164 790 3220 833 ut
3245 779 3441 848 cuique

1868 895 2006 951 Opus
2033 889 2136 946 est,
2167 875 2429 948 impartit.
2462 874 2570 928 Eos
2603 874 2747 929 enim
2791 873 2882 942 qui
2927 871 2994 926 ad
3033 872 3152 941 ejus
3198 870 3438 941 regimen

170 968 338 1036 χνίας
391 967 537 1020 κατὰ
594 968 657 1021 τὺ
707 969 809 1038 τῆς
856 969 1044 1039 χρείας
1095 969 1294 1039 ἰδίωμα
1343 971 1456 1032 τοῖς
1494 968 1769 1037 δεομένοις

1880 970 2253 1040 confugerunt,
2284 966 2488 1036 quique
2515 980 2608 1034 per
2635 966 2899 1018 malorum
2929 963 3269 1017 tolerantiam
3291 976 3441 1014 com-

173 1058 526 1127 παρέχεται.
556 1058 697 1120 Τοὺς
748 1060 847 1129 μὲν
892 1057 1000 1130 γὰρ
1051 1060 1537 1130 προσπεφευγότος
1567 1057 1677 1127 (96)
1701 1060 1766 1128 τῇ

174 1150 486 1220 ἐπιστασίᾳ
532 1149 721 1213 αὐτοῦ,
763 1150 942 1204 καὶτὸ
983 1151 1341 1221 εὐμετάδοτον
1365 1151 1476 1221 (97)
1504 1151 1570 1203 δι’
1593 1149 1772 1214 ἀνεξιο

173 1244 392 1305 κακίας
432 1242 888 1316 κατωρθωκότας,
945 1244 1194 1314 πρόϐατα
1239 1243 1408 1312 λέγει,
1440 1244 1534 1296 καὶ
1566 1241 1770 1313 ποιμὴν

175 1329 328 1385 εἶναι
390 1333 501 1386 τῶν
554 1333 815 1387 τοιούτων
867 1336 1150 1406 ὁμολογεῖ,
1197 1336 1304 1389 τῶν
1358 1337 1770 1390 κατακουόντων

178 1423 354 1476 αύτοῦ
390 1424 489 1494 τῆς
520 1425 722 1494 φωνῆς,
756 1426 852 1478 καὶ
876 1425 949 1496 μὴ
970 1426 1344 1497 προσεχόντων
1365 1426 1603 1496 διδαχαῖς
1634 1427 1770 1492 ξενι-

179 1511 431 1575 ζούσαις.
495 1513 573 1566 Τὰ
617 1511 728 1583 γὰρ
775 1513 888 1581 ἐμὰ
930 1515 1216 1582 πρόϐατα,
1276 1515 1430 1584 φησὶ,
1467 1515 1578 1582 τῆς
1621 1513 1771 1583 ἐμῆς

177 1602 396 1672 φωνῆς
425 1604 632 1658 ἀκούει
653 1622 666 1634 ·
719 1604 970 1675 βασιλεὺς
992 1605 1048 1658 δὲ
1075 1605 1184 1659 τῶν
1209 1605 1769 1676 ὑπεραναὸεϐηκότων

176 1697 310 1768 ἤδη,
343 1698 442 1750 καὶ
463 1698 563 1767 τῆς
592 1699 818 1769 ἐννόμου
837 1698 1102 1769 δεομένων
1135 1698 1461 1762 ἐπιστασίας
1499 1697 1610 1769 (98)
1631 1714 1644 1727 ·
1677 1696 1772 1750 καὶ

1869 1063 2183 1119 municandi
2222 1060 2539 1115 facilitatem
2574 1059 2970 1128 praestiterunt,
3008 1072 3138 1111 oves
3171 1056 3438 1125 appellat;

1870 1171 2037 1225 seque
2068 1154 2258 1207 talium
2290 1163 2565 1223 pastorem
2611 1169 2735 1208 esse
2781 1153 3082 1223 proﬁtetur,
3124 1149 3215 1221 qui
3255 1163 3440 1203 vocem

1869 1244 2041 1312 ipsius
2085 1244 2331 1306 audiunt,
2367 1258 2469 1297 nec
2499 1244 2789 1297 attemlunt
2819 1243 3085 1297 doctrinis
3120 1239 3442 1310 peregrinis.

1873 1332 2003 1387 Oves
2024 1333 2163 1386 enim
2192 1349 2338 1398 mete,
2372 1332 2569 1402 inquit,
2595 1348 2766 1385 vocem
2798 1349 2967 1385 meam
2995 1331 3214 1383 audiunt
3232 1329 3297 1382 δ’.
3329 1327 3443 1382 Rex

1871 1434 2050 1478 autem
2080 1433 2306 1479 vocatur
2327 1440 2538 1491 eorum,
2569 1423 2660 1494 qui
2681 1424 2793 1493 jam
2819 1424 2981 1478 altius
3002 1422 3102 1492 15
3123 1435 3444 1477 assurrexe-

1870 1527 2031 1583 runt,
2067 1532 2131 1570 ac
2174 1517 2416 1586 legitimo
2468 1516 2734 1585 imperio,
2771 1524 2825 1570 et
2873 1514 3264 1586 gubernatione
3306 1526 3444 1582 opus

1872 1611 2094 1666 habent.
2129 1608 2269 1676 Quin
2299 1618 2352 1665 et
2391 1611 2594 1666 ostium
2626 1611 2845 1670 dicitur,
2878 1626 2944 1664 eo
2983 1608 3123 1678 quod
3155 1622 3249 1677 per
3275 1607 3442 1662 recti-

1874 1703 2116 1756 tudinem
2155 1711 2548 1771 pmceptorum
2582 1701 2763 1755 educit
2799 1701 2864 1754 ad
2901 1700 3018 1769 pias
3058 1700 3340 1753 actiones:
3388 1703 3443 1751 et

177 1787 326 1859 θύρα
359 1789 440 1855 δὲ,
467 1789 547 1859 τῷ
575 1790 670 1842 ἐπὶ
709 1791 809 1854 τὰς
851 1789 1142 1853 σπουδαίας
1176 1790 1406 1861 πράξεις
1436 1789 1524 1843 διὰ
1550 1789 1648 1859 τῆς
1677 1790 1772 1858 ὀρ·-

1880 1811 2064 1850 rursus
2094 1802 2210 1849 tuto
2242 1794 2492 1865 perducit
2526 1793 2594 1847 ad
2639 1793 2825 1846 caulas
2866 1807 2960 1847 eos
2981 1835 2994 1855 ,
3029 1792 3121 1861 qui
3154 1805 3249 1860 per
3284 1789 3441 1844 ﬁdem

178 1881 413 1951 6611-50;
433 1880 544 1935 τῶν
571 1898 817 1952 προσταγ
827 1881 1009 1951 μάτων
1034 1880 1269 1950 ἐξάγειν,
1293 1881 1388 1934 καὶ
1409 1879 1571 1934 πάλιν
1596 1881 1770 1948 ἀσφα-

183 1971 298 2034 λῶς
348 1971 592 2035 αὐλίζειν
621 1973 746 2035 τοὺς
797 1972 890 2024 ἐπὶ
920 1971 981 2024 τὸ
1014 1971 1114 2042 τῆς
1161 1970 1414 2039 γνώσεως
1443 1970 1645 2039 ἀγαθὸν
1684 1967 1772 2022 διά

182 2066 288 2134 τῆς
328 2064 408 2128 είς
442 2064 609 2117 αὐτὸν
667 2065 904 2127 πίστεως
949 2063 1416 2132 καταφεύγοντας.
1472 2061 1655 2126 Ὅθεν,
1689 2061 1768 2113 Δι’

180 2155 335 2226 ἐμοῦ
363 2155 574 2222 ἐάντις
601 2155 871 2224 εἰσέλθῃ,
912 2156 1010 2209 καὶ
1037 2156 1450 2210 εἰσελεύσεται
1469 2193 1484 2217 ,
1524 2153 1623 2207 καὶ
1674 2153 1772 2217 ἐξ-

179 2249 528 2310 ελεύσεται,
577 2246 676 2300 καὶ
718 2246 917 2316 νομὴν
946 2247 1209 2317 εὑρήσει.
1257 2247 1442 2318 Πέτρα
1478 2246 1556 2311 δὲ,
1593 2244 1682 2298 διά
1711 2245 1773 2299 τὸ

184 2340 413 2410 ἰσχυρὸν
454 2341 551 2392 καὶ
596 2339 851 2393 ἄσειστον
877 2340 971 2393 καὶ
1003 2340 1204 2403 παντὸς
1230 2339 1502 2410 ἐρύματος
1531 2337 1772 2408 ἀρῤαγέ-

185 2446 380 2500 στερον
410 2423 551 2482 εῖναι
599 2429 964 2500 φυλακτήριον
990 2432 1104 2492 τοῖς
1154 2431 1383 2491 πιστοῖς.
1432 2428 1520 2480 Ἐν
1562 2426 1771 2490 τούτοις

180 2521 264 2582 τὸ,
291 2519 368 2573 δι’
384 2519 598 2586 αὑτοῦ,
626 2521 1041 2591 ἁρμοδιωτάτην
1065 2522 1164 2593 τὴν
1191 2523 1387 2593 χρῆσιν
1405 2522 1498 2574 καὶ
1530 2520 1770 2591 εὔσημον

180 2611 532 2678 ἀποδίδωσιν,
554 2613 684 2666 ὅταν
723 2613 799 2677 ὡς
832 2611 974 2684 Θύρα
1011 2613 1121 2686 (99)
1149 2615 1243 2668 καὶ
1288 2613 1364 2677 ὡς
1388 2613 1504 2677 ὁδὸς
1521 2612 1767 2684 λέγηται.

193 2703 284 2766 Ὡς
345 2705 534 2774 μέντοι
584 2705 716 2769 Θεὸς
768 2705 865 2758 καὶ
921 2705 1069 2770 Υἱὸς,
1106 2706 1244 2776 μετὰ
1284 2706 1496 2776 Πατρὸς
1538 2706 1633 2759 καὶ
1676 2706 1773 2758 σὺν

179 2795 364 2866 Πατρὶ
409 2796 511 2866 τὴν
559 2795 714 2861 δόξαν
747 2797 862 2867 ἔχει
882 2813 896 2826 ·
924 2799 1043 2852 Ὅτι
1077 2798 1148 2851 ἐν
1175 2795 1256 2863 τῷ
1284 2798 1529 2866 ὀνόματι
1579 2795 1772 2864 Ἰησοῦ

180 2886 312 2941 πᾶν
336 2890 488 2958 τόνυ
525 2889 768 2959 κάμψει,
795 2891 1187 2960 ἐπουρανίων,
1216 2889 1314 2943 καὶ
1344 2888 1638 2958 ἐπιγείων,
1673 2887 1773 2941 καὶ

180 2985 624 3054 καταχθονίων,
649 2985 747 3039 καὶ
777 2983 946 3040 πᾶσα
968 2983 1221 3056 γλῶσσα
1245 2982 1771 3055 ἐξομολογήσεται,

179 3076 271 3130 ὅτι
338 3078 562 3145 Κύριος
627 3077 862 3145 Ἰησοῦς
922 3075 1177 3146 Χριστός
1233 3079 1320 3141 εὶς
1376 3075 1570 3140 δόξαν
1626 3077 1774 3131 Θεοῦ

1873 1888 1926 1940 in
1959 1888 2134 1958 ipsum
2166 1887 2233 1941 ad
2267 1886 2600 1957 cognitionis
2631 1885 2833 1939 bonum
2864 1883 3230 1953 confugerint.
3262 1880 3436 1944 Unde,

1875 1980 1979 2034 Per
2006 1997 2086 2035 me
2105 1982 2151 2034 si
2174 1981 2290 2050 quis
2320 1981 2601 2046 introierit,
2624 1989 2671 2034 et
2696 1977 3035 2049 ingredietur,
3057 1984 3106 2028 et
3128 1973 3439 2044 egredietur,

1873 2090 1935 2126 ac
1961 2089 2161 2142 pascua
2188 2074 2408 2127 inveniet
2438 2073 2506 2127 ⁸ο.
2555 2071 2711 2126 Petra
2745 2069 2944 2125 dicitur
2971 2069 3039 2133 ⁵⁸,
3065 2082 3130 2121 eo
3160 2066 3304 2135 quod
3344 2079 3442 2116 va-

1875 2165 2040 2218 lidum
2089 2166 2160 2219 sit
2206 2174 2260 2219 et
2308 2165 2694 2218 inconcussum
2740 2170 2795 2217 et
2835 2161 3028 2231 quavis
3071 2173 3195 2212 arce
3233 2156 3444 2210 ﬁrmius

1873 2256 2338 2326 propugnaculum
2359 2255 2629 2310 ﬁdelibus.
2659 2256 2712 2308 In
2735 2254 2820 2309 his
2842 2253 2956 2307 haec
2982 2266 3106 2313 vox,
3133 2265 3225 2318 per
3247 2250 3441 2317 ipsum,

1875 2343 2220 2412 aptissimum
2269 2358 2334 2396 ac
2379 2345 2588 2397 clarum
2626 2359 2783 2397 usum
2821 2342 3004 2405 habet,
3049 2340 3267 2410 quoties
3299 2337 3444 2392 velut

1874 2435 2072 2488 ostium
2103 2441 2158 2489 et
2181 2435 2326 2489 velut
2367 2436 2454 2489 via
2485 2435 2704 2490 dicitur.
2751 2435 2818 2487 At
2853 2448 2984 2489 vero
3011 2441 3070 2486 ut
3098 2430 3240 2486 Deus
3265 2438 3318 2485 et
3350 2426 3447 2483 Fi-

1875 2525 2018 2590 lius,
2055 2538 2179 2578 cum
2220 2523 2380 2581 Patre
2426 2540 2771 2580 communem
2817 2525 2980 2578 habet
3011 2524 3265 2594 gloriam:
3301 2521 3446 2587 Quo-

1877 2617 2021 2670 niam
2053 2616 2108 2670 in
2135 2617 2344 2670 nomine
2365 2615 2494 2671 Jesu
2519 2633 2668 2672 omne
2696 2632 2827 2687 genu
2857 2615 3114 2684 ﬂectetur,
3137 2614 3443 2677 caelestium,

1876 2707 2201 2760 terrestrium
2240 2715 2289 2760 et
2325 2707 2652 2777 iufernorum
2674 2747 2689 2770 ,
2722 2717 2771 2760 et
2815 2707 2985 2760 omnis
3019 2705 3197 2775 lingua
3227 2705 3446 2773 conﬁte-

1875 2799 2035 2866 bitur,
2066 2800 2202 2871 quod
2231 2800 2490 2855 Dominus
2519 2799 2675 2856 Jesus
2704 2799 2945 2856 Christus
2976 2800 3030 2852 in
3057 2797 3229 2868 gloria
3259 2798 3330 2849 sit
3350 2795 3449 2849 Dei

1874 2895 2055 2950 Patris
2086 2896 2152 2950 ".
2186 2893 2359 2962 Quam
2391 2896 2461 2950 ob
2495 2911 2609 2950 rem
2658 2895 2920 2949 ambabus
2955 2893 3182 2948 vocibus
3221 2892 3445 2954 utimur,

1876 2987 2046 3040 altera
2082 2988 2357 3057 propriam
2394 2988 2541 3042 illius
2571 2987 2913 3058 dignitatem,
2951 2988 3121 3041 altera
3156 2985 3275 3055 ejus
3318 2998 3446 3055 erga

1879 3095 1979 3134 nos
2004 3082 2428 3136 muniﬁcentiam
2454 3081 2833 3150 praedicantes.

183 3175 446 3240 Πατρός.
481 3172 680 3245 Διόπερ
703 3173 1042 3244 ἀμφοτέραις
1068 3173 1385 3246 κεχρήμεθα
1401 3175 1518 3237 ταῖς
1549 3177 1770 3242 φωναῖς,
1808 3177 1874 3247 τῇ
1933 3178 2030 3247 μὲν
2085 3177 2179 3250 τὴν
2209 3179 2413 3232 οἰκείαν
2448 3179 2612 3232 αὐτοῦ
2637 3178 2813 3244 ἀξίαν,
2846 3181 2912 3251 τῇ
2941 3177 2995 3231 δὲ
3027 3178 3124 3249 τὴν
3156 3177 3314 3249 χάριν
3347 3174 3446 3247 τὴν

183 3269 324 3337 πρὸς
356 3269 510 3348 ἡμᾶς
529 3269 957 3338 διαγγέλλοντες.

262 3362 354 3415 18.
386 3359 469 3413 Δι’
496 3363 661 3415 αὑτοῦ
704 3363 814 3434 γὰρ
845 3365 998 3417 πᾶσα
1037 3361 1259 3434 βοήθεια
1296 3362 1403 3414 τῶν
1440 3359 1650 3431 ψυχῶν,
1686 3359 1780 3413 καὶ
1807 3365 1850 3426 c

180 3451 309 3504 καθ’
352 3453 588 3504 ἕκαστον
628 3447 772 3516 εῐδος
816 3453 1130 3523 ἐπιμελείας
1182 3451 1459 3516 ἱδιάζουσά
1494 3469 1578 3514 τις
1607 3468 1775 3521 προσ-

179 3545 388 3614 ηγορία
404 3542 771 3612 ἐπινενόηται.
793 3542 961 3596 Ὅταν
979 3542 1076 3613 μὲν
1092 3541 1199 3613 γὰρ
1212 3541 1308 3612 τὴν
1330 3541 1556 3611 ἄμωμον
1570 3539 1766 3611 ψυχὴν,

179 3637 280 3706 τὴν
317 3634 394 3706 μὴ
427 3633 657 3704 ἔχουσαν
689 3633 878 3687 σπῖλον
909 3633 1167 3704 ἢρυτίδα,
1200 3633 1276 3697 ὡς
1312 3632 1481 3702 ἁγνὴν
1505 3631 1771 3702 παρθένον

181 3727 365 3796 ἑαυτῷ
389 3727 833 3798 παραστήσηται,
851 3726 1082 3796 νυμφίος
1109 3723 1572 3798 προσαγορεύεται
1593 3742 1608 3756 ν
1642 3724 1770 3777 ὅταν

181 3820 238 3872 δὲ
288 3817 688 3889 κεκακωμένην
727 3819 832 3871 ὑπὸ
872 3818 980 3871 τῶν
1017 3818 1268 3888 πονηρῶν
1293 3816 1514 3886 πληγῶν
1541 3815 1631 3868 τοῦ
1657 3815 1772 3869 δια-

182 3910 345 3964 ϐόλου
384 3910 564 3981 λάϐῃ,
617 3910 827 3980 βαρέως
879 3908 1270 3964 ὲνασθενοῦσαν
1311 3910 1429 3970 ταῖς
1473 3907 1769 3978 ἁμαρτίαις

182 4003 358 4073 αὐτὴν
413 4001 726 4073 ἐξιώμενος,
781 4001 962 4072 ἰατρὸς
1017 3999 1360 4071 ὀνομάζεται.
1394 3995 1520 4068 ’Ἆρ’
1574 3994 1667 4052 οὖν
1713 3999 1769 4051 αἱ

183 4095 439 4148 τοιαῦται
491 4093 650 4163 ἡμῶν
705 4093 1012 4163 ἐπιμέλειαι
1057 4094 1137 4156 είς
1170 4093 1231 4144 τὸ
1260 4091 1512 4144 ταπεινὸν
1542 4091 1667 4152 τοὺς
1691 4087 1773 4141 λο-

1956 3356 2044 3413 18.
2077 3354 2249 3412 Omne
2288 3357 2430 3412 enim
2477 3356 2780 3411 animarum
2825 3357 3082 3412 auxilium
3128 3375 3224 3429 per
3268 3359 3446 3430 ipsum

1878 3457 1981 3513 est,
2005 3458 2168 3519 atque
2204 3447 2360 3517 juxta
2389 3447 2605 3516 singula
2638 3447 2866 3502 curandi
2897 3463 2961 3501 ac
3004 3447 3317 3517 providendi
3354 3467 3450 3520 ge-

1878 3555 2009 3594 nera
2044 3539 2350 3608 excogitata
2382 3543 2465 3592 est
2502 3535 2796 3605 peculiaris
2838 3535 3085 3606 quaedam
3133 3539 3444 3607 appellatio.

1877 3631 2010 3684 Cum
2043 3630 2186 3684 enim
2218 3629 2453 3681 animam
2484 3627 2990 3693 incontaminatam,
3019 3642 3126 3681 non
3164 3629 3444 3683 habentem

1879 3720 2149 3772 maculam
2185 3724 2278 3771 aut
2329 3732 2519 3786 rugam
2547 3759 2561 3783 ,
2609 3715 2766 3786 quasi
2812 3732 3002 3787 puram
3036 3716 3298 3788 virginem
3341 3719 3447 3772 sibi

1878 3810 2144 3880 adjungit,
2173 3823 2409 3878 sponsus
2435 3808 2768 3878 appellatur;
2803 3823 2928 3862 cum
2957 3824 3088 3864 vero
3115 3825 3232 3863 eam
3262 3813 3446 3880 pravis

1877 3901 2078 3957 diaboli
2122 3900 2294 3970 plagis
2341 3899 2652 3953 amictatam
2697 3899 2912 3968 recipit,
2954 3915 3018 3954 ac
3047 3901 3286 3972 peccatis
3322 3915 3445 3971 gra-

1874 3995 2014 4049 viter
2049 3993 2386 4047 laborantem
2435 3999 2632 4055 sanat,
2684 3991 2930 4046 medicus
2969 4001 3214 4047 vocatur.
3252 3991 3444 4046 Utrum

1876 4085 2044 4156 igitur
2069 4083 2212 4154 quod
2240 4083 2392 4138 hisce
2421 4083 2598 4138 modis
2625 4084 2798 4137 nostri
2829 4099 3016 4138 curam
3049 4085 3207 4155 gerit,
3239 4085 3446 4156 cogita-

255 4251 303 4283 "
331 4248 495 4304 Joan.
530 4263 586 4312 ι,
615 4248 706 4301 27.
783 4247 829 4280 ⁸ο
856 4245 1014 4302 Joan.
1052 4263 1109 4313 τ,
1138 4246 1192 4301 9.
1269 4247 1312 4277 ⁵¹
1343 4245 1364 4299 1
1395 4244 1521 4299 Cor.
1554 4261 1610 4307 ι,
1640 4243 1692 4297 4.
1769 4246 1772 4270 λ

1880 4240 2048 4309 ἰιὶιίμ
2083 4255 2144 4304 ιι,
2181 4239 2271 4302 10,
2304 4237 2390 4292 Η.

258 4405 375 4491 (96)
419 4403 983 4475 Προσπεφευτότας.
1032 4401 1266 4458 Codices
1318 4399 1565 4455 nonnulli
1606 4415 1775 4470 προσ-

188 4493 515 4547 φευγοντας.

259 4546 376 4616 (97)
442 4545 510 4598 Τὸ
553 4542 971 4616 εὐμετάδοτον.
1012 4541 1160 4616 _Vitii
1232 4541 1544 4616 suspicione
1594 4537 1778 4616 aliqua

1883 4395 2187 4465 Cyprianus
2207 4407 2411 4465 _coram
2467 4393 2794 4465 proconsule
2829 4394 3005 4449 aiebat
3038 4414 3050 4448 :
3080 4395 3231 4450 Bona
3264 4397 3446 4452 volun-

1884 4462 1987 4531 tas,
2025 4479 2140 4534 qua:
2197 4462 2575 4534 Deuntinorit,
2618 4465 2894 4534 immutari
2941 4482 3041 4518 non
3076 4477 3254 4534 potest
3279 4482 3299 4520 :
3325 4470 3439 4524 Act.

1884 4531 2065 4595 marti,
2102 4548 2154 4602 p.
2184 4534 2309 4586 216.
2343 4531 2434 4585 Sic
2457 4534 2640 4602 getiam
2680 4533 2736 4586 S.
2767 4535 3018 4589 Felicitas
3063 4531 3254 4590 Publio
3282 4536 3444 4592 Urbis

187 4601 410 4670 laborat
443 4616 533 4668 hic
568 4601 742 4667 locus.
781 4613 896 4668 Etsi
940 4613 1083 4667 enim
1119 4613 1302 4681 justos
1332 4601 1625 4681 appellari
1650 4601 1780 4681 oves
1813 4610 1856 4664 D
1887 4601 2140 4674 praefecto
2165 4603 2415 4681 dicebat_:
2445 4601 2557 4681 Nec
2600 4602 2970 4681 blandimentis
3003 4607 3109 4681 tuis
3141 4608 3327 4681 resolui
3353 4623 3444 4676 po-

186 4689 452 4741 observat
494 4684 730 4738 Basilius
773 4686 844 4737 ’m
883 4683 1074 4752 psqlm.
1121 4677 1323 4752 ixvm,
1364 4677 1570 4750 15:121.
1607 4677 1694 4731 διὰ
1719 4677 1780 4730 τὸ

185 4758 400 4827 ἥμερον
431 4755 529 4807 καὶ
567 4747 914 4827 μεταδοτικδν
950 4747 1023 4827 ᾧν
1046 4751 1274 4827 ἒχειλοί)
1307 4747 1570 4804 lenitatem
1613 4761 1662 4801 et
1697 4765 1774 4800 re-

189 4807 1118 4880 rum.suarum'communicationem
1139 4807 1276 4885 {hic
1297 4829 1478 4873 tamen
1517 4835 1624 4872 non
1648 4807 1784 4872 con:

189 4898 401 4952 siderat
447 4895 505 4948 in
553 4893 746 4948 ovibus
802 4893 1242 4947 communicandi
1284 4890 1632 4951 facilitatem,
1683 4887 1776 4943 sed

189 4965 561 5020 constantiam
597 4965 652 5017 in
698 4963 979 5032 sequendo
1004 4972 1226 5032 pastore
1265 4969 1318 5015 et
1347 4960 1779 5032 peregrinisdo-

188 5037 387 5091 ctrinis
420 5032 755 5103 rejiciendis.
782 5029 1294 5103 Regius—secundus
1327 5031 1490 5084 habet
1524 5029 1778 5103 τὸεύμε-

187 5105 438 5170 τάὁολον,
481 5100 604 5172 qua:
629 5100 900 5172 scripturi.
947 5104 1052 5158 etsi
1086 5103 1286 5157 vulnus
1317 5115 1515 5170 augere
1558 5100 1770 5153 videtur

188 5175 420 5257 (pugnat
447 5174 596 5226 enim
616 5174 845 5257 animus
874 5172 1333 5257 fa‘cile'tnutabilis
1360 5186 1484 5225 cum
1512 5177 1770 5257 constan-

190 5241 260 5298 tia
287 5241 348 5299 in
385 5244 668 5310 sequendo
696 5242 954 5312 pastore).
982 5243 1048 5296 ad
1095 5242 1227 5296 illud
1251 5251 1430 5295 tamen
1461 5241 1766 5312 sanandum

191 5328 387 5385 magno
431 5314 557 5367 usui
589 5311 713 5385 esse
744 5311 947 5385 potest.
970 5313 1101 5367 Nam
1138 5314 1182 5385 si
1211 5313 1450 5385 legamus
1479 5311 1581 5385 levi
1627 5312 1767 5385 facta

190 5381 577 5438 immutatione
603 5383 666 5435 τὸ
691 5382 1046 5452 ἀμετάϐολον,
1077 5383 1166 5452 qui
1195 5397 1284 5449 per
1308 5381 1618 5450 patientiam
1647 5382 1762 5434 ani-

189 5470 330 5507 mum
360 5452 749 5522 immutabilem
788 5452 1141 5520 praebuerunt,
1197 5454 1355 5522 plana
1406 5453 1509 5522 erit
1553 5461 1606 5506 et
1639 5461 1762 5519 apta

188 5523 484 5579 sententia.
517 5520 745 5577 Usitatze
781 5522 922 5591 apud
970 5520 1224 5590 antiquos
1264 5521 1530 5588 ejusmodi
1588 5523 1763 5574 ratio-

190 5607 286 5648 nes
341 5593 624 5662 loquendi,
657 5594 908 5661 quamvis
956 5593 1135 5660 justus
1179 5596 1382 5662 gratiae
1409 5592 1762 5662 resistere_et

187 5659 432 5734 iustitia!
463 5670 610 5717 statu
660 5659 912 5718 excidere
944 5659 1103 5732 posse
1145 5676 1254 5716 non
1294 5659 1626 5718 dubitarent.
1669 5659 1761 5715 Sic

1886 4672 2016 4738 tero,
2067 4690 2158 4727 nec
2185 4672 2473 4741 terroribus
2522 4673 2719 4741 frangi.
2759 4673 2821 4726 Et
2852 4674 3001 4728 Felix
3038 4676 3181 4730 illius
3211 4672 3442 4732 ﬁliorum

1867 4753 2010 4797 'natu
2055 4743 2328 4797 secundus
2368 4761 2382 4796 :
2421 4740 2740 4795 Imminennt
2778 4747 3016 4806 verbera,
3053 4755 3187 4799 stent
3229 4758 3444 4802 cruenta

1881 4815 2142 4877 consilia;
2185 4813 2316 4880 ﬁdes
2362 4823 2546 4866 nostra
2581 4829 2672 4865 nec
2726 4815 2860 4866 vinci
2888 4823 3052 4882 potest
3083 4833 3173 4870 nec
3226 4821 3440 4872 mutari.

1882 4885 2116 4938 Basilius
2139 4884 2194 4936 in
2221 4883 2412 4957 psalm.
2441 4899 2538 4943 vn,
2570 4884 2773 4957 p.105,
2801 4885 2988 4953 gratia:
3022 4882 3307 4957 acceptum
3343 4904 3444 4943 re-

1885 4958 1986 5008 lert
2006 4962 2214 5007 rectum
2243 4953 2385 5022 jusui
2412 4953 2748 5022 propositum
2783 4963 2836 5008 et
2867 4956 3062 5011 mentis
3091 4953 3443 5013 immutabili-

1879 5031 2066 5079 tatem.
2101 5022 2233 5093 Reg.
2262 5025 2329 5078 59
2361 5022 2657 5093 Moral.,_p.
2689 5023 2812 5076 265.

1949 5094 2058 5165 (98)
2111 5091 2706 5165 ἘπιστασίαςηΒεε.
2744 5092 3274 5165 ιεγιίιιεᾼβασιλείας.
3322 5096 3443 5152 Mox

1875 5179 1906 5218 e
1930 5162 2204 5237 veteribus
2245 5165 2404 5237 libris
2433 5163 2747 5237 conjunctio
2785 5163 2877 5215 καί
2907 5162 3090 5237 addita
3123 5175 3249 5221 ante
3281 5166 3441 5237 θύρα,

1873 5233 2170 5355 ευιίθηιίιὲιε
2199 5234 2524 5313 aucwritate
2573 5235 2799 5288 verbum
2841 5235 2973 5304 φησι
3013 5236 3283 5292 sublatum
3319 5233 3443 5306 post

1873 5319 2058 5355 vocem
2128 5321 2248 5355 μου.

1871 5319 2058 5358 vocem
2093 5319 2118 5355 ε
2128 5321 2226 5358 μου
2235 5345 2248 5358 .

2093 5321 2419 5448 Ἦέὶὸιίιραζ
2437 5363 2581 5448 Editi
2627 5371 2833 5428 addunt
2872 5374 3071 5448 ttat
3095 5376 3317 5448 ποιμήν,
3345 5375 3439 5431 sed

1870 5441 2140 5499 asSentior
2184 5441 2510 5514 Combelisio
2557 5444 2674 5514 has
2702 5459 2860 5499 voces
2883 5441 3436 5514 ‘rejicienda's'esse;

1868 5528 1970 5569 nec
1997 5513 2329 5588 leguntur‘ip
2357 5513 2536 5588 tribus
2557 5512 2860 5588 codicibus.
2879 5511 3047 5571 Paulo
3076 5525 3198 5588 post
3218 5511 3441 5574 codices

1868 5598 2003 5641 mss.
2031 5579 2204 5648 δόξαν.
2237 5581 2376 5637 Editi
2404 5579 2731 5651 δοξολογίαν.
