3900 6212
489 248 562 309 99
1805 250 1842 303 s
1904 250 2144 304 BASILII
2187 214 2402 305 MAGNI

3663 252 3799 306 100

492 371 672 426 tiones
697 375 916 423 nostras
939 381 1004 422 eo
1040 366 1296 428 deducet,
1337 375 1397 418 ut
1433 364 1696 419 humilius
1737 365 1804 418 de
1850 381 1915 419 eo
1949 381 2075 419 scn-

2196 370 2414 437 γισμοὺς
2458 367 2824 435 κατάγουσιν;
2883 367 2916 438 ἦ
2969 366 3030 419 τὸ
3082 364 3322 420 ἐναντίον
3359 363 3627 435 ἔκπληξιν
3678 365 3800 434 τῆς

493 458 736 514 tiamus?
767 472 836 518 an
885 457 1067 526 potius
1095 472 1124 510 e
1165 456 1384 510 diverso
1411 453 1608 509 clliciet
1633 495 1647 516 ,
1679 462 1737 507 ut
1769 451 2077 508 Servatoris

494 556 549 604 et
589 549 866 617 ingentem
919 545 1217 614 potentiam
1265 553 1320 600 et
1369 543 1758 598 humanitatem
1797 558 1925 613 erga
1976 558 2077 598 nos

496 639 858 700 admiremur,
895 637 1040 707 quod
1073 644 1126 690 et
1156 635 1395 705 compati
1428 634 1637 690 nostris
1664 633 2078 691 infirmitatibus

499 731 804 792 sustinuit,
834 737 888 783 et
919 744 978 783 se
1007 728 1074 781 ad
1107 736 1350 782 nostram
1375 727 1746 781 infirmitatem
1778 728 1955 794 potuit
1986 728 2080 780 de-

498 823 755 878 mittere?
778 821 966 891 Neque
998 821 1144 874 enim
1174 820 1376 874 cmlum
1407 833 1470 872 ac
1501 827 1670 880 terra,
1703 818 2080 889 immensaque

499 915 696 979 maria,
721 929 822 968 nec
852 913 1174 977 animantia,
1210 913 1293 966 vel
1327 912 1380 965 in
1412 911 1570 982 aquis
1595 914 1678 966 vel
1709 910 1763 964 in
1797 911 1957 966 terris
1986 911 2080 965 de-

498 1008 716 1078 gentia,
760 1022 860 1062 nec
901 1009 1132 1076 planta},
1167 1020 1268 1059 nec
1307 1015 1487 1067 astra,
1526 1018 1627 1058 nec
1657 1018 1738 1058 aet
1764 1044 1779 1068 ,
1821 1018 1920 1056 nec
1953 1002 2079 1056 anni

499 1107 767 1169 tempora,
795 1114 895 1153 nec
931 1097 1211 1167 multiplex
1251 1095 1496 1150 universi
1531 1103 1785 1154 ornatus.
1813 1093 2082 1147 excellen-

498 1190 630 1244 tiam
693 1190 948 1260 potentiae
999 1188 1148 1243 illius
1207 1186 1432 1257 perinde
1482 1185 1870 1248 commendat,
1920 1194 2082 1253 atque

499 1282 646 1352 quod
699 1281 840 1336 Deus
891 1278 1456 1351 incomprehensibilis
1492 1277 1672 1346 potuit
1720 1291 1818 1346 per
1862 1290 2080 1329 carnem

501 1374 642 1428 citra
691 1388 889 1428 noxam
923 1387 1046 1425 cum
1094 1381 1270 1425 morte
1299 1369 1628 1434 conflictari,
1675 1380 1734 1422 ut
1787 1367 1942 1422 nobis
1984 1383 2082 1421 sua

502 1465 677 1534 ipsius
707 1465 967 1535 passione
997 1464 1286 1532 largiretur
1333 1461 1823 1522 immortalitatem,
1859 1460 2002 1529 quod
2035 1460 2083 1514 si

501 1556 802 1626 Apostolus
835 1555 942 1608 ait:
996 1552 1059 1607 In
1103 1554 1183 1608 his
1216 1552 1455 1606 omnibus
1495 1566 1806 1620 superamus
1848 1565 1938 1618 per
1966 1565 2084 1603 eum

502 1648 592 1716 qui
648 1645 835 1700 dilexit
888 1647 1095 1700 nos“:
1155 1658 1499 1714 nequaquam
1548 1642 1648 1696 hac
1696 1657 1829 1696 voce
1881 1641 2085 1695 humile

2182 461 2423 530 μεγάλης
2467 459 2750 529 δυνάμεως
2787 459 2924 530 ὁμοῦ
2963 459 3054 512 καὶ
3096 457 3504 529 φιλανθρωπίας
3529 457 3632 510 τοῦ
3678 458 3800 510 σώ-

2179 551 2361 616 ζοντος
2385 551 2724 622 ἐμποιοῦσιν,
2749 551 2831 604 δτι
2854 551 2948 604 καὶ
2976 551 3234 620 ἠνέσχετο
3267 548 3625 620 συμπαθῆσαι
3650 551 3796 612 ταῖς

2179 647 2486 710 ἀσθενείαις
2551 646 2732 718 ἡμῶν,
2794 647 2888 700 καὶ
2942 644 3170 715 ἐδυνήθη
3213 644 3349 715 πρὸς
3389 644 3450 696 τὸ
3495 642 3794 714 ἡμέτερον

2189 738 2411 802 ἀσθενὲς
2434 739 2744 809 καταϐῆναι
2767 739 2873 803 ;Οὑ
2895 738 3000 810 γὰρ
3033 735 3284 790 τοσοῦτον
3311 735 3537 806 οὐρανὸς
3573 735 3678 788 καὶ
3703 734 3790 805 γῆ

2182 829 2367 881 καὶτὰ
2398 828 2604 900 μεγέθη
2625 828 2733 883 τῶν
2755 827 3024 895 πελαγῶν,
3055 829 3151 880 καὶ
3181 825 3249 898 τὰ
3281 827 3340 879 ἐν
3371 825 3521 878 ὕδασι
3545 824 3789 878 διαιτώ-

2185 938 2341 991 μενα,
2382 922 2477 973 καὶ
2522 921 2592 974 τὰ
2643 923 2872 990 χερσαῖα
2903 919 3009 971 τῶν
3038 917 3212 982 ζώων,
3241 919 3334 970 καὶ
3363 916 3432 969 τὰ
3468 917 3638 986 φυτὰ,
3679 917 3793 970 καὶ

2181 1013 2430 1082 ἀστέρες,
2460 1013 2554 1064 καὶ
2583 1011 2712 1083 ἀὴρ,
2753 1011 2847 1064 καὶ
2888 1005 3048 1080 ὧραι,
3079 1011 3172 1063 καὶ
3196 1012 3228 1080 ἠ
3252 1008 3472 1079 ποικίλη
3495 1007 3592 1061 τοῦ
3628 1025 3791 1061 παν-

2181 1106 2271 1169 τὸς
2302 1105 2660 1174 διακόσμησις
2692 1104 2754 1157 τὸ
2811 1101 3078 1173 ὑπερέχον
3104 1103 3202 1173 τῆς
3229 1102 3409 1173 ἰσχύος
3433 1101 3790 1169 συνίστησιν,

2182 1198 2303 1250 ὅσον
2339 1197 2398 1250 τὸ
2425 1196 2719 1268 δυνηθῆναι
2763 1196 2854 1248 τὸν
2880 1195 3033 1258 Θεὸν,
3070 1194 3160 1249 τὸν
3189 1195 3494 1265 άχώρητον,
3537 1193 3789 1254 ἀπαθῶς

2182 1287 2269 1341 διὰ
2317 1287 2518 1358 σαρκὸς
2573 1285 2960 1356 συμπλακῆναι
3004 1285 3080 1356 τῷ
3132 1285 3376 1355 θανάτῳ,
3419 1285 3507 1338 ἵνα
3535 1285 3672 1354 ἡμῖν
3700 1283 3792 1353 τῷ

2188 1380 2299 1448 ίὸίῳ
2347 1379 2508 1432 πάθει
2565 1379 2663 1448 τὴν
2705 1378 2974 1431 ἀπάθειαν
3015 1377 3327 1448 χαρίσηται.
3353 1376 3471 1429 Κᾶν
3499 1375 3637 1448 λέγῃ
3661 1375 3726 1428 δὲ
3758 1377 3792 1428 ὁ

2199 1469 2535 1532 ’Λπόστολος,
2593 1470 2675 1522 ὅτι
2721 1469 2825 1522 Ἐν
2877 1469 3110 1532 τούτοις
3130 1467 3319 1520 πᾶσιν
3352 1465 3792 1535 ὑπερνικῶμεν

2184 1563 2282 1615 διὰ
2326 1563 2432 1615 τοῦ
2482 1561 2911 1630 ἀγαπήσαντος
2947 1559 3122 1629 ἡμᾶς,
3171 1559 3293 1629 οὑχὶ
3335 1558 3601 1628 ταπεινήν
3650 1575 3787 1610 τινα

2187 1655 2487 1726 ὑπηρεσίαν
2517 1655 2581 1706 ἐκ
2629 1655 2727 1724 τῆς
2777 1651 3031 1723 τοιαύτης
3063 1651 3244 1720 φωνῆς
3288 1649 3600 1711 ὑποϐάλλει,
3635 1648 3790 1703 ἀλλὰ

502 1737 776 1808 quoddam
810 1737 1174 1793 ministerium
1200 1737 1428 1802 indicat,
1461 1734 1557 1790 sed
1581 1734 1846 1788 auxilium
1875 1734 2079 1802 potius,

2196 1715 2362 1817 rip/"sv
2384 1745 2461 1815 τῷ
2485 1715 2805 1816 κράτείτῆς
2839 1715 3021 1813 ἰσχύος,⁵
3047 1715 3450 1813 ἐνεργουμένην
3492 1741 3785 1812 βοήθειαν.

502 1828 648 1898 quod
674 1844 768 1899 per
793 1828 1084 1897 imperium
1116 1842 1229 1882 sua:
1257 1826 1513 1896 potentiae
1534 1833 1798 1895 operatur
1820 1824 1877 1877 in
1903 1823 2079 1876 nobis.

506 1920 785 1990 Siquidem
825 1921 1005 1989 ipsum
1041 1920 1281 1990 alligavit
1316 1918 1534 1983 fortem,
1576 1916 1917 1987 diripuitque
1953 1931 2084 1970 vasa

504 2014 656 2069 illius
686 2014 756 2076 “,
790 2013 1042 2066 videlicet
1071 2026 1190 2077 nos,
1217 2011 1419 2081 quibus
1442 2010 1505 2065 ad
1537 2010 1720 2064 omnia
1754 2011 1896 2063 mala
1921 2024 2084 2079 opera

503 2107 684 2160 fuerat
713 2105 949 2172 abusus;
998 2103 1232 2173 fecitque
1265 2117 1396 2158 vasa
1432 2102 1586 2156 utilia
1623 2101 1887 2166 Domino,
1920 2117 2087 2171 appa-

503 2205 656 2254 ratos
698 2197 766 2252 ad
811 2211 973 2251 omne
1019 2211 1158 2266 opus
1195 2196 1396 2250 bonum
1432 2196 1502 2261 5",
1549 2210 1646 2264 per
1681 2193 1834 2249 liberi
1878 2193 2084 2247 arbitrii

504 2296 678 2345 nostri
716 2290 1187 2358 praeparationem.
1227 2285 1342 2341 Hoc
1382 2295 1544 2357 pacto
1573 2301 1858 2340 accessum
1892 2285 1958 2340 ad
1983 2283 2086 2338 Pa-

505 2389 644 2434 trem
685 2379 978 2433 habuimus
1019 2393 1114 2446 per
1163 2379 1366 2448 ipsum,
1414 2377 1664 2432 translati
1705 2377 1772 2432 de
1819 2383 2088 2446 potestate

505 2471 854 2527 tenebrarum
875 2471 928 2524 in
949 2479 1158 2540 partem
1182 2470 1347 2526 sortis
1373 2477 1688 2525 sanctorum
1717 2469 1772 2523 in
1795 2469 2002 2523 lumine
2018 2470 2083 2520 ⁵⁸.

505 2561 586 2619 Ne
610 2564 776 2634 igitur
820 2562 1289 2632 dispensationem
1334 2561 1459 2616 Filii
1499 2571 1748 2616 coactum
1790 2577 1857 2617 ex
1901 2561 2088 2617 servili

506 2654 817 2711 humilitate
853 2653 1220 2708 ministerium
1265 2653 1670 2708 existimemus:
1715 2652 1811 2708 sed
1841 2653 2090 2707 volunta-

507 2749 649 2802 riam
694 2746 1119 2803 sollicitudinem
1171 2760 1239 2800 ex
1276 2746 1522 2801 bonitate
1565 2761 1630 2802 ac
1673 2745 2086 2812 misericordia,

505 2839 664 2909 juxta
689 2839 1023 2893 voluntatem
1051 2835 1148 2894 Dei
1181 2845 1235 2893 et
1265 2837 1468 2900 Patris,
1503 2852 1632 2909 erga
1664 2853 1825 2893 suum
1865 2837 2091 2908 figmen-

509 2939 628 2986 tum
656 2929 977 2986 exhibitam.
1014 2929 1108 2983 Sic
1150 2929 1294 2984 enim
1340 2930 1685 2986 servabimus
1715 2929 1970 3000 pietatem
1997 2970 2011 2994 ,
2042 2929 2088 2985 si

511 3023 569 3078 in
610 3021 870 3078 omnibus
912 3021 1076 3075 rebus
1107 3021 1176 3074 ab
1204 3036 1271 3076 eo
1299 3021 1543 3092 peractis
1567 3029 1621 3076 et
1654 3021 1759 3093 16
1790 3021 2087 3093 perfectam

511 3114 592 3169 illi
631 3113 930 3184 potentiam
970 3113 1284 3168 testimonio
1326 3121 1518 3168 nostro
1561 3112 1914 3168 tribuerimus
1938 3153 1951 3176 ,
1988 3126 2090 3166 nec

512 3221 744 3278 usquam
792 3205 945 3259 illum
979 3220 1008 3257 a
1053 3212 1281 3274 paterna
1312 3205 1592 3260 voluntate
1630 3207 2087 3275 separaverimus.

511 3295 983 3365 Quemadmodum
1034 3296 1224 3368 utique
1280 3313 1405 3352 cum
1464 3296 1729 3352 Dominus
1789 3297 2089 3367 appellatur

510 3389 601 3443 via
634 3388 702 3453 ⁸⁷,
736 3387 801 3442 ad
832 3387 1206 3443 sublimiorem
1238 3389 1654 3460 intelligentiam
1687 3389 1892 3459 potius,
1924 3405 2090 3460 quam

513 3481 582 3536 ad
606 3481 882 3551 vulgarem
910 3497 974 3535 ac
997 3496 1346 3537 communem
1373 3482 1559 3536 animo
1580 3481 1827 3536 ferimur.
1850 3483 2090 3537 Audien-

515 3584 597 3628 tes
621 3573 769 3628 enim
797 3574 964 3633 viam,
997 3571 1307 3642 profectum
1341 3588 1491 3637 eum,
1520 3574 1612 3643 qui
1641 3573 1786 3628 serie
1815 3582 1979 3643 atque
2005 3589 2093 3628 or-

513 3666 640 3719 dine
671 3678 769 3733 per
801 3663 1033 3732 justitim
1072 3679 1240 3736 opera
1269 3671 1325 3720 et
1357 3665 1605 3719 scientiae
1636 3665 2090 3721 illuminationem

514 3755 582 3810 ad
632 3752 1024 3824 perfectionem
1063 3753 1277 3820 tendit,
1326 3754 1723 3825 intelligimus,
1771 3770 1985 3824 semper
2039 3755 2092 3808 id

513 3846 661 3917 quod
692 3846 938 3901 anterius
969 3854 1054 3899 est
1077 3853 1416 3915 appetentes,
1448 3853 1504 3900 et
1532 3846 1600 3900 ad
1639 3861 1702 3900 ea
1731 3862 1853 3916 quas
1885 3855 2094 3900 restant

515 3937 880 4007 nosmetipsos
911 3937 1270 3993 extendentes
1293 3937 1360 4003 ⁵⁸,
1393 3937 1569 3991 donec
1603 3938 1993 4007 perveniamus
2025 3937 2092 3990 ad

515 4027 738 4082 beatum
764 4027 950 4090 finem,
975 4043 1098 4096 qua:
1121 4037 1206 4082 est
1239 4026 1330 4082 Dei
1354 4027 1613 4098 cognitio,
1641 4043 1805 4098 quam
1831 4028 2093 4084 Dominus

517 4133 616 4188 per
673 4132 797 4174 sese
844 4118 897 4170 in
946 4117 1124 4188 ipsum
1175 4117 1525 4173 credentibus
1580 4119 1830 4190 largitur.
1885 4119 2096 4176 Revera

517 4215 663 4270 enim
690 4215 830 4268 bona
857 4221 942 4268 est
967 4214 1072 4278 via,
1098 4213 1516 4268 exorbitationis
1540 4214 1860 4284 errorisque
1887 4215 2091 4279 nescia,

519 4304 784 4359 Dominus
811 4311 1019 4369 noster,
1051 4303 1117 4357 ad
1149 4301 1390 4368 Patrem,
1419 4305 1514 4374 qui
1543 4319 1732 4359 verum
1765 4305 1969 4360 bonum
1987 4317 2093 4372 est,

2186 1838 2355 1902 Αὐτὸς
2403 1838 2510 1908 γὰρ
2563 1837 2733 1907 δήσας
2776 1836 2866 1888 τὸν
2916 1835 3152 1906 ἰσχυρὸν,
3187 1834 3482 1905 διήρπασεν
3507 1832 3676 1886 αὑτοῦ
3710 1834 3789 1887 τὰ

2188 1929 2386 1999 σκεύη,
2412 1930 2582 1999 ἡμᾶς,
2610 1922 2689 1990 οἷς
2713 1929 2792 1990 είς
2816 1928 2996 1980 πᾶσαν
3025 1926 3304 1996 ἐνέργειαν
3351 1925 3592 1996 πονηρὰν
3635 1941 3787 1978 κατ-

2191 2020 2488 2091 εκέχρητο·
2531 2018 2624 2070 καὶ
2653 2017 2876 2087 ἐποίησε
2906 2016 3072 2087 σκεύη
3101 2015 3373 2088 εὔχρηστα
3395 2015 3473 2082 τῷ
3500 2015 3781 2084 Δεσπὸτῃ,

2186 2113 2311 2174 τοὺς
2352 2108 2817 2180 κατηρτισμένους
2867 2109 2947 2172 εἰς
3003 2109 3110 2161 πᾶν
3135 2107 3294 2178 ἔργον
3339 2104 3540 2174 ἀγαθὸν
3563 2107 3630 2158 ἐκ
3671 2106 3782 2175 τῆς

2188 2201 2505 2270 ἐτοιμασίας
2531 2199 2624 2252 τοῦ
2657 2200 2741 2268 ἐφ’
2776 2201 2924 2269 ὑμῖν.
2962 2197 3116 2251 Οὕτω
3164 2198 3262 2268 τὴν
3293 2197 3359 2250 δι’
3389 2196 3552 2251 αὑτοῦ
3590 2214 3778 2268 προσ-

2188 2291 2410 2362 αγωγὴν
2433 2291 2744 2360 ἐσχήκαμεν
2765 2288 2900 2360 πρὸς
2928 2288 3017 2340 τὸν
3048 2288 3284 2359 Πατέρα,
3311 2287 3676 2358 μεταστάντες
3713 2290 3787 2340 ἐκ

2188 2384 2284 2452 τῆς
2311 2381 2556 2447 ἐξουσίας
2601 2379 2694 2433 τοῦ
2725 2380 2949 2441 σκότους
2991 2380 3069 2441 εἰς
3090 2377 3187 2448 τὴν
3219 2377 3414 2450 μερίδα
3441 2377 3535 2430 τοῦ
3564 2377 3782 2448 κλήρου

2189 2474 2297 2527 τῶν
2319 2473 2488 2542 ἁγίων
2519 2473 2576 2524 ἐν
2597 2470 2673 2542 τῷ
2695 2470 2852 2539 φωτί.
2872 2469 2962 2539 Μὴ
2997 2469 3176 2521 τοίνυν
3212 2471 3276 2521 ἐκ
3301 2467 3552 2536 δουλικῆς
3575 2483 3780 2520 ταπειο

2189 2567 2411 2636 νότητος
2451 2562 2874 2634 ήναγκασμένην
2915 2559 3222 2632 ὑπηρεσίαν
3269 2558 3504 2630 νοῶμεν,
3535 2559 3637 2628 τὴν
3685 2557 3785 2612 διὰ

2191 2659 2318 2712 Υἱοῦ
2336 2658 2666 2728 οἰκονομίαν,
2695 2655 2830 2709 ἀλλὰ
2860 2654 2960 2726 τὴν
2988 2653 3234 2706 ἑκούσιον
3261 2654 3598 2722 ἐπιμέλειαν,
3633 2651 3780 2718 ἀγα-

2191 2740 2376 2821 θὸτητι
2428 2750 2522 2803 καὶ
2557 2746 2950 2818 εὑσπλαγχνίᾳ,
2999 2743 3143 2798 κατὰ
3175 2743 3236 2796 τὸ
3266 2742 3474 2814 θέλημα
3510 2741 3604 2794 τοῦ
3635 2740 3782 2794 Θεοῦ

2190 2843 2284 2895 καὶ
2345 2841 2578 2912 Πατρὸς,
2631 2839 2760 2908 περὶ
2807 2838 2868 2890 τὸ
2909 2837 3038 2890 ίδιον
3085 2835 3312 2905 πλάσμα
3347 2833 3780 2905 ἐνεργουμένην.

2192 2933 2347 2986 Οὕτω
2399 2930 2508 3003 γὰρ
2536 2931 2613 3002 (1)
2641 2927 3030 2998 εὑσεϐήσομεν,
3072 2926 3130 2978 ἐν
3168 2926 3304 2978 πᾶσι
3345 2927 3460 2986 τοῖς
3487 2921 3782 2976 ἐπιτελου-

2117 3049 2162 3112 c
2197 3025 2374 3096 μένοις
2401 3024 2497 3078 καὶ
2524 3022 2738 3075 τελείαν
2769 3019 2920 3090 αὐτῷ
2951 3015 3354 3090 μαρτυροῦντες
3387 3013 3484 3112 τὴν
3519 3012 3778 3112 δύναμιν,

2195 3120 2287 3171 καὶ
2297 3114 2534 3187 οὐδαμοῦ
2557 3113 2650 3168 τοῦ
2669 3112 2832 3184 βουλή
2843 3128 3011 3182 ματος
3034 3111 3128 3163 τοῦ
3150 3106 3415 3180 πατρικοῦ
3439 3104 3777 3166 διῖστῶντες.

2198 3210 2406 3280 Ὥσπερ
2459 3204 2552 3262 οὖν
2610 3205 2705 3260 καὶ
2735 3206 2863 3259 ὅταν
2901 3202 3018 3266 ὁδὸς
3046 3205 3074 3256 ὁ
3111 3201 3315 3273 Κύριος
3351 3199 3597 3270 λέγηται,
3636 3196 3783 3267 πρὸς

2197 3301 2531 3373 ὑψηλοτέραν
2561 3298 2790 3364 ἔννοιαν,
2826 3295 2940 3348 ἀλλ’
2968 3295 3088 3364 οὐχὶ
3113 3294 3249 3363 πρὸς
3281 3293 3376 3363 τὴν
3406 3293 3470 3344 ἐκ
3508 3288 3602 3342 τοῦ
3638 3305 3782 3359 προ-

2196 3394 2379 3466 χείρου
2405 3391 2824 3464 λαμϐανομένην
2866 3385 3271 3459 ὑποφερόμεθα.
3321 3384 3432 3455 Τὴν
3461 3383 3568 3452 γὰρ
3596 3380 3782 3453 εἱρμῷ

2197 3490 2291 3540 καὶ
2334 3486 2483 3550 τάξει
2533 3483 2620 3537 διὰ
2651 3483 2758 3537 τῶν
2805 3481 2982 3553 ἔργων
3026 3481 3125 3548 τῆς
3163 3477 3532 3545 δικαιοσύνης,
3563 3474 3659 3528 καὶ
3676 3473 3779 3525 τοῦ

2199 3578 2478 3650 φωτισμοῦ
2503 3574 2870 3647 τῆςγνώσεως
2895 3573 2987 3626 ἐπὶ
3017 3571 3080 3624 τὸ
3111 3571 3314 3623 τέλειον
3345 3565 3627 3638 προκοπὴν
3653 3565 3780 3616 ὁδὸν

2198 3669 2546 3739 ἐξακούομεν,
2576 3667 2662 3720 ἀεὶ
2693 3665 2786 3718 τοῦ
2803 3666 2990 3736 πρόσω
3013 3662 3403 3733 ἐπορεγὸμενοι
3428 3658 3522 3729 (9.),
3550 3657 3644 3709 καὶ
3663 3660 3781 3718 τοῖς

2198 3762 2536 3832 λειπομένοις
2567 3760 2793 3822 ἐαυτοὺς
2833 3754 3260 3816 ἐπεκτείνοντες,
3315 3752 3419 3814 ἓως
3451 3749 3516 3803 ἂν
3559 3748 3782 3817 φθάσω-

2203 3871 2301 3924 μεν
2359 3853 2450 3905 ἐπ“ι
2499 3852 2559 3904 τὸ
2604 3850 2872 3922 μακάριον
2911 3847 3082 3909 τέλος,
3129 3846 3226 3915 τὴν
3257 3842 3392 3896 Θεοῦ
3424 3841 3778 3911 κατανόησιν,

2199 3948 2265 4018 ἢν
2306 3949 2334 3999 ὁ
2372 3943 2576 4015 Κύριος
2604 3942 2669 3996 δι’
2701 3939 2895 3994 ἐαυτοῦ
2928 3939 3040 4000 τοῖς
3073 3939 3152 4000 εἰς
3176 3935 3336 3988 αὑτὸν
3391 3933 3783 3985 πεπιστευκόσι

2200 4036 2483 4108 χαρίζεται
2511 4034 2609 4105 (5).
2656 4031 2859 4103 Ἀγαθὴ
2897 4030 3004 4100 γὰρ
3051 4028 3219 4090 ὅντως
3255 4026 3393 4090 ὁδὸς,
3425 4023 3786 4095 ἀπαρεξόδευ-

2199 4147 2292 4192 τος
2340 4129 2434 4180 καὶ
2481 4125 2745 4196 ἀπλανὴς,
2790 4127 2819 4177 ὁ
2858 4123 3061 4194 Κύριος
3113 4120 3292 4191 ἡμῶν,
3333 4118 3469 4190 πρὸς
3512 4118 3573 4171 τὸ
3607 4117 3782 4181 ὅντως

2201 4221 2422 4290 ἀγαθὸν,
2456 4220 2547 4273 τὸν
2589 4218 2828 4290 Πατέρα,
2877 4214 3076 4285 φέρων.
3125 4211 3334 4276 Οὐδεὶς
3375 4210 3484 4280 γὰρ
3521 4208 3778 4278 ἔρχεται,

2204 4314 2356 4383 φησὶ,
2423 4310 2569 4379 πρὸς
2610 4309 2716 4363 τὸν
2767 4307 3001 4374 Πατέρα
3037 4302 3194 4373 εἰμὴ
3227 4302 3299 4354 δι’
3333 4298 3500 4370 ἐμοῦ.
3542 4297 3776 4367 Τοιαύτη

518 4396 849 4467 perducens.
903 4392 1072 4447 Nemo
1114 4395 1283 4459 enim,
1329 4395 1537 4464 inquit,
1586 4397 1722 4448 venit
1765 4397 1834 4448 ad
1879 4395 2088 4449 Patrem

2207 4407 2304 4477 μὲν
2329 4401 2423 4458 οὖν
2449 4405 2482 4474 ή
2508 4401 2754 4474 ἡμετέρα
2778 4399 2915 4471 πρὸς
2935 4397 3068 4450 Θεὸν
3099 4393 3283 4456 ἄνοδος
3312 4392 3400 4446 διὰ
3433 4389 3526 4444 τοῦ
3550 4387 3703 4444 Υίοῦ.

519 4487 625 4541 nisi
655 4501 746 4554 per
774 4501 854 4538 me
879 4485 944 4538 ".
979 4483 1127 4537 Talis
1157 4491 1240 4538 est
1283 4485 1448 4554 igitur
1478 4493 1668 4540 noster
1701 4485 1770 4539 ad
1800 4483 1973 4538 Deum
2008 4499 2100 4539 as-

519 4593 722 4634 census
752 4591 849 4647 per
879 4574 1098 4629 Filium.

593 4689 681 4744 19.
714 4686 930 4744 Rursus
975 4694 1156 4740 autem
1207 4685 1388 4755 qualis
1433 4687 1505 4740 sit
1543 4686 1706 4741 etiam
1752 4687 1932 4745 Patris
1970 4705 2101 4762 erga

521 4796 625 4837 nos
651 4796 748 4851 per
775 4781 1024 4836 eumdem
1050 4779 1319 4832 bonorum
1344 4779 1730 4849 suppeditatio,
1755 4795 2099 4852 consequens

519 4875 634 4944 jam
663 4871 826 4928 fuerit
871 4871 1164 4925 disserere.
1213 4868 1480 4924 Nimirum
1526 4885 1652 4924 cum
1687 4873 1869 4926 omnis
1902 4881 2100 4928 natura

523 4971 730 5028 creata,
763 4971 878 5016 tum
911 4963 1026 5016 haec
1053 4960 1308 5026 visibilis,
1340 4972 1453 5017 tum
1485 4963 1864 5036 intelligibilis,
1899 4965 1966 5021 ad
1995 4967 2102 5021 hoc

2278 4688 2363 4742 19.
2405 4687 2596 4741 Ὀποία
2627 4685 2684 4738 δέ
2724 4684 2885 4738 πάλιν
2940 4682 3091 4751 καὶὴ
3137 4677 3288 4750 παρὰ
3316 4674 3410 4729 τοῦ
3455 4672 3665 4744 Πατρὸς
3700 4671 3777 4743 (4)

2207 4784 2286 4845 εἰς
2317 4783 2465 4853 ἡμᾶς
2493 4779 2556 4832 δι’
2593 4777 2756 4830 αὑτοῦ
2779 4773 3009 4848 χορηγία
3048 4771 3156 4824 τῶν
3182 4767 3421 4838 ἀγαθῶν,
3456 4764 3582 4834 ἑξῆς
3598 4763 3664 4817 ἂν
3691 4764 3777 4833 εἴη

2207 4873 2405 4943 λέγειν.
2459 4873 2602 4935 Ὅτι,
2652 4870 2833 4938 πάσης
2867 4867 2964 4936 τῆς
3011 4862 3246 4933 φύσεως,
3272 4860 3372 4929 τῆς
3398 4859 3456 4911 ἐν
3481 4859 3546 4926 τῇ
3580 4855 3774 4916 κτίσει,

2208 4967 2275 5038 τῇ
2319 4981 2378 5018 τε
2425 4963 2678 5034 ὁρωμένη
2704 4959 2876 5029 ταύτῃ
2902 4957 2996 5011 καὶ
3030 4957 3096 5025 τῇ
3143 4951 3428 5025 νοουμένῃ,
3463 4945 3776 5017 ἐπιμελείας

595 5139 642 5171 ⁸³
665 5136 824 5192 Rom.
851 5152 974 5200 vnn,
1007 5137 1096 5192 57.
1171 5137 1218 5169 ⁸⁸
1245 5137 1432 5193 Matth.
1463 5155 1564 5204 xu,
1591 5137 1681 5194 21.
1759 5137 2024 5194 "llTim.
2055 5154 2088 5195 ιι

2196 5139 2232 5192 l.
2309 5135 2772 5200 “001055.512,
2804 5134 2890 5190 l3.
2967 5129 3401 5198 "Joan.nv,6.
3478 5125 3771 5196 l"’Phihpp.

524 5223 607 5275 Ill,
643 5209 727 5262 15.
829 5209 875 5240 ⁸⁸
903 5206 1062 5261 Joan.
1094 5224 1203 5273 xlv,
1235 5209 1286 5262 6.

598 5383 674 5455 (l)
715 5383 877 5455 Οὕτω
920 5383 1050 5454 γάρ,
1093 5395 1198 5439 etc.
1244 5383 1386 5455 Editi
1418 5389 1611 5438 contra
1661 5379 1937 5455 codicum
1970 5395 2104 5436 mss.

529 5453 690 5525 ﬁdem
725 5453 1002 5525 habebant
1029 5473 1042 5509 :
1074 5454 1473 5525 ἐνεργουμένην
1514 5455 1574 5506 ἐν
1611 5455 1743 5506 πᾶσι
1781 5455 1895 5516 τοῖς
1923 5453 2106 5504 ἐπιτε-

527 5523 826 5596 λουμένοις.
859 5523 1014 5578 Οὖτω
1045 5523 1570 5596 γάρέύσεϐήσομεν.

603 5543 826 5647 ιὲενοις.
859 5543 1014 5578 υυτω
1045 5543 1154 5596 γαρ
1183 5543 1570 5594 ευσεοησομεν.

603 5599 679 5666 (γη)
725 5595 1189 5666 Ἐπορεγόμεγᾼοι.
1228 5593 1461 5666 Quidam
1509 5593 1729 5649 codices
1759 5590 2095 5666 ὀρεγόμενοι.

604 5663 680 5738 ('5)
720 5663 1038 5732 Χαρίζεται.
1098 5663 1187 5720 Sic
1240 5665 1458 5720 codices
1503 5678 1662 5722 mss...
1716 5663 1826 5720 non
1869 5669 1930 5718 ut
1967 5663 2101 5719 editi

2214 5382 2517 5452 χαρίσεται.
2569 5380 2690 5437 Mox
2739 5384 2795 5437 in
2855 5382 3017 5437 editis
3064 5382 3094 5434 ὁ
3139 5379 3342 5452 Κύριος
3385 5376 3540 5449 ἡμῶν
3577 5375 3773 5446 Ἰησοῦς

2214 5451 2350 5516 πρὸς
2381 5451 2492 5516 τόν,
2526 5461 2632 5508 etc.
2670 5452 2891 5508 Veteres
2923 5452 3047 5505 libri
3072 5459 3131 5504 ut
3161 5451 3214 5505 in
3237 5451 3518 5504 contextu.

2282 5514 2356 5591 (4)
2404 5514 2571 5590 Παρὰ
2622 5523 2727 5576 τοῦ
2774 5523 3024 5590 Πατρός.
3071 5521 3207 5592 Περί
3254 5522 3334 5592 inm
3373 5514 3773 5592 onlnihus‘fere

2208 5584 2506 5647 codicibus
2538 5608 2672 5648 mss.
2708 5584 2910 5647 Ibidem
2955 5584 3095 5645 male
3150 5584 3206 5646 in
3255 5591 3418 5646 editis
3457 5589 3550 5643 καὶ
3585 5584 3654 5641 δι’
3683 5586 3772 5639 αύο

2205 5663 2320 5716 τοῦ.
2352 5664 2679 5734 Conjunctio
2707 5667 2859 5719 deest
2906 5663 2962 5717 in
2991 5677 3126 5718 mss.
