3900 6212
186 303 282 359 101

1323 303 1521 357 LIBER
1555 302 1642 356 DE
1682 301 1957 358 SPIRITU
1997 305 2296 360 SANCTO.

3357 309 3465 368 102

183 420 248 470 ἐκ
281 415 380 469 τοῦ
400 413 538 468 Θεοῦ
565 416 702 487 πρὸς
722 416 784 469 τὸ
813 416 1130 486 συνέχεσθαι
1157 416 1438 487 δεομένης,
1467 419 1495 470 6
1518 417 1768 488 δημιουρε

1879 427 1935 472 ιιι
1961 419 2252 483 consistat,
2300 418 2392 473 Dei
2428 434 2559 473 cura
2597 431 2780 489 egeat;
2815 419 2994 489 opifex
3026 418 3261 476 Verbum
3287 461 3302 488 ,
3340 423 3464 476 uni-

182 511 279 578 γὸς
310 509 523 578 Λόγος,
557 510 586 561 6
617 511 913 580 μονογενὴς
956 509 1088 573 Θεὸς
1111 551 1124 574 ,
1173 510 1314 563 κατὰ
1363 511 1425 562 τὸ
1457 510 1654 580 μέτρον
1679 510 1777 580 τῆς

180 600 423 654 ἑκάστου
469 599 676 670 χρείας,
723 601 824 670 τὴν
880 601 1133 673 βοήθειαν
1179 601 1472 672 ἐπινέμων,
1527 601 1778 663 ποικίλας

184 696 285 766 μὲν
339 697 439 748 καὶ
501 694 848 758 παντοδαπὰς
894 693 984 748 διά
1030 693 1091 746 τὸ
1138 693 1246 746 τῶν
1307 693 1780 765 εὐεργετουμένων

180 785 492 851 πολυειδὲς,
529 783 880 856 συμμέτρους
907 801 970 852 γε
1007 784 1114 855 μὴν
1150 784 1386 854 ἑκάστῳ,
1417 784 1562 838 κατὰ
1589 784 1649 837 τὸ
1677 787 1780 855 τῆς

179 877 382 946 χρείας
433 876 748 944 ἀναγκαῖον,
799 875 899 939 τὰς
927 875 1192 947 χορηγίας
1212 877 1514 946 ἐπιμετρεί.
1551 877 1690 941 Τοὺς
1720 879 1779 930 ἐν

179 966 260 1037 τῷ
318 966 499 1037 σκότῳ
545 966 646 1036 τῆς
694 967 920 1035 ἀγνοίας
959 967 1361 1038 κατεχομένους
1393 967 1658 1036 φωτίζει·
1691 969 1780 1022 διὰ

179 1057 346 1112 τοῦτο
396 1057 513 1126 φῶς
549 1057 612 1110 τὸ
652 1057 927 1128 ἀληθινόν.
974 1058 1169 1130 Κρίνει
1201 1058 1300 1128 (5),
1359 1057 1499 1111 κατά
1536 1057 1636 1128 τὴν
1667 1057 1778 1111 τῶν

181 1147 372 1217 ἔργων
435 1147 594 1212 ἀξίαν
654 1147 996 1220 ἀντιμετρῶν
1030 1148 1126 1220 τὴν
1156 1148 1453 1203 ἀντίδοσιν·
1487 1147 1574 1201 διὰ
1619 1147 1780 1202 τοῦτο

180 1240 383 1311 κριτὴς
413 1239 641 1303 δίκαιος.
681 1240 737 1292 '0
766 1241 877 1310 τὰρ
913 1240 1118 1310 Πατὴρ
1141 1241 1330 1308 κρίνει
1351 1238 1590 1304 οὐδένα,
1617 1241 1780 1295 ἀλλὰ

180 1333 301 1398 τὴν
333 1332 539 1400 κρίσιν
568 1330 778 1386 πᾶσαν
822 1331 1043 1384 δέδωκε
1080 1329 1160 1397 τῷ
1201 1330 1330 1396 Υἱῷ.
1376 1330 1685 1403 Ἀνίστησιν
1713 1332 1778 1384 ἐκ

180 1424 278 1477 τοῦ
332 1423 629 1494 πτώματος
660 1425 785 1487 τοὺς
823 1424 932 1478 ἀπὸ
977 1424 1071 1478 τοῦ
1101 1423 1269 1493 ὕψους
1324 1424 1422 1495 τῆς
1452 1423 1600 1494 ζωῆς
1641 1423 1778 1494 πρὸς

177 1517 462 1586 ἁμαρτίαν
516 1515 986 1587 ὐπολισθήσαντας
1015 1536 1028 1547 ·
1087 1517 1176 1570 διὰ
1242 1516 1403 1571 τοῦτο
1457 1517 1774 1580 ἀνάστασις.

184 1609 379 1662 Πάντα
408 1609 470 1661 δὲ
491 1611 636 1661 ποιεῖ
659 1611 724 1679 τῇ
755 1611 942 1679 ἐπαφῇ
968 1608 1069 1678 τῆς
1091 1606 1396 1678 δυνάμεως,
1423 1609 1519 1662 καὶ
1545 1607 1624 1678 τῷ
1650 1606 1778 1677 βου-

178 1698 389 1769 λήματι
440 1699 781 1771 ἀγαθότητος
830 1699 1088 1771 ἐνεργῶν.
1141 1700 1463 1769 Ποιμαίνει,
1515 1698 1772 1768 φωτίζει,

1881 511 2098 580 genitus
2132 510 2275 567 Deus
2303 525 2485 581 opem,
2522 518 2787 580 quantum
2823 512 3022 582 cuique
3049 527 3188 582 opus
3217 520 3320 580 est,
3349 513 3463 569 dis-

1881 602 2162 667 tribuens,
2201 602 2352 656 varia
2403 602 2622 673 quidem
2656 611 2710 657 et
2743 604 2924 658 omnis
2962 604 3180 674 generis
3218 605 3420 660 auxilia
3443 647 3458 672 ,

1879 695 1950 747 ob
1989 694 2306 749 varietatem
2353 709 2544 749 eorum
2591 693 2684 764 qui
2731 693 2997 749 beneﬁcio
3037 695 3328 764 juvantur,
3362 695 3462 751 sed

1877 791 2061 838 tamen
2096 785 2394 855 unicuique
2415 785 2775 854 congruentia
2794 785 2949 854 juxta
2973 786 3320 841 necessitatis
3343 802 3462 842 mo-

1877 874 2006 928 dum
2037 875 2340 931 dimetitur.
2379 877 2484 932 Eos
2528 877 2624 946 qui
2657 877 2713 931 in
2742 876 2988 933 tenebris
3017 876 3340 947 ignorantiae
3366 879 3460 934 de-

1877 966 2145 1026 tinentur.
2172 965 2444 1019 illuminat
2467 985 2479 1020 :
2507 974 2796 1036 propterea
2820 967 3002 1020 lumen
3023 982 3212 1022 verum
3235 966 3457 1023 dicitur.

1875 1053 2114 1121 Iudicat,
2133 1056 2291 1126 juxta
2311 1071 2540 1126 operum
2562 1056 2814 1112 meritum
2839 1058 3130 1114 remetiens
3152 1060 3457 1128 praemium;

1877 1150 1948 1206 ob
1979 1151 2032 1205 id
2055 1149 2225 1220 judex
2248 1149 2435 1218 justus
2467 1149 2692 1204 dicitur.
2725 1149 2888 1203 Pater
2917 1151 3055 1204 enim
3084 1152 3342 1205 neminem
3362 1151 3458 1220 ju-

1875 1241 2042 1306 dicat,
2067 1240 2162 1295 sed
2187 1256 2337 1294 omne
2351 1239 2618 1308 judicium
2644 1239 2788 1293 dedit
2813 1238 2959 1293 Filio
2990 1240 3055 1292 °°.
3085 1238 3260 1309 Erigit
3285 1255 3316 1295 e
3343 1239 3459 1294 rui-

1875 1348 1968 1398 na,
1991 1332 2086 1403 qui
2107 1348 2138 1388 e
2160 1332 2494 1387 sublimitate
2515 1331 2640 1386 vita:
2661 1332 2725 1387 ad
2748 1339 3036 1402 peccatum
3059 1333 3268 1403 delapsi
3293 1339 3454 1400 sunt;

1875 1425 1946 1480 ob
1995 1423 2049 1478 id
2101 1432 2332 1478 vocatur
2374 1425 2800 1478 resurrectio“.
2852 1423 3047 1482 Omnia
3101 1434 3278 1480 autem
3328 1424 3459 1479 facit

1875 1524 2135 1571 contactu
2171 1515 2422 1580 virtutis,
2473 1531 2536 1570 ac
2576 1517 2856 1571 voluntate
2899 1516 3162 1571 bonitatis
3201 1531 3454 1588 Operans.

1875 1608 2082 1671 Pascit,
2129 1607 2424 1671 illuminat,
2478 1607 2597 1672 alit,
2647 1606 2888 1673 deducit,
2935 1607 3204 1671 medetur,
3245 1608 3429 1678 erigit.

1876 1699 2009 1766 Quae
2037 1715 2147 1754 non
2181 1708 2342 1762 sunt,
2384 1697 2557 1763 facit,
2590 1707 2651 1753 ut
2687 1699 2797 1754 sint
2821 1740 2836 1764 ,
2872 1699 3095 1754 condita
3142 1706 3452 1755 conservat.

175 1791 395 1861 τρέφει,
454 1791 660 1862 ὁδηγεῖ,
720 1790 991 1863 ίατρεύει,
1031 1790 1336 1862 ἀνίστησιν.
1370 1791 1556 1845 Οὐσιοί
1595 1789 1665 1842 τὰ
1697 1789 1768 1860 μὴ

1878 1789 1994 1846 Hoc
2035 1791 2199 1846 modo
2239 1789 2386 1846 bona
2421 1806 2490 1846 ex
2519 1789 2633 1845 Deo
2665 1806 2764 1861 per
2793 1790 2992 1846 Filium
3025 1791 3093 1846 ad
3134 1807 3235 1846 nos
3265 1807 3457 1862 pervc-

173 1881 331 1946 εντα,
380 1883 452 1935 τά
515 1882 806 1937 κτισθέντα
835 1883 1070 1953 συνέχει.
1104 1882 1262 1936 Οῦτω
1292 1883 1360 1936 τὰ
1401 1885 1468 1936 ἐκ
1508 1882 1602 1936 τοῦ
1637 1881 1773 1937 Θεοῦ

175 1973 365 2042 ἀγαθά
396 1972 488 2027 διὰ
519 1973 615 2026 τοῦ
664 1973 798 2027 Υἱοῦ
846 1973 982 2044 πρὸς
1011 1975 1160 2045 ἡμᾶς
1205 1973 1534 2042 ἀφικνεῖται,
1568 1973 1774 2027 πλείονι

174 2067 335 2136 τάχει
374 2066 448 2119 τὰ
496 2065 621 2120 καθ’
667 2066 900 2119 ἕκαστον
935 2065 1288 2138 ἐνεργοῦντος
1320 2067 1354 2138 ἢ
1390 2067 1467 2131 ῶς
1511 2069 1578 2123 ἂν
1619 2068 1775 2137 λόγος

176 2157 441 2220 ἐξίκοιτο.
493 2155 630 2209 Οῦτε
688 2156 795 2227 γὰρ
837 2156 1136 2228 ἀστραπαὶ,
1171 2156 1296 2210 οὐτε
1341 2157 1518 2227 φωτὸς
1551 2161 1610 2212 ἐν
1651 2160 1774 2231 ἀέρι

173 2246 323 2300 οὕτω
377 2249 575 2316 ταχεῖα
626 2246 889 2318 διαδρομή
919 2264 932 2277 ⁸
983 2247 1082 2300 οὐκ
1135 2248 1431 2327 ὀφθαλμῶν
1477 2249 1650 2314 ὀξεῖαι
1689 2252 1773 2322 ῥι-

174 2339 280 2392 παί
303 2337 418 2408 (6)·
451 2338 554 2391 οὐκ
588 2337 756 2392 αὐτοῦ
805 2337 898 2390 τοῦ
921 2339 1193 2411 ἡμετέρου
1239 2341 1510 2411 νοήματος
1533 2341 1590 2394 αἱ
1621 2341 1776 2412 κινή-

178 2446 296 2493 σεις
311 2445 328 2459 ο
358 2428 498 2483 ἀλλὰ
521 2428 684 2482 πλέον
705 2427 910 2482 τούτων
934 2429 1167 2483 ’ἑκαστον
1190 2430 1290 2500 τῆς
1323 2431 1472 2495 θείας
1494 2431 1774 2502 ἐνεργείας

177 2521 326 2574 κατά
378 2521 443 2574 τὸ
498 2521 664 2591 τάχος
716 2520 1001 2587 λείπεται,
1056 2521 1091 2593 ἢ
1149 2522 1382 2577 καθόσον
1451 2523 1520 2577 τὰ
1567 2523 1774 2595 νωθρό-

170 2631 316 2668 τατα
343 2613 455 2667 τῶν
493 2615 623 2684 παρ’
660 2616 795 2685 ἡμῖν
832 2614 1006 2680 ζώων,
1041 2615 1143 2668 οὐκ
1174 2614 1241 2669 ἂν
1266 2614 1496 2687 εἴποιμι,
1533 2617 1771 2687 πτηνῶν,

171 2707 296 2759 οὐδὲ
321 2706 565 2776 ἀνέμων,
596 2706 757 2778 ἢτῆς
794 2705 904 2760 τῶν
935 2707 1205 2777 οὐρανίων
1235 2709 1426 2780 φορᾶς,
1457 2708 1573 2761 ἀλλ’
1606 2708 1772 2764 αὐτοῦ

169 2797 269 2851 τοῦ
288 2799 566 2870 ἡμετέρου
613 2797 732 2864 νοῦ,
762 2798 905 2852 κατὰ
949 2799 1048 2870 τὴν
1094 2799 1310 2871 κίνησιν
1349 2801 1584 2873 ὑστερεῖ.
1617 2801 1775 2864 Τίνος

169 2890 284 2961 γὰρ
329 2889 398 2943 ἂν
442 2891 539 2944 καὶ
588 2891 957 2962 παρατάσεως
997 2892 1170 2945 δέοιτο
1214 2893 1470 2964 χρονικῆς
1508 2895 1537 2946 6
1592 2892 1773 2964 φέρων

168 2983 241 3036 τὰ
303 2982 604 3053 σύμπαντα
649 2983 726 3053 (7)
763 2982 844 3053 τῷ
877 2984 1083 3054 ῥήματι
1111 2984 1211 3056 τῆς
1253 2983 1538 3055 δυνάμεως
1583 2982 1770 3046 αὐτοῦ,

1875 1885 2075 1948 niunt,
2121 1883 2331 1952 majore
2377 1883 2655 1939 celeritate
2705 1884 2762 1938 in
2812 1885 3044 1954 singulis
3100 1893 3452 1952 operantem,

1874 1991 2036 2047 quam
2089 1977 2232 2030 ullus
2282 1990 2466 2030 sermo
2504 1976 2810 2046 exprimere
2855 1977 3045 2031 valeat.
3087 1974 3275 2046 Neque
3307 1975 3454 2030 enim

1876 2067 2114 2138 fulgura,
2150 2083 2326 2137 neque
2360 2067 2520 2132 lucis,
2558 2082 2656 2136 per
2681 2081 2861 2121 aerem
2897 2074 3010 2120 tam
3050 2067 3203 2120 velox
3240 2066 3457 2120 discur-

1874 2174 1970 2214 sus
1996 2166 2103 2220 est,
2130 2172 2239 2210 non
2271 2157 2557 2211 oculorum
2588 2156 2796 2210 celeres
2828 2156 2992 2219 ictus,
3020 2169 3128 2209 non
3154 2155 3330 2225 ipsius
3367 2157 3454 2209 in-

1872 2253 2120 2307 tellectus
2151 2250 2325 2304 nostri
2371 2257 2590 2304 motus:
2639 2249 2734 2304 sed
2767 2249 2960 2302 horum
2995 2248 3250 2318 quodque
3280 2248 3454 2318 magis

1876 2342 2112 2395 vincitur
2145 2341 2344 2397 divinae
2386 2341 2723 2411 operationis
2772 2341 3052 2396 celeritate
3075 2379 3092 2406 ,
3128 2355 3292 2411 quam
3330 2340 3453 2394 ani-

1874 2433 2083 2488 mantia
2111 2450 2232 2506 qua:
2265 2444 2392 2490 sunt
2414 2435 2558 2504 apud
2592 2450 2694 2491 nos
2723 2435 2961 2490 maxime
2991 2434 3201 2505 segnia,
3226 2448 3339 2489 non
3368 2432 3454 2488 di-

1872 2541 1995 2580 cam
2049 2526 2388 2591 volatilium,
2437 2542 2613 2598 neque
2675 2533 3004 2589 ventorum,
3053 2539 3230 2595 neque
3280 2523 3450 2579 cccle-

1874 2616 2038 2670 stium
2089 2615 2304 2670 orbium
2356 2616 2582 2686 impetu,
2633 2615 2730 2670 sed
2780 2615 2956 2685 ipsius
2998 2615 3199 2670 mentis
3251 2624 3454 2671 nostra

1871 2716 2024 2763 motu
2074 2716 2422 2778 superantur.
2453 2706 2588 2762 Nam
2641 2722 2750 2778 quo
2785 2706 3007 2762 tandem
3041 2706 3302 2776 temporis
3327 2721 3456 2776 spa-

1873 2803 1950 2856 tio
1989 2810 2144 2873 egeat
2193 2802 2288 2872 qui
2328 2808 2509 2872 portat
2555 2802 2735 2856 omnia
2781 2801 2948 2856 verbo
2988 2799 3212 2856 virtutis
3249 2800 3450 2864 suae“,

1871 2895 2077 2964 quique
2139 2908 2241 2948 nec
2295 2893 2654 2963 corporaliter
2715 2899 2978 2963 Operatur
3009 2930 3025 2956 ,
3092 2906 3271 2962 neque
3333 2905 3441 2944 ma~

1873 2997 2041 3036 nuum
2071 2996 2239 3053 opera
2285 2981 2354 3036 ad
2405 2980 2708 3038 creandum
2759 2995 2899 3052 opus
2953 2980 3160 3046 habet,
3207 2980 3302 3036 sed
3356 2995 3454 3034 eo-

171 3073 271 3126 καὶ
341 3073 425 3144 μὴ
508 3073 842 3144 σωματικῶς
911 3073 1184 3146 ἐνεργῶν,
1246 3074 1382 3146 μηδὲ
1424 3074 1768 3148 χειρουργίας

1874 3090 1996 3130 rum
2055 3091 2176 3145 qua:
2233 3075 2372 3129 fiunt
2440 3083 2691 3130 naturam
2759 3072 2924 3128 habet
2991 3071 3275 3127 voluntate
3339 3087 3450 3127 non

170 3166 254 3228 είς
309 3164 413 3236 τὴν
473 3164 842 3238 δημιουργίαν
895 3166 1270 3236 ἐπιδεὸμενος,
1296 3166 1432 3220 ἀλλά
1460 3165 1768 3238 βουλήματι

1872 3175 2063 3220 coacta
2097 3166 2528 3234 obsequentem?
2567 3164 2742 3219 Sicuti
2776 3162 2964 3218 Judith
3001 3161 3323 3233 :Cogitasti,
3360 3162 3448 3216 in-

165 3255 448 3325 ἀὸιάπῳ,
485 3255 887 3310 ἀκολουθοῦσαν
914 3256 1054 3328 έχων
1083 3257 1182 3329 τὴν
1216 3257 1380 3327 φύσιν
1410 3257 1519 3312 τῶν
1553 3257 1771 3328 γινομέ-

169 3364 318 3414 νων;
362 3347 457 3410 Ὧς
497 3349 532 3418 ἡ
580 3348 803 3416 ἰουδὶθ,
857 3350 1154 3418 Ἐνόησας
1175 3389 1192 3415 ,
1237 3351 1404 3422 φησὶ,
1449 3351 1550 3405 καὶ
1618 3363 1769 3418 παρ-

166 3438 458 3508 έστησαν
485 3453 587 3494 σοι
629 3441 830 3495 πάντα
868 3441 984 3497 ὅσα
1010 3443 1296 3511 ἐνόησας.
1326 3443 1516 3514 Ὅμως
1552 3442 1766 3513 μέντοι,

171 3533 264 3585 ῐνα
313 3534 391 3603 μή
436 3549 568 3586 ποτε
629 3535 695 3587 ἐκ
738 3534 833 3587 τοῦ
883 3533 1148 3605 μεγέθους
1193 3535 1304 3589 τῶν
1359 3534 1768 3608 ἐνεργουμένων

171 3624 653 3696 περισπασθῶμεν
696 3629 778 3689 εἰς
828 3626 888 3680 τὺ
929 3627 1304 3698 φαντασθῆναι
1341 3627 1578 3698 ἄναρχον
1625 3622 1768 3680 εἶναι

167 3718 265 3770 τὸν
295 3717 525 3790 Κύριον,
568 3718 624 3771 τί
657 3735 822 3789 φησιν
851 3721 885 3790 ἡ
907 3721 1188 3791 αὐτοζωής
1228 3719 1376 3790 Ἐγὼ
1405 3718 1478 3781 ζῶ
1531 3719 1631 3773 διὰ
1661 3719 1770 3773 τὸν

169 3804 448 3874 Πατέρα·
483 3805 579 3859 καὶ
624 3807 658 3875 ἡ
703 3805 799 3858 τοῦ
844 3805 977 3859 Θεοῦ
1014 3805 1278 3876 δύναμις·
1323 3809 1405 3861 Οὐ
1446 3805 1697 3860 δύναται
1735 3809 1768 3861 ό

169 3901 306 3967 Υἱὸς
359 3898 556 3953 ποιεῖν
585 3899 686 3966 ἀφ’
733 3898 952 3952 ἑαυτοῦ
998 3897 1212 3952 οὐδέν·
1247 3899 1341 3953 καὶ
1384 3901 1416 3970 ὴ
1473 3900 1765 3972 αὐτοτελὴς

171 3993 371 4062 σοφία’
405 3989 698 4058 Ἐ’ντολὴν
721 3989 964 4058 ἔλαϐον,
992 3992 1049 4044 τι
1073 3991 1241 4054 εἴπω,
1269 3991 1369 4045 καὶ
1391 3992 1448 4044 τί
1469 3992 1726 4062 λαλήσω
1748 4009 1762 4024 ·

169 4089 263 4142 διὰ
289 4089 512 4141 πάντων
539 4085 750 4139 τούτων
782 4085 918 4157 πρὸς
953 4087 1054 4157 τὴν
1085 4085 1180 4139 τοῦ
1222 4087 1434 4158 Πατρὸς
1465 4087 1612 4158 ἡμᾶς
1643 4085 1768 4139 σύν-

171 4197 293 4234 εσιν
324 4179 560 4249 ὁδηγῶν,
587 4179 684 4232 καὶ
711 4178 774 4231 τὸ
815 4177 1000 4249 θαῦμα
1027 4177 1136 4231 τῶν
1157 4179 1459 4249 γινομένων
1489 4180 1574 4231 ἐπ’
1603 4177 1764 4232 αὐτὸν

171 4271 492 4341 ἀναφέρων,
531 4270 618 4323 ἵνα
642 4270 710 4322 δι’
737 4269 903 4322 αὐτοῦ
928 4270 1021 4323 τὸν
1049 4270 1267 4340 Πατέρα
1285 4269 1523 4340 γνῶμεν.
1553 4270 1626 4324 Οὐ
1654 4270 1763 4340 γὰρ

174 4361 242 4413 ἐκ
274 4361 374 4430 τῆς
403 4359 514 4412 τῶν
547 4359 726 4431 ἔργων
760 4359 1023 4432 διαφορᾶς
1053 4362 1082 4413 6
1115 4360 1306 4432 Πατὴρ
1342 4359 1647 4432 θεωρεῖται,
1681 4359 1762 4432 τῷ

1871 3257 2012 3327 quit,
2050 3265 2100 3310 et
2127 3245 2318 3325 privato
2357 3256 2570 3326 fuerunt
2605 3255 2698 3309 tibi
2737 3257 2916 3308 omnia
2947 3271 3065 3324 quae
3107 3254 3445 3323 cogitasti".

1869 3349 2122 3403 Attamen
2146 3363 2215 3403 ne
2243 3348 2382 3404 forte
2410 3364 2477 3404 ex
2509 3348 2884 3420 magnitudine
2911 3362 3102 3402 eorum
3135 3361 3256 3416 quae
3292 3345 3430 3402 ﬁunt

1870 3439 2152 3509 rapiamur
2186 3439 2242 3494 in
2276 3439 2744 3510 imaginationem,
2787 3446 2845 3493 ut
2871 3447 3126 3508 putemus
3156 3436 3449 3492 Dominum

1869 3531 2140 3601 principio
2181 3545 2392 3594 carere,
2430 3531 2561 3600 quid
2607 3531 2681 3585 ait
2730 3532 2778 3584 is
2808 3530 2898 3600 qui
2933 3545 3032 3599 per
3079 3544 3139 3584 se
3173 3529 3283 3583 vita
3327 3528 3450 3583 est?

1873 3621 1974 3691 17
2001 3619 2113 3691 Ego
2148 3621 2260 3675 vivo
2288 3631 2500 3690 propter
2534 3619 2751 3674 Patrem
2774 3621 2843 3675 “.
2880 3619 2946 3673 Et
2973 3619 3065 3674 Dei
3091 3620 3296 3675 virtus:
3325 3618 3447 3673 Non

1867 3722 2038 3781 potest
2079 3710 2256 3767 Filius
2303 3730 2338 3766 a
2376 3730 2431 3768 se
2481 3713 2654 3778 facere
2703 3711 2991 3783 quidquam
3013 3713 3079 3766 ".
3116 3710 3353 3775 Rursus,
3399 3713 3446 3766 is

1868 3804 1961 3874 qui
1993 3819 2060 3860 ex
2089 3820 2148 3860 se
2174 3804 2418 3874 perfecta
2447 3813 2532 3860 est
2560 3805 2828 3876 sapientia
2854 3824 2868 3859 :
2903 3803 3221 3857 Mandatum
3248 3804 3443 3870 accepi,

1866 3897 1992 3968 quid
2025 3899 2221 3964 dicam,
2253 3907 2302 3953 et
2335 3899 2460 3969 quid
2504 3898 2690 3969 loquar
2713 3899 2758 3930 ⁸⁸
2786 3916 2801 3953 :
2834 3913 2929 3968 per
2968 3899 3084 3953 haec
3131 3899 3314 3952 omnia
3343 3899 3445 3953 duo

1867 4005 1998 4046 cens
2042 4005 2144 4045 nos
2174 3989 2242 4044 ad
2285 3989 2464 4045 Patris
2493 3991 2886 4060 cognitionem,
2941 3999 2996 4046 et
3025 3989 3444 4045 admirationem

1865 4097 2056 4138 eorum
2081 4097 2202 4152 quae
2228 4082 2471 4151 gerebat,
2497 4081 2564 4136 ad
2590 4080 2742 4136 illum
2766 4081 3031 4146 referens,
3057 4090 3116 4136 ut
3145 4098 3239 4151 per
3265 4083 3444 4152 ipsum

1866 4188 2269 4243 cognoscamus
2299 4171 2539 4228 Patrem.
2584 4172 2705 4228 Non
2740 4174 2886 4229 enim
2919 4189 2986 4230 ex
3031 4189 3259 4244 operum
3295 4173 3445 4230 diffe-

1865 4266 2041 4319 rentia
2088 4263 2248 4320 Pater
2293 4265 2652 4336 conspicitur,
2704 4265 2863 4335 quasi
2899 4267 3232 4336 peculiarem
3278 4275 3444 4337 atque

1867 4363 2171 4426 separatam
2201 4357 2471 4413 actionem
2501 4357 2755 4413 exhibeat
2787 4356 3150 4429 (quacunque
3176 4358 3322 4414 enim
3355 4359 3442 4413 vi-

179 4451 490 4515 ξδιάζουσαν
529 4452 624 4504 καὶ
651 4451 1208 4523 κατακεχωρισμένην
1245 4451 1525 4521 ἐνέργειαν
1555 4451 1758 4504 ἐπιδεί-

1871 4448 1958 4502 det
1996 4446 2212 4502 Patrem
2255 4448 2566 4511 facientem,
2615 4449 2730 4503 haic
2775 4457 2829 4504 et
2858 4447 3029 4505 Filius
3079 4450 3328 4504 similiter
3361 4449 3442 4504 fa-

175 4542 408 4595 κνυσθαι
433 4542 567 4611 (ὅσα
599 4541 708 4612 γὰρ
752 4541 937 4611 βλέπει
967 4542 1044 4614 (8)
1088 4542 1178 4596 τὸν
1214 4542 1436 4615 Πατέρα
1481 4542 1757 4610 ποιοῦντα,

172 4633 349 4688 ταῦτα
373 4633 471 4687 καὶ
511 4633 540 4685 ὁ
579 4633 708 4697 Υἱὸς
749 4632 949 4704 ὁμοίως
984 4634 1171 4703 ποιεῖ),
1199 4634 1313 4687 ἀλλ’
1355 4637 1420 4687 ἐκ
1455 4635 1554 4706 τῆς
1591 4652 1760 4706 προσ-

175 4724 457 4796 αγομένης
484 4725 635 4798 αὐτῷ
663 4724 816 4797 παρὰ
830 4725 923 4778 τοῦ
945 4725 1284 4793 Μονογενοῦς
1305 4725 1462 4797 δόξης
1482 4727 1542 4780 τὸ
1573 4726 1758 4798 θαῦμα

173 4813 286 4864 τῶν
337 4812 644 4882 γινομένων
683 4813 1025 4886 καρποῦται,
1077 4815 1213 4885 πρὸς
1255 4814 1333 4886 τῷ
1386 4817 1604 4887 μεγέθει
1653 4817 1760 4872 τῶν

175 4906 505 4978 ποιημάτων
534 4907 629 4959 καὶ
651 4909 738 4960 ἐπ’
763 4908 910 4979 αὐτῷ
937 4909 1014 4980 τῷ
1039 4913 1236 4982 ποιητῇ
1265 4911 1635 4983 ἀγαλλόμενος
1657 4913 1754 4968 καὶ

175 4997 484 5068 ὐψούμενος
516 4997 666 5068 παρά
697 4998 806 5051 τῶν
845 4999 1313 5068 ἐπιγινωσκόντων
1350 5000 1514 5056 αὐτὸν
1539 5002 1756 5075 Πατέρα

245 5158 291 5187 ⁸⁸
321 5155 487 5211 Joan.
520 5173 571 5221 v,
603 5155 694 5210 ‘22.
771 5156 814 5188 “
843 5156 1003 5212 Joan.
1037 5175 1112 5224 xi,
1158 5159 1246 5214 '25.
1324 5160 1368 5191 ⁸⁸
1411 5159 1576 5217 Hebr.
1610 5179 1649 5224 ι,
1683 5163 1736 5220 3.

177 5226 224 5258 “
246 5224 412 5283 Joan.
444 5243 546 5292 ιιι,
577 5227 665 5282 49.
743 5227 786 5258 ⁶’
815 5225 975 5283 Joan.
1011 5245 1061 5292 v,
1094 5229 1180 5283 i9.
1257 5229 1302 5262 ⁸⁸
1339 5229 1507 5287 Hebr.
1541 5248 1600 5297 ιι,
1633 5233 1723 5288 10.

245 5405 334 5480 (ελ
365 5405 586 5480 ῌρίνει.
614 5403 866 5480 Plerique
890 5405 1116 5480 codices
1143 5422 1285 5480 mss._
1306 5410 1501 5480 κρινεῖ,
1531 5407 1750 5477 judica-

178 5473 272 5527 bit;
297 5473 419 5529 Sed
433 5484 616 5530 tamen
647 5475 784 5530 nihil
815 5474 1027 5530 videtur
1065 5473 1405 5532 mutandum.

247 5544 326 5620 (_6)
380 5545 594 5620 'Pural.
631 5543 919 5620 Sic.edit_io
954 5545 1130 5620 Paris.
1171 5562 1236 5620 ac
1269 5547 1402 5620 Reg.
1444 5548 1743 5604 secundus.

178 5610 550 5688 Quinquealii
575 5623 630 5688 et
653 5614 820 5670 editio
846 5615 1012 5688 Basil.
1049 5619 1230 5688 ροπαί.

1865 4539 1942 4592 cit
1965 4540 2056 4610 ⁸⁷),
2088 4555 2276 4594 verum
2301 4557 2368 4596 ex
2402 4542 2597 4610 gloria,
2632 4557 2754 4610 qua:
2773 4543 2821 4596 ei
2853 4541 2921 4596 ab
2942 4539 3234 4611 Unigenito
3261 4540 3442 4596 defer-

1866 4640 1974 4695 tur,
2005 4645 2232 4702 operum
2264 4633 2591 4687 miraculum
2618 4634 2811 4703 carpit,
2839 4632 2967 4687 dum
2995 4639 3190 4702 praeter
3214 4647 3438 4702 operum

1863 4725 2317 4795 magnitudinem,
2362 4725 2430 4780 de
2459 4727 2578 4796 ipso
2621 4725 2784 4780 etiam
2817 4733 3041 4779 auctore
3069 4739 3293 4794 operum
3321 4724 3440 4794 glo-

1864 4817 2059 4882 riatur,
2094 4824 2147 4872 et
2188 4819 2459 4872 exaltatnr
2505 4819 2572 4872 ab
2604 4818 2671 4873 iis
2695 4817 2788 4888 qni
2827 4823 3134 4886 agnoscunt
3171 4830 3296 4870 eum
3339 4813 3440 4868 Pa-

1864 4919 2004 4968 trem
2036 4912 2250 4968 Domini
2275 4914 2447 4968 nostri
2476 4911 2605 4968 Jesn
2633 4911 2839 4966 Christi
2873 4929 2886 4964 :
2917 4909 3023 4964 Per
3049 4925 3201 4979 quem
3233 4909 3435 4968 omnia,

1864 5015 1914 5059 et
1942 5015 2152 5076 propter
2178 5021 2329 5076 quem
2365 5005 2544 5060 omnia
2559 5005 2624 5059 ⁸⁸.
2656 5005 2784 5059 Ideo
2818 5003 2952 5057 dicit
2979 5001 3282 5056 Dominus:
3311 4998 3439 5055 0m-

1849 5163 1894 5196 ⁸³
1920 5163 2111 5220 Judith
2163 5179 2239 5229 ix,
2297 5164 2350 5219 4.
2429 5164 2475 5195 ⁸⁸
2519 5161 2679 5217 Joan.
2721 5178 2796 5228 vt,
2829 5162 2920 5217 58.
2996 5159 3042 5193 °'
3068 5157 3228 5215 Joan.
3257 5175 3314 5224 v,
3348 5157 3434 5214 l9.

1855 5417 1980 5531 ρρει
2023 5405 2393 5480 χειρουργίας.
2428 5401 2572 5457 Editi
2621 5401 2688 5455 τὰ
2735 5399 2913 5454 πάντα
2954 5407 3009 5454 et
3047 5397 3248 5470 χειρῶν
3279 5397 3438 5467 ἐργα-

1858 5495 1890 5531 σ
1913 5497 1998 5531 ac.

1858 5495 1998 5543 σιας.

1929 5534 2005 5620 (3)
2045 5545 2279 5620 Βλέπει.
2341 5543 2430 5620 Sic
2464 5540 2674 5620 antiqui
2704 5540 2944 5620 “codices
3002 5557 3015 5593 :
3060 5535 3210 5620 editi‘

1858 5592 2672 5685 Νδπῖ¹ιηῖιίῖό⁷⁷ιὶὸει⁷ἐὶςἰίᾷιῖεζι
2704 5592 2847 5682 Reg:
2863 5592 3148 5667 secundus
3181 5592 3253 5660 διδ
3277 5600 3336 5660 οὐ
3369 5592 3437 5660 ’ξᾶ

245 5681 360 5756 (η’
387 5685 465 5740 Τὰ
520 5685 860 5756 σύμπαντα.
919 5686 1010 5742 Sic
1049 5681 1268 5744 codices
1327 5703 1442 5756 sex,
1491 5696 1544 5744 et
1585 5688 1747 5759 paulo

1871 5689 2032 5742 πάντα
2067 5688 2161 5741 καὶ
2191 5681 2270 5750 εἷς
2306 5685 2364 5739 ὃν
2389 5683 2454 5737 τὰ
2493 5681 2689 5737 πάντα.
