3900 6212
496 322 602 377 105

1774 318 1832 376 s.
1874 315 2369 399 assummum

3641 314 3753 373 104

494 432 585 485 nia
616 446 730 485 mea
763 438 856 484 tua
882 437 1027 496 sunt,
1055 437 1116 483 ut
1146 429 1213 483 ad
1238 431 1415 500 ipsum
1443 432 1709 502 originem
1738 446 1918 485 rerum
1943 445 2070 483 eou—

2181 428 2274 481 τοῦ
2306 430 2511 500 Κυρίου
2540 429 2698 502 ἡμῶν
2738 430 2911 501 Ἰησοῦ
2935 428 3191 503 Χριστοῦ,
3219 429 3292 484 δι’
3324 425 3398 486 οὗ
3426 428 3496 483 τὰ
3530 428 3752 495 πάντα,

495 519 733 573 dit-arum
761 519 1006 574 referens
1039 538 1052 574 :
1086 517 1157 572 Et
1184 529 1276 574 tua
1307 537 1425 575 mea
1450 522 1531 588 “;
1558 529 1618 575 ut
1652 521 1777 576 inde
1806 520 2072 591 principia

494 610 720 666 creandi
774 612 1091 681 accipiens;
1149 626 1259 666 non
1309 613 1454 682 quod
1501 612 1723 667 auxiliis
1774 620 1964 666 utatur
2005 613 2072 667 ad

495 702 851 773 operandum,
883 718 1063 774 neque
1094 704 1241 773 quod
1273 704 1322 759 ei
1354 704 1776 774 particularibus
1805 704 2074 759 mandatis

495 794 932 865 uniuscujusque
990 795 1177 864 operis
1228 795 1597 849 ministerium
1660 795 2070 850 concredatur:

494 901 622 940 nam
655 886 798 941 istud
825 885 1046 957 quidem
1080 887 1302 949 servile,
1334 896 1390 941 et
1411 902 1441 941 a
1471 887 1654 942 divina
1676 887 1941 959 dignitate
1969 888 2074 942 im-

494 992 689 1033 menso
727 985 997 1033 semotum
1040 979 1371 1033 intervallo:
1405 979 1501 1034 sed
1535 978 1680 1048 quod
1710 977 1949 1034 Verbum
1979 996 2075 1050 pa-

497 1071 672 1123 ternis
703 1070 864 1124 bonis
908 1071 1151 1140 plenum,
1198 1070 1561 1140 resplendens
1593 1086 1623 1124 a
1661 1070 1849 1131 Patre,
1892 1073 2073 1126 omnia

496 1159 630 1214 facit
659 1161 725 1214 ad
753 1161 1170 1218 similitudinem
1204 1162 1327 1232 ejus
1348 1164 1440 1232 qui
1484 1163 1663 1233 ipsum
1700 1164 1907 1234 genuit.
1940 1162 2074 1217 Nam

496 1250 545 1305 si
571 1250 725 1320 juxta
757 1251 1049 1306 essentiam
1092 1252 1229 1306 nihil
1256 1253 1437 1307 dili'ert
1475 1268 1505 1307 a
1539 1252 1723 1315 Patre,
1765 1268 1866 1308 nec
1894 1262 2076 1323 poten-

498 1341 572 1395 tia
615 1343 780 1397 etiam
816 1357 844 1396 a
890 1342 1049 1399 Patre
1085 1344 1317 1399 diﬂ‘eret.
1353 1343 1524 1400 Porro
1571 1360 1803 1415 quorum
1851 1345 2075 1415 aequalis

495 1438 581 1485 est
603 1433 866 1501 potentia,
904 1433 1098 1488 horum
1130 1435 1358 1488 omnino
1406 1435 1637 1505 aequalis
1670 1443 1754 1490 est
1783 1443 1836 1489 et
1880 1451 2073 1506 opera-

496 1525 593 1579 tio.
634 1526 889 1582 Christus
940 1526 1210 1596 siquidem
1252 1526 1349 1581 Dei
1384 1528 1562 1583 virtus
1612 1535 1718 1591 est,
1751 1534 1805 1582 et
1845 1525 1939 1582 Dei
1987 1544 2076 1583 sa-

497 1619 794 1690 pientia".
829 1618 893 1674 Et
943 1620 1025 1674 sic
1073 1622 1257 1675 omnia
1287 1635 1385 1690 per
1432 1621 1610 1690 ipsum
1659 1618 1805 1673 facta
1856 1630 1983 1674 sunt
2006 1620 2072 1683 ",

496 1710 790 1780 omniaque
824 1725 917 1779 per
960 1711 1138 1781 ipsum
1181 1718 1236 1765 et
1282 1711 1337 1764 in
1373 1714 1553 1780 ipsum
1600 1710 1821 1765 condita
1856 1721 1982 1765 sunt
2005 1713 2069 1775 ⁷⁸,

2177 523 2277 576 καὶ
2309 523 2384 575 δι’
2417 523 2491 577 ὃν
2523 524 2594 578 τὰ
2634 524 2853 580 πάντα.
2896 525 2994 579 Διὰ
3038 525 3193 578 τοῦτό
3239 542 3403 595 φησιν
3445 528 3474 579 ὁ
3503 525 3708 595 Κύριος
3732 540 3749 557 ο

2182 612 2257 665 Τὰ
2285 610 2397 681 ἐμὰ
2432 612 2630 666 πάντα
2667 612 2751 668 σά
2781 615 2983 669 ἐστιν·
3011 615 3086 679 ὼς
3111 617 3197 667 ἐπ’
3235 615 3395 669 αὐτὸν
3436 616 3535 686 τῆς
3573 615 3752 687 ἀρχῆς

2174 702 2283 753 τῶν
2310 702 2804 774 δημιουργημεὴων
2836 705 3210 776 ἀναγομένης’
3252 705 3362 758 Kal
3400 703 3473 757 τὰ
3503 704 3583 758 σὰ
3600 703 3748 774 ἐμά’

2174 792 2250 855 ὡς
2295 792 2505 847 ἐκεῖθεν
2549 793 2697 863 αὐτῷ
2740 793 2816 862 (9)
2875 795 2974 864 τῆς
3019 794 3199 858 αίτίας
3250 793 3347 848 τοῦ
3394 793 3750 865 δημιουργεῖν

2177 880 2542 953 καθηκούσης,
2582 884 2643 937 οὐ
2673 884 2948 955 βοηθείαις
2987 886 3257 956 χρωμένῳ
3298 885 3432 958 πρὸς
3467 886 3567 957 τὴν
3593 885 3751 957 ἐνέρ-

2177 990 2349 1042 γειαν,
2392 975 2514 1028 οὐδὲ
2544 979 2665 1040 ταῖς
2708 977 2851 1031 κατὰ
2889 978 3054 1049 μέρος
3085 980 3433 1049 ἐπιτροπαῖς’
3473 978 3572 1047 τὴν
3614 978 3750 1033 ἐκά-

2177 1083 2301 1120 στου
2355 1065 2516 1138 ἔργου
2570 1068 2847 1122 διακονίαν
2913 1070 3319 1140 πιστευομένῳο
3381 1070 3749 1143 λειτουργικὺν

2175 1156 2285 1229 γὰρ
2313 1157 2468 1211 τοῦτό
2494 1176 2579 1227 γε,
2616 1159 2710 1213 καὶ
2746 1160 2846 1230 τῆς
2874 1159 3027 1224 θείας
3066 1160 3223 1226 ἀξίας
3260 1161 3583 1233 παμπληθὲς
3612 1163 3749 1216 ἀπο-

2174 1248 2320 1301 δέον·
2352 1248 2486 1303 ma;
2525 1250 2633 1321 γὰρ
2677 1251 2892 1322 πλήρης
2924 1252 3034 1319 (10)
3061 1253 3089 1305 ὁ
3128 1252 3298 1321 Λόγος
3327 1252 3436 1305 τῶν
3468 1254 3751 1325 πατρικῶν

2176 1338 2416 1407 ἀγαθῶν,
2448 1340 2543 1394 τοῦ
2587 1342 2801 1413 Πατρὸς
2831 1342 3182 1413 ἀπολάμψας,
3225 1344 3399 1398 πάντα
3430 1348 3576 1398 ποιεῖ
3610 1350 3750 1399 κατὰ

2174 1431 2275 1503 τὴν
2297 1432 2389 1485 τοῦ
2416 1434 2778 1503 γεννήσαντος
2796 1435 3109 1506 ὁμοιότητα.
3136 1436 3200 1488 Εἰ
3229 1434 3335 1508 γὰρ
3362 1436 3502 1490 κατὰ
3523 1437 3623 1509 τὴν
3654 1439 3748 1491 οὐ·

2178 1525 2297 1577 σίαν
2333 1525 2769 1597 ἀπαραλλάκτως
2822 1525 2967 1597 ἔχει,
3022 1527 3455 1599 ἀπαραλλάκτως
3500 1528 3609 1593 ἕξει
3654 1530 3749 1582 καὶ

2177 1616 2318 1670 κατὰ
2349 1617 2446 1689 τὴν
2492 1618 2741 1688 δύναμιν.
2770 1612 2870 1672 Ὧν
2912 1619 3037 1691 δέή
3082 1619 3311 1691 δύναμις
3348 1620 3458 1690 ἴση,
3508 1622 3596 1691 ἴση
3645 1639 3746 1675 που

2177 1710 2395 1775 πάντως
2422 1713 2516 1766 καὶ
2545 1713 2579 1783 ἡ
2624 1712 2895 1783 ἐνέργεια.
2930 1713 3166 1783 Χριστὸς
3194 1713 3302 1781 γὰρ
3327 1711 3461 1765 Θεοῦ
3493 1713 3745 1784 δύναμις,

497 1815 607 1854 non
637 1800 784 1870 quod
818 1800 1223 1855 instrumentali
1253 1801 1490 1869 quodam
1518 1814 1583 1853 ac
1612 1800 1797 1854 servili
1826 1800 2070 1855 ministe-

2177 1804 2270 1857 καὶ
2299 1803 2435 1857 Θεοῦ
2470 1805 2650 1873 σοφία.
2680 1804 2791 1857 Καὶ
2821 1803 2963 1857 οὕτω
2999 1804 3175 1858 πάντα
3215 1804 3281 1857 δι’
3309 1804 3473 1858 αὑτοῦ
3508 1806 3746 1874 ἐγένετο,

495 1889 582 1943 rio
612 1888 874 1960 fungatur
923 1909 936 1944 :
984 1890 1079 1945 sed
1127 1893 1273 1961 quod
1317 1899 1577 1964 tanquam
1610 1892 1860 1948 conditor
1896 1901 2071 1964 pater-

496 1997 622 2037 nam
650 1981 872 2053 impleat
903 1983 1262 2039 voluntatem.

569 2240 660 2297 ΞΟ.
704 2238 889 2311 Itaque
929 2255 1053 2295 cum
1079 2240 1197 2295 ait:
1232 2238 1344 2311 Ego
1369 2257 1433 2296 ea:
1460 2257 1543 2296 me
1581 2242 1695 2310 ipso
1726 2242 1933 2296 locutus
1968 2258 2071 2296 non

496 2347 616 2387 sum
637 2331 683 2364 ⁷³
708 2349 724 2398 ;
754 2339 809 2387 et
853 2346 1070 2388 rursum
1099 2347 1111 2382 :
1153 2329 1303 2386 Sicut
1332 2332 1468 2386 dixit
1496 2332 1622 2386 mihi
1646 2332 1829 2395 Pater,
1879 2337 1956 2389 ita
1989 2336 2069 2390 io-

497 2438 630 2493 qitor
650 2423 698 2456 ’⁸
721 2441 736 2490 ;
765 2430 821 2479 et
850 2441 864 2476 :
898 2421 1083 2477 Sermo
1110 2438 1262 2492 quem
1290 2424 1514 2478 audistis
1546 2440 1651 2478 non
1676 2432 1754 2479 est
1786 2442 1953 2487 meus,
1980 2426 2070 2480 sed

495 2515 612 2585 ejus
649 2516 738 2584 qui
760 2515 906 2568 misit
936 2530 1018 2568 me
1038 2514 1083 2545 ⁷⁸
1107 2530 1122 2579 ;
1150 2521 1205 2567 et
1233 2513 1397 2567 alibi:
1434 2514 1886 2579 Quemadmodum
1918 2533 2072 2571 man-

496 2604 641 2660 davit
680 2605 808 2658 mihi
854 2603 1035 2669 Pater,
1083 2604 1159 2658 sic
1186 2603 1327 2673 facio
1350 2605 1396 2637 "
1427 2620 1572 2659 :non
1609 2608 1757 2676 quod
1790 2608 2071 2663 careat-li-

497 2696 632 2751 bero
673 2695 902 2750 arbitrio
958 2709 1023 2748 ac
1053 2694 1350 2750 voluntatis
1394 2703 1567 2760 motu,
1610 2712 1786 2765 neque
1824 2698 1969 2767 quod
2001 2713 2070 2753 ex

496 2785 642 2843 datis
668 2786 842 2857 signis
865 2773 1085 2840 ‘veniam
1133 2798 1196 2838 ac
1233 2783 1513 2839 licentiam
1542 2786 1733 2855 agendi
1765 2795 2065 2857 exspectet,

496 2878 621 2933 ideo
644 2878 846 2933 talibus
869 2877 1043 2931 utitur
1072 2876 1255 2933 verbis
1279 2895 1292 2931 :
1319 2877 1414 2932 sed
1442 2886 1505 2932 ut
1530 2878 1775 2934 declaret
1792 2880 2067 2950 propriam

459 2972 833 3027 'voluntatem
887 2972 1182 3040 conjuncte
1219 2979 1385 3042 atque
1432 2974 1870 3043 inseparabiliter
1918 2973 2066 3029 Patri

498 3063 883 3119 adhaerentem.
922 3061 1161 3119 Proinde
1198 3064 1345 3134 quod
1379 3064 1582 3119 dicitur
1617 3065 1953 3128 mandatum.
2000 3082 2070 3122 ne

499 3166 806 3209 sermonem
837 3151 1189 3222 imperiosum
1212 3168 1307 3223 per
1335 3155 1545 3209 vocalia
1565 3169 1771 3226 organa
1799 3156 2068 3227 prolatum
2097 3153 2146 3217 ο

497 3243 903 3313 intelligamus,
962 3240 1101 3299 Filio
1158 3245 1308 3299 velut
1355 3244 1577 3301 subdito
1628 3247 2072 3316 praescribentem

497 3334 630 3406 quid
662 3333 842 3388 facere
865 3333 1063 3389 debeat
1094 3352 1108 3389 :
1141 3334 1237 3390 sed
1263 3335 1420 3405 juxta
1442 3351 1665 3393 sensum
1693 3337 1801 3393 Deo
1824 3339 2072 3409 dignum,

499 3425 868 3495 intelligamus
914 3426 1216 3482 voluntatis
1265 3429 1859 3494 communicationem,
1906 3430 2073 3485 veluti

500 3514 688 3570 formae
717 3515 1023 3585 cujuspiam
1054 3517 1109 3571 in
1141 3518 1364 3587 speculo
1400 3517 1715 3589 imaginem,
1752 3535 1785 3573 a
1827 3519 1988 3577 Patre
2018 3522 2074 3576 in

500 3604 696 3660 Filium
742 3606 861 3662 sine
891 3615 1135 3678 tempore
1159 3607 1561 3663 demanantem.
1610 3609 1772 3665 Pam
1817 3615 1958 3665 enim
1992 3611 2076 3666 di-

499 3700 616 3771 ligit
660 3697 886 3765 Filium,
929 3709 980 3753 et
1010 3701 1190 3754 omnia
1222 3701 1449 3755 ostendit
1491 3702 1574 3756 illi
1595 3704 1662 3757 ".
1707 3702 1894 3775 Itaque
1926 3722 2075 3776 quaa-

499 3805 717 3861 cunque
743 3791 908 3847 habet
938 3790 1122 3858 Pater,
1153 3792 1278 3847 Filii
1304 3801 1469 3862 sunt;
1498 3810 1608 3850 non
1661 3797 1809 3866 quod
1836 3799 1953 3855 haec
1994 3799 2073 3853 illi

501 3881 761 3952 paulatim
807 3886 1147 3948 accresca‘nt,
1200 3884 1299 3940 sed
1328 3883 1530 3940 adsunt
1583 3888 1750 3942 semel
1794 3889 2069 3945 universa.

498 3970 617 4027 Non
645 3973 792 4026 enim
820 3973 966 4029 inter
996 3974 1246 4031 homines
1291 3978 1386 4046 qui
1430 3984 1602 4032 artem
1654 3980 1964 4049 perdidicit,
2009 3998 2073 4038 ac

498 4062 712 4117 diutina
733 4064 1127 4121 exercitatione
1158 4066 1376 4121 ﬁrmum
1411 4069 1548 4123 artis
1578 4069 1631 4123 in
1665 4071 1853 4125 animo
1876 4072 2073 4126 ﬁxum-

500 4169 607 4224 que
637 4154 886 4209 habitum
921 4157 1082 4226 gerit,
1121 4157 1383 4228 deinceps
1415 4168 1597 4230 potest
1628 4162 1784 4231 juxta
1831 4165 2073 4220 scientiae

499 4246 759 4311 rationes,
790 4261 930 4316 quas
960 4248 1015 4301 in
1040 4256 1223 4304 mente
1249 4257 1420 4315 tenet,
1446 4266 1544 4322 per
1571 4268 1692 4309 sese
1717 4256 1955 4324 operari,
1977 4255 2071 4312 Dei

499 4350 631 4391 vero
684 4336 951 4407 sapientia
973 4376 991 4401 ,
1041 4339 1378 4395 architectus
1441 4343 1712 4398 universae
1772 4356 2068 4412 creaturae,

500 4442 716 4498 semper
743 4427 1041 4498 perfectus,
1071 4430 1208 4484 citra
1242 4431 1524 4488 doctorem
1566 4435 1806 4505 sapiens,
1834 4435 1928 4493 Dei
1962 4442 2072 4494 vir-

2178 1897 2272 1950 καὶ
2315 1895 2492 1949 πάντα
2528 1896 2595 1949 δι’
2644 1895 2809 1949 αὑτοῦ
2858 1897 2954 1949 καὶ
2997 1898 3079 1959 εἰς
3124 1896 3284 1949 αὐτὸν
3326 1896 3599 1963 ἔκτισται,
3646 1897 3751 1951 οὐκ

2177 1986 2472 2057 ὀργανικὴν
2514 2003 2636 2039 τινα
2683 1985 2803 2039 οὐδὲ
2849 1985 3096 2056 δουλικὴν
3139 1987 3441 2056 ὑπηρεσίαν
3478 1987 3752 2058 πληροῦν-

2146 2092 2287 2157 ,τος,
2333 2076 2469 2131 ἀλλὰ
2517 2077 2924 2148 δημιουργικῶς
2956 2079 3017 2131 τὸ
3074 2078 3336 2146 πατρικὸν
3376 2077 3752 2142 ἐπιτελοῦντος

2178 2165 2408 2237 θέλημα.

2245 2257 2317 2312 20
2370 2259 2539 2311 Ὅταν
2565 2254 2659 2311 οῦν
2678 2258 2813 2330 λέγῃ
2834 2276 2849 2290 ο
2896 2259 3045 2329 Ἐγὼ
3073 2260 3142 2325 ἐξ
3180 2261 3439 2331 ἐμαυτοῦ
3464 2264 3575 2316 οὐκ
3608 2259 3752 2317 ἐλά-

2176 2351 2375 2417 λησεν
2429 2350 2525 2404 καὶ
2556 2350 2751 2405 πάλιν·
2799 2350 3008 2417 Καθὼς
3035 2351 3239 2421 εῑρηκέ
3271 2371 3373 2422 μοι
3430 2355 3464 2406 ὀ
3506 2352 3750 2421 Πατὴρ,

2177 2439 2330 2493 οὕτω
2350 2438 2519 2494 λαλῶ
2538 2456 2551 2469 ·
2577 2441 2693 2507 καὶ,
2732 2440 2795 2495 '0
2825 2443 3006 2511 λόγος
3044 2442 3117 2496 ὃν
3147 2444 3415 2504 ἀκούετε,
3439 2445 3551 2497 οὐκ
3575 2443 3754 2498 ἐστιν

2175 2531 2336 2599 ἐμὸς,
2359 2532 2517 2586 ἀλλὰ
2545 2533 2652 2587 τοῦ
2666 2532 3017 2603 πέμψαντός
3039 2550 3117 2603 με
3138 2551 3153 2566 ⁸
3187 2535 3281 2588 καὶ
3307 2535 3531 2606 ἑτέρωθι
3551 2553 3564 2566 ο
3590 2538 3750 2590 Καθ-

2175 2621 2258 2689 ὼς
2294 2623 2406 2691 (H)
2450 2624 2790 2679 ἐνετείλατό
2815 2642 2910 2694 μοι
2932 2628 2965 2679 ό
2998 2626 3223 2694 Πατὴρ,
3255 2627 3408 2680 οὕτω
3442 2625 3617 2680 ποιεῖν
3647 2628 3751 2681 οὐκ

2176 2711 2536 2782 ἀπροαίρετος
2564 2710 2660 2777 ὢν,
2684 2713 2805 2766 οὐδὲ
2834 2714 3127 2786 ἁνόμητος,
3158 2715 3278 2769 o’od‘a
3301 2716 3362 2769 τὸ
3386 2717 3451 2769 ἐκ
3477 2716 3586 2770 τῶν
3620 2734 3749 2770 συν-

2175 2801 2437 2872 θημάτων
2474 2802 2753 2873 ὲνδόεῚιμΘν
2789 2805 3094 2875 ἀναμένων,
3136 2808 3257 2871 ταῖς
3289 2807 3563 2872 τοιαύταις
3607 2811 3748 2880 χρῆ-

2174 2911 2265 2948 ται
2314 2898 2544 2964 φωναῖς·
2587 2896 2723 2949 ἀλλὰ
2769 2896 2942 2969 δηλῶν
2973 2898 3072 2969 τὴν
3108 2900 3316 2953 οἰκείαν
3340 2899 3565 2971 γνώμην
3603 2904 3748 2972 ﬂvm-

2179 2986 2355 3056 μένως
2405 2986 2499 3040 καὶ
2547 2987 2883 3053 ἀδιαστάτως
2914 2988 3008 3043 τοῦ
3052 2990 3263 3061 Πατρὸς
3295 2988 3751 3065 ἐχομένην.*Δρα

2176 3073 2268 3131 οὖν
2306 3078 2401 3130 καὶ
2445 3078 2543 3150 τὴν
2572 3078 2871 3153 λεγομένην
2916 3082 3136 3153 ἐντολὴν
3180 3083 3255 3154 μὴ
3305 3084 3462 3153 λόγον
3504 3101 3746 3155 προστα-

2175 3170 2362 3223 κτικὸν
2393 3169 2482 3222 διὰ
2513 3171 2620 3226 τῶν
2658 3173 2980 3243 φωνητικιῖω
3014 3174 3262 3245 ὀργάνων
3291 3174 3751 3247 ἐξαγγελλόμενον

2174 3261 2522 3333 ἐκδεχὼμεθα
2550 3264 2697 3334 (12),
2741 3265 2869 3336 περὶ
2913 3266 3021 3319 τῶν
3065 3267 3334 3338 ποιητέων
3366 3267 3442 3339 τῷ
3483 3268 3593 3339 Υίῷ
3617 3310 3630 3330 ,
3670 3270 3751 3333 ὡς

2176 3353 2422 3424 ὑπηκόῳ,
2444 3353 2837 3423 νομοθετοῦντα
2858 3373 2873 3386 ·
2909 3356 3045 3411 ἀλλά
3079 3357 3399 3429 θεοπρεπῶς
3423 3360 3633 3430 νοῶμεν
3659 3361 3751 3413 θε-

2174 3442 2416 3515 λήματος
2443 3444 2680 3499 διάδοσιν
2725 3441 2837 3499 οἶόν
2869 3463 3014 3512 τινος
3050 3449 3266 3520 μορφῆς
3285 3449 3521 3520 ἔμφασιν
3546 3452 3657 3519 (15)
3689 3454 3752 3505 ἐν

2174 3535 2487 3606 κατόπτρῳ,
2507 3537 2572 3587 ἐκ
2594 3536 2808 3606 Πατρὸς
2837 3538 2916 3600 εἰς
2940 3538 3065 3591 Υίὸν
3085 3540 3326 3610 ἀχρόνως
3347 3540 3550 3594 διῖκνου
3558 3541 3747 3613 μένην.

2186 3626 2250 3679 '0
2297 3629 2406 3697 γὰρ
2436 3628 2638 3695 Πατὴρ
2680 3626 2883 3698 ἀγαπᾷ
2926 3629 3033 3682 τὸν
3071 3632 3226 3694 Υὶὸν,
3262 3634 3358 3686 καί
3402 3632 3598 3687 πάντα
3628 3623 3751 3688 del;

2174 3732 2397 3771 κνυσιν
2423 3718 2604 3784 αὐτῷ.
2636 3719 2797 3771 Ὥστε
2827 3720 3004 3774 πάντα
3045 3724 3145 3776 ὅσα
3185 3722 3295 3794 ἔχει
3321 3727 3350 3777 ὁ
3392 3725 3615 3796 Πατὴρ,
3650 3727 3749 3779 τοῦ

2174 3810 2304 3863 Υἱοῦ
2363 3812 2545 3875 ἐστιν,
2593 3812 2652 3864 οὐ
2702 3811 2846 3865 κατὰ
2897 3813 3090 3883 μικρὸν
3146 3817 3579 3886 προσγινόμενα,
3630 3817 3749 3871 ἀλλ’

2173 3902 2382 3971 ἀθρόως
2428 3902 2689 3973 παρόντα.
2729 3905 2804 3957 Οὐ
2847 3906 2957 3975 γὰρ
2996 3905 3171 3976 δήπου
3213 3908 3270 3959 ἐν
3304 3908 3400 3978 μὲν
3438 3908 3751 3980 ἀνθρώποις

2172 3995 2201 4046 ὁ
2229 3995 2328 4063 τὴν
2355 3992 2552 4064 τέχνην
2580 3994 2916 4065 ἐκδιδαχθείς
2950 3998 3041 4050 καὶ
3078 3997 3283 4066 παγίαν
3323 3999 3493 4070 αὐτῆς
3523 4000 3614 4053 διὰ
3642 4001 3749 4071 τῆς

2173 4082 2392 4152 χρονίας
2437 4081 2668 4153 μελέτης
2696 4082 2835 4154 ἔχων
2875 4084 2971 4155 τὴν
3003 4085 3117 4151 ἓξιν
3144 4086 3497 4159 ἐνιδρυμὲνην
3523 4089 3751 4144 δύναται

2173 4171 2356 4227 λοιπὸν
2409 4172 2552 4226 κατὰ
2608 4175 2736 4238 τοὺς
2793 4177 3248 4247 ἐναποκειμένους
3295 4179 3443 4250 αὐτῷ
3486 4181 3585 4252 τῆς
3620 4184 3743 4236 ἐπι-ι

2175 4264 2273 4334 στή
2283 4280 2389 4333 μης
2414 4263 2605 4331 λόγους
2646 4266 2769 4321 καθ’
2794 4268 2984 4322 ἐαυτὸν
3019 4270 3263 4341 ἐνεργεῖν
3282 4287 3296 4301 ·
3339 4273 3371 4343 ἡ
3395 4272 3451 4325 δὲ
3487 4271 3582 4326 τοῦ
3608 4272 3749 4327 Θεοῦ

2175 4354 2354 4422 σοφία,
2381 4357 2411 4407 ὁ
2441 4355 2775 4429 δημιουργὸς
2821 4360 2998 4431 πάσης
3032 4362 3143 4433 (14)
3174 4364 3425 4428 κτίσεως,
3463 4366 3492 4416 ὁ
3528 4367 3616 4418 ἀεὶ
3654 4367 3752 4419 τέ-

2173 4444 2331 4511 λειος,
2359 4449 2389 4500 ὁ
2420 4447 2721 4515 ἀδιδάκτως
2747 4453 2929 4522 σοφὸς,
2965 4455 2999 4524 ἡ
3034 4454 3133 4507 τοῦ
3162 4455 3297 4509 Θεοῦ
3330 4457 3577 4528 δύναμις.
3614 4460 3676 4512 ὲν
3701 4453 3750 4527 ᾧ

499 4529 629 4583 tus,
680 4519 739 4573 in
790 4535 901 4589 quo
958 4529 1088 4575 sunt
1134 4537 1326 4579 omnes
1384 4524 1626 4580 thesauri
1681 4527 1964 4597 sapientia:
2016 4541 2069 4585 et

2176 4510 2374 4600 πάντες
2414 4538 2464 4591 οἱ
2513 4510 2777 4612 θησαυροὶ
2960 4510 3150 4615 σοφίας
3200 4547 3296 4600 καὶ
3340 4550 3441 4618 τῆς
3465 4510 3747 4617 ιγνωσιωέ

501 4610 746 4668 scientiae
778 4612 983 4666 occulti
1006 4613 1072 4677 ⁷⁸,
1104 4621 1226 4683 eget
1263 4616 1484 4684 speciali
1513 4617 1620 4687 18
1647 4619 1921 4685 mandato,
1958 4637 2068 4692 quo

497 4702 548 4757 ei
572 4701 767 4757 modus
790 4716 856 4757 ac
886 4719 1144 4759 mensura
1166 4708 1543 4774 operationum
1572 4710 1926 4778 praetiuiatur.
1952 4711 2068 4769 Sci-

497 4794 629 4851 licet
648 4802 707 4849 tu
732 4795 951 4866 quidem
981 4796 1147 4851 etiam
1176 4796 1561 4870 paedagogum
1589 4803 1803 4870 aperies
1830 4802 1886 4858 in
1910 4807 2066 4859 vani-

497 4894 608 4943 tate
649 4887 1045 4958 cogitationum
1084 4896 1331 4958 tuarum,
1373 4901 1427 4947 et
1454 4891 1600 4946 hunc
1644 4895 1865 4951 uuidem
1900 4896 2067 4955 facies

2173 4627 2502 4699 ἀπόκρυφοι,
2534 4630 2638 4701 τῆς
2673 4633 2815 4687 κατὰ
2855 4636 3019 4705 μέρος
3057 4637 3377 4702 ἐπιστασίας
3410 4641 3747 4710 προσδεῖται,

2171 4720 2262 4774 τὸν
2290 4722 2488 4793 τρόπον
2514 4722 2667 4794 αὺτῷ
2703 4725 2797 4777 καὶ
2838 4727 2899 4778 τὸ
2931 4727 3126 4798 μέτρον
3163 4729 3272 4781 τῶν
3306 4732 3597 4800 ἐνεργειῶν
3631 4736 3749 4803 ὁρι-

2173 4810 2391 4882 ζούσης.
2420 4808 2611 4867 Ἧπου
2638 4814 2703 4867 σύ
2736 4831 2821 4882 γε-
2846 4817 2940 4868 καὶ
2996 4817 3394 4887 παιδαγωγεῖον
3424 4819 3653 4885 ἀνοίξεις
3686 4827 3747 4878 ἐν

2173 4904 2239 4972 τῇ
2279 4904 2603 4976 ματαιότητι
2643 4922 2738 4959 σου
2762 4905 2872 4960 τῶν
2905 4907 3202 4979 λογισμῶν,
3237 4911 3449 4964 καὶτὸν
3482 4913 3582 4982 μὲν
3611 4931 3744 4985 προ-

569 5059 801 5151 εξιοιιιι.
835 5061 1128 5151 “2,110.”
1165 5062 1415 5151 ’1.091)
1449 5081 1489 5131 ι,
1691 5070 1734 5100 ⁷³
1764 5069 1941 5151 ,ΙοιιιιεΔ
1992 5075 2070 5151 t,_!

2198 5078 2487 5151 Y’Coloss.
2541 5096 2580 5147 ι,
2649 5081 2738 5136 16.
2811 5082 2859 5114 ’³
2880 5081 3032 5138 Joan.
3106 5101 3205 5151 xu,
3237 5088 3325 5143 49.
3403 5089 3451 5122 "
3480 5090 3613 5145 ibid.
3649 5092 3743 5146 50.

498 5129 547 5164 "
574 5130 737 5187 Joan.
770 5147 885 5200 xw,
913 5132 1005 5187 ει.
1081 5133 1128 5166 ⁷⁸
1172 5134 1304 5190 ibid.
1335 5136 1424 5190 31.

568 5270 646 5344 (9)
690 5274 901 5344 Αὐτῷ.
939 5273 1030 5329 Sic
1082 5274 1328 5344 plerique
1389 5277 1607 5334 codices
1657 5293 1814 5341 mss.,
1870 5283 2066 5338 melius

497 5341 672 5429 multo
706 5357 868 5412 quam
894 5343 951 5399 in
968 5341 1205 5401 editione
1224 5341 1399 5403 Paris.
1426 5355 1482 5403 et
1509 5348 1747 5404 secunda
1765 5349 2063 5409 Basileensi

731 5482 906 5554 Ἀλλὰ
951 5484 1062 5554 γὰρ
1105 5484 1361 5554 πλήρης.
1390 5485 1649 5552 Quamvis
1687 5487 1905 5546 codices
1929 5507 2063 5548 mss.

498 5548 733 5627 habeant
751 5552 885 5607 ἀλλὰ
913 5548 1124 5627 πλήρης
1147 5548 1646 5627 γάρ,’ί)ι·ωἶειεηάιι
1680 5566 1861 5614 tamen
1908 5562 2064 5618 vide-

499 5622 822 5692 tur‘vulgata
856 5622 1148 5692 scriptura.

569 5688 681 5761 (ii)
708 5688 936 5761 Καθὼς.
970 5688 1110 5749 Male
1149 5695 1207 5751 in
1234 5694 1397 5752 editis
1428 5704 1553 5754 ante
1577 5696 1720 5755 hanc
1752 5714 1940 5757 vocem
1964 5700 2062 5756 ad-

2169 5498 2341 5572 Aligus
2369 5498 2658 5572 ἐπιδεχόμε

1538 5139 1582 5169 ⁷⁷
1610 5137 1767 5193 Joan.
1798 5157 1851 5204 v,
1879 5142 1968 5197 20.
2020 5137 2092 5176 ’⁷⁸
2118 5145 2335 5204 Coloss.
2371 5167 2432 5213 ιι,
2463 5151 2497 5205 '5

2171 5288 2317 5371 ditur
2342 5290 2676 5371 ‘conjunctlo
2703 5293 2797 5371 καί
2847 5309 2970 5363 quae
3006 5295 3168 5371 abest
3197 5310 3229 5349 a
3274 5313 3407 5354 mss.
3443 5298 3743 5371 Aliquanto

2169 5360 2678 5435 pt)§tAt_'luQ_COt_jiCeS
2705 5360 2966 5435 κέχρηται
2996 5368 3219 5435 φωναῖς.

2424 5430 2873 5555 Ἐκδεχώέιεθᾶ.’
2901 5430 3053 5515 Unus
3109 5434 3282 5490 codex
3343 5437 3739 5514 ἐπιδεχώμεθα.

2424 5501 2658 5555 ιιδεγόμε
2695 5520 2748 5555 α.
2790 5501 2909 5555 Duo
2940 5504 3031 5555 alu
3070 5503 3420 5555 ἐκδεγόιιεθα-

2241 5501 2322 5552 ius
2369 5501 2748 5572 ἐπιδεχόμεθα.
2790 5501 2909 5558 Duo
2940 5504 3031 5557 alii
3070 5503 3420 5578 ἐκδεχόμεθα.

2241 5569 2351 5640 (15)
2393 5571 2709 5640 Ἕμςοασιν.
2746 5571 2882 5628 Tres
2916 5574 3133 5630 codices
3162 5576 3385 5633 ἔνδοσιν.

2240 5639 2351 5711 (14)
2390 5640 2620 5709 Πάσης.
2657 5641 2791 5700 Tres
2820 5659 2951 5701 mss.
2975 5644 3212 5716 ἁπάσης.

2240 5428 2351 5499 (12)
