3900 6212
399 214 500 276 εοῖ

635 403 648 418 ⁹
941 325 1047 397 19
1079 323 1310 381 CAPUT
1352 325 1441 380 ιιι.

399 418 650 490 Propriae
679 435 741 472 ac
785 418 1050 490 distincta:
1093 419 1157 473 de
1185 418 1390 487 Spiritu
1433 421 1696 485 notiones,
1723 420 1980 476 doctrina

789 488 1190 560 Scripturarum
1230 499 1590 560 congruentes.

466 600 559 657 22.
599 598 719 655 Jam
756 616 886 655 vero
931 601 1098 656 etiam
1149 601 1218 657 de
1260 599 1465 672 Spiritu
1504 617 1825 659 communes
1878 620 1981 659 no-

399 702 530 748 stra:
579 692 836 746 notiones
873 692 1186 762 cujusmodi
1247 694 1360 748 sint
1411 695 1809 764 expendamus,
1866 704 1980 751 tum

397 800 494 840 eas
525 797 646 854 quae
691 783 853 840 nobis
897 783 966 838 de
1007 784 1104 839 illo
1138 783 1498 856 eScripturis
1547 787 1788 842 collecta:
1833 799 1980 852 sunt,

401 881 515 930 tum
543 888 636 928 eas
665 887 803 942 quas
845 871 1072 927 Patrum
1105 874 1402 930 traditione
1433 891 1545 930 non
1589 877 1796 948 scripta
1827 893 1984 935 acce-

399 966 601 1035 pimus.
634 963 884 1018 Primum
919 964 1110 1036 igitur,
1134 965 1280 1036 quis,
1307 965 1510 1022 auditis
1537 965 1774 1038 Spiritus
1799 972 1984 1041 appel-

400 1057 724 1122 lationibus,
768 1057 953 1111 animo
994 1073 1108 1112 non
1162 1059 1415 1130 erigitur,
1462 1069 1516 1115 et
1550 1061 1618 1115 ad
1669 1076 1982 1133 supremam

399 1159 655 1203 naturam
704 1147 1097 1218 c03itationem
1149 1164 1260 1204 non
1297 1150 1542 1205 attollit?
1571 1150 1709 1206 Nam
1745 1151 1982 1224 Spiritus

401 1240 495 1296 Dei
529 1240 710 1294 dictus
744 1247 847 1305 est,
895 1247 950 1294 et
1002 1238 1246 1310 Spiritus
1278 1241 1546 1309 veritatis,
1583 1244 1677 1314 qui
1709 1259 1778 1300 ex
1819 1244 1984 1302 Patre

399 1331 646 1403 procedit
664 1331 711 1364 ⁸⁸
737 1349 751 1386 :
782 1330 1020 1401 Spiritus
1051 1339 1258 1398 rectus,
1303 1331 1544 1403 Spiritus
1569 1336 1894 1407 principalis
1911 1338 1978 1390 δ’.

401 1424 642 1496 Spiritus
692 1433 918 1480 sanctus
945 1464 960 1491 ,
999 1425 1223 1496 propria
1273 1433 1358 1480 est
1409 1427 1558 1483 illius
1591 1442 1656 1483 ac
1688 1429 1984 1499 peculiaris

399 1518 688 1589 appellatio
737 1536 750 1572 :
802 1515 949 1587 quod
997 1533 1132 1574 sane
1184 1533 1384 1575 nomen
1433 1519 1684 1576 omnium
1742 1521 1984 1578 maxime

401 1627 515 1666 rem
547 1610 928 1680 incorpoream
969 1617 1023 1666 et
1057 1611 1124 1665 ab
1152 1611 1300 1665 omni
1328 1612 1558 1668 materia
1589 1627 1782 1683 puram
1812 1621 1865 1668 et
1893 1613 1980 1667 in-

1695 221 1752 277 S.
1794 219 2036 279 BASlLll
2079 222 2127 276 Μ
2140 221 2292 276 ᾹΕΝΙ

3558 215 3669 270 ίυ8

2639 329 3034 382 ΚΕΦᾹΛΑΙΟΝ
3064 328 3139 382 ϐ’.

2095 419 2484 490 Ἀφοριστικαὶ
2509 421 2736 474 ἔννοιαι
2763 420 2895 488 περὶ
2925 419 3030 472 τοῦ
3056 422 3417 490 Πνεύματος,
3444 419 3517 488 τῇ
3544 416 3670 474 τῶν

2221 489 2479 559 [pa-mine
2511 491 2957 545 ἁκολουθοῦσαι
2991 489 3351 559 διδασκαλίᾳ
3381 491 3512 560 (:21).

2151 607 2242 662 29..
2287 607 2424 678 Ἤδη
2471 606 2648 659 δὲκαὶ
2690 605 2935 678 περὶτοῦ
2973 605 3288 676 Πνεύματος
3334 606 3434 669 τὰς
3478 605 3671 668 κοινάς

2083 698 2240 769 ἡμῶν
2273 698 2480 761 ἑννοίας
2509 697 2689 752 ὁποῖαί
2721 697 2866 760 τινές
2910 699 3044 750 εἰσιν
3075 698 3441 767 ἐξετάσωμεν,
3471 695 3572 759 τάς
3605 711 3671 747 τε

2083 794 2147 844 ὲκ
2177 789 2284 844 τῶν
2325 790 2556 862 Γραφῶν
2596 790 2724 860 περὶ
2761 787 2925 842 αὐτοῦ
2972 789 3333 860 συναχθείσας
3374 791 3526 860 ἡμῖν,
3570 788 3672 840 καὶ

2081 882 2147 946 ἃς
2173 885 2236 934 ὲκ
2269 881 2370 951 τῆς
2400 881 2651 950 ἀγράφου
2685 879 3037 950 παραδόσεως
3065 879 3173 931 τῶν
3207 878 3467 949 Πατέρων
3497 876 3671 930 διεδε-

2085 973 2314 1046 ξάμεθα,
2350 973 2573 1045 Πρῶτον
2607 973 2705 1041 μὲν
2756 968 2880 1037 οὖν,
2925 972 3040 1034 τίς,
3073 971 3313 1034 ἀκούσας
3341 970 3451 1023 τῶν
3494 985 3673 1040 προσυ

2081 1065 2323 1138 ηγοριῶν
2351 1064 2446 1118 τοῦ
2492 1064 2844 1136 Πνεύματος,
2883 1064 2942 1116 οὗ
2986 1063 3322 1117 διανίσταται
3370 1065 3438 1132 τῇ
3478 1061 3671 1132 ψυχῇ,

2081 1159 2179 1212 καὶ
2204 1158 2340 1228 πρὸς
2373 1157 2471 1228 τὴν
2492 1156 2754 1210 ἀνωτάτω
2781 1154 2943 1225 φύσιν
2979 1156 3078 1225 τὴν
3113 1155 3321 1208 ἔννοιαν
3340 1153 3630 1226 ὑπεραίρει
3652 1169 3670 1218 ;

2084 1246 2305 1318 Πνεῦμα
2327 1246 2436 1316 γάρ
2461 1243 2596 1298 Θεοῦ
2623 1246 2862 1317 εἴρηται,
2895 1245 2988 1298 καὶ
3012 1244 3235 1314 Πνεῦμα
3263 1244 3361 1314 τῆς
3385 1242 3671 1312 ἀληθείας,

2082 1336 2111 1392 ὃ
2159 1339 2311 1410 παρὰ
2359 1337 2456 1390 τοῦ
2506 1336 2720 1408 Πατρὸς
2768 1335 3162 1407 ἐκπορεύεται·
3201 1334 3426 1405 Πνεῦμα
3475 1335 3674 1398 εὐθὲς,

2085 1431 2308 1503 Πνεῦμα
2353 1431 2681 1503 ἡγεμονικόν
2735 1429 2869 1501 (22).
2919 1428 3143 1501 Πνεῦμα
3203 1429 3357 1498 ἅγιον
3413 1431 3446 1500 ἡ
3501 1427 3673 1500 κυρία

2084 1525 2248 1578 αὑτοῦ
2283 1523 2378 1576 καὶ
2409 1523 2686 1587 ίδιάξουσα
2713 1523 2930 1592 κλῆσις·
2968 1523 3105 1594 ὅπερ
3145 1525 3209 1592 δὴ
3261 1523 3497 1592 μάλιστα
3530 1539 3677 1574 παν-

2085 1617 2175 1678 τὸς
2202 1615 2313 1686 (‘25)
2343 1612 2437 1666 τοῦ
2480 1611 2813 1684 ἀσωμάτου,
2851 1615 2946 1666 καὶ
2993 1612 3246 1683 καθαρῶς
3275 1611 3440 1665 asto»
3477 1628 3536 1665 τε
3575 1612 3676 1664 καὶ

401 1703 760 1773 compositam
799 1703 1061 1756 declarat.
1098 1700 1446 1773 Quapropter
1471 1711 1526 1758 et
1559 1703 1825 1759 Dominus
1856 1719 1980 1758 cum

2095 1704 2326 1778 ἀμεροῦς
2351 1704 2525 1775 ὄνομά
2550 1706 2706 1778 ἐστι..
2727 1703 2819 1757 Διὸ
2851 1705 2944 1757 καὶ
2981 1706 3008 1758 ό
3039 1704 3264 1775 Κῦριος,
3290 1705 3388 1773 τὴν
3428 1705 3486 1757 ἐν
3518 1703 3676 1774 τόπῳ

401 1809 543 1860 eam,
577 1810 698 1865 qua:
740 1793 910 1849 Deum
956 1794 1011 1849 in
1047 1795 1168 1849 loco
1194 1794 1414 1851 adorari
1446 1796 1816 1862 existimabat,
1850 1799 1984 1853 edo-

402 1895 583 1951 ceret,
624 1903 740 1942 rem
774 1889 1154 1958 incorpoream
1202 1887 1595 1958 comprehendi
1632 1902 1742 1941 non
1796 1901 1980 1957 posse,

402 1977 654 2045 Spiritus,
677 1977 876 2047 inquit,
899 1986 976 2031 est
1000 1976 1138 2032 Deus
1162 1978 1228 2032 ’°.
1253 1976 1487 2032 Proinde
1511 1976 1627 2032 ﬁeri
1651 1993 1758 2033 non
1779 1984 1980 2048 potest,

405 2077 464 2124 ut
503 2069 597 2140 qui
645 2070 800 2124 audit
845 2068 1134 2139 Spiritum,
1178 2079 1431 2124 naturam
1465 2070 1585 2124 loco
1633 2069 1985 2126 circumscri-

403 2171 575 2231 ptam,
603 2169 699 2216 aut
723 2162 1124 2217 mutationibus
1148 2172 1202 2216 et
1223 2162 1645 2218 alterationibus
1667 2160 1982 2230 obnoxiam,

403 2261 498 2307 aut
537 2254 763 2309 omnino
807 2261 1074 2310 creaturae
1113 2254 1346 2310 similem
1397 2255 1504 2310 sibi
1537 2255 1721 2310 animo
1766 2254 1980 2326 ﬁngat:

404 2345 501 2401 sed
543 2345 614 2400 ad
661 2347 716 2402 id
747 2347 893 2417 quod
945 2363 1220 2403 summum
1269 2355 1355 2403 est
1401 2348 1730 2418 cogitatione
1761 2363 1986 2420 progre-

404 2437 582 2503 diens,
601 2438 995 2508 intelligentem
1015 2439 1381 2495 substantiam
1404 2439 1608 2510 cogitet
1630 2454 1859 2496 necesse
1877 2448 1983 2509 est,

403 2529 608 2584 virtute
651 2528 957 2595 inﬁnitam,
1001 2529 1379 2600 magnitudine
1416 2530 1984 2603 incircumscriptam,

405 2635 506 2676 nec
539 2627 847 2690 temporum
893 2634 995 2674 nec
1031 2620 1355 2675 saaculorum
1399 2621 1799 2677 dimensionem
1845 2624 1990 2679 reci-

407 2712 668 2781 pientem,
705 2725 768 2764 ea
815 2726 936 2782 quae
978 2711 1143 2766 habet
1173 2711 1318 2766 bona
1365 2711 1516 2786 large
1558 2713 1986 2786 impartien-tem.

405 2804 490 2859 Ad
517 2818 680 2875 quem
707 2804 890 2858 omnia
919 2811 1318 2860 convertuntur
1347 2821 1470 2875 quae
1492 2815 1651 2878 egent
1678 2806 1992 2864 sanctiﬁca-

408 2900 559 2952 tione
586 2914 598 2950 :
629 2911 791 2967 quem
822 2897 1008 2951 omnia
1043 2897 1482 2968 appetuntjuxta
1513 2898 1770 2956 virtutem
1795 2899 1988 2956 viven-

2085 1775 2511 1868 προσκυνεῖσθαι
2534 1793 2626 1846 τὸν
2649 1775 2782 1846 Θεὸν
2809 1793 3118 1864 ἡγουμένην
3136 1793 3248 1864 (24)
3273 1793 3560 1857 διδάσκων,
3589 1795 3676 1847 ὅτι

2085 1886 2460 1959 ἀπερίληπτον
2493 1883 2553 1937 τὸ
2589 1883 2902 1954 ἀσώματον,
2932 1885 3196 1954 Πνεῦμα,
3226 1883 3409 1954 φησιν,
3437 1887 3471 1938 ὀ
3502 1886 3672 1950 Θεός.

2087 1980 2160 2032 Οὐ
2190 1978 2368 2032 τοίνυν
2399 1975 2647 2044 δυνατὸν,
2674 1975 2900 2047 Πνεῦμα
2927 1975 3259 2038 ἀκούσαντα,
3291 1993 3680 2047 περιγεγραμ-

2091 2071 2259 2142 μένην
2294 2069 2456 2140 φύσιν
2504 2068 2816 2122 ἐντυπῶσαι
2860 2071 2926 2139 τῇ
2963 2067 3258 2140 διανοίᾳ,ἢ
3306 2071 3537 2139 τροπαῖς
3581 2067 3678 2122 καὶ

2087 2161 2436 2218 άλλοιὼσεσιν
2470 2160 2864 2232 ὑποκειμένην,
2900 2160 2933 2231 ἢ
2966 2160 3103 2222 ὅλως
3132 2161 3325 2230 ὁμοίαν
3347 2162 3414 2231 τῇ
3456 2160 3636 2212 κτίσει
3657 2177 3676 2192 ι

2086 2253 2223 2309 ἀλλὰ
2247 2251 2382 2324 πρὸς
2403 2251 2464 2304 τὸ
2485 2251 2746 2307 ἀνωτάτω
2765 2252 2886 2314 ταῖς
2910 2249 3140 2313 ἐννοίαις
3162 2249 3461 2321 χωροῦντα,
3479 2267 3565 2302 νοε
3576 2250 3678 2321 ρὰν

2087 2345 2274 2401 οὐσίαν
2305 2343 2615 2412 ἐπάναγκες
2666 2344 2900 2408 ἐννοεῖν,
2943 2341 3170 2414 ἄπειρον
3205 2341 3349 2394 κατὰ
3402 2340 3676 2410 δύναμιν,

2093 2435 2313 2510 μεγέθει
2346 2435 2749 2506 άπεριόριστον,
2796 2433 3011 2504 χρόνοις
3041 2433 3074 2503 ἢ
3113 2433 3304 2486 αἰῶσιν
3341 2433 3675 2504 ἀμέτρητον,

2089 2530 2321 2602 ἄφθονον
2354 2523 2429 2584 ὧν
2459 2528 2570 2600 ἔχει
2611 2527 2814 2581 καλῶν.
2861 2526 3004 2599 Πρὸς
3029 2526 3056 2578 ὃ
3092 2526 3267 2579 πάντα
3300 2525 3678 2596 ἐπέστραπταί

2089 2624 2159 2677 τά
2189 2620 2466 2693 ἀτιασμοῦ
2490 2620 2892 2692 προσδεόμενα·
2921 2615 2980 2673 οὗ
3011 2621 3189 2674 πάντα
3212 2619 3423 2690 ἐφίεται
3453 2620 3522 2672 τά
3551 2618 3676 2672 κατ’

2091 2715 2293 2787 ἀρετὴν
2346 2712 2561 2779 ζῶντα,
2598 2706 2710 2765 οἷον
2766 2711 3113 2782 ἐπαρδόμενα
3159 2714 3224 2782 τῇ
3279 2711 3534 2782 ἐπιπνοίᾳ
3583 2710 3678 2763 καὶ

2094 2805 2437 2878 βοηθούμενα
2471 2805 2610 2877 πρὸς
2638 2803 2700 2856 τὸ
2737 2805 2936 2856 οίκεῖον
2974 2805 3188 2865 ἑαυτοῖς
3215 2803 3311 2856 καὶ
3340 2802 3482 2854 κατὰ
3512 2800 3678 2870 φύσιν

2093 2878 2268 2960 τέλοςῖ
2293 2878 2655 2950 Τελειωτικὸν
2710 2894 2820 2948 τῶν
2872 2893 3078 2958 ἄλλων,
3127 2893 3261 2947 αὐτὸ
3328 2891 3387 2945 δὲ
3437 2891 3677 2962 οὐδαμοῦ

408 2987 506 3052 tia,
540 2985 701 3057 cujus
729 2984 908 3040 alﬂatu
932 2986 1080 3042 velut
1112 2987 1417 3060 irrigantur
1444 2997 1500 3044 et
1543 2988 1896 3060 adjuvantur,
1930 2998 1987 3046 ut

2095 2989 2372 3042 ἐλλεῖπον·
2413 2988 2515 3042 οὑκ
2565 2985 2971 3049 ὲπισκευαστῶς
3000 2985 3113 3054 (25)
3158 2984 3299 3049 ζῶν,
3349 2983 3502 3036 una.
3531 2981 3681 3052 ζωῆς

413 3081 740 3150 perveniant
764 3079 832 3134 ad
860 3081 1142 3151 proprium
1168 3097 1330 3138 suum
1355 3082 1772 3154 naturalemque
1801 3084 1986 3140 linem.

408 3167 513 3235 Qui
540 3167 754 3239 perﬁcit
786 3177 1008 3237 caetera,
1041 3171 1157 3241 ipse
1191 3187 1322 3228 vero
1353 3172 1410 3227 in
1457 3173 1612 3228 nullo
1646 3173 1828 3230 deﬁcit
1857 3193 1870 3229 :
1895 3175 1989 3247 qui

411 3277 523 3316 non
549 3262 683 3318 vivit
706 3278 803 3332 per
827 3262 1308 3331 instaurationem,
1333 3265 1431 3322 sed
1452 3265 1620 3321 vitam
1646 3267 1988 3339 suppeditat;

412 3370 515 3409 nec
546 3357 961 3412 accessionibus
991 3361 1256 3429 augescit,
1295 3360 1391 3416 sed
1427 3359 1614 3417 statim
1642 3362 1840 3433 plenus
1869 3369 1988 3418 est:

413 3446 508 3515 qui
554 3446 611 3500 in
665 3447 848 3517 seipso
900 3447 1175 3517 ﬁrmatur,
1218 3459 1272 3506 et
1319 3465 1592 3522 nusquam
1647 3465 1760 3506 non
1812 3449 1986 3507 adest.

413 3535 580 3607 Origo
618 3535 1106 3605 sanctiﬁcationis,
1148 3540 1242 3594 lux
1287 3539 1691 3612 intelligibilis:
1720 3541 1991 3598 universae

412 3626 668 3695 potentias
710 3627 968 3683 rationali
1009 3631 1078 3686 ad
1107 3631 1359 3688 veritatis
1392 3631 1868 3704 investigationem
1893 3649 1989 3688 ve-

415 3717 497 3772 lut
527 3717 950 3776 illustrationem
984 3722 1277 3793 quamdam
1308 3741 1374 3780 ex
1407 3738 1530 3782 sese
1565 3725 1839 3795 praebens.
1877 3723 1992 3780 Na-

413 3818 539 3867 tura
565 3812 908 3878 inaccessus,
943 3815 1039 3870 sed
1073 3817 1167 3887 qui
1215 3816 1336 3886 capi
1369 3815 1546 3888 possit
1578 3815 1650 3872 ob
1687 3815 1995 3887 benignita-

415 3912 562 3972 tem;
594 3906 780 3960 omnia
820 3907 1044 3977 quidem
1085 3909 1321 3978 implcns
1354 3909 1577 3972 virtute,
1618 3907 1716 3964 sed
1757 3907 1892 3964 solis
1925 3907 1995 3965 iis

415 3998 512 4067 qui
555 3997 706 4070 digni
754 4007 884 4055 sunt
928 4001 1438 4065 communicabilis,
1470 4001 1674 4071 quibus
1721 4014 1844 4056 sese
1885 4014 1998 4055 non

417 4089 612 4144 eadem
655 4090 901 4161 impertit
929 4107 1216 4156 mensura,
1262 4093 1358 4148 sed
1400 4093 1556 4163 juxta
1585 4091 1996 4164 proportionem

2096 3080 2363 3154 χορηγόν’
2397 3079 2459 3133 οὺ
2495 3076 2835 3149 προσθήκαις
2869 3075 3257 3146 αὐξανόμενον,
3305 3072 3440 3128 ἀλλὰ
3475 3072 3680 3144 πλῆρες

2097 3172 2261 3236 εὐθὺς
2287 3170 2424 3242 (26),
2458 3171 2516 3224 ὲν
2564 3169 2742 3241 ἑαυτῷ
2791 3167 3100 3240 ἱδρυμένον,
3156 3167 3252 3220 καὶ
3285 3163 3558 3235 πανταχοῦ
3597 3163 3676 3216 ὃν.

2109 3264 2409 3338 Ἀγιασμοῦ
2453 3264 2688 3334 γένεσις,
2725 3263 2842 3333 φῶς
2890 3262 3102 3333 νοητὸν,
3135 3261 3285 3333 πάσῃ
3324 3259 3550 3330 δυνάμει
3593 3257 3683 3310 λοι

2098 3360 2228 3430 γικῇ
2265 3357 2402 3429 πρὸς
2430 3355 2529 3428 τὴν
2559 3356 2657 3426 τῆς
2682 3355 2941 3426 ἀληθείας
2980 3355 3195 3429 εὕρεσιν
3224 3350 3335 3408 οἷόν
3355 3372 3476 3408 τινα
3508 3371 3683 3409 κατα-

2096 3449 2324 3521 φάνειαν
2361 3449 2428 3502 δι’
2459 3447 2653 3502 ἑαυτοῦ
2698 3449 3094 3520 παρεχόμενον.
3131 3448 3451 3518 Ἀπρόσιτον
3487 3450 3552 3516 τῇ
3583 3446 3683 3516 φύ-

2097 3557 2214 3596 σει’
2245 3539 2495 3614 χωρητδν
2523 3538 2591 3593 δι’
2631 3539 2942 3611 άγαθότητα
2961 3555 2974 3568 °
3006 3540 3186 3594 πάντα
3221 3541 3318 3611 μὲν
3348 3537 3590 3611 πληροῦν
3611 3541 3679 3610 τῇ

2097 3631 2348 3705 δυνάμει,
2381 3629 2568 3703 μόνοις
2600 3629 2658 3684 δὲ
2699 3629 2757 3683 ὃν
2791 3630 3052 3702 μεθεκτὸν
3085 3634 3198 3694 τοῖς
3235 3629 3430 3698 ἀξίοις,
3463 3631 3562 3701 οὐχ
3599 3631 3684 3684 ἐνὶ

2099 3722 2288 3796 μέτρῳ
2312 3721 2692 3794 μετεχόμενον,
2710 3719 2846 3774 ἀλλὰ
2877 3721 2996 3774 κατ’
3019 3721 3308 3788 ἀναλογίαν
3327 3721 3425 3792 τῆς
3447 3721 3683 3784 πίστεως

2099 3813 2342 3887 διαιροῦν
2373 3813 2472 3886 τὴν
2511 3814 2813 3886 ἐνέργειαν.
2859 3813 3089 3866 ’Δπλοῦν
3125 3817 3192 3884 τῇ
3223 3813 3400 3884 οὐσίᾳ,
3441 3812 3683 3866 ποικίλον

2100 3909 2221 3969 ταῖς
2248 3905 2574 3976 δυνάμεσιν·
2608 3903 2727 3958 ὅλον
2765 3904 2982 3975 ἑκάστῳ
3013 3904 3206 3975 παρὸν,
3237 3905 3332 3958 καὶ
3363 3905 3484 3958 ὅλον
3517 3905 3686 3957 ἁπαν-

2099 3997 2266 4069 ταχοῦ
2298 3997 2378 4052 δν.
2413 3996 2665 4062 Ἀπαθῶς
2694 3996 3070 4069 μεριζόμενον,
3109 3998 3205 4050 καὶ
3248 3995 3556 4066 ὁλοσχερῶς
3593 4011 3683 4065 με-

2100 4089 2392 4162 τεχόμενον
2419 4089 2532 4162 (Ἥ)
2554 4108 2566 4121 ·
2601 4089 2743 4144 κατά
2779 4091 2878 4161 τὴν
2905 4089 3088 4143 εἰκόνα
3125 4091 3224 4162 τῆς
3257 4089 3496 4162 ἡλιακῆς.
3530 4089 3682 4142 ἀκτῖ-

485 4243 533 4276 ⁸³
562 4240 720 4299 Joan.
750 4259 842 4309 xv,
881 4243 970 4298 26.
1049 4244 1093 4276 ’ν
1128 4243 1274 4300 Psal.
1305 4259 1358 4312 ι,
1393 4241 1483 4312 12,
1535 4245 1624 4299 15.
1697 4243 1742 4278 ⁸ο
1770 4241 1930 4299 Joan.
1964 4258 2040 4310 tv,
2075 4242 2166 4298 24.

488 4395 602 4470 (2i)
631 4397 1018 4470 ᾼιδασκαλίςι.
1047 4398 1271 4453 Addunt
1307 4396 1463 4461 editi,
1500 4397 1594 4470 καὶ
1625 4397 1706 4450 ὅτι
1730 4397 1987 4470 δεσπότης

2107 4406 2192 4452 rat
2220 4395 2982 4470 interpretationemErasmi
3024 4396 3408 4464 Combcﬁsius,
3460 4413 3524 4454 ac
3561 4417 3684 4455 ver-

415 4467 767 4539 τδΠνεῦμα,
815 4469 909 4524 sed
961 4469 1076 4523 haec
1125 4470 1328 4524 absunt
1367 4481 1397 4522 a
1433 4469 1676 4539 quinque
1707 4467 1995 4539 codicibus

421 4553 556 4612 mss.
593 4537 792 4594 Statim
837 4539 969 4593 editi
1015 4541 1145 4612 περὶ
1186 4539 1340 4608 ἁγίου
1377 4537 1717 4608 Πνεύματος.
1750 4537 1858 4593 Sed
1889 4554 1995 4593 vox

420 4609 576 4677 ἁγίου
599 4625 710 4664 ιιοιι
738 4612 1008 4678 reperitur
1037 4609 1102 4663 in'
1123 4625 1258 4664 mss.

492 4680 604 4747 (Ξὲ)
635 4677 876 4748 Πνεῦμα
902 4679 1280 4750 ἡγεμονικόν.
1315 4677 1406 4733 Sic
1431 4685 1690 4749 repetunt
1729 4677 1873 4732 hanc
1898 4692 1996 4733 vo-

417 4763 539 4806 cem
575 4751 698 4804 libri
733 4760 964 4805 veteres.

491 4820 607 4886 (23)
636 4820 887 4884 Παντός.
932 4819 1024 4875 Sic
1055 4819 1274 4874 codices
1313 4833 1446 4872 mss.
1501 4824 1555 4872 et
1600 4817 1769 4873 editio
1812 4817 1992 4888 prima

418 4887 586 4944 Basil.
608 4891 668 4944 in
696 4890 818 4944 aliis
849 4890 1185 4960 editionibus
1213 4891 1408 4960 legitur
1436 4887 1674 4960 πάντων.

492 4960 605 5032 (24)
631 4959 1025 5028 Ἠγουμέντῃκ
1063 4960 1202 5015 Male
1230 4957 1287 5012 in
1330 4959 1494 5032 editis
1532 4958 1786 5032 additum
1813 4957 1992 5013 fuerat

418 5029 618 5101 ψυχήν,
653 5044 905 5101 quae-vox
949 5045 1052 5086 nec
1095 5032 1150 5084 in
1184 5044 1318 5101 mss.
1353 5029 1639 5101 codicibus
1687 5029 1992 5101 legitur,_et

421 5098 708 5155 sententia:
757 5100 990 5155 nitorem
1045 5100 1350 5170 perturbat.
1399 5099 1609 5154 Similis
1653 5098 1807 5153 locus
1847 5098 1992 5170 inira

420 5173 666 5225 occurrit
699 5171 766 5223 de
814 5170 1004 5225 eadem
1046 5167 1280 5225 inuliere
1328 5170 1676 5224 Samaritana
1723 5184 1846 5240 cap.
1897 5167 1992 5234 26,

423 5256 478 5300 ιι.
514 5243 568 5305 4,
605 5241 698 5295 ubi
726 5243 932 5309 pariter
968 5256 1095 5312 non_
1110 5241 1306 5312 legitur
1333 5241 1532 5312 ψυχήν.

494 5311 610 5382 (25)
654 5308 1183 5378 ‘Eiuo'xsvao-rcbq.‘
1209 5308 1303 5366 Sic
1349 5308 1545 5366 omnes
1591 5309 1810 5367 codices
1859 5324 1993 5366 mss.

422 5377 568 5436 Editi
589 5377 1083 5444 ἐπισκευαστικῶς.

495 5450 606 5523 (26)
638 5449 870 5523 Πλῆρες
921 5454 1122 5523 εὐθύς.
1185 5450 1276 5523 Sic
1335 5467 1528 5510 omnes
1583 5452 1805 5508 codices
1852 5465 1987 5506 mss.

423 5519 564 5593 Male
594 5523 649 5575 in
681 5522 847 5577 editis
881 5522 1106 5593 πλῆρες,
1141 5522 1316 5585 εὐθές.

495 5592 610 5665 ('27)
649 5591 1016 5662 Ὀλοσχερῶζ·
1031 5593 1452 5664 μετεχόμενον.
1479 5591 1755 5652 Immerito
1781 5592 1993 5664 vitupe-

2107 4469 2331 4541 tendum
2355 4484 2478 4522 esse
2499 4468 2869 4541 pronuntiat;
2890 4471 2981 4537 qui
3003 4471 3220 4538 integre,
3253 4471 3307 4522 in
3341 4480 3506 4522 totum
3526 4473 3683 4541 plane

2103 4539 2474 4614 participetur.
2505 4537 2670 4614 Nam
2706 4538 2967 4614 Basilius,
3017 4537 3122 4614 qui
3162 4541 3358 4614 probat
3407 4537 3535 4596 hoc’
3560 4543 3680 4597 loco

2105 4607 2530 4681 immensitatem
2578 4607 3053 4681 Spirituss'ancti,
3104 4607 3233 4663 num
3276 4611 3458 4666 dicere
3504 4615 3680 4681 potuit

2103 4694 2291 4752 euma
2326 4678 2489 4752 rebus
2525 4679 2729 4752 creatis
2775 4678 2923 4748 plene
2953 4688 3002 4732 et
3033 4681 3088 4733 in
3133 4688 3300 4733 totum
3339 4678 3586 4752 percipi?
3613 4684 3681 4735 At

2104 4747 2368 4818 Spiritum
2404 4747 2478 4802 ita
2508 4748 2675 4802 dividi
2710 4747 3208 4814 et’communirari,
3252 4759 3310 4804 ut
3340 4747 3573 4808 totus-et
3598 4755 3681 4807 in-

2104 4827 2266 4891 teger
2286 4825 2524 4891 maneat,
2558 4819 2833 4891 sententia
2861 4829 2946 4874 est
2977 4819 3179 4875 Basilio
3205 4821 3367 4891 digna
3395 4832 3450 4876 et
3473 4823 3678 4877 sanctis

2101 4886 2358 4962 Patribus
2411 4888 2940 4962 notissinia._‘_Unum
2979 4905 3053 4962 ex
3103 4886 3360 4946 omniﬁus
3406 4894 3679 4962 proferam

2099 4959 2474 5026 Ambrosium,
2493 4963 2585 5028 qui
2611 4959 2874 5028 Basilium
2901 4959 3150 5014 imitatur
3172 4974 3225 5015 et
3247 4959 3524 5016 illustrat:
3555 4963 3678 5015 Non

2098 5030 2237 5082 enim
2267 5037 2443 5100 totum
2481 5027 2907 5100 eﬂudittinquit
2933 5030 3027 5083 lib.
3073 5046 3088 5083 ι
3133 5031 3206 5084 De
3240 5031 3440 5100 Spiritu
3474 5045 3676 5096 sancto,

2101 5114 2222 5168 cap.
2259 5098 2312 5164 8,
2341 5098 2430 5151 sed
2463 5098 2600 5169 quod
2641 5098 2849 5167 effudit,
2887 5100 3129 5154 onmibus
3171 5098 3479 5157 abundavit.
3528 5105 3680 5169 Quod

2102 5169 2264 5244 igitur
2301 5170 2452 5222 nobis
2482 5170 2615 5222 satis
2645 5185 2755 5222 esse
2779 5169 3061 5238 judicavit,
3097 5172 3326 5238 emittit:
3360 5185 3408 5226 et
3437 5175 3574 5244 quod
3599 5176 3680 5242 ef-

2103 5242 2281 5307 fusum
2325 5248 2424 5304 est,
2471 5256 2575 5292 non
2620 5252 2924 5306 separatum
2970 5250 3047 5293 est
3094 5259 3185 5294 nec
3232 5242 3457 5297 incisum
3517 5265 3534 5298 :
3593 5244 3682 5298 sed

2104 5310 2362 5362 unitatem
2401 5309 2578 5372 habet,
2627 5327 2727 5379 quo
2779 5311 2944 5363 aciem
2988 5313 3159 5366 nostri
3204 5313 3378 5368 cordis
3422 5314 3682 5368 illuminat

2102 5394 2214 5452 pro
2250 5389 2445 5434 nostra:
2478 5382 2846 5452 possibilitate
2897 5382 3126 5434 virtutis.
3186 5382 3420 5452 Denique
3477 5396 3683 5438 tantum

2097 5451 2359 5524 capimus,
2415 5451 2672 5524 quantum
2722 5451 2986 5524 profectus
3037 5463 3235 5506 nostrae
3279 5451 3466 5508 mentis
3501 5459 3682 5524 acqui-

2099 5523 2190 5594 rit.
2219 5519 2626 5594 “Insepairabilis
2687 5531 2765 5574 est
2831 5523 2969 5574 enim
3030 5524 3302 5590 plenitudo
3347 5528 3536 5594 gratia:
3575 5519 3684 5594 spi-

2099 5590 2297 5658 ritalis,
2345 5590 2436 5648 sed
2470 5591 2620 5646 nobis
2662 5607 2758 5661 pro
2803 5601 2999 5647 nostra:
3040 5590 3401 5661 participatur
3431 5590 3681 5655 facultate
