3900 6212
221 336 328 393 109

1357 327 1552 383 LIBER
1593 325 1680 379 DE
1718 323 1988 380 SPIBITU
2031 322 2320 380 SANCTO.

3371 323 3468 373 Ηυ

217 475 338 521 νος,
364 475 436 528 ης
478 458 512 527 ή
559 457 735 528 χάρις,
772 455 851 526 τῷ
884 453 1206 507 ἀπολαύοντι
1240 451 1313 516 ὼς
1361 452 1506 522 μόνῳ
1533 445 1804 522 παροῦσα,

1937 446 2036 502 idei
2080 445 2402 517 dispertitur
2438 443 2546 500 vim
2586 458 2763 500 suam.
2800 443 3041 514 Simplex
3074 441 3334 505 essentia,
3375 453 3470 494 va-

220 549 322 602 καὶ
354 547 462 618 γῆν
496 547 796 618 ἐπιλάμπει
825 545 922 598 καὶ
946 543 1240 608 θάλασσαν,
1275 544 1369 596 καὶ
1386 541 1465 612 τῷ
1491 540 1612 612 ἀέρι
1648 539 1806 608 ἐγκέ-

220 654 453 709 κραται.
483 638 640 691 υῦτω
675 637 739 708 δὴ
769 638 864 690 καὶ
889 636 950 690 τὸ
978 635 1204 706 Πνεῦμα
1236 634 1450 704 ἐκάστῳ
1488 633 1594 686 τῶν
1631 631 1808 684 δεκτι-

215 734 361 795 κῶν,
397 733 476 796 ὡς
510 733 654 803 μόνῳ
698 731 893 803 παρὸν,
936 729 1139 801 διαρκῆ
1185 730 1297 791 τοῖς
1348 727 1483 779 πᾶσι
1509 724 1609 796 τὴν
1649 723 1806 794 χάριν

214 823 518 895 ὀλόκληρον
569 824 894 894 ἐπαφίησιν·
947 817 1008 876 οὗ
1055 819 1316 875 ἀπολαύει
1366 817 1435 871 τά
1476 817 1804 888 μετέχοντα,

216 917 350 968 ὅσον
385 915 525 973 αὐτὰ
556 915 799 985 πέφυκεν
826 912 960 985 (28),
991 913 1092 984 οὐχ
1119 914 1242 966 ὅσον
1264 913 1440 963 ἐκεῖνο
1459 908 1700 961 δύναται.

1909 539 2028 593 rius
2065 539 2362 609 potentiis;
2397 538 2490 609 qui
2541 535 2774 608 singulis
2818 542 2969 593 totus
3013 534 3186 601 adest,
3240 540 3295 588 et
3321 539 3472 588 totus

1910 629 2113 698 ubique
2136 636 2242 684 est.
2269 629 2372 693 Qui
2405 629 2484 683 sic
2511 627 2773 681 dividitur
2795 633 2856 679 ut
2881 627 2999 695 ipse
3032 624 3167 678 nihil
3195 622 3472 692 patiatur;

1912 723 2072 792 cujus
2124 723 2205 777 sie
2251 735 2444 775 omnes
2478 719 2774 790 participes
2811 727 2962 781 sunt,
3016 727 3075 771 ut
3105 716 3221 786 ipse
3260 722 3472 768 maneat

1913 813 2146 883 integer,
2181 811 2319 866 radii
2363 811 2562 867 solaris
2596 811 2650 864 in
2681 825 2912 875 morem,
2939 808 3116 878 cujus
3149 804 3476 862 beneﬁcium

1914 903 2118 960 frucnti
2165 913 2425 974 tanquam
2471 903 2568 956 uni
2611 902 2786 965 adest,
2837 909 2895 955 et
2933 908 3116 956 tamen
3167 906 3369 952 terram
3411 908 3476 950 ac

220 1026 381 1066 mare
426 1013 688 1073 illustrat,
737 1012 1111 1078 misceturque
1144 1007 1278 1060 aeri.
1330 1005 1424 1059 Sic
1471 1011 1526 1060 et
1569 1001 1808 1072 Spiritus
1849 1008 2095 1063 sanctus,
2131 999 2429 1068 unicuique
2466 997 2748 1067 capacium
2777 995 2887 1065 20
2918 1009 3044 1049 cum
3113 993 3258 1048 adsit
3317 989 3481 1061 quasi

222 1104 357 1166 soli,
390 1102 752 1157 sufﬁcientem
781 1102 1038 1155 omnibus
1065 1101 1294 1172 gratiam
1352 1110 1418 1152 ac
1480 1095 1751 1164 integram
1790 1089 2031 1145 infundit
2071 1109 2084 1143 :
2151 1104 2262 1159 quo
2313 1087 2574 1142 fruuntur
2602 1099 2944 1156 quaecunque
2989 1082 3058 1138 de
3107 1083 3204 1136 illo
3249 1081 3477 1152 partici-

224 1203 383 1265 pant,
411 1203 679 1264 quantum
708 1195 844 1262 ipsis
892 1193 974 1249 fas
1011 1201 1093 1248 est
1127 1201 1340 1257 natura,
1375 1203 1483 1242 non
1517 1192 1788 1256 quantum
1821 1183 1910 1239 ille
1938 1189 2139 1254 potest.

297 1285 391 1340 25.
433 1285 720 1348 Οίκείωσις
751 1285 807 1337 δέ
841 1285 1158 1355 Πνεύματος
1190 1282 1324 1355 πρὸς
1350 1280 1528 1354 ψυχὴν
1553 1277 1698 1350 οὐχὸ
1719 1275 1808 1330 διὰ

222 1381 398 1434 τόπου
445 1379 848 1450 προσεγγισμδς
894 1379 1036 1448 (πῶς
1077 1379 1184 1450 γὰρ
1231 1379 1297 1432 ἂν
1358 1374 1687 1446 πλησιάσαις
1729 1370 1809 1442 τῷ

227 1469 512 1541 ἀσωμάτῳ
536 1469 861 1540 σωματικῶς
881 1471 944 1540 ;),
975 1470 1086 1523 ἀλλ’
1104 1469 1132 1520 ὁ
1158 1467 1437 1540 χωρισμὸς
1463 1465 1572 1519 τῶν
1598 1462 1807 1526 παθῶν,

226 1561 399 1632 ἅπερ,
441 1561 549 1613 ἀπὸ
576 1561 676 1631 τῆς
708 1561 843 1632 πρὸς
877 1560 975 1632 τὴν
1010 1561 1187 1632 σάρκα
1225 1558 1405 1626 φιλίας
1436 1557 1661 1627 ὕστερον
1690 1556 1807 1606 ἐπιο

227 1652 496 1720 γινόμενα
534 1653 600 1721 τῇ
638 1650 807 1721 ψυχῇ,
853 1651 956 1721 τῆς
1009 1651 1116 1703 ἀπὸ
1164 1647 1260 1702 τοῦ
1303 1647 1438 1701 Θεοῦ
1482 1645 1812 1715 οἰκειότητος

1979 1276 2070 1331 25.
2100 1273 2336 1346 Spiritus
2365 1283 2543 1328 autem
2577 1286 2702 1326 cum
2732 1269 2912 1324 anima
2939 1266 3255 1337 coniunctio
3286 1279 3395 1320 non
3419 1264 3481 1320 ﬁt

1915 1367 2019 1422 loci
2047 1365 2449 1437 propinquitate
2482 1364 2629 1435 (nam
2672 1363 2767 1432 qui
2793 1360 2886 1414 ﬁat
2918 1368 2978 1415 ut
3001 1359 3066 1414 ad
3094 1359 3479 1428 incorporeum

1915 1458 2273 1529 corporaliter
2305 1457 2534 1512 accedas
2549 1455 2616 1525 ?),
2647 1455 2740 1509 sed
2763 1467 2793 1507 a
2815 1450 3205 1522 cupiditatibus
3233 1463 3479 1512 recessu,

1916 1566 2036 1620 quae
2065 1558 2188 1620 post
2207 1557 2556 1605 accesserunt
2579 1548 2771 1601 anima:
2790 1552 3010 1615 propter
3031 1541 3321 1596 amicitiam
3352 1553 3480 1609 erga

1918 1656 2160 1707 carnem,
2182 1649 2280 1696 eta
2296 1641 2387 1697 Dei
2417 1641 2693 1697 consortio
2717 1639 3039 1693 alienarunt.
3067 1635 3270 1702 Itaque,
3293 1634 3340 1688 si
3357 1632 3481 1702 quis

226 1741 590 1812 ἠλλοτρίωσε.
625 1740 986 1812 Καθαρθέντα
1023 1740 1086 1812 δὴ
1125 1735 1219 1794 οὖν
1249 1738 1357 1792 ἀπὸ
1387 1736 1481 1790 τοῦ
1511 1735 1752 1806 αἴσχους,
1784 1735 1812 1788 ὃ

1937 1733 2086 1798 Ibeo,
2108 1734 2252 1804 quod
2283 1733 2398 1788 vitii
2429 1733 2549 1788 labe
2580 1739 2948 1794 contraxerat,
2980 1727 3177 1798 probro
3198 1733 3480 1796 purgetur,

228 1833 549 1904 ἀνεμάξατο
586 1833 673 1887 διὰ
711 1835 810 1903 τῆς
836 1833 1054 1898 κακίας,
1097 1835 1190 1887 καὶ
1226 1831 1359 1902 πρὸς
1391 1831 1453 1884 τὸ
1493 1831 1558 1882 ἐκ
1598 1829 1811 1898 φύσεως

229 1924 434 1987 κάλλος
472 1923 854 1988 ἐπανελθόντα,
907 1924 1004 1976 καὶ
1048 1919 1159 1976 οἷον
1197 1921 1366 1975 εἰκόνι
1417 1918 1666 1989 βασιλικῇ
1714 1917 1814 1987 τὴν

233 2018 476 2089 ἀρχαίαν
515 2017 729 2088 μορφὴν
764 2015 854 2070 διὰ
892 2015 1265 2087 καθαρότητος
1310 2014 1596 2076 ἀποδόντα,
1643 2010 1816 2072 οὕτως

235 2113 358 2164 ἐστὶ
383 2112 559 2180 μόνως
581 2111 940 2182 προσεγγίσαι
961 2110 1038 2180 τῷ
1058 2107 1420 2179 Παρακλήτῳ.
1453 2106 1510 2158 '0
1539 2103 1604 2168 δ’,
1629 2102 1818 2170 ῶσπερ

235 2199 412 2270 ἥλιος,
451 2199 861 2271 κεκαθαρμένον
885 2199 1038 2270 ὄμμα
1069 2197 1422 2270 παραλαϐὼν,
1457 2195 1620 2262 δείξει
1651 2211 1733 2246 σοι
1761 2197 1818 2246 ἐν

239 2291 424 2360 ἐαυτῷ
461 2292 560 2362 τὴν
595 2292 778 2345 εἰκόνα
812 2293 906 2346 τοῦ
948 2291 1200 2362 ἀοράτου.
1242 2291 1328 2343 Ἐν
1356 2289 1413 2341 δὲ
1445 2287 1524 2359 τῷ
1564 2285 1820 2358 μακαρίῳ

237 2382 341 2452 τῆς
371 2383 580 2445 είκάνος
605 2382 838 2452 θεάματι
874 2382 936 2434 τὸ
965 2381 1200 2452 ἄρρητον
1232 2381 1353 2450 ὂψει
1383 2377 1477 2432 τοῦ
1511 2377 1819 2450 ἀρχετύπου

239 2473 466 2536 κάλλος.
495 2473 596 2525 Διά
619 2473 810 2526 τούτου
852 2473 1088 2544 καρδιῶν
1116 2471 1375 2534 ἀνάϐασις
1395 2471 1528 2542 (29),
1553 2485 1823 2540 χειραγω-

239 2561 339 2629 γία
364 2563 475 2615 τῶν
504 2563 896 2628 ἀσθενούντων,
927 2563 1036 2615 τῶν
1070 2561 1488 2635 προκοπτόντων
1521 2559 1818 2622 τελείωσις.

239 2653 444 2714 Τοῦτο,
478 2655 592 2716 τοῖς
637 2653 745 2705 ἀπὸ
785 2652 968 2721 πάσης
1014 2653 1231 2722 κηλίδος
1270 2650 1702 2721 κεκαθαρμένοις
1738 2648 1824 2701 ἐλ-

238 2743 484 2814 λάμπον,
523 2746 590 2815 τῇ
627 2744 762 2814 πρὸς
784 2743 944 2796 ἑαυτὸ
971 2741 1224 2812 κοινωνίᾳ
1260 2740 1660 2812 πνευματικοὺς
1691 2739 1824 2792 ἀπο-

235 2835 510 2892 δείκνυσι.
551 2837 662 2888 Καὶ
704 2834 894 2905 ὥσπερ
932 2833 1002 2886 τὰ
1042 2832 1272 2904 λαμπρά
1311 2832 1404 2885 καὶ
1448 2831 1680 2900 διαφανῆ
1717 2829 1825 2882 τῶν

241 2927 542 3000 σωμάτων,
583 2927 801 2988 ἀκτῖνος
850 2925 1031 2987 αὐτοῖς
1072 2921 1419 2993 ἐμπεσούσης
1445 2922 1577 2993 (50),
1604 2921 1744 2974 αὑτά
1765 2937 1824 2972 τε

238 3017 463 3087 γίνεται
505 3015 849 3086 περιλαμπῆ,
891 3015 984 3067 καὶ
1025 3013 1218 3083 ἑτέραν
1263 3010 1438 3082 αὐγὴν
1478 3011 1570 3078 ἀφ’
1617 3009 1826 3062 ἑαυτῶν

237 3106 589 3160 ἀποστίλϐει·
631 3105 804 3167 οὕτως
837 3105 892 3156 αἱ
934 3101 1375 3172 πνευματοφόροι
1407 3099 1595 3169 ψυχαὶ,
1627 3098 1827 3169 ἐλλαμ-

241 3202 472 3271 ιξθεῖσαι
495 3200 645 3270 παρά
677 3198 770 3252 τοῦ
799 3197 1134 3268 Πνεύματος,
1167 3195 1329 3250 αὐταί
1360 3211 1416 3247 τε
1443 3191 1827 3246 ἀποτελοῦνται

245 3293 650 3363 πνευματικαὶ,
689 3290 785 3344 κα)⁸
824 3291 904 3353 εἰς
943 3288 1160 3359 ἐτέρους
1193 3288 1290 3358 τὴν
1313 3286 1471 3359 χάριν
1502 3283 1828 3351 ἐξαποστέλ-

242 3387 458 3439 λουσιν.
503 3381 782 3436 Ἐντεῦθεν
817 3379 1117 3452 μελλόντων
1148 3377 1476 3449 πρόγνωσις,
1519 3372 1829 3445 μυστηρίων

246 3477 498 3538 σύνεσις,
533 3470 931 3545 κεκρυμμένων
945 3467 1264 3539 κατάληψις,
1282 3466 1633 3538 χαρισμάτων
1654 3465 1829 3517 διανο-

250 3572 380 3640 μαὶ,
413 3569 474 3621 τὸ
495 3567 745 3638 οὐράνιον
772 3565 1092 3634 πολίτευμα,
1114 3565 1146 3633 ὴ
1183 3561 1320 3632 μετὰ
1347 3558 1593 3628 ἀγγέλων
1621 3555 1829 3628 χορεία,

245 3664 285 3734 ἡ
313 3659 675 3729 ἀτελεύτητος
709 3657 822 3728 (51)
859 3654 1182 3726 εὐφροσύνη,
1219 3653 1252 3723 ἡ
1289 3653 1346 3704 ἐν
1382 3648 1500 3719 Θεῷ
1526 3647 1829 3719 διαμονὴ,ή

250 3755 394 3826 πρὸς
450 3753 584 3806 Θεὸν
624 3750 902 3822 ὁμοίωσις,
957 3748 1018 3800 τὸ
1072 3744 1372 3817 ἀκρότατον
1419 3743 1530 3796 τῶν
1572 3740 1831 3810 ὀρεκτῶν,

252 3847 381 3920 θεὸν
411 3843 687 3914 γενέσθαι.
719 3843 784 3895 Αἱ
815 3840 912 3912 μὲν
939 3833 1032 3893 οῦν
1056 3839 1184 3910 περὶ
1216 3836 1308 3890 τοῦ
1344 3835 1499 3905 ἁγίου
1523 3832 1836 3904 Πνεύματος

253 3937 461 3992 ἔννοιαι
490 3933 669 4005 ἡμῶν,
705 3931 772 3995 ἃς
808 3930 937 4002 περὶ
966 3928 1058 3982 τοῦ
1095 3926 1357 3999 μεγέθους
1401 3923 1567 3978 αὑτοῦ
1610 3923 1703 3975 καὶ
1735 3922 1837 3992 τ’ἧς

256 4030 423 4094 ἀξίας
454 4027 550 4081 καὶ
579 4025 686 4079 τῶν
735 4023 1126 4095 ἐνεργημάτων
1158 4020 1248 4073 ὑπ’
1289 4017 1469 4073 αὐτῶν
1496 4015 1604 4070 τῶν
1643 4015 1838 4083 λογίων

255 4122 357 4176 τοῦ
393 4119 715 4190 Πνεύματος
760 4118 977 4190 φρονεῖν
1010 4110 1386 4183 ἐδιδάχθημεν,
1426 4109 1502 4172 ὡς
1542 4107 1697 4174 ὀλίγα
1732 4105 1840 4158 ἀπὸ

260 4211 479 4267 πολλῶν
508 4191 873 4282 παραθέσθαι,
903 4205 1170 4259 τοιαῦται.
1198 4201 1336 4273 Ἤδη
1362 4200 1553 4270 δὲ’(52)
1583 4197 1720 4268 πρὸς
1743 4198 1840 4250 ἀν-

261 4301 576 4370 τιλογικοῦς
603 4298 900 4371 χωρητέον,
933 4293 1308 4366 πειρωμένους
1340 4291 1582 4360 ἐλέγχειν
1612 4287 1711 4349 τὰς
1743 4287 1838 4339 άν-

261 4395 529 4458 τιθέσεις,
559 4391 657 4454 τάς
684 4393 749 4443 ἐκ
776 4393 875 4460 τῆς
903 4384 1254 4458 ψευδωνύμου
1283 4383 1537 4452 γνώσεως
1560 4382 1694 4450 ἡμῖν
1717 4395 1843 4449 προσ

266 4484 624 4556 ϐαλλομὲνας.

818 4593 1217 4649 ΚΕΦΑΛΑΙΟΝ
1249 4591 1306 4645 I'.

269 4696 431 4763 Πρὸς
460 4692 604 4757 τοὺς
626 4691 930 4763 λέγοντας.
946 4687 1031 4763 μὴ
1076 4679 1706 4763 χρῆναζσιίντὰσσειν
1729 4679 1846 4729 Πα-

590 4751 680 4829 τρὶ
706 4751 809 4813 καὶ
831 4751 1032 4824 Υὶῶτὸ
1063 4751 1234 4824 ἅγιον
1268 4751 1530 4820 Πνεῦμα.

341 4855 436 4910 24.
473 4854 546 4905 Οὐ
578 4853 704 4924 χρὴ,
741 4851 896 4920 φασὶ,
927 4848 1100 4918 Πατρὶ
1132 4844 1228 4898 καὶ
1258 4841 1375 4913 Υίῷ
1408 4837 1762 4908 συντετάχθαι
1787 4836 1848 4887 τὸ

272 4952 434 5018 ἅγιον
463 4945 708 5015 Πνεῦμα,
735 4942 826 4996 διά
853 4959 912 4994 τε
955 4940 1014 4993 τὸ
1047 4939 1148 5009 τῆς
1176 4935 1391 5007 φύσεως
1430 4931 1730 5003 ἀλλότριον,
1759 4927 1849 4980 καὶ

275 5117 509 5161 narunt.
550 5102 686 5156 Vide
725 5099 910 5154 Basilii
954 5095 1231 5150 homiliam
1267 5090 1343 5145 De
1389 5088 1493 5159 ﬁde
1518 5102 1666 5161 _pag.
1722 5085 1848 5161 155.

276 5157 608 5244 isaulohpost
645 5171 774 5226 editi
818 5170 879 5221 τὸ
927 5165 1150 5235 Πνεῦμα
1185 5164 1248 5215 τὸ
1292 5157 1462 5228 ἅγιον.
1518 5157 1649 5212 Mss.
1695 5165 1753 5208 ut
1796 5157 1850 5207 in

278 5257 561 5304 contextu.

350 5295 797 5385 Eglhﬂegavw.
835 5303 1186 5385 Mendoselin
1235 5300 1394 5385 editis
1421 5295 1853 5385 Aaddi‘turpdliiya-

281 5363 612 5454 σθαιῖἠῖἶὸιῖ
638 5363 902 5454 anostrjs
925 5374 1217 5454 codicibus
1246 5384 1379 5454 mss.
1415 5363 1853 5454 abest.‘Xi,detur

586 5435 782 5520 legisse
806 5449 902 5520 οὐχ
938 5447 1059 5520 ὅσον
1093 5440 1231 5520 αὑ·τά
1269 5439 1536 5507 πέφυκεν,
1583 5435 1697 5489 ἀλλ’
1729 5435 1853 5514 ᾆσον

285 5504 735 5582 δύναῖαι.
775 5504 1041 5570 εἰτ”εηὶιιι
1071 5512 1253 5582 reddit
1282 5527 1295 5563 ;
1327 5504 1429 5561 non
1452 5515 1706 5576 quantum
1735 5504 1854 5582 ipsa

285 5573 624 5651 ἷιὶὲῖέίνὶι
645 5573 862 5661 possunt
891 5600 1093 5661 capere,
1132 5579 1222 5661 sed
1251 5573 1509 5661 quantum
1539 5585 1723 5661 potest‘
1738 5573 1850 5625 ille.

284 5643 746 5721 ﬁuiééuégiuiam
781 5643 1114 5711 vocat'hanc
1148 5643 1654 5718 interpretationem
1685 5643 1852 5698 Com-

289 5737 552 5799 heﬁsius;
581 5732 676 5788 sed
697 5738 878 5784 tamen
907 5725 994 5781 hic
1018 5722 1228 5779 Erasmi
1251 5721 1464 5775 videtur
1491 5729 1612 5773 esse
1631 5728 1856 5781 sensus,

1915 1835 2077 1896 atque
2099 1825 2166 1879 ad
2202 1825 2439 1878 nativam
2474 1822 2932 1893 pulchritudinem
2956 1833 3208 1873 reversus
3235 1818 3378 1871 velut
3396 1829 3485 1869 re-

1915 1918 2014 1988 gia:
2044 1918 2261 1987 imagini
2297 1915 2525 1970 formam
2562 1925 2790 1969 veterem
2823 1926 2922 1981 per
2951 1910 3239 1980 puritatem
3268 1905 3481 1970 reddat,

1916 2009 2020 2063 hoc
2045 2023 2154 2062 uno
2174 2007 2391 2063 demum
2425 2006 2584 2061 modo
2609 2013 2789 2074 potest
2817 2003 2885 2057 ad
2916 1999 3252 2055 Paracletum
3288 2012 3486 2068 appro-

1918 2099 2204 2168 pinquare.
2254 2095 2348 2151 Ille
2397 2106 2611 2160 autem,
2654 2092 2822 2148 veluti
2879 2091 2994 2155 sol,
3047 2104 3240 2160 purum
3288 2095 3484 2142 nactus

1918 2192 2157 2253 oculum,
2193 2187 2446 2244 ostendet
2476 2187 2573 2242 tibi
2607 2186 2661 2240 in
2684 2184 2868 2255 seipso
2901 2181 3190 2253 imaginem
3223 2181 3369 2236 illius
3391 2182 3484 2250 qui

1918 2283 2090 2339 videri
2127 2298 2236 2337 non
2272 2289 2472 2352 potest.
2512 2279 2570 2334 in
2615 2278 2772 2334 beata
2819 2285 2997 2331 autem
3031 2274 3194 2343 hujus
3231 2273 3486 2344 imaginis

1920 2374 2372 2444 contemplatione
2414 2371 2625 2427 videbis
2668 2368 2994 2424 ineffabilem
3039 2365 3317 2436 archetypi
3365 2366 3488 2434 pul—

1921 2463 2301 2520 chritudinem.
2321 2461 2422 2517 Per
2450 2462 2596 2515 hunc
2627 2460 2791 2516 corda
2827 2458 3185 2514 sustolluntur
3214 2456 3268 2509 in
3293 2455 3486 2518 altum,

1923 2570 2087 2610 manu
2132 2553 2407 2608 ducuntur
2443 2551 2678 2615 inﬁrmi,
2724 2548 3072 2620 proﬁcientes
3111 2547 3484 2618 perﬁciuntur.

1924 2646 2023 2701 Hic
2042 2648 2122 2702 eis
2159 2647 2255 2717 qui
2275 2646 2343 2701 ab
2367 2645 2516 2700 omni
2546 2643 2706 2699 sorde
2739 2643 2956 2713 purgati
2988 2651 3115 2696 sunt
3141 2643 3486 2704 illucescens,

1925 2755 2020 2810 per
2045 2738 2483 2794 communionem
2509 2751 2671 2806 quam
2697 2749 2822 2790 cum
2851 2735 2968 2804 ipso
2991 2734 3210 2800 habent,
3234 2730 3492 2802 spiritua—

1926 2833 2005 2886 les
2037 2829 2230 2886 reddit.
2263 2829 2328 2883 Et
2349 2826 2803 2898 quemadmodum
2832 2840 3063 2895 corpora
3095 2823 3285 2888 nitida,
3320 2823 3490 2893 pellu-

1926 2923 2177 2993 cidaque,
2201 2930 2452 2978 contacta
2483 2920 2656 2986 radio,
2692 2920 2825 2974 ﬁunt
2846 2928 2900 2974 et
2931 2919 3047 2990 ipsa
3078 2934 3242 2987 supra
3271 2916 3490 2970 modum

1928 3013 2232 3085 splendida,
2283 3019 2338 3066 et
2367 3013 2532 3065 alium
2582 3010 2846 3080 fulgorem
2876 3025 2942 3064 ex
2967 3023 3088 3064 sese
3134 3007 3492 3078 profundunt,

1855 3113 1898 3171 ο
1931 3105 2004 3158 ita
2031 3104 2224 3157 animae
2263 3116 2384 3172 quae
2426 3100 2685 3171 Spiritum
2719 3099 2931 3164 ferunt,
2971 3099 3427 3167 illustranturque
3464 3113 3496 3150 a

1931 3192 2166 3264 Spiritu,
2184 3192 2321 3247 ﬁunt
2343 3201 2396 3248 et
2427 3191 2560 3261 ipsa:
2582 3183 2914 3261 spiritiiales,
2939 3197 2994 3244 et
3032 3189 3086 3243 in
3107 3189 3241 3244 alios
3264 3189 3494 3259 gratiam

1929 3286 2205 3342 emittunt.
2234 3283 2374 3339 Hinc
2399 3283 2707 3337 futurorum
2731 3280 3093 3352 praescientia,
3113 3278 3497 3350 mysteriorum

1929 3377 2320 3448 intelligentia,
2360 3375 2697 3431 occultorum
2741 3372 3190 3443 comprehensio,
3233 3371 3498 3425 donorum

1931 3469 2373 3532 distributiones,
2412 3466 2655 3522 ccclestis
2704 3465 3051 3520 conversatio
3075 3503 3090 3529 ,
3131 3479 3255 3518 cum
3293 3461 3502 3533 angelis

1932 3562 2130 3616 chorea
2161 3578 2174 3614 :
2206 3559 2334 3613 hinc
2357 3556 2612 3629 gaudium
2640 3570 2919 3625 nunquam
2954 3553 3270 3617 ﬁniendum,
3295 3551 3424 3605 hinc
3446 3550 3504 3605 in

1936 3657 2045 3710 Deo
2075 3649 2498 3723 perseverantia,
2529 3648 2657 3702 hinc
2683 3645 2984 3703 similitudo
3011 3660 3134 3698 cum
3157 3643 3286 3708 Deo,
3311 3650 3366 3697 et
3394 3658 3508 3712 quo

1935 3745 2070 3800 nihil
2097 3743 2384 3800 sublimius
2416 3740 2593 3811 expeti
2633 3745 2833 3810 potest,
2861 3736 2989 3791 hinc
3020 3742 3104 3791 est
3133 3743 3194 3788 ut
3219 3734 3354 3789 deus
3383 3735 3502 3789 fias.

1934 3837 2264 3892 Communes
2287 3834 2452 3906 igitur
2478 3841 2681 3887 nostrae
2704 3831 2956 3884 notiones
2987 3824 3057 3881 de
3095 3832 3286 3882 sancto
3327 3824 3508 3894 Spirio

1935 3935 2017 3990 tu,
2043 3940 2180 3995 quas
2211 3923 2282 3977 de
2315 3920 2691 3992 magnitudine
2715 3915 3090 3986 dignitateque
3123 3911 3294 3976 illius,
3333 3910 3511 3979 deque

1937 4015 2348 4087 operationibus
2367 4054 2382 4078 ,
2407 4013 2474 4066 ab
2505 4011 2640 4082 ipsis
2667 4008 2906 4078 Spiritus
2937 4002 3172 4074 eloquiis
3200 4001 3404 4058 sentire
3429 4001 3510 4054 di-

1937 4109 2192 4173 dicimus,
2226 4114 2286 4160 ut
2313 4104 2549 4160 emultis
2591 4115 2764 4172 pauca
2806 4097 3096 4153 aderamus
3118 4133 3133 4159 ,
3169 4093 3253 4147 sic
3285 4093 3506 4146 habent.

1939 4197 2093 4253 Nunc
2111 4206 2288 4250 autem
2306 4194 2372 4249 ad
2396 4187 2805 4247 contradicendi
2820 4186 3047 4257 cupidos
3061 4182 3388 4240 veniendum
3403 4189 3489 4235 est

1940 4291 2366 4357 conabimurque
2392 4287 2610 4340 illorum
2637 4281 2979 4350 objectiones
3011 4276 3264 4332 refellere
3323 4288 3461 4343 quas
3482 4287 3513 4327 ο

1943 4383 2064 4438 falsi
2088 4380 2326 4439 nominis
2353 4376 2583 4434 scientia
2612 4373 2773 4427 nobis
2797 4375 3126 4440 proponunt.

2574 4569 2801 4626 CAPUT
2847 4569 2916 4623 Χ.

1979 4671 2240 4726 Adversus
2269 4685 2356 4723 eos
2382 4668 2471 4737 qui
2496 4666 2806 4737 dicuntnon
2825 4669 3062 4728 oportere
3086 4656 3238 4710 Patri
3259 4663 3310 4709 et
3339 4651 3481 4708 Filio

2294 4734 2575 4807 adjimgere
2605 4734 2862 4801 Spiritum
2897 4739 3162 4783 sanctum.

2017 4831 2108 4886 24.
2135 4829 2257 4884 Non
2279 4833 2516 4898 oportet,
2555 4824 2832 4892 inquiunt,
2875 4817 3022 4871 Patri
3061 4824 3115 4870 et
3147 4813 3286 4868 Filio
3323 4812 3520 4881 adjun-

1951 4939 2078 4996 gere
2108 4921 2374 4994 Spiritum
2401 4927 2654 4974 sanctum
2686 4933 2700 4968 :
2730 4911 2926 4982 partim
2962 4924 3028 4964 eo
3060 4905 3207 4978 quod
3237 4905 3308 4960 sit
3331 4905 3520 4958 aliena:

1955 5073 2191 5144 Spiritus
2237 5071 2423 5144 sancti
2453 5068 2681 5144 gratiam
2718 5079 2848 5144 non.
2875 5079 2942 5144 ex
2977 5060 3258 5144 hominum
3288 5056 3512 5111 inﬁrmi-

1954 5130 2084 5206 tate,
2115 5144 2211 5200 sed
2248 5158 2315 5197 ex
2349 5130 2498 5194 illiuvs
2532 5131 2929 5204 omnipoteritia
2962 5130 3220 5206 pendere.

2025 5199 2510 5286 (29)7Ἀφςιί6‹τισιςι.⁸
2655 5199 2898 5274 quinque
2926 5199 3146 5286 codices
3175 5217 3189 5252 ;
3223 5199 3365 5250 alius
3393 5211 3522 5286 cum

1955 5267 2688 5342 εάίιίὲὰναῦάσειςίιυἰάοηὶ
2709 5267 3068 5344 χειραγωγίαι
3096 5272 3150 5324 in
3177 5283 3298 5344 uno
3311 5267 3521 5320 codice.

2025 5337 2138 5422 (δύ)
2182 5337 2620 5422 Ἐμπεσρύσης.
2638 5337 3014 5422 Pu'ofodices
3041 5337 3428 5422 ἐπιπεσούσης.

2028 5406 2138 5495 ξῦίδ
2181 5406 2620 5495 Ὰὲελεύτητοξῇ-
2638 5415 2753 5495 Duo
2783 5412 2935 5495 Eiehgii
2965 5406 3521 5495 codices'dtzélecroa

1957 5477 2162 5550 Ibidem
2191 5477 2542 5559 antiquitres
2564 5477 2692 5559 libri
2789 5477 2968 5544 ἐνθεος
2995 5477 3248 5559 διανομὴ.

2029 5543 2162 5634 (351)"
2351 5557 2561 5634 δεῇ-Ηῇο
2584 5543 2774 5627 ἱηοὶρὶἰ
2797 5543 2960 5620 caput
2983 5543 3254 5604 decimum
3284 5546 3341 5601 in
3365 5543 3513 5616 quit;-

1960 5629 2068 5709 que
2094 5629 2369 5690 veteribus
2399 5629 2579 5685 libris.
