3900 6212
430 326 528 383 ιιι

1771 322 1831 379 5.
1869 320 2115 378 BASILII
2152 322 2366 379 MAGNI

3563 313 3661 366 113

424 445 659 501 παίω-ιε,
684 434 880 506 partim
902 432 1049 505 quod
1082 431 1348 505 dignitate
1382 432 1456 489 sit
1488 432 1737 500 inferior.
1783 432 1995 500 Quibus

2103 436 2156 491 ιδ
2178 440 2278 510 τῆς
2298 436 2455 505 ἀξίας
2479 434 2756 498 καταδεές.
2780 433 2924 505 Πρὸς
2944 430 3037 496 οὓς
3060 431 3268 487 δίκαιον
3286 429 3385 501 τὴν
3403 429 3511 483 τῶν
3534 429 3659 483 ἀπο-

425 542 641 601 ειιιιιιιη
670 534 755 581 est
780 532 840 581 ut
869 523 1240 594 apostolorum
1270 523 1456 580 verbis
1503 523 1936 594 respondeaus
1979 544 1993 581 :

425 619 537 673 Deo
572 623 772 686 oportet
800 614 1009 670 obedire
1035 615 1204 684 magis
1238 630 1398 684 quam
1431 613 1726 669 hominibus
1765 615 1832 670 ".
1861 615 1996 670 Nam

427 708 476 763 si
494 706 756 762 Dominus
790 715 974 775 aperte
1000 706 1055 759 in
1082 702 1343 759 tradendo
1371 704 1654 761 salutifero
1675 706 2000 777 baptismate

426 799 685 871 praecepit
713 796 1019 866 discipulis,
1050 805 1111 851 ut
1149 797 1489 867 baptizarent
1512 812 1701 853 omnes
1726 806 1915 869 gentes
1942 797 1997 852 in

424 890 647 946 nomine
671 887 851 943 Patris
882 894 936 942 et
976 887 1100 942 Filii
1135 896 1190 943 et
1236 887 1474 959 Spiritus
1505 889 1682 945 sancti
1725 890 1771 920 "
1792 928 1807 953 ,
1839 889 1998 957 ,haud

426 978 752 1049 dedignatus
800 993 926 1031 eum
969 978 1064 1033 illo
1113 980 1455 1034 consortium
1501 997 1516 1034 :
1558 987 1749 1034 contra
1792 979 1884 1034 isti
1914 980 1998 1034 di-

425 1080 592 1134 cunt,
637 1084 746 1124 non
795 1078 1047 1139 oportere
1089 1067 1355 1139 Spiritum
1401 1068 1546 1123 Patri
1590 1068 1838 1141 Filioque
1889 1070 1993 1141 21

425 1162 778 1232 conjungere;
811 1173 1013 1215 annon
1046 1158 1141 1215 Dei
1175 1168 1446 1230 praecepto
1496 1161 1674 1231 palam
1702 1160 1997 1217 adversan-

426 1252 555 1310 tur?
587 1252 822 1315 Etenim,
849 1252 894 1306 si
925 1250 1116 1305 dicunt
1142 1251 1454 1321 hujusmodi
1478 1252 1860 1321 conjunctione
1890 1268 1998 1307 non

424 1341 692 1397 declarari
714 1341 879 1394 ullam
911 1341 1352 1421 communionem
1381 1348 1477 1394 aut
1524 1342 1885 1407 consortium;
1915 1341 2002 1395 di-

423 1447 555 1495 cant
580 1436 842 1507 quidnam
868 1436 1159 1491 conveniat
1204 1435 1311 1490 hoc
1357 1433 1672 1493 existimare
1693 1473 1711 1501 ,
1742 1443 1797 1491 et
1836 1449 1996 1505 quam

426 1530 589 1586 aliam
614 1526 842 1583 eﬂ'erant
860 1527 1034 1598 magis
1054 1528 1393 1597 peculiarem
1415 1526 1683 1581 consortii
1708 1526 2000 1581 rationem?

426 1619 496 1675 Et
528 1619 748 1690 quidem
790 1620 836 1675 si
870 1619 1134 1674 Dominus
1184 1619 1288 1674 sibi
1331 1626 1384 1674 et
1417 1618 1565 1672 Patri
1595 1632 1705 1672 non
1750 1618 2000 1687 adiunxit

432 1708 696 1779 Spiritum
733 1706 787 1762 in
816 1708 1109 1778 baptismo,
1135 1721 1313 1778 neque
1338 1708 1501 1761 etiam
1527 1707 1686 1762 nobis
1713 1706 1847 1761 vitio
1878 1722 1999 1761 ver-

428 1772 546 1852 ta'nt
576 1796 724 1867 quod
753 1812 848 1853 eos
881 1772 1289 1869 conjungimus.
1327 1796 1472 1852 Nihil
1498 1797 1644 1852 enim
1673 1812 1776 1852 nos
1818 1797 1997 1853 diver-
2029 1772 2070 1831 Β

428 1904 551 1943 sum
584 1904 761 1959 neque
800 1890 1066 1945 sentimus
1091 1929 1106 1955 ,
1142 1904 1317 1961 neque
1348 1889 1644 1959 loquimur.
1679 1890 1775 1944 Sin
1814 1900 1996 1945 autem

430 1983 542 2037 illic
594 1982 927 2053 conjunctus
976 1990 1066 2038 est
1109 1980 1258 2035 Patri
1305 1988 1361 2036 et
1404 1982 1544 2037 Filio
1588 1982 1846 2052 Spiritus,
1897 1997 1998 2037 nec

428 2074 721 2145 qt-‘squam
763 2083 845 2129 est
887 2073 1023 2127 adeo
1072 2071 1360 2143 impudens
1382 2111 1399 2137 ,
1431 2081 1490 2127 ut
1521 2072 1671 2128 aliud
1702 2074 1998 2144 quidquam

429 2165 598 2233 dicat,
644 2182 712 2221 ne
741 2165 823 2221 sic
850 2164 1070 2236 quidem
1096 2178 1198 2219 nos
1231 2163 1287 2217 in
1305 2162 1398 2235 jus
1426 2175 1640 2230 vocent,
1671 2166 1718 2220 si
1749 2165 1997 2236 Scriptu-

428 2273 521 2314 ras
547 2258 851 2328 sequimur.

497 2350 589 2407 25.
619 2349 727 2405 Sed
758 2350 881 2405 belli
909 2349 1198 2406 adversum
1233 2364 1334 2406 nos
1367 2361 1661 2421 apparatus
1692 2350 1997 2408 instructus

427 2442 836 2511 est,oumisque
855 2441 1114 2511 cogitatio
1146 2441 1354 2494 intenta
1381 2449 1466 2496 cst
1492 2440 1547 2495 in
1568 2455 1692 2505 nos,
1726 2450 1779 2497 et
1801 2443 1999 2513 linguae

430 2533 823 2588 maledicorum
851 2532 941 2585 hic
973 2531 1351 2587 vehementius
1384 2532 1699 2602 jaculantur
1728 2547 1890 2603 quam
1933 2535 1995 2599 ii,

427 2622 521 2692 qui
552 2622 831 2676 Christum
876 2620 1227 2685 occiderant,
1276 2621 1406 2676 olim
1446 2621 1716 2692 lapidibus
1749 2622 1997 2694 impetie-

429 2723 557 2767 runt
577 2709 936 2781 Stephanum.
967 2708 1169 2764 Verum
1201 2725 1271 2765 ne
1300 2720 1729 2782 consequantur,
1752 2722 1811 2767 ut
1832 2714 1999 2768 lateat

427 2818 530 2859 nos
553 2803 770 2873 quidem
794 2817 917 2858 esse
944 2801 1070 2856 belli
1096 2802 1441 2858 occasionem
1464 2843 1479 2869 ,
1524 2803 1621 2859 sed
1664 2820 1786 2875 qua:
1824 2821 1997 2876 agun-

429 2903 520 2948 tur
565 2909 760 2950 revera
805 2893 874 2948 ad
918 2894 1515 2975 excelsumspectare.
1561 2898 1752 2968 Itaque
1794 2898 1850 2952 in
1894 2914 1995 2954 nos

428 2984 649 3056 quidem
681 2983 963 3045 machinas
996 2991 1051 3039 et
1074 2984 1304 3041 insidias
1334 2986 1636 3052 instruunt,
1673 3004 1840 3059 seque
1875 3005 1997 3043 mu-

430 3088 526 3130 tuo
559 3076 920 3131 exhortantur
946 3074 1012 3129 ad
1054 3074 1309 3131 ferendas
1331 3079 1644 3148 suppetias,
1677 3088 1735 3134 ut
1764 3080 1995 3151 quisque
2020 3107 2066 3166 α

430 3168 623 3237 peritia
651 3173 745 3220 aut
798 3165 993 3221 robore
1032 3166 1196 3221 valet.
1239 3166 1509 3223 Caeterum
1559 3171 1610 3225 id
1646 3172 1790 3241 quod
1821 3187 1997 3242 oppuo

429 3263 691 3327 gnantur,
722 3254 855 3310 ﬁdes
877 3264 981 3320 est,
1011 3256 1168 3327 isque
1192 3272 1393 3327 seopus
1434 3261 1741 3315 communis
1768 3269 1853 3317 est
1883 3277 2004 3315 om-

429 3350 591 3403 nibus
621 3348 971 3412 adversariis,
1002 3357 1055 3403 et
1083 3363 1230 3403 sana:
1263 3351 1523 3406 doctrina:
1552 3352 1808 3415 inimicis,
1829 3362 1887 3407 ut
1909 3368 2002 3409 so-

432 3438 698 3493 liditatem
726 3437 847 3493 lidei
883 3438 939 3492 in
966 3438 1245 3494 Christum
1276 3443 1615 3505 concutiant,
1650 3446 1998 3513 apostolicam

440 3530 789 3585 traditionem
820 3530 937 3586 solo
959 3541 1223 3601 aequatam
1252 3533 1537 3590 abolendo.
1558 3534 1874 3606 Eapmpter,
1892 3540 2002 3593 sic-

433 3631 492 3677 ut
527 3624 704 3678 solent
736 3623 826 3693 qui
861 3623 1015 3678 bonte
1059 3623 1184 3677 ﬁdei
1217 3623 1496 3681 debitores
1540 3636 1688 3690 sunt,
1720 3630 2001 3698 probatio-

432 3727 530 3768 nes
555 3728 588 3768 e
617 3713 901 3782 Scriptura
928 3713 1166 3768 clamore
1193 3714 1419 3785 exigunt
1437 3754 1451 3778 ,
1494 3715 1717 3771 Patrum
1747 3721 1999 3777 testium-

431 3805 604 3867 nium,
651 3803 800 3873 quod
844 3803 1104 3873 scriptum
1139 3820 1248 3861 non
1281 3814 1404 3871 est,
1446 3810 1595 3862 velut
1639 3810 1848 3867 nullius
1885 3829 2002 3868 mo-

430 3894 600 3949 menti
629 3894 962 3963 rejicientes.
986 3894 1055 3948 At
1079 3893 1146 3949 de
1176 3897 1378 3950 tuenda
1404 3898 1629 3953 veritate
1653 3902 1787 3955 nihil
1810 3904 2001 3958 remit-

328 3990 337 3999 '
431 3993 631 4052 lemus,
652 4001 830 4056 neque
860 3986 1073 4057 ignavia
1103 4002 1134 4042 a
1153 3986 1391 4045 ferendis
1418 3991 1494 4046 illi
1522 3996 1742 4052 auxiliis
1769 3996 2002 4053 desiste-

428 4091 573 4130 nius.
612 4073 827 4130 Etenim
858 4078 903 4131 si
934 4076 1194 4134 Dominus
1222 4080 1402 4145 nobis,
1438 4089 1494 4135 ut
1529 4088 1899 4145 necessarium
1936 4103 2002 4144 ac

432 4168 671 4223 salutare
703 4169 919 4238 dogma,
958 4168 1191 4240 Spiritus
1211 4186 1335 4225 eum
1368 4171 1528 4230 Patre
1559 4176 2000 4246 conjunctionem

429 4257 675 4323 tradidit;
695 4258 796 4327 his
823 4265 1002 4313 autem
1030 4274 1134 4313 non
1168 4260 1241 4314 ita
1269 4262 1504 4330 videtur,
1537 4267 1632 4322 sed
1665 4267 1909 4326 dividere
1935 4285 2001 4326 ac

429 4346 736 4403 distrahere
778 4346 1037 4420 Spiritum
1088 4358 1143 4405 et
1175 4352 1244 4407 ad
1283 4355 1535 4410 servilem
1574 4368 1855 4427 gnaturam
1901 4361 1999 4417 de-

427 4439 681 4493 trudere:
704 4453 904 4493 annon
924 4455 1113 4494 verum
1144 4449 1249 4504 est,
1280 4446 1424 4515 apud
1454 4446 1577 4502 illos
1598 4448 1993 4519 blasphemiam
2026 4437 2071 4493 θ

427 4529 669 4599 ipsorum
701 4531 825 4601 plus
849 4531 1050 4621 habere
1078 4535 1355 4604 ponderis,
1384 4552 1549 4607 quam
1593 4537 1807 4595 Domini
1848 4558 1990 4612 pra:-

496 4685 540 4716 ”
599 4686 721 4738 Act.
764 4702 816 4751 v,
858 4685 948 4743 9.9.
1023 4687 1073 4719 "
1121 4686 1314 4743 Matth.
1358 4705 1553 4758 ιιι-ιιι,
1590 4691 1678 4748 19.

649 4804 1122 4872 Ἀποκρινασθαι.
1170 4806 1404 4864 Codices
1429 4812 1704 4880 nonnulli
1759 4814 1992 4887 ἀποκρί-

424 4889 632 4927 νεσυαι.

427 5011 441 5025 ⁹
496 4944 607 5025 (βξ)
638 4941 803 5025 Μηδὲ
831 4941 993 5025 ἡμῖν.
1037 4942 1164 5025 Hinc
1201 4946 1496 5025 scriptura,
1529 4966 1690 5025 quam
1726 4950 1993 5025 Erasmus

425 5015 481 5067 in
514 5015 920 5090 interpretando
952 5018 1228 5090 sequitur,
1252 5015 1414 5073 bilem
1438 5015 1606 5073 movit
1627 5019 1993 5090 Combellsio;

423 5097 490 5137 ac
518 5083 805 5156 legendum
832 5098 955 5140 esse
975 5086 1278 5156 contendit,
1306 5097 1365 5141 ut
1389 5090 1444 5142 in
1468 5096 1705 5156 quatuor
1731 5107 1863 5150 mss.
1897 5083 1989 5149 re:

423 5151 690 5231 perimus,
723 5152 853 5232 τότε
888 5156 1038 5233 ἡμῖν,
1077 5155 1230 5233 ,Τιιησ
1265 5156 1413 5233 nobis
1442 5151 1818 5233 vi'tioeertgnt,
1848 5163 1988 5233 quod

422 5224 947 5299 eosconjungimus.
987 5224 1092 5280 Sed
1126 5241 1351 5299 prorsus
1384 5228 1655 5283 immerito
1695 5224 1983 5291 Erasmnn

420 5292 795 5371 vellicatLqui
839 5297 1012 5371 multo
1057 5292 1251 5371 melius
1299 5299 1585 5371 sententia;
1623 5300 1822 5371 seriem
1856 5317 1984 5371 ρει·-

422 5362 624 5429 Spexit.
650 5359 779 5435 Fert
800 5365 945 5416 enim
972 5367 1339 5420 conditionem
1364 5369 1695 5424 adversariis
1725 5359 1982 5435 Basilius,

419 5446 626 5499 eosque
657 5432 895 5502 undique
925 5441 1252 5488 constrictos
1275 5444 1441 5500 tenet,
1478 5447 1535 5491 ut
1563 5438 1649 5493 his
1679 5442 1882 5502 verbis,
1920 5432 1987 5495 In

419 5502 633 5579 nomine
662 5501 1067 5579 l’atris_et__l"ilii
1084 5516 1130 5579 et
1152 5504 1377 5579 Spiritus
1396 5511 1586 5573 sancti,
1616 5510 1696 5563 vel
1723 5501 1985 5579 Spiritum

421 5580 546 5646 eum
580 5570 821 5646 Patreet
843 5571 981 5627 Filio
1008 5570 1267 5646 conjungi
1306 5587 1522 5645 negent,
1564 5570 1645 5631 vel
1687 5570 1981 5635 fateantur.

420 5635 481 5724 Si
512 5642 767 5721 conjungi
801 5652 1019 5724 negent,
1068 5635 1266 5724 neque
1289 5635 1453 5724 etiam
1489 5635 1549 5703 se
1579 5648 1985 5724 conjunctionis

419 5715 638 5766 nomine
681 5715 925 5769 incusari
967 5716 1037 5772 ab
1079 5715 1192 5775 illis
1233 5715 1453 5786 debere,
1493 5733 1619 5775 cum
1654 5715 1789 5776 nihil
1834 5719 1984 5779 dicat

2100 530 2301 584 στόλων
2342 529 2526 600 φωνὴν
2568 523 2968 599 ἀποκρίνασθαι
3005 524 3138 595 (55),
3187 524 3269 577 ὅτι
3318 521 3661 590 Πειθαρχεῖν

2100 618 2221 685 Θεῷ
2251 616 2592 687 δεῗμᾶλλον
2611 615 2650 684 ἣ
2676 612 3027 682 ἀνθρώποις.
3058 611 3121 664 Ei
3146 610 3253 681 γὰρ
3284 610 3312 663 ὁ
3335 608 3433 680 μὲν
3460 607 3661 678 Κύριος

2099 711 2285 781 σαφῶς
2318 713 2377 765 ἐν
2416 712 2481 781 τῇ
2517 706 2812 779 παραδόσει
2846 703 2940 758 τοῦ
2986 703 3252 775 σωτηρίου
3293 700 3662 771 βαπτίσματος

2098 802 2399 876 προσέταξε
2432 805 2545 866 τοῖς
2576 802 2848 871 μαθηταῖς
2896 796 3175 868 βαπτίζειν
3218 793 3393 848 πάντα
3429 794 3498 846 τά
3534 791 3661 862 ἔθνη

2098 897 2178 957 εἰς
2219 893 2391 963 ὄνομα
2432 890 2643 960 Πατρὸς
2690 890 2785 943 καὶ
2818 886 2949 941 Υίοῦ
2992 887 3086 939 καὶ⁵
3132 884 3287 953 ἁγίου
3325 883 3658 952 Πνεύματος,

2096 984 2196 1038 οὐκ
2226 982 2473 1049 ἀπαξιῶν
2499 983 2599 1053 τὴν
2629 981 2765 1053 πρὸς
2804 979 2937 1035 αὐτὸ
2972 977 3275 1040 κοινωνίαν,
3305 970 3449 1029 οὗτοι
3492 974 3549 1028 δὲ
3587 973 3661 1045 μὴ

2097 1078 2292 1148 χρῆναι
2328 1074 2459 1129 αὐτὸ
2484 1073 2660 1143 Πατρὶ
2689 1073 2782 1126 καὶ
2806 1069 2920 1140 Υίῷ
2942 1069 3258 1122 συντάσσειν
3286 1065 3522 1133 λέγουσι·
3547 1062 3664 1126 πῶς

2097 1167 2218 1237 οὐχὶ
2244 1167 2312 1237 τῇ
2341 1163 2436 1218 τοῦ
2466 1162 2601 1217 Θεοῦ
2631 1162 2857 1232 διαταγῇ
2888 1158 3169 1232 προδήλως
3194 1155 3575 1219 ἀνθίστανταις
3603 1153 3663 1206 Et

2101 1258 2201 1329 μὲν
2234 1258 2341 1329 γὰρ
2382 1256 2482 1310 οὐκ
2517 1250 2656 1308 εἶναί
2689 1269 2820 1322 φασι
2853 1252 2953 1323 τὴν
2989 1251 3242 1318 τοιαύτην
3274 1246 3525 1312 σύνταξιν
3550 1263 3664 1300 κοι-

2098 1349 2291 1413 νωνίας
2338 1347 2485 1411 τινὸς
2525 1346 2620 1401 καὶ
2651 1343 2946 1413 συναφείας
2977 1340 3298 1408 δηλωτικὴν,
3332 1339 3663 1400 εἰπάτωσαν.

2096 1441 2150 1495 τί
2184 1441 2281 1512 μὲν
2308 1438 2548 1510 νομίζειν
2574 1435 2733 1489 τοῦτο
2759 1435 3063 1507 προσήκει;
3098 1432 3218 1485 τίνα
3245 1430 3301 1482 δέ
3326 1430 3509 1499 ἓτερον
3537 1443 3665 1480 συν-

2097 1532 2291 1600 αφείας
2331 1529 2532 1601 τρόπον
2580 1527 2908 1597 οἰκειότερον
2947 1525 3165 1595 ἑχουσι;
3205 1519 3461 1587 Καίτοιγε
3498 1519 3548 1569 εί
3587 1516 3664 1587 μὴ

2100 1623 2334 1693 συνῆψεν
2369 1623 2399 1673 ὁ
2429 1621 2633 1691 Κύριος
2677 1618 2857 1687 ἐαυτῷ
2892 1618 2987 1671 καὶ
3016 1614 3093 1686 τῷ
3124 1615 3299 1685 Πατρὶ
3333 1611 3396 1666 τὸ
3442 1609 3666 1681 Πνεῦμα

2099 1717 2240 1772 κατά
2281 1715 2342 1769 τὸ
2385 1714 2686 1785 βάπτισμα,
2736 1710 2870 1782 μηδὲ
2910 1712 3039 1781 ἡμῖν
3073 1707 3182 1779 (54)
3228 1706 3327 1778 τὴν
3374 1705 3666 1773 συνάφειαν

2098 1805 2524 1876 ἐγκαλείτωσαν.
2575 1801 2740 1855 Οὐδὲν
2788 1800 2899 1872 γάρ
2947 1802 3108 1871 ἡμεῖς
3154 1797 3489 1868 ἀλλοιότερον
3539 1793 3665 1850 οὔτε

2098 1899 2421 1971 φρονοῦμεν,
2449 1895 2573 1950 οὔτε
2602 1890 2971 1964 φθεγγόμεθα.
2996 1892 3058 1944 Ei
3084 1891 3140 1944 δὲ
3162 1890 3430 1960 συνῆπται
3452 1888 3570 1941 ἐκεῖ
3586 1885 3666 1958 τῷ

2097 1991 2273 2061 Πατρὶ
2305 1990 2400 2043 καὶ
2439 1987 2518 2059 τῷ
2562 1984 2698 2056 Υίῷ,
2734 1985 2828 2038 καὶ
2858 1984 3030 2046 οὐδεὶς
3055 1980 3241 2053 ,οὕτως
3272 1979 3490 2050 ἀναιδὴς
3524 1978 3665 2033 ὥστε

2096 2082 2223 2137 ἄλλο
2254 2099 2306 2134 τι
2350 2080 2541 2150 φῆσαι,
2584 2077 2713 2148 μηδ’
2750 2074 2923 2138 οὕτως
2970 2075 3101 2144 ἡμῖν
3144 2072 3566 2142 ἐγκαλείτωσαν,
3613 2068 3667 2123 εί

2096 2178 2207 2238 τοῖς
2233 2170 2639 2243 γεγραμμένοις
2660 2166 3078 2236 ἀκολουθοῦμεν.

2165 2348 2255 2403 25.
2305 2346 2441 2401 Ἀλλ’
2466 2348 2500 2418 ἡ
2524 2347 2621 2419 μὲν
2644 2344 2965 2417 παρασκευὴ
2989 2340 3082 2396 τοῦ
3111 2339 3234 2395 καθ’
3256 2339 3413 2411 ἡμῶν
3431 2338 3666 2407 πολέμου

2097 2439 2385 2512 ἐξήρτυται
2400 2439 2535 2510 (55),
2559 2437 2654 2491 καὶ
2680 2438 2830 2490 πᾶσα
2854 2435 3061 2489 διάνοια
3090 2434 3225 2501 πρὸς
3255 2435 3287 2502 ἡ
3296 2432 3401 2501 μᾶς
3423 2431 3665 2488 τέταται.

2096 2531 2191 2584 καὶ
2225 2530 2463 2600 γλῶσσαι
2492 2528 2826 2599 βλασψήμων
2860 2522 2961 2582 ὧδε
2998 2523 3277 2589 τοξεύουσι
3314 2520 3667 2594 σφοδρότερον

2098 2622 2386 2693 βάλλουσαι
2405 2620 2438 2692 ἣ
2460 2621 2550 2675 τὶν
2571 2619 2838 2688 Στέφανον
2862 2618 2975 2672 τότε
2991 2620 3102 2681 τοῖς
3122 2615 3289 2679 λίθοις
3308 2615 3356 2667 oi
3382 2611 3670 2687 χριστοφό-

2097 2730 2196 2770 νοι’
2238 2717 2312 2788 μὴ
2355 2714 2769 2769 λανθανέτωσαν
2808 2714 2885 2777 δέ,
2929 2714 3012 2767 ὅτι
3058 2711 3351 2785 πρόσχημα
3394 2707 3492 2780 μὲν
3521 2707 3671 2778 ἡμᾶς

2096 2809 2125 2861 δ
2158 2807 2394 2878 πόλεμος
2426 2806 2560 2877 ἔχει,
2594 2809 2627 2877 ὴ
2660 2805 2716 2859 δὲ
2738 2804 2961 2876 ἀλήθεια
2990 2802 3100 2856 τῶν
3124 2801 3421 2871 γινομένων
3448 2798 3585 2869 πρὸς
3608 2795 3672 2850 τδ

2098 2897 2229 2966 ὕψος
2255 2896 2459 2968 βλέπει.
2488 2898 2646 2950 Ὥστε
2681 2898 2765 2966 ἐφ’
2794 2898 2941 2968 ἡμᾶς
2977 2895 3077 2966 μὲν
3109 2893 3267 2965 δῆθεν
3290 2892 3388 2955 τὰς
3421 2888 3670 2962 μηχανὰς

2098 2990 2190 3042 καὶ
2225 2989 2322 3052 τὰς
2349 2989 2569 3062 ἐνέδρας
2604 2988 3072 3051 διασκευάζονται,
3114 2987 3209 3040 καὶ
3249 2984 3497 3057 ἀλλήλοις
3514 2985 3673 3051 ἐγκε*

2097 3080 2341 3135 λεύενται
2386 3081 2718 3151 ἐπιϐοηθεῖν,
2765 3081 2839 3143 ώς
2882 3080 3110 3140 ἕκαστος
3148 3077 3259 3147 ἔχει
3305 3075 3596 3147 ἐμπειρίας
3632 3071 3668 3143 ἢ

2105 3171 2313 3243 ῥώμης.
2342 3173 2528 3236 Πίστις
2557 3172 2616 3225 δέ
2652 3174 2768 3225 ἐστι
2805 3171 2866 3223 τὸ
2903 3168 3328 3240 πολεμούμενον,
3368 3165 3463 3218 καὶ
3491 3162 3671 3226 κοινὸς

2104 3265 2304 3328 σκοπὸς
2349 3266 2521 3318 ἅπασι
2558 3266 2672 3326 τοῖς
2713 3263 2978 3325 ἐναντίοις
3006 3263 3099 3315 καὶ
3126 3260 3340 3330 ἐχθροῖς
3366 3258 3465 3327 τῆς
3494 3257 3673 3325 ὑγιαιο

2101 3356 2296 3428 νούσης
2323 3354 2669 3419 διδασκαλίας
2691 3355 2754 3407 τὸ
2784 3354 3069 3425 στερέωμα
3091 3352 3190 3422 τῆς
3217 3352 3298 3413 εἰς
3326 3347 3559 3421 Χριστὸν
3579 3347 3672 3398 πί-

2104 3462 2270 3509 στεως
2291 3447 2628 3508 κατασεῖσαι,
2656 3445 2721 3497 ἐκ
2750 3442 2841 3496 τοῦ
2866 3443 2964 3513 τὴν
2990 3438 3351 3509 ἀποστολικὴν
3373 3436 3673 3509 παράδοσιν

2101 3536 2477 3606 ἐδαφισθεῐσαν
2509 3531 2896 3604 ἀφανισθῆναι.
2924 3532 3021 3585 Διά
3051 3530 3229 3594 τοῦτο,
3262 3529 3337 3593 ὡς
3367 3530 3475 3582 τῶν
3498 3545 3672 3600 χρεω-

2101 3626 2361 3697 φειλετῶν
2390 3628 2438 3679 οί
2470 3627 2627 3697 δῆθεν
2661 3623 3000 3694 εὐγνώμονες
3024 3620 3159 3692 (56),
3197 3619 3296 3683 τὰς
3329 3621 3393 3673 ἐκ
3432 3618 3544 3672 τῶν
3574 3619 3671 3686 ἐγ·-

2101 3719 2328 3791 γράφων
2380 3716 2680 3781 ἀποδείξεις
2727 3714 3075 3778 ἐπιϐοῶνται,
3119 3711 3219 3783 τὴν
3272 3712 3518 3782 ἄγραφον
3559 3708 3671 3762 τῶν

2101 3811 2359 3882 Πατέρων
2393 3808 2695 3881 μαρτυρίαν
2728 3807 2804 3871 ώς
2839 3806 3050 3869 οὐδενὸς
3082 3804 3236 3871 ἀξίαν
3272 3801 3672 3872 ἀποπεμπόμε-

2101 3922 2201 3958 νοι.
2268 3903 2406 3957 Ἀλλ’
2459 3903 2520 3955 οὐ
2571 3900 2682 3970 γὰρ
2737 3897 3055 3971 ὑφησόμεθα
3089 3898 3188 3968 τῆς
3226 3895 3503 3966 ἀληθείας.
3548 3892 3672 3947 οὐδὲ

2100 3993 2269 4063 δειλίᾳ
2293 3990 2389 4063 τὴν
2417 3990 2730 4061 συμμαχίαν
2752 3989 3120 4061 προδώσομεν.
3154 3988 3217 4039 Εἰ
3237 3986 3345 4059 γὰρ
3376 3987 3404 4040 ὁ
3433 3986 3532 4056 μὲν
3554 3982 3673 4037 Κύ-

2100 4102 2217 4158 ριος
2265 4085 2341 4147 ώς
2383 4085 2680 4151 ἀναγκαῖον
2724 4082 2818 4135 καὶ
2860 4082 3125 4151 σωτήριον
3168 4079 3345 4151 δόγμα
3385 4080 3483 4151 τὴν
3533 4077 3675 4149 μετά

2101 4177 2314 4250 Πατρδς
2345 4176 2594 4241 σύνταξιν
2624 4174 2719 4228 τοῦ
2758 4172 2914 4242 ἁγίου
2953 4171 3268 4244 Πνεύματος
3298 4173 3670 4245 παραδέδωκε,

2100 4273 2211 4334 τοῖς
2255 4270 2312 4324 δὲ
2348 4271 2448 4341 οὐχ
2483 4268 2625 4322 οὕτω
2660 4269 2828 4330 δοκεῖ,
2868 4265 3003 4320 ἀλλὰ
3034 4266 3263 4338 διαιρεῖν
3306 4266 3401 4319 καὶ
3435 4266 3674 4337 διασπᾷν

2102 4363 2195 4417 καὶ
2217 4362 2309 4415 ἐπὶ
2328 4360 2425 4431 τὴν
2456 4360 2618 4429 φύσιν
2643 4360 2743 4431 τὴν
2766 4357 3146 4430 λειτουργικὴν
3179 4358 3504 4429 μετοικίζειν
3530 4357 3669 4428 (57)·

2104 4452 2218 4516 πῶς
2244 4453 2346 4505 οὐκ
2371 4452 2590 4520 ἀληθὲς,
2619 4451 2700 4503 ὅτι
2725 4450 2827 4521 τὴν
2859 4449 3067 4503 ἐαυτῶν
3103 4448 3447 4521 βλασφημίαν
3470 4466 3674 4520 κυριω-

2098 4546 2264 4618 τέραν
2289 4545 2569 4599 ποιοῦνται
2599 4544 2697 4615 τῆς
2728 4542 2822 4597 τοῦ
2861 4542 3130 4596 Δεσπότου
3154 4542 3507 4614 νομοθεσίας;
3529 4543 3670 4614 Φέρε

2102 4829 2280 4886 neque
2304 4815 2507 4886 sentiat
2529 4814 2598 4869 ab
2624 4815 2729 4870 hoc
2757 4816 3070 4870 testimonio
3092 4814 3391 4886 diversum,
3425 4830 3525 4871 nec
3552 4831 3672 4871 ma-

2101 4884 2284 4955 gis‘ex
2327 4885 2443 4956 suis
2473 4899 2639 4953 quam
2668 4900 2740 4956 ex
2784 4886 2986 4940 Christi
3017 4884 3200 4939 verbis
3230 4887 3547 4956 conjunctio
3582 4902 3675 4942 se-

2101 4952 2324 5025 quatur.
2374 4952 2455 5025 Si_
2482 4952 2614 5007 vero
2661 4953 2917 5025 fateatur,
2972 4956 3246 5008 immerito
3281 4952 3427 5011 litem
3461 4957 3566 5011 sibi
3601 4959 3675 5011 ab

2102 5022 2211 5095 illis
2234 5023 2483 5094 impingi,
2512 5025 2658 5093 quod
2684 5022 3027 5094 Scripturam
3059 5035 3338 5095 sequatur.
3375 5025 3526 5081 llauc
3546 5042 3676 5082 esse

2104 5094 2299 5165 Basilii
2319 5097 2646 5148 sententiain
2680 5096 2999 5163 perspiciet,
3032 5098 3287 5163 quisquis
3319 5098 3456 5165 leget
3485 5104 3672 5150 asten-

2101 5166 2231 5219 tius.
2267 5162 2633 5236 Quamobrem
2668 5162 2948 5236 retinenda
2983 5166 3085 5217 fuit
3114 5167 3332 5234 vulgata
3372 5162 3672 5236 scriptura,

2092 5236 2345 5305 quamvis
2377 5232 2547 5305 altera
2577 5234 2631 5287 in
2664 5234 2914 5305 pluribus
2943 5243 3119 5305 exstet
3148 5229 3454 5292 codicibus.
3487 5229 3503 5236 ’
3551 5229 3556 5239 ’

2164 5302 2278 5371 (35)
2317 5302 2690 5369 Ἐξήρτυται.
2724 5304 2816 5357 Sic
2852 5304 3201 5359 Cnlbcrtinus
3234 5315 3288 5359 et
3315 5308 3423 5360 duo
3451 5306 3674 5361 codices

2093 5371 2487 5509 ἒξξοηιὺρίίςίο
2514 5374 2686 5427 citati.
2741 5372 2875 5444 lteg.
2923 5375 3198 5429 secundus
3242 5376 3496 5448 ἐπηρται.
3526 5376 3675 5431 Editi

2195 5460 2408 5509 ρτηται.

2229 5460 2408 5494 τηται.

2157 5445 2586 5582 ῗὲἒῖλῧηδῆθεν
2613 5513 3005 5583 εὐγνώμονες.
3037 5512 3202 5571 Recte
3225 5515 3537 5571 observavit
3560 5515 3677 5571 Bi-

2094 5581 2204 5704 litus
2236 5582 2391 5705 il‘lud,
2422 5584 2570 5635 bona:
2599 5583 2724 5651 ﬁdei
2765 5581 3049 5652 debitores,
3082 5602 3191 5640 non
3226 5587 3346 5642 sine
3370 5587 3546 5641 ironia
3583 5589 3674 5643 ti-

2094 5667 2122 5705 c
2152 5667 2242 5705 um
2297 5667 2468 5705 uisse.

2091 5659 2242 5706 ctum
2274 5659 2468 5706 fuisse.

2161 5720 2278 5795 (57)
2304 5719 2685 5785 Μετοικιζειν.
2713 5721 2972 5785 Nonnulli
3000 5726 3223 5787 codices
3255 5727 3673 5802 μετακομίζειν.
