3900 6212
194 340 310 404 {i3

1343 345 1545 405 LIBER
1584 345 1673 403 DE
1710 342 1983 402 St’lﬂlTU
2024 340 2314 400 SANCTO.

3296 357 3302 365 ·
3367 340 3474 388 114

191 463 264 537 δὴ
302 457 421 528 οὖν,
456 467 639 520 πᾶσαν
671 468 1005 536 φιλονεικίαν
1037 469 1458 536 καταϐαλόντες,
1492 470 1636 527 οὕτω
1660 470 1787 541 περὶ

1909 464 2204 537 scriptum?
2229 460 2481 533 Agedum,
2506 458 2670 530 igitur
2712 452 2861 512 omni
2907 453 3254 511 contentione
3300 449 3472 521 depo-

190 554 314 609 τῶν
342 557 402 608 ἐν
427 557 587 629 χερσὶ
610 560 748 631 πρὸς
779 558 1044 631 ἀλλήλους
1067 560 1510 632 διασκεψώμεθα.

268 730 368 788 26.
398 734 717 805 Χριστιανοὶ
743 734 909 789 πόθεν
933 736 1127 808 ἡμεῖςς
1157 737 1263 798 Διά
1279 737 1379 808 τῆς
1410 736 1663 802 πίστεως,
1688 740 1797 804 πᾶς

192 838 286 886 τις
316 823 386 877 ἂν
424 826 588 879 εἴποι.
624 826 922 897 Μζόμεθα
958 827 1015 885 δὲ
1049 828 1175 882 τίνα
1199 830 1435 901 τρόπον;
1475 831 1796 900 Ἀναγεννη-

195 913 390 979 θέντες
423 916 665 988 δηλονότι
694 917 784 973 διὰ
817 918 918 986 τῆς
958 919 1017 971 ὲν
1055 919 1134 989 τῷ
1184 919 1520 991 βαπτίσματι
1554 921 1793 992 χάριτος.

195 1005 379 1059 Πόθεν
414 1009 521 1079 γὰρ
559 1007 821 1072 ἀλλοθεν;
859 1004 994 1062 Εἶτα
1026 1010 1133 1080 τὴν,
1161 1010 1441 1081 σωτηρίαν
1469 1010 1674 1081 ταύτην
1708 1009 1799 1063 διὰ

197 1095 423 1167 Πατρὸς
451 1099 548 1152 καὶ
575 1097 707 1158 Υίοῦ
734 1098 828 1151 καὶ
866 1100 1025 1168 ἁγίου
1060 1099 1378 1168 Πνεύματος
1406 1099 1798 1171 βεόαιουμένην

197 1190 601 1259 γνωρίσαντες,
650 1190 710 1243 ὃν
746 1190 1133 1262 παρελάϐομεν
1179 1192 1348 1245 τύπον
1396 1192 1619 1264 διδαχῆς
1659 1210 1797 1264 προ-

197 1280 485 1349 ησόμεθας
506 1278 582 1335 Ἤ
610 1283 863 1353 μεγάλων
886 1282 952 1335 ἂν
979 1283 1065 1353 εἴη
1097 1283 1419 1354 στεναγμῶν
1441 1283 1613 1350 ἀξιον,
1641 1286 1799 1357 είπερ

199 1370 578 1441 εὑρισκόμεθα
616 1373 714 1426 νῦν
748 1375 1151 1445 μακρυνὸμενοι
1181 1374 1381 1446 μᾶλλον
1411 1375 1522 1429 ἀπὸ
1550 1375 1653 1445 τῆς
1692 1392 1800 1433 6w.-

200 1461 401 1532 ⁴τηρὶιις
432 1462 613 1532 ἡμῶν.
648 1463 683 1533 ἦ
711 1464 802 1517 ὅτε
831 1464 1233 1534 ἐπιστεύσαμεν
1252 1482 1266 1497 ·
1294 1464 1454 1536 εἴπερ
1477 1464 1513 1519 ἀ
1537 1466 1650 1536 (58)
1677 1466 1799 1519 τότε

202 1553 680 1625 προσεδεξάμεθα,
718 1556 815 1610 νῦν
843 1557 1258 1628 ἀπαρνούμεθα.
1299 1560 1417 1629 ἰση
1458 1558 1606 1610 ἐστὶν
1639 1559 1672 1628 ἡ
1702 1556 1801 1628 ζη-

202 1646 309 1716 μία
348 1646 383 1716 ἦ
415 1646 646 1718 ἄμοιρόν
676 1665 802 1711 τινα
825 1648 921 1702 τοῦ
963 1648 1353 1720 βαπτίσματος
1373 1649 1650 1713 ἀπελθεῖν,
1683 1650 1800 1721 ἢὲν

198 1754 257 1792 τι
281 1738 394 1791 τῶν
420 1739 487 1792 ὲκ
511 1740 611 1811 τῆς
640 1743 996 1813 παραδόσεως
1020 1741 1268 1796 ἐλλεῖπον
1294 1742 1571 1807 δέξασθαι.
1604 1744 1716 1813 Τήν
1739 1759 1798 1796 τε

199 1829 607 1901 ὁμολογίανλῆν
627 1833 719 1885 ἐπὶ
739 1833 838 1903 τῆς
864 1833 1087 1904 πρώτης
1105 1834 1417 1904 εἰσαγωγῆς
1434 1831 1795 1904 κατεθέμεθα,
1831 1830 1875 1885 Β

198 1922 317 1984 ὅτε,
350 1922 642 1992 ῥυσθέντες
676 1924 788 1977 ἀπὸ
824 1924 933 1977 τῶν
967 1923 1227 1989 εἰδώλων,
1266 1925 1647 1997 προσήλθομεν
1677 1924 1798 1996 Θεῷ

200 2011 395 2077 ζῶντι,
433 2014 463 2065 ὁ
497 2014 573 2085 μὴ
612 2016 705 2068 ἐπὶ
748 2015 950 2079 παντὸς
992 2016 1284 2085 φυλάσσων
1316 2017 1532 2087 καιροῦ,
1581 2017 1677 2071 καὶ
1707 2016 1801 2075 διὰ

202 2102 394 2174 πάσης
435 2104 633 2158 ἑαυτοῦ
681 2106 781 2176 τῆς
806 2107 953 2176 ζωῆς
990 2107 1067 2171 ὡς
1110 2106 1387 2177 ἀσφαλοῦς
1425 2107 1799 2179 φυλακτηρίου

204 2195 625 2266 περιεχόμενος,
661 2196 812 2261 ξένον
843 2199 1035 2251 ἑαυτὸν
1075 2199 1377 2270 καθίστησι
1412 2201 1519 2255 τῶν
1559 2204 1793 2270 ὲπαγγευ

203 2283 340 2337 λιῶν
360 2286 463 2339 τοί·
492 2286 653 2353 Θεοῦ,
675 2287 755 2358 τῷ
783 2288 899 2361 ίδίῳ
928 2292 1277 2362 χειρογράφῳ
1304 2292 1627 2363 μαχόμενος,
1651 2292 1679 2345 ὃ
1700 2293 1796 2347 ἐπὶ

201 2378 308 2448 τῆς
348 2379 492 2433 κατὰ
531 2379 629 2451 τὴν
678 2380 863 2434 πίστιν
909 2383 1201 2453 ὁμολογίας
1247 2385 1526 2439 κατέθετο.
1573 2385 1636 2438 Εἰ
1687 2385 1796 2456 γὰρ

201 2472 355 2549 ἀρχή
399 2488 491 2541 μοι
539 2470 683 2543 ζωῆς
728 2473 790 2526 τὸ
835 2473 1138 2547 βάπτισμα,
1186 2476 1283 2530 καὶ
1332 2475 1525 2549 πρώτη
1575 2477 1796 2549 ἡμερῶν

201 2561 394 2632 ἐκείνη
426 2562 460 2631 ἡ
492 2562 593 2631 τῆς
629 2563 1051 2633 παλιγγενεσίας
1100 2567 1303 2639 ἡμέρα,
1344 2567 1523 2637 δῆλον,
1572 2568 1654 2621 ὅτι
1702 2568 1797 2621 καὶ

203 2651 365 2722 φωνὴ
396 2652 703 2723 τιμιωτάτη
737 2655 848 2723 (59)
883 2655 1071 2709 πασῶν
1104 2658 1137 2726 ή
1167 2659 1224 2710 ἐν
1255 2660 1322 2728 τῇ
1351 2658 1535 2729 χάριτι
1560 2659 1654 2730 τῆς
1684 2659 1798 2711 υίο-

200 2740 398 2806 θεσίας
433 2744 834 2814 ἐκφωνηοείσα.
869 2746 979 2816 Τὴν
1007 2742 1101 2801 οὖν
1150 2748 1477 2818 εἰσάγουσαν
1510 2767 1577 2820 με
1620 2751 1699 2813 είς
1730 2749 1791 2802 τὸ

199 2836 348 2906 ῳῶς.
368 2835 468 2906 τὴν
498 2838 703 2906 γνῶσιν
728 2839 840 2908 (50)
876 2838 1011 2893 Θεοῦ
1048 2858 1137 2910 μοι
1166 2841 1540 2914 χαρισαμένην
1557 2843 1797 2914 παράδο-

201 2945 318 2993 σιν,
361 2928 432 2989 δι’
471 2924 541 2999 ἦς
580 2930 771 2983 τέκνον
810 2931 1136 3003 ἁπεδείχθην
1163 2932 1322 2996 Θεοῦ,
1357 2935 1386 2987 ὁ
1418 2933 1555 2998 τέως
1581 2934 1669 2988 διὰ
1696 2935 1797 3006 τὴν

197 3017 488 3086 ἁμαρτίαν
514 3017 728 3088 ἐχθρὸς,
769 3018 977 3091 ταύτην
1013 3020 1215 3090 πρώῶ,
1243 3025 1363 3087 ταῖς
1392 3022 1607 3076 τούτων.
1630 3023 1795 3077 πιθα·-

196 3106 485 3176 νολογίαις
507 3110 928 3180 παρατραπείς;
978 3109 1140 3164 Ἀλλά
1172 3114 1269 3166 καὶ
1293 3113 1516 3184 ἐμαυτῷ
1544 3114 1796 3185 συνεύχοσ

199 3215 310 3268 μαι
351 3197 495 3269 μετά
537 3199 636 3268 τῆς
677 3198 970 3269 ὁμολογίας
1006 3200 1211 3271 ταύτης
1250 3200 1509 3255 ἀπελθεῖν
1543 3202 1670 3269 τρὸς
1700 3201 1797 3254 τὸν
1824 3186 1866 3242 C

198 3288 439 3360 Κύριον.
479 3292 576 3344 καὶ
601 3291 786 3355 αὐτοῖς
816 3292 1088 3363 παραινῶ,
1120 3292 1320 3347 ἄσυλον
1347 3293 1675 3365 διατηρῆσαι
1699 3292 1797 3363 τὴν

200 3383 419 3445 πίστιν,
452 3384 535 3447 είς
562 3384 776 3454 ἡμέραν
804 3385 1062 3455 Χριστοῦ.
1091 3386 1187 3439 καὶ
1220 3385 1524 3458 ἀχώριστον
1551 3386 1659 3440 ἀπὸ
1685 3387 1799 3439 Πα-

199 3474 336 3546 τρὶς
368 3476 468 3528 καὶ
514 3474 647 3528 Υίοῦ
691 3476 923 3545 φυλάξαι
950 3477 1013 3531 τὸ
1038 3476 1259 3548 Πνεῦμα
1288 3478 1423 3550 (Η),
1456 3478 1555 3550 τὴν
1584 3477 1675 3531 ἐπὶ
1703 3477 1799 3530 τοῦ

168 3570 177 3575 “
203 3564 593 3636 βαπτίσματος
620 3566 971 3621 διδασκαλίαν
1007 3567 1065 3622 ἐν
1099 3586 1159 3622 τε
1192 3572 1259 3640 τῇ
1290 3570 1551 3641 ὁμολογία
1582 3571 1682 3638 τῆς
1710 3570 1799 3621 πί-

203 3671 386 3720 πεως
426 3654 820 3726 διατηροῦντας
863 3658 960 3716 καὶ
1005 3660 1065 3713 ὲν
1108 3662 1176 3731 τῇ
1217 3660 1318 3731 τῆς
1354 3659 1512 3731 δόξης
1550 3659 1797 3730 ἀποπλη-

206 3744 413 3818 ptinet.~

749 3884 1143 3950 ΚΕΦΑΑΑΙΟΝ
1175 3887 1285 3952 Ην.⁴

304 3999 436 4055 ὀτι
471 3998 805 4070 παραϐάται
842 4003 903 4053 οι
935 4000 1000 4055 τὸ
1036 4001 1285 4071 Πνεῦμα
1319 4002 1713 4072 ἀρνούμενοι.

279 4113 378 4170 27.
417 4113 536 4166 Τίνι
556 4112 681 4166 οὐαί
695 4129 712 4178 ;
741 4112 849 4166 τίνι
869 4114 1081 4184 totum;
1106 4112 1210 4166 τίνι
1230 4112 1434 4183 ἀπορία
1455 4113 1550 4166 καὶ
1578 4113 1798 4178 σκότοςς

206 4202 323 4258 τίνι
354 4202 555 4256 αἰωνία
580 4198 937 4273 κατῶιρίσιςς
966 4203 1043 4256 Οὐ
1072 4204 1185 4265 τοῖς
1206 4202 1584 4273 παραϐάταιςς
1607 4202 1669 4256 οὐ
1691 4205 1802 4267 τοῖς

209 4294 315 4367 τὴν
342 4293 530 4347 πίστιν
555 4293 955 4364 ἀρνησαμένοις
975 4309 990 4359 ;
1014 4294 1111 4355 Τίς
1135 4292 1195 4346 δὲ
1221 4294 1322 4363 τῆς
1351 4294 1631 4367 ἀρνήσεως
1654 4293 1803 4363 ἐλεγ-

209 4402 347 4460 χος;
379 4386 495 4455 Οὐχ
522 4384 606 4437 ὅτι
629 4384 731 4448 τὰς
757 4385 966 4447 οἰκείας
984 4384 1277 4454 ὁμολογίας
1303 4384 1607 4457 ἠθέτησαν;
1646 4385 1804 4454 Ὤμο-

1904 557 2033 622 sita,
2075 557 2155 610 ita
2185 553 2254 611 de
2281 554 2350 609 iis
2374 567 2497 623 qua
2524 553 2581 606 in
2607 548 2860 605 manibus
2895 553 3044 612 sunt,
3073 545 3216 601 inter
3229 556 3329 598 nos
3356 541 3476 598 dis-

1901 656 2200 720 ceptemus.
2722 658 2725 661 '

1969 738 2060 794 26.
2102 735 2409 794 Christiani
2432 732 2578 789 unde
2615 732 2756 788 nos?
2783 729 2889 785 Per
2921 728 3104 793 ﬁdem,
3143 726 3288 781 dicet
3313 723 3476 795 quili-

1899 832 2012 887 bet.
2046 831 2197 887 Salvi
2233 838 2413 884 autem
2441 828 2623 891 ﬁmus,
2656 839 2766 895 quo
2786 822 2987 877 modo?
3013 820 3282 875 Nimirum
3320 833 3477 887 rege-

1900 924 2075 978 nerati
2109 937 2205 992 per
2227 921 2454 991 gratiam
2486 934 2608 989 qua:
2640 915 2922 971 confertur
2951 914 3005 967 in
3030 912 3318 981 baptismo.
3339 907 3473 961 Nam

1899 1016 2044 1071 unde
2086 1012 2331 1083 alioqui?
2361 1004 2574 1081 Ergone
2611 1015 2899 1079 postquam
2932 1006 3073 1060 hanc
3114 1003 3343 1058 salutem
3379 1013 3477 1070 per

1897 1107 2114 1163 Patrem
2160 1115 2214 1161 et
2254 1103 2450 1158 Filium
2498 1111 2554 1157 et
2599 1100 2859 1171 Spiritum
2911 1105 3160 1153 sanctum
3197 1103 3371 1148 ratam
3410 1105 3475 1146 ac

1898 1198 2171 1252 firmatam
2204 1194 2550 1255 noverimus,
2582 1190 2839 1245 traditam
2875 1187 3033 1242 nobis
3066 1182 3331 1239 doctrina:
3360 1180 3476 1234 for-

1897 1303 2043 1342 mam
2066 1286 2433 1356 abjieiemus?
2464 1281 2521 1337 Id
2549 1281 2794 1353 proiecto
2820 1279 3005 1335 multis
3037 1278 3258 1347 dignum
3291 1273 3477 1344 suspi-

1897 1379 1999 1435 riis
2037 1378 2222 1444 fuerit,
2253 1377 2300 1432 si
2336 1375 2740 1445 comperiamur
2777 1387 2925 1427 nunc
2963 1371 3179 1441 longius
3213 1368 3405 1423 abesse
3443 1381 3475 1420 a

1900 1470 2075 1525 salute
2117 1475 2521 1538 nostra,-quam
2550 1473 2664 1519 tum
2694 1478 2817 1519 cum
2853 1460 3224 1527 credidimus;
3263 1460 3309 1516 si
3356 1472 3478 1527 qua

1900 1577 2031 1623 tunc
2070 1567 2405 1638 recepimus,
2450 1578 2601 1619 nunc
2642 1563 2993 1633 abnegamus.
3032 1559 3136 1614 Par
3175 1566 3231 1613 et
3268 1555 3477 1627 aequale

1900 1658 2159 1713 damnum
2192 1664 2296 1723 est,
2327 1656 2434 1725 22
2475 1655 2590 1710 sive
2623 1653 2749 1723 quis
2777 1650 3123 1721 baptismatis
3152 1662 3349 1717 expers
3375 1646 3475 1701 de-

1901 1751 2056 1807 cedat
2081 1752 2148 1805 de
2174 1749 2286 1803 vita
2309 1749 2426 1801 sive
2453 1745 2680 1815 recipiat
2708 1743 3000 1813 baptisma,
3042 1740 3129 1794 cui
3164 1753 3332 1793 unum
3353 1736 3476 1826 .ali-

1902 1842 2047 1913 quod
2105 1856 2296 1897 eorum
2360 1854 2484 1909 qua:
2531 1837 2734 1891 tradita
2785 1842 2913 1889 sunt
2976 1833 3139 1888 desit.
3196 1830 3263 1884 Et
3325 1828 3478 1900 quis-

1902 1934 2027 2004 quis
2063 1931 2491 2003 professionem,
2518 1943 2680 1998 quam
2704 1926 2758 1981 in
2790 1925 2963 1996 prima
2995 1923 3340 1978 institutione
3376 1921 3478 1976 de-

1901 2023 2205 2093 posuimus,
2238 2036 2360 2077 cum
2389 2018 2603 2075 liberati
2636 2032 2666 2071 a
2704 2015 3015 2072 simulacris
3050 2014 3384 2070 accessimus
3406 2014 3476 2069 ad

1903 2113 2071 2170 Deum
2100 2114 2307 2176 vivum,
2342 2111 2398 2165 in
2424 2111 2571 2165 omni
2592 2116 2837 2178 tempore
2867 2121 2975 2161 non
3000 2113 3200 2167 servat,
3230 2118 3330 2159 nec
3353 2118 3474 2157 eam

1900 2206 2058 2277 quasi
2096 2204 2426 2260 tutissimum
2457 2200 2770 2272 praesidium
2803 2214 2900 2268 per
2923 2205 3093 2251 totam
3122 2210 3275 2253 suam
3306 2196 3474 2251 vitam

1901 2294 2301 2362 complectitur,
2332 2290 2572 2360 seipsum
2618 2288 2853 2342 alienum
2897 2286 3076 2340 reddit
3113 2301 3141 2339 a
3192 2286 3479 2356 promissis

1902 2385 2019 2448 Dei,
2052 2383 2341 2452 suoipsius
2357 2379 2721 2451 chirographo
2747 2392 3076 2447 repugnans,
3102 2378 3247 2446 quod
3278 2376 3330 2430 in
3356 2392 3481 2446 pro-

1904 2474 2140 2530 fessione
2186 2472 2308 2531 ﬁdei
2353 2470 2625 2540 deposuit.
2668 2467 2803 2522 Nam
2837 2470 2882 2521 si
2919 2468 3050 2521 milii
3083 2467 3208 2521 vitae
3256 2467 3474 2520 initium

1901 2571 1986 2620 est
2006 2563 2332 2633 baptismus,
2351 2560 2417 2615 ad
2440 2560 2647 2615 dierum
2665 2561 2907 2613 omnium
2932 2560 3141 2628 primus
3158 2565 3239 2614 est
3258 2558 3373 2613 dies
3400 2574 3481 2614 re-

1903 2652 2305 2726 generationis;
2350 2651 2701 2722 perspicuutn
2735 2657 2819 2705 est
2855 2656 2909 2703 et
2948 2663 3136 2704 vocem
3178 2649 3323 2702 illam
3361 2664 3480 2701 om—

1904 2746 2052 2800 nium
2096 2743 2549 2815 pretiosissimam
2570 2757 2711 2806 esse,
2735 2757 2858 2811 qum
2888 2741 2942 2795 in
2977 2740 3288 2811 ad0ptionis
3305 2742 3479 2809 gratia

1904 2836 2115 2907 prolata
2142 2841 2249 2891 est.
2276 2833 2426 2888 ltane
2455 2833 2621 2903 igitur
2655 2832 3023 2894 traditionem,
3048 2845 3169 2900 quae
3198 2845 3283 2885 me
3306 2830 3480 2884 addu-

1904 2928 1981 2982 cit
2013 2927 2080 2981 ad
2112 2928 2309 2991 lucem,
2336 2939 2458 2994 quae
2480 2923 2575 2981 Dei
2599 2923 2966 2994 cognitionem
3000 2922 3189 2992 largita
3221 2930 3305 2977 cst
3325 2961 3341 2986 ,
3384 2936 3480 2991 per

1903 3037 2065 3093 quam
2100 3021 2273 3075 factus
2311 3036 2432 3074 sum
2462 3019 2604 3072 filius
2653 3017 2769 3081 Dei,
2801 3018 2893 3085 qui
2934 3017 3087 3086 prius
3118 3024 3336 3086 propter
3358 3030 3481 3085 peo-

1903 3122 2085 3168 catum
2113 3128 2260 3168 eram
2282 3112 2481 3175 hostis,
2507 3110 2781 3173 deseram,
2816 3109 3078 3173 seductus
3104 3109 3335 3163 istorum
3360 3123 3481 3179 spt~

1900 3206 2067 3260 ciosis
2087 3203 2473 3265 sermonibus?
2503 3202 2643 3269 Quin
2668 3203 2850 3272 potius
2872 3209 2925 3257 et
2949 3201 3081 3255 illud
3108 3201 3239 3255 milii
3259 3216 3473 3272 precor.

1900 3306 2110 3351 utcum
2142 3297 2244 3351 liae
2280 3293 2624 3367 professione
2658 3294 2944 3364 contingat
2972 3291 3101 3365 hinc
3124 3290 3387 3347 decedere
3408 3291 3478 3345 ad

1900 3386 2189 3442 Dominum
2221 3406 2234 3443 :
2267 3396 2320 3443 et
2353 3389 2500 3458 ipsos
2536 3386 2748 3452 hortor,
2795 3397 2854 3441 tit
2898 3386 3211 3441 inviolatam
3259 3394 3478 3441 servent

1900 3475 2057 3530 tidem
2093 3491 2264 3547 usque
2286 3477 2354 3531 ad
2386 3477 2528 3531 diem
2561 3475 2789 3540 Christi,
2817 3482 2871 3531 et
2899 3475 3230 3531 indivulsum
3255 3491 3285 3528 a
3315 3474 3478 3530 Patre

1899 3574 1953 3621 et
1987 3564 2125 3621 Filio
2153 3566 2471 3621 custodiant
2509 3564 2771 3636 Spiritum
2798 3585 2812 3620 :
2838 3566 3145 3621 doctrinam
3176 3567 3477 3638 baptisma-

1899 3660 1972 3714 tis
2003 3670 2117 3712 tum
2150 3657 2206 3712 in
2229 3656 2352 3711 fidei
2380 3655 2747 3727 professione,
2782 3665 2897 3712 tum
2927 3658 2980 3730 in
3013 3656 3198 3729 gloriae
3224 3656 3479 3728 persolu-

1901 3753 2049 3807 tione
2087 3757 2393 3805 servantes.
3048 3735 3053 3741 ’

2514 3882 2744 3940 CAPUT
2781 3883 2880 3945 XL:

2006 3998 2452 4056 Prwvaricatores
2467 4014 2580 4053 esse
2602 3998 2724 4052 illos
2753 3999 2845 4069 qui
2872 4011 3064 4068 negant
3092 3994 3371 4064 Spiritum.

1971 4113 2060 4168 27.
2098 4111 2199 4168 Cui
2226 4110 2343 4166 vae?
2384 4109 2471 4165 cui
2510 4107 2728 4181 aﬂlictio
2745 4109 2773 4163 ἲν
2798 4108 2891 4164 cui
2932 4108 3183 4179 angustia
3231 4121 3295 4161 ac
3323 4111 3479 4162 tene-

1902 4205 2054 4260 brae?
2084 4204 2174 4258 cui
2217 4204 2551 4274 sempiterna
2597 4201 3012 4271 condemnatio?
3044 4197 3234 4255 Nonne
3267 4211 3480 4269 praeva-

1903 4297 2279 4353 ricatoribus?
2311 4311 2494 4369 nonne
2525 4294 2717 4369 iis‘qui
2753 4294 2910 4348 Iidem
2955 4291 3327 4362 abnegarent?
3372 4288 3478 4346 Sed

1907 4387 2051 4442 unde
2078 4389 2383 4459 probantur
2403 4387 2703 4460 abnegasse
2717 4387 2747 4453 ?7
2769 4384 2958 4440 Nonne
2991 4384 3139 4450 hinc,
3170 4382 3315 4455 quod
3349 4397 3480 4438 suas

210 4475 457 4547 λόγησαν
473 4476 534 4528 δὲ
560 4475 635 4537 τί,
657 4474 690 4545 ἧ
714 4475 843 4528 πότε
859 4492 876 4540 ;
895 4474 1180 4529 Πιστεύειν
1207 4477 1286 4539 είς
1311 4475 1531 4547 Πατέρα
1556 4476 1650 4530 καὶ
1675 4476 1798 4530 Υίδν

1909 4480 2011 4549 ipsi
2035 4479 2408 4551 professiones
2442 4480 2626 4533 irritas
2656 4477 2940 4533 fecerunt?
2965 4475 3107 4543 Quid
3137 4485 3315 4531 autem
3348 4490 3483 4545 pro-

209 4571 311 4625 καὶ
334 4569 496 4636 ἅγιον
521 4566 766 4638 Πνεῦμα,
796 4569 906 4634 ὅτε,
937 4567 1337 4638 ἀποταξάμενοι
1357 4568 1436 4639 τῷ
1455 4568 1685 4639 διαϐόλῳ
1706 4570 1798 4625 καὶ

1909 4572 2040 4629 fessi
2072 4580 2220 4637 sunt,
2246 4580 2340 4625 aut
2367 4569 2589 4642 quando
2606 4571 2633 4623 ?
2658 4568 2901 4625 Professi
2935 4577 3063 4623 sunt
3090 4568 3315 4623 credere
3340 4583 3398 4623 se
3423 4568 3479 4621 in

212 4663 331 4725 τοῖς
364 4658 626 4727 ἀγγέλοις
659 4657 849 4722 αὐτοῦ,
893 4658 992 4730 τὴν
1038 4661 1303 4731 σωτήριον
1334 4659 1550 4729 ἐκείνην
1579 4659 1803 4729 ἀφῆκαν

213 4752 424 4817 φωνήν.
468 4746 567 4809 Τίς
598 4742 693 4799 οὖν
725 4747 1011 4819 πρέπουσα
1038 4747 1249 4811 τούτοις
1283 4748 1624 4819 προσηγορία
1656 4748 1808 4819 παρά
1850 4762 1855 4767 ·

211 4838 327 4892 τῶν
357 4838 568 4891 τέκνων
610 4838 706 4891 τοῦ
749 4839 926 4908 φωτὸς
966 4839 1264 4911 ὲξευρέθη;
1314 4839 1447 4911 Οὐχὶ
1494 4839 1808 4913 παραϐάται

214 4928 744 5003 προσαγορεύονται,
787 4929 864 4994 ὡς
891 4932 973 4995 είς
1003 4929 1102 4994 τὰς
1134 4932 1233 5003 τῆς
1262 4932 1537 5004 σωτηρίας
1567 4932 1681 5005 (42)
1707 4934 1807 4989 αὐ·-

289 5084 407 5155 (58)
437 5086 625 5155 Εἴπερ
659 5086 718 5142 ἅ.
762 5087 853 5142 Sic
883 5089 1053 5144 nostri
1084 5089 1325 5153 codices,
1356 5106 1465 5145 non
1496 5097 1559 5145 ut
1584 5089 1717 5145 editi
1750 5091 1800 5145 ei

215 5156 329 5228 γὰρ
357 5155 607 5231 &._P:iulo
640 5165 763 5231 post
794 5159 1113 5231 particulam
1139 5161 1174 5231 ἦ
1195 5160 1505 5217 addidimus
1538 5171 1665 5227 ante
1703 5163 1803 5218 has

216 5226 388 5297 yores
419 5226 478 5278 ἓν
507 5243 577 5297 τιί
601 5226 732 5291 τῶν,
767 5226 888 5294 qua:
922 5230 1141 5297 quidem
1162 5226 1382 5284 'vocttlze
1413 5226 1801 5293 variismodis

216 5295 503 5372 leguntur.
539 5296 710 5372 Habet
738 5295 1073 5372 enittreditio
1104 5298 1438 5372 Basileensis
1464 5303 1497 5372 ἡ
1522 5320 1576 5355 τι
1596 5301 1792 5372 τὸᾼτῆς,

217 5366 477 5445 nennulli
532 5367 832 5445 codicesj
881 5368 938 5421 ἓν
982 5369 1111 5430 τῶν.
1145 5371 1418 5445 aliiut_in
1449 5366 1802 5445 textu.A_Un'de

222 5438 473 5505 suspicio
502 5447 585 5492 est
615 5437 829 5506 aliquid
853 5453 975 5494 esse
1016 5443 1282 5510 corrupti.
1327 5439 1586 5512 Legereiu
1625 5443 1801 5496 liben-

221 5514 309 5558 ter
334 5506 371 5576 ἢ
403 5506 460 5557 ἓν
496 5522 602 5559 τινι
631 5507 759 5565 τῶν.
785 5515 920 5569 etc.,
945 5511 1033 5563 cui
1069 5512 1359 5576 scripturae
1388 5513 1615 5576 getuella
1647 5528 1800 5576 pror-

223 5520 309 5558 ιρι·
334 5520 371 5576 η
403 5520 460 5557 εν
496 5522 602 5559 τινι
631 5524 759 5565 των.
785 5520 920 5569 etc.,
945 5520 1033 5563 cui
1069 5520 1359 5583 scriptura:
1388 5520 1615 5582 gemella
1647 5528 1774 5582 pror

223 5589 323 5631 sus
356 5583 441 5645 est
469 5577 846 5645 interpretatio
881 5578 1115 5634 Erasmi.

296 5644 411 5727 (ὅθ)
442 5644 781 5727 moturam.
804 5646 947 5703 Editi
981 5649 1328 5725 addunt‘poi,
1355 5652 1446 5719 sed
1472 5650 1799 5721 haecvocula

226 5714 385 5774 abest
414 5729 446 5769 a
468 5716 755 5773 codicibus
781 5733 918 5774 mss.

1905 4661 2121 4719 Patrem
2136 4669 2208 4728 λοι
2244 4661 2440 4731 [filium
2481 4669 2537 4719 et
2580 4660 2842 4731 Spiritum
2876 4668 3165 4729 sanctum,
3198 4668 3312 4714 tum
3352 4674 3478 4713 cum

1906 4753 2287 4809 renuntiantes
2317 4752 2535 4807 diabolo
2567 4761 2624 4806 ct
2651 4752 2860 4821 angelis
2892 4750 3012 4819 ejus
3042 4750 3383 4805 salutiferam
3420 4749 3484 4803 il-

1907 4842 2015 4917 iatn
2063 4857 2254 4912 vocem
2295 4841 2605 4897 ediderunt.
2656 4839 2813 4907 Quod
2866 4838 3034 4909 igitur
3076 4837 3199 4897 istis
3252 4836 3480 4907 dignum

1907 4935 2233 5002 vocabulum
2279 4934 2644 5006 excogitatum
2680 4940 2762 4988 est
2802 4947 2835 4986 a
2882 4931 3009 4986 ﬁliis
3061 4929 3245 4985 lucis?
3290 4928 3483 4983 Nonne

1981 5092 2093 5161 (40)
2124 5095 2227 5158 Εἰς
2257 5093 2323 5146 τὸ
2352 5092 2500 5162 φῶς,
2538 5091 2657 5159 τὴν
2683 5088 3059 5162 γνῶσιν-χείρ
3086 5095 3299 5143 veteres
3319 5087 3474 5162 libri.
3570 5110 3583 5122 -

1909 5158 2048 5217 Male
2091 5164 2145 5217 in
2190 5158 2498 5231 editis'god'i;
2539 5158 2635 5217 καὶ
2667 5158 2888 5230 γνῶσιν.
2936 5159 3105 5213 Paulo
3146 5169 3269 5231 post
3317 5158 3478 5231 iidem

1908 5232 2039 5287 editi
2071 5243 2267 5302 pneter
2299 5227 2547 5288 codicum
2575 5227 2708 5297 mss.
2738 5231 2903 5302 tidem
2932 5233 2962 5285 ὁ
2990 5231 3095 5301 πρὸ
3114 5227 3297 5302 ὀλίγου
3319 5227 3476 5289 τέως.

1980 5300 2093 5373 (41)
2132 5303 2202 5358 Τὸ
2224 5303 2480 5372 Πνεῦμα.
2511 5302 2651 5373 Edili
2684 5300 2889 5355 addunt
2919 5300 3177 5373 τὸ³ἆγιον.
3202 5301 3300 5373 sed
3313 5313 3480 5373 repu-

2593 5369 2793 5425 lbidetu
2842 5381 3097 5425 corrupte
3142 5371 3198 5423 in
3237 5369 3480 5423 editione

3025 5448 3203 5495 etercs
3252 5438 3375 5494 libri
3423 5446 3479 5493 et

1949 5381 2083 5453 nant
2128 5373 2345 5454 codices
2388 5389 2529 5453 mss.

1909 5440 2207 5497 Parisiensi
2243 5443 2517 5513 κρατῆσαι
2560 5440 2929 5513 διδασκαλίαν.

1908 5512 2085 5592 editio
2112 5512 2440 5592 B_a§ileensis
2468 5513 2608 5592 utin
2636 5520 2915 5592 contextu.

1980 5582 2094 5651 (4‘2)
2133 5582 2246 5651 Τῆς
2279 5584 2596 5651 σωτηρίας.
2635 5582 2727 5635 Sic
2757 5595 2890 5651 mss.
2920 5578 3158 5634 codices.
3193 5578 3336 5651 Editi
3367 5595 3477 5635 σω·

1910 5649 2146 5725 τηρίους.
2190 5649 2324 5724 Reg.
2361 5649 2878 5722 secundusibidem
2909 5651 3070 5707 habet
3102 5649 3334 5705 ἑαυτῶν.
