3900 6212
380 267 484 329 H5

1724 266 1782 323 S.
1819 267 2066 324 BASILII
2104 267 2316 325 MAGNI

3524 277 3628 336 HG

378 379 621 460 perfugis
640 398 708 442 ac
729 385 1187 456 praevaricatores
1213 385 1563 457 appellantur
1588 425 1604 453 ,
1637 391 1698 440 ut
1737 385 1830 455 qui
1871 400 1961 440 sa-

2074 385 2170 440 ιῶν
2205 386 2475 459 συνθήκας
2511 389 3094 463 παρασπονδήσαντεςς
3137 391 3205 445 Τί
3238 385 3332 446 οὗν
3360 390 3498 448 εῐπω
3533 393 3630 447 τὸν

380 478 511 534 lutis
539 493 655 534 sua
677 487 837 550 pacta.
873 478 1171 535 violarint?
1203 480 1324 547 Quo
1357 479 1522 549 igitur
1565 479 1785 533 nomine
1821 493 1948 533 eum

379 569 477 640 qui
507 567 679 625 Deum
711 570 1025 640 abnegavit,
1047 586 1159 642 quo
1184 586 1309 626 eum
1339 572 1432 642 qui
1474 571 1753 635 Christum
1787 572 1958 628 abne-

379 662 549 735 gavit,
580 660 889 734 appellem?
920 662 1169 729 Quonam
1203 663 1340 727 alio,
1372 678 1536 734 quam
1569 665 1956 734 praevaricato-

379 755 461 811 ris
491 769 556 811 ac
584 755 929 812 desertoris?
958 757 1029 809 At
1056 756 1104 811 ei
1134 756 1227 825 qui
1259 756 1474 827 negavit
1495 755 1779 827 Spiritum,
1810 757 1955 827 quod

383 860 471 902 me
506 845 592 902 vis
618 860 814 900 nomen
845 844 1165 916 imponere?
1194 845 1387 901 Nonne
1415 846 1521 901 hoc
1550 846 1690 902 idem
1711 886 1727 912 ,
1759 848 1959 918 quippe

382 938 477 1007 qui
508 945 726 1008 pactqu
756 953 882 993 cum
914 936 1027 993 Deo
1066 938 1260 994 initum
1292 938 1552 993 violarit?
1581 937 1722 1009 Ergo
1750 955 1875 995 cum
1905 947 1960 995 et

384 1028 509 1085 ﬁdei
556 1030 611 1084 in
671 1027 935 1101 Spiritum
978 1030 1249 1101 professio
1298 1031 1695 1087 beatitudinem
1739 1032 1959 1101 pietatis

384 1122 545 1178 nobis
573 1122 858 1186 conciliet,
897 1134 952 1179 et
998 1123 1285 1195 abnegatio
1321 1124 1539 1180 crimini
1573 1123 1827 1194 abnegati
1865 1122 1961 1181 Dei

384 1213 553 1269 faciat
579 1215 881 1271 obnoxios:
917 1231 987 1270 an
1011 1231 1122 1272 non
1153 1216 1487 1277 horrendum
1503 1225 1588 1273 est
1607 1221 1785 1287 ipsum
1814 1234 1962 1275 nunc

384 1308 634 1378 rejicere,
658 1324 765 1364 non
792 1309 994 1379 ignem,
1020 1325 1129 1365 non
1161 1309 1423 1381 gladium,
1449 1326 1557 1367 non
1585 1326 1828 1380 crucem,
1851 1328 1962 1367 non

383 1396 617 1468 ﬂagella,
651 1413 761 1453 non
799 1406 1002 1464 rotam,
1037 1414 1147 1454 non
1176 1407 1448 1456 tormenta
1475 1409 1820 1466 metuentes.
1865 1405 1963 1460 sed

384 1490 520 1546 solis
540 1490 974 1561 sophismatibus
1000 1492 1524 1563 scductionibusque
1566 1495 1796 1551 istorum
1819 1536 1833 1560 ,
1866 1496 1961 1567 qui

386 1577 617 1651 Spiritui
661 1581 891 1638 rebelles
943 1591 1095 1650 sunt,
1137 1583 1439 1655 deceptos?
1472 1584 1761 1643 Testiﬁcor
1810 1589 1960 1643 omni

385 1672 595 1728 homini
620 1670 898 1728 Christum
930 1674 1239 1744 proﬁtenti,
1270 1684 1325 1730 et
1358 1674 1523 1730 Deum
1545 1678 1791 1747 neganti,
1814 1679 1957 1743 quod

383 1762 641 1821 Christus
678 1763 815 1819 nihil
866 1764 944 1820 illi
982 1766 1265 1837 proderit;
1301 1775 1396 1820 aut
1439 1765 1608 1822 Deum
1659 1770 1955 1834 invocanti,

383 1852 580 1909 Filium
612 1871 742 1912 vero
775 1858 1081 1927 spernenti,
1111 1859 1259 1929 quod
1292 1858 1473 1915 inanis
1500 1868 1585 1916 est
1611 1860 1746 1917 ﬁdes
1787 1861 1955 1918 illius.

385 1943 521 2002 Item
548 1948 602 2003 ei
630 1948 726 2020 qui
768 1948 1032 2021 Spiritum
1075 1951 1290 2020 rejicit,
1342 1951 1604 2009 testiﬁcor
1645 1953 1791 2025 quod
1827 1954 1961 2010 ﬁdes

386 2040 507 2105 ejus
537 2051 645 2108 qua
666 2041 955 2111 proﬁtetur
987 2041 1203 2098 Patrem
1245 2052 1298 2100 et
1334 2043 1553 2108 Filium,
1597 2046 1778 2104 inanis
1811 2050 1916 2104 erit
1945 2068 1958 2103 :

384 2131 495 2203 23
526 2148 692 2203 quam
724 2150 829 2190 nec
851 2134 1054 2191 habere
1087 2143 1267 2206 potest
1304 2137 1412 2192 nisi
1452 2136 1617 2194 simul
1647 2138 1791 2195 adsit
1840 2139 1963 2208 Spi-

387 2225 553 2280 ritus.
598 2223 718 2280 Non
750 2225 898 2282 enim
945 2227 1119 2282 credit
1148 2227 1203 2281 in
1240 2225 1468 2294 Filium,
1496 2229 1592 2299 qui
1641 2245 1749 2286 non
1787 2231 1964 2287 credit

390 2314 645 2387 Spiritui;
673 2332 775 2375 nec
796 2319 970 2375 credit
996 2319 1052 2374 in
1080 2319 1316 2381 Patrem.
1341 2322 1434 2392 qui
1462 2338 1571 2377 non
1601 2324 1775 2378 credit
1803 2323 1960 2380 Filio.

390 2408 505 2466 Nec
533 2412 672 2467 enim
710 2421 882 2482 potest
917 2414 1089 2469 dicere
1114 2414 1399 2469 Dominum
1412 2413 1617 2480 Iesum,
1637 2416 1741 2470 nisi
1766 2417 1820 2471 in
1846 2415 1966 2486 Spi-

388 2505 496 2556 ritu
520 2511 702 2558 sancto
715 2503 782 2571 ⁹⁹;
796 2510 872 2569 et,
889 2503 1057 2559 Deum
1086 2522 1236 2560 nemo
1258 2507 1385 2562 sidit
1401 2524 1652 2578 unquam,
1673 2508 1764 2562 sed
1786 2511 1965 2581 unige-

391 2593 535 2647 nitus
571 2592 771 2659 Filius,
803 2596 894 2665 qui
915 2606 990 2651 est
1026 2597 1082 2650 in
1112 2598 1234 2652 sinu
1258 2598 1467 2662 Patris,
1495 2599 1579 2652 hic
1619 2601 1768 2655 nobis
1807 2618 1966 2655 enar-

391 2684 531 2738 ravit
559 2683 627 2739 “.
659 2682 888 2755 Insuper
923 2688 1050 2742 talis
1083 2702 1279 2758 expers
1316 2696 1403 2744 est
1439 2704 1582 2745 vera:
1609 2689 1973 2760 adorationis.

390 2773 579 2846 Neque
606 2776 752 2832 enim
782 2776 899 2833 ﬁeri
929 2787 1128 2850 potest.
1162 2789 1223 2834 ut
1251 2781 1375 2850 quis
1405 2779 1601 2836 Filium
1629 2781 1837 2845 adoret,
1859 2782 1966 2838 nisi

392 2868 450 2922 in
481 2867 687 2939 Spiritu
722 2878 948 2935 sancto,
985 2880 1080 2926 aut
1120 2879 1180 2927 ut
1212 2871 1431 2928 Patrem
1476 2873 1725 2940 invocet,
1771 2874 1880 2930 nisi
1911 2873 1967 2928 in

394 2959 706 3033 adoptionis
734 2960 960 3034 Spiritu.

979 3099 1211 3156 CAPUT
1267 3099 1381 3156 ΧΠ.

395 3206 665 3265 Adversus
715 3226 805 3266 eos
850 3210 941 3283 qui
975 3209 1157 3283 dicunt
1200 3212 1432 3280 stt/ﬁcere
1464 3210 1727 3283 baptisma
1760 3221 1967 3269 tantum

888 3281 945 3334 in
991 3282 1200 3335 nomine
1242 3282 1474 3336 Domini.

470 3391 564 3447 28.
602 3391 883 3449 Neminem
921 3409 1053 3450 veru
1080 3394 1134 3448 in
1153 3393 1397 3450 fraudem
1426 3396 1649 3452 inducat
1670 3398 1801 3453 illud
1825 3398 1970 3469 Apo-

399 3482 551 3543 stoli.
584 3482 730 3554 quod
756 3481 938 3539 Patris
975 3491 1030 3538 et
1052 3483 1287 3554 Spiritus
1314 3487 1492 3540 sancti
1524 3502 1723 3542 nomen
1778 3489 1831 3543 in
1879 3490 1972 3544 ba-

398 3573 621 3642 ptizatis
658 3573 1182 3628 commemoratione
1222 3570 1539 3643 frequenter
1589 3575 1792 3629 omittit
1826 3592 1841 3629 :
1874 3590 1969 3630 ue-

399 3681 506 3737 que
536 3664 659 3721 ideo
687 3671 841 3735 putet
872 3663 1272 3719 indiﬁerentem
1319 3678 1444 3719 esse
1490 3665 1775 3719 nominum
1811 3667 1970 3721 invo-

399 3758 694 3813 «stionem.
735 3756 1064 3826 Quicunque,
1092 3755 1291 3826 inquit,
1328 3755 1385 3809 in
1409 3754 1678 3811 Christum
1712 3756 1973 3827 baptizati

397 3848 546 3912 estis,
595 3845 870 3903 Christum
910 3847 1162 3900 induistis
1177 3846 1263 3907 ”;
1303 3854 1358 3901 et
1398 3861 1615 3910 rursus,
1666 3847 1974 3918 Quicunque

398 3939 456 3992 in
484 3936 698 3993 Christo
727 3935 987 4004 baptizati
1014 3937 1166 3999 estis,
1192 3937 1249 3990 in
1279 3944 1500 3991 mortem
1533 3937 1681 3991 illius
1715 3938 1974 4006 baptizati

399 4028 611 4083 estis".
636 4025 773 4081 Nam
798 4027 1003 4083 Christi
1025 4026 1339 4097 appellatio,
1362 4028 1532 4083 tutius
1555 4036 1641 4084 est
1662 4030 1970 4096 professio:

401 4119 646 4174 declarat
681 4119 949 4189 siquidem
981 4128 1036 4174 et
1067 4118 1237 4173 Deum
1255 4119 1351 4190 qui
1375 4120 1554 4182 unxit,
1575 4130 1629 4175 et
1658 4120 1855 4176 Filium
1878 4123 1972 4193 qui

401 4217 604 4266 unctus
628 4218 735 4275 est,
786 4218 841 4265 et
880 4210 1144 4281 Spiritum
1178 4218 1431 4268 sanctum
1478 4213 1575 4283 qui
1606 4220 1692 4269 est
1733 4217 1921 4272 unctio
1957 4237 1971 4272 :

403 4301 866 4373 quemadmodum
900 4317 932 4356 a
962 4300 1125 4358 Petro
1151 4301 1208 4357 in
1242 4302 1396 4359 Actis
1427 4302 1744 4371 didicimus,
1789 4304 1974 4361 Iesum

2063 481 2415 552 ἀρνησίθεον;
2453 481 2507 534 τί
2534 481 2591 535 δὲ
2629 482 2721 536 τὸν
2761 483 3204 555 ἀρνησίχριστονς
3246 485 3312 538 Τί
3340 483 3467 539 ἄλλο
3496 502 3564 554 γε
3592 486 3628 557 ἦ

2057 576 2413 649 παραϐάτηνς
2458 575 2549 648 Τῷ
2579 577 2635 631 δὲ
2673 577 2736 631 τὸ
2764 576 2988 649 Πνεῦμα
3016 578 3377 650 ἀρνησαμένῳ
3406 579 3528 634 τίνα
3561 596 3631 651 με

2059 670 2237 739 βούλει
2268 671 2638 743 προσηγορίαν
2675 668 2894 735 esseut;
2929 670 3002 723 Οὐ
3046 668 3144 741 τὴν
3190 668 3358 741 αὐτὴν
3400 669 3631 741 ταύτην,

2057 762 2132 827 ὡς
2150 762 2248 826 τὰς
2271 763 2406 835 πρὸς
2427 763 2557 816 Θεὸν
2582 761 2890 834 παραϐάντι
2914 761 3213 832 συνθήκας;
3238 762 3445 816 Οὐκοῦν
3467 764 3633 816 ὁπότε

2058 852 2154 906 καὶ
2182 854 2214 923 ή
2245 853 2505 924 ὁμολογία
2543 852 2646 923 τῆς
2684 853 2764 916 είς
2800 852 2930 905 αὐτὸ
2970 851 3083 925 (45)
3127 853 3360 917 πίστεως
3399 852 3489 905 τὸν
3530 853 3637 922 τῆς

2059 944 2336 1007 εὐσεϐείας
2388 942 2735 1015 μακαρισμὸν
2786 942 3054 1015 προξενεῖ,
3099 944 3194 998 καὶ
3233 945 3267 1016 ἡ
3300 943 3525 1015 ἄρνησις
3564 945 3634 1013 τῇ

2061 1033 2381 1105 κατακρίσει
2412 1032 2514 1103 τῆς
2544 1032 2836 1105 ἀθεότητος
2868 1031 3159 1086 ὑποϐάλλει
3180 1072 3196 1098 ,
3233 1032 3350 1096 πῶς
3381 1033 3440 1085 οὐ
3472 1031 3638 1101 φοϐε-

2064 1127 2156 1199 ρὸν
2181 1126 2339 1180 τοῦτο
2365 1126 2477 1197 (44)
2507 1125 2602 1180 νῦν
2638 1124 2925 1196 ἀθετῆσαι,
2966 1126 3029 1178 οὐ
3074 1125 3205 1197 πῦρ,
3249 1126 3311 1179 ού
3354 1124 3526 1194 ξίφος,
3570 1123 3635 1177 ού

2063 1220 2314 1292 σταυρὸν,
2344 1219 2405 1273 ού
2442 1219 2732 1291 μάστιγας,
2766 1219 2829 1271 οὐ
2860 1218 3072 1289 τροχὸν,
3109 1218 3169 1270 οὐ
3220 1216 3637 1288 στρεϐλωτήρια

2062 1312 2415 1384 φοϐηθέντας,
2445 1311 2579 1366 ἀλλά
2613 1310 2911 1382 σοφίσμασι
2943 1310 3125 1382 μόνοις
3154 1309 3247 1363 καὶ
3275 1310 3637 1380 παραγωγαῖς

2061 1404 2168 1459 τῶν
2192 1403 2663 1477 πνευματομάχων
2690 1401 3239 1475 παρακρουσθένταςς
3267 1399 3635 1472 Μαρτύρομαι

2063 1498 2228 1552 παντὶ
2264 1494 2535 1570 ἀνθρώπῳ
2565 1492 2916 1566 ὁμολογοῦντι
2944 1492 3200 1565 Χριστὸν,
3244 1492 3337 1547 καὶ
3375 1491 3466 1545 τὸν
3498 1490 3639 1544 Θεὸν

2062 1585 2401 1658 ἀρνουμένῳ,
2447 1585 2530 1639 ὅτι
2575 1583 2810 1657 Χριστὸς
2852 1583 3012 1638 αὐτὸν
3066 1582 3217 1637 οὐδὲν
3260 1582 3547 1654 ὠφελήσει·
3598 1580 3635 1654 ἢ

2063 1677 2195 1731 Θεὸν
2230 1674 2661 1747 ἐπικαλουμένῳ,
2695 1675 2786 1729 τὸν
2823 1675 2882 1728 δὲ
2923 1674 3051 1728 Υίὸν
3078 1673 3191 1746 (45)
3219 1671 3517 1737 ἀθετοῦντι,
3548 1673 3636 1726 ὅτι

2063 1772 2267 1843 ματαία
2307 1771 2457 1825 ἐστὶν
2500 1771 2535 1842 ἡ
2584 1769 2768 1833 πίστις
2808 1768 2994 1822 αὐτοῦ’
3042 1767 3139 1821 καὶ
3183 1765 3259 1837 τῷ
3299 1765 3360 1820 τὸ
3408 1765 3637 1837 Πνεῦμα

2061 1863 2501 1935 παραιτουμένῳ,
2527 1863 2609 1916 ὅτι
2641 1863 2674 1933 ἡ
2703 1861 2784 1926 είς
2812 1858 3030 1931 Πατέρα
3057 1859 3153 1912 καὶ
3174 1858 3303 1912 Υίὸν
3326 1858 3508 1921 πίστις
3535 1857 3638 1911 αὑ-

2060 1956 2139 2028 τῷ
2171 1959 2250 2020 είς
2284 1956 2436 2011 κενὸν
2464 1954 2819 2025 ἀποϐήσεται,
2859 1951 2928 2023 ἢν
2958 1950 3075 2005 οὐδὲ
3101 1949 3243 2020 ἔχειν
3276 1948 3517 2013 δύναται,
3557 1946 3637 2020 μὴ

2064 2053 2440 2127 συμπαρόντος
2478 2049 2572 2105 τοῦ
2615 2048 2952 2121 Πνεύματος.
2995 2046 3071 2100 Οὐ
3115 2043 3358 2098 πιστεύει
3399 2042 3497 2115 μὲν
3521 2041 3636 2114 γὰρ

2063 2150 2142 2211 εἰς
2174 2146 2304 2200 Υίὸν
2331 2147 2358 2199 ὁ
2387 2144 2460 2216 μὴ
2492 2141 2760 2197 πιστεύων
2789 2138 2865 2211 τῷ
2893 2138 3193 2209 Πνεύματιο
3219 2137 3279 2191 οὒ
3312 2135 3555 2190 πιστεύει
3576 2136 3635 2189 δὲ

2064 2237 2144 2298 είς
2176 2234 2395 2305 Πατέρα
2433 2235 2461 2285 ὁ
2496 2233 2569 2304 μὴ
2598 2230 2896 2293 πιστεύσας
2920 2228 3030 2300 (46)
3066 2228 3145 2299 τῷ
3172 2226 3306 2297 Υῑῷ.
3347 2227 3494 2279 οὔτε
3524 2223 3636 2295 γὰρ

2063 2326 2309 2380 δύναται
2337 2322 2529 2377 εἰπεῖν
2549 2323 2772 2391 Κύριον
2807 2318 3046 2387 Ἰησοῦιδ
3061 2320 3113 2371 εὶ
3133 2315 3219 2386 μὴ
3245 2315 3314 2369 ἐν
3337 2315 3639 2383 Πνεύμστι

2064 2418 2227 2488 ἐγίῳ·
2261 2416 2377 2480 καὶ,
2431 2414 2580 2469 Θεὸν⁹
2609 2412 2810 2478 οὐδεὶς
2848 2409 3070 2479 ἑώρακε
3121 2408 3374 2471 πώποτε,
3425 2405 3563 2460 ἀλλ’
3604 2406 3641 2457 ό

2061 2508 2396 2579 μονογενὴς
2433 2506 2587 2572 Υἱὸς,
2634 2508 2667 2559 ὁ
2692 2502 2778 2557 ὢν
2802 2503 2873 2557 ἐν
2902 2501 3027 2568 τοῖς
3075 2501 3328 2566 κόλποις
3359 2499 3465 2552 τοῦ
3516 2501 3638 2551 Ha-

2066 2600 2225 2670 τρός.
2264 2596 2443 2663 οὗτος
2484 2597 2629 2668 ἡμῖν
2664 2595 2777 2665 (47)
2811 2592 3171 2662 ἐξηγήσατο.
3216 2589 3476 2661 Ἀμοιρὸς
3522 2590 3639 2642 ἐστι

2068 2690 2283 2760 καὶτῆς
2302 2687 2561 2760 ἀληθινῆς
2586 2686 3008 2759 προσκυνήσεως
3034 2684 3062 2735 ὁ
3081 2680 3338 2746 τοιοῦτος.
3369 2679 3506 2734 Οὔτε
3527 2678 3641 2750 γὰρ

2071 2779 2198 2833 Υίὸν
2239 2776 2609 2848 προσκυνῆσαι
2646 2772 2871 2828 δυνατὸν
2902 2773 2950 2824 εί
2992 2770 3066 2842 μὴ
3100 2768 3212 2840 (48)
3264 2772 3321 2822 ὲν
3360 2767 3641 2838 Πνεύματι

2069 2870 2231 2941 ἁγίῳ,
2257 2868 2379 2923 οὔτε
2408 2868 2836 2923 ἐπικαλέσασθαι
2865 2865 3093 2920 δυνατὸν
3117 2862 3207 2917 τὸν
3238 2861 3456 2933 Πατέρα
3479 2862 3527 2915 εἰ
3563 2860 3640 2932 μὴ

2070 2966 2129 3018 ἐν
2151 2962 2230 3035 τῷ
2253 2964 2350 3035 τῆς
2374 2960 2643 3023 υἱοθεσίας
2674 2959 2970 3031 Πνεύματι.

2561 3095 2962 3152 ΚΕΦΑΛΑῙΟΝ
3046 3094 3146 3148 IB’.

2065 3218 2221 3288 Πρὸς
2246 3217 2389 3281 τοὺς
2419 3213 2708 3288 λέγοντας
2753 3208 3033 3288 ἐξαρκεῖν
3067 3207 3166 3261 καὶ
3215 3205 3408 3275 μόνον
3449 3201 3517 3257 τὸ
3553 3202 3645 3267 είς

2484 3278 2593 3338 τὸν
2624 3283 2843 3350 Κύριον
2875 3278 3214 3347 βάπτισμα.

2133 3400 2224 3455 28.
2256 3399 2368 3452 Kal.
2397 3396 2599 3469 μηδένα
2620 3392 3055 3466 παρακρουὲσθω
3080 3390 3141 3444 τὸ
3164 3388 3259 3442 τοῦ
3294 3385 3641 3450 Ἀποστὸλου,

2069 3491 2142 3554 ὡς
2169 3490 2231 3544 τὸ
2279 3489 2451 3559 ὄνομα
2486 3484 2580 3540 τοῦ
2614 3485 2829 3555 Πατρὸς
2860 3483 2971 3553 (ιθ)
3014 3483 3109 3535 καὶ
3149 3478 3242 3534 τοῦ
3281 3479 3437 3547 ἁγίου
3471 3474 3643 3529 Πνεύ-

2072 3596 2240 3652 ματος
2270 3577 2364 3631 ἐπὶ
2402 3576 2504 3646 τῆς
2554 3574 2650 3628 τοῦ
2698 3572 3071 3643 βαπτίσματος
3125 3571 3345 3641 μνήμης
3390 3565 3645 3627 πολλάκις

2070 3668 2613 3741 παραλιμπάνοντος,
2673 3664 2807 3736 μηδὲ
2871 3662 2959 3716 διὰ
3008 3662 3166 3716 τοῦτο
3222 3659 3649 3730 ἀπαρατήρητον

2068 3761 2263 3817 οἰέσθω
2306 3759 2406 3829 τὴν
2441 3757 2727 3828 ἐπίκλησιν
2772 3751 2910 3806 εἶναι
2954 3750 3063 3805 τῶν
3109 3748 3406 3819 ὀνομάτων.
3444 3747 3641 3805 Ὅσοι,

2071 3852 2253 3923 φησὶν,
2278 3853 2366 3917 εὶς
2397 3846 2657 3917 Χριστὸν
2697 3844 3113 3909 ἐϐαπτίσθητε,
3149 3838 3408 3907 Χριστὸν
3444 3833 3647 3923 ἐνεδῷ

2070 3921 2288 3996 σασθε·
2332 3937 2426 3992 καὶ
2470 3936 2660 3991 πάλινο
2718 3934 2892 3986 Ὅσοι
2938 3931 3026 3995 εἰς
3092 3925 3352 3996 Χριστὸν
3416 3921 3650 3978 ἐϐαπτί-

2071 4039 2275 4101 σθητε,
2297 4032 2386 4096 είς
2415 4027 2522 4083 τὸν
2538 4024 2796 4081 θάνατον
2806 4021 2989 4076 αὐτοῦ
3006 4019 3416 4084 ἐϐαπτίσθητε.
3454 4015 3517 4067 Ἥ
3541 4012 3650 4085 γὰρ

2074 4126 2167 4180 τοῦ
2195 4120 2428 4196 Χριστοῦ
2454 4116 2792 4191 προσηγορία
2816 4112 2910 4167 τοῦ
2944 4110 3144 4174 παντός
3171 4112 3317 4163 ἐστιν
3347 4107 3613 4179 ὁμολογία
3630 4122 3646 4137 ⁸

2073 4216 2221 4285 δηλοῖ
2254 4213 2363 4285 γὰρ
2392 4211 2485 4265 τόν
2513 4226 2573 4264 τε
2606 4206 2885 4285 χρίσανταλ
2906 4203 3060 4269 Θεὸν,
3104 4202 3199 4256 καὶ
3225 4202 3315 4255 τὸν
3362 4198 3650 4270 χρισθέντα

2075 4270 2225 4370 Υίὸν,
2260 4270 2355 4357 καί
2381 4301 2445 4356 τὸ
2479 4270 2688 4372 χρίσμα
2708 4299 2771 4351 τὸ
2793 4270 3039 4366 Πνεῦμα,
3077 4293 3154 4356 ὡς
3183 4292 3334 4359 παρά
3365 4290 3570 4361 Πέτρου
3593 4290 3651 4342 ὲν

406 4393 774 4457 Nazarenam,
804 4410 957 4465 quem
988 4395 1143 4449 unxit
1163 4393 1304 4449 Deus
1319 4394 1527 4466 Spiritu
1541 4398 1809 4452 sancto".
1840 4397 1968 4455 item

2079 4401 2197 4463 ταῖς
2228 4396 2469 4469 Πράξεσι
2500 4392 2918 4465 μεμαθήκαμεν,
2962 4385 3204 4474 Ἰησοῦκ
3239 4384 3346 4439 τὸν
3385 4382 3503 4437 ἀπὸ
3540 4384 3651 4474 Na:

407 4486 465 4541 in
500 4487 660 4554 Isaia,
693 4485 927 4557 Spiritus
949 4485 1166 4542 Domini
1207 4502 1365 4558 super
1384 4504 1488 4555 me,
1527 4505 1590 4545 eo
1630 4489 1769 4560 quod
1819 4492 1970 4545 unxit

2075 4490 2263 4561 ζαρὲτ,
2312 4489 2386 4541 ὃν
2422 4485 2668 4555 ἔχρισεν
2699 4480 2812 4553 (50)
2854 4482 2888 4535 δ
2935 4477 3082 4543 Θεὸς
3121 4473 3204 4541 τῷ
3235 4474 3531 4543 Πνεύματι
3576 4471 3654 4537 τῷ

502 4645 524 4677 ³
565 4642 585 4698 l
619 4620 747 4700 Cor.
789 4660 888 4710 xu,
920 4645 974 4700 5.
1050 4645 1098 4677 "
1135 4642 1291 4698 Joan.
1335 4659 1387 4707 ι,
1429 4644 1517 4699 18.
1627 4645 1674 4677 ⁸³
1710 4643 1830 4702 Gal.
1873 4661 1968 4713 ιιι,

2074 4646 2097 4701 ’.
2169 4646 2227 4691 ι⁹⁶
2266 4645 2423 4699 Rom.
2464 4655 2549 4706 vt,
2588 4638 2644 4693 5.
2732 4637 2778 4670 ⁸⁷
2818 4634 2936 4691 Act.
2978 4650 3050 4694 x,
3090 4631 3183 4688 38.

409 4826 592 4952 uagi)
619 4828 721 4895 Εἰς
741 4829 909 4884 αὐτό.
930 4826 1073 4882 Editi
1097 4841 1162 4882 ac
1184 4840 1328 4881 unus
1355 4830 1568 4880 tantum
1590 4823 1762 4879 codex
1783 4838 1887 4879 ms.
1911 4826 1991 4890 είς

482 4969 596 5036 (44)
632 4967 833 5023 Τοῦτο.
884 4967 1029 5022 Editi
1076 4965 1304 5036 ταύτην,
1336 4963 1775 5036 repugnantibus
1799 4964 1991 5036 ⁸οιιιιιίτ

370 5081 382 5094 .
413 5033 829 5122 huscodicibus
862 5054 997 5094 mss.
1038 5051 1101 5091 ac
1135 5033 1254 5107 ipsa
1284 5033 1448 5090 etiam
1478 5033 1655 5105 prima
1688 5033 1988 5090 Basileensi

411 5110 747 5247 ωίῗὲῗῗὸν
777 5176 847 5231 δὲ
882 5179 1039 5233 Υιόν.
1073 5176 1164 5231 Sic
1185 5190 1322 5247 ms_s.
1346 5172 1587 5230 codices.
1614 5172 1757 5247 _Editi
1784 5172 1882 5247 καλἒ
1894 5174 1987 5247 τὸν

413 5244 670 5320 δριστὸν.
695 5247 1039 5320 “Nec‘multo
1063 5253 1213 5320 _post
1251 5244 1704 5320 Regnsecundus
1736 5252 1790 5298 et
1820 5244 1988 5320 editio

414 5313 591 5375 Paris.
626 5317 722 5372 τοῦ
752 5316 910 5388 ἁγίου
936 5313 1274 5389 Πνεύματος.
1309 5314 1418 5369 Alii
1443 5313 1574 5371 editi
1599 5322 1655 5371 et
1686 5328 1820 5370 mss.
1848 5323 1909 5368 ut
1930 5315 1986 5369 in

414 5395 696 5527 ωἳέὲἶιίδ
724 5456 812 5528 μὴ
841 5460 1197 5522 πιστεύσας.
1221 5455 1453 5513 Veteres
1480 5455 1686 5528 aliquot
1713 5454 1835 5528 lib_ri
1856 5456 1885 5508 ὁ
1903 5452 1986 5528 μὴ

417 5524 739 5583 πιστεύων.’
765 5528 968 5584 ibidem
1015 5529 1233 5583 codices
1282 5541 1473 5581 omnes
1513 5525 1715 5596 Κύριον
1759 5524 1984 5596 Ἰησοῦν.

418 5596 811 5671 Ειιῑιὶ-ᾼΚύριος
864 5596 1311 5671 ⁹1ησοῆς.ῌί)ιιιιῑι)
1342 5604 1465 5671 post.
1496 5594 1695 5671 pro—eo
1725 5594 1870 5671 quod
1903 5603 1990 5671 est

422 5669 481 5724 iu
513 5663 746 5737 editis,'6
779 5663 1072 5740 μονογενὴς
1096 5667 1245 5733 Υἱός,
1274 5663 1560 5739 legendum
1590 5664 1803 5721 videtur
1832 5663 1986 5728 Θεός,

2088 4832 2148 4878 ιιι
2179 4822 2234 4875 in
2263 4818 2441 4889 capite
2474 4823 2629 4889 sexto
2643 4811 2823 4889 _huj_us
2852 4810 2978 4865 libri
3010 4806 3377 4889 restitiiimus.

2160 4872 2289 4961 (17f
2323 4872 2513 4953 ὁῦτοζ·
2556 4872 2832 4955 ἡμῖν.’1ιιι
2877 4896 3011 4935 mss.
3047 4878 3285 4933 codices.
3323 4876 3464 4932 Editi
3498 4872 3655 4937 αὐτὸς

2088 4964 2272 5102 ήμᾶέ)
2301 5030 2370 5102 Ei
2386 5025 2492 5097 μή.
2522 5021 2944 5102 liancvoculam
2972 5020 3022 5102 ε]
3051 5017 3135 5071 bis
3162 5017 3221 5102 in
3243 5014 3654 5102 hac‘verborum

2092 5082 2474 5169 complexione
2504 5094 2835 5169 addidimus.
2884 5105 2951 5169 ac
2987 5088 3209 5169 δυνατόν
3241 5092 3364 5154 post
3409 5082 3659 5137 ἐπικαλέ-

2095 5157 2313 5231 σασθαι,
2345 5167 2664 5221 auctoribus
2691 5160 2933 5231 antiquis
2956 5157 3293 5231 codicibus:
3383 5227 3394 5231 Α
3514 5221 3528 5231 ι
3629 5219 3655 5231 _

2164 5221 2421 5310 (έθῷἺΤοῦ
2453 5221 2892 5310 Πατρᾷς.-Ἱξι·ὶξε
2926 5223 3401 5310 codicesaddunt
3444 5221 3540 5275 xui.
3569 5221 3658 5275 τοῦ

2093 5298 2401 5380 Υἱὸῦ.”(ιιιω
2425 5298 2589 5380 voces
2618 5298 2673 5358 in
2701 5300 3014 5380 Ctglbertino
3047 5298 3255 5380 deletae.

2754 5371 2900 5427 Editi
2941 5367 3268 5451 tbg‘ﬁxptasu
3470 5362 3509 5451 ὁ
3531 5357 3660 5451 Θεὸς

2091 5439 2371 5521 Πνεύματι
2401 5439 2540 5521 ἁγίῷ
2590 5444 2697 5501 Sed
2714 5457 2917 5521 omnes
2942 5439 3161 5521 codices
3190 5439 3506 5521 mss._'u_tui_n
3526 5444 3651 5521 con:

2092 5503 2264 5578 textu:
2310 5503 2541 5572 Eosdem
2575 5514 2857 5583 sequimur
2889 5512 2945 5564 in
2976 5510 3079 5564 hac
3110 5519 3264 5569 voce,
3299 5503 3530 5566 εἵνεκεν,
3559 5512 3656 5571 pro

2090 5608 2156 5649 eo
2185 5589 2329 5661 quod
2361 5595 2479 5645 crat
2507 5589 2560 5641 in
2594 5586 2754 5642 alitis
2782 5583 2985 5636 ἕνεκεν.
