3900 6212
230 306 342 366 {l7

1365 320 1573 380 LIBER
1611 322 1699 379 DE
1733 325 2012 384 SPINTU
2055 327 2342 385 SANCTO.

3387 321 3489 377 118

227 424 382 515 dirigi
399 440 414 452 '
451 427 547 480 καὶ
561 427 619 480 ἐν
632 426 711 496 τῷ
740 426 960 499 Ἡσαΐᾳ,
979 431 1221 502 Πνεῦμα
1248 434 1469 505 Κυρίου
1484 434 1723 515 ἐπ’ρμὲ,
1751 434 1820 494 οὗ

1928 457 2010 495 me
2024 440 2103 507 "';
2126 448 2181 496 et
2210 435 2518 495 Psalmicus
2550 435 2640 491 ille
2672 441 2885 498 cantor,
2928 433 3217 504 Propterea
3248 433 3404 488 unxit
3443 441 3494 488 te
3562 480 3571 485 -

226 513 470 568 εἵνεκεν
497 515 706 585 ἕχρισέ
740 534 846 585 με·
871 521 1008 575 καὶὸ
1027 523 1330 595 Ψαλμῳδός
1358 513 1615 598 (51)’Διά
1647 529 1823 584 τοῦτο

228 604 449 674 ἐχρισέ
468 623 543 661 σε
565 612 599 661 ό
628 610 773 675 Θεὸς
800 614 834 664 ὁ
857 613 1004 678 Θεός
1027 628 1143 670 σου
1170 618 1379 673 ἔλαιον
1402 620 1823 689 ἀγαλλιάσεως

227 694 394 765 παρὰ
406 697 546 765 τοὺς
550 702 845 769 μετόχους
855 707 1246 763 σου.Φαίνεται
1265 711 1468 782 μέντοι[
1485 713 1820 788 Ἀπόστολός]

231 801 371 839 ποτε
399 789 493 840 καὶ
529 790 692 858 μόνου
722 793 815 846 τοῦ
860 794 1179 866 Πνεῦματος
1207 802 1299 853 ἐπὶ
1322 802 1415 854 τοῦ
1447 802 1823 875 βαπτίσματος

233 878 640 948 μνημονεύσας.
685 881 912 951 Πάντες
965 887 1093 959 γὰρ,
1121 889 1308 961 φησὶν,
1351 893 1421 946 ἐν
1456 894 1547 947 ἐνί
1593 894 1823 966 σώματι

230 970 326 1033 εὶς
356 967 429 1021 ἐν
454 970 697 1041 Πνεῦμα
734 975 1200 1049 ἐϐαπτίσθημεν.
1246 982 1538 1053 Συμφωνεῖ
1562 985 1620 1038 δὲ
1648 987 1823 1058 τούτῳ

230 1058 331 1112 καὶ
372 1059 457 1124 τὸ,
517 1061 717 1130 Ὑμεῖς
752 1065 822 1118 δὲ
858 1068 1364 1140 ,βαπτισθήσεσθε
1416 1076 1487 1129 ἐν
1524 1079 1823 1148 Πνεύματι

231 1148 384 1217 ἁγίῳ
403 1163 417 1177 °
456 1150 552 1203 καὶ
586 1153 669 1215 τὺ,
698 1156 895 1222 Αὐτὸς
925 1158 1082 1227 ὑμᾶς
1107 1161 1400 1225 βαπτίσει
1425 1164 1497 1219 ἐν
1522 1169 1822 1238 Πνεύματι

228 1241 403 1333 (irim.
442 1243 582 1297 Ἀλλ’
595 1246 670 1333 -οὐ
703 1247 856 1319 παρά
882 1249 1041 1303 τοῦτο
1076 1252 1280 1307 τέλειον
1308 1254 1373 1309 ἀν
1399 1273 1486 1320 τις
1527 1257 1672 1312 εἴποι
1707 1258 1820 1333 (52)

232 1332 547 1404 βάπτισμα,
585 1329 631 1404 ᾧ
667 1338 826 1408 μόνον
873 1341 935 1394 τὸ
980 1338 1152 1415 ὄνομα
1192 1344 1293 1399 τοῦ
1342 1347 1661 1420 Πνεύματος
1715 1329 1820 1407 ἐπέ

230 1426 467 1498 εκλήθη.
503 1428 626 1501 Χρὴ
646 1429 753 1502 γὰρ
780 1432 1133 1503 ἀπαράϐατον
1165 1437 1346 1511 μένειν
1377 1440 1466 1494 ἀεὶ¹
1492 1441 1604 1513 (55)
1634 1445 1733 1516 τὴν
1762 1447 1820 1499 ἐν

231 1519 302 1607 τῇ
350 1516 604 1590 ζωοποιῷ
660 1521 843 1593 χάριτι
899 1524 1191 1599 δεδομένην
1239 1530 1558 1602 παράδοσιν.
1603 1534 1662 1589 '0
1711 1536 1819 1607 γὰρ

229 1606 656 1682 λυτρωσάμενος
691 1614 758 1666 ὲκ
788 1613 995 1686 φθορᾶς
1029 1615 1129 1688 τὴν
1157 1618 1303 1691 ζωὴν
1343 1622 1501 1692 ἡμῶν
1533 1623 1698 1678 ἔδωκε
1723 1606 1818 1679 62i-

227 1716 399 1771 ναμιν
433 1704 568 1773 ἡμῖν
595 1706 1033 1773 ἀνακαινώσεως,
1070 1709 1310 1783 ἀῤῥητον
1340 1713 1440 1785 μὲν
1467 1712 1695 1785 ἔχουσαν
1721 1716 1816 1787 τὴν

1928 530 2073 587 Deus
2107 530 2252 585 Deus
2277 538 2398 584 tuus
2454 527 2569 582 oleo
2607 525 2978 582 exercitationis
3024 540 3134 594 prie
3161 522 3492 580 consortibus

1929 623 2125 676 tuis".
2161 620 2389 676 Videtur
2414 626 2599 674 tamen
2658 616 2933 673 interdum
2979 615 3273 688 Apostolus
3328 617 3492 669 etiam

1926 712 2100 767 solius
2147 708 2389 781 Spiritus
2432 707 2631 764 fecisse
2666 706 3000 762 mentionem
3051 706 3109 760 in
3143 704 3490 776 baptismate.

1933 802 2126 859 Omnes
2146 802 2316 869 enim,
2346 800 2553 871 inquit,
2587 800 2643 853 in
2672 815 2775 853 uno
2800 813 3017 866 corpore
3037 798 3094 851 in
3121 812 3286 851 unum
3319 796 3495 865 Spiri-

1928 903 2038 947 tum
2067 893 2325 961 baptizatt'
2355 891 2596 945 sumus’.
2631 888 2729 944 His
2771 895 2827 944 et
2870 886 3006 942 illud
3051 893 3340 951 consonat,
3393 885 3493 941 Vos

1923 993 2097 1039 autem
2154 982 2561 1052 baptizabimini
2603 981 2660 1036 in
2708 979 2914 1050 Spiritu
2960 979 3212 1046 sancto';
3256 985 3332 1042 et,
3372 977 3496 1049 Ipse

1922 1093 2011 1131 vos
2048 1073 2333 1143 baptizabit
2360 1074 2415 1127 in
2452 1072 2657 1142 Spiritu
2681 1080 2865 1125 sancto
2886 1070 2928 1125 ³.
2953 1069 3025 1124 At
3065 1083 3181 1123 non
3210 1067 3336 1123 ideo
3370 1067 3495 1136 quis

1923 1164 2125 1219 dixerit
2153 1161 2459 1233 perfectum
2488 1176 2613 1217 esse
2636 1160 2930 1231 baptisma,
2963 1160 3018 1214 in
3046 1174 3154 1229 quo
3171 1157 3348 1213 solum
3373 1156 3497 1225 Spi-

1922 1250 2063 1304 ritus
2095 1263 2296 1303 nomen
2321 1247 2643 1303 invocatum
2664 1252 2770 1300 est.
2807 1243 3031 1315 Oportet
3076 1242 3225 1298 enim
3261 1241 3495 1295 inviola-

1921 1341 2084 1397 bilem
2113 1355 2328 1410 semper
2354 1352 2580 1393 manere
2617 1335 2988 1400 traditionem,
3037 1348 3159 1405 qua:
3192 1333 3248 1387 in
3276 1331 3491 1387 vivifica

1922 1432 2097 1504 gratia
2126 1431 2253 1485 data
2283 1437 2387 1486 est.
2417 1427 2553 1483 Nam
2584 1429 2751 1483 vitam
2778 1436 3023 1482 nostram
3052 1425 3120 1480 de
3143 1423 3494 1494 corruptione

1924 1523 2020 1595 qui
2051 1522 2329 1587 liberavit,
2354 1527 2684 1593 potestatem
2707 1520 2866 1576 nobis
2900 1517 3269 1573 renovationis
3300 1515 3488 1571 dedit:

1924 1629 2046 1686 quae
2073 1621 2315 1684 p0testas
2347 1627 2573 1669 causam
2606 1612 2772 1667 habet
2800 1610 3153 1674 ineffabilem,
3187 1617 3243 1665 et
3274 1609 3331 1664 in
3369 1623 3492 1679 my¢

1923 1704 2091 1762 sterio
2127 1703 2495 1770 reconditam,
2541 1702 2637 1758 sed
2665 1716 2916 1773 magnam
2948 1700 3233 1756 animabus
3257 1699 3492 1755 salutem

225 1792 415 1847 αἰτίαν
464 1795 561 1847 καὶ
611 1797 669 1850 ὲν
699 1800 983 1871 μυστηρίῳ
1031 1802 1422 1876 κατεχομένην,
1476 1805 1716 1877 μεγάλην
1762 1807 1819 1861 δὲ

1924 1796 2322 1861 conferentem,
2351 1803 2413 1851 ut
2454 1794 2751 1866 quidquam
2809 1792 3009 1849 addere
3062 1799 3158 1848 aut
3203 1790 3493 1847 detrahere

223 1884 353 1946 ταῖς
386 1881 589 1955 ψυχαῖς
620 1885 717 1958 τὴν
747 1890 1019 1962 σωτηρίαν
1049 1891 1339 1964 φέρουσαν·
1369 1894 1510 1949 ὥστε
1549 1896 1612 1950 τὸ
1652 1914 1822 1971 προσο

226 1973 406 2028 θεῖναί
434 1993 487 2029 τι
543 1976 576 2047 ἢ
633 1978 853 2047 ἀφελεῖν
885 1979 1032 2052 ζωῆς
1065 1984 1182 2038 ἐστι
1212 1983 1314 2055 τῆς
1337 1985 1507 2041 ἀϊδίου
1542 1988 1822 2060 προδήλως

226 2065 528 2131 ικπτωσις.
562 2069 625 2121 Εί
668 2069 848 2123 τοίνυν
893 2072 951 2124 ἐν
987 2071 1067 2144 τῷ
1101 2072 1446 2147 βαπτίσματι
1486 2079 1517 2132 6
1545 2080 1823 2151 χωρισμὸς

226 2155 327 2209 τοῦ
356 2157 676 2229 Πνεΰματος
700 2161 807 2214 ἀπὸ
834 2162 1051 2234 Πατρὺς
1075 2163 1170 2218 καὶ
1195 2164 1327 2219 Υἱοῦ
1353 2167 1691 2232 ἐπικίνδυνος
1721 2170 1821 2240 μὲν

225 2248 311 2320 τῷ
339 2249 680 2319 βαπτίζοντι,
712 2252 995 2325 ἀνωφελὴς
1018 2254 1077 2308 δὲ
1107 2254 1186 2328 τῷ
1217 2256 1513 2329 δεχομένῳ,
1548 2259 1666 2324 πῶς
1685 2262 1820 2332 ἡμῖν

226 2340 477 2410 ἀσφαλὲς
525 2341 634 2395 ἀπὸ
663 2343 877 2414 Πατρὸς
910 2346 1003 2398 καὶ
1039 2344 1170 2399 Υἱοῦ
1197 2346 1430 2420 διασπᾷν
1455 2349 1516 2403 τὸ
1559 2350 1819 2421 Πνεῦμας

228 2431 429 2496 Πίστις
457 2432 515 2485 δὲ
560 2434 656 2486 καὶ
700 2433 987 2506 βάπτισμα
1028 2436 1121 2490 δύο
1151 2437 1342 2509 τρόποι
1376 2439 1476 2511 τῆς
1525 2441 1820 2517 σωτηρίας,

229 2525 506 2593 συμφυεῖς
554 2524 802 2595 ἀλλήλοις
842 2527 937 2582 καὶ
971 2527 1284 2599 ἀδιαίρετοι.
1328 2531 1519 2595 Πίστις
1564 2532 1665 2603 μὲν
1713 2532 1821 2604 γὰρ

226 2612 535 2669 τελειοῦται
568 2614 657 2668 διὰ
693 2615 1092 2687 βαπτίσματος,
1126 2618 1409 2691 βάπτισμα
1449 2620 1507 2674 δὲ
1542 2621 1823 2693 θεμελιοῠ-

225 2723 322 2758 ται
353 2706 467 2775 (51)
496 2705 585 2759 διὰ
610 2707 710 2774 τῆς
742 2709 999 2773 πίστεως,
1030 2711 1124 2763 καὶ
1147 2710 1236 2764 διὰ
1273 2712 1382 2766 τῶν
1411 2712 1593 2767 αὐτῶν
1623 2714 1824 2784 ὄνομά-ι

225 2814 339 2850 των
360 2797 600 2868 ἑκάτερα
632 2797 738 2868 πλη
748 2798 959 2870 ροῦται.
1005 2800 1092 2863 '0;
1114 2800 1222 2873 γὰρ
1252 2801 1586 2874 πιστεύομεν.
1608 2806 1687 2868 είς
1710 2805 1823 2857 Πα-

224 2887 366 2957 τέρα
397 2888 493 2941 καὶ¹
526 2887 651 2940 Υἰὸν
683 2889 779 2942 καὶ
821 2891 973 2958 ἅγιον
1003 2891 1246 2963 Πνεῦμα,
1296 2891 1438 2947 οὕτω
1479 2896 1574 2948 καὶ
1622 2897 1821 2966 βαπτι-

223 2977 440 3049 ζόμεθα
470 2979 552 3039 είς
598 2979 660 3032 τὸ
682 2979 851 3050 ὄνομα
897 2981 991 3033 τοῦ
1036 2982 1251 3054 Πατρὸς
1297 2984 1391 3038 καὶ
1426 2985 1520 3039 τοῦ
1564 2987 1693 3041 Υίοῢ
1727 2990 1821 3041 καὶ

220 3070 323 3123 τοῦ
363 3070 525 3138 ἀγίου
563 3070 900 3142 Πνεύματος.
938 3071 1043 3125 Καὶ
1077 3074 1311 3144 προάγει
1356 3075 1456 3145 μὲν
1489 3078 1522 3147 ή
1561 3078 1821 3147 ὁμολογία

225 3158 371 3229 πρὸς
405 3133 507 3230 τὴν
555 3133 833 3232 σωτηρίαν
861 3133 1177 3229 εἰσάγουσα
1201 3181 1213 3193 ·
1235 3133 1618 3219 ’ἐπακολουθεί
1654 3168 1712 3221 δὲ
1737 3133 1818 3221 ’τὸ
1844 3133 1887 3191 c

226 3248 523 3321 βάπτισμα
557 3248 953 3321 ὲπισφραγίζον
982 3251 1137 3325 ἡμῶν
1164 3252 1265 3325 τὴν
1296 3256 1713 3323 συγκατάθεσιν.

758 3360 1154 3415 ΚΕΦΑΛΑΙΟΝ
1200 3364 1310 3421 ΙΓ’.,

217 3450 430 3517 Δίτίας
456 3448 883 3528 ἀπᾴδοοίις-διᾴ
900 3451 960 3528 τί
988 3455 1042 3506 οι
1084 3452 1539 3528 ἄπιγελοιμηατρί
1568 3457 1671 3511 καὶ
1711 3455 1822 3522 Υἰῷ

434 3518 599 3586 παρὰ
628 3518 709 3584 τῷ
746 3522 964 3584 Παύλῳ
988 3518 1624 3593 σιιιιέιέιρελἠέρθησαν.⁴

298 3629 395 3686 29.
438 3631 602 3691 Ἀλλά
624 3632 720 3685 καὶ⁵
745 3631 930 3705 ἕτερα,
959 3636 1109 3705 φησὶ,
1144 3636 1620 3709 συναριθμούμενα
1646 3639 1822 3710 Πατρὶ

228 3722 328 3776 καὶ
365 3722 509 3794 Υἱῷ,
541 3725 665 3794 οὐχὶ
686 3725 783 3779 καὶ
815 3724 1195 3793 συνὼξάζεται
1228 3727 1465 3792 πάντως.
1501 3730 1588 3793 Ὠς
1617 3732 1646 3783 6
1675 3732 1826 3789 Ἀπό-

230 3813 426 3876 στολος
473 3814 744 3883 ἀγγέλους
779 3814 1251 3887 συμπαρελάϐετο,
1280 3819 1363 3881 είς
1399 3818 1496 3890 τὴν
1527 3818 1825 3891 διαμαρτυ-

233 3903 364 3975 ρίαν
392 3903 507 3973 (55)
530 3905 632 3975 τὴν
659 3905 755 3958 ἐπὶ
802 3906 1066 3977 Τιμοθέου
1109 3907 1313 3975 λέγων·
1363 3910 1825 3982 Διαμαρτύρομαι

228 4008 336 4048 σοι
381 3992 642 4049 ἐνώπιον
667 3995 774 4049 τοῦ
805 3997 951 4051 Θεοῦ
995 3997 1094 4052 καὶ
1138 3997 1401 4066 Χριστοῦ
1462 4000 1686 4067 Ἰησοῦ,
1723 4002 1822 4055 καὶ

229 4085 360 4140 τῶν
383 4084 691 4141 ἐκλεκτῶν
714 4086 905 4141 αὐτοῦ
921 4087 1194 4158 ἀπτέλων
1213 4103 1229 4120 ’
1253 4087 1348 4153 οὓς
1374 4088 1498 4142 οὔτε
1524 4089 1826 4161 ἀλλοτριοῦ-

234 4193 341 4248 μεν
390 4176 494 4246 τῆς
543 4174 740 4246 λοιπῆς
781 4177 1028 4242 κτίσεως,
1078 4175 1201 4230 οὔτε
1228 4178 1404 4250 Πατρὶ
1434 4178 1530 4233 xui.
1560 4178 1674 4250 Υἱῷ
1704 4197 1828 4233 συν-

237 4265 502 4339 αριθμεῖν
529 4265 852 4336 ἀνεχόμεθα.
869 4266 1010 4336 Ἐγὼ
1025 4266 1103 4331 δὲ,
1125 4268 1175 4320 εί
1198 4268 1293 4321 καὶ
1317 4267 1585 4339 μηδεμιᾶς
1604 4269 1828 4340 ἀποκρί-

232 4375 380 4422 σεως
423 4357 573 4425 ἄξιος
621 4359 650 4410 ὁ
700 4358 877 4427 λόγος.
912 4357 1056 4412 οὕτω
1103 4357 1394 4430 πρόχειρον
1441 4360 1543 4432 τὴν
1596 4360 1826 4415 ἀτοπίαν

1886 1888 2082 1959 'plane
2109 1886 2183 1943 sit
2226 1885 2297 1941 ab
2325 1892 2531 1941 aeterna
2589 1884 2701 1939 vita
2731 1883 3002 1941 excidere.
3046 1880 3283 1937 Proinde
3330 1881 3380 1936 si
3431 1880 3491 1935 in

1921 1977 2192 2048 baptismo
2237 1989 2494 2047 separare
2540 1973 2802 2044 Spiritum
2853 1988 2884 2026 a
2917 1974 3081 2026 Patre
3129 1979 3185 2026 et
3225 1967 3386 2035 Filio,
3431 1974 3493 2024 ut

1919 2065 2293 2138 periculosum
2318 2070 2407 2119 est
2458 2061 2780 2133 baptizanti,
2838 2061 2916 2115 ita
2961 2060 3293 2130 baptismum
3343 2056 3491 2112 acci-

1920 2157 2089 2229 pienti
2122 2155 2350 2222 inutile;
2378 2154 2655 2226 quomodo
2684 2151 2845 2208 nobis
2876 2159 3053 2208 tutum
3099 2150 3264 2206 fuerit
3302 2164 3334 2203 a
3377 2147 3486 2203 Pa-

1920 2259 2003 2307 tre
2040 2258 2095 2305 et
2126 2247 2266 2307 Filio
2310 2247 2619 2303 distrahere
2663 2243 2975 2316 Spiritum?
3020 2242 3181 2299 Fides
3213 2251 3393 2297 autem
3434 2248 3491 2297 et

1920 2338 2191 2409 baptisma
2243 2337 2353 2392 duo
2388 2345 2516 2392 sunt
2540 2336 2689 2391 modi
2720 2336 2979 2407 parandae
3003 2334 3219 2397 salutis,
3252 2334 3395 2387 inter
3428 2348 3490 2388 se

1920 2431 2139 2502 cognati
2167 2438 2218 2486 et
2261 2429 2676 2500 inseparabiles.
2720 2426 2855 2483 Nam
2889 2426 3021 2483 ﬁdes
3063 2426 3343 2496 perﬁcitur
3390 2439 3489 2495 per

1919 2525 2277 2596 baptismum,
2329 2521 2440 2597 24
2466 2522 2772 2592 baptismus
2825 2534 2954 2574 vero
2997 2518 3255 2573 fundatur
3287 2532 3383 2587 per
3426 2514 3489 2569 ﬁ-

1926 2612 2071 2678 dem,
2103 2619 2158 2669 et
2186 2620 2417 2682 utraque
2449 2627 2540 2667 res
2570 2626 2667 2682 per
2691 2609 2883 2666 eadem
2940 2609 3161 2664 nomina
3210 2609 3486 2677 impletur.

1924 2704 2079 2761 Sicut
2109 2707 2255 2763 enim
2280 2705 2559 2763 credimus
2590 2705 2645 2759 in
2677 2702 2894 2761 Patrem
2931 2711 2985 2758 et
3016 2700 3213 2757 Filium
3256 2710 3314 2756 et
3358 2699 3483 2770 Spi-

1920 2798 2084 2854 ritum
2115 2804 2393 2862 sanctutn,
2419 2796 2499 2852 sic
2519 2804 2574 2850 et
2598 2796 2943 2865 baptizamur
2968 2794 3023 2847 in
3058 2792 3283 2847 nomine
3302 2791 3501 2846 Patris.

1918 2898 1975 2944 et
2004 2886 2128 2941 Filii
2153 2894 2209 2942 et
2239 2885 2478 2958 Spiritus
2508 2885 2709 2941 sancti.
2734 2884 2814 2939 Ac
2828 2881 3088 2954 praecedit
3114 2881 3333 2951 quidem
3358 2895 3489 2950 pro-

1920 2977 2089 3033 fessio
2119 2978 2186 3033 ad
2218 2977 2448 3033 salutem
2484 2974 2831 3046 perducens;
2879 2972 3130 3042 sequitur
3165 2979 3347 3027 autem
3390 2970 3490 3026 ba-

1923 3070 2122 3140 ptisma
2156 3068 2489 3140 consignatis
2521 3080 2811 3122 assensum
2839 3072 3112 3120 nostrum.

2481 3348 2725 3416 ,CAPUT
2764 3348 2902 3404 Xlll.

1924 3443 2104 3510 Quare
2131 3441 2272 3512 apud
2301 3441 2533 3497 Paulum
2556 3441 2729 3512 augeli
2756 3440 2917 3495 simul
2937 3456 3056 3495 cum
3080 3439 3243 3495 Patre
3265 3449 3315 3495 et
3345 3437 3485 3495 Fiiic

2517 3511 2896 3583 adjunguutur.

1990 3623 2083 3679 29.
2118 3623 2293 3694 Atqui
2312 3631 2367 3680 et
2397 3622 2505 3678 alia
2534 3629 2690 3688 sunt,
2711 3621 2992 3693 inquiunt,
3035 3638 3158 3693 qua:
3190 3621 3353 3679 simul
3383 3621 3490 3692 Pa-

1923 3716 1994 3770 tri
2029 3728 2083 3772 et
2119 3715 2259 3771 Filio
2284 3724 2740 3776 annumerantur,
2783 3730 2887 3769 nec
2916 3724 3098 3770 tamen
3132 3694 3493 3769 continuo‘si-

1923 3807 2036 3861 mul
2060 3821 2185 3861 cum
2226 3806 2337 3861 illis
2373 3805 2770 3876 gloriﬁcantur.
2808 3803 2989 3859 Veluti
3019 3818 3146 3858 cum
3192 3803 3490 3874 Apostolus

1925 3901 2209 3956 obtestans
2244 3898 2615 3961 Timotheum,
2673 3899 2901 3967 angelos
2929 3898 3091 3954 simul
3128 3897 3369 3953 adducit.
3406 3898 3495 3952 di-

1925 4004 2058 4044 cens
2086 4007 2100 4043 :
2136 3987 2385 4042 Obtestor
2418 3997 2482 4043 te-
2497 3988 2552 4041 in
2582 3996 2862 4055 conspectu
2892 3987 3008 4050 Dei,
3034 3997 3083 4041 et
3110 3987 3310 4042 Christi
3339 3985 3490 4049 Iesu,

1927 4089 1978 4134 et
2030 4079 2315 4136 electorum
2364 4077 2479 4147 ejus
2542 4076 3101 4148 angelorum‘:quos
3149 4087 3330 4132 tamen
3377 4093 3489 4133 non

1927 4171 2150 4226 minime
2177 4184 2497 4241 separamus
2520 4185 2550 4223 a
2579 4168 2806 4239 reliquis
2841 4169 3128 4233 creaturis,
3159 4184 3337 4240 neque
3366 4185 3494 4225 sus-

1926 4264 2164 4319 tinemus
2192 4277 2288 4318 eos
2334 4260 2483 4318 Patri
2509 4268 2571 4317 et
2594 4260 2732 4316 Filio
2763 4276 3148 4318 annumerare.
3187 4260 3302 4329 Ego
3337 4269 3492 4328 vero,

1928 4355 2147 4424 tametsi
2169 4356 2260 4412 hic
2301 4370 2484 4412 sermo
2531 4355 2680 4409 nulla
2726 4354 2927 4425 dignus
2975 4364 3060 4410 est
3106 4355 3492 4425 responsione,

233 4449 404 4521 ἔχων,
430 4449 584 4519 ὅμως
621 4450 801 4502 ἐκεῖνο
840 4448 1004 4518 λέγω,
1033 4450 1116 4508 ὅτι
1152 4449 1405 4523 μάρτυρα
1434 4451 1533 4522 μὲν
1561 4452 1657 4505 καὶ
1693 4450 1820 4522 ὁμό-

1933 4455 2044 4502 tam
2085 4446 2436 4503 manifestam
2484 4445 2782 4517 praeferens
2831 4445 3252 4510 absurditatem,
3308 4453 3491 4499 tamen

233 4539 425 4594 δουλον
465 4539 533 4593 ἀν
559 4556 644 4602 τις
676 4540 839 4610 τυχὸν
882 4540 1295 4611 παραστήσαιτο
1337 4543 1500 4621 πρᾴῳ
1531 4544 1689 4617 κριτῇ
1728 4542 1820 4600 καὶ

1924 4540 2061 4596 illud
2085 4541 2230 4604 dico,
2255 4539 2402 4610 quod
2424 4553 2756 4594 conservum
2783 4537 2946 4592 etiam
2990 4543 3185 4593 testem
3211 4537 3354 4593 forte
3392 4538 3493 4590 ali-

234 4630 461 4704 ἡμέρῳ,
494 4630 587 4683 καὶ
611 4629 845 4700 μάλιστα
874 4630 940 4702 δὴ
968 4633 1027 4684 ὲν
1053 4634 1128 4707 τῇ,
1152 4631 1288 4703 πρὸς
1313 4634 1438 4696 τοὺς
1474 4634 1826 4705 κρινομένους

237 4723 517 4794 ἐπιεικείᾳ
537 4722 600 4776 τὺ
622 4723 1012 4795 ἀναντίρρητον
1036 4723 1137 4794 τῆς
1169 4724 1279 4777 τῶν
1307 4725 1591 4797 χριμάτων
1620 4725 1829 4783 δικαιοςι

240 4815 413 4885 σύνης
438 4813 822 4867 ἐπιδεικνύντι.
854 4794 1181 4884 Ἐλεύθερος
1209 4813 1267 4867 δὲ
1305 4794 1445 4868 εἶναι
1475 4816 1582 4869 ἀπὸ
1609 4815 1821 4879 δούλου,

238 4908 337 4960 καὶ
363 4906 491 4969 Υἱὸς
517 4904 787 4977 κληθῆναι
817 4904 974 4969 Θεοῦ,
1017 4905 1110 4961 καὶ
1155 4904 1553 4977 ζωποιηθῆναι
1593 4905 1702 4959 ἀπὸ
1730 4903 1824 4958 θα-

237 5000 428 5062 νάτου,
459 4998 590 5068 παρ’
624 4996 836 5061 οὐδενὸς
863 4996 1050 5069 ἐτέρου
1088 4996 1310 5051 δύναται
1337 4996 1373 5067 ἢ
1405 4996 1557 5067 παρά
1585 4996 1681 5051 τοῦ
1721 4999 1822 5068 τὴν

237 5088 389 5145 κατὰ
417 5087 582 5158 φύσιν
611 5086 917 5159 οἰκειότητα
938 5087 1298 5159 κεκτημένου,
1326 5087 1540 5158 καὶτῆς
1570 5086 1823 5158 δουλικῆς

313 5243 363 5275 ’⁸
386 5241 468 5297 lsa
511 5259 597 5297 ut
622 5284 637 5306 ,
680 5243 733 5298 1.

313 5397 430 5460 l5!)
465 5395 818 5465 Ψαλμῳδός.
843 5395 1074 5468 Codices
1101 5395 1352 5468 nonnulli
1381 5393 1410 5450 6
1429 5394 1660 5468 ψαλμὸς.
1689 5393 1823 5468 Pau-

241 5472 296 5523 lo
320 5478 448 5537 post
478 5468 680 5522 desunt
698 5469 755 5522 in
778 5467 954 5523 tribus
984 5468 1272 5526 codicibus
1307 5466 1425 5522 haec
1445 5465 1638 5535 verba,
1673 5465 1823 5535 παρὰ

244 5539 508 5611 μετόχους
537 5553 652 5590 σου.

316 5608 429 5679 (32)
462 5604 780 5679 Εἴποι-δίο
807 5622 943 5679 mss.
975 5606 1393 5679 codices._Editi
1425 5605 1574 5679 sim.

319 5676 433 5746 (ΒΞ)
477 5677 607 5732 'Aei.
652 5676 733 5730 Ex
766 5677 943 5732 tribus
973 5693 1106 5734 mss.
1140 5677 1426 5734 codicibus
1462 5676 1602 5731 hanc
1633 5688 1820 5731 vocem

1926 4633 2051 4703 quis
2084 4631 2320 4687 adducat
2347 4630 2489 4700 apud
2519 4635 2866 4686 mansuetum
2899 4643 2964 4683 ac
2999 4629 3320 4698 placabilem
3346 4629 3494 4699 judi-

1925 4738 2064 4787 cem,
2099 4723 2304 4794 quique
2334 4721 2572 4777 maxime
2592 4736 2693 4776 sua
2721 4720 2776 4773 in
2809 4735 2906 4775 eos
2934 4720 3027 4789 qui
3058 4719 3376 4789 judicenlur
3416 4721 3494 4776 le-

1924 4813 2097 4868 nitate
2128 4811 2353 4867 minime
2384 4809 2611 4865 dubiam
2644 4816 2700 4865 et
2727 4816 3136 4863 controversam
3155 4808 3492 4877 judiciorum

1927 4905 2236 4975 aequitatem
2264 4902 2621 4957 demonstrat.
2664 4898 2932 4954 Cmtcrum
2983 4906 3043 4951 ut
3081 4892 3278 4968 aliquis
3308 4897 3401 4952 fiat
3428 4898 3495 4951 li-

1927 4995 2025 5050 ber
2052 5009 2082 5049 e
2109 5008 2287 5056 servo,
2339 4999 2502 5061 atque
2525 4999 2749 5046 vocetur
2783 4988 2954 5045 Filius
3000 4989 3118 5055 Dei,
3147 4996 3201 5043 et
3241 5004 3273 5043 a
3319 4997 3494 5045 morte

1925 5093 2216 5144 revocetur
2243 5083 2313 5138 ad
2337 5083 2527 5150 vitam,
2577 5097 2610 5137 a
2638 5083 2791 5139 nullo
2833 5082 2941 5137 alio
2987 5087 3167 5152 potest
3195 5079 3336 5148 dari,
3386 5081 3494 5135 nisi

835 5244 880 5276 ”
902 5240 1047 5298 Psal.
1087 5257 1247 5310 xuv,
1286 5241 1342 5297 8.
1420 5242 1438 5273 ⁸
1479 5240 1500 5294 ι
1537 5241 1666 5297 Cor.
1707 5256 1820 5308 xu,

1924 5240 1955 5294 ἱ.
2032 5240 2052 5271 ²
2088 5242 2211 5294 Act.
2252 5255 2294 5304 ι,
2332 5238 2384 5294 5.
2459 5237 2482 5270 ⁸
2519 5236 2655 5292 Luc.
2700 5252 2798 5305 ιιι,
2836 5234 2926 5291 16.
2999 5233 3021 5268 ⁵
3057 5233 3079 5288 l
3117 5232 3261 5288 Tim.
3296 5249 3365 5298 v,
3405 5231 3496 5285 21.

1929 5393 2560 5545 ἢῗῗὲἓςωὲἓμελιοῦται.
2599 5452 2847 5527 Quatuor
2877 5458 3099 5515 codices
3144 5473 3281 5514 mss.
3324 5456 3502 5512 τελει-

1926 5551 2111 5673 ουῖἕέ)
2134 5599 2584 5673 Διαμαρτυρίαν.
2620 5598 2712 5655 Sic
2741 5599 2865 5657 libri
2894 5607 3107 5656 veteres
3126 5611 3229 5669 pro
3255 5611 3320 5653 eo
3348 5597 3498 5668 quod
3550 5620 3553 5621 ν

1930 5670 2131 5730 habent
2163 5670 2291 5729 editi
2314 5670 2651 5743 μαρτυρίαν.
