3900 6212
412 270 519 330 U9

1715 266 1773 323 S.
1815 265 2064 324 BASIIJI
2091 266 2303 324 MAGNI

3557 270 3663 328 ιεο

413 387 485 442 ab
510 383 690 456 eoqui
721 385 1025 441 naturalem
1069 382 1233 441 baoet
1280 383 1595 443 societatem
1626 391 1680 442 et
1728 401 1761 440 ιι
1803 388 1964 443 servil

2092 387 2252 452 ἀξιας
2285 388 2731 459 ἀπηλλαγμένου.
2760 387 2885 453 Πῶς
2919 385 3029 461 γὰρ
3059 388 3331 443 οξκειώσει
3354 387 3473 460 Θεῷ
3508 391 3539 443 6
3565 390 3663 443 ἀλ-

413 477 730 534 conditione
782 487 866 534 est
929 478 1161 533 alienus.
1211 477 1497 545 Quomodo
1542 479 1713 535 enim.
1753 478 1989 535 sociabit

415 567 546 637 Deo,
572 569 667 641 qui
699 568 817 638 ipse
845 578 931 624 est
971 569 1228 624 alienus?
1276 570 1558 640 quomodo
1607 571 1809 627 liberos
1859 570 1988 627 red-

412 659 526 723 det,
556 660 651 730 qui
677 660 793 730 ipse
826 668 911 716 est
947 660 1081 731 jugo
1120 661 1402 717 servitutis
1448 662 1759 717 obnoxius?
1801 660 1982 732 Itaque
2015 698 2032 716 .

411 767 523 807 non
551 752 625 807 ob
653 752 846 808 eadem
887 752 947 806 tit
981 751 1221 823 Spiritus
1269 763 1324 810 et
1367 756 1684 827 angelorum
1732 759 1983 813 mentio:

411 844 510 900 sed
564 843 804 915 Spiritus
849 853 1316 901 commemoratur
1370 856 1633 918 tanquam
1682 859 1875 904 auctor
1921 865 1986 906 ac

410 936 678 994 Dominus
703 939 848 1002 vitae,
888 940 1065 1009 angeli
1111 956 1245 996 vero
1276 950 1541 1012 tanquam
1589 958 1983 999 conservorum

409 1029 719 1099 adjutores,
778 1030 1079 1101 ﬁdelesque
1124 1032 1374 1088 veritatis
1418 1042 1588 1090 testes
1631 1034 1981 1092 adhibentur.

410 1120 696 1191 Siquidem
724 1138 845 1178 mos
874 1130 959 1179 est
1008 1124 1237 1190 sanctis,
1291 1124 1387 1180 Dei
1432 1136 1703 1197 praecepta
1751 1129 1984 1185 testibus

407 1213 672 1269 adhibitis
697 1214 946 1282 tradere;
997 1217 1142 1272 sicut
1193 1220 1358 1273 etiam
1396 1217 1486 1273 hic
1532 1220 1650 1289 ipse
1700 1220 1767 1275 ad
1806 1219 1986 1274 Timo-

406 1306 595 1361 theum
631 1305 875 1376 loquitur
909 1325 922 1361 :
954 1307 1087 1374 Quae
1129 1310 1381 1378 accepisti
1403 1326 1436 1363 a
1466 1326 1547 1363 me
1575 1327 1755 1364 coram
1801 1313 1981 1365 multis

406 1396 650 1461 testibus,
675 1413 738 1451 ea
759 1396 957 1465 depone
993 1399 1133 1466 apud
1167 1399 1349 1468 ﬁdeles
1384 1401 1703 1454 homines“.
1739 1400 1806 1453 Ει
1832 1417 1979 1455 nunc

405 1489 630 1557 angelos
676 1494 989 1551 attestatur,
1042 1491 1227 1545 sciens
1276 1492 1500 1561 angelos
1545 1493 1750 1561 pariter
1787 1491 1982 1546 aﬂ‘utu-

403 1597 500 1636 ros
523 1581 721 1647 judici,
752 1596 875 1636 eum
894 1583 1109 1638 venerit
1136 1583 1189 1637 in
1223 1584 1397 1654 gloria
1426 1584 1626 1648 Patris,
1668 1593 1728 1638 ut
1770 1586 1980 1654 judicet

402 1674 590 1728 orbem
626 1683 901 1728 terrarum
940 1674 997 1729 in
1017 1674 1252 1743 iustitia.
1288 1675 1541 1745 Quisquis
1580 1679 1740 1740 enim,
1773 1679 1973 1748 inquit,

2091 479 2331 550 λότριοςς
2381 482 2498 544 πῶς
2531 481 2588 535 δὲ
2635 479 3007 552 ἐλευθερώσει,
3052 481 3214 546 αὐτὸς
3252 481 3434 552 ἔνοχος
3473 481 3549 535 ὣν
3580 483 3662 554 τῷ

2089 568 2240 641 ζυγῷ
2263 572 2362 642 τῆς
2387 572 2630 636 δουλείας
2652 588 2667 635 ;
2699 572 2860 624 Ὥστε
2884 572 2984 625 οὐκ
3008 574 3090 642 ἐφ’
3120 572 3325 643 ὁμοίοις
3352 573 3463 646 (56)
3491 573 3662 629 Πνεύ-

2091 664 2263 732 ματός
2321 666 2440 717 ἐστι
2497 665 2592 718 καὶ
2646 663 2895 732 ἀγγέλων
2939 666 2974 735 ἡ
3019 666 3226 736 μνήμη,
3273 665 3409 719 ἀλλά
3456 667 3519 720 τὸ
3560 669 3661 738 μὲν

2087 752 2331 824 Πνεῦμα,
2373 754 2449 818 ὡς
2502 754 2652 824 ζωῆς
2698 755 2907 827 κύριον.
2937 757 2986 807 oi
3015 756 3060 808 δ’
3093 755 3312 823 ἄγγελοι
3350 757 3426 819 ὡς
3476 757 3659 826 βοηθοὶ

2086 845 2193 901 τῶν
2234 846 2562 917 ὁμοδούλων,
2608 848 2701 900 καὶ
2742 848 2923 899 πιστοὶ
2970 846 3244 918 μάρτυρες
3275 849 3372 919 τῆς
3404 848 3659 919 ἀληθείας

2088 938 2632 1009 παραλαμϐάνονται.
2672 937 2832 1002 Ἔοος
2864 937 2975 1009 γὰρ
3004 941 3116 1001 τοῖς
3155 938 3350 1006 ἀγεοις,
3382 939 3481 1003 τὰς
3511 944 3659 994 ἐντο-

2084 1028 2181 1093 λάς
2224 1029 2317 1082 τοῦ
2354 1029 2488 1083 Θεοῦ
2524 1030 2615 1083 ἐπὶ
2648 1030 2940 1102 μαρτύρων
2994 1030 3216 1083 διδόναι·
3244 1030 3320 1094 ὡς
3364 1033 3454 1085 καὶ
3496 1032 3661 1097 αὐτὸς

2082 1113 2236 1183 οὗτός
2271 1136 2407 1191 φησι
2432 1121 2708 1191 Τιμοϐέῳ·
2748 1123 2815 1175 Ἀ
2846 1120 3177 1187 παρέλαϐες
3214 1124 3350 1191 παρ’
3375 1123 3520 1191 ἐμοῦ
3554 1124 3661 1177 ἐπὶ

2084 1210 2332 1264 πολλῶν
2344 1214 2679 1282 μαρτύρων,
2697 1211 2883 1265 ταῦτα
2902 1215 3167 1282 παράοου
3188 1216 3415 1281 πιστοῖς
3443 1216 3661 1284 ἀνθρώ-

2082 1315 2235 1367 ποις.
2285 1303 2394 1355 Καὶ
2435 1302 2529 1356 νῦν
2574 1305 2700 1366 τοὺς
2745 1304 3008 1372 ἀγγέλους
3037 1305 3499 1378 ὲπιμαρτύρεταισ
3543 1304 3656 1361 οἶδε

2081 1395 2209 1466 γὰρ,
2229 1395 2312 1449 ὅτι
2344 1395 2786 1466 συμπαρέσονται
2818 1396 3037 1466 ἄγγελοι
3057 1397 3134 1468 τῷ
3168 1402 3349 1469 κριτῇ,
3378 1401 3504 1452 ὅταν
3525 1399 3652 1472 ἔλθῃ

2080 1486 2139 1538 ἐν
2168 1488 2235 1556 τῇ
2264 1485 2389 1557 δόξῃ
2422 1485 2513 1540 τοῦ
2548 1487 2759 1558 [ἰατρὸς
2789 1491 2968 1558 κρῖναι
2996 1488 3095 1559 τὴν
3126 1490 3447 1561 οἰκουμένην
3487 1494 3545 1544 ὲν
3569 1492 3654 1545 δι-

2079 1575 2357 1650 καιοσύνῃ.
2396 1579 2501 1643 ’ος
2529 1579 2638 1647 γὰρ
2686 1576 2784 1636 ἂν,
2834 1578 3019 1649 φησὶν,
3064 1580 3411 1649 ὁμολογήσῃ
3439 1581 3547 1648 (57)
3582 1582 3655 1635 ἐν

2078 1668 2207 1738 ἐμοὶ
2253 1670 2592 1738 ἔμπροσθεν
2641 1667 2762 1722 τῶν
2786 1667 3127 1737 ἀνθρώπων,
3165 1671 3263 1724 καὶ
3305 1674 3338 1725 ὀ
3386 1672 3516 1737 Υἱὸς
3544 1671 3653 1727 τοῦ

1017 1729 1101 1743 ,κ

400 1765 673 1833 confessus
703 1765 863 1834 fuerit
897 1781 977 1819 me
1007 1781 1186 1819 eorum
1217 1765 1540 1829 hominibus,
1587 1776 1637 1820 et
1671 1765 1847 1822 Filius
1880 1767 1964 1821 Ito-

2077 1729 2392 1830 ἀνθρώπου
2441 1761 2803 1830 ὁμολογήσει
2942 1729 3124 1827 αὐτῷ’
3149 1729 3507 1830 ἔμπροσθεν’
3533 1764 3655 1818 τῶν

401 1857 559 1911 minis
591 1857 927 1926 conﬁtebitur
956 1872 1075 1910 eum
1108 1872 1291 1910 coram
1327 1858 1527 1928 angelis
1563 1856 1658 1912 Dei
1678 1848 1810 1929 :'qui
1855 1876 1972 1915 vero

398 1951 731 2018 abnegaverit
747 1965 831 2003 me
843 1964 1023 2003 coram
1044 1947 1367 2009 hominibus,
1395 1950 1741 2018 abnegnbitur
1767 1952 1822 2004 in
1843 1969 1970 2005 con-

398 2050 575 2109 spectu
595 2039 901 2109 angelorum
934 2038 1084 2093 Dei“.
1123 2036 1189 2092 Et
1216 2037 1420 2093 Paulus
1450 2040 1578 2095 alibi
1612 2041 1765 2104 dicit,
1798 2040 1863 2095 I’n
1888 2059 1971 2095 re-

395 2132 650 2186 uelatione
675 2130 890 2186 Domini
918 2130 1048 2185 Iesu
1076 2129 1140 2185 de
1172 2130 1302 2185 caelo
1339 2147 1455 2183 cum
1500 2132 1701 2203 angelis
1719 2132 1761 2184 ⁸.
1817 2132 1970 2188 IIanc

394 2224 469 2278 ob
516 2237 737 2279 causam
792 2222 878 2277 hic
925 2221 1039 2293 jam
1094 2229 1443 2279 contestatur
1501 2238 1687 2278 coram
1736 2224 1965 2294 angelis,

392 2312 627 2367 eximias
657 2312 763 2366 sibi
790 2326 1102 2384 praeparans
1131 2313 1490 2384 probationes
1516 2313 1583 2368 ad
1616 2328 1875 2385 magnum
1899 2315 1967 2368 il-

394 2403 489 2459 lud
520 2404 783 2459 tribunal.

422 2604 429 2613 υ
462 2584 549 2640 30.
578 2582 765 2655 Neque
784 2583 875 2641 hic
898 2585 1084 2649 modo,
1107 2601 1297 2644 verum
1318 2588 1482 2644 etiam
1508 2602 1702 2645 omnes
1718 2588 1962 2651 omnino,

389 2675 596 2747 quibus
622 2676 839 2746 aliquod
870 2677 1024 2732 verbi
1065 2679 1431 2734 ministerium
1473 2680 1828 2735 commissum
1857 2687 1962 2743 est,

389 2768 545 2822 nullo
568 2774 814 2838 tempore
837 2771 1139 2825 contestari
1170 2779 1417 2832 cessant.
1445 2773 1557 2827 imo
1581 2782 1637 2827 et
1676 2773 1879 2828 coelum
1910 2782 1966 2829 et

387 2867 594 2914 terram
622 2859 940 2925 inclamat,
982 2870 1042 2915 ut
1065 2862 1209 2916 intra
1261 2862 1368 2932 25
1417 2876 1649 2933 quorum
1699 2865 1962 2920 ambitum

388 2952 576 3006 omnia
604 2967 754 3007 nunc
794 2960 1088 3023 gerantur,
1128 2970 1357 3025 quaeque
1398 2955 1453 3008 in
1481 2955 1732 3011 examine
1777 2971 1961 3011 rerum

2074 1852 2345 1921 ἀγγέλων
2379 1853 2486 1907 τοῦ
2513 1854 2661 1906 Θεοῦ
2700 1854 2810 1923 (58)
2832 1871 2845 1883 '
2883 1857 2916 1907 ό
2948 1853 3014 1907 δὲ
3057 1855 3555 1925 ἁπαρνησάμενός
3573 1873 3655 1925 με

2072 1944 2327 1999 ἐνώπιον
2364 1944 2483 1999 τῶν
2522 1945 2847 2013 ἀνθρώπων
2878 1946 3363 2014 ἀπαρνηθήσεται
3395 1948 3655 2004 ἐνώπιον

2071 2035 2190 2088 τῶν
2214 2037 2485 2105 ἀγγέλων
2531 2036 2636 2090 τοῦ
2680 2036 2852 2092 Θεοῦ.
2892 2038 3001 2090 Καὶ
3039 2037 3248 2101 Παῦλος
3291 2038 3517 2110 ἑτέρωθί
3548 2057 3654 2112 φη-

2073 2142 2157 2180 σιν
2180 2143 2193 2155 ·
2242 2128 2338 2179 Ἐν
2360 2128 2435 2195 τῇ
2473 2128 2855 2197 ἀποκαλύψει
2887 2129 2993 2184 τοῦ
3034 2130 3256 2197 Κυρίου
3297 2130 3499 2198 Ἰησοῦ
3546 2134 3655 2187 ἀπ’

2069 2218 2330 2288 οἱφανοῦ
2358 2220 2466 2291 (59)
2505 2220 2634 2288 μετ’
2667 2220 2955 2289 ἀγγέλων.
2993 2222 3194 2275 Τούτου
3249 2222 3409 2294 χάριν
3465 2223 3654 2278 ἐντεῦ-

2069 2309 2160 2363 Θεν
2187 2297 2286 2382 ἤδη
2318 2309 2740 2383 διαμαρτύρεται
2765 2312 2985 2366 ἐπὶτῶν
3015 2314 3283 2382 ἀγγέλων,
3314 2318 3392 2379 εἰς
3420 2317 3481 2369 τὸ
3506 2317 3653 2387 μέγα

2068 2403 2351 2474 κριτήριον
2381 2403 2672 2475 εὐπρεπεῖς
2711 2402 2823 2474 (60)
2855 2403 3032 2474 ἐαυτῷ
3070 2405 3168 2470 τὰς
3204 2406 3507 2472 ἀποδείξεις
3541 2426 3651 2463 πα-

2078 2494 2449 2563 ρασκευάζων.

2135 2592 2223 2646 50.
2252 2591 2360 2645 Καὶ
2384 2591 2481 2661 οὐχ
2509 2586 2661 2656 οὗτος
2708 2592 2885 2662 μόνον.
2918 2591 3052 2645 ἀλλά
3086 2592 3179 2645 καὶ
3217 2593 3416 2656 πάντες
3454 2591 3647 2657 ἁπλῶς

2064 2685 2112 2737 οἱ
2158 2684 2317 2752 λόγου
2349 2684 2473 2737 τινὰ
2511 2684 2784 2738 διακονίαν
2811 2686 3254 2755 πεπιστευμένοι,
3299 2686 3489 2739 οὐδένα
3524 2687 3649 2756 x96-

2066 2789 2154 2825 νον
2186 2772 2676 2847 διαμαρωρὸμενοι
2710 2775 2991 2838 παύονται,
3025 2776 3159 2829 ἀλλά
3180 2776 3273 2829 καὶ
3297 2777 3387 2829 τὸν
3415 2776 3648 2848 οὐρανὸν

2066 2863 2160 2916 καὶ
2194 2864 2295 2936 τὴν
2326 2865 2431 2935 γῆν
2459 2865 2783 2919 ἐπιϐοῶνται
2804 2883 2816 2896 ·
2850 2866 2925 2929 ὼς
2946 2867 3039 2919 καὶ
3065 2866 3160 2919 νῦν
3188 2867 3364 2937 πάσης
3394 2867 3653 2938 πράξεως

2066 2955 2198 3008 εἴσω
2219 2956 2398 3010 αὐτῶν
2430 2957 2778 3029 τελουμένης,
2816 2959 2908 3011 καὶ
2946 2958 3004 3010 ὲν
3045 2956 3375 3029 τῇέξετάσει
3414 2960 3520 3011 τῶν
3553 2959 3645 3029 βε-

387 3041 445 3095 in
470 3045 578 3096 liae
609 3043 717 3098 vita
749 3051 1023 3112 gestarum
1053 3045 1166 3099 sint
1188 3045 1351 3099 simul
1375 3059 1501 3100 cum
1523 3046 1844 3115 iudicandis
1875 3047 1964 3102 fu-

2075 3045 2350 3113 ὅιωμένων
2397 3047 2768 3116 συνεσομένων
2816 3051 2929 3111 τοῖς
2968 3049 3330 3120 κρινομένοις.
3368 3052 3644 3116 Προσπα-

388 3143 530 3189 tura.
557 3134 1021 3199 Advocabitenim,
1048 3136 1247 3207 inquit,
1279 3138 1468 3192 omium
1497 3155 1729 3203 sursum,
1761 3148 1813 3193 et
1857 3149 1961 3194 ter-

386 3243 526 3289 ram,
550 3227 623 3281 ad
638 3227 1039 3297 dijudicandum
1064 3229 1312 3297 populant
1337 3231 1551 3284 suum".
1571 3228 1729 3285 Unde
1749 3230 1963 3303 Moyses

384 3319 690 3373 traditurus
715 3319 932 3389 eloquia
966 3321 1188 3390 populo,
1235 3321 1442 3385 Testor,
1472 3322 1671 3392 inquit,
1691 3321 1836 3378 vobis
1864 3323 1961 3376 ho-

382 3410 475 3464 die
508 3421 558 3464 et
579 3410 769 3464 emtum
797 3420 848 3464 et
879 3420 1074 3465 terram
1096 3412 1138 3465 ⁸.
1182 3411 1248 3466 Ει
1279 3427 1474 3468 rursus
1515 3428 1639 3467 cum
1683 3414 1960 3469 canticum

384 3502 596 3557 diceret
632 3518 648 3554 :
681 3501 924 3569 Attende,
955 3502 1166 3570 omium,
1193 3514 1244 3557 et
1267 3504 1478 3575 loquar,
1512 3513 1563 3558 et
1594 3503 1781 3558 audiat
1818 3513 1961 3558 terra

380 3594 629 3648 verbosa:
661 3610 751 3647 ore
775 3594 949 3649 meo’.
997 3593 1129 3650 Item
1175 3594 1347 3651 Isaias
1386 3615 1398 3650 :
1446 3595 1611 3655 Audi,
1651 3595 1861 3657 cozlum,
1908 3607 1960 3649 et

384 3685 604 3739 auribus
666 3687 889 3755 percipe.
953 3694 1096 3741 terra
1120 3687 1193 3739 ⁸ο.
1226 3684 1495 3742 Jeremias
1558 3694 1740 3740 autem
1792 3687 1956 3740 etiam

381 3785 611 3847 stupore
653 3777 892 3848 quodam
950 3778 1265 3849 perculsum
1318 3777 1492 3832 fuisse
1532 3777 1732 3832 coelum
1768 3786 1960 3833 narrat

381 3867 454 3922 ob
479 3869 663 3922 audita
693 3868 856 3938 impia
888 3867 1072 3939 populi
1106 3869 1249 3923 facta
1288 3888 1307 3924 ι
1345 3868 1631 3939 Obstupuit
1652 3867 1837 3924 castum
1865 3886 1958 3923 su-

378 3970 472 4025 per
500 3955 617 4022 hoc,
656 3965 706 4010 et
739 3957 1014 4012 exhorruit
1056 3959 1289 4027 amplius
1320 3959 1664 4027 vehementer,
1705 3963 1956 4032 quoniam

377 4045 486 4098 duo
508 4046 671 4099 etiam
699 4046 847 4100 mata
868 4046 990 4115 fecit
1012 4047 1235 4116 populus
1254 4064 1399 4101 meus
1419 4048 1481 4102 ”.
1510 4048 1700 4118 Itaque
1727 4058 1783 4103 et
1808 4050 1957 4120 Apo-

378 4138 557 4194 stolus
577 4137 759 4194 sciens
784 4140 1006 4210 angelos
1035 4140 1352 4196 hominibus
1381 4140 1688 4211 praal'ectos,
1709 4156 1807 4197 ceu
1845 4158 1956 4212 pae-

378 4228 622 4300 dagogos
655 4232 943 4300 quospiam
986 4239 1080 4284 aut
1125 4246 1338 4286 morum
1387 4234 1807 4303 gubernatores,
1857 4250 1955 4290 vo-

377 4324 525 4375 cavit
566 4322 693 4378 illos
733 4322 793 4376 in
823 4322 1223 4379 testimonium.
1275 4324 1346 4378 At
1390 4323 1554 4381 Jesus
1594 4324 1744 4382 Nave
1784 4327 1949 4382 etiam

2063 3134 2301 3191 λέσεται
2328 3136 2460 3204 γὰρ,
2489 3138 2642 3206 φησὶ,
2669 3137 2777 3190 τὸν
2806 3138 3068 3204 οἰιρανὸν
3088 3137 3227 3199 ἄνω,
3246 3137 3345 3191 καὶ
3373 3139 3487 3204 τὴν
3505 3137 3642 3207 γῆν,

2062 3229 2168 3282 τοῦ
2196 3227 2487 3295 διακρῖναι
2515 3229 2620 3282 τὸν
2647 3229 2802 3282 λαὸν
2839 3229 3046 3283 αὑτοῦ.
3086 3228 3247 3282 Ὅθεν
3276 3231 3513 3297 Matini};
3537 3247 3637 3283 παι

2067 3319 2379 3391 ρατίοεσθαι
2415 3320 2624 3391 μέλλων
2668 3321 2733 3374 τὰ
2768 3320 2924 3389 λόγια
2955 3321 3035 3392 τῷ
3081 3321 3214 3391 λαῷ,
3249 3324 3643 3390 Διαμαρτύρο-

2058 3428 2165 3480 μαι
2197 3411 2360 3480 ὑμῖν,
2398 3411 2550 3482 φησὶ,
2581 3411 2848 3479 σήμερον
2881 3412 2987 3464 τόν
3018 3429 3080 3465 τε
3110 3412 3370 3479 οὐρανὸν
3402 3412 3500 3465 καὶ
3527 3411 3645 3481 τὴν

2062 3502 2180 3571 γῆν
2197 3519 2209 3531 ’
2243 3502 2337 3554 καὶ
2359 3501 2520 3554 πάλιν
2550 3501 2647 3572 τὴν
2673 3502 2816 3572 ᾠδὴν
2848 3501 3021 3569 λέγων
3042 3519 3056 3532 ’
3085 3504 3369 3572 Πρόσεχε,
3398 3504 3640 3572 adpare,

2062 3593 2158 3645 καὶ
2187 3591 2461 3659 λαλήσω,
2483 3592 2582 3646 καὶ
2602 3592 2868 3646 ἀκουέτω
2896 3590 2973 3661 γῆ
2994 3590 3224 3659 ῥήματα
3246 3593 3314 3646 ἐκ
3343 3596 3642 3663 στόματός

2054 3699 2207 3752 μου·
2245 3683 2337 3736 καὶ
2372 3683 2629 3746 Ἡσαΐας·
2662 3684 2891 3747 Ἄκουε,
2928 3683 3164 3750 οὐρανέ,
3208 3685 3304 3736 καὶ
3339 3685 3637 3749 ἐνωτίζου,

2058 3773 2156 3841 γῆ.
2199 3773 2467 3844 Ἱερεμίας
2507 3773 2563 3827 δὲ
2596 3774 2688 3827 καὶ
2721 3774 2975 3827 ἓκστασίν
3015 3791 3135 3828 τινα
3172 3774 3264 3828 τοῦ
3291 3776 3519 3847 ούρανοῦ
3545 3777 3639 3830 ἐπὶ

2056 3869 2124 3937 τῇ
2178 3867 2312 3938 ἀκοῇ
2361 3867 2470 3919 τῶν
2520 3866 2750 3920 ἀνοσίων
2803 3867 2984 3938 ἔργων
3025 3868 3118 3921 τοῦ
3159 3868 3288 3923 λαοῦ
3347 3870 3635 3939 διηγεῖται.

2070 3955 2322 4023 Ἐξέστη
2364 3959 2398 4009 ό
2441 3957 2697 4025 οὐρανὸς
2741 3956 2841 4009 ἐπὶ
2880 3958 3086 4023 τούτῳ.
3120 3960 3218 4012 καὶ
3260 3958 3506 4027 ἔφριξεν
3535 3961 3636 4014 ἐπὶ

2058 4047 2269 4100 πλεῖον
2289 4046 2526 4115 σφόδρα
2548 4047 2683 4111 (61),
2717 4046 2807 4099 ὅτι
2835 4047 2944 4100 δύο
2973 4047 3071 4100 καὶ
3091 4051 3321 4116 πονηρὰ
3344 4049 3636 4116 ἐποίησεν

2059 4140 2091 4190 ὀ
2126 4140 2275 4202 λαός
2320 4154 2459 4204 μου.
2495 4137 2603 4190 Καὶ
2629 4137 2657 4188 ὁ
2704 4136 3027 4199 Ἀπόστολος
3056 4138 3255 4201 τοίνυν,
3289 4138 3477 4210 ὥσπερ
3508 4157 3638 4194 παιο

2055 4226 2334 4296 δαγωγούς
2369 4243 2520 4292 τινας
2549 4227 2581 4296 ἢ
2631 4226 2988 4297 παιδονόμους
3033 4230 3489 4300 ἐπιτεταγμένους
3519 4232 3635 4301 (62)

2058 4321 2167 4382 τοῖς
2196 4317 2501 4389 ἀνθρώποις
2532 4319 2657 4383 τοὺς
2694 4320 2958 4387 ἀγγέλους
2987 4319 3162 4383 εἰδὼς,
3205 4323 3283 4386 εἰς
3330 4324 3640 4395 μαρτυρίαν

379 4412 612 4480 lapidem
681 4421 874 4468 testem
929 4430 1257 4493 sermonum
1289 4416 1482 4470 statuit
1536 4416 1667 4487 (jam
1711 4431 1842 4472 vero
1895 4425 1950 4473 et

2075 4411 2448 4465 ἐπεκαλέσατο.
2496 4410 2703 4482 Ἰησοῦς
2729 4411 2785 4464 δὲ
2810 4412 2837 4464 ὁ
2868 4412 2961 4464 τοῦ
3001 4413 3155 4484 Ναυῆ
3186 4412 3282 4466 καὶ
3318 4413 3464 4467 λίθον
3494 4418 3641 4488 μάρ-

374 4503 531 4557 collis
557 4503 756 4558 alicubi
785 4504 944 4559 testis
977 4505 1280 4575 appellatus
1313 4514 1398 4560 est
1435 4522 1463 4560 a
1493 4505 1686 4579 Iacob)
1714 4508 1756 4539 ¹¹
1784 4526 1798 4561 :
1828 4506 1947 4561 Erit

373 4597 537 4659 enim,
566 4595 763 4665 inquit,
803 4596 937 4665 lapis
960 4596 1015 4650 in
1037 4596 1177 4651 vobis
1208 4596 1360 4650 hodie
1393 4598 1449 4651 in
1486 4598 1841 4653 testimonium
1892 4600 1948 4653 in

372 4689 622 4744 extremis
644 4687 852 4754 diebus,
897 4704 1017 4741 cum
1048 4689 1257 4742 mentiti
1307 4688 1517 4757 fueritis
1564 4688 1794 4744 Domino
1837 4688 1946 4744 Deo

441 4844 486 4873 δ’
519 4842 564 4898 II
604 4841 747 4898 Tim.
785 4859 867 4906 ιι,
905 4843 980 4897 9.’
1037 4845 1059 4876 ⁵
1097 4842 1240 4897 Luc.
1273 4859 1386 4906 xu,
1426 4846 1479 4908 8,
1554 4845 1608 4899 9.
1684 4845 1706 4876 ⁸
1739 4843 1782 4899 II
1818 4843 1961 4898 Thes

2077 4885 2093 4903 ,
2135 4844 2184 4898 7.
2260 4814 2280 4879 έν
2320 4841 2466 4896 Psal.
2505 4858 2654 4908 mx,
2692 4843 2745 4898 4.

2063 4521 2203 4575 τυρα
2251 4502 2360 4555 τῶν
2406 4502 2578 4570 λόγων
2630 4502 2857 4573 ἔστησεν
2891 4503 3012 4575 (ἤδη
3054 4503 3112 4556 δέ
3151 4520 3253 4557 που
3303 4506 3396 4558 καὶ
3448 4505 3638 4576 βουνὸς

2064 4597 2272 4668 μάρτυς
2317 4595 2466 4666 παρά
2497 4594 2590 4647 τοῦ
2630 4595 2823 4649 Ἰακὼό
2861 4594 3174 4666 ὠνομάσθη)
3198 4613 3213 4626 ·
3250 4598 3454 4651 Ἔσται
3499 4601 3634 4668 γὰρ,

2061 4689 2245 4760 φησὶν,
2267 4691 2300 4743 ὀ
2324 4690 2495 4753 λίθος
2520 4687 2591 4741 ὲν
2613 4687 2757 4756 ὑμῖν
2778 4687 2887 4758 (65)
2905 4688 3170 4757 σήμερον
3198 4691 3286 4755 εἰς
3307 4691 3639 4759 μαρτύριον

2852 4842 2875 4874 ⁸
2913 4841 3069 4898 Deut.
3113 4859 3199 4906 tv,
3239 4843 3330 4899 23.
3403 4843 3424 4872 ’
3468 4848 3622 4897 υιειιιρ

366 4928 541 4978 xxxu,
582 4914 633 4968 I.
712 4915 753 4944 ¹⁶
787 4914 891 4968 lsa.
930 4929 969 4977 I,
1004 4912 1059 4967 2.
1136 4916 1177 4949 ¹³
1210 4912 1322 4969 Jer.
1358 4930 1419 4980 ιι,
1462 4913 1550 4979 12,
1592 4915 1681 4971 15.
1757 4917 1800 4946 ¹¹¹
1839 4914 1964 4969 ϐοιιη

2075 4930 2187 4976 ιιι,
2221 4913 2310 4967 Li.

367 5162 392 5177 η
439 5089 553 5161 (56)
618 5093 741 5146 Οὐκ
793 5092 885 5160 ἐφ’
944 5092 1188 5160 ὁμοίοις.
1253 5089 1390 5161 Reg.
1443 5092 1654 5152 primus
1708 5096 1808 5151 οὒκ
1872 5097 1949 5153 ἔθ’

364 5178 985 5305 έμῗέἳῗβομολογήσῃ.
1010 5229 1089 5287 Ita
1114 5233 1362 5305 plerique
1388 5223 1512 5288 libri
1538 5240 1769 5290 veteres.
1802 5236 1945 5294 Editi

361 5301 708 5372 ὁμολογήσει.
1023 5371 1051 5384 _
1115 5301 1133 5305 ’
1223 5301 1290 5386 __
1377 5373 1389 5386 .

434 5371 546 5437 (58)
599 5369 894 5440 Ἀγγέλων
944 5388 1052 5428 του
1105 5374 1273 5429 Osco.
1335 5372 1427 5429 Sic
1478 5387 1614 5429 mss.
1666 5375 1883 5435 codices
1924 5397 1938 5433 :

359 5440 492 5496 editi
523 5441 773 5507 ἀγγέλων
808 5442 994 5495 αὐτοῦ.

397 5580 412 5597 θ
434 5510 1034 5599 (ὃθζξΑας-ούριένοῦ.
1073 5511 1164 5569 Sic
1194 5529 1385 5598 omnes
1409 5515 1669 5599 codices":
1693 5516 1819 5571 editi
1842 5516 1939 5570 ἀπ’

359 5580 628 5706 Ξὲριανόἰιὲ
678 5580 819 5659 Ante
875 5582 975 5639 has
1017 5599 1179 5640 voces
1237 5588 1476 5658 quinque
1535 5586 1754 5642 codices
1800 5601 1933 5643 mss.

394 5668 405 5684 ι
469 5667 539 5705 un
638 5667 843 5723 ριστου.

2129 5098 2241 5171 (60)
2279 5097 2636 5167 Εῠπρεπεῖς.
2674 5097 2818 5154 Editi
2874 5107 2928 5156 et
2963 5096 3117 5154 Coib.
3162 5098 3463 5170 εὐτρεπεῖς.
3525 5099 3634 5153 Alii

2054 5170 2278 5226 codices
2319 5178 2377 5222 ut
2410 5172 2462 5222 in
2492 5178 2774 5224 contextu.

2128 5240 2243 5303 (61)
2287 5239 2545 5308 Σφόδρα.
2588 5238 2728 5293 Editi
2781 5238 2987 5293 addunt
3040 5240 3075 5297 ἡ
3113 5238 3218 5310 γῆ,
3275 5237 3368 5293 sed
3414 5236 3529 5292 lucc
3576 5238 3635 5292 in

2050 5312 2209 5365 nullo
2244 5310 2369 5363 cod.
2404 5325 2507 5362 IIIS.
2552 5310 2823 5378 leguntur.

2122 5379 2240 5449 (6%)
2295 5376 2818 5448 Ἐπιτεταγμένους
2877 5376 2966 5432 Sic
2992 5393 3181 5433 omnes
3218 5377 3388 5449 nostri
3414 5376 3636 5449 codices

2048 5446 2150 5519 pro
2199 5446 2266 5501 eo
2316 5449 2459 5516 quod
2502 5446 2619 5502 erat
2647 5450 2700 5503 in
2738 5449 2901 5502 editis
2929 5451 3276 5512 ἐπιστάντος.
3314 5446 3450 5503 'I‘res
3477 5447 3632 5501 codi-

2046 5536 2138 5575 ces
2176 5519 2383 5572 habent
2412 5519 2506 5572 xa‘t
2545 5519 2922 5588 παιδονόμους.

2117 5588 2235 5658 (65)
2288 5590 2390 5642 Ἑν
2421 5588 2581 5657 ὑμῖν.
2629 5584 2949 5658 Ριτεβοείιίο
2995 5585 3177 5642 addita
3207 5602 3295 5658 ex
3345 5584 3632 5658 codicibus

2045 5656 2178 5717 mss.
2213 5656 2343 5713 Haec
2376 5656 2557 5714 autem
2605 5656 2968 5715 Combetisius
2996 5656 3308 5713 memoriter
3343 5672 3373 5711 a
3402 5656 3627 5722 Basilio,
