3900 6212
460 305 569 368 195

1772 298 1831 354 S.
1875 297 2118 353 BASILII
2159 297 2375 354 MAGNI

3624 294 3729 351 124

440 402 679 487 ίεὶθδαιιι
718 427 787 483 ad
832 428 1004 490 illum,
1039 426 1488 481 servabantur".
1523 421 1789 479 Similiter
1830 431 1886 477 et
1924 436 2046 490 qua:

2156 439 2239 486 τες
2276 425 2358 486 εἰς
2387 422 2551 476 αὐτὸν
2575 420 2920 487 διεσώζοντο.
2952 418 3108 474 Οὕτω
3139 417 3204 489 δὴ
3235 419 3331 472 καὶ
3363 415 3432 471 τὰ
3470 416 3598 488 περὶ
3626 418 3731 487 τῆς

463 522 532 578 de
582 522 798 578 eductis
846 518 1113 575 lsraelitis
1157 518 1406 587 scripta,
1469 516 1536 570 ad
1586 514 2043 584 signiﬁcationem

462 630 651 669 eorum
699 613 792 683 qui
825 611 1101 681 baptismo
1149 609 1287 664 salvi
1334 608 1492 671 ﬁunt,
1543 617 1770 661 narrata
1822 614 1949 661 sunt
1975 606 2040 658 “.

464 708 693 765 Servata
718 713 849 761 sunt
869 705 1013 760 enim
1041 703 1415 759 israelitarum
1442 700 1827 771 primogenita,
1854 714 2047 767 quem-

464 797 760 853 admodum
791 804 845 851 et
865 794 1268 865 baptizatorum
1294 806 1550 862 corpora,
1576 806 1701 845 cum
1736 792 1912 859 gratia
1943 789 2046 842 da-

465 898 555 945 tur
583 888 655 944 iis
680 888 775 959 qui
806 886 1080 957 sanguine
1112 885 1311 956 signati
1348 885 1591 937 fuerunt.
1629 880 1870 952 Sanguis
1896 881 2044 935 enim

465 979 715 1053 pecudis,
749 980 920 1049 ﬁgura
946 978 1233 1049 sanguinis
1260 975 1502 1041 Christi;
1529 965 1892 1044 primogenita
1916 990 2046 1028 vero

464 1081 630 1144 typus
663 1071 926 1134 hominis,
967 1069 1063 1140 qui
1095 1069 1309 1138 primus
1342 1066 1599 1122 conditus
1632 1071 1752 1129 est;
1783 1064 1876 1134 qui
1907 1079 2048 1134 quo-

464 1166 611 1219 niam
665 1162 978 1217 necessario
1033 1161 1089 1215 in
1140 1160 1301 1216 nobis
1352 1168 1460 1222 est,
1503 1158 1634 1211 dum
1674 1156 2047 1212 successionis

466 1256 611 1311 serie
654 1270 832 1325 usque
865 1252 931 1307 ad
965 1251 1125 1307 tinent
1159 1252 1577 1314 transmittitur,
1618 1250 1745 1304 ideo
1784 1249 1840 1303 in
1870 1247 2043 1302 Adam

466 1364 658 1403 omnes
690 1348 956 1402 morimur
981 1347 1050 1410 ",
1091 1353 1146 1400 et
1176 1345 1427 1415 regnavit
1456 1359 1605 1399 mors
1637 1359 1812 1413 usque
1862 1342 1930 1396 ad
1965 1343 2046 1396 le-

468 1439 554 1511 gis
595 1438 1152 1500 consummationem,
1187 1443 1242 1491 et
1290 1436 1496 1491 Christi
1536 1433 1852 1489 adventum.
1894 1434 2045 1489 Con-

470 1539 687 1586 scrvata
729 1536 911 1583 autem
944 1535 1076 1583 sunt
1101 1543 1131 1581 a
1166 1526 1278 1582 Deo
1313 1527 1701 1597 primogenita,
1735 1542 1801 1580 ne
1827 1540 1891 1579 ea
1923 1533 2049 1579 tan-

469 1629 620 1692 geret
644 1622 969 1685 exstinctor,
995 1630 1054 1672 ut
1076 1619 1486 1683 ostenderetur,
1523 1633 1626 1672 nos
1645 1619 1759 1686 j-‘tm
1786 1632 1898 1671 non
1932 1633 2050 1671 am-

469 1707 615 1779 plius
654 1706 794 1760 mori
840 1705 896 1759 in
944 1705 1141 1765 Adam,
1171 1704 1265 1774 qui
1299 1702 1353 1756 in
1397 1701 1621 1758 Christo
1655 1701 1909 1755 viviﬁcati
1953 1717 2048 1756 su-

2148 514 2431 584 ὲξαγωγῆς
2457 512 2568 582 (70)
2597 511 2692 566 τοῦ
2734 510 2952 584 Ἰσραὴλ
2990 512 3071 574 εἰς
3114 509 3337 576 ἔνδειξιν
3365 508 3473 563 τῶν
3508 508 3601 562 διὰ
3629 507 3726 562 τοῦ

2149 605 2525 674 βαπτίσματος
2568 603 2896 673 σωζομένων
2957 603 3256 673 ἱστόρηται.
3309 599 3550 671 Διεσώθη
3615 600 3728 672 γάρ

2145 698 2254 750 τῶν
2292 696 2645 767 Ἰσραηλιτῶν
2671 696 2739 750 τά
2772 696 3124 768 πρωτότοκα,
3160 693 3235 757 ὡς
3267 694 3361 748 καὶ
3387 692 3492 746 τῶν
3534 694 3725 762 βαπτι-

2147 789 2389 861 ζομένων
2443 790 2515 844 τὰ
2568 788 2796 860 σώματα
2828 829 2842 847 .
2886 788 3171 858 διδομένης
3201 787 3313 859 (Ἡ)
3361 785 3460 857 τῆς
3505 788 3725 858 χάριτος

2145 887 2258 948 τοῖς
2307 883 2694 955 σημειωθεῖσιν
2742 883 2847 936 ὑπὸ
2887 882 2985 936 τοῦ
3025 883 3276 952 αἵματος.
3336 879 3411 933 Τὸ
3472 880 3569 949 μὲν
3617 878 3727 949 γὰρ

2147 971 2289 1046 αἷμα
2321 976 2416 1028 τοῦ
2455 975 2730 1047 προϐάτου
2767 974 2936 1038 τύπος
2974 974 3068 1028 τοῦ
3094 974 3324 1043 αἵματος
3345 970 3438 1024 τοῦ
3462 970 3507 1024 Χ
3517 969 3724 1041 pta-109'

2146 1068 2214 1122 τὰ
2262 1068 2319 1121 δὲ
2357 1067 2696 1138 οπρωτότοκα
2751 1067 2920 1130 τύπος
2986 1066 3080 1118 τοῦ
3135 1063 3560 1137 πρωτοπλάστου
3594 1080 3608 1092 ο
3667 1062 3728 1126 ὃς

2148 1158 2333 1227 ἐπειδὴ
2365 1159 2682 1228 ἀναγκαίως
2717 1161 2852 1229 ἡμῖν
2884 1159 3182 1229 ἐνυπάρχει
3215 1159 3280 1227 τῇ
3313 1154 3603 1224 ἀκολουθίᾳ.
3630 1155 3730 1225 τῆς

2146 1251 2395 1321 διαδοχῆς
2449 1251 2612 1321 μέχρι
2661 1250 2849 1314 τέλους
2882 1249 3389 1320 παραπεμπόμενος
3411 1287 3426 1311 ,
3455 1246 3542 1299 διὰ
3570 1244 3732 1299 τοῦτο

2147 1344 2206 1397 ὲν
2229 1342 2308 1413 τῷ
2350 1341 2522 1411 Ἀδάμ
2553 1343 2755 1405 πάντες
2782 1341 2993 1413 άποθνή
3005 1359 3228 1411 σκομεν,
3259 1340 3354 1392 καί¹
3379 1339 3731 1391 ἐϐασίλευσεν

2147 1437 2176 1489 ὁ
2212 1435 2443 1498 θάνατος
2469 1433 2582 1505 (7'2)
2614 1435 2778 1505 μέχρι
2802 1434 2905 1503 τῆς
2934 1433 3030 1487 τοῦ
3061 1434 3225 1504 νόμου
3254 1429 3607 1501 πληρώσεως,
3635 1429 3733 1481 καὶ

2148 1527 2246 1597 τῆς
2270 1527 2363 1579 τοῦ
2413 1525 2653 1596 Χριστοῦ
2691 1525 3015 1596 παρουσίας.
3050 1525 3354 1598 Διετηρήθη
3396 1523 3452 1577 δὲ
3483 1524 3595 1592 (7'5)
3625 1522 3731 1575 ὑπὸ

2148 1613 2240 1666 τοῦ
2291 1612 2426 1667 Θεοῦ
2464 1614 2534 1666 τὰ
2567 1613 2889 1685 πρωτότοκα
2914 1655 2932 1678 ,
2986 1614 3081 1667 τοῦ
3129 1616 3204 1685 μὴ
3257 1612 3429 1682 θίγειν
3475 1612 3565 1665 τὸν
3613 1611 3732 1665 ὁλο-

2152 1705 2435 1777 θρεύοντα,
2464 1708 2544 1771 εἰς
2576 1706 2803 1774 ἔνδειξιν
2830 1706 2924 1760 τοῦ
2962 1706 3159 1777 μηκέτι
3190 1707 3335 1777 ἡμᾶς
3365 1705 3732 1775 ἀποθνήσκειν

467 1772 614 1853 inus.
641 1795 911 1857 Caaterum
943 1811 1097 1851 mare
1119 1803 1174 1850 ct
1190 1772 1416 1857 nebula,
1435 1795 1489 1848 in
1512 1795 1767 1864 prazsenti
1800 1792 2044 1862 quidem,

2156 1772 2206 1851 ἐν
2239 1798 2317 1868 τῷ
2364 1799 2571 1871 Ἀδὰμ,
2625 1772 2755 1863 τοὺς
2807 1772 3248 1871 ζωποιηθέντας
3288 1799 3346 1853 ἐν
3382 1798 3461 1869 τῷ
3486 1772 3730 1869 Χριστῷ.

467 1889 765 1945 inducebat
796 1888 865 1942 ad
901 1886 1059 1942 ﬁdem
1091 1902 1190 1958 per
1223 1885 1681 1947 admirationem;
1715 1886 1771 1939 in
1801 1884 2046 1941 futurum

2162 1890 2319 1944 Ἦ“δὲ
2362 1890 2607 1945 θάλασσα
2645 1891 2742 1945 καὶ
2779 1892 2812 1962 ἡ
2862 1891 3062 1962 νεφέλη
3111 1891 3251 1961 πρὸς
3297 1891 3397 1962 μὲν
3447 1890 3509 1944 τὸ
3558 1890 3734 1961 παρὸν

467 1992 674 2045 autem,
722 1988 989 2050 tanquam
1035 1988 1200 2052 typus
1242 1978 1476 2049 gratiam
1519 1984 1803 2031 venturam
1854 1977 2048 2047 praesi-

2156 1982 2229 2046 εἱς
2266 1981 2446 2034 πίστιν
2475 1983 2636 2051 ἐνῆγε
2667 1979 2756 2034 διὰ
2804 1981 2908 2052 τῆς
2942 1981 3337 2053 καταπλήξεως
3363 1997 3377 2011 ⁸
3414 1982 3550 2052 πρὸς
3589 1982 3644 2035 δὲ
3673 1982 3737 2035 τὸ

466 2072 693 2146 gnabat.
729 2072 859 2137 Qui:
891 2071 1123 2140 sapiens,
1159 2079 1210 2127 et
1243 2068 1497 2140 intelliget
1534 2067 1645 2124 hac
1661 2068 1748 2121 "?
1774 2068 2048 2137 quomodo

2156 2071 2345 2142 μέλλον
2383 2072 2460 2135 ὡς
2511 2072 2682 2136 τύπος
2733 2072 2835 2145 τὴν
2889 2073 3158 2144 ἐσομένην
3211 2075 3372 2145 χάριν
3422 2074 3737 2145 προύπεσή-

466 2179 639 2227 mare,
674 2177 773 2234 per
796 2161 1024 2232 ﬁguram
1048 2161 1346 2231 baptisma,
1378 2174 1647 2229 separans
1682 2173 1712 2211 a
1737 2155 2046 2221 Pharaone,

465 2251 931 2324 quemadmodum
951 2260 1005 2307 et
1025 2252 1303 2306 lavacrum
1325 2250 1431 2306 hoc
1454 2265 1485 2304 a
1506 2250 1711 2304 diaboli
1733 2249 2048 2319 tyrannide.

467 2342 606 2399 Illud
637 2344 837 2399 occidit
879 2343 1092 2398 hostem
1122 2344 1175 2397 in
1208 2358 1353 2404 sese.
1385 2342 1619 2396 moritur
1648 2349 1703 2396 et
1739 2341 1828 2395 hic
1870 2341 2051 2397 inimi-

466 2438 617 2501 citia,
655 2452 779 2507 quae
820 2435 982 2493 nobis
1029 2435 1132 2491 fuit
1187 2452 1311 2489 cum
1365 2434 1496 2489 Deo.
1551 2435 1635 2489 Ab
1688 2434 1782 2488 illo
1813 2436 2050 2504 pepulus

466 2530 601 2586 exiit
627 2529 869 2593 illaesus;
894 2528 1256 2583 ascendimus
1288 2536 1343 2582 et
1374 2542 1476 2582 nos
1507 2527 1577 2582 ab
1607 2526 1768 2597 aquis
1792 2536 2056 2596 tauquam

468 2635 537 2674 ex
577 2617 812 2672 mortuis
851 2617 984 2681 vivi,
1021 2617 1223 2672 servati
1258 2631 1353 2687 per
1398 2614 1630 2684 gratiam
1670 2614 1792 2681 ejus
1820 2613 1915 2683 qui
1951 2627 2052 2665 vo-

469 2711 616 2767 cavit
644 2726 767 2766 nos.
801 2708 985 2765 Nubes
1026 2719 1213 2764 autem
1257 2710 1452 2763 umbra
1498 2707 1626 2762 doni
1658 2707 1925 2777 Spiritus,
1958 2706 2053 2776 qui

470 2801 757 2857 libidinum
811 2799 1088 2857 ﬂammam
1152 2799 1539 2858 mortiﬁcando
1587 2799 1834 2853 membra
1890 2799 2053 2853 refiri-

471 2905 644 2967 gerat.

540 3159 633 3216 52.
671 3157 812 3225 Quid
837 3158 1045 3229 igitur?
1078 3172 1217 3214 num.
1250 3157 1377 3229 quia
1410 3157 1591 3229 typice
1628 3159 1680 3212 in
1711 3156 1932 3226 Moysen
1965 3156 2053 3211 ba-

469 3250 657 3322 ptizati
703 3257 853 3317 sunt,
902 3250 1025 3306 ideo
1075 3250 1269 3320 exigua
1318 3258 1403 3306 est
1432 3251 1609 3320 gratia
1655 3251 2053 3320 baptismatis?

473 3340 617 3396 Sane
650 3341 754 3394 hoc
781 3349 943 3410 pacto
971 3356 1074 3395 nec
1108 3341 1258 3395 aliud
1284 3340 1584 3411 quidquam
1613 3341 1667 3394 in
1698 3342 1905 3396 nostris
1936 3356 2054 3412 my-

470 3435 656 3490 steriis
698 3432 864 3488 fuerit
907 3448 1191 3504 magnum,
1229 3434 1277 3488 si
1322 3433 1469 3503 quod
1510 3433 1566 3487 in
1601 3432 1834 3501 singulis
1880 3448 2053 3499 augu-

470 3532 616 3581 stum
637 3533 742 3589 est,
777 3538 875 3594 per
909 3522 1280 3593 praecedentes
1313 3522 1519 3592 ﬁguras
1555 3522 1949 3592 deprimamus.
1975 3523 2054 3576 Ac

472 3631 542 3670 ne
586 3615 682 3671 Dei
738 3615 958 3685 quidem
1006 3632 1135 3684 erga
1194 3616 1444 3670 homines
1495 3616 1739 3669 charitas
1794 3630 2050 3684 magnum

471 3708 731 3779 quiddam
763 3715 819 3762 et
843 3708 1129 3771 eximium,
1176 3707 1271 3778 qui
1304 3708 1643 3778 unigenitum
1674 3706 1873 3760 Filium
1905 3706 2054 3763 dedit

470 3814 572 3869 pro
612 3798 851 3869 peccatis
889 3800 1099 3855 nostris
1131 3818 1144 3854 ε
1189 3798 1639 3869 quandoquidem
1677 3806 1732 3854 et
1778 3799 2051 3853 Abraham

470 3892 736 3947 ﬁliosuo
785 3907 894 3946 non
926 3892 1172 3963 pepercit
1197 3893 1266 3945 ’³.
1308 3891 1419 3947 Nec
1463 3892 1676 3945 Domini
1711 3894 1897 3962 passio
1936 3893 2053 3961 glo-

472 3984 650 4051 riosa;
688 3982 959 4052 siquidem
1006 3984 1151 4038 aries
1200 3983 1322 4038 loco
1357 3984 1512 4038 Isaac
1554 3985 1787 4038 victima:
1825 3983 2052 4053 ﬁguram

469 4076 706 4147 explevit
725 4076 791 4129 ".
822 4074 1008 4146 Neque
1047 4075 1350 4131 descensus
1392 4076 1461 4130 ad
1493 4075 1703 4132 inferos
1732 4077 2053 4143 horribilis;

470 4168 693 4240 quando
737 4169 959 4239 quidem
1006 4167 1179 4223 Jonas
1220 4169 1400 4225 tribus
1439 4168 1667 4232 diebus,
1711 4183 1776 4225 ac
1819 4170 2049 4224 totidem

472 4260 747 4322 noctibus,
799 4259 993 4314 mortis
1032 4260 1259 4330 ﬁguram
1314 4260 1467 4332 prius
1520 4260 1760 4326 explevit
1782 4261 1849 4314 ³⁷.
1904 4259 2050 4315 Idem

469 4368 602 4425 ergo
631 4352 763 4408 facit
783 4360 838 4408 et
871 4351 939 4407 de
965 4352 1310 4422 baptismate,
1339 4352 1433 4422 qui
1459 4353 1743 4407 veritatem
1775 4366 1900 4406 cum
1928 4367 2052 4406 um-

2154 2179 2333 2231 μαινε.
2390 2164 2485 2229 Τίς
2537 2165 2730 2234 σοφὸς
2765 2203 2781 2229 ,
2822 2163 2922 2219 καί
2968 2165 3232 2231 ova-riae:
3272 2165 3502 2227 taﬁra;
3540 2165 3655 2228 πῶς
3700 2168 3735 2235 ἡ

2152 2250 2396 2305 θάλασσα
2437 2251 2720 2322 βάπτισμα
2756 2252 3039 2317 τυπικῶς,
3071 2253 3352 2326 χωρισμὸν
3378 2253 3609 2308 ποιοῦσα
3641 2253 3739 2307 τοῦ

2149 2341 2349 2414 Φαραὼ
2368 2383 2383 2406 ,
2417 2343 2492 2408 ὡς
2527 2343 2620 2397 καὶ
2646 2344 2706 2398 τὸ
2739 2344 2964 2416 λουτρὸν
2994 2345 3153 2399 τοῦτο
3183 2347 3282 2417 τῆς
3308 2345 3619 2416 τυραννίδος
3639 2344 3737 2398 τοῦ

2150 2434 2418 2488 διαϐόλου.
2476 2435 2827 2488 Ἀπέκτεινεν
2863 2436 3047 2506 εκείνη
3087 2438 3143 2490 ὲν
3173 2437 3340 2507 ἑαυτῇ
3372 2434 3463 2489 τὸν
3505 2434 3700 2506 ἐχθρόν
3722 2450 3736 2464 ο

2152 2526 2487 2597 ἀποθνήσκει
2537 2525 2634 2580 καὶ
2690 2519 2793 2580 ὧδε
2849 2529 2881 2598 ἡ
2937 2527 3106 2597 ἔχθρα
3156 2528 3314 2599 ἡμῶν
3366 2529 3400 2598 ἡ
3450 2529 3530 2590 είς
3580 2526 3736 2580 Θεόν.

2165 2618 2421 2689 Ἐξῆλθεν
2455 2619 2549 2673 ἀπ’Ι
2585 2618 2800 2690 ἐκείνης
2849 2619 3065 2690 ἀπαθὴς
3104 2621 3133 2672 ὁ
3176 2619 3338 2683 λαόςο
3377 2619 3740 2688 ἀναϐαίνομεν

2154 2713 2249 2766 καὶ
2293 2714 2455 2782 ἡμεῖς
2498 2711 2574 2775 ὡς
2614 2714 2679 2764 ἐκ
2726 2711 2939 2782 νεκρῶν
2978 2712 3181 2777 ζῶντες
3216 2713 3327 2766 ἀπὸ
3378 2711 3472 2765 τοῦ
3522 2711 3736 2774 ὓδατος,

2154 2804 2337 2876 χάριτι
2391 2804 2657 2870 σωθέντες
2701 2807 2768 2877 τῇ
2820 2805 2913 2857 τοῦ
2968 2806 3298 2870 καλέσαντος
3349 2807 3521 2877 ἡμᾶς.
3578 2807 3643 2860 Ἠ
3681 2805 3740 2860 δὲ

2152 2896 2349 2967 νεφέλη
2383 2895 2509 2949 σκιά
2540 2895 2640 2965 τῆς
2673 2900 2736 2950 ὲκ
2761 2898 2855 2951 τοῦ
2886 2898 3203 2969 Πνεύματος
3235 2898 3475 2971 δωρεᾶς,
3512 2897 3607 2950 τοῦ
3639 2897 3743 2966 τὴν

2155 2986 2327 3057 φλόγα
2350 2987 2456 3039 τῶν
2484 2987 2674 3041 παθῶν
2702 2988 2790 3042 διὰ
2828 2990 2928 3059 τῆς
2959 2989 3281 3063 νεκρώσεως
3308 2990 3414 3043 τῶν
3448 2990 3625 3061 μελῶν
3648 3008 3741 3064 κα-

2079 3111 2127 3168 C
2154 3077 2506 3148 ταψύχοντος.

2226 3170 2317 3227 53.
2362 3171 2429 3224 Τί
2472 3166 2594 3239 οὗν;
2626 3173 2814 3245 ἐπειδὴ
2858 3174 3103 3238 τυπικῶς
3131 3176 3211 3239 είς
3239 3176 3478 3248 Μωῦσῆν
3518 3176 3742 3229 ἐϐαπτίο

2156 3261 2399 3334 σθησαν,
2435 3263 2525 3317 διὰ
2566 3264 2724 3319 τοῦτο
2770 3266 2946 3337 μικρὰ
2974 3267 3086 3336 (7i)
3136 3269 3168 3337 ὴ
3214 3267 3309 3321 τοῦ
3365 3268 3748 3337 βαπτίσματος

2153 3354 2347 3424 χάρις;
2377 3353 2532 3408 Οὕτω
2568 3356 2669 3427 μὲν
2695 3353 2789 3410 οὖν
2820 3358 2930 3411 οὐδ’
2962 3359 3024 3411 ἂν
3060 3358 3186 3411 ἄλλο
3229 3377 3281 3412 τι
3315 3359 3457 3430 μέγα
3502 3360 3586 3429 εἴη
3629 3358 3749 3412 τῶν

2153 3445 2435 3519 ἡμετέρων
2468 3488 2482 3511 ,
2514 3449 2674 3521 εἴπερ
2704 3449 2765 3502 τὸ
2808 3451 2866 3503 ὲν
2896 3450 3112 3521 ἑκάστῳ
3158 3451 3357 3519 σεμνὸν
3396 3454 3510 3514 τοῖς
3546 3450 3743 3513 τύποις

2155 3537 2661 3611 προδιαϐάλλοιμεν.
2701 3539 2840 3594 Οὔτε
2893 3542 3003 3613 γὰρ
3055 3544 3088 3613 ἡ
3137 3544 3217 3606 εἰς
3271 3542 3593 3613 ἀνθρώπους
3643 3542 3747 3597 τοῦ

2153 3628 2287 3681 Θεοῦ
2318 3629 2505 3700 ἀγάπη
2540 3631 2682 3701 μέγα
2706 3649 2757 3684 τι
2787 3632 2881 3687 καὶ
2913 3633 3214 3703 ὑπερφυὲς,
3246 3633 3306 3696 ὃς
3346 3634 3436 3687 τὸν
3474 3634 3741 3704 μονογενῆ

2156 3720 2283 3778 Υἱὸν
2310 3720 2509 3774 ἔδωκεν
2547 3722 2689 3793 ὑπὲρ
2727 3722 2834 3775 τῶν
2875 3724 3160 3795 ἁμαρτιῶν
3189 3724 3346 3795 ήμῶν
3370 3742 3382 3754 ·
3421 3726 3609 3794 ἐπειδὴ
3645 3727 3742 3779 καὶ

2168 3812 2418 3884 Ἀϐραάμ
2442 3812 2534 3865 τοῦ
2578 3813 2715 3866 ἰδίου.
2747 3815 2864 3868 υίοῦ
2900 3817 3000 3869 οὐκ
3050 3816 3306 3885 ἐφείσατο
3328 3833 3340 3847 ·
3375 3815 3496 3870 οὐδὲ
3532 3816 3593 3869 τὸ
3631 3816 3740 3869 πά-

2155 3902 2245 3968 θος
2264 3903 2357 3956 τοῦ
2376 3905 2580 3976 Κυρίου
2612 3904 2820 3971 ἔνδοξον
2842 3922 2858 3935 ’
2892 3908 3079 3978 ἐπειδὴ
3104 3908 3373 3979 πρόϐατον
3395 3907 3516 3961 ἀντὶ
3552 3906 3743 3968 Ἰσαὰκ

2152 3994 2245 4046 τὸν
2278 3994 2448 4049 τύπον
2476 3996 2715 4069 ἐπλήρου
2745 3997 2846 4068 τῆς
2878 4001 3194 4071 προσφορᾶς
3218 4016 3231 4030 ·
3264 4000 3386 4054 οὔτε
3428 4002 3461 4072 ἡ
3496 4003 3575 4062 εἰς

2154 4084 2377 4150 κάθοδος
2417 4087 2661 4159 φοϐερά·
2713 4089 2901 4162 ἐπειδὴ
2959 4091 3144 4156 Ἰωνᾶς
3188 4095 3245 4146 ὲν
3290 4092 3467 4164 τρισὶν
3502 4092 3745 4164 ἡμέραις

2153 4178 2248 4231 καὶ
2279 4179 2568 4244 τοσαύταις
2605 4181 2726 4250 νυξὶ
2761 4182 2856 4237 τοῦ
2904 4183 3135 4241 θανάτου
3177 4185 3269 4240 τὸν
3314 4187 3482 4240 τύπον
3516 4187 3744 4258 προεξε-

2155 4269 2381 4342 πλήρου.
2430 4272 2637 4326 Ταύτὸν
2683 4274 2864 4329 τοίνυν
2920 4280 3066 4335 ποιεῖ
3110 4279 3206 4331 καὶ
3259 4280 3352 4332 ἐπὶ
3394 4277 3488 4331 τοῦ
3546 4278 3745 4349 βαπτί-

2155 4376 2360 4429 σματος
2383 4362 2411 4413 ό
2440 4364 2505 4432 τῇ
2540 4364 2668 4434 σκιᾷ
2701 4365 3008 4437 συγκρίνων
3039 4366 3137 4437 τὴν
3175 4366 3435 4439 ἀλήθειαν
3454 4408 3468 4432 ,
3505 4369 3599 4421 καὶ
3624 4370 3740 4431 τοῖς

472 4445 571 4502 bra
609 4451 911 4515 comparat,
940 4453 994 4498 et
1031 4458 1157 4498 cum
1190 4443 1381 4513 ﬁguris
1415 4442 1631 4499 confert
1670 4459 1734 4499 ea
1766 4459 1889 4514 qua:
1912 4444 2048 4515 ﬁgu-

2156 4449 2345 4515 τύποις
2394 4453 2760 4523 παραϐάλλων
2817 4456 2888 4510 τά
2935 4459 3063 4528 παρ’
3111 4459 3290 4515 αὐτῶν
3340 4459 3739 4531 σημαινόμενα,

470 4539 551 4595 ris
574 4536 975 4608 signiﬁcantur,
1001 4550 1065 4590 ac
1094 4551 1190 4606 per
1221 4535 1443 4607 Moysen
1478 4544 1531 4590 et
1562 4551 1712 4589 mare
1734 4535 1840 4605 27
1873 4543 2044 4591 totam

472 4633 635 4688 simul
669 4630 1039 4701 evangelicam
1079 4629 1543 4698 dispensationem
1591 4628 1811 4682 elevare
1848 4641 2048 4699 aggre-

470 4726 641 4782 ditur.
679 4724 813 4780 Nam
857 4739 979 4795 qtue
1016 4731 1363 4794 peccatorum
1417 4719 1693 4785 remissio,
1745 4736 1866 4809 qua:
1919 4722 2044 4777 vita:

2155 4542 2250 4595 καὶ
2299 4542 2391 4600 διὰ
2438 4545 2719 4610 Μωῦσέως
2768 4548 2862 4601 καὶ
2900 4550 3001 4621 τῆς
3045 4549 3321 4623 θαλάσσης
3370 4553 3550 4605 πᾶσαν
3599 4550 3751 4621 ὁμοιὶ

2152 4632 2428 4706 διασύρειν
2481 4636 2589 4707 τὴν.
2634 4638 2997 4711 εὐαγγελικὴν
3052 4642 3362 4713 οἰκονομίαν
3419 4642 3739 4712 ἐπιχειρῶν.

2154 4726 2288 4779 Ποία
2319 4726 2427 4798 γὰρ
2475 4728 2668 4796 ἄφεσις
2718 4734 3183 4804 παραπτωμάτων
3224 4735 3373 4805 (7'5);
3419 4734 3547 4790 ποία
3590 4733 3743 4804 ζωῆς

541 4878 759 4955 '_'Num.
801 4895 915 4955 sxr,
953 4878 1008 4934 9.
1083 4875 1312 4931 “Exod.
1352 4893 1449 4941 xu,
1493 4877 1579 4931 l3.
1656 4875 1745 4928 "l
1783 4877 1913 4931 Cor.
1949 4892 2054 4945 xv,
2095 4876 2189 4935 22.
2264 4880 2447 4939 “Ose.
2492 4901 2614 4952 xw,
2657 4886 2746 4941 10.
2822 4887 3016 4944 “Gen.
3060 4890 3336 4955 xxut,16.
3412 4890 3608 4945 "ibid.
3647 4890 3738 4947 15.

469 4950 516 4987 ³⁷
546 4950 673 5005 Jon.
712 4965 749 5003 ιι
802 4950 854 5003 1.

542 5126 655 5197 (70)
710 5125 1070 5197 Ἐξαγωγῆςτ
1102 5123 1466 5197 Consentiunt
1515 5123 1568 5177 in
1600 5124 1704 5181 hac
1724 5142 1875 5197 _voce
1906 5110 2047 5183 mss,

2217 5136 2329 5203 (75)
2367 5139 2691 5207 Διετηρήθη
2727 5140 2814 5196 δέ.
2843 5141 2950 5201 Pro
2985 5143 3070 5199 his
3103 5146 3328 5202 vocibus
3374 5154 3485 5201 tres
3511 5145 3737 5200 cod'ces

471 5194 909 5284 codicesdiditi
948 5194 1325 5277 ϐιεξαγωγῇς.
1393 5194 1652 5284 nisplicet
1710 5195 2048 5284 Co’mbeﬁsio

2156 5194 2241 5284 καὶ
2280 5194 2549 5273 essem"
2570 5194 2745 5266 P'au‘lo
2766 5194 2907 5284 post:
3376 5194 3734 5283 ὗίῖειῖέξεειῖιῖ

473 5268 684 5346 μηδι)ιί
731 5269 1125 5346 interpretatio,
1146 5269 1308 5346 “quia.
1362 5280 1469 5318 non
1522 5267 1706 5346 statim
1768 5266 1836 5346 de
1890 5272 2044 5346 exitu
2149 5278 2355 5346 θήγειν,

472 5337 842 5391 lsraelitarum
877 5334 1117 5405 loquitur
1145 5334 1418 5407 Basilius;
1452 5336 1546 5388 sed
1583 5336 1673 5388 illa
1701 5337 2046 5407 primogeni-

2219 5347 2332 5427 _(7_4)
2392 5349 2602 5409 Μικρά.
2656 5348 2793 5427 Tres
2845 5352 3064 5427 codices
3109 5357 3323 5427 μικρόν.
3377 5355 3548 5411 Paulo
3610 5366 3737 5425 post

471 5416 654 5460 torum
707 5410 855 5463 salus
906 5418 990 5462 est
1040 5407 1188 5460 velut
1252 5405 1470 5459 initium
1522 5407 1705 5462 exitus
1768 5405 2048 5463 Israelita-

2156 5405 2279 5497 editi
2311 5405 2787 5497 contra'otnniunt
2812 5405 3064 5497 codicum
3088 5405 3737 5497 μὲἶέέῗἱέὰοιίἰέὲᾶρσιόἀλέ

470 5492 658 5619 tua!)
697 5545 1034 5619 Διδομένης.
1060 5544 1195 5619 Reg,
1223 5545 1431 5619 primus
1455 5546 1838 5619 διαδιδομένης.

546 5616 658 5691 (72)
709 5618 770 5669 Ὀ
819 5616 1089 5691 θάνατος.
1125 5618 1264 5672 Εάίιί
1309 5616 1519 5672 addunt
1555 5616 1669 5671 ἀπο
1717 5617 1904 5691 Ἀδάμ,
1949 5617 2042 5675 sed

475 5687 590 5743 hac
612 5688 810 5744 desunt
837 5688 890 5742 in
920 5703 1047 5743 mss.

2152 5487 2357 5563 λοιμεν.
2393 5489 2538 5544 unde
2571 5491 2849 5563 Erasmus,
2893 5496 2940 5547 si
2969 5496 3321 5563 conferamus.

2155 5559 2886 5700 Fd(;§3.ﬂupaxtw[tdtwr.
2941 5559 3171 5631 Quidam
3212 5567 3429 5622 codices
3474 5568 3732 5639 ἁμαρτη-
