3900 6212
461 244 534 305 99
1776 246 1814 299 S
1877 245 2118 299 BASILII
2159 247 2376 301 MAGNI
3630 248 3758 303 100

464 367 644 421 tiones
669 370 889 418 nostras
911 377 976 418 eo
1012 361 1268 424 deducet,
1309 371 1369 414 ut
1405 360 1666 415 humilius
1708 361 1775 414 de
1822 376 1887 414 eo
1921 376 2047 415 sen-

2169 365 2387 433 γισμοὺς
2430 363 2796 431 κατάγουσιν;
2854 363 2888 434 ἢ
2941 363 3002 414 τὸ
3055 361 3294 416 ἐναντίον
3331 358 3594 431 ἔκπληξιν
3643 361 3762 431 τῆς

464 454 707 510 tiamus?
739 468 808 513 an
857 453 1039 522 potius
1066 467 1096 506 e
1137 451 1355 505 diverso
1383 449 1580 504 efﬁciet
1604 490 1618 513 ,
1651 457 1709 503 ut
1740 447 2050 504 Servatoris

2169 457 2396 526 ιεγάλης
2440 455 2723 525 δυνάμεως
2759 455 2896 526 ὁμοῦ
2935 456 3026 508 καὶ
3068 453 3476 525 φιλανθρωπίας
3502 453 3599 506 τοῦ
3644 454 3762 506 σώ-

466 552 522 600 et
561 544 839 612 ingentem
891 541 1189 610 potentiam
1237 549 1292 595 et
1341 539 1730 593 humanitatem
1769 553 1897 610 erga
1948 554 2049 594 nos

2169 550 2334 611 ζοντος
2357 546 2697 618 ἐμποιοῦσιν,
2721 548 2803 600 ὃτι
2827 547 2920 599 καὶ
2948 547 3207 616 ἠνέσχετο
3239 545 3592 616 συμπαθῆσαι
3619 547 3760 608 ταῖς

468 634 830 695 admiremur,
867 633 1012 702 quod
1045 640 1097 685 et
1128 631 1368 700 compati
1401 630 1609 686 nostris
1636 629 2050 686 infirmitatibus

2169 643 2459 706 tcesvaiatc
2522 643 2704 714 ἡμῶν,
2766 643 2860 696 καὶ
2914 640 3142 711 ἐδυνήθη
3186 640 3321 712 πρὸς
3362 639 3423 692 τὸ
3467 638 3758 710 ἡμέτερον

471 726 775 788 sustinuit,
806 733 860 779 et
891 740 950 778 se
979 723 1046 776 ad
1078 731 1322 777 nostram
1347 722 1718 777 infirmitatem
1750 724 1927 790 potuit
1959 724 2054 776 de-

470 819 727 874 mittere?
750 816 938 886 Neque
970 816 1115 870 enim
1146 816 1348 870 cmlnm
1378 829 1443 868 ac
1473 822 1642 876 terra,
1675 813 2052 885 immensaque

471 911 668 974 maria,
693 925 794 964 nec
823 909 1146 972 animantia,
1182 908 1266 962 vel
1299 908 1352 960 in
1383 907 1541 977 aquis
1566 910 1650 962 vel
1681 907 1737 960 in
1769 907 1930 962 terris
1957 907 2052 961 de-

471 1004 688 1074 gentia,
732 1018 832 1058 nec
873 1004 1104 1072 plantae,
1139 1016 1241 1054 nec
1279 1011 1458 1063 astra,
1499 1015 1599 1054 nec
1628 1015 1711 1053 aet
1735 1040 1751 1063 ,
1792 1013 1893 1052 nec
1925 998 2052 1052 anni

471 1103 739 1165 tempora,
767 1110 866 1148 nec
903 1093 1183 1163 multiplex
1224 1091 1468 1145 universi
1503 1099 1756 1150 ornatus,
1786 1089 2054 1143 excellen-

471 1186 602 1240 tiam
664 1185 921 1255 potentiae
972 1184 1120 1238 illius
1179 1182 1404 1252 perinde
1453 1181 1841 1245 commendat,
1893 1190 2054 1249 atque

471 1278 617 1348 quod
669 1277 813 1331 Deus
863 1274 1428 1347 incomprehensibilis
1464 1273 1643 1342 potuit
1692 1287 1789 1343 per
1834 1285 2052 1325 carnem

473 1370 614 1423 citra
663 1384 862 1423 noxam
895 1383 1019 1421 cum
1067 1376 1242 1421 morte
1271 1365 1599 1429 conflictari,
1647 1375 1706 1417 ut
1759 1363 1914 1417 nobis
1956 1379 2054 1417 sua

474 1461 649 1530 ipsius
679 1461 939 1531 passione
969 1460 1259 1528 largiretur
1305 1457 1796 1518 immortalitatem,
1831 1455 1973 1525 quod
2007 1455 2055 1509 si

473 1552 774 1622 Apostolus
808 1551 915 1604 ait:
968 1549 1031 1603 In
1075 1549 1154 1604 his
1187 1547 1427 1602 omnibus
1467 1562 1778 1616 superamus
1820 1561 1910 1614 per
1937 1561 2056 1598 eum

474 1645 564 1713 qui
620 1641 807 1696 dilexit
860 1659 953 1696 nos
978 1642 1067 1696 ":
1126 1654 1472 1710 nequaquam
1520 1638 1620 1691 hac
1668 1653 1801 1692 voce
1853 1637 2057 1691 humile

2161 734 2384 798 ἀσθενὲς
2406 735 2716 806 καταϐῆναι
2739 735 2845 800 ;Οὑ
2867 735 2972 806 γάρ
3004 731 3257 786 τοσοῦτον
3284 731 3510 802 οὐρανὸς
3544 731 3646 784 καὶ
3667 731 3756 801 γῆ

2154 824 2248 877 καὶ
2269 826 2339 877 τὰ
2370 824 2576 896 μεγέθη
2597 824 2705 879 τῶν
2727 823 2996 891 πελαγῶν,
3027 825 3123 876 καὶ
3153 821 3222 895 τὰ
3254 823 3312 875 ἐν
3343 821 3493 874 ὕδασι
3519 820 3756 874 διαιτῶσ-

2156 933 2314 986 μενα,
2354 917 2450 969 καὶ¹
2495 917 2564 970 τὰ
2615 919 2844 986 χερσαῖα
2875 915 2981 967 τῶν
3011 913 3184 979 ζώων,
3214 915 3307 967 καὶ
3335 913 3403 965 τὰ
3441 913 3606 982 φυτὰ,
3648 914 3761 966 καὶ

2153 1008 2402 1079 ἀστέρες,
2433 1009 2527 1061 καὶ
2556 1007 2684 1079 ἀὴρ,
2726 1007 2819 1060 καὶ
2860 1001 3020 1076 ὧραι,
3051 1007 3145 1058 καὶ
3169 1008 3201 1076 ἡ
3225 1004 3444 1075 ποικίλη
3467 1003 3562 1058 τοῦ
3596 1021 3758 1057 παν-

2153 1102 2244 1165 τὸς
2274 1101 2632 1171 διακόσμησις
2665 1101 2725 1153 τὸ
2783 1098 3051 1169 ὑπερέχον
3076 1100 3173 1169 τῆς
3201 1099 3381 1169 ἰσχύος
3405 1097 3758 1165 συνίστησιν,

2155 1195 2276 1247 ὅσον
2310 1194 2370 1246 τὸ
2397 1192 2690 1264 δυνηθῆναι
2735 1191 2826 1245 τὸν
2852 1191 3004 1255 Θεὸν,
3041 1191 3132 1245 τὸν
3161 1191 3467 1261 ἀχὼρητον,
3509 1189 3756 1251 ἀπαθῶς

2154 1283 2242 1336 διὰ
2289 1283 2489 1354 σαρκὸς
2545 1282 2932 1353 συμπλακῆναι
2976 1281 3052 1352 τῷ
3105 1281 3348 1352 Θανάτῳ,
3391 1281 3480 1334 ἵνα
3507 1279 3759 1350 ἡμῖντῷ

2160 1376 2272 1444 ίόίῳ
2319 1375 2479 1429 πάθει
2537 1375 2635 1444 τὴν
2677 1374 2946 1428 ἀπάθειαν
2987 1373 3299 1444 χαρίσηται.
3326 1372 3445 1425 Κᾶν
3471 1371 3606 1444 λέγῃ
3629 1371 3691 1424 δὲ
3723 1373 3760 1424 6

2171 1465 2507 1528 Ἀπόστολος,
2565 1466 2646 1518 ὃτι
2693 1465 2798 1518 Ἐν
2849 1465 3082 1528 τούτοις
3102 1463 3291 1517 πᾶσιν
3325 1461 3760 1531 ὑπερνικῶμεν

2156 1559 2253 1612 διὰ
2298 1559 2404 1611 τοῦ
2454 1557 2884 1626 ἀγαπήσαντος
2919 1555 3094 1625 ἡμᾶς,
3143 1555 3265 1625 ούχὶ
3307 1555 3572 1624 ταπεινήν
3620 1571 3754 1606 τινα

2159 1651 2459 1722 ὑπηρεσίαν
2489 1651 2553 1702 ὲκ
2601 1651 2698 1720 τῆς
2748 1647 3003 1719 τοιαύτης
3035 1647 3216 1716 φωνῆς
3260 1645 3570 1708 ὑποϐάλλει,
3604 1645 3757 1700 ἀλλά

474 1734 748 1804 quoddam
781 1733 1147 1789 ministerium
1173 1733 1400 1798 indicat,
1432 1729 1529 1786 sed
1553 1730 1818 1784 auxilium
1847 1730 2051 1798 potius,

2169 1711 2333 1812 τὴν-ἐν
2356 1741 2433 1810 τῷ
2457 1711 2777 1811 κράτείτῆς
2811 1711 2993 1809 ἰσχύος
3018 1711 3422 1809 ἐνεργουμένην
3465 1737 3751 1809 βοήθειαν.

475 1824 621 1893 quod
645 1840 740 1895 per
765 1824 1057 1893 imperium
1088 1838 1201 1878 sua:
1229 1822 1485 1892 potentia
1506 1829 1770 1891 operatur
1792 1820 1849 1872 in
1875 1819 2051 1872 nobis.

478 1916 757 1986 Siquidem
798 1916 976 1985 ipsum
1013 1916 1253 1985 alligavit
1287 1914 1506 1980 fortem,
1548 1912 1889 1982 diripuilque
1925 1927 2056 1966 vasa

476 2009 628 2064 illius
658 2009 728 2072 ⁵⁸,
762 2009 1015 2063 videlicet
1043 2022 1163 2072 nos,
1189 2006 1392 2076 quibus
1413 2006 1477 2061 ad
1509 2006 1692 2060 omnia
1725 2006 1868 2059 mala
1893 2020 2056 2075 opera

475 2103 656 2156 fuerat
685 2101 921 2168 abusus;
969 2099 1204 2169 fecitque
1237 2113 1368 2154 vasa
1405 2098 1559 2151 utilia
1595 2097 1858 2162 Domino,
1891 2113 2059 2167 appa-

474 2201 628 2250 ratos
670 2193 739 2248 ad
783 2207 945 2247 omne
991 2207 1130 2262 opus
1166 2192 1369 2246 bonum
1405 2191 1474 2257 “5,
1521 2206 1618 2260 per
1653 2188 1806 2245 liberi
1849 2189 2057 2243 arbitrii

477 2292 651 2340 nostri
688 2285 1160 2354 praeparationem.
1199 2281 1313 2337 Hoc
1353 2291 1516 2353 pacto
1545 2297 1830 2336 accessum
1863 2281 1930 2335 ad
1955 2279 2058 2333 Pa-

477 2385 616 2430 trem
657 2375 950 2429 habuimus
991 2389 1086 2442 per
1135 2375 1338 2444 ipsum,
1386 2373 1637 2428 translati
1677 2373 1744 2428 de
1790 2379 2060 2442 potestate

477 2467 826 2523 tenebrarum
846 2467 900 2519 in
921 2475 1130 2536 partem
1153 2465 1319 2521 sortis
1344 2473 1659 2520 sanctorum
1689 2464 1744 2518 in
1767 2465 1974 2519 lumine
1989 2465 2054 2516 Μ.

477 2557 557 2614 Ne
583 2560 748 2630 igitur
792 2558 1261 2628 dispensationem
1306 2556 1431 2611 Filii
1471 2566 1721 2612 coactum
1761 2573 1828 2613 ex
1873 2557 2060 2612 servili

479 2650 789 2706 humilitate
824 2649 1191 2704 ministerium
1237 2649 1642 2704 existimemus:
1687 2648 1782 2704 sed
1813 2649 2062 2703 volunta-

479 2744 620 2798 riam
667 2742 1091 2799 sollicitudinem
1143 2756 1211 2796 ex
1249 2742 1494 2797 bonitate
1536 2757 1601 2797 ac
1644 2742 2058 2807 misericordia,

477 2835 636 2905 juxta
661 2834 995 2889 voluntatem
1023 2831 1120 2889 Dei
1152 2840 1207 2889 et
1237 2833 1440 2895 Patris,
1475 2848 1605 2905 erga
1636 2849 1797 2888 suum
1837 2833 2063 2904 figmen-

481 2935 598 2982 tum
628 2926 949 2982 exhibitam.
985 2924 1080 2979 Sic
1122 2925 1267 2980 enim
1312 2925 1657 2981 servabimus
1688 2925 1942 2995 pietatem
1968 2965 1982 2990 ,
2013 2925 2061 2980 si

2158 1834 2327 1898 Αὐτὸς
2375 1833 2482 1904 γὰρ
2535 1833 2704 1903 δήσας
2748 1833 2837 1885 τὸν
2888 1831 3124 1902 ἰσχυρὸν,
3159 1831 3455 1901 διήρπασεν
3481 1828 3647 1882 αὑτοῦ
3676 1829 3756 1883 τὰ

2160 1925 2358 1994 σκεύη,
2384 1927 2415 1994 ἡ
2427 1926 2553 1995 μᾶς,
2581 1918 2662 1986 οἷς
2685 1925 2764 1986 είς
2789 1924 2968 1976 πᾶσαν
2997 1922 3276 1992 ἐνέργειαν
3323 1921 3564 1992 πονηρὰν
3605 1938 3755 1974 κατ-

2162 2015 2459 2087 εκέχρητο’
2503 2014 2596 2066 καὶ
2625 2013 2848 2084 ἐποίησε
2878 2012 3043 2083 σκεύη
3073 2011 3345 2084 εὔχρηστα
3367 2011 3446 2079 τῷ
3473 2012 3750 2081 Δεσπότῃ,

2158 2109 2282 2170 τοὺς
2323 2104 2790 2177 κατηρτισμένους
2839 2106 2918 2168 είς
2976 2105 3082 2157 πᾶν
3108 2103 3266 2175 ἔργον
3311 2100 3513 2170 ἀγαθόν
3535 2103 3599 2154 ἐκ
3642 2101 3752 2171 τῆς

2160 2197 2477 2266 ἐτοιμασίας
2502 2194 2595 2248 τοῦ
2629 2195 2713 2264 ἐφ’
2748 2197 2896 2265 ὑμῖν.
2935 2193 3089 2247 Οὕτω
3137 2194 3234 2264 τὴν
3265 2194 3332 2246 δι’
3362 2192 3525 2247 αὑτοῦ
3561 2210 3747 2265 προσ-

2160 2287 2382 2358 αγωγὴν
2404 2287 2716 2356 ἐσχήκαμεν
2737 2285 2872 2355 πρὸς
2899 2284 2989 2337 τὸν
3020 2283 3256 2354 Πατέρα,
3283 2283 3647 2354 μεταστάντες
3681 2285 3758 2336 ἐκ

2160 2380 2256 2448 τῆς
2283 2377 2527 2443 ἐξουσίας
2573 2375 2665 2429 τοῦ
2697 2375 2921 2437 σκότους
2962 2376 3042 2437 εἰς
3062 2374 3159 2444 τὴν
3190 2373 3386 2446 μερίδα
3413 2373 3507 2426 τοῦ
3536 2373 3754 2444 κλήρου

2161 2470 2269 2522 τῶν
2291 2469 2460 2538 ἁγίων
2491 2469 2548 2520 ἐν
2568 2466 2644 2537 τῷ
2667 2465 2824 2535 φωτί.
2843 2465 2935 2535 Μὴ
2968 2464 3148 2517 τοίνυν
3184 2467 3248 2517 ὲκ
3273 2462 3525 2533 δουλικῆς
3549 2480 3753 2515 ταπει-

2161 2562 2383 2632 νότητος
2423 2558 2846 2630 ἡναγκασμένην
2887 2555 3194 2628 ὑπηρεσίαν
3241 2555 3475 2626 νοῶμεν,
3507 2555 3608 2624 τὴν
3657 2554 3759 2608 διὰ

2162 2655 2290 2708 Υίοῦ
2307 2653 2637 2723 οἰκονομίαν,
2667 2651 2802 2705 ἀλλά
2831 2650 2932 2722 τὴν
2961 2650 3206 2702 ἑκούσιον
3232 2650 3570 2718 ἐπιμέλειαν,
3602 2646 3753 2714 ἀγα-

2163 2736 2348 2816 θὸτητι
2400 2746 2493 2798 καὶ
2528 2742 2922 2814 εύσπλαγχνίᾳ,
2971 2740 3114 2794 κατά
3146 2739 3207 2792 τὸ
3237 2738 3446 2810 θέλημα
3483 2737 3576 2790 τοῦ
3605 2736 3753 2790 Θεοῦ

2162 2839 2256 2891 καὶ
2316 2837 2550 2908 Πατρὸς,
2603 2835 2733 2903 περὶ
2778 2833 2840 2886 τὸ
2881 2833 3011 2886 ῐδιον
3057 2831 3282 2901 πλάσμα
3319 2829 3753 2901 ἐνεργουμένην-

2163 2929 2319 2982 Οὕτω
2370 2926 2480 2999 γὰρ
2509 2927 2585 2998 (1)
2612 2923 3002 2994 εὑσεὸήσομεν,
3044 2921 3102 2974 ἐν
3139 2923 3275 2974 πᾶσι
3316 2922 3432 2982 τοῖς
3459 2917 3754 2972 ἐπιτελου-

483 3019 541 3074 in
582 3018 843 3074 omnibus
884 3017 1048 3071 rebus
1079 3017 1149 3070 ah
1176 3032 1243 3072 eo
1270 3017 1515 3087 peractis
1539 3024 1593 3072 et
1626 3017 1730 3089 16
1761 3016 2059 3088 perfectam

2169 3021 2346 3091 μένοις
2372 3019 2468 3073 καὶ
2496 3017 2709 3071 τελείαν
2741 3015 2891 3086 αὑτῷ
2923 3011 3326 3085 μαρτυροῦντες
3357 3009 3456 3080 τὴν
3490 3008 3749 3078 δύναμιν,

483 3110 564 3165 illi
603 3109 902 3180 potentiam
943 3109 1256 3164 testimonio
1298 3117 1489 3164 nostro
1533 3108 1886 3164 tribuerimus
1909 3149 1923 3172 ,
1959 3121 2061 3162 nec

2169 3116 2259 3167 καὶ
2269 3109 2506 3183 οὐδαμοῦ
2529 3109 2622 3164 τοῦ
2641 3108 2804 3180 βουλή
2815 3123 2982 3178 ματος
3006 3107 3099 3158 τοῦ
3121 3102 3387 3176 πατρικοῦ
3410 3101 3747 3161 διῖστῶντες.

483 3217 716 3273 usquam
764 3201 917 3255 illum
950 3215 980 3254 a
1025 3207 1252 3270 paterna
1284 3201 1563 3256 voluntate
1602 3202 2058 3270 separaverimus.

483 3292 955 3361 Quemadmodum
1007 3292 1196 3364 utique
1252 3309 1377 3348 cum
1435 3291 1700 3348 Dominus
1760 3293 2062 3362 appellatur

483 3385 572 3439 via
605 3384 674 3449 ⁸⁷,
708 3384 774 3438 ad
803 3383 1178 3438 sublimiorem
1209 3385 1626 3454 intelligentiam
1658 3384 1864 3454 potius,
1896 3400 2062 3455 quam

485 3477 553 3531 ad
578 3477 855 3547 vulgarem
882 3493 946 3531 ac
969 3492 1318 3532 communem
1345 3478 1530 3532 animo
1551 3477 1798 3533 ferimur.
1821 3479 2062 3533 Audien-

487 3580 569 3624 tes
593 3569 741 3624 enim
768 3570 936 3629 viam,
969 3567 1278 3638 profectum
1313 3584 1462 3634 eum,
1493 3569 1584 3639 qui
1613 3569 1756 3624 serie
1787 3579 1951 3639 atque
1976 3585 2065 3624 or-

484 3662 612 3715 dine
643 3674 741 3730 per
773 3659 1005 3729 justitiae
1043 3675 1211 3731 opera
1241 3667 1297 3716 et
1329 3660 1576 3715 scientiae
1607 3661 2061 3717 illuminationem

486 3751 554 3806 ad
604 3748 996 3820 perfectionem
1035 3749 1248 3814 tendit,
1297 3749 1695 3820 intelligimus,
1743 3766 1956 3820 semper
2010 3751 2064 3805 id

485 3841 634 3913 quod
663 3841 910 3897 anterius
942 3850 1025 3896 est
1049 3848 1388 3911 appetentes,
1420 3848 1475 3896 et
1504 3841 1571 3895 ad
1610 3857 1674 3896 ea
1703 3857 1825 3911 quae
1857 3850 2066 3897 restant

487 3933 852 4002 nosmetipsos
883 3932 1242 3988 extendentes
1265 3933 1332 3998 ⁵⁸,
1365 3933 1541 3986 donec
1575 3934 1965 4003 perveniamus
1996 3933 2062 3987 ad

487 4023 710 4078 beatum
735 4023 922 4085 finem,
947 4039 1069 4092 quae
1092 4032 1178 4078 est
1211 4022 1302 4078 Dei
1325 4023 1584 4093 cognitio,
1613 4039 1777 4094 quam
1801 4023 2066 4080 Dominus

489 4128 588 4184 per
645 4129 768 4170 sese
816 4114 868 4166 in
918 4113 1096 4183 ipsum
1145 4112 1496 4169 credentibus
1553 4115 1802 4186 largitur.
1857 4115 2067 4172 Revera

489 4211 634 4266 enim
661 4211 802 4264 bona
829 4216 914 4264 est
938 4210 1043 4272 via,
1069 4209 1488 4263 exorbitationis
1512 4210 1831 4280 errorisque
1858 4212 2063 4275 nescia,

491 4300 755 4355 Dominus
782 4307 990 4365 noster,
1022 4299 1088 4354 ad
1119 4297 1362 4364 Patrem,
1391 4300 1486 4370 qui
1515 4316 1705 4355 verum
1735 4301 1940 4356 bonum
1959 4313 2064 4368 εει,

2169 3206 2378 3276 ’Ὠσπερ
2431 3200 2524 3258 οὖν
2581 3202 2676 3256 καὶ
2706 3202 2835 3255 ὅταν
2873 3198 2989 3262 ὁδὸς
3018 3201 3046 3252 6
3083 3198 3287 3268 Κύριος
3323 3196 3570 3266 λέγηται,
3606 3191 3754 3263 πρὸς

2169 3297 2503 3368 ὑψηλοτέραν
2533 3294 2762 3360 ἔννοιαν,
2798 3291 2912 3344 ἀλλ’
2940 3291 3060 3361 οὐχῖ⁸
3085 3290 3220 3358 πρὸς
3253 3289 3347 3359 τὴν
3378 3289 3442 3340 ἐκ
3479 3285 3573 3338 τοῦ
3609 3301 3754 3356 προ-

2169 3390 2351 3462 χείρου
2377 3387 2796 3460 λαμϐανομένην
2838 3381 3243 3455 ὑποφερόμεθα.
3293 3380 3403 3451 Τὴν
3432 3379 3540 3449 γὰρ
3568 3375 3754 3449 είρμῷ

2169 3485 2262 3536 καὶ
2306 3481 2455 3546 τάξει
2505 3479 2592 3533 διὰ
2623 3479 2730 3534 τῶν
2777 3477 2953 3549 ἔργων
2997 3477 3096 3544 τῆς
3134 3472 3503 3541 δικαιοσύνης,
3535 3469 3631 3524 καὶ
3650 3469 3750 3521 τοῦ

2170 3574 2450 3645 φωτισμοῦ
2475 3571 2842 3643 τῆςγνώσεως
2867 3569 2959 3622 ἐπὶ
2989 3567 3051 3619 τὸ
3083 3567 3285 3618 τέλειον
3317 3561 3599 3634 προκοπὴν
3625 3561 3751 3612 ὁδὸν

2170 3665 2518 3734 ὲξακούομεν,
2548 3663 2634 3716 ἀεὶ
2664 3662 2758 3714 τοῦ
2775 3661 2962 3732 πρόσω
2985 3657 3374 3728 ἐπορεγόμενοι
3400 3653 3493 3725 (9.),
3522 3653 3614 3705 καί
3635 3655 3753 3714 τοῖς

2169 3757 2508 3827 λειπομένοις
2538 3756 2765 3818 ἐαυτοὺς
2804 3750 3232 3813 ἐπεκτείνοντες,
3286 3748 3390 3810 ἓως
3423 3745 3488 3799 ἀν
3530 3744 3753 3814 φθάσω-

2175 3867 2272 3920 μεν
2331 3849 2422 3901 ἐπὶ
2470 3848 2531 3900 τὸ
2576 3846 2844 3918 μακάριον
2882 3843 3054 3905 τέλος,
3100 3842 3198 3911 τὴν
3229 3839 3363 3892 Θεοῦ
3396 3837 3747 3907 κατανόησιν,

2171 3945 2237 4014 ἢν
2278 3945 2306 3996 6
2343 3939 2548 4011 Κύριος
2576 3939 2641 3992 δι’
2673 3935 2867 3990 ἑαυτοῦ
2899 3935 3012 3997 τοῖς
3045 3934 3124 3996 εἰς
3147 3931 3308 3984 αὑτὸν
3363 3928 3753 3982 πεπιστευκόσι

2172 4032 2455 4104 χαρίζεται
2483 4030 2581 4100 (5).
2627 4027 2831 4099 Ἀγαθὴ
2868 4026 2976 4097 γὰρ
3022 4024 3190 4086 ὅντως
3226 4022 3364 4087 ὁδὸς,
3397 4019 3755 4090 ἀπαρεξόδευ-

2171 4143 2263 4188 τος
2312 4125 2406 4177 καὶ
2452 4121 2717 4193 ἀπλανὴς,
2762 4123 2790 4173 6
2829 4119 3032 4190 Κύριος
3084 4115 3264 4188 ἡμῶν,
3305 4114 3440 4186 πρὸς
3484 4115 3545 4167 τὸ
3579 4113 3752 4177 ὅντως

2173 4217 2393 4286 ἀγαθὸν,
2428 4215 2518 4268 τὸν
2561 4214 2800 4285 Πατέρα,
2848 4210 3048 4280 φέρων.
3097 4207 3307 4272 Οὐδεὶς
3348 4207 3456 4276 τιίιρ
3492 4204 3748 4274 ἔρχεται,

2175 4311 2328 4380 φησι,
2394 4307 2542 4374 πρὸς
2581 4305 2688 4358 τὸν
2739 4302 2972 4370 Πατέρα
3009 4301 3062 4353 εί
3079 4298 3166 4369 μὴ
3198 4298 3271 4350 δι’
3305 4294 3472 4366 ἐμοῦ.
3513 4294 3751 4363 Τοιαύτη

490 4391 820 4464 perducens.
875 4388 1043 4443 Nemo
1086 4391 1254 4454 enim,
1300 4391 1508 4460 inquit,
1557 4393 1694 4445 venit
1737 4392 1806 4444 ad
1850 4391 2061 4445 Patrem

2179 4404 2276 4473 μὲν
2301 4397 2394 4454 οὖν
2421 4401 2453 4470 ἡ
2480 4396 2725 4470 ἡμετέρα
2749 4395 2886 4466 πρὸς
2906 4393 3038 4446 Θεὸν
3071 4389 3254 4452 ἄνοδος
3283 4389 3371 4442 διὰ
3405 4386 3498 4440 τοῦ
3522 4384 3675 4440 Υίοῦ.

491 4483 596 4538 nisi
626 4497 718 4550 per
745 4496 824 4534 me
850 4479 916 4534 ⁸³.
950 4479 1098 4533 Talis
1128 4487 1211 4535 est
1254 4481 1420 4550 igitur
1449 4488 1639 4536 noster
1673 4481 1741 4535 ad
1773 4479 1945 4534 Deum
1979 4494 2071 4534 as-

491 4589 694 4630 census
724 4587 820 4643 per
851 4570 1069 4625 Filium.

565 4685 653 4740 19.
686 4681 902 4740 Rursus
947 4690 1128 4737 autem
1179 4682 1360 4751 qualis
1404 4683 1476 4736 sit
1510 4667 1678 4738 etiam
1723 4682 1903 4740 Patris
1941 4701 2073 4756 erga

493 4791 597 4832 nos
623 4792 720 4847 per
746 4777 996 4831 eumdem
1021 4775 1290 4828 bonorum
1315 4775 1701 4845 suppeditatio,
1727 4791 2071 4847 consequens

491 4870 605 4940 jam
634 4867 797 4922 fuerit
843 4867 1137 4921 disserere.
1184 4864 1452 4920 Nimirum
1497 4881 1624 4920 cum
1659 4869 1840 4922 omnis
1873 4877 2072 4923 natura

494 4967 701 5025 creata,
734 4966 849 5012 tum
883 4958 997 5012 haec
1025 4957 1280 5021 visibilis,
1312 4969 1425 5014 tum
1457 4959 1835 5032 intelligibilis,
1870 4960 1939 5017 ad
1967 4963 2073 5016 hoc

2249 4683 2334 4738 19.
2377 4681 2568 4736 Ὀποία
2599 4681 2655 4733 δὲ
2695 4680 2856 4733 πάλιν
2911 4678 3062 4748 καὶὴ
3108 4673 3259 4746 παρά
3287 4671 3382 4725 τοῦ
3426 4668 3637 4741 Πατρός
3671 4666 3750 4739 (4)

2178 4779 2257 4841 είς
2289 4777 2436 4848 ἡμᾶς
2464 4775 2528 4827 δι’
2565 4773 2728 4826 αὐτοῦ
2750 4769 2980 4843 χορηγία
3019 4767 3127 4820 τῶν
3153 4763 3392 4834 ἀγαθῶν,
3428 4760 3554 4831 ἑξῆς
3571 4759 3634 4813 ἂν
3663 4759 3752 4829 εἴη

2177 4869 2376 4938 λέγειν.
2431 4868 2573 4930 Ὅτι,
2624 4865 2805 4934 πάσης
2838 4863 2936 4932 τῆς
2984 4858 3218 4929 φύσεως,
3243 4856 3344 4926 τῆς
3370 4856 3428 4908 ἐν
3453 4855 3518 4923 τῇ
3553 4850 3748 4914 κτίσει,

2179 4963 2246 5032 τῇ
2291 4977 2349 5014 τε
2396 4959 2650 5031 ὁρωμένη
2676 4955 2847 5025 ταύτῃ
2873 4953 2968 5007 καὶ
3001 4953 3068 5021 τῇ
3115 4947 3400 5021 νοουμένῃ,
3436 4941 3753 5014 ἐπιμελείας

566 5135 613 5166 ⁵³
636 5132 794 5188 Rom.
822 5147 946 5195 vm,
978 5133 1068 5188 '57.
1143 5132 1190 5164 “
1217 5132 1404 5188 Matth.
1436 5150 1536 5200 xu,
1563 5133 1653 5189 21.
1731 5132 1995 5189 "llTim.
2026 5149 2061 5190 ιι

2169 5135 2204 5188 l.
2280 5134 2327 5165 ⁵⁸
2355 5131 2570 5188 Coloss.
2593 5149 2632 5196 ι,
2654 5131 2744 5196 12,
2775 5131 2862 5185 15.
2939 5130 2982 5162 ⁵⁷
3009 5125 3372 5194 Joan.x1v,6.
3450 5121 3748 5191 l“‘Pbihpp.

495 5219 578 5269 ιιι,
614 5204 698 5258 1'5.
801 5204 846 5235 ”
875 5201 1035 5256 Joan.
1065 5219 1174 5268 xw,
1207 5204 1258 5257 6.

569 5380 644 5450 (ι)
687 5379 849 5450 οὕτω
891 5379 1022 5450 γάρ,
1064 5391 1170 5434 etc.
1217 5377 1359 5450 Editi
1390 5385 1582 5433 contra
1633 5375 1909 5450 codicum;
1941 5391 2074 5432 mss.

499 5448 661 5521 ﬁdem
695 5448 1013 5521 habebant:
1045 5449 1444 5521 ἐνεργουμένην
1487 5451 1546 5501 ἐν
1583 5450 1715 5501 πᾶσι
1752 5449 1866 5510 τοῖς
1895 5448 2077 5500 ἐπιτε-

498 5519 798 5592 λουμένοις.
831 5519 984 5573 Οὕτω
1017 5519 1542 5592 γὰρεὺσεϐήσομεν.

573 5538 798 5643 Ἑενοις.
831 5538 984 5573 υυτω
1017 5538 1126 5592 γαρ
1155 5538 1542 5589 ευσεοησομεν.

573 5594 592 5660 (
634 5595 650 5657 )
697 5591 1160 5660 Ἐπορεγόμεκοι.
1199 5588 1433 5657 Quidam
1481 5588 1701 5644 codices
1731 5586 2067 5660 ὀρεγόμενοι.

575 5658 651 5734 (3)
692 5658 1008 5728 Χαρίζεται.
1069 5659 1159 5715 Sic
1211 5661 1429 5716 codices
1475 5674 1634 5718 mss..
1688 5658 1798 5715 non
1841 5665 1902 5713 ut
1938 5658 2072 5714 editi

2185 5377 2488 5447 χαρίσεται.
2540 5376 2661 5432 Mox
2712 5379 2766 5433 in
2827 5378 2989 5434 editis
3035 5378 3066 5430 6
3110 5376 3314 5447 Κύριος
3357 5373 3512 5445 ἡμῶν
3549 5370 3750 5442 Ἰησοῦς

2185 5447 2322 5518 πρὸς
2353 5447 2464 5512 τόν,
2498 5457 2604 5503 etc.
2643 5447 2862 5504 Veteres
2894 5449 3019 5502 libri
3043 5455 3102 5500 ut
3133 5447 3185 5518 in
3214 5453 3490 5518 contextu.

2253 5508 2327 5587 (4—)
2376 5508 2542 5586 Παρὰ
2593 5519 2698 5573 τοῦ
2746 5519 2995 5586 Πατρός.
3043 5517 3178 5588 Περί
3226 5519 3285 5588 in
3344 5508 3750 5588 omnibusfere

2179 5580 2478 5644 codicibus
2510 5605 2644 5644 mss.
2680 5580 2883 5643 Ibidem
2926 5580 3066 5642 male
3121 5580 3177 5642 in
3227 5587 3389 5642 editis
3429 5586 3522 5640 καὶ
3558 5580 3625 5637 δι’
3655 5581 3750 5635 aiio

2177 5659 2291 5712 τοῦ.
2323 5660 2651 5730 Conjunctio
2679 5663 2830 5715 dcest
2877 5659 2933 5712 in
2963 5673 3097 5714 mss.
