3900 6212
187 269 292 325 101

1331 268 1530 322 LIBER
1564 267 1650 321 DE
1691 266 1965 324 SPIBITU
2005 271 2304 326 SANCTO.

3365 275 3473 332 £03

189 385 260 436 ἐκ
293 380 390 435 τοῦ
410 379 546 434 Θεοῦ
573 381 711 453 πρὸς
731 381 793 434 τὸ
821 381 1138 452 συνέχεσθαι
1166 381 1447 453 δεομένης,
1477 385 1504 435 6
1527 382 1776 454 δημιουρ·

1888 393 1943 438 ιιι
1971 385 2260 448 consistat,
2307 383 2401 439 Dei
2437 399 2568 439 cura
2605 397 2789 454 egeat;
2823 385 3002 454 Opifex
3034 384 3268 442 Verbum
3295 427 3310 454 ,
3347 389 3471 441 uni-

189 476 292 543 γὸς
322 475 531 544 Λόγος,
565 476 594 526 6
625 477 922 546 μονογενὴς
965 474 1097 538 Θεὸς
1119 517 1132 539 ,
1182 476 1323 528 κατὰ
1372 476 1434 528 τὸ
1465 475 1662 546 μέτρον
1687 476 1786 546 τῆς

189 565 432 620 ἑκάστου
478 564 685 636 χρείας,
732 567 832 635 τὴν
889 566 1142 639 βοήθειαν
1188 567 1481 637 ἐπινέμων,
1536 567 1787 629 ποικίλας

194 661 298 731 μὲν
351 663 448 714 καὶ
508 659 858 723 παντοδαπὰς
905 658 994 713 διὰ
1040 659 1100 711 τὸ
1146 658 1254 712 τῶν
1316 659 1788 731 εὐεργετουμένων

189 751 500 817 πολυειδὲς,
537 749 890 821 συμμέτρους
918 766 980 818 γε
1016 750 1124 820 μὴν
1159 749 1395 820 ἑκάστῳ,
1427 749 1571 804 κατὰ
1597 750 1658 803 τὸ
1686 753 1788 820 τῆς

190 843 392 912 χρείας
443 842 758 910 ἀναγκαῖον,
807 841 908 904 τὰς
936 841 1200 913 χορηγίας
1221 842 1522 912 ἐπιμετρεῖ.
1559 842 1698 906 Τοὺς
1729 845 1788 896 ἐν

190 932 273 1002 τῷ
330 932 507 1004 σκότῳ
553 931 655 1002 τῆς
703 933 930 1001 ἀγνοίας
968 932 1370 1004 κατεχομένους
1402 933 1627 1002 φωτίζει
1653 951 1667 964 ο
1699 934 1789 988 διά

189 1023 357 1079 τοῦτο
405 1023 521 1092 φῶς
557 1023 620 1076 τὸ
661 1023 936 1094 ἀληθινόν.
983 1025 1177 1095 Κρίνει
1210 1025 1308 1095 (5),
1369 1023 1508 1077 κατὰ
1544 1023 1645 1094 τὴν
1676 1022 1787 1077 τῶν

193 1113 381 1183 ἔργων
445 1113 602 1177 ἀξίαν
663 1113 1005 1185 ἀντιμετρῶν
1039 1113 1136 1186 τὴν
1165 1113 1462 1169 ἀντίδοσιν·
1495 1113 1582 1167 διὰ
1627 1113 1788 1168 τοῦτο

191 1206 391 1277 κριτὴς
423 1205 650 1269 δίκαιος.
690 1205 746 1258 Ὁ
777 1207 886 1276 γὰρ
921 1207 1126 1275 Πατὴρ
1149 1206 1338 1274 κρίνει
1359 1205 1599 1269 οὐδένα,
1626 1206 1788 1260 ἀλλὰ

191 1299 312 1365 τὴν
344 1299 548 1366 κρίσιν
578 1297 788 1353 πᾶσαν
832 1296 1053 1350 δέδωκε
1088 1295 1169 1363 τῷ
1210 1297 1338 1362 Υὶῷ.
1385 1296 1692 1369 Ἀνίστησιν
1722 1298 1787 1350 ἐκ

190 1390 288 1442 τοῦ
343 1389 637 1460 πτώματος
669 1391 795 1453 τοὺς
833 1391 941 1444 ἀπὸ
985 1390 1079 1444 τοῦ
1110 1389 1278 1460 ὕψους
1332 1390 1430 1461 τῆς
1461 1389 1608 1460 ζωῆς
1649 1388 1786 1459 πρὸς

188 1482 471 1553 ἁμαρτίαν
524 1481 994 1553 ὑπολισθήσαντας
1024 1501 1036 1512 ·
1095 1482 1184 1537 διὰ
1251 1482 1412 1536 τοῦτο
1466 1482 1782 1546 ἀνάστασις.

197 1575 389 1628 Πάντα
418 1575 477 1627 δὲ
499 1576 644 1627 ποιεῖ
669 1576 734 1645 τῇ
765 1577 951 1645 ἐπαφῇ
976 1572 1079 1644 τῆς
1101 1572 1404 1644 δυνάμεως,
1432 1574 1528 1627 καὶ
1554 1573 1632 1644 τῷ
1659 1572 1786 1642 βου-

189 1665 399 1735 λήματι
449 1664 791 1736 ἀγαθότητος
839 1664 1097 1737 ἐνεργῶν.
1150 1665 1472 1734 Ποιμαίνει,
1525 1663 1780 1734 φωτίζει,

1890 476 2106 546 genitus
2140 475 2284 532 Deus
2312 491 2493 546 opem,
2531 485 2795 546 quantum
2832 477 3030 547 cuique
3057 493 3196 548 Opus
3225 485 3327 546 est,
3356 478 3471 534 dis-

1889 567 2171 632 tribuens,
2208 567 2360 622 varia
2411 567 2630 639 quidem
2665 577 2718 623 et
2751 569 2932 623 omnis
2971 570 3187 639 generis
3226 571 3428 625 auxilia
3450 612 3466 637 ,

1887 660 1958 713 ob
1996 659 2314 714 varietatem
2361 674 2553 715 eorum
2599 659 2692 729 qui
2740 659 3005 714 beneficio
3045 661 3336 730 juvantur,
3370 660 3470 716 sed

1886 757 2068 805 tamen
2104 750 2402 821 unicuique
2424 751 2784 818 congruentia
2802 751 2956 819 jnxta
2981 751 3328 806 necessitatis
3351 767 3470 808 mo-

1886 839 2014 894 dum
2045 841 2349 896 dimetitur.
2387 843 2492 897 Eos
2536 843 2632 912 qui
2666 843 2721 896 in
2749 842 2996 898 tenebris
3025 842 3348 912 ignorantia:
3375 845 3468 899 de-

1885 930 2154 990 tinentur,
2180 930 2487 985 illuminat:
2515 940 2804 1001 propterea
2829 932 3010 986 lumen
3032 947 3219 987 verum
3244 932 3465 988 dicitur.

1884 1019 2122 1087 Iudicat,
2142 1021 2300 1092 juxta
2319 1037 2548 1092 operum
2570 1021 2822 1078 meritum
2847 1024 3138 1078 remetiens
3159 1025 3464 1094 praemium;

1885 1115 1957 1171 ob
1988 1116 2040 1171 id
2064 1115 2234 1185 judex
2257 1115 2444 1183 justus
2475 1115 2700 1169 dicitur.
2733 1115 2896 1169 Pater
2925 1117 3062 1169 enim
3092 1117 3350 1170 neminem
3369 1116 3465 1186 ju-

1884 1207 2050 1272 dicat,
2075 1206 2170 1261 sed
2195 1222 2346 1260 omne
2360 1205 2626 1274 judicium
2653 1203 2798 1258 dedit
2823 1203 2967 1259 Filio
2998 1206 3063 1258 “.
3092 1203 3268 1275 Erigit
3292 1220 3324 1260 e
3351 1205 3466 1259 rui-

1884 1313 1976 1364 na,
2000 1298 2093 1368 qui
2116 1313 2146 1353 e
2167 1297 2502 1352 sublimitate
2523 1296 2648 1351 vitae
2669 1298 2734 1352 ad
2757 1305 3044 1368 peccatum
3067 1297 3276 1368 delapsi
3301 1304 3462 1364 sunt;

1884 1391 1954 1445 ob
2003 1389 2057 1444 id
2109 1397 2340 1444 vocatur
2383 1389 2808 1444 resurrectio“.
2860 1389 3055 1448 Omnia
3109 1399 3286 1444 autem
3336 1389 3466 1444 facit

1883 1489 2144 1536 contactu
2180 1481 2430 1545 virtutis,
2480 1496 2544 1535 ac
2583 1482 2864 1536 voluntate
2906 1481 3169 1536 bonitatis
3208 1496 3461 1553 Operans.

1883 1574 2090 1636 Pascit,
2137 1572 2432 1636 illuminat,
2486 1572 2604 1637 alit,
2655 1572 2895 1638 deducit,
2943 1572 3211 1636 medetur,
3253 1573 3436 1642 erigit.

1885 1665 2017 1731 Quae
2045 1680 2156 1720 non
2189 1673 2350 1728 sunt,
2392 1662 2564 1728 facit,
2599 1672 2659 1718 ut
2695 1664 2804 1720 sint
2829 1705 2844 1729 ,
2880 1664 3103 1719 condita
3150 1671 3460 1720 conservat.

186 1757 405 1826 τρέφει,
463 1757 670 1828 ὁδηγεῖ,
730 1756 999 1828 ίατρεύει,
1040 1755 1344 1828 ἀνίστησιν.
1379 1757 1566 1810 Οὐσιοῖ
1604 1755 1674 1808 τὰ
1706 1754 1776 1826 μὴ

1886 1755 2002 1811 Hoc
2043 1756 2207 1811 modo
2249 1755 2393 1811 bona
2429 1771 2498 1811 ex
2529 1755 2641 1810 Deo
2673 1772 2772 1826 per
2801 1755 2999 1810 Filium
3033 1757 3100 1812 ad
3143 1772 3244 1812 nos
3273 1772 3465 1826 perve-

185 1847 342 1912 ὖντα,
390 1848 462 1901 τὰ
522 1848 816 1903 κτισθέντα
844 1849 1080 1918 συνέχει.
1114 1847 1270 1902 Οὕτω
1300 1848 1369 1902 τά
1411 1850 1476 1902 ἐκ
1517 1847 1611 1901 τοῦ
1645 1847 1781 1902 Θεοῦ

185 1939 377 2007 ἀγαθά
407 1938 497 1993 διὰ
527 1939 624 1992 τοῦ
673 1938 808 1992 Υἱοῦ
854 1939 990 2011 πρὸς
1020 1940 1168 2010 ἡμᾶς
1214 1939 1542 2008 ἀφικνεῖται,
1576 1938 1783 1993 πλείονι

185 2031 348 2102 τάχει
386 2031 459 2084 τὰ
505 2031 630 2085 καθ’
677 2031 907 2084 ἕκαστον
944 2029 1296 2102 ἐνεργοῦντος
1329 2032 1362 2104 ἢ
1399 2032 1475 2096 ὡς
1520 2033 1586 2088 ἂν
1627 2033 1783 2102 λόγος

187 2121 453 2185 ἐξίκοιτο.
502 2120 640 2175 Οὔτε
697 2121 804 2192 γὰρ
845 2122 1144 2193 ἀστραπαὶ,
1181 2121 1305 2176 οὔτε
1349 2123 1526 2192 φωτὸς
1560 2125 1618 2177 ἐν
1659 2125 1782 2196 ἀέρι

185 2211 337 2265 οὕτω
390 2214 584 2282 ταχεῖα
635 2212 941 2283 διαδρομή·
991 2213 1091 2265 οὐκ
1144 2213 1440 2287 ὀφθαλμῶν
1486 2214 1658 2280 ὀξεῖαι
1697 2217 1781 2287 ρι-

185 2304 294 2357 παί
318 2302 430 2373 (6)ο
463 2303 564 2356 οὐκ
597 2301 766 2357 αὐτοῦ
813 2301 905 2356 τοῦ
929 2303 1202 2376 ἡμετέρου
1248 2285 1519 2376 νοήματος
1542 2307 1599 2359 αἱ
1629 2285 1784 2377 κινή-

190 2411 311 2457 σεις
326 2410 340 2424 ·
371 2393 509 2448 ἀλλὰ
531 2393 693 2447 πλέον
713 2393 918 2447 τούτων
942 2394 1176 2448 ἕκαστον
1199 2395 1298 2466 τῆς
1332 2395 1481 2460 θείας
1503 2396 1782 2467 ἐνεργείας

188 2485 338 2539 κατά
390 2486 455 2538 τὸ
508 2486 673 2556 τάχος
725 2485 1010 2553 λείπεται,
1065 2486 1100 2557 ἢ
1158 2487 1391 2542 καθόσον
1460 2488 1528 2542 τὰ
1576 2489 1782 2560 νωθρό-

182 2595 329 2632 τατα
355 2578 466 2633 τῶν
503 2580 632 2649 παρ’
670 2581 803 2650 ἡμῖν
841 2579 1015 2645 ζώων,
1050 2580 1152 2632 οὐκ
1183 2579 1250 2634 ἂν
1275 2579 1505 2651 εἴποιμι,
1542 2581 1779 2652 πτηνῶν,

183 2671 311 2724 οὐδὲ
334 2671 575 2740 ἀνέμων,
605 2672 640 2742 ἢ
661 2671 766 2741 τῆς
803 2671 912 2725 τῶν
944 2671 1214 2742 οὐρανίων
1243 2673 1434 2744 φορᾶς,
1466 2672 1582 2726 ἀλλ’
1615 2673 1780 2728 αὑτοῦ

180 2761 282 2816 τοῦ
302 2763 576 2834 ἡμετέρου
622 2761 741 2829 νοῦ,
771 2763 914 2817 κατὰ
956 2763 1056 2835 τὴν
1102 2764 1318 2836 κίνησιν
1359 2766 1593 2838 ὑστερεῖ.
1625 2765 1784 2830 Τίνος

180 2855 300 2926 γὰρ
343 2853 412 2907 ἂν
454 2856 549 2909 καὶ
598 2855 966 2927 παρατάσεως
1006 2856 1178 2910 δέοιτο
1223 2857 1479 2928 χρονικῆς
1517 2859 1546 2911 6
1601 2857 1782 2928 φέρων

179 2947 253 3000 τὰ
319 2946 614 3018 σύμπαντα
658 2948 736 3017 (7)
772 2947 852 3018 τῷ
885 2949 1092 3018 ῥήματι
1121 2948 1220 3020 τῆς
1263 2948 1547 3020 δυνάμεως
1591 2947 1778 3011 αὐτοῦ,

1884 1850 2084 1913 niunt,
2130 1848 2340 1917 majore
2385 1847 2664 1904 celeritate
2713 1849 2770 1903 in
2820 1850 3052 1920 singulis
3109 1858 3461 1917 operantem,

1883 1957 2044 2012 quam
2097 1942 2240 1995 ullus
2290 1955 2473 1996 sermo
2512 1941 2818 2010 exprimere
2864 1941 3053 1996 valeat.
3095 1939 3282 2011 Neque
3315 1941 3462 1995 enim

1884 2032 2122 2103 fulgura,
2158 2048 2334 2102 neque
2368 2032 2529 2098 lucis,
2567 2047 2664 2101 per
2689 2046 2868 2086 aerem
2905 2039 3018 2084 tam
3058 2031 3211 2085 velox
3248 2030 3464 2086 discur-

1883 2139 1978 2178 sus
2004 2131 2111 2186 est,
2138 2137 2248 2175 non
2279 2122 2566 2176 oculorum
2596 2120 2804 2175 celeres
2836 2120 2999 2183 ictus,
3028 2133 3136 2174 non
3162 2120 3337 2190 ipsius
3375 2121 3462 2174 in-

1881 2217 2128 2272 tellectus
2159 2215 2334 2270 nostri
2379 2221 2598 2269 motus:
2647 2214 2741 2268 sed
2775 2213 2968 2267 horum
3003 2213 3258 2283 quodque
3288 2213 3462 2282 magis

1883 2306 2120 2360 vincitur
2153 2307 2352 2361 divinae
2395 2305 2731 2376 operationis
2780 2305 3060 2360 celeritate
3083 2344 3100 2371 ,
3136 2320 3301 2374 quam
3338 2305 3460 2359 ani-

1882 2399 2091 2453 mantia
2120 2415 2240 2471 qua:
2273 2408 2400 2455 sunt
2422 2400 2566 2469 apud
2600 2414 2702 2456 nos
2731 2399 2969 2454 maxime
2999 2399 3209 2470 segnia,
3234 2413 3347 2454 non
3376 2397 3462 2452 di-

1881 2505 2003 2544 cam
2057 2491 2396 2556 volatilium,
2445 2507 2622 2562 neque
2683 2498 3011 2554 ventorum,
3061 2504 3240 2560 neque
3288 2489 3458 2544 cccle-

1882 2581 2046 2635 stium
2097 2580 2312 2634 orbium
2365 2581 2590 2650 impetu,
2641 2579 2738 2635 sed
2788 2579 2964 2650 ipsius
3005 2580 3206 2635 mentis
3260 2589 3462 2635 nostrae

1880 2681 2032 2728 motu
2082 2681 2430 2742 superantur.
2462 2671 2597 2726 Nam
2649 2687 2758 2742 quo
2793 2670 3015 2726 tandem
3049 2671 3310 2741 temporis
3335 2686 3463 2741 spa—

1882 2767 1958 2822 tio
1997 2775 2152 2838 egeat
2203 2766 2296 2837 qui
2335 2773 2518 2836 portat
2563 2766 2744 2820 omnia
2789 2765 2955 2820 verbo
2997 2764 3220 2821 virtutis
3257 2764 3458 2828 suae“,

1879 2860 2085 2930 quique
2147 2873 2249 2913 nec
2303 2857 2662 2928 corporaliter
2723 2863 2986 2928 operatur
3017 2894 3033 2921 ,
3101 2871 3279 2927 neque
3341 2871 3450 2909 ma-

1881 2962 2049 3001 nuum
2079 2960 2247 3018 opera
2293 2945 2364 3000 ad
2414 2944 2716 3002 creandum
2767 2960 2907 3016 opus
2961 2945 3168 3011 habet,
3215 2946 3312 3001 sed
3364 2959 3462 2999 eo-

181 3037 286 3090 καὶ
357 3037 438 3108 μὴ
519 3037 850 3109 σωματικῶς
921 3038 1192 3111 ἐνεργῶν,
1255 3039 1390 3110 μηδὲ
1433 3039 1776 3112 χειρουργίας

1882 3055 2004 3094 rum
2064 3055 2184 3109 qua:
2242 3039 2380 3094 fiunt
2449 3048 2700 3094 naturam
2767 3037 2932 3093 habet
2999 3037 3284 3091 voluntate
3347 3052 3458 3091 non

179 3131 268 3192 είς
324 3129 426 3200 τὴν
483 3129 850 3202 δημιουργίαν
903 3131 1278 3200 ἐπιδεόμενος,
1305 3131 1441 3184 ἀλλὰ
1470 3130 1776 3202 βουλήματι

1881 3139 2072 3185 coacta
2106 3131 2536 3199 obsequentem?
2575 3128 2751 3184 Sicuti
2784 3127 2972 3183 Iudith
3010 3125 3332 3198 :Cogitasti,
3369 3127 3456 3182 in-

175 3219 458 3289 ἁϐιάστῳ,
497 3220 894 3274 ἀκολουθοῦσαν
923 3220 1064 3292 έχων
1091 3222 1191 3294 τὴν
1225 3222 1388 3292 φύσιν
1419 3221 1528 3276 τῶν
1562 3221 1780 3293 γινομέ-

179 3328 333 3378 νων;
376 3311 468 3374 Ὧς
508 3313 542 3383 ἡ
590 3313 811 3380 Ἰουδὶθ,
865 3315 1201 3382 Ἐ’νόησας,
1246 3316 1413 3386 φησὶ,
1457 3316 1559 3369 καὶ
1627 3328 1777 3383 παρ-

176 3403 468 3472 έστησὰν
495 3418 597 3458 σοι
639 3405 839 3460 πάντα
875 3406 994 3461 ὅσα
1020 3407 1305 3476 ἐνόησας.
1335 3407 1526 3478 Ὅμως
1561 3406 1774 3478 μέντοι,

183 3497 278 3549 ἵνα
328 3497 404 3568 μή
446 3514 578 3550 ποτε
639 3499 703 3552 ἐκ
747 3499 841 3552 τοῦ
891 3498 1158 3570 μεγέθους
1203 3500 1313 3554 τῶν
1369 3499 1777 3573 ἐνεργουμένων

182 3589 662 3661 πρισπασθῶμεν
705 3593 788 3654 εἰς
836 3591 896 3645 τὸ
939 3592 1313 3663 φαντασθῆναι
1351 3592 1587 3663 ἄναρχον
1634 3586 1777 3645 εἶναι

179 3683 279 3734 τὸν
309 3681 536 3754 Κύριον»,
579 3683 633 3735 τί
665 3700 830 3754 φησιν
858 3686 893 3755 ἡ
917 3685 1197 3756 αὐτοζωή;
1237 3684 1384 3754 Ἐγὼ
1414 3683 1486 3746 ζῶ
1540 3683 1639 3738 διὰ
1669 3684 1779 3738 τὸν

182 3769 460 3839 Πατέρα·
493 3770 588 3824 καὶ
633 3773 666 3840 ἡ
713 3769 808 3823 τοῦ
851 3771 986 3824 Θεοῦ
1024 3771 1287 3840 δύναμις·
1332 3773 1414 3826 Οὐ
1455 3770 1706 3825 δύναται
1743 3775 1777 3825 ὁ

183 3867 320 3932 Υἱὸς
373 3863 566 3918 ποιεῖν
595 3863 695 3932 ἀφ’
742 3863 960 3918 ἑαυτοῦ
1007 3862 1222 3918 οὐδέν·
1256 3865 1350 3918 καὶ
1393 3866 1426 3936 ἡ
1483 3865 1774 3936 αὐτοτελὴς

186 3957 384 4026 σοφία·
419 3955 706 4023 Ἐντολὴν
729 3954 973 4022 ἔλαϐον,
1002 3956 1059 4008 τι
1083 3956 1250 4019 εἴπω,
1278 3955 1378 4010 καὶ
1401 3957 1456 4009 τί
1478 3957 1734 4026 λαλήσω
1756 3974 1772 3988 ο

184 4053 277 4106 διὰ
303 4053 522 4106 πάντων
549 4051 757 4104 τούτων
790 4051 928 4122 πρὸς
963 4051 1063 4122 τὴν
1094 4050 1189 4104 τοῦ
1231 4052 1443 4122 Πατρὸς
1475 4053 1621 4122 ἡμᾶς
1652 4051 1777 4104 σύν-

188 4162 305 4198 εσιν
337 4145 568 4214 ὁδηγῶν,
595 4144 692 4198 καὶ
719 4143 781 4197 τὸ
823 4141 1009 4214 θαῦμα
1036 4142 1144 4196 τῶν
1166 4144 1468 4214 γινομένων
1497 4145 1582 4196 ἐπ’
1612 4142 1772 4197 αὐτὸν

189 4237 503 4306 ἀναφέρων,
539 4236 626 4288 ἵνα
649 4235 718 4288 δι’
744 4234 912 4288 αὐτοῦ
937 4235 1030 4288 τὸν
1057 4235 1277 4306 Πατέρα
1294 4233 1533 4306 γνῶμεν.
1562 4235 1635 4289 Οὐ
1663 4235 1772 4306 γὰρ

191 4326 256 4377 ἐκ
287 4326 388 4396 τῆς
415 4325 523 4378 τῶν
556 4324 733 4396 ἔργων
767 4325 1032 4396 διαφορᾶς
1062 4327 1090 4378 6
1123 4325 1316 4396 Πατὴρ
1351 4324 1656 4396 θεωρεῖται,
1690 4325 1771 4396 τῷ

1879 3221 2019 3291 quit,
2058 3230 2108 3274 et
2135 3210 2326 3290 privato
2365 3220 2578 3290 fuerunt
2613 3219 2706 3274 tibi
2745 3221 2925 3273 omnia
2955 3235 3073 3289 qum
3115 3220 3366 3287 cogitasti
3387 3219 3453 3272 ⁸³.

1877 3313 2131 3368 Attamen
2155 3328 2224 3368 ne
2251 3313 2390 3369 forte
2419 3328 2486 3368 ex
2516 3313 2892 3384 magnitudine
2920 3327 3110 3367 eorum
3144 3326 3265 3382 quae
3300 3309 3438 3366 fiunt

1879 3404 2161 3474 rapiamur
2194 3403 2251 3458 in
2284 3403 2752 3475 imaginationem,
2795 3411 2854 3457 ut
2881 3411 3135 3473 putemus
3164 3401 3458 3457 Dominum

1878 3496 2148 3566 principio
2189 3510 2400 3559 carere,
2438 3495 2569 3564 quid
2616 3496 2689 3549 ait
2739 3497 2786 3548 is
2817 3495 2907 3564 qui
2942 3509 3040 3564 per
3088 3509 3148 3548 se
3181 3493 3292 3548 vita
3335 3493 3459 3548 est?

1881 3586 1983 3656 17
2009 3584 2122 3656 Ego
2156 3585 2268 3639 vivo
2296 3597 2508 3655 propter
2541 3584 2759 3639 Patrem
2783 3585 2850 3640 “.
2887 3583 2954 3638 Et
2981 3584 3074 3638 Dei
3099 3584 3304 3640 virtus:
3333 3583 3455 3638 Non

1875 3687 2046 3746 potest
2087 3675 2264 3732 Filius
2311 3695 2346 3730 a
2385 3694 2439 3732 se
2489 3677 2661 3743 facere
2711 3675 3000 3748 quidquam
3022 3678 3088 3731 ⁵³.
3126 3675 3362 3741 Rursus,
3408 3678 3454 3731 is

1877 3769 1970 3839 qui
2001 3784 2069 3824 ex
2097 3785 2157 3825 se
2183 3769 2426 3838 perfecta
2456 3778 2540 3824 est
2569 3770 2836 3841 sapientia
2863 3789 2876 3824 :
2911 3767 3231 3823 Mandatum
3257 3769 3452 3835 accepi,

1875 3862 2000 3932 quid
2035 3864 2230 3928 dicam,
2261 3872 2310 3917 et
2344 3863 2467 3934 quid
2512 3863 2699 3934 loquar
2721 3865 2767 3896 “
2795 3881 2809 3918 :
2842 3879 2937 3934 per
2977 3863 3093 3918 haec
3139 3864 3322 3917 omnia
3351 3863 3454 3917 du-

1875 3970 2007 4010 cens
2050 3969 2152 4010 nos
2183 3955 2250 4009 ad
2294 3953 2473 4010 Patris
2501 3956 2895 4026 cognitionem,
2949 3963 3004 4011 et
3033 3955 3452 4010 admirationem

1874 4061 2065 4102 eorum
2089 4061 2210 4116 quae
2236 4047 2479 4116 gerebat,
2505 4046 2574 4101 ad
2599 4046 2750 4101 illum
2774 4046 3039 4111 referens,
3065 4055 3125 4100 ut
3153 4062 3248 4116 per
3274 4048 3453 4117 ipsum

1875 4153 2278 4208 cognoscamus
2307 4136 2547 4192 Patrem.
2592 4137 2714 4192 Non
2748 4139 2894 4194 enim
2928 4154 2994 4194 ex
3039 4154 3268 4208 operum
3303 4139 3453 4195 diﬂ'e-

1873 4231 2050 4284 rentia
2096 4228 2257 4285 Pater
2301 4230 2661 4301 conspicitur,
2713 4231 2872 4300 quasi
2907 4231 3240 4301 peculiarem
3286 4240 3452 4302 atque

1876 4328 2180 4391 separatam
2209 4323 2480 4378 actionem
2509 4322 2764 4378 exhibeat
2795 4321 3158 4394 (quaecunque
3185 4323 3330 4378 enim
3363 4323 3451 4378 vi-

197 4416 500 4480 ίδιάζουσαν
538 4417 632 4470 καὶ
659 4416 1216 4488 κατακεχωρισμένην
1255 4416 1534 4486 ἐνέργειαν
1564 4416 1767 4470 ἐπιδεί-

1880 4413 1966 4467 det
2004 4411 2222 4468 Patrem
2264 4413 2576 4476 facientem,
2623 4413 2738 4468 haec
2783 4421 2838 4469 et
2866 4412 3038 4470 Filius
3088 4415 3337 4470 similiter
3370 4414 3451 4469 fa-

193 4506 418 4559 κνυσθαι
445 4507 576 4577 (ὅσα
607 4506 717 4577 γὰρ
760 4507 946 4576 βλέπει
977 4507 1053 4579 (8)
1097 4507 1188 4561 τὸν
1222 4507 1445 4580 Πατέρα
1490 4506 1766 4574 ποιοῦντα,

191 4597 362 4651 ταῦτα
386 4597 482 4652 καὶ
520 4599 548 4650 6
589 4598 716 4662 Υἱὸς
757 4598 957 4668 ὁμοίως
992 4599 1180 4668 ποιεῖ),
1207 4599 1322 4652 ἀλλ’
1364 4602 1428 4652 ἐκ
1463 4600 1562 4671 τῆς
1600 4617 1769 4671 προσ-

193 4689 468 4761 αγομένης
494 4690 643 4763 αὐτῴ
671 4689 823 4762 παρὰ
837 4689 931 4743 τοῦ
955 4690 1293 4759 Μονογενοῦς
1313 4691 1471 4762 δόξης
1491 4693 1552 4744 τὸ
1582 4691 1766 4764 θαῦμα

193 4777 302 4830 τῶν
353 4777 651 4848 γινομένων
691 4777 1033 4851 καρποῦται,
1085 4779 1222 4851 πρὸς
1264 4779 1341 4851 τῷ
1395 4781 1612 4852 μεγέθει
1661 4781 1768 4837 τῶν

193 4871 514 4942 ποιημάτων
542 4873 637 4925 καὶ
659 4873 745 4925 ἐπ’
771 4873 918 4944 αὐτῷ
945 4873 1022 4946 τῷ
1047 4879 1244 4947 ποιητῇ
1274 4875 1644 4947 ἀγαλλόμενος
1666 4878 1762 4932 καὶ

193 4961 494 5033 ὑψούμενος
523 4961 674 5034 παρά
706 4964 813 5016 τῶν
852 4965 1322 5033 ἐπιγινωσκόντων
1359 4965 1523 5021 αὐτὸν
1547 4967 1766 5040 Πατέρα

263 5121 308 5189 ξ’
336 5120 496 5175 Ioan.
527 5138 580 5187 v,
611 5121 702 5175 22.
780 5121 822 5153 ⁶¹
852 5122 1011 5178 Ioan.
1045 5140 1120 5189 xl,
1167 5124 1254 5180 25.
1333 5125 1377 5156 ⁶²
1421 5124 1585 5181 Hebr.
1618 5143 1658 5189 ι,
1691 5128 1745 5185 5.

196 5190 241 5221 ⁸⁸
265 5188 422 5247 Ioan.
453 5208 555 5257 xu,
586 5192 674 5247 49.
752 5191 794 5224 "
822 5191 982 5248 Ioan.
1019 5211 1070 5258 v,
1102 5188 1188 5249 i9.
1266 5194 1311 5226 ⁸⁸
1348 5194 1515 5252 Hebr.
1549 5213 1609 5262 ιι,
1641 5188 1732 5253 10.

236 5368 347 5448 .(5‘)_
376 5369 595 5448 ξρίνει.
622 5368 874 5448 Plerique
897 5370 1125 5448 codices
1152 5387 1295 5448 mss._
1315 5375 1509 5445 κρινεῖ,
1540 5373 1758 5442 judica-

196 5435 290 5490 bit.
314 5435 624 5494 Sed'tamen
656 5435 801 5494 nihil
822 5441 1036 5496 videtur
1074 5435 1414 5498 mutandum.

267 5507 340 5584 (_6)
389 5509 603 5584 'Purat.
640 5509 926 5584 Si<_:_edit_io
962 5511 1137 5584 Paris.
1180 5527 1244 5566 ac
1278 5513 1410 5584 Reg.
1453 5513 1752 5569 secundus.

196 5574 560 5654 Quinquealii
585 5587 639 5654 et
661 5579 828 5635 editio
855 5580 1021 5654 Basil.
1058 5584 1240 5654 ροπαί.

1874 4505 1951 4556 cit
1973 4505 2064 4574 ⁸⁷),
2096 4521 2285 4560 verum
2311 4522 2376 4561 ex
2411 4507 2605 4576 gloria,
2641 4521 2762 4576 quae.
2781 4507 2830 4561 ei
2861 4507 2930 4561 ab
2950 4505 3242 4576 Unigenito
3269 4505 3451 4561 defer-

1874 4605 1983 4661 tur,
2014 4611 2240 4666 0perum
2272 4598 2600 4652 miraculum
2626 4599 2820 4668 carpit,
2848 4598 2976 4652 dum
3003 4605 3199 4667 praeter
3222 4612 3446 4667 operum

1872 4690 2325 4760 magnitudinem,
2370 4691 2438 4746 de
2466 4691 2588 4762 ipso
2629 4690 2792 4745 etiam
2825 4698 3050 4744 auctore
3078 4704 3301 4759 operum
3329 4689 3448 4760 glo-

1873 4781 2067 4848 riatur,
2102 4789 2156 4837 et
2197 4784 2467 4838 exaltatnr
2514 4784 2582 4837 ab
2613 4783 2680 4838 iis
2703 4782 2797 4853 qui
2836 4788 3144 4852 agnoscunt
3179 4795 3304 4834 eum
3348 4779 3448 4832 Pa-

1872 4884 2012 4933 trem
2044 4877 2258 4933 Domini
2283 4879 2456 4933 nostri
2484 4875 2613 4933 Iesu
2642 4876 2848 4931 Christi
2882 4894 2894 4929 :
2925 4875 3031 4929 Per
3057 4890 3210 4944 quem
3241 4874 3443 4933 omnia,

1872 4979 1923 5024 et
1951 4979 2160 5041 propter
2187 4986 2338 5041 quem
2374 4970 2552 5024 omnia
2567 4970 2633 5024 ⁸⁸.
2665 4969 2792 5024 ldeo
2827 4968 2961 5022 dicit
2987 4966 3291 5021 Dominus:
3320 4963 3448 5020 0m-

1857 5128 1903 5160 “
1929 5127 2119 5185 Iudith
2171 5145 2248 5194 ιιι,
2305 5129 2359 5184 4.
2438 5129 2484 5160 ⁸⁸
2528 5125 2688 5182 Ioan.
2729 5143 2804 5193 vr,
2838 5126 2928 5181 58.
3005 5124 3050 5158 “
3077 5123 3236 5179 Ioan.
3265 5140 3322 5189 v,
3356 5123 3444 5178 i9.

1864 5382 1988 5496 ppst
2033 5370 2402 5445 χειρουργίας.
2437 5365 2580 5422 Editi
2629 5366 2696 5420 τὰ
2743 5364 2922 5418 πάντα
2963 5372 3018 5420 et
3055 5362 3256 5435 χειρῶν
3287 5363 3447 5433 ἐργα-

1867 5460 1899 5496 σ
1922 5462 2006 5496 ας.

1867 5460 1899 5496 σ

1922 5462 2014 5584 αξξ)
2054 5510 2288 5584 Βλέπει.
2349 5508 2440 5584 Sic
2473 5505 2682 5584 antiqui
2713 5505 2954 5584 “codices
3010 5522 3024 5558 :
3069 5501 3218 5584 editi‘

1867 5557 2681 5650 Νδιῖ¹ιηῖἱιῖό⁷ἷὸει⁷έῖςἾὶᾷιῖἑί
2712 5557 3157 5648 ιῖἑέξεῖοιιιιίίιιε
3189 5557 3262 5625 διθ
3286 5565 3344 5626 οὗ
3378 5557 3446 5624 τα

265 5647 476 5720 (nm
529 5651 869 5721 σύμπαντα.
926 5651 1018 5708 Sic
1058 5647 1276 5710 codices
1335 5669 1451 5722 sex,
1500 5662 1553 5709 et
1594 5653 1755 5724 paulo

1880 5654 2041 5707 πάντα
2075 5653 2169 5706 καὶ
2200 5647 2278 5716 εἷς
2315 5651 2372 5704 ὃν
2398 5647 2464 5702 τὰ
2501 5647 2697 5702 πάντα.
