3900 6212
469 298 577 383 «σε.

1748 323 1806 380 s.
1848 319 2342 402 BASILII‘MAGNI

3614 317 3726 375 104

468 439 559 491 nio
590 452 704 492 mea
737 443 830 490 tua
856 443 1001 502 sunt,
1029 442 1090 489 ut
1120 434 1188 489 ad
1212 437 1389 506 ipsum
1416 436 1682 507 originem
1711 450 1892 490 rerum
1917 449 2048 487 con—

2154 432 2248 485 τοῦ
2280 434 2484 504 Κυρίου
2514 432 2671 505 ἡμῶν
2711 433 2885 505 Ἰησοῦ
2908 432 3165 506 Χριστοῦ,
3192 432 3265 486 δι’
3299 427 3373 488 οὗ
3400 430 3471 485 τὰ
3504 430 3725 498 πάντα,

469 525 707 579 dit-arum
735 524 980 580 referens
1012 543 1025 579 :
1059 523 1129 578 Et
1158 534 1249 579 tua
1280 543 1399 580 mea
1423 528 1504 593 “;
1532 534 1592 581 ut
1626 526 1751 581 inde
1781 524 2046 595 principia

469 616 695 672 creandi
749 618 1065 686 accipiens;
1122 632 1232 672 non
1283 618 1428 688 quod
1475 617 1697 672 auxiliis
1748 625 1938 671 utatur
1980 617 2046 670 ad

468 708 826 779 operandum,
857 724 1037 779 neque
1068 710 1215 779 quod
1247 710 1295 765 ei
1327 709 1750 779 particularibus
1779 708 2048 763 mandatis

470 800 907 871 uniuscujusque
964 801 1150 870 operis
1202 800 1571 855 ministerium
1634 800 2045 855 coneredatur:

469 907 596 947 nam
630 892 773 946 istud
800 891 1021 963 quidem
1054 892 1277 955 servile,
1308 901 1364 947 et
1385 908 1416 946 a
1445 892 1628 947 divina
1650 892 1915 963 dignitate
1943 893 2049 947 im-

469 998 663 1039 menso
702 991 971 1038 semotum
1014 984 1345 1038 intervallo:
1379 983 1475 1039 sed
1509 983 1654 1053 quod
1684 982 1923 1039 Verbum
1954 1000 2049 1054 pa-

472 1077 647 1129 ternis
678 1075 839 1130 bonis
883 1077 1126 1146 pli-num,
1173 1075 1535 1145 resplendens
1567 1090 1597 1129 a
1636 1074 1824 1136 Patre,
1866 1077 2048 1131 omnia

471 1166 605 1220 facit
634 1167 700 1220 ad
729 1167 1145 1224 similitudinem
1179 1167 1301 1237 ejus
1322 1168 1414 1237 qui
1458 1168 1637 1238 ipsum
1674 1169 1882 1239 genuit.
1915 1166 2048 1221 Nam

472 1257 521 1311 si
546 1256 700 1326 juxta
732 1257 1024 1312 essentiam
1067 1258 1201 1311 nihil
1231 1258 1412 1312 dilTert
1449 1272 1478 1312 a
1514 1257 1698 1320 Patre,
1740 1272 1841 1313 nec
1869 1265 2050 1327 poten-

473 1347 549 1401 tia
591 1349 755 1403 etiam
791 1363 819 1401 a
865 1348 1025 1404 Patre
1060 1348 1292 1404 differet.
1326 1348 1499 1405 Porro
1546 1365 1778 1420 quorum
1826 1349 2050 1419 aequalis

471 1445 557 1491 est
579 1440 841 1507 potentia,
880 1438 1074 1493 horum
1105 1441 1332 1493 omnino
1381 1439 1611 1510 mqualis
1645 1447 1729 1495 est
1758 1448 1811 1494 et
1855 1455 2048 1510 opera-

471 1532 568 1585 tio.
609 1532 865 1587 Christus
916 1532 1185 1602 siquidem
1228 1532 1324 1587 Dei
1359 1534 1537 1587 virtus
1587 1540 1693 1595 est,
1725 1538 1781 1587 et
1821 1530 1914 1586 Dei
1963 1548 2051 1587 sa-

473 1625 769 1696 pientia".
805 1623 869 1679 Et
919 1626 1001 1680 sic
1048 1626 1232 1680 omnia
1262 1640 1360 1696 per
1407 1626 1586 1695 ipsum
1634 1623 1780 1677 facta
1832 1634 1958 1679 sunt
1981 1624 2048 1687 ".

472 1715 765 1786 omniaque
799 1731 893 1784 per
935 1717 1114 1786 ipsum
1157 1723 1211 1769 et
1258 1717 1313 1769 in
1348 1719 1528 1785 ipsum
1575 1714 1797 1769 condita
1831 1717 2045 1779 sunt",

2152 527 2251 580 καὶ
2282 527 2357 580 δι’
2391 527 2464 581 ὃν
2497 528 2568 581 τὰ
2608 527 2827 583 πάντα.
2869 528 2968 581 Διά
3011 528 3167 581 τοῦτό
3212 545 3377 598 φησιν
3420 530 3449 581 6
3480 526 3683 597 Κύριος
3705 542 3722 559 ⁶

2156 615 2231 669 Τὰ
2259 615 2372 685 ἐμὰ
2406 616 2604 670 πάντα
2641 616 2725 671 σά
2755 618 2957 671 ἐστιν·
2984 618 3060 681 ὼς
3085 619 3170 670 ἐπ’
3209 618 3369 671 αὐτὸν
3411 618 3509 688 τῆς
3547 618 3725 689 ἀρχῆς

2148 706 2256 757 τῶν
2285 705 2777 777 δημιουργημάτων
2809 707 3154 779 ἀναγομένης
3173 724 3184 736 ·
3227 707 3336 760 Καὶ
3375 705 3447 760 τὰ
3478 707 3558 761 σὰ
3575 706 3722 776 ἐμά’

2148 796 2224 860 ὡς
2269 796 2479 850 ἐκεῖθεν
2523 796 2672 867 αὐτῷ
2714 796 2790 866 (9)
2848 798 2948 867 τῆς
2993 797 3173 860 αίτίας
3225 795 3321 850 τοῦ
3369 795 3725 868 δημιουργεῖν

2151 884 2517 957 καθηκούσης,
2556 888 2616 940 οὑ
2648 887 2922 959 βοηθείαις
2960 888 3231 959 χρωμένῳ
3272 887 3407 961 πρὸς
3441 888 3540 960 τὴν
3568 887 3726 959 ἐνέρ-

2152 995 2324 1047 γειαν,
2367 979 2488 1031 οὐδὲ
2519 982 2639 1043 ταῖς
2683 978 2826 1034 κατά
2863 981 3028 1051 μέρος
3059 982 3408 1052 ὲπιτροπαῖςο
3448 981 3546 1049 τὴν
3587 980 3725 1035 ἑκά-

2152 1088 2275 1123 στου
2330 1069 2490 1141 ἔργου
2544 1072 2821 1125 διακονίαν
2888 1072 3294 1143 πιστευομένῳ·
3355 1072 3723 1145 λειτουργικὺν

2150 1161 2259 1232 γὰρ
2287 1161 2443 1214 τοῦτό
2468 1179 2554 1230 γε,
2591 1162 2685 1216 καὶ
2721 1163 2820 1232 τῆς
2848 1162 3002 1227 θείας
3041 1163 3197 1229 ἀξίας
3235 1163 3558 1235 παμπληθὲς
3585 1165 3724 1218 ἀπο-

2149 1251 2294 1305 δέον·
2327 1251 2461 1306 ἀλλὰ
2500 1253 2607 1324 γὰρ
2652 1253 2867 1325 πλήρης
2899 1255 3008 1322 (10)
3035 1257 3064 1307 6
3102 1255 3273 1323 Λόγος
3301 1254 3410 1308 τῶν
3442 1256 3727 1327 πατρικῶν

2151 1342 2391 1411 ἀγαθῶν,
2423 1344 2518 1397 τοῦ
2561 1345 2775 1416 Πατρὸς
2806 1345 3157 1416 ἀπολάμψας,
3200 1347 3373 1400 πάντα
3405 1350 3550 1400 ποιεῖ
3583 1351 3727 1402 κατά

2149 1435 2250 1506 τὴν
2272 1436 2365 1489 τοῦ
2391 1438 2753 1507 γεννήσαντος
2771 1437 3084 1509 ὁμοιότητα.
3111 1439 3175 1491 Ei
3204 1437 3311 1510 γὰρ
3337 1438 3477 1493 κατὰ
3498 1439 3595 1511 τὴν
3628 1441 3723 1492 οὑ-

2153 1528 2272 1581 σίαν
2308 1528 2744 1600 ἀπαραλλάκτως
2796 1529 2942 1600 ἔχει,
2998 1529 3430 1602 ἀπαραλλάκτως
3475 1530 3583 1595 ἔξει
3628 1532 3725 1585 καὶ

2152 1620 2294 1674 κατά
2325 1621 2422 1693 τὴν
2467 1622 2716 1692 δύναμιν.
2745 1615 2846 1675 Ὧν
2888 1622 3012 1693 δὲή
3057 1622 3286 1693 δύναμις
3323 1622 3433 1693 ἴση.
3483 1624 3571 1694 ἴση
3618 1641 3721 1677 που

2152 1714 2370 1778 πάντως
2397 1716 2491 1770 καὶ
2521 1717 2554 1786 ἡ
2599 1715 2871 1786 ἐνέργεια.
2905 1716 3141 1786 Χριστὸς
3170 1714 3278 1783 γὰρ
3302 1713 3437 1767 Θεοῦ
3469 1715 3720 1785 δύναμις,

473 1821 583 1860 non
613 1805 760 1876 quod
794 1805 1200 1861 instrumentali
1228 1805 1465 1874 quodam
1494 1819 1558 1858 ac
1588 1804 1772 1859 servili
1802 1804 2046 1859 ministe-

2154 1808 2246 1861 καὶ
2275 1806 2411 1861 Θεοῦ
2447 1808 2625 1876 σοφία.
2655 1807 2767 1861 Καὶ
2796 1806 2938 1860 οὕτω
2975 1807 3151 1861 πάντα
3190 1807 3257 1859 δι’
3284 1806 3448 1861 αὑτοῦ
3484 1808 3720 1875 ἐγένετο,

471 1895 558 1949 rio
590 1893 850 1966 fungatur
899 1915 912 1949 :
960 1896 1055 1950 sed
1103 1897 1249 1967 quod
1291 1903 1553 1969 tanquam
1586 1897 1835 1952 conditor
1872 1905 2047 1968 pater-

473 2003 598 2043 nam
626 1987 849 2059 impleat
879 1989 1238 2044 voluntatem.

545 2246 637 2302 20.
680 2243 866 2316 Itaque
906 2260 1029 2300 cum
1056 2245 1173 2300 ait:
1209 2243 1321 2316 Ego
1345 2262 1410 2300 ea:
1437 2263 1519 2301 me
1557 2247 1672 2314 ipso
1702 2247 1910 2301 locutus
1945 2263 2048 2300 non

472 2352 593 2393 sum
614 2337 659 2370 ⁷³
685 2354 700 2404 ;
731 2344 785 2393 et
829 2351 1046 2393 rursum
1075 2351 1088 2387 :
1130 2334 1280 2391 Sicut
1308 2336 1445 2390 dixit
1472 2337 1599 2391 mihi
1622 2336 1806 2400 Pater,
1855 2341 1933 2393 ita
1965 2340 2045 2395 lo-

473 2444 606 2499 quor
626 2429 712 2496 ";
742 2436 798 2484 et
827 2446 841 2482 :
875 2427 1063 2483 Sermo
1087 2443 1239 2497 quem
1267 2429 1491 2483 audistis
1522 2445 1628 2482 non
1654 2437 1731 2483 est
1763 2446 1930 2491 meus,
1957 2430 2047 2484 sed

472 2521 590 2590 ejus
626 2522 716 2591 qui
738 2520 883 2574 misit
913 2535 995 2573 me
1015 2519 1061 2550 ⁷⁸
1085 2535 1099 2584 ;
1127 2526 1181 2572 et
1211 2517 1374 2571 alibi:
1411 2518 1863 2585 Quemadmodum
1895 2537 2048 2574 man-

473 2611 618 2666 davit
657 2610 785 2664 mihi
831 2609 1012 2674 Pater,
1061 2609 1137 2663 sic
1164 2608 1304 2677 facio
1327 2610 1373 2641 "
1403 2625 1549 2664 :non
1586 2613 1735 2681 quod
1767 2613 2048 2666 careat'li-

474 2702 608 2757 bero
650 2701 880 2756 arbitrio
935 2714 1001 2754 ac
1030 2700 1328 2755 voluntatis
1371 2708 1544 2765 motu,
1587 2716 1763 2770 neque
1801 2701 1946 2771 quod
1979 2717 2047 2757 ex

472 2792 620 2848 datis
646 2792 819 2863 signis
842 2779 1063 2845 ‘veniam
1110 2804 1174 2843 ac
1211 2788 1490 2844 licentiam
1520 2790 1710 2860 agendi
1742 2799 2042 2862 exspectet,

474 2884 598 2939 ideo
622 2884 823 2939 talibus
846 2883 1021 2937 utitur
1049 2882 1232 2938 verbis
1257 2900 1270 2936 :
1297 2883 1391 2937 sed
1420 2890 1482 2937 ut
1507 2882 1751 2939 declaret
1770 2884 2044 2954 propriam

436 2978 811 3033 ‘voluntatem
864 2977 1160 3046 coniuncte
1197 2985 1363 3046 atque
1410 2978 1847 3047 inseparabiliter
1896 2977 2045 3032 Patri

475 3069 861 3125 adhaerentem.
900 3067 1138 3124 Proinde
1175 3069 1322 3139 quod
1356 3068 1560 3124 dicitur
1594 3069 1931 3132 mandatum.
1977 3086 2047 3126 ne

477 3170 785 3215 sermonem
814 3157 1167 3228 imperiosum
1189 3174 1286 3228 per
1313 3160 1522 3214 vocalia
1543 3174 1748 3231 organa
1777 3160 2045 3230 prolatum
2075 3157 2124 3220 ο

475 3249 881 3320 intelligamus,
940 3246 1080 3304 Filio
1136 3250 1285 3304 velut
1333 3249 1555 3305 subdito
1606 3251 2050 3320 pmscribentem

475 3341 608 3412 quid
641 3339 820 3395 facere
844 3339 1042 3395 debeat
1073 3358 1087 3395 :
1120 3339 1215 3395 sed
1241 3340 1398 3410 juxta
1420 3356 1643 3397 sensum
1671 3341 1781 3397 Deo
1802 3342 2050 3413 dignum,

477 3431 847 3501 intelligamus
892 3431 1193 3487 voluntatis
1244 3433 1837 3497 communicationem,
1884 3434 2051 3488 veluti

479 3521 666 3576 formae
696 3521 1003 3591 cujuspiam
1033 3523 1088 3577 in
1119 3523 1343 3592 speculo
1378 3522 1694 3594 imaginem,
1731 3539 1761 3577 a
1804 3524 1966 3581 Patre
1997 3526 2052 3579 in

478 3611 674 3667 Filium
721 3613 840 3668 sine
870 3621 1113 3683 tempore
1138 3612 1540 3669 demanantem.
1588 3614 1751 3669 Pater
1795 3619 1935 3670 enim
1970 3616 2054 3670 di-

477 3706 595 3777 ligit
638 3704 864 3771 Filium,
908 3714 958 3759 et
988 3707 1169 3760 omnia
1201 3706 1427 3760 ostendit
1470 3707 1552 3761 illi
1573 3708 1640 3762 "".
1686 3707 1871 3779 Itaque
1905 3725 2053 3780 quae-

476 3812 695 3868 cunque
722 3797 886 3853 habet
916 3796 1101 3864 Pater,
1131 3797 1256 3853 Filii
1283 3806 1448 3866 sunt;
1477 3815 1586 3854 non
1639 3801 1788 3871 quod
1815 3803 1931 3859 haec
1972 3803 2050 3857 illi

479 3887 740 3958 paulatim
786 3891 1127 3953 accrescant,
1179 3889 1277 3945 sed
1307 3889 1509 3945 adsunt
1561 3893 1729 3947 semel
1772 3893 2047 3949 universa.

476 3977 596 4033 Non
625 3978 771 4032 enim
800 3979 944 4034 inter
976 3979 1225 4036 homines
1270 3983 1365 4051 qui
1409 3989 1581 4037 artem
1633 3984 1942 4053 perdidicit,
1988 4002 2052 4042 ac

477 4068 691 4123 diutina
712 4070 1106 4126 exercitatione
1137 4072 1355 4126 ﬁrmum
1390 4073 1526 4128 artis
1556 4074 1610 4128 in
1643 4075 1832 4130 animo
1855 4077 2052 4131 ﬁxum-

479 4175 586 4230 que
616 4160 865 4215 habitum
900 4162 1062 4232 gerit,
1101 4162 1363 4233 deinceps
1394 4174 1576 4235 potest
1606 4167 1763 4236 juxta
1811 4169 2053 4225 scicntiae

478 4252 739 4317 rationes,
769 4267 909 4322 quas
940 4254 994 4307 in
1020 4261 1203 4309 mente
1228 4262 1399 4321 tenet,
1425 4272 1523 4326 per
1549 4273 1671 4313 sese
1696 4261 1933 4329 operari,
1957 4260 2050 4317 Dei

478 4356 610 4397 vero
664 4342 929 4413 sapientia
953 4381 970 4407 ,
1021 4344 1357 4401 architectus
1421 4347 1691 4403 universae
1752 4360 2048 4415 creaturae,

479 4448 695 4504 semper
722 4432 1021 4504 perfectus,
1051 4436 1188 4489 citra
1222 4436 1503 4493 doctorem
1545 4440 1786 4511 sapiens,
1813 4440 1907 4498 Dei
1941 4447 2052 4499 vir-

2153 1900 2249 1954 καὶ
2292 1899 2468 1952 πάντα
2503 1898 2570 1952 δι’
2620 1898 2786 1952 αὐτοῦ
2834 1900 2929 1952 καὶ
2973 1901 3055 1962 εἰς
3099 1898 3260 1952 αὐτὸν
3302 1898 3575 1965 ἔκτισται,
3620 1899 3726 1953 οὐκ

2153 1990 2448 2060 ὀργανικὴν
2490 2006 2612 2043 τινα
2659 1988 2779 2042 οὐδὲ
2824 1988 3072 2058 δουλικὴν
3115 1990 3416 2059 ὑπηρεσίαν
3454 1989 3728 2061 πληροῦν-

2122 2096 2264 2162 ’τος,
2309 2080 2445 2134 ἀλλά
2494 2080 2900 2151 δημιουργικῶς
2932 2081 2993 2134 τὸ
3050 2080 3312 2148 πατρικὸν
3352 2079 3727 2144 ἐπιτελοῦντος

2154 2168 2281 2241 θέλη
2290 2187 2384 2240 μα.

2222 2260 2294 2316 20
2346 2262 2514 2315 Ὅταν
2542 2257 2635 2315 οῦν
2655 2261 2789 2333 λέγῃ
2810 2279 2825 2293 ο
2873 2262 3021 2332 Ἐγὼ
3049 2262 3119 2328 ἐξ
3156 2264 3415 2333 ἐμαυτοῦ
3440 2266 3551 2318 οὐκ
3583 2261 3727 2318 ἐλά-

2152 2355 2351 2420 λησα·
2405 2353 2501 2407 καὶ
2532 2353 2727 2408 πάλιν
2777 2353 2984 2420 Καθὼς
3012 2355 3215 2422 εἴρηκέ
3247 2372 3349 2425 μοι
3406 2357 3440 2408 ὀ
3483 2354 3725 2422 Πατὴρ,

2153 2442 2306 2496 οὕτω
2327 2442 2496 2498 λαλῶ
2515 2459 2527 2472 ·
2553 2444 2669 2509 καὶ,
2708 2442 2772 2497 '0
2801 2445 2983 2514 λόγος
3020 2445 3093 2498 ὃν
3125 2446 3392 2507 ἀκούετε,
3416 2447 3526 2499 οὐκ
3551 2445 3731 2500 ἔστιν

2152 2534 2312 2603 ἐμὸς,
2336 2535 2494 2589 ἀλλὰ
2521 2537 2628 2591 τοῦ
2642 2535 2994 2606 πέμψαντός
3016 2553 3093 2606 με
3115 2554 3130 2568 ·
3164 2537 3257 2590 καὶ
3283 2536 3507 2608 ἑτέρωθι
3527 2555 3540 2567 ·
3566 2540 3726 2591 Καθ-

2152 2625 2234 2692 ὼς
2271 2626 2383 2695 (11)
2426 2627 2767 2682 ἐνετείλατό
2791 2645 2886 2697 μοι
2908 2631 2940 2682 ό
2975 2629 3199 2696 Πατὴρ,
3232 2629 3385 2682 οὕτω
3419 2627 3592 2682 ποιῶ·
3622 2630 3727 2683 οὐκ

2153 2714 2513 2786 ἀπροαίρετος
2540 2714 2638 2779 ῶν,
2660 2715 2781 2769 οὐδὲ
2811 2717 3103 2788 ἀνόμητος,
3134 2718 3256 2771 οὐδὲ
3278 2718 3338 2771 τὸ
3363 2719 3427 2771 ὲκ
3453 2718 3562 2771 τῶν
3595 2736 3726 2772 συν-

2153 2804 2414 2875 θημάτων
2451 2805 2730 2876 ἐνδόσιμον
2766 2808 3071 2877 ἀναμένων,
3113 2811 3234 2872 ταῖς
3266 2808 3539 2874 τοιαύταις
3582 2812 3724 2882 χρῆ-

2151 2914 2242 2951 ται
2291 2900 2522 2967 φωναῖς*
2564 2898 2700 2952 ἀλλά
2746 2899 2920 2972 δηλῶν
2950 2900 3048 2972 τὴν
3085 2903 3293 2955 οἰκείαν
3316 2901 3541 2973 γνώμην
3579 2906 3723 2974 ἠνωο

2157 2989 2332 3059 μένως
2382 2989 2476 3043 καὶ
2525 2990 2859 3055 ἀδιαστάτως
2891 2990 2985 3045 τοῦ
3029 2992 3240 3063 Πατρὸς
3272 2990 3727 3067 ὲχομένην.⁷Αρα

2154 3076 2246 3134 οὖν
2283 3082 2377 3133 καὶ
2422 3081 2520 3153 τὴν
2550 3082 2849 3156 λεγομένην
2894 3084 3114 3156 ἐντολὴν
3157 3085 3232 3156 μὴ
3283 3086 3439 3155 λόγον
3480 3103 3721 3158 προστα-

2153 3173 2339 3226 κτικὸν
2370 3172 2460 3226 διά
2490 3173 2597 3228 τῶν
2635 3176 2957 3247 φωνητικῶν
2992 3177 3238 3248 ὀργάνων
3268 3177 3728 3249 ὲξαγγελλόμενον

2151 3264 2499 3336 ἐκδεχώμεθα
2528 3267 2675 3337 (12),
2718 3268 2846 3339 περὶ
2891 3268 2999 3322 τῶν
3042 3269 3311 3341 ποιητέων
3344 3270 3418 3341 τῷ
3459 3270 3605 3341 Υίῷ,
3647 3271 3728 3335 ὡς

2153 3356 2401 3427 ὑπηκόῳ,
2422 3356 2815 3426 νομοθετοῦντα
2836 3376 2851 3389 ·
2887 3358 3023 3414 ἀλλά
3056 3360 3377 3432 θεοπρεπῶς
3401 3361 3608 3431 νοῶμεν
3635 3362 3728 3415 θε-

2152 3445 2395 3519 λήματος
2421 3447 2658 3502 διάδοσιν
2704 3444 2814 3503 οἷόν
2846 3466 2992 3514 τινος
3028 3452 3243 3522 μορφῆς
3262 3451 3497 3522 ἔμφασιν
3523 3454 3634 3520 (15)
3665 3455 3729 3506 ὲν

2153 3537 2466 3609 κατόπτρῳ.
2485 3540 2551 3591 ὲκ
2574 3539 2786 3610 Πατρὸς
2815 3540 2895 3603 εἰς
2918 3541 3042 3594 Υίὸν
3064 3542 3304 3613 ἀχρόνως
3325 3542 3724 3615 διῖκνουμένην.

2164 3631 2229 3682 '0
2276 3632 2383 3700 γὰρ
2414 3631 2617 3699 Πατὴρ
2659 3630 2862 3701 ἀγαπᾷ
2903 3632 3011 3685 τὸν
3049 3634 3205 3697 Υἱὸν,
3241 3636 3337 3688 καὶ
3380 3634 3574 3689 πάντα
3604 3625 3728 3690 δείέ

2153 3736 2374 3775 matr
2401 3721 2583 3787 αὐτῷ.
2614 3723 2775 3775 Ὥστε
2806 3723 2983 3777 πάντα
3023 3727 3124 3779 ὅσα
3162 3725 3273 3796 ἔχει
3299 3729 3328 3779 6
3371 3727 3591 3797 Πατὴρ,
3626 3729 3726 3781 τοῦ

2153 3814 2282 3867 Υἱοῦ
2342 3816 2523 3879 ἐστιν,
2571 3816 2630 3868 οὐ
2681 3814 2825 3869 κατὰ
2875 3816 3068 3885 μικρὸν
3124 3819 3556 3889 προσγινόμενα,
3606 3819 3726 3873 ἀλλ’

2151 3906 2360 3976 ἀθρόως
2407 3906 2668 3977 παρόντα.
2708 3908 2783 3960 Οὐ
2825 3909 2935 3977 γὰρ
2975 3908 3150 3979 δήπου
3191 3910 3249 3961 ὲν
3282 3911 3378 3980 μὲν
3416 3909 3729 3982 ἀνθρώποις

2151 3999 2180 4050 6
2207 3999 2306 4067 τὴν
2335 3996 2531 4067 τέχνην
2559 3997 2895 4068 ἐκδιδαχθεὶς
2929 4000 3019 4053 καὶ
3057 3999 3261 4068 παγίαν
3302 4001 3472 4072 αὐτῆς
3501 4002 3589 4055 διὰ
3620 4002 3727 4073 τῆς

2152 4086 2371 4156 χρονίας
2416 4085 2647 4156 μελέτης
2675 4086 2814 4157 ἔχων
2854 4087 2950 4158 τὴν
2982 4088 3095 4154 ἕξιν
3123 4090 3475 4162 ὲνιδρυμένην
3500 4090 3730 4146 δύναται

2152 4176 2336 4232 λοιπὸν
2388 4175 2531 4230 κατὰ
2586 4178 2715 4241 τοὺς
2772 4181 3227 4250 ὲναποκειμένους
3275 4182 3422 4253 αὐτῷ
3464 4184 3563 4254 τῆς
3598 4185 3721 4237 ὲπιι

2154 4268 2252 4338 στή
2262 4285 2368 4338 μης
2392 4267 2584 4335 λόγους
2625 4269 2748 4324 καθ’
2773 4272 2964 4325 ἑαυτὸν
2999 4274 3241 4343 ἐνεργεῖν
3261 4290 3275 4303 ο
3318 4276 3350 4345 ἡ
3373 4274 3429 4327 δὲ
3466 4274 3560 4328 τοῦ
3584 4274 3727 4329 Θεοῦ

2154 4358 2334 4426 σοφία,
2360 4360 2390 4411 ὀ
2420 4360 2754 4433 δημιουργὸς
2800 4364 2978 4435 πάσης
3011 4365 3121 4435 (14)
3153 4367 3404 4430 κτίσεως,
3442 4368 3471 4419 6
3507 4368 3593 4421 dei
3633 4369 3732 4421 τέ-

2152 4448 2311 4515 λειος,
2338 4453 2368 4504 6
2399 4451 2700 4518 ἀδιδάκτως
2727 4457 2909 4526 σοφὸς,
2945 4459 2978 4527 ἡ
3013 4456 3113 4511 τοῦ
3141 4458 3276 4512 Θεοῦ
3309 4459 3556 4530 δύναμις,
3592 4462 3655 4515 ὲν
3677 4454 3730 4529 ᾧ

479 4536 608 4589 tus,
660 4525 719 4579 in
769 4540 880 4595 quo
937 4535 1068 4581 sunt
1114 4542 1305 4583 omnes
1364 4529 1605 4585 thesauri
1661 4532 1944 4602 sapientiae
1995 4546 2048 4589 et

2154 4540 2353 4604 πάντες
2393 4543 2444 4595 oi
2492 4515 2757 4616 θησαυροὶ
2939 4515 3129 4617 σοφίας
3179 4550 3276 4602 καὶ
3319 4552 3420 4620 τῆς
3445 4515 3728 4619 ¹γνῶσεως

481 4617 725 4677 scientiae
758 4618 965 4672 occulti
985 4618 1052 4682 ⁷⁸,
1084 4626 1205 4689 eget
1243 4620 1464 4690 speciali
1493 4622 1600 4692 18
1626 4624 1900 4689 mandato,
1937 4642 2048 4696 quo

477 4708 529 4764 ei
551 4707 746 4763 modus
769 4722 835 4763 ac
864 4724 1125 4765 mensura
1146 4713 1522 4780 operationum
1551 4714 1907 4783 praeliniatur.
1932 4715 2048 4773 Sci-

477 4800 608 4856 licet
628 4808 687 4855 tu
712 4801 931 4871 quidem
960 4801 1127 4856 etiam
1157 4801 1541 4875 paedagogeum
1569 4807 1782 4876 aperias
1810 4807 1866 4862 in
1890 4811 2046 4864 vani-

478 4900 589 4948 tate
630 4892 1025 4964 eogitationum
1064 4901 1310 4964 tuarum,
1353 4907 1407 4952 et
1434 4897 1581 4952 hunc
1624 4899 1845 4955 cuidem
1880 4901 2047 4959 facies

2152 4632 2482 4703 ἀπόκρυφοι,
2515 4634 2617 4704 τῆς
2653 4636 2795 4690 κατὰ
2835 4639 2999 4708 μέρος
3037 4640 3357 4705 ἐπιστασίας
3389 4643 3728 4713 προσδεῖται,

2151 4724 2241 4778 τὸν
2270 4725 2468 4797 τρόπον
2494 4727 2647 4798 αὐτῷ
2682 4728 2777 4781 καὶ
2818 4731 2879 4781 τὸ
2911 4730 3105 4801 μέτρον
3142 4731 3252 4784 τῶν
3285 4734 3575 4803 ἐνεργειῶν
3609 4738 3730 4806 ὁρι-

2153 4814 2371 4885 ζούσης.
2400 4812 2589 4871 Ἦπου
2618 4818 2682 4871 σύ
2716 4835 2801 4886 γει
2826 4820 2921 4872 καὶ
2976 4820 3373 4891 παιδαγωγείον
3404 4822 3634 4888 ἀνοίξεις
3664 4829 3729 4880 ἐν

2153 4908 2218 4976 τῇ
2259 4908 2582 4980 ματαιότητί
2623 4926 2718 4963 σου
2742 4909 2852 4964 τῶν
2885 4910 3182 4981 λογισμῶν,
3217 4914 3312 4966 καὶ
3338 4913 3428 4966 τὸν
3462 4914 3560 4985 μὲν
3588 4932 3725 4988 προς

550 5065 958 5155 '.'-'_'9a‘l°-¥".'i
982 5067 1107 5155 ὀι.
1145 5068 1395 5155 13.1.01":-
1428 5086 1469 5136 ιν
1505 5072 1619 5155 ἓὲο.
1671 5073 1921 5155 “103a.
1972 5083 2048 5155 ι›-α

2178 5081 2467 5155 ῖτϐοιοεε.
2521 5099 2560 5151 ι,
2630 5085 2718 5139 16.
2791 5087 2839 5118 ’³
2860 5085 3012 5142 Juan.
3086 5104 3185 5155 xu,
3217 5091 3306 5146 49,
3384 5092 3431 5124 "
3460 5092 3591 5147 ibid.
3630 5094 3725 5149 50.

479 5136 526 5170 "
554 5137 717 5193 Joan.
750 5153 865 5206 xlv,
893 5138 984 5192 ει.
1060 5139 1108 5171 ⁷⁸
1153 5139 1284 5195 ibid.
1316 5142 1404 5195 51.

1518 5144 1563 5175 ⁷⁷
1590 5142 1747 5199 Joan.
1778 5161 1832 5208 v,
1860 5146 1948 5201 20.
1999 5142 2074 5179 "‘
2098 5149 2315 5208 Coloss.
2351 5170 2412 5216 η,
2443 5155 2477 5208 3

548 5277 650 5373 ia)“
669 5278 2046 5373 ἑῇξίξζομδξξκξῇςςίῇιξεᾳϐορὶςεξῌηξξεκ-Αξῃειίιιξ
2150 5291 2297 5373 ditur
2324 5295 2657 5373 conjunctio
2685 5296 2777 5373 καί
2829 5313 2951 5366 qua:
2985 5298 3147 5373 abest
3178 5313 3210 5353 a
3254 5315 3387 5357 mss.
3423 5300 3724 5373 Aliquanto

478 5348 653 5435 multo
686 5363 849 5418 quam
875 5349 931 5404 in
949 5348 1186 5407 editione
1205 5348 1379 5407 Paris.
1407 5361 1463 5408 et
1490 5353 1728 5408 secunda
1746 5353 2044 5414 Basileensi

479 5434 546 5470 αυ
550 5434 641 5470 του
647 5457 663 5472 ο

550 5486 663 5557 (l0)
712 5488 887 5560 Ἀλλὰ
932 5490 1042 5558 γὰρ
1086 5489 1342 5560 πλήρης.
1371 5490 1630 5557 Quamvis
1667 5492 1886 5551 codices
1910 5511 2044 5552 mss.

480 5554 713 5632 habeant
732 5557 866 5613 ἀλλὰ
894 5554 1105 5632 πλήρης
1128 5554 1627 5632 γάρ,’ί)ι’ω’1εῐεηόο
1661 5571 1843 5619 tamen
1888 5567 2044 5622 vide-

481 5633 571 5698 tur
584 5628 804 5698 vulgata
837 5628 1129 5698 scriptura.

550 5695 662 5767 (11)
691 5695 918 5766 Καθὼς.

1010 5702 1091 5756 ale
1131 5702 1188 5757 in
1215 5699 1378 5759 editis
1409 5710 1534 5759 ante
1558 5702 1701 5761 hanc
1733 5719 1921 5762 vocem
1945 5705 2043 5760 ad-

2150 5364 2659 5439 pnst‘duofodices
2686 5364 2946 5439 κέχρηται
2976 5371 3200 5439 φωναῖς,

2220 5432 2332 5511 (12)
2354 5504 2367 5516 .
2405 5432 2823 5516 ’ξκδξχώμεθξο
2842 5432 2855 5439 ⁷
2882 5432 3034 5516 Un_t_i_s
3053 5507 3067 5516 _
3090 5437 3261 5516 codex
3317 5440 3720 5516 ἐπιὰχώμεθα.

2148 5501 2325 5581 Alli-lg;
2350 5501 2890 5581 €3t_t65)(6j.i56d._buo
2922 5508 3014 5581 alii
3051 5507 3401 5581 ἐκδεχρμεθα.

2221 5574 2332 5642 (15)
2374 5574 2690 5644 "enemy.
2727 5575 2862 5632 Tres
2898 5577 3114 5633 codices
3144 5574 3366 5635 ἔνδοσιν.

2221 5644 2332 5715 (14)
2372 5645 2601 5714 Πάσης.
2637 5645 2773 5704 Tres
2800 5663 2933 5705 mss.
2956 5648 3194 5720 ἀπάσης.
