3900 6212
376 209 476 271 εοπ

919 321 1024 392 19
1057 317 1286 376 CAPUT
1329 320 1418 376 ix.

376 397 627 486 Proprié
656 429 719 468 ac
762 412 1028 486 distincta:
1069 415 1134 468 de
1162 413 1367 482 Spiritu
1410 415 1673 481 notiones,
1700 415 1957 471 doctrina

766 483 1167 554 Scripturarum
1207 495 1566 556 congruentes.

443 595 536 652 ΞΩ.
576 592 696 651 Jam
733 611 863 650 vero
908 597 1076 652 etiam
1127 597 1195 652 de
1237 595 1442 667 Spiritu
1481 613 1802 654 communes
1855 615 1958 654 no-

377 697 506 742 stra:
555 687 812 742 notiones
851 687 1163 756 cujusmodi
1224 689 1336 743 sint
1389 689 1786 760 expendamus,
1843 698 1958 746 tum

375 795 470 835 cas
502 793 623 850 qua:
668 779 830 834 nobis
875 778 943 834 de
985 779 1081 834 illo
1115 778 1475 852 eScripturis
1524 782 1765 838 collecta:
1810 794 1957 847 sunt,

378 877 492 925 tum
519 883 613 924 eas
642 883 780 938 quas
823 867 1050 923 Patrum
1082 869 1380 924 traditione
1409 887 1521 925 non
1566 872 1773 943 scripta
1805 888 1961 930 acce-

376 961 578 1031 pimus.
611 957 862 1013 Primum
896 959 1088 1031 igitur,
1111 961 1257 1031 quis,
1285 960 1487 1018 auditis
1515 960 1752 1033 Spiritus
1776 967 1961 1036 appel-

377 1053 700 1117 lationibus,
745 1053 930 1107 animo
971 1068 1085 1107 non
1139 1055 1392 1125 erigitur,
1439 1064 1493 1110 et
1526 1056 1594 1110 ad
1646 1071 1960 1128 supremam

377 1154 632 1198 naturam
681 1143 1074 1213 cogitationem
1126 1159 1238 1199 non
1274 1145 1519 1200 attollit?
1548 1145 1685 1202 Nam
1721 1147 1960 1219 Spiritus

378 1235 472 1292 Dei
507 1235 687 1290 dictus
721 1242 824 1300 est,
872 1243 927 1289 et
979 1234 1223 1305 Spiritus
1255 1237 1523 1304 veritatis,
1559 1239 1654 1309 qui
1686 1255 1756 1295 ex
1796 1239 1960 1297 Patre

377 1325 624 1398 procedit
642 1326 688 1359 ”
715 1344 728 1380 :
759 1326 998 1396 Spiritus
1029 1334 1235 1393 rectus,
1280 1327 1521 1398 Spiritus
1547 1330 1871 1402 principalis
1888 1333 1955 1386 ⁸³.

378 1419 618 1492 Spiritus
670 1428 896 1475 sanctus
921 1459 937 1486 ,
976 1420 1200 1491 propria
1250 1429 1336 1476 est
1387 1421 1534 1478 illius
1569 1437 1633 1478 ac
1665 1425 1960 1494 peculiaris

376 1514 666 1584 appellatio
713 1531 727 1567 :
779 1511 926 1583 quod
975 1528 1109 1570 sane
1161 1528 1361 1570 nomen
1411 1515 1660 1570 omnium
1720 1517 1961 1573 maxime

379 1623 492 1661 rem
525 1606 905 1676 incorpoream
946 1613 1000 1660 et
1035 1607 1101 1660 ab
1129 1606 1278 1660 omni
1305 1607 1534 1662 materia
1565 1622 1759 1678 puram
1789 1616 1843 1664 et
1869 1609 1957 1662 in-

1671 216 1728 272 S.
1770 214 2013 274 BASILII
2055 218 2102 271 Μ
2117 215 2268 271 \GNI

3533 211 3647 264 Ιυὸ

2616 323 3010 377 ΚΕΦΑΛΑΙΟΝ
3041 323 3116 376 ϐ’.

2073 414 2461 485 Ἀροριστικαὶ
2486 417 2713 469 ἔννοιαι
2741 415 2872 482 περὶ
2903 414 3007 467 τοῦ
3033 417 3394 485 Πνεύματος,
3421 415 3494 484 τῇ
3519 411 3645 470 τῶν

2198 485 2456 554 Γραρῶν
2487 485 2934 540 ἁκολουθοῦσαι
2968 485 3329 554 διδασκαλίᾳ
3358 487 3490 556 (21).

2127 601 2219 657 22.
2265 603 2401 673 Ἤδη
2447 601 2502 654 δὲ
2531 601 2624 654 καὶ
2666 601 2912 672 περὶτοῦ
2951 600 3266 671 Πνεύματος
3312 601 3411 664 τὰς
3455 601 3645 663 κοινὰς

2059 693 2217 764 ἡμῶν
2249 693 2457 756 ἐννοίας
2486 693 2666 747 ὁποῖαί
2698 692 2843 755 τινες
2887 695 3022 745 εἰσιν
3052 693 3418 763 ἐξετάσωμεν,
3449 691 3546 754 τάς
3581 707 3644 742 τε

2060 788 2124 839 ἐκ
2154 785 2261 838 τῶν
2301 785 2532 857 Γραφῶν
2573 785 2701 855 περὶ
2738 783 2902 838 αὐτοῦ
2949 783 3309 854 συναχθείσας
3351 786 3504 855 ἡμῖν,
3545 783 3646 836 καὶ

2058 877 2124 941 ἃς
2150 879 2213 930 ἐκ
2246 876 2347 946 τῆς
2377 876 2628 946 ἀγράφου
2662 874 3014 945 παραδόσεως
3041 873 3150 926 τῶν
3185 873 3444 944 Πατὲρων
3473 871 3645 925 διεδε-

2061 968 2291 1040 ξάμεθα.
2326 969 2550 1040 Πρῶτον
2584 968 2682 1037 μὲν
2733 962 2857 1032 οῦν,
2903 966 3016 1029 τίς,
3051 965 3291 1029 ἀκούσας
3319 965 3428 1018 τῶν
3471 980 3647 1034 προσ-

2058 1060 2300 1132 ηγοριῶν
2327 1059 2423 1113 τοῦ
2469 1058 2822 1131 Πνεῦματος,
2859 1059 2919 1110 οὐ
2963 1059 3298 1112 διανίσταται
3347 1060 3415 1128 τῇ
3454 1056 3644 1127 ψυχῇ,

2059 1154 2155 1206 καὶ
2181 1152 2317 1224 πρὸς
2350 1151 2448 1224 τὴν
2469 1151 2730 1204 ἀνωτάτω
2758 1149 2919 1220 φύσιν
2956 1151 3055 1220 τὴν
3089 1149 3298 1203 ἔννοιαν
3318 1148 3642 1221 ὑπεραίρεις

2061 1241 2282 1312 Πνεῦμα
2303 1241 2412 1311 γὰρ
2437 1239 2573 1292 Θεοῦ
2599 1240 2839 1311 εἴρηται,
2872 1239 2965 1293 καὶ
2988 1238 3212 1309 Πνεῦμα
3240 1239 3338 1309 τῆς
3361 1237 3644 1308 ἀληθείας,

2059 1331 2088 1387 ὃ
2136 1334 2288 1406 παρά
2337 1332 2433 1386 τοῦ
2483 1331 2696 1402 [ἰατρὸς
2745 1330 3139 1402 ἐκπορεύεται·
3177 1329 3403 1400 Πνεῦμα
3451 1330 3645 1393 εὑθές,

2062 1426 2286 1498 Πνεῦμα
2330 1425 2658 1498 ἡγεμονικόν
2711 1424 2846 1495 (22).
2896 1423 3121 1496 Πνεῦμα
3181 1424 3334 1493 ἅγιον
3391 1426 3424 1495 ἡ
3477 1422 3644 1496 κυρία

2061 1519 2225 1574 αὑτοῦ
2260 1518 2355 1572 καὶ
2387 1518 2663 1582 ίδιάςουσα
2690 1518 2908 1587 κλῆσις·
2945 1519 3082 1589 ὅπερ
3122 1520 3186 1587 δὴ
3238 1517 3473 1588 μάλιστα
3507 1533 3648 1570 παν-

2062 1612 2152 1674 τὸς
2179 1610 2289 1681 (2⁸5)
2320 1607 2414 1661 τοῦ
2456 1606 2753 1678 ἀσωμάτου
2774 1647 2790 1671 ,
2829 1610 2923 1661 καὶ
2970 1607 3223 1678 καθαρῶς
3252 1606 3418 1660 ἀΰλου
3453 1623 3512 1660 τε
3548 1607 3646 1660 καὶ

379 1698 738 1768 compositam
776 1697 1038 1752 declarat.
1076 1695 1422 1768 Quapropter
1449 1706 1504 1753 et
1535 1699 1802 1754 Dominus
1833 1714 1957 1753 cum

2072 1700 2304 1773 Ξιμεροῦς
2328 1699 2502 1770 ὄνομά
2527 1701 2683 1773 ἐστι..
2705 1698 2796 1752 Διὺ
2829 1700 2922 1752 καὶ
2958 1701 2986 1753 ὁ
3017 1699 3240 1770 Κύριος,
3266 1699 3366 1768 τὴν
3406 1700 3463 1752 ἐν
3495 1698 3646 1770 τόπῳ

378 1804 520 1855 eam,
554 1805 676 1860 quae
718 1788 888 1844 Deum
933 1790 988 1844 in
1025 1790 1146 1844 loco
1171 1789 1390 1846 adorari
1423 1791 1792 1856 existimabat,
1828 1794 1961 1848 edo-

379 1890 560 1947 ceret,
602 1898 717 1938 rem
751 1883 1131 1953 incorpoream
1180 1881 1573 1954 comprehendi
1609 1897 1720 1936 non
1773 1896 1957 1952 posse,

379 1972 632 2040 Spiritus,
655 1973 854 2042 inquit,
876 1981 954 2026 est
977 1971 1116 2027 Deus
1139 1973 1206 2027 9°.
1229 1971 1463 2028 Proinde
1488 1971 1605 2027 ﬁeri
1628 1988 1735 2028 non
1757 1979 1957 2043 potest,

382 2072 442 2120 ut
480 2064 575 2135 qui
623 2065 778 2119 audit
823 2064 1111 2134 Spiritum,
1156 2073 1408 2119 naturam
1442 2065 1562 2119 loco
1610 2063 1962 2121 circumscri-

382 2165 552 2226 ptam,
581 2165 676 2212 aut
699 2157 1102 2212 mutationibus
1125 2168 1179 2212 et
1201 2157 1622 2213 alterationibus
1644 2155 1960 2225 obnoxiam,

380 2255 476 2302 aut
514 2249 740 2304 omnino
785 2257 1051 2305 creatura:
1089 2249 1323 2305 similem
1375 2250 1481 2306 sibi
1514 2250 1698 2305 animo
1743 2249 1958 2321 ﬁngat:

381 2341 479 2396 sed
521 2340 592 2394 ad
638 2341 693 2396 id
724 2341 870 2412 quod
922 2358 1197 2398 summum
1245 2350 1332 2398 est
1378 2343 1708 2414 cogitatione
1739 2358 1964 2415 progre-

381 2433 560 2497 diens,
579 2433 972 2504 intelligentem
993 2434 1358 2490 substantiam
1382 2434 1585 2506 cogitet
1607 2449 1836 2491 necesse
1854 2443 1959 2504 est,

381 2524 585 2579 virtute
628 2523 935 2590 inﬁnitam,
978 2525 1356 2596 magnitudine
1393 2525 1962 2598 incircumscriptam,

382 2630 483 2670 nec
517 2621 824 2685 temporum
870 2629 972 2670 nec
1009 2615 1333 2670 saeculorum
1377 2616 1776 2672 dimensionem
1823 2619 1968 2674 rcci-

385 2707 645 2776 pientem,
682 2721 746 2759 ea
793 2721 914 2777 quae
955 2706 1120 2761 habet
1151 2706 1295 2762 bona
1342 2706 1492 2780 large
1535 2709 1962 2781 impartientem.

383 2799 468 2854 Ad
493 2813 657 2870 quem
685 2800 866 2853 omnia
896 2807 1296 2855 convertuntur
1325 2816 1447 2870 quae
1469 2809 1628 2873 egent
1655 2801 1969 2858 sanctiﬁca-

385 2895 537 2948 tione
563 2909 576 2945 :
606 2907 769 2962 quem
800 2892 985 2946 omnia
1021 2900 1283 2964 appetunt
1298 2892 1458 2963 juxta
1489 2893 1747 2951 virtutem
1773 2894 1966 2951 viven-

2062 1770 2488 1862 προσκυνεῖσθαι
2512 1789 2603 1842 τὸν
2627 1770 2759 1841 Θεὸν
2786 1789 3095 1859 ἡγουμένην
3113 1788 3225 1859 (24)
3249 1788 3534 1853 διδάσκων,
3562 1790 3647 1842 ὅτι

2062 1882 2438 1954 ἀπερίληπτον
2469 1879 2530 1932 τὸ
2567 1877 2879 1949 ἀσώματον,
2910 1879 3173 1948 Πνεῦμα,
3203 1879 3387 1950 φησιν,
3415 1883 3448 1933 ό
3479 1881 3644 1946 Θεός.

2063 1975 2138 2027 Ob
2167 1973 2346 2027 τοίνυν
2375 1971 2624 2039 δυνατὸν,
2651 1970 2878 2042 Πνεῦμα
2905 1970 3236 2034 ἀκούσαντα,
3269 1987 3650 2042 περιγεγραμ-

2068 2065 2236 2138 μένην
2271 2064 2433 2135 φύσιν
2481 2063 2793 2117 ἐντυπῶσαι
2837 2066 2903 2134 τῇ
2940 2063 3168 2134 διανοίᾳ,
3202 2063 3234 2134 ἢ
3283 2067 3513 2134 τροπαῖς
3555 2063 3648 2117 καὶ

2063 2156 2413 2214 ἀλλοιώσεσιν
2448 2155 2842 2227 ὑποκειμένην,
2877 2155 2910 2226 ἦ
2943 2155 3080 2218 ὅλως
3109 2155 3303 2225 ὁμοίαν
3323 2157 3390 2226 τῇ
3433 2155 3645 2208 κτίσει·

2064 2247 2200 2304 ἀλλὰ
2223 2247 2360 2320 πρὸς
2381 2247 2441 2300 τὸ
2463 2246 2724 2302 ἀνωτάτω
2742 2247 2863 2309 ταῖς
2887 2245 3116 2308 ἐννοίαις
3139 2244 3437 2316 χωροῦντα,
3455 2245 3648 2316 νοεράν

2064 2341 2251 2396 οὐσίαν
2283 2338 2592 2407 ἐπάναγκες
2643 2339 2877 2403 ἐννοεῖν,
2920 2336 3147 2409 ἄπειρον
3182 2335 3326 2389 κατὰ
3379 2335 3646 2406 δύναμιν,

2070 2430 2291 2504 μεγέθει
2323 2430 2726 2501 ἁπεριόριστον,
2773 2428 2989 2499 χρόνοις
3018 2428 3051 2498 ἢ
3091 2427 3282 2480 αἰῶσιν
3318 2427 3646 2498 ἀμέτρητον,

2065 2525 2298 2597 ἄφθονον
2331 2518 2406 2579 ὧν
2436 2523 2547 2595 ἔχει
2588 2522 2792 2577 καλῶν.
2839 2521 2982 2594 Πρὸς
3006 2521 3033 2574 ὃ
3069 2521 3244 2575 πάντα
3277 2520 3649 2591 ἐπέστραπται

2066 2619 2136 2672 τὰ
2167 2615 2443 2688 ἀγιασμοῦ
2467 2615 2870 2688 προσδεόμενα·
2898 2609 2958 2668 οὗ
2989 2615 3166 2668 πάντα
3190 2614 3400 2685 ἐφίεται
3430 2615 3499 2667 τὰ
3527 2613 3648 2667 κατ’

2068 2709 2271 2782 ἀρετὴν
2323 2707 2538 2774 ζῶντα,
2576 2701 2687 2760 οἷον
2743 2705 3090 2777 ἐπαρδόμενα
3135 2709 3202 2777 τῇ
3255 2705 3512 2776 ἐπιπνοίᾳ
3557 2706 3650 2758 καὶ⁵

2071 2800 2415 2872 βοηθούμενα
2449 2800 2588 2872 πρὸς
2615 2798 2677 2852 τὸ
2713 2800 2913 2851 οἰκεῖον
2951 2799 3166 2860 ἑαυτοῖς
3193 2797 3288 2850 καὶ
3317 2796 3460 2850 κατά
3489 2795 3650 2866 φύσιν

2071 2873 2244 2956 τέλος-ἶ
2278 2873 2633 2945 Τελειωτικὸν
2687 2889 2797 2942 τῶν
2849 2889 3056 2954 ἄλλων,
3104 2888 3239 2942 αὐτὸ
3305 2886 3365 2940 δὲ
3414 2886 3648 2956 οὐδαμοῦ

385 2982 483 3047 tia,
517 2980 678 3051 cujus
706 2979 886 3036 alllatu
909 2981 1057 3037 velut
1089 2982 1394 3055 irrigantur
1422 2992 1476 3039 et
1521 2983 1874 3055 adjuvantur,
1908 2992 1964 3041 ut

2072 2984 2349 3038 ἐλλεῖπον·
2391 2983 2492 3037 οὐκ
2542 2979 2948 3044 ἐπισκευαστῶς
2977 2980 3090 3050 (25)
3135 2979 3276 3045 ζῶν,
3326 2978 3477 3032 ἀλλᾶ
3507 2977 3653 3047 ζωῆς

391 3076 718 3145 perveniant
742 3073 810 3129 ad
838 3076 1120 3145 proprium
1145 3092 1308 3133 suum
1332 3077 1749 3148 naturalemque
1779 3079 1964 3136 tinem.

385 3162 491 3230 Qui
517 3162 731 3234 perﬁcit
763 3172 986 3232 caetera,
1018 3165 1134 3236 ipse
1167 3182 1300 3223 vero
1330 3167 1388 3222 in
1435 3169 1590 3223 nullo
1624 3167 1805 3225 deﬁcit
1834 3170 1966 3242 :qui

389 3271 500 3311 non
526 3257 661 3312 vivit
683 3273 781 3327 per
805 3257 1286 3326 instaurationem,
1309 3260 1408 3316 sed
1429 3260 1598 3316 vitam
1623 3263 1966 3334 suppeditat;

389 3365 492 3404 nec
524 3351 938 3407 accessionibus
969 3355 1234 3424 augescit,
1273 3354 1368 3411 sed
1405 3354 1592 3412 statim
1620 3357 1818 3427 plenus
1846 3364 1965 3412 est:

391 3441 485 3510 qui
532 3441 588 3495 in
642 3441 825 3511 seipso
879 3442 1153 3511 ﬁrmatur,
1196 3455 1250 3500 et
1297 3461 1570 3517 nusquam
1623 3460 1738 3501 non
1789 3444 1964 3502 adest.

390 3530 557 3602 Origo
595 3530 1085 3600 sanctiﬁcationis,
1127 3535 1220 3589 lux
1265 3534 1668 3608 intclligibilis:
1697 3536 1969 3593 universae

390 3621 646 3690 potentiae
688 3622 946 3678 rationali
987 3625 1056 3681 ad
1085 3626 1336 3683 veritatis
1370 3626 1845 3699 investigationem
1871 3644 1967 3684 ve-

392 3712 475 3766 lut
504 3713 928 3771 illustrationem
961 3717 1254 3787 quamdam
1285 3735 1352 3775 ex
1384 3733 1508 3776 sese
1543 3719 1816 3791 praebens.
1855 3719 1969 3775 Na-

390 3812 517 3862 tura
542 3807 885 3873 inaccessus,
921 3810 1016 3865 sed
1051 3812 1145 3881 qui
1192 3811 1314 3880 capi
1346 3810 1523 3883 possit
1555 3810 1628 3867 ob
1664 3811 1972 3882 benignita-

391 3906 539 3966 tem;
571 3901 758 3955 omnia
798 3901 1022 3971 quidem
1063 3904 1299 3973 implens
1331 3904 1555 3967 virtute.
1595 3903 1694 3960 sed
1735 3903 1870 3959 solis
1902 3902 1972 3960 iis

393 3993 489 4062 qui
533 3992 684 4064 digni
732 4002 862 4050 sunt
906 3996 1414 4060 communicabilis,
1447 3997 1651 4066 quibus
1698 4009 1820 4050 sese
1863 4010 1976 4050 non

394 4083 590 4139 eadem
633 4085 878 4156 impertit
908 4103 1193 4151 mensura,
1240 4087 1335 4142 sed
1378 4087 1533 4157 juxta
1563 4087 1974 4159 proportionem

2073 3075 2341 3149 χορηγόν·
2375 3075 2436 3128 οὐ
2473 3071 2813 3144 προσθήκαις
2846 3069 3234 3142 αὐξανόμενον,
3282 3067 3417 3122 ἀλλὰ
3451 3067 3651 3139 πλῆρες

2075 3167 2238 3232 εὐθὺς
2264 3165 2400 3238 (26),
2435 3166 2493 3220 ἐν
2541 3164 2719 3236 ἐαυτῷ
2768 3163 3078 3236 ἱδρυμένον,
3133 3162 3229 3215 καὶ
3262 3157 3534 3230 πανταχοῦ
3573 3158 3649 3211 δν.

2086 3259 2386 3333 Ἀγιασμοῦ
2430 3259 2664 3330 γένεσις,
2703 3257 2819 3328 φῶς
2867 3257 3079 3328 νοητὸν,
3112 3257 3262 3329 πάσῃ
3301 3255 3528 3326 δυνάμει
3569 3252 3655 3306 λο-

2075 3355 2206 3426 γικῇ
2242 3352 2379 3424 πρὸς
2408 3351 2506 3423 τὴν
2535 3351 2634 3422 τῆς
2659 3350 2918 3422 ἀληθείας
2957 3350 3172 3424 εῦρεσιν
3201 3345 3312 3404 οἷόν
3332 3368 3453 3404 τινα
3485 3367 3656 3404 κατα-

2073 3445 2301 3516 φάνειαν
2339 3444 2406 3497 δι’
2436 3442 2630 3496 ἐαυτοῦ
2675 3444 3072 3515 παρεχόμενον.
3109 3443 3428 3514 Ἀπρόσιτον
3463 3445 3528 3512 τῇ
3559 3441 3656 3512 φύ-

2075 3553 2192 3591 σει·
2223 3535 2472 3610 χωρητὺν
2501 3533 2568 3588 δι’
2608 3534 2952 3606 ἀγαθότητα·
2983 3535 3162 3589 πάντα
3199 3536 3295 3606 μὲν
3326 3533 3565 3606 πληροῦν
3586 3536 3653 3605 τῇ

2074 3627 2326 3700 δυνάμει,
2359 3625 2545 3698 μόνοις
2577 3625 2635 3679 δὲ
2675 3624 2735 3678 ὃν
2769 3625 3030 3698 μεθεκτὸν
3062 3629 3175 3689 τοῖς
3211 3624 3407 3692 ἀξίοις,
3439 3626 3538 3696 οὐχ
3575 3626 3658 3679 ἐνὶ

2076 3718 2266 3791 μέτρῳ
2289 3717 2669 3789 μετεχόμενον,
2688 3715 2824 3770 ἀλλὰ
2855 3717 2974 3770 κατ’
2996 3715 3285 3784 ἀναλογίαν
3304 3717 3402 3788 τῆς
3424 3717 3657 3780 πίστεως

2076 3808 2319 3883 διαιροῦν
2351 3809 2450 3881 τὴν
2488 3809 2791 3881 ἐνέργειαν.
2836 3808 3066 3862 Ἀπλοῦν
3103 3812 3169 3880 τῇ
3201 3809 3377 3879 οὐσίᾳ,
3417 3807 3658 3861 ποικίλον

2077 3904 2199 3965 ταῖς
2226 3901 2552 3972 δυνάμεσιν·
2585 3899 2704 3954 ὅλον
2743 3900 2960 3970 ἑκάστῳ
2991 3899 3183 3972 παρὸν,
3214 3900 3309 3952 καὶ
3341 3899 3460 3953 ὅλον
3493 3901 3662 3952 ἁπαν-

2077 3993 2244 4064 ταχοῦ
2276 3992 2356 4048 δν.
2390 3991 2642 4057 amen;
2672 3991 3048 4064 μεριζόμενον,
3087 3993 3183 4045 καὶ
3225 3990 3532 4062 ὁλοσχερῶς
3569 4007 3659 4060 με-

2078 4085 2370 4158 τεχόμενον
2397 4085 2510 4158 (27)
2532 4104 2544 4116 ·
2578 4084 2720 4139 κατά
2756 4086 2855 4156 τὴν
2883 4085 3065 4138 εἰκόνα
3103 4086 3201 4157 τῆς
3234 4085 3472 4158 ἡλιακῆς
3507 4085 3657 4136 ἀκτῖ-

463 4237 511 4271 ⁸⁸
541 4235 698 4293 Joan.
728 4254 820 4303 xv,
859 4237 948 4293 26.
1025 4239 1071 4271 θ’
1106 4237 1252 4294 Psal.
1282 4253 1336 4306 ι,
1370 4237 1460 4307 12,
1513 4239 1600 4294 15.
1673 4238 1720 4273 ’θ
1747 4236 1908 4294 Joan.
1941 4254 2018 4306 tv,
2053 4237 2144 4293 24.

465 4390 579 4464 (2|)
609 4391 995 4464 ᾼιδασκαλίᾳ.
1025 4393 1249 4447 Addunt
1285 4391 1441 4457 editi,
1477 4393 1572 4446 καὶ
1603 4392 1684 4446 ὃτι
1707 4392 1964 4464 δεσπότης

2085 4402 2170 4448 rat
2197 4391 2959 4464 interpretationemErasmi
3001 4392 3385 4460 Combcﬁsius,
3437 4409 3501 4449 ac
3538 4412 3662 4450 ver-

393 4462 744 4533 τδΠνεῦμα,
793 4464 887 4518 sed
934 4463 1053 4533 lucc
1103 4465 1306 4518 absunt
1345 4475 1374 4516 a
1410 4464 1654 4533 quinque
1685 4462 1972 4519 codicibus

399 4548 533 4607 mss.
571 4532 770 4588 Statim
815 4532 947 4607 editi
993 4535 1123 4607 περὶ
1163 4533 1318 4603 ἁγίου
1355 4532 1695 4604 Πνεῦματος.
1728 4533 1836 4589 Sed
1866 4549 1972 4588 vox

398 4604 554 4672 ἁγίου
577 4619 688 4659 non
716 4606 986 4672 reperitur
1014 4604 1078 4658 in
1101 4619 1236 4659 mss.

470 4675 582 4741 (22)
613 4673 854 4743 Πνεῦμα
880 4674 1257 4744 ἡγεμονικόν.
1292 4673 1384 4728 Sic
1409 4681 1668 4744 repetunt
1705 4673 1851 4728 hanc
1875 4688 1973 4729 vo-

395 4757 517 4800 cem
552 4745 675 4798 libri
710 4755 942 4799 veteres.

469 4814 584 4881 (25)
615 4814 865 4879 Παντός.
909 4814 1001 4870 Sic
1032 4814 1251 4870 codices
1290 4828 1424 4867 mss.
1473 4820 1532 4884 et
1578 4813 1746 4869 editio
1789 4813 1970 4884 prima

397 4882 564 4955 Basil.
587 4887 646 4939 ln
665 4884 796 4955 aliis
826 4884 1162 4955 editionibus
1190 4887 1386 4955 legitur
1413 4883 1651 4955 πάντων.

470 4953 583 5026 (24)
609 4954 1002 5024 ἨΤο-υμένην.
1041 4955 1179 5011 Male
1208 4953 1264 5008 in
1307 4955 1471 5026 editis
1509 4953 1762 5026 additum?
1791 4953 1970 5008 fuerat

397 5024 596 5096 ψυχήν,
631 5038 883 5095 (ιιιιιιονοι
927 5041 1030 5081 nec
1072 5027 1128 5080 in
1161 5039 1295 5079 mss.
1331 5025 1617 5096 codicibus
1665 5025 1970 5096 legitur,_et

399 5094 685 5150 sententia:
736 5096 968 5166 nitorem
1023 5096 1327 5166 perturbat.
1376 5095 1586 5166 Similis
1631 5096 1785 5149 locus
1825 5094 1970 5166 inira

398 5168 645 5220 occurrit
677 5165 744 5219 de
792 5165 981 5220 eadem
1023 5163 1258 5220 inuliere
1305 5165 1654 5219 Samaritana
1701 5179 1824 5235 cap.
1875 5163 1970 5230 26,

401 5251 456 5295 n.
484 5237 676 5308 (4,7ubi
705 5237 910 5304 pariter
946 5237 1284 5308 non_|egitur
1311 5236 1510 5308 ψυχήν.

472 5306 587 5376 (25)
633 5304 1160 5374 Ἐπισκευαστῶς.’
1187 5304 1281 5362 Sic
1327 5304 1523 5362 onmes
1569 5305 1788 5362 codices
1837 5320 1971 5361 mss.

400 5373 545 5431 Editi
567 5373 1060 5440 έπισκευαστικῶς.

473 5445 584 5518 (26)
615 5444 848 5518 Πλῆρες
899 5449 1099 5518 εὐθύς.
1162 5445 1254 5502 Sic
1312 5463 1506 5505 omnes
1561 5448 1784 5505 codices
1830 5461 1966 5502 mss.

400 5515 627 5588 uatem
659 5517 825 5572 editis
859 5517 1084 5588 πλῆρες,
1118 5518 1294 5581 εὐθές.

473 5587 587 5660 (‘27)
627 5587 994 5657 Ὀλοσχερῶζ·
1009 5589 1430 5659 μετεχόμενον.
1457 5587 1732 5648 Immerito
1759 5588 1971 5660 vitupe-

2084 4465 2309 4537 tendutn
2333 4479 2455 4519 esse
2477 4463 2847 4537 pronuntiat”;
2868 4466 2959 4534 qui
2980 4466 3197 4533 integre,
3232 4467 3284 4537 in
3319 4475 3483 4518 totum
3502 4468 3662 4537 plane

2081 4534 2452 4604 participetur.
2483 4533 2646 4605 Nam
2684 4533 2944 4605 Basilius,
2994 4537 3088 4605 qui
3140 4536 3334 4604 probat
3384 4533 3660 4593 hoc'loco

2082 4602 2508 4677 immensitatem
2555 4602 3031 4677 Spiritussancti}
3081 4602 3210 4659 num
3253 4607 3436 4661 dicere
3481 4611 3659 4677 potuit

2081 4690 2268 4748 eumia
2305 4674 2466 4748 rebus
2502 4675 2707 4748 creatis
2753 4674 2901 4744 plene
2931 4685 2979 4728 et
3011 4677 3066 4729 in
3111 4685 3277 4729 totum
3317 4674 3562 4748 percipi?
3591 4680 3660 4731 At

2083 4743 2346 4814 Spiritum
2381 4743 2456 4798 ita
2487 4744 2653 4798 dividi
2688 4743 3185 4809 et'communirari,
3229 4755 3287 4800 ut
3317 4743 3550 4803 'totus'et
3575 4750 3661 4802 iii-

2082 4823 2244 4887 teger
2264 4821 2502 4879 maneat,
2536 4815 2812 4887 sententia
2839 4825 2924 4870 est
2954 4815 3157 4871 Basilio
3182 4817 3346 4887 digna
3373 4827 3428 4872 et
3451 4820 3660 4873 sanctis

2079 4881 2336 4957 Patribus
2389 4884 2918 4957 notissima-.Aillnum
2958 4901 3030 4957 ex
3079 4881 3338 4942 omnibus
3384 4889 3661 4957 proferam

2077 4955 2452 5022 Ambrosium,
2471 4959 2563 5024 qui
2589 4955 2852 5008 Basilium
2879 4955 3128 5010 imitatur
3149 4970 3202 5012 et
3225 4955 3500 5012 illustrat:
3531 4958 3660 5011 Non

2075 5025 2215 5078 enim
2249 5033 2422 5095 "totum
2459 5024 2665 5095 e/judit,
2709 5027 2885 5093 inquit
2911 5026 3005 5079 lib.
3051 5043 3066 5079 l
3109 5027 3183 5080 De
3217 5027 3418 5095 Spiritu
3452 5041 3658 5092 sancto,

2079 5110 2200 5164 cap.
2237 5094 2289 5160 8,
2318 5095 2408 5148 sed
2441 5094 2578 5165 Quod
2619 5095 2828 5163 effudit,
2866 5096 3106 5150 omnibus
3148 5094 3457 5153 abundavit.
3505 5101 3663 5164 Quod

2080 5165 2242 5234 igitur
2279 5165 2430 5219 nobis
2460 5166 2593 5219 satis
2622 5182 2733 5219 esse
2757 5165 3039 5234 judicavit,
3075 5168 3304 5235 effudit:
3338 5181 3386 5222 et
3414 5172 3551 5240 quod
3576 5172 3663 5238 ef-

2081 5239 2258 5304 fusum
2302 5244 2402 5300 est,
2449 5253 2554 5289 non
2597 5248 2902 5303 separatum
2949 5247 3025 5290 est
3072 5254 3163 5291 nec
3210 5239 3434 5293 incisum
3493 5260 3511 5294 :
3571 5241 3664 5294 sed

2082 5306 2340 5360 unitatem
2379 5305 2556 5369 habet,
2605 5323 2705 5375 quo
2756 5308 2922 5360 aciem
2967 5309 3136 5362 nostri
3181 5310 3357 5364 cordis
3399 5310 3665 5364 illuminet

2079 5390 2192 5449 pro
2227 5385 2423 5431 nostra:
2475 5379 2823 5449 possibilitate
2875 5378 3104 5432 virtutis.
3163 5379 3398 5449 Denique
3455 5391 3666 5435 tantum

2075 5447 2337 5520 capimus,
2392 5449 2650 5520 quantum
2700 5448 2965 5516 profectus
3015 5460 3213 5503 nostra:
3256 5447 3443 5505 mentis
3478 5454 3668 5520 acqui-

2076 5515 2605 5591 rit.__lnseparabil_is
2665 5529 2742 5572 est
2809 5521 2947 5572 enim
3009 5521 3280 5586 plenitudo
3324 5525 3512 5591 gratia:
3552 5515 3671 5590 spi-

2077 5587 2275 5655 ritalis,
2323 5587 2413 5644 sed
2448 5588 2597 5644 nobis
2640 5604 2736 5658 pro
2781 5597 2977 5645 nostra:
3018 5587 3378 5658 particivatur
3409 5587 3669 5653 facultate
