3900 6212
225 337 334 394 109

1362 335 1557 390 LIBER
1598 333 1685 388 DE
1724 333 1992 391 SPIRITU
2036 334 2324 392 SANCTO.

3375 342 3473 392 HO

221 475 344 522 νος,
369 475 441 530 ης
481 460 516 529 ἠ
563 459 738 530 χάρις,
776 459 856 530 τῷ
889 458 1210 513 ἀπολαύοντι
1244 457 1318 522 ὡς
1365 458 1510 529 μόνῳ
1537 454 1809 530 παροῦσα,

1926 457 2040 513 fidei
2085 458 2407 528 dispertitur
2443 457 2550 512 vim
2590 473 2767 514 suam.
2805 458 3046 530 Simpiex
3077 459 3338 523 essentia,
3378 473 3474 514 vae

223 549 328 602 καὶ
359 549 466 619 γῆν
499 550 800 620 ἐπιλάμπει
829 549 927 602 καὶ
951 548 1243 614 θάλασσαν,
1279 549 1468 619 καὶτῷ
1495 548 1616 619 ἀέρι
1652 547 1810 616 ἐγκέ-

223 655 456 710 κραται.
485 640 642 693 υῦτω
677 640 741 712 δὴ
773 641 867 693 καὶ
893 641 956 693 τὸ
983 640 1208 711 Πνεῦμα
1239 641 1452 711 ἑκάστῳ
1491 640 1598 693 τῶν
1634 639 1811 693 δεκτι-

219 735 363 795 κῶν,
399 734 476 796 ὡς
511 736 656 805 μόνῳ
700 735 896 806 παρὸν,
941 734 1141 806 διαρκῆ
1187 736 1300 797 τοῖς
1351 733 1486 786 πᾶσι
1512 732 1612 803 τὴν
1651 731 1808 802 χάριν

218 823 519 897 ὀλόκληρον
570 827 897 898 ἐπαφίησιν·
950 821 1011 880 οὗ
1057 824 1318 880 ἀπολαύει
1368 824 1437 878 τά
1477 824 1806 896 μετέχοντα,

220 917 352 969 ὅσον
387 917 526 970 αύτά
557 917 800 988 πέφυκεν
828 917 964 988 (28),
993 917 1092 988 οὐχ
1120 918 1244 971 ὅσον
1265 918 1442 969 ἐκεῖνο
1460 916 1702 969 δύναται.

1913 549 2032 603 rius
2069 550 2366 620 potentiis;
2401 551 2494 622 qui
2545 551 2778 622 singulis
2821 557 2972 609 totus
3015 551 3190 618 adest,
3243 559 3298 606 et
3324 557 3475 607 totus

1914 639 2117 709 ubique
2139 648 2245 696 est.
2272 640 2375 705 Qui
2407 642 2487 696 sic
2513 641 2776 695 dividitur
2798 649 2859 694 ut
2884 642 3002 711 ipse
3035 641 3170 695 nihil
3197 641 3475 710 patiatur;

1914 732 2075 802 cujus
2127 734 2208 788 sic
2254 747 2447 788 omnes
2481 733 2776 804 participes
2813 744 2964 797 sunt,
3018 743 3078 788 ut
3107 733 3223 804 ipse
3262 742 3474 787 maneat

1916 823 2148 894 integer,
2183 823 2322 878 radii
2365 825 2564 879 solaris
2598 825 2651 878 in
2683 840 2914 890 morem,
2943 825 3118 894 cujus
3151 823 3477 879 beneﬁcium

1917 913 2119 971 frucnti
2167 924 2427 986 tanquam
2472 917 2570 970 uni
2613 916 2788 980 adest,
2839 925 2896 970 et
2934 923 3117 972 tamen
3167 923 3370 969 terram
3413 928 3478 969 ac

223 1027 382 1067 mare
427 1014 688 1076 illustrat,
738 1015 1112 1082 misceturque
1145 1012 1278 1066 aeri.
1331 1011 1425 1066 Sic
1472 1018 1527 1067 et
1571 1009 1809 1080 Spiritus
1850 1019 2096 1074 sanctus,
2132 1011 2430 1080 unicuique
2467 1011 2749 1080 capacium
2778 1010 2888 1080 20
2919 1026 3044 1065 cum
3114 1010 3259 1066 adsit
3317 1009 3481 1079 quasi

224 1105 358 1167 soli,
392 1103 752 1158 suﬁicientem
780 1106 1039 1160 omnibus
1065 1106 1294 1177 gratiam
1353 1117 1418 1158 ac
1481 1102 1752 1171 integram
1791 1098 2031 1155 infundit
2071 1119 2085 1154 :
2152 1115 2262 1171 quo
2315 1099 2575 1155 fruuntur
2602 1115 2944 1170 quacunque
2990 1099 3058 1154 de
3108 1099 3204 1154 illo
3249 1100 3476 1170 partici-

225 1204 384 1266 pant,
413 1205 678 1266 quantum
707 1198 845 1266 ipsis
895 1198 976 1253 fas
1010 1206 1093 1253 est
1126 1206 1340 1264 natura,
1373 1210 1484 1248 non
1517 1200 1788 1264 quantum
1820 1192 1910 1248 ille
1938 1200 2138 1264 potest.

299 1287 392 1341 23.
433 1286 720 1351 Οἰκείωσις
751 1287 806 1341 δὲ
842 1289 1157 1359 Πνεύματος
1189 1288 1324 1361 πρὸς
1351 1287 1527 1361 ψυχὴν
1553 1285 1698 1358 οὐχὸ
1719 1285 1807 1338 διὰ

224 1381 397 1434 τόπου
444 1382 848 1453 προσεγγισμὸς
893 1383 1034 1452 (πῶς
1075 1385 1182 1455 γὰρ
1229 1385 1295 1437 ἂν
1357 1382 1686 1454 πλησιάσαις
1728 1379 1808 1452 τῷ

229 1471 511 1542 ἀσωμάτῳ
534 1473 860 1542 σωματικῶς
880 1475 944 1543 ;),
973 1475 1083 1528 ἀλλ’
1101 1474 1129 1525 ὁ
1157 1473 1436 1545 χωρισμδς
1462 1472 1570 1526 τῶν
1597 1471 1806 1535 παθῶν,

228 1561 398 1634 άπερ,
440 1563 548 1615 ἀπὸ
574 1564 673 1634 τῆς
705 1563 842 1635 πρὸς
876 1564 973 1636 τὴν
1007 1565 1184 1636 σάρκα
1223 1564 1404 1632 φιλίας
1435 1563 1659 1635 ὕστερον
1689 1564 1805 1615 ὲπι-

228 1653 493 1721 γινόμενα
532 1656 596 1723 τῇ
635 1653 804 1724 ψυχῇ,
851 1655 954 1724 τῆς
1006 1656 1112 1708 ἀπὸ
1162 1653 1258 1708 τοῦ
1301 1653 1435 1707 Θεοῦ
1479 1653 1808 1723 οἰκειότητος

227 1742 586 1813 ἠλλοτρίωσε.
621 1744 982 1816 Καθαρθέντα
1018 1744 1082 1818 δὴ
1121 1740 1216 1799 οὖν
1245 1744 1354 1798 ἀπὸ
1385 1743 1478 1797 τοῦ
1508 1743 1748 1814 αἴσχους,
1781 1745 1809 1797 ὃ
1840 1778 1882 1833 Β

229 1835 546 1905 ἀνεμάξατο
581 1835 670 1889 διὰ
707 1838 806 1906 τῆς
833 1837 1050 1903 κακίας,
1093 1839 1186 1892 καὶ
1221 1837 1356 1908 πρὸς
1387 1837 1450 1890 τὸ
1489 1838 1554 1890 ὲκ
1593 1837 1808 1906 φύσεως

229 1925 430 1988 κάλλος
468 1925 850 1991 ἐπανελθόντα,
903 1928 999 1980 καὶ
1043 1923 1154 1981 οἷον
1193 1927 1362 1980 εἰκόνι
1413 1926 1662 1997 βασιλικῇ
1709 1925 1809 1995 τὴν

232 2017 470 2090 ἀρχαίαν
509 2019 724 2090 μορφὴν
759 2019 849 2073 διά
886 2020 1260 2092 καθαρότητος
1305 2021 1592 2082 ἀποδόντα,
1639 2018 1810 2081 οὕτως

234 2113 352 2164 ἐστὶ
378 2113 554 2181 μόνως
576 2113 933 2184 προσεγγίσαι
955 2114 1032 2185 τῷ
1052 2113 1415 2184 Παρακλήτῳ.
1447 2113 1506 2166 '0
1533 2111 1598 2175 δ’,
1623 2111 1812 2180 ῶσπερ

233 2199 406 2270 ἣλιος,
445 2201 855 2273 κεκαθαρμένον
879 2203 1032 2275 ὄμμα
1063 2203 1416 2275 παραλαϐὼν,
1451 2202 1613 2269 δείξει
1645 2219 1727 2254 σοι
1755 2205 1812 2255 ὲν

237 2291 419 2362 ἐαυτῷ
455 2294 554 2363 τὴν
589 2295 771 2347 εἰκόνα
805 2297 899 2350 τοῦ
941 2296 1194 2366 ἀοράτου.
1236 2296 1322 2349 Ἐν
1350 2295 1407 2347 δὲ
1438 2294 1518 2366 τῷ
1557 2293 1812 2365 μακαρίῳ

235 2382 335 2451 τῆς
365 2383 572 2446 εἰκόνος
598 2384 829 2454 θεάματι
866 2386 928 2438 τὸ
957 2385 1193 2457 ἄρρητον
1225 2387 1346 2455 ὄψει
1375 2385 1470 2439 τοῦ
1504 2385 1812 2456 ἀρχετύπου

236 2474 458 2537 κάλλος.
489 2475 590 2528 Διά
612 2476 802 2529 τούτου
844 2477 1081 2548 καρδιῶν
1109 2477 1366 2540 ἀνάϐασις
1387 2477 1519 2549 (29),
1545 2493 1815 2548 χειραγω-

234 2563 331 2629 γία
357 2565 468 2616 τῶν
497 2566 886 2633 ἀσθενούντων,
918 2567 1027 2619 τῶν
1062 2567 1479 2640 προκοπτόντων
1513 2567 1810 2631 τελείωσις.

235 2653 436 2716 Τοῦτο,
471 2657 584 2718 τοῖς
629 2656 737 2708 ἀπὸ
776 2656 958 2726 πάσης
1005 2657 1223 2726 κηλίδος
1261 2656 1692 2728 κεκαθαρμένοις
1729 2656 1816 2710 ὲλ-

234 2743 476 2815 λάμπον,
517 2748 582 2816 τῇ
619 2747 752 2818 πρὸς
774 2747 934 2800 ἑαυτὸ
961 2746 1215 2818 κοινωνία
1251 2747 1652 2818 πνευματικοὺς
1682 2748 1815 2800 ἀπο-

231 2835 502 2892 δείκνυσι.
544 2839 654 2890 Καὶ
694 2837 883 2910 ὥσπερ
922 2837 992 2890 τά
1031 2837 1262 2909 λαμπρά
1301 2839 1394 2892 καὶ
1437 2838 1669 2908 διαφανῆ
1707 2838 1814 2890 τῶν

234 2927 534 3000 σωμάτων,
576 2929 790 2991 ἀκτῖνος
838 2929 1020 2992 αὐτοῖς
1062 2927 1408 2998 ἐμπεσούσης
1435 2929 1566 3000 (50).
1593 2929 1733 2982 αύτά
1754 2947 1814 2981 τε

231 3018 454 3087 γίνεται
496 3017 838 3088 περιλαμπῆ,
881 3019 972 3072 καὶ
1013 3018 1207 3088 ἑτέραν
1252 3017 1426 3089 αὐγὴν
1467 3019 1559 3086 ἀφ’
1605 3017 1815 3070 ἑαυτῶν

230 3107 579 3161 ἀποστίλϐει·
620 3107 792 3171 οῦτως
825 3109 880 3161 αἱ
922 3106 1362 3178 πνευματοφόροι
1396 3106 1583 3176 ψυχαὶ,
1615 3106 1815 3178 ἐλλαμ-

234 3203 462 3272 ᾳθείσαι
485 3202 634 3272 παρά
664 3202 756 3255 τοῦ
788 3202 1122 3272 Πνεύματος,
1155 3201 1316 3256 αὐταί
1347 3218 1404 3253 τε
1431 3199 1815 3254 ἀποτελοῦνται

237 3295 638 3364 πνευματικαὶ,
677 3294 771 3346 καὶ
811 3294 891 3357 είς
930 3293 1148 3364 ἐτέρους
1180 3294 1277 3364 τὴν
1299 3293 1459 3366 χάριν
1489 3291 1815 3359 ἐξαποστέλ-

233 3387 448 3440 λουσιν.
493 3384 769 3438 Ἐντεῦθεν
803 3384 1104 3456 μελλόντων
1135 3383 1463 3455 πρόγνωσις,
1506 3381 1816 3452 μυστηρίων

238 3478 486 3539 σύνεσις,
521 3474 917 3548 κεκρυμμένων
929 3473 1250 3545 κατάληψις,
1268 3473 1618 3545 χαρισμάτων
1641 3473 1816 3527 διανο-

240 3573 367 3642 μαὶ,
402 3570 462 3622 τὺ
483 3569 730 3640 οὐράνιον
757 3569 1077 3638 πολίτευμα,
1100 3571 1132 3638 ὴ
1169 3567 1305 3637 μετά
1333 3565 1579 3635 ἀγγέλων
1606 3565 1815 3636 χορεία,

235 3665 270 3735 ή
299 3661 661 3732 ἀτελεύτητος
694 3661 807 3732 (51)
843 3659 1168 3731 εὐφροσύνη,
1205 3659 1238 3729 ἡ
1274 3659 1331 3710 ὲν
1367 3656 1486 3726 Θεῷ
1511 3657 1758 3728 διαμονὴ,
1781 3658 1814 3726 ἡ

238 3757 382 3827 πρὸς
436 3755 569 3808 Θεὸν
609 3754 886 3826 ὁμοίωσις,
941 3752 1002 3805 τὸ
1056 3750 1356 3822 ἀκρότατον
1404 3750 1515 3803 τῶν
1556 3749 1816 3818 ὀρεκτῶν,

240 3849 368 3902 θεὸν
399 3847 671 3916 γενέσθαι.
702 3847 767 3898 Αἱ
799 3845 895 3916 μὲν
922 3839 1015 3898 οῦν
1039 3844 1169 3916 περὶ
1200 3842 1292 3896 τοῦ
1328 3843 1483 3912 ἁγίου
1507 3841 1819 3912 Πνεύματος

241 3918 446 3992 ἔννοιαι
475 3936 652 4007 ἡμῶν,
689 3935 755 3999 ἃς
790 3934 919 4006 περὶ
949 3933 1040 3986 τοῦ
1078 3932 1341 4004 μεγέθους
1385 3931 1550 3985 αὑτοῦ
1595 3932 1686 3984 καὶ
1718 3931 1820 4002 τῆς

242 4031 408 4095 ἀξίας
439 4029 534 4082 καὶ
562 4027 670 4081 τῶν
718 4028 1108 4099 ἐνεργημάτων
1141 4026 1231 4079 ὑπ’
1273 4024 1452 4079 αὐτῶν
1479 4023 1587 4077 τῶν
1627 4024 1820 4092 λογίων

242 4123 342 4176 τοῦ
380 4121 698 4192 Πνεύματος
742 4123 958 4197 φρονεῖν
991 4117 1369 4189 ἐδιδάχθημεν,
1409 4116 1485 4179 ὡς
1525 4115 1679 4183 ὀλίγα
1714 4115 1821 4168 ἀπὸ

247 4213 462 4268 πολλῶν
491 4211 855 4284 παραθέσθαι,
885 4210 1152 4265 τοιαῦται.
1179 4208 1318 4280 Ἤδη
1344 4207 1535 4278 δὲ’(ὄέ)
1565 4206 1702 4276 πρὸς
1725 4207 1822 4259 ἀν-

247 4304 558 4372 τιλογικοῦς
585 4302 881 4374 χωρητέον,
913 4299 1289 4371 πειρωμένους
1322 4298 1564 4368 ἐλέγχειν
1593 4297 1692 4358 τὰς
1725 4296 1818 4349 ἀν-

247 4396 509 4461 τιθέσεις,
540 4393 637 4457 τὰς
665 4396 730 4447 ὲκ
758 4397 855 4465 τῆς
883 4389 1235 4463 ψευδωνύμου
1264 4389 1518 4458 γνώσεως
1541 4390 1674 4459 ἡμῖν
1697 4405 1824 4458 προ-

251 4487 604 4558 ϐαλλομὲνας.

798 4599 1198 4654 ΚΕΦΑΛΑΙΟΝ
1229 4597 1286 4652 I'.

254 4698 408 4763 Πρὸς
439 4695 583 4760 τοὺς
606 4693 894 4762 λέγοντας
923 4692 1010 4763 μὴ
1055 4690 1274 4763 χρῆναι
1310 4687 1686 4763 σνντάσσειν
1709 4689 1825 4739 Πα-

570 4765 659 4832 rp!
685 4758 786 4816 καὶ
809 4758 1012 4829 Υιῷτῦ
1041 4758 1212 4829 ἅγιον
1248 4758 1508 4827 Πνεῦμα.

323 4857 412 4912 24.
450 4856 525 4908 οὐ
556 4855 682 4926 χρὴ,
719 4853 1077 4924 (patintia-.91
1110 4850 1206 4905 καὶ
1237 4848 1354 4920 Υίῷ
1386 4845 1741 4917 συντετάχθαι
1765 4845 1826 4897 τὸ

254 4951 410 5019 ἆγιον
441 4947 686 5018 Πνεῦμα,
713 4946 802 5000 διά
830 4963 891 4998 τε
932 4945 992 4998 τὸ
1025 4945 1125 5015 τῆς
1154 4941 1369 5012 φύσεως
1407 4939 1707 5011 ἀλλότριον,
1737 4937 1827 4991 καὶ

257 5118 486 5160 natura.
528 5104 662 5159 Vide
703 5103 886 5158 Basilii
930 5101 1207 5172 homiliam
1243 5097 1320 5172 De
1365 5095 1642 5172 ﬁde_pag.
1698 5095 1824 5172 155.

258 5178 425 5232 Paulo
462 5185 585 5246 post
621 5174 750 5229 editi
793 5175 855 5225 τὸ
904 5171 1126 5240 Πνεῦμα
1160 5171 1224 5222 τὸ
1268 5165 1439 5235 ἆγιον.
1494 5165 1625 5221 Mss.
1671 5174 1728 5218 ut
1773 5167 1826 5218 in

260 5259 538 5303 contextu.

330 5319 442 5387 (28)
481 5315 772 5383 Πέφυκεν.
810 5309 1162 5387 Μοηάοεοηίη
1211 5307 1370 5361 editis
1412 5303 1828 5387 additurndova-

262 5371 586 5455 σθαι,’(ιιιοᾶ
614 5400 643 5436 a
669 5384 876 5455 nostris
901 5380 1191 5455 codicibus
1221 5391 1354 5455 mss.
1389 5371 1828 5455 abest._Xi_dctur

263 5444 526 5512 Eras‘mils
563 5455 756 5522 legisse
780 5453 877 5522 ούχ
913 5452 1034 5503 ὅσον
1068 5446 1206 5522 αὑ.τά
1244 5445 1510 5515 πέφυκεν,
1557 5444 1671 5498 ἀλλ’
1703 5445 1826 5522 δσον

265 5531 440 5581 ἐκεῖνο
470 5514 710 5579 δύναται.
749 5514 1016 5576 Sic-enim
1047 5518 1227 5572 reddit
1257 5534 1270 5570 :
1301 5514 1403 5569 non
1426 5525 1679 5584 quantum
1709 5514 1827 5580 ipsa

265 5610 462 5650 natura
497 5613 594 5649 sua
620 5603 836 5664 possunt
864 5605 1067 5664 capere,
1105 5586 1196 5664 sed
1225 5597 1483 5664 quantum
1512 5595 1697 5664 potest
1711 5583 1823 5636 ille.

263 5653 719 5722 Funestissiuiam
755 5653 1086 5716 vocat'hanc
1121 5653 1627 5724 interpretationem
1658 5653 1825 5708 Com-

268 5738 528 5802 beﬁsius;
556 5735 650 5792 sed
671 5741 851 5788 tamen
880 5731 967 5786 hic
991 5728 1202 5786 Erasmi
1223 5727 1437 5783 videtur
1463 5738 1585 5780 esse
1604 5737 1828 5792 sensus,

1979 1285 2070 1341 25.
2099 1284 2334 1356 Spiritus
2363 1295 2542 1340 autem
2575 1300 2701 1340 cum
2731 1283 2910 1339 anima
2937 1283 3254 1354 coniunctio
3285 1298 3394 1338 non
3418 1283 3480 1339 fit

1914 1377 2018 1431 loci
2046 1377 2448 1448 propinquitate
2481 1377 2628 1448 (nam
2671 1378 2766 1446 qut
2792 1375 2885 1429 ﬁat
2917 1385 2976 1430 ut
3000 1375 3064 1430 ad
3093 1376 3477 1445 incorporeum

1913 1469 2271 1539 corporaliter
2304 1470 2532 1525 accedas
2546 1469 2614 1538 ί),
2645 1470 2738 1524 sed
2761 1483 2791 1522 a
2813 1467 3203 1537 cupiditatibus
3231 1481 3477 1531 recessu,

1914 1576 2034 1629 qum
2063 1569 2186 1630 post
2204 1571 2552 1617 accesserunt
2577 1562 2768 1615 animae
2787 1568 3008 1630 propter
3028 1558 3318 1614 amicitiam
3349 1573 3477 1628 erga

1915 1666 2156 1718 carnem,
2179 1660 2278 1708 cta
2294 1653 2386 1709 Dei
2414 1655 2690 1710 consortio
2714 1654 3036 1708 alienarunt.
3065 1651 3266 1720 Itaque,
3290 1652 3337 1707 si
3354 1651 3478 1720 quis

1915 1743 2083 1808 abeo,
2104 1745 2249 1816 quod
2280 1745 2394 1800 vitii
2424 1746 2546 1800 labe
2577 1754 2945 1810 contraxerat,
2976 1744 3174 1814 probro
3195 1751 3476 1814 purgetur,

1911 1844 2073 1906 atque
2095 1837 2162 1890 ad
2198 1837 2435 1890 nativam
2470 1836 2928 1906 pulchritudinem
2951 1849 3204 1890 reversus
3231 1836 3374 1888 velut
3392 1848 3480 1888 re-

1911 1928 2010 1997 gia:
2039 1929 2256 1998 imagini
2292 1928 2520 1982 formam
2557 1939 2785 1983 veterem
2820 1942 2916 1996 per
2946 1927 3234 1996 puritatem
3264 1923 3476 1988 reddat,

1911 2018 2014 2073 hoc
2040 2034 2149 2073 uno
2169 2019 2386 2074 demum
2419 2019 2578 2074 modo
2604 2028 2783 2089 potest
2812 2018 2879 2072 ad
2911 2015 3246 2071 Paracletum
3283 2031 3480 2086 appro-

1912 2109 2198 2177 pinquare.
2249 2107 2343 2164 Ille
2391 2119 2605 2174 autem,
2648 2107 2816 2162 veluti
2874 2107 2989 2172 sol,
3040 2121 3234 2176 purum
3283 2114 3478 2160 nactus

1912 2203 2152 2263 oculum,
2187 2201 2438 2256 ostendet
2470 2201 2567 2255 tibi
2600 2200 2654 2254 in
2677 2199 2862 2270 seipso
2895 2198 3184 2270 imaginem
3216 2199 3362 2254 illius
3385 2201 3477 2268 qui

1912 2293 2084 2349 videri
2121 2309 2230 2348 non
2266 2301 2465 2364 potest.
2506 2292 2563 2347 in
2609 2292 2765 2348 beata
2811 2301 2990 2346 autem
3023 2291 3188 2360 hujus
3224 2291 3479 2362 imaginis

1913 2385 2366 2454 contemplatione
2407 2383 2618 2440 videbis
2662 2384 2986 2439 ineﬂ‘ahilem
3031 2383 3309 2454 archetypi
3357 2385 3480 2452 pul-

1913 2473 2293 2530 chritudinem.
2313 2473 2414 2530 Per
2443 2475 2588 2528 hunc
2619 2475 2782 2529 corda
2819 2474 3177 2528 sustolluntur
3205 2473 3260 2527 in
3285 2473 3478 2536 altum,

1915 2580 2079 2618 manu
2124 2564 2399 2620 ducuntur
2434 2565 2670 2630 inﬁrmi,
2715 2563 3064 2635 proﬁcientes
3102 2565 3475 2635 perﬁciuntur.

1916 2655 2014 2711 Hic
2033 2658 2114 2713 eis
2150 2659 2246 2729 qui
2267 2658 2334 2713 ab
2359 2658 2506 2712 omni
2537 2657 2697 2712 sorde
2731 2658 2947 2728 purgati
2978 2668 3106 2713 sunt
3132 2659 3476 2724 illucescens,

1915 2764 2012 2820 per
2036 2750 2474 2805 communionem
2499 2765 2661 2819 quam
2687 2764 2812 2804 cum
2841 2750 2958 2820 ipso
2981 2751 3201 2818 habent,
3224 2749 3482 2820 spiritua-

1917 2842 1996 2896 les
2027 2841 2220 2896 reddit.
2253 2841 2318 2895 Et
2338 2840 2793 2911 quemadmodum
2823 2856 3052 2911 corpora
3085 2841 3276 2905 nitida,
3310 2842 3479 2911 pellu-

1915 2934 2167 3004 cidaque,
2191 2943 2441 2989 contacta
2472 2934 2645 3000 radio,
2681 2935 2815 2990 ﬁunt
2835 2944 2889 2990 et
2920 2936 3036 3006 ipsa
3067 2951 3230 3005 supra
3260 2935 3479 2989 modum

1917 3023 2221 3095 splendida,
2272 3031 2327 3078 et
2356 3025 2521 3078 alium
2571 3024 2834 3094 fulgorem
2865 3041 2930 3080 ex
2955 3040 3076 3080 sese
3123 3024 3479 3095 profundunt,

1843 3123 1886 3181 ο
1921 3115 1993 3168 ita
2019 3115 2213 3168 anima:
2251 3129 2373 3184 qua:
2415 3113 2674 3184 Spiritum
2707 3113 2919 3180 ferunt,
2960 3115 3415 3186 illustrauturque
3453 3132 3483 3169 ιι

1919 3202 2154 3274 Spiritu,
2172 3203 2308 3259 ﬁunt
2331 3213 2385 3260 et
2414 3204 2547 3274 ipsa:
2570 3198 2902 3275 spirituales,
2927 3214 2981 3260 et
3020 3205 3073 3260 in
3093 3207 3228 3262 alios
3251 3207 3482 3277 gratiam

1915 3297 2192 3353 emittunt.
2222 3296 2362 3351 Hinc
2385 3296 2694 3350 futurorum
2719 3296 3080 3367 prmscientia,
3099 3296 3484 3367 mysteriorum

1916 3389 2307 3460 intelligentia,
2347 3389 2684 3443 occultorum
2728 3388 3176 3458 comprehensio,
3219 3389 3485 3443 donorum

1917 3479 2359 3544 distributiones,
2399 3480 2641 3535 cmlcstis
2691 3481 3037 3535 conversatio
3061 3520 3076 3546 ,
3117 3496 3240 3536 cum
3279 3481 3488 3551 angelis

1918 3572 2115 3627 chorea
2146 3590 2160 3626 :
2192 3571 2320 3625 hinc
2343 3569 2598 3642 gaudium
2626 3585 2904 3640 nunquam
2939 3569 3254 3635 ﬁniendum,
3281 3570 3409 3624 hinc
3430 3569 3490 3624 in

1921 3667 2031 3719 Deo
2061 3662 2482 3734 perseverantia,
2514 3662 2642 3716 hinc
2668 3661 2968 3717 similitudo
2997 3677 3118 3715 cum
3141 3660 3271 3726 Deo,
3296 3669 3350 3716 et
3379 3677 3492 3731 quo

1919 3755 2054 3810 nihil
2081 3755 2368 3811 sublimius
2401 3754 2578 3824 expeti
2618 3761 2818 3824 potest,
2846 3751 2974 3807 hinc
3005 3759 3089 3808 est
3118 3760 3178 3806 ut
3203 3752 3338 3808 deus
3367 3754 3486 3808 tias.

1917 3847 2248 3902 Communes
2271 3847 2436 3918 igitur
2462 3855 2664 3901 nostra:
2687 3845 2940 3899 notiones
2971 3841 3041 3898 de
3078 3850 3270 3899 sancto
3311 3843 3492 3913 Spirio

1919 3945 2000 4000 tu,
2027 3951 2164 4006 quas
2194 3935 2265 3990 de
2298 3934 2674 4004 magnitudine
2698 3931 3073 4001 dignitateque
3107 3929 3277 3994 illius,
3316 3929 3494 3998 deque

1920 4026 2331 4098 operationibus
2350 4066 2364 4090 ,
2390 4025 2458 4080 ab
2489 4025 2624 4095 ipsis
2650 4023 2888 4094 Spiritus
2919 4019 3155 4090 eloquiis
3183 4019 3386 4075 sentire
3411 4019 3494 4074 di-

1919 4119 2175 4184 dicimus,
2209 4126 2268 4172 ut
2295 4117 2531 4172 emultis
2572 4130 2746 4186 pauca
2788 4113 3115 4176 aﬁ‘eramus,
3151 4111 3235 4165 sic
3268 4111 3488 4166 habent.

1921 4207 2074 4263 Nunc
2093 4218 2269 4262 autem
2287 4207 2354 4262 ad
2377 4202 2787 4260 contradicendi
2801 4202 3028 4273 cupidos
3043 4201 3369 4257 veniendum
3385 4209 3470 4254 est

1921 4303 2348 4369 conabimurque
2373 4299 2590 4354 illorum
2618 4296 2960 4365 objectiones
2992 4293 3244 4350 refellere
3305 4307 3442 4362 quas
3463 4306 3494 4347 ο

1924 4395 2045 4448 falsi
2068 4392 2307 4451 nominis
2333 4389 2563 4446 scientia
2593 4387 2753 4442 nobis
2777 4393 3106 4456 proponunt.

2553 4585 2781 4640 CAPUT
2826 4585 2895 4639 Χ.

1957 4683 2219 4737 Adversus
2248 4698 2334 4736 eos
2360 4682 2449 4751 qui
2474 4680 2784 4751 dicuntum:
2804 4685 3041 4744 oportere
3066 4674 3217 4728 Patri
3239 4682 3289 4727 et
3318 4671 3460 4727 Filio

2272 4749 2554 4820 adjimgere
2584 4749 2840 4816 Spiritum
2875 4756 3140 4799 sanctum.

1995 4843 2086 4898 24.
2113 4841 2234 4896 Non
2257 4848 2493 4912 oportet,
2533 4838 2810 4907 inquiunt,
2852 4833 3000 4887 Patri
3039 4842 3092 4888 et
3125 4831 3264 4886 Filio
3301 4831 3499 4901 adjun-

1929 4950 2055 5006 gere
2085 4933 2350 5005 Spiritum
2378 4941 2632 4988 sanctum
2663 4947 2677 4984 ι
2708 4927 2904 4998 partim
2939 4941 3005 4980 eo
3038 4923 3184 4996 quod
3215 4924 3286 4979 sit
3309 4924 3498 4979 aliena:

1931 5083 2167 5154 Spiritus
2213 5084 2389 5140 sancti
2428 5083 2657 5154 gratiam
2695 5095 2824 5154 non_
2851 5094 2918 5154 ex
2953 5077 3235 5154 hominum
3265 5076 3488 5130 inﬁrmi-

1930 5147 2060 5217 tate,
2091 5156 2186 5211 sed
2224 5171 2291 5210 ex
2326 5147 2474 5208 illiu's
2507 5147 2904 5220 orituipoteritia
2937 5148 3196 5220 pendere.

2000 5227 2110 5296 (‘29)
2149 5224 2481 5296 ‘Ardb’ao-tg.
2509 5224 2602 5296 Sic
2631 5217 2874 5290 quinque
2901 5217 3122 5296 codices
3151 5236 3164 5270 ;
3199 5217 3342 5269 alius
3372 5231 3498 5296 cum

1929 5287 2662 5356 οάὶιὶέάναὸάσειςζΙθίάεηὶ
2684 5287 3043 5360 χειραγωγίαι
3072 5290 3126 5341 in
3153 5302 3273 5360 uno
3286 5287 3497 5340 codice.

2000 5366 2113 5434 ('50)
2157 5364 2593 5433 Ἐμπεσούσης.
2612 5356 2989 5434 _Du'i)_cod_ices
3017 5356 3403 5434 ἐπιπεσούσης.

2003 5425 2113 5506 (5i)
2155 5425 2592 5506 lare.iei_}tnrob_._
2612 5430 2726 5506 Duo
2757 5429 2909 5506 inie‘gii
2940 5425 3496 5506 θρόησε-ἀτέλεστος.

1931 5496 2136 5562 Ibidem
2164 5496 2516 5572 antiquitres
2541 5501 2665 5554 libri
2699 5501 2733 5571 ἡ
2763 5499 2943 5561 ἔνθεος
2969 5496 3222 5572 διανομὴ.

2002 5576 2115 5646 (59.)
2153 5564 2534 5646 ﬂdn'aé._ﬂic
2558 5564 2748 5644 incipit
2771 5578 2932 5637 caput
2957 5564 3228 5623 decimum
3257 5566 3314 5621 in
3339 5564 3488 5637 quit:

1932 5643 2040 5721 que
2066 5645 2342 5702 veteribus
2372 5643 2552 5699 libris.
