3900 6212
423 316 520 372 HI

1763 320 1823 377 Β.
1862 320 2107 379 BASILII
2144 324 2358 382 MAGNI

3553 324 3658 378 ll!

416 436 650 492 natura,
676 426 871 498 partim
894 426 1041 498 quod
1073 425 1339 500 dignitate
1374 429 1448 486 sit
1480 429 1729 498 Inferior.
1775 431 1968 499 Quibu:

2087 437 2148 492 τὸ
2170 442 2270 512 τῆς
2290 440 2447 507 ἀξίας
2471 439 2748 504 καταδεές.
2772 439 2916 511 Πρὸς
2935 438 3029 504 οὓς
3052 439 3260 494 δίκαιον
3278 439 3377 510 τὴν
3395 439 3501 493 τῶν
3524 439 3653 494 ἀπο-

416 534 633 591 equum
661 525 831 573 estut
860 517 1231 587 apostolorum
1261 519 1446 577 verbis
1494 522 1927 592 respondeamus
1971 544 1985 581 :

415 608 528 663 Deo
562 616 763 677 oportet
791 607 1000 663 obedire
1026 610 1194 679 magis
1229 626 1388 679 quam
1421 609 1716 668 hominibus
1756 614 1823 669 ⁹¹.
1852 614 1987 671 Nam

417 698 466 753 si
484 696 746 753 Dominus
779 708 964 767 aperte
989 700 1046 753 in
1071 698 1332 755 tradendo
1361 702 1645 759 salutifero
1666 705 1989 776 baptismate

415 791 674 861 praecepit
702 789 1008 859 discipulis,
1039 799 1100 845 ut
1138 792 1478 862 haptizarent
1500 809 1690 851 omnes
1715 806 1905 867 gentes
1930 797 1986 852 in

413 881 635 936 nomine
659 878 840 935 Patris
871 888 925 935 et
964 881 1088 937 Filii
1123 891 1178 938 et
1225 882 1462 955 Spiritus
1493 887 1671 942 sancti
1714 888 1759 919 ”
1780 927 1796 952 ,
1827 889 1986 957 .haud

414 969 740 1040 dedignatus
788 986 914 1024 cum
956 971 1052 1027 illo
1100 975 1443 1030 consortium
1489 994 1504 1030 :
1546 985 1738 1031 contra
1780 979 1871 1033 isti
1901 979 1985 1034 di-

413 1071 579 1125 cunt,
624 1076 733 1116 non
782 1072 1035 1131 oportere
1076 1061 1342 1133 Spiritum
1388 1064 1533 1120 Patri
1577 1066 1826 1139 Filioque
1876 1071 1981 1141 21

412 1153 764 1223 conjungere;
798 1168 867 1206 an
891 1167 1000 1208 non
1033 1152 1128 1209 Dei
1161 1165 1433 1226 praecepto
1483 1158 1661 1228 palam
1689 1160 1984 1217 adversan-

412 1243 541 1300 tur?
573 1242 808 1307 Etenim,
835 1245 880 1299 si
910 1244 1102 1299 dicunt
1128 1245 1440 1316 hujusmodi
1464 1250 1846 1319 conjunctione
1876 1268 1985 1308 non

409 1332 677 1387 declarari
700 1332 864 1387 ullam
896 1336 1337 1415 communionem
1367 1344 1463 1391 aut
1510 1340 1870 1408 consortium;
1901 1341 1988 1395 di-

408 1438 540 1484 cant
564 1428 827 1498 quidnam
854 1431 1144 1484 conveniat
1190 1431 1295 1486 hoc
1341 1430 1656 1489 existimare
1677 1472 1695 1499 ,
1727 1441 1782 1490 et
1820 1449 1981 1505 quam

410 1519 573 1575 aliam
598 1518 826 1575 eﬂ'erant
844 1521 1017 1592 magis
1038 1523 1377 1591 peculiarem
1400 1524 1666 1578 consortii
1692 1525 1984 1581 rationem?

410 1610 479 1665 Et
511 1610 732 1681 quidem
773 1612 820 1667 si
854 1611 1117 1669 Dominus
1167 1614 1272 1669 sibi
1314 1623 1368 1670 et
1400 1614 1548 1670 Patri
1579 1630 1689 1670 non
1734 1617 1983 1687 adjunxit

415 1698 678 1769 Spiritum
715 1697 769 1754 in
799 1701 1091 1771 baptismo,
1118 1717 1295 1773 neque
1321 1705 1485 1757 ctiam
1511 1705 1669 1761 nobis
1696 1706 1829 1760 vitio
1861 1723 1982 1761 ver-

410 1798 528 1842 tant
558 1789 706 1859 quod
735 1805 831 1846 eos
862 1791 1272 1864 conjungimus.
1309 1792 1454 1848 Nihil
1480 1795 1626 1849 enim
1655 1812 1759 1851 nos
1800 1798 1978 1853 diver-

410 1894 533 1934 sum
565 1896 742 1951 neque
782 1884 1048 1939 sentimus
1072 1923 1087 1949 ,
1123 1900 1298 1956 neque
1330 1886 1626 1955 loquimur.
1660 1888 1757 1943 Sin
1796 1899 1977 1945 autem

411 1974 524 2027 illic
575 1974 908 2044 conjunctus
956 1984 1046 2031 est
1090 1975 1239 2031 Patri
1286 1985 1342 2033 et
1385 1979 1525 2034 Filio
1569 1980 1827 2050 Spiritus,
1878 1998 1979 2038 nec

408 2064 701 2135 quisquam
744 2076 825 2122 est
867 2067 1003 2121 adeo
1052 2067 1340 2139 impudens
1362 2107 1379 2134 ,
1412 2078 1470 2124 ut
1502 2070 1651 2126 aliud
1683 2073 1978 2143 quidquam

409 2156 578 2225 dicat,
624 2173 691 2212 ne
721 2158 802 2213 sic
829 2158 1049 2228 quidem
1077 2173 1177 2215 nos
1211 2158 1267 2213 in
1284 2159 1377 2231 jus
1405 2173 1621 2228 vocent,
1651 2164 1698 2219 si
1730 2163 1976 2237 Scriptu-

407 2263 501 2304 ras
526 2250 830 2320 sequimur.

476 2341 568 2399 25.
598 2340 707 2397 Sed
737 2343 859 2398 belli
888 2342 1176 2400 adversum
1212 2360 1313 2402 nos
1346 2360 1639 2418 apparatus
1671 2348 1974 2409 instructus

404 2434 814 2503 est,onmisque
833 2434 1092 2504 cogitatio
1124 2435 1331 2490 intenta
1359 2446 1444 2493 cst
1470 2438 1524 2492 in
1546 2453 1669 2503 nos,
1704 2451 1757 2496 ct
1780 2442 1976 2513 linguae

407 2524 799 2579 maledicorum
828 2524 919 2578 hic
950 2524 1327 2584 vehementius
1362 2528 1677 2598 jaculantur
1706 2546 1868 2602 quam
1910 2535 1972 2600 ii,

404 2612 499 2682 qui
529 2613 808 2667 Christum
853 2613 1203 2681 occiderant,
1252 2617 1382 2671 olim
1422 2618 1692 2689 lapidibus
1725 2622 1973 2693 impetie-

406 2713 532 2757 runt
554 2701 912 2772 Stephanum.
943 2701 1146 2759 Verum
1178 2720 1246 2760 ne
1276 2718 1705 2779 consequantur,
1728 2722 1787 2767 ut
1808 2714 1975 2768 lateat

403 2809 505 2850 nos
529 2794 746 2864 quidem
770 2810 892 2850 esse
920 2795 1045 2850 belli
1072 2798 1455 2866 occasionem,
1499 2801 1597 2857 sed
1640 2819 1762 2873 quae
1799 2820 1973 2875 agun-

403 2893 495 2939 tur
540 2901 734 2941 revera
780 2886 848 2941 ad
893 2888 1489 2971 excelsumspectare.
1536 2895 1727 2966 Itaque
1769 2897 1826 2952 in
1869 2914 1970 2955 nos

402 2975 624 3046 quidem
655 2976 937 3037 machinas
970 2985 1025 3032 et
1049 2979 1278 3037 insidias
1308 2982 1610 3050 instruunt,
1647 3002 1815 3058 seque
1850 3005 1971 3043 mu-

404 3077 499 3120 tuo
532 3067 894 3122 exhortantur
920 3068 985 3123 ad
1026 3068 1283 3126 ferendas
1304 3077 1618 3144 suppetias,
1650 3087 1709 3132 ut
1738 3080 1968 3149 quisque
1994 3108 2040 3167 α

403 3158 596 3227 peritia
624 3165 718 3211 aut
771 3158 966 3214 robore
1004 3160 1168 3215 valet.
1212 3161 1482 3219 Caeterum
1533 3168 1583 3222 id
1619 3170 1762 3239 quod
1794 3186 1970 3241 oppu-

401 3254 663 3317 gnantur,
695 3246 827 3303 ﬁdes
849 3257 953 3314 est,
984 3250 1140 3321 isque
1164 3266 1366 3323 scopus
1407 3259 1713 3313 communis
1741 3268 1825 3316 est
1856 3277 1976 3315 om-

401 3339 564 3394 nibus
593 3340 943 3406 adversariis,
974 3350 1027 3396 ct
1055 3357 1201 3398 same
1235 3346 1495 3402 doctrinae
1524 3350 1779 3413 inimicis,
1801 3361 1859 3406 ut
1881 3368 1973 3409 so-

403 3428 670 3484 liditatem
697 3429 819 3485 lidei
855 3431 910 3485 in
938 3431 1216 3488 Christum
1247 3440 1586 3503 concutiant,
1621 3446 1969 3511 apostolicam

411 3522 759 3577 traditionem
791 3523 907 3578 solo
929 3536 1194 3594 mquatam
1223 3528 1508 3587 abolendo.
1528 3531 1844 3605 Eapropter,
1860 3540 1973 3593 sic-

404 3620 462 3666 ut
497 3614 674 3669 solent
706 3615 796 3685 qui
830 3616 986 3671 bona:
1029 3617 1154 3672 ﬁdei
1187 3618 1466 3678 debitores
1510 3634 1658 3689 sunt,
1690 3629 1971 3697 probatio-

402 3717 499 3758 nes
525 3718 557 3758 e
587 3705 870 3774 Scriptura
897 3707 1135 3762 clamore
1163 3709 1420 3780 exigunt,
1463 3711 1686 3770 Patrum
1716 3720 1968 3777 testimo-

400 3796 572 3858 nium,
620 3796 769 3864 quod
813 3797 1074 3866 scriptum
1108 3815 1217 3855 non
1250 3810 1373 3867 est,
1415 3807 1564 3860 velut
1606 3809 1817 3866 nullius
1853 3828 1971 3869 mo-

398 3885 568 3939 menti
597 3886 930 3955 rejicientes.
954 3887 1023 3943 At
1047 3887 1114 3944 de
1144 3892 1347 3946 tuenda
1372 3895 1598 3951 veritate
1621 3900 1756 3954 nihil
1778 3904 1969 3957 remit-

296 3978 305 3989 '
398 3982 598 4043 temus,
620 3992 797 4048 neque
828 3980 1041 4050 ignavia
1071 3982 1358 4041 aferendis
1385 3988 1461 4042 illi
1489 3993 1709 4050 auxiliis
1736 3995 1969 4055 desiste-

395 4081 540 4120 mus.
579 4065 794 4122 Etenim
825 4071 870 4124 si
901 4069 1161 4128 Dominus
1189 4076 1369 4142 nobis,
1405 4086 1461 4132 ut
1497 4086 1866 4143 necessarium
1903 4103 1969 4145 ac

398 4158 637 4214 salutare
670 4160 886 4230 dogma,
924 4161 1158 4233 Spiritus
1178 4181 1301 4221 cum
1335 4167 1494 4227 Patre
1526 4174 1966 4244 conjunctionem

395 4247 641 4314 tradidit;
678 4249 762 4304 his
788 4259 967 4306 autem
996 4268 1100 4308 non
1133 4255 1206 4309 ita
1235 4257 1469 4326 videtur,
1502 4264 1598 4319 sed
1631 4265 1875 4325 dividere
1901 4285 1967 4326 ac

394 4336 701 4393 distrahere
742 4338 1002 4413 Spiritum
1053 4353 1107 4399 et
1140 4347 1209 4402 ad
1248 4351 1500 4407 servilem
1538 4367 1819 4424 _naturam
1866 4361 1963 4417 de-

2091 533 2292 586 στόλων
2333 533 2517 602 φωνὴν
2559 530 2959 605 ἀποκρίνασθαι
2996 532 3129 603 (55),
3178 532 3260 586 ὅτι
3309 533 3656 600 Πειθαρχεῖν

2090 620 2211 687 Θεῷ
2241 619 2582 691 δεῖμᾶλλον
2602 620 2641 689 ἣ
2666 618 3017 688 ἀνθρώποις.
3049 619 3111 672 Εί
3136 618 3244 690 γὰρ
3274 620 3302 672 ό
3326 618 3422 689 μὲν
3450 617 3655 689 Κύριος

2090 714 2275 782 σαφῶς
2308 716 2367 768 ὲν
2406 717 2471 785 τῇ
2507 712 2801 784 παραδόσει
2836 711 2930 764 τοῦ
2976 712 3242 783 σωτηρίου
3283 710 3656 781 βαπτίσματος

2087 805 2388 878 προσέταξε
2421 809 2534 870 τοῖς
2565 807 2838 876 μαθηταῖς
2885 804 3163 874 βαπτίζειν
3207 802 3383 857 πάντα
3418 804 3485 857 τὰ
3521 801 3653 873 ἔθνη

2086 898 2166 959 εἰς
2208 895 2379 966 ὄνομα
2420 895 2632 965 Πατρὸς
2679 895 2773 948 καὶ
2807 893 2937 947 Υίοῦ
2980 895 3075 947 καὶ
3120 893 3276 961 ἀγίου
3313 893 3649 963 Πνεύματος,

2084 986 2184 1040 οὑκ
2214 985 2461 1051 ἀπαξιῶν
2488 987 2587 1057 τὴν
2617 987 2753 1058 πρὸς
2792 985 2925 1041 αὐτὸ
2960 985 3262 1049 κοινωνίαν,
3292 979 3436 1039 οὗτοι
3479 985 3535 1039 δὲ
3574 985 3651 1056 μὴ

2084 1079 2280 1150 χρῆναι
2314 1078 2446 1132 αὐτὸ
2471 1078 2647 1148 Πατρὶ
2677 1079 2770 1131 καὶ
2794 1076 2908 1146 Υἱῷ
2930 1077 3245 1130 συντάσσειν
3274 1074 3508 1143 λέγουσι’
3533 1073 3654 1138 πῶς

2083 1169 2204 1238 οὐχὶ
2231 1170 2298 1239 τῇ
2327 1167 2422 1221 τοῦ
2452 1166 2587 1220 Θεοῦ
2618 1167 2844 1238 διαταγῇ
2875 1166 3155 1239 προδήλως
3181 1164 3561 1231 ἀνθίστανταις
3588 1164 3653 1218 El

2087 1260 2186 1331 μὲν
2221 1261 2327 1331 γὰρ
2368 1260 2468 1313 οὐκ
2502 1254 2642 1312 εἷναί
2675 1276 2806 1327 φασι
2839 1259 2939 1330 τὴν
2975 1259 3228 1326 τοιαύτην
3260 1257 3510 1323 σύνταξιν
3535 1273 3653 1311 κοι-

2084 1351 2276 1416 νωνίας
2325 1351 2469 1414 τινὸς
2510 1351 2605 1405 καὶ
2636 1350 2932 1418 συναφείας
2962 1349 3283 1417 δηλωτικὴν,
3318 1349 3651 1413 εἰπάτωσαν,

2081 1443 2135 1497 τί
2168 1444 2265 1514 μὲν
2292 1442 2533 1513 νομίζειν
2559 1440 2718 1494 τοῦτο
2745 1443 3047 1513 προσήκει;
3083 1440 3203 1494 τίνα
3229 1439 3286 1492 δὲ
3311 1439 3493 1510 ἕτερον
3522 1454 3652 1492 συν-

2081 1534 2276 1602 αφείας
2315 1533 2517 1604 τρόπον
2564 1532 2892 1604 οἰκειότερον
2931 1532 3149 1602 ἔχουσις
3188 1528 3445 1598 Καίτοιγε
3482 1530 3532 1580 εί
3571 1527 3651 1599 μὴ

2084 1625 2317 1696 συνῆψεν
2353 1626 2382 1676 ὁ
2412 1625 2616 1695 Κύριος
2661 1625 2841 1693 ἑαυτῷ
2875 1625 2971 1678 καὶ
3000 1622 3077 1694 τῷ
3108 1623 3283 1695 Πατρὶ
3317 1621 3379 1675 τὸ
3426 1619 3653 1692 Πνεῦμα

2082 1719 2223 1774 κατὰ
2264 1718 2325 1772 τὸ
2368 1717 2669 1789 βάπτισμα,
2719 1716 2853 1788 μηδὲ
2893 1719 3022 1787 ἡμῖν
3056 1715 3164 1787 (54)
3210 1715 3310 1786 τὴν
3356 1715 3652 1784 συνάφειαν

2080 1808 2506 1877 ἐγκαλείτωσαν.
2557 1806 2723 1860 Οὐδὲν
2770 1807 2881 1878 γὰρ
2929 1809 3090 1878 ἡμεῖς
3136 1805 3472 1878 ἀλλοιότερον
3520 1804 3651 1861 οὖτα

2080 1901 2403 1973 φρονοῦμεν,
2431 1899 2555 1954 οὔτε
2583 1897 2952 1969 φθεγγόμεθα.
2978 1899 3039 1952 Ei
3065 1899 3121 1952 δὲ
3144 1899 3412 1969 συνῆπται
3434 1899 3552 1952 ἐκεῖ
3568 1897 3651 1970 τῷ

2079 1993 2254 2064 Πατρὶ
2286 1993 2381 2046 καὶ
2420 1990 2499 2063 τῷ
2543 1989 2679 2061 Υίῷ,
2715 1991 2809 2044 καὶ
2839 1990 3011 2054 οὐδεὶς
3035 1989 3222 2061 ⁸οὕτως
3252 1989 3471 2061 ἀναιδὴς
3505 1988 3648 2044 ὥστε

2076 2085 2203 2138 ἄλλο
2234 2101 2286 2137 τι
2330 2083 2521 2154 φῆσαι,
2564 2083 2693 2153 μηδ’
2730 2080 2904 2144 οὕτως
2951 2082 3081 2151 ἡμῖν
3124 2081 3547 2151 ἐγκαλείτωσαν,
3592 2080 3649 2134 ει

2076 2179 2186 2240 τοῖς
2212 2174 2619 2246 γεγραμμένοις
2639 2172 3059 2243 ἀκολουθοῦμεν.

2144 2350 2234 2406 25.
2283 2349 2420 2404 Ἀλλ’
2445 2351 2478 2423 ἡ
2502 2352 2599 2423 μὲν
2622 2352 2943 2423 παρασκευὴ
2968 2348 3061 2404 τοῦ
3090 2348 3213 2403 καθ’
3235 2349 3392 2420 ἡμῶν
3409 2348 3647 2419 πολέμου

2075 2441 2363 2514 ἐξήρτυται
2378 2443 2513 2513 (55),
2537 2443 2632 2495 καὶ
2657 2444 2808 2496 πᾶσα
2832 2442 3039 2495 διάνοια
3069 2442 3202 2510 πρὸς
3232 2442 3379 2511 ἡμᾶς
3401 2441 3645 2500 τέταται.

2073 2533 2168 2586 καὶ
2202 2532 2440 2602 γλῶσσαι
2470 2532 2804 2605 βλασφήμων
2837 2528 2938 2589 ὧδε
2976 2532 3255 2597 τοξεύουσι
3292 2531 3647 2603 σφοδρότερον

2075 2624 2362 2694 βάλλουσαι
2382 2624 2414 2695 ἦ
2436 2625 2526 2679 τὶν
2548 2625 2815 2694 Στέφανον
2839 2625 2952 2679 τότε
2968 2628 3078 2690 τοῖς
3099 2623 3265 2688 λίθοις
3285 2624 3333 2676 ul
3360 2622 3649 2697 χριστοφό-

2073 2733 2172 2772 νοι·
2214 2720 2289 2790 μὴ
2331 2719 2745 2773 λανθανέτωσαν
2784 2720 2861 2784 δὲ,
2906 2721 2989 2774 ὅτι
3034 2719 3326 2792 πρόσχημα
3370 2718 3468 2790 μὲν
3497 2718 3650 2789 ἡμᾶς

2071 2811 2101 2863 ό
2133 2809 2369 2880 πόλεμος
2401 2810 2535 2881 ἔχει,
2569 2814 2602 2882 ἡ
2636 2810 2691 2865 δὲ
2713 2811 2937 2883 ἀλήθεια
2966 2810 3075 2864 τῶν
3099 2810 3397 2881 γινομένων
3424 2809 3560 2880 πρὸς
3582 2807 3649 2862 τὸ

2073 2898 2204 2969 ὕψος
2230 2898 2434 2970 βλέπει.
2463 2902 2621 2955 Ὥστε
2656 2903 2740 2972 ἐφ’
2769 2905 2915 2975 ἡμᾶς
2952 2902 3052 2974 μὲν
3084 2901 3242 2973 δῆθεν
3265 2901 3363 2965 τὰς
3396 2899 3647 2972 μηχανὰς

2072 2991 2165 3044 καὶ
2198 2991 2297 3055 τὰς
2323 2993 2543 3065 ἐνέδρας
2578 2993 3046 3058 διασκευάζονται,
3088 2995 3183 3048 καὶ
3222 2993 3470 3066 ἀλλήλοις
3488 2996 3649 3062 ὲγκει

2071 3081 2315 3137 λεύονται
2359 3086 2691 3156 ἐπιϐοηθεῖν,
2738 3087 2813 3150 ὡς
2856 3087 3084 3149 ἕκαστος
3121 3086 3232 3156 ἔχει
3278 3085 3568 3156 ἐμπειρίας
3606 3083 3644 3155 ἢ

2079 3172 2286 3245 ῥώμης.
2315 3176 2502 3239 Πίστις
2530 3177 2589 3229 δέ
2625 3179 2740 3231 ὲστι
2778 3178 2839 3230 τὸ
2876 3176 3300 3247 πολεμούμενον,
3341 3175 3435 3228 καὶ
3464 3174 3647 3238 κοινὸς

2077 3267 2277 3331 σκοπὸς
2322 3268 2493 3321 ἅπασι
2531 3271 2645 3332 τοῖς
2685 3270 2950 3333 ἐναντίοις
2979 3272 3071 3323 καὶ
3099 3269 3313 3339 ἐχθροῖς
3338 3268 3438 3338 τῆς
3466 3268 3647 3337 ὑγιαι-

2073 3357 2268 3430 νούσης
2295 3357 2641 3424 διδασκαλίας
2663 3360 2726 3413 τὸ
2756 3361 3041 3432 στερέωμα
3064 3360 3162 3430 τῆς
3189 3361 3269 3423 εἰς
3298 3358 3530 3431 Χριστὸν
3551 3358 3645 3410 πί-

2075 3464 2242 3511 στεως
2262 3452 2600 3513 κατασεῖσαι,
2627 3450 2691 3502 ἐκ
2721 3449 2812 3502 τοῦ
2837 3450 2935 3520 τὴν
2961 3447 3322 3519 ἀποστολικὴν
3344 3447 3646 3519 παράδοσιν

2071 3537 2447 3607 ὲδαφισθεῖσαν
2480 3537 2865 3609 ἀφανισθῆναι.
2895 3539 2991 3592 Διά
3022 3539 3200 3603 τοῦτο,
3233 3538 3307 3602 ὡς
3338 3540 3445 3592 τῶν
3467 3556 3644 3611 χρεω-

2071 3628 2331 3698 φειλετῶν
2360 3631 2408 3683 oi
2440 3629 2597 3701 δῆθεν
2631 3629 2971 3700 εὐγνώμονες
2995 3628 3128 3700 (36),
3167 3628 3266 3692 τὰς
3299 3630 3363 3683 ὲκ
3402 3628 3512 3682 τῶν
3543 3631 3642 3697 ὲγ-

2070 3721 2297 3793 γράφων
2350 3720 2649 3785 ἀποδείξεις
2696 3721 3044 3785 ἐπιϐοῶνται,
3088 3720 3188 3791 τὴν
3241 3720 3487 3792 ἄγραφον
3528 3720 3642 3773 τῶν

2070 3813 2328 3884 Πατὲρων
2362 3812 2664 3885 μαρτυρίαν
2696 3813 2772 3877 ὡς
2808 3813 3019 3876 οὐδενὸς
3050 3813 3205 3879 ἀξίαν
3240 3812 3642 3883 ἀποπεμπόμε-

2068 3923 2169 3960 νοι.
2236 3906 2374 3959 Ἀλλ’
2427 3907 2488 3958 οὐ
2540 3905 2650 3975 γὰρ
2705 3904 3024 3977 ὑφησόμεθα
3057 3906 3156 3976 τῆς
3194 3904 3471 3975 ἀληθείας.
3516 3904 3641 3958 οὐδὲ

2067 3995 2237 4065 δειλία
2261 3993 2357 4066 τὴν
2383 3994 2697 4066 συμμαχίαν
2720 3995 3088 4067 προδώσομεν.
3120 3996 3184 4047 Et
3205 3996 3312 4068 γὰρ
3343 3997 3371 4049 ὁ
3400 3996 3499 4067 μὲν
3521 3995 3641 4048 Κύα-

2068 4104 2184 4158 ριος
2232 4087 2308 4150 ὡς
2351 4090 2647 4154 ἀναγκαῖον
2690 4088 2784 4141 καὶ
2827 4089 3092 4159 σωτήριον
3135 4087 3311 4159 δόγμα
3351 4090 3450 4160 τὴν
3500 4088 3642 4160 μετά

2067 4179 2280 4252 Πατρὸς
2311 4179 2560 4245 σύνταξιν
2591 4179 2685 4233 τοῦ
2725 4179 2880 4248 ἁγίου
2919 4179 3235 4252 Πνεύματος
3264 4183 3636 4255 παραδέδωκε,

2066 4274 2177 4335 τοῖς
2220 4272 2277 4326 δὲ
2313 4274 2413 4344 οὐχ
2448 4272 2590 4327 οὕτω
2626 4273 2794 4335 δοκεῖ,
2833 4272 2969 4327 ἀλλὰ
2999 4272 3228 4345 διαιρεῖν
3272 4275 3367 4328 καὶ
3401 4276 3640 4348 διασπᾷν

2067 4364 2160 4418 καὶ
2181 4364 2274 4418 ὲπὶ
2293 4363 2390 4434 τὴν
2421 4363 2583 4433 φύσιν
2608 4364 2707 4436 τὴν
2731 4364 3111 4436 λειτουργικὴν
3144 4367 3468 4437 μετοικίζειν
3495 4368 3635 4440 (57)-

392 4429 645 4484 trudere:
669 4445 738 4485 an
759 4445 868 4485 non
889 4448 1077 4488 verum
1109 4443 1213 4499 est.
1245 4442 1388 4510 apud
1418 4442 1541 4498 illos
1563 4446 1957 4517 blasphemiam

2077 4453 2182 4518 πῶς
2208 4455 2310 4507 οὐκ
2336 4429 2555 4523 ἀληθὲς,
2583 4429 2675 4507 ὃτι⁷
2690 4455 2791 4526 τὴν
2824 4429 3032 4509 ἑαυτιῦν
3067 4429 3411 4530 βλασφημίαν
3434 4429 3640 4531 κυῖριωο

391 4519 633 4589 ipsorum
665 4523 789 4592 plus
813 4523 1014 4615 habere
1042 4529 1319 4599 ponderis,
1349 4548 1513 4603 quam
1556 4535 1771 4593 Domini
1811 4557 1954 4611 prm-

459 4675 503 4706 "
562 4676 684 4730 Act.
728 4694 779 4743 v,
821 4678 911 4736 29.
986 4680 1036 4712 "
1083 4680 1277 4738 Matth.
1321 4701 1516 4755 xxvm,
1553 4689 1640 4746 l9.

612 4795 1084 4864 Ἄποκρίνασθαι.
1133 4800 1366 4860 Codices
1391 4809 1665 4877 nonnulli
1721 4812 1954 4886 ἀποκρίσ-

386 4878 593 4918 νεσυαι.

458 4934 568 5015 (βί)
599 4932 764 5001 Μηδὲ
792 4934 955 5015 ἡμῖν.
998 4936 1124 5015 Haec
1163 4941 1458 5015 scriptura,
1490 4962 1652 5015 quam
1687 4949 1954 5011 Erasmus

386 5001 441 5057 in
468 5001 881 5091 interpretando
912 5001 1374 5091 sequitur_,hilem
1399 5001 1567 5069 movit
1588 5001 1954 5091 οσιιῖδὲῐιέὶὀῖ

383 5086 450 5126 ac
479 5073 765 5153 legendum
792 5089 916 5153 esse
927 5073 1238 5153 congaudit,
1266 5093 1326 5153 ut
1349 5085 1404 5138 in
1429 5094 1665 5153 quatuor
1691 5073 1950 5149 uti};

383 5144 650 5222 perimus,
684 5144 813 5223 τότε
848 5149 997 5232 ἡμῖν,
1037 5149 1190 5232 ’Τιιησ
1225 5151 1373 5232 nobis
1402 5144 1947 5232 ei'tio_eert_qnt,‘qziod

381 5217 895 5289 eoscoujungimus.
946 5217 1051 5274 Sed
1085 5235 1310 5289 prorsus
1344 5224 1614 5281 immerito
1654 5217 1941 5289 Erasmnu

379 5281 753 5369 vellicathqui
798 5289 971 5365 multo
1016 5281 1210 5369 melius
1258 5296 1543 5369 sententia;
1583 5281 1942 5369 seriein'pir:

381 5352 583 5419 spexit.
608 5350 740 5435 Fert
758 5357 903 5408 enim
931 5361 1297 5415 conditionem
1323 5350 1659 5422 adversariis
1680 5350 1941 5435 ιξέίὲίῆἷιὲ,

376 5435 583 5501 eosque
615 5423 853 5502 undique
883 5434 1209 5502 constrictos
1233 5439 1398 5496 tenet,
1436 5445 1493 5487 ut
1521 5435 1607 5490 his
1635 5423 1843 5502 verbis,
1878 5423 1945 5495 bi

376 5491 591 5577 (κουρίας
615 5491 1023 5577 (θαιγξῖςξι-ίιϊίίἰ
1041 5510 1088 5577 et
1109 5498 1334 5577 Spiritus
1353 5491 1542 5569 sancti,
1573 5508 1653 5561 vel
1680 5491 1942 5577 Spiritum

378 5570 502 5643 Eum
536 5560 777 5643 Patr-eet
800 5563 938 5620 Filio
965 5560 1224 5641 conjungi
1263 5583 1479 5643 negent,
1521 5560 1937 5633 velifaIEa—ntur‘.

376 5624 437 5716 Si
468 5634 724 5712 conjungi
757 5644 975 5716 negent,
1025 5624 1221 5716 neque
1246 5624 1505 5716 signiﬁca
1535 5624 1941 5713 conjuncti-onis

376 5712 594 5756 neruine
637 5708 881 5761 incusari
923 5709 993 5765 ab
1035 5708 1148 5769 illis
1189 5709 1408 5782 debere,
1449 5730 1574 5772 cum
1609 5708 1744 5775 nihil
1790 5718 1939 5778 dicat

2062 4547 2228 4619 τέραν
2253 4548 2532 4603 ποιοῦνται
2562 4549 2660 4619 τῆς
2692 4547 2785 4603 τοῦ
2824 4550 3094 4603 Δεσπότου
3118 4551 3470 4622 νομοθεσίας;
3494 4553 3635 4625 Φέρε

2064 4831 2242 4887 neque
2266 4818 2469 4889 sentiat
2491 4818 2560 4872 ab
2586 4819 2691 4875 hoc
2719 4821 3031 4876 testimonio
3053 4821 3352 4889 diversum,
3387 4840 3487 4881 nec
3514 4842 3634 4883 ma-

2063 4889 2146 4956 gis
2179 4902 2245 4942 ex
2288 4887 2404 4964 suis
2435 4903 2601 4956 quam
2626 4905 2701 4964 ex
2745 4891 2947 4946 Christi
2978 4893 3161 4948 verbis
3191 4887 3508 4964 conjunctio
3543 4914 3636 4953 se-

2062 4955 2284 5026 quatur.
2335 4955 2413 5026 Si,
2443 4955 2575 5011 vero
2622 4958 2877 5023 fateatur,
2933 4963 3206 5017 immerito
3240 4955 3388 5021 litem
3423 4968 3527 5022 sibi
3561 4971 3635 5024 ab

2063 5025 2443 5102 illisimpingi,
2472 5029 2619 5102 quod
2645 5027 2986 5099 Scripturam
3019 5043 3298 5102 sequatur.
3334 5035 3487 5092 Hanc
3507 5052 3635 5094 esse

2063 5095 2605 5174 Dasili‘i‘sentent’iam
2640 5095 2964 5174 perspiciet,
2992 5095 3246 5171 quisquis
3279 5106 3416 5174 leget
3446 5116 3632 5161 aiten-

2061 5168 2190 5220 tius.
2227 5164 2592 5247 Quamobrem
2627 5164 2908 5247 retinenda
2942 5164 3044 5224 fuit
3073 5164 3291 5247 vulgata
3328 5164 3630 5247 scriptura,

2052 5238 2304 5307 quamvis
2336 5234 2506 5307 altera
2537 5239 2589 5291 in
2623 5239 2872 5307 pluribus
2902 5250 3078 5295 exstet
3107 5234 3413 5302 codicibus.
3447 5234 3462 5247 ’
3510 5239 3516 5250 ’

2123 5304 2236 5373 (55)
2276 5304 2649 5372 Ἔξήρτυταί.
2682 5309 2774 5362 Sic
2810 5310 3160 5368 Colhcrtinus
3193 5324 3246 5367 et
3273 5317 3382 5369 duo
3410 5316 3630 5373 codices

2050 5370 2445 5495 2.5332396
2472 5377 2644 5431 citati.
2699 5377 2833 5448 Reg.
2880 5382 3155 5437 secundus
3199 5383 3455 5457 ἔπηρται.
3485 5370 3630 5442 cum

2081 5461 2142 5512 ςη
2152 5461 2365 5512 ρτηται.

2121 5461 2543 5588 ῗὲξῗᾶηδῆθεν
2570 5518 2961 5588 εὐγνώμονες.
2994 5519 3159 5579 Recte
3181 5524 3494 5582 observavit
3518 5526 3630 5582 Bi-

2051 5582 2160 5704 li‘us
2192 5584 2347 5706 il‘lud,
2378 5586 2526 5639 bona:
2556 5582 2681 5654 ﬁdei
2722 5582 3006 5658 debitores,
3038 5609 3148 5648 non
3183 5596 3302 5651 sine
3326 5596 3503 5652 ironia
3539 5599 3625 5655 (ii-

2051 5667 2078 5706 c
2108 5668 2197 5706 um
2254 5669 2424 5706 lllsse.

2047 5660 2197 5706 ctum
2229 5660 2424 5708 fuisse.

2116 5721 2234 5796 (57')
2259 5723 2641 5789 Μετοικίζειν.
2668 5726 2928 5792 Nonnulli
2956 5733 3177 5794 codices
3210 5738 3623 5812 μετακομίζειν.
