3900 6212
347 262 451 323 U5

1691 259 1749 316 S.
1786 260 2032 317 BASlLll
2071 260 2282 318 MAGNI

3490 267 3591 326 “6

346 373 588 455 perfugis
607 393 675 436 ac
696 379 1155 451 praevaricatores
1180 378 1529 451 appellantur
1555 418 1571 446 ,
1603 384 1665 434 ut
1703 378 1797 449 qui
1839 392 1928 433 sa-

2044 378 2137 432 ιῶν
2171 378 2443 451 συνθήκας
2478 380 3061 454 παρασπονδήσαντεςς
3104 381 3172 436 Τί
3205 375 3298 436 οὖν
3326 381 3465 438 εἴπω
3498 383 3593 437 rbv

347 473 478 528 Iutis
507 487 622 529 suae
644 480 805 545 pacta
841 472 1138 529 violarint?
1170 474 1292 541 Quo
1324 472 1489 543 igitur
1531 472 1752 526 nomine
1788 487 1915 527 eum

347 563 445 635 qui
475 562 646 619 Deum
678 564 992 634 abnegavit,
1015 580 1127 636 quo
1151 580 1276 620 eum
1306 565 1399 635 qui
1442 564 1720 621 Christum
1754 565 1924 621 abne-

346 656 516 730 gavit,
547 655 856 728 appellem?
887 656 1136 723 Quonam
1170 657 1308 721 alio,
1340 672 1504 728 quam
1537 658 1923 728 praevaricato-

347 751 429 806 ris
458 764 524 806 ac
552 749 896 807 desertoris?
926 752 997 803 At
1023 749 1072 804 ei
1102 750 1195 818 qui
1226 750 1442 821 negavit
1462 749 1747 820 Spiritum,
1777 750 1923 820 quod

351 854 439 896 me
474 839 560 896 vis
585 854 782 894 nomen
813 839 1133 909 imponere?
1163 839 1355 894 Nonne
1383 840 1489 894 hoc
1517 840 1658 895 idem
1678 879 1695 906 ,
1726 841 1926 911 quippe

350 932 446 1001 qui
476 939 692 1002 pactum
724 947 850 987 cum
882 931 994 987 Deo
1033 932 1228 987 initum
1260 932 1520 987 violarit?
1549 931 1690 1003 Ergo
1718 948 1842 989 cum
1872 940 1928 987 et

352 1023 478 1081 ﬁdei
525 1024 580 1078 in
639 1021 904 1095 Spiritum
946 1024 1218 1095 professio
1266 1024 1665 1081 beatitudinem
1707 1025 1927 1094 pietatis

352 1116 513 1173 nobis
541 1116 827 1180 conciliet,
865 1128 921 1173 et
966 1117 1252 1188 abnegatio
1289 1117 1507 1174 crimini
1541 1117 1795 1187 abnegati
1832 1115 1928 1173 Dei

353 1208 521 1264 faciat
547 1210 850 1265 obnoxios:
885 1224 955 1264 an
979 1225 1091 1265 non
1121 1210 1455 1269 horrendum
1471 1219 1556 1266 est
1575 1215 1752 1281 ipsum
1782 1226 1930 1267 nunc

352 1303 603 1372 rejicere,
626 1318 734 1358 non
761 1303 963 1373 ignem,
988 1318 1098 1359 non
1130 1303 1392 1374 gladium,
1417 1320 1526 1360 non
1553 1319 1796 1373 crucem,
1818 1320 1930 1360 non

350 1390 586 1463 ﬂagella,
619 1408 730 1447 non
767 1401 970 1458 rotam,
1005 1408 1115 1448 non
1145 1400 1417 1450 tormenta
1444 1402 1751 1452 metuentes
1771 1435 1789 1459 ,
1833 1398 1931 1453 sed

353 1484 489 1541 solis
509 1484 942 1556 sophismatibus
968 1486 1493 1556 scductionibusque
1535 1488 1765 1544 istorum
1787 1528 1802 1553 ,
1835 1489 1930 1559 qui

355 1572 586 1645 Spiritui
630 1575 860 1632 rebelles
911 1585 1064 1644 sunt,
1106 1577 1408 1648 deceptos?
1440 1577 1730 1636 Testiﬁcor
1778 1581 1929 1636 omni

354 1666 565 1723 homini
590 1664 868 1722 Christum
899 1667 1208 1737 proﬁtenti,
1239 1677 1294 1724 et
1326 1668 1492 1723 Deum
1514 1671 1760 1740 neganti,
1783 1671 1927 1736 quod

352 1757 610 1814 Christus
647 1758 784 1813 nihil
835 1758 913 1814 illi
952 1760 1234 1831 proderit;
1270 1768 1365 1813 aut
1408 1758 1577 1816 Deum
1628 1763 1924 1827 invocanti,

353 1846 550 1904 Filium
582 1866 711 1906 vero
743 1852 1050 1921 spernenti,
1080 1852 1228 1923 quod
1261 1852 1442 1909 inanis
1468 1861 1554 1909 est
1581 1852 1716 1910 ﬁdes
1756 1854 1925 1911 illius.

354 1938 490 1997 Item
514 1942 572 1997 ei
600 1943 695 2014 qui
737 1942 1002 2015 Spiritum
1044 1944 1259 2014 rejicit,
1312 1944 1574 2001 testiﬁcor
1614 1946 1759 2017 quod
1796 1947 1930 2003 ﬁdes

355 2034 477 2099 ejus
506 2045 614 2103 qua
636 2035 925 2105 proﬁtetur
956 2035 1173 2092 Patrem
1214 2046 1268 2093 et
1304 2036 1522 2101 Filium,
1566 2039 1747 2097 inanis
1781 2043 1886 2096 erit
1914 2060 1927 2095 :

353 2126 465 2197 23
495 2142 663 2196 quam
693 2144 799 2184 nec
820 2129 1023 2184 habere
1056 2137 1236 2200 potest
1274 2130 1382 2185 nisi
1421 2129 1586 2187 simul
1617 2131 1761 2187 adsit
1809 2131 1932 2200 Spi-

358 2219 524 2275 ritus.
567 2218 688 2274 Non
720 2220 867 2276 enim
916 2221 1088 2276 credit
1118 2221 1173 2275 in
1210 2219 1438 2287 Filium,
1466 2222 1561 2292 qui
1610 2238 1718 2279 non
1757 2223 1934 2279 credit

360 2308 615 2382 Spiritui;
643 2327 744 2369 nec
766 2312 940 2369 credit
965 2313 1022 2368 in
1049 2313 1286 2374 Patrem.
1310 2316 1403 2386 qui
1432 2331 1540 2370 non
1571 2317 1745 2371 credit
1772 2315 1930 2373 Filio.

361 2403 475 2460 Nec
503 2407 642 2461 enim
680 2415 852 2476 potest
887 2408 1058 2463 dicere
1085 2406 1587 2473 DominumJesum,
1607 2409 1711 2463 nisi
1736 2410 1789 2463 in
1817 2407 1936 2478 Spi-

359 2499 466 2550 ritu
490 2505 672 2553 sancto
685 2497 842 2564 ”;ct,
859 2497 1027 2553 Deum
1056 2516 1205 2554 nemo
1228 2500 1354 2554 sidit
1370 2517 1622 2571 unquam,
1643 2500 1734 2555 sed
1756 2503 1935 2573 unige-

360 2587 506 2641 nitus
542 2587 740 2653 Filius,
774 2590 864 2658 qui
884 2600 960 2644 est
996 2590 1052 2644 in
1083 2591 1204 2646 sinu
1229 2591 1438 2655 Patris,
1465 2592 1549 2645 hic
1589 2594 1738 2648 nobis
1777 2610 1936 2648 ener-

361 2679 501 2732 ravit
528 2677 597 2732 “.
629 2676 858 2749 insuper
894 2681 1020 2735 talis
1054 2695 1249 2751 expers
1286 2688 1373 2737 est
1409 2697 1552 2737 vera:
1580 2681 1943 2752 adorationis.

360 2768 550 2840 Neque
577 2771 722 2826 enim
753 2771 869 2826 ﬁeri
899 2780 1099 2843 potest.
1133 2782 1193 2827 ut
1222 2774 1345 2843 quis
1375 2772 1571 2829 Filium
1599 2774 1807 2838 adoret,
1829 2774 1936 2830 nisi

362 2863 420 2916 in
452 2861 659 2934 Spiritu
693 2872 919 2928 sancto,
956 2873 1051 2920 aut
1091 2873 1150 2920 ut
1182 2864 1401 2921 Patrem
1447 2866 1696 2934 invocet,
1742 2866 1850 2923 nisi
1882 2865 1937 2920 in

365 2953 677 3028 adaptionis
705 2955 931 3028 Spiritu.

950 3092 1183 3149 CAPUT
1238 3093 1352 3150 ΧΠ.

367 3201 636 3259 Adversus
686 3220 776 3260 eos
821 3204 912 3275 qui
946 3202 1128 3257 dicunt
1172 3205 1403 3273 stt/ﬁcere
1435 3203 1698 3275 baptisma
1732 3214 1938 3262 tantum

859 3275 916 3328 in
962 3275 1171 3329 nomine
1214 3275 1445 3329 Domini.

442 3385 535 3442 28.
574 3385 855 3443 Neminem
893 3402 1024 3444 vero
1051 3389 1105 3442 in
1124 3387 1369 3443 fraudem
1398 3389 1621 3444 inducat
1641 3390 1772 3446 illud
1796 3391 1941 3462 Apo-

371 3476 523 3537 stoli,
555 3476 702 3548 quod
728 3475 909 3534 Patris
947 3485 1001 3531 et
1024 3477 1259 3547 Spiritus
1285 3480 1464 3534 sancti
1495 3494 1695 3535 nomen
1750 3480 1804 3536 in
1851 3482 1943 3537 ba-

369 3567 593 3637 ptizalis
630 3567 1153 3622 commemoratione
1193 3564 1510 3636 frequenter
1561 3568 1764 3621 omittit
1798 3584 1813 3621 :
1845 3583 1941 3623 ne-

371 3676 479 3731 que
508 3659 630 3715 ideo
659 3665 813 3730 putet
844 3657 1244 3713 indiﬂerentem
1291 3672 1416 3713 esse
1462 3658 1747 3712 nominum
1784 3659 1942 3713 invo-

371 3752 666 3808 nationem.
706 3751 1037 3819 Quicunque,
1064 3749 1262 3818 inquit,
1299 3749 1356 3802 in
1381 3748 1650 3804 Christum
1684 3749 1945 3819 baptismi

369 3842 518 3907 estis,
568 3840 842 3897 Christum
882 3840 1134 3894 induistis
1150 3839 1234 3901 ”;
1275 3849 1331 3895 et
1369 3854 1587 3902 rursus,
1638 3840 1946 3911 Quicunque

371 3933 428 3986 in
457 3930 670 3987 Christo
700 3929 959 3998 baptizati
986 3930 1138 3992 estis,
1164 3930 1221 3983 in
1251 3937 1472 3984 mortem
1505 3930 1653 3983 illius
1687 3930 1947 3998 baptizati

372 4023 502 4077 estis
513 4023 583 4076 ’⁸.
608 4020 746 4075 Nam
770 4020 974 4077 Christi
998 4020 1310 4090 appellatio,
1334 4021 1505 4076 totius
1527 4029 1613 4077 est
1634 4023 1943 4089 professio:

374 4114 619 4169 declarat
653 4113 922 4183 siquidem
953 4122 1008 4168 et
1039 4112 1211 4167 Deum
1226 4112 1323 4183 qui
1348 4112 1526 4175 unxit,
1547 4123 1602 4168 et
1631 4112 1827 4168 Filium
1851 4116 1944 4186 qui

373 4212 577 4261 unctus
601 4212 708 4268 est,
758 4212 814 4259 et
852 4204 1116 4275 Spiritum
1150 4212 1404 4261 sanctum
1450 4207 1547 4276 qui
1579 4213 1664 4262 est
1705 4210 1894 4264 unctio
1930 4229 1944 4264 :

375 4295 839 4367 quemadmodum
872 4311 905 4350 a
934 4294 1098 4351 Petro
1123 4295 1181 4350 in
1214 4295 1369 4352 Actis
1399 4295 1716 4363 didicimus,
1762 4296 1946 4354 Iesum

2030 474 2381 545 ἀρνησίθεον;
2419 473 2473 526 τί
2502 473 2558 527 δὲ
2595 473 2687 528 τὸν
2728 474 3172 546 ἀρνησίχριστον;
3213 475 3278 529 Τί
3307 474 3433 530 ἄλλο
3463 492 3528 545 γε
3556 476 3591 548 ἢ

2024 568 2379 641 παραϐάτην;
2425 567 2516 640 Τῷ
2546 569 2602 623 δὲ
2639 569 2703 623 rb
2731 568 2955 639 Πνεῦμα
2983 569 3345 641 ἀρνησαμένῳ
3373 569 3496 623 τίνα
3525 586 3595 641 με

2026 662 2204 731 βούλει
2235 662 2604 734 προσηγορίαν
2641 659 2862 726 θέσθαι;
2897 662 2970 714 Ob
3014 659 3112 732 τὴν
3158 659 3325 731 αὐτὴν
3368 659 3595 731 ταύτην,

2024 755 2099 819 ὡς
2117 754 2216 818 τὰς
2239 755 2373 827 πρὸς
2394 754 2524 808 Θεὸν
2550 752 2857 826 παραϐάντι
2881 753 3180 823 συνθήκας;
3206 752 3412 807 Οὐκοῦν
3434 753 3598 806 ὁπότε

2025 844 2122 898 καὶ
2149 847 2182 915 ή
2212 844 2473 916 ὁμολογία
2511 844 2613 915 τῆς
2651 845 2731 907 είς
2767 843 2898 897 αὐτὸ
2938 842 3051 916 (45)
3095 843 3328 908 πίστεως
3366 843 3456 895 τὸν
3498 843 3601 913 τῆς

2027 936 2304 999 εὐσεϐείας
2356 933 2702 1007 μακαρισμὸν
2754 932 3021 1007 προξενεῖ,
3067 935 3162 988 καὶ
3201 935 3235 1005 ή
3267 934 3493 1005 ἄρνησις
3530 935 3599 1003 τῇ

2028 1025 2349 1097 κατακρίσει
2379 1024 2481 1095 τῆς
2512 1023 2804 1096 ἀθεότητος
2836 1022 3128 1077 ὑποϐάλλει
3149 1063 3164 1089 ,
3201 1023 3318 1086 πῶς
3348 1023 3408 1076 οὑ
3440 1021 3602 1091 φοϐε-

2032 1119 2124 1191 ρὸν
2149 1118 2307 1172 τοῦτο
2333 1118 2445 1189 (44)
2475 1116 2570 1172 νῦν
2606 1116 2893 1187 ἀθετῆσαι,
2935 1116 2997 1169 ού
3041 1115 3173 1188 πῦρ,
3217 1116 3278 1169 ού
3322 1115 3496 1185 ξίφος,
3536 1113 3600 1167 ού

2031 1212 2282 1284 σταυρὸν,
2312 1211 2374 1265 ού
2410 1211 2699 1282 μάστιγας,
2734 1210 2797 1263 οὐ
2828 1209 3039 1280 τροχὸν,
3077 1209 3137 1261 ού
3188 1206 3603 1279 στρεϐλωτήρια

2030 1304 2383 1376 φοϐηθέντας,
2413 1303 2547 1358 ἀλλὰ
2582 1301 2879 1373 σοφίσμασι
2911 1302 3093 1373 μόνοις
3123 1301 3215 1354 καὶ
3243 1300 3604 1371 παραγωγαῖς

2029 1396 2137 1451 τῶν
2161 1395 2631 1469 ωευματομάχων
2659 1392 3208 1466 παρακρουσθέντας;
3234 1389 3603 1463 Μαρτύρομαι

2032 1490 2196 1544 παντὶ
2233 1486 2504 1562 ἀνθρώπῳ
2533 1484 2884 1558 ὁμολογοῦντι
2912 1483 3168 1556 Χριστὸν,
3213 1483 3307 1538 καὶ
3344 1481 3435 1536 τὸν
3466 1481 3605 1534 Θεὸν

2030 1577 2369 1651 ἀρνουμένῳ,
2414 1577 2498 1631 ὅτι
2544 1574 2779 1649 Χριστὸς
2822 1574 2981 1629 αὐτὸν
3034 1573 3185 1628 οὐδὲν
3229 1573 3516 1644 ὠφελήσειο
3564 1571 3600 1645 η

2031 1669 2163 1723 Θεὸν
2199 1666 2630 1739 ἐπικαλουμένῳ,
2664 1667 2755 1721 τὸν
2792 1666 2851 1720 δὲ
2891 1665 3020 1719 Υίὸν
3047 1664 3160 1737 (45)
3187 1661 3487 1727 ἀθετοῦντι,
3517 1663 3603 1716 ὅτι

2032 1763 2236 1835 ματαία
2276 1763 2426 1816 ἐστὶν
2469 1764 2504 1834 ἡ
2553 1761 2737 1824 πίστις
2777 1759 2962 1813 αὐτοῦ·
3011 1758 3108 1813 καὶ
3151 1756 3228 1828 τῷ
3268 1756 3329 1810 rb
3376 1755 3604 1827 Πνεῦμα

2030 1854 2470 1928 παραιτουμένῳ,
2496 1855 2578 1908 ὅτι
2610 1855 2643 1925 ή
2672 1853 2753 1917 εἰς
2781 1849 2999 1922 Πατέρα
3026 1849 3122 1903 καὶ⁹
3142 1848 3272 1902 Υίδν
3295 1848 3478 1911 πίστις
3505 1847 3606 1900 αὐ-

2029 1949 2108 2020 τῷ
2140 1951 2220 2013 είς
2253 1948 2405 2003 κενὸν
2433 1945 2788 2017 ἀποϐήσεται,
2828 1942 2898 2014 ἦν
2927 1941 3045 1995 οὐδὲ
3070 1940 3212 2011 ἔχειν
3245 1938 3488 2003 δύναται,
3525 1936 3604 2009 μὴ

2033 2045 2410 2119 συμπαρόντος
2447 2040 2542 2096 τοῦ
2585 2039 2922 2112 Πνεύματος.
2964 2038 3040 2091 Ού
3084 2033 3327 2088 πιστεύει
3368 2033 3466 2105 μὲν
3491 2031 3603 2104 γὰρ

2032 2142 2112 2203 είς
2143 2138 2273 2192 Υίὸν
2300 2139 2328 2190 ὁ
2356 2135 2430 2207 μὴ
2461 2133 2729 2189 πιστεύων
2758 2130 2834 2202 τῷ
2862 2128 3161 2200 Πνεύματι·
3188 2129 3248 2182 οὐ
3281 2125 3524 2180 πιστεύει
3545 2125 3605 2179 δὲ

2033 2229 2113 2291 είς
2144 2226 2365 2297 Πατέρα
2403 2227 2430 2278 ὀ
2466 2224 2539 2296 μὴ
2568 2221 2866 2285 πιστεύσας
2890 2218 3000 2291 (46)
3036 2218 3114 2290 τῷ
3141 2217 3276 2288 Υίῷ.
3316 2217 3464 2269 Οὔτε
3494 2214 3605 2284 γὰρ

2033 2318 2279 2372 δύναται
2307 2314 2498 2369 εἰπεῖν
2519 2315 2741 2381 Κύριον
2777 2308 3015 2378 Ἰησοῦν
3031 2311 3083 2362 εὶ
3103 2305 3188 2377 μὴ
3214 2306 3284 2359 ἐν
3306 2305 3605 2373 Πνεύμστι

2034 2410 2197 2479 ἀγίῳυ
2231 2408 2346 2472 καὶ,
2401 2406 2549 2460 Θεὸν
2579 2403 2779 2469 οὐδεὶς
2818 2400 3040 2469 ἑώρακε
3091 2398 3343 2461 πώποτε,
3394 2394 3533 2450 ἀλλ’
3573 2397 3611 2447 ό

2031 2500 2367 2571 μονογενὴς
2403 2497 2557 2563 Υἱὸς,
2604 2499 2637 2550 ό
2662 2493 2748 2549 ὢν
2773 2495 2843 2548 ἐν
2872 2492 2997 2559 τοῖς
3044 2492 3297 2556 κόλποις
3329 2489 3435 2543 τοῦ
3486 2490 3608 2542 Πα-

2036 2592 2195 2662 τρός,
2234 2588 2413 2655 οὗτος
2454 2588 2599 2659 ἡμῖν
2634 2586 2747 2656 (47)
2781 2583 3141 2654 ἐξηγήσατο.
3186 2580 3445 2652 Ἀμοιρὸς
3492 2580 3610 2633 ἐστι

2038 2681 2253 2752 καὶτῆς
2272 2679 2532 2751 ἀληθινῆς
2556 2676 2977 2750 προσκυνήσεως
3004 2675 3032 2726 ὁ
3051 2671 3309 2735 τοιοῦτος.
3339 2669 3476 2724 Οὔτε
3498 2668 3612 2741 γὰρ

2041 2771 2168 2824 Υίὸν
2209 2767 2579 2840 προσκυνῆσαι
2617 2764 2841 2820 δυνατὸν
2872 2764 2920 2815 εἰ
2963 2760 3036 2832 μὴ
3071 2759 3183 2831 (48)
3235 2762 3292 2812 ἐν
3331 2757 3612 2828 Πνεύματι.

2040 2862 2201 2933 ἁγίῳ,
2227 2860 2349 2915 οὔτε
2379 2859 2805 2914 ἐπικαλέσασθαι
2835 2856 3063 2911 δυνατὸν
3088 2853 3177 2907 τὸν
3207 2851 3426 2923 Πατέρα
3449 2852 3498 2904 εἰ
3534 2850 3613 2922 μὴ

2041 2958 2100 3010 ὲν
2122 2954 2201 3027 τῷ
2223 2956 2321 3026 τῆς
2344 2952 2614 3015 υἱοθεσίας
2644 2950 2940 3021 Πνεύματι.

2532 3086 2933 3143 ΚΕΦΑΛΑῙΟΝ
3017 3084 3117 3138 ΙΒ.

2036 3210 2192 3280 Πρὸς
2217 3208 2361 3273 τοὺς
2390 3204 2679 3280 λέγοντας
2724 3199 3003 3280 ἐξαρκεῖν
3038 3197 3137 3251 καὶ
3186 3195 3380 3265 μόνον
3421 3190 3488 3247 τὸ
3525 3192 3619 3256 εις

2455 3269 2564 3329 τὸν
2595 3274 2815 3341 Κύριον
2846 3269 3184 3337 βάπτισμα.

2104 3392 2195 3447 28.
2227 3390 2339 3444 Καὶ
2368 3387 2571 3460 μηδένα
2592 3382 3025 3457 παρακρουέσθω
3052 3380 3113 3434 rb
3135 3378 3230 3433 τοῦ
3266 3375 3615 3440 Ἀποστὸλου,

2041 3484 2113 3545 ὡς
2141 3482 2202 3535 rb
2251 3481 2423 3550 ὄνομα
2458 3475 2552 3531 τοῦ
2586 3476 2801 3545 Πατρδς
2832 3474 2942 3543 (49)
2986 3473 3080 3526 καὶ
3119 3469 3213 3524 τοῦ
3252 3469 3409 3537 ἁγίου
3441 3463 3617 3519 Πνεύ-

2043 3587 2211 3644 ματος
2242 3569 2336 3622 ἐπὶ
2374 3568 2476 3638 τῆς
2526 3565 2622 3619 τοῦ
2669 3563 3043 3634 βαπτίσματος
3096 3561 3317 3632 μνήμης
3362 3555 3621 3618 πολλάκις

2042 3659 2585 3733 παραλιμπάνοντος,
2644 3655 2779 3726 μηδὲ
2842 3653 2932 3707 διὰ
2980 3652 3138 3706 τοῦτο
3194 3649 3625 3720 ἀπαρατήρητον

2040 3753 2234 3809 οἰέσθω
2279 3750 2378 3821 τὴν
2413 3748 2698 3819 ἐπίκλησιν
2744 3742 2882 3797 εἶναι
2926 3741 3034 3795 τῶν
3081 3739 3377 3809 ὀνομάτων.
3416 3738 3616 3794 Ὅσοι.

2043 3844 2226 3915 φησὶν,
2251 3845 2338 3908 εὶς
2369 3837 2629 3909 Χριστὸν
2669 3834 3085 3899 ἐϐαπτίσθητε,
3121 3828 3379 3897 Χριστὸν
3404 3823 3624 3915 eradit-

2042 3912 2261 3989 o'dO'Oe'
2304 3928 2398 3983 καὶ
2441 3926 2631 3983 πάλιν·
2690 3924 2864 3977 Ὅσοι
2910 3922 2998 3986 εἰς
3063 3915 3324 3985 Χριστὸν
3388 3912 3626 3967 ἐϐαπτί-

2044 4031 2247 4093 σθητε,
2269 4024 2358 4087 εὶς
2388 4018 2494 4074 τὸν
2510 4015 2768 4073 θάνατον
2778 4011 2961 4067 αὑτοῦ
2978 4010 3389 4074 ἐϐαπτίσθητε.
3426 4005 3489 4057 Ἥ
3513 4003 3627 4074 γὰρ

2046 4118 2139 4173 τοῦ
2168 4111 2401 4187 Χριστοῦ
2426 4106 2764 4183 προσηγορία
2788 4103 2882 4158 τοῦ
2916 4101 3116 4165 παντός
3144 4102 3289 4153 ἐστιν
3320 4097 3587 4168 ὁμολογία
3606 4113 3622 4127 ·

2045 4208 2193 4277 δηλοῖ
2227 4205 2336 4277 γὰρ
2365 4202 2457 4256 τόν
2486 4218 2546 4255 τε
2579 4197 2861 4289 χρίσανιακ
2879 4193 3032 4261 Θεὸν,
3077 4192 3291 4289 καὶτὸν
3335 4188 3626 4289 χρισθέντα

2047 4299 2197 4362 Υἱδν,
2232 4295 2327 4348 καὶ
2353 4291 2417 4348 rb
2452 4291 2661 4363 χρίσμα
2681 4289 2744 4342 τὸ
2765 4280 3012 4357 Πνεῦμα,
3050 4284 3126 4347 ὡς
3155 4283 3306 4350 παρά
3338 4281 3543 4352 Πέτρου
3566 4280 3628 4332 έν

378 4387 746 4452 Nazarenam,
777 4404 930 4459 quem
961 4389 1115 4443 unxit
1136 4386 1277 4442 Deus
1291 4387 1499 4459 Spiritu
1514 4398 1699 4445 sancto
1715 4390 1782 4445 ⁸⁷.
1812 4389 1939 4446 Item

2052 4393 2170 4455 ταῖς
2200 4388 2441 4461 Πράξεσι
2472 4383 2891 4456 μεμαθήκαμεν,
2934 4375 3177 4466 Ἰησοῦς
3212 4374 3318 4430 τὸν
3350 4372 3475 4466 ,ἀπὸ
3512 4374 3628 4466 Na:

379 4481 439 4537 in
473 4480 634 4548 Isaia,
666 4478 900 4551 Spiritus
922 4479 1139 4535 Domini
1180 4495 1339 4551 super
1357 4497 1461 4547 me,
1500 4498 1563 4538 eo
1603 4482 1742 4553 quod
1792 4484 1943 4538 unxit

2048 4481 2237 4552 ζαρὲτ,
2285 4479 2358 4533 ὃν
2394 4476 2641 4547 ἔχρισεν
2672 4472 2785 4544 (50)
2827 4473 2860 4525 ὁ
2908 4468 3055 4534 Θεὸς
3094 4464 3177 4531 τῷ
3207 4464 3504 4533 Πνεύματι
3548 4461 3631 4527 τῷ

475 4640 497 4672 ³
537 4637 558 4692 l
592 4615 720 4694 Cor.
762 4653 862 4703 xu,
894 4638 948 4693 5.
1023 4638 1070 4670 “
1107 4635 1264 4691 Joan.
1308 4652 1360 4700 ι,
1402 4636 1490 4692 i8.
1600 4638 1647 4670 "
1684 4636 1804 4694 Cal.
1846 4654 1939 4706 ιιι,

2044 4638 2070 4692 '.
2142 4638 2200 4683 s"
2240 4637 2396 4691 Rom.
2437 4646 2522 4697 γι,
2562 4630 2618 4684 '5.
2705 4628 2751 4661 ’⁷
2791 4625 2910 4682 Act.
2951 4641 3023 4686 x,
3064 4622 3157 4679 58.

383 4820 566 4947 abscidi)
592 4822 694 4889 Εἰς
714 4823 883 4877 αὐτό.
902 4820 1047 4876 Editi
1071 4835 1136 4875 ac
1158 4833 1302 4874 unus
1328 4823 1542 4873 tantum
1563 4816 1736 4872 codex
1756 4831 1861 4872 ms.
1884 4818 1964 4882 είς

456 4963 570 5030 (44)
605 4962 807 5017 Τοῦτο.
858 4961 1002 5016 Editi
1050 4959 1278 5030 ταύτην,
1310 4955 1749 5030 repugnantibus
1772 4957 1964 5030 omni:

344 5076 356 5089 .
387 5026 803 5116 huicodicibus
835 5049 970 5088 russ.
1011 5045 1075 5085 ac
1108 5026 1227 5100 ipsa
1257 5026 1422 5083 etiam
1451 5026 1629 5098 prima
1661 5026 1961 5083 Basileensi

386 5105 721 5243 ωέἳὲῗῗὼῖ
751 5170 821 5226 δὲ
856 5173 1013 5227 Υἰόν.
1047 5170 1138 5224 Sic
1159 5183 1296 5243 ms_s.
1320 5166 1561 5223 codices.
1589 5165 1731 5243 _Editi
1758 5164 1961 5243 τον

388 5236 644 5314 δριστόν.
669 5241 790 5314 _Nec
809 5311 820 5314 _
839 5243 1013 5314 multo
1037 5247 1186 5314 Apost
1225 5236 1678 5314 Reg._sec_undus
1711 5244 1764 5291 et
1794 5237 1962 5314 editio

388 5307 564 5369 Paris.
600 5311 696 5366 τοῦ
727 5311 884 5382 ἁγίου
911 5307 1248 5383 Πνεύματος.
1283 5308 1392 5363 Alii
1418 5307 1548 5364 editi
1572 5315 1629 5363 et
1660 5321 1795 5363 mss.
1822 5315 1883 5361 ut
1905 5307 1960 5362 in

388 5389 672 5522 miiii‘ib'
699 5451 786 5522 μὴ
816 5453 1171 5515 πιστεύσας.
1196 5448 1427 5506 Veteres
1454 5449 1661 5522 aliquot
1687 5446 1810 5522 libri
1831 5448 1860 5501 ὁ
1876 5444 1960 5522 μὴ

391 5516 942 5579 πιστεύων.’1ί›ί‹1θιιι
990 5522 1207 5577 codices
1257 5535 1447 5575 omnes
1488 5518 1690 5589 Κύριον
1733 5516 1959 5589 Ἰησοῦνέ

392 5591 787 5665 Εάῑιίηίςύριος
839 5589 1285 5665 Ἰησοῦς-Βριυῷ
1318 5597 1439 5665 post
1470 5586 1669 5665 pro—leo
1699 5586 1846 5665 quod
1878 5596 1964 5665 est

397 5663 456 5719 in
488 5655 721 5731 editis,'6
755 5655 1047 5733 μονογενὴς
1072 5661 1220 5727 Υἱός,
1249 5655 1536 5732 legendum
1566 5655 1778 5714 videtur
1806 5655 1961 5720 Θεὸς,

2061 4824 2121 4870 ιιι
2152 4814 2207 4867 in
2237 4810 2415 4881 capite
2448 4814 2603 4881 sexto
2616 4803 2796 4881 huius
2826 4801 2951 4855 libri
2984 4796 3351 4881 restituimus.

2134 4862 2487 4953 (iif'bezoé;
2530 4862 2805 4946 emrtua
2851 4887 2984 4926 mss.
3020 4869 3258 4923 codices.
3295 4867 3437 4922 Editi
3470 4862 3635 4927 αὐτὸς

2143 4958 2215 5007 ἲν.

2062 4957 2246 5094 ﬁmi)
2275 5022 2343 5094 Et
2360 5017 2466 5088 μή.
2495 5013 2918 5094 liancvoculam
2946 5010 2996 5094 ε]
3024 5008 3109 5062 bis
3215 5004 3635 5094 hac‘verborum

2066 5073 2447 5161 εοὶιῖᾖίοὶῑόηὸ
2479 5085 2809 5161 addidimus.
2858 5095 2924 5161 ac
2960 5078 3183 5161 δυνατόν
3214 5082 3338 5145 post
3383 5073 3640 5127 ἐπικαλέ-

2069 5148 2288 5223 σασθαι,
2318 5159 2637 5212 auctoribus
2664 5152 2907 5223 antiquis
2930 5148 3267 5223 co_dicibtis_._
3356 5218 3369 5223 _
3487 5211 3502 5223 ‘
3608 5209 3636 5221 _

2138 5211 2866 5302 (ίέᾷἾΤοῧίΠατρρς-.-Ἰξιέε
2900 5218 3125 5302 codices
3145 5213 3375 5302 addunt
3418 5211 3514 5265 καὶ
3543 5211 3639 5265 τοῦ

2066 5289 2375 5371 Υξὸῦίῳιιιι
2399 5289 2563 5372 voces
2592 5289 2647 5350 in
2675 5291 2989 5372 Cglbertino
3021 5289 3241 5372 deleta.
3281 5371 3286 5372 γ
3314 5353 3328 5372 ⁸

2093 5346 2707 5443 Ῐῖέθγηῦῠκ
2728 5346 2874 5417 Εᾱίιί
2915 5352 3483 5443 (ὓς-,ἔχρισενλαύτθνρ
3503 5346 3641 5443 Ξεξς

2066 5429 2345 5514 Πνεύματι.
2375 5429 2514 5514 ἁγίῷ
2565 5435 2671 5492 Sed
2688 5448 2891 5514 _oume_s
2916 5429 3142 5514 codices
3161 5429 3481 5514 mssgutui‘n
3500 5434 3630 5514 cor—1:

2067 5501 2239 5570 textu‘.
2283 5501 2516 5564 Eosdem
2550 5506 2832 5574 sequimur
2864 5504 2918 5556 in
2951 5501 3053 5555 hac
3084 5510 3238 5560 voce,
3273 5501 3503 5556 εἵνεκεν,
3533 5502 3637 5561 pro

2064 5600 2131 5641 eo
2159 5581 2303 5653 quod
2336 5586 2452 5637 erat
2483 5580 2534 5633 in
2569 5576 2729 5633 editis
2757 5574 2959 5628 ἕνεκεν.
