3900 6212
239 304 348 365 H7

1372 321 1580 381 ΜΒΕῆ
1618 324 1707 381 DE
1740 327 2019 386 SPIRITU
2063 330 2350 389 SANCTO.

3395 328 3497 384 118

235 423 388 517 (ξι-ίῳ
405 438 421 451 ·
458 426 556 517 καὶ
569 426 627 479 ὲν
640 425 719 517 τῷ
747 426 968 500 Ἡσαΐᾳ,
986 432 1228 503 Πνεῦμα
1254 435 1477 507 Κυρίου
1490 436 1731 517 ἐπ’ρμὲ,
1757 436 1820 497 οὗ

1936 443 2111 510 me”;
2134 452 2189 499 et
2218 438 2526 499 Psalmlcus
2558 440 2648 495 ille
2679 446 2893 503 cantor,
2935 436 3225 510 Propterea
3256 440 3412 494 unxit
3450 449 3501 495 ts
3570 486 3579 491 .

235 511 477 566 εινεκεν
504 514 713 584 ἕχρισέ
747 535 820 585 με
837 533 854 549 ο
879 520 1016 575 καὶὸ
1035 523 1337 595 Ψαλμῳδός
1365 511 1622 599 (sn-sui
1654 531 1830 586 τοῦτο

236 602 457 672 ἔχρισέ
475 621 550 660 σε
572 611 606 661 ὸ
635 609 780 675 Θεὸς
806 613 841 663 ὀ
865 613 1010 677 Geor;
1033 630 1149 670 σου
1176 618 1385 673 ἔλαιον
1410 621 1829 690 ἀγαλλιάσεως

234 693 399 763 παρὰ
410 696 853 791 τοίιςιιετόχους
864 707 1252 763 σου.Φαίνεται
1272 712 1475 783 μέντοιι
1491 715 1547 766 Ἀ
1553 715 1826 791 πόστολός]

238 800 376 838 ποτε
405 787 500 839 καὶ
537 789 698 858 μόνου
728 792 821 845 τοῦ
868 794 1185 866 Πνεύματος
1213 802 1305 855 ἐπὶ
1328 802 1421 855 τοῦ
1453 787 1829 877 βαπτίσματος

240 877 646 967 μνημονεύσας.
690 881 919 951 Πάντες
972 887 1099 959 γὰρ,
1127 890 1314 961 φησὶν,
1357 893 1427 947 ἐν
1462 895 1552 948 ἐνὶ
1599 896 1829 967 σώματι

234 968 331 1060 εἰς
361 966 435 1060 ἐκ
459 970 703 1040 Πνεῦμα
739 974 1205 1050 ἐϐαπτίσθημεν.
1252 983 1544 1054 Συμφωνεῖ
1568 986 1626 1040 δὲ
1654 966 1828 1060 τούτῳ

378 1058 463 1122 τὸ,
524 1060 722 1129 Ὑμεῖς
757 1064 829 1118 δὲ
865 1068 1370 1140 βαπτισθήσεσθε
1421 1077 1493 1129 ἐν
1530 1057 1828 1149 Πνεύματι

236 1146 422 1240 σιτίῳ·
461 1149 558 1202 και
592 1152 674 1214 τδ,
702 1156 901 1222 Αὐτὸς
931 1158 1087 1226 ὑμᾶς
1113 1161 1405 1225 βαπτίσει
1431 1166 1502 1220 ἐν
1528 1146 1827 1240 amabam

235 1239 407 1334 tit-rio).
446 1242 675 1334 Ἀλλ’ρὺ
707 1246 861 1319 παρὰ
888 1248 1045 1303 τοῦτο
1082 1253 1286 1307 τέλειον
1314 1254 1378 1310 ἄν
1404 1274 1491 1322 τις
1532 1239 1824 1334 ductim)

238 1329 552 1404 βάπτισμα,
590 1327 636 1403 ᾧ
671 1337 831 1407 μόνον
879 1340 941 1393 τὸ
986 1339 1157 1415 ὄνομα
1197 1345 1298 1400 τοῦ
1348 1349 1667 1420 Πνεῦματος
1720 1327 1824 1409 sar;

236 1424 471 1518 εκληθη.
507 1427 631 1499 Χρὴ
650 1429 758 1501 γὰρ
784 1431 1138 1503 ἀπαράϐατον
1169 1438 1352 1511 μένειν
1382 1441 1470 1495 ἀεὶ
1496 1442 1609 1514 (55)
1638 1446 1738 1518 τὴν
1766 1449 1824 1502 ἐν

236 1517 307 1609 τῇ
354 1514 608 1609 ζωοποιῷ
665 1521 848 1593 χάριτι
905 1524 1195 1599 δεδομένην
1244 1531 1563 1604 παράδοσιν.
1607 1514 1824 1609 Ὀῂγὰρ

233 1604 661 1680 λυτρωσάμενος
696 1613 761 1664 ἐκ
793 1613 1000 1685 φθορᾶς
1034 1615 1133 1688 τὴν
1161 1619 1307 1692 ζωὴν
1348 1623 1506 1693 ἡμῶν
1538 1624 1702 1680 ἔδωκε

230 1715 403 1769 ναμιν
436 1703 572 1772 ἡμῖν
599 1704 1038 1773 ἀνακαινώσεως,
1074 1709 1314 1783 ἄρρητον
1344 1714 1445 1785 μὲν
1471 1713 1699 1786 ἔχουσαν
1725 1719 1820 1790 τὴν

1936 533 2080 589 Deus
2115 534 2259 588 Deus
2284 542 2405 587 tuus
2462 531 2576 586 oleo
2614 530 2985 586 exsultationis
3030 545 3141 599 prte
3168 529 3499 586 consortibus

1935 626 2041 679 tuis
2064 626 2132 678 ⁸⁸.
2167 623 2397 679 Videtur
2421 630 2605 678 tamen
2664 621 2940 677 interdum
2986 621 3280 694 Apostolus
3334 624 3498 676 etiam

1932 714 2107 771 solius
2154 712 2396 783 Spiritus
2438 711 2638 768 fecisse
2672 711 3006 767 mentionem
3058 712 3116 766 in
3149 711 3497 782 baptismate.

1939 804 2132 862 Omnes
2152 805 2322 872 enim,
2353 804 2559 875 inquit,
2594 805 2649 859 in
2679 819 2781 858 uno
2806 818 3024 872 corpore
3043 804 3100 857 in
3128 818 3292 856 unum
3325 802 3501 871 Spiri-

1933 906 2044 949 tum
2073 897 2331 965 baptizati
2361 895 2602 949 sumus’.
2637 892 2736 949 His
2778 900 2833 949 et
2877 892 3012 947 illud
3057 900 3346 958 consonat,
3399 892 3499 947 Vos

1928 996 2103 1042 autem
2160 986 2567 1056 baptizabimini
2609 986 2667 1041 iu
2714 984 2919 1055 Spiritu
2966 985 3217 1052 sancto';
3262 992 3337 1049 et,
3377 983 3502 1055 Ipse

1928 1095 2017 1133 vos
2054 1077 2339 1147 baptizabit
2366 1078 2421 1132 in
2458 1076 2662 1145 Spiritu
2687 1086 2871 1131 sancto
2892 1076 2933 1131 ³.
2959 1074 3030 1129 At
3070 1089 3187 1130 non
3215 1073 3342 1129 ideo
3375 1074 3500 1143 quis

1928 1167 2130 1222 dixerit
2159 1165 2464 1236 perfectum
2493 1181 2618 1221 esse
2642 1165 2935 1235 baptisma,
2968 1166 3023 1219 in
3051 1179 3160 1234 quo
3176 1164 3354 1220 solum
3378 1163 3503 1231 Spi-

1927 1253 2068 1307 ritus
2100 1267 2301 1307 nomen
2325 1251 2648 1306 invocatum
2670 1258 2774 1304 est.
2812 1249 3036 1320 Oportet
3082 1248 3230 1304 enim
3266 1248 3500 1301 inviola-

1927 1344 2089 1399 bilem
2118 1358 2333 1414 semper
2359 1357 2584 1397 manere
2622 1340 2993 1405 traditionem,
3043 1354 3164 1411 quae
3197 1339 3252 1394 in
3281 1338 3496 1393 viviﬁca

1927 1435 2101 1507 gratia
2131 1434 2257 1489 data
2287 1441 2392 1489 est.
2421 1432 2557 1487 Nam
2589 1433 2756 1487 vitam
2784 1442 3028 1487 nostram
3057 1430 3125 1486 de
3148 1429 3498 1500 corruptione

1928 1526 2025 1598 qui
2056 1526 2331 1590 liberavit,
2359 1532 2688 1597 potestatem
2711 1524 2870 1582 nobis
2904 1523 3273 1579 renovationis
3304 1522 3492 1578 dedit:

1928 1632 2050 1689 qua!
2077 1624 2319 1687 potestas
2351 1631 2578 1673 causam
2611 1616 2776 1672 habet
2803 1615 3157 1680 inetiabilem,
3191 1622 3247 1671 et
3277 1615 3334 1670 in
3373 1630 3496 1686 my-s

1927 1706 2095 1765 sterio
2131 1707 2498 1774 reconditam,
2545 1706 2642 1762 sed
2669 1721 2920 1777 magnam
2951 1705 3237 1762 animabus
3260 1706 3496 1761 salutem

229 1791 418 1845 αίτίαν
467 1794 565 1847 καὶ
615 1796 674 1849 ὲν
704 1799 988 1871 μυστηρίῳ
1035 1802 1426 1877 κατεχομένην,
1479 1807 1720 1879 μεγάλην
1766 1809 1820 1863 δὲ

1926 1799 2326 1865 conferentem,
2355 1806 2416 1855 ut
2458 1798 2755 1870 quidquam
2812 1797 3012 1855 addere
3066 1805 3161 1854 aut
3207 1797 3496 1854 detrahere

228 1883 356 1972 ταῖς
388 1881 592 1954 ψυχαῖς
624 1884 721 1957 τὴν
751 1890 1023 1962 σωτηρίαν
1052 1890 1343 1964 φέρουσαν·
1372 1895 1514 1951 ὥστε
1552 1898 1616 1951 τὸ
1655 1916 1825 1972 προσ·

229 1971 409 2027 θεῖναί
435 1992 490 2027 τι
546 1976 579 2045 ἢ
636 1977 856 2046 ἀφελεῖν
889 1979 1035 2052 ζωῆς
1068 1984 1186 2037 ἐστι
1216 1984 1318 2056 τῆς
1341 1986 1511 2042 ἀῖδίου
1545 1971 1825 2062 προδήλως

228 2064 532 2129 ικπτωσις.
565 2068 628 2120 Et
672 2068 852 2122 τοίνυν
896 2072 955 2123 ἐν
991 2071 1070 2144 τῷ
1104 2072 1449 2148 βαπτίσματι
1490 2080 1520 2133 ό
1547 2082 1825 2153 χωρισμὸς

228 2154 329 2208 τοῦ
357 2156 679 2228 Πνεῦματος
702 2160 811 2213 ἀπὸ
838 2162 1053 2235 Πατρὸς
1079 2164 1173 2219 καὶ⁸
1197 2164 1330 2220 Υίοῦ
1355 2168 1693 2234 ἐπικίνδυνος
1724 2171 1824 2241 μὲν

227 2247 313 2318 τῷ
341 2247 683 2318 βαπτίζοντι,
716 2251 999 2325 ἀνωρελὴς
1021 2255 1079 2309 δὲ
1110 2255 1188 2328 τῷ
1220 2257 1516 2330 δεχομένῳ,
1551 2261 1669 2326 πῶς
1687 2264 1823 2333 ἠμῦν

228 2339 479 2408 ἀσφαλὲς
528 2340 636 2394 ἀπὸ
665 2342 879 2414 Πατρὸς
912 2346 1006 2398 καὶ
1043 2345 1172 2399 Υἱοῦ
1200 2347 1432 2420 διασπᾷν
1457 2350 1518 2404 τὸ
1562 2351 1821 2423 Πνεῦμα;

229 2429 430 2494 Πίστις
458 2430 518 2483 δὲ
563 2433 658 2485 καὶ
703 2432 989 2506 βάπτισμα
1030 2436 1123 2490 δύο
1153 2437 1343 2510 τρόποι
1378 2441 1479 2512 τῆς
1527 2442 1822 2518 σωτηρίας,

230 2524 508 2591 συμφυεῖς
555 2523 804 2595 ἀλλήλοις
844 2526 937 2581 καὶ
972 2527 1286 2600 ἀδιαίρετοι.
1331 2532 1521 2597 Πίστις
1566 2534 1667 2604 μὲν
1714 2534 1823 2606 γὰρ

227 2611 537 2666 τελειοῦται
570 2613 659 2667 διὰ
696 2615 1095 2687 βαπτίσματος,
1128 2618 1411 2692 βάπτισμα
1450 2622 1508 2676 δὲ
1543 2622 1825 2694 θεμελιοῦ-

226 2721 323 2757 ται
354 2704 469 2775 (54)
499 2704 588 2758 διὰ
612 2706 712 2773 τῆς
744 2709 1000 2772 πίστεως,
1031 2711 1125 2764 καὶ
1149 2710 1237 2765 διὰ
1274 2712 1383 2767 τῶν
1412 2714 1594 2769 αὐτῶν
1624 2716 1825 2786 ὀνομά-

225 2812 340 2849 των
363 2795 603 2866 ἑκάτερα
635 2797 958 2869 πληροῦται.
1006 2800 1093 2863 Ὠς
1116 2801 1224 2873 γὰρ
1253 2802 1587 2876 πιστεύομεν
1608 2808 1688 2870 εἰς
1710 2807 1824 2860 Πα-

223 2885 367 2956 τέρα
401 2887 496 2939 καὶ
528 2886 653 2939 Υἱὸν
685 2888 780 2941 καὶ
822 2890 974 2958 ἆγιον
1004 2891 1247 2963 Πνεῦμα,
1296 2892 1439 2948 οὕτω
1480 2898 1575 2950 καὶ
1622 2898 1822 2968 βαπτι-

223 2976 443 3047 ζόμεθα
472 2978 553 3039 εἰς
600 2979 662 3031 τὸ
683 2979 852 3049 ὄνομα
897 2980 991 3033 τοῦ
1037 2983 1252 3055 Πατρὺς
1298 2985 1392 3039 καὶ
1427 2987 1520 3040 τοῦ
1564 2988 1694 3043 Υἱοῦ
1728 2992 1821 3044 καὶ

220 3068 325 3121 τοῦ
365 3068 526 3136 ἁγίου
565 3070 901 3140 Πνεῦματος.
938 3070 1043 3125 Καὶ
1078 3074 1311 3145 προάγει
1357 3077 1456 3147 μὲν
1489 3080 1521 3149 ἡ
1560 3080 1821 3149 ὁμολογία

225 3157 374 3228 πρὸς
408 3159 509 3230 τὴν
557 3158 833 3231 σωτηρίαν
881 3161 1177 3230 εἰσάγουσα
1201 3182 1213 3193 ·
1263 3167 1618 3222 ἐπακολουθεί
1654 3170 1712 3223 δὲ
1757 3171 1817 3223 τὸ

226 3246 523 3319 βάπτισμα
558 3249 954 3321 ὲπισερραγίζον
983 3251 1138 3323 ἡμῶν
1165 3253 1265 3325 τὴν
1296 3258 1711 3325 συγκατάθεσιν.

759 3360 1155 3415 ΚΕΦΑΛΔΙΟΝ
1199 3365 1309 3421 ΙΓ’.,

217 3448 432 3515 Αἰτίας
457 3448 881 3528 ἀπόδοσις-διες
900 3452 960 3528 τί
987 3455 1041 3506 oi
1083 3452 1537 3528 (fry-exornath
1567 3458 1669 3513 καὶ
1710 3458 1821 3525 Υίῷ

435 3517 598 3585 παρὰ
629 3517 709 3584 τῷ
745 3522 963 3584 Παύλῳ
987 3517 1621 3595 συμέτὰρελήφθηὶγαν..

299 3628 397 3684 29.
439 3630 601 3691 Ἀλλὰ
623 3632 720 3685 καὶ
744 3631 929 3705 ἕτερα,
957 3637 1108 3705 φησὶ,
1143 3637 1617 3711 συναριθμούμενα
1644 3642 1820 3712 Πατρὶ

228 3721 329 3775 καὶ
367 3721 508 3793 Υίῷ,
541 3724 664 3794 οὐχὶ
685 3725 782 3779 καὶ
812 3725 1194 3793 συνδοξάζεται
1227 3728 1463 3793 πάντως.
1499 3732 1586 3795 Ὠς
1615 3734 1644 3785 ό
1672 3734 1824 3791 Ἀπό-

231 3812 426 3875 στολος
472 3814 743 3882 ἀγγέλους
777 3816 1250 3887 συμπαρελάὸετο,
1278 3821 1360 3883 εἰς
1398 3820 1494 3891 τὴν
1524 3820 1822 3893 διαμαρτυ-

233 3901 365 3973 ρίαν
392 3902 507 3973 (55)
529 3905 631 3974 τὴν
658 3905 753 3957 ἐπὶ
799 3906 1064 3977 Τιμοθέου
1108 3907 1311 3977 λέγων·
1360 3912 1822 3983 Διαμαρτύρομαι

228 4006 337 4046 σοι
381 3991 640 4048 ἐνώπιον
665 3995 771 4049 τοῦ
801 3997 949 4051 Θεοῦ
993 3998 1093 4052 καὶ
1136 3998 1399 4066 Χριστοῦ
1459 4001 1684 4069 Ἰησοῦ,
1720 4005 1819 4058 καὶ

229 4083 359 4139 τῶν
382 4084 689 4140 ἐκλεκτῶν
712 4086 1191 4159 αὐτοῦὰγγὲων
1211 4104 1227 4120 ⁸
1251 4089 1347 4153 οὓς
1371 4088 1496 4144 οὔτε
1521 4091 1823 4163 ἀλλοτριοῦ-

234 4191 341 4246 μσν
388 4175 493 4245 τῆς
542 4174 736 4246 λοιπῆς
778 4176 1025 4242 κτίσεως,
1075 4176 1198 4231 οὔτε
1225 4180 1402 4251 Πατρὶ
1431 4180 1527 4234 καὶ
1557 4180 1671 4252 Υἱῷ
1701 4200 1824 4236 συν-

236 4264 500 4338 σριθμεῖν
528 4265 848 4336 ἀνεχόμεθα.
866 4266 1007 4336 Ἐγὼ
1022 4266 1100 4332 δδ,
1123 4269 1171 4320 εἰ
1195 4269 1289 4323 καὶ
1314 4269 1582 4340 μηδεμιᾶς
1601 4271 1825 4343 ἀποκρί-

231 4374 378 4421 σεως
420 4356 571 4423 ἄξιος
618 4358 647 4409 ὁ
696 4357 873 4426 λόγος,
910 4357 1053 4413 οὕτω
1100 4358 1391 4431 πρόχειρον
1438 4361 1540 4433 τὴν
1593 4362 1823 4417 ἀτοπίαν

1923 1890 2086 1961 plane
2112 1889 2187 1946 sit
2229 1889 2300 1945 ab
2328 1896 2535 1945 atterna
2593 1889 2704 1943 vita
2734 1888 3005 1945 excidere.
3049 1886 3286 1945 Proinde
3334 1887 3383 1943 si
3435 1888 3495 1942 in

1924 1979 2195 2050 baptismo
2240 1993 2497 2050 separare
2543 1977 2805 2048 Spiritum
2856 1993 2887 2032 a
2920 1979 3084 2032 Patre
3132 1984 3188 2032 et
3227 1974 3389 2042 Filio,
3434 1982 3496 2030 ut

1922 2068 2295 2140 periculosum
2321 2074 2410 2123 est
2460 2065 2783 2138 baptizanti,
2841 2066 2919 2119 ita
2965 2065 3296 2135 baptismum
3346 2064 3494 2119 acci-

1923 2160 2092 2231 pienti
2125 2158 2353 2227 inutile;
2380 2158 2658 2230 quomodo
2687 2156 2847 2213 nobis
2879 2164 3056 2213 tutum
3102 2156 3267 2212 fuerit
3305 2171 3337 2210 a
3380 2154 3488 2210 Pa-

1922 2262 2005 2309 tre
2042 2260 2098 2307 et
2129 2250 2269 2309 Filio
2312 2250 2621 2307 distrahere
2665 2248 2978 2321 Spiritum?
3023 2248 3184 2305 Fides
3216 2258 3395 2304 autem
3436 2255 3494 2304 et

1922 2340 2193 2412 baptisma
2246 2340 2355 2396 duo
2389 2349 2519 2396 sunt
2543 2340 2691 2396 modi
2722 2341 2981 2411 parandae
3005 2340 3221 2403 salutis,
3254 2340 3397 2394 inter
3430 2354 3492 2395 se

1922 2434 2141 2505 cognati
2169 2442 2220 2489 et
2262 2432 2678 2504 inseparabiles.
2721 2430 2857 2488 Nam
2892 2431 3023 2487 ﬁdes
3065 2432 3346 2502 perﬁcitur
3392 2445 3490 2501 per

1922 2527 2278 2598 baptismum,
2330 2524 2442 2600 24
2469 2526 2774 2596 baptismus
2827 2539 2956 2580 vero
2999 2523 3257 2579 fundatur
3289 2538 3384 2593 per
3428 2521 3490 2576 ﬁ-

1928 2614 2073 2681 dem,
2105 2622 2159 2672 et
2188 2623 2419 2685 utraque
2450 2631 2541 2672 res
2572 2631 2669 2687 per
2692 2614 2882 2671 eadem
2941 2615 3162 2669 nomina
3212 2615 3488 2683 impletur.

1925 2707 2079 2764 Sicut
2110 2710 2256 2766 enim
2281 2709 2559 2766 credimus
2591 2710 2646 2764 in
2678 2706 2896 2766 Patrem
2932 2715 2987 2763 et
3018 2706 3215 2762 Filium
3258 2717 3316 2761 et
3360 2705 3485 2777 Spi-

1921 2801 2085 2856 ritum
2116 2808 2395 2866 sanctum,
2420 2801 2500 2856 sic
2520 2808 2575 2855 et
2599 2800 2945 2870 baptizamur
2970 2799 3024 2852 in
3059 2798 3284 2853 nomine
3303 2796 3501 2852 Patris-

1919 2901 1976 2947 et
2004 2889 2129 2944 Filii
2154 2898 2209 2945 et
2240 2888 2479 2961 Spiritus
2509 2889 2709 2945 sancti.
2735 2889 2815 2944 Ac
2828 2887 3089 2959 praecedit
3115 2887 3334 2957 quidem
3358 2901 3490 2956 pro-

1921 2979 2089 3036 fessio
2119 2981 2187 3036 ad
2219 2981 2450 3037 salutem
2485 2978 2789 3050 perducens
2817 2996 2832 3041 ;
2879 2978 3131 3047 sequitur
3165 2986 3347 3034 autem
3389 2976 3491 3033 ba-

1924 3072 2122 3143 ptisma
2157 3072 2489 3143 consignatis
2522 3085 2811 3127 assensum
2840 3078 3112 3125 nostrum.

2493 3352 2725 3410 CAPUT
2765 3353 2901 3409 Xlll.

1923 3446 2104 3513 Quare
2131 3444 2271 3516 apud
2299 3444 2532 3501 Paulum
2555 3446 2729 3516 angeli
2756 3445 2917 3500 simul
2936 3461 3055 3500 cum
3079 3445 3243 3501 Patre
3264 3455 3314 3501 et
3344 3443 3485 3502 Fili:

2516 3515 2894 3587 adjunguntur.

1989 3626 2082 3683 29.
2117 3627 2291 3698 Atqui
2311 3635 2367 3683 et
2395 3625 2504 3682 alia
2532 3634 2687 3692 sunt,
2710 3626 2991 3698 inquiunt,
3033 3643 3157 3699 qua:
3189 3628 3352 3685 simul
3382 3627 3489 3698 Pa-

1922 3719 1994 3774 tri
2026 3731 2081 3775 et
2117 3718 2257 3775 Filio
2282 3728 2738 3781 annumerantur,
2781 3734 2885 3774 nec
2914 3729 3096 3776 tamen
3130 3700 3492 3775 continuos":-

1921 3810 2034 3864 mul
2058 3825 2182 3864 cum
2224 3810 2334 3865 illis
2371 3809 2768 3880 glorificantur.
2807 3808 2987 3864 Veluti
3018 3824 3144 3864 cum
3189 3809 3488 3880 Apostolus

1923 3904 2206 3959 obtestans
2242 3901 2613 3965 Timotheum,
2671 3903 2896 3972 angelos
2926 3903 3089 3959 simul
3126 3903 3367 3959 adducit.
3404 3904 3493 3959 di-

1922 4006 2055 4047 cens
2084 4011 2098 4046 :
2134 3990 2381 4046 Obtestor
2415 4001 2479 4046 te-
2494 3992 2549 4045 in
2580 4001 2860 4059 conspectu
2889 3992 3005 4055 Dei,
3032 4002 3081 4047 et
3108 3994 3308 4048 Christi
3337 3992 3488 4056 Iesu,

1924 4092 1975 4137 et
2027 4082 2312 4137 electorum
2362 4081 2476 4151 ejus
2539 4081 3099 4153 angelorum‘:quos
3146 4093 3328 4139 tamen
3376 4100 3487 4140 non

1924 4173 2147 4229 minime
2173 4188 2494 4244 separamus
2518 4190 2547 4227 ιι
2576 4173 2803 4244 reliquis
2839 4176 3125 4239 creaturis,
3156 4190 3335 4246 neque
3363 4191 3491 4231 sus-

1922 4268 2161 4322 tinemus
2189 4280 2286 4322 eos
2331 4264 2480 4322 Patri
2505 4273 2567 4321 et.
2592 4264 2730 4320 Filio
2759 4281 3145 4323 annumerare.
3184 4266 3299 4336 Ego
3334 4276 3490 4336 vero,

1925 4358 2144 4427 tametsi
2165 4359 2257 4415 hic
2297 4374 2481 4416 sermo
2528 4359 2676 4414 nulla
2722 4359 2924 4430 dignus
2972 4370 3057 4415 est
3103 4361 3489 4431 responsione.

232 4447 399 4519 ἔχων,
427 4448 580 4517 ὅμως
617 4449 797 4501 ἐκεῖνο
836 4448 1001 4518 λέγω,
1030 4450 1113 4507 ὅτι
1148 4449 1401 4524 μάρτυρα
1430 4453 1530 4523 μὲν
1558 4453 1653 4507 καὶ
1689 4452 1820 4524 ὀμό-

1929 4459 2040 4505 tam
2081 4449 2432 4506 manifestam
2480 4449 2779 4521 praeferens
2828 4451 3249 4517 absurditatem,
3305 4460 3488 4506 tamen

230 4538 421 4593 δουλον
461 4537 530 4591 ἄν
556 4555 640 4601 τις
672 4539 834 4609 τυχὸν
879 4540 1290 4612 παραατήσανιο
1334 4544 1497 4621 πραιρ
1528 4546 1685 4617 κριτῇ
1724 4544 1839 4606 καὶ

231 4629 456 4703 ἡμέρῳ,
491 4629 583 4682 καὶ
607 4628 840 4700 μάλιστα
871 4630 937 4702 δὴ
965 4632 1022 4684 ὲν
1148 4631 1285 4704 πρὸς
1310 4634 1434 4697 τοὺς
1470 4635 1822 4706 κρινομένους

235 4722 512 4793 ἐπιεικείᾳ
533 4721 596 4775 τὺ
618 4722 1008 4795 ἀναντίρρητον
1032 4723 1133 4795 τῆς
1164 4725 1274 4778 τῶν
1303 4727 1587 4803 χριμάτων
1616 4727 1825 4785 δικαιοιι

238 4814 407 4885 σύνης
432 4812 817 4868 ἑπιδεικνύντι.
862 4813 1177 4885 Ἐλεύθερος
1204 4814 1262 4868 δὲ
1300 4811 1441 4870 εἶναι
1470 4817 1578 4870 ἀπὸ
1605 4817 1817 4881 δούλου,

237 4907 333 4959 καὶ
358 4905 488 4968 Υἱὸς
513 4904 781 4977 κληθῆναι
812 4905 970 4969 Θεοῦ,
1013 4905 1106 4961 καὶ
1150 4906 1549 4979 ζωοποιηθῆναι
1588 4907 1697 4961 ἀπὸ
1725 4906 1819 4961 θα-

236 4999 422 5061 νάτου,
455 4997 585 5067 παρ’
620 4996 831 5061 οὐδενὸς
859 4996 1045 5069 ἑτέρου
1083 4997 1305 5053 δύναται
1333 4998 1367 5068 ἢ
1400 4998 1551 5069 παρὰ
1581 4998 1676 5053 τοῦ
1715 5001 1817 5070 τὴν

236 5087 382 5143 κατὰ
412 5085 578 5157 φύσιν
607 5086 913 5160 οἰκειότητα
933 5088 1293 5160 κεκτημένου,
1321 5089 1416 5143 καὶ
1436 5089 1535 5160 τῆς
1564 5089 1818 5161 ὼυλικῆς

310 5241 358 5273 ’⁸
379 5240 464 5296 lsa
506 5258 592 5295 ut
616 5283 631 5305 ,
674 5242 727 5297 1.

309 5396 425 5460 t5!)
461 5395 813 5470 Ψαιμῳδός.
828 5394 1075 5470 Codices
1090 5396 1347 5470 nonnulli
1375 5395 1404 5451 ὁ
1422 5396 1654 5470 ψαλμός.
1683 5395 1817 5470 Pau-

238 5470 293 5521 lo
317 5477 443 5536 post
474 5468 675 5521 desunt
693 5468 749 5521 in
772 5467 948 5523 tribus
978 5468 1265 5526 codicibus
1301 5467 1419 5524 lucc
1440 5467 1632 5535 verba,
1667 5467 1817 5537 παρὰ

240 5538 503 5609 μετόχους
532 5552 647 5590 σου.

311 5606 425 5702 $5.32
457 5604 936 5702 €‘iﬁ°‘-.§‘€_'R§?:
968 5607 1567 5702 E".“.‘“‘i§u§€'§.‘f-‘i’iil°

315 5675 427 5745 (53).
472 5676 602 5731 Ἀρί.
646 5675 727 5730 Ex
761 5677 936 5732 tribus
968 5694 1100 5735 mss.
1133 5678 1420 5735 codicibus
1456 5675 1595 5733 hanc
1626 5690 1813 5733 vocem

1919 4543 2057 4599 illud
2081 4543 2226 4608 dico,
2251 4543 2398 4614 quod
2420 4557 2751 4599 conservum
2779 4543 2942 4597 etiam
2986 4549 3181 4599 testem
3208 4544 3350 4599 forte
3388 4545 3490 4598 ali-

1922 4636 2048 4705 quis
2079 4634 2316 4690 adducat
2342 4635 2486 4703 apud
2516 4640 2862 4691 mansuetum
2896 4649 2960 4688 ac
2994 4635 3316 4705 placabilem
3342 4636 3490 4705 judi-

1920 4741 2061 4790 cem,
2094 4726 2300 4797 quique
2330 4726 2568 4781 maxime
2588 4740 2688 4781 sua
2717 4725 2771 4779 in
2805 4740 2902 4780 eos
2930 4726 3023 4795 qui
3054 4725 3373 4795 jndicentur
3412 4728 3490 4783 le-

1919 4816 2092 4871 nitate
2123 4816 2348 4870 minime
2379 4814 2607 4869 dubiam
2639 4821 2696 4870 et
2722 4821 3132 4869 controversam
3151 4814 3489 4883 iudiciorum

1921 4909 2231 4977 aequitatem
2260 4905 2616 4960 demonstrat.
2659 4903 2927 4959 Caeterum
2978 4913 3038 4958 ut
3076 4900 3273 4974 aliquis
3304 4905 3396 4959 ﬁat
3423 4906 3490 4959 li-

1921 4999 2020 5053 her
2047 5012 2077 5053 e
2104 5011 2282 5060 servo,
2334 5003 2497 5065 atque
2520 5003 2744 5051 vocetur
2778 4993 2949 5050 Filius
2995 4994 3112 5061 Dei,
3142 5002 3197 5050 et
3236 5010 3268 5050 a
3315 5005 3490 5052 morte

1920 5096 2211 5147 revocetur
2238 5087 2307 5142 ad
2332 5087 2522 5155 vitam,
2572 5102 2605 5142 a
2633 5088 2785 5144 nullo
2827 5087 2936 5142 alio
2982 5094 3162 5157 potest
3189 5086 3331 5155 dari,
3382 5089 3489 5143 nisi

830 5244 876 5276 ”
897 5240 1042 5298 Psal.
1082 5258 1241 5312 xuv,
1281 5242 1336 5298 8.
1415 5243 1433 5274 ¹
1474 5241 1494 5296 ι
1532 5242 1661 5299 Cor.
1702 5258 1778 5298 ιιι
1803 5283 1820 5310 ,

1926 5244 1949 5297 ι.
2026 5244 2046 5275 ⁹
2082 5245 2205 5297 Act.
2247 5258 2289 5308 ι,
2326 5242 2379 5298 ὅ.
2453 5242 2476 5275 ³
2514 5241 2650 5297 Luc.
2695 5257 2792 5310 ιιι,
2830 5239 2920 5296 16.
2994 5239 3016 5273 ⁵
3052 5239 3074 5294 ι
3111 5239 3255 5295 Tim.
3290 5256 3359 5305 v,
3400 5239 3491 5293 2i.

1922 5396 2249 5454 addidimus.

1954 5468 2105 5548 _(54)
2148 5464 2553 5535 Θεμελιοῦταιι.
2593 5464 2841 5532 Quatuor
2870 5464 3093 5522 codices
3139 5479 3275 5521 mss.
3318 5464 3496 5520 τελει-

1920 5554 2104 5677 ουῖἓέ)
2127 5604 2578 5677 Διαμαρτυρία.
2613 5603 2705 5661 Sic
2735 5605 2859 5663 libri
2889 5613 3100 5662 veteres
3121 5618 3223 5676 pro
3249 5619 3315 5660 eo
3342 5604 3492 5676 quod

1923 5675 2125 5734 habent
2157 5675 2285 5733 editi
2310 5675 2644 5748 μαρτυρίαν.
