3900 6212
409 261 516 322 119

1712 256 1770 313 S.
1812 255 2060 314 BASILII
2088 257 2300 315 MAG.“

3554 259 3661 318 120

410 378 482 433 ab
507 391 572 432 eo
593 374 687 448 qui
718 376 1022 433 naturalem
1065 373 1230 432 habet
1277 374 1592 433 societatem
1623 382 1678 433 et
1725 391 1758 431 a
1799 379 1961 433 servit

2089 378 2249 443 ἀξιας
2283 378 2728 449 ἀπηλλαγμένου.
2757 377 2883 442 Πῶς
2916 374 3025 451 γὰρ
3057 378 3328 433 οἰκειώσει
3352 377 3470 449 Θεῷ
3506 380 3536 432 ὁ
3563 379 3661 433 ἀλ-

410 468 727 525 conditione
778 478 863 524 est
925 469 1158 524 alienus.
1208 467 1494 536 Quomodo
1539 469 1711 525 enim-
1751 469 1986 526 sociabit

411 559 543 628 Deo,
569 561 664 631 qui
696 560 814 629 ipse
842 569 927 615 est
969 560 1225 615 alienus?
1273 561 1555 631 quomodo
1604 562 1807 618 liberos
1857 561 1985 617 red-

410 651 523 714 det,
553 652 648 722 qui
673 651 790 721 ipse
823 659 908 707 est
944 651 1077 721 jugo
1117 652 1399 708 servitutis
1445 652 1756 707 obnoxius?
1798 651 1979 722 Itaque
2013 689 2029 706 .

408 759 520 799 non
548 744 621 798 ob
650 744 843 799 eadem
884 743 944 797 tit
978 743 1218 814 Spiritus
1266 754 1321 801 et
1364 747 1681 817 angelorum
1729 750 1980 804 mentio:

409 835 507 892 sed
561 835 801 906 Spiritus
845 845 1313 892 commemoratur
1367 847 1631 909 tanquam
1680 850 1872 894 auctor
1919 856 1984 896 ac

407 927 675 986 Dominus
701 931 845 994 vitae,
885 931 1062 1000 angeli
1108 946 1242 986 vero
1274 940 1539 1003 tanquam
1587 949 1980 990 conservorum

406 1021 716 1091 adjutores,
775 1021 1076 1092 ﬁdelesque
1121 1023 1371 1078 veritatis
1416 1032 1586 1081 testes
1629 1025 1978 1083 adhibentur.

407 1112 693 1183 Siquidem
722 1129 842 1169 mos
871 1121 956 1170 est
1004 1115 1235 1180 sanctis,
1289 1115 1385 1171 Dei
1429 1127 1701 1188 praecepta
1748 1120 1981 1176 testibus

404 1204 669 1261 adhibitis
694 1206 943 1273 tradere;
994 1208 1140 1263 sicut
1190 1211 1355 1265 etiam
1394 1208 1483 1263 hic
1530 1211 1649 1280 ipse
1697 1211 1764 1265 ad
1804 1209 1983 1264 Timo-

403 1297 593 1352 theum
628 1297 873 1367 loquitur
906 1317 919 1352 :
951 1297 1084 1365 Qua:
1127 1301 1378 1368 accepisti
1400 1317 1433 1354 a
1464 1317 1545 1354 me
1573 1318 1753 1355 coram
1799 1303 1978 1356 multis

404 1387 647 1452 testibus,
672 1404 735 1442 ea
756 1387 954 1457 depone
990 1390 1130 1458 apud
1164 1390 1346 1459 ﬁdeles
1382 1391 1616 1443 homines
1636 1391 1701 1445 ⁸⁸.
1738 1390 1803 1443 Ει
1830 1407 1977 1446 nunc

402 1480 627 1549 angelos
673 1486 987 1543 attestatur,
1040 1482 1224 1536 sciens
1273 1483 1497 1552 angelos
1542 1484 1747 1551 pariter
1784 1481 1979 1536 aﬂ‘utu-

400 1588 497 1628 ros
521 1572 718 1639 judici,
750 1587 873 1627 cum
892 1574 1107 1629 venerit
1134 1574 1187 1628 in
1220 1575 1395 1645 gloria
1425 1575 1624 1637 Patris,
1666 1583 1726 1629 ut
1768 1576 1977 1644 judicet

399 1665 587 1720 orbem
623 1674 899 1720 terrarum
938 1665 994 1720 in
1015 1665 1249 1733 iustitia.
1285 1666 1539 1735 Quisquis
1578 1668 1738 1730 enim,
1771 1669 1971 1738 inquit,

2088 469 2328 540 λότριος;
2378 472 2495 534 πῶς
2528 471 2585 525 δὲ
2632 469 3004 543 ἐλευθερώσει,
3049 471 3211 536 αὐτὸς
3248 471 3431 541 ἔνοχος
3471 471 3548 525 ὣν
3578 472 3660 543 τῷ

2086 559 2238 631 ζυγῷ
2260 562 2359 632 τῆς
2384 562 2627 626 δουλείας
2649 579 2664 625 ;
2696 562 2857 615 Ὥστε
2881 562 2981 615 οὐκ
3005 564 3088 632 ἐφ’
3117 562 3322 633 ὁμοίοις
3488 563 3659 619 Πνεῦ-

2089 654 2260 723 ματός
2319 656 2436 707 ἐστι
2494 655 2589 708 καὶ
2643 654 2892 722 ἀγγέλων
2936 656 2971 725 ἡ
3016 656 3223 726 μνήμη,
3271 655 3406 709 ἀλλὰ
3453 656 3515 710 τδ
3557 658 3658 727 μὲν

2084 742 2328 814 Πνεῦμα,
2370 744 2447 809 ὡς
2500 745 2649 815 ζωῆς
2695 745 2904 817 κύριον,
2933 746 2983 797 οἱ
3012 746 3057 799 δ’
3090 745 3310 813 ἄγγελοι
3347 747 3423 809 ὡς
3473 746 3655 816 βοηθοὶ

2083 835 2190 891 τῶν
2231 836 2560 907 ὁμοδούλων,
2604 838 2698 890 καὶ
2739 838 2919 889 πιστοὶ
2967 837 3242 908 μάρτυρες
3272 839 3369 908 τῆς
3401 838 3656 908 ἀληθείας

2085 928 2629 1000 παραλαμϐάνονται.
2670 927 2829 991 ’Έθος
2861 927 2973 999 γὰρ
3001 931 3113 991 τοῖς
3152 928 3348 996 ἀγίοις,
3379 928 3478 992 τὰς
3509 933 3655 983 ἐντο-

2082 1018 2178 1083 λὰς
2221 1019 2314 1072 τοῦ
2352 1019 2485 1073 Θεοῦ
2520 1021 2612 1073 ἐπὶ
2646 1019 2937 1092 μαρτύρων
2991 1020 3214 1073 διδόναι·
3241 1020 3317 1084 ὡς
3360 1022 3451 1074 καὶ
3492 1021 3657 1087 αὐτὸς

2080 1103 2234 1173 οὗτός
2268 1127 2399 1181 φησι
2429 1111 2705 1181 Τιμοθέῳ·
2745 1113 2812 1165 Ἃ
2844 1110 3175 1177 παρέλαϐες
3213 1115 3347 1181 παρ’
3371 1113 3517 1181 ἐμοῦ
3551 1113 3657 1166 ἐπὶ

2081 1199 2329 1254 πολλῶν
2342 1204 2676 1272 μαρτύρων,
2694 1201 2880 1254 ταῦτα
2899 1204 3164 1271 παράθου
3185 1205 3413 1270 πιστοῖς
3441 1206 3656 1274 ἀνθρὼ-

2078 1305 2232 1358 ποις.
2280 1292 2392 1345 Καὶ
2432 1292 2526 1346 νῦν
2570 1295 2697 1356 τοὺς
2743 1294 3005 1362 ἀγγέλους
3034 1296 3496 1368 ὲπιμαρτύρεται·
3541 1293 3652 1351 οἶδε

2078 1385 2206 1455 γὰρ,
2227 1385 2309 1438 ὅτι
2341 1385 2784 1456 συμπαρέσονται
2815 1386 3035 1455 ἄγγελοι
3055 1387 3131 1457 τῷ
3165 1392 3346 1459 κριτῇ,
3376 1391 3502 1442 ὃταν
3523 1389 3648 1461 ἔλθῃ

2078 1476 2137 1528 ἐν
2165 1478 2232 1546 τῇ
2262 1475 2387 1546 δόξῃ
2419 1475 2510 1529 τοῦ
2546 1477 2757 1547 Πατρὺς
2786 1480 2966 1547 κρῖναι
2994 1478 3092 1549 τὴν
3124 1480 3445 1550 οἰκουμένην
3485 1484 3542 1534 ἐν
3566 1481 3649 1534 δι·-

2076 1565 2356 1640 καιοσύνῃ.
2394 1569 2499 1633 Ὃς
2526 1568 2635 1637 γὰρ
2684 1566 2782 1627 ἂν,
2832 1568 3016 1639 φησὶν,
3062 1570 3409 1639 ὁμολογήσῃ
3436 1570 3544 1637 (57)
3579 1572 3652 1625 ἐν

2076 1657 2205 1728 ἐμοὶ
2250 1660 2589 1728 ἔμπροσθεν
2639 1657 2759 1712 τῶν
2784 1656 3124 1727 ἀνθρώπων,
3162 1661 3261 1714 καὶ
3303 1664 3337 1715 ὁ
3384 1661 3513 1727 Υἱὸς
3541 1661 3649 1716 τοῦ

398 1756 670 1824 confessus
701 1756 861 1825 fuerit
894 1772 975 1810 me
1003 1772 1183 1811 coram
1214 1756 1537 1820 hominibus,
1584 1768 1635 1811 et
1669 1756 1844 1812 Filius
1877 1758 1962 1811 Ιιοα

2075 1719 2390 1820 ἀνθρώπου
2439 1751 2800 1820 ὁμολογήσει
2844 1719 2914 1804 ἐν·
2939 1719 3122 1816 αὐτῷ⁷
3147 1719 3505 1820 ἔμπροσθεν.
3530 1752 3652 1807 τῶν

399 1849 556 1902 minis
589 1848 925 1918 conﬁtebitur
953 1863 1073 1902 eum
1106 1863 1289 1901 coram
1325 1848 1525 1918 angelis
1561 1848 1655 1903 Dei
1676 1839 1808 1919 εἳῖαὶ
1852 1866 1971 1905 vero

396 1941 729 2010 abnegaverit
745 1956 829 1994 me
841 1956 1021 1993 coram
1042 1938 1364 1999 hominibus.
1393 1941 1739 2010 abnegabitur
1765 1943 1820 1994 in
1841 1958 1968 1996 con-

396 2042 572 2100 spectu
593 2030 899 2101 angelorum
931 2029 1082 2084 Dei”.
1121 2027 1187 2084 Et
1214 2028 1417 2084 Paulus
1447 2031 1576 2085 alibi
1610 2032 1763 2095 dicit,
1796 2030 1860 2086 I‘n
1887 2049 1969 2086 ra-

393 2123 648 2177 oelatione
674 2121 888 2177 Domini
916 2122 1045 2176 Iesu
1074 2121 1146 2176 de
1169 2122 1300 2176 caelo
1337 2138 1453 2175 cum
1498 2123 1699 2193 angelis
1718 2123 1758 2175 '.
1815 2122 1968 2178 lianc

393 2215 466 2269 ob
514 2229 735 2270 causam
789 2213 876 2267 hic
923 2212 1036 2284 jam
1092 2220 1440 2269 contestatur
1499 2229 1685 2269 coram
1734 2215 1962 2285 angelis,

390 2304 625 2359 eximias
655 2304 761 2357 sibi
788 2318 1101 2375 praeparans
1129 2304 1487 2375 probationes
1514 2304 1581 2359 ad
1613 2319 1873 2375 magnum
1897 2306 1965 2359 il-

393 2395 487 2450 lud
517 2395 782 2450 tribunal.

420 2596 427 2605 ·
460 2575 548 2632 50.
576 2573 763 2647 Neque
782 2575 873 2632 hic
896 2576 1082 2640 modo,
1105 2592 1294 2635 verum
1316 2579 1480 2635 etiam
1506 2593 1700 2636 omnes
1716 2578 1961 2642 omnino,

387 2667 594 2738 quibus
621 2668 838 2737 aliquod
869 2668 1023 2723 verbi
1063 2670 1430 2725 ministerium
1472 2672 1826 2726 commissum
1855 2678 1961 2735 est,

388 2759 543 2813 nullo
567 2765 813 2830 tempore
835 2762 1137 2816 contestari
1168 2769 1415 2823 cessant.
1444 2764 1555 2818 imo
1579 2772 1635 2818 et
1674 2763 1877 2819 cmlum
1908 2773 1963 2820 et

386 2859 593 2905 terram
621 2851 938 2916 inclamant,
980 2861 1041 2907 ut
1063 2853 1207 2907 intra
1259 2853 1366 2923 25
1415 2867 1647 2924 quorum
1697 2855 1960 2911 ambitum

387 2944 575 2997 omnia
604 2959 752 2999 nunc
792 2952 1086 3015 gerantur,
1127 2961 1355 3016 quasque
1395 2946 1451 3000 in
1480 2946 1731 3002 examine
1776 2962 1959 3002 rerum

2072 1842 2343 1912 ἀγγέλων
2377 1843 2484 1897 τοῦ
2511 1844 2658 1897 Θεοῦ
2698 1844 2808 1913 (58)
2830 1861 2842 1873 ·
2881 1848 2913 1897 ό
2945 1843 3013 1897 δὲ
3055 1844 3553 1914 ἀπαρνησάμενός
3571 1863 3652 1915 με

2070 1935 2325 1989 ἐνώπιον
2363 1934 2481 1988 τῶν
2521 1936 2845 2002 ἀνθρώπων
2876 1936 3362 2004 ἀπαρνηθήσεται
3394 1937 3652 1993 ἐνώπιον

2069 2025 2188 2079 τῶν
2213 2026 2483 2095 ἀγγέλων
2530 2026 2633 2080 τοῦ
2679 2026 2849 2082 Θεοῦ.
2890 2028 2999 2080 Καὶ
3037 2027 3245 2091 Παῦλος
3288 2028 3514 2100 ἑτέρωθί
3545 2047 3652 2101 φης

2071 2133 2155 2170 σιν
2178 2133 2192 2146 ·
2241 2119 2336 2169 Ἐν
2358 2117 2433 2186 τῇ
2471 2118 2853 2186 ἀποκαλύψει
2885 2120 2991 2174 τοῦ
3032 2120 3254 2187 Κυρίου
3294 2120 3496 2188 Ἰησοῦ
3544 2124 3651 2176 ἀπ’

2067 2208 2328 2278 adparat?
2357 2211 2464 2281 (59)
2503 2210 2632 2279 μετ’
2665 2211 2953 2280 ἀγγέλων.
2991 2212 3192 2265 Τούτου
3247 2212 3408 2284 χάριν
3463 2213 3652 2268 ἐντεῦ⁸

2066 2300 2158 2354 θεν
2185 2287 2283 2373 ἤδη
2316 2300 2739 2373 διαμαρτύρεται
2763 2304 2855 2355 ἐπὶ
2877 2302 2984 2356 τῶν
3011 2305 3281 2372 ἀγγέλων,
3311 2308 3390 2368 εἰς
3418 2306 3479 2358 τὸ
3503 2307 3650 2377 μέγα

2066 2393 2349 2464 κριτήριον
2380 2394 2671 2464 εὐπρεπεῖς
2710 2392 2821 2464 (60)
2853 2393 3031 2465 ἐαυτῷ
3069 2394 3166 2459 τὰς
3201 2395 3504 2462 ἀποδείξεις
3539 2416 3647 2452 πα-

2075 2484 2447 2553 ρασκευάζων.

2133 2582 2221 2637 50.
2250 2582 2358 2635 Καὶ
2382 2581 2479 2651 οὐχ
2507 2576 2660 2646 οὗτος
2707 2582 2883 2652 μόνον,
2916 2581 3050 2635 ἀλλὰ
3084 2582 3177 2635 καὶ
3215 2583 3415 2646 πάντες
3453 2580 3645 2645 ἁπλῶς

2062 2676 2111 2727 οἱ
2156 2674 2315 2743 λόγου
2347 2674 2471 2728 τινὰ
2510 2675 2782 2728 διακονίαν
2810 2676 3253 2745 πεπιστευμένοι,
3296 2676 3487 2728 οὐδένα
3522 2676 3647 2746 x96-

2064 2780 2153 2816 vov
2184 2762 2674 2837 διαμαρτυρόμενοι
2708 2764 2990 2828 παύονται,
3023 2766 3158 2819 ἀλλά
3178 2766 3271 2819 καὶ
3296 2766 3385 2819 τὸν
3413 2765 3645 2838 οὐρανὸν

2064 2854 2158 2907 καὶ
2192 2855 2293 2926 τὴν
2324 2855 2429 2925 γῆν
2458 2855 2781 2909 ἐπιϐοῶνται
2802 2873 2815 2886 ·
2848 2857 2923 2919 ὡς
2944 2856 3037 2910 καὶ
3064 2856 3158 2909 νῦν
3186 2857 3363 2927 πάσης
3393 2857 3650 2928 πράξεως

2065 2946 2196 2999 εἴσω
2217 2946 2396 3000 αὐτῶν
2428 2948 2777 3018 τελουμένης,
2814 2949 2907 3001 καὶ
2944 2949 3002 3001 ἐν
3043 2951 3107 3019 τῇ
3122 2947 3374 3011 ,ἐξετάσει
3412 2949 3519 3001 τῶν
3551 2949 3641 3018 βε-

385 3033 444 3087 in
469 3036 576 3088 liac
607 3034 715 3089 vita
748 3042 1021 3103 gestarum
1052 3036 1164 3090 sint
1187 3036 1349 3091 simul
1374 3050 1499 3091 cum
1521 3037 1842 3106 judicandis
1873 3037 1962 3093 fu-

2073 3035 2349 3104 ῧιωμένων
2396 3037 2766 3107 συνεσομένων
2814 3041 2927 3101 τοῖς
2967 3038 3329 3110 κρινομένοις.
3366 3043 3641 3106 Προσκαο

386 3136 530 3181 tura.
556 3126 1020 3190 Advocabitenim,
1046 3128 1245 3198 inquit,
1278 3129 1467 3183 caelum
1495 3146 1727 3193 sursum,
1759 3139 1811 3184 et
1855 3140 1960 3185 ter-

384 3234 524 3282 ram,
549 3218 620 3272 ad
637 3218 1038 3288 dijudicandum
1062 3220 1311 3288 populant
1336 3222 1549 3275 suum".
1570 3219 1727 3276 Unde
1748 3220 1961 3294 Moyses

383 3311 689 3365 traditurus
714 3311 932 3381 eloquia
964 3312 1187 3381 populo,
1234 3312 1441 3375 Testor,
1471 3313 1669 3383 inquit,
1690 3312 1834 3368 vobis
1863 3314 1959 3366 lio-

381 3402 473 3456 die
506 3412 557 3457 et
578 3401 769 3456 caelum
796 3411 847 3455 et
877 3411 1074 3456 terram
1094 3404 1137 3457 ⁸.
1180 3402 1248 3457 Ει
1276 3418 1472 3459 rursus
1514 3419 1638 3458 cum
1682 3405 1958 3459 canticum

383 3494 595 3549 diceret
631 3509 647 3546 :
679 3493 923 3560 Attende,
954 3493 1165 3561 caelum,
1192 3505 1241 3548 et
1266 3495 1477 3565 loquar,
1511 3504 1561 3549 et
1593 3494 1778 3549 audiat
1817 3504 1960 3550 terra

379 3586 629 3640 verbaea:
660 3601 749 3639 ore
774 3585 948 3640 meo’.
996 3584 1128 3640 ltem
1174 3584 1345 3642 lsaias
1384 3606 1397 3641 :
1444 3586 1609 3647 Audi,
1650 3586 1860 3647 caelum.
1907 3597 1959 3640 et

383 3678 603 3731 auribus
665 3678 887 3747 percipe,
952 3686 1096 3731 terra
1119 3677 1184 3730 '°.
1225 3675 1493 3734 Jeremias
1557 3685 1739 3731 autem
1791 3678 1955 3731 etiam

380 3778 610 3839 stupore
652 3768 891 3839 quodam
948 3769 1265 3841 perculsum
1317 3768 1491 3823 fuisse
1531 3768 1731 3823 coelum
1767 3776 1959 3823 narrat

379 3859 452 3914 ob
477 3860 663 3914 audita
691 3860 855 3929 impia
887 3858 1071 3930 populi
1105 3859 1248 3914 facta
1286 3879 1305 3915 ι
1344 3859 1629 3929 Obstupuit
1651 3858 1837 3915 caelum
1863 3876 1957 3914 su-

377 3962 471 4016 per
499 3946 616 4014 hoc,
655 3957 705 4002 et
738 3949 1014 4003 exhorruit
1055 3950 1287 4018 amplius
1319 3950 1663 4018 uehementer,
1705 3953 1955 4023 quoniam

376 4036 485 4089 duo
507 4038 671 4090 etiam
698 4037 846 4091 mala
867 4037 989 4107 fecit
1012 4039 1234 4107 populus
1253 4055 1398 4092 meus
1418 4039 1481 4092 “.
1510 4038 1699 4108 Itaque
1727 4048 1782 4094 et
1807 4040 1956 4111 Apo-

377 4129 557 4185 stolus
576 4129 758 4187 sciens
784 4132 1005 4201 angelos
1035 4130 1351 4187 hominibus
1380 4130 1687 4201 praefectos,
1708 4147 1807 4188 ceu
1844 4149 1955 4202 par-

377 4220 621 4292 dagogos
654 4223 942 4292 quospiam
985 4230 1079 4276 aut
1124 4238 1337 4278 morum
1386 4225 1806 4294 gubernatores,
1857 4242 1955 4281 vo-

376 4316 524 4367 cavit
565 4314 692 4370 illos
733 4313 793 4368 in
823 4313 1222 4369 testimonium.
1274 4315 1346 4369 At
1390 4314 1554 4371 Jesus
1594 4315 1743 4373 Nave
1783 4319 1948 4373 etiam

2061 3125 2301 3182 λέσεται
2327 3127 2458 3195 γὰρ,
2488 3129 2641 3196 φησὶ,
2668 3128 2775 3179 τὸν
2805 3128 3067 3194 oivpm'dr
3086 3128 3226 3189 ἅνω,
3244 3127 3343 3180 καὶ
3371 3129 3485 3195 τὴν
3503 3126 3639 3197 γῆν,

2061 3219 2166 3272 τοῦ
2195 3218 2485 3286 διακρῖναι
2514 3219 2619 3272 τὸν
2646 3219 2802 3272 λαὸν
2838 3219 3044 3273 αὐτοῦ.
3084 3218 3245 3271 Ὅθεν
3276 3220 3511 3287 Μωύτῆς
3535 3236 3634 3273 πα-

2066 3310 2378 3382 ρατίθεσθαι
2414 3310 2622 3381 μέλλων
2666 3311 2732 3364 τὰ
2767 3311 2923 3379 λόγια
2954 3311 3033 3381 τῷ
3079 3311 3213 3381 λαῷ,
3248 3313 3640 3379 Διαμαρτύρο-

2056 3419 2164 3470 μαι
2195 3401 2359 3470 ὑμῖν,
2396 3402 2549 3472 φησὶ,
2580 3401 2847 3469 σήμερον
2880 3403 2985 3455 τόν
3015 3418 3079 3455 τε
3108 3402 3368 3469 οὐρανὸν
3400 3401 3497 3455 καὶ
3525 3400 3642 3470 τὴν

2060 3492 2208 3561 γῆν·
2242 3493 2336 3545 καὶ
2358 3492 2519 3545 πάλιν
2548 3491 2646 3563 τὴν
2672 3491 2815 3562 ᾠδὴν
2847 3491 3019 3559 λέγων
3041 3508 3054 3521 ·
3084 3494 3368 3562 Πρόσεχε,
3397 3494 3638 3561 οὐρανέ,

2060 3582 2156 3635 καὶ
2186 3581 2460 3649 λαλήσω,
2482 3581 2581 3636 καὶ
2601 3581 2867 3637 ἀκουέτω
2895 3581 2972 3651 γῆ
2992 3580 3224 3650 ῥήματα
3246 3584 3312 3635 ἐκ
3342 3585 3640 3652 στόματός

2053 3690 2206 3743 μου·
2244 3673 2336 3726 καὶ
2372 3673 2628 3736 Ἡσαΐας·
2661 3675 2891 3737 Ἄκουε,
2926 3673 3164 3741 οἰιρανὲ,
3207 3675 3304 3727 καὶ
3337 3675 3635 3739 ἐνωτίζου,

2057 3763 2156 3831 γῆ.
2198 3763 2467 3834 Ἱερεμίας
2506 3763 2562 3816 δὲ
2595 3765 2687 3817 καὶ
2720 3763 2974 3817 ἔκστασίν
3014 3782 3134 3818 τινα
3172 3764 3263 3818 τοῦ
3290 3766 3518 3837 οὐρανοῦ
3543 3766 3638 3820 ἐπὶ

2055 3860 2123 3927 τῇ
2176 3858 2311 3928 ἀκοῇ
2360 3857 2469 3910 τῶν
2520 3857 2749 3911 ἀνοσίων
2802 3857 2978 3928 ἔργων
3024 3858 3118 3911 τοῦ
3158 3858 3287 3913 λαοῦ
3346 3860 3633 3929 διηγεῖται.

2070 3945 2321 4014 Ἐξέστη
2363 3950 2397 4001 ό
2440 3948 2697 4015 οὐρανὸς
2740 3947 2840 4000 ἐπὶ
2879 3949 3085 4013 τούτῳ,
3118 3950 3217 4002 καὶ
3259 3949 3504 4018 ἔφριξεν
3534 3950 3634 4004 ἐπὶ

2057 4037 2268 4091 πλεῖον
2288 4036 2525 4106 σφόδρα
2548 4036 2682 4101 (Gl),
2716 4036 2806 4089 ὅτι
2834 4036 2943 4091 δύο
2972 4037 3069 4090 καὶ
3090 4041 3321 4105 πονηρὰ
3343 4038 3634 4105 ἐποίησεν

2059 4130 2091 4181 ό
2126 4131 2275 4192 λαός
2320 4144 2458 4195 μου.
2494 4128 2602 4180 Καὶ
2628 4127 2656 4179 ὁ
2702 4126 3025 4189 ’Λπόστολος
3055 4128 3255 4191 τοίνυν,
3288 4128 3476 4201 ὥσπερ
3507 4146 3637 4184 mtt-

2054 4216 2332 4287 δαγωγούς
2368 4216 2580 4287 τιναςῆ
2630 4217 2987 4287 παιδονόμους
3032 4220 3488 4290 ἐπιτεταγμένους
3518 4221 3633 4291 (62)

2057 4312 2167 4373 τοῖς
2195 4307 2501 4379 ἀνθρώποις
2531 4309 2656 4373 τοὺς
2693 4310 2957 4377 ἀγγέλους
2986 4309 3161 4373 εἰδὼς,
3204 4313 3283 4376 εἰς
3330 4314 3638 4384 μαρτυρίαν

377 4403 612 4472 lapidem
681 4413 873 4459 testem
929 4421 1257 4485 sermonum.
1289 4407 1481 4462 statuit
1535 4408 1666 4478 (jam
1710 4422 1842 4463 vero
1895 4416 1950 4463 et

2073 4401 2447 4456 ἐπεκαλέσατο.
2495 4400 2703 4472 Ἰησοῦς
2728 4401 2784 4453 δὲ
2809 4403 2837 4455 ὁ
2867 4401 2960 4455 τοῦ
3000 4403 3154 4473 Ναυῆ
3186 4402 3281 4456 καὶ
3318 4402 3463 4456 λίθον
3493 4408 3638 4477 μάρ-

373 4495 531 4549 collis
556 4495 756 4549 alicubi
785 4495 943 4550 testis
977 4496 1280 4566 appellatus
1312 4506 1397 4552 est
1434 4513 1462 4552 a
1493 4496 1686 4569 Jacob)
1713 4499 1756 4529 "
1784 4516 1798 4552 :
1827 4497 1946 4551 Erit

372 4589 536 4650 enim,
566 4586 762 4657 inquit,
802 4587 937 4656 lapis
960 4588 1014 4641 in
1038 4587 1177 4642 vobis
1208 4587 1361 4641 hodie
1392 4590 1448 4642 in
1485 4589 1841 4644 testimonium
1892 4591 1948 4643 in

371 4680 621 4736 extremis
643 4678 852 4745 diebus,
897 4695 1016 4733 cum
1047 4680 1257 4733 mentiti
1307 4679 1517 4748 fueritis
1564 4679 1794 4734 Domino
1838 4679 1945 4734 Deo

440 4835 486 4864 δ’
519 4833 564 4889 ll
603 4832 746 4889 Tim.
785 4849 867 4897 ιι,
904 4834 962 4888 9.
1037 4837 1059 4867 ⁵
1098 4833 1239 4888 Luc.
1272 4850 1386 4897 xit,
1426 4837 1480 4899 8,
1554 4836 1608 4890 9.
1684 4836 1705 4867 ⁸
1739 4834 1781 4889 ΙΙ
1818 4834 1961 4889 Thes

2076 4875 2093 4893 ,
2135 4834 2183 4888 7.
2260 4841 2280 4869 ⁷
2320 4832 2466 4886 Psal.
2503 4848 2653 4898 xux,
2692 4833 2745 4888 4.

2062 4511 2203 4565 τυρα
2251 4492 2360 4546 τῶν
2405 4492 2578 4561 λόγων
2629 4491 2857 4563 ἔστησεν
2889 4493 3011 4565 (ἤδη
3053 4493 3111 4545 δέ
3151 4510 3252 4546 που
3304 4496 3395 4548 καὶ
3447 4495 3637 4565 βουνὸς

2064 4587 2271 4658 μάρτυς
2317 4586 2466 4657 παρὰ
2496 4584 2589 4638 τοῦ
2629 4585 2822 4638 Ἰακὼϐ
2861 4585 3173 4656 ὠνομάσθη)
3197 4602 3215 4615 ⁸
3249 4588 3454 4641 Ἔσται
3498 4591 3632 4657 γὰρ,

2061 4680 2245 4750 φησιν,
2266 4681 2299 4732 ὀ
2324 4680 2494 4744 λίθος
2520 4677 2590 4731 ἐν
2612 4677 2756 4746 ὑμῖν
2777 4677 2887 4748 (65)
2904 4679 3169 4747 σήμερον
3197 4681 3285 4744 εἰς
3307 4681 3637 4747 μαρτύριον

2851 4833 2874 4865 ⁸
2912 4831 3069 4888 Deut.
3112 4849 3198 4896 ιν,
3238 4833 3330 4889 23.
3402 4833 3424 4861 ⁹
3468 4837 3619 4887 Deut-

366 4919 541 4969 xxsn,
582 4905 633 4960 1.
711 4907 753 4936 ¹⁰
786 4905 891 4959 lsa.
930 4921 968 4968 ι,
1003 4903 1059 4958 2.
1136 4907 1176 4940 ¹¹
1210 4904 1322 4960 Jer.
1359 4921 1419 4971 ιι,
1463 4904 1549 4970 12,
1592 4906 1680 4962 15.
1758 4907 1800 4937 “
1838 4905 1954 4960 Gen

2073 4920 2146 4958 ιιι
2173 4943 2187 4966 ,
2221 4904 2310 4958 47.

367 5153 391 5166 κ
439 5081 552 5151 (56)
617 5084 741 5138 Οὐκ
792 5083 885 5152 ἐφ’
944 5084 1188 5152 δμοίοιτι.
1253 5081 1390 5152 Reg.
1444 5083 1654 5143 primus
1707 5087 1808 5141 οὐκ
1871 5089 1950 5144 ἔθ’

364 5170 985 5296 Ῠμῗξζῗ-Ὀμολογῆσῃ.
1010 5220 1088 5278 lta
1114 5223 1362 5296 plerique
1387 5223 1512 5279 libri
1539 5231 1768 5281 veteres.
1802 5227 1945 5284 Editi

361 5293 708 5383 ὁμολογήρει.
1023 5362 1050 5376 -
1116 5293 1133 5296 ⁷
1223 5293 1291 5377 ξ
1377 5364 1390 5377 .
1773 5367 1785 5380 ⁸

434 5362 546 5427 (58)
611 5360 894 5431 Αγγέλων
943 5379 1053 5419 του
1106 5365 1272 5420 Θεου.
1335 5363 1426 5420 Sic
1478 5378 1615 5420 mss.
1667 5365 1883 5425 codices
1924 5388 1938 5423 :

359 5431 491 5486 editi
523 5432 772 5500 ἀγγέλων
808 5433 995 5487 αὐτοῦ.

397 5571 411 5588 .
434 5501 562 5589 (59).
598 5503 1033 5589 Ἀσξρύρᾳνοῦ.
1073 5502 1164 5559 Sic
1194 5520 1386 5589 omnes
1409 5505 1669 5589 codices__:
1693 5506 1819 5564 editi
1842 5508 1940 5561 ἀπ’

359 5571 624 5642 οὐρανῶν.
678 5571 819 5651 Ante
874 5573 975 5630 has
1017 5590 1179 5631 voces
1237 5579 1476 5648 quinque
1535 5577 1754 5632 codices
1801 5592 1934 5633 mss.

359 5642 565 5697 addunt
586 5640 843 5715 Χριστου.

1818 5853 1879 5866 -.-

2129 5089 2241 5160 (6’))
2278 5088 2635 5158 Εὐπρεπεῖς.
2673 5087 2818 5145 Editi
2874 5097 2927 5146 et
2962 5087 3117 5144 Colb.
3160 5088 3463 5160 εὐτρεπεῖς.
3525 5088 3633 5142 Alii

2053 5160 2278 5216 codices
2318 5168 2377 5213 ut
2410 5163 2462 5212 in
2492 5168 2774 5214 contextu.

2128 5231 2243 5296 (61)
2287 5230 2545 5298 Σφόδρα.
2588 5229 2727 5283 Editi
2781 5228 2987 5283 addunt
3039 5230 3074 5286 ἡ
3113 5228 3217 5300 γῆ,
3274 5227 3368 5282 sed
3413 5226 3529 5281 haec.
3575 5227 3635 5282 in

2050 5302 2209 5355 nullo
2244 5300 2368 5353 cod.
2404 5315 2507 5353 nis.
2552 5300 2823 5368 leguntur.

2122 5368 2240 5439 (62)
2295 5365 2817 5438 Ἐπιτεταήιένους
2877 5366 2966 5422 Sic
2992 5382 3180 5422 omnes
3218 5366 3388 5439 nostri
3414 5365 3635 5439 codices

2048 5435 2150 5509 pro
2199 5435 2266 5491 eo
2316 5440 2459 5507 quod
2501 5435 2699 5493 eratin
2738 5439 2901 5492 editis
2928 5439 3275 5502 ὲπιστάντας.
3314 5435 3450 5492 Tres
3477 5436 3632 5490 codi-

2046 5526 2138 5565 ces
2177 5509 2383 5562 habent
2413 5509 2519 5579 και
2545 5509 2922 5579 παιδονόμους.

2117 5578 2235 5648 (65)
2288 5581 2390 5631 Ἐν
2421 5578 2581 5646 ὑμῖν,
2629 5574 2949 5648 Ριαξῤοίιίο
2995 5575 3176 5632 addita
3205 5591 3294 5648 _ex
3345 5574 3632 5648 codicibus

2045 5645 2178 5707 mss.
2214 5645 2343 5704 Hac
2375 5645 2557 5704 autem
2604 5645 2967 5705 Combelisius
2996 5645 3308 5703 memoriter
3343 5662 3372 5701 a
3402 5645 3626 5711 Basilio,
