3900 6212
460 304 569 368 125

1771 302 1830 357 8.
1874 300 2118 356 BASILII
2158 301 2374 358 HAGNI

3624 302 3728 360 124

436 408 678 487 ίοὶοῠιιιιι
717 427 786 482 ad
831 428 1003 491 illum,
1037 427 1487 482 servabantur".
1522 424 1788 480 Similiter
1830 434 1885 480 et
1923 440 2041 493 qnze

2149 443 2238 491 τες
2275 430 2357 491 εἰς
2386 427 2551 480 αὑτὸν
2575 425 2919 492 διεσώζοντο.
2952 425 3107 480 Οὓτω
3138 424 3203 496 δὴ
3234 426 3330 479 καὶ
3362 423 3432 478 τὰ
3469 424 3597 496 περὶ
3626 426 3731 496 τῆς

461 521 531 578 de
581 522 796 578 eductis
845 517 1112 575 lsraelitis
1157 520 1405 587 scripta,
1467 518 1534 572 ad
1585 517 2042 587 signiﬁcationem

460 629 650 669 eorum
697 613 790 683 qui
825 611 1099 681 baptismo
1147 610 1284 665 salvi
1331 610 1490 674 ﬁunt,
1542 620 1767 663 narrata
1820 617 1947 665 sunt
1974 609 2039 661 ".

462 707 691 764 Servata
716 713 848 761 sunt
866 706 1011 760 enim
1039 704 1413 760 lsraelitarum
1440 701 1825 773 primogenita,
1852 717 2045 771 quem-

463 796 758 853 admodum
789 804 844 852 et
863 795 1266 865 baptizatorum
1291 808 1548 864 corpora,
1574 808 1698 848 cmn
1734 794 1910 861 gratia
1941 793 2044 846 da-

462 898 552 944 tur
581 888 652 943 iis
678 887 772 958 qui
804 887 1077 957 sanguine
1110 886 1309 956 signati
1346 886 1589 939 fuerunt.
1627 882 1867 954 Sanguis
1894 885 2043 938 enim

463 980 713 1052 pecudis,
746 980 916 1049 ﬁgura
943 979 1229 1050 sanguinis
1258 977 1499 1042 Christi;
1527 968 1890 1046 primogenita
1913 993 2044 1031 vero

461 1080 627 1143 typus
660 1071 923 1135 hominis,
964 1070 1059 1140 qui
1092 1071 1306 1140 primus
1339 1069 1596 1124 conditus
1629 1074 1749 1131 est;
1781 1067 1873 1137 qui
1904 1083 2045 1137 quo-

462 1165 608 1218 niam
662 1162 976 1217 necessario
1030 1162 1086 1216 in
1136 1162 1298 1217 nobis
1349 1170 1457 1223 cst,
1500 1160 1631 1213 dum
1670 1160 2044 1215 successionis

463 1255 608 1311 serie
651 1270 827 1324 usque
861 1252 928 1307 ad
962 1252 1122 1308 linem
1155 1253 1573 1317 transmittitur,
1615 1253 1741 1307 ideo
1780 1253 1836 1306 in
1867 1250 2040 1306 Adam

462 1363 654 1403 omnes
686 1348 953 1402 morimur
977 1348 1046 1411 “,
1087 1355 1142 1401 et
1173 1348 1424 1416 regnavit
1452 1361 1602 1401 mors
1633 1362 1808 1416 usque
1859 1345 1926 1399 ad
1961 1346 2044 1400 le-

464 1439 550 1510 gis
591 1438 1148 1501 consummationem,
1183 1445 1238 1492 et
1286 1438 1493 1492 Christi
1532 1436 1849 1492 adventum.
1890 1437 2041 1492 Con-

2146 518 2431 589 ὲξαγωγῆς
2456 518 2567 587 (70)
2595 517 2691 572 τοῦ
2733 517 2951 589 Ἰσραὴλ
2989 519 3070 581 εἰς
3113 516 3336 583 ἔνδειξιν
3364 516 3473 571 τῶν
3507 516 3599 570 διὰ
3628 515 3725 571 τοῦ

2147 609 2523 679 βαπτίσματος
2568 609 2894 678 σωζομένων
2956 610 3254 680 ἱστόρηται.
3308 607 3549 679 Διεσώθη
3614 608 3727 681 γὰρ

2143 702 2253 755 τῶν
2290 701 2643 773 Ἰσραηλιτῶν
2670 702 2737 755 τά
2770 702 3088 774 πρωτότοκα
3107 743 3122 765 ,
3158 701 3233 764 ὼς
3265 701 3359 755 καὶ
3386 700 3491 754 τῶν
3533 702 3724 770 βαπτι-

2145 793 2387 864 ζομένων
2442 795 2513 849 τὰ
2566 794 2794 866 σώματα
2825 834 2840 853 .
2885 794 3169 865 διδομένης
3199 794 3311 865 (71)
3358 793 3460 865 τῆς
3504 795 3725 866 χάριτος

2143 891 2256 952 τοῖς
2305 888 2691 960 σημειωθεῐσιν
2740 889 2845 942 ὑπὸ
2884 888 2982 942 τοῦ
3023 890 3274 958 αἵματος.
3333 887 3409 941 Τὸ
3470 888 3568 957 μὲν
3615 886 3726 958 γὰρ

2145 974 2286 1051 αἷμα
2318 980 2413 1033 τοῦ
2452 981 2727 1052 προϐάτου
2764 981 2934 1043 τύπος
2972 980 3066 1034 τοῦ
3092 981 3321 1049 αἵματος
3342 978 3436 1032 τοῦ
3460 977 3723 1049 Χριστοῦ·

2144 1072 2211 1126 τὰ
2258 1073 2316 1125 δὲ
2354 1072 2693 1143 σπρωτότοκα
2748 1072 2918 1136 τύπος
2983 1072 3077 1125 τοῦ
3132 1071 3557 1144 πρωτοπλάστου
3591 1088 3605 1100 ·
3666 1070 3727 1134 ὃς

2145 1163 2331 1231 ἐπειδὴ
2362 1164 2679 1233 ἀναγκαίως
2714 1167 2849 1235 ἡμῖν
2881 1165 3179 1235 ἐνυπάρχει
3212 1167 3278 1235 τῇ
3310 1163 3600 1233 ἀκολουθίᾳ
3627 1163 3729 1233 τῆς

2143 1254 2392 1325 διαδοχῆς
2446 1256 2608 1326 μέχρι
2658 1256 2846 1320 τέλους
2878 1256 3386 1327 παραπεμπόμενος
3408 1296 3423 1318 ,
3451 1254 3539 1307 διὰ
3566 1253 3730 1307 τοῦτο

2144 1348 2203 1400 ἐν
2226 1346 2304 1418 τῷ
2346 1346 2519 1416 Ἀδάμ
2549 1348 2751 1411 πάντες
2778 1348 3224 1418 ἀποθνήσκομεν,
3256 1348 3350 1400 καὶ
3375 1346 3729 1399 ἐϐασίλευσεν

2144 1441 2172 1493 ὁ
2208 1439 2439 1503 Θάνατος
2466 1438 2579 1509 (7'2)
2610 1440 2774 1511 μέχρι
2798 1440 2900 1509 τῆς
2930 1439 3026 1493 τοῦ
3057 1441 3222 1511 νόμου
3250 1437 3603 1509 πληρώσεως,
3631 1438 3731 1490 καὶ

465 1538 683 1585 servata
725 1536 907 1583 autem
940 1535 1072 1583 sunt
1097 1543 1126 1582 a
1162 1527 1274 1583 Deo
1309 1529 1697 1598 primogenita,
1731 1544 1797 1583 ne
1823 1543 1886 1582 ea
1918 1537 2044 1582 tan-

464 1628 616 1691 geret
640 1621 965 1685 exstinctor,
991 1631 1050 1674 ut
1072 1620 1482 1685 ostenderetur,
1518 1636 1621 1675 nos
1640 1621 1755 1688 jam
1782 1636 1892 1674 non
1928 1636 2047 1674 ama

464 1706 610 1778 plius
650 1706 789 1759 mori
835 1706 892 1759 in
939 1704 1136 1766 Adam,
1166 1705 1261 1775 qui
1295 1705 1348 1758 in
1393 1703 1616 1760 Christo
1650 1705 1904 1759 viviﬁcati
1949 1721 2041 1759 su-

2149 1709 2431 1781 θρεύοντα,
2460 1713 2540 1775 είς
2572 1711 2799 1780 ἔνδειξιν
2825 1712 2919 1766 τοῦ
2957 1713 3155 1784 μηκέτι
3186 1714 3330 1784 ἡμᾶς
3360 1713 3729 1783 ἀποθνήσκειν

463 1776 609 1853 inus.
636 1795 906 1855 Caeterum
939 1811 1093 1851 mare
1114 1803 1169 1851 ct
1189 1795 1412 1858 nebula,
1430 1797 1484 1849 in
1507 1797 1763 1866 praesenti
1795 1796 2039 1866 quidem,

2149 1776 2202 1855 ὲν
2234 1803 2312 1872 τῷ
2359 1804 2565 1875 Ἀδὰμ,
2620 1776 2751 1869 τοὺς
2803 1776 3243 1877 ζωοπδιῆθέντας
3283 1807 3341 1860 ἐν
3377 1806 3456 1876 τῷ
3482 1776 3727 1877 Χριστῷ.

462 1888 760 1945 inducebat
792 1888 859 1942 ad
896 1887 1054 1943 ﬁdem
1086 1904 1185 1959 per
1217 1887 1676 1951 admirationem;
1709 1889 1765 1942 in
1796 1888 2041 1944 futurum

2157 1894 2315 1948 ἸΓδὲ
2357 1894 2602 1950 θάλασσα
2640 1897 2807 1968 καὶὴ
2857 1897 3056 1969 νεφέλη
3106 1898 3246 1967 πρὸς
3293 1898 3391 1969 μὲν
3441 1897 3503 1951 τὺ
3554 1899 3732 1970 παρὸν

462 1991 669 2045 autem,
716 1989 984 2051 tanquam
1030 1989 1194 2053 typus
1236 1980 1471 2050 gratiam
1513 1987 1798 2034 venturam
1849 1980 2041 2051 praesi-

2149 1987 2224 2049 εἱς
2260 1985 2440 2039 πίστιν
2470 1987 2631 2057 ἐνῆγε
2662 1985 2751 2040 διὰ
2798 1987 2903 2057 τῆς
2937 1988 3332 2060 καταπλήξεως
3357 2004 3372 2018 ·
3409 1989 3546 2060 πρὸς
3583 1989 3639 2043 δὲ
3667 1991 3734 2043 τὸ

460 2072 686 2145 gnahat.
723 2072 854 2137 Qui;
886 2071 1117 2140 sapiens,
1154 2080 1204 2127 et
1238 2070 1492 2142 intelliget
1529 2069 1742 2126 hac"?
1768 2072 2041 2141 quomodo

2149 2075 2339 2146 μέλλον
2377 2077 2455 2140 ὡς
2505 2078 2677 2142 τύπος
2728 2078 2829 2150 τὴν
2884 2079 3153 2151 ἐσομένην
3206 2082 3366 2152 χάριν
3416 2082 3733 2153 προῦπεσή-

2144 1531 2242 1601 τῆς
2266 1531 2359 1584 τοῦ
2409 1530 2650 1601 Χριστοῦ
2688 1532 3011 1602 παρουσίας.
3046 1532 3350 1605 Διετηρήθη
3392 1531 3448 1584 δὲ
3479 1532 3591 1600 (7'5)
3621 1531 3729 1583 ὑπὸ

2143 1617 2235 1670 τοῦ
2286 1617 2422 1671 Θεοῦ
2460 1618 2529 1671 τὰ
2562 1619 2928 1690 πρωτότοκα,
2981 1620 3076 1673 τοῦ
3125 1622 3200 1692 μὴ
3252 1619 3425 1689 θίγειν
3472 1620 3562 1672 τὸν
3609 1620 3730 1673 ὁλο-

461 2178 633 2227 mare,
669 2177 768 2233 per
790 2161 1019 2232 ﬁguram
1043 2162 1340 2232 baptisma,
1372 2176 1641 2231 separans
1676 2176 1706 2214 a
1731 2159 2041 2225 Pharaone,

460 2252 924 2324 quemadmodum
945 2260 1000 2307 et
1019 2253 1297 2307 lavacrum
1319 2252 1424 2308 hoc
1448 2267 1480 2306 a
1500 2252 1705 2307 diaboli
1728 2252 2042 2322 tyrannide.

460 2341 599 2399 Illud
631 2344 831 2399 occidit
874 2344 1085 2399 hostem
1116 2345 1169 2398 in
1203 2359 1347 2406 sese,
1379 2344 1612 2398 moritur
1641 2352 1696 2400 ct
1731 2344 1821 2398 hic
1865 2345 2045 2401 inimi-

459 2437 611 2501 citia,
649 2452 772 2507 quae
813 2435 976 2493 nobis
1022 2436 1126 2491 fuit
1179 2453 1305 2491 cum
1358 2436 1489 2491 Deo.
1544 2437 1629 2491 Ab
1681 2437 1775 2490 illo
1806 2439 2043 2507 pepulus

459 2530 594 2585 exiit
620 2529 862 2594 illaesos;
893 2529 1249 2583 ascendimus
1281 2537 1336 2584 et
1367 2544 1469 2585 nos
1501 2529 1571 2585 ab
1599 2528 1761 2599 aquis
1785 2538 2049 2599 tanquam

460 2634 530 2673 ex
570 2617 804 2672 mortuis
844 2617 977 2681 vivi,
1014 2618 1215 2673 servati
1251 2632 1346 2687 per
1390 2617 1623 2685 gratiam
1663 2617 1784 2684 ejus
1813 2616 1908 2686 qui
1944 2630 2044 2669 vo-

462 2711 609 2766 cavit
638 2726 759 2766 nos.
794 2708 978 2764 Nubes
1018 2721 1205 2765 autem
1251 2711 1445 2765 umbra
1491 2709 1619 2764 doni
1651 2709 1917 2780 Spiritus,
1950 2709 2046 2779 qui

462 2801 749 2857 libidinum
804 2799 1081 2858 ﬂammam
1144 2801 1535 2859 mortiﬁcando
1579 2802 1826 2856 membra
1883 2802 2046 2856 refiri-

463 2905 636 2966 gerat.

531 3159 624 3216 52.
663 3157 803 3225 Quid
828 3158 1039 3230 igitur?
1069 3173 1200 3215 num
1241 3159 1369 3230 quia
1402 3159 1582 3230 typice
1620 3160 1672 3214 in
1702 3159 1923 3230 Moysen
1956 3160 2044 3214 ba-

460 3250 648 3321 ptizati
694 3257 845 3317 sunt,
892 3250 1016 3307 ideo
1065 3251 1260 3321 exigua
1309 3259 1394 3308 est
1424 3253 1600 3322 gratia
1647 3253 2043 3323 baptismatis?

463 3339 608 3396 Sane
640 3340 744 3394 hoc
772 3349 933 3410 pacto
962 3356 1065 3395 nec
1099 3342 1249 3396 aliud
1275 3341 1575 3413 quidquam
1604 3343 1657 3396 in
1688 3345 1896 3399 nostris
1927 3360 2045 3415 my-

460 3433 646 3489 steriis
688 3431 855 3488 fuerit
898 3449 1181 3504 magnum,
1220 3435 1267 3489 si
1313 3435 1460 3504 quod
1501 3435 1556 3489 in
1593 3435 1824 3504 singulis
1871 3451 2043 3503 augu—

460 3532 732 3588 stuumest,
768 3538 865 3594 per
899 3524 1271 3594 przecedentes
1304 3524 1509 3594 ﬁguras
1546 3524 1939 3595 deprimamus.
1965 3527 2044 3580 Ac

462 3630 532 3670 ne
576 3614 672 3670 Dei
728 3615 949 3685 quidem
996 3633 1125 3685 erga
1184 3617 1435 3671 homines
1485 3618 1730 3672 Charitas
1784 3632 2040 3687 magnum

461 3708 720 3777 quiddam
753 3715 808 3762 et
832 3708 1119 3772 eximium,
1166 3708 1261 3779 qui
1294 3708 1633 3779 unigenitum
1664 3708 1863 3763 Filium
1894 3710 2043 3766 dedit

460 3813 561 3868 pro
602 3798 841 3869 peccatis
878 3800 1089 3855 nostris
1121 3819 1132 3855 :
1179 3800 1629 3871 quandoquidem
1666 3809 1721 3856 et
1767 3802 2041 3856 Abraham

460 3891 726 3947 ﬁli0'suo
773 3906 884 3946 non
916 3892 1162 3963 pepercit
1186 3894 1255 3947 ’³.
1296 3892 1409 3948 Nec
1452 3894 1666 3947 Domini
1701 3897 1887 3964 passio
1925 3896 2042 3964 glo-

461 3983 639 4050 riosa;
677 3983 948 4053 siquidem
995 3985 1139 4039 aries
1189 3984 1311 4039 loco
1345 3986 1501 4040 lsaac
1544 3987 1777 4040 victimze
1814 3986 2041 4056 ﬁguram

458 4076 695 4145 explevit
714 4076 780 4129 ".
810 4074 997 4146 Neque
1035 4076 1339 4131 descensus
1381 4077 1450 4131 ad
1481 4077 1692 4134 inferos
1721 4079 2039 4147 horribilis;

459 4168 681 4239 quando
725 4169 947 4239 quidem
995 4167 1167 4224 Jonas
1209 4170 1389 4226 tribus
1427 4169 1656 4234 diebus,
1700 4186 1764 4226 ac
1807 4172 2038 4227 totidem

459 4260 735 4322 noctibus,
786 4259 981 4314 mortis
1020 4260 1247 4331 ﬁguram
1302 4261 1455 4333 prius
1508 4262 1748 4328 explevit
1770 4264 1837 4317 ’⁷.
1892 4262 2038 4317 Idem

457 4368 590 4425 ergo
619 4352 750 4407 facit
770 4360 826 4408 et
858 4351 927 4408 de
953 4352 1298 4422 baptismate,
1327 4354 1421 4423 qui
1447 4354 1731 4408 veritatem
1763 4369 1887 4408 cum
1916 4371 2040 4409 um-

2148 2184 2327 2235 μαινε.
2383 2168 2479 2234 Τίς
2531 2170 2725 2239 σοφὸς
2759 2208 2775 2235 ,
2816 2170 2915 2225 καὶ
2962 2172 3226 2238 omnium
3267 2172 3496 2235 wiita;
3534 2173 3650 2235 πῶς
3695 2176 3731 2243 ἡ

2145 2255 2390 2309 θάλασσα
2430 2256 2714 2327 βάπτισμα
2750 2259 3032 2324 τυπικῶς,
3065 2261 3345 2333 χωρισμὸν
3372 2261 3602 2315 ποιοῦσα
3635 2261 3733 2315 τοῦ

2143 2347 2343 2418 Φαραὼ
2363 2388 2376 2411 ,
2411 2348 2486 2412 ὡς
2521 2348 2613 2403 καὶ
2640 2350 2699 2403 τὸ
2732 2350 2957 2423 λουτρὸν
2988 2352 3147 2406 τοῦτο
3176 2354 3275 2424 τῆς
3302 2353 3613 2423 τυραννίδος
3633 2353 3732 2406 τοῦ

2143 2438 2411 2494 διαϐόλου.
2469 2440 2820 2494 Ἀπὲκτεινεν
2857 2442 3041 2513 ἐκείνη
3080 2444 3136 2496 ὲν
3165 2444 3333 2515 ἑαυτῇ
3364 2442 3457 2496 τὸν
3498 2443 3693 2514 ἐχθρόν
3716 2458 3730 2473 ·

2145 2530 2480 2601 ἀποθνήσκει
2529 2531 2627 2585 καὶ
2683 2524 2785 2586 ὧδε
2842 2535 2875 2604 ἡ
2930 2534 3099 2604 ἔχθρα
3149 2535 3307 2606 ἡμῶν
3360 2537 3393 2606 ἡ
3443 2537 3523 2598 είς
3574 2534 3730 2588 Θεόν.

2158 2624 2414 2693 Ἐξῆλθεν
2448 2624 2541 2677 ἀπ’
2578 2624 2792 2695 ἐκείνης
2842 2626 3057 2697 ἀπαθὴς
3097 2628 3126 2679 ὁ
3169 2626 3330 2690 λαός·
3370 2626 3734 2696 ἀναϐαίνομεν

2147 2717 2242 2769 καὶ
2285 2719 2448 2787 ἡμεῖς
2491 2716 2566 2780 ὼς
2607 2719 2671 2769 ἐκ
2719 2718 2931 2788 νεκρῶν
2972 2718 3172 2783 ζῶντες
3208 2720 3319 2774 ἀπὸ
3371 2719 3464 2773 τοῦ
3514 2718 3730 2783 ὓδατος,

2146 2808 2331 2880 χάριτι
2383 2808 2649 2875 σωθέντες
2694 2813 2760 2883 τῇ
2813 2811 2906 2864 τοῦ
2961 2813 3291 2878 καλέσαντος
3341 2815 3513 2885 ἡμᾶς.
3570 2815 3636 2868 Ἦ
3674 2814 3734 2868 δὲ

2145 2900 2340 2971 νεφέλη
2376 2900 2501 2954 σκιὰ
2531 2900 2632 2970 τῆς
2665 2905 2728 2956 ὲκ
2753 2904 2846 2957 τοῦ
2878 2905 3195 2975 Πνεύματος
3227 2905 3466 2978 δωρεᾶς,
3503 2905 3598 2958 τοῦ
3631 2906 3735 2975 τὴν

2148 2990 2319 3061 φλόγα
2342 2992 2447 3044 τῶν
2477 2992 2666 3046 παθῶν
2694 2994 2781 3047 διὰ
2820 2996 2920 3065 τῆς
2950 2996 3273 3069 νεκρώσεως
3299 2998 3406 3052 τῶν
3439 2998 3617 3069 μελῶν
3641 3017 3735 3072 κα-

2071 3114 2117 3172 C
2145 3081 2497 3152 ταψύχοντος.

2217 3174 2309 3231 32.
2353 3176 2420 3229 Τί
2463 3172 2585 3244 οὗνς
2617 3179 2805 3251 ἐπειδὴ
2850 3180 3095 3245 τυπικῶς
3122 3183 3202 3246 εἰς
3230 3184 3469 3256 Μωῦσῆν
3509 3184 3735 3238 ἐϐαπτίο

2146 3265 2390 3338 σθησαν,
2426 3267 2516 3322 διὰ
2557 3270 2715 3324 τοῦτο
2761 3272 2937 3342 μικρά
2966 3274 3077 3343 (75)
3127 3276 3159 3345 ἡ
3204 3274 3300 3328 τοῦ
3356 3276 3740 3346 βαπτίσματος

2144 3357 2337 3428 χάρις;
2368 3358 2522 3413 Οὕτω
2559 3361 2659 3432 μὲν
2686 3358 2780 3416 οῦν
2810 3364 2921 3417 οὐδ’
2951 3364 3015 3417 ἂν
3050 3364 3176 3417 ἄλλο
3219 3384 3271 3419 τι
3305 3367 3448 3437 μέγα
3492 3368 3577 3437 εἴη
3621 3367 3741 3421 τῶν

2144 3449 2425 3523 ἡμετέρων
2458 3492 2472 3515 ,
2504 3454 2664 3526 εἴπερ
2694 3454 2756 3508 τὺ
2799 3456 2857 3508 ὲν
2886 3457 3102 3527 ἑκάστῳ
3148 3458 3347 3525 σεμνὸν
3387 3461 3501 3522 τοῖς
3538 3457 3736 3521 τύποις

2145 3541 2651 3615 προδιαϐάλλοιμεν.
2691 3544 2830 3599 Οὔτε
2883 3548 2993 3619 γὰρ
3045 3550 3077 3619 ἡ
3127 3551 3206 3613 εἰς
3261 3548 3583 3621 ἀνθρώπους
3635 3551 3737 3605 τοῦ

2143 3632 2276 3685 Θεοῦ
2308 3634 2495 3705 ἀγάπη
2530 3635 2672 3705 μέγα
2696 3654 2747 3689 τι
2776 3638 2871 3693 καὶ
2903 3639 3204 3710 ὑπερφυὲς,
3237 3640 3296 3703 ὃς
3335 3641 3426 3695 τὸν
3464 3642 3731 3713 μονογενῆ

2146 3724 2273 3782 Υίὸν
2299 3724 2498 3779 ἔδωκεν
2537 3726 2679 3798 ὑπὲρ
2716 3728 2824 3781 τῶν
2864 3730 3149 3801 ἁμαρτιῶν
3179 3731 3336 3801 ἡμῶν
3359 3749 3373 3761 ·
3411 3733 3599 3802 ἐπειδὴ
3636 3735 3733 3787 καὶ

2157 3815 2407 3888 Ἀϐραὰμ
2431 3816 2523 3871 τοῦ
2567 3818 2705 3871 ἰδίου
2736 3820 2854 3873 υἱοῦ
2889 3822 2990 3874 οὐκ
3040 3823 3295 3891 ἐρείσατο
3317 3840 3329 3854 ⁸
3364 3823 3485 3877 οὐδὲ
3522 3824 3583 3876 τδ
3621 3825 3731 3878 πά-

2144 3906 2235 3972 θος
2253 3908 2346 3961 τοῦ
2365 3910 2569 3980 Κυρίου
2601 3909 2809 3976 ἔνδοξον
2832 3928 2847 3941 ’
2881 3915 3068 3984 ἐπειδὴ
3093 3914 3363 3986 πρόϐατον
3384 3914 3505 3968 ἀντὶ
3542 3914 3733 3976 Ἰσαὰκ

2142 3998 2234 4050 τὸν
2267 3999 2436 4052 τύπον
2465 4000 2703 4074 ἐπλήρου
2734 4003 2835 4073 τῆς
2867 4008 3183 4078 προσφορᾶς
3207 4023 3220 4037 ’
3253 4007 3375 4061 οὔτε
3417 4010 3449 4079 ἡ
3485 4010 3564 4070 εἰς
3598 4008 3735 4080 ᾅδου,

2142 4089 2366 4154 κάθοδος
2406 4092 2650 4163 φοϐερά·
2702 4094 2889 4167 ἐπειδὴ
2948 4097 3132 4162 Ἰωνᾶς
3176 4101 3234 4153 ἐν
3279 4099 3456 4171 τρισὶν
3491 4100 3732 4172 ἡμέραις

2142 4182 2237 4235 καὶ
2268 4184 2557 4249 τοσαύταις
2593 4186 2714 4254 νυξὶ
2749 4188 2844 4241 τοῦ
2892 4189 3123 4247 θανάτου
3165 4192 3257 4247 τὸν
3302 4194 3470 4248 τύπον
3505 4194 3731 4266 προεξε-

2143 4273 2370 4344 πλήρου.
2418 4276 2625 4330 Ταὐτὸν
2671 4279 2852 4333 τοίνυν
2907 4286 3055 4341 ποιεῖ
3098 4285 3194 4337 καὶ
3247 4286 3340 4338 ἐπὶ
3382 4284 3476 4338 τοῦ
3534 4286 3733 4356 βαπτί-

2143 4379 2348 4432 σματος
2370 4366 2399 4418 ό
2428 4368 2493 4436 τῇ
2528 4369 2655 4438 σκιᾷ
2689 4371 2996 4442 συγκρίνων
3026 4372 3125 4443 τὴν
3163 4373 3456 4446 ἀλήθειαν,
3493 4377 3587 4429 καὶ
3612 4378 3726 4439 τοῖς

459 4444 559 4501 bra
597 4452 899 4515 comparat,
928 4452 981 4499 et
1019 4459 1144 4499 cum
1178 4444 1368 4513 ﬁguris
1403 4444 1619 4500 confert
1658 4461 1722 4500 ea
1753 4462 1877 4516 quae
1901 4446 2037 4518 ﬁgu-

2149 4453 2332 4518 τύποις
2381 4457 2747 4527 παραϐάλλων
2804 4461 2875 4515 τὰ
2922 4465 3051 4534 παρ’
3098 4444 3277 4520 αὐτῶν
3328 4467 3726 4538 σημαινόμενα,

457 4538 538 4594 ris
561 4536 963 4608 signiﬁcantur,
988 4550 1052 4591 ac
1082 4551 1178 4607 per
1208 4535 1431 4608 Moysen
1465 4547 1518 4592 et
1549 4552 1700 4592 mare
1721 4538 1828 4607 27
1860 4546 2031 4593 totam

459 4633 622 4688 simul
656 4631 1025 4701 evangelicam
1066 4629 1530 4699 dispensationem
1578 4630 1798 4685 elevare
1836 4645 2035 4702 aggre-

457 4726 628 4781 ditur.
666 4724 800 4779 Nam
845 4740 966 4795 qua:
1003 4733 1350 4795 peccatorum
1404 4721 1680 4788 remissio,
1731 4739 1853 4794 qua:
1906 4725 2032 4780 vitai

2142 4545 2237 4598 mi.
2286 4546 2377 4603 διὰ
2424 4550 2706 4615 Μωῦσὲως
2756 4553 2849 4607 καὶ
2887 4555 2987 4627 τῆς
3032 4555 3308 4630 θαλάσσης
3358 4560 3538 4612 πᾶσαν
3587 4558 3736 4629 ὁμοῦ

2140 4635 2415 4713 διασύρειν
2468 4640 2575 4710 τὴν.
2621 4643 2984 4718 εὑαγγελικὴν
3039 4648 3350 4720 οἰκονομίαν
3407 4650 3725 4720 ἐπιχειρῶν.

2141 4729 2276 4783 Ποία
2306 4730 2414 4803 γὰρ
2461 4732 2655 4801 ἀτεσις
2705 4740 3171 4810 παραπτωμάτων
3211 4742 3360 4812 (75);
3406 4742 3534 4797 ποία
3577 4740 3729 4812 ζωῆς

528 4878 745 4962 '_'Num.
788 4896 902 4962 ξιι,
939 4879 995 4935 9.
1069 4876 1298 4933 “Exod.
1339 4894 1435 4942 xu,
1480 4878 1566 4933 15.
1643 4877 1731 4931 ’³1
1770 4879 1899 4933 Cor.
1935 4895 2040 4948 xv,
2081 4880 2176 4939 22.
2251 4884 2433 4943 "Ose.
2478 4905 2599 4956 xw,
2643 4890 2732 4946 10.
2808 4892 3002 4949 “Gen.
3046 4912 3204 4962 χχιιι,
3235 4897 3323 4951 l6.
3399 4898 3596 4953 "ibid.
3635 4898 3723 4954 13.

455 4950 503 4986 ⁸⁷
532 4949 660 5005 Jon.
697 4965 735 5003 ιι
788 4950 840 5004 l.

528 5127 641 5197 (70)
697 5126 1056 5197 Ἐξαγωγῆς,
1088 5125 1452 5197 Consentium
1501 5125 1553 5179 in
1587 5127 1690 5182 hac
1728 5144 1861 5183 voce
1891 5112 2034 5185 mss.

2203 5140 2315 5212 (73)
2349 5143 2677 5212 Διετηρήθη
2712 5146 2798 5201 δέ.
2828 5146 2935 5205 Pro
2970 5148 3056 5205 his
3088 5153 3314 5209 vocibus
3360 5162 3470 5208 tres
3497 5153 3721 5208 cod‘res

457 5196 895 5291 forﬁces-bidui
936 5196 1311 5291 διεξαγωγῇς.
1379 5196 1637 5291 liiSplicet
1696 5197 2033 5291 Go'mbeﬁsio

2149 5196 2226 5291 ςᾳὶ
2265 5196 2534 5277 tingere"
2554 5196 2722 5270 P'au'lo
2751 5226 2876 5288 post
2914 5220 3136 5277 codices
3361 5196 3717 5291 biga/,“editi

458 5267 669 5350 lirasmi
716 5269 1110 5350 interpretatio,
1131 5270 1293 5350 “quia
1348 5282 1455 5319 non
1508 5268 1691 5350 statim
1753 5268 1821 5349 de
1875 5274 2029 5326 exitu

2149 5281 2340 5350 ὶήγειν.

457 5336 827 5391 lsraelitarum
863 5335 1103 5410 loquitur
1130 5335 1404 5410 Basilius:
1438 5337 1531 5390 sed
1568 5339 1658 5410 illa
1687 5340 2031 5410 primogeni-

2204 5350 2316 5434 Ψ)
2377 5353 2586 5434 Μικοάι
2641 5354 2778 5434 Tres
2830 5357 3049 5434 codices
3093 5364 3308 5434 μικρόν.
3362 5362 3533 5417 Paulo
3595 5374 3721 5433 post

457 5415 640 5461 torum
691 5410 840 5464 salus
891 5417 975 5463 est
1026 5408 1172 5460 velut
1237 5406 1455 5460 initium
1507 5406 1701 5464 exitus,
1753 5406 2034 5466 Israelita-

2149 5406 2263 5502 ;diti
2296 5430 2485 5505 contra
2515 5427 2760 5505 omnium
2797 5428 3048 5505 codicum
3068 5406 3224 5505 dissic
3242 5434 3399 5487 Iidem
3438 5406 3721 5505 παραέάλ-

455 5491 643 5621 tua!)
682 5545 1018 5621 ᾼιδομένης.
1044 5545 1181 5621 Reg.
1208 5545 1417 5621 primus
1440 5547 1822 5621 διαδιδομένης,

531 5615 642 5693 (72)
694 5618 754 5668 Ὀ
803 5615 1074 5693 ᾃάνατος.
1109 5615 1248 5673 sum
1293 5618 1503 5673 addunt
1541 5615 1654 5673 ἀπδ
1702 5615 1889 5693 Ἀδάμ,
1933 5620 2026 5678 sed

459 5686 574 5743 haec
597 5688 794 5744 desunt
821 5688 875 5742 in
904 5703 1031 5742 mss.

2137 5491 2342 5569 1013.9,
2372 5494 2522 5569 mide
2555 5494 2834 5569 Erasmus,
2877 5502 2924 5552 si
2954 5503 3306 5569 conferamus.

2139 5563 2870 5703 “dgiynupazwﬁdwr.
2925 5563 3153 5637 Quidam
3196 5574 3414 5629 codices
3459 5575 3716 5647 ἁμαρτη-
