3900 6212
519 296 614 354 151

1819 295 1876 350 5.
1920 293 2160 354 BASILII
2193 298 2407 356 MAGNI

3668 299 3768 353 152

516 428 640 468 inus
668 411 975 466 illustretur
1005 425 1197 466 eorum
1238 413 1324 483 qui
1382 413 1744 483 baptizantur.
1805 414 1994 482 Itaque
2039 414 2083 467 si

2195 414 2336 486 ζωῆς
2384 415 2540 486 ἡμῶν
2589 413 2985 485 ἐνεργουμένης
3027 413 3116 467 διὰ
3161 413 3254 466 τοῦ
3303 414 3637 483 Πνεύματος.
3680 416 3770 470 Ἐν

514 519 623 576 qua
651 515 735 560 est
755 505 927 574 gratia
963 504 1017 557 in
1061 520 1225 574 aqua,
1260 521 1368 559 non
1405 514 1489 560 est
1515 523 1581 560 ex
1607 506 1782 575 ipsius
1811 520 1965 574 aquae
1993 522 2088 558 na-

516 605 660 660 tura,
687 596 782 650 sed
810 611 876 650 ex
909 593 1148 664 Spiritus
1177 597 1494 665 praesentia.
1529 596 1645 649 Non
1693 597 1837 650 enim
1881 604 1965 648 est
1995 597 2089 650 ba-

516 690 750 757 ptismus
781 688 1052 758 depositio
1085 688 1332 742 sordium
1381 690 1650 757 corporis,
1680 689 1774 742 sed
1811 689 2089 742 conscien-

516 782 605 832 tia:
631 779 788 832 bona:
813 778 1171 846 interrogatio
1196 779 1338 848 apud
1376 778 1542 832 Deum
1561 781 1627 832 ".
1668 779 1851 847 Itaque
1872 780 1938 833 ad
1967 795 2086 832 eam

515 872 706 933 vitam,
768 886 889 940 quae
918 877 1002 926 est
1031 886 1098 924 ex
1142 871 1568 932 resurrectione,
1625 886 1938 940 praeparans
1989 888 2088 926 nos

517 961 802 1025 Dominus,
841 969 1007 1014 totam
1033 963 1408 1030 evangelicam
1443 963 1915 1016 conversationem
1964 978 2091 1032 pro-

519 1053 700 1120 ponit;
753 1060 812 1104 ut
846 1066 954 1104 non
987 1053 1315 1114 irascamur,
1368 1061 1427 1105 ut
1481 1053 1749 1106 malorum
1791 1053 2088 1107 tolerantes

516 1140 710 1202 simus,
732 1147 786 1194 et
816 1155 846 1192 a
874 1141 1213 1209 voluptatum
1240 1157 1426 1194 amore
1457 1142 1600 1210 puri,
1636 1149 1696 1194 ut
1723 1157 1753 1194 a
1788 1141 1974 1197 studio
2003 1157 2090 1210 pe-

516 1232 691 1284 cuniae
729 1246 907 1306 mores
947 1233 1058 1284 sint
1108 1232 1289 1296 liberi,
1328 1234 1712 1302 praescribens,
1755 1235 1832 1287 ita
1867 1241 1924 1286 ut
1966 1249 2088 1302 qua:

515 1321 648 1375 illud
681 1322 942 1376 steculum
966 1323 1118 1390 juxta
1144 1334 1397 1377 naturam
1431 1325 1693 1394 possidet,
1732 1341 1794 1378 ea
1822 1341 1923 1380 nos
1948 1342 2088 1395 prae-

514 1411 777 1481 cipientes
809 1429 875 1466 ex
906 1414 1071 1466 animi
1119 1415 1436 1469 inductione
1465 1430 1818 1484 peragamus.
1853 1415 2088 1470 Proinde

516 1505 562 1558 si
597 1504 719 1574 quis
752 1503 1016 1559 definiens
1049 1505 1199 1559 dicat
1228 1505 1583 1576 Evangelium
1619 1523 1743 1562 esse
1781 1509 1926 1571 vitae,
1963 1523 2087 1579 quae

515 1603 599 1650 est
631 1611 697 1649 ex
733 1596 1155 1660 resurrectione,
1193 1596 1442 1665 ﬁguram.
1481 1597 1975 1668 mihinequaquam
2005 1599 2088 1652 vi-

515 1683 711 1738 deatur
743 1698 773 1736 a
805 1692 956 1738 recto
991 1685 1271 1740 aberrare.
1325 1685 1407 1740 Ad
1441 1701 1670 1756 scopum
1705 1687 1873 1758 igitur
1905 1701 2087 1741 rever-

517 1781 716 1827 tamur.

2193 509 2371 576 τρισὶν
2396 503 2487 560 οὖν
2514 505 2838 559 καταδύσεσι
2859 547 2873 570 ,
2906 507 3000 557 καὶ
3031 505 3338 576 ἰσαρίθμοις
3376 511 3496 570 ταῖς
3540 507 3768 578 ἐπικλή-

2198 613 2347 656 σεσι,
2382 598 2442 649 τὸ
2477 597 2618 668 μέγα
2665 599 2960 668 μυστήριον
2989 597 3084 649 τοῦ
3116 596 3488 667 βαπτίσματος
3535 599 3771 651 τελειοῦ-

2194 705 2314 752 ται,
2347 689 2433 742 ἵνα
2466 691 2560 742 καὶ
2597 692 2625 742 ὁ
2659 689 2754 742 τοῦ
2790 689 3020 742 θανάτου
3059 688 3228 752 τύπος
3271 689 3604 759 ἐξεικονισθῇ
3627 729 3641 747 .
3673 691 3769 742 καὶ

2193 781 2258 848 τῇ
2295 779 2586 848 παραδόσει
2615 778 2713 846 τῆς
2740 779 3066 846 θεογνωσίας
3101 779 3199 840 τὰς
3221 778 3396 848 ψυχὰς
3427 780 3767 846 φωτισθῶσιν

2193 871 2244 923 oi
2276 867 2680 938 βαπτιζόμενοι.
2717 870 2877 921 Ὥστε
2911 868 2963 920 εἴ
3000 869 3084 931 τίς
3124 871 3268 921 ἐστιν
3294 871 3350 920 ἐν
3386 868 3463 938 τῷ
3487 869 3636 922 ὖδατι
3670 869 3769 936 χά-

2197 977 2283 1031 ρις
2306 999 2320 1021 ,
2353 960 2452 1013 οὐκ
2495 961 2557 1011 ἐκ
2590 959 2691 1026 τῆς
2732 958 2946 1027 φύσεώς
2979 962 3094 1011 ἐστι
3131 959 3226 1011 τοῦ
3281 959 3468 1021 ὕδατος
3493 999 3507 1022 ,
3547 960 3661 1012 ἀλλ’
3704 961 3768 1012 ἐκ

2193 1050 2294 1120 τῆς
2328 1051 2420 1102 τοῦ
2462 1050 2776 1119 Πνεύματος
2814 1051 3135 1120 παρουσίας.
3187 1050 3260 1102 Οὐ
3293 1051 3400 1121 γάρ
3427 1053 3541 1102 ἐστι
3576 1051 3636 1102 τὸ
3667 1049 3768 1120 βά-

2195 1156 2403 1208 πτισμα
2437 1140 2608 1209 ῥύπου
2648 1139 2850 1209 σαρκὸς
2891 1139 3184 1200 ἀπόθεσις,
3233 1138 3367 1190 ἀλλά
3411 1140 3769 1208 συνειδήσεως

2193 1229 2403 1298 ἀγαθῆς
2448 1228 2780 1300 ἐπερώτημα
2809 1232 2888 1292 εἰς
2915 1229 3065 1282 Θεόν.
3101 1230 3245 1300 Πρὸς
3286 1225 3377 1282 οὖν
3421 1229 3509 1281 τὸν
3551 1231 3611 1293 ἐξ
3641 1231 3770 1281 ἁνα-

2197 1322 2433 1384 στάσεως
2461 1321 2572 1391 βίον
2608 1321 2948 1393 καταρτίζων
2978 1323 3127 1392 ἡμᾶς
3161 1324 3190 1374 ὁ
3224 1321 3426 1392 Κύριος
3446 1363 3460 1385 ,
3482 1321 3579 1392 τὴν
3605 1323 3770 1390 εὐαγ-

2194 1412 2414 1482 γελικὴν
2450 1415 2628 1467 πᾶσαν
2658 1413 2928 1466 ἐκτίθεται
2968 1413 3263 1477 πολιτείαν,
3299 1413 3360 1465 τὸ
3391 1413 3680 1482 ἀόργητον,
3707 1411 3770 1463 τὺ

2194 1503 2533 1569 ἀνεξίκακον,
2567 1503 2627 1556 τὸ
2659 1503 2968 1574 φιληδονίας
2997 1503 3319 1573 ἀρῤὐπωτον
3356 1503 3486 1570 (91),
3517 1501 3578 1554 τὸ
3607 1500 3768 1568 ἀφιλ-

2195 1595 2430 1666 άργυρον
2469 1593 2562 1647 τοῦ
2595 1595 2796 1667 τρόπου
2841 1593 3147 1665 νομοθετῶν
3173 1611 3186 1624 ο
3219 1594 3363 1646 ῶστε
3389 1595 3533 1665 άπερ
3563 1596 3591 1646 ὁ
3634 1594 3768 1646 αἰὼν

2193 1687 2397 1748 ἐκεῖνος
2431 1685 2571 1738 κατὰ
2605 1688 2702 1756 τὴν
2741 1685 2900 1755 φύσιν
2929 1686 3190 1755 κέκτηται
3216 1729 3230 1751 ,
3267 1684 3440 1737 ταῦτα
3473 1683 3772 1756 προλαϐόν-

2121 1775 2164 1830 Β
2191 1793 2289 1840 τας
2329 1778 2477 1846 ἡμᾶς
2505 1777 2568 1830 ὲκ
2607 1776 2980 1846 προαιρέσεως
3009 1774 3339 1845 ικατορθοῦν.
3392 1775 3454 1826 Ei.
3487 1775 3661 1827 τοίνυν
3686 1793 3770 1836 τις

514 1867 864 1939 ὀργιζόμενος
894 1869 1033 1921 εἴποι
1056 1869 1116 1922 τὸ
1147 1869 1476 1937 Εὐαγγέλιον
1501 1864 1640 1922 εἶναι
1675 1869 1767 1923 τοῦ
1829 1869 1888 1936 ἐξ
1947 1871 2293 1936 ἀναστάσεως
2329 1871 2441 1941 βίου
2481 1872 2940 1943 προδιατύπωσιν,
2977 1873 3077 1924 οὐκ
3123 1871 3188 1925 ἄν
3223 1889 3312 1942 μοι
3341 1871 3482 1940 δοκῇ
3523 1872 3633 1942 (92)
3674 1872 3769 1925 τοῦ

515 1965 884 2033 προσήκοντος
906 1965 1189 2034 ἁμαρτεῖν.
1237 1964 1361 2017 Ἐπὶ
1382 1961 1474 2018 οὖν
1507 1965 1597 2017 τὸν
1625 1965 1826 2018 σκοπὸν
1862 1965 2266 2039 ἐπανέλθωμεν.

585 2053 674 2108 56.
709 2054 810 2108 Ρει·
857 2055 1122 2124 Spiritum
1162 2067 1414 2110 sanctum
1468 2055 1630 2110 datur
1675 2059 1728 2111 in
1768 2057 2082 2128 paradisum

513 2143 624 2214 30
646 2148 943 2207 restitutio,
997 2146 1065 2199 ad
1099 2161 1325 2216 regnum
1387 2148 1652 2200 caelorum
1695 2164 1981 2212 ascensus,
2031 2149 2084 2201 in

515 2232 867 2302 adoptionem
907 2235 1141 2290 liliorum
1179 2236 1387 2290 reditus
1426 2254 1438 2290 :
1476 2237 1640 2290 datur
1675 2239 1872 2292 liducia
1916 2237 2084 2293 Deum

515 2324 820 2392 appellandi
865 2324 1084 2378 Patrem
1129 2342 1312 2387 suum,
1367 2337 1680 2382 consortem
1730 2329 1843 2382 ﬁeri
1893 2330 2089 2398 gratiae

515 2414 744 2480 Christi,
776 2418 946 2470 tilium
977 2418 1116 2472 lucis
1145 2421 1432 2488 appellari,
1467 2428 1686 2475 aeterna:
1709 2423 1890 2492 gloria:
1921 2425 2088 2492 parti-

514 2504 691 2573 cipem
735 2521 899 2568 esse,
952 2517 1006 2558 ct
1056 2514 1114 2559 ut
1153 2509 1319 2562 semel
1367 2509 1551 2561 omnia
1602 2510 1816 2573 dicam,
1864 2526 1988 2565 esse
2031 2511 2086 2565 in

517 2597 668 2650 omni
713 2596 1113 2652 benedictionis
1159 2597 1526 2666 plenitudine,
1568 2610 1680 2652 tum
1725 2599 1778 2652 in
1834 2602 2086 2669 praisenti

515 2688 621 2742 hoc
664 2689 888 2753 Saeculo,
940 2697 1054 2742 tum
1104 2690 1159 2742 in
1203 2690 1389 2743 futuro
1441 2707 1455 2742 :
1513 2689 1879 2758 repositorum
1929 2691 2088 2747 nobis

518 2781 573 2834 in
606 2781 894 2850 promissis
927 2780 1216 2845 bonorum,
1257 2797 1377 2850 qua:
1420 2797 1515 2850 per
1558 2781 1714 2834 [idem
1746 2779 1970 2834 fruenda
1998 2798 2092 2834 ex-

514 2880 860 2942 Spectamus,
917 2873 1140 2942 perinde
1191 2873 1346 2942 quasi
1411 2872 1521 2941 jam
1579 2872 1797 2936 adsint,
1859 2873 2088 2941 gratiam

517 2967 668 3020 velut
701 2966 755 3018 in
793 2966 1018 3034 speculo
1055 2967 1511 3034 contemplantes.
1552 2964 1684 3017 Nam
1729 2968 1774 3020 si
1822 2967 1947 3020 talis
2005 2974 2089 3020 est

2260 2057 2350 2113 36.
2377 2058 2474 2111 Διά
2505 2057 2814 2128 Πνεύματος
2847 2057 3004 2127 ἁγίου
3042 2058 3074 2128 ή
3105 2059 3182 2120 εἰς
3206 2057 3530 2128 παράδεισον
3560 2059 3772 2109 ἀποκα-

2189 2149 2490 2212 τάστασις·
2543 2151 2575 2220 ἡ
2611 2152 2691 2213 εἰς
2739 2150 3015 2219 βασιλείαν
3059 2148 3306 2219 οὐρανῶν
3359 2148 3574 2211 ἀνοδος’
3612 2150 3644 2218 ἡ
3688 2151 3769 2208 είς

2191 2239 2459 2292 υἱοθεσίαν
2507 2239 2762 2302 ἐπάνοδος
2792 2256 2804 2271 ·
2850 2241 2882 2310 ἠ
2936 2238 3216 2310 παρρησία
3264 2237 3358 2291 τοῦ
3412 2237 3594 2290 καλεῖν
3639 2239 3770 2290 ἐαυ-

2189 2330 2297 2382 τῶν
2343 2331 2454 2400 (95)
2503 2331 2723 2400 Πατέρα
2764 2332 2854 2384 τὸν
2887 2331 3042 2395 Θεὸν,
3073 2331 3328 2384 κοινωνὸν
3376 2330 3629 2398 γενέσθαι
3665 2331 3767 2398 τῆς

2189 2421 2410 2490 χάριτος
2459 2420 2554 2473 τοῦ
2600 2419 2876 2491 Χριστοῦ,
2922 2421 3111 2474 τέκνον
3157 2421 3332 2489 φωτὸς
3385 2421 3763 2491 χρηματίζειν,

2186 2513 2345 2582 δόξης
2371 2513 2541 2565 ἀϊδίου
2567 2513 2834 2583 μετέχειν,
2867 2514 2961 2566 καὶ
2992 2511 3324 2576 ἁπαξαπλῶς
3345 2512 3402 2563 ἐν
3437 2513 3599 2564 παντὶ
3631 2511 3767 2581 πλη-

2191 2604 2403 2676 ρώματι
2438 2605 2684 2673 εὐλογίας
2709 2605 2959 2674 γενέσθαι
2995 2603 3050 2656 ἐν
3078 2621 3136 2656 τε
3170 2602 3247 2672 τῷ
3276 2603 3430 2656 αἰῶνι
3465 2602 3639 2672 τούτῳ
3669 2604 3766 2655 καὶ

2190 2699 2248 2751 ὲν
2277 2697 2355 2768 τῷ
2411 2697 2697 2767 μέλλοντι·
2742 2697 2847 2749 τῶν
2900 2699 2956 2750 ἐν
2995 2696 3345 2764 ἐπαγγελίαις
3391 2697 3770 2766 ἀποκειμένων

2191 2791 2322 2861 ἡμῖν
2381 2789 2623 2858 ἀγαθῶν,
2667 2783 2741 2840 ὧν
2791 2787 2880 2841 διὰ
2930 2788 3166 2851 πίστεως
3210 2787 3620 2857 ἀπεκδεχόμεθα
3665 2787 3768 2856 τὴν

2198 2880 2520 2941 ἀπόλαυσιν,
2546 2880 2620 2941 ῶς
2652 2879 2752 2948 ἥδη
2795 2879 3108 2948 παρόντων,
3138 2876 3237 2945 τὴν
3270 2877 3428 2947 χάριν
3455 2874 3768 2946 ἐνοπτριζό-

2195 2989 2364 3041 μενοι.
2409 2972 2472 3023 Ei
2525 2970 2633 3040 γὰρ
2687 2972 2715 3021 ὁ
2759 2968 3015 3040 ἀρραϐὼν
3055 2969 3314 3031 τοιοῦτος,
3351 2968 3538 3038 ἡλίκον
3573 2967 3634 3018 τὸ
3678 2967 3767 3018 τέ-

515 3058 773 3120 arrhabo,
807 3058 966 3127 quale
1005 3067 1089 3111 est
1131 3057 1262 3110 illud
1317 3057 1461 3126 quod
1527 3057 1830 3127 perfectum
1877 3057 2002 3112 est?
2031 3065 2083 3111 et

2195 3060 2335 3113 λειον
2357 3077 2370 3124 ;
2395 3062 2488 3113 καὶ
2524 3061 2624 3128 είὴ
2653 3060 2875 3129 ἀπαρχὴ
2900 3058 3132 3129 τοσαύτη
3165 3058 3275 3128 (94)
3297 3101 3309 3117 ,
3341 3058 3423 3120 τίς
3458 3058 3491 3127 ἡ
3518 3056 3610 3108 τοῦ
3643 3056 3767 3109 ὅλου

517 3148 564 3202 si
598 3157 768 3202 tanta:
798 3156 926 3203 sunt
951 3149 1226 3217 primitiae.
1253 3165 1373 3219 qua!
1411 3149 1516 3202 erit
1548 3149 1716 3203 totius
1745 3163 2088 3203 consumma-

522 3240 644 3294 tio?
693 3241 923 3308 Insuper
962 3248 1018 3294 et
1062 3240 1212 3294 illinc
1253 3241 1607 3310 cognoscitur
1637 3248 1900 3309 quantum
1943 3241 2086 3295 inter

514 3345 634 3384 eam
666 3332 894 3400 gratiam
927 3345 1049 3399 qua:
1077 3347 1107 3384 a
1135 3329 1344 3400 Spiritu
1381 3333 1770 3401 proﬁciscitur,
1814 3342 1870 3386 et
1912 3333 2087 3402 bapti-

515 3437 716 3485 smum,
761 3421 854 3491 qui
913 3436 1054 3491 aqua
1131 3431 1368 3484 constat,
1411 3423 1483 3476 sit
1537 3421 1893 3487 discriminis,
1938 3424 2084 3492 quod

511 3511 754 3568 Joannes
799 3514 1020 3582 quidem
1066 3513 1366 3583 baptizavit
1412 3515 1468 3568 in
1518 3529 1657 3583 aqua
1703 3515 1769 3568 ad
1819 3517 2087 3584 pmniten-

513 3605 667 3667 tiam,
717 3603 985 3659 Dominus
1033 3613 1215 3657 autem
1268 3613 1456 3658 noster
1495 3603 1656 3658 Jesus
1721 3604 1976 3660 Christus
2027 3606 2081 3658 in

514 3693 723 3765 Spiritu
755 3703 970 3752 sancto.
1003 3693 1114 3763 Ego
1144 3695 1404 3765 equidem,
1437 3695 1639 3764 inquit,
1670 3694 1877 3762 baptizo
1913 3711 1998 3750 vos
2029 3695 2085 3748 in

511 3805 656 3858 aqua
699 3787 768 3840 ad
807 3789 1170 3857 panitentiam
1222 3801 1242 3839 :
1286 3787 1376 3856 qui
1419 3795 1594 3839 autem
1632 3796 1749 3854 post
1794 3803 1873 3840 me
1924 3787 2081 3850 venit,

509 3880 777 3946 potentior
807 3895 892 3932 me
925 3887 1045 3941 est;
1075 3877 1229 3945 cujus
1280 3894 1382 3930 non
1430 3893 1548 3930 sum
1587 3878 1775 3947 dignus
1805 3887 1863 3931 ut
1890 3889 2084 3948 gestem

509 3970 911 4024 calceamenta:
950 3969 1061 4036 ipse
1100 3985 1187 4022 vos
1231 3967 1518 4037 baptizabit
1549 3970 1601 4022 in
1634 3969 1837 4038 Spiritu
1874 3980 2079 4034 sancto,

509 4071 561 4114 et
592 4061 701 4130 igni
733 4061 778 4092 ⁸⁸
808 4078 822 4126 ;
857 4061 1000 4130 ignis
1053 4061 1386 4130 baptismum
1427 4062 1800 4130 probationem
1834 4078 1955 4130 qua:
1995 4063 2085 4116 liet

512 4153 569 4204 in
605 4151 836 4218 judicio,
867 4151 1077 4214 dicens,
1142 4152 1600 4220 quemadmodum
1637 4152 1929 4220 Apostolus
1961 4155 2036 4207 ait
2064 4173 2078 4208 :

516 4237 936 4310 Uniuscujusque
973 4257 1102 4309 opus
1142 4243 1295 4311 quale
1339 4244 1436 4304 sit,
1475 4243 1609 4313 ignis
1644 4244 1883 4310 probabit
1915 4245 1990 4310 ";
2027 4254 2081 4299 et

513 4349 704 4388 rursus
752 4351 765 4386 :
818 4334 938 4387 Dies
975 4335 1112 4386 enim
1151 4334 1464 4398 declarabit,
1505 4335 1641 4404 quod
1681 4337 1732 4388 in
1773 4338 1887 4406 igne
1931 4349 2081 4404 pate-

2193 3151 2507 3222 πλήρωσις;
2560 3153 2680 3203 Ἔτι
2727 3149 2978 3202 κάκεῖθεν
3024 3149 3124 3218 τῆς
3164 3150 3272 3202 ἀπὸ
3317 3149 3410 3202 τοῦ
3451 3148 3768 3218 Πνεύματος

2192 3242 2411 3313 χάριτος
2451 3243 2586 3312 πρὸς
2632 3241 2693 3293 τὸ
2749 3243 2806 3292 ἐν
2851 3240 3004 3293 ὕδατι
3056 3239 3338 3309 βάπτισμα
3378 3237 3654 3309 γνώριμον
3707 3237 3769 3290 τὺ

2190 3333 2471 3403 διάφορον·
2506 3335 2587 3384 ὅτι
2626 3333 2879 3401 Ἰωάννης
2913 3332 3008 3400 μὲν
3061 3330 3354 3384 ἐϐάπτισεν
3402 3331 3458 3382 ἐν
3491 3328 3642 3382 ὐδατι
3685 3330 3768 3392 εἰς

2194 3423 2514 3492 μετάνοιαν,
2547 3424 2575 3474 ὁ
2603 3421 2659 3474 δὲ
2688 3422 2890 3492 Κύριος
2914 3419 3067 3491 ἡμῶν
3101 3420 3309 3490 Ἰησοῦς
3336 3421 3568 3492 Χριστὸς
3604 3421 3660 3471 ἐν
3688 3419 3769 3488 τῷ

2191 3512 2466 3582 Πνεύματι
2506 3512 2582 3582 τῷ
2612 3513 2752 3582 ἀγίῳ
2771 3512 2903 3582 (95).
2935 3511 3076 3580 Ἐγὼ
3101 3511 3218 3580 μὲν
3252 3514 3360 3581 γὰρ
3390 3511 3546 3580 ὑμᾶς
3565 3550 3580 3576 ,
3607 3511 3766 3581 φησι,

2183 3605 2447 3669 βαπτίζω
2476 3605 2546 3656 ἐν
2577 3604 2744 3657 ὕδατι
2779 3606 2866 3668 είς
2890 3602 3217 3670 μετάνοιαν
3236 3618 3249 3632 °
3282 3606 3314 3656 ό
3337 3601 3405 3654 δὲ
3431 3603 3622 3654 ὀπίσω
3648 3617 3766 3665 μου

2188 3697 2510 3766 ἐρχόμενος
2559 3696 2945 3762 ἰσχυρότερός
2985 3695 3103 3762 μού
3136 3694 3336 3746 ἐστιν·
3376 3688 3446 3747 οὗ
3501 3693 3613 3745 οὐκ
3645 3690 3768 3759 ειμι

2189 3789 2393 3853 ἱκανὸς
2440 3790 2511 3840 τὰ
2557 3786 2914 3854 ὑποδήματα
2959 3782 3317 3849 βαστάσαι·
3368 3782 3552 3848 αὐτὸς
3606 3781 3768 3851 ὑμᾶς

2183 3876 2471 3940 ,βαπτίσει
2521 3875 2591 3927 ἐν
2621 3876 2920 3942 Πνεύματι
2960 3873 3142 3941 ἁγίῳ,
3178 3872 3274 3924 καὶ
3331 3871 3510 3939 πυριο
3557 3870 3622 3922 τὸ
3667 3871 3765 3922 τοῦ

2190 3967 2360 4037 πυρὸς
2384 3967 2664 4036 βάπτισμα
2697 3965 2796 4035 τὴν
2821 3967 2880 4021 ἐν
2909 3967 2973 4034 τῇ
3003 3964 3180 4036 κρίσει
3206 3962 3526 4034 δοκιμασίαν
3550 3961 3730 4029 λέγων
3747 4002 3763 4024 ,

2189 4059 2332 4112 καθά
2380 4075 2543 4128 φησιν
2589 4059 2617 4110 ὁ
2670 4057 2989 4121 Ἀπόστολος
3025 4074 3040 4088 ·
3103 4055 3398 4110 Ἐκάστου
3462 4055 3529 4108 τὸ
3583 4054 3769 4124 ἔργον

2189 4151 2398 4206 ὁποῖόν
2446 4152 2610 4214 ἐστι,
2655 4150 2722 4202 τὸ
2777 4151 2896 4218 πῦρ
2940 4151 3086 4205 αὐτὸ
3137 4151 3248 4220 (96)
3299 4148 3628 4216 δοκιμάσει·
3667 4150 3764 4200 καὶ

2189 4243 2378 4294 ⁴πάλιν·
2423 4243 2491 4295 Ἦ
2522 4242 2630 4312 γὰρ
2667 4242 2856 4310 ἡμέρα
2887 4240 3181 4309 δηλώσει,
3226 4241 3313 4292 ὅτι
3340 4241 3410 4291 ἐν
3440 4241 3582 4304 mvpt
3613 4239 3766 4291 ἀπο-

2189 4335 2568 4386 καλύπτεται.
2609 4334 2744 4404 Ἤδη
2793 4333 2848 4384 δέ
2887 4350 3030 4395 τινες
3067 4333 3123 4384 ἐν
3159 4333 3269 4395 τοῖς
3307 4332 3446 4400 ὑπὲρ
3480 4329 3766 4391 εὐσεϐείας

512 4426 573 4495 ﬁt
601 4425 670 4478 ⁸ο.
701 4423 819 4478 Jam
856 4439 986 4478 vero
1015 4434 1147 4476 sunt
1175 4425 1445 4486 nonnulli,
1479 4426 1568 4494 qui
1603 4427 1655 4479 in
1692 4427 2081 4481 certaminibus

2195 4425 2432 4492 ἀγῶσιν,
2469 4425 2696 4496 ἀληθείᾳ
2727 4427 2819 4477 καὶ
2858 4426 2918 4477 οὐ
2953 4426 3179 4494 μιμήσει
3227 4424 3317 4475 τὸν
3349 4423 3484 4492 ὑπὲρ
3524 4421 3766 4492 Χριστοῦ

510 4530 610 4584 pro
659 4514 878 4582 pietate,
933 4529 1118 4567 revera
1165 4530 1271 4566 non
1321 4513 1623 4567 imitatione
1677 4525 1904 4568 mortem
1967 4531 2066 4584 pro

508 4604 730 4659 Christo
758 4605 1024 4674 perpessi,
1057 4605 1189 4657 nihil
1227 4605 1490 4673 symbolis
1517 4620 1638 4673 qua:
1677 4615 1805 4660 sunt
1845 4607 1898 4658 in
1931 4623 2074 4674 aqua

507 4711 648 4766 opus
689 4696 996 4749 habuerunt
1029 4695 1097 4748 ad
1153 4695 1406 4759 salutem,
1455 4697 1712 4749 nimirum
1755 4697 1809 4749 in
1851 4699 2074 4767 proprio

511 4786 765 4856 baptizati
813 4787 1098 4855 sanguine.
1146 4784 1332 4853 Neque
1381 4786 1496 4838 haec
1539 4785 1615 4838 ita
1670 4787 1884 4854 loquor,
1923 4786 2074 4856 quod

509 4892 662 4950 aqua:
705 4876 976 4946 baptisma
1019 4891 1295 4945 spernam,
1336 4876 1431 4930 sed
1481 4883 1540 4929 ut
1574 4876 1802 4930 istorum
1833 4878 2074 4932 rationes

1821 5057 1866 5089 δν
1905 5056 1925 5110 l
1959 5056 2085 5112 Cor.

601 5059 623 5091 τ
660 5059 682 5112 l
718 5059 863 5115 Petr.
896 5076 985 5124 ιιι,
1026 5059 1115 5112 21.
1208 5058 1254 5090 “
1291 5056 1479 5112 Matth.
1521 5073 1614 5119 ιιι,
1656 5057 1743 5111 Η.

581 5240 692 5312 (9i)
739 5240 1127 5312 Ἀῤῥύπωτον.
1159 5238 1276 5292 Duo
1298 5238 1517 5293 codices
1555 5253 1688 5312 mss.
1719 5238 1989 5309 ἄρρυπον.

506 5307 694 5434 δοζθὲ)
725 5307 900 5378 ma.
934 5313 1026 5364 Sic
1056 5312 1177 5363 libri
1223 5317 1452 5371 veteres,
1499 5310 1692 5364 melius
1719 5307 1887 5377 quam
1943 5307 2075 5361 editi

571 5397 673 5433 κει.

571 5397 673 5433 κει.

581 5449 691 5518 (95)
733 5447 1010 5502 Ἐαυτῶν.
1037 5449 1113 5502 Ita
1141 5447 1358 5502 codices
1387 5464 1516 5518 mss.
1557 5446 1693 5499 Editi
1722 5446 1936 5518 ἑαυτοῦ.
1970 5445 2078 5500 lbi-

509 5517 632 5574 dem
665 5517 796 5584 Reg.
828 5529 1072 5588 quartus.
1106 5519 1203 5587 τῆς
1239 5519 1412 5588 χαρᾶς
1441 5517 1534 5570 τοῦ
1565 5517 1821 5588 Χριστοῦ.

574 5588 692 5657 (94)
735 5585 1018 5655 Τοσαύτη.
1051 5587 1140 5641 Sic
1163 5585 1395 5654 quatuor
1420 5585 1636 5642 codices
1665 5607 1677 5640 :
1704 5587 1793 5639 alii
1818 5601 1944 5657 cum
1963 5585 2074 5657 edi-

513 5655 854 5728 ιιετοιαύτη.
887 5659 1088 5714 Ibidem
1120 5658 1286 5714 editio
1327 5658 1658 5715 Basilcensis
1689 5657 1770 5720 τίς
1798 5658 1829 5726 ἡ
1864 5655 1958 5709 τοῦ
1989 5655 2071 5709 λό-

2133 5073 2237 5121 ιιι,
2278 5057 2364 5111 15.

2190 4515 2416 4568 θάνατον
2453 4517 2781 4578 ὑποστάντες
2806 4557 2819 4576 ,
2847 4516 2998 4568 οὐδὲν
3030 4515 3134 4567 τῶν
3174 4517 3236 4567 ἐκ
3269 4515 3363 4566 τοῦ
3404 4514 3595 4575 ὕδατος
3623 4529 3767 4582 συμ-

2188 4604 2358 4657 ϐόλων
2387 4607 2465 4668 εἰς
2493 4607 2589 4675 τὴν
2613 4606 2882 4677 σωτηρίαν
2909 4604 3276 4674 ἐπεδεήθησαν
3298 4645 3312 4666 ,
3339 4606 3395 4656 ἐν
3418 4603 3493 4674 τῷ
3527 4603 3640 4672 ἰδίῳ
3672 4603 3763 4654 αἶ-

2189 4713 2317 4765 ματι
2360 4695 2765 4765 βαπτισθέντες.
2811 4698 2921 4749 Καὶ
2951 4697 3050 4748 οὐκ
3089 4696 3293 4748 ἀθετῶν
3323 4696 3382 4747 τὸ
3412 4697 3469 4746 ὲν
3503 4691 3579 4762 τῷ
3609 4692 3763 4745 ὕδατι

2187 4787 2490 4857 βάπτισμα,
2517 4788 2688 4840 ταῦτα
2731 4788 2910 4855 λέγω,
2941 4788 3074 4841 ἀλλὰ
3118 4787 3246 4849 τοὺς
3289 4787 3583 4855 λογισμοὺς
3623 4783 3763 4836 καθ-

2182 4877 2349 4949 αιρῶν
2389 4877 2496 4930 τῶν
2531 4879 2906 4949 ἐπαιρομένων
2956 4877 3096 4931 κατὰ
3134 4877 3229 4930 τοῦ
3273 4877 3609 4946 Πνεύματος,
3665 4875 3766 4926 καί⁸

2459 5057 2506 5088 ⁵⁸
2543 5056 2674 5112 ibid.

2187 5255 2284 5308 γου
2334 5238 2632 5308 πλήρωσις,
2668 5253 2788 5306 quae
2840 5237 3002 5291 verba
3054 5238 3134 5308 sic
3173 5237 3407 5292 reddidit
3451 5236 3758 5292 Erasmus:

2191 5307 2321 5372 Quae
2349 5307 2456 5359 erit
2497 5308 2634 5360 verbi
2666 5309 3090 5362 consummatio?
3125 5307 3292 5361 Paulo
3334 5318 3457 5378 post
3503 5309 3763 5364 addimus

2189 5379 2267 5440 είς
2301 5378 2589 5446 μετάνοιαν
2615 5393 2680 5428 ex
2714 5378 2889 5430 trihus
2923 5378 3222 5434 cod.cibus.

2257 5445 2378 5519 (975A),
2401 5446 2482 5509 Τῷ
2501 5447 2662 5519 ἁγίῳ.
2700 5448 2839 5500 Editi
2873 5448 3078 5501 addunt
3104 5448 3194 5500 καὶ
3217 5447 3295 5519 τῷ
3322 5447 3474 5518 πυρί.
3509 5445 3616 5501 Sed
3642 5446 3761 5504 hac

2185 5514 2238 5568 in
2272 5517 2419 5568 nullo
2457 5516 2643 5569 codice
2678 5532 2777 5569 ms.

2255 5585 2364 5661 (96)
2387 5587 2560 5661 Aeni.
2595 5585 2816 5661 Legitur
2839 5601 2901 5642 ea
2921 5602 3022 5645 vox
3043 5589 3097 5644 in
3125 5587 3248 5645 cod.
3271 5585 3512 5646 Colbert.
3537 5593 3591 5643 et
3612 5585 3757 5661 Reg.

2181 5655 2574 5726 quinto,-abest
2605 5657 2673 5711 ab
2706 5656 2846 5711 aliis.
