3900 6212
109 338 216 394 £33

1187 325 1390 382 LIBER
1430 322 1521 376 DE
1560 315 1835 377 SPlRlTU
1881 314 2184 374 SANCTO.

3296 315 3408 373 134

112 454 428 526 μιγνύντων
470 453 542 508 τὰ
586 453 796 526 ἄμικτα
829 490 845 518 ,
880 453 976 505 καὶ
1019 445 1436 520 παρισαζόντων
1487 442 1601 511 (97)
1643 439 1712 493 τὰ

1841 435 2102 506 lejiciam,
2135 433 2229 504 qui
2267 432 2532 488 adversus
2573 429 2816 503 Spiritus
2853 430 3177 503 eriguntur;
3203 431 3412 503 quique

109 552 511 608 ἁσυνείκαστα.

631 770 1036 828 ΚΕΦΑΑΑιυΝ
1071 770 1196 837 ις.

112 910 252 965 ὀτι
278 908 627 990 ἀχώριστον
660 908 759 962 ἐπὶ
790 906 1012 1029 fvrias]:
1061 901 1307 982 ἐννοίας
1350 897 1586 980 Πατρός
1610 897 1711 976 καὶ

190 982 336 1029 Υιου
366 978 434 1029 τὸ
462 979 637 1029 ἄτιον
658 982 904 1029 Πνευιια
923 1016 938 1029 .
1011 975 1080 1028 πί
1107 991 1173 1028 τε
1199 990 1311 1029 τηρ
1331 987 1454 1025 των
1476 984 1711 1029 νοητῶν

190 975 434 1054 Υίοῦτὸ
462 979 637 1054 ἅγιον
658 978 904 1054 Πνεῦμα
923 975 1173 1054 ,ῌὲπίέε
1199 975 1311 1054 τῆς
1331 975 1454 1054 τῶν
1476 975 1714 1054 νοητῶν

179 1040 629 1120 δημιουργίας,
650 1049 751 1120 καὶ
774 1040 874 1120 sin
898 1042 1009 1115 τῆς
1038 1040 1157 1120 τῶν
1186 1040 1530 1120 ἀνθρώπων.
1548 1041 1711 1093 οἰκο-

179 1110 583 1191 νοῖιίαξίκαὶ
602 1110 707 1173 ἐπὶ
729 1116 842 1188 τῆς
888 1110 1398 1186 προσδοκωμένης
1430 1110 1708 1182 κρίσεως.

180 1277 277 1333 57.
325 1276 456 1331 Ἐπὶ
481 1268 576 1330 οὖν
603 1276 668 1329 τὸ
687 1274 747 1343 ἐξ
770 1274 946 1347 ἀρχῆς
981 1271 1316 1341 ὲπανίωμεν,
1346 1269 1496 1332 ὅπως
1517 1269 1577 1322 ἐν
1609 1266 1716 1320 πᾶ·

113 1383 201 1422 σιν
226 1367 542 1440 ἀχώριστόν
566 1368 687 1420 ἐστι
713 1364 809 1419 καὶ
833 1364 1158 1419 ἀδιάστατον
1183 1361 1465 1425 παντελῶς
1496 1358 1718 1431 Πατρδς

111 1462 209 1515 καὶ
242 1461 381 1514 Υἱοῦ
402 1460 465 1514 τὺ
495 1460 651 1529 ἅγιον
671 1457 917 1529 Πνεῦμα.
953 1457 1043 1510 Ἐν
1065 1454 1147 1527 τῷ
1163 1453 1406 1528 περὶτοῦ
1438 1452 1719 1525 χαρίσμα-

110 1569 205 1616 τος
253 1553 369 1606 τῶν
413 1551 681 1621 γλωσσῶν
723 1550 877 1620 τόπῳ
896 1591 911 1615 ,
957 1547 1269 1620 Κορινθίοις
1326 1544 1656 1600 ἐπιστέλλων
1688 1544 1719 1597 6

110 1645 331 1709 Παῦλος
372 1645 511 1715 (98)·
556 1643 702 1698 Ἐὰν
736 1642 994 1707 πάντες,
1035 1639 1212 1712 φησὶ,
1266 1637 1714 1708 προφητεύητε,

108 1738 369 1806 εἰσέλθῃ
392 1736 464 1792 δέ
488 1755 582 1804 τις
609 1735 723 1807 (99)
755 1735 1015 1800 ἄπιστος
1037 1733 1078 1802 ἢ
1104 1730 1341 1800 ίδιώτης
1357 1771 1373 1797 ,
1401 1728 1717 1801 ἐλέγχεται

1820 528 2189 583 commiscent
2228 540 2338 580 non
2371 525 2679 590 miscenda,
2709 536 2763 580 et
2792 525 2995 580 similia
3025 524 3256 593 iaciunt,
3287 536 3412 597 qua

1818 624 2292 692 comparationem
2322 624 2615 690 respuunt.

2414 750 2649 808 CAPUT
2682 750 2825 807 XVI.

1829 890 1989 959 Quod
2041 891 2099 944 in
2150 891 2297 944 omni
2349 890 2564 944 notione
2628 887 2863 959 Spiritus
2923 895 3143 942 sanctus
3203 888 3415 956 insepa-

1895 961 2086 1016 rabilis
2138 970 2219 1016 est
2275 978 2310 1015 α
2358 960 2524 1016 Patre
2570 970 2620 1014 et
2675 958 2844 1023 Filio,
2895 959 3001 1013 sive
3047 960 3105 1012 in
3150 960 3417 1012 rreatione

1896 1031 2320 1102 intelligibilium
2398 1039 2796 1102 creaturarum,
2857 1029 2976 1102 sive
3013 1032 3093 1102 _in_
3150 1028 3417 1102 humana-

1892 1119 2013 1156 rum
2051 1098 2228 1155 r'erum
2255 1101 2672 1171 dispensatione,
2709 1100 2819 1155 sive
2849 1099 2903 1154 in
2923 1098 3128 1169 judicio
3155 1099 3294 1168 quod
3319 1113 3417 1154 es;-

1894 1181 2187 1243 spectatur.

1891 1285 1985 1341 37.
2045 1283 2128 1339 Ad
2189 1283 2243 1339 id
2301 1282 2470 1354 igitur
2522 1282 2672 1356 quod
2734 1282 2899 1338 initio
2954 1281 3273 1338 institutum
3329 1288 3416 1339 est

1823 1377 2155 1445 redeamus,
2210 1377 2359 1447 quod
2426 1376 2684 1459 videlicet
2742 1376 2801 1432 in
2853 1376 3114 1433 omnibus
3173 1373 3417 1446 Spiritus

1822 1475 2054 1524 sanctus
2098 1466 2486 1537 inseparabilis
2528 1472 2584 1521 et
2624 1481 2860 1538 prorsus
2891 1464 3251 1522 indistractus
3283 1466 3415 1521 sita

1821 1559 1989 1617 Patre
2031 1570 2087 1617 et
2135 1557 2299 1615 Filio.
2342 1556 2551 1614 Paulus
2592 1557 2899 1614 Corinthiis
2956 1558 3205 1614 scribens
3245 1572 3314 1614 eo
3358 1558 3416 1612 in

1822 1652 1947 1709 loco
1999 1651 2054 1706 in
2096 1666 2206 1721 quo
2248 1651 2317 1706 de
2365 1649 2511 1704 dono
2569 1647 2883 1719 linguarum
2931 1655 3156 1715 tractat,
3195 1648 3273 1701 ait
3309 1667 3322 1702 :
3356 1646 3419 1703 Si

1823 1760 2004 1797 omnes
2041 1741 2384 1813 prophetetis,
2415 1740 2753 1812 ingrediatur
2789 1750 2966 1793 autem
3003 1739 3197 1811 aliquis
3230 1740 3419 1809 inﬁde-

107 1832 232 1888 ὺττὸ
269 1831 549 1895 πάντων,
588 1830 975 1897 ἀνακρίνεται
1005 1826 1125 1883 ὑπὸ
1161 1824 1427 1892 πάντων,
1467 1824 1542 1878 τὰ
1582 1840 1723 1891 κρυ-

1841 1836 1926 1903 lis,
1975 1846 2068 1890 aut
2118 1835 2312 1901 idiota,
2363 1833 2610 1905 arguitur
2656 1831 2721 1886 ab
2769 1832 3036 1899 omnibus,
3087 1832 3418 1902 dijudicatur

111 1925 231 1980 κτὰ
256 1923 375 1993 τῆς
406 1921 660 1992 καρδίας
681 1921 870 1977 αὐτοῦ
890 1918 1122 1992 φανερὰ
1149 1919 1402 1990 γίνεται·
1431 1915 1532 1970 καὶ
1563 1916 1718 1971 οὕτω

114 2019 327 2074 πεσὼν
373 2017 477 2072 ἐπὶ
533 2018 864 2085 πρόσωπον
882 2058 898 2083 ,
954 2012 1374 2084 προσκυνήσει
1430 2009 1514 2077 τῷ
1553 2009 1679 2077 Θεῷ
1699 2051 1715 2076 ,

114 2109 547 2182 ἀπαγγέλλων,
582 2109 673 2164 ὅτι
703 2111 738 2164 ὁ
771 2108 918 2176 Θεὸς
946 2109 1135 2174 ὅντως
1171 2106 1243 2161 ἐν
1266 2104 1412 2175 ὑμῖν
1432 2104 1624 2159 ἐστιν.
1653 2103 1719 2156 Et

114 2205 299 2258 τοίνυν
333 2205 402 2256 ἐκ
440 2203 544 2273 τῆς
588 2201 962 2275 προφητείας,
996 2202 1097 2273 τῆς
1134 2198 1278 2255 κατὰ
1312 2199 1414 2270 τὴν
1453 2197 1720 2269 διαίρεσιν

112 2296 228 2350 τῶν
255 2295 626 2369 χαρισμάτων
658 2292 754 2348 τοῦ
789 2292 1110 2365 Πνεῦματος
1145 2289 1583 2363 ἐνεργουμένης,
1607 2289 1722 2342 ἐπι-

114 2386 455 2457 γινώσκεται
487 2388 519 2440 ὁ
546 2387 683 2451 Θεὸς
717 2388 776 2441 ἐν
801 2388 918 2450 τοῖς
942 2385 1255 2458 προφήταις
1283 2378 1424 2437 εἶναι
1444 2421 1459 2446 ,
1497 2380 1720 2453 βουλευ-

117 2478 414 2533 σάσθωσαν
452 2473 604 2534 οὗτοι
642 2478 806 2533 ποίαν
837 2477 1024 2552 χώραν
1056 2475 1398 2532 ἀποδώσουσι
1434 2474 1514 2546 τῷ
1545 2473 1720 2529 Πνεύ-

119 2589 252 2642 ματι
299 2571 385 2642 τῷ
418 2571 562 2643 ἁγίῳ
583 2588 599 2602 ·
647 2570 878 2643 πότερον
921 2569 1061 2642 μετὰ
1097 2568 1233 2624 Θεοῦ
1274 2568 1498 2622 τάσσειν
1543 2565 1621 2639 (1)
1642 2607 1657 2631 ,
1687 2567 1722 2639 ἦ

118 2665 260 2737 πρὸς
302 2666 413 2736 τὴν
459 2665 642 2719 κτίσιν
681 2662 903 2730 ἐξωθεῖν
940 2662 1299 2734 δικαιότερον.
1335 2661 1447 2714 Καὶ
1479 2660 1541 2713 τὸ
1584 2660 1723 2731 πρὸς

119 2759 450 2830 Σάπφειραν
496 2756 607 2810 ὑπὸ
636 2756 845 2828 Πέτρου
869 2769 886 2784 ⁸
926 2755 988 2809 Τί
1014 2754 1104 2809 ὅτι
1140 2751 1545 2823 συνεφωνήθη
1580 2750 1726 2822 ὑμῖν

117 2850 413 2920 πειράσαι
444 2849 517 2904 τὸ
568 2848 814 2918 Πνεῦμα
860 2849 926 2903 τὸ
956 2847 1171 2919 ἄγιονς
1208 2849 1321 2901 οὐκ
1371 2846 1725 2915 ἐψεύσασθε

116 2939 502 3009 ἀνθρώποις,
530 2938 694 2993 ἀλλὰ
724 2937 881 3005 Θεῷ’
913 2938 1204 3004 δείκνυσιν,
1236 2938 1318 2991 ὅτι
1361 2937 1431 2990 τὰ
1470 2934 1610 2989 αὐτὰ
1644 2937 1725 3000 είς

115 3034 177 3088 τὸ
206 3033 451 3103 Πνεῦμα
475 3032 539 3085 τὸ
561 3032 718 3101 ἆγιον
732 3032 828 3085 καὶ
849 3033 929 3092 εἰς
948 3030 1081 3084 Θεὸν
1097 3033 1212 3084 ἐστι
1233 3029 1304 3083 τά
1325 3030 1721 3101 ἁμαρτήματα.

116 3125 226 3177 Καὶ
250 3122 410 3176 οὖτω
430 3121 477 3175 δ’
512 3120 579 3175 ἂν
604 3120 667 3174 τὸ
698 3121 934 3190 συναφὲς
963 3121 1059 3174 καὶ
1092 3120 1394 3191 ἀδιαίρετον
1433 3117 1577 3172 κατὰ
1612 3118 1722 3171 πᾶ-

119 3233 218 3269 σαν
256 3215 558 3286 ἐνέργειαν
586 3212 694 3267 ἀπὸ
735 3184 951 3285 Πατ-ρὸς
977 3213 1072 3266 καὶ
1104 3184 1254 3265 Υξοῦ
1276 3210 1372 3264 τοῦ
1408 3208 1727 3281 Πνεύματος
1756 3184 1801 3245 c

115 3305 463 3378 διδαχθείης.
500 3301 977 3375 Ἐνεργοῦντοςβ.)
1007 3302 1102 3356 τοῦ
1139 3300 1276 3355 Θεοῦ
1307 3300 1407 3364 τὰς
1430 3299 1727 3372 διαιρέσεις

118 3400 225 3454 τῶν
274 3396 723 3469 ἐνεργημάτων,
763 3395 862 3449 καὶ
902 3393 1000 3448 τοῦ
1039 3393 1246 3466 Κυρίου
1293 3393 1394 3457 τὰς
1433 3391 1728 3464 διαιρέσεις

117 3490 225 3545 τῶν
257 3488 565 3545 διακονιῶν
588 3528 604 3551 ,
642 3487 989 3559 συμπάρεστι
1035 3486 1097 3539 τὸ
1137 3486 1293 3554 ἅγιον
1329 3483 1589 3556 Πνεῦμα,
1625 3482 1728 3555 τὴ)

119 3583 392 3657 διανομὴν
438 3581 553 3636 τῶν
581 3581 942 3656 χαρισμάτων
982 3579 1118 3653 πρὸς
1160 3579 1262 3651 τὴν
1306 3578 1464 3646 ἀξίαν
1495 3576 1728 3631 ἑκάστου

121 3674 503 3741 αὐτεξουσίως
533 3672 869 3745 οἰκονομοῦν.
899 3672 1232 3741 Διαιρέσεις
1258 3670 1392 3742 γὰρ,
1420 3670 1588 3741 φησὶ,
1619 3685 1727 3740 χα-

117 3767 444 3839 ρισμάτων
473 3767 596 3821 εἱσι
617 3806 633 3832 ,
663 3766 728 3820 τὸ
768 3766 837 3819 δὲ
875 3764 1025 3820 αὐτό
1069 3764 1334 3835 Πνεῦμα.
1368 3762 1480 3821 Καὶ
1511 3760 1729 3832 διαιρέω

123 3878 261 3928 σεις
304 3857 640 3914 διακονιῶν
680 3859 862 3922 εἰσιν,
903 3859 936 3911 d
982 3855 1051 3909 δὲ
1090 3855 1277 3921 αὐτὸς
1324 3855 1561 3924 Κύριος.
1616 3852 1728 3907 Καὶ

123 3953 464 4023 διαιρέσεις
496 3948 918 4021 ἐνεργημάτων
943 3948 1122 4013 εἰσὶν,
1164 3950 1197 4003 ό
1236 3947 1306 4000 δὲ
1338 3947 1521 4012 αἰετός
1550 3944 1728 4012 Θεὸς,

126 4049 159 4099 ὁ
188 4041 465 4114 ἐνεργῶν
491 4043 565 4095 τὰ
612 4040 811 4094 πάντα
846 4040 920 4093 ἐν
947 4037 1119 4093 πᾶσι.
1153 4041 1349 4092 Ταῦτα
1392 4035 1461 4090 δὲ
1496 4035 1730 4099 πάντα,

126 4143 321 4213 φησὶν,
354 4136 596 4207 ἐνεργεῖ
626 4137 692 4190 τὸ
719 4135 790 4189 ἓν
818 4134 917 4188 καί
963 4133 1028 4187 τὸ
1073 4131 1221 4188 αὐτὸ
1254 4132 1499 4201 Πνεῦμα
1520 4173 1534 4195 ,
1577 4130 1731 4185 διαι-

1826 1927 1891 1982 ab
1924 1928 2167 1983 omnibus
2212 1942 2231 1981 :
2283 1926 2493 1980 occulta
2532 1925 2711 1981 cordis
2766 1925 2882 1996 ejus
2922 1925 3210 1994 manifesta
3257 1925 3415 1995 ﬁunt,

1824 2030 1984 2092 atque
2029 2021 2109 2074 ita
2146 2018 2427 2090 procidens
2475 2019 2531 2073 in
2573 2018 2790 2090 faciem,
2832 2017 3081 2072 adorabit
3116 2016 3302 2082 Deum,
3330 2033 3418 2073 re-

1826 2117 2080 2171 nuntians
2111 2113 2250 2187 quod
2281 2113 2422 2168 Deus
2464 2112 2535 2166 sit
2598 2127 2714 2167 vere
2754 2111 2809 2165 in
2848 2108 2993 2164 vobis
3022 2111 3091 2164 ⁸³.
3120 2108 3331 2180 Itaque,
3372 2112 3418 2166 si

1825 2225 1892 2266 es
1937 2206 2250 2279 praphetia,
2281 2219 2405 2278 quae
2450 2204 2610 2275 juxta
2656 2203 3106 2260 distributionem
3147 2202 3419 2258 donorum

1830 2301 2073 2373 Spiritus
2101 2299 2308 2363 editur,
2364 2296 2685 2368 agnoscitur
2725 2293 2873 2352 Deus
2902 2296 2957 2351 in
2987 2295 3271 2367 prophetis
3310 2294 3417 2366 31

1827 2406 1974 2458 esse,
2014 2389 2335 2446 consultent
2378 2386 2470 2442 isti
2520 2401 2685 2458 quem
2737 2385 2919 2440 locum
2952 2385 3271 2440 attributuri
3310 2386 3420 2440 sint

1831 2480 2064 2555 Spiritui
2093 2487 2288 2537 sancto
2323 2498 2337 2535 :
2378 2486 2564 2533 utrum
2603 2477 2817 2548 aequius
2855 2476 2928 2533 sit
2958 2477 3111 2531 illum
3141 2492 3268 2531 cum
3306 2475 3422 2532 Deo

1824 2576 2082 2646 iungere,
2135 2587 2207 2627 an
2252 2570 2322 2627 ad
2371 2577 2757 2626 creaturarum
2803 2556 3057 2624 ordinem
3103 2568 3419 2625 extrudere.

1829 2668 1975 2736 Quin
2026 2674 2082 2722 et
2129 2666 2236 2722 ista
2285 2662 2435 2720 Petri
2480 2662 2548 2716 ad
2581 2660 2909 2733 Sapphiram
2940 2663 3131 2727 verba,
3163 2662 3304 2729 Quid
3341 2671 3423 2717 est

1829 2760 1972 2832 quod
2019 2758 2259 2813 convenit
2300 2757 2444 2810 inter
2489 2771 2579 2808 vos
2611 2764 2815 2809 tentare
2843 2754 3108 2823 Spiritum
3137 2757 3423 2813 sanctum?

1832 2868 1939 2907 non
1968 2850 2176 2905 mentiti
2204 2849 2332 2903 cstis
2360 2846 2686 2915 hominibus,
2714 2846 2806 2902 sed
2836 2846 2948 2901 Deo
2980 2847 3027 2879 ⁸¹
3058 2866 3074 2915 ;
3119 2849 3423 2904 ostendunt

1831 2944 2021 3002 eadem
2060 2947 2115 2998 in
2146 2943 2414 3015 Spiritum
2447 2948 2728 3007 sanctum,
2759 2949 2815 2997 et
2845 2942 2903 2996 in
2940 2940 3111 2998 Deum
3142 2956 3268 2998 esse
3296 2957 3423 3013 pec~

1833 3044 1980 3092 cata.
2019 3036 2205 3107 Atque
2251 3035 2359 3090 hoc
2390 3035 2555 3089 etiam
2594 3040 2757 3106 pacto
2798 3035 3013 3091 discere
3039 3034 3268 3105 poteris,
3299 3032 3423 3106 Spi-

1835 3129 2003 3183 ritum
2039 3135 2293 3183 sanctum
2334 3126 2390 3181 in
2433 3125 2585 3181 omni
2621 3126 2943 3198 operatione
2983 3126 3340 3195 coniunctum
3369 3134 3425 3183 et

1839 3218 2270 3289 inseparabilem
2317 3234 2442 3275 esse
2484 3234 2516 3273 a
2566 3217 2731 3274 Patre
2781 3226 2838 3274 et
2886 3216 3048 3275 Filio.
3095 3218 3234 3275 Cum
3276 3218 3426 3277 Deus

1831 3311 1996 3368 elIicit
2052 3310 2475 3367 distributiones
2532 3310 2960 3382 operationum,
3022 3324 3088 3366 ac
3150 3310 3426 3370 Dominus

1831 3402 2138 3460 divisiones
2180 3403 2693 3469 ministrationum,
2749 3402 2913 3457 simul
2966 3402 3125 3458 adest
3178 3401 3425 3474 Spiritus

1834 3503 2088 3562 sanctus,
2142 3495 2499 3566 partitionem
2546 3495 2823 3551 donorum
2882 3508 2983 3564 pro
3021 3495 3292 3566 cujusque
3340 3495 3426 3550 di-

1834 3586 2047 3659 gnitate
2094 3587 2322 3658 proprio
2358 3586 2591 3641 arbitrio
2632 3586 2983 3657 dispensans.
3021 3584 3187 3650 Nam,
3226 3584 3424 3658 inquit,

1834 3677 2118 3733 divisiones
2147 3677 2410 3733 donorum
2456 3688 2606 3744 sunt,
2641 3676 2783 3732 idem
2829 3687 3005 3732 autem
3052 3676 3308 3747 Spiritus.
3355 3675 3427 3731 Et

1838 3769 2126 3824 divisiones
2175 3768 2712 3824 administrationum
2755 3778 2904 3835 sunt,
2940 3770 3080 3823 idem
3107 3781 3286 3823 autem
3317 3768 3429 3824 Do-

1839 3860 2039 3915 minus.
2085 3857 2157 3913 Et
2195 3859 2486 3914 divisiones
2515 3860 2882 3930 operationum
2913 3859 3221 3923 sunt,.idem
3248 3870 3427 3914 autem

1835 3952 2005 4019 Deus,
2041 3952 2133 4025 qui
2181 3962 2437 4021 operatur
2483 3953 2663 4007 omnia
2692 3954 2748 4007 in
2780 3952 3048 4007 omnibus.
3082 3952 3212 4007 Han:
3250 3961 3428 4006 autem

1836 4045 2038 4110 omnia,
2069 4045 2271 4115 inquit,
2307 4053 2561 4115 operatur
2588 4060 2728 4098 unus
2779 4054 2828 4099 et
2875 4044 3017 4099 idem
3055 4043 3315 4114 Spiritus,
3342 4045 3427 4099 di-

1836 4137 2017 4192 videns
2068 4137 2295 4193 seorsim
2341 4138 2549 4208 cuique,
2586 4148 2744 4206 prout
2783 4138 2894 4192 vult
2921 4137 2990 4195 ⁸³.
3018 4137 3276 4193 Attamen
3313 4153 3427 4195 non

122 4231 282 4300 ροῦν
299 4230 427 4297 wit}
454 4227 715 4292 ἑκάστῳ,
742 4224 940 4292 καθὼς
954 4225 1270 4289 βούλεται.
1299 4224 1374 4276 Οὐ
1408 4222 1514 4294 μὴν
1541 4221 1723 4293 ἐπειδὴ

1841 4230 2106 4301 quoniam
2156 4230 2457 4302 Apostolus
2493 4231 2668 4300 primo
2713 4229 2835 4287 loco
2870 4232 3119 4285 meminit
3162 4230 3422 4302 Spiritus,

135 4322 363 4393 πρῶτον
398 4318 637 4375 ἐνταῦθα
664 4317 759 4373 τοῦ
789 4316 1108 4388 Πνεῦματος
1143 4316 1173 4368 ὁ
1220 4313 1544 4379 Ἀπόστολος
1600 4316 1723 4366 ἐπε·

1841 4319 2085 4376 secundo
2112 4318 2260 4385 Filii,
2291 4322 2456 4376 tertio
2489 4319 2582 4375 llei
2612 4329 2667 4375 et
2695 4320 2902 4386 Patris,
2929 4323 3182 4392 protinus
3208 4330 3426 4393 oportet

134 4413 380 4486 ανήσθη,
421 4411 517 4465 καὶ
541 4409 791 4483 δεύτερον
830 4409 926 4463 τοῦ
948 4408 1104 4472 Υἱοῦ,
1125 4408 1220 4461 καὶ
1252 4407 1433 4480 τρίτον
1466 4407 1560 4460 τοῦ
1596 4406 1723 4460 Θεοῦ

1841 4412 2114 4482 suspicari
2146 4411 2394 4467 ordinem
2425 4411 2654 4466 omnino
2686 4411 2963 4466 inversum
2990 4426 3133 4466 esse.
3155 4411 3202 4465 A
3233 4420 3424 4467 nostra

130 4508 230 4560 καὶ
273 4503 533 4575 Πατρὺς,
566 4502 669 4574 ἥδη
723 4500 831 4572 χρὴ
877 4498 1108 4554 καθόλου
1149 4497 1389 4569 νομίζειν
1436 4498 1723 4569 avras-cpu-

1841 4504 2112 4575 siquidem
2143 4502 2465 4558 habitudine
2502 4504 2743 4573 sumpsit
2770 4502 3078 4558 exordium.
3129 4502 3265 4557 Nam
3297 4518 3426 4558 cum

133 4599 269 4670 φθαι
292 4599 402 4670 τὴν
428 4594 606 4660 τάξιν.
651 4594 783 4647 Ἀπὸ
806 4593 916 4664 γὰρ
937 4591 1038 4663 τῆς
1061 4592 1336 4663 ἡμετέρας
1370 4591 1608 4661 σχέσεως
1633 4589 1723 4660 τὴς.

1841 4596 1987 4651 dona
2035 4595 2382 4667 accipimus;
2423 4595 2585 4650 nobis
2617 4595 2666 4650 is
2706 4595 2801 4666 qui
2831 4595 3150 4661 distribuit,
3182 4596 3425 4650 occurrit

132 4691 315 4762 ἀρχὴν
355 4687 584 4742 ἐλαϐενο
623 4685 812 4756 ἐπειδὴ
844 4683 1234 4755 ὑποδεχόμενοι
1262 4682 1332 4735 τὰ
1362 4681 1542 4753 δῶρα,
1578 4680 1723 4752 πρῶ-

1841 4689 2122 4760 primum;
2174 4703 2301 4742 mox
2352 4688 2658 4756 cogitamus
2730 4702 2857 4742 eum
2916 4687 3012 4758 qui
3064 4687 3254 4753 misit;
3324 4701 3425 4757 po-

132 4801 228 4837 τον
262 4779 673 4851 ἐντυγχάνομεν
688 4777 768 4849 τῷ
793 4777 1106 4848 διανέμσιντι
1125 4792 1140 4806 ο
1178 4770 1298 4828 εἶτα
1327 4773 1615 4844 ἐννοοῦμεν
1645 4773 1723 4826 rex

1841 4786 2052 4836 stremo
2082 4778 2475 4850 cogitationem
2507 4778 2861 4848 perducimus
2893 4778 2960 4833 ad
2999 4776 3205 4833 fontem
3239 4786 3425 4832 aucto-

135 4873 578 4929 ἀποστείλαντα·
614 4866 732 4923 εἶτα
772 4870 1049 4939 ἀνάγομεν
1076 4866 1176 4939 τὴν
1201 4864 1500 4937 ἐνθύμησιν
1524 4865 1617 4919 ἐπὶ
1635 4864 1723 4937 τὴν

1841 4886 2070 4942 remque
2107 4869 2398 4925 bonorum.

136 4970 329 5041 πηγὴν
360 4968 458 5021 καὶ
490 4964 674 5019 αἰτίαν
700 4962 809 5016 τῶν
843 4959 1086 5030 ἀγαθῶν.

212 5128 256 5158 ⁸⁸
301 5127 319 5181 1
361 5125 495 5180 Cor.
537 5139 651 5187 xw,
682 5121 790 5185 24,
818 5120 910 5177 ‘35.
984 5121 1032 5153 "
1076 5118 1197 5174 Act.
1239 5134 1296 5182 γ,
1337 5116 1403 5182 9,
1441 5118 1500 5175 4.
1576 5116 1623 5148 ⁸³
1664 5115 1681 5169 1

1841 5132 1987 5180 .nt,
2030 5115 2181 5170 ll—ll.

211 5310 328 5391 (9‘?)
348 5306 831 5391 μαρισαζόῃων.
855 5303 947 5360 Sic
972 5317 1167 5360 omnes
1188 5300 1412 5358 codices
1434 5316 1597 5364 mss.,
1621 5317 1731 5356 non

146 5392 204 5440 ιιι
229 5378 362 5437 editi
401 5378 866 5449 παρεικαζόντων.

214 5453 329 5523 (98)
370 5443 721 5523 ὈῌΠαῡλοςς
750 5443 1114 5523 Combeilsius
1143 5443 1432 5514 legendum
1462 5450 1615 5523 putat
1637 5444 1732 5523 δη-

148 5513 235 5577 λοῖ
258 5526 289 5576 6
314 5513 550 5583 Παῦλος
572 5537 590 5574 :
622 5517 718 5572 sed
770 5516 1079 5572 necessaria
1120 5513 1230 5569 non
1275 5523 1361 5569 est
1398 5513 1730 5579 emendatio,

153 5596 312 5649 mullo
344 5593 562 5647 initium
585 5589 751 5658 hujus
777 5588 971 5658 capitis
999 5601 1108 5639 non
1136 5594 1503 5658 sumatur._ut
1527 5585 1582 5658 in
1615 5583 1735 5658 edi-

154 5664 241 5726 tis,
267 5664 338 5718 ab
370 5663 461 5717 bis
501 5655 707 5721 verbis.
736 5655 885 5723 ὅπως
936 5659 995 5711 ὲν
1034 5658 1217 5726 πᾶσιν,
1252 5656 1349 5710 sed
1384 5655 1454 5708 ab
1485 5656 1608 5726 his.
1637 5655 1731 5726 ἐπὶ

156 5724 245 5789 οὖν
276 5736 359 5801 τό,
390 5741 449 5788 ut
485 5733 543 5788 in
568 5729 845 5788 veteribus
882 5728 1058 5786 libris.
1095 5725 1306 5784 Habent
1348 5728 1514 5782 etiam
1546 5724 1678 5782 editi
1703 5728 1732 5779 ὀ

1830 5299 1984 5368 ἅγιος
2010 5298 2247 5361 Παῦλος,
2279 5297 2624 5368 sedcodices
2653 5314 2788 5354 mss.
2824 5308 2882 5352 ut
2913 5298 3204 5353 edidimus.

1902 5369 2013 5439 (99)
2044 5369 2309 5437 Εἱσέλθῃ
2331 5367 2399 5422 δέ
2429 5386 2533 5434 τις.
2563 5368 2700 5423 Illud
2728 5370 2811 5432 τίς
2834 5385 2898 5423 ex
2931 5370 3106 5439 tribus
3128 5366 3418 5423 codicibus

1829 5439 2164 5510 addidimus,
2182 5445 2237 5492 et
2255 5440 2419 5510 paulo
2438 5448 2560 5509 post
2577 5449 2689 5494 tres
2705 5442 2794 5493 alii
2809 5440 2904 5492 καὶ
2924 5438 3070 5493 οὕτω
3087 5438 3156 5493 τὰ
3179 5440 3419 5510 κρυπτά.

1903 5511 1981 5581 (1)
2027 5507 2309 5581 Τάσσειν.
2344 5507 2455 5562 Sid
2484 5526 2618 5581 mss.
2660 5510 2803 5565 lﬂditi
2857 5511 3197 5564 συντάσσειν,
3223 5507 3420 5563 'Paulo

1830 5579 2115 5659 βοείας]ἓὶ
2143 5579 2465 5659 Σάπςίειραν
2499 5580 2595 5659 τοῦ
2627 5581 2855 5659 Πέτρου.
2892 5582 3022 5637 Mss.
3059 5589 3135 5659 ut_
3159 5581 3213 5659 in
3246 5586 3418 5659 textu.

1902 5650 1978 5719 (2)
2027 5649 2474 5728 Ἐνεργοῦντοςξ.
2509 5649 2641 5728 Post
2678 5649 2817 5728 lianc
2841 5667 3028 5708 vocem
3050 5652 3183 5728 editi
3213 5650 3417 5728 additu:

1830 5720 1964 5792 γάρ,
1998 5719 2147 5792 quod
2177 5720 2549 5795 iamveteribus
2577 5722 2735 5781 libris
2762 5737 2872 5781 non
2906 5724 3199 5794 reperitur.
