3900 6212
162 252 260 307 ΙΞἹ
1226 238 1426 296 LIBER
1460 237 1551 293 DE
1586 233 1861 293 SPIRITU
1905 232 2194 290 SANCTO.
3323 235 3429 293 {38

158 369 384 438 νάμεις·
434 362 468 434 ἢ
521 361 665 417 οὕτω
710 362 762 430 γ’
793 359 859 415 ἀν
890 358 964 430 (9)
1013 358 1267 429 οὐδεμίαν
1309 358 1445 429 πρὸς
1492 357 1555 410 τδ
1592 356 1746 425 ἅγιον

1865 353 1982 407 ritu.
2018 351 2382 423 Nequeenim
2416 351 2682 409 ccelorum
2732 352 2966 409 virtutes
2995 362 3188 421 suapte
3224 361 3423 409 natura

159 457 389 529 Πνεῦμα
429 456 531 527 τὴν
558 454 823 526 διαφορὰν
857 451 1058 523 ἐχοιεν’
1091 450 1229 505 ἀλλά
1271 449 1413 504 κατά
1452 446 1744 518 ἀναλογίαν

1865 454 2056 501 sancta:
2096 451 2225 503 sunt
2260 463 2275 511 ;
2317 444 2564 516 alioquin
2629 446 2763 501 nihil
2792 446 3076 503 diﬂ'errent
3130 463 3160 501 a
3218 447 3428 519 Spiritu

154 553 255 624 τῆς
295 551 437 623 πρὸς
467 549 703 620 ἀλλήλας
732 544 1032 620 ὑπεροχῆς,
1076 543 1171 599 τοῦ
1218 543 1496 615 ἀγιασμοῦ
1543 543 1607 597 τὸ
1652 542 1747 614 μέ-

1865 544 2088 603 sancto;
2134 535 2229 593 seil
2278 536 2438 606 juxta
2468 539 2882 609 proportionem
2940 555 3047 609 qua
3097 554 3158 596 se
3186 538 3427 597 invicem

159 663 285 719 τρον
326 643 480 716 παρὰ
506 641 599 695 τοῦ
626 639 945 711 Πνεύματος
982 637 1222 709 ἔχουσαι.
1278 635 1366 700 Ὠς
1406 635 1516 707 γὰρ
1553 633 1581 688 ὁ
1615 652 1748 688 καυ-

1865 636 2136 697 mperant,
2189 641 2220 681 a
2256 626 2465 696 Spiritu
2527 628 2731 684 habent
2768 628 3222 683 sanctiﬁcationis
3273 644 3431 683 men-

159 715 261 809 τηρ
280 736 423 808 μετά
439 734 536 788 τοῦ
582 733 753 802 πυρὸς
784 733 1004 795 νοεῖται,
1034 730 1131 784 καὶ
1175 728 1303 784 ἄλλο
1341 727 1582 800 μέντοιή
1611 725 1747 780 ὑπο-

1865 734 2059 773 turam.
2106 715 2580 784 Quemadmodum
2622 721 2767 774 enim
2818 720 3122 775 cauterium
3176 735 3283 775 non
3313 721 3434 777 sine

161 828 393 898 κειμένη
431 826 554 896 ὕλη,
595 826 691 879 καὶ
728 823 857 879 ἄλλο
899 822 961 875 τὸ
997 819 1135 892 πῦρ·
1186 818 1329 874 οὕτω
1365 819 1461 873 καὶ
1506 819 1600 872 ἐπὶ
1640 817 1748 871 τῶν

162 920 431 992 οὐρανίων
478 917 781 987 δυνάμεων,
836 915 869 985 ἡ
929 912 1029 982 μὲν
1080 910 1240 965 οὐσία
1295 910 1510 975 αὐτῶν,
1566 908 1748 981 ἀέριον

163 1012 381 1083 πνεῦμα
399 1011 532 1079 (10),
552 1007 793 1077 εἰτύχοι,
827 1007 860 1076 ἢ
893 1004 1003 1074 πῦρ
1024 1004 1207 1068 ἄϋλον,
1239 1003 1380 1057 κατά
1406 1002 1468 1056 τὸ
1495 1018 1741 1074 γεγραμ-

165 1104 325 1175 μένον
346 1121 360 1132 ·
412 1103 465 1154 Ὁ
495 1099 682 1155 ποιῶν
713 1097 855 1163 τοὺς
877 1096 1173 1166 ἀγγέλους
1197 1094 1382 1149 αὑτοῦ
1414 1094 1746 1164 πνεύματα,

163 1195 256 1249 καὶ
286 1194 434 1258 τοὺς
463 1189 853 1259 ,λειτουργοὺς
884 1187 1073 1242 αὐτοῦ
1110 1184 1304 1255 πυρὸς
1344 1186 1544 1255 φλόγα
1598 1183 1710 1256 (Η)
1733 1200 1747 1214 ο

162 1288 240 1341 διὸ
276 1287 375 1339 καὶ
413 1288 471 1338 ὲν
526 1283 676 1353 τόπῳ
720 1282 850 1338 είσὶ.
900 1282 993 1335 καὶ
1037 1279 1224 1352 ὁρατοὶ
1272 1278 1533 1348 γίνονται,
1583 1279 1640 1331 ὲν
1674 1276 1752 1348 τῷ

163 1378 290 1430 εῖδει
339 1374 451 1428 τῶν
503 1373 720 1426 οἰκείων
757 1369 936 1425 αὐτῶν
972 1370 1241 1440 σωμάτων
1268 1372 1381 1433 τοῖς
1434 1366 1605 1433 ἀξίοις
1648 1369 1750 1437 ἐμ-

162 1462 541 1536 φανιζιᾉενοι.
610 1463 667 1516 '0
718 1460 900 1533 μέντοι
943 1459 1240 1530 ἁγιασμὸς,
1288 1457 1489 1526 ἔξωθεν
1534 1456 1610 1511 ὢν
1653 1456 1753 1527 τῆς

161 1558 371 1621 οὐσίας,
399 1557 499 1627 τὴν
534 1555 815 1609 τελείωσιν
848 1553 1032 1617 αὐτοῖς
1062 1553 1257 1622 ἐπάγει
1290 1551 1380 1606 διὰ
1421 1550 1524 1621 τῆς
1562 1566 1753 1603 κοινω-

161 1651 280 1714 νίας
324 1648 422 1703 τοῦ
465 1646 801 1718 Πνεύματος.
857 1646 1196 1700 Φυλάσσουσι
1238 1645 1296 1699 δὲ
1344 1644 1442 1716 τὴν
1490 1643 1649 1707 ἀξίαν
1683 1645 1750 1715 τῇ

1849 812 1975 883 igne
2014 811 2372 883 intelligitur,
2406 826 2532 866 cum
2570 811 2717 867 aliud
2760 812 2833 869 sit
2874 813 3123 883 subjecta
3178 815 3427 878 materia,

1850 910 1905 958 et
1935 900 2085 957 aliud
2119 903 2262 973 ignis
2300 921 2313 956 :
2347 902 2531 957 itidem
2563 903 2692 958 etin
2751 902 3070 959 cmlestibus
3111 900 3429 968 virtutibus,

1852 992 2163 1048 substantia
2194 991 2417 1063 quidem
2448 1006 2660 1056 earum,
2690 998 2821 1062 puta
2856 993 3089 1063 spiritus
3116 1000 3200 1049 est
3223 994 3430 1057 aerius.

1851 1089 1946 1136 aut
2004 1082 2147 1152 ignis
2199 1083 2610 1148 immaterialis,
2655 1082 2814 1153 juxta
2862 1084 2914 1138 itl
2973 1084 3121 1154 quod
3163 1085 3433 1155 scriptum

1851 1180 1957 1241 est,
1992 1175 2101 1242 Qui
2148 1175 2280 1244 facit
2314 1175 2529 1245 angelos
2575 1191 2701 1230 suos
2755 1176 2996 1245 spiritus,
3054 1185 3105 1231 et
3159 1177 3434 1230 ministros

1852 1281 1977 1321 suos
2035 1265 2312 1334 ﬂammam
2360 1266 2498 1335 ignis
2542 1264 2632 1333 ⁸⁸;
2694 1274 3032 1337 quapropter
3092 1275 3148 1322 et
3201 1267 3257 1322 in
3312 1267 3436 1321 loco

1853 1367 1983 1415 sunt
2010 1397 2024 1421 ,
2086 1367 2141 1413 et
2180 1356 2320 1412 ﬁunt
2347 1354 2619 1422 visibiles,
2649 1358 2779 1414 dum
2821 1360 2888 1415 iis
2918 1360 3013 1430 qui
3067 1359 3217 1431 digni
3267 1370 3434 1426 sunt,

1853 1458 2118 1520 apparent
2170 1449 2226 1505 in
2289 1451 2469 1521 specie
2535 1452 2883 1522 propriorum
2951 1466 3266 1523 corporum.
3327 1452 3436 1508 Sed

1854 1539 2241 1605 sanctiﬁcatio,
2301 1557 2424 1612 qua:
2481 1550 2568 1597 est
2593 1549 2750 1597 extra
2778 1542 3141 1598 substantiam
3191 1542 3434 1607 illorum,

1855 1631 2250 1702 perfectionem
2284 1634 2396 1690 illis
2451 1632 2607 1690 aﬂ'ert
2661 1648 2761 1705 per
2812 1634 3255 1689 communionem
3307 1631 3435 1705 Spi-

160 1743 401 1811 ἐπιμονῇ
435 1738 532 1792 τοῦ
580 1736 768 1803 καλοῦ,
807 1735 1027 1808 ἔχουσαι
1080 1734 1178 1807 μὲν
1226 1737 1284 1788 ἐν
1333 1731 1651 1804 προαιρέσει
1688 1732 1751 1784 τὸ

1865 1724 2016 1779 ritus.
2044 1723 2391 1780 Conservam
2426 1731 2609 1779 autem
2663 1723 2985 1795 dignitatem
3037 1740 3135 1795 per
3178 1740 3437 1796 perseve-

161 1833 535 1900 αὐτεξούσιον,
566 1831 821 1885 οὐδέποτε
861 1828 919 1882 δὲ
952 1831 1015 1881 ὲκ
1057 1828 1160 1898 τῆς
1196 1826 1290 1880 τοῦ
1337 1827 1503 1890 ὅντως
1544 1823 1751 1893 ἀγαθοῦ

161 1925 522 1998 προσεδρείας
553 1922 916 1976 ἐκπίπτουσαι
945 1936 960 1949 ο
991 1920 1069 1983 ὼς
1108 1918 1203 1972 ἐὰν
1250 1918 1452 1990 ὑφέλῃς
1488 1914 1567 1987 τῷ
1611 1914 1755 1988 λόγῳ

158 2015 219 2067 τὸ
272 2013 545 2084 Πνεῦμα,
605 2011 855 2064 λέλυνται
913 2010 1011 2080 μὲν
1063 2006 1314 2077 ἀγγέλων
1361 2008 1570 2077 χορεῖαι
1618 2003 1752 2076 (12),

162 2109 471 2180 ἀνῄρηνται
518 2107 574 2160 δὲ
622 2102 979 2178 ἀρχαγγέλων
1026 2099 1364 2161 ὲπιστασίαι,
1419 2098 1755 2168 συγκέχυται

161 2201 217 2254 δὲ
239 2200 313 2253 τά
331 2200 517 2254 πάντα
541 2214 553 2226 ·
573 2196 989 2267 ἀνομοθέτητος,
1013 2192 1268 2274 ἀτακτος,
1299 2190 1551 2260 ἀόριστος
1577 2187 1756 2242 αὐτῶν

162 2292 196 2358 ἡ
251 2289 395 2360 ζωή.
437 2288 567 2351 Πῶς
616 2287 716 2358 μὲν
753 2284 864 2355 γὰρ
914 2281 1143 2335 είπωσιν
1182 2279 1439 2348 ἄγγελοι·
1494 2279 1650 2342 Δόξα
1687 2277 1759 2330 ἐν

162 2380 455 2448 ὑψίστοις
488 2373 630 2441 Θεῷ,
665 2374 739 2447 μὴ
783 2369 1198 2443 δυναμωθέντες
1242 2368 1348 2422 ὑπὸ
1379 2366 1472 2421 τοῦ
1509 2366 1758 2438 Πνεύμα-

162 2484 288 2534 eos;
318 2467 538 2533 Οὐδεὶς
582 2466 691 2537 γὰρ
718 2463 969 2518 δύναται
1010 2458 1200 2515 εἰπεῖν
1239 2457 1461 2526 Κύριον
1492 2455 1756 2525 Ἰησοῦν,

162 2563 213 2613 εἱ
244 2560 336 2629 μὴ
374 2559 447 2611 ἐν
476 2557 775 2626 Πνεύματι
806 2553 972 2623 ἁγίῳ,
999 2551 1101 2606 καὶ
1127 2549 1330 2616 οὐδεὶς
1353 2550 1423 2603 ἐν
1459 2548 1759 2617 Πνεύματι

166 2652 315 2707 Θεοῦ
342 2648 556 2705 λαλῶν
602 2648 765 2718 λέγει
809 2645 1075 2715 ἀνάθεμα
1123 2642 1368 2710 Ἰησοῦν
1389 2658 1404 2672 ·
1452 2642 1590 2712 ὅπερ
1616 2638 1759 2692 εἴποι

162 2739 229 2793 ἃν
266 2738 384 2808 (15)
424 2737 495 2790 τὰ
523 2736 736 2808 πονηρά
766 2734 863 2789 καὶ
890 2734 1244 2803 ἀντικείμενα
1277 2730 1584 2802 πνεύματα,
1618 2725 1695 2784 ὧν
1722 2731 1757 2800 ἡ

163 2830 492 2892 ἀπόπτωσις
545 2828 827 2899 συνίστησι
879 2825 973 2880 τὸν
1015 2823 1195 2893 λόγον,
1245 2821 1340 2876 τοῦ
1380 2820 1760 2888 αὐτεξουσίους

161 2916 303 2974 εἶναι
347 2920 453 2982 τάς
505 2918 769 2989 ἀοράτους
819 2917 1112 2987 δυνάμεις,
1169 2915 1473 2985 ἰσορρόπως
1527 2912 1760 2984 ἐχούσας

162 3014 303 3086 πρὸς
324 3012 546 3085 ἀρετὴνο
560 3011 654 3065 καὶ
686 3009 910 3072 κακίαν,
944 3009 1040 3062 καὶ
1070 3006 1161 3060 διὰ
1184 3004 1344 3058 τοῦτο
1368 3004 1629 3073 δεομένας
1658 3002 1760 3072 τῆς

1857 1815 2094 1870 rantiam
2149 1815 2207 1871 in
2246 1817 2436 1879 bono,
2481 1816 2746 1872 habentes
2805 1816 3026 1887 quidem
3069 1816 3124 1870 in
3187 1817 3440 1888 eligendo

1855 1905 2089 1960 liberum
2153 1906 2441 1961 arbitrium
2469 1947 2485 1972 ,
2526 1914 2815 1977 nunquam
2867 1916 3049 1962 tamen
3087 1908 3156 1960 ab
3188 1907 3309 1976 ejus
3343 1908 3440 1978 qui

1856 2012 1984 2051 vere
2024 1997 2205 2053 bonus
2250 2005 2337 2054 est
2379 1999 2664 2054 consortio
2713 1998 3079 2057 excidentes:
3146 2001 3218 2054 ita
3273 2008 3334 2054 ut
3390 2001 3441 2055 si

1856 2088 2186 2144 subduxeris
2233 2090 2450 2146 ratione
2513 2089 2779 2161 Spiritum
2809 2130 2825 2156 ,
2885 2091 3150 2161 perierint
3207 2092 3436 2163 angelo-

1856 2197 1978 2236 rum
2007 2181 2252 2247 choreae,
2284 2182 2513 2237 sublatae
2563 2181 2678 2237 sint
2703 2197 2925 2252 quoque
2979 2182 3441 2253 archangelorum

1858 2272 2239 2344 praefecturae,
2292 2280 2458 2343 atque
2500 2271 2734 2328 confusa
2790 2271 2996 2326 fuerint
3042 2272 3226 2325 omnia
3278 2274 3442 2326 :vita

1858 2366 2106 2437 ipsorum
2166 2364 2305 2419 nulli
2367 2365 2519 2435 legi,
2576 2364 2710 2418 nulli
2767 2364 2995 2428 ordini,
3046 2364 3182 2418 nulli
3240 2363 3442 2434 regula:

1860 2456 2165 2527 subjaceat.
2239 2455 2528 2522 Quomodo
2595 2456 2741 2510 enim
2785 2454 2969 2510 dicent
3000 2456 3179 2526 angeli
3211 2474 3223 2509 :
3255 2454 3442 2510 Gloria

1858 2548 1916 2602 in
1966 2547 2187 2602 excelsis
2242 2545 2441 2611 Deo”,
2505 2546 2611 2602 nisi
2670 2564 2701 2599 a
2765 2546 2972 2615 Spiritu
3021 2554 3246 2616 accepta
3287 2552 3443 2613 pote-

1859 2647 2002 2695 state
2029 2639 2053 2692 ?
2101 2637 2273 2693 Nemo
2310 2638 2585 2709 siquidem
2618 2647 2792 2706 potest
2823 2637 3002 2692 dicere
3033 2637 3324 2691 Dominum
3347 2634 3445 2690 Je-

1859 2745 1999 2795 sum,
2061 2730 2168 2784 nisi
2213 2730 2269 2784 in
2299 2727 2507 2799 Spiritu
2543 2738 2766 2791 sancto,
2826 2738 2877 2783 et
2927 2730 3111 2783 nullus
3146 2730 3199 2783 in
3237 2729 3444 2799 Spiritu

1860 2820 1960 2876 Dei
1992 2821 2210 2893 loquens
2264 2821 2401 2876 dixit
2451 2820 2638 2877 Iesum
2677 2821 2963 2877 anathema
2981 2823 3068 2888 ⁶⁰;
3122 2822 3270 2893 quod
3311 2837 3445 2878 sane

1861 2916 2096 2971 dixerint
2121 2917 2275 2987 pravi
2323 2923 2379 2973 et
2422 2917 2722 2974 adversarii
2757 2918 2986 2988 spiritus
3013 2955 3030 2982 ,
3081 2931 3316 2987 quorum
3360 2917 3444 2970 la-

1860 3025 1995 3082 psus
2066 3010 2391 3080 comprobat
2442 3008 2592 3081 quod
2654 3009 2921 3076 dicimus,
2967 3011 3201 3066 virtutes
3252 3008 3445 3064 invisi-

161 3107 258 3161 τοῦ
314 3103 644 3174 Πνεύματος
696 3101 971 3173 βοηθείας.
1039 3099 1180 3168 Ἐγὼ
1236 3098 1331 3150 καὶ
1378 3096 1469 3149 τὸν
1517 3095 1758 3167 Γαϐριὴλ

1865 3106 2001 3161 biles
2054 3117 2179 3159 esse
2226 3100 2313 3157 sui
2347 3100 2600 3169 arbitrii,
2654 3116 2812 3171 aeque
2867 3101 2936 3156 ad
2981 3102 3239 3156 virtutem
3283 3109 3448 3171 atque

164 3199 464 3273 προλέγειν
511 3197 579 3250 τὰ
626 3194 890 3267 μέλλοντα
936 3193 1191 3264 οὐδαμῶς
1223 3191 1399 3253 ἄλλως
1441 3188 1585 3260 φημὶ
1622 3187 1656 3261 ἢ
1689 3190 1757 3259 τῇ

165 3291 485 3365 προγνώσει
516 3287 610 3342 τοῦ
644 3287 982 3358 Πνεύματος.
1020 3285 1164 3338 Διότι
1192 3282 1251 3336 ἒν
1283 3282 1393 3335 τῶν
1425 3281 1538 3351 (14)
1563 3282 1629 3334 ἐκ
1656 3279 1758 3350 τῆς

162 3382 497 3454 διαιρέσεως
527 3378 619 3433 τοῦ
650 3377 965 3449 Πνεύματος
995 3375 1348 3448 χαρισμάτων
1380 3373 1529 3426 ἐστὶν
1561 3374 1594 3442 ἡ
1624 3388 1760 3443 προ-

164 3475 397 3546 φητεία.
446 3473 506 3526 Ὀ
539 3471 597 3524 δὲ
622 3470 695 3524 τά
747 3469 1020 3541 μυστήρια
1061 3469 1162 3538 τῆς
1200 3466 1466 3529 ὀπτασίας
1499 3464 1576 3536 τῷ
1606 3464 1761 3536 ἀνδρὶ

164 3568 281 3621 τῶν
330 3563 639 3635 ἐπιθυμιῶν
687 3556 1003 3632 ἐπιταχθεὶς
1040 3558 1381 3629 διαγγεῖλαι,
1412 3557 1576 3612 πόθεν
1609 3574 1762 3627 σοφι-

168 3659 328 3723 σθεὶς
375 3652 493 3727 εἶχε
541 3655 815 3709 διδάσκειν
865 3651 936 3706 τὰ
999 3651 1397 3724 κεκρυμμένα,
1452 3651 1502 3704 εἰ
1555 3648 1632 3722 μὴ
1681 3649 1762 3719 τῷ

166 3750 461 3820 Πνεύματι
488 3746 568 3817 τῷ
615 3746 790 3817 ἀγίῳ;
834 3743 937 3815 τῆς
977 3742 1375 3812 ἀποκαλύψεως
1413 3741 1522 3795 τῶν
1554 3756 1762 3812 μυστη-

170 3842 312 3913 ρίων
349 3839 497 3902 ἰδίως
524 3836 603 3909 τῷ
633 3837 916 3907 Πνεύματι
954 3824 1362 3907 προσηκούσης,
1398 3832 1539 3887 κατά
1579 3831 1641 3887 τὸ
1672 3848 1766 3901 γε-

169 3933 522 4006 γραμμένον,
549 3933 632 3985 ὅτι
671 3930 834 4001 Ἡμῖν
858 3928 1261 3997 ἀπεκάλυψεν
1296 3931 1330 3983 d
1358 3926 1504 3994 Θεὸς
1533 3926 1633 3980 διὰ
1656 3924 1764 3981 τοῦ

169 4026 549 4094 ιινεύματος.
600 4021 793 4093 Θρὸνοι
836 4020 895 4075 δὲ
936 4020 1031 4074 καὶ
1079 4020 1422 4091 κυριότητες,
1462 4019 1556 4073 καὶ
1597 4018 1765 4091 ἀρχαὶ

171 4119 275 4172 καὶ
314 4115 578 4180 ἐξουσίαι,
623 4113 741 4177 πῶς
784 4112 852 4166 ἂν
894 4110 992 4184 τὴν
1039 4111 1317 4183 μακαρίαν
1365 4110 1476 4182 (15)
1521 4109 1766 4182 διεξῆγον

173 4207 349 4279 ζωὴν,
384 4208 433 4260 εί
479 4205 554 4277 μὴ
598 4204 687 4258 διὰ
728 4204 928 4268 παντὸς
967 4202 1196 4257 ἔϐλεπον
1242 4202 1305 4255 τὸ
1337 4202 1629 4275 πρόσωπον
1665 4201 1758 4255 τοῦ

173 4299 399 4370 Πατρὸς
440 4297 535 4350 τοῦ
582 4298 641 4350 ἐν
685 4297 969 4367 οὐρανοῖςς
1009 4295 1083 4348 Τὸ
1113 4294 1171 4348 δὲ
1229 4293 1449 4365 βλέπειν
1479 4294 1582 4347 οὐκ
1633 4295 1763 4349 ἄνευ

176 4392 274 4445 τοῦ
312 4389 649 4461 Πνεύματος.
698 4390 909 4460 Ὠσπερ
952 4388 1063 4460 γὰρ
1103 4389 1161 4442 ὲν
1198 4388 1374 4451 νυκτὶ,
1421 4386 1518 4441 ἐὰν
1557 4388 1765 4460 ὑφέλῃς

1796 4436 1843 4494 D

1861 3198 1931 3253 ad
1979 3197 2172 3251 vitium
2241 3195 2560 3262 vertibiles,
2625 3204 2681 3251 et
2746 3195 2818 3250 ob
2864 3193 2921 3250 id
2978 3209 3119 3265 opus
3180 3193 3447 3249 habentes

1860 3288 2068 3343 auxilio
2101 3286 2363 3357 Spiritus.
2406 3285 2520 3358 Ego
2548 3300 2681 3342 vero
2726 3287 2910 3358 ipsum
2941 3285 3248 3342 Gabrielem
3300 3284 3449 3341 haud

1861 3380 1971 3434 alio
2011 3379 2175 3434 modo
2201 3379 2439 3433 arbitror
2469 3378 2766 3449 praedicere
2798 3378 2984 3433 futura
3008 3378 3080 3445 ",
3109 3394 3273 3450 quam
3308 3392 3449 3450 pras-

1864 3470 2097 3527 scientia
2157 3469 2439 3539 Spiritus,
2501 3484 2568 3525 eo
2626 3470 2774 3542 quod
2824 3485 2997 3525 unum
3049 3485 3117 3525 ex
3174 3470 3449 3527 divisione.

1862 3560 2131 3616 donorum
2164 3559 2403 3632 Spiritus
2440 3562 2513 3616 sit
2540 3562 2855 3633 prophetia.
2888 3560 3067 3622 Porro
3105 3565 3201 3635 qui
3238 3572 3453 3637 myste-

1866 3653 1955 3707 ria
1984 3653 2217 3708 visionis
2249 3653 2372 3723 viro
2423 3652 2824 3716 desideriorum
2848 3654 3041 3725 jussus
3084 3662 3203 3713 erat
3234 3673 3451 3716 annun-

1864 3746 2003 3800 tiare
2027 3745 2094 3813 °',
2152 3744 2299 3802 unde
2333 3754 2531 3803 nactus
2575 3755 2695 3802 erat
2740 3747 3104 3818 sapientiam,
3160 3758 3221 3805 ut
3261 3761 3452 3822 posset

1865 3836 2062 3892 docere
2112 3851 2336 3904 arcana,
2377 3837 2487 3893 nisi
2543 3854 2642 3909 per
2697 3837 2962 3909 Spiritum
3020 3830 3450 3918 sanctum?33

1866 3943 1991 3984 cum
2026 3929 2326 3998 patefactio
2368 3931 2762 4002 mysteriorum
2789 3933 3146 4003 peculiariter
3172 3935 3243 3992 ad
3274 3934 3452 4008 Spiri-

1870 4032 1985 4078 tum
2035 4028 2290 4078 sanctum
2338 4023 2631 4092 pertineat,
2680 4023 2840 4093 juxta
2894 4023 2949 4079 id
2989 4025 3140 4096 quod
3179 4028 3449 4099 scriptum

1865 4122 1952 4172 est
1985 4132 1998 4168 :
2032 4113 2202 4170 Nobis
2233 4117 2485 4170 reserauit
2524 4115 2667 4172 Deus
2705 4133 2800 4187 per
2828 4118 3089 4189 Spiritum
3115 4122 3182 4181 ⁸³.
3237 4122 3450 4180 Throni

1868 4223 1999 4265 vero
2029 4216 2084 4265 et
2146 4208 2582 4277 dominationes,
2633 4211 2974 4283 principatus
3033 4222 3088 4270 et
3127 4223 3451 4286 potestates,

1869 4299 2147 4370 quomodo
2192 4301 2407 4356 beatam
2464 4301 2823 4358 traducerent
2853 4305 3049 4372 vitam,
3089 4306 3196 4362 nisi
3232 4322 3455 4379 semper

1870 4390 2119 4446 viderent
2145 4392 2355 4448 vultum
2388 4392 2570 4450 Patris
2597 4395 2691 4465 qui
2740 4394 2797 4450 in
2826 4396 2982 4453 caelis
3010 4405 3097 4455 est
3113 4398 3199 4453 “?
3219 4402 3291 4454 At
3313 4401 3454 4459 visio

177 4488 242 4540 τὸ
268 4486 390 4557 φῶς
418 4484 528 4539 ἀπὸ
555 4485 654 4554 τῆς
678 4483 872 4550 οἰκίας,
893 4482 1094 4551 τυφλαὶ
1126 4482 1225 4551 μὲν
1250 4482 1309 4535 αἱ
1341 4480 1510 4553 ὄψεις,
1547 4482 1758 4552 ἁνενέρ-

1870 4498 1977 4537 non
2022 4491 2107 4538 est
2156 4485 2363 4555 absque
2407 4485 2637 4556 Spiritu.
2690 4484 3163 4553 Quemadmodum
3218 4492 3365 4547 enim
3406 4493 3452 4548 si

178 4594 345 4649 γητοι
376 4576 433 4630 δὲ
480 4574 898 4629 καταλείπονται
929 4575 985 4628 αἱ
1036 4572 1317 4644 δυνάμεις,
1365 4572 1764 4642 ἀνεπίγνωστοι

183 4670 246 4724 δὲ
277 4669 339 4724 αἱ
370 4667 539 4733 ἀξίαι,
572 4666 668 4720 καὶ
699 4664 900 4738 χρυσοῦ
943 4664 1041 4719 καὶ
1078 4664 1300 4737 σιδήρου
1335 4663 1537 4747 ὁμοίως
1564 4680 1767 4718 πατου-

184 4762 375 4835 μένων
404 4758 496 4813 διὰ
533 4758 633 4829 τὴν
660 4756 886 4824 ἄγνοιαν
904 4772 918 4785 ·
962 4753 1135 4820 οὕτως
1168 4754 1262 4809 ἐπὶ
1291 4755 1391 4827 τῆς
1418 4755 1618 4827 νοητῆς
1645 4755 1763 4809 δια-

1866 4574 1924 4628 in
1957 4589 2116 4632 nocte
2155 4576 2313 4632 tollas
2348 4579 2629 4634 lucernam
2667 4597 2698 4634 e
2732 4580 2916 4645 domo,
2948 4582 3081 4637 caci
3109 4590 3239 4638 sunt
3284 4583 3451 4645 oculi,

1864 4666 2152 4724 facultates
2206 4668 2591 4741 relinquuntur
2661 4671 2905 4737 inertes,
2966 4688 3074 4727 nec
3138 4674 3454 4743 agnoscitur

1864 4774 2051 4814 rerum
2117 4759 2394 4832 dignitas,
2462 4761 2559 4818 sed
2639 4777 2736 4833 per
2813 4763 3181 4835 ignorantiam
3253 4779 3452 4821 aurum

252 4916 311 4986 '7‘,
336 4913 488 4969 Psal.
527 4927 644 4977 Cll],
681 4912 739 4986 ι.
834 4911 879 4944 ⁸⁹
921 4910 1056 4967 Luc.
1098 4924 1159 4976 ll,
1201 4908 1287 4964 14.
1364 4909 1410 4942 ⁶⁹
1450 4910 1472 4965 1
1511 4909 1638 4966 Cor.
1676 4924 1751 4966 ιιι

1865 4952 1872 4965 .
1947 4913 1990 4945 ⁶¹
2030 4913 2164 4971 Luc.
2208 4933 2249 4982 ι,
2288 4915 2377 4971 26.
2455 4916 2500 4949 ⁸²
2526 4915 2661 4972 Dan.
2698 4934 2752 4981 χ,
2791 4916 2878 4975 10.
2955 4919 3002 4951 ⁸⁸
3038 4918 3059 4973 ι
3096 4912 3226 4975 Cor.
3264 4936 3327 4986 ιι,
3359 4921 3449 4980 10.

180 4985 230 5019 ⁸⁸
263 4985 462 5041 Matth.
501 5000 655 5051 xvm,
676 4983 761 5038 i0.

254 5099 335 5171 (9)
362 5101 440 5153 'H
464 5099 619 5153 οὕτω
642 5100 693 5168 τ’
716 5097 813 5152 ἂν.
846 5098 1025 5154 Editio
1042 5099 1218 5171 Paris.
1244 5098 1278 5171 ἦ
1300 5098 1441 5171 οὕτω
1469 5098 1605 5171 γάρ,
1629 5112 1762 5171 con-

183 5167 276 5224 m‘
308 5167 559 5224 codicum
613 5167 746 5224 mss.
787 5174 842 5224 et
886 5170 1141 5226 editionis
1194 5167 1758 5226 Ba’silecnsis'ﬁdem.

183 5241 362 5311 Paulo
373 5248 497 5311 post
507 5238 644 5311 Reg.
663 5239 941 5311 secundus
955 5242 1104 5311 παρά
1116 5239 1212 5293 τοῦ
1230 5239 1368 5311 Πνεύ
1378 5255 1544 5311 ματος
1558 5237 1681 5309 ἔχου
1688 5253 1736 5311 σι
1745 5275 1760 5289 .

284 5306 391 5379 10)*
421 5306 649 5378 Ἀἐριόν
671 5309 926 5379 πνεῦμα.
964 5306 1098 5365 male
1136 5313 1193 5365 in
1223 5306 1390 5365 editis
1418 5306 1639 5364 additur
1678 5306 1761 5362 τό.

285 5381 376 5453 11)
404 5382 613 5453 ῌορὸςς
633 5381 853 5453 φλόγα.
904 5381 994 5435 Sic
1041 5380 1284 5451 quinque
1320 5379 1540 5435 codices
1573 5396 1587 5432 ;
1622 5393 1764 5432 unus

184 5450 514 5522 cntueditis
543 5450 654 5522 πῦρ
678 5450 899 5522 φᾼλέγον.
922 5452 927 5459 ’

261 5520 374 5589 (12)
403 5519 652 5592 Χορεῑαὶ.
684 5519 785 5574 Hic
813 5522 1072 5575 nonnulla
1096 5536 1197 5592 cpe
1212 5519 1462 5592 codicum
1480 5532 1615 5573 mss.
1639 5533 1770 5592 sus-

190 5586 445 5663 tulimus.
460 5589 670 5663 Habent
694 5592 848 5663 enim
886 5593 1016 5646 editi
1040 5610 1053 5645 :
1078 5586 1288 5663 χορεῖαι
1306 5590 1400 5643 καὶ
1425 5586 1763 5663 ἁγιασμὸς...

191 5660 527 5725 ὶπιστασίαι,
558 5661 651 5713 καὶ
678 5662 959 5731 ἀγιασμοὶ,
994 5656 1503 5733 καῖ’τὲροιρητεῖαι...
1546 5656 1764 5724 ούκοῦν,

507 5754 785 5819 Paeon.
820 5757 936 5822 Gn.
966 5744 1260 5823 'XXXH.

1867 5096 2283 5167 ἀνομοθέτητος.

1940 5165 2049 5240 (15)
2081 5165 2443 5240 Ὅπερ-εἴποι
2465 5167 2562 5222 ἄν.
2592 5165 2685 5223 Sic
2707 5183 2843 5223 mss.
2871 5166 3093 5240 codices
3119 5166 3448 5240 seditione-9

1867 5236 2197 5293 ἂνέἵποιεν.
2232 5237 2356 5294 Mox
2387 5237 2523 5310 Reg.
2567 5245 2801 5308 quartus
2842 5238 2943 5302 τὰς
2969 5236 3254 5309 οὐρανίους
3292 5236 3451 5291 δυνᾶο

1873 5325 2015 5381 μεις-

1941 5379 2201 5452 (14)(μἚν
2225 5377 2363 5433 τῶν.
2398 5375 2543 5433 Editi
2571 5377 2631 5432 ἓν
2649 5395 2702 5432 τι
2725 5377 2855 5444 τῶν,
2889 5378 2986 5437 sed
3011 5385 3322 5451 repugnant
3351 5394 3452 5435 ve-

1852 5436 2019 5505 ‘teres
2037 5436 2205 5505 'libri.

1945 5519 2058 5593 (15)
2087 5518 2415 5593 Μακαρίαν.
2444 5519 2587 5593 Editi
2617 5517 2825 5577 addunt
2854 5519 3092 5593 εκείνην.
3127 5518 3235 5577 Sed
3257 5535 3319 5576 ea
3344 5533 3453 5576 vox

1874 5590 2088 5648 abest'a
2123 5591 2365 5662 quinque
2398 5591 2700 5647 codicibus.

3017 5750 3053 5809 5
