3862 6216
407 279 510 337 139
992 323 1041 347 γ-

1645 284 1703 342 S.
1745 284 1992 343 BASILII
2024 287 2240 346 MAGNI

3562 296 3663 352 HO

402 396 631 468 perinde
672 410 738 451 ac
790 396 996 454 ferrum
1051 397 1408 455 conculcatur
1445 415 1458 451 :
1513 398 1593 455 sic
1627 400 1685 455 in
1711 401 1967 473 spiritual‘

2090 405 2433 476 κοσμήσεως,
2469 404 2750 475 ἀμήχανον
2792 370 2890 476 τήν
2919 404 3178 476 ἔνθεσμον
3206 405 3419 477 ἐκείνην
3452 405 3663 476 διαμεῖο

336 553 349 559 _
401 487 630 555 ordine,
686 488 1028 560 impossibile
1076 497 1163 547 est
1202 489 1349 561 piam
1395 490 1544 546 illam
1601 505 1667 547 ac
1726 499 1976 547 sanctam

398 578 570 636 vitam
622 593 944 651 permanere
976 581 1116 635 citra
1160 579 1427 652 Spiritum
1463 595 1479 633 :
1520 581 1693 638 nihilo
1730 581 1978 652 profecto

400 671 576 742 magis
632 685 800 741 quam
859 671 1135 727 exercitus
1192 671 1250 726 in
1302 679 1454 728 recto
1515 672 1708 728 ordine
1754 687 1978 729 manere

398 770 578 835 putest
631 764 859 820 absente
885 763 1047 831 duce,
1097 770 1193 819 aut
1246 764 1451 820 chorus
1494 764 1550 819 in
1585 765 1974 831 consonantia,

396 853 504 910 nisi
564 853 723 909 chori
782 854 1076 925 praefectus
1111 861 1376 927 temperet
1432 855 1797 912 harmoniam.
1870 856 1977 923 Qui

397 952 625 1015 possent
692 943 879 1002 dicere
938 947 1237 1019 seraphim,
1273 946 1530 1014 Sanctus,
1579 957 1816 1017 sanctus,
1849 966 1978 1005 san-

397 1038 601 1106 ctus”,
662 1037 772 1093 nisi
832 1038 980 1094 docti
1031 1054 1130 1111 per
1199 1036 1499 1111 Spiritum,
1556 1041 1773 1112 quoties
1830 1041 1977 1110 pium

394 1127 566 1184 fuerit
627 1128 795 1200 hujus
848 1129 1265 1202 glorificationis
1323 1134 1494 1188 verba
1550 1134 1796 1191 canere?
1852 1133 1979 1192 Sive

394 1218 566 1288 igitur
601 1217 832 1274 laudant
872 1219 1042 1276 Deum
1088 1235 1282 1279 omnes
1320 1222 1499 1293 angeli
1543 1223 1664 1294 ejus
1692 1239 1757 1280 ac
1785 1238 1978 1280 omnes

393 1306 628 1364 virtutes
658 1308 808 1379 ejus,
849 1307 911 1364 fit
954 1308 1192 1380 Spiritus
1237 1325 1361 1382 ope.
1409 1309 1535 1369 Sive
1567 1321 1750 1371 astant
1780 1314 1978 1370 millies

396 1395 548 1451 mille
584 1397 790 1468 angeli,
839 1412 906 1456 ac
950 1398 1163 1455 centies
1205 1407 1425 1455 centum
1463 1401 1632 1456 millia
1663 1402 1980 1458 ministran-

395 1486 536 1541 tium
569 1525 585 1552 ,
642 1486 879 1544 cilicium
939 1505 1102 1545 suum
1165 1491 1306 1546 citra
1373 1491 1855 1562 reprehensionem
1920 1491 1978 1547 in

393 1576 599 1633 virtute
629 1575 867 1649 Spiritus
904 1579 1217 1650 perficiunt.
1259 1579 1449 1651 Itaque
1497 1589 1609 1637 tota
1651 1582 1745 1636 illa
1782 1596 1977 1652 super-

398 1669 643 1728 caalestis
702 1678 758 1728 et
804 1671 1099 1730 ineﬂ'abilis
1142 1673 1470 1740 harmonia,
1524 1681 1642 1729 tum
1708 1674 1766 1730 in
1827 1673 1978 1728 cultu

2085 513 2173 551 ναι
2189 495 2335 568 ζωὴν
2351 496 2478 551 ἄνευ
2497 496 2592 549 τοῦ
2610 494 2955 567 Πνεύματος·
2986 496 3047 549 οὐ
3073 496 3270 568 μᾶλλόν
3295 497 3408 568 γεῆ
3443 514 3662 569 στρατο-

2085 590 2244 644 πέδου
2269 590 2368 661 τὴν
2389 589 2659 656 εὐταξίαν,
2684 587 2774 643 τοῦ
2799 588 3093 660 ταξιάρχου
3119 589 3195 660 μὴ
3221 589 3492 661 παρόντος
3515 589 3659 660 (1ῧ)⁶

2084 680 2118 752 ἢ
2149 680 2311 752 χοροῦ
2344 680 2442 752 τὴν
2470 679 2806 751 συμφωνίαν,
2835 681 2931 734 τοῦ
2960 680 3257 753 κορυφαίου
3292 679 3367 751 μὴ
3397 679 3666 750 συναρμό-

2085 771 2289 837 ζοντος.
2333 771 2460 836 Πῶς
2498 770 2613 845 [ἂν]
2646 773 2774 844 εἴπῃ
2811 771 2882 826 τὰ
2922 774 3184 845 σεραφὶμ,
3222 772 3444 842 Ἄγιος,
3475 771 3660 841 ἅγιος,

2085 868 2269 939 ἅγιος,
2303 867 2377 939 μὴ
2397 865 2712 937 διδαχθέντα
2742 866 2892 939 παρὰ
2930 865 3027 920 τοῦ
3058 864 3401 936 Πνεύματος,
3434 863 3665 927 ποσάκις

2085 961 2235 1014 ἐστὶν
2272 957 2492 1022 εὐσεϐὲς
2548 957 2647 1029 τὴν
2696 956 3001 1026 δοξολογίαν
3057 956 3261 1027 ταύτην
3316 956 3662 1024 ἀναφωνεῖν;

2085 1050 2213 1104 Εἴτε
2232 1047 2326 1104 οὖν
2357 1047 2566 1104 αἰνοῦσι
2592 1046 2686 1101 τὸν
2718 1047 2850 1101 Θεὸν
2879 1048 3081 1111 πάντες
3109 1049 3160 1101 oi
3203 1044 3424 1115 ἄγγελοι
3467 1043 3659 1109 αὐτοῦ,

2085 1141 2180 1196 καὶ
2212 1137 2451 1194 αἰνοῦσιν
2487 1136 2650 1191 αὐτὸν
2673 1138 2843 1190 πᾶσαι
2870 1138 2925 1191 at
2956 1137 3213 1208 δυνάμεις
3235 1135 3399 1190 αὐτοῦ
3417 1174 3433 1201 ,
3454 1134 3542 1189 διὰ
3563 1137 3666 1206 τῆς

2083 1231 2177 1286 τοῦ
2214 1230 2529 1303 Πνεῦματος
2574 1229 2897 1301 συνεργείας
2931 1227 3081 1301 (17)·
3125 1228 3237 1282 εἴτε
3284 1229 3665 1300 παρεστήκασι

2084 1324 2251 1396 χίλιαι
2283 1321 2520 1395 χιλιάδες
2552 1319 2821 1389 ἀγγέλων,
2854 1321 2948 1376 καὶ
2995 1319 3190 1396 μύριαι
3238 1318 3497 1392 μυριάδες
3541 1319 3661 1371 λει-

2084 1413 2457 1486 τουργούντων
2489 1409 2634 1481 (18),
2683 1411 2742 1465 ὲν
2769 1413 2836 1483 τῇ
2866 1410 3090 1481 δυνάμει
3125 1407 3219 1462 τοῦ
3254 1406 3571 1480 Πνεύματος
3599 1407 3666 1460 τὸ

2083 1507 2282 1559 οἰκεῖον
2326 1504 2487 1576 ἔργον
2531 1503 2778 1577 ἀμώμως
2826 1498 3152 1555 ἐπιτελοῦσι.
3213 1500 3402 1554 Πᾶσαν
3435 1494 3527 1552 οὖν
3557 1497 3662 1567 τὴν

2086 1597 2474 1670 ὐπερουράνιον
2512 1596 2729 1666 εκείνην
2774 1592 2868 1647 καὶ
2892 1591 3131 1664 ἄρρητον
3167 1588 3453 1661 ἁρμονίαν,
3500 1585 3556 1639 ἐν
3595 1602 3660 1638 τε

2083 1687 2151 1758 τῇ
2189 1685 2500 1760 λειτουργίᾳ
2533 1685 2670 1742 Θεοῦ
2707 1683 2803 1739 καὶ⁹
2826 1685 2892 1754 τῇ
2926 1681 3062 1754 πρὸς
3094 1679 3331 1751 ἀλλήλας
3361 1677 3467 1731 τῶν
3492 1678 3664 1747 ὑπερ·

392 1758 532 1825 Dei,
586 1766 705 1815 tum
782 1761 840 1817 in
897 1762 1476 1839 ultramundauarum‘
1515 1764 1778 1819 virtutum
1819 1763 1967 1833 .inter

2078 1778 2316 1850 κοσμίων
2355 1758 2633 1849 δυνάμεων
2666 1772 2975 1847 συμφωνίᾳ,
3021 1771 3281 1826 ἀδύνατον
3325 1769 3665 1840 φυλαχθῆναι

392 1849 544 1920 ipsas
569 1851 931 1906 consonantia
974 1867 1322 1924 nequaquam
1365 1852 1575 1909 servari
1610 1859 1827 1924 posset,
1861 1852 1973 1907 nisi

393 1949 657 2013 praeesset
704 1941 963 2013 Spiritus.
997 1943 1091 2000 Sic
1132 1944 1301 2017 igitur
1330 1943 1387 1999 in
1417 1945 1697 2002 creatione
1724 1945 1815 2009 iis,
1858 1960 1981 2016 quae

394 2047 507 2088 non
584 2032 924 2104 proﬁciendo
1008 2035 1337 2106 perveniunt
1407 2034 1477 2091 ad
1540 2034 1933 2106 perfectionem
1960 2075 1976 2101 ,

396 2122 494 2180 sed
517 2124 587 2179 ab
617 2126 737 2197 ipsa
769 2126 1021 2198 protinus
1044 2127 1325 2183 creatione
1344 2125 1588 2198 perfecta
1615 2132 1786 2192 sunt,
1825 2124 1981 2182 adest

396 2212 638 2286 Spiritus
660 2227 915 2285 sanctus;
956 2218 1013 2273 in
1030 2219 1156 2283 hoc,
1194 2224 1252 2273 ut
1276 2217 1590 2289 perﬁciatur
1618 2216 1980 2287 compleatur-

394 2322 502 2377 que
548 2307 768 2364 illorum
824 2308 1170 2374 substantia,
1216 2308 1447 2380 gratiam
1471 2322 1628 2364 suam
1663 2305 1975 2363 conferens.

466 2395 557 2453 ’59.
621 2396 891 2453 Caeterum
962 2396 1403 2469 dispensationes
1477 2397 1627 2451 circa
1701 2396 1979 2451 hominem

395 2506 515 2561 quae
563 2488 723 2545 facta:
773 2495 905 2544 sunt
942 2504 973 2543 a
1021 2503 1219 2560 magno
1265 2488 1399 2555 Deo,
1440 2495 1496 2544 et
1551 2487 1840 2544 Servatore
1873 2502 1975 2543 no-

396 2588 515 2635 stro
539 2578 671 2635 Jesu
703 2578 925 2636 Christo
967 2580 1125 2649 juxta
1175 2579 1477 2637 bonitatem
1515 2579 1613 2636 Dei
1644 2620 1660 2646 ,
1715 2580 1841 2651 quis
1880 2595 1979 2636 ne-

393 2670 546 2741 gabit
591 2686 689 2742 per
737 2670 977 2742 Spiritus
1027 2671 1254 2743 gratiam
1291 2687 1414 2728 esse
1435 2671 1802 2743 adimpletas?
1852 2669 1978 2728 Sive

399 2763 541 2819 velis
589 2761 773 2834 prisca
822 2771 1095 2834 spectare,
1151 2761 1590 2832 patriarcharum
1638 2761 1976 2817 benedictio-

394 2869 528 2921 nes,
573 2853 839 2909 auxilium
890 2869 989 2924 per
1019 2853 1195 2926 legem
1241 2854 1450 2920 datum,
1485 2854 1706 2925 figuras,
1739 2856 1975 2927 praphe-

394 2948 526 3014 tias,
556 2944 771 3002 fortiter
812 2946 868 3000 in
913 2945 1074 3002 bellis
1101 2953 1275 3017 gesta,
1335 2947 1599 3001 miracula
1632 2962 1729 3018 per
1756 2955 1975 3004 sanctos

393 3037 543 3095 edita
576 3053 591 3091 :
623 3037 739 3092 sive
770 3051 892 3107 quae
934 3036 1083 3091 circa
1129 3035 1347 3091 Domini
1373 3038 1429 3092 in
1467 3052 1634 3092 carne
1680 3036 1975 3093 adventum

2082 1867 2180 1941 [εί]
2198 1868 2272 1941 μὴ
2290 1872 2355 1941 τῇ
2374 1868 2667 1940 ἐπιστασίᾳ
2690 1865 2785 1920 τοῦ
2809 1862 3145 1935 Πνεύματος.
3178 1860 3334 1914 Οὕτω
3363 1861 3459 1931 μὲν
3482 1853 3572 1912 οὗν
3601 1859 3665 1910 ἐν

2079 1958 2409 2030 δημιουργίᾳ
2437 1958 2670 2030 πάρεστι
2701 1954 2761 2010 τὸ
2794 1952 3019 2025 Πνεῦμα
3052 1951 3112 2005 τὸ
3143 1952 3297 2020 ἆγιον
3319 1953 3431 2013 τοῖς
3453 1950 3554 2002 οὐκ
3593 1949 3665 2000 ἐκ

2080 2045 2368 2116 προκοπῆς
2400 2043 2817 2115 τελειουμὲνοις,
2845 2042 2960 2096 ἀλλ’
2986 2042 3080 2095 ἀπ’
3106 2040 3275 2111 αὐτῆς
3303 2040 3402 2110 τῆς
3431 2037 3664 2101 κτίσεως

2079 2136 2243 2200 εὐθὺς
2269 2135 2514 2201 τελείοις,
2537 2138 2617 2201 εἰς
2641 2136 2731 2189 τὸν
2760 2133 3107 2205 ἀπαρτισμὸν
3139 2132 3236 2186 καὶ
3266 2131 3663 2202 συμπλήρωσιν

2076 2225 2178 2296 τῆς
2235 2225 2584 2292 ὑποστάσεως
2634 2224 2814 2279 αὐτῶν
2874 2224 2976 2295 τὴν
3043 2225 3175 2294 παρ’
3238 2220 3432 2275 ἑαυτοῦ
3500 2220 3663 2291 χάριν

2080 2317 2582 2389 συνεισφερόμενον.

2145 2407 2234 2465 59.
2272 2408 2383 2472 Τὰς
2421 2407 2480 2461 δὲ
2524 2405 2654 2479 περὶ
2696 2405 2788 2460 τὸν
2844 2402 3132 2477 ἄνθρωπον
3183 2399 3516 2470 οἰκονομίας.
3558 2395 3664 2463 τὰς

2081 2498 2188 2552 ὑπὸ
2232 2497 2327 2552 τοῦ
2364 2498 2601 2570 μεγάλου
2651 2493 2785 2549 Θεοῦ
2831 2494 2927 2549 καὶ
2974 2492 3228 2563 Σωτῆρος
3276 2488 3433 2560 ήμῶν
3481 2485 3664 2558 Ἰησοῦ

2081 2589 2320 2665 Χριστοῦ
2339 2591 2483 2646 κατὰ
2498 2591 2593 2662 τὴν
2611 2589 2922 2659 ἀγαθότητα
2948 2585 3042 2640 τοῦ
3058 2583 3192 2638 Θεοῦ
3216 2582 3327 2654 (19)
3341 2580 3661 2652 γενομένας.

2086 2683 2169 2748 τίς
2198 2684 2414 2755 ἀντερεῖ
2446 2683 2520 2755 μὴ
2546 2682 2668 2752 οὐχὶ
2705 2681 2792 2735 διὰ
2824 2680 2924 2750 τῆς
2957 2677 3052 2732 τοῦ
3093 2676 3408 2747 Πνεύματος
3436 2672 3664 2745 χάριτος

2078 2770 2518 2843 πεπληροῦσθαι;
2545 2771 2671 2825 Εἴτε
2710 2768 2889 2839 βούλει
2926 2767 2995 2821 τὰ
3027 2764 3234 2820 παλαιά
3272 2766 3524 2816 σκοπεῐνο
3557 2761 3663 2825 τὰς

2077 2863 2188 2918 τῶν
2235 2860 2594 2935 πατριαρχῶν
2641 2859 2909 2928 εὐλογίας,
2951 2858 3050 2930 τὴν
3090 2857 3154 2909 ὲκ
3193 2856 3290 2927 τῆς
3340 2851 3663 2926 νομοθεσίας

2075 2954 2364 3027 δεδομένην
2399 2952 2673 3026 βοήθειαν,
2718 2952 2844 3015 τοὺς
2886 2948 3111 3013 τύπους,
3155 2946 3257 3011 τὰς
3295 2945 3660 3018 προφητείας.

2076 3050 2148 3129 τὰ*
2170 3052 2228 3104 ὲν
2258 3049 2513 3120 πολέμοις
2547 3047 3036 3120 άνδραγαθήματα,
3068 3043 3139 3098 τὰ
3179 3043 3267 3097 διά
3294 3042 3402 3096 τῶν
3433 3040 3661 3095 δικαίων

392 3131 703 3204 dispensata
749 3138 877 3185 sunt
910 3147 923 3184 :
957 3144 1054 3201 per
1084 3126 1350 3199 Spiritum
1396 3136 1549 3201 gesta
1582 3137 1732 3186 sunt.
1789 3128 1967 3185 Primo

2078 3126 2306 3213 σημεῖα*
2362 3139 2473 3193 εἴτε
2525 3140 2595 3194 τὰ
2642 3139 2769 3211 περὶ
2822 3139 2921 3209 τὴν
2978 3136 3243 3207 ἕνσαρκον
3297 3132 3393 3188 τοῦ
3445 3132 3661 3203 Κυρίου

392 3224 540 3281 enim
583 3221 761 3276 adfuit
808 3221 911 3292 ipsi
967 3221 1122 3276 carni
1184 3218 1421 3285 Domini,
1469 3221 1600 3276 dum
1647 3220 1825 3277 factus
1868 3238 1970 3276 un-

393 3316 525 3382 ctio,
590 3322 646 3369 et
705 3311 1151 3384 inseparabiliter
1192 3311 1563 3383 conjunctus,
1619 3314 1766 3371 sicut
1828 3317 1968 3371 scri-

393 3414 546 3479 ptum
583 3415 667 3461 est
698 3421 712 3456 :
748 3403 916 3473 Super
953 3420 1108 3475 quem
1135 3404 1329 3459 videris
1367 3404 1633 3473 Spiritum
1659 3406 1971 3462 descenden-

395 3508 519 3562 tem,
555 3505 605 3552 et
654 3505 955 3553 manentem
1011 3513 1169 3568 super
1196 3513 1339 3561 eum,
1373 3496 1457 3550 hic
1507 3506 1586 3551 est
1615 3495 1792 3553 Filius
1823 3515 1967 3553 meus

391 3588 617 3644 dilectus
647 3588 728 3652 “;
784 3593 875 3656 et,
926 3584 1112 3642 Jesum
1166 3604 1202 3642 a
1257 3586 1555 3655 Nazaretlt,
1610 3604 1762 3659 quem
1815 3590 1969 3642 unxit

391 3679 534 3737 Deus
588 3680 793 3751 Spiritu
817 3690 1003 3735 sancto
1031 3681 1099 3734 °".
1143 3679 1410 3751 Deinceps
1456 3681 1637 3737 omnis
1663 3683 1808 3737 actio
1833 3697 1969 3752 prae-

392 3782 552 3832 sente
612 3772 820 3845 Spiritu
888 3773 1270 3845 peragebatur.
1325 3773 1424 3828 llic
1481 3788 1725 3844 praesens
1780 3773 1969 3829 aderat

389 3879 519 3921 cum
574 3872 630 3919 et
667 3878 699 3918 a
748 3863 968 3919 diabolo
1007 3870 1333 3920 tentaretur.
1376 3861 1646 3917 Deductus
1685 3871 1766 3917 est
1793 3863 1963 3927 enim,

390 3956 598 4028 inquit,
647 3954 808 4011 Iesus
848 3973 881 4010 a
933 3953 1138 4025 Spiritu
1190 3957 1246 4009 in
1286 3954 1549 4009 desertum
1581 3995 1597 4020 ,
1637 3964 1696 4008 ut
1737 3963 1968 4009 tentare-

392 4049 555 4104 tur“.
596 4046 734 4103 Tum
779 4046 963 4104 edenti
1022 4046 1289 4125 miracula
1327 4047 1601 4102 indivulse
1639 4046 1853 4101 aderat.
1904 4045 1966 4101 Si

388 4142 529 4195 enim
564 4155 678 4210 ego,
717 4139 921 4210 inquit,
963 4140 1016 4193 in
1058 4137 1265 4207 Spiritu
1296 4138 1396 4192 Dei
1436 4139 1589 4208 ejicio
1626 4136 1962 4193 daemonia".

386 4231 501 4289 Nec
536 4231 778 4289 deseruit
808 4232 1107 4286 excitatum
1152 4246 1183 4285 a
1224 4232 1475 4288 mortuis.
1520 4231 1784 4287 Dominus
1817 4231 1964 4285 enim

386 4338 660 4380 renovans
693 4322 802 4395 34
821 4323 1123 4386 hominem,
1161 4322 1323 4392 eique
1357 4323 1554 4378 iterum
1583 4320 1816 4376 reddens
1836 4335 1962 4391 gra-

384 4418 557 4483 tiam,
616 4431 780 4487 quam
843 4431 911 4471 ex
962 4413 1142 4469 afﬂatu
1183 4413 1280 4471 Dei
1334 4421 1613 4484 acceptam
1663 4414 1957 4479 amiserat,

2072 3233 2370 3305 παρουσίαν
2396 3230 2821 3302 οἰκονομηθέντα
2841 3246 2854 3259 ·
2887 3226 2976 3281 διὰ
2997 3227 3090 3280 τοῦ
3124 3224 3264 3280 Πνεύ
3274 3240 3463 3296 ματος.
3494 3222 3662 3294 Πρῶ-

2069 3338 2159 3376 τον
2205 3323 2306 3393 μὲν
2354 3321 2462 3393 γὰρ
2516 3322 2654 3392 αὐτῇ
2709 3323 2776 3391 τῇ
2825 3319 2989 3389 σαρκὶ
3047 3316 3143 3371 τοῦ
3195 3315 3404 3388 Κυρίου
3467 3314 3659 3387 συνῆν,

2072 3413 2282 3485 χρίσμα
2323 3413 2634 3484 γενόμενον,
2686 3413 2780 3465 καὶ
2831 3409 3152 3483 άχωρίστως
3195 3406 3369 3480 παρὸν
3415 3404 3556 3460 κατὰ
3596 3406 3665 3459 τὸ

2068 3505 2472 3578 γεγραμμένον·
2503 3506 2621 3574 Ἐφ’
2648 3504 2720 3558 ὃν
2746 3504 2823 3559 ἂν
2858 3503 2993 3572 Ζδῃς
3019 3502 3086 3555 τὸ
3109 3499 3347 3570 Πνεῦμα
3380 3493 3635 3553 καταϐαἷ
3653 3540 3665 3550 .

2069 3613 2198 3662 νον,
2251 3597 2351 3651 καὶ
2389 3597 2581 3668 μένον
2616 3597 2709 3652 ἐπ’
2760 3595 2969 3663 αὑτὸν,
3015 3589 3195 3661 οὗτός
3242 3593 3413 3647 ἐστιν
3445 3594 3478 3645 ό
3523 3593 3663 3658 Υἱός

2062 3692 2231 3758 μουό
2261 3689 2570 3759 ἀγαπητός
2592 3707 2607 3720 ο
2643 3690 2758 3758 καὶ,
2809 3689 3055 3759 Ἰησοῦν
3088 3687 3196 3755 τὸν
3229 3686 3347 3741 ἀπὸ
3368 3684 3661 3754 Ναζαρὲτ,

2068 3779 2140 3833 ὃν
2166 3778 2464 3849 ἔχρισεν-’ό
2494 3781 2639 3848 Θεὸς
2669 3782 2749 3848 τῷ
2783 3782 3084 3852 Πνεύματι
3111 3777 3193 3845 τῷ
3220 3780 3385 3850 ἁγίῳ.
3425 3779 3665 3832 Ἔπειτα

2068 3871 2216 3924 πᾶσα
2262 3872 2513 3944 ἐνέργεια
2562 3874 2944 3946 συμπαρόντος
2976 3872 3073 3927 τοῦ
3123 3871 3443 3943 Πνεύματος
3487 3874 3662 3945 ἐνηρ-

2066 3965 2232 4031 γείτο.
2284 3966 2455 4019 Τοῦτο
2514 3968 2607 4021 καὶ
2666 3968 2772 4022 ὐπὸ
2822 3968 2916 4022 τοῦ
2971 3967 3220 4021 διαϐόλου
3271 3968 3662 4041 πειραζομένῳ

2066 4055 2267 4125 παρῆν.
2315 4056 2574 4126 Ἀνήχθη
2615 4058 2744 4133 γὰρ,
2794 4060 2981 4130 φησὶν,
3015 4063 3048 4115 ό
3115 4061 3346 4130 Ἰησοῦς
3379 4061 3499 4116 ὑπὸ
3540 4062 3659 4118 τοῦ

2064 4145 2410 4213 Πνεύματος
2482 4152 2572 4216 εὶς
2621 4149 2737 4217 τὴν
2781 4149 3006 4219 ἔρημον
3068 4150 3175 4205 τοῦ
3233 4149 3657 4219 πειρασθῆναι.

2064 4234 2174 4288 Καὶ
2191 4236 2499 4307 ὲνεργοῦντι
2520 4241 2616 4305 τὰς
2631 4242 2887 4311 δυνάμεις
2905 4241 3227 4314 ἀχωρίστως
3252 4244 3415 4315 συνῆν
3432 4243 3564 4315 (20).
3580 4246 3663 4300 Ει

2061 4328 2172 4397 γὰρ
2211 4328 2362 4398 ἐγὼ,
2404 4333 2588 4404 φησὶν,
2619 4335 2689 4388 ἐν
2733 4334 3031 4403 Πνεύματι
3077 4334 3224 4389 Θεοῦ
3269 4335 3542 4391 ἐκϐάλλω
3576 4336 3662 4392 τὰ

2063 4417 2370 4489 δαιμόνια·
2421 4424 2515 4477 καὶ
2568 4427 2632 4478 ὲκ
2663 4425 2871 4496 νεκρῶν
2907 4424 3237 4489 ἀναστάντος
3283 4427 3383 4480 οὐκ
3428 4427 3664 4482 ἀπελεί-

386 4519 513 4561 οιιῐη
574 4504 898 4575 inspirasset
961 4503 1018 4557 in
1086 4502 1280 4558 faciem
1338 4502 1768 4573 discipulorum,
1829 4502 1961 4572 quid

2078 4522 2219 4561 πετο.
2278 4510 2665 4579 Ἀνακαινίζων
2718 4490 2825 4586 γάρ
2876 4514 2965 4568 τὸν
3008 4515 3292 4587 ἄνθρωπον
3341 4518 3370 4569 ὁ
3418 4519 3659 4589 Κύριος,

387 4595 508 4652 ait?
570 4594 799 4665 Accipite
862 4593 1124 4663 Spiritum
1179 4604 1440 4648 sanctum.
1520 4592 1961 4664 Quorumcunque

383 4688 696 4743 remiseritis
732 4698 948 4757 peccata
979 4727 994 4753 ,
1035 4688 1379 4742 remittuntur
1411 4702 1432 4749 ;
1493 4695 1545 4739 et
1602 4701 1961 4755 quorumcun-

381 4796 481 4851 que
530 4781 857 4836 minueritis
887 4819 903 4846 ,
944 4788 1151 4835 retenta
1185 4787 1309 4834 sunt
1335 4779 1403 4834 ⁷ο.
1443 4777 1562 4832 iam
1600 4793 1732 4834 vero
1771 4777 1959 4834 Eccle-

382 4871 480 4926 siae
518 4872 654 4927 ordo
710 4879 767 4928 et
832 4871 1161 4942 gubernatio
1228 4885 1411 4925 nonne
1478 4871 1659 4940 palam
1709 4877 1763 4925 et
1817 4869 1956 4925 citra

453 4985 498 5015 "
532 4984 631 5039 lsa.
674 4999 752 5051 vt,
789 4982 846 5040 ὅ.
922 4983 969 5016 ⁸⁸
1000 4981 1160 5039 Joan.
1196 4999 1237 5048 ι,
1276 4982 1367 5038 55.
1475 4983 1520 5013 ⁸⁷
1559 4981 1684 5038 Act.
1718 4964 1783 5050 Sx,
1823 4982 1914 5037 '58.

378 5052 481 5119 22,
520 5054 610 5109 25.

444 5204 561 5278 (16)
596 5206 695 5278 Μὴ
724 5208 1040 5276 παρόντος.
1072 5206 1192 5262 Duo
1218 5204 1380 5277 Regii
1417 5204 1634 5278 codices
1667 5220 1796 5278 cum,
1821 5203 1950 5260 Col-

376 5274 643 5357 ιδθέξε-’μῂ-
660 5274 1164 5357 παρέχοντοςίβεε.
1187 5274 1416 5357 quartus
1447 5276 1523 5357 μῇ
1536 5277 1945 5357 συμπαρόντος.

451 5345 569 5417 (17)
596 5345 969 5417 Συνεργειας.
1001 5345 1294 5403 Νοιίπιὲιιθ
1339 5348 1395 5401 in
1439 5345 1945 5417 ὀαίςὶεὲνεργείας.

380 5412 490 5472 Sed
518 5412 619 5487 sex
644 5412 895 5473 codicum
924 5412 1223 5473 auctoritas
1251 5415 1611 5487 praeferenda.

447 5486 561 5559 (_18)
589 5489 1121 5559 Λειτουργούντων.
1151 5486 1296 5559 Editi
1323 5486 1946 5559 dpxawélwvietmupf

376 5556 600 5627 γοῦντες
645 5556 812 5627 αὐτῷ.
842 5556 1089 5613 Codices
1122 5567 1182 5627 ut
1234 5557 1293 5613 in
1323 5556 1603 5620 contextu,
1651 5556 1756 5611 nisi
1799 5556 1945 5626 quod

376 5642 523 5700 unus
547 5626 706 5700 habet
730 5626 1099 5700 άρχαγγέλων.
1138 5626 1258 5682 Non
1289 5629 1459 5700 multo
1489 5635 1616 5700 post
1638 5626 1833 5700 iisdem
1858 5642 1946 5682 co-

373 5698 591 5755 dicibus
621 5697 745 5753 freti
772 5696 1107 5756 mutavimus
1129 5700 1274 5756 ouod
1296 5706 1414 5756 erat
1437 5696 1506 5753 in
1521 5696 1683 5755 editis
1707 5696 1945 5768 λειτουρ-

2065 4599 2160 4653 καὶ
2202 4601 2268 4671 ἥν
2324 4602 2575 4658 ἀπώλεσε
2626 4606 2786 4679 χάριν
2839 4608 2906 4659 ἐκ
2953 4605 3048 4660 τοῦ
3106 4608 3498 4681 ἐμφυσήματος
3549 4611 3661 4666 τοῦ

2062 4689 2233 4758 Θεοῦ,
2286 4694 2487 4766 ταύνιν
2541 4695 2702 4750 πάλιν
2757 4696 3059 4764 ἀποδιδοὺς,
3112 4700 3436 4770 ἐμφυσήσας
3485 4702 3566 4764 εἰς
3589 4702 3664 4756 τὸ

2066 4784 2350 4854 πρόσωπον
2381 4787 2491 4842 τῶν
2538 4789 2816 4861 μαθητῶν,
2849 4789 2901 4843 τί
2928 4808 3091 4862 φησι;
3137 4791 3359 4846 Λάϐετε
3398 4791 3663 4861 Πνεῦμα

2057 4871 2249 4942 ἅγιον.
2286 4879 2591 4933 "Ar-timor
2613 4879 2939 4951 (21)ἀςρῆτε
2966 4881 3074 4947 τὰς
3102 4882 3414 4951 ἁμαρτίας,
3440 4884 3665 4952 ἀφίεν-

2027 4982 2073 5018 ⁶⁸
2110 4986 2302 5044 Matth.
2342 5006 2413 5056 Iv,
2452 4992 2504 5045 1.
2583 4994 2626 5025 ⁶⁹
2667 4992 2857 5048 Matth.
2900 5010 2975 5048 xu
3002 5033 3017 5058 ,
3055 4993 3146 5049 28.
3239 4995 3286 5027 '°
3327 4993 3487 5048 Joan.
3535 5013 3606 5051 xx
3635 5040 3655 5061 ,

2051 5206 2716 5289 γίεεερὶδημεουεγίοεις-

2124 5275 2253 5353 (19)Δ
2273 5275 2582 5353 Θεοῦ.
2617 5280 2840 5353 Addunt
2864 5281 2995 5353 editi
3037 5282 3132 5335 καὶ
3164 5283 3397 5353 Πατρός,
3443 5290 3498 5338 et
3543 5281 3654 5342 οὖν

2051 5346 2426 5429 θηξθνβούλει,
2453 5357 2504 5429 et
2551 5352 2714 5429 paulo
2744 5360 2869 5423 post
2902 5352 3066 5429 iidem
3102 5346 3303 5407 habent
3337 5346 3653 5425 παρουσίαν

2050 5418 2429 5489 τοῦ-Χριστοῦ.
2456 5418 2686 5489 Codices
2718 5418 2852 5478 n'tss.
2885 5429 2946 5474 ut
2984 5423 3040 5475 in
3070 5429 3348 5477 contextu.

2122 5487 2236 5630 (20)
2261 5488 2488 5555 Συκῆν.
2527 5488 2619 5544 Sic
2663 5506 2797 5547 mss.
2827 5491 3091 5546 codices:
3143 5492 3271 5546 editi
3317 5494 3649 5565 συμπαρῆν,

2143 5557 2236 5627 2i)
2275 5561 2389 5613 "Ar
2431 5577 2627 5613 τινων.
2678 5560 2821 5614 Editi
2882 5562 2978 5614 ὲάν
3024 5578 3210 5625 τινων,
3246 5563 3410 5630 idque
3450 5568 3649 5622 statim

2143 5557 2236 5627 2i)
2275 5561 2389 5613 "Ar
2431 5577 2627 5613 τινων.
2678 5560 2821 5614 Editi
2882 5562 2978 5614 ὲάν
3024 5578 3210 5625 τινων,
3246 5557 3410 5631 idque
3450 5557 3650 5622 statim

2051 5638 2411 5707 repcttint,_et
2434 5632 2595 5707 paulo
2620 5641 2743 5700 post
2768 5633 2974 5707 habent
3001 5632 3057 5683 ai
3080 5631 3651 5707 διακοσμήσας-ἐνερ-

2051 5700 2292 5769 γοῦντας.
2329 5701 2513 5757 Srcuti
2561 5718 2751 5758 sumus
2788 5703 2845 5757 in
2897 5709 3155 5757 contextu
3203 5700 3346 5760 mss.
3390 5700 3649 5763 codices.
