3900 6212
190 290 290 344 Ml

1257 293 1462 348 LIBER
1497 293 1586 348 DE
1627 293 1898 350 SPIRITU
1939 296 2226 357 SANCTO.

3337 310 3439 366 Mi

187 419 288 455 ται
303 419 318 432 ο
346 403 446 456 καὶ
464 403 543 456 ἄν
560 420 737 456 τινων
758 402 1032 472 κρατῆτε,
1055 405 1464 474 κεκράτηνται.
1501 407 1565 460 Ἦ
1585 406 1642 460 δὲ
1674 407 1767 478 τῆς

1873 409 2363 468 contradictionem
2441 430 2535 484 per
2590 416 2854 488 Spiritum
2923 431 3173 477 sanctum
3225 439 3441 494 peragi-

201 494 536 565 Ἐκκλησίας
563 495 917 567 διακόσμησις
957 497 1075 566 οὐχὶ
1103 496 1291 566 σαφῶς
1326 498 1422 552 καὶ
1449 499 1774 570 ἀναντιρρή-

188 603 298 650 τως
351 587 443 640 διὰ
490 587 585 639 τοῦ
647 588 960 658 Πνεῦματος
1013 590 1348 660 ὲνεργεῖται;
1420 592 1613 658 Αὐτὸς
1661 591 1771 663 γὰρ

187 673 400 739 ἔδωκε,
443 676 599 747 φησὶ,
629 675 707 744 τῇ
746 678 1079 745 Ἐκκλησία
1102 677 1338 746 πρῶτον
1363 680 1768 748 ἀποστόλους,

186 763 477 833 δεύτερον
511 766 843 834 προφήτας,
869 771 1068 837 τρίτον
1103 769 1530 838 διδασκάλους,
1570 773 1773 827 ἔπειτα

185 853 502 925 δυνάμεις,
551 857 756 911 ἔπειτα
802 860 1140 927 χαρίσματα
1184 860 1441 932 ἰαμάτων
1465 903 1480 927 ,
1525 864 1772 933 ἀντιλή-

183 949 348 1017 ψεις,
386 948 801 1018 κυϐερνήσεις,
835 950 978 1019 γένη
1032 952 1330 1020 γλωσσῶν
1352 992 1367 1006 ο
1413 939 1562 1027 Αὕτη
1605 955 1710 1026 γὰρ
1738 959 1772 1028 ἡ

182 1037 344 1103 τάξις
375 1040 522 1094 κατά
546 1041 645 1112 τὴν
671 1041 932 1112 διαίρεσιν
958 1042 1067 1097 τῶν
1098 1046 1162 1097 ὲκ
1187 1044 1278 1098 τοῦ
1319 1045 1458 1099 Πνεὺ
1468 1064 1638 1117 ματος
1669 1048 1771 1102 δω-

184 1130 329 1199 ρεῶν
360 1132 736 1185 διατέτακται.

256 1242 347 1296 ιο.
388 1243 555 1315 Εὖροι
586 1245 642 1298 δὲ
673 1245 739 1298 ἄν
765 1263 868 1309 τις,
897 1246 1138 1318 ἀκριϐῶς
1159 1247 1530 1320 λογιζόμενος,
1567 1252 1660 1306 καὶ
1683 1255 1774 1306 ἐπὶ

181 1334 279 1386 τοῦ
302 1334 502 1404 καιροῦ
529 1335 632 1404 τῆς
652 1337 1106 1407 προσδοκωμένης
1130 1339 1452 1408 ἐπιφανείας
1483 1343 1579 1413 τῆς
1599 1343 1661 1408 ἐξ
1685 1345 1774 1397 οὐ-

184 1425 370 1496 ρανῶν
400 1425 497 1478 τοῦ
527 1428 734 1497 Κυρίου
759 1427 833 1498 μὴ
860 1428 1146 1492 ἀσυντελὲς
1177 1431 1238 1483 τὸ
1270 1431 1498 1502 Πνεῦμα
1514 1433 1576 1485 τὸ
1597 1433 1770 1503 ἅγιον,

180 1518 258 1581 ῶς
287 1535 435 1580 τινες
458 1517 661 1570 οἴονται
682 1535 694 1547 ·
725 1518 860 1571 ἀλλά
899 1521 1276 1591 συμπαρέσται
1319 1523 1429 1594 (22)
1482 1526 1576 1578 καὶ
1617 1527 1676 1579 ὲν
1703 1531 1770 1601 τῇ

181 1607 371 1678 ἡμέρᾳ
387 1607 488 1676 τῆς
520 1606 917 1677 ἀποκαλύψεως
940 1609 1126 1673 αὐτοῦ,
1147 1611 1269 1664 καθ’
1298 1613 1363 1684 ἢν
1385 1618 1561 1684 κρινεῖ
1575 1616 1672 1688 τὴν
1692 1620 1772 1670 οἰ-

178 1699 462 1769 κουμένην
509 1700 569 1751 ἐν
606 1698 925 1773 δικαιοσύνῃ
962 1701 991 1752 ὁ
1034 1701 1304 1773 μακάριος
1347 1705 1441 1757 καὶ
1475 1705 1636 1776 μόνος
1677 1707 1770 1761 δυ-

178 1791 410 1862 νάστης.
455 1793 555 1857 Τίς
589 1794 700 1866 γὰρ
737 1794 910 1858 οὕτως
947 1797 1178 1868 ἀνήκοος
1208 1797 1319 1852 τῶν
1349 1801 1772 1871 ἡτοιμασμένων

176 1884 334 1958 παρὰ
364 1885 505 1938 Θεοῦ
536 1887 758 1954 ἀγαθῶν
801 1891 912 1952 τοῖς
953 1888 1145 1953 ἀξίοις,
1173 1890 1250 1954 ὡς
1278 1892 1514 1959 ἀγνοεῖν,
1555 1894 1637 1946 ὅτι
1675 1895 1770 1948 καὶ

172 1974 286 2028 τῶν
306 1975 538 2029 δικαίων
564 1979 595 2030 ὁ
627 1976 891 2046 στέφανος
918 1977 1065 2050 ἡτοῦ
1099 1979 1414 2051 Πνεύματός
1451 1985 1567 2035 ἐστι
1586 1985 1766 2055 χάρις,

171 2065 555 2136 δαψιλεστέρα
598 2068 721 2122 τότε
757 2069 851 2122 καὶ
893 2071 1198 2143 τελειοτέρα
1224 2073 1594 2144 παρεχομένη,
1629 2075 1770 2129 κατά

172 2156 274 2226 τὴν
296 2157 597 2226 ἀναλογίαν
616 2157 726 2211 τῶν
747 2159 1253 2232 ἀνδραγαθημάτων
1278 2163 1378 2232 τῆς
1395 2165 1770 2235 πνευματικῆς

173 2247 336 2318 δόξης
372 2249 773 2321 διανεμομένης
811 2251 1063 2322 extio-sq);
1122 2253 1209 2306 Ἐν
1242 2253 1349 2326 γὰρ
1373 2259 1496 2320 ταῖς
1528 2258 1770 2332 λαμπρὸ-

175 2357 307 2411 τησι
341 2342 456 2394 τῶν
487 2342 660 2410 ἁγίων
693 2345 850 2413 μοναὶ
881 2345 1074 2398 πολλαὶ
1095 2345 1246 2417 παρὰ
1267 2346 1343 2418 τῷ
1373 2349 1547 2420 Πατρί
1567 2367 1580 2381 ⁸
1612 2369 1768 2406 τουτ-

174 2431 348 2495 έστιν,
377 2433 710 2504 ἀξιωμάτων
741 2435 1014 2508 διαφοραί.
1058 2437 1153 2503 Ὡς
1171 2439 1280 2508 γὰρ
1299 2441 1494 2510 ἀστὴρ
1516 2444 1770 2512 ἀστέρος

173 2522 451 2592 διαφέρει
513 2526 583 2578 ἐν
612 2525 783 2595 δόξῃ,
825 2527 979 2580 οὕτω
1012 2525 1113 2580 καί
1161 2530 1200 2596 ἠ
1265 2529 1600 2598 ἀνάστασις
1650 2533 1770 2588 τῶν

173 2613 433 2682 νεκρῶν.
467 2617 533 2669 Oi
561 2617 741 2670 τοίνυν
806 2619 1232 2689 σφραγισθέντες
1270 2622 1349 2693 τῷ
1380 2624 1658 2696 Πνεῦματι
1691 2629 1768 2699 τῷ

175 2705 321 2775 ἁγίῳ
347 2709 432 2769 εἰς
459 2707 676 2779 ἡμέραν
705 2709 1151 2781 ἀπολυτρώσεως,
1174 2713 1269 2765 καὶ
1297 2715 1363 2783 ἣν
1389 2715 1579 2772 ἔλαϐον
1598 2720 1771 2792 ἀπαρ-

171 2798 277 2867 χὴν
304 2797 406 2850 τοῦ
439 2799 760 2870 Πνεύματος
793 2801 904 2870 (25)
933 2801 1189 2872 ἀκέραιον
1214 2805 1308 2856 καὶ
1350 2806 1621 2876 ἀμείωτον
1649 2811 1767 2864 δια-

175 2888 482 2953 σώσαντες,
500 2886 643 2946 οὗτοί
659 2893 794 2945 εἰσιν
814 2895 862 2946 oi
887 2892 1209 2957 ἀκούσοντες
1224 2911 1238 2924 ο
1262 2893 1370 2960 Εὖ,
1389 2898 1570 2955 δοῦλε
1587 2903 1770 2972 ἀγαθὲ

171 2979 272 3032 καὶ
330 2981 540 3045 πιστὲ,
573 2981 674 3035 ἐπὶ
727 2983 903 3052 ὀλίγα
925 2979 1000 3052 ἧς
1021 2984 1258 3051 πιστὸς,
1289 2987 1389 3040 ἐπὶ
1423 2993 1671 3047 πολλῶν
1694 3010 1769 3050 σε

170 3071 568 3136 καταστήσω.
606 3071 838 3143 Ὁμοίως
853 3073 908 3127 δὲ
930 3076 1086 3129 καὶοὶ
1111 3075 1251 3149 λυπή
1261 3095 1449 3144 σαντες
1471 3083 1532 3134 τὸ
1545 3085 1768 3156 Πνεῦμα

168 3163 233 3216 τὸ
263 3163 428 3232 ἅγιον
453 3165 521 3233 τῇ
550 3164 786 3236 πονηρίᾳ
812 3165 920 3218 τῶν
956 3168 1402 3240 ἐπιτηδευμάτων
1424 3171 1625 3232 αὐτῶν,
1654 3171 1686 3242 ἢ
1716 3173 1764 3224 oi

172 3255 252 3326 μὴ
320 3257 768 3326 ὲπεργασάμενοι
826 3257 905 3329 τῷ
952 3257 1193 3325 δοθέντι,
1245 3262 1703 3333 ἀφαιρεθήσονται
1739 3262 1768 3316 ὃ

169 3346 494 3418 εἰλήφασιν,
529 3348 610 3410 εἰς
658 3348 880 3420 ἐτέρους
916 3351 1348 3424 μετατιθεμένης
1372 3354 1471 3424 τῆς
1508 3354 1728 3426 χάριτος
1749 3371 1764 3385 ο

169 3437 231 3508 ἦ,
270 3435 423 3489 κατά
469 3453 590 3489 τινα
630 3437 738 3491 τῶν
783 3439 1209 3508 εὐαγγελιστῶν,
1258 3442 1354 3495 καὶ
1411 3441 1768 3514 διχοτομηθή-

171 3542 370 3579 σονται
425 3527 736 3590 παντελῶς·
787 3528 886 3600 τῆς
930 3531 1240 3602 διχοτομίας
1291 3535 1587 3605 νοουμένης
1629 3534 1770 3589 κατὰ

168 3616 278 3688 τὴν
303 3618 390 3680 εἰς
419 3617 482 3670 τὸ
499 3619 760 3684 παντελὲς
788 3620 895 3673 ἀπὸ
921 3620 1018 3674 τοῦ
1051 3623 1368 3696 Πνεῦματος
1391 3625 1764 3697 ἀλλοτρίωσιν.

172 3707 321 3762 Οὔτε
351 3708 464 3778 γὰρ
487 3708 647 3778 σῶμα
680 3710 988 3782 διαιρεῖται,
1043 3713 1117 3778 ὡς
1149 3714 1210 3767 τὸ
1249 3716 1345 3786 μὲν
1379 3717 1769 3788 παραδίδοσθαι

171 3802 248 3872 τῇ
276 3799 520 3865 κολάσει,
551 3801 613 3853 τὸ
665 3801 722 3855 δὲ
761 3803 1015 3874 ἀφίεσθαι
1044 3821 1058 3836 ·
1096 3805 1326 3876 μυθικὸν
1353 3809 1462 3880 γὰρ
1489 3807 1646 3861 τοῦτό
1678 3826 1763 3878 γε,

172 3892 280 3944 καὶ
326 3891 392 3943 οὐ
446 3890 586 3944 κατά
613 3891 822 3946 δίκαιον
856 3894 1068 3965 κριτὴν,
1102 3895 1224 3949 ὅλου
1266 3899 1668 3970 ἡμαρτηκότος,
1708 3903 1767 3968 ἐξ

172 3979 444 4053 ἡμισείας
483 3978 621 4036 εἶναι.
659 3984 759 4053 τὴν
800 3984 1019 4039 κόλασιν
1041 4004 1054 4016 ο
1097 3985 1221 4041 οὗτε
1250 3988 1396 4060 ψυχὴ
1421 3990 1544 4061 διχῆ
1571 3991 1765 4063 τέμνε-

173 4093 275 4130 ται
312 4075 430 4146 (24)
449 4117 465 4141 ,
495 4077 590 4148 ὅλη
615 4077 681 4130 δι’
711 4077 833 4131 ὅλου
857 4079 918 4132 τὸ
948 4079 1270 4153 ἁμαρτωλὸν
1297 4083 1551 4154 φρόνημα
1571 4101 1767 4157 κεκτη-

180 4167 351 4238 μένη,
383 4168 478 4220 καὶ
529 4169 1079 4242 συγχατεργαζομένη
1129 4167 1210 4242 τῷ
1246 4172 1458 4244 σώματι
1485 4175 1546 4228 τὺ
1574 4177 1763 4231 κακόν.

189 4257 363 4311 Ἀλλὰ
387 4259 684 4330 διχοτομία,
707 4259 895 4332 ῶσπερ
925 4261 1082 4333 ἔφην,
1117 4265 1151 4335 ή
1181 4265 1289 4318 ἀπὸ
1316 4265 1408 4318 τοῦ
1442 4267 1765 4338 Πνεῦματος

177 4351 261 4412 είς
289 4348 357 4402 τὸ
383 4349 627 4421 διηνεκὲς
654 4352 753 4422 τῆς
777 4351 956 4422 ψυχῆς
984 4353 1349 4426 ἀλλοτρίωσις.
1375 4356 1490 4409 Νῦν
1508 4357 1607 4427 μὲν
1634 4358 1766 4430 γὰρ,

179 4442 231 4493 εί
251 4439 353 4492 καὶ
376 4439 451 4511 μὴ
481 4441 848 4509 ἀνακέκραται
869 4444 984 4507 τοῖς
1015 4442 1274 4510 ἀναξίοις,
1299 4444 1414 4497 ἀλλ’
1448 4441 1540 4498 οὖν
1574 4451 1767 4518 παρεῖ-

1800 1844 1843 1898 Β

1873 503 2008 556 tur?
2054 501 2176 572 Ipse
2213 507 2386 568 enim,
2430 509 2645 578 inquit,
2699 511 2845 566 dedit
2903 513 3155 570 Ecclesia:
3209 519 3438 586 primunt

1873 598 2140 666 apostolos
2165 638 2180 661 ,
2221 599 2408 654 deinde
2456 605 2772 674 prop/tetas,
2835 611 2986 664 tertio
3038 611 3330 667 doctores:
3373 611 3442 667 ad

1871 688 1980 742 lucc
2018 691 2254 756 virtutes,
2294 702 2548 763 prazterea
2586 697 2726 752 dona
2769 702 3131 767 sanationum,
3179 703 3439 767 subsidia,

1871 779 2319 850 gubernatioues,
2412 804 2604 856 genera
2673 792 3069 862 linguarum".
3139 796 3239 850 Hic
3294 800 3441 852 enim

1874 871 2008 926 ordo
2042 872 2198 941 juxta
2241 875 2683 934 distributionem
2732 883 2999 938 donorum
3067 885 3306 957 Spiritus
3360 891 3442 943 di-

1874 971 2058 1034 gestus
2083 973 2170 1022 est

1942 1243 2034 1298 40.
2067 1243 2233 1310 Quin,
2272 1246 2318 1299 si
2353 1247 2476 1316 quis
2515 1250 2830 1306 accuratius
2859 1253 3193 1322 perpendat,
3225 1270 3444 1327 compe-

1873 1335 1995 1395 riet.
2037 1352 2105 1390 ne
2142 1337 2205 1390 in
2261 1345 2504 1406 tempore
2539 1340 2760 1409 quidem
2822 1343 2937 1407 illo,
2992 1360 3100 1414 quo
3129 1359 3444 1417 eXSpectata

1871 1426 2087 1482 Domini
2142 1430 2411 1499 apparitio
2449 1431 2538 1487 lict
2562 1433 2629 1488 de
2669 1435 2844 1500 coelo,
2891 1436 3129 1492 otiosum
3169 1439 3286 1497 fore
3329 1441 3447 1513 Spi-

1872 1517 2037 1572 ritum
2085 1531 2336 1576 sanctum
2372 1563 2387 1584 ,
2429 1531 2488 1577 ut
2517 1525 2739 1595 quidam
2799 1529 3135 1586 arbitrantur
3177 1549 3190 1584 :
3234 1535 3328 1589 sed
3376 1536 3446 1590 si-

1871 1609 1987 1663 mul
2037 1610 2215 1665 aderit
2257 1613 2314 1667 in
2369 1614 2466 1667 illo
2514 1616 2677 1669 etiam
2720 1617 2808 1672 die
2862 1620 3212 1678 revelationis
3251 1624 3398 1681 illius
3426 1665 3441 1690 ,

1874 1716 1982 1770 quo
2033 1702 2382 1771 judicaturus
2429 1713 2514 1761 est
2567 1708 2754 1763 orbem
2808 1717 3083 1768 terrarum
3135 1715 3190 1769 in
3228 1717 3442 1786 justitia

1873 1793 1964 1847 ille
2001 1793 2192 1851 beatus
2222 1804 2278 1850 et
2300 1799 2450 1852 solus
2493 1811 2707 1868 potens.
2777 1801 2911 1868 Quis
2942 1805 3086 1859 enim
3131 1807 3267 1862 adeo
3297 1810 3444 1881 igna-

1871 1897 1967 1936 rus
2010 1891 2095 1938 est
2144 1885 2412 1940 bonorum
2439 1931 2453 1954 ,
2514 1904 2635 1958 quae
2682 1889 2824 1948 Deus
2868 1898 3195 1968 praeparavit
3236 1900 3440 1970 dignis,

1871 1980 1930 2026 ut
1951 1973 2160 2029 nesciat
2178 1974 2453 2044 jnstorum
2477 1993 2738 2035 coronam
2763 1997 2886 2038 esse
2917 1983 3156 2053 Spiritus
3186 1991 3442 2058 gratiam,

1868 2079 1990 2132 quae
2030 2065 2236 2134 largius
2280 2077 2410 2121 tunc
2441 2069 2848 2143 perfectiusque
2891 2076 3142 2142 dabitur,
3173 2079 3444 2148 spirituali

1868 2154 2042 2223 g10ria
2070 2156 2267 2226 cuique
2296 2173 2397 2228 pro
2419 2169 2565 2215 recte
2602 2163 2772 2232 gestis
2799 2165 3091 2220 distributa
3119 2187 3134 2221 :
3169 2167 3228 2224 In
3255 2171 3442 2240 splen-

1867 2243 2094 2300 doribus
2145 2247 2291 2300 enim
2344 2258 2658 2306 sanctorum
2712 2257 3026 2314 mansiones
3077 2261 3261 2314 multae
3315 2269 3447 2318 sunt

1868 2335 2012 2403 apud
2037 2335 2310 2394 Patrem"
2330 2381 2344 2406 ,
2365 2341 2468 2396 hoc
2495 2350 2600 2409 est,
2620 2344 2899 2415 dignitatis
2919 2349 3258 2407 discrimina.
3295 2352 3443 2408 Sicut

1868 2427 2007 2480 enim
2031 2429 2188 2482 stella
2219 2447 2252 2484 a
2291 2433 2444 2487 stella
2473 2433 2650 2504 differt
2684 2438 2738 2490 in
2783 2439 3055 2508 claritate,
3085 2443 3161 2496 ita
3189 2456 3237 2497 ct
3267 2462 3444 2499 resur-

1867 2519 2032 2573 rectio
2087 2526 2510 2583 mortuorum".
2567 2526 2757 2599 Itaque
2807 2533 2900 2600 qui
2951 2536 3256 2606 consignati
3316 2547 3446 2594 sunt

1871 2607 2078 2678 Spiritu
2112 2623 2305 2669 sancto
2326 2616 2383 2669 in
2415 2615 2560 2672 diem
2587 2622 3000 2692 redemptionis,
3035 2629 3238 2697 quique
3267 2629 3444 2699 Spiri-

1868 2707 1957 2754 tus
1987 2702 2276 2770 primitias,
2300 2722 2437 2774 quas
2458 2723 2738 2779 accepere,
2769 2728 2937 2782 puras
2961 2724 3015 2768 et
3041 2717 3284 2789 integras
3319 2738 3442 2776 scr-

1867 2794 2141 2859 vaverint,
2176 2795 2214 2850 ii
2247 2810 2374 2853 sunt
2401 2802 2496 2870 qui
2527 2804 2751 2858 audient
2779 2823 2792 2859 :
2835 2805 2999 2878 Euge,
3033 2826 3177 2865 serve
3221 2815 3350 2867 bone
3391 2825 3444 2870 et

1869 2885 2045 2954 ﬁdelis
2071 2928 2086 2952 ,
2131 2906 2288 2958 super
2319 2910 2494 2962 pauca
2525 2896 2682 2964 [uisli
2724 2899 2898 2967 fidelis
2923 2941 2938 2966 ,
2987 2918 3144 2970 super
3188 2907 3360 2960 multa
3395 2919 3445 2964 te

1869 2981 2189 3034 constituam
2221 2986 2285 3036 τι.
2319 2983 2584 3042 Similiter
2615 2998 2669 3044 et
2703 2993 2796 3061 qui
2827 2996 3277 3053 coutristaverint
3319 2999 3444 3072 Spi-

1868 3073 2035 3126 ritum
2079 3082 2327 3130 sanctum
2377 3080 2644 3149 pravitate
2685 3085 2992 3142 studiorum
3041 3106 3266 3147 suorum
3292 3135 3309 3161 ,
3349 3104 3446 3150 aut

1794 3203 1836 3260 c
1868 3163 1961 3232 qui
1991 3180 2099 3219 non
2125 3164 2353 3222 fecerint
2384 3171 2596 3226 lui-rum
2625 3190 2655 3229 e
2687 3184 2835 3232 sorte
2858 3177 3004 3245 data,
3033 3183 3104 3237 ab
3135 3185 3203 3240 iis
3230 3186 3445 3245 aufere-

1869 3262 1958 3308 tur
1981 3256 2034 3311 id
2062 3257 2209 3328 quod
2238 3274 2590 3332 acceperunt,
2615 3265 2961 3352 beneticiojn
2988 3275 3124 3331 alios
3141 3281 3442 3337 translato:

1869 3355 2005 3414 aut,
2057 3351 2356 3407 secundum
2406 3355 2645 3426 aliquem
2689 3373 2753 3414 ex
2789 3351 3228 3433 evangelistis",
3279 3373 3444 3428 etiam

1869 3439 2088 3510 penitus
2141 3442 2564 3503 discindentur:
2616 3449 2878 3507 dissectio
2925 3457 3194 3526 siquidem
3244 3463 3446 3520 intelli-

1868 3533 2042 3602 genda
2092 3544 2176 3590 est
2211 3537 2270 3591 in
2319 3537 2444 3605 hoc,
2478 3541 2627 3612 quod
2659 3559 2886 3614 prorsus
2925 3563 2956 3602 a
3000 3548 3205 3620 Spiritu
3253 3568 3448 3612 sancto

1868 3625 2274 3684 alienabuntur.
2304 3629 2494 3702 Neque
2522 3635 2670 3689 enim
2701 3653 2905 3710 corpus
2934 3641 3218 3710 dividitur,
3252 3660 3310 3702 ut
3337 3666 3447 3704 una

1869 3729 1997 3785 pars
2030 3717 2278 3774 tradatur
2311 3724 2606 3793 supplicio,
2643 3727 2816 3782 altera
2851 3731 3190 3790 absolvatur.
3225 3737 3359 3794 Nam
3391 3741 3447 3797 id

1867 3807 2083 3878 quidem
2111 3809 2440 3880 fabulosum,
2466 3833 2646 3888 neque
2667 3823 2819 3890 justo
2843 3824 3066 3896 dignum
3086 3828 3294 3897 judice,
3319 3849 3444 3889 cum

1869 3905 2040 3952 totum
2072 3905 2406 3972 peccaverit,
2438 3907 2726 3964 dimidium
2757 3913 2936 3968 addici
2965 3931 3159 3986 poenae.
3193 3919 3302 3976 Nec
3326 3925 3450 3978 ani-

1867 4004 1955 4043 ma
1990 3991 2047 4045 in
2077 3991 2216 4049 duas
2247 4003 2432 4066 partes
2479 4009 2736 4071 secatur,
2779 4019 2904 4060 cum
2959 4015 3077 4065 tota
3123 4027 3219 4081 per
3268 4021 3446 4070 totum

1868 4079 2123 4137 habuerit
2156 4087 2422 4155 peccandi
2451 4088 2729 4157 affectum,
2760 4095 3034 4166 simulque
3061 4079 3184 4154 cum
3213 4117 3447 4174 corpore

1866 4171 2071 4227 malum
2105 4183 2384 4244 operetur.
2436 4175 2545 4234 Sed
2575 4180 2838 4237 dissectio
2859 4225 2872 4246 ,
2907 4196 2964 4240 ut
2997 4187 3148 4254 dixi,
3185 4171 3444 4263 perpetua

1866 4271 1957 4319 est
1976 4265 2175 4322 animae
2205 4282 2237 4322 a
2262 4267 2469 4340 Spiritu
2500 4272 2780 4330 alienatio.
2819 4275 2977 4333 Nunc
3017 4283 3195 4347 enim,
3229 4291 3447 4343 tametsi

1865 4371 1976 4410 non
2003 4357 2337 4415 admiscetur
2374 4361 2636 4434 indignis,
2672 4375 2913 4424 attamen
2940 4373 3128 4442 aliquo
3162 4385 3322 4446 pacto
3367 4381 3448 4432 vi-

1865 4449 2025 4504 detur
2051 4450 2245 4508 adesse
2283 4455 2453 4509 semel
2495 4455 2812 4527 baptizatis,
2851 4474 3178 4532 exspectans
3212 4476 3269 4520 ut
3298 4471 3446 4524 salu-

182 4549 274 4586 ναι
308 4532 460 4584 δοκεῖ
485 4549 600 4597 πως
618 4535 732 4595 τοῖς
753 4532 899 4596 ἆπαξ
945 4535 1424 4606 ὲσφραγισμένοις,
1449 4537 1546 4609 τὴν
1580 4539 1644 4591 ἐκ
1671 4540 1767 4611 τῆς

1875 4547 1981 4595 tem
2010 4557 2107 4611 per
2143 4545 2558 4602 conversionem
2598 4560 3039 4621 consequantur;
3078 4564 3193 4611 tum
3227 4574 3356 4614 vero
3391 4562 3447 4617 in

181 4623 528 4693 ἀπιστροφῆς
580 4624 853 4694 σωτηρίαν
887 4623 1066 4677 αὐτῶν
1095 4625 1362 4697 ἀναμένον
1386 4627 1496 4697 (25)
1520 4644 1534 4658 ·
1566 4629 1686 4682 τότε
1710 4629 1766 4682 δὲ

1872 4639 2046 4686 totum
2076 4635 2143 4687 ah
2173 4636 2378 4701 anima,
2410 4653 2530 4708 qua:
2562 4641 2793 4709 gratiam
2825 4643 2998 4712 ipsius
3034 4648 3408 4717 profanaverit
3429 4693 3445 4714 ,

183 4714 245 4781 ἑξ
295 4715 423 4768 ὅλου
480 4715 581 4784 τῆς
633 4715 1019 4788 βεδηλωσάσης
1063 4717 1227 4771 αὐτοῦ
1271 4719 1370 4790 τὴν
1399 4721 1558 4792 χάριν
1587 4721 1767 4792 ψυχῆς

1872 4726 2230 4783 resecabitur.
2265 4728 2455 4800 quue
2483 4747 2594 4786 non
2623 4741 2707 4788 est
2732 4735 2786 4788 in
2819 4736 3034 4793 inferno
3061 4741 3151 4810 qui
3182 4743 3446 4800 conﬁtea-

251 4878 302 4911 '“
343 4874 367 4930 l
402 4874 531 4932 Cor.
570 4892 670 4941 xu,
706 4876 800 4934 28.
885 4879 932 4909 ’³
977 4876 1136 4933 Joan.
1172 4894 1282 4944 xiv,
1315 4879 1370 4932 2.
1446 4881 1492 4913 ⁷⁸
1524 4880 1545 4934 l
1583 4881 1712 4937 Cor.
1746 4899 1767 4936 ι

1877 4884 1969 4947 41,
2007 4884 2094 4938 42.
2175 4886 2222 4918 ⁷⁸
2260 4885 2452 4943 Matth.
2496 4905 2621 4957 xxv,
2661 4892 2752 4947 21.
2829 4894 2875 4927 ⁷⁸
2913 4894 3113 4950 Matth.
3156 4915 3308 4965 xxtv,
3351 4903 3445 4957 5|.

178 5054 395 5111 Ibidem
428 5051 540 5108 duo
580 5053 800 5111 codices
833 5055 1036 5109 habent
1077 5055 1326 5123 ἀφίενται
1356 5056 1562 5120 αὐτοῖς.
1599 5057 1763 5114 Deest

179 5127 275 5179 καί
310 5126 368 5177 in
406 5124 683 5193 plerisque
717 5124 998 5181 codicibus
1027 5132 1154 5180 ante
1178 5126 1278 5180 has
1306 5142 1468 5182 voces
1503 5128 1568 5181 ἄν
1598 5145 1761 5182 τινων

180 5211 451 5248 κρατῆτε.

221 5210 864 5333 ρῗᾶτεέῖυμπίαρέσται.
919 5263 997 5320 Ita
1046 5279 1142 5320 sex
1187 5265 1406 5322 codices
1447 5281 1584 5322 mss.
1617 5266 1759 5323 Editi

185 5333 662 5418 συετξξιρεστέεναι·
805 5402 864 5418 ...
969 5411 982 5418 _
1240 5405 1274 5418 ..

277 5402 771 5488 25)ί1νιςύματος.
802 5402 903 5488 ilic
928 5411 988 5459 ut
1036 5420 1177 5476 saepe
1205 5405 1342 5488 alias
1392 5404 1522 5487 editi
1551 5405 1761 5488 addunt

187 5471 368 5542 ἁγίου.
401 5471 572 5557 Varia
594 5477 936 5557 sequentium
953 5471 1148 5557 vocum
1170 5476 1445 5557 scriptura
1466 5476 1524 5557 in
1552 5476 1757 5557 codici-

185 5541 290 5631 bus
333 5559 469 5598 mss.
530 5541 767 5631 Quidam
813 5545 1019 5631 habent
1063 5541 1349 5625 ἀκεραίαν,
1406 5545 1755 5631 Qolbeﬁrtinus

189 5614 449 5687 ἀμίαντον
493 5629 592 5684 pro
637 5616 926 5686 ἀμείωτον,
980 5613 1184 5687 Regius
1236 5615 1513 5673 secundus
1562 5614 1759 5669 διασώ-

191 5682 390 5748 ζοντες.

1936 5063 2050 5150 ἑὲἑὶ
2078 5063 2224 5150 ἂικῆ
2251 5065 2560 5150 ἲέμνετὲξτ.
2589 5068 2822 5150 Quidam
2852 5076 3070 5150 codices
3093 5078 3237 5150 δίχα-

1937 5133 2049 5211 (2β)
2087 5133 2426 5211 Ἀγαμέιὲον.
2457 5133 2663 5211 νὶιὶοέο
2689 5143 2911 5211 quidam
2943 5133 3312 5205 codiceshcum
3339 5151 3450 5204 edi-

1866 5202 1954 5256 tis
1983 5202 2290 5291 ἀναμένων.
2323 5205 2440 5262 Νοη
2504 5202 2796 5291 absimilis
2822 5219 3091 5291 sententia
3115 5202 3124 5203 ί
3145 5202 3359 5291 legitur
3379 5202 3446 5274 in

1863 5275 2130 5357 procemio
2162 5274 2552 5357 commentarii
2591 5281 2646 5333 in
2681 5280 2888 5357 Isaiam
2933 5274 3446 5357 prophetaiinIVam

1863 5343 2103 5423 ominibus
2135 5343 2365 5423 quidem,
2395 5348 2470 5400 ait
2500 5352 2886 5423 διετέθη-(πάρει
2922 5343 3152 5423 Spiritus
3180 5343 3398 5414 sanctus
3427 5378 3444 5414 :

1860 5412 1954 5490 sed
1982 5414 2071 5477 iis,
2100 5412 2190 5483 qui
2212 5416 2334 5484 puri
2369 5425 2492 5490 sunt
2536 5412 2831 5486 a/fectibus,
2874 5412 3197 5490 peculiarem
3239 5412 3447 5484 ciiiilith

1863 5485 2105 5566 virtutem
2127 5499 2148 5537 :
2174 5493 2230 5537 at
2253 5501 2384 5566 ,οξτο
2420 5487 2513 5566 iis1
2545 5485 2769 5566 quorum
2799 5485 2944 5566 mens
2975 5501 3179 5566 peccati
3219 5501 3446 5556 maculis

1868 5553 2132 5640 turbatur;
2191 5555 2446 5640 minime.“
2482 5553 2820 5640 Ste;p_e_id_em
2852 5553 3012 5640 docet
3042 5565 3332 5640 Origenes,
3358 5553 3445 5628 in;

1865 5622 2058 5692 primis
2089 5622 2348 5682 Tractatu
2381 5627 2450 5685 50
2478 5635 2532 5684 et
2553 5622 2610 5682 3|
2643 5629 2696 5682 in
2718 5629 2912 5688 Matth.
2981 5707 2984 5710 ἢ
