3862 6216
401 339 503 394 145

1671 333 1728 390 S.
1773 333 2013 388 BASILll
2055 332 2266 388 MAGNI

3547 331 3647 384 114

396 465 520 522 tur,
551 469 726 524 neque
753 455 806 508 in
837 463 1012 513 morte
1035 455 1126 524 qui
1149 469 1359 511 memor
1383 451 1454 508 sit
1485 451 1580 510 Dei
1606 453 1674 520 ⁷⁸,
1706 465 1830 507 cum
1857 453 1969 522 jam

2090 450 2538 522 ὶποτμηοήσεται.
2597 449 2694 503 Διά
2751 449 2908 502 τοῦτο
2961 449 3059 502 οὐκ
3112 447 3256 501 ἐστιν
3293 449 3350 500 ἐν
3377 447 3454 517 τῷ
3488 448 3590 521 ᾅδῃ
3620 451 3649 501 6

397 561 506 601 non
557 542 704 602 adsit
761 546 936 601 sancti
989 543 1227 616 Spiritus
1282 544 1643 614 adjutoriums
1692 543 1976 610 Quomodo

395 642 560 712 igitur
591 639 816 713 intelligi
842 647 1024 708 potest
1051 637 1258 708 abSqne
1286 635 1493 708 Spiritu
1523 643 1716 692 sancto
1745 636 1860 692 ﬁeri
1886 637 1977 706 ju'

395 730 632 798 dicium,
663 743 790 784 cum
829 726 1114 798 Scriptura
1149 726 1271 818 35,
1291 725 1530 783 declaret
1565 726 1745 797 ipsum
1771 741 1894 782 esse
1923 734 1976 781 et

390 821 671 891 justorum
702 819 988 891 prtemium
1018 819 1084 884 ⁷⁷,
1112 817 1333 889 quando
1364 828 1464 888 pro
1493 817 1796 874 arrhabone
1823 818 1977 873 exhi-

396 889 612 967 bebitur
647 889 794 982 quod
842 911 1144 981 perfectum
1175 919 1304 978 est;
1353 920 1408 966 et
1448 912 1680 981 primam
1721 920 1978 980 peccato—

395 1019 518 1057 rum
549 1003 1098 1066 condemnationem,
1132 1018 1258 1057 eum
1290 1017 1357 1057 eo
1386 1003 1553 1060 etiam
1584 1002 1730 1073 quod
1777 993 1978 1059 habere

394 1095 672 1160 videntur,
712 1095 932 1164 spoliati
967 1095 1222 1150 fuerint?
1259 1093 1434 1150 Porro
1477 1085 1774 1149 maximum
1815 1110 1980 1165 argu-

396 1193 642 1240 mentum
693 1187 1102 1256 conjunctionis
1152 1187 1322 1251 illius,
1365 1202 1528 1257 quam
1575 1184 1807 1256 Spiritus
1852 1173 1976 1240 cum

396 1275 555 1331 Patre
581 1283 635 1332 et
677 1275 815 1332 Filio
843 1277 1040 1342 habet,
1077 1278 1211 1334 illud
1244 1287 1362 1344 est,
1390 1277 1537 1350 quod
1577 1277 1768 1333 eodem
1817 1277 1976 1332 modo

395 1368 601 1423 dicitur
629 1369 834 1425 habere
870 1385 929 1425 se
963 1386 1091 1442 erga
1112 1369 1306 1436 Deum,
1329 1386 1438 1441 quo
1458 1385 1587 1442 erga
1616 1385 1976 1440 unumquem-

396 1477 502 1531 que
527 1469 775 1515 nostrum
803 1475 864 1516 se
893 1460 1056 1515 habet
1077 1461 1436 1532 spiritus,qui
1455 1470 1540 1517 est
1561 1462 1616 1516 in
1635 1460 1813 1516 nobis.
1843 1460 1975 1525 Quis

396 1554 555 1616 enim,
600 1552 807 1621 inquit,
842 1551 1110 1605 hominum
1140 1554 1280 1608 novit
1308 1570 1369 1607 ea
1399 1569 1516 1624 qua:
1561 1561 1680 1606 sunt
1713 1552 1971 1616 hominis,

398 1643 502 1695 nisi
528 1643 748 1709 spiritus
802 1641 893 1711 qui
936 1651 1015 1695 est
1076 1644 1131 1696 in
1159 1643 1321 1712 ipso?
1351 1641 1441 1697 Sic
1470 1653 1520 1697 et
1548 1660 1664 1713 qua:
1694 1641 1793 1695 Dei
1821 1652 1971 1707 sunt,

400 1749 546 1787 nemo
573 1733 746 1798 novit,
778 1734 884 1786 nisi
921 1733 1153 1802 Spiritus
1196 1735 1288 1805 qui
1316 1750 1380 1788 ea:
1422 1733 1530 1788 Deo
1559 1742 1634 1788 est
1670 1735 1735 1788 ⁷⁸.
1766 1731 1832 1785 Et
1863 1733 1976 1788 haec

403 1825 622 1898 quidem
647 1825 934 1881 hactenus.
1887 1821 1890 1824 ’

965 1939 1196 1997 CAPUT
1248 1938 1414 1994 XVII.

398 2053 664 2124 Aduersus
693 2069 782 2107 eos
816 2053 908 2124 qui
941 2052 1128 2124 dicunt
1178 2067 1283 2104 non
1319 2051 1692 2124 connumerari
1726 2048 1896 2124 _Patr_i_
1916 2065 1979 2101 ac

472 2123 616 2179 Filio
644 2120 888 2178 sanctum
927 2122 1218 2192 Spiritum,
1249 2120 1339 2175 sed
1369 2121 1774 2192 subnumerari:
1808 2121 1896 2174 ubi
1928 2128 1978 2172 et

472 2194 536 2248 de
565 2195 656 2263 pia
684 2191 1146 2248 connumerntione
1185 2191 1508 2246 summarius
1545 2191 1670 2261 ﬁdei
1702 2193 1976 2245 decursus.

466 2373 558 2428 H.
599 2373 869 2428 Caeterum
903 2369 1442 2426 subnumerationem
1477 2368 1608 2440 quid
1638 2369 1844 2433 dicant,
1884 2377 1979 2424 aut

398 2465 455 2519 in
491 2463 651 2534 cujus
691 2462 772 2518 rei
805 2460 1260 2530 signiﬁcationem
1287 2474 1476 2514 vocem
1516 2459 1659 2514 hanc
1693 2470 1975 2530 usurpent,

401 2568 471 2608 ne
501 2552 748 2623 cogitare
783 2549 1005 2620 quidem
1033 2547 1194 2604 facile
1226 2558 1330 2604 est.
1370 2547 1507 2604 Nam
1533 2557 1602 2604 «et
1637 2548 1782 2604 hanc
1818 2549 1978 2604 nobis

401 2662 434 2698 e
465 2643 650 2697 mundi
691 2642 960 2712 sapientia
995 2639 1168 2696 fuisse
1198 2641 1494 2704 invectam,
1527 2651 1720 2696 notum
1749 2649 1834 2696 est
1862 2655 1979 2694 om—

399 2735 567 2789 nibus
595 2742 649 2790 et
678 2742 1049 2806 perspectum.
1081 2733 1164 2786 An
1200 2747 1329 2788 vero
1363 2733 1602 2804 aliquam
1630 2734 1828 2787 habeat
1857 2748 1981 2804 pro—

401 2825 582 2896 priam
617 2826 891 2879 rationem
920 2825 985 2879 ad
1027 2823 1080 2878 id
1112 2825 1259 2893 quod
1293 2840 1441 2879 nunc
1475 2825 1677 2894 agitur,
1713 2825 1816 2879 hoc
1847 2840 1979 2880 con-

401 2917 728 2972 sideremus.
766 2915 936 2971 Aiunt
975 2915 1142 2987 igitur
1177 2916 1271 2986 qui
1312 2931 1494 2970 rerum
1542 2915 1786 2970 inanium
1819 2915 1979 2987 periti

401 3019 553 3077 sunt,
589 3011 836 3082 quaedam
872 3010 1094 3064 nomina
1125 3024 1248 3064 esse
1271 3008 1606 3073 communia,
1639 3025 1870 3080 quorum
1899 3012 1981 3066 si-

400 3103 676 3175 gniﬁcatio
721 3103 890 3157 multa
932 3102 1355 3172 complectitur:
1398 3103 1503 3157 alia
1533 3105 1705 3174 magis
1736 3103 1976 3173 propria,

400 3204 455 3253 et
487 3196 595 3250 alia
631 3195 754 3250 aliis
797 3193 905 3248 vim
935 3194 1139 3248 habere
1180 3195 1356 3264 magis
1385 3195 1739 3264 peculiarem.
1780 3194 1978 3250 Exem-
2007 3179 2048 3234 (ἶ

401 3289 479 3360 pli
506 3301 697 3350 causa,
731 3301 1024 3341 commune
1057 3299 1258 3340 nomen
1293 3293 1377 3342 est
1412 3287 1674 3351 essentia,
1709 3287 1856 3357 quod
1885 3302 1982 3357 pa-

400 3381 537 3435 riter
585 3379 652 3434 de
694 3378 950 3433 omnibus
994 3379 1354 3448 praedicatur,
1406 3377 1522 3434 sive
1571 3378 1830 3434 inanimis
1867 3379 1982 3434 sive

401 3472 682 3528 animatis.
707 3470 1050 3526 Peculiarius
1082 3478 1263 3526 autem
1289 3471 1516 3535 animal,
1551 3471 1698 3542 quod
1739 3471 1806 3526 de
1846 3486 1984 3542 pan-

401 3565 645 3621 cioribus
677 3562 897 3634 quidem
927 3561 1259 3633 praedicatur
1288 3576 1452 3631 quam
1499 3561 1634 3616 illud
1665 3561 1850 3631 prius,
1885 3561 1982 3617 sed

401 3666 584 3712 tamen
623 3655 744 3724 ejus
790 3654 1178 3724 contemplatio
1233 3655 1408 3726 magis
1449 3655 1776 3718 extenditur,
1819 3669 1981 3724 quam

401 3762 591 3804 eorum
619 3762 742 3818 quae
777 3745 858 3800 illi
905 3745 1156 3816 subjecta
1195 3755 1343 3801 sunt.
1377 3743 1512 3799 Nam
1553 3745 1607 3800 in
1645 3761 1710 3800 eo
1740 3746 1982 3799 rationa-

405 3841 541 3894 lium
577 3839 744 3896 simul
790 3847 845 3894 et
894 3837 1297 3893 irrationalium
1335 3845 1533 3892 natura
1568 3838 1984 3908 comprehendi-

400 3941 511 3986 tur.
541 3928 782 3984 Rursum
809 3929 984 4000 magis
1009 3929 1244 3999 speciale
1267 3943 1468 3982 nomen
1491 3935 1576 3984 est
1606 3929 1788 3993 homo,
1819 3942 1982 3998 quam

401 4022 600 4076 animal
626 4041 638 4075 :
674 4023 803 4077 item
835 4021 922 4076 vir
941 4021 1229 4091 specialius
1256 4027 1342 4076 est
1369 4035 1568 4075 nomen
1602 4036 1764 4090 quam
1794 4020 1979 4083 homo,

399 4121 457 4169 et
486 4114 604 4168 viro
638 4113 936 4184 specialius
962 4119 1046 4167 est
1077 4113 1167 4166 hic
1197 4118 1294 4166 aut
1332 4111 1424 4166 ille
1461 4111 1567 4177 vir,
1610 4121 1738 4182 puta
1768 4110 1982 4178 Petrus,

398 4213 496 4277 aut
522 4202 764 4269 Paulus,
799 4211 896 4258 aut
924 4200 1184 4258 Joannes.
1215 4203 1301 4256 An
1349 4203 1517 4274 igitur
1546 4184 1986 4271 hoc'subnume-

400 4296 673 4350 rationem
709 4309 833 4350 esse
876 4295 1158 4360 sentiunt,
1187 4295 1268 4350 rei
1308 4295 1621 4349 communis
1654 4294 1710 4349 in
1755 4309 1823 4350 ea
1864 4309 1985 4365 quae

401 4385 652 4455 subjecta
681 4391 812 4440 sunt
837 4383 1163 4440 divisionem
1187 4384 1211 4437 ?
1250 4381 1323 4437 At
1351 4399 1464 4438 non
1504 4384 1830 4440 crediderim
1860 4385 1984 4441 illos
2015 4437 2020 4442 .

400 4476 472 4530 ad
510 4482 724 4530 tantum
768 4481 1049 4546 stuporem
1105 4475 1417 4540 devenisse,
1468 4482 1528 4529 ut
1572 4475 1760 4530 dicant
1811 4474 1980 4530 Deum

401 4569 810 4634 universorum,
855 4567 1006 4622 velut
1050 4567 1502 4622 communitatem
1537 4565 1851 4638 quamdam,
1889 4581 1980 4621 ra-

2083 541 2589 612 ἐξομολογούμενος,
2627 541 2750 594 οὺδέ
2785 543 2843 594 ἐν
2883 539 2960 611 τῷ
3004 540 3217 610 θανάτῳ
3243 542 3270 592 6
3300 539 3650 611 μνημονεύων

2081 632 2236 696 Θεοῦ,
2263 632 2442 686 οὐκέτι
2493 633 2590 702 τῆς
2625 632 2870 704 βοηθείας
2911 631 3004 684 τοῦ
3053 631 3366 701 Πνεύματος
3407 648 3649 703 συμπαρ-

2081 724 2266 795 ούσης.
2324 724 2448 789 Πῶς
2505 720 2596 778 οὖν
2649 723 2869 778 δυνατὸν
2918 723 3106 794 νοῆσαι
3145 724 3311 794 χωρὶς
3360 722 3454 775 τοῦ
3495 723 3649 792 ἁγίου

2084 815 2398 885 Πνεύματος
2425 814 2789 869 ἐπιτελεῖσθαι
2817 815 2915 886 τὴν
2949 815 3149 886 κρίσιν,
3185 816 3317 868 ὅπου
3348 832 3410 883 γε
3436 815 3464 866 ὁ
3497 814 3652 882 λόγος

2081 905 2370 969 δείκνυσιν,
2402 907 2484 959 ὅτι
2516 905 2889 959 αύτόέστικαὶ
2908 906 2967 958 τὺ
2993 905 3098 958 τῶν
3127 905 3346 958 δικαίων
3381 903 3648 974 βραϐεῖον,

2082 999 2210 1051 ὅταν
2231 998 2352 1050 ἀντὶ
2371 997 2466 1050 τοῦ
2499 997 2816 1070 ἀρῤαδῶνος
2844 997 3161 1068 παρασχεθῇ
3191 997 3252 1050 τὸ
3283 996 3487 1050 τέλειον
3511 1012 3523 1024 ·
3558 995 3653 1048 καὶ

2083 1092 2116 1159 ἡ
2146 1087 2336 1161 πρώτη
2397 1088 2507 1143 τῶν
2550 1088 2886 1161 ἁμαρτωλῶν
2920 1089 3205 1157 καταδίκη,
3228 1089 3355 1141 ὅταν
3381 1087 3474 1140 καὶ
3504 1086 3532 1139 ὃ
3562 1087 3652 1139 δο-

2083 1179 2268 1232 κοῦσιν
2305 1179 2446 1249 ἔχειν
2487 1178 2860 1251 ἀφαιρεθῶσι;
2891 1179 2963 1231 Τὸ
2997 1178 3052 1231 δὲ
3079 1179 3331 1248 μέγιστον
3353 1179 3652 1248 τεκμήριον

2081 1273 2180 1343 τῆς
2206 1273 2341 1344 πρὸς
2367 1271 2584 1344 Πατέρα
2608 1274 2701 1326 καὶ
2730 1273 2856 1326 Υίὸν
2878 1272 2970 1325 τοῦ
2991 1271 3305 1342 Πνεύματος
3339 1269 3652 1339 συναφείας,

2082 1365 2162 1417 ὅτι
2185 1365 2355 1430 οὕτως
2374 1365 2518 1436 ἔχειν
2544 1365 2760 1434 λέγεται
2795 1365 2930 1434 πρὸς
2966 1365 3118 1429 Θεὸν,
3148 1364 3222 1428 ὡς
3261 1364 3398 1435 πρὸς
3425 1364 3656 1416 ἕκαστον

2081 1455 2193 1527 ἔχει
2231 1456 2293 1509 τὸ
2351 1457 2567 1526 πνεῦμα
2602 1457 2664 1510 τὸ
2697 1458 2753 1510 ἐν
2781 1458 2931 1527 ἡμῖν.
2983 1458 3078 1523 Τίς
3111 1456 3221 1526 γὰρ
3265 1452 3408 1520 οἶδε,
3466 1453 3648 1524 φησὶν,

2081 1545 2406 1615 ἀνθρώπων
2433 1546 2504 1599 τὰ
2527 1547 2632 1600 τοῦ
2661 1545 2999 1613 ἀνθρώπου,
3032 1548 3084 1599 εί
3110 1543 3196 1615 μὴ
3227 1544 3294 1598 τὸ
3327 1544 3560 1614 πνεῦμα
3586 1545 3650 1597 τὸ

2080 1638 2150 1692 ἐν
2189 1639 2382 1704 αὑτῷ;
2413 1639 2573 1692 Οὕτω
2598 1639 2695 1692 καὶ
2721 1638 2792 1692 τὰ
2816 1637 2921 1691 τοῦ
2957 1638 3105 1691 Θεοῦ
3133 1637 3330 1702 οὐδεὶς
3359 1637 3646 1706 ἔγνωκεν,

2080 1733 2130 1784 εὶ
2153 1731 2238 1798 μὴ
2263 1729 2330 1782 τὸ
2362 1731 2603 1800 Πνεῦμα
2650 1731 2715 1783 τὸ
2760 1729 2828 1783 ὲκ
2873 1729 2977 1783 τοῦ
3009 1727 3178 1782 Θεοῦ.
3213 1729 3320 1780 Καὶ
3353 1727 3522 1781 ταῦτα
3549 1727 3653 1798 μὲν

2009 1819 2054 1879 Β
2081 1822 2160 1886 είς
2190 1822 2440 1877 τοσοῦτον

2594 1933 2988 1988 ΚΕΦΛΛΑΙΟΝ
3034 1935 3132 1989 ΙΖ¹.

2080 2047 2234 2116 Πρὸς
2285 2046 2428 2113 τοὺς
2459 2045 2750 2116 ,λέγοντας
2783 2045 2870 2115 μὴ
2935 2046 3422 2115 συναριθμεῖσθαι
3469 2047 3655 2114 Harp!

2151 2116 2396 2186 καὶ-Υἱῴ
2422 2117 2489 2170 τὸ
2512 2117 2682 2186 ἅγιον
2709 2117 2970 2186 Πνεῦμα,
2988 2117 3128 2172 ἀλλ’
3158 2116 3608 2184 ὑπαριθμεῖσθαι
3634 2134 3651 2186 ἐ

2148 2188 2217 2241 ἐν
2240 2180 2287 2253 ᾧ
2315 2180 2410 2240 καὶ
2427 2180 2684 2258 περὶτῆς
2703 2180 2992 2258 εὐσεϐοῦς
3027 2180 3520 2258 συναριθμήοίεως
3538 2185 3652 2258 (26)

2149 2255 2560 2327 κεφαλαιώδης
2589 2255 2879 2326 ἐπιδρομὴ
2908 2256 3019 2326 τῆς
3049 2257 3327 2324 πίστεως.
3549 2255 3556 2258 ⁷
3632 2255 3640 2257 “
3689 2287 3694 2290 -

2148 2371 2234 2426 41.
2268 2371 2378 2442 Τὴν
2395 2367 2450 2423 δὲ
2479 2370 2854 2441 ὑπαρίθμησιν
2881 2371 2909 2424 δ
2939 2387 2992 2424 τι
3015 2371 3107 2424 καὶ
3139 2370 3377 2440 λέγουσι,
3397 2369 3489 2422 καὶ
3514 2368 3656 2423 κατὰ

2078 2463 2218 2526 τίνος
2254 2461 2647 2532 σημαινομένου
2678 2461 2776 2532 τὴν
2828 2462 3009 2533 φωνὴν
3037 2462 3238 2533 ταύτην
3258 2461 3498 2530 ἄγουσιν,
3531 2461 3656 2515 οὐδὲ

2079 2552 2359 2622 ἐπινοῆσαι
2401 2551 2600 2623 ῥᾴδιον.
2636 2553 2757 2606 Ὅτι
2815 2553 2912 2622 μὲν
2945 2551 3053 2624 γὰρ
3101 2555 3162 2606 ὲκ
3199 2552 3298 2622 τῆς
3324 2551 3417 2604 τοῦ
3446 2552 3656 2622 κόσμου

2082 2644 2272 2712 σοφίας
2325 2644 2419 2696 καὶ
2455 2643 2592 2714 αὑτὴ
2637 2645 2768 2714 ἡμῖν
2800 2643 3097 2714 ἐπεισήχθη
3155 2643 3288 2715 (27),
3323 2643 3485 2696 παντὶ
3513 2642 3658 2712 γνὼ-

2084 2751 2238 2808 ριμον
2262 2749 2276 2763 ⁸
2319 2736 2368 2788 εί
2400 2733 2456 2787 δὲ
2511 2733 2621 2804 ἔχει
2669 2733 2789 2787 τινὰ
2821 2737 3016 2788 οἰκεῖον
3052 2735 3207 2803 λόγον
3265 2734 3399 2806 πρὸς
3429 2733 3498 2787 τὰ
3521 2751 3659 2806 προ-

2080 2829 2338 2900 κείμενα,
2413 2827 2571 2881 τοῦτο
2640 2827 3082 2898 ἐπισκεψώμεθα.
3140 2829 3277 2882 Φασὶ
3345 2828 3523 2882 τοίνυν
3605 2830 3658 2881 οί

2079 2921 2238 2974 δεινοὶ
2263 2919 2331 2974 τά
2358 2920 2582 2992 μάταια,
2610 2919 2680 2974 τὰ
2715 2921 2812 2993 μὲν
2852 2919 3005 2975 κοινά
3043 2915 3181 2973 εῖναι
3215 2920 3323 2972 τῶν
3355 2921 3656 2990 ὀνομάτων,

2081 3011 2172 3064 καὶ
2218 3011 2310 3064 ἐπὶ
2356 3011 2487 3065 πολὺ
2510 3012 2718 3084 διήκειν
2765 3015 2882 3077 ταῖς
2939 3014 3264 3085 σημασίαιςο
3305 3014 3376 3066 τὰ
3407 3013 3462 3066 δὲ
3485 3012 3662 3066 ἰδικώ-

2081 3121 2250 3176 τερα·
2299 3106 2392 3158 καὶ
2432 3104 2565 3160 ἄλλα
2617 3105 2789 3160 ἄλλων
2841 3107 3212 3179 μερικωτέραν
3260 3106 3399 3178 ἔχειν
3431 3105 3528 3178 τὴν
3567 3105 3662 3159 δύ-

2081 3214 2262 3268 ναμιν.
2313 3193 2436 3251 Οἷον
2458 3238 2472 3261 ,
2511 3202 2686 3252 κοινὸν
2719 3200 2814 3269 μὲν
2851 3199 3019 3270 ὄνομα
3047 3203 3080 3272 ὴ
3113 3202 3289 3265 ούσία,
3321 3202 3484 3254 πᾶσιν
3537 3202 3664 3254 ἐπι-

2081 3288 2367 3360 λεγομένη,
2417 3291 2511 3344 καὶ
2541 3289 2768 3361 ἀψύχοις
2791 3292 2882 3344 καὶ
2908 3291 3168 3362 ἐμψύχοις
3204 3292 3400 3362 ὁμοίως
3419 3311 3433 3323 ο
3480 3291 3664 3345 ίδικώ-

2081 3397 2238 3451 τερον
2299 3380 2354 3433 δὲ
2398 3381 2459 3434 τὸ
2513 3379 2650 3444 ζῶον
2678 3398 2689 3410 ·
2726 3383 2812 3435 ἐπ’
2841 3382 3059 3437 ἔλαττον
3113 3384 3210 3454 μὲν
3238 3384 3330 3437 τοῦ
3388 3385 3661 3456 προτέρου

2080 3471 2393 3544 λεγόμενον,
2431 3475 2524 3527 ἐπὶ
2555 3473 2715 3528 πλέον
2747 3474 2804 3527 δὲ
2835 3475 2942 3528 τῶν
2977 3476 3068 3529 ὑπ’
3103 3476 3234 3530 αύτὸ
3263 3475 3660 3547 Θεωρούμενον.

2081 3565 2191 3618 Καὶ
2241 3563 2349 3636 γὰρ
2391 3566 2486 3618 καὶ
2535 3564 2768 3635 λογικῶν
2801 3566 2912 3638 (28)
2971 3567 3118 3638 αὐτῷ
3167 3568 3258 3621 καὶ
3295 3568 3503 3636 ἀλόγων
3559 3568 3666 3638 φύ-

2081 3670 2166 3716 σις
2220 3655 2624 3726 ἐμπεριέχεται.
2677 3656 2846 3710 Πάλιν
2897 3655 3203 3730 ίδικώτερόν
3231 3659 3346 3712 ἐστι
3387 3659 3481 3712 τοῦ
3516 3657 3661 3723 ζώου

2079 3745 2108 3797 ὁ
2157 3743 2460 3815 ἄνθρωπος,
2510 3748 2604 3799 καὶ
2659 3745 2850 3800 τούτου
2885 3748 2913 3800 6
2945 3748 3106 3819 ἀνὴρ,
3157 3750 3251 3804 καὶ
3291 3749 3384 3802 τοῦ
3411 3750 3602 3822 ἀνδρὸς
3628 3753 3664 3805 ὁ

2081 3836 2203 3889 καθ’
2252 3837 2501 3902 ἕκαστον,
2565 3840 2767 3912 Πέτρος
2815 3840 2848 3912 ἢ
2896 3841 3104 3906 Παῦλος
3139 3842 3171 3912 ἢ
3205 3842 3476 3911 Ἰωάννης.
3511 3839 3665 3914 τΑρτι,

2081 3924 2172 3980 οῦν
2189 3927 2346 3982 τοῦτο
2369 3929 2546 3983 νοοῦσι
2563 3931 2660 4002 τὴν
2677 3931 3072 4003 ὑπαρίθμησιν,
3096 3932 3194 4004 τὴν
3221 3933 3314 3986 τοῦ
3341 3932 3520 3988 κοινοῦ
3543 3933 3662 4008 (29)

2082 4023 2160 4083 εἰς
2191 4021 2257 4074 τὰ
2283 4021 2662 4094 ὑπεσταλμένα
2692 4024 2953 4095 διαίρεσιν
2981 4043 2995 4090 ;
3035 4025 3172 4077 Ἀλλ’
3200 4027 3299 4079 οὐκ
3332 4025 3396 4080 ἂν
3437 4026 3666 4080 πιστεύ-

2085 4129 2237 4183 σαιμι
2287 4115 2366 4176 εἰς
2406 4113 2659 4168 τοσοῦτον
2711 4117 2908 4179 αὐτοὺς
2953 4116 3335 4188 παραπληξίας
3377 4117 3665 4186 ἐλαύνειν,

2082 4204 2221 4258 ὥστε
2249 4206 2410 4275 φάναι
2427 4205 2515 4258 τὸν
2533 4205 2664 4260 Θεὸν
2681 4206 2786 4261 τῶν
2815 4207 2970 4274 ὅλων,
2999 4207 3186 4281 ὥσπερ
3208 4209 3489 4281 κοινότητά
3509 4229 3663 4278 τινα,

2082 4296 2223 4367 λόγῳ
2263 4297 2410 4368 μόνῳ
2464 4297 2762 4370 Θεωρητὴν,
2815 4299 2872 4352 ἐν
2921 4300 3144 4372 οὐδεμιᾷ
3182 4301 3238 4354 δὲ
3279 4302 3571 4355 ὑποστάσει
3597 4303 3669 4357 τὸ

2083 4384 2221 4443 εἶναι
2255 4389 2507 4460 ἔχουσαν,
2545 4392 2622 4455 είς
2648 4391 2718 4444 τὰ
2756 4393 3089 4464 ὑποκείμενα
3139 4393 3495 4466 διαιρεῖσθαι·
3535 4390 3668 4450 εἶτα.

2084 4481 2182 4552 τὴν
2205 4482 2571 4553 ὑποδιαίρεσιν
2608 4482 2810 4555 ταύτην
2844 4485 2938 4538 καὶ
2981 4485 3352 4557 ὑπαρίΘμησιν
3377 4487 3663 4556 λέγεσθαι.

2086 4567 2164 4626 Ἦ
2206 4572 2364 4626 τοῦτο
2395 4574 2492 4645 μὲν
2539 4575 2645 4629 οὐδ’
2679 4575 2744 4629 ἃν
2774 4576 3212 4648 μελαγχολῶντες
3260 4581 3479 4636 εἴποιεν.
3511 4582 3670 4652 Πρὸς

398 4663 550 4718 tione
572 4663 691 4717 sola
719 4661 1121 4733 intelligibilem
1143 4701 1160 4726 ,
1188 4660 1341 4715 nulla
1369 4666 1552 4715 autem
1593 4661 1648 4715 in
1693 4659 1977 4731 hypostasi

2090 4662 2188 4736 γὰρ
2221 4667 2284 4736 τῇ
2309 4665 2534 4737 ἀσεϐείᾳ
2577 4667 2670 4720 καὶ
2711 4668 2801 4721 τὸν
2849 4670 3087 4722 ἐναντίον
3131 4670 3287 4739 λόγον
3318 4671 3414 4742 τῆς
3452 4673 3670 4740 οἰκείας

399 4755 815 4821 subsistentem,
845 4753 903 4808 in
933 4753 1184 4824 subjecta
1213 4753 1415 4808 dividi:
1450 4753 1646 4808 deinde
1673 4752 1814 4806 banc
1846 4753 1977 4807 sub—

2090 4755 2286 4809 ὲαυτῶν
2333 4759 2704 4828 προαιρέσεως
2743 4761 3229 4823 κατασκευάζουσι.
3262 4761 3340 4814 Τά
3389 4763 3497 4834 γάρ
3522 4765 3669 4818 ὑπο-

400 4846 726 4902 divisionem
786 4846 959 4902 etiam
1022 4845 1566 4901 subnumerationem
1632 4843 1763 4900 dici.
1827 4842 1977 4900 Istud

2090 4847 2429 4921 Βιαιρούμενα
2462 4851 2563 4921 τῆς
2625 4852 2794 4922 αὐτῆς
2855 4855 3000 4907 ἐστιν
3055 4855 3283 4919 ἐκείνοις
3329 4856 3438 4926 (50)
3469 4857 3670 4922 οὐσίας

400 4954 534 4995 sane
563 4955 630 4994 ne
659 4938 843 4994 inSani
868 4937 1089 5008 quidem
1114 4937 1375 4994 dixerint.
1405 4937 1538 4991 Nam
1568 4948 1765 5007 praeter
1789 4938 1978 5007 impie-

400 5038 564 5086 tatem
605 5032 768 5086 ctiam
817 5046 1128 5087 sermonem
1170 5032 1508 5095 instituunt,
1546 5046 1671 5095 (mm
1727 5046 1792 5087 eo
1831 5032 1975 5103 quod

469 5186 515 5216 "
548 5185 694 5242 Psal.
727 5202 806 5251 vi,
835 5186 889 5242 6.
952 5187 997 5219 ⁷⁷
1039 5184 1238 5242 lPetr.
1281 5203 1318 5249 ι,
1355 5186 1442 5240 12.
1519 5187 1565 5218 ’⁸
1605 5184 1625 5238 1
1663 5185 1792 5242 Cor.
1820 5201 1878 5251 ιι,
1924 5185 2010 5242 11.

472 5303 587 5374 (26)
615 5303 1153 5374 Zvrapcomja'ewc,
1180 5302 1258 5356 lta
1295 5319 1432 5358 mss.
1475 5310 1609 5366 tres,
1640 5320 1778 5374 quos
1803 5320 1870 5358 eo
1908 5305 1979 5357 li-

399 5371 618 5446 bentius
658 5371 960 5446 sequimur,
1012 5373 1160 5446 quo_d
1201 5373 1419 5446 vulgata
1453 5371 1751 5446 scriptu—ra”
1779 5375 1978 5446 ὑπαρι-

402 5441 658 5512 θμήσεως
691 5441 1006 5515 confutetur
1031 5441 1066 5497 a
1110 5441 1334 5507 Basilio,
1366 5441 1597 5514 ejusque
1636 5444 1845 5515 judicio
1876 5441 1982 5498 iin-

402 5516 622 5584 pietatis
653 5522 835 5570 notam
856 5514 1111 5584 effugere
1143 5529 1251 5568 non
1285 5515 1481 5583 possit.

475 5583 1007 5653 (ἓἹμἙπεισήχθηζ
1050 5583 1250 5649 Regius
1297 5586 1488 5638 tertius
1521 5584 1745 5639 etColb.
1792 5584 1954 5637 ὑπεισ

402 5653 568 5778 ῃχοη.
601 5652 774 5707 Paulo
805 5652 928 5722 po'st
959 5655 1088 5707 editi
1123 5655 1171 5706 οἱ
1201 5654 1360 5706 δεινοὶ
1400 5656 1526 5725 περὶ
1581 5655 1647 5706 τά
1683 5654 1904 5724 μάταια,
1927 5660 1981 5706 et

440 5724 594 5778 einde
616 5723 955 5778 είδικώτεοα.
987 5724 1090 5778 Sed
1121 5723 1232 5778 haec
1281 5727 1611 5778 mutavimus
1653 5725 1981 5778 auctoritate

440 5724 594 5778 einde
616 5723 955 5796 είδικώτερα.
987 5724 1090 5780 Sed
1121 5723 1232 5778 haec
1281 5723 1611 5781 mutavimus
1653 5723 1981 5784 auctoritate

2081 4941 2174 5008 ἀφ’
2214 4934 2288 4994 ὧν
2347 4939 2648 5012 διῄρηνται.
2687 4943 2824 4996 Ἀλλ’
2867 4944 3121 5016 ἐοίκαμεν
3177 4946 3264 5000 διὰ
3321 4948 3516 5019 πολλὴν
3557 4949 3671 5018 τῆς

2083 5033 2310 5096 ἀτοπίας
2342 5035 2626 5106 ἐνάργειαν
2656 5037 2880 5107 ἀπορεῖν
2909 5037 3101 5107 λόγων,
3125 5040 3216 5093 καὶ
3243 5040 3345 5093 οὐκ
3375 5040 3520 5110 ἔχειν
3541 5043 3672 5107 πῶς

2088 5303 2334 5357 codicum
2362 5318 2496 5358 mss.

2158 5373 2272 5442 (28)
2299 5373 2408 5443 Καὶ
2442 5369 2716 5442 λογικῶν.
2753 5371 3208 5443 Conjunctionem
3252 5375 3566 5433 addidimus
3592 5392 3670 5435 ex

2088 5441 2261 5496 tribus
2293 5441 2594 5497 codicibus.

2162 5511 2270 5586 (g9)
2315 5511 2425 5586 Τοῦ
2453 5513 2693 5586 κοινοῦὶ
2716 5513 2852 5583 Reg.
2878 5515 3074 5570 tertius
3107 5515 3198 5568 τοῦ
3237 5515 3445 5586 ὁμοίου.

2160 5581 2269 5656 (50)
2314 5584 2618 5656 ῘΕκείνοιγς.
2644 5582 2734 5656 Sic
2758 5581 2949 5656 omnes,
2973 5586 3190 5640 codices
3223 5604 3235 5638 :
3265 5581 3395 5639 editi
3419 5586 3667 5656 ἐκείνης.

2089 5651 2210 5705 Mox
2248 5653 2523 5724 ἐνέργειαν
2560 5655 2612 5707 in
2647 5654 2810 5708 editis
2840 5662 2893 5707 et
2925 5655 3137 5709 tluohus
3178 5657 3418 5724 antiquis
3447 5651 3671 5712 (διιᾱίἐῖ-

2089 5724 2224 5790 bus;
2263 5724 2356 5778 sed
2389 5725 2556 5778 multo
2595 5725 2790 5778 melius
2825 5725 2913 5778 alii
2939 5733 3175 5796 quatuor
3198 5733 3255 5780 ut
3283 5728 3342 5781 in
3371 5725 3663 5783 contextu.
