  <div class='ocr_page' id='page_1' title='image "/cluster/home/n/w/nwhite01/storage/ocr_20150623/32/nnc1.0046978879/094.png"; bbox 0 0 1931 3108; ppageno 0'>
   <div class='ocr_carea' id='block_1_1' title="bbox 121 157 175 184">
    <p class='ocr_par' dir='ltr' id='par_1_1' title="bbox 121 157 175 184">
     <span class='ocr_line' id='line_1_1' title="bbox 121 157 175 184; baseline 0.019 -1"><span class='ocrx_word' id='word_1_1' title='bbox 121 157 175 184; x_wconf 70' lang='lat'><strong>“5</strong></span> 
     </span>
    </p>
   </div>
   <div class='ocr_carea' id='block_1_2' title="bbox 675 156 1167 185">
    <p class='ocr_par' dir='ltr' id='par_1_2' title="bbox 675 156 1167 185">
     <span class='ocr_line' id='line_1_2' title="bbox 675 156 1167 185; baseline 0 -2"><span class='ocrx_word' id='word_1_2' title='bbox 675 156 776 184; x_wconf 76' lang='lat' dir='ltr'><strong>LIBER</strong></span> <span class='ocrx_word' id='word_1_3' title='bbox 796 156 840 185; x_wconf 85' lang='lat' dir='ltr'><strong>DE</strong></span> <span class='ocrx_word' id='word_1_4' title='bbox 861 156 999 185; x_wconf 80' lang='lat' dir='ltr'><strong>SPIRITU</strong></span> <span class='ocrx_word' id='word_1_5' title='bbox 1023 156 1167 185; x_wconf 78' lang='lat' dir='ltr'><strong>SANCTO.</strong></span> 
     </span>
    </p>
   </div>
   <div class='ocr_carea' id='block_1_3' title="bbox 1674 154 1749 184">
    <p class='ocr_par' dir='ltr' id='par_1_3' title="bbox 1674 154 1749 184">
     <span class='ocr_line' id='line_1_3' title="bbox 1674 154 1749 184; baseline 0 0"><span class='ocrx_word' id='word_1_6' title='bbox 1674 154 1679 159; x_wconf 84' lang='grc'><em>’</em></span> <span class='ocrx_word' id='word_1_7' title='bbox 1699 158 1749 184; x_wconf 70' lang='grc'><strong>146</strong></span> 
     </span>
    </p>
   </div>
   <div class='ocr_carea' id='block_1_4' title="bbox 118 213 914 250">
    <p class='ocr_par' dir='ltr' id='par_1_4' title="bbox 118 214 913 250">
     <span class='ocr_line' id='line_1_4' title="bbox 118 214 913 250; baseline 0.003 -11"><span class='ocrx_word' id='word_1_8' title='bbox 118 214 170 248; x_wconf 83' lang='grc' dir='ltr'>τῆς</span> <span class='ocrx_word' id='word_1_9' title='bbox 190 214 300 248; x_wconf 79' lang='grc' dir='ltr'><strong>ἀλογίας</strong></span> <span class='ocrx_word' id='word_1_10' title='bbox 320 214 410 242; x_wconf 80' lang='grc' dir='ltr'>αὐτῶν</span> <span class='ocrx_word' id='word_1_11' title='bbox 428 214 605 249; x_wconf 77' lang='grc' dir='ltr'>καθαψάμεθα</span> <span class='ocrx_word' id='word_1_12' title='bbox 618 222 624 228; x_wconf 93' lang='grc'><strong>·</strong></span> <span class='ocrx_word' id='word_1_13' title='bbox 647 214 717 241; x_wconf 80' lang='grc' dir='ltr'>ὥστε</span> <span class='ocrx_word' id='word_1_14' title='bbox 739 214 848 242; x_wconf 80' lang='grc' dir='ltr'>δοκοῦσί</span> <span class='ocrx_word' id='word_1_15' title='bbox 869 215 913 250; x_wconf 89' lang='grc' dir='ltr'><strong>μοί</strong></span> 
     </span>
    </p>
   </div>
   <div class='ocr_carea' id='block_1_5' title="bbox 968 213 1749 250">
    <p class='ocr_par' dir='ltr' id='par_1_5' title="bbox 968 213 1749 250">
     <span class='ocr_line' id='line_1_5' title="bbox 968 213 1749 250; baseline -0.001 -9"><span class='ocrx_word' id='word_1_16' title='bbox 968 218 1120 249; x_wconf 90' lang='lat' dir='ltr'><strong>proponunt</strong></span> <span class='ocrx_word' id='word_1_17' title='bbox 1136 217 1322 249; x_wconf 77' lang='lat' dir='ltr'><strong>pugnantem:</strong></span> <span class='ocrx_word' id='word_1_18' title='bbox 1339 214 1475 250; x_wconf 85' lang='lat' dir='ltr'><strong>siquidem</strong></span> <span class='ocrx_word' id='word_1_19' title='bbox 1491 221 1551 248; x_wconf 70' lang='lat' dir='ltr'><strong>quae</strong></span> <span class='ocrx_word' id='word_1_20' title='bbox 1569 213 1749 241; x_wconf 86' lang='lat' dir='ltr'><strong>subdividun—</strong></span> 
     </span>
    </p>
   </div>
   <div class='ocr_carea' id='block_1_6' title="bbox 118 259 911 297">
    <p class='ocr_par' dir='ltr' id='par_1_6' title="bbox 118 259 911 297">
     <span class='ocr_line' id='line_1_6' title="bbox 118 259 911 297; baseline 0.003 -12"><span class='ocrx_word' id='word_1_21' title='bbox 118 267 145 285; x_wconf 78' lang='grc' dir='ltr'><strong>τι</strong></span> <span class='ocrx_word' id='word_1_22' title='bbox 168 259 320 294; x_wconf 78' lang='grc' dir='ltr'><strong>κερδαίνειν</strong></span> <span class='ocrx_word' id='word_1_23' title='bbox 342 259 417 295; x_wconf 80' lang='grc' dir='ltr'>παρὰ</span> <span class='ocrx_word' id='word_1_24' title='bbox 436 259 484 296; x_wconf 87' lang='grc' dir='ltr'>τὴν</span> <span class='ocrx_word' id='word_1_25' title='bbox 507 259 610 288; x_wconf 80' lang='grc' dir='ltr'>ἄνοιαν.</span> <span class='ocrx_word' id='word_1_26' title='bbox 638 260 682 292; x_wconf 79' lang='grc' dir='ltr'><strong>Ὠς</strong></span> <span class='ocrx_word' id='word_1_27' title='bbox 707 261 761 296; x_wconf 87' lang='grc' dir='ltr'><strong>γὰρ</strong></span> <span class='ocrx_word' id='word_1_28' title='bbox 790 261 858 297; x_wconf 82' lang='grc' dir='ltr'>πρὸς</span> <span class='ocrx_word' id='word_1_29' title='bbox 876 261 911 287; x_wconf 82' lang='grc' dir='ltr'><strong>τὰ</strong></span> 
     </span>
    </p>
   </div>
   <div class='ocr_carea' id='block_1_7' title="bbox 121 303 910 340">
    <p class='ocr_par' dir='ltr' id='par_1_7' title="bbox 121 303 910 340">
     <span class='ocr_line' id='line_1_7' title="bbox 121 303 910 340; baseline 0.003 -11"><span class='ocrx_word' id='word_1_30' title='bbox 121 303 234 337; x_wconf 74' lang='grc' dir='ltr'>μαλακὰ</span> <span class='ocrx_word' id='word_1_31' title='bbox 262 305 308 330; x_wconf 79' lang='grc' dir='ltr'>καὶ</span> <span class='ocrx_word' id='word_1_32' title='bbox 327 304 473 331; x_wconf 79' lang='grc' dir='ltr'>ὑπείκοντα</span> <span class='ocrx_word' id='word_1_33' title='bbox 501 304 555 331; x_wconf 78' lang='grc' dir='ltr'>τῶν</span> <span class='ocrx_word' id='word_1_34' title='bbox 583 305 716 340; x_wconf 81' lang='grc' dir='ltr'>σωμάτων</span> <span class='ocrx_word' id='word_1_35' title='bbox 736 304 802 340; x_wconf 76' lang='grc'><strong>(51),</strong></span> <span class='ocrx_word' id='word_1_36' title='bbox 816 304 856 340; x_wconf 82' lang='grc' dir='ltr'>τῷ</span> <span class='ocrx_word' id='word_1_37' title='bbox 873 304 910 340; x_wconf 83' lang='grc' dir='ltr'>μὴ</span> 
     </span>
    </p>
   </div>
   <div class='ocr_carea' id='block_1_8' title="bbox 120 348 911 386">
    <p class='ocr_par' dir='ltr' id='par_1_8' title="bbox 120 348 911 386">
     <span class='ocr_line' id='line_1_8' title="bbox 120 348 911 386; baseline 0.003 -12"><span class='ocrx_word' id='word_1_38' title='bbox 120 348 196 383; x_wconf 82' lang='grc' dir='ltr'>ἔχειν</span> <span class='ocrx_word' id='word_1_39' title='bbox 204 349 366 384; x_wconf 79' lang='grc' dir='ltr'><strong>ἀντέρεισιν,</strong></span> <span class='ocrx_word' id='word_1_40' title='bbox 381 351 431 377; x_wconf 75' lang='grc' dir='ltr'>οὐκ</span> <span class='ocrx_word' id='word_1_41' title='bbox 442 350 498 377; x_wconf 79' lang='grc' dir='ltr'>ἔστι</span> <span class='ocrx_word' id='word_1_42' title='bbox 511 350 637 384; x_wconf 83' lang='grc' dir='ltr'>γενναίαν</span> <span class='ocrx_word' id='word_1_43' title='bbox 649 351 698 383; x_wconf 84' lang='grc' dir='ltr'>τὴν</span> <span class='ocrx_word' id='word_1_44' title='bbox 722 350 825 386; x_wconf 82' lang='grc' dir='ltr'>πληγὴν</span> <span class='ocrx_word' id='word_1_45' title='bbox 835 351 911 384; x_wconf 79' lang='grc' dir='ltr'>ἐνεγ-</span> 
     </span>
    </p>
   </div>
   <div class='ocr_carea' id='block_1_9' title="bbox 120 395 911 432">
    <p class='ocr_par' dir='ltr' id='par_1_9' title="bbox 120 395 911 432">
     <span class='ocr_line' id='line_1_9' title="bbox 120 395 911 432; baseline 0.004 -12"><span class='ocrx_word' id='word_1_46' title='bbox 120 396 180 421; x_wconf 80' lang='grc' dir='ltr'>κεῖν</span> <span class='ocrx_word' id='word_1_47' title='bbox 191 403 198 409; x_wconf 92' lang='grc'>·</span> <span class='ocrx_word' id='word_1_48' title='bbox 216 395 303 427; x_wconf 80' lang='grc' dir='ltr'>οὕτως</span> <span class='ocrx_word' id='word_1_49' title='bbox 320 396 382 422; x_wconf 79' lang='grc' dir='ltr'>οὐδὲ</span> <span class='ocrx_word' id='word_1_50' title='bbox 406 396 460 422; x_wconf 86' lang='grc' dir='ltr'><strong>τῶν</strong></span> <span class='ocrx_word' id='word_1_51' title='bbox 481 396 621 432; x_wconf 85' lang='grc' dir='ltr'>προδήλων</span> <span class='ocrx_word' id='word_1_52' title='bbox 643 397 683 428; x_wconf 83' lang='grc' dir='ltr'>εἰς</span> <span class='ocrx_word' id='word_1_53' title='bbox 696 396 790 423; x_wconf 81' lang='grc' dir='ltr'>ἄνοιαν</span> <span class='ocrx_word' id='word_1_54' title='bbox 800 396 911 423; x_wconf 81' lang='grc' dir='ltr'>δυνατὸν</span> 
     </span>
    </p>
   </div>
   <div class='ocr_carea' id='block_1_10' title="bbox 121 440 911 477">
    <p class='ocr_par' dir='ltr' id='par_1_10' title="bbox 121 440 911 477">
     <span class='ocr_line' id='line_1_10' title="bbox 121 440 911 477; baseline 0.001 -10"><span class='ocrx_word' id='word_1_55' title='bbox 121 440 227 476; x_wconf 73' lang='grc' dir='ltr'>ἐλέγχῳ</span> <span class='ocrx_word' id='word_1_56' title='bbox 248 441 363 477; x_wconf 81' lang='grc' dir='ltr'>νεανικῷ</span> <span class='ocrx_word' id='word_1_57' title='bbox 379 442 550 469; x_wconf 77' lang='grc' dir='ltr'><strong>καθικέσθαι.</strong></span> <span class='ocrx_word' id='word_1_58' title='bbox 567 442 697 469; x_wconf 83' lang='grc' dir='ltr'>Λείπεται</span> <span class='ocrx_word' id='word_1_59' title='bbox 716 440 764 469; x_wconf 76' lang='grc' dir='ltr'>οὖν</span> <span class='ocrx_word' id='word_1_60' title='bbox 781 444 871 477; x_wconf 87' lang='grc' dir='ltr'>σιωπῇ</span> <span class='ocrx_word' id='word_1_61' title='bbox 881 442 911 469; x_wconf 86' lang='grc' dir='ltr'>τὸ</span> 
     </span>
    </p>
   </div>
   <div class='ocr_carea' id='block_1_11' title="bbox 122 486 912 523">
    <p class='ocr_par' dir='ltr' id='par_1_11' title="bbox 122 486 912 523">
     <span class='ocr_line' id='line_1_11' title="bbox 122 486 912 523; baseline 0 -11"><span class='ocrx_word' id='word_1_62' title='bbox 122 486 266 521; x_wconf 75' lang='grc' dir='ltr'>βδελυκτὺν</span> <span class='ocrx_word' id='word_1_63' title='bbox 296 487 386 514; x_wconf 85' lang='grc' dir='ltr'>αὐτῶν</span> <span class='ocrx_word' id='word_1_64' title='bbox 412 488 461 522; x_wconf 80' lang='grc' dir='ltr'>τῆς</span> <span class='ocrx_word' id='word_1_65' title='bbox 484 487 611 519; x_wconf 75' lang='grc' dir='ltr'>ἀσεϐείας</span> <span class='ocrx_word' id='word_1_66' title='bbox 624 487 822 523; x_wconf 77' lang='grc' dir='ltr'><strong>παραδραμεῖν.</strong></span> <span class='ocrx_word' id='word_1_67' title='bbox 843 487 912 513; x_wconf 85' lang='grc' dir='ltr'>Ἀλλ’</span> 
     </span>
    </p>
   </div>
   <div class='ocr_carea' id='block_1_12' title="bbox 120 531 911 567">
    <p class='ocr_par' dir='ltr' id='par_1_12' title="bbox 120 531 911 567">
     <span class='ocr_line' id='line_1_12' title="bbox 120 531 911 567; baseline 0 -9"><span class='ocrx_word' id='word_1_68' title='bbox 120 532 172 558; x_wconf 73' lang='grc' dir='ltr'><strong>οὐκ</strong></span> <span class='ocrx_word' id='word_1_69' title='bbox 193 532 225 567; x_wconf 80' lang='grc' dir='ltr'><strong>ἑᾷ</strong></span> <span class='ocrx_word' id='word_1_70' title='bbox 249 532 298 567; x_wconf 82' lang='grc' dir='ltr'>τὴν</span> <span class='ocrx_word' id='word_1_71' title='bbox 322 532 438 567; x_wconf 73' lang='grc' dir='ltr'>ἡσυχίαν</span> <span class='ocrx_word' id='word_1_72' title='bbox 460 532 513 558; x_wconf 86' lang='grc' dir='ltr'>τῶν</span> <span class='ocrx_word' id='word_1_73' title='bbox 530 531 653 566; x_wconf 77' lang='grc' dir='ltr'>ἀδελφῶν</span> <span class='ocrx_word' id='word_1_74' title='bbox 669 533 685 567; x_wconf 81' lang='grc' dir='ltr'>ἡ</span> <span class='ocrx_word' id='word_1_75' title='bbox 702 532 808 567; x_wconf 77' lang='grc' dir='ltr'>ἀγάπη,</span> <span class='ocrx_word' id='word_1_76' title='bbox 825 532 872 558; x_wconf 76' lang='grc' dir='ltr'>καὶ</span> <span class='ocrx_word' id='word_1_77' title='bbox 895 533 911 567; x_wconf 82' lang='grc' dir='ltr'>ἡ</span> 
     </span>
    </p>
   </div>
   <div class='ocr_carea' id='block_1_13' title="bbox 122 577 471 613">
    <p class='ocr_par' dir='ltr' id='par_1_13' title="bbox 122 577 471 613">
     <span class='ocr_line' id='line_1_13' title="bbox 122 577 471 613; baseline 0 -9"><span class='ocrx_word' id='word_1_78' title='bbox 122 577 246 613; x_wconf 80' lang='grc' dir='ltr'>βαρύτης</span> <span class='ocrx_word' id='word_1_79' title='bbox 258 577 312 604; x_wconf 75' lang='grc' dir='ltr'><strong>τῶν</strong></span> <span class='ocrx_word' id='word_1_80' title='bbox 332 578 471 604; x_wconf 80' lang='grc' dir='ltr'>ἐναντίων.</span> 
     </span>
    </p>
   </div>
   <div class='ocr_carea' id='block_1_14' title="bbox 964 259 1749 294">
    <p class='ocr_par' dir='ltr' id='par_1_14' title="bbox 964 259 1749 294">
     <span class='ocr_line' id='line_1_14' title="bbox 964 259 1749 294; baseline 0.003 -9"><span class='ocrx_word' id='word_1_81' title='bbox 964 263 1018 290; x_wconf 90' lang='lat' dir='ltr'><strong>tur,</strong></span> <span class='ocrx_word' id='word_1_82' title='bbox 1030 259 1152 294; x_wconf 82' lang='lat' dir='ltr'><strong>ejusdem</strong></span> <span class='ocrx_word' id='word_1_83' title='bbox 1169 264 1232 286; x_wconf 91' lang='lat' dir='ltr'><strong>sunt</strong></span> <span class='ocrx_word' id='word_1_84' title='bbox 1242 260 1379 292; x_wconf 56' lang='lat' dir='ltr'><strong>essentia},</strong></span> <span class='ocrx_word' id='word_1_85' title='bbox 1394 259 1475 294; x_wconf 85' lang='lat' dir='ltr'><strong>cujus</strong></span> <span class='ocrx_word' id='word_1_86' title='bbox 1487 264 1551 286; x_wconf 88' lang='lat' dir='ltr'><strong>sunt</strong></span> <span class='ocrx_word' id='word_1_87' title='bbox 1564 259 1609 286; x_wconf 86' lang='lat' dir='ltr'><strong>illa</strong></span> <span class='ocrx_word' id='word_1_88' title='bbox 1622 266 1636 286; x_wconf 87' lang='lat' dir='ltr'><strong>a</strong></span> <span class='ocrx_word' id='word_1_89' title='bbox 1648 259 1749 294; x_wconf 91' lang='lat' dir='ltr'><strong>quibus</strong></span> 
     </span>
    </p>
   </div>
   <div class='ocr_carea' id='block_1_15' title="bbox 963 304 1750 340">
    <p class='ocr_par' dir='ltr' id='par_1_15' title="bbox 963 304 1750 340">
     <span class='ocr_line' id='line_1_15' title="bbox 963 304 1750 340; baseline 0 -9"><span class='ocrx_word' id='word_1_90' title='bbox 963 304 1130 332; x_wconf 90' lang='lat' dir='ltr'><strong>dividuntur.</strong></span> <span class='ocrx_word' id='word_1_91' title='bbox 1146 304 1198 332; x_wconf 87' lang='lat' dir='ltr'><strong>Sed</strong></span> <span class='ocrx_word' id='word_1_92' title='bbox 1209 306 1244 332; x_wconf 91' lang='lat' dir='ltr'><strong>ob</strong></span> <span class='ocrx_word' id='word_1_93' title='bbox 1252 313 1381 340; x_wconf 80' lang='lat' dir='ltr'><strong>magnam</strong></span> <span class='ocrx_word' id='word_1_94' title='bbox 1394 305 1571 333; x_wconf 88' lang='lat' dir='ltr'><strong>absurditatis</strong></span> <span class='ocrx_word' id='word_1_95' title='bbox 1585 305 1750 332; x_wconf 80' lang='lat' dir='ltr'><strong>evidentiam</strong></span> 
     </span>
    </p>
   </div>
   <div class='ocr_carea' id='block_1_16' title="bbox 963 348 1752 386">
    <p class='ocr_par' dir='ltr' id='par_1_16' title="bbox 963 348 1752 386">
     <span class='ocr_line' id='line_1_16' title="bbox 963 348 1752 386; baseline 0.001 -10"><span class='ocrx_word' id='word_1_96' title='bbox 963 350 1088 377; x_wconf 85' lang='lat' dir='ltr'><strong>videmur</strong></span> <span class='ocrx_word' id='word_1_97' title='bbox 1103 350 1226 377; x_wconf 87' lang='lat' dir='ltr'><strong>oratione</strong></span> <span class='ocrx_word' id='word_1_98' title='bbox 1239 348 1350 378; x_wconf 50' lang='lat' dir='ltr'><strong>deﬂtui</strong></span> <span class='ocrx_word' id='word_1_99' title='bbox 1362 370 1369 383; x_wconf 87' lang='lat'><strong>,</strong></span> <span class='ocrx_word' id='word_1_100' title='bbox 1385 359 1435 379; x_wconf 88' lang='lat' dir='ltr'><strong>nec</strong></span> <span class='ocrx_word' id='word_1_101' title='bbox 1457 351 1559 378; x_wconf 85' lang='lat' dir='ltr'><strong>habere</strong></span> <span class='ocrx_word' id='word_1_102' title='bbox 1572 351 1671 386; x_wconf 85' lang='lat' dir='ltr'><strong>quibus</strong></span> <span class='ocrx_word' id='word_1_103' title='bbox 1687 358 1752 377; x_wconf 86' lang='lat' dir='ltr'><strong>ver-</strong></span> 
     </span>
    </p>
   </div>
   <div class='ocr_carea' id='block_1_17' title="bbox 964 396 1750 432">
    <p class='ocr_par' dir='ltr' id='par_1_17' title="bbox 964 396 1750 432">
     <span class='ocr_line' id='line_1_17' title="bbox 964 396 1750 432; baseline 0 -10"><span class='ocrx_word' id='word_1_104' title='bbox 964 396 1006 424; x_wconf 88' lang='lat' dir='ltr'><strong>bis</strong></span> <span class='ocrx_word' id='word_1_105' title='bbox 1036 396 1146 423; x_wconf 88' lang='lat' dir='ltr'><strong>illorum</strong></span> <span class='ocrx_word' id='word_1_106' title='bbox 1171 396 1315 424; x_wconf 70' lang='lat' dir='ltr'><strong>stultitiam</strong></span> <span class='ocrx_word' id='word_1_107' title='bbox 1347 397 1597 432; x_wconf 86' lang='lat' dir='ltr'><strong>reprehendamus;</strong></span> <span class='ocrx_word' id='word_1_108' title='bbox 1626 396 1694 423; x_wconf 85' lang='lat' dir='ltr'><strong>adeo</strong></span> <span class='ocrx_word' id='word_1_109' title='bbox 1720 400 1750 423; x_wconf 90' lang='lat' dir='ltr'><strong>ut</strong></span> 
     </span>
    </p>
   </div>
   <div class='ocr_carea' id='block_1_18' title="bbox 965 441 1750 477">
    <p class='ocr_par' dir='ltr' id='par_1_18' title="bbox 965 441 1750 477">
     <span class='ocr_line' id='line_1_18' title="bbox 965 441 1750 477; baseline -0.001 -9"><span class='ocrx_word' id='word_1_110' title='bbox 965 442 1031 469; x_wconf 90' lang='lat' dir='ltr'><strong>mihi</strong></span> <span class='ocrx_word' id='word_1_111' title='bbox 1046 442 1190 469; x_wconf 88' lang='lat' dir='ltr'><strong>videantur</strong></span> <span class='ocrx_word' id='word_1_112' title='bbox 1209 446 1318 477; x_wconf 85' lang='lat' dir='ltr'><strong>propter</strong></span> <span class='ocrx_word' id='word_1_113' title='bbox 1341 443 1487 470; x_wconf 77' lang='lat' dir='ltr'><strong>amentiam</strong></span> <span class='ocrx_word' id='word_1_114' title='bbox 1512 441 1615 476; x_wconf 86' lang='lat' dir='ltr'><strong>aliquid</strong></span> <span class='ocrx_word' id='word_1_115' title='bbox 1637 441 1750 468; x_wconf 82' lang='lat' dir='ltr'><strong>lucrifa-</strong></span> 
     </span>
    </p>
   </div>
   <div class='ocr_carea' id='block_1_19' title="bbox 963 487 1751 523">
    <p class='ocr_par' dir='ltr' id='par_1_19' title="bbox 963 487 1751 523">
     <span class='ocr_line' id='line_1_19' title="bbox 963 487 1751 523; baseline -0.003 -8"><span class='ocrx_word' id='word_1_116' title='bbox 963 496 1035 516; x_wconf 85' lang='lat' dir='ltr'><strong>cere.</strong></span> <span class='ocrx_word' id='word_1_117' title='bbox 1054 488 1286 521; x_wconf 85' lang='lat' dir='ltr'><strong>Quemadmodum</strong></span> <span class='ocrx_word' id='word_1_118' title='bbox 1297 489 1368 516; x_wconf 86' lang='lat' dir='ltr'><strong>enim</strong></span> <span class='ocrx_word' id='word_1_119' title='bbox 1382 488 1408 515; x_wconf 89' lang='lat' dir='ltr'><strong>in</strong></span> <span class='ocrx_word' id='word_1_120' title='bbox 1421 495 1536 523; x_wconf 88' lang='lat' dir='ltr'><strong>corpora</strong></span> <span class='ocrx_word' id='word_1_121' title='bbox 1549 487 1640 514; x_wconf 80' lang='lat' dir='ltr'><strong>mollia</strong></span> <span class='ocrx_word' id='word_1_122' title='bbox 1651 487 1751 514; x_wconf 86' lang='lat' dir='ltr'><strong>ceden-</strong></span> 
     </span>
    </p>
   </div>
   <div class='ocr_carea' id='block_1_20' title="bbox 963 511 1771 570">
    <p class='ocr_par' dir='ltr' id='par_1_20' title="bbox 963 511 1771 570">
     <span class='ocr_line' id='line_1_20' title="bbox 963 511 1771 570; baseline -0.001 -10"><span class='ocrx_word' id='word_1_123' title='bbox 963 511 1123 569; x_wconf 35' lang='lat' dir='ltr'><strong>tiaque‘non</strong></span> <span class='ocrx_word' id='word_1_124' title='bbox 1140 535 1231 570; x_wconf 89' lang='lat' dir='ltr'><strong>possis</strong></span> <span class='ocrx_word' id='word_1_125' title='bbox 1250 511 1386 569; x_wconf 75' lang='lat' dir='ltr'><strong>egregiam</strong></span> <span class='ocrx_word' id='word_1_126' title='bbox 1400 534 1455 570; x_wconf 77' lang='lat'><strong>36</strong></span> <span class='ocrx_word' id='word_1_127' title='bbox 1469 511 1771 569; x_wconf 45' lang='lat' dir='ltr'><strong>plagam-impingere,‘</strong></span> 
     </span>
    </p>
   </div>
   <div class='ocr_carea' id='block_1_21' title="bbox 964 579 1751 615">
    <p class='ocr_par' dir='ltr' id='par_1_21' title="bbox 964 579 1751 615">
     <span class='ocr_line' id='line_1_21' title="bbox 964 579 1751 615; baseline -0.001 -9"><span class='ocrx_word' id='word_1_128' title='bbox 964 587 997 607; x_wconf 90' lang='lat' dir='ltr'><strong>eo</strong></span> <span class='ocrx_word' id='word_1_129' title='bbox 1012 581 1084 615; x_wconf 83' lang='lat' dir='ltr'><strong>quod</strong></span> <span class='ocrx_word' id='word_1_130' title='bbox 1097 580 1230 608; x_wconf 88' lang='lat' dir='ltr'><strong>obsistere</strong></span> <span class='ocrx_word' id='word_1_131' title='bbox 1244 585 1393 615; x_wconf 86' lang='lat' dir='ltr'><strong>contraque</strong></span> <span class='ocrx_word' id='word_1_132' title='bbox 1406 581 1457 607; x_wconf 89' lang='lat' dir='ltr'><strong>niti</strong></span> <span class='ocrx_word' id='word_1_133' title='bbox 1465 588 1519 607; x_wconf 89' lang='lat' dir='ltr'><strong>non</strong></span> <span class='ocrx_word' id='word_1_134' title='bbox 1530 584 1647 614; x_wconf 87' lang='lat' dir='ltr'><strong>queant:</strong></span> <span class='ocrx_word' id='word_1_135' title='bbox 1660 579 1696 605; x_wconf 91' lang='lat' dir='ltr'><strong>ita</strong></span> <span class='ocrx_word' id='word_1_136' title='bbox 1704 586 1751 605; x_wconf 87' lang='lat' dir='ltr'><strong>eos</strong></span> 
     </span>
    </p>
   </div>
   <div class='ocr_carea' id='block_1_22' title="bbox 118 625 1753 663">
    <p class='ocr_par' dir='ltr' id='par_1_22' title="bbox 118 625 1753 663">
     <span class='ocr_line' id='line_1_22' title="bbox 118 625 1753 663; baseline 0.001 -12"><span class='ocrx_word' id='word_1_137' title='bbox 118 626 169 659; x_wconf 87' lang='lat' dir='ltr'><strong>qui</strong></span> <span class='ocrx_word' id='word_1_138' title='bbox 186 625 273 659; x_wconf 84' lang='lat' dir='ltr'><strong>palam</strong></span> <span class='ocrx_word' id='word_1_139' title='bbox 288 625 431 652; x_wconf 88' lang='lat' dir='ltr'><strong>insaniunt</strong></span> <span class='ocrx_word' id='word_1_140' title='bbox 446 633 501 652; x_wconf 94' lang='lat' dir='ltr'><strong>non</strong></span> <span class='ocrx_word' id='word_1_141' title='bbox 523 625 613 660; x_wconf 88' lang='lat' dir='ltr'><strong>possis</strong></span> <span class='ocrx_word' id='word_1_142' title='bbox 637 625 701 652; x_wconf 80' lang='lat' dir='ltr'><strong>forti</strong></span> <span class='ocrx_word' id='word_1_143' title='bbox 719 632 752 652; x_wconf 89' lang='lat' dir='ltr'><strong>ac</strong></span> <span class='ocrx_word' id='word_1_144' title='bbox 773 625 848 652; x_wconf 81' lang='lat' dir='ltr'><strong>virili</strong></span> <span class='ocrx_word' id='word_1_145' title='bbox 868 626 1061 662; x_wconf 78' lang='lat' dir='ltr'><strong>redargutione</strong></span> <span class='ocrx_word' id='word_1_146' title='bbox 1074 628 1232 662; x_wconf 90' lang='lat' dir='ltr'><strong>pereellere.</strong></span> <span class='ocrx_word' id='word_1_147' title='bbox 1263 627 1395 663; x_wconf 82' lang='lat' dir='ltr'><strong>Superest</strong></span> <span class='ocrx_word' id='word_1_148' title='bbox 1423 627 1508 662; x_wconf 78' lang='lat' dir='ltr'><strong>igitur</strong></span> <span class='ocrx_word' id='word_1_149' title='bbox 1535 630 1566 654; x_wconf 89' lang='lat' dir='ltr'><strong>ut</strong></span> <span class='ocrx_word' id='word_1_150' title='bbox 1592 626 1753 654; x_wconf 87' lang='lat' dir='ltr'><strong>abominan-</strong></span> 
     </span>
    </p>
   </div>
   <div class='ocr_carea' id='block_1_23' title="bbox 121 671 1753 710">
    <p class='ocr_par' dir='ltr' id='par_1_23' title="bbox 121 671 1753 710">
     <span class='ocr_line' id='line_1_23' title="bbox 121 671 1753 710; baseline 0.001 -12"><span class='ocrx_word' id='word_1_151' title='bbox 121 671 186 698; x_wconf 85' lang='lat' dir='ltr'><strong>dam</strong></span> <span class='ocrx_word' id='word_1_152' title='bbox 206 672 315 698; x_wconf 86' lang='lat' dir='ltr'><strong>illorum</strong></span> <span class='ocrx_word' id='word_1_153' title='bbox 335 672 502 707; x_wconf 84' lang='lat' dir='ltr'><strong>impietatem</strong></span> <span class='ocrx_word' id='word_1_154' title='bbox 525 672 636 699; x_wconf 84' lang='lat' dir='ltr'><strong>silentio</strong></span> <span class='ocrx_word' id='word_1_155' title='bbox 652 673 862 707; x_wconf 66' lang='lat' dir='ltr'><strong>praetereamus.</strong></span> <span class='ocrx_word' id='word_1_156' title='bbox 881 673 914 700; x_wconf 77' lang='lat' dir='ltr'><strong>At</strong></span> <span class='ocrx_word' id='word_1_157' title='bbox 932 682 987 701; x_wconf 84' lang='lat' dir='ltr'><strong>non</strong></span> <span class='ocrx_word' id='word_1_158' title='bbox 1001 675 1103 710; x_wconf 90' lang='lat' dir='ltr'><strong>patitur</strong></span> <span class='ocrx_word' id='word_1_159' title='bbox 1116 675 1198 702; x_wconf 90' lang='lat' dir='ltr'><strong>silere</strong></span> <span class='ocrx_word' id='word_1_160' title='bbox 1212 683 1256 702; x_wconf 90' lang='lat' dir='ltr'><strong>me</strong></span> <span class='ocrx_word' id='word_1_161' title='bbox 1268 683 1320 702; x_wconf 88' lang='lat' dir='ltr'><strong>nec</strong></span> <span class='ocrx_word' id='word_1_162' title='bbox 1334 675 1449 702; x_wconf 78' lang='lat' dir='ltr'><strong>fratrum</strong></span> <span class='ocrx_word' id='word_1_163' title='bbox 1461 674 1592 707; x_wconf 86' lang='lat' dir='ltr'><strong>charitas,</strong></span> <span class='ocrx_word' id='word_1_164' title='bbox 1622 681 1673 701; x_wconf 91' lang='lat' dir='ltr'><strong>nec</strong></span> <span class='ocrx_word' id='word_1_165' title='bbox 1705 672 1753 699; x_wconf 82' lang='lat' dir='ltr'><strong>ad-</strong></span> 
     </span>
    </p>
   </div>
   <div class='ocr_carea' id='block_1_24' title="bbox 121 717 495 752">
    <p class='ocr_par' dir='ltr' id='par_1_24' title="bbox 121 717 495 752">
     <span class='ocr_line' id='line_1_24' title="bbox 121 717 495 752; baseline 0.005 -9"><span class='ocrx_word' id='word_1_166' title='bbox 121 718 307 745; x_wconf 86' lang='lat' dir='ltr'><strong>versariorum</strong></span> <span class='ocrx_word' id='word_1_167' title='bbox 324 717 495 752; x_wconf 76' lang='lat' dir='ltr'><strong>improbitas.</strong></span> 
     </span>
    </p>
   </div>
   <div class='ocr_carea' id='block_1_25' title="bbox 157 761 913 798">
    <p class='ocr_par' dir='ltr' id='par_1_25' title="bbox 157 761 913 798">
     <span class='ocr_line' id='line_1_25' title="bbox 157 761 913 798; baseline 0.003 -10"><span class='ocrx_word' id='word_1_168' title='bbox 157 762 204 789; x_wconf 72' lang='grc'><strong>42.</strong></span> <span class='ocrx_word' id='word_1_169' title='bbox 218 762 251 788; x_wconf 89' lang='grc' dir='ltr'>Τί</span> <span class='ocrx_word' id='word_1_170' title='bbox 267 761 321 797; x_wconf 84' lang='grc' dir='ltr'><strong>γὰρ</strong></span> <span class='ocrx_word' id='word_1_171' title='bbox 336 761 474 796; x_wconf 82' lang='grc' dir='ltr'>λέγουσιν;</span> <span class='ocrx_word' id='word_1_172' title='bbox 497 761 593 798; x_wconf 82' lang='grc' dir='ltr'>Ὁρᾶτε</span> <span class='ocrx_word' id='word_1_173' title='bbox 600 762 689 789; x_wconf 84' lang='grc' dir='ltr'>αὐτῶν</span> <span class='ocrx_word' id='word_1_174' title='bbox 699 763 748 798; x_wconf 86' lang='grc' dir='ltr'>τῆς</span> <span class='ocrx_word' id='word_1_175' title='bbox 757 762 913 796; x_wconf 76' lang='grc' dir='ltr'>ἀλαζονείας</span> 
     </span>
    </p>
   </div>
   <div class='ocr_carea' id='block_1_26' title="bbox 120 807 913 845">
    <p class='ocr_par' dir='ltr' id='par_1_26' title="bbox 120 807 913 845">
     <span class='ocr_line' id='line_1_26' title="bbox 120 807 913 845; baseline 0.004 -12"><span class='ocrx_word' id='word_1_176' title='bbox 120 807 157 834; x_wconf 73' lang='grc' dir='ltr'>τὰ</span> <span class='ocrx_word' id='word_1_177' title='bbox 176 808 296 842; x_wconf 75' lang='grc' dir='ltr'>ῥήματα.</span> <span class='ocrx_word' id='word_1_178' title='bbox 326 807 420 842; x_wconf 85' lang='grc' dir='ltr'>Ἡμεῖς</span> <span class='ocrx_word' id='word_1_179' title='bbox 443 809 498 839; x_wconf 87' lang='grc' dir='ltr'>τοῖς</span> <span class='ocrx_word' id='word_1_180' title='bbox 526 807 577 843; x_wconf 86' lang='grc' dir='ltr'>μὲν</span> <span class='ocrx_word' id='word_1_181' title='bbox 599 808 740 843; x_wconf 74' lang='grc' dir='ltr'><strong>ὁμοτίμοις</strong></span> <span class='ocrx_word' id='word_1_182' title='bbox 756 810 845 844; x_wconf 80' lang='grc' dir='ltr'>φαμὲν</span> <span class='ocrx_word' id='word_1_183' title='bbox 864 810 913 845; x_wconf 77' lang='grc' dir='ltr'>τὴν</span> 
     </span>
    </p>
   </div>
   <div class='ocr_carea' id='block_1_27' title="bbox 124 852 915 889">
    <p class='ocr_par' dir='ltr' id='par_1_27' title="bbox 124 852 915 889">
     <span class='ocr_line' id='line_1_27' title="bbox 124 852 915 889; baseline 0.003 -11"><span class='ocrx_word' id='word_1_184' title='bbox 124 852 321 888; x_wconf 74' lang='grc' dir='ltr'>συναρίθμησιν</span> <span class='ocrx_word' id='word_1_185' title='bbox 333 852 448 888; x_wconf 79' lang='grc' dir='ltr'>πρέπειν</span> <span class='ocrx_word' id='word_1_186' title='bbox 458 862 464 867; x_wconf 84' lang='grc'><strong>-</strong></span> <span class='ocrx_word' id='word_1_187' title='bbox 478 853 534 884; x_wconf 86' lang='grc' dir='ltr'>τοῖς</span> <span class='ocrx_word' id='word_1_188' title='bbox 547 852 575 879; x_wconf 81' lang='grc' dir='ltr'>δὲ</span> <span class='ocrx_word' id='word_1_189' title='bbox 587 853 655 888; x_wconf 81' lang='grc' dir='ltr'>πρὸς</span> <span class='ocrx_word' id='word_1_190' title='bbox 668 853 699 879; x_wconf 81' lang='grc' dir='ltr'>τὸ</span> <span class='ocrx_word' id='word_1_191' title='bbox 714 855 803 889; x_wconf 86' lang='grc' dir='ltr'>χεῖρον</span> <span class='ocrx_word' id='word_1_192' title='bbox 810 854 915 889; x_wconf 74' lang='grc' dir='ltr'>παρηλ-</span> 
     </span>
    </p>
   </div>
   <div class='ocr_carea' id='block_1_28' title="bbox 121 898 914 934">
    <p class='ocr_par' dir='ltr' id='par_1_28' title="bbox 121 898 914 934">
     <span class='ocr_line' id='line_1_28' title="bbox 121 898 914 934; baseline 0.001 -9"><span class='ocrx_word' id='word_1_193' title='bbox 121 899 270 934; x_wconf 82' lang='grc' dir='ltr'>λαγμένοις</span> <span class='ocrx_word' id='word_1_194' title='bbox 279 898 328 933; x_wconf 81' lang='grc' dir='ltr'>τὴν</span> <span class='ocrx_word' id='word_1_195' title='bbox 344 898 444 933; x_wconf 72' lang='grc' dir='ltr'>ὑπαρίθ</span> <span class='ocrx_word' id='word_1_196' title='bbox 450 906 542 933; x_wconf 87' lang='grc' dir='ltr'>μησιν.</span> <span class='ocrx_word' id='word_1_197' title='bbox 554 899 608 925; x_wconf 85' lang='grc' dir='ltr'><strong>Καὶ</strong></span> <span class='ocrx_word' id='word_1_198' title='bbox 615 898 695 925; x_wconf 84' lang='grc' dir='ltr'>τοῦτο</span> <span class='ocrx_word' id='word_1_199' title='bbox 702 899 728 925; x_wconf 89' lang='grc' dir='ltr'><strong>τί</strong></span> <span class='ocrx_word' id='word_1_200' title='bbox 739 908 803 926; x_wconf 79' lang='grc' dir='ltr'>ποτε</span> <span class='ocrx_word' id='word_1_201' title='bbox 811 899 914 934; x_wconf 71' lang='grc' dir='ltr'>λέγετες</span> 
     </span>
    </p>
   </div>
   <div class='ocr_carea' id='block_1_29' title="bbox 121 944 915 981">
    <p class='ocr_par' dir='ltr' id='par_1_29' title="bbox 121 944 915 981">
     <span class='ocr_line' id='line_1_29' title="bbox 121 944 915 981; baseline 0.001 -10"><span class='ocrx_word' id='word_1_202' title='bbox 121 946 160 971; x_wconf 75' lang='grc' dir='ltr'><strong>Οὐ</strong></span> <span class='ocrx_word' id='word_1_203' title='bbox 177 945 232 980; x_wconf 78' lang='grc' dir='ltr'><strong>γὰρ</strong></span> <span class='ocrx_word' id='word_1_204' title='bbox 249 944 358 980; x_wconf 82' lang='grc' dir='ltr'>συνίημι</span> <span class='ocrx_word' id='word_1_205' title='bbox 369 944 444 978; x_wconf 80' lang='grc' dir='ltr'>ὑμῶν</span> <span class='ocrx_word' id='word_1_206' title='bbox 455 944 504 978; x_wconf 78' lang='grc' dir='ltr'>τῆς</span> <span class='ocrx_word' id='word_1_207' title='bbox 522 944 665 970; x_wconf 80' lang='grc' dir='ltr'><strong>ἀλλοκότου</strong></span> <span class='ocrx_word' id='word_1_208' title='bbox 684 945 788 979; x_wconf 83' lang='grc' dir='ltr'>σοφίας.</span> <span class='ocrx_word' id='word_1_209' title='bbox 799 945 915 981; x_wconf 82' lang='grc' dir='ltr'>Πότερον</span> 
     </span>
    </p>
   </div>
   <div class='ocr_carea' id='block_1_30' title="bbox 119 989 915 1026">
    <p class='ocr_par' dir='ltr' id='par_1_30' title="bbox 119 989 915 1026">
     <span class='ocr_line' id='line_1_30' title="bbox 119 989 915 1026; baseline 0 -8"><span class='ocrx_word' id='word_1_210' title='bbox 119 992 161 1018; x_wconf 84' lang='grc' dir='ltr'>ὅτι</span> <span class='ocrx_word' id='word_1_211' title='bbox 173 991 274 1026; x_wconf 79' lang='grc' dir='ltr'>χρυσὸς</span> <span class='ocrx_word' id='word_1_212' title='bbox 297 991 346 1025; x_wconf 81' lang='grc' dir='ltr'>μὲν</span> <span class='ocrx_word' id='word_1_213' title='bbox 366 989 459 1025; x_wconf 86' lang='grc' dir='ltr'>χρυσῷ</span> <span class='ocrx_word' id='word_1_214' title='bbox 479 989 696 1025; x_wconf 78' lang='grc' dir='ltr'>συναριθμεῖται,</span> <span class='ocrx_word' id='word_1_215' title='bbox 714 991 727 1016; x_wconf 84' lang='grc' dir='ltr'>ὁ</span> <span class='ocrx_word' id='word_1_216' title='bbox 741 991 770 1017; x_wconf 79' lang='grc' dir='ltr'>δὲ</span> <span class='ocrx_word' id='word_1_217' title='bbox 786 991 915 1026; x_wconf 75' lang='grc' dir='ltr'>μόλυϐδος</span> 
     </span>
    </p>
   </div>
   <div class='ocr_carea' id='block_1_31' title="bbox 120 1036 915 1073">
    <p class='ocr_par' dir='ltr' id='par_1_31' title="bbox 120 1036 915 1073">
     <span class='ocr_line' id='line_1_31' title="bbox 120 1036 915 1073; baseline 0.001 -10"><span class='ocrx_word' id='word_1_218' title='bbox 120 1037 215 1064; x_wconf 72' lang='grc' dir='ltr'>οὐκέτι</span> <span class='ocrx_word' id='word_1_219' title='bbox 228 1037 277 1072; x_wconf 77' lang='grc' dir='ltr'>τῆς</span> <span class='ocrx_word' id='word_1_220' title='bbox 290 1036 604 1072; x_wconf 78' lang='grc' dir='ltr'>συναριθμήσεωςᾶξιος,</span> <span class='ocrx_word' id='word_1_221' title='bbox 615 1036 682 1063; x_wconf 79' lang='grc' dir='ltr'>ἀλλὰ</span> <span class='ocrx_word' id='word_1_222' title='bbox 695 1037 739 1064; x_wconf 80' lang='grc' dir='ltr'>διὰ</span> <span class='ocrx_word' id='word_1_223' title='bbox 748 1037 778 1063; x_wconf 86' lang='grc' dir='ltr'>τὸ</span> <span class='ocrx_word' id='word_1_224' title='bbox 787 1038 835 1073; x_wconf 80' lang='grc' dir='ltr'>τῆς</span> <span class='ocrx_word' id='word_1_225' title='bbox 849 1037 915 1073; x_wconf 76' lang='grc' dir='ltr'>ὕλης</span> 
     </span>
    </p>
   </div>
   <div class='ocr_carea' id='block_1_32' title="bbox 121 1080 914 1116">
    <p class='ocr_par' dir='ltr' id='par_1_32' title="bbox 121 1080 914 1116">
     <span class='ocr_line' id='line_1_32' title="bbox 121 1080 914 1116; baseline -0.001 -8"><span class='ocrx_word' id='word_1_226' title='bbox 121 1083 222 1109; x_wconf 63' lang='grc' dir='ltr'>εἱωνον</span> <span class='ocrx_word' id='word_1_227' title='bbox 243 1080 499 1116; x_wconf 79' lang='grc' dir='ltr'>ὑπαριθμηθήσεται</span> <span class='ocrx_word' id='word_1_228' title='bbox 526 1080 567 1115; x_wconf 84' lang='grc' dir='ltr'>τῷ</span> <span class='ocrx_word' id='word_1_229' title='bbox 584 1080 696 1116; x_wconf 83' lang='grc' dir='ltr'>χρυσῷ;</span> <span class='ocrx_word' id='word_1_230' title='bbox 714 1082 769 1107; x_wconf 84' lang='grc' dir='ltr'><strong>Καὶ</strong></span> <span class='ocrx_word' id='word_1_231' title='bbox 782 1081 914 1116; x_wconf 78' lang='grc' dir='ltr'><strong>τοσαύτην</strong></span> 
     </span>
    </p>
   </div>
   <div class='ocr_carea' id='block_1_33' title="bbox 119 1126 914 1163">
    <p class='ocr_par' dir='ltr' id='par_1_33' title="bbox 119 1126 914 1163">
     <span class='ocr_line' id='line_1_33' title="bbox 119 1126 914 1163; baseline -0.001 -9"><span class='ocrx_word' id='word_1_232' title='bbox 119 1128 235 1163; x_wconf 80' lang='grc' dir='ltr'>δύναμιν</span> <span class='ocrx_word' id='word_1_233' title='bbox 264 1127 304 1162; x_wconf 75' lang='grc' dir='ltr'>τῷ</span> <span class='ocrx_word' id='word_1_234' title='bbox 328 1126 438 1162; x_wconf 83' lang='grc' dir='ltr'>ἀριθμῷ</span> <span class='ocrx_word' id='word_1_235' title='bbox 453 1126 627 1163; x_wconf 86' lang='grc' dir='ltr'>μαρτυρεῖτε,</span> <span class='ocrx_word' id='word_1_236' title='bbox 643 1126 681 1158; x_wconf 79' lang='grc' dir='ltr'>ὡς</span> <span class='ocrx_word' id='word_1_237' title='bbox 701 1127 717 1162; x_wconf 85' lang='grc' dir='ltr'>ἤ</span> <span class='ocrx_word' id='word_1_238' title='bbox 732 1126 786 1153; x_wconf 84' lang='grc' dir='ltr'>τῶν</span> <span class='ocrx_word' id='word_1_239' title='bbox 798 1126 914 1153; x_wconf 78' lang='grc' dir='ltr'>εὐτελῶν</span> 
     </span>
    </p>
   </div>
   <div class='ocr_carea' id='block_1_34' title="bbox 119 1172 915 1210">
    <p class='ocr_par' dir='ltr' id='par_1_34' title="bbox 119 1172 915 1210">
     <span class='ocr_line' id='line_1_34' title="bbox 119 1172 915 1210; baseline -0.005 -8"><span class='ocrx_word' id='word_1_240' title='bbox 119 1175 171 1210; x_wconf 80' lang='grc' dir='ltr'>τὴν</span> <span class='ocrx_word' id='word_1_241' title='bbox 192 1174 270 1207; x_wconf 79' lang='grc' dir='ltr'>ἀξίαν</span> <span class='ocrx_word' id='word_1_242' title='bbox 287 1173 457 1209; x_wconf 83' lang='grc' dir='ltr'>ὑπεραίρειν,</span> <span class='ocrx_word' id='word_1_243' title='bbox 486 1172 571 1209; x_wconf 83' lang='grc' dir='ltr'>ῆτῶν</span> <span class='ocrx_word' id='word_1_244' title='bbox 599 1173 790 1208; x_wconf 81' lang='grc' dir='ltr'>πολυτιμήτων</span> <span class='ocrx_word' id='word_1_245' title='bbox 811 1172 867 1208; x_wconf 70' lang='grc'><strong>(52)</strong></span> <span class='ocrx_word' id='word_1_246' title='bbox 884 1172 915 1199; x_wconf 79' lang='grc' dir='ltr'>τὸ</span> 
     </span>
    </p>
   </div>
   <div class='ocr_carea' id='block_1_35' title="bbox 121 1218 914 1256">
    <p class='ocr_par' dir='ltr' id='par_1_35' title="bbox 121 1218 914 1256">
     <span class='ocr_line' id='line_1_35' title="bbox 121 1218 914 1256; baseline -0.004 -9"><span class='ocrx_word' id='word_1_247' title='bbox 121 1221 222 1256; x_wconf 70' lang='grc' dir='ltr'>σεμνὸν</span> <span class='ocrx_word' id='word_1_248' title='bbox 248 1220 443 1252; x_wconf 76' lang='grc' dir='ltr'>καταϐάλλειν;</span> <span class='ocrx_word' id='word_1_249' title='bbox 459 1218 563 1246; x_wconf 76' lang='grc' dir='ltr'>Οὐκοῦν</span> <span class='ocrx_word' id='word_1_250' title='bbox 583 1218 664 1246; x_wconf 88' lang='grc' dir='ltr'>πάλιν</span> <span class='ocrx_word' id='word_1_251' title='bbox 687 1219 734 1245; x_wconf 82' lang='grc' dir='ltr'>καὶ</span> <span class='ocrx_word' id='word_1_252' title='bbox 752 1219 798 1246; x_wconf 82' lang='grc' dir='ltr'>τὸν</span> <span class='ocrx_word' id='word_1_253' title='bbox 814 1218 914 1254; x_wconf 74' lang='grc' dir='ltr'>χρυσὸν</span> 
     </span>
    </p>
   </div>
   <div class='ocr_carea' id='block_1_36' title="bbox 119 1257 913 1301">
    <p class='ocr_par' dir='ltr' id='par_1_36' title="bbox 119 1257 913 1301">
     <span class='ocr_line' id='line_1_36' title="bbox 119 1257 913 1301; baseline -0.003 -9"><span class='ocrx_word' id='word_1_254' title='bbox 119 1268 178 1297; x_wconf 73' lang='grc' dir='ltr'>τοῖς</span> <span class='ocrx_word' id='word_1_255' title='bbox 194 1265 354 1301; x_wconf 57' lang='lat' dir='ltr'><strong>papa-tium;</strong></span> <span class='ocrx_word' id='word_1_256' title='bbox 382 1257 437 1291; x_wconf 81' lang='grc' dir='ltr'>τῶν</span> <span class='ocrx_word' id='word_1_257' title='bbox 451 1264 531 1291; x_wconf 85' lang='grc' dir='ltr'>λίθων</span> <span class='ocrx_word' id='word_1_258' title='bbox 548 1264 761 1300; x_wconf 81' lang='grc' dir='ltr'>ὐπαριθμήσεις,</span> <span class='ocrx_word' id='word_1_259' title='bbox 778 1264 913 1291; x_wconf 85' lang='grc' dir='ltr'>κάκείνων</span> 
     </span>
    </p>
   </div>
   <div class='ocr_carea' id='block_1_37' title="bbox 120 1309 915 1346">
    <p class='ocr_par' dir='ltr' id='par_1_37' title="bbox 120 1309 915 1346">
     <span class='ocr_line' id='line_1_37' title="bbox 120 1309 915 1346; baseline -0.005 -7"><span class='ocrx_word' id='word_1_260' title='bbox 120 1314 178 1344; x_wconf 77' lang='grc' dir='ltr'>τοῖς</span> <span class='ocrx_word' id='word_1_261' title='bbox 198 1311 402 1346; x_wconf 73' lang='grc' dir='ltr'>εὐανθεστέροις</span> <span class='ocrx_word' id='word_1_262' title='bbox 418 1311 464 1337; x_wconf 76' lang='grc' dir='ltr'><strong>καὶ</strong></span> <span class='ocrx_word' id='word_1_263' title='bbox 480 1311 583 1346; x_wconf 81' lang='grc' dir='ltr'>μείζοσι</span> <span class='ocrx_word' id='word_1_264' title='bbox 610 1311 673 1342; x_wconf 82' lang='grc' dir='ltr'>τοὺς</span> <span class='ocrx_word' id='word_1_265' title='bbox 691 1309 915 1346; x_wconf 82' lang='grc' dir='ltr'>ἁλαμπεστέρους</span> 
     </span>
    </p>
   </div>
   <div class='ocr_carea' id='block_1_38' title="bbox 120 1355 915 1393">
    <p class='ocr_par' dir='ltr' id='par_1_38' title="bbox 120 1355 915 1393">
     <span class='ocr_line' id='line_1_38' title="bbox 120 1355 915 1393; baseline -0.004 -9"><span class='ocrx_word' id='word_1_266' title='bbox 120 1358 169 1384; x_wconf 80' lang='grc' dir='ltr'>καὶ</span> <span class='ocrx_word' id='word_1_267' title='bbox 195 1357 384 1393; x_wconf 78' lang='grc' dir='ltr'>μικροτέρους.</span> <span class='ocrx_word' id='word_1_268' title='bbox 422 1356 501 1383; x_wconf 72' lang='grc' dir='ltr'>Ἀλλὰ</span> <span class='ocrx_word' id='word_1_269' title='bbox 523 1356 550 1383; x_wconf 87' lang='grc' dir='ltr'><strong>τί</strong></span> <span class='ocrx_word' id='word_1_270' title='bbox 571 1356 621 1383; x_wconf 73' lang='grc' dir='ltr'>οὐκ</span> <span class='ocrx_word' id='word_1_271' title='bbox 646 1355 679 1382; x_wconf 84' lang='grc' dir='ltr'>ἂν</span> <span class='ocrx_word' id='word_1_272' title='bbox 701 1356 803 1382; x_wconf 76' lang='grc' dir='ltr'>εἴποιεν</span> <span class='ocrx_word' id='word_1_273' title='bbox 827 1356 852 1381; x_wconf 83' lang='grc' dir='ltr'>οἱ</span> <span class='ocrx_word' id='word_1_274' title='bbox 875 1356 915 1386; x_wconf 83' lang='grc' dir='ltr'><strong>εἰς</strong></span> 
     </span>
    </p>
   </div>
   <div class='ocr_carea' id='block_1_39' title="bbox 121 1400 914 1438">
    <p class='ocr_par' dir='ltr' id='par_1_39' title="bbox 121 1400 914 1438">
     <span class='ocr_line' id='line_1_39' title="bbox 121 1400 914 1438; baseline -0.003 -9"><span class='ocrx_word' id='word_1_275' title='bbox 121 1403 208 1438; x_wconf 82' lang='grc' dir='ltr'>μηδὲν</span> <span class='ocrx_word' id='word_1_276' title='bbox 237 1403 301 1429; x_wconf 78' lang='grc' dir='ltr'>ἄλλο</span> <span class='ocrx_word' id='word_1_277' title='bbox 325 1401 526 1438; x_wconf 68' lang='grc' dir='ltr'>εὖκαιροῦντες,</span> <span class='ocrx_word' id='word_1_278' title='bbox 551 1401 567 1437; x_wconf 84' lang='grc' dir='ltr'>ἢ</span> <span class='ocrx_word' id='word_1_279' title='bbox 595 1401 683 1435; x_wconf 83' lang='grc' dir='ltr'>λέγειν</span> <span class='ocrx_word' id='word_1_280' title='bbox 700 1409 727 1427; x_wconf 81' lang='grc' dir='ltr'><strong>τι</strong></span> <span class='ocrx_word' id='word_1_281' title='bbox 744 1401 791 1427; x_wconf 79' lang='grc' dir='ltr'>καὶ</span> <span class='ocrx_word' id='word_1_282' title='bbox 805 1400 914 1427; x_wconf 79' lang='grc' dir='ltr'>ἀκούειν</span> 
     </span>
    </p>
   </div>
   <div class='ocr_carea' id='block_1_40' title="bbox 121 1447 914 1483">
    <p class='ocr_par' dir='ltr' id='par_1_40' title="bbox 121 1447 914 1483">
     <span class='ocr_line' id='line_1_40' title="bbox 121 1447 914 1483; baseline -0.003 -8"><span class='ocrx_word' id='word_1_283' title='bbox 121 1448 299 1483; x_wconf 76' lang='grc' dir='ltr'>καινότερον;</span> <span class='ocrx_word' id='word_1_284' title='bbox 327 1447 566 1483; x_wconf 76' lang='grc' dir='ltr'>Ὀνομαζέσοωσαν</span> <span class='ocrx_word' id='word_1_285' title='bbox 593 1447 685 1474; x_wconf 87' lang='grc' dir='ltr'>λοιπὸν</span> <span class='ocrx_word' id='word_1_286' title='bbox 704 1447 773 1482; x_wconf 84' lang='grc' dir='ltr'>μετὰ</span> <span class='ocrx_word' id='word_1_287' title='bbox 788 1447 914 1473; x_wconf 81' lang='grc' dir='ltr'>Στωϊκῶν</span> 
     </span>
    </p>
   </div>
   <div class='ocr_carea' id='block_1_41' title="bbox 121 1493 914 1530">
    <p class='ocr_par' dir='ltr' id='par_1_41' title="bbox 121 1493 914 1530">
     <span class='ocr_line' id='line_1_41' title="bbox 121 1493 914 1530; baseline -0.003 -9"><span class='ocrx_word' id='word_1_288' title='bbox 121 1496 171 1522; x_wconf 72' lang='grc' dir='ltr'>καὶ</span> <span class='ocrx_word' id='word_1_289' title='bbox 203 1495 396 1530; x_wconf 79' lang='grc' dir='ltr'>Ἐπικουρείων</span> <span class='ocrx_word' id='word_1_290' title='bbox 411 1495 436 1520; x_wconf 84' lang='lat' dir='ltr'><strong>oi</strong></span> <span class='ocrx_word' id='word_1_291' title='bbox 457 1494 636 1529; x_wconf 69' lang='grc' dir='ltr'>διαψηφισταὶ</span> <span class='ocrx_word' id='word_1_292' title='bbox 655 1493 706 1528; x_wconf 80' lang='grc' dir='ltr'>τῆς</span> <span class='ocrx_word' id='word_1_293' title='bbox 717 1493 854 1525; x_wconf 74' lang='grc' dir='ltr'>ὰσεὸείας.</span> <span class='ocrx_word' id='word_1_294' title='bbox 866 1493 914 1524; x_wconf 90' lang='grc' dir='ltr'>Τίς</span> 
     </span>
    </p>
   </div>
   <div class='ocr_carea' id='block_1_42' title="bbox 1002 760 1753 797">
    <p class='ocr_par' dir='ltr' id='par_1_42' title="bbox 1002 760 1753 797">
     <span class='ocr_line' id='line_1_42' title="bbox 1002 760 1753 797; baseline 0 -7"><span class='ocrx_word' id='word_1_295' title='bbox 1002 762 1047 790; x_wconf 70' lang='grc'><strong>42.</strong></span> <span class='ocrx_word' id='word_1_296' title='bbox 1062 762 1132 795; x_wconf 83' lang='lat' dir='ltr'><strong>Quid</strong></span> <span class='ocrx_word' id='word_1_297' title='bbox 1145 762 1228 797; x_wconf 80' lang='lat' dir='ltr'><strong>igitur</strong></span> <span class='ocrx_word' id='word_1_298' title='bbox 1238 761 1334 789; x_wconf 84' lang='lat' dir='ltr'><strong>dicunt</strong></span> <span class='ocrx_word' id='word_1_299' title='bbox 1344 761 1356 788; x_wconf 78' lang='lat' dir='ltr'><strong>‘i</strong></span> <span class='ocrx_word' id='word_1_300' title='bbox 1365 760 1461 788; x_wconf 80' lang='lat' dir='ltr'><strong>Videte</strong></span> <span class='ocrx_word' id='word_1_301' title='bbox 1471 765 1573 796; x_wconf 86' lang='lat' dir='ltr'><strong>quanta</strong></span> <span class='ocrx_word' id='word_1_302' title='bbox 1585 761 1621 788; x_wconf 87' lang='lat' dir='ltr'><strong>sit</strong></span> <span class='ocrx_word' id='word_1_303' title='bbox 1632 761 1659 787; x_wconf 93' lang='lat' dir='ltr'><strong>in</strong></span> <span class='ocrx_word' id='word_1_304' title='bbox 1670 761 1753 790; x_wconf 84' lang='lat' dir='ltr'><strong>dictis</strong></span> 
     </span>
    </p>
   </div>
   <div class='ocr_carea' id='block_1_43' title="bbox 966 805 1752 843">
    <p class='ocr_par' dir='ltr' id='par_1_43' title="bbox 966 805 1752 843">
     <span class='ocr_line' id='line_1_43' title="bbox 966 805 1752 843; baseline 0.001 -9"><span class='ocrx_word' id='word_1_305' title='bbox 966 808 1075 835; x_wconf 91' lang='lat' dir='ltr'><strong>illorum</strong></span> <span class='ocrx_word' id='word_1_306' title='bbox 1092 808 1257 843; x_wconf 79' lang='lat' dir='ltr'><strong>arrogantia.</strong></span> <span class='ocrx_word' id='word_1_307' title='bbox 1274 807 1348 839; x_wconf 88' lang='lat' dir='ltr'><strong>Nos,</strong></span> <span class='ocrx_word' id='word_1_308' title='bbox 1365 807 1510 841; x_wconf 85' lang='lat' dir='ltr'><strong>inquiunt,</strong></span> <span class='ocrx_word' id='word_1_309' title='bbox 1527 805 1700 841; x_wconf 77' lang='lat' dir='ltr'><strong>proﬁtemur,</strong></span> <span class='ocrx_word' id='word_1_310' title='bbox 1718 808 1752 835; x_wconf 86' lang='lat' dir='ltr'><strong>iis</strong></span> 
     </span>
    </p>
   </div>
   <div class='ocr_carea' id='block_1_44' title="bbox 966 852 1750 889">
    <p class='ocr_par' dir='ltr' id='par_1_44' title="bbox 966 852 1750 889">
     <span class='ocr_line' id='line_1_44' title="bbox 966 852 1750 889; baseline -0.004 -8"><span class='ocrx_word' id='word_1_311' title='bbox 966 854 1013 889; x_wconf 84' lang='lat' dir='ltr'><strong>qui</strong></span> <span class='ocrx_word' id='word_1_312' title='bbox 1025 854 1126 881; x_wconf 84' lang='lat' dir='ltr'><strong>honore</strong></span> <span class='ocrx_word' id='word_1_313' title='bbox 1137 861 1217 888; x_wconf 88' lang='lat' dir='ltr'><strong>pares</strong></span> <span class='ocrx_word' id='word_1_314' title='bbox 1228 857 1290 880; x_wconf 90' lang='lat' dir='ltr'><strong>sunt</strong></span> <span class='ocrx_word' id='word_1_315' title='bbox 1302 854 1449 880; x_wconf 90' lang='lat' dir='ltr'><strong>convenire</strong></span> <span class='ocrx_word' id='word_1_316' title='bbox 1459 852 1728 879; x_wconf 87' lang='lat' dir='ltr'><strong>connumerationem</strong></span> <span class='ocrx_word' id='word_1_317' title='bbox 1743 863 1750 887; x_wconf 89' lang='lat'><strong>;</strong></span> 
     </span>
    </p>
   </div>
   <div class='ocr_carea' id='block_1_45' title="bbox 966 896 1753 934">
    <p class='ocr_par' dir='ltr' id='par_1_45' title="bbox 966 896 1753 934">
     <span class='ocr_line' id='line_1_45' title="bbox 966 896 1753 934; baseline -0.001 -8"><span class='ocrx_word' id='word_1_318' title='bbox 966 899 1000 927; x_wconf 92' lang='lat' dir='ltr'><strong>iis</strong></span> <span class='ocrx_word' id='word_1_319' title='bbox 1012 907 1076 927; x_wconf 89' lang='lat' dir='ltr'><strong>vero</strong></span> <span class='ocrx_word' id='word_1_320' title='bbox 1090 899 1138 934; x_wconf 90' lang='lat' dir='ltr'><strong>qui</strong></span> <span class='ocrx_word' id='word_1_321' title='bbox 1151 898 1291 926; x_wconf 81' lang='lat' dir='ltr'><strong>inferioris</strong></span> <span class='ocrx_word' id='word_1_322' title='bbox 1302 901 1365 925; x_wconf 90' lang='lat' dir='ltr'><strong>sunt</strong></span> <span class='ocrx_word' id='word_1_323' title='bbox 1378 897 1556 929; x_wconf 86' lang='lat' dir='ltr'><strong>conditionis.</strong></span> <span class='ocrx_word' id='word_1_324' title='bbox 1571 896 1753 925; x_wconf 86' lang='lat' dir='ltr'><strong>subnumera—</strong></span> 
     </span>
    </p>
   </div>
   <div class='ocr_carea' id='block_1_46' title="bbox 965 942 1751 978">
    <p class='ocr_par' dir='ltr' id='par_1_46' title="bbox 965 942 1751 978">
     <span class='ocr_line' id='line_1_46' title="bbox 965 942 1751 978; baseline -0.001 -6"><span class='ocrx_word' id='word_1_325' title='bbox 965 946 1079 973; x_wconf 87' lang='lat' dir='ltr'><strong>tionem.</strong></span> <span class='ocrx_word' id='word_1_326' title='bbox 1095 945 1128 972; x_wconf 85' lang='lat' dir='ltr'><strong>Et</strong></span> <span class='ocrx_word' id='word_1_327' title='bbox 1150 944 1224 972; x_wconf 91' lang='lat' dir='ltr'><strong>istud</strong></span> <span class='ocrx_word' id='word_1_328' title='bbox 1239 952 1289 971; x_wconf 91' lang='lat' dir='ltr'><strong>cur</strong></span> <span class='ocrx_word' id='word_1_329' title='bbox 1306 944 1416 971; x_wconf 88' lang='lat' dir='ltr'><strong>tandem</strong></span> <span class='ocrx_word' id='word_1_330' title='bbox 1430 943 1543 971; x_wconf 80' lang='lat' dir='ltr'><strong>dicitis?</strong></span> <span class='ocrx_word' id='word_1_331' title='bbox 1564 942 1659 978; x_wconf 85' lang='lat' dir='ltr'><strong>Neque</strong></span> <span class='ocrx_word' id='word_1_332' title='bbox 1678 944 1751 971; x_wconf 92' lang='lat' dir='ltr'><strong>enim</strong></span> 
     </span>
    </p>
   </div>
   <div class='ocr_carea' id='block_1_47' title="bbox 964 988 1750 1026">
    <p class='ocr_par' dir='ltr' id='par_1_47' title="bbox 964 988 1750 1026">
     <span class='ocr_line' id='line_1_47' title="bbox 964 988 1750 1026; baseline -0.004 -8"><span class='ocrx_word' id='word_1_333' title='bbox 964 991 1085 1026; x_wconf 74' lang='lat' dir='ltr'><strong>intelligo</strong></span> <span class='ocrx_word' id='word_1_334' title='bbox 1105 990 1252 1017; x_wconf 82' lang='lat' dir='ltr'><strong>absurdam</strong></span> <span class='ocrx_word' id='word_1_335' title='bbox 1278 992 1399 1016; x_wconf 84' lang='lat' dir='ltr'><strong>vestram</strong></span> <span class='ocrx_word' id='word_1_336' title='bbox 1422 988 1594 1023; x_wconf 77' lang='lat' dir='ltr'><strong>sapientiam.</strong></span> <span class='ocrx_word' id='word_1_337' title='bbox 1611 989 1653 1016; x_wconf 82' lang='lat' dir='ltr'><strong>An</strong></span> <span class='ocrx_word' id='word_1_338' title='bbox 1677 989 1750 1023; x_wconf 91' lang='lat' dir='ltr'><strong>quod</strong></span> 
     </span>
    </p>
   </div>
   <div class='ocr_carea' id='block_1_48' title="bbox 964 1035 1751 1070">
    <p class='ocr_par' dir='ltr' id='par_1_48' title="bbox 964 1035 1751 1070">
     <span class='ocr_line' id='line_1_48' title="bbox 964 1035 1751 1070; baseline -0.005 -5"><span class='ocrx_word' id='word_1_339' title='bbox 964 1046 1061 1065; x_wconf 80' lang='lat' dir='ltr'><strong>aurum</strong></span> <span class='ocrx_word' id='word_1_340' title='bbox 1074 1045 1141 1064; x_wconf 89' lang='lat' dir='ltr'><strong>auro</strong></span> <span class='ocrx_word' id='word_1_341' title='bbox 1152 1040 1377 1067; x_wconf 85' lang='lat' dir='ltr'><strong>connumeratur,</strong></span> <span class='ocrx_word' id='word_1_342' title='bbox 1391 1035 1533 1070; x_wconf 87' lang='lat' dir='ltr'><strong>plumbum</strong></span> <span class='ocrx_word' id='word_1_343' title='bbox 1546 1042 1612 1062; x_wconf 90' lang='lat' dir='ltr'><strong>vero</strong></span> <span class='ocrx_word' id='word_1_344' title='bbox 1621 1042 1676 1062; x_wconf 92' lang='lat' dir='ltr'><strong>non</strong></span> <span class='ocrx_word' id='word_1_345' title='bbox 1686 1035 1751 1062; x_wconf 90' lang='lat' dir='ltr'><strong>item</strong></span> 
     </span>
    </p>
   </div>
   <div class='ocr_carea' id='block_1_49' title="bbox 964 1081 1753 1118">
    <p class='ocr_par' dir='ltr' id='par_1_49' title="bbox 964 1081 1753 1118">
     <span class='ocr_line' id='line_1_49' title="bbox 964 1081 1753 1118; baseline -0.006 -6"><span class='ocrx_word' id='word_1_346' title='bbox 964 1084 1016 1112; x_wconf 87' lang='lat' dir='ltr'><strong>erit</strong></span> <span class='ocrx_word' id='word_1_347' title='bbox 1038 1083 1150 1118; x_wconf 83' lang='lat' dir='ltr'><strong>dignum</strong></span> <span class='ocrx_word' id='word_1_348' title='bbox 1174 1082 1245 1118; x_wconf 91' lang='lat' dir='ltr'><strong>quod</strong></span> <span class='ocrx_word' id='word_1_349' title='bbox 1262 1085 1490 1114; x_wconf 88' lang='lat' dir='ltr'><strong>connumeretur,</strong></span> <span class='ocrx_word' id='word_1_350' title='bbox 1506 1081 1554 1109; x_wconf 89' lang='lat' dir='ltr'><strong>sed</strong></span> <span class='ocrx_word' id='word_1_351' title='bbox 1576 1081 1614 1109; x_wconf 84' lang='lat' dir='ltr'><strong>ob</strong></span> <span class='ocrx_word' id='word_1_352' title='bbox 1630 1081 1753 1110; x_wconf 84' lang='lat' dir='ltr'><strong>materiae</strong></span> 
     </span>
    </p>
   </div>
   <div class='ocr_carea' id='block_1_50' title="bbox 964 1127 1754 1164">
    <p class='ocr_par' dir='ltr' id='par_1_50' title="bbox 964 1127 1754 1164">
     <span class='ocr_line' id='line_1_50' title="bbox 964 1127 1754 1164; baseline -0.005 -7"><span class='ocrx_word' id='word_1_353' title='bbox 964 1130 1094 1157; x_wconf 85' lang='lat' dir='ltr'><strong>vilitatem</strong></span> <span class='ocrx_word' id='word_1_354' title='bbox 1105 1128 1347 1164; x_wconf 82' lang='lat' dir='ltr'><strong>subnumerabitur</strong></span> <span class='ocrx_word' id='word_1_355' title='bbox 1366 1135 1432 1154; x_wconf 86' lang='lat' dir='ltr'><strong>auro</strong></span> <span class='ocrx_word' id='word_1_356' title='bbox 1443 1127 1552 1162; x_wconf 83' lang='lat' dir='ltr'><strong>?Atque</strong></span> <span class='ocrx_word' id='word_1_357' title='bbox 1569 1127 1651 1154; x_wconf 87' lang='lat' dir='ltr'><strong>etiam</strong></span> <span class='ocrx_word' id='word_1_358' title='bbox 1662 1127 1754 1154; x_wconf 86' lang='lat' dir='ltr'><strong>vimne</strong></span> 
     </span>
    </p>
   </div>
   <div class='ocr_carea' id='block_1_51' title="bbox 964 1173 1752 1207">
    <p class='ocr_par' dir='ltr' id='par_1_51' title="bbox 964 1173 1752 1207">
     <span class='ocr_line' id='line_1_51' title="bbox 964 1173 1752 1207; baseline -0.005 -4"><span class='ocrx_word' id='word_1_359' title='bbox 964 1180 1067 1203; x_wconf 82' lang='lat' dir='ltr'><strong>tantam</strong></span> <span class='ocrx_word' id='word_1_360' title='bbox 1090 1175 1208 1203; x_wconf 86' lang='lat' dir='ltr'><strong>tribuitis</strong></span> <span class='ocrx_word' id='word_1_361' title='bbox 1230 1182 1362 1207; x_wconf 88' lang='lat' dir='ltr'><strong>numero,</strong></span> <span class='ocrx_word' id='word_1_362' title='bbox 1389 1178 1419 1200; x_wconf 87' lang='lat' dir='ltr'><strong>ut</strong></span> <span class='ocrx_word' id='word_1_363' title='bbox 1442 1173 1467 1201; x_wconf 86' lang='lat' dir='ltr'><strong>is</strong></span> <span class='ocrx_word' id='word_1_364' title='bbox 1481 1173 1524 1201; x_wconf 86' lang='lat' dir='ltr'><strong>vel</strong></span> <span class='ocrx_word' id='word_1_365' title='bbox 1543 1180 1636 1200; x_wconf 86' lang='lat' dir='ltr'><strong>rerum</strong></span> <span class='ocrx_word' id='word_1_366' title='bbox 1657 1173 1752 1200; x_wconf 82' lang='lat' dir='ltr'><strong>vilium</strong></span> 
     </span>
    </p>
   </div>
   <div class='ocr_carea' id='block_1_52' title="bbox 964 1219 1754 1257">
    <p class='ocr_par' dir='ltr' id='par_1_52' title="bbox 964 1219 1754 1257">
     <span class='ocr_line' id='line_1_52' title="bbox 964 1219 1754 1257; baseline -0.006 -7"><span class='ocrx_word' id='word_1_367' title='bbox 964 1222 1080 1257; x_wconf 83' lang='lat' dir='ltr'><strong>pretium</strong></span> <span class='ocrx_word' id='word_1_368' title='bbox 1097 1221 1222 1249; x_wconf 85' lang='lat' dir='ltr'><strong>attollere</strong></span> <span class='ocrx_word' id='word_1_369' title='bbox 1233 1241 1241 1252; x_wconf 88' lang='lat'><strong>,</strong></span> <span class='ocrx_word' id='word_1_370' title='bbox 1260 1220 1303 1248; x_wconf 86' lang='lat' dir='ltr'><strong>vel</strong></span> <span class='ocrx_word' id='word_1_371' title='bbox 1322 1220 1507 1256; x_wconf 87' lang='lat' dir='ltr'><strong>pretiosarum</strong></span> <span class='ocrx_word' id='word_1_372' title='bbox 1522 1226 1614 1247; x_wconf 87' lang='lat' dir='ltr'><strong>rerum</strong></span> <span class='ocrx_word' id='word_1_373' title='bbox 1635 1219 1754 1254; x_wconf 78' lang='lat' dir='ltr'><strong>dignita-</strong></span> 
     </span>
    </p>
   </div>
   <div class='ocr_carea' id='block_1_53' title="bbox 964 1264 1753 1304">
    <p class='ocr_par' dir='ltr' id='par_1_53' title="bbox 964 1264 1753 1304">
     <span class='ocr_line' id='line_1_53' title="bbox 964 1264 1753 1304; baseline -0.008 -8"><span class='ocrx_word' id='word_1_374' title='bbox 964 1273 1018 1296; x_wconf 87' lang='lat' dir='ltr'><strong>tem</strong></span> <span class='ocrx_word' id='word_1_375' title='bbox 1034 1268 1153 1304; x_wconf 81' lang='lat' dir='ltr'><strong>dejicere</strong></span> <span class='ocrx_word' id='word_1_376' title='bbox 1175 1268 1286 1296; x_wconf 80' lang='lat' dir='ltr'><strong>valeat?</strong></span> <span class='ocrx_word' id='word_1_377' title='bbox 1304 1267 1376 1302; x_wconf 77' lang='lat' dir='ltr'><strong>Ergo</strong></span> <span class='ocrx_word' id='word_1_378' title='bbox 1397 1272 1495 1293; x_wconf 84' lang='lat' dir='ltr'><strong>rursus</strong></span> <span class='ocrx_word' id='word_1_379' title='bbox 1510 1271 1608 1292; x_wconf 91' lang='lat' dir='ltr'><strong>aurum</strong></span> <span class='ocrx_word' id='word_1_380' title='bbox 1624 1264 1753 1298; x_wconf 85' lang='lat' dir='ltr'><strong>pretiosis</strong></span> 
     </span>
    </p>
   </div>
   <div class='ocr_carea' id='block_1_54' title="bbox 965 1310 1754 1349">
    <p class='ocr_par' dir='ltr' id='par_1_54' title="bbox 965 1310 1754 1349">
     <span class='ocr_line' id='line_1_54' title="bbox 965 1310 1754 1349; baseline -0.006 -8"><span class='ocrx_word' id='word_1_381' title='bbox 965 1314 1104 1349; x_wconf 85' lang='lat' dir='ltr'><strong>lapidibus</strong></span> <span class='ocrx_word' id='word_1_382' title='bbox 1116 1313 1327 1341; x_wconf 84' lang='lat' dir='ltr'><strong>subnumerabis</strong></span> <span class='ocrx_word' id='word_1_383' title='bbox 1339 1322 1346 1346; x_wconf 90' lang='lat'><strong>;</strong></span> <span class='ocrx_word' id='word_1_384' title='bbox 1363 1315 1446 1347; x_wconf 86' lang='lat' dir='ltr'><strong>atque</strong></span> <span class='ocrx_word' id='word_1_385' title='bbox 1459 1312 1486 1339; x_wconf 89' lang='lat' dir='ltr'><strong>in</strong></span> <span class='ocrx_word' id='word_1_386' title='bbox 1498 1311 1542 1338; x_wconf 91' lang='lat' dir='ltr'><strong>his</strong></span> <span class='ocrx_word' id='word_1_387' title='bbox 1553 1310 1631 1345; x_wconf 80' lang='lat' dir='ltr'><strong>ipsis,</strong></span> <span class='ocrx_word' id='word_1_388' title='bbox 1645 1310 1754 1344; x_wconf 77' lang='lat' dir='ltr'><strong>elegan-</strong></span> 
     </span>
    </p>
   </div>
   <div class='ocr_carea' id='block_1_55' title="bbox 965 1354 1753 1394">
    <p class='ocr_par' dir='ltr' id='par_1_55' title="bbox 965 1354 1753 1394">
     <span class='ocr_line' id='line_1_55' title="bbox 965 1354 1753 1394; baseline -0.004 -8"><span class='ocrx_word' id='word_1_389' title='bbox 965 1359 1083 1387; x_wconf 89' lang='lat' dir='ltr'><strong>tioribus</strong></span> <span class='ocrx_word' id='word_1_390' title='bbox 1098 1367 1130 1386; x_wconf 89' lang='lat' dir='ltr'><strong>ac</strong></span> <span class='ocrx_word' id='word_1_391' title='bbox 1144 1359 1294 1394; x_wconf 84' lang='lat' dir='ltr'><strong>majoribus</strong></span> <span class='ocrx_word' id='word_1_392' title='bbox 1312 1354 1525 1386; x_wconf 86' lang='lat' dir='ltr'><strong>subnumerabis</strong></span> <span class='ocrx_word' id='word_1_393' title='bbox 1539 1356 1631 1383; x_wconf 90' lang='lat' dir='ltr'><strong>minus</strong></span> <span class='ocrx_word' id='word_1_394' title='bbox 1645 1356 1753 1383; x_wconf 88' lang='lat' dir='ltr'><strong>lucidos</strong></span> 
     </span>
    </p>
   </div>
   <div class='ocr_carea' id='block_1_56' title="bbox 964 1402 1753 1439">
    <p class='ocr_par' dir='ltr' id='par_1_56' title="bbox 964 1402 1753 1439">
     <span class='ocr_line' id='line_1_56' title="bbox 964 1402 1753 1439; baseline -0.004 -7"><span class='ocrx_word' id='word_1_395' title='bbox 964 1412 997 1432; x_wconf 92' lang='lat' dir='ltr'><strong>ac</strong></span> <span class='ocrx_word' id='word_1_396' title='bbox 1012 1404 1143 1432; x_wconf 89' lang='lat' dir='ltr'><strong>minores.</strong></span> <span class='ocrx_word' id='word_1_397' title='bbox 1160 1404 1214 1432; x_wconf 89' lang='lat' dir='ltr'><strong>Sed</strong></span> <span class='ocrx_word' id='word_1_398' title='bbox 1228 1404 1292 1439; x_wconf 87' lang='lat' dir='ltr'><strong>quid</strong></span> <span class='ocrx_word' id='word_1_399' title='bbox 1306 1411 1361 1431; x_wconf 92' lang='lat' dir='ltr'><strong>non</strong></span> <span class='ocrx_word' id='word_1_400' title='bbox 1374 1403 1479 1436; x_wconf 85' lang='lat' dir='ltr'><strong>dicant,</strong></span> <span class='ocrx_word' id='word_1_401' title='bbox 1495 1402 1542 1437; x_wconf 89' lang='lat' dir='ltr'><strong>qui</strong></span> <span class='ocrx_word' id='word_1_402' title='bbox 1554 1403 1587 1430; x_wconf 87' lang='lat' dir='ltr'><strong>ad</strong></span> <span class='ocrx_word' id='word_1_403' title='bbox 1600 1402 1667 1429; x_wconf 87' lang='lat' dir='ltr'><strong>nihil</strong></span> <span class='ocrx_word' id='word_1_404' title='bbox 1679 1403 1753 1429; x_wconf 89' lang='lat' dir='ltr'><strong>aliud</strong></span> 
     </span>
    </p>
   </div>
   <div class='ocr_carea' id='block_1_57' title="bbox 964 1448 1754 1483">
    <p class='ocr_par' dir='ltr' id='par_1_57' title="bbox 964 1448 1754 1483">
     <span class='ocr_line' id='line_1_57' title="bbox 964 1448 1754 1483; baseline -0.004 -5"><span class='ocrx_word' id='word_1_405' title='bbox 964 1455 1072 1481; x_wconf 82' lang='lat' dir='ltr'><strong>vacant,</strong></span> <span class='ocrx_word' id='word_1_406' title='bbox 1089 1450 1143 1478; x_wconf 87' lang='lat' dir='ltr'><strong>nisi</strong></span> <span class='ocrx_word' id='word_1_407' title='bbox 1162 1454 1209 1477; x_wconf 91' lang='lat' dir='ltr'><strong>aut</strong></span> <span class='ocrx_word' id='word_1_408' title='bbox 1222 1450 1255 1477; x_wconf 88' lang='lat' dir='ltr'><strong>ad</strong></span> <span class='ocrx_word' id='word_1_409' title='bbox 1270 1449 1428 1483; x_wconf 88' lang='lat' dir='ltr'><strong>dicendum,</strong></span> <span class='ocrx_word' id='word_1_410' title='bbox 1446 1452 1494 1476; x_wconf 90' lang='lat' dir='ltr'><strong>aut</strong></span> <span class='ocrx_word' id='word_1_411' title='bbox 1514 1448 1680 1476; x_wconf 84' lang='lat' dir='ltr'><strong>audiendum</strong></span> <span class='ocrx_word' id='word_1_412' title='bbox 1703 1449 1754 1475; x_wconf 86' lang='lat' dir='ltr'><strong>ali—</strong></span> 
     </span>
    </p>
   </div>
   <div class='ocr_carea' id='block_1_58' title="bbox 963 1494 1754 1533">
    <p class='ocr_par' dir='ltr' id='par_1_58' title="bbox 963 1494 1754 1533">
     <span class='ocr_line' id='line_1_58' title="bbox 963 1494 1754 1533; baseline -0.005 -9"><span class='ocrx_word' id='word_1_413' title='bbox 963 1497 1030 1533; x_wconf 92' lang='lat' dir='ltr'><strong>quid</strong></span> <span class='ocrx_word' id='word_1_414' title='bbox 1051 1497 1136 1524; x_wconf 83' lang='lat' dir='ltr'><strong>novi‘?</strong></span> <span class='ocrx_word' id='word_1_415' title='bbox 1152 1496 1271 1524; x_wconf 88' lang='lat' dir='ltr'><strong>Posthac</strong></span> <span class='ocrx_word' id='word_1_416' title='bbox 1285 1504 1346 1524; x_wconf 87' lang='lat' dir='ltr'><strong>eum</strong></span> <span class='ocrx_word' id='word_1_417' title='bbox 1372 1495 1472 1523; x_wconf 89' lang='lat' dir='ltr'><strong>Stoicis</strong></span> <span class='ocrx_word' id='word_1_418' title='bbox 1496 1499 1524 1522; x_wconf 82' lang='lat' dir='ltr'><strong>et</strong></span> <span class='ocrx_word' id='word_1_419' title='bbox 1540 1494 1686 1530; x_wconf 87' lang='lat' dir='ltr'><strong>Epicureis</strong></span> <span class='ocrx_word' id='word_1_420' title='bbox 1701 1503 1754 1521; x_wconf 86' lang='lat' dir='ltr'><strong>no-</strong></span> 
     </span>
    </p>
   </div>
   <div class='ocr_carea' id='block_1_59' title="bbox 121 1539 914 1585">
    <p class='ocr_par' dir='ltr' id='par_1_59' title="bbox 121 1539 914 1576">
     <span class='ocr_line' id='line_1_59' title="bbox 121 1539 914 1576; baseline -0.004 -8"><span class='ocrx_word' id='word_1_421' title='bbox 121 1542 179 1576; x_wconf 79' lang='grc' dir='ltr'>γὰρ</span> <span class='ocrx_word' id='word_1_422' title='bbox 198 1541 230 1568; x_wconf 80' lang='grc' dir='ltr'>ἂν</span> <span class='ocrx_word' id='word_1_423' title='bbox 246 1542 293 1568; x_wconf 67' lang='grc' dir='ltr'>καὶ</span> <span class='ocrx_word' id='word_1_424' title='bbox 309 1541 414 1575; x_wconf 77' lang='grc' dir='ltr'>γένοιτο</span> <span class='ocrx_word' id='word_1_425' title='bbox 442 1541 509 1576; x_wconf 81' lang='grc' dir='ltr'>πρὸς</span> <span class='ocrx_word' id='word_1_426' title='bbox 519 1541 553 1566; x_wconf 78' lang='grc' dir='ltr'><strong>τὰ</strong></span> <span class='ocrx_word' id='word_1_427' title='bbox 569 1539 705 1575; x_wconf 77' lang='grc' dir='ltr'>πολύτιμα</span> <span class='ocrx_word' id='word_1_428' title='bbox 715 1539 769 1565; x_wconf 79' lang='grc' dir='ltr'><strong>τῶν</strong></span> <span class='ocrx_word' id='word_1_429' title='bbox 788 1539 914 1574; x_wconf 82' lang='grc' dir='ltr'>ἀτιμοτέ-</span> 
     </span>
    </p>
   </div>
   <div class='ocr_carea' id='block_1_60' title="bbox 968 1539 1753 1585">
    <p class='ocr_par' dir='ltr' id='par_1_60' title="bbox 968 1540 1753 1576">
     <span class='ocr_line' id='line_1_60' title="bbox 968 1540 1753 1576; baseline -0.001 -9"><span class='ocrx_word' id='word_1_430' title='bbox 968 1542 1104 1569; x_wconf 90' lang='lat' dir='ltr'><strong>minentur</strong></span> <span class='ocrx_word' id='word_1_431' title='bbox 1119 1541 1165 1576; x_wconf 88' lang='lat' dir='ltr'><strong>qui</strong></span> <span class='ocrx_word' id='word_1_432' title='bbox 1181 1541 1346 1576; x_wconf 85' lang='lat' dir='ltr'><strong>impietatem</strong></span> <span class='ocrx_word' id='word_1_433' title='bbox 1363 1540 1429 1567; x_wconf 87' lang='lat' dir='ltr'><strong>inita</strong></span> <span class='ocrx_word' id='word_1_434' title='bbox 1444 1540 1635 1575; x_wconf 80' lang='lat' dir='ltr'><strong>subductaque</strong></span> <span class='ocrx_word' id='word_1_435' title='bbox 1647 1540 1753 1566; x_wconf 88' lang='lat' dir='ltr'><strong>ratione</strong></span> 
     </span>
    </p>
   </div>
   <div class='ocr_carea' id='block_1_61' title="bbox 123 1584 913 1624">
    <p class='ocr_par' dir='ltr' id='par_1_61' title="bbox 123 1584 913 1624">
     <span class='ocr_line' id='line_1_61' title="bbox 123 1584 913 1624; baseline -0.004 -10"><span class='ocrx_word' id='word_1_436' title='bbox 123 1597 178 1624; x_wconf 84' lang='grc' dir='ltr'><strong>ρων</strong></span> <span class='ocrx_word' id='word_1_437' title='bbox 206 1589 222 1623; x_wconf 82' lang='grc' dir='ltr'>ἡ</span> <span class='ocrx_word' id='word_1_438' title='bbox 246 1588 447 1623; x_wconf 81' lang='grc' dir='ltr'>ὐπαρίθμησις;</span> <span class='ocrx_word' id='word_1_439' title='bbox 471 1588 499 1613; x_wconf 91' lang='grc'><strong>’0</strong></span> <span class='ocrx_word' id='word_1_440' title='bbox 526 1586 643 1621; x_wconf 81' lang='grc' dir='ltr'>χαλκοῦς</span> <span class='ocrx_word' id='word_1_441' title='bbox 661 1585 753 1617; x_wconf 74' lang='grc' dir='ltr'>όῆολὺς</span> <span class='ocrx_word' id='word_1_442' title='bbox 768 1584 805 1620; x_wconf 82' lang='grc' dir='ltr'>τῷ</span> <span class='ocrx_word' id='word_1_443' title='bbox 820 1584 913 1620; x_wconf 73' lang='grc' dir='ltr'>χρυσῷ</span> 
     </span>
    </p>
   </div>
   <div class='ocr_carea' id='block_1_62' title="bbox 121 1630 912 1668">
    <p class='ocr_par' dir='ltr' id='par_1_62' title="bbox 121 1630 912 1668">
     <span class='ocr_line' id='line_1_62' title="bbox 121 1630 912 1668; baseline -0.005 -9"><span class='ocrx_word' id='word_1_444' title='bbox 121 1633 240 1668; x_wconf 77' lang='grc' dir='ltr'>στατῆρι</span> <span class='ocrx_word' id='word_1_445' title='bbox 262 1632 320 1664; x_wconf 83' lang='grc' dir='ltr'>πῶς</span> <span class='ocrx_word' id='word_1_446' title='bbox 342 1631 613 1667; x_wconf 75' lang='grc' dir='ltr'>ὑπαριϐμηθὴσεται;</span> <span class='ocrx_word' id='word_1_447' title='bbox 644 1631 705 1657; x_wconf 83' lang='grc' dir='ltr'>’Ότι</span> <span class='ocrx_word' id='word_1_448' title='bbox 729 1630 759 1656; x_wconf 84' lang='grc' dir='ltr'>οὐ</span> <span class='ocrx_word' id='word_1_449' title='bbox 786 1630 912 1665; x_wconf 79' lang='grc' dir='ltr'>λέγομεν,</span> 
     </span>
    </p>
   </div>
   <div class='ocr_carea' id='block_1_63' title="bbox 120 1675 912 1714">
    <p class='ocr_par' dir='ltr' id='par_1_63' title="bbox 120 1675 912 1714">
     <span class='ocr_line' id='line_1_63' title="bbox 120 1675 912 1714; baseline -0.004 -9"><span class='ocrx_word' id='word_1_450' title='bbox 120 1681 203 1714; x_wconf 71' lang='grc' dir='ltr'>φησὶ,</span> <span class='ocrx_word' id='word_1_451' title='bbox 231 1678 277 1705; x_wconf 73' lang='grc' dir='ltr'>δύο</span> <span class='ocrx_word' id='word_1_452' title='bbox 305 1678 454 1714; x_wconf 81' lang='grc' dir='ltr'>κεκτῆσθαι</span> <span class='ocrx_word' id='word_1_453' title='bbox 477 1678 649 1712; x_wconf 72' lang='grc' dir='ltr'><strong>νομίιιι-ματα⁸</strong></span> <span class='ocrx_word' id='word_1_454' title='bbox 677 1676 734 1703; x_wconf 85' lang='grc' dir='ltr'>ἀλλ’</span> <span class='ocrx_word' id='word_1_455' title='bbox 754 1675 783 1702; x_wconf 82' lang='grc' dir='ltr'>ἓν</span> <span class='ocrx_word' id='word_1_456' title='bbox 798 1676 846 1702; x_wconf 76' lang='grc' dir='ltr'><strong>καὶ</strong></span> <span class='ocrx_word' id='word_1_457' title='bbox 871 1675 912 1702; x_wconf 78' lang='grc' dir='ltr'><strong>ἓν.</strong></span> 
     </span>
    </p>
   </div>
   <div class='ocr_carea' id='block_1_64' title="bbox 121 1722 914 1760">
    <p class='ocr_par' dir='ltr' id='par_1_64' title="bbox 121 1722 914 1760">
     <span class='ocr_line' id='line_1_64' title="bbox 121 1722 914 1760; baseline -0.005 -8"><span class='ocrx_word' id='word_1_458' title='bbox 121 1726 245 1760; x_wconf 80' lang='grc' dir='ltr'>Πότερον</span> <span class='ocrx_word' id='word_1_459' title='bbox 271 1722 316 1752; x_wconf 76' lang='grc' dir='ltr'>οὖν</span> <span class='ocrx_word' id='word_1_460' title='bbox 330 1724 432 1751; x_wconf 84' lang='grc' dir='ltr'>τούτων</span> <span class='ocrx_word' id='word_1_461' title='bbox 448 1724 555 1759; x_wconf 78' lang='grc' dir='ltr'>ποτέρῳ</span> <span class='ocrx_word' id='word_1_462' title='bbox 578 1723 788 1758; x_wconf 71' lang='grc' dir='ltr'>ὑπαριθμεῑταις</span> <span class='ocrx_word' id='word_1_463' title='bbox 809 1723 914 1757; x_wconf 65' lang='grc' dir='ltr'>Ἐκφωο</span> 
     </span>
    </p>
   </div>
   <div class='ocr_carea' id='block_1_65' title="bbox 121 1764 915 1804">
    <p class='ocr_par' dir='ltr' id='par_1_65' title="bbox 121 1764 915 1804">
     <span class='ocr_line' id='line_1_65' title="bbox 121 1764 915 1804; baseline -0.004 -8"><span class='ocrx_word' id='word_1_464' title='bbox 121 1772 210 1797; x_wconf 80' lang='grc' dir='ltr'>νεῖται</span> <span class='ocrx_word' id='word_1_465' title='bbox 226 1770 275 1804; x_wconf 80' lang='grc' dir='ltr'>μὲν</span> <span class='ocrx_word' id='word_1_466' title='bbox 290 1770 343 1804; x_wconf 85' lang='grc' dir='ltr'><strong>γὰρ</strong></span> <span class='ocrx_word' id='word_1_467' title='bbox 356 1769 456 1804; x_wconf 78' lang='grc' dir='ltr'>ὁμοίως</span> <span class='ocrx_word' id='word_1_468' title='bbox 474 1768 615 1803; x_wconf 75' lang='grc' dir='ltr'>ἑκάτερον.</span> <span class='ocrx_word' id='word_1_469' title='bbox 644 1767 707 1793; x_wconf 83' lang='grc' dir='ltr'><strong>Ἐὰν</strong></span> <span class='ocrx_word' id='word_1_470' title='bbox 722 1767 771 1802; x_wconf 85' lang='grc' dir='ltr'>μὲν</span> <span class='ocrx_word' id='word_1_471' title='bbox 790 1764 836 1794; x_wconf 79' lang='grc' dir='ltr'>οὖν</span> <span class='ocrx_word' id='word_1_472' title='bbox 852 1766 915 1793; x_wconf 85' lang='grc' dir='ltr'>καθ’</span> 
     </span>
    </p>
   </div>
   <div class='ocr_carea' id='block_1_66' title="bbox 122 1812 915 1850">
    <p class='ocr_par' dir='ltr' id='par_1_66' title="bbox 122 1812 915 1850">
     <span class='ocr_line' id='line_1_66' title="bbox 122 1812 915 1850; baseline -0.005 -8"><span class='ocrx_word' id='word_1_473' title='bbox 122 1816 205 1842; x_wconf 74' lang='grc' dir='ltr'>ἑαυτὸ</span> <span class='ocrx_word' id='word_1_474' title='bbox 221 1816 275 1850; x_wconf 77' lang='grc'><strong>(55)</strong></span> <span class='ocrx_word' id='word_1_475' title='bbox 289 1815 402 1842; x_wconf 77' lang='grc' dir='ltr'>ἕκαστον</span> <span class='ocrx_word' id='word_1_476' title='bbox 418 1814 585 1850; x_wconf 84' lang='grc' dir='ltr'><strong>ἀριθμήσῃς,</strong></span> <span class='ocrx_word' id='word_1_477' title='bbox 613 1812 758 1848; x_wconf 82' lang='grc' dir='ltr'>ὁμοτιμίαν</span> <span class='ocrx_word' id='word_1_478' title='bbox 784 1813 869 1844; x_wconf 86' lang='grc' dir='ltr'>ποιεῖς</span> <span class='ocrx_word' id='word_1_479' title='bbox 886 1813 915 1838; x_wconf 80' lang='grc' dir='ltr'>ὲν</span> 
     </span>
    </p>
   </div>
   <div class='ocr_carea' id='block_1_67' title="bbox 121 1859 914 1896">
    <p class='ocr_par' dir='ltr' id='par_1_67' title="bbox 121 1859 914 1896">
     <span class='ocr_line' id='line_1_67' title="bbox 121 1859 914 1896; baseline -0.005 -8"><span class='ocrx_word' id='word_1_480' title='bbox 121 1861 163 1896; x_wconf 77' lang='grc' dir='ltr'>τῷ</span> <span class='ocrx_word' id='word_1_481' title='bbox 181 1861 268 1896; x_wconf 81' lang='grc' dir='ltr'>ὁμοίῳ</span> <span class='ocrx_word' id='word_1_482' title='bbox 289 1861 381 1895; x_wconf 83' lang='grc' dir='ltr'>τρόπῳ</span> <span class='ocrx_word' id='word_1_483' title='bbox 401 1861 449 1895; x_wconf 78' lang='grc' dir='ltr'>τῆς</span> <span class='ocrx_word' id='word_1_484' title='bbox 465 1860 639 1895; x_wconf 82' lang='grc' dir='ltr'>ἀριθμήσεως</span> <span class='ocrx_word' id='word_1_485' title='bbox 654 1859 709 1894; x_wconf 66' lang='grc'><strong>(54)</strong></span> <span class='ocrx_word' id='word_1_486' title='bbox 724 1868 730 1873; x_wconf 88' lang='grc'>·</span> <span class='ocrx_word' id='word_1_487' title='bbox 745 1859 792 1885; x_wconf 83' lang='grc' dir='ltr'>ἐὰν</span> <span class='ocrx_word' id='word_1_488' title='bbox 810 1859 837 1885; x_wconf 82' lang='grc' dir='ltr'>δὲ</span> <span class='ocrx_word' id='word_1_489' title='bbox 851 1867 914 1885; x_wconf 86' lang='grc' dir='ltr'>συν-</span> 
     </span>
    </p>
   </div>
   <div class='ocr_carea' id='block_1_68' title="bbox 123 1904 916 1943">
    <p class='ocr_par' dir='ltr' id='par_1_68' title="bbox 123 1904 916 1943">
     <span class='ocr_line' id='line_1_68' title="bbox 123 1904 916 1943; baseline -0.004 -10"><span class='ocrx_word' id='word_1_490' title='bbox 123 1908 198 1943; x_wconf 69' lang='grc' dir='ltr'>άψῃς</span> <span class='ocrx_word' id='word_1_491' title='bbox 208 1907 288 1936; x_wconf 74' lang='grc' dir='ltr'>αὐτὰ,</span> <span class='ocrx_word' id='word_1_492' title='bbox 307 1906 388 1932; x_wconf 72' lang='grc' dir='ltr'>πάλιν</span> <span class='ocrx_word' id='word_1_493' title='bbox 401 1907 470 1937; x_wconf 82' lang='grc' dir='ltr'><strong>ἐνοῖς</strong></span> <span class='ocrx_word' id='word_1_494' title='bbox 485 1906 534 1941; x_wconf 82' lang='grc' dir='ltr'>τὴν</span> <span class='ocrx_word' id='word_1_495' title='bbox 548 1905 637 1938; x_wconf 78' lang='grc' dir='ltr'>ἀξίαν,</span> <span class='ocrx_word' id='word_1_496' title='bbox 648 1904 820 1940; x_wconf 82' lang='grc' dir='ltr'>συναριομῶν</span> <span class='ocrx_word' id='word_1_497' title='bbox 835 1904 916 1940; x_wconf 81' lang='grc' dir='ltr'>ἀλλή-</span> 
     </span>
    </p>
   </div>
   <div class='ocr_carea' id='block_1_69' title="bbox 123 1949 916 1987">
    <p class='ocr_par' dir='ltr' id='par_1_69' title="bbox 123 1949 916 1987">
     <span class='ocr_line' id='line_1_69' title="bbox 123 1949 916 1987; baseline -0.003 -9"><span class='ocrx_word' id='word_1_498' title='bbox 123 1953 180 1984; x_wconf 77' lang='grc' dir='ltr'>λοις</span> <span class='ocrx_word' id='word_1_499' title='bbox 194 1952 345 1987; x_wconf 65' lang='grc' dir='ltr'>ἀμφότερα.</span> <span class='ocrx_word' id='word_1_500' title='bbox 356 1952 387 1978; x_wconf 85' lang='lat' dir='ltr'><strong>Ei</strong></span> <span class='ocrx_word' id='word_1_501' title='bbox 402 1952 430 1978; x_wconf 71' lang='grc' dir='ltr'>δὲ</span> <span class='ocrx_word' id='word_1_502' title='bbox 444 1952 512 1987; x_wconf 79' lang='grc' dir='ltr'>ὅπερ</span> <span class='ocrx_word' id='word_1_503' title='bbox 522 1951 554 1978; x_wconf 82' lang='grc' dir='ltr'>ἂν</span> <span class='ocrx_word' id='word_1_504' title='bbox 562 1951 687 1987; x_wconf 84' lang='grc' dir='ltr'>δεύτερον</span> <span class='ocrx_word' id='word_1_505' title='bbox 701 1949 839 1986; x_wconf 85' lang='grc' dir='ltr'>ἁριθμηθῇ</span> <span class='ocrx_word' id='word_1_506' title='bbox 850 1950 916 1986; x_wconf 83' lang='grc'>(55),</span> 
     </span>
    </p>
   </div>
   <div class='ocr_carea' id='block_1_70' title="bbox 123 1996 917 2033">
    <p class='ocr_par' dir='ltr' id='par_1_70' title="bbox 123 1996 917 2033">
     <span class='ocr_line' id='line_1_70' title="bbox 123 1996 917 2033; baseline -0.003 -9"><span class='ocrx_word' id='word_1_507' title='bbox 123 1998 206 2024; x_wconf 73' lang='grc' dir='ltr'>τοῦτο</span> <span class='ocrx_word' id='word_1_508' title='bbox 221 1998 277 2031; x_wconf 72' lang='grc' dir='ltr'>ἕξει</span> <span class='ocrx_word' id='word_1_509' title='bbox 290 1998 340 2033; x_wconf 78' lang='grc' dir='ltr'><strong>τὴν</strong></span> <span class='ocrx_word' id='word_1_510' title='bbox 360 1997 557 2033; x_wconf 83' lang='grc' dir='ltr'>ὑπαρίθμησιν,</span> <span class='ocrx_word' id='word_1_511' title='bbox 572 1998 602 2023; x_wconf 78' lang='grc' dir='ltr'>ἐν</span> <span class='ocrx_word' id='word_1_512' title='bbox 615 1996 652 2032; x_wconf 83' lang='grc' dir='ltr'>τῷ</span> <span class='ocrx_word' id='word_1_513' title='bbox 673 1996 833 2032; x_wconf 79' lang='grc' dir='ltr'>ἀριθμοῦντί</span> <span class='ocrx_word' id='word_1_514' title='bbox 844 1997 917 2022; x_wconf 78' lang='grc' dir='ltr'>ἐστιν</span> 
     </span>
    </p>
   </div>
   <div class='ocr_carea' id='block_1_71' title="bbox 124 2042 918 2079">
    <p class='ocr_par' dir='ltr' id='par_1_71' title="bbox 124 2042 918 2079">
     <span class='ocr_line' id='line_1_71' title="bbox 124 2042 918 2079; baseline -0.001 -9"><span class='ocrx_word' id='word_1_515' title='bbox 124 2044 181 2071; x_wconf 74' lang='grc' dir='ltr'><strong>ἀπὸ</strong></span> <span class='ocrx_word' id='word_1_516' title='bbox 207 2044 253 2070; x_wconf 69' lang='grc' dir='ltr'>τοῦ</span> <span class='ocrx_word' id='word_1_517' title='bbox 272 2042 372 2079; x_wconf 77' lang='grc' dir='ltr'>χαλκοῦ</span> <span class='ocrx_word' id='word_1_518' title='bbox 392 2044 558 2078; x_wconf 81' lang='grc' dir='ltr'>νομίσματος</span> <span class='ocrx_word' id='word_1_519' title='bbox 574 2043 624 2078; x_wconf 88' lang='grc' dir='ltr'>τῆς</span> <span class='ocrx_word' id='word_1_520' title='bbox 644 2043 819 2078; x_wconf 80' lang='grc' dir='ltr'>ἀριθμήσεως</span> <span class='ocrx_word' id='word_1_521' title='bbox 833 2042 918 2078; x_wconf 84' lang='grc' dir='ltr'>ἄρξα-</span> 
     </span>
    </p>
   </div>
   <div class='ocr_carea' id='block_1_72' title="bbox 126 2087 916 2124">
    <p class='ocr_par' dir='ltr' id='par_1_72' title="bbox 126 2087 916 2124">
     <span class='ocr_line' id='line_1_72' title="bbox 126 2087 916 2124; baseline -0.004 -8"><span class='ocrx_word' id='word_1_522' title='bbox 126 2090 201 2116; x_wconf 76' lang='grc' dir='ltr'>σθαι.</span> <span class='ocrx_word' id='word_1_523' title='bbox 222 2089 303 2116; x_wconf 82' lang='grc' dir='ltr'>Ἀλλὰ</span> <span class='ocrx_word' id='word_1_524' title='bbox 324 2090 374 2124; x_wconf 81' lang='grc' dir='ltr'>τῆς</span> <span class='ocrx_word' id='word_1_525' title='bbox 400 2089 518 2124; x_wconf 82' lang='grc' dir='ltr'>ἀμαθίας</span> <span class='ocrx_word' id='word_1_526' title='bbox 532 2088 578 2115; x_wconf 81' lang='grc' dir='ltr'>τὸν</span> <span class='ocrx_word' id='word_1_527' title='bbox 592 2088 703 2123; x_wconf 76' lang='grc' dir='ltr'>ἔλεγχον</span> <span class='ocrx_word' id='word_1_528' title='bbox 724 2087 916 2123; x_wconf 76' lang='grc' dir='ltr'>ὑπερθέμενοι,</span> 
     </span>
    </p>
   </div>
   <div class='ocr_carea' id='block_1_73' title="bbox 124 2133 705 2169">
    <p class='ocr_par' dir='ltr' id='par_1_73' title="bbox 124 2133 705 2169">
     <span class='ocr_line' id='line_1_73' title="bbox 124 2133 705 2169; baseline -0.003 -8"><span class='ocrx_word' id='word_1_529' title='bbox 124 2135 173 2161; x_wconf 70' lang='grc' dir='ltr'><strong>ἐπὶ</strong></span> <span class='ocrx_word' id='word_1_530' title='bbox 188 2135 222 2161; x_wconf 78' lang='grc' dir='ltr'><strong>τὰ</strong></span> <span class='ocrx_word' id='word_1_531' title='bbox 236 2135 382 2169; x_wconf 78' lang='grc' dir='ltr'>συνέχοντα</span> <span class='ocrx_word' id='word_1_532' title='bbox 397 2134 443 2160; x_wconf 80' lang='grc' dir='ltr'>τὸν</span> <span class='ocrx_word' id='word_1_533' title='bbox 461 2134 538 2168; x_wconf 87' lang='grc' dir='ltr'>λόγον</span> <span class='ocrx_word' id='word_1_534' title='bbox 550 2133 705 2169; x_wconf 69' lang='grc' dir='ltr'>τρέφωμεν.</span> 
     </span>
    </p>
   </div>
   <div class='ocr_carea' id='block_1_74' title="bbox 966 1585 1752 1621">
    <p class='ocr_par' dir='ltr' id='par_1_74' title="bbox 966 1585 1752 1621">
     <span class='ocr_line' id='line_1_74' title="bbox 966 1585 1752 1621; baseline -0.003 -8"><span class='ocrx_word' id='word_1_535' title='bbox 966 1586 1075 1613; x_wconf 89' lang='lat' dir='ltr'><strong>docent.</strong></span> <span class='ocrx_word' id='word_1_536' title='bbox 1093 1586 1159 1619; x_wconf 56' lang='lat' dir='ltr'><strong>Qum</strong></span> <span class='ocrx_word' id='word_1_537' title='bbox 1173 1593 1292 1621; x_wconf 76' lang='lat' dir='ltr'><strong>namque</strong></span> <span class='ocrx_word' id='word_1_538' title='bbox 1312 1585 1354 1613; x_wconf 89' lang='lat' dir='ltr'><strong>vel</strong></span> <span class='ocrx_word' id='word_1_539' title='bbox 1373 1586 1460 1620; x_wconf 90' lang='lat' dir='ltr'><strong>possit</strong></span> <span class='ocrx_word' id='word_1_540' title='bbox 1485 1585 1543 1612; x_wconf 89' lang='lat' dir='ltr'><strong>tieri</strong></span> <span class='ocrx_word' id='word_1_541' title='bbox 1566 1593 1657 1612; x_wconf 88' lang='lat' dir='ltr'><strong>rerum</strong></span> <span class='ocrx_word' id='word_1_542' title='bbox 1675 1585 1752 1612; x_wconf 48' lang='lat' dir='ltr'><strong>vilio&#39;</strong></span> 
     </span>
    </p>
   </div>
   <div class='ocr_carea' id='block_1_75' title="bbox 966 1630 1754 1666">
    <p class='ocr_par' dir='ltr' id='par_1_75' title="bbox 966 1630 1754 1666">
     <span class='ocr_line' id='line_1_75' title="bbox 966 1630 1754 1666; baseline 0.003 -10"><span class='ocrx_word' id='word_1_543' title='bbox 966 1638 1026 1657; x_wconf 92' lang='lat' dir='ltr'><strong>rum</strong></span> <span class='ocrx_word' id='word_1_544' title='bbox 1044 1631 1076 1658; x_wconf 89' lang='lat' dir='ltr'><strong>ad</strong></span> <span class='ocrx_word' id='word_1_545' title='bbox 1096 1630 1270 1666; x_wconf 85' lang='lat' dir='ltr'><strong>pretiosiores</strong></span> <span class='ocrx_word' id='word_1_546' title='bbox 1286 1630 1494 1658; x_wconf 88' lang='lat' dir='ltr'><strong>subnumeratio</strong></span> <span class='ocrx_word' id='word_1_547' title='bbox 1505 1630 1517 1656; x_wconf 71' lang='grc' dir='ltr'>’ί</span> <span class='ocrx_word' id='word_1_548' title='bbox 1530 1630 1631 1657; x_wconf 64' lang='lat' dir='ltr'><strong>Ereus</strong></span> <span class='ocrx_word' id='word_1_549' title='bbox 1655 1630 1754 1658; x_wconf 92' lang='lat' dir='ltr'><strong>obolus</strong></span> 
     </span>
    </p>
   </div>
   <div class='ocr_carea' id='block_1_76' title="bbox 967 1674 1755 1710">
    <p class='ocr_par' dir='ltr' id='par_1_76' title="bbox 967 1674 1755 1710">
     <span class='ocr_line' id='line_1_76' title="bbox 967 1674 1755 1710; baseline -0.001 -8"><span class='ocrx_word' id='word_1_550' title='bbox 967 1683 1052 1703; x_wconf 88' lang='lat' dir='ltr'><strong>aureo</strong></span> <span class='ocrx_word' id='word_1_551' title='bbox 1074 1677 1168 1704; x_wconf 88' lang='lat' dir='ltr'><strong>staleri</strong></span> <span class='ocrx_word' id='word_1_552' title='bbox 1184 1676 1320 1710; x_wconf 86' lang='lat' dir='ltr'><strong>quomodo</strong></span> <span class='ocrx_word' id='word_1_553' title='bbox 1345 1675 1606 1702; x_wconf 85' lang='lat' dir='ltr'><strong>subnumerabitur?</strong></span> <span class='ocrx_word' id='word_1_554' title='bbox 1620 1674 1755 1708; x_wconf 87' lang='lat' dir='ltr'><strong>Quoniam</strong></span> 
     </span>
    </p>
   </div>
   <div class='ocr_carea' id='block_1_77' title="bbox 966 1720 1754 1757">
    <p class='ocr_par' dir='ltr' id='par_1_77' title="bbox 966 1720 1754 1757">
     <span class='ocr_line' id='line_1_77' title="bbox 966 1720 1754 1757; baseline -0.003 -8"><span class='ocrx_word' id='word_1_555' title='bbox 966 1730 1020 1749; x_wconf 88' lang='lat' dir='ltr'><strong>non</strong></span> <span class='ocrx_word' id='word_1_556' title='bbox 1034 1722 1150 1750; x_wconf 90' lang='lat' dir='ltr'><strong>dicimus</strong></span> <span class='ocrx_word' id='word_1_557' title='bbox 1162 1742 1169 1754; x_wconf 82' lang='lat'><strong>,</strong></span> <span class='ocrx_word' id='word_1_558' title='bbox 1183 1722 1311 1757; x_wconf 89' lang='lat' dir='ltr'><strong>inquiunt</strong></span> <span class='ocrx_word' id='word_1_559' title='bbox 1323 1741 1330 1752; x_wconf 83' lang='lat'><em>.</em></span> <span class='ocrx_word' id='word_1_560' title='bbox 1347 1722 1402 1748; x_wconf 88' lang='lat' dir='ltr'><strong>duo</strong></span> <span class='ocrx_word' id='word_1_561' title='bbox 1418 1720 1552 1755; x_wconf 86' lang='lat' dir='ltr'><strong>possideri</strong></span> <span class='ocrx_word' id='word_1_562' title='bbox 1569 1721 1734 1748; x_wconf 77' lang='lat' dir='ltr'><strong>nomismata</strong></span> <span class='ocrx_word' id='word_1_563' title='bbox 1746 1739 1754 1752; x_wconf 93' lang='lat'><strong>,</strong></span> 
     </span>
    </p>
   </div>
   <div class='ocr_carea' id='block_1_78' title="bbox 965 1766 1755 1802">
    <p class='ocr_par' dir='ltr' id='par_1_78' title="bbox 965 1766 1755 1802">
     <span class='ocr_line' id='line_1_78' title="bbox 965 1766 1755 1802; baseline -0.005 -6"><span class='ocrx_word' id='word_1_564' title='bbox 965 1768 1012 1796; x_wconf 82' lang='lat' dir='ltr'><strong>sed</strong></span> <span class='ocrx_word' id='word_1_565' title='bbox 1036 1776 1120 1795; x_wconf 91' lang='lat' dir='ltr'><strong>unum</strong></span> <span class='ocrx_word' id='word_1_566' title='bbox 1141 1772 1169 1796; x_wconf 90' lang='lat' dir='ltr'><strong>et</strong></span> <span class='ocrx_word' id='word_1_567' title='bbox 1182 1776 1277 1796; x_wconf 88' lang='lat' dir='ltr'><strong>unum.</strong></span> <span class='ocrx_word' id='word_1_568' title='bbox 1295 1767 1391 1794; x_wconf 87' lang='lat' dir='ltr'><strong>Utrum</strong></span> <span class='ocrx_word' id='word_1_569' title='bbox 1409 1767 1492 1802; x_wconf 74' lang='lat' dir='ltr'><strong>igitur</strong></span> <span class='ocrx_word' id='word_1_570' title='bbox 1507 1766 1560 1793; x_wconf 89' lang='lat' dir='ltr'><strong>utri</strong></span> <span class='ocrx_word' id='word_1_571' title='bbox 1574 1766 1672 1793; x_wconf 86' lang='lat' dir='ltr'><strong>horum</strong></span> <span class='ocrx_word' id='word_1_572' title='bbox 1690 1766 1755 1793; x_wconf 88' lang='lat' dir='ltr'><strong>sub-</strong></span> 
     </span>
    </p>
   </div>
   <div class='ocr_carea' id='block_1_79' title="bbox 965 1812 1753 1849">
    <p class='ocr_par' dir='ltr' id='par_1_79' title="bbox 965 1812 1753 1849">
     <span class='ocr_line' id='line_1_79' title="bbox 965 1812 1753 1849; baseline -0.005 -7"><span class='ocrx_word' id='word_1_573' title='bbox 965 1814 1152 1842; x_wconf 87' lang='lat' dir='ltr'><strong>numeratur?</strong></span> <span class='ocrx_word' id='word_1_574' title='bbox 1178 1814 1246 1841; x_wconf 83' lang='lat' dir='ltr'><strong>Nam</strong></span> <span class='ocrx_word' id='word_1_575' title='bbox 1275 1817 1423 1849; x_wconf 90' lang='lat' dir='ltr'><strong>utrumque</strong></span> <span class='ocrx_word' id='word_1_576' title='bbox 1450 1812 1578 1840; x_wconf 87' lang='lat' dir='ltr'><strong>similiter</strong></span> <span class='ocrx_word' id='word_1_577' title='bbox 1604 1812 1753 1847; x_wconf 78' lang='lat' dir='ltr'><strong>profertur.</strong></span> 
     </span>
    </p>
   </div>
   <div class='ocr_carea' id='block_1_80' title="bbox 965 1858 1756 1895">
    <p class='ocr_par' dir='ltr' id='par_1_80' title="bbox 965 1858 1756 1895">
     <span class='ocr_line' id='line_1_80' title="bbox 965 1858 1756 1895; baseline -0.003 -9"><span class='ocrx_word' id='word_1_578' title='bbox 965 1859 1059 1894; x_wconf 85' lang='lat' dir='ltr'><strong>Itaque</strong></span> <span class='ocrx_word' id='word_1_579' title='bbox 1077 1860 1100 1887; x_wconf 93' lang='lat' dir='ltr'><strong>si</strong></span> <span class='ocrx_word' id='word_1_580' title='bbox 1124 1860 1251 1895; x_wconf 89' lang='lat' dir='ltr'><strong>quodque</strong></span> <span class='ocrx_word' id='word_1_581' title='bbox 1267 1867 1314 1895; x_wconf 90' lang='lat' dir='ltr'><strong>per</strong></span> <span class='ocrx_word' id='word_1_582' title='bbox 1330 1867 1360 1887; x_wconf 89' lang='lat' dir='ltr'><strong>se</strong></span> <span class='ocrx_word' id='word_1_583' title='bbox 1374 1866 1513 1891; x_wconf 79' lang='lat' dir='ltr'><strong>numeres,</strong></span> <span class='ocrx_word' id='word_1_584' title='bbox 1528 1858 1597 1886; x_wconf 79' lang='lat' dir='ltr'><strong>iacis</strong></span> <span class='ocrx_word' id='word_1_585' title='bbox 1612 1858 1756 1893; x_wconf 68' lang='lat' dir='ltr'><strong>aequalita-</strong></span> 
     </span>
    </p>
   </div>
   <div class='ocr_carea' id='block_1_81' title="bbox 966 1905 1755 1941">
    <p class='ocr_par' dir='ltr' id='par_1_81' title="bbox 966 1905 1755 1941">
     <span class='ocr_line' id='line_1_81' title="bbox 966 1905 1755 1941; baseline -0.003 -9"><span class='ocrx_word' id='word_1_586' title='bbox 966 1908 1022 1933; x_wconf 90' lang='lat' dir='ltr'><strong>tem</strong></span> <span class='ocrx_word' id='word_1_587' title='bbox 1041 1906 1120 1941; x_wconf 89' lang='lat' dir='ltr'><strong>pretii</strong></span> <span class='ocrx_word' id='word_1_588' title='bbox 1140 1905 1234 1933; x_wconf 88' lang='lat' dir='ltr'><strong>eodem</strong></span> <span class='ocrx_word' id='word_1_589' title='bbox 1254 1905 1415 1933; x_wconf 87' lang='lat' dir='ltr'><strong>numerandi</strong></span> <span class='ocrx_word' id='word_1_590' title='bbox 1438 1905 1537 1933; x_wconf 87' lang='lat' dir='ltr'><strong>modo:</strong></span> <span class='ocrx_word' id='word_1_591' title='bbox 1553 1905 1595 1932; x_wconf 90' lang='lat' dir='ltr'><strong>sin</strong></span> <span class='ocrx_word' id='word_1_592' title='bbox 1615 1908 1705 1932; x_wconf 91' lang='lat' dir='ltr'><strong>autem</strong></span> <span class='ocrx_word' id='word_1_593' title='bbox 1723 1911 1755 1931; x_wconf 90' lang='lat' dir='ltr'><strong>ea</strong></span> 
     </span>
    </p>
   </div>
   <div class='ocr_carea' id='block_1_82' title="bbox 968 1949 1755 1987">
    <p class='ocr_par' dir='ltr' id='par_1_82' title="bbox 968 1949 1755 1987">
     <span class='ocr_line' id='line_1_82' title="bbox 968 1949 1755 1987; baseline -0.004 -9"><span class='ocrx_word' id='word_1_594' title='bbox 968 1952 1156 1987; x_wconf 83' lang='lat' dir='ltr'><strong>conjunxeris,</strong></span> <span class='ocrx_word' id='word_1_595' title='bbox 1171 1959 1268 1979; x_wconf 90' lang='lat' dir='ltr'><strong>rursus</strong></span> <span class='ocrx_word' id='word_1_596' title='bbox 1280 1958 1360 1978; x_wconf 89' lang='lat' dir='ltr'><strong>unam</strong></span> <span class='ocrx_word' id='word_1_597' title='bbox 1375 1955 1402 1978; x_wconf 90' lang='lat' dir='ltr'><strong>et</strong></span> <span class='ocrx_word' id='word_1_598' title='bbox 1417 1951 1540 1979; x_wconf 86' lang='lat' dir='ltr'><strong>eamdem</strong></span> <span class='ocrx_word' id='word_1_599' title='bbox 1552 1950 1621 1977; x_wconf 81' lang='lat' dir='ltr'><strong>facis</strong></span> <span class='ocrx_word' id='word_1_600' title='bbox 1636 1949 1755 1984; x_wconf 83' lang='lat' dir='ltr'><strong>dignita-</strong></span> 
     </span>
    </p>
   </div>
   <div class='ocr_carea' id='block_1_83' title="bbox 968 1994 1755 2031">
    <p class='ocr_par' dir='ltr' id='par_1_83' title="bbox 968 1994 1755 2031">
     <span class='ocr_line' id='line_1_83' title="bbox 968 1994 1755 2031; baseline -0.004 -7"><span class='ocrx_word' id='word_1_601' title='bbox 968 2000 1021 2024; x_wconf 90' lang='lat' dir='ltr'><strong>tem</strong></span> <span class='ocrx_word' id='word_1_602' title='bbox 1033 2019 1041 2030; x_wconf 86' lang='lat'><strong>,</strong></span> <span class='ocrx_word' id='word_1_603' title='bbox 1057 2000 1204 2031; x_wconf 89' lang='lat' dir='ltr'><strong>utrumque</strong></span> <span class='ocrx_word' id='word_1_604' title='bbox 1219 1996 1297 2023; x_wconf 83' lang='lat' dir='ltr'><strong>alteri</strong></span> <span class='ocrx_word' id='word_1_605' title='bbox 1312 2003 1527 2024; x_wconf 89' lang='lat' dir='ltr'><strong>eonnumerans.</strong></span> <span class='ocrx_word' id='word_1_606' title='bbox 1544 1995 1622 2029; x_wconf 84' lang='lat' dir='ltr'><strong>Quod</strong></span> <span class='ocrx_word' id='word_1_607' title='bbox 1636 1996 1658 2023; x_wconf 88' lang='lat' dir='ltr'><strong>si</strong></span> <span class='ocrx_word' id='word_1_608' title='bbox 1674 1994 1755 2030; x_wconf 91' lang='lat' dir='ltr'><strong>quid-</strong></span> 
     </span>
    </p>
   </div>
   <div class='ocr_carea' id='block_1_84' title="bbox 968 2040 1754 2077">
    <p class='ocr_par' dir='ltr' id='par_1_84' title="bbox 968 2040 1754 2077">
     <span class='ocr_line' id='line_1_84' title="bbox 968 2040 1754 2077; baseline -0.003 -8"><span class='ocrx_word' id='word_1_609' title='bbox 968 2042 1033 2077; x_wconf 86' lang='lat' dir='ltr'><strong>quid</strong></span> <span class='ocrx_word' id='word_1_610' title='bbox 1054 2042 1082 2069; x_wconf 93' lang='lat' dir='ltr'><strong>in</strong></span> <span class='ocrx_word' id='word_1_611' title='bbox 1107 2042 1277 2069; x_wconf 84' lang='lat' dir='ltr'><strong>numerando</strong></span> <span class='ocrx_word' id='word_1_612' title='bbox 1297 2042 1451 2076; x_wconf 89' lang='lat' dir='ltr'><strong>posteriore</strong></span> <span class='ocrx_word' id='word_1_613' title='bbox 1473 2042 1536 2069; x_wconf 89' lang='lat' dir='ltr'><strong>loco</strong></span> <span class='ocrx_word' id='word_1_614' title='bbox 1559 2041 1702 2076; x_wconf 80' lang='lat' dir='ltr'><strong>posueris.</strong></span> <span class='ocrx_word' id='word_1_615' title='bbox 1727 2040 1754 2067; x_wconf 91' lang='lat' dir='ltr'><strong>id</strong></span> 
     </span>
    </p>
   </div>
   <div class='ocr_carea' id='block_1_85' title="bbox 969 2086 1755 2119">
    <p class='ocr_par' dir='ltr' id='par_1_85' title="bbox 969 2086 1755 2119">
     <span class='ocr_line' id='line_1_85' title="bbox 969 2086 1755 2119; baseline -0.004 -5"><span class='ocrx_word' id='word_1_616' title='bbox 969 2087 1078 2114; x_wconf 91' lang='lat' dir='ltr'><strong>habebit</strong></span> <span class='ocrx_word' id='word_1_617' title='bbox 1091 2086 1372 2119; x_wconf 84' lang='lat' dir='ltr'><strong>subnumerationem,</strong></span> <span class='ocrx_word' id='word_1_618' title='bbox 1389 2087 1545 2114; x_wconf 86' lang='lat' dir='ltr'><strong>numeranti</strong></span> <span class='ocrx_word' id='word_1_619' title='bbox 1561 2087 1589 2114; x_wconf 92' lang='lat' dir='ltr'><strong>iu</strong></span> <span class='ocrx_word' id='word_1_620' title='bbox 1612 2094 1694 2113; x_wconf 88' lang='lat' dir='ltr'><strong>manu</strong></span> <span class='ocrx_word' id='word_1_621' title='bbox 1713 2089 1755 2112; x_wconf 88' lang='lat' dir='ltr'><strong>est</strong></span> 
     </span>
    </p>
   </div>
   <div class='ocr_carea' id='block_1_86' title="bbox 968 2131 1754 2167">
    <p class='ocr_par' dir='ltr' id='par_1_86' title="bbox 968 2131 1754 2167">
     <span class='ocr_line' id='line_1_86' title="bbox 968 2131 1754 2167; baseline -0.001 -8"><span class='ocrx_word' id='word_1_622' title='bbox 968 2133 1003 2161; x_wconf 87' lang='lat' dir='ltr'><strong>ab</strong></span> <span class='ocrx_word' id='word_1_623' title='bbox 1017 2140 1088 2160; x_wconf 69' lang='lat' dir='ltr'><strong>aereo</strong></span> <span class='ocrx_word' id='word_1_624' title='bbox 1113 2133 1278 2160; x_wconf 84' lang='lat' dir='ltr'><strong>numismate</strong></span> <span class='ocrx_word' id='word_1_625' title='bbox 1302 2132 1520 2160; x_wconf 85' lang='lat' dir='ltr'><strong>numerationem</strong></span> <span class='ocrx_word' id='word_1_626' title='bbox 1544 2133 1676 2167; x_wconf 87' lang='lat' dir='ltr'><strong>incipere.</strong></span> <span class='ocrx_word' id='word_1_627' title='bbox 1701 2131 1754 2158; x_wconf 88' lang='lat' dir='ltr'><strong>Sed</strong></span> 
     </span>
    </p>
   </div>
   <div class='ocr_carea' id='block_1_87' title="bbox 124 2177 1755 2215">
    <p class='ocr_par' dir='ltr' id='par_1_87' title="bbox 124 2177 1755 2215">
     <span class='ocr_line' id='line_1_87' title="bbox 124 2177 1755 2215; baseline -0.002 -8"><span class='ocrx_word' id='word_1_628' title='bbox 124 2181 271 2215; x_wconf 72' lang='lat' dir='ltr'><strong>imperitia:</strong></span> <span class='ocrx_word' id='word_1_629' title='bbox 289 2179 503 2207; x_wconf 80' lang='lat' dir='ltr'><strong>eonfutationem</strong></span> <span class='ocrx_word' id='word_1_630' title='bbox 520 2180 549 2206; x_wconf 87' lang='lat' dir='ltr'><strong>in</strong></span> <span class='ocrx_word' id='word_1_631' title='bbox 571 2179 646 2206; x_wconf 82' lang='lat' dir='ltr'><strong>aliud</strong></span> <span class='ocrx_word' id='word_1_632' title='bbox 677 2182 785 2213; x_wconf 81' lang='lat' dir='ltr'><strong>tempus</strong></span> <span class='ocrx_word' id='word_1_633' title='bbox 818 2177 990 2212; x_wconf 85' lang='lat' dir='ltr'><strong>rejicieutes,</strong></span> <span class='ocrx_word' id='word_1_634' title='bbox 1006 2179 1041 2206; x_wconf 88' lang='lat' dir='ltr'><strong>ad</strong></span> <span class='ocrx_word' id='word_1_635' title='bbox 1073 2186 1106 2206; x_wconf 85' lang='lat' dir='ltr'><strong>ea</strong></span> <span class='ocrx_word' id='word_1_636' title='bbox 1130 2187 1191 2214; x_wconf 79' lang='lat' dir='ltr'><strong>quae</strong></span> <span class='ocrx_word' id='word_1_637' title='bbox 1213 2186 1271 2207; x_wconf 86' lang='lat' dir='ltr'><strong>rem</strong></span> <span class='ocrx_word' id='word_1_638' title='bbox 1285 2186 1454 2213; x_wconf 82' lang='lat' dir='ltr'><strong>causamque</strong></span> <span class='ocrx_word' id='word_1_639' title='bbox 1469 2181 1628 2212; x_wconf 88' lang='lat' dir='ltr'><strong>continent,</strong></span> <span class='ocrx_word' id='word_1_640' title='bbox 1652 2177 1755 2205; x_wconf 85' lang='lat' dir='ltr'><strong>oratio-</strong></span> 
     </span>
    </p>
   </div>
   <div class='ocr_carea' id='block_1_88' title="bbox 126 2230 356 2254">
    <p class='ocr_par' dir='ltr' id='par_1_88' title="bbox 126 2230 356 2254">
     <span class='ocr_line' id='line_1_88' title="bbox 126 2230 356 2254; baseline -0.009 0"><span class='ocrx_word' id='word_1_641' title='bbox 126 2234 189 2254; x_wconf 84' lang='lat' dir='ltr'><strong>nem</strong></span> <span class='ocrx_word' id='word_1_642' title='bbox 207 2230 356 2253; x_wconf 84' lang='lat' dir='ltr'><strong>vertamus.</strong></span> 
     </span>
    </p>
   </div>
   <div class='ocr_carea' id='block_1_89' title="bbox 161 2267 914 2308">
    <p class='ocr_par' dir='ltr' id='par_1_89' title="bbox 161 2271 914 2308">
     <span class='ocr_line' id='line_1_89' title="bbox 161 2271 914 2308; baseline -0.004 -9"><span class='ocrx_word' id='word_1_643' title='bbox 161 2273 208 2300; x_wconf 66' lang='grc'><strong>45.</strong></span> <span class='ocrx_word' id='word_1_644' title='bbox 224 2273 281 2299; x_wconf 78' lang='grc' dir='ltr'><strong>Καὶ</strong></span> <span class='ocrx_word' id='word_1_645' title='bbox 290 2272 335 2298; x_wconf 83' lang='grc' dir='ltr'>τὸν</span> <span class='ocrx_word' id='word_1_646' title='bbox 347 2272 409 2299; x_wconf 81' lang='grc' dir='ltr'>Υἱὸν</span> <span class='ocrx_word' id='word_1_647' title='bbox 427 2272 637 2308; x_wconf 82' lang='grc' dir='ltr'>ὑπαριθμεῖσθαι</span> <span class='ocrx_word' id='word_1_648' title='bbox 651 2271 690 2306; x_wconf 85' lang='grc' dir='ltr'>τῷ</span> <span class='ocrx_word' id='word_1_649' title='bbox 708 2271 796 2307; x_wconf 79' lang='grc' dir='ltr'>Πατρὶ</span> <span class='ocrx_word' id='word_1_650' title='bbox 811 2271 914 2304; x_wconf 80' lang='grc' dir='ltr'>λέγετε,</span> 
     </span>
    </p>
   </div>
   <div class='ocr_carea' id='block_1_90' title="bbox 968 2267 1752 2308">
    <p class='ocr_par' dir='ltr' id='par_1_90' title="bbox 1004 2267 1752 2297">
     <span class='ocr_line' id='line_1_90' title="bbox 1004 2267 1752 2297; baseline 0.001 -1"><span class='ocrx_word' id='word_1_651' title='bbox 1004 2269 1049 2296; x_wconf 73' lang='grc'><strong>45.</strong></span> <span class='ocrx_word' id='word_1_652' title='bbox 1065 2268 1189 2295; x_wconf 74' lang='lat' dir='ltr'><strong>Etiamne</strong></span> <span class='ocrx_word' id='word_1_653' title='bbox 1213 2267 1311 2295; x_wconf 81' lang='lat' dir='ltr'><strong>Filium</strong></span> <span class='ocrx_word' id='word_1_654' title='bbox 1336 2268 1428 2296; x_wconf 89' lang='lat' dir='ltr'><strong>dicitis</strong></span> <span class='ocrx_word' id='word_1_655' title='bbox 1450 2267 1642 2295; x_wconf 84' lang='lat' dir='ltr'><strong>subnumerari</strong></span> <span class='ocrx_word' id='word_1_656' title='bbox 1669 2268 1752 2297; x_wconf 65' lang='lat' dir='ltr'><strong>Patri,</strong></span> 
     </span>
    </p>
   </div>
   <div class='ocr_carea' id='block_1_91' title="bbox 127 2316 916 2354">
    <p class='ocr_par' dir='ltr' id='par_1_91' title="bbox 127 2316 916 2354">
     <span class='ocr_line' id='line_1_91' title="bbox 127 2316 916 2354; baseline -0.003 -9"><span class='ocrx_word' id='word_1_657' title='bbox 127 2320 174 2346; x_wconf 69' lang='grc' dir='ltr'>καὶ</span> <span class='ocrx_word' id='word_1_658' title='bbox 200 2319 230 2345; x_wconf 76' lang='grc' dir='ltr'><strong>τὸ</strong></span> <span class='ocrx_word' id='word_1_659' title='bbox 254 2318 366 2354; x_wconf 77' lang='grc' dir='ltr'>Πνεῦμα</span> <span class='ocrx_word' id='word_1_660' title='bbox 386 2318 425 2354; x_wconf 85' lang='grc' dir='ltr'>τῷ</span> <span class='ocrx_word' id='word_1_661' title='bbox 443 2318 511 2354; x_wconf 84' lang='grc' dir='ltr'><strong>Υίῷ,</strong></span> <span class='ocrx_word' id='word_1_662' title='bbox 525 2319 542 2354; x_wconf 80' lang='grc' dir='ltr'>ἦ</span> <span class='ocrx_word' id='word_1_663' title='bbox 556 2318 594 2354; x_wconf 79' lang='grc' dir='ltr'>τῷ</span> <span class='ocrx_word' id='word_1_664' title='bbox 618 2317 757 2353; x_wconf 85' lang='grc' dir='ltr'>Πνεύματι</span> <span class='ocrx_word' id='word_1_665' title='bbox 782 2319 853 2352; x_wconf 84' lang='grc' dir='ltr'>μόνῳ</span> <span class='ocrx_word' id='word_1_666' title='bbox 866 2316 916 2352; x_wconf 80' lang='grc' dir='ltr'>τὴν</span> 
     </span>
    </p>
   </div>
   <div class='ocr_carea' id='block_1_92' title="bbox 128 2362 915 2401">
    <p class='ocr_par' dir='ltr' id='par_1_92' title="bbox 128 2362 915 2401">
     <span class='ocr_line' id='line_1_92' title="bbox 128 2362 915 2401; baseline -0.003 -10"><span class='ocrx_word' id='word_1_667' title='bbox 128 2364 317 2401; x_wconf 78' lang='grc' dir='ltr'>ὐπαρίθμησιν</span> <span class='ocrx_word' id='word_1_668' title='bbox 335 2364 497 2400; x_wconf 70' lang='grc' dir='ltr'>ἀφορίζετε;</span> <span class='ocrx_word' id='word_1_669' title='bbox 523 2365 554 2391; x_wconf 89' lang='grc' dir='ltr'>Εἰ</span> <span class='ocrx_word' id='word_1_670' title='bbox 572 2365 621 2400; x_wconf 81' lang='grc' dir='ltr'>μὲν</span> <span class='ocrx_word' id='word_1_671' title='bbox 646 2363 701 2399; x_wconf 85' lang='grc' dir='ltr'><strong>γὰρ</strong></span> <span class='ocrx_word' id='word_1_672' title='bbox 726 2363 773 2390; x_wconf 74' lang='grc' dir='ltr'>καὶ</span> <span class='ocrx_word' id='word_1_673' title='bbox 793 2363 839 2389; x_wconf 84' lang='grc' dir='ltr'>τὸν</span> <span class='ocrx_word' id='word_1_674' title='bbox 852 2362 915 2389; x_wconf 81' lang='grc' dir='ltr'>Υἱὺν</span> 
     </span>
    </p>
   </div>
   <div class='ocr_carea' id='block_1_93' title="bbox 129 2409 916 2448">
    <p class='ocr_par' dir='ltr' id='par_1_93' title="bbox 129 2409 916 2448">
     <span class='ocr_line' id='line_1_93' title="bbox 129 2409 916 2448; baseline -0.004 -8"><span class='ocrx_word' id='word_1_675' title='bbox 129 2412 321 2448; x_wconf 77' lang='grc' dir='ltr'>ὑπαριθμεῑτε,</span> <span class='ocrx_word' id='word_1_676' title='bbox 345 2411 426 2439; x_wconf 77' lang='grc' dir='ltr'>πάλιν</span> <span class='ocrx_word' id='word_1_677' title='bbox 444 2412 490 2439; x_wconf 82' lang='grc' dir='ltr'>τὸν</span> <span class='ocrx_word' id='word_1_678' title='bbox 517 2412 599 2439; x_wconf 84' lang='grc' dir='ltr'>αὐτὸν</span> <span class='ocrx_word' id='word_1_679' title='bbox 623 2411 702 2446; x_wconf 88' lang='grc' dir='ltr'>λόγον</span> <span class='ocrx_word' id='word_1_680' title='bbox 723 2412 772 2446; x_wconf 79' lang='grc' dir='ltr'>τῆς</span> <span class='ocrx_word' id='word_1_681' title='bbox 789 2409 916 2441; x_wconf 75' lang='grc' dir='ltr'>ἀσεϐείας</span> 
     </span>
    </p>
   </div>
   <div class='ocr_carea' id='block_1_94' title="bbox 130 2454 917 2493">
    <p class='ocr_par' dir='ltr' id='par_1_94' title="bbox 130 2454 917 2493">
     <span class='ocr_line' id='line_1_94' title="bbox 130 2454 917 2493; baseline -0.003 -9"><span class='ocrx_word' id='word_1_682' title='bbox 130 2457 329 2490; x_wconf 79' lang='grc' dir='ltr'>ἀνακαινίζετε,</span> <span class='ocrx_word' id='word_1_683' title='bbox 346 2458 376 2484; x_wconf 86' lang='grc' dir='ltr'>τὸ</span> <span class='ocrx_word' id='word_1_684' title='bbox 388 2457 513 2493; x_wconf 80' lang='grc' dir='ltr'>ἀνόμοιον</span> <span class='ocrx_word' id='word_1_685' title='bbox 529 2458 579 2493; x_wconf 84' lang='grc' dir='ltr'>τῆς</span> <span class='ocrx_word' id='word_1_686' title='bbox 599 2457 703 2489; x_wconf 74' lang='grc' dir='ltr'>οὐσίας,</span> <span class='ocrx_word' id='word_1_687' title='bbox 721 2456 770 2492; x_wconf 81' lang='grc' dir='ltr'>τὴν</span> <span class='ocrx_word' id='word_1_688' title='bbox 781 2455 827 2483; x_wconf 82' lang='grc' dir='ltr'><strong>τοῦ</strong></span> <span class='ocrx_word' id='word_1_689' title='bbox 840 2454 917 2489; x_wconf 76' lang='grc' dir='ltr'><strong>ἀξιώ-</strong></span> 
     </span>
    </p>
   </div>
   <div class='ocr_carea' id='block_1_95' title="bbox 132 2500 919 2539">
    <p class='ocr_par' dir='ltr' id='par_1_95' title="bbox 132 2500 919 2539">
     <span class='ocr_line' id='line_1_95' title="bbox 132 2500 919 2539; baseline -0.004 -9"><span class='ocrx_word' id='word_1_690' title='bbox 132 2513 215 2539; x_wconf 82' lang='grc' dir='ltr'>ματος</span> <span class='ocrx_word' id='word_1_691' title='bbox 243 2503 435 2539; x_wconf 81' lang='grc' dir='ltr'>ταπεινότητα,</span> <span class='ocrx_word' id='word_1_692' title='bbox 458 2503 508 2539; x_wconf 84' lang='grc' dir='ltr'>τὴν</span> <span class='ocrx_word' id='word_1_693' title='bbox 536 2504 564 2530; x_wconf 87' lang='grc' dir='ltr'>ὲν</span> <span class='ocrx_word' id='word_1_694' title='bbox 593 2503 698 2539; x_wconf 80' lang='grc' dir='ltr'>ὑστέρῳ</span> <span class='ocrx_word' id='word_1_695' title='bbox 725 2502 843 2537; x_wconf 81' lang='grc' dir='ltr'>γένεσιν,</span> <span class='ocrx_word' id='word_1_696' title='bbox 871 2500 919 2528; x_wconf 78' lang='grc' dir='ltr'>καὶ</span> 
     </span>
    </p>
   </div>
   <div class='ocr_carea' id='block_1_96' title="bbox 131 2546 916 2584">
    <p class='ocr_par' dir='ltr' id='par_1_96' title="bbox 131 2546 916 2584">
     <span class='ocr_line' id='line_1_96' title="bbox 131 2546 916 2584; baseline -0.003 -8"><span class='ocrx_word' id='word_1_697' title='bbox 131 2549 297 2582; x_wconf 77' lang='grc' dir='ltr'>ἁπαξαπλῶς</span> <span class='ocrx_word' id='word_1_698' title='bbox 308 2549 397 2580; x_wconf 79' lang='grc' dir='ltr'>πάσας</span> <span class='ocrx_word' id='word_1_699' title='bbox 418 2549 485 2583; x_wconf 82' lang='grc' dir='ltr'>ὁμοῦ</span> <span class='ocrx_word' id='word_1_700' title='bbox 506 2548 554 2581; x_wconf 79' lang='grc' dir='ltr'><strong>τὰς</strong></span> <span class='ocrx_word' id='word_1_701' title='bbox 569 2550 608 2581; x_wconf 86' lang='grc' dir='ltr'>εὶς</span> <span class='ocrx_word' id='word_1_702' title='bbox 622 2549 667 2576; x_wconf 81' lang='grc' dir='ltr'>τὸν</span> <span class='ocrx_word' id='word_1_703' title='bbox 682 2548 821 2584; x_wconf 85' lang='grc' dir='ltr'>Μονογενῆ</span> <span class='ocrx_word' id='word_1_704' title='bbox 836 2546 916 2583; x_wconf 85' lang='grc' dir='ltr'>βλασ-</span> 
     </span>
    </p>
   </div>
   <div class='ocr_carea' id='block_1_97' title="bbox 131 2594 915 2631">
    <p class='ocr_par' dir='ltr' id='par_1_97' title="bbox 131 2594 915 2631">
     <span class='ocr_line' id='line_1_97' title="bbox 131 2594 915 2631; baseline -0.004 -9"><span class='ocrx_word' id='word_1_705' title='bbox 131 2596 237 2631; x_wconf 75' lang='grc' dir='ltr'>φημίας</span> <span class='ocrx_word' id='word_1_706' title='bbox 252 2595 286 2621; x_wconf 82' lang='grc' dir='ltr'>δι’</span> <span class='ocrx_word' id='word_1_707' title='bbox 303 2595 361 2626; x_wconf 83' lang='grc' dir='ltr'>ἐνὸς</span> <span class='ocrx_word' id='word_1_708' title='bbox 375 2594 469 2621; x_wconf 81' lang='grc' dir='ltr'>τούτου</span> <span class='ocrx_word' id='word_1_709' title='bbox 484 2595 605 2630; x_wconf 85' lang='grc' dir='ltr'>ῥήματος</span> <span class='ocrx_word' id='word_1_710' title='bbox 630 2594 844 2626; x_wconf 81' lang='grc' dir='ltr'>ἀνακυκλοῢντες</span> <span class='ocrx_word' id='word_1_711' title='bbox 858 2595 915 2620; x_wconf 75' lang='grc' dir='ltr'>ἑπι-</span> 
     </span>
    </p>
   </div>
   <div class='ocr_carea' id='block_1_98' title="bbox 129 2638 914 2677">
    <p class='ocr_par' dir='ltr' id='par_1_98' title="bbox 129 2638 914 2677">
     <span class='ocr_line' id='line_1_98' title="bbox 129 2638 914 2677; baseline -0.001 -10"><span class='ocrx_word' id='word_1_712' title='bbox 129 2640 304 2676; x_wconf 77' lang='grc' dir='ltr'>ὂειχθήσεσθε</span> <span class='ocrx_word' id='word_1_713' title='bbox 315 2649 323 2656; x_wconf 89' lang='grc'><strong>·</strong></span> <span class='ocrx_word' id='word_1_714' title='bbox 338 2638 379 2672; x_wconf 69' lang='grc' dir='ltr'>οἷς</span> <span class='ocrx_word' id='word_1_715' title='bbox 389 2641 537 2675; x_wconf 81' lang='grc' dir='ltr'>ἀντιλέγειν</span> <span class='ocrx_word' id='word_1_716' title='bbox 562 2640 728 2677; x_wconf 82' lang='grc' dir='ltr'>μακρότερον</span> <span class='ocrx_word' id='word_1_717' title='bbox 746 2640 763 2676; x_wconf 83' lang='grc' dir='ltr'>ἢ</span> <span class='ocrx_word' id='word_1_718' title='bbox 777 2639 847 2668; x_wconf 85' lang='grc' dir='ltr'>κατὰ</span> <span class='ocrx_word' id='word_1_719' title='bbox 865 2639 914 2675; x_wconf 85' lang='grc' dir='ltr'>τὴν</span> 
     </span>
    </p>
   </div>
   <div class='ocr_carea' id='block_1_99' title="bbox 165 2716 914 2754">
    <p class='ocr_par' dir='ltr' id='par_1_99' title="bbox 165 2716 914 2754">
     <span class='ocr_line' id='line_1_99' title="bbox 165 2716 914 2754; baseline -0.003 -9"><span class='ocrx_word' id='word_1_720' title='bbox 165 2718 221 2752; x_wconf 76' lang='grc'><strong>(51)</strong></span> <span class='ocrx_word' id='word_1_721' title='bbox 243 2718 306 2745; x_wconf 73' lang='grc' dir='ltr'><strong>Τῶν·</strong></span> <span class='ocrx_word' id='word_1_722' title='bbox 320 2718 474 2754; x_wconf 66' lang='grc' dir='ltr'>σωμᾴτων.</span> <span class='ocrx_word' id='word_1_723' title='bbox 488 2718 596 2754; x_wconf 78' lang='lat' dir='ltr'><strong>Desunt</strong></span> <span class='ocrx_word' id='word_1_724' title='bbox 611 2717 652 2745; x_wconf 73' lang='lat' dir='ltr'><strong>haa</strong></span> <span class='ocrx_word' id='word_1_725' title='bbox 677 2724 758 2754; x_wconf 73' lang='lat' dir='ltr'><strong>voces</strong></span> <span class='ocrx_word' id='word_1_726' title='bbox 772 2717 801 2744; x_wconf 89' lang='lat' dir='ltr'><strong>in</strong></span> <span class='ocrx_word' id='word_1_727' title='bbox 815 2716 914 2754; x_wconf 78' lang='lat' dir='ltr'><strong>pleris-</strong></span> 
     </span>
    </p>
   </div>
   <div class='ocr_carea' id='block_1_100' title="bbox 132 2752 913 2787">
    <p class='ocr_par' dir='ltr' id='par_1_100' title="bbox 132 2752 913 2787">
     <span class='ocr_line' id='line_1_100' title="bbox 132 2752 913 2787; baseline -0.004 -6"><span class='ocrx_word' id='word_1_728' title='bbox 132 2762 183 2787; x_wconf 79' lang='lat' dir='ltr'><strong>que</strong></span> <span class='ocrx_word' id='word_1_729' title='bbox 203 2752 442 2781; x_wconf 46' lang='lat' dir='ltr'><strong>codicibusﬁlilox</strong></span> <span class='ocrx_word' id='word_1_730' title='bbox 462 2753 527 2781; x_wconf 82' lang='lat' dir='ltr'><strong>editi</strong></span> <span class='ocrx_word' id='word_1_731' title='bbox 547 2754 714 2786; x_wconf 69' lang='grc' dir='ltr'>ἐπενεγκεῖν.</span> <span class='ocrx_word' id='word_1_732' title='bbox 731 2752 783 2780; x_wconf 87' lang='lat' dir='ltr'><strong>Sex</strong></span> <span class='ocrx_word' id='word_1_733' title='bbox 805 2752 913 2779; x_wconf 89' lang='lat' dir='ltr'><strong>codices</strong></span> 
     </span>
    </p>
   </div>
   <div class='ocr_carea' id='block_1_101' title="bbox 133 2786 911 2823">
    <p class='ocr_par' dir='ltr' id='par_1_101' title="bbox 133 2786 911 2823">
     <span class='ocr_line' id='line_1_101' title="bbox 133 2786 911 2823; baseline -0.001 -8"><span class='ocrx_word' id='word_1_734' title='bbox 133 2786 160 2815; x_wconf 83' lang='lat' dir='ltr'><strong>ut</strong></span> <span class='ocrx_word' id='word_1_735' title='bbox 180 2790 208 2816; x_wconf 91' lang='lat' dir='ltr'><strong>in</strong></span> <span class='ocrx_word' id='word_1_736' title='bbox 220 2792 362 2816; x_wconf 80' lang='lat' dir='ltr'><strong>contextu.</strong></span> <span class='ocrx_word' id='word_1_737' title='bbox 381 2788 478 2816; x_wconf 86' lang='lat' dir='ltr'><strong>Iisdem</strong></span> <span class='ocrx_word' id='word_1_738' title='bbox 492 2788 650 2815; x_wconf 87' lang='lat' dir='ltr'><strong>auctoribus</strong></span> <span class='ocrx_word' id='word_1_739' title='bbox 667 2788 747 2822; x_wconf 88' lang='lat' dir='ltr'><strong>paulo</strong></span> <span class='ocrx_word' id='word_1_740' title='bbox 761 2791 824 2823; x_wconf 90' lang='lat' dir='ltr'><strong>post</strong></span> <span class='ocrx_word' id='word_1_741' title='bbox 838 2786 911 2814; x_wconf 80' lang='lat' dir='ltr'><strong>dele-</strong></span> 
     </span>
    </p>
   </div>
   <div class='ocr_carea' id='block_1_102' title="bbox 132 2823 679 2857">
    <p class='ocr_par' dir='ltr' id='par_1_102' title="bbox 132 2823 679 2857">
     <span class='ocr_line' id='line_1_102' title="bbox 132 2823 679 2857; baseline -0.004 -6"><span class='ocrx_word' id='word_1_742' title='bbox 132 2824 219 2852; x_wconf 71' lang='lat' dir='ltr'><strong>vimus</strong></span> <span class='ocrx_word' id='word_1_743' title='bbox 234 2824 458 2857; x_wconf 80' lang='lat' dir='ltr'><strong>coniunctionem</strong></span> <span class='ocrx_word' id='word_1_744' title='bbox 471 2828 533 2851; x_wconf 78' lang='lat' dir='ltr'><strong>ante</strong></span> <span class='ocrx_word' id='word_1_745' title='bbox 545 2823 679 2857; x_wconf 81' lang='grc' dir='ltr'>λέγουσιν.</span> 
     </span>
    </p>
   </div>
   <div class='ocr_carea' id='block_1_103' title="bbox 166 2856 913 2894">
    <p class='ocr_par' dir='ltr' id='par_1_103' title="bbox 166 2856 913 2894">
     <span class='ocr_line' id='line_1_103' title="bbox 166 2856 913 2894; baseline -0.003 -8"><span class='ocrx_word' id='word_1_746' title='bbox 166 2859 221 2894; x_wconf 70' lang='lat'><strong>(32)</strong></span> <span class='ocrx_word' id='word_1_747' title='bbox 236 2856 458 2894; x_wconf 66' lang='grc' dir='ltr'>Πολυτιμήτων.</span> <span class='ocrx_word' id='word_1_748' title='bbox 484 2856 587 2893; x_wconf 74' lang='lat' dir='ltr'><strong>Regius</strong></span> <span class='ocrx_word' id='word_1_749' title='bbox 609 2861 722 2893; x_wconf 81' lang='lat' dir='ltr'><strong>quartus</strong></span> <span class='ocrx_word' id='word_1_750' title='bbox 750 2856 913 2892; x_wconf 84' lang='grc' dir='ltr'>πολυτίμων.</span> 
     </span>
    </p>
   </div>
   <div class='ocr_carea' id='block_1_104' title="bbox 968 2312 1755 2350">
    <p class='ocr_par' dir='ltr' id='par_1_104' title="bbox 968 2312 1755 2350">
     <span class='ocr_line' id='line_1_104' title="bbox 968 2312 1755 2350; baseline -0.001 -8"><span class='ocrx_word' id='word_1_751' title='bbox 968 2322 1000 2342; x_wconf 90' lang='lat' dir='ltr'><strong>ac</strong></span> <span class='ocrx_word' id='word_1_752' title='bbox 1012 2314 1146 2350; x_wconf 88' lang='lat' dir='ltr'><strong>Spiritum</strong></span> <span class='ocrx_word' id='word_1_753' title='bbox 1164 2313 1252 2348; x_wconf 88' lang='lat' dir='ltr'><strong>Filio;</strong></span> <span class='ocrx_word' id='word_1_754' title='bbox 1269 2321 1304 2341; x_wconf 90' lang='lat' dir='ltr'><strong>an</strong></span> <span class='ocrx_word' id='word_1_755' title='bbox 1317 2314 1369 2341; x_wconf 91' lang='lat' dir='ltr'><strong>soli</strong></span> <span class='ocrx_word' id='word_1_756' title='bbox 1384 2312 1499 2348; x_wconf 90' lang='lat' dir='ltr'><strong>Spiritui</strong></span> <span class='ocrx_word' id='word_1_757' title='bbox 1513 2313 1635 2341; x_wconf 90' lang='lat' dir='ltr'><strong>tribuitis</strong></span> <span class='ocrx_word' id='word_1_758' title='bbox 1650 2314 1755 2342; x_wconf 83' lang='lat' dir='ltr'><strong>subnu-</strong></span> 
     </span>
    </p>
   </div>
   <div class='ocr_carea' id='block_1_105' title="bbox 968 2352 1755 2394">
    <p class='ocr_par' dir='ltr' id='par_1_105' title="bbox 968 2352 1755 2394">
     <span class='ocr_line' id='line_1_105' title="bbox 968 2352 1755 2394; baseline -0.003 -5"><span class='ocrx_word' id='word_1_759' title='bbox 968 2352 1167 2389; x_wconf 83' lang='lat' dir='ltr'><strong>merationem?</strong></span> <span class='ocrx_word' id='word_1_760' title='bbox 1179 2360 1284 2388; x_wconf 86' lang='lat' dir='ltr'><strong>Etenim</strong></span> <span class='ocrx_word' id='word_1_761' title='bbox 1298 2361 1321 2388; x_wconf 89' lang='lat' dir='ltr'><strong>si</strong></span> <span class='ocrx_word' id='word_1_762' title='bbox 1335 2358 1434 2388; x_wconf 81' lang='lat' dir='ltr'><strong>Filium</strong></span> <span class='ocrx_word' id='word_1_763' title='bbox 1448 2366 1559 2394; x_wconf 87' lang='lat' dir='ltr'><strong>quoque</strong></span> <span class='ocrx_word' id='word_1_764' title='bbox 1575 2359 1755 2387; x_wconf 88' lang='lat' dir='ltr'><strong>subnumera-</strong></span> 
     </span>
    </p>
   </div>
   <div class='ocr_carea' id='block_1_106' title="bbox 969 2406 1756 2441">
    <p class='ocr_par' dir='ltr' id='par_1_106' title="bbox 969 2406 1756 2441">
     <span class='ocr_line' id='line_1_106' title="bbox 969 2406 1756 2441; baseline 0.005 -7"><span class='ocrx_word' id='word_1_765' title='bbox 969 2408 1017 2441; x_wconf 85' lang='lat' dir='ltr'><strong>tis,</strong></span> <span class='ocrx_word' id='word_1_766' title='bbox 1034 2415 1132 2436; x_wconf 89' lang='lat' dir='ltr'><strong>rursus</strong></span> <span class='ocrx_word' id='word_1_767' title='bbox 1146 2406 1269 2435; x_wconf 80' lang='lat' dir='ltr'><strong>eumdem</strong></span> <span class='ocrx_word' id='word_1_768' title='bbox 1285 2406 1433 2441; x_wconf 78' lang='lat' dir='ltr'><strong>impietatis</strong></span> <span class='ocrx_word' id='word_1_769' title='bbox 1448 2406 1600 2435; x_wconf 83' lang='lat' dir='ltr'><strong>doctrinam</strong></span> <span class='ocrx_word' id='word_1_770' title='bbox 1607 2406 1756 2438; x_wconf 65' lang='lat' dir='ltr'><strong>instaura-</strong></span> 
     </span>
    </p>
   </div>
   <div class='ocr_carea' id='block_1_107' title="bbox 971 2453 1757 2497">
    <p class='ocr_par' dir='ltr' id='par_1_107' title="bbox 971 2453 1757 2497">
     <span class='ocr_line' id='line_1_107' title="bbox 971 2453 1757 2497; baseline 0.005 -15"><span class='ocrx_word' id='word_1_771' title='bbox 971 2454 1006 2482; x_wconf 84' lang='lat' dir='ltr'><strong>tis</strong></span> <span class='ocrx_word' id='word_1_772' title='bbox 1018 2474 1026 2486; x_wconf 83' lang='lat'><strong>,</strong></span> <span class='ocrx_word' id='word_1_773' title='bbox 1041 2453 1290 2486; x_wconf 82' lang='lat' dir='ltr'><strong>dissimilitudinem</strong></span> <span class='ocrx_word' id='word_1_774' title='bbox 1306 2457 1434 2484; x_wconf 61' lang='lat' dir='ltr'><strong>essentia;</strong></span> <span class='ocrx_word' id='word_1_775' title='bbox 1446 2477 1453 2488; x_wconf 91' lang='lat'><strong>,</strong></span> <span class='ocrx_word' id='word_1_776' title='bbox 1469 2456 1612 2497; x_wconf 69' lang='lat' dir='ltr'><strong>dignitatis</strong></span> <span class='ocrx_word' id='word_1_777' title='bbox 1626 2457 1757 2493; x_wconf 66' lang='lat' dir='ltr'><strong>dejectio.-</strong></span> 
     </span>
    </p>
   </div>
   <div class='ocr_carea' id='block_1_108' title="bbox 969 2501 1755 2538">
    <p class='ocr_par' dir='ltr' id='par_1_108' title="bbox 969 2501 1755 2538">
     <span class='ocr_line' id='line_1_108' title="bbox 969 2501 1755 2538; baseline 0.003 -9"><span class='ocrx_word' id='word_1_778' title='bbox 969 2508 1042 2537; x_wconf 89' lang='lat' dir='ltr'><strong>nem,</strong></span> <span class='ocrx_word' id='word_1_779' title='bbox 1053 2503 1222 2530; x_wconf 86' lang='lat' dir='ltr'><strong>nativitatem</strong></span> <span class='ocrx_word' id='word_1_780' title='bbox 1233 2507 1354 2537; x_wconf 88' lang='lat' dir='ltr'><strong>tempore</strong></span> <span class='ocrx_word' id='word_1_781' title='bbox 1363 2501 1553 2538; x_wconf 72' lang='lat' dir='ltr'><strong>posteriorem,</strong></span> <span class='ocrx_word' id='word_1_782' title='bbox 1562 2503 1626 2533; x_wconf 82' lang='lat' dir='ltr'><strong>etin</strong></span> <span class='ocrx_word' id='word_1_783' title='bbox 1635 2511 1755 2537; x_wconf 80' lang='lat' dir='ltr'><strong>summa,</strong></span> 
     </span>
    </p>
   </div>
   <div class='ocr_carea' id='block_1_109' title="bbox 968 2547 1756 2598">
    <p class='ocr_par' dir='ltr' id='par_1_109' title="bbox 968 2547 1756 2598">
     <span class='ocr_line' id='line_1_109' title="bbox 968 2547 1756 2598; baseline 0.001 -23"><span class='ocrx_word' id='word_1_784' title='bbox 968 2556 1066 2576; x_wconf 92' lang='lat' dir='ltr'><strong>omnes</strong></span> <span class='ocrx_word' id='word_1_785' title='bbox 1079 2548 1160 2577; x_wconf 90' lang='lat' dir='ltr'><strong>simul</strong></span> <span class='ocrx_word' id='word_1_786' title='bbox 1175 2548 1361 2583; x_wconf 84' lang='lat' dir='ltr'><strong>blasphemias</strong></span> <span class='ocrx_word' id='word_1_787' title='bbox 1376 2547 1404 2574; x_wconf 94' lang='lat' dir='ltr'><strong>in</strong></span> <span class='ocrx_word' id='word_1_788' title='bbox 1416 2547 1592 2598; x_wconf 59' lang='lat' dir='ltr'><strong>Unigepitum</strong></span> <span class='ocrx_word' id='word_1_789' title='bbox 1606 2548 1689 2576; x_wconf 90' lang='lat' dir='ltr'><strong>unico</strong></span> <span class='ocrx_word' id='word_1_790' title='bbox 1701 2549 1756 2576; x_wconf 87' lang='lat' dir='ltr'><strong>isto</strong></span> 
     </span>
    </p>
   </div>
   <div class='ocr_carea' id='block_1_110' title="bbox 967 2589 1756 2630">
    <p class='ocr_par' dir='ltr' id='par_1_110' title="bbox 967 2589 1756 2630">
     <span class='ocr_line' id='line_1_110' title="bbox 967 2589 1756 2630; baseline 0.001 -9"><span class='ocrx_word' id='word_1_791' title='bbox 967 2593 1051 2621; x_wconf 89' lang='lat' dir='ltr'><strong>verbo</strong></span> <span class='ocrx_word' id='word_1_792' title='bbox 1065 2593 1205 2621; x_wconf 87' lang='lat' dir='ltr'><strong>revolvere</strong></span> <span class='ocrx_word' id='word_1_793' title='bbox 1226 2592 1410 2620; x_wconf 88' lang='lat' dir='ltr'><strong>ostendemini</strong></span> <span class='ocrx_word' id='word_1_794' title='bbox 1425 2602 1431 2619; x_wconf 94' lang='lat'>:</span> <span class='ocrx_word' id='word_1_795' title='bbox 1450 2589 1550 2630; x_wconf 76' lang='lat' dir='ltr'><strong>guib&#39;us</strong></span> <span class='ocrx_word' id='word_1_796' title='bbox 1567 2593 1756 2622; x_wconf 86' lang='lat' dir='ltr'><strong>contradicere</strong></span> 
     </span>
    </p>
   </div>
   <div class='ocr_carea' id='block_1_111' title="bbox 966 2624 1755 2674">
    <p class='ocr_par' dir='ltr' id='par_1_111' title="bbox 966 2624 1755 2674">
     <span class='ocr_line' id='line_1_111' title="bbox 966 2624 1755 2674; baseline 0 -8"><span class='ocrx_word' id='word_1_797' title='bbox 966 2639 1100 2674; x_wconf 82' lang='lat' dir='ltr'><strong>prolixius</strong></span> <span class='ocrx_word' id='word_1_798' title='bbox 1114 2642 1166 2670; x_wconf 88' lang='lat' dir='ltr'><strong>est,</strong></span> <span class='ocrx_word' id='word_1_799' title='bbox 1185 2646 1268 2674; x_wconf 89' lang='lat' dir='ltr'><strong>quam</strong></span> <span class='ocrx_word' id='word_1_800' title='bbox 1282 2646 1330 2673; x_wconf 89' lang='lat' dir='ltr'><strong>pro</strong></span> <span class='ocrx_word' id='word_1_801' title='bbox 1344 2624 1471 2672; x_wconf 52' lang='lat' dir='ltr'><strong>praesens</strong></span> <span class='ocrx_word' id='word_1_802' title='bbox 1490 2639 1625 2670; x_wconf 85' lang='lat' dir='ltr'><strong>instituto,</strong></span> <span class='ocrx_word' id='word_1_803' title='bbox 1640 2647 1755 2674; x_wconf 61' lang='lat' dir='ltr'><strong>prmser»</strong></span> 
     </span>
    </p>
   </div>
   <div class='ocr_carea' id='block_1_112' title="bbox 1004 2713 1753 2752">
    <p class='ocr_par' dir='ltr' id='par_1_112' title="bbox 1004 2713 1753 2752">
     <span class='ocr_line' id='line_1_112' title="bbox 1004 2713 1753 2752; baseline 0.003 -10"><span class='ocrx_word' id='word_1_804' title='bbox 1004 2715 1060 2752; x_wconf 70' lang='grc'><strong>(55)</strong></span> <span class='ocrx_word' id='word_1_805' title='bbox 1084 2716 1154 2741; x_wconf 74' lang='grc' dir='ltr'><strong>Ἐὰν</strong></span> <span class='ocrx_word' id='word_1_806' title='bbox 1167 2713 1387 2752; x_wconf 25' lang='grc' dir='ltr'><strong>οὖνλκαθξ</strong></span> <span class='ocrx_word' id='word_1_807' title='bbox 1402 2716 1501 2752; x_wconf 64' lang='grc' dir='ltr'>ἑαυτό.</span> <span class='ocrx_word' id='word_1_808' title='bbox 1531 2715 1576 2752; x_wconf 76' lang='lat' dir='ltr'><strong>Sic</strong></span> <span class='ocrx_word' id='word_1_809' title='bbox 1594 2720 1649 2744; x_wconf 86' lang='lat' dir='ltr'><strong>tres</strong></span> <span class='ocrx_word' id='word_1_810' title='bbox 1679 2716 1753 2752; x_wconf 75' lang='lat' dir='ltr'><strong>Regii</strong></span> 
     </span>
    </p>
   </div>
   <div class='ocr_carea' id='block_1_113' title="bbox 968 2750 1669 2785">
    <p class='ocr_par' dir='ltr' id='par_1_113' title="bbox 968 2750 1669 2785">
     <span class='ocr_line' id='line_1_113' title="bbox 968 2750 1669 2785; baseline 0 -7"><span class='ocrx_word' id='word_1_811' title='bbox 968 2759 1028 2778; x_wconf 86' lang='lat' dir='ltr'><strong>cum</strong></span> <span class='ocrx_word' id='word_1_812' title='bbox 1045 2751 1164 2777; x_wconf 61' lang='lat' dir='ltr'><strong>Colla-rt.</strong></span> <span class='ocrx_word' id='word_1_813' title='bbox 1184 2750 1254 2777; x_wconf 82' lang='lat' dir='ltr'><strong>Editi</strong></span> <span class='ocrx_word' id='word_1_814' title='bbox 1274 2750 1343 2776; x_wconf 84' lang='grc' dir='ltr'>Ἀλλ’</span> <span class='ocrx_word' id='word_1_815' title='bbox 1363 2750 1410 2777; x_wconf 80' lang='grc' dir='ltr'>ἐὰν</span> <span class='ocrx_word' id='word_1_816' title='bbox 1427 2751 1475 2785; x_wconf 80' lang='grc' dir='ltr'>μὲν</span> <span class='ocrx_word' id='word_1_817' title='bbox 1491 2750 1550 2777; x_wconf 82' lang='grc' dir='ltr'>καθ’</span> <span class='ocrx_word' id='word_1_818' title='bbox 1561 2752 1669 2779; x_wconf 71' lang='grc' dir='ltr'>ἑαυτὸν.</span> 
     </span>
    </p>
   </div>
   <div class='ocr_carea' id='block_1_114' title="bbox 1003 2785 1751 2829">
    <p class='ocr_par' dir='ltr' id='par_1_114' title="bbox 1003 2785 1751 2829">
     <span class='ocr_line' id='line_1_114' title="bbox 1003 2785 1751 2829; baseline 0.003 -19"><span class='ocrx_word' id='word_1_819' title='bbox 1079 2785 1284 2829; x_wconf 43' lang='grc' dir='ltr'><strong>ςᾼριρμήςςωεχ</strong></span> <span class='ocrx_word' id='word_1_820' title='bbox 1301 2785 1366 2821; x_wconf 79' lang='lat' dir='ltr'><strong>Reg.</strong></span> <span class='ocrx_word' id='word_1_821' title='bbox 1380 2785 1516 2829; x_wconf 50' lang='lat' dir='ltr'><strong>secundus</strong></span> <span class='ocrx_word' id='word_1_822' title='bbox 1529 2786 1751 2829; x_wconf 51' lang='grc' dir='ltr'>ὑλταριομήσειρς,</span> 
     </span>
    </p>
   </div>
   <div class='ocr_carea' id='block_1_115' title="bbox 1005 2820 1753 2856">
    <p class='ocr_par' dir='ltr' id='par_1_115' title="bbox 1005 2820 1753 2856">
     <span class='ocr_line' id='line_1_115' title="bbox 1005 2820 1753 2856; baseline 0.001 -9"><span class='ocrx_word' id='word_1_823' title='bbox 1005 2821 1058 2854; x_wconf 76' lang='lat'><strong>(55)</strong></span> <span class='ocrx_word' id='word_1_824' title='bbox 1079 2820 1246 2856; x_wconf 61' lang='lat' dir='ltr'><strong>&#39;Aptﬂpnﬂﬁ.</strong></span> <span class='ocrx_word' id='word_1_825' title='bbox 1261 2820 1337 2848; x_wconf 82' lang='lat' dir='ltr'><strong>Unus</strong></span> <span class='ocrx_word' id='word_1_826' title='bbox 1348 2829 1380 2848; x_wconf 85' lang='lat' dir='ltr'><strong>ex</strong></span> <span class='ocrx_word' id='word_1_827' title='bbox 1392 2820 1483 2855; x_wconf 78' lang='lat' dir='ltr'><strong>Regiis</strong></span> <span class='ocrx_word' id='word_1_828' title='bbox 1494 2820 1668 2856; x_wconf 53' lang='lat' dir='ltr'><strong>q‘tthptﬁOsiq,</strong></span> <span class='ocrx_word' id='word_1_829' title='bbox 1684 2822 1753 2849; x_wconf 76' lang='lat' dir='ltr'><strong>alius</strong></span> 
     </span>
    </p>
   </div>
   <div class='ocr_carea' id='block_1_116' title="bbox 968 2850 1628 2892">
    <p class='ocr_par' dir='ltr' id='par_1_116' title="bbox 968 2850 1628 2892">
     <span class='ocr_line' id='line_1_116' title="bbox 968 2850 1628 2892; baseline 0 -10"><span class='ocrx_word' id='word_1_830' title='bbox 968 2850 1095 2891; x_wconf 72' lang='grc' dir='ltr'>ἀριθμῆς.</span> <span class='ocrx_word' id='word_1_831' title='bbox 1108 2850 1176 2883; x_wconf 60' lang='grc' dir='ltr'><strong>’Μώι</strong></span> <span class='ocrx_word' id='word_1_832' title='bbox 1190 2850 1258 2891; x_wconf 59' lang='grc' dir='ltr'><strong>Βέθ.</strong></span> <span class='ocrx_word' id='word_1_833' title='bbox 1280 2860 1392 2891; x_wconf 78' lang='lat' dir='ltr'><strong>quartus</strong></span> <span class='ocrx_word' id='word_1_834' title='bbox 1407 2850 1628 2892; x_wconf 60' lang='grc' dir='ltr'>ἀπαριθμῆὲεως.</span> 
     </span>
    </p>
   </div>
  </div>
