  <div class='ocr_page' id='page_1' title='image "/cluster/home/n/w/nwhite01/storage/ocr_20150623/32/nnc1.0046978879/095.png"; bbox 0 0 3862 6216; ppageno 0'>
   <div class='ocr_carea' id='block_1_1' title="bbox 340 243 445 305">
    <p class='ocr_par' dir='ltr' id='par_1_1' title="bbox 340 243 445 305">
     <span class='ocr_line' id='line_1_1' title="bbox 340 243 445 305; baseline -0.019 0"><span class='ocrx_word' id='word_1_1' title='bbox 340 243 445 305; x_wconf 68' lang='grc'><strong>147</strong></span> 
     </span>
    </p>
   </div>
   <div class='ocr_carea' id='block_1_2' title="bbox 1647 253 2251 311">
    <p class='ocr_par' dir='ltr' id='par_1_2' title="bbox 1647 253 2251 311">
     <span class='ocr_line' id='line_1_2' title="bbox 1647 253 2251 311; baseline 0 -3"><span class='ocrx_word' id='word_1_2' title='bbox 1647 253 1703 311; x_wconf 84' lang='lat' dir='ltr'><strong>S.</strong></span> <span class='ocrx_word' id='word_1_3' title='bbox 1745 254 1993 309; x_wconf 77' lang='lat' dir='ltr'><strong>BASILII</strong></span> <span class='ocrx_word' id='word_1_4' title='bbox 2035 253 2251 309; x_wconf 75' lang='lat' dir='ltr'><strong>MAGNI</strong></span> 
     </span>
    </p>
   </div>
   <div class='ocr_carea' id='block_1_3' title="bbox 3482 254 3586 309">
    <p class='ocr_par' dir='ltr' id='par_1_3' title="bbox 3482 254 3586 309">
     <span class='ocr_line' id='line_1_3' title="bbox 3482 254 3586 309; baseline 0.01 -1"><span class='ocrx_word' id='word_1_5' title='bbox 3482 254 3586 309; x_wconf 74' lang='lat' dir='ltr'><strong>N8</strong></span> 
     </span>
    </p>
   </div>
   <div class='ocr_carea' id='block_1_4' title="bbox 336 357 1925 438">
    <p class='ocr_par' dir='ltr' id='par_1_4' title="bbox 336 357 1912 436">
     <span class='ocr_line' id='line_1_4' title="bbox 336 357 1912 436; baseline 0.004 -20"><span class='ocrx_word' id='word_1_6' title='bbox 336 362 438 417; x_wconf 87' lang='lat' dir='ltr'><strong>tim</strong></span> <span class='ocrx_word' id='word_1_7' title='bbox 467 373 592 414; x_wconf 91' lang='lat' dir='ltr'><strong>cum</strong></span> <span class='ocrx_word' id='word_1_8' title='bbox 625 357 748 414; x_wconf 88' lang='lat' dir='ltr'><strong>aliis</strong></span> <span class='ocrx_word' id='word_1_9' title='bbox 777 358 832 414; x_wconf 93' lang='lat' dir='ltr'><strong>in</strong></span> <span class='ocrx_word' id='word_1_10' title='bbox 861 359 1000 415; x_wconf 89' lang='lat' dir='ltr'><strong>locis</strong></span> <span class='ocrx_word' id='word_1_11' title='bbox 1036 360 1289 431; x_wconf 79' lang='lat' dir='ltr'><strong>impietas</strong></span> <span class='ocrx_word' id='word_1_12' title='bbox 1321 377 1351 416; x_wconf 91' lang='lat' dir='ltr'><strong>a</strong></span> <span class='ocrx_word' id='word_1_13' title='bbox 1387 365 1544 420; x_wconf 88' lang='lat' dir='ltr'><strong>nobis</strong></span> <span class='ocrx_word' id='word_1_14' title='bbox 1577 383 1676 436; x_wconf 85' lang='lat' dir='ltr'><strong>pro</strong></span> <span class='ocrx_word' id='word_1_15' title='bbox 1703 367 1912 423; x_wconf 82' lang='lat' dir='ltr'><strong>viribus</strong></span> 
     </span>
    </p>
   </div>
   <div class='ocr_carea' id='block_1_5' title="bbox 2033 357 3590 438">
    <p class='ocr_par' dir='ltr' id='par_1_5' title="bbox 2033 365 3590 438">
     <span class='ocr_line' id='line_1_5' title="bbox 2033 365 3590 438; baseline 0 -18"><span class='ocrx_word' id='word_1_16' title='bbox 2033 367 2297 438; x_wconf 87' lang='grc' dir='ltr'>ταροῦσαν</span> <span class='ocrx_word' id='word_1_17' title='bbox 2326 365 2524 438; x_wconf 81' lang='grc' dir='ltr'>ὁρμὴν,</span> <span class='ocrx_word' id='word_1_18' title='bbox 2555 366 2730 430; x_wconf 75' lang='grc' dir='ltr'>ἄλλως</span> <span class='ocrx_word' id='word_1_19' title='bbox 2755 384 2814 420; x_wconf 82' lang='grc' dir='ltr'><strong>τε</strong></span> <span class='ocrx_word' id='word_1_20' title='bbox 2853 367 2945 421; x_wconf 81' lang='grc' dir='ltr'>καὶ</span> <span class='ocrx_word' id='word_1_21' title='bbox 2977 369 3032 420; x_wconf 74' lang='grc' dir='ltr'>ἐν</span> <span class='ocrx_word' id='word_1_22' title='bbox 3061 368 3237 430; x_wconf 78' lang='grc' dir='ltr'>ἄλλοις</span> <span class='ocrx_word' id='word_1_23' title='bbox 3268 365 3408 420; x_wconf 85' lang='grc' dir='ltr'>κατὰ</span> <span class='ocrx_word' id='word_1_24' title='bbox 3425 368 3590 420; x_wconf 82' lang='grc' dir='ltr'>δύνα-</span> 
     </span>
    </p>
   </div>
   <div class='ocr_carea' id='block_1_6' title="bbox 338 450 1912 526">
    <p class='ocr_par' dir='ltr' id='par_1_6' title="bbox 338 450 1912 526">
     <span class='ocr_line' id='line_1_6' title="bbox 338 450 1912 526; baseline 0.003 -16"><span class='ocrx_word' id='word_1_25' title='bbox 338 451 576 510; x_wconf 82' lang='lat' dir='ltr'><strong>rel&#39;utata</strong></span> <span class='ocrx_word' id='word_1_26' title='bbox 611 451 701 506; x_wconf 88' lang='lat' dir='ltr'><strong>sit.</strong></span> <span class='ocrx_word' id='word_1_27' title='bbox 732 450 889 516; x_wconf 83' lang='lat' dir='ltr'><strong>Quod</strong></span> <span class='ocrx_word' id='word_1_28' title='bbox 921 453 966 508; x_wconf 89' lang='lat' dir='ltr'><strong>si</strong></span> <span class='ocrx_word' id='word_1_29' title='bbox 1011 453 1113 508; x_wconf 91' lang='lat' dir='ltr'><strong>soli</strong></span> <span class='ocrx_word' id='word_1_30' title='bbox 1146 452 1372 522; x_wconf 79' lang='lat' dir='ltr'><strong>Spiritui</strong></span> <span class='ocrx_word' id='word_1_31' title='bbox 1404 464 1594 526; x_wconf 89' lang='lat' dir='ltr'><strong>putant</strong></span> <span class='ocrx_word' id='word_1_32' title='bbox 1623 458 1912 514; x_wconf 83' lang='lat' dir='ltr'><strong>convenire</strong></span> 
     </span>
    </p>
   </div>
   <div class='ocr_carea' id='block_1_7' title="bbox 337 542 1914 614">
    <p class='ocr_par' dir='ltr' id='par_1_7' title="bbox 337 542 1914 614">
     <span class='ocr_line' id='line_1_7' title="bbox 337 542 1914 614; baseline 0.002 -14"><span class='ocrx_word' id='word_1_33' title='bbox 337 543 917 609; x_wconf 86' lang='lat' dir='ltr'><strong>subnumerationem,</strong></span> <span class='ocrx_word' id='word_1_34' title='bbox 971 542 1190 600; x_wconf 91' lang='lat' dir='ltr'><strong>discant</strong></span> <span class='ocrx_word' id='word_1_35' title='bbox 1222 543 1482 614; x_wconf 76' lang='lat' dir='ltr'><strong>Spiritum</strong></span> <span class='ocrx_word' id='word_1_36' title='bbox 1529 548 1717 603; x_wconf 91' lang='lat' dir='ltr'><strong>eodem</strong></span> <span class='ocrx_word' id='word_1_37' title='bbox 1753 549 1914 603; x_wconf 91' lang='lat' dir='ltr'><strong>modo</strong></span> 
     </span>
    </p>
   </div>
   <div class='ocr_carea' id='block_1_8' title="bbox 339 633 1914 707">
    <p class='ocr_par' dir='ltr' id='par_1_8' title="bbox 339 633 1914 707">
     <span class='ocr_line' id='line_1_8' title="bbox 339 633 1914 707; baseline 0.004 -18"><span class='ocrx_word' id='word_1_38' title='bbox 339 633 691 706; x_wconf 82' lang='lat' dir='ltr'><strong>pronuntiari</strong></span> <span class='ocrx_word' id='word_1_39' title='bbox 748 648 872 688; x_wconf 90' lang='lat' dir='ltr'><strong>cum</strong></span> <span class='ocrx_word' id='word_1_40' title='bbox 941 633 1215 701; x_wconf 84' lang='lat' dir='ltr'><strong>Domino,</strong></span> <span class='ocrx_word' id='word_1_41' title='bbox 1276 637 1554 707; x_wconf 91' lang='lat' dir='ltr'><strong>quomodo</strong></span> <span class='ocrx_word' id='word_1_42' title='bbox 1620 647 1675 694; x_wconf 88' lang='lat' dir='ltr'><strong>et</strong></span> <span class='ocrx_word' id='word_1_43' title='bbox 1741 638 1914 696; x_wconf 88' lang='lat' dir='ltr'><strong>Filius</strong></span> 
     </span>
    </p>
   </div>
   <div class='ocr_carea' id='block_1_9' title="bbox 340 725 1915 796">
    <p class='ocr_par' dir='ltr' id='par_1_9' title="bbox 340 725 1915 796">
     <span class='ocr_line' id='line_1_9' title="bbox 340 725 1915 796; baseline 0.005 -16"><span class='ocrx_word' id='word_1_44' title='bbox 340 725 726 796; x_wconf 73' lang='lat' dir='ltr'><strong>pronuntiatur</strong></span> <span class='ocrx_word' id='word_1_45' title='bbox 753 741 879 780; x_wconf 92' lang='lat' dir='ltr'><strong>cum</strong></span> <span class='ocrx_word' id='word_1_46' title='bbox 932 725 1114 787; x_wconf 83' lang='lat' dir='ltr'><strong>Patre.</strong></span> <span class='ocrx_word' id='word_1_47' title='bbox 1173 728 1381 783; x_wconf 88' lang='lat' dir='ltr'><strong>Nomen</strong></span> <span class='ocrx_word' id='word_1_48' title='bbox 1425 731 1570 785; x_wconf 91' lang='lat' dir='ltr'><strong>enim</strong></span> <span class='ocrx_word' id='word_1_49' title='bbox 1625 731 1800 789; x_wconf 87' lang='lat' dir='ltr'><strong>Patris</strong></span> <span class='ocrx_word' id='word_1_50' title='bbox 1860 743 1915 788; x_wconf 91' lang='lat' dir='ltr'><strong>et</strong></span> 
     </span>
    </p>
   </div>
   <div class='ocr_carea' id='block_1_10' title="bbox 341 815 1916 895">
    <p class='ocr_par' dir='ltr' id='par_1_10' title="bbox 341 815 1916 895">
     <span class='ocr_line' id='line_1_10' title="bbox 341 815 1916 895; baseline 0.006 -26"><span class='ocrx_word' id='word_1_51' title='bbox 341 816 461 872; x_wconf 83' lang='lat' dir='ltr'><strong>Filii</strong></span> <span class='ocrx_word' id='word_1_52' title='bbox 505 824 561 872; x_wconf 93' lang='lat' dir='ltr'><strong>et</strong></span> <span class='ocrx_word' id='word_1_53' title='bbox 601 815 840 886; x_wconf 85' lang='lat' dir='ltr'><strong>Spiritus</strong></span> <span class='ocrx_word' id='word_1_54' title='bbox 871 819 1050 874; x_wconf 85' lang='lat' dir='ltr'><strong>sancti</strong></span> <span class='ocrx_word' id='word_1_55' title='bbox 1077 817 1333 874; x_wconf 88' lang='lat' dir='ltr'><strong>similiter</strong></span> <span class='ocrx_word' id='word_1_56' title='bbox 1360 820 1566 876; x_wconf 88' lang='lat' dir='ltr'><strong>editum</strong></span> <span class='ocrx_word' id='word_1_57' title='bbox 1595 829 1699 878; x_wconf 90' lang='lat' dir='ltr'><strong>est.</strong></span> <span class='ocrx_word' id='word_1_58' title='bbox 1729 821 1916 895; x_wconf 85' lang='lat' dir='ltr'><strong>Itaque</strong></span> 
     </span>
    </p>
   </div>
   <div class='ocr_carea' id='block_1_11' title="bbox 339 908 1916 977">
    <p class='ocr_par' dir='ltr' id='par_1_11' title="bbox 339 908 1916 977">
     <span class='ocr_line' id='line_1_11' title="bbox 339 908 1916 977; baseline 0.005 -16"><span class='ocrx_word' id='word_1_59' title='bbox 339 908 800 976; x_wconf 86' lang='lat' dir='ltr'><strong>quemadmodum</strong></span> <span class='ocrx_word' id='word_1_60' title='bbox 834 924 895 964; x_wconf 89' lang='lat' dir='ltr'><strong>se</strong></span> <span class='ocrx_word' id='word_1_61' title='bbox 920 909 1083 965; x_wconf 85' lang='lat' dir='ltr'><strong>habet</strong></span> <span class='ocrx_word' id='word_1_62' title='bbox 1125 908 1298 968; x_wconf 86' lang='lat' dir='ltr'><strong>Filius</strong></span> <span class='ocrx_word' id='word_1_63' title='bbox 1328 911 1398 966; x_wconf 91' lang='lat' dir='ltr'><strong>ad</strong></span> <span class='ocrx_word' id='word_1_64' title='bbox 1440 911 1676 977; x_wconf 89' lang='lat' dir='ltr'><strong>Patrem,</strong></span> <span class='ocrx_word' id='word_1_65' title='bbox 1723 914 1798 969; x_wconf 90' lang='lat' dir='ltr'><strong>ita</strong></span> <span class='ocrx_word' id='word_1_66' title='bbox 1848 915 1916 969; x_wconf 91' lang='lat' dir='ltr'><strong>ad</strong></span> 
     </span>
    </p>
   </div>
   <div class='ocr_carea' id='block_1_12' title="bbox 340 999 1938 1072">
    <p class='ocr_par' dir='ltr' id='par_1_12' title="bbox 340 999 1938 1072">
     <span class='ocr_line' id='line_1_12' title="bbox 340 999 1938 1072; baseline 0.004 -18"><span class='ocrx_word' id='word_1_67' title='bbox 340 999 540 1054; x_wconf 92' lang='lat' dir='ltr'><strong>Filium</strong></span> <span class='ocrx_word' id='word_1_68' title='bbox 568 1016 691 1056; x_wconf 91' lang='lat' dir='ltr'><strong>sese</strong></span> <span class='ocrx_word' id='word_1_69' title='bbox 727 1001 892 1056; x_wconf 86' lang='lat' dir='ltr'><strong>habet</strong></span> <span class='ocrx_word' id='word_1_70' title='bbox 923 1000 1165 1072; x_wconf 90' lang='lat' dir='ltr'><strong>Spiritus</strong></span> <span class='ocrx_word' id='word_1_71' title='bbox 1185 1041 1199 1066; x_wconf 91' lang='lat'><strong>,</strong></span> <span class='ocrx_word' id='word_1_72' title='bbox 1229 1003 1532 1058; x_wconf 81' lang='lat' dir='ltr'><strong>secundum</strong></span> <span class='ocrx_word' id='word_1_73' title='bbox 1559 1004 1820 1060; x_wconf 90' lang='lat' dir='ltr'><strong>traditum</strong></span> <span class='ocrx_word' id='word_1_74' title='bbox 1857 1006 1938 1061; x_wconf 81' lang='lat' dir='ltr'><strong>in-</strong></span> 
     </span>
    </p>
   </div>
   <div class='ocr_carea' id='block_1_13' title="bbox 342 1092 1915 1166">
    <p class='ocr_par' dir='ltr' id='par_1_13' title="bbox 342 1092 1915 1166">
     <span class='ocr_line' id='line_1_13' title="bbox 342 1092 1915 1166; baseline 0.002 -18"><span class='ocrx_word' id='word_1_75' title='bbox 342 1093 612 1162; x_wconf 90' lang='lat' dir='ltr'><strong>baptismo</strong></span> <span class='ocrx_word' id='word_1_76' title='bbox 653 1093 946 1148; x_wconf 82' lang='lat' dir='ltr'><strong>verborum</strong></span> <span class='ocrx_word' id='word_1_77' title='bbox 985 1092 1232 1149; x_wconf 86' lang='lat' dir='ltr'><strong>ordinem</strong></span> <span class='ocrx_word' id='word_1_78' title='bbox 1261 1093 1328 1150; x_wconf 70' lang='lat'><strong>7’.</strong></span> <span class='ocrx_word' id='word_1_79' title='bbox 1370 1093 1529 1160; x_wconf 87' lang='lat' dir='ltr'><strong>Quod</strong></span> <span class='ocrx_word' id='word_1_80' title='bbox 1576 1095 1626 1150; x_wconf 89' lang='lat' dir='ltr'><strong>si</strong></span> <span class='ocrx_word' id='word_1_81' title='bbox 1675 1094 1915 1166; x_wconf 90' lang='lat' dir='ltr'><strong>Spiritus</strong></span> 
     </span>
    </p>
   </div>
   <div class='ocr_carea' id='block_1_14' title="bbox 341 1183 1916 1260">
    <p class='ocr_par' dir='ltr' id='par_1_14' title="bbox 341 1183 1916 1260">
     <span class='ocr_line' id='line_1_14' title="bbox 341 1183 1916 1260; baseline 0.003 -20"><span class='ocrx_word' id='word_1_82' title='bbox 341 1183 483 1240; x_wconf 87' lang='lat' dir='ltr'><strong>Filio</strong></span> <span class='ocrx_word' id='word_1_83' title='bbox 527 1184 753 1254; x_wconf 89' lang='lat' dir='ltr'><strong>junctus</strong></span> <span class='ocrx_word' id='word_1_84' title='bbox 795 1193 900 1251; x_wconf 88' lang='lat' dir='ltr'><strong>est,</strong></span> <span class='ocrx_word' id='word_1_85' title='bbox 944 1186 1050 1257; x_wconf 78' lang='lat'><strong>37</strong></span> <span class='ocrx_word' id='word_1_86' title='bbox 1097 1186 1273 1244; x_wconf 86' lang='lat' dir='ltr'><strong>Filius</strong></span> <span class='ocrx_word' id='word_1_87' title='bbox 1299 1199 1480 1243; x_wconf 86' lang='lat' dir='ltr'><strong>autem</strong></span> <span class='ocrx_word' id='word_1_88' title='bbox 1513 1186 1695 1256; x_wconf 85' lang='lat' dir='ltr'><strong>Patri;</strong></span> <span class='ocrx_word' id='word_1_89' title='bbox 1745 1190 1916 1260; x_wconf 87' lang='lat' dir='ltr'><strong>liquet</strong></span> 
     </span>
    </p>
   </div>
   <div class='ocr_carea' id='block_1_15' title="bbox 342 1273 1917 1351">
    <p class='ocr_par' dir='ltr' id='par_1_15' title="bbox 342 1273 1917 1351">
     <span class='ocr_line' id='line_1_15' title="bbox 342 1273 1917 1351; baseline 0.004 -23"><span class='ocrx_word' id='word_1_90' title='bbox 342 1275 524 1344; x_wconf 91' lang='lat' dir='ltr'><strong>ipsum</strong></span> <span class='ocrx_word' id='word_1_91' title='bbox 549 1275 715 1329; x_wconf 89' lang='lat' dir='ltr'><strong>etiam</strong></span> <span class='ocrx_word' id='word_1_92' title='bbox 748 1273 1014 1347; x_wconf 89' lang='lat' dir='ltr'><strong>Spiritum</strong></span> <span class='ocrx_word' id='word_1_93' title='bbox 1055 1275 1206 1333; x_wconf 90' lang='lat' dir='ltr'><strong>Patri</strong></span> <span class='ocrx_word' id='word_1_94' title='bbox 1255 1277 1500 1350; x_wconf 80' lang='lat' dir='ltr'><strong>adjungi.</strong></span> <span class='ocrx_word' id='word_1_95' title='bbox 1533 1277 1706 1345; x_wconf 83' lang='lat' dir='ltr'><strong>Quem</strong></span> <span class='ocrx_word' id='word_1_96' title='bbox 1751 1279 1917 1351; x_wconf 79' lang='lat' dir='ltr'><strong>igitur</strong></span> 
     </span>
    </p>
   </div>
   <div class='ocr_carea' id='block_1_16' title="bbox 343 1366 1917 1436">
    <p class='ocr_par' dir='ltr' id='par_1_16' title="bbox 343 1366 1917 1436">
     <span class='ocr_line' id='line_1_16' title="bbox 343 1366 1917 1436; baseline 0.006 -17"><span class='ocrx_word' id='word_1_97' title='bbox 343 1366 524 1420; x_wconf 89' lang='lat' dir='ltr'><strong>locum</strong></span> <span class='ocrx_word' id='word_1_98' title='bbox 556 1366 718 1423; x_wconf 87' lang='lat' dir='ltr'><strong>habet</strong></span> <span class='ocrx_word' id='word_1_99' title='bbox 738 1407 755 1434; x_wconf 86' lang='lat'><strong>,</strong></span> <span class='ocrx_word' id='word_1_100' title='bbox 779 1375 838 1422; x_wconf 89' lang='lat' dir='ltr'><strong>ut</strong></span> <span class='ocrx_word' id='word_1_101' title='bbox 862 1368 1048 1424; x_wconf 89' lang='lat' dir='ltr'><strong>dicant</strong></span> <span class='ocrx_word' id='word_1_102' title='bbox 1074 1370 1306 1424; x_wconf 89' lang='lat' dir='ltr'><strong>alterum</strong></span> <span class='ocrx_word' id='word_1_103' title='bbox 1338 1371 1723 1426; x_wconf 88' lang='lat' dir='ltr'><strong>connumerari</strong></span> <span class='ocrx_word' id='word_1_104' title='bbox 1742 1410 1757 1436; x_wconf 97' lang='lat'><strong>,</strong></span> <span class='ocrx_word' id='word_1_105' title='bbox 1782 1372 1917 1428; x_wconf 87' lang='lat' dir='ltr'><strong>alte-</strong></span> 
     </span>
    </p>
   </div>
   <div class='ocr_carea' id='block_1_17' title="bbox 343 1458 1916 1533">
    <p class='ocr_par' dir='ltr' id='par_1_17' title="bbox 343 1458 1916 1533">
     <span class='ocr_line' id='line_1_17' title="bbox 343 1458 1916 1533; baseline 0.006 -23"><span class='ocrx_word' id='word_1_106' title='bbox 343 1472 465 1512; x_wconf 91' lang='lat' dir='ltr'><strong>rum</strong></span> <span class='ocrx_word' id='word_1_107' title='bbox 498 1458 910 1523; x_wconf 88' lang='lat' dir='ltr'><strong>subnumerari,</strong></span> <span class='ocrx_word' id='word_1_108' title='bbox 938 1474 1063 1514; x_wconf 91' lang='lat' dir='ltr'><strong>cum</strong></span> <span class='ocrx_word' id='word_1_109' title='bbox 1094 1461 1151 1515; x_wconf 90' lang='lat' dir='ltr'><strong>in</strong></span> <span class='ocrx_word' id='word_1_110' title='bbox 1183 1476 1290 1515; x_wconf 87' lang='lat' dir='ltr'><strong>una</strong></span> <span class='ocrx_word' id='word_1_111' title='bbox 1321 1461 1620 1533; x_wconf 88' lang='lat' dir='ltr'><strong>eademque</strong></span> <span class='ocrx_word' id='word_1_112' title='bbox 1649 1464 1789 1519; x_wconf 87' lang='lat' dir='ltr'><strong>serie</strong></span> <span class='ocrx_word' id='word_1_113' title='bbox 1816 1479 1916 1519; x_wconf 90' lang='lat' dir='ltr'><strong>no-</strong></span> 
     </span>
    </p>
   </div>
   <div class='ocr_carea' id='block_1_18' title="bbox 344 1549 1914 1624">
    <p class='ocr_par' dir='ltr' id='par_1_18' title="bbox 344 1549 1914 1624">
     <span class='ocr_line' id='line_1_18' title="bbox 344 1549 1914 1624; baseline 0.005 -23"><span class='ocrx_word' id='word_1_114' title='bbox 344 1554 494 1602; x_wconf 85' lang='lat' dir='ltr'><strong>mina</strong></span> <span class='ocrx_word' id='word_1_115' title='bbox 524 1549 637 1604; x_wconf 90' lang='lat' dir='ltr'><strong>sint</strong></span> <span class='ocrx_word' id='word_1_116' title='bbox 667 1550 957 1605; x_wconf 87' lang='lat' dir='ltr'><strong>ordinata?</strong></span> <span class='ocrx_word' id='word_1_117' title='bbox 1001 1551 1061 1606; x_wconf 83' lang='lat' dir='ltr'><strong>In</strong></span> <span class='ocrx_word' id='word_1_118' title='bbox 1097 1567 1310 1608; x_wconf 89' lang='lat' dir='ltr'><strong>summa</strong></span> <span class='ocrx_word' id='word_1_119' title='bbox 1342 1567 1541 1624; x_wconf 89' lang='lat' dir='ltr'><strong>porro,</strong></span> <span class='ocrx_word' id='word_1_120' title='bbox 1573 1568 1694 1624; x_wconf 62' lang='lat' dir='ltr'><strong>qum</strong></span> <span class='ocrx_word' id='word_1_121' title='bbox 1719 1569 1810 1611; x_wconf 87' lang='lat' dir='ltr'><strong>res</strong></span> <span class='ocrx_word' id='word_1_122' title='bbox 1849 1570 1914 1610; x_wconf 83' lang='lat' dir='ltr'><strong>ex</strong></span> 
     </span>
    </p>
   </div>
   <div class='ocr_carea' id='block_1_19' title="bbox 345 1638 1915 1712">
    <p class='ocr_par' dir='ltr' id='par_1_19' title="bbox 345 1638 1915 1712">
     <span class='ocr_line' id='line_1_19' title="bbox 345 1638 1915 1712; baseline 0.003 -20"><span class='ocrx_word' id='word_1_123' title='bbox 345 1638 494 1692; x_wconf 91' lang='lat' dir='ltr'><strong>omni</strong></span> <span class='ocrx_word' id='word_1_124' title='bbox 534 1653 719 1694; x_wconf 90' lang='lat' dir='ltr'><strong>rerum</strong></span> <span class='ocrx_word' id='word_1_125' title='bbox 763 1654 966 1710; x_wconf 78' lang='lat' dir='ltr'><strong>genere</strong></span> <span class='ocrx_word' id='word_1_126' title='bbox 1008 1655 1250 1710; x_wconf 90' lang='lat' dir='ltr'><strong>unquam</strong></span> <span class='ocrx_word' id='word_1_127' title='bbox 1293 1655 1324 1694; x_wconf 89' lang='lat' dir='ltr'><strong>a</strong></span> <span class='ocrx_word' id='word_1_128' title='bbox 1373 1656 1475 1698; x_wconf 87' lang='lat' dir='ltr'><strong>sua</strong></span> <span class='ocrx_word' id='word_1_129' title='bbox 1517 1642 1690 1712; x_wconf 81' lang='lat' dir='ltr'><strong>ipsius</strong></span> <span class='ocrx_word' id='word_1_130' title='bbox 1717 1650 1915 1697; x_wconf 90' lang='lat' dir='ltr'><strong>natura</strong></span> 
     </span>
    </p>
   </div>
   <div class='ocr_carea' id='block_1_20' title="bbox 2025 456 3588 530">
    <p class='ocr_par' dir='ltr' id='par_1_20' title="bbox 2025 456 3588 530">
     <span class='ocr_line' id='line_1_20' title="bbox 2025 456 3588 530; baseline -0.001 -18"><span class='ocrx_word' id='word_1_131' title='bbox 2025 476 2119 530; x_wconf 91' lang='grc' dir='ltr'><strong>μιν</strong></span> <span class='ocrx_word' id='word_1_132' title='bbox 2141 459 2231 526; x_wconf 82' lang='grc' dir='ltr'><strong>ὑφ’</strong></span> <span class='ocrx_word' id='word_1_133' title='bbox 2254 456 2410 528; x_wconf 83' lang='grc' dir='ltr'>ἡμῶν</span> <span class='ocrx_word' id='word_1_134' title='bbox 2431 457 2531 526; x_wconf 82' lang='grc' dir='ltr'>τῆς</span> <span class='ocrx_word' id='word_1_135' title='bbox 2560 456 2812 520; x_wconf 75' lang='grc' dir='ltr'>ἀσεϐείας</span> <span class='ocrx_word' id='word_1_136' title='bbox 2855 456 3258 528; x_wconf 83' lang='grc' dir='ltr'>διελεγχθείσης</span> <span class='ocrx_word' id='word_1_137' title='bbox 3279 469 3297 486; x_wconf 80' lang='grc'><em>’</em></span> <span class='ocrx_word' id='word_1_138' title='bbox 3348 459 3396 509; x_wconf 84' lang='grc' dir='ltr'><strong>εί</strong></span> <span class='ocrx_word' id='word_1_139' title='bbox 3422 456 3476 509; x_wconf 85' lang='grc' dir='ltr'>δὲ</span> <span class='ocrx_word' id='word_1_140' title='bbox 3507 456 3588 527; x_wconf 84' lang='grc' dir='ltr'><strong>τῷ</strong></span> 
     </span>
    </p>
   </div>
   <div class='ocr_carea' id='block_1_21' title="bbox 2020 549 3586 623">
    <p class='ocr_par' dir='ltr' id='par_1_21' title="bbox 2020 549 3586 623">
     <span class='ocr_line' id='line_1_21' title="bbox 2020 549 3586 623; baseline -0.002 -18"><span class='ocrx_word' id='word_1_141' title='bbox 2020 550 2295 623; x_wconf 76' lang='grc' dir='ltr'>Πνεῦματι</span> <span class='ocrx_word' id='word_1_142' title='bbox 2350 549 2580 622; x_wconf 82' lang='grc' dir='ltr'>πρέπειν</span> <span class='ocrx_word' id='word_1_143' title='bbox 2622 550 2819 603; x_wconf 82' lang='grc' dir='ltr'>οἴονται</span> <span class='ocrx_word' id='word_1_144' title='bbox 2874 549 3018 621; x_wconf 85' lang='grc' dir='ltr'><strong>μόνῳ</strong></span> <span class='ocrx_word' id='word_1_145' title='bbox 3055 551 3154 622; x_wconf 77' lang='grc' dir='ltr'>τὴν</span> <span class='ocrx_word' id='word_1_146' title='bbox 3193 549 3586 622; x_wconf 82' lang='grc' dir='ltr'>ὑπαρίθμησιν,</span> 
     </span>
    </p>
   </div>
   <div class='ocr_carea' id='block_1_22' title="bbox 2024 640 3592 712">
    <p class='ocr_par' dir='ltr' id='par_1_22' title="bbox 2024 640 3592 712">
     <span class='ocr_line' id='line_1_22' title="bbox 2024 640 3592 712; baseline 0 -18"><span class='ocrx_word' id='word_1_147' title='bbox 2024 641 2462 712; x_wconf 79' lang='grc' dir='ltr'><strong>μανθανέτωσαν,</strong></span> <span class='ocrx_word' id='word_1_148' title='bbox 2485 643 2568 694; x_wconf 82' lang='grc' dir='ltr'>ὅτι</span> <span class='ocrx_word' id='word_1_149' title='bbox 2595 640 2736 694; x_wconf 84' lang='grc' dir='ltr'>κατὰ</span> <span class='ocrx_word' id='word_1_150' title='bbox 2766 640 2857 693; x_wconf 81' lang='grc' dir='ltr'>τὸν</span> <span class='ocrx_word' id='word_1_151' title='bbox 2893 641 3055 694; x_wconf 83' lang='grc' dir='ltr'>αὐτὸν</span> <span class='ocrx_word' id='word_1_152' title='bbox 3087 641 3286 712; x_wconf 82' lang='grc' dir='ltr'><strong>τρόπον</strong></span> <span class='ocrx_word' id='word_1_153' title='bbox 3313 657 3592 711; x_wconf 84' lang='grc' dir='ltr'>συνεκφω-</span> 
     </span>
    </p>
   </div>
   <div class='ocr_carea' id='block_1_23' title="bbox 2021 733 3590 806">
    <p class='ocr_par' dir='ltr' id='par_1_23' title="bbox 2021 733 3590 806">
     <span class='ocr_line' id='line_1_23' title="bbox 2021 733 3590 806; baseline -0.001 -19"><span class='ocrx_word' id='word_1_154' title='bbox 2021 735 2190 787; x_wconf 88' lang='grc' dir='ltr'>νεῖται</span> <span class='ocrx_word' id='word_1_155' title='bbox 2215 734 2293 805; x_wconf 83' lang='grc' dir='ltr'>τῷ</span> <span class='ocrx_word' id='word_1_156' title='bbox 2325 735 2514 806; x_wconf 87' lang='grc' dir='ltr'>Κυρίῳ</span> <span class='ocrx_word' id='word_1_157' title='bbox 2543 734 2654 806; x_wconf 81' lang='grc'><strong>(56)</strong></span> <span class='ocrx_word' id='word_1_158' title='bbox 2685 733 2748 787; x_wconf 86' lang='grc' dir='ltr'>τὸ</span> <span class='ocrx_word' id='word_1_159' title='bbox 2779 733 3022 804; x_wconf 82' lang='grc' dir='ltr'><strong>Πνεῦμα,</strong></span> <span class='ocrx_word' id='word_1_160' title='bbox 3057 733 3178 787; x_wconf 86' lang='grc' dir='ltr'>καθ’</span> <span class='ocrx_word' id='word_1_161' title='bbox 3200 733 3259 787; x_wconf 81' lang='grc' dir='ltr'>ὃν</span> <span class='ocrx_word' id='word_1_162' title='bbox 3291 734 3384 788; x_wconf 74' lang='grc' dir='ltr'>καὶ</span> <span class='ocrx_word' id='word_1_163' title='bbox 3409 736 3438 787; x_wconf 84' lang='grc' dir='ltr'>ὁ</span> <span class='ocrx_word' id='word_1_164' title='bbox 3463 734 3590 799; x_wconf 79' lang='grc' dir='ltr'>Υἱὸς</span> 
     </span>
    </p>
   </div>
   <div class='ocr_carea' id='block_1_24' title="bbox 2020 823 3589 896">
    <p class='ocr_par' dir='ltr' id='par_1_24' title="bbox 2020 823 3589 896">
     <span class='ocr_line' id='line_1_24' title="bbox 2020 823 3589 896; baseline 0.002 -22"><span class='ocrx_word' id='word_1_165' title='bbox 2020 823 2097 894; x_wconf 83' lang='grc' dir='ltr'><strong>τῷ</strong></span> <span class='ocrx_word' id='word_1_166' title='bbox 2115 825 2310 894; x_wconf 79' lang='grc' dir='ltr'>Πατρί.</span> <span class='ocrx_word' id='word_1_167' title='bbox 2344 824 2418 877; x_wconf 85' lang='grc' dir='ltr'>Τὸ</span> <span class='ocrx_word' id='word_1_168' title='bbox 2441 824 2552 895; x_wconf 88' lang='grc' dir='ltr'><strong>γὰρ</strong></span> <span class='ocrx_word' id='word_1_169' title='bbox 2587 825 2757 894; x_wconf 82' lang='grc' dir='ltr'>ὄνομα</span> <span class='ocrx_word' id='word_1_170' title='bbox 2779 824 2993 896; x_wconf 82' lang='grc' dir='ltr'>Πατρὸς</span> <span class='ocrx_word' id='word_1_171' title='bbox 3011 825 3106 878; x_wconf 77' lang='grc' dir='ltr'>καὶ</span> <span class='ocrx_word' id='word_1_172' title='bbox 3143 823 3274 877; x_wconf 88' lang='grc' dir='ltr'>Υίοῦ</span> <span class='ocrx_word' id='word_1_173' title='bbox 3305 825 3398 877; x_wconf 76' lang='grc' dir='ltr'><strong>καὶ</strong></span> <span class='ocrx_word' id='word_1_174' title='bbox 3431 825 3589 892; x_wconf 81' lang='grc' dir='ltr'>ἁγίου</span> 
     </span>
    </p>
   </div>
   <div class='ocr_carea' id='block_1_25' title="bbox 2024 913 3591 986">
    <p class='ocr_par' dir='ltr' id='par_1_25' title="bbox 2024 913 3591 986">
     <span class='ocr_line' id='line_1_25' title="bbox 2024 913 3591 986; baseline 0.002 -20"><span class='ocrx_word' id='word_1_175' title='bbox 2024 915 2340 984; x_wconf 77' lang='grc' dir='ltr'>Πνεῦματος</span> <span class='ocrx_word' id='word_1_176' title='bbox 2385 915 2585 985; x_wconf 85' lang='grc' dir='ltr'>ὁμοίως</span> <span class='ocrx_word' id='word_1_177' title='bbox 2622 913 2914 968; x_wconf 86' lang='grc' dir='ltr'>ὲκδέδοται.</span> <span class='ocrx_word' id='word_1_178' title='bbox 2965 915 3052 978; x_wconf 84' lang='grc' dir='ltr'><strong>Ὠς</strong></span> <span class='ocrx_word' id='word_1_179' title='bbox 3081 914 3260 969; x_wconf 86' lang='grc' dir='ltr'>τοίνυν</span> <span class='ocrx_word' id='word_1_180' title='bbox 3277 915 3390 986; x_wconf 78' lang='grc' dir='ltr'>ἔχει</span> <span class='ocrx_word' id='word_1_181' title='bbox 3413 916 3591 981; x_wconf 60' lang='lat' dir='ltr'><strong>erat;</strong></span> 
     </span>
    </p>
   </div>
   <div class='ocr_carea' id='block_1_26' title="bbox 2026 1005 3592 1078">
    <p class='ocr_par' dir='ltr' id='par_1_26' title="bbox 2026 1005 3592 1078">
     <span class='ocr_line' id='line_1_26' title="bbox 2026 1005 3592 1078; baseline 0.002 -21"><span class='ocrx_word' id='word_1_182' title='bbox 2026 1005 2162 1078; x_wconf 80' lang='grc' dir='ltr'>πρὸς</span> <span class='ocrx_word' id='word_1_183' title='bbox 2205 1006 2297 1060; x_wconf 86' lang='grc' dir='ltr'>τὸν</span> <span class='ocrx_word' id='word_1_184' title='bbox 2356 1006 2596 1078; x_wconf 84' lang='grc' dir='ltr'><strong>Πατέρα,</strong></span> <span class='ocrx_word' id='word_1_185' title='bbox 2629 1005 2772 1060; x_wconf 79' lang='grc' dir='ltr'>οὕτω</span> <span class='ocrx_word' id='word_1_186' title='bbox 2803 1006 2940 1078; x_wconf 78' lang='grc' dir='ltr'>πρὸς</span> <span class='ocrx_word' id='word_1_187' title='bbox 2973 1005 3064 1060; x_wconf 81' lang='grc' dir='ltr'>τὸν</span> <span class='ocrx_word' id='word_1_188' title='bbox 3095 1006 3222 1060; x_wconf 82' lang='grc' dir='ltr'>Υίὸν</span> <span class='ocrx_word' id='word_1_189' title='bbox 3257 1008 3320 1060; x_wconf 83' lang='grc' dir='ltr'>τὸ</span> <span class='ocrx_word' id='word_1_190' title='bbox 3363 1006 3592 1078; x_wconf 82' lang='grc' dir='ltr'><strong>Πνεῦμα</strong></span> 
     </span>
    </p>
   </div>
   <div class='ocr_carea' id='block_1_27' title="bbox 2021 1096 3590 1170">
    <p class='ocr_par' dir='ltr' id='par_1_27' title="bbox 2021 1096 3590 1170">
     <span class='ocr_line' id='line_1_27' title="bbox 2021 1096 3590 1170; baseline 0.001 -19"><span class='ocrx_word' id='word_1_191' title='bbox 2021 1096 2161 1152; x_wconf 80' lang='grc' dir='ltr'>κατὰ</span> <span class='ocrx_word' id='word_1_192' title='bbox 2185 1098 2282 1168; x_wconf 79' lang='grc' dir='ltr'>τὴν</span> <span class='ocrx_word' id='word_1_193' title='bbox 2299 1098 2356 1153; x_wconf 82' lang='grc' dir='ltr'>ἐν</span> <span class='ocrx_word' id='word_1_194' title='bbox 2378 1097 2456 1168; x_wconf 82' lang='grc' dir='ltr'><strong>τῷ</strong></span> <span class='ocrx_word' id='word_1_195' title='bbox 2487 1097 2819 1168; x_wconf 77' lang='grc' dir='ltr'>βαπτίσματι</span> <span class='ocrx_word' id='word_1_196' title='bbox 2851 1098 3284 1170; x_wconf 81' lang='grc' dir='ltr'>παραδεδομένην</span> <span class='ocrx_word' id='word_1_197' title='bbox 3305 1098 3398 1152; x_wconf 89' lang='grc' dir='ltr'><strong>τοῦ</strong></span> <span class='ocrx_word' id='word_1_198' title='bbox 3429 1098 3590 1168; x_wconf 83' lang='grc' dir='ltr'>λόγου</span> 
     </span>
    </p>
   </div>
   <div class='ocr_carea' id='block_1_28' title="bbox 2023 1186 3592 1261">
    <p class='ocr_par' dir='ltr' id='par_1_28' title="bbox 2023 1186 3592 1261">
     <span class='ocr_line' id='line_1_28' title="bbox 2023 1186 3592 1261; baseline 0.003 -21"><span class='ocrx_word' id='word_1_199' title='bbox 2023 1186 2293 1252; x_wconf 84' lang='grc' dir='ltr'>σύνταξιν.</span> <span class='ocrx_word' id='word_1_200' title='bbox 2340 1189 2404 1242; x_wconf 78' lang='lat' dir='ltr'><strong>Et</strong></span> <span class='ocrx_word' id='word_1_201' title='bbox 2440 1189 2498 1242; x_wconf 83' lang='grc' dir='ltr'>δὲ</span> <span class='ocrx_word' id='word_1_202' title='bbox 2529 1189 2590 1243; x_wconf 87' lang='grc' dir='ltr'>τὸ</span> <span class='ocrx_word' id='word_1_203' title='bbox 2641 1189 2865 1261; x_wconf 84' lang='grc' dir='ltr'>Πνεῦμα</span> <span class='ocrx_word' id='word_1_204' title='bbox 2903 1189 2982 1260; x_wconf 84' lang='grc' dir='ltr'><strong>τῷ</strong></span> <span class='ocrx_word' id='word_1_205' title='bbox 3009 1190 3125 1260; x_wconf 85' lang='grc' dir='ltr'><strong>Υἱῷ</strong></span> <span class='ocrx_word' id='word_1_206' title='bbox 3156 1190 3528 1254; x_wconf 86' lang='grc' dir='ltr'>συντέτακται,</span> <span class='ocrx_word' id='word_1_207' title='bbox 3558 1193 3592 1245; x_wconf 83' lang='grc' dir='ltr'>ὁ</span> 
     </span>
    </p>
   </div>
   <div class='ocr_carea' id='block_1_29' title="bbox 2019 1278 3592 1353">
    <p class='ocr_par' dir='ltr' id='par_1_29' title="bbox 2019 1278 3592 1353">
     <span class='ocr_line' id='line_1_29' title="bbox 2019 1278 3592 1353; baseline 0.003 -21"><span class='ocrx_word' id='word_1_208' title='bbox 2019 1279 2077 1332; x_wconf 83' lang='grc' dir='ltr'>δὲ</span> <span class='ocrx_word' id='word_1_209' title='bbox 2106 1279 2234 1342; x_wconf 82' lang='grc' dir='ltr'><strong>Υἱὸς</strong></span> <span class='ocrx_word' id='word_1_210' title='bbox 2269 1278 2348 1348; x_wconf 78' lang='grc' dir='ltr'><strong>τῷ</strong></span> <span class='ocrx_word' id='word_1_211' title='bbox 2387 1281 2583 1351; x_wconf 72' lang='grc' dir='ltr'>Πατρὶ,</span> <span class='ocrx_word' id='word_1_212' title='bbox 2621 1280 2862 1352; x_wconf 85' lang='grc' dir='ltr'>δηλονότι</span> <span class='ocrx_word' id='word_1_213' title='bbox 2897 1281 3007 1352; x_wconf 78' lang='lat'><strong>(&#39;57)</strong></span> <span class='ocrx_word' id='word_1_214' title='bbox 3036 1281 3131 1335; x_wconf 76' lang='grc' dir='ltr'>καὶ</span> <span class='ocrx_word' id='word_1_215' title='bbox 3164 1280 3224 1334; x_wconf 77' lang='grc' dir='ltr'>τὸ</span> <span class='ocrx_word' id='word_1_216' title='bbox 3253 1280 3477 1353; x_wconf 82' lang='grc' dir='ltr'>Πνεῦμα</span> <span class='ocrx_word' id='word_1_217' title='bbox 3510 1280 3592 1353; x_wconf 84' lang='grc' dir='ltr'>τῷ</span> 
     </span>
    </p>
   </div>
   <div class='ocr_carea' id='block_1_30' title="bbox 2024 1365 3587 1444">
    <p class='ocr_par' dir='ltr' id='par_1_30' title="bbox 2024 1365 3587 1444">
     <span class='ocr_line' id='line_1_30' title="bbox 2024 1365 3587 1444; baseline 0.001 -22"><span class='ocrx_word' id='word_1_218' title='bbox 2024 1369 2220 1441; x_wconf 88' lang='grc' dir='ltr'>Πατρί.</span> <span class='ocrx_word' id='word_1_219' title='bbox 2257 1369 2390 1424; x_wconf 90' lang='grc' dir='ltr'>Τίνα</span> <span class='ocrx_word' id='word_1_220' title='bbox 2412 1365 2503 1424; x_wconf 75' lang='grc' dir='ltr'>οὖν</span> <span class='ocrx_word' id='word_1_221' title='bbox 2527 1369 2640 1441; x_wconf 79' lang='grc' dir='ltr'>ἔχει</span> <span class='ocrx_word' id='word_1_222' title='bbox 2667 1369 2851 1442; x_wconf 86' lang='grc' dir='ltr'>χώραν</span> <span class='ocrx_word' id='word_1_223' title='bbox 2897 1370 2959 1424; x_wconf 82' lang='grc' dir='ltr'>τὸ</span> <span class='ocrx_word' id='word_1_224' title='bbox 2988 1370 3084 1441; x_wconf 83' lang='grc' dir='ltr'>μὲν</span> <span class='ocrx_word' id='word_1_225' title='bbox 3115 1371 3587 1444; x_wconf 82' lang='grc' dir='ltr'><strong>συναριθμεῖσθαι,</strong></span> 
     </span>
    </p>
   </div>
   <div class='ocr_carea' id='block_1_31' title="bbox 2019 1461 3594 1535">
    <p class='ocr_par' dir='ltr' id='par_1_31' title="bbox 2019 1461 3594 1535">
     <span class='ocr_line' id='line_1_31' title="bbox 2019 1461 3594 1535; baseline 0 -19"><span class='ocrx_word' id='word_1_226' title='bbox 2019 1462 2080 1516; x_wconf 84' lang='grc' dir='ltr'>τὸ</span> <span class='ocrx_word' id='word_1_227' title='bbox 2111 1462 2168 1514; x_wconf 83' lang='grc' dir='ltr'>δὲ</span> <span class='ocrx_word' id='word_1_228' title='bbox 2223 1461 2646 1533; x_wconf 84' lang='grc' dir='ltr'>ὑπαριθμεῖσθαι</span> <span class='ocrx_word' id='word_1_229' title='bbox 2671 1461 2870 1531; x_wconf 89' lang='grc' dir='ltr'>λέγειν,</span> <span class='ocrx_word' id='word_1_230' title='bbox 2891 1463 2948 1518; x_wconf 78' lang='grc' dir='ltr'>ἐν</span> <span class='ocrx_word' id='word_1_231' title='bbox 2981 1464 3078 1534; x_wconf 80' lang='grc' dir='ltr'><strong>μιᾷ</strong></span> <span class='ocrx_word' id='word_1_232' title='bbox 3105 1463 3200 1516; x_wconf 74' lang='grc' dir='ltr'>καὶ</span> <span class='ocrx_word' id='word_1_233' title='bbox 3221 1466 3286 1535; x_wconf 84' lang='grc' dir='ltr'><strong>τῇ</strong></span> <span class='ocrx_word' id='word_1_234' title='bbox 3325 1464 3460 1534; x_wconf 77' lang='grc' dir='ltr'>αὐτῇ</span> <span class='ocrx_word' id='word_1_235' title='bbox 3498 1481 3594 1516; x_wconf 88' lang='grc' dir='ltr'>συ-</span> 
     </span>
    </p>
   </div>
   <div class='ocr_carea' id='block_1_32' title="bbox 2023 1552 3586 1625">
    <p class='ocr_par' dir='ltr' id='par_1_32' title="bbox 2023 1552 3586 1625">
     <span class='ocr_line' id='line_1_32' title="bbox 2023 1552 3586 1625; baseline 0.002 -19"><span class='ocrx_word' id='word_1_236' title='bbox 2023 1555 2236 1624; x_wconf 80' lang='grc' dir='ltr'>στοιχίᾳ</span> <span class='ocrx_word' id='word_1_237' title='bbox 2279 1553 2770 1624; x_wconf 84' lang='grc' dir='ltr'>κατατεταγμένων</span> <span class='ocrx_word' id='word_1_238' title='bbox 2815 1552 2925 1607; x_wconf 86' lang='grc' dir='ltr'><strong>τῶν</strong></span> <span class='ocrx_word' id='word_1_239' title='bbox 2961 1554 3269 1625; x_wconf 83' lang='grc' dir='ltr'>όνομάτων;</span> <span class='ocrx_word' id='word_1_240' title='bbox 3303 1555 3479 1619; x_wconf 85' lang='grc' dir='ltr'>Ὄλως</span> <span class='ocrx_word' id='word_1_241' title='bbox 3508 1556 3586 1620; x_wconf 86' lang='grc' dir='ltr'>δὲ,</span> 
     </span>
    </p>
   </div>
   <div class='ocr_carea' id='block_1_33' title="bbox 2019 1642 3590 1716">
    <p class='ocr_par' dir='ltr' id='par_1_33' title="bbox 2019 1642 3590 1716">
     <span class='ocr_line' id='line_1_33' title="bbox 2019 1642 3590 1716; baseline 0.001 -19"><span class='ocrx_word' id='word_1_242' title='bbox 2019 1644 2074 1697; x_wconf 85' lang='grc' dir='ltr'><strong>τί</strong></span> <span class='ocrx_word' id='word_1_243' title='bbox 2122 1642 2232 1698; x_wconf 86' lang='grc' dir='ltr'><strong>τῶν</strong></span> <span class='ocrx_word' id='word_1_244' title='bbox 2281 1643 2499 1697; x_wconf 89' lang='grc' dir='ltr'>πάντων</span> <span class='ocrx_word' id='word_1_245' title='bbox 2550 1643 2738 1715; x_wconf 78' lang='grc' dir='ltr'>ἐξέστη</span> <span class='ocrx_word' id='word_1_246' title='bbox 2783 1643 2916 1697; x_wconf 85' lang='grc' dir='ltr'>ποτὲ</span> <span class='ocrx_word' id='word_1_247' title='bbox 2965 1644 3064 1716; x_wconf 85' lang='grc' dir='ltr'><strong>τῆς</strong></span> <span class='ocrx_word' id='word_1_248' title='bbox 3127 1645 3320 1698; x_wconf 78' lang='grc' dir='ltr'>ἑαυτοῦ</span> <span class='ocrx_word' id='word_1_249' title='bbox 3375 1645 3590 1715; x_wconf 84' lang='grc' dir='ltr'>φύσεως</span> 
     </span>
    </p>
   </div>
   <div class='ocr_carea' id='block_1_34' title="bbox 319 1728 1925 1809">
    <p class='ocr_par' dir='ltr' id='par_1_34' title="bbox 319 1728 1920 1804">
     <span class='ocr_line' id='line_1_34' title="bbox 319 1728 1920 1804; baseline 0.001 -17"><span class='ocrx_word' id='word_1_250' title='bbox 319 1728 549 1787; x_wconf 80' lang='lat' dir='ltr'><strong>.excidit</strong></span> <span class='ocrx_word' id='word_1_251' title='bbox 575 1729 706 1784; x_wconf 89' lang='lat' dir='ltr'><strong>dum</strong></span> <span class='ocrx_word' id='word_1_252' title='bbox 747 1731 1104 1786; x_wconf 87' lang='lat' dir='ltr'><strong>numeratur?</strong></span> <span class='ocrx_word' id='word_1_253' title='bbox 1133 1729 1328 1787; x_wconf 87' lang='lat' dir='ltr'><strong>Nonne</strong></span> <span class='ocrx_word' id='word_1_254' title='bbox 1355 1732 1543 1802; x_wconf 88' lang='lat' dir='ltr'><strong>potius</strong></span> <span class='ocrx_word' id='word_1_255' title='bbox 1574 1748 1697 1804; x_wconf 86' lang='lat' dir='ltr'><strong>quae</strong></span> <span class='ocrx_word' id='word_1_256' title='bbox 1729 1748 1920 1788; x_wconf 82' lang='lat' dir='ltr'><strong>nume-</strong></span> 
     </span>
    </p>
   </div>
   <div class='ocr_carea' id='block_1_35' title="bbox 2033 1728 3590 1809">
    <p class='ocr_par' dir='ltr' id='par_1_35' title="bbox 2033 1734 3590 1809">
     <span class='ocr_line' id='line_1_35' title="bbox 2033 1734 3590 1809; baseline 0.002 -21"><span class='ocrx_word' id='word_1_257' title='bbox 2033 1734 2461 1807; x_wconf 66' lang='grc' dir='ltr'>ὶριθμούμενον;</span> <span class='ocrx_word' id='word_1_258' title='bbox 2506 1735 2646 1789; x_wconf 86' lang='grc' dir='ltr'>Ἀλλ’</span> <span class='ocrx_word' id='word_1_259' title='bbox 2675 1735 2796 1807; x_wconf 71' lang='grc' dir='ltr'>οὐχὶ</span> <span class='ocrx_word' id='word_1_260' title='bbox 2825 1734 2894 1788; x_wconf 84' lang='grc' dir='ltr'>τὰ</span> <span class='ocrx_word' id='word_1_261' title='bbox 2916 1736 3015 1806; x_wconf 84' lang='grc' dir='ltr'>μὲν</span> <span class='ocrx_word' id='word_1_262' title='bbox 3045 1737 3324 1809; x_wconf 86' lang='grc' dir='ltr'>ἀριθμητὰ</span> <span class='ocrx_word' id='word_1_263' title='bbox 3343 1738 3590 1808; x_wconf 86' lang='grc' dir='ltr'>διαμένει</span> 
     </span>
    </p>
   </div>
   <div class='ocr_carea' id='block_1_36' title="bbox 348 1821 1921 1895">
    <p class='ocr_par' dir='ltr' id='par_1_36' title="bbox 348 1821 1921 1895">
     <span class='ocr_line' id='line_1_36' title="bbox 348 1821 1921 1895; baseline 0.004 -22"><span class='ocrx_word' id='word_1_264' title='bbox 348 1827 562 1888; x_wconf 89' lang='lat' dir='ltr'><strong>rantur,</strong></span> <span class='ocrx_word' id='word_1_265' title='bbox 586 1821 718 1876; x_wconf 88' lang='lat' dir='ltr'><strong>talia</strong></span> <span class='ocrx_word' id='word_1_266' title='bbox 747 1831 1100 1892; x_wconf 79' lang='lat' dir='ltr'><strong>perseverant</strong></span> <span class='ocrx_word' id='word_1_267' title='bbox 1133 1824 1318 1895; x_wconf 88' lang='lat' dir='ltr'><strong>qualia</strong></span> <span class='ocrx_word' id='word_1_268' title='bbox 1346 1832 1475 1881; x_wconf 88' lang='lat' dir='ltr'><strong>sunt</strong></span> <span class='ocrx_word' id='word_1_269' title='bbox 1500 1825 1570 1880; x_wconf 92' lang='lat' dir='ltr'><strong>ab</strong></span> <span class='ocrx_word' id='word_1_270' title='bbox 1597 1825 1786 1893; x_wconf 89' lang='lat' dir='ltr'><strong>initio;</strong></span> <span class='ocrx_word' id='word_1_271' title='bbox 1815 1841 1921 1880; x_wconf 88' lang='lat' dir='ltr'><strong>nu-</strong></span> 
     </span>
    </p>
   </div>
   <div class='ocr_carea' id='block_1_37' title="bbox 349 1912 1921 1989">
    <p class='ocr_par' dir='ltr' id='par_1_37' title="bbox 349 1912 1921 1989">
     <span class='ocr_line' id='line_1_37' title="bbox 349 1912 1921 1989; baseline 0.005 -24"><span class='ocrx_word' id='word_1_272' title='bbox 349 1926 535 1968; x_wconf 90' lang='lat' dir='ltr'><strong>merus</strong></span> <span class='ocrx_word' id='word_1_273' title='bbox 567 1919 749 1968; x_wconf 74' lang='lat' dir='ltr'><strong>autem</strong></span> <span class='ocrx_word' id='word_1_274' title='bbox 784 1912 1071 1969; x_wconf 89' lang='lat' dir='ltr'><strong>adhibetur</strong></span> <span class='ocrx_word' id='word_1_275' title='bbox 1114 1931 1146 1969; x_wconf 92' lang='lat' dir='ltr'><strong>a</strong></span> <span class='ocrx_word' id='word_1_276' title='bbox 1189 1915 1348 1973; x_wconf 90' lang='lat' dir='ltr'><strong>nobis</strong></span> <span class='ocrx_word' id='word_1_277' title='bbox 1381 1931 1481 1972; x_wconf 89' lang='lat' dir='ltr'><strong>ceu</strong></span> <span class='ocrx_word' id='word_1_278' title='bbox 1527 1919 1763 1989; x_wconf 87' lang='lat' dir='ltr'><strong>signum,</strong></span> <span class='ocrx_word' id='word_1_279' title='bbox 1811 1935 1921 1988; x_wconf 91' lang='lat' dir='ltr'><strong>quo</strong></span> 
     </span>
    </p>
   </div>
   <div class='ocr_carea' id='block_1_38' title="bbox 349 2005 1924 2082">
    <p class='ocr_par' dir='ltr' id='par_1_38' title="bbox 349 2005 1924 2082">
     <span class='ocr_line' id='line_1_38' title="bbox 349 2005 1924 2082; baseline 0.004 -23"><span class='ocrx_word' id='word_1_280' title='bbox 349 2005 664 2060; x_wconf 89' lang='lat' dir='ltr'><strong>declaratur</strong></span> <span class='ocrx_word' id='word_1_281' title='bbox 693 2006 992 2061; x_wconf 85' lang='lat' dir='ltr'><strong>multitudo</strong></span> <span class='ocrx_word' id='word_1_282' title='bbox 1017 2009 1466 2079; x_wconf 86' lang='lat' dir='ltr'><strong>suppositorum?</strong></span> <span class='ocrx_word' id='word_1_283' title='bbox 1484 2010 1622 2064; x_wconf 90' lang='lat' dir='ltr'><strong>Nam</strong></span> <span class='ocrx_word' id='word_1_284' title='bbox 1641 2026 1707 2065; x_wconf 81' lang='lat' dir='ltr'><strong>ex</strong></span> <span class='ocrx_word' id='word_1_285' title='bbox 1734 2025 1924 2082; x_wconf 87' lang='lat' dir='ltr'><strong>corpo-</strong></span> 
     </span>
    </p>
   </div>
   <div class='ocr_carea' id='block_1_39' title="bbox 348 2095 1918 2170">
    <p class='ocr_par' dir='ltr' id='par_1_39' title="bbox 348 2095 1918 2170">
     <span class='ocr_line' id='line_1_39' title="bbox 348 2095 1918 2170; baseline 0.006 -22"><span class='ocrx_word' id='word_1_286' title='bbox 348 2095 503 2150; x_wconf 86' lang='lat' dir='ltr'><strong>ribus</strong></span> <span class='ocrx_word' id='word_1_287' title='bbox 527 2096 634 2150; x_wconf 91' lang='lat' dir='ltr'><strong>alia</strong></span> <span class='ocrx_word' id='word_1_288' title='bbox 657 2112 1031 2164; x_wconf 76' lang='lat' dir='ltr'><strong>numeramus,</strong></span> <span class='ocrx_word' id='word_1_289' title='bbox 1059 2100 1163 2154; x_wconf 88' lang='lat' dir='ltr'><strong>alia</strong></span> <span class='ocrx_word' id='word_1_290' title='bbox 1185 2101 1464 2167; x_wconf 88' lang='lat' dir='ltr'><strong>metimur,</strong></span> <span class='ocrx_word' id='word_1_291' title='bbox 1492 2102 1599 2155; x_wconf 89' lang='lat' dir='ltr'><strong>alia</strong></span> <span class='ocrx_word' id='word_1_292' title='bbox 1626 2102 1918 2170; x_wconf 73' lang='lat' dir='ltr'><strong>libremus;</strong></span> 
     </span>
    </p>
   </div>
   <div class='ocr_carea' id='block_1_40' title="bbox 347 2188 1924 2258">
    <p class='ocr_par' dir='ltr' id='par_1_40' title="bbox 347 2188 1924 2258">
     <span class='ocr_line' id='line_1_40' title="bbox 347 2188 1924 2258; baseline 0.004 -18"><span class='ocrx_word' id='word_1_293' title='bbox 347 2194 403 2240; x_wconf 78' lang='lat' dir='ltr'><strong>et</strong></span> <span class='ocrx_word' id='word_1_294' title='bbox 433 2201 666 2256; x_wconf 91' lang='lat' dir='ltr'><strong>quorum</strong></span> <span class='ocrx_word' id='word_1_295' title='bbox 699 2188 960 2244; x_wconf 89' lang='lat' dir='ltr'><strong>continua</strong></span> <span class='ocrx_word' id='word_1_296' title='bbox 1001 2201 1088 2246; x_wconf 89' lang='lat' dir='ltr'><strong>est</strong></span> <span class='ocrx_word' id='word_1_297' title='bbox 1129 2202 1347 2258; x_wconf 84' lang='lat' dir='ltr'><strong>natura,</strong></span> <span class='ocrx_word' id='word_1_298' title='bbox 1393 2208 1458 2248; x_wconf 89' lang='lat' dir='ltr'><strong>ea</strong></span> <span class='ocrx_word' id='word_1_299' title='bbox 1491 2208 1748 2250; x_wconf 88' lang='lat' dir='ltr'><strong>mensura</strong></span> <span class='ocrx_word' id='word_1_300' title='bbox 1777 2209 1924 2249; x_wconf 85' lang='lat' dir='ltr'><strong>com-</strong></span> 
     </span>
    </p>
   </div>
   <div class='ocr_carea' id='block_1_41' title="bbox 350 2279 1921 2358">
    <p class='ocr_par' dir='ltr' id='par_1_41' title="bbox 350 2279 1921 2358">
     <span class='ocr_line' id='line_1_41' title="bbox 350 2279 1921 2358; baseline 0.005 -24"><span class='ocrx_word' id='word_1_301' title='bbox 350 2279 739 2350; x_wconf 87' lang='lat' dir='ltr'><strong>prehendimus</strong></span> <span class='ocrx_word' id='word_1_302' title='bbox 757 2297 772 2348; x_wconf 91' lang='lat'><strong>;</strong></span> <span class='ocrx_word' id='word_1_303' title='bbox 792 2298 1027 2353; x_wconf 81' lang='lat' dir='ltr'><strong>quorum</strong></span> <span class='ocrx_word' id='word_1_304' title='bbox 1045 2284 1305 2350; x_wconf 90' lang='lat' dir='ltr'><strong>discreta,</strong></span> <span class='ocrx_word' id='word_1_305' title='bbox 1323 2300 1552 2340; x_wconf 84' lang='lat' dir='ltr'><strong>numero</strong></span> <span class='ocrx_word' id='word_1_306' title='bbox 1576 2285 1921 2358; x_wconf 67' lang='lat' dir='ltr'><strong>subiicimus,</strong></span> 
     </span>
    </p>
   </div>
   <div class='ocr_carea' id='block_1_42' title="bbox 349 2371 1921 2447">
    <p class='ocr_par' dir='ltr' id='par_1_42' title="bbox 349 2371 1921 2447">
     <span class='ocr_line' id='line_1_42' title="bbox 349 2371 1921 2447; baseline 0.004 -23"><span class='ocrx_word' id='word_1_307' title='bbox 349 2371 593 2442; x_wconf 78' lang='lat' dir='ltr'><strong>exceptis</strong></span> <span class='ocrx_word' id='word_1_308' title='bbox 627 2371 697 2426; x_wconf 92' lang='lat' dir='ltr'><strong>iis</strong></span> <span class='ocrx_word' id='word_1_309' title='bbox 739 2388 861 2447; x_wconf 72' lang='lat' dir='ltr'><strong>quae</strong></span> <span class='ocrx_word' id='word_1_310' title='bbox 889 2373 961 2429; x_wconf 94' lang='lat' dir='ltr'><strong>ob</strong></span> <span class='ocrx_word' id='word_1_311' title='bbox 997 2374 1318 2429; x_wconf 84' lang='lat' dir='ltr'><strong>tenuitatem</strong></span> <span class='ocrx_word' id='word_1_312' title='bbox 1347 2390 1544 2431; x_wconf 89' lang='lat' dir='ltr'><strong>rursus</strong></span> <span class='ocrx_word' id='word_1_313' title='bbox 1585 2375 1720 2430; x_wconf 79' lang='lat' dir='ltr'><strong>ﬁunt</strong></span> <span class='ocrx_word' id='word_1_314' title='bbox 1755 2379 1921 2432; x_wconf 86' lang='lat' dir='ltr'><strong>etiam</strong></span> 
     </span>
    </p>
   </div>
   <div class='ocr_carea' id='block_1_43' title="bbox 350 2463 1925 2538">
    <p class='ocr_par' dir='ltr' id='par_1_43' title="bbox 350 2463 1925 2538">
     <span class='ocr_line' id='line_1_43' title="bbox 350 2463 1925 2538; baseline 0.006 -22"><span class='ocrx_word' id='word_1_315' title='bbox 350 2463 769 2532; x_wconf 87' lang='lat' dir='ltr'><strong>mensurabilia;</strong></span> <span class='ocrx_word' id='word_1_316' title='bbox 799 2481 919 2535; x_wconf 70' lang='lat' dir='ltr'><strong>quae</strong></span> <span class='ocrx_word' id='word_1_317' title='bbox 939 2481 1069 2522; x_wconf 81' lang='lat' dir='ltr'><strong>vero</strong></span> <span class='ocrx_word' id='word_1_318' title='bbox 1095 2468 1281 2538; x_wconf 79' lang='lat' dir='ltr'><strong>gravia</strong></span> <span class='ocrx_word' id='word_1_319' title='bbox 1303 2477 1453 2536; x_wconf 87' lang='lat' dir='ltr'><strong>sunt,</strong></span> <span class='ocrx_word' id='word_1_320' title='bbox 1476 2469 1629 2524; x_wconf 72' lang='lat' dir='ltr'><strong>libra:</strong></span> <span class='ocrx_word' id='word_1_321' title='bbox 1649 2477 1925 2526; x_wconf 88' lang='lat' dir='ltr'><strong>momento</strong></span> 
     </span>
    </p>
   </div>
   <div class='ocr_carea' id='block_1_44' title="bbox 350 2553 1926 2632">
    <p class='ocr_par' dir='ltr' id='par_1_44' title="bbox 350 2553 1926 2632">
     <span class='ocr_line' id='line_1_44' title="bbox 350 2553 1926 2632; baseline 0.004 -25"><span class='ocrx_word' id='word_1_322' title='bbox 350 2553 740 2613; x_wconf 82' lang='lat' dir='ltr'><strong>discernimus.</strong></span> <span class='ocrx_word' id='word_1_323' title='bbox 776 2555 898 2611; x_wconf 82' lang='lat' dir='ltr'><strong>Non</strong></span> <span class='ocrx_word' id='word_1_324' title='bbox 927 2557 1112 2628; x_wconf 87' lang='lat' dir='ltr'><strong>itaque</strong></span> <span class='ocrx_word' id='word_1_325' title='bbox 1138 2559 1397 2628; x_wconf 90' lang='lat' dir='ltr'><strong>quoniam</strong></span> <span class='ocrx_word' id='word_1_326' title='bbox 1425 2560 1584 2615; x_wconf 89' lang='lat' dir='ltr'><strong>nobis</strong></span> <span class='ocrx_word' id='word_1_327' title='bbox 1610 2561 1745 2632; x_wconf 91' lang='lat' dir='ltr'><strong>ipsis</strong></span> <span class='ocrx_word' id='word_1_328' title='bbox 1770 2561 1926 2632; x_wconf 85' lang='lat' dir='ltr'><strong>signa</strong></span> 
     </span>
    </p>
   </div>
   <div class='ocr_carea' id='block_1_45' title="bbox 351 2642 1925 2721">
    <p class='ocr_par' dir='ltr' id='par_1_45' title="bbox 351 2642 1925 2721">
     <span class='ocr_line' id='line_1_45' title="bbox 351 2642 1925 2721; baseline 0.008 -25"><span class='ocrx_word' id='word_1_329' title='bbox 351 2642 421 2698; x_wconf 82' lang='lat' dir='ltr'><strong>ad</strong></span> <span class='ocrx_word' id='word_1_330' title='bbox 469 2644 796 2713; x_wconf 84' lang='lat' dir='ltr'><strong>quantitatis</strong></span> <span class='ocrx_word' id='word_1_331' title='bbox 846 2645 1101 2701; x_wconf 88' lang='lat' dir='ltr'><strong>notitiam</strong></span> <span class='ocrx_word' id='word_1_332' title='bbox 1151 2649 1618 2719; x_wconf 76' lang='lat' dir='ltr'><strong>excogitavimus,</strong></span> <span class='ocrx_word' id='word_1_333' title='bbox 1675 2651 1925 2721; x_wconf 88' lang='lat' dir='ltr'><strong>protinus</strong></span> 
     </span>
    </p>
   </div>
   <div class='ocr_carea' id='block_1_46' title="bbox 349 2737 1929 2810">
    <p class='ocr_par' dir='ltr' id='par_1_46' title="bbox 349 2737 1929 2810">
     <span class='ocr_line' id='line_1_46' title="bbox 349 2737 1929 2810; baseline 0.002 -18"><span class='ocrx_word' id='word_1_334' title='bbox 349 2737 519 2792; x_wconf 87' lang='lat' dir='ltr'><strong>etiam</strong></span> <span class='ocrx_word' id='word_1_335' title='bbox 547 2745 803 2792; x_wconf 90' lang='lat' dir='ltr'><strong>naturam</strong></span> <span class='ocrx_word' id='word_1_336' title='bbox 845 2753 1039 2794; x_wconf 90' lang='lat' dir='ltr'><strong>eorum</strong></span> <span class='ocrx_word' id='word_1_337' title='bbox 1069 2754 1191 2810; x_wconf 66' lang='lat' dir='ltr'><strong>qua</strong></span> <span class='ocrx_word' id='word_1_338' title='bbox 1230 2740 1444 2810; x_wconf 85' lang='lat' dir='ltr'><strong>signata</strong></span> <span class='ocrx_word' id='word_1_339' title='bbox 1481 2748 1644 2806; x_wconf 90' lang='lat' dir='ltr'><strong>sunt,</strong></span> <span class='ocrx_word' id='word_1_340' title='bbox 1679 2742 1929 2796; x_wconf 83' lang='lat' dir='ltr'><strong>immuta-</strong></span> 
     </span>
    </p>
   </div>
   <div class='ocr_carea' id='block_1_47' title="bbox 351 2825 1927 2902">
    <p class='ocr_par' dir='ltr' id='par_1_47' title="bbox 351 2825 1927 2902">
     <span class='ocr_line' id='line_1_47' title="bbox 351 2825 1927 2902; baseline 0.003 -23"><span class='ocrx_word' id='word_1_341' title='bbox 351 2825 549 2881; x_wconf 81' lang='lat' dir='ltr'><strong>vimus.</strong></span> <span class='ocrx_word' id='word_1_342' title='bbox 594 2825 1066 2893; x_wconf 90' lang='lat' dir='ltr'><strong>Quemadmodum</strong></span> <span class='ocrx_word' id='word_1_343' title='bbox 1113 2829 1280 2900; x_wconf 81' lang='lat' dir='ltr'><strong>igitur</strong></span> <span class='ocrx_word' id='word_1_344' title='bbox 1319 2845 1442 2901; x_wconf 67' lang='lat' dir='ltr'><strong>quae</strong></span> <span class='ocrx_word' id='word_1_345' title='bbox 1485 2831 1624 2885; x_wconf 90' lang='lat' dir='ltr'><strong>libra</strong></span> <span class='ocrx_word' id='word_1_346' title='bbox 1662 2832 1927 2902; x_wconf 83' lang='lat' dir='ltr'><strong>expendi-</strong></span> 
     </span>
    </p>
   </div>
   <div class='ocr_carea' id='block_1_48' title="bbox 353 2921 1927 2988">
    <p class='ocr_par' dir='ltr' id='par_1_48' title="bbox 353 2921 1927 2988">
     <span class='ocr_line' id='line_1_48' title="bbox 353 2921 1927 2988; baseline 0.004 -15"><span class='ocrx_word' id='word_1_347' title='bbox 353 2935 499 2982; x_wconf 89' lang='lat' dir='ltr'><strong>mus,</strong></span> <span class='ocrx_word' id='word_1_348' title='bbox 529 2934 595 2974; x_wconf 85' lang='lat' dir='ltr'><strong>ea</strong></span> <span class='ocrx_word' id='word_1_349' title='bbox 623 2935 735 2976; x_wconf 90' lang='lat' dir='ltr'><strong>non</strong></span> <span class='ocrx_word' id='word_1_350' title='bbox 765 2921 1140 2977; x_wconf 90' lang='lat' dir='ltr'><strong>sublibramus</strong></span> <span class='ocrx_word' id='word_1_351' title='bbox 1169 2923 1313 2977; x_wconf 87' lang='lat' dir='ltr'><strong>inter</strong></span> <span class='ocrx_word' id='word_1_352' title='bbox 1335 2937 1480 2988; x_wconf 88' lang='lat' dir='ltr'><strong>sese,</strong></span> <span class='ocrx_word' id='word_1_353' title='bbox 1512 2922 1731 2978; x_wconf 90' lang='lat' dir='ltr'><strong>etiamsi</strong></span> <span class='ocrx_word' id='word_1_354' title='bbox 1757 2939 1927 2979; x_wconf 90' lang='lat' dir='ltr'><strong>unum</strong></span> 
     </span>
    </p>
   </div>
   <div class='ocr_carea' id='block_1_49' title="bbox 2019 1820 3590 1899">
    <p class='ocr_par' dir='ltr' id='par_1_49' title="bbox 2019 1820 3590 1899">
     <span class='ocr_line' id='line_1_49' title="bbox 2019 1820 3590 1899; baseline 0.002 -21"><span class='ocrx_word' id='word_1_355' title='bbox 2019 1820 2107 1878; x_wconf 79' lang='grc' dir='ltr'>οἷα</span> <span class='ocrx_word' id='word_1_356' title='bbox 2147 1825 2391 1896; x_wconf 82' lang='grc' dir='ltr'>πέφυκεν</span> <span class='ocrx_word' id='word_1_357' title='bbox 2419 1824 2479 1890; x_wconf 74' lang='grc' dir='ltr'><strong>ἐξ</strong></span> <span class='ocrx_word' id='word_1_358' title='bbox 2503 1826 2697 1897; x_wconf 85' lang='grc' dir='ltr'>ἀρχῆς,</span> <span class='ocrx_word' id='word_1_359' title='bbox 2731 1827 2760 1878; x_wconf 87' lang='grc' dir='ltr'>ὁ</span> <span class='ocrx_word' id='word_1_360' title='bbox 2788 1824 2846 1879; x_wconf 82' lang='grc' dir='ltr'>δὲ</span> <span class='ocrx_word' id='word_1_361' title='bbox 2877 1825 3106 1898; x_wconf 83' lang='grc' dir='ltr'>ἀριθμὸς</span> <span class='ocrx_word' id='word_1_362' title='bbox 3143 1831 3366 1899; x_wconf 89' lang='grc' dir='ltr'>σημεῖον</span> <span class='ocrx_word' id='word_1_363' title='bbox 3388 1845 3590 1898; x_wconf 86' lang='grc' dir='ltr'>γνωρι-</span> 
     </span>
    </p>
   </div>
   <div class='ocr_carea' id='block_1_50' title="bbox 2023 1915 3591 1990">
    <p class='ocr_par' dir='ltr' id='par_1_50' title="bbox 2023 1915 3591 1990">
     <span class='ocr_line' id='line_1_50' title="bbox 2023 1915 3591 1990; baseline 0.001 -20"><span class='ocrx_word' id='word_1_364' title='bbox 2023 1916 2208 1970; x_wconf 84' lang='grc' dir='ltr'>στικὸν</span> <span class='ocrx_word' id='word_1_365' title='bbox 2262 1915 2360 1970; x_wconf 84' lang='grc' dir='ltr'><strong>τοῦ</strong></span> <span class='ocrx_word' id='word_1_366' title='bbox 2412 1917 2650 1987; x_wconf 85' lang='grc' dir='ltr'>πλήθους</span> <span class='ocrx_word' id='word_1_367' title='bbox 2681 1916 2790 1971; x_wconf 85' lang='grc' dir='ltr'><strong>τῶν</strong></span> <span class='ocrx_word' id='word_1_368' title='bbox 2827 1918 3200 1988; x_wconf 81' lang='grc' dir='ltr'>ὑποκειμένων</span> <span class='ocrx_word' id='word_1_369' title='bbox 3249 1919 3378 1990; x_wconf 85' lang='grc' dir='ltr'>παρ’</span> <span class='ocrx_word' id='word_1_370' title='bbox 3433 1919 3591 1990; x_wconf 81' lang='grc' dir='ltr'>ἡμῶν</span> 
     </span>
    </p>
   </div>
   <div class='ocr_carea' id='block_1_51' title="bbox 2019 2007 3590 2081">
    <p class='ocr_par' dir='ltr' id='par_1_51' title="bbox 2019 2007 3590 2081">
     <span class='ocr_line' id='line_1_51' title="bbox 2019 2007 3590 2081; baseline 0.002 -20"><span class='ocrx_word' id='word_1_371' title='bbox 2019 2007 2390 2080; x_wconf 81' lang='grc' dir='ltr'>ὲφαρμὸςεται</span> <span class='ocrx_word' id='word_1_372' title='bbox 2412 2024 2427 2073; x_wconf 90' lang='grc'>;</span> <span class='ocrx_word' id='word_1_373' title='bbox 2452 2007 2572 2061; x_wconf 86' lang='grc' dir='ltr'>Τῶν</span> <span class='ocrx_word' id='word_1_374' title='bbox 2597 2007 2706 2079; x_wconf 84' lang='grc' dir='ltr'><strong>γὰρ</strong></span> <span class='ocrx_word' id='word_1_375' title='bbox 2725 2009 2989 2079; x_wconf 86' lang='grc' dir='ltr'>σωμάτων</span> <span class='ocrx_word' id='word_1_376' title='bbox 3008 2009 3075 2062; x_wconf 82' lang='grc' dir='ltr'>τὰ</span> <span class='ocrx_word' id='word_1_377' title='bbox 3109 2011 3206 2080; x_wconf 84' lang='grc' dir='ltr'>μὲν</span> <span class='ocrx_word' id='word_1_378' title='bbox 3230 2009 3590 2081; x_wconf 84' lang='grc' dir='ltr'>ἀριθμοῦμεν,</span> 
     </span>
    </p>
   </div>
   <div class='ocr_carea' id='block_1_52' title="bbox 2022 2093 3595 2172">
    <p class='ocr_par' dir='ltr' id='par_1_52' title="bbox 2022 2093 3595 2172">
     <span class='ocr_line' id='line_1_52' title="bbox 2022 2093 3595 2172; baseline -0.001 -19"><span class='ocrx_word' id='word_1_379' title='bbox 2022 2099 2090 2152; x_wconf 83' lang='grc' dir='ltr'>τὰ</span> <span class='ocrx_word' id='word_1_380' title='bbox 2130 2100 2188 2153; x_wconf 80' lang='grc' dir='ltr'>δὲ</span> <span class='ocrx_word' id='word_1_381' title='bbox 2229 2096 2556 2170; x_wconf 87' lang='grc' dir='ltr'>μετροῦμεν,</span> <span class='ocrx_word' id='word_1_382' title='bbox 2591 2097 2663 2151; x_wconf 85' lang='grc' dir='ltr'>τὰ</span> <span class='ocrx_word' id='word_1_383' title='bbox 2715 2099 2772 2151; x_wconf 85' lang='grc' dir='ltr'>δὲ</span> <span class='ocrx_word' id='word_1_384' title='bbox 2815 2097 3184 2169; x_wconf 83' lang='grc' dir='ltr'>σταθμώμεθα</span> <span class='ocrx_word' id='word_1_385' title='bbox 3209 2115 3223 2130; x_wconf 92' lang='grc'><strong>·</strong></span> <span class='ocrx_word' id='word_1_386' title='bbox 3248 2100 3342 2152; x_wconf 75' lang='grc' dir='ltr'>καὶ</span> <span class='ocrx_word' id='word_1_387' title='bbox 3384 2093 3459 2154; x_wconf 82' lang='grc' dir='ltr'>ὧν</span> <span class='ocrx_word' id='word_1_388' title='bbox 3493 2101 3595 2172; x_wconf 78' lang='grc' dir='ltr'>μὲν</span> 
     </span>
    </p>
   </div>
   <div class='ocr_carea' id='block_1_53' title="bbox 2024 2183 3595 2262">
    <p class='ocr_par' dir='ltr' id='par_1_53' title="bbox 2024 2183 3595 2262">
     <span class='ocr_line' id='line_1_53' title="bbox 2024 2183 3595 2262; baseline -0.001 -18"><span class='ocrx_word' id='word_1_389' title='bbox 2024 2189 2256 2262; x_wconf 85' lang='grc' dir='ltr'>συνεχὴς</span> <span class='ocrx_word' id='word_1_390' title='bbox 2281 2192 2315 2262; x_wconf 78' lang='grc' dir='ltr'>ἡ</span> <span class='ocrx_word' id='word_1_391' title='bbox 2341 2189 2520 2260; x_wconf 84' lang='grc' dir='ltr'>φύσις,</span> <span class='ocrx_word' id='word_1_392' title='bbox 2566 2188 2750 2261; x_wconf 81' lang='grc' dir='ltr'>μέτρῳ</span> <span class='ocrx_word' id='word_1_393' title='bbox 2791 2189 3304 2260; x_wconf 80' lang='grc' dir='ltr'>καταλαμϐάνομεν,</span> <span class='ocrx_word' id='word_1_394' title='bbox 3346 2183 3420 2243; x_wconf 83' lang='grc' dir='ltr'><strong>ὧν</strong></span> <span class='ocrx_word' id='word_1_395' title='bbox 3442 2190 3498 2243; x_wconf 80' lang='grc' dir='ltr'>δὲ</span> <span class='ocrx_word' id='word_1_396' title='bbox 3517 2190 3595 2243; x_wconf 83' lang='grc' dir='ltr'>δι-</span> 
     </span>
    </p>
   </div>
   <div class='ocr_carea' id='block_1_54' title="bbox 2022 2281 3591 2354">
    <p class='ocr_par' dir='ltr' id='par_1_54' title="bbox 2022 2281 3591 2354">
     <span class='ocr_line' id='line_1_54' title="bbox 2022 2281 3591 2354; baseline -0.001 -18"><span class='ocrx_word' id='word_1_397' title='bbox 2022 2283 2326 2354; x_wconf 84' lang='grc' dir='ltr'>ωρισμένη,</span> <span class='ocrx_word' id='word_1_398' title='bbox 2372 2281 2449 2352; x_wconf 85' lang='grc' dir='ltr'>τῷ</span> <span class='ocrx_word' id='word_1_399' title='bbox 2480 2281 2696 2352; x_wconf 85' lang='grc' dir='ltr'>ἀριθμῴ</span> <span class='ocrx_word' id='word_1_400' title='bbox 2735 2281 3136 2352; x_wconf 81' lang='grc' dir='ltr'>ὑποϐάλλομεν,</span> <span class='ocrx_word' id='word_1_401' title='bbox 3183 2281 3324 2352; x_wconf 81' lang='grc' dir='ltr'>πλὴν</span> <span class='ocrx_word' id='word_1_402' title='bbox 3367 2282 3466 2335; x_wconf 85' lang='grc' dir='ltr'>ὅσα</span> <span class='ocrx_word' id='word_1_403' title='bbox 3503 2283 3591 2334; x_wconf 81' lang='grc' dir='ltr'><strong>διὰ</strong></span> 
     </span>
    </p>
   </div>
   <div class='ocr_carea' id='block_1_55' title="bbox 2023 2374 3594 2446">
    <p class='ocr_par' dir='ltr' id='par_1_55' title="bbox 2023 2374 3594 2446">
     <span class='ocr_line' id='line_1_55' title="bbox 2023 2374 3594 2446; baseline 0.001 -19"><span class='ocrx_word' id='word_1_404' title='bbox 2023 2375 2324 2445; x_wconf 85' lang='grc' dir='ltr'>λεπτότητα</span> <span class='ocrx_word' id='word_1_405' title='bbox 2365 2375 2460 2430; x_wconf 77' lang='grc' dir='ltr'>καὶ</span> <span class='ocrx_word' id='word_1_406' title='bbox 2507 2375 2648 2428; x_wconf 79' lang='grc' dir='ltr'>αὐτὰ</span> <span class='ocrx_word' id='word_1_407' title='bbox 2690 2374 2852 2428; x_wconf 83' lang='grc' dir='ltr'>πάλιν</span> <span class='ocrx_word' id='word_1_408' title='bbox 2901 2375 3140 2446; x_wconf 82' lang='grc' dir='ltr'>μετρητὰ</span> <span class='ocrx_word' id='word_1_409' title='bbox 3168 2375 3409 2444; x_wconf 83' lang='grc' dir='ltr'>γίνεται’</span> <span class='ocrx_word' id='word_1_410' title='bbox 3447 2374 3594 2428; x_wconf 66' lang='grc' dir='ltr'>τὰδὲ</span> 
     </span>
    </p>
   </div>
   <div class='ocr_carea' id='block_1_56' title="bbox 2027 2464 3595 2538">
    <p class='ocr_par' dir='ltr' id='par_1_56' title="bbox 2027 2464 3595 2538">
     <span class='ocr_line' id='line_1_56' title="bbox 2027 2464 3595 2538; baseline 0 -20"><span class='ocrx_word' id='word_1_411' title='bbox 2027 2464 2166 2537; x_wconf 87' lang='grc' dir='ltr'><strong>βάρη</strong></span> <span class='ocrx_word' id='word_1_412' title='bbox 2189 2469 2308 2529; x_wconf 82' lang='grc' dir='ltr'>ταῖς</span> <span class='ocrx_word' id='word_1_413' title='bbox 2334 2466 2426 2518; x_wconf 78' lang='grc' dir='ltr'><strong>ἐπὶ</strong></span> <span class='ocrx_word' id='word_1_414' title='bbox 2447 2465 2541 2519; x_wconf 88' lang='grc' dir='ltr'><strong>τοῦ</strong></span> <span class='ocrx_word' id='word_1_415' title='bbox 2573 2465 2738 2534; x_wconf 80' lang='grc' dir='ltr'>ζυγοῦ</span> <span class='ocrx_word' id='word_1_416' title='bbox 2765 2467 2957 2537; x_wconf 80' lang='grc' dir='ltr'>ῥοπαῖς</span> <span class='ocrx_word' id='word_1_417' title='bbox 2986 2467 3352 2538; x_wconf 85' lang='grc' dir='ltr'>διακρίνομεν.</span> <span class='ocrx_word' id='word_1_418' title='bbox 3381 2468 3457 2520; x_wconf 83' lang='grc' dir='ltr'><strong>Οὐ</strong></span> <span class='ocrx_word' id='word_1_419' title='bbox 3484 2466 3595 2519; x_wconf 80' lang='grc' dir='ltr'>τοί-</span> 
     </span>
    </p>
   </div>
   <div class='ocr_carea' id='block_1_57' title="bbox 2026 2555 3598 2627">
    <p class='ocr_par' dir='ltr' id='par_1_57' title="bbox 2026 2555 3598 2627">
     <span class='ocr_line' id='line_1_57' title="bbox 2026 2555 3598 2627; baseline 0.001 -19"><span class='ocrx_word' id='word_1_420' title='bbox 2026 2571 2141 2618; x_wconf 87' lang='grc' dir='ltr'>νυν,</span> <span class='ocrx_word' id='word_1_421' title='bbox 2159 2557 2256 2607; x_wconf 82' lang='grc' dir='ltr'>ἐπε</span> <span class='ocrx_word' id='word_1_422' title='bbox 2265 2555 2345 2626; x_wconf 80' lang='grc' dir='ltr'>ιδὴ</span> <span class='ocrx_word' id='word_1_423' title='bbox 2363 2555 2574 2618; x_wconf 79' lang='grc' dir='ltr'>ἑαυτοῖς</span> <span class='ocrx_word' id='word_1_424' title='bbox 2591 2558 2791 2627; x_wconf 85' lang='grc' dir='ltr'>σημεῖα</span> <span class='ocrx_word' id='word_1_425' title='bbox 2813 2555 2948 2627; x_wconf 81' lang='grc' dir='ltr'>πρὸς</span> <span class='ocrx_word' id='word_1_426' title='bbox 2971 2556 3068 2627; x_wconf 76' lang='grc' dir='ltr'>τὴν</span> <span class='ocrx_word' id='word_1_427' title='bbox 3089 2555 3182 2610; x_wconf 90' lang='grc' dir='ltr'><strong>τοῦ</strong></span> <span class='ocrx_word' id='word_1_428' title='bbox 3207 2555 3372 2610; x_wconf 87' lang='grc' dir='ltr'>ποσοῦ</span> <span class='ocrx_word' id='word_1_429' title='bbox 3393 2557 3598 2626; x_wconf 83' lang='grc' dir='ltr'>γνῶσιν</span> 
     </span>
    </p>
   </div>
   <div class='ocr_carea' id='block_1_58' title="bbox 2025 2645 3594 2717">
    <p class='ocr_par' dir='ltr' id='par_1_58' title="bbox 2025 2645 3594 2717">
     <span class='ocr_line' id='line_1_58' title="bbox 2025 2645 3594 2717; baseline 0.001 -20"><span class='ocrx_word' id='word_1_430' title='bbox 2025 2645 2424 2715; x_wconf 79' lang='grc' dir='ltr'>ἐπενοήσαμεν,</span> <span class='ocrx_word' id='word_1_431' title='bbox 2459 2645 2558 2717; x_wconf 82' lang='grc' dir='ltr'><strong>ήδη</strong></span> <span class='ocrx_word' id='word_1_432' title='bbox 2597 2647 2692 2699; x_wconf 79' lang='grc' dir='ltr'>καὶ</span> <span class='ocrx_word' id='word_1_433' title='bbox 2719 2645 2819 2716; x_wconf 84' lang='grc' dir='ltr'>τὴν</span> <span class='ocrx_word' id='word_1_434' title='bbox 2858 2645 3018 2715; x_wconf 81' lang='grc' dir='ltr'>φύσιν</span> <span class='ocrx_word' id='word_1_435' title='bbox 3047 2645 3155 2700; x_wconf 87' lang='grc' dir='ltr'><strong>τῶν</strong></span> <span class='ocrx_word' id='word_1_436' title='bbox 3179 2646 3594 2716; x_wconf 87' lang='grc' dir='ltr'>σημειωθέντων</span> 
     </span>
    </p>
   </div>
   <div class='ocr_carea' id='block_1_59' title="bbox 2027 2733 3598 2810">
    <p class='ocr_par' dir='ltr' id='par_1_59' title="bbox 2027 2733 3598 2810">
     <span class='ocr_line' id='line_1_59' title="bbox 2027 2733 3598 2810; baseline 0.001 -21"><span class='ocrx_word' id='word_1_437' title='bbox 2027 2737 2356 2808; x_wconf 83' lang='grc' dir='ltr'>ήλλάξαμεν.</span> <span class='ocrx_word' id='word_1_438' title='bbox 2376 2738 2586 2809; x_wconf 85' lang='grc' dir='ltr'>Ὥσπερ</span> <span class='ocrx_word' id='word_1_439' title='bbox 2616 2733 2708 2791; x_wconf 79' lang='grc' dir='ltr'>οὖν</span> <span class='ocrx_word' id='word_1_440' title='bbox 2728 2739 2827 2808; x_wconf 85' lang='grc' dir='ltr'><strong>οὐχ</strong></span> <span class='ocrx_word' id='word_1_441' title='bbox 2850 2737 3088 2792; x_wconf 79' lang='grc' dir='ltr'>ὑποσταθ</span> <span class='ocrx_word' id='word_1_442' title='bbox 3097 2737 3325 2808; x_wconf 86' lang='grc' dir='ltr'>μώμεθα</span> <span class='ocrx_word' id='word_1_443' title='bbox 3345 2737 3598 2810; x_wconf 83' lang='grc' dir='ltr'>ἀλλήλοις</span> 
     </span>
    </p>
   </div>
   <div class='ocr_carea' id='block_1_60' title="bbox 2027 2829 3598 2902">
    <p class='ocr_par' dir='ltr' id='par_1_60' title="bbox 2027 2829 3598 2902">
     <span class='ocr_line' id='line_1_60' title="bbox 2027 2829 3598 2902; baseline -0.001 -18"><span class='ocrx_word' id='word_1_444' title='bbox 2027 2829 2100 2884; x_wconf 85' lang='grc' dir='ltr'><strong>τὰ·</strong></span> <span class='ocrx_word' id='word_1_445' title='bbox 2124 2829 2432 2901; x_wconf 84' lang='grc' dir='ltr'>σταθμητὰ,</span> <span class='ocrx_word' id='word_1_446' title='bbox 2464 2829 2567 2884; x_wconf 82' lang='grc' dir='ltr'>κᾶν</span> <span class='ocrx_word' id='word_1_447' title='bbox 2613 2829 2674 2883; x_wconf 84' lang='grc' dir='ltr'>τὸ</span> <span class='ocrx_word' id='word_1_448' title='bbox 2721 2831 2818 2901; x_wconf 82' lang='grc' dir='ltr'>μὲν</span> <span class='ocrx_word' id='word_1_449' title='bbox 2857 2831 3076 2902; x_wconf 83' lang='grc' dir='ltr'>χρυσὸς,</span> <span class='ocrx_word' id='word_1_450' title='bbox 3106 2831 3168 2882; x_wconf 74' lang='grc' dir='ltr'>τὸ</span> <span class='ocrx_word' id='word_1_451' title='bbox 3196 2830 3253 2883; x_wconf 83' lang='grc' dir='ltr'>δὲ</span> <span class='ocrx_word' id='word_1_452' title='bbox 3275 2830 3598 2901; x_wconf 87' lang='grc' dir='ltr'>κασσίτερος</span> 
     </span>
    </p>
   </div>
   <div class='ocr_carea' id='block_1_61' title="bbox 2028 2919 3600 2996">
    <p class='ocr_par' dir='ltr' id='par_1_61' title="bbox 2028 2919 3600 2996">
     <span class='ocr_line' id='line_1_61' title="bbox 2028 2919 3600 2996; baseline -0.002 -21"><span class='ocrx_word' id='word_1_453' title='bbox 2028 2919 2087 2996; x_wconf 80' lang='grc' dir='ltr'>ᾖ,</span> <span class='ocrx_word' id='word_1_454' title='bbox 2128 2921 2248 2975; x_wconf 78' lang='grc' dir='ltr'>οὐδὲ</span> <span class='ocrx_word' id='word_1_455' title='bbox 2282 2919 2692 2994; x_wconf 76' lang='grc' dir='ltr'>ὑπομετροῦμεν</span> <span class='ocrx_word' id='word_1_456' title='bbox 2719 2922 2788 2975; x_wconf 85' lang='grc' dir='ltr'><strong>τά</strong></span> <span class='ocrx_word' id='word_1_457' title='bbox 2834 2921 3079 2994; x_wconf 88' lang='grc' dir='ltr'>μετρητά</span> <span class='ocrx_word' id='word_1_458' title='bbox 3103 2938 3116 2952; x_wconf 72' lang='grc' dir='ltr'><strong>ο</strong></span> <span class='ocrx_word' id='word_1_459' title='bbox 3150 2920 3320 2985; x_wconf 74' lang='grc' dir='ltr'>οὕτως</span> <span class='ocrx_word' id='word_1_460' title='bbox 3359 2921 3479 2974; x_wconf 81' lang='grc' dir='ltr'>οὐδὲ</span> <span class='ocrx_word' id='word_1_461' title='bbox 3525 2920 3600 2973; x_wconf 78' lang='grc' dir='ltr'>τὰ</span> 
     </span>
    </p>
   </div>
   <div class='ocr_carea' id='block_1_62' title="bbox 353 3012 1925 3086">
    <p class='ocr_par' dir='ltr' id='par_1_62' title="bbox 353 3013 1925 3085">
     <span class='ocr_line' id='line_1_62' title="bbox 353 3013 1925 3085; baseline 0.003 -19"><span class='ocrx_word' id='word_1_462' title='bbox 353 3013 427 3066; x_wconf 81' lang='lat' dir='ltr'><strong>sit</strong></span> <span class='ocrx_word' id='word_1_463' title='bbox 462 3027 697 3078; x_wconf 88' lang='lat' dir='ltr'><strong>aurum,</strong></span> <span class='ocrx_word' id='word_1_464' title='bbox 740 3013 974 3068; x_wconf 90' lang='lat' dir='ltr'><strong>alterum</strong></span> <span class='ocrx_word' id='word_1_465' title='bbox 1014 3023 1306 3081; x_wconf 87' lang='lat' dir='ltr'><strong>stannum;</strong></span> <span class='ocrx_word' id='word_1_466' title='bbox 1346 3029 1524 3085; x_wconf 88' lang='lat' dir='ltr'><strong>neque</strong></span> <span class='ocrx_word' id='word_1_467' title='bbox 1565 3014 1925 3071; x_wconf 81' lang='lat' dir='ltr'><strong>submetimur</strong></span> 
     </span>
    </p>
   </div>
   <div class='ocr_carea' id='block_1_63' title="bbox 2033 3012 3599 3086">
    <p class='ocr_par' dir='ltr' id='par_1_63' title="bbox 2033 3012 3599 3086">
     <span class='ocr_line' id='line_1_63' title="bbox 2033 3012 3599 3086; baseline -0.002 -19"><span class='ocrx_word' id='word_1_468' title='bbox 2033 3013 2312 3086; x_wconf 84' lang='grc' dir='ltr'>ἀριθμητὰ</span> <span class='ocrx_word' id='word_1_469' title='bbox 2361 3014 2576 3076; x_wconf 84' lang='grc' dir='ltr'>πάντως</span> <span class='ocrx_word' id='word_1_470' title='bbox 2613 3014 3088 3086; x_wconf 86' lang='grc' dir='ltr'>ὑπαριθμήσομεν.</span> <span class='ocrx_word' id='word_1_471' title='bbox 3127 3015 3191 3067; x_wconf 79' lang='lat' dir='ltr'><strong>Ei</strong></span> <span class='ocrx_word' id='word_1_472' title='bbox 3224 3014 3280 3066; x_wconf 80' lang='grc' dir='ltr'>δὲ</span> <span class='ocrx_word' id='word_1_473' title='bbox 3312 3013 3462 3066; x_wconf 84' lang='grc' dir='ltr'>οὐδὲν</span> <span class='ocrx_word' id='word_1_474' title='bbox 3487 3012 3599 3065; x_wconf 83' lang='grc' dir='ltr'>τῶν</span> 
     </span>
    </p>
   </div>
   <div class='ocr_carea' id='block_1_64' title="bbox 349 3105 1928 3178">
    <p class='ocr_par' dir='ltr' id='par_1_64' title="bbox 349 3105 1928 3178">
     <span class='ocr_line' id='line_1_64' title="bbox 349 3105 1928 3178; baseline 0.002 -19"><span class='ocrx_word' id='word_1_475' title='bbox 349 3122 476 3178; x_wconf 76' lang='lat' dir='ltr'><strong>quae</strong></span> <span class='ocrx_word' id='word_1_476' title='bbox 506 3120 766 3162; x_wconf 89' lang='lat' dir='ltr'><strong>mensura</strong></span> <span class='ocrx_word' id='word_1_477' title='bbox 798 3105 1205 3176; x_wconf 88' lang='lat' dir='ltr'><strong>dijudicantur:</strong></span> <span class='ocrx_word' id='word_1_478' title='bbox 1251 3106 1328 3161; x_wconf 87' lang='lat' dir='ltr'><strong>ita</strong></span> <span class='ocrx_word' id='word_1_479' title='bbox 1358 3121 1462 3162; x_wconf 91' lang='lat' dir='ltr'><strong>nec</strong></span> <span class='ocrx_word' id='word_1_480' title='bbox 1496 3121 1561 3162; x_wconf 89' lang='lat' dir='ltr'><strong>ea</strong></span> <span class='ocrx_word' id='word_1_481' title='bbox 1595 3122 1717 3176; x_wconf 85' lang='lat' dir='ltr'><strong>quae</strong></span> <span class='ocrx_word' id='word_1_482' title='bbox 1745 3122 1928 3162; x_wconf 90' lang='lat' dir='ltr'><strong>nume-</strong></span> 
     </span>
    </p>
   </div>
   <div class='ocr_carea' id='block_1_65' title="bbox 353 3195 1927 3262">
    <p class='ocr_par' dir='ltr' id='par_1_65' title="bbox 353 3195 1927 3262">
     <span class='ocr_line' id='line_1_65' title="bbox 353 3195 1927 3262; baseline -0.001 -11"><span class='ocrx_word' id='word_1_483' title='bbox 353 3203 572 3260; x_wconf 88' lang='lat' dir='ltr'><strong>rantur,</strong></span> <span class='ocrx_word' id='word_1_484' title='bbox 624 3197 739 3251; x_wconf 93' lang='lat' dir='ltr'><strong>ullo</strong></span> <span class='ocrx_word' id='word_1_485' title='bbox 788 3195 952 3251; x_wconf 88' lang='lat' dir='ltr'><strong>modo</strong></span> <span class='ocrx_word' id='word_1_486' title='bbox 1001 3196 1538 3252; x_wconf 87' lang='lat' dir='ltr'><strong>subnumerabimus.</strong></span> <span class='ocrx_word' id='word_1_487' title='bbox 1573 3196 1729 3262; x_wconf 92' lang='lat' dir='ltr'><strong>Quod</strong></span> <span class='ocrx_word' id='word_1_488' title='bbox 1779 3196 1826 3254; x_wconf 86' lang='lat' dir='ltr'><strong>si</strong></span> <span class='ocrx_word' id='word_1_489' title='bbox 1869 3198 1927 3251; x_wconf 92' lang='lat' dir='ltr'><strong>in</strong></span> 
     </span>
    </p>
   </div>
   <div class='ocr_carea' id='block_1_66' title="bbox 353 3287 1925 3359">
    <p class='ocr_par' dir='ltr' id='par_1_66' title="bbox 353 3287 1925 3359">
     <span class='ocr_line' id='line_1_66' title="bbox 353 3287 1925 3359; baseline 0 -17"><span class='ocrx_word' id='word_1_490' title='bbox 353 3287 568 3342; x_wconf 69' lang='lat' dir='ltr'><strong>caeteris</strong></span> <span class='ocrx_word' id='word_1_491' title='bbox 596 3287 736 3342; x_wconf 91' lang='lat' dir='ltr'><strong>nihil</strong></span> <span class='ocrx_word' id='word_1_492' title='bbox 761 3297 882 3354; x_wconf 89' lang='lat' dir='ltr'><strong>est,</strong></span> <span class='ocrx_word' id='word_1_493' title='bbox 911 3288 1057 3358; x_wconf 86' lang='lat' dir='ltr'><strong>quod</strong></span> <span class='ocrx_word' id='word_1_494' title='bbox 1088 3288 1630 3344; x_wconf 87' lang='lat' dir='ltr'><strong>subnumerationem</strong></span> <span class='ocrx_word' id='word_1_495' title='bbox 1662 3288 1925 3359; x_wconf 87' lang='lat' dir='ltr'><strong>recipiat,</strong></span> 
     </span>
    </p>
   </div>
   <div class='ocr_carea' id='block_1_67' title="bbox 355 3378 1929 3452">
    <p class='ocr_par' dir='ltr' id='par_1_67' title="bbox 355 3378 1929 3452">
     <span class='ocr_line' id='line_1_67' title="bbox 355 3378 1929 3452; baseline -0.001 -17"><span class='ocrx_word' id='word_1_496' title='bbox 355 3396 463 3450; x_wconf 91' lang='lat' dir='ltr'><strong>qua</strong></span> <span class='ocrx_word' id='word_1_497' title='bbox 493 3381 674 3436; x_wconf 81' lang='lat' dir='ltr'><strong>fronte</strong></span> <span class='ocrx_word' id='word_1_498' title='bbox 698 3380 893 3436; x_wconf 88' lang='lat' dir='ltr'><strong>dicunt</strong></span> <span class='ocrx_word' id='word_1_499' title='bbox 933 3378 1161 3450; x_wconf 89' lang='lat' dir='ltr'><strong>Spiritui</strong></span> <span class='ocrx_word' id='word_1_500' title='bbox 1208 3387 1520 3452; x_wconf 88' lang='lat' dir='ltr'><strong>competere</strong></span> <span class='ocrx_word' id='word_1_501' title='bbox 1567 3381 1929 3436; x_wconf 87' lang='lat' dir='ltr'><strong>subnumera-</strong></span> 
     </span>
    </p>
   </div>
   <div class='ocr_carea' id='block_1_68' title="bbox 355 3471 1932 3540">
    <p class='ocr_par' dir='ltr' id='par_1_68' title="bbox 355 3471 1932 3540">
     <span class='ocr_line' id='line_1_68' title="bbox 355 3471 1932 3540; baseline -0.002 -12"><span class='ocrx_word' id='word_1_502' title='bbox 355 3473 599 3528; x_wconf 86' lang='lat' dir='ltr'><strong>tionem?</strong></span> <span class='ocrx_word' id='word_1_503' title='bbox 627 3471 698 3526; x_wconf 84' lang='lat' dir='ltr'><strong>At</strong></span> <span class='ocrx_word' id='word_1_504' title='bbox 724 3473 806 3528; x_wconf 92' lang='lat' dir='ltr'><strong>.hi</strong></span> <span class='ocrx_word' id='word_1_505' title='bbox 849 3473 1070 3529; x_wconf 88' lang='lat' dir='ltr'><strong>ethnico</strong></span> <span class='ocrx_word' id='word_1_506' title='bbox 1109 3473 1303 3528; x_wconf 89' lang='lat' dir='ltr'><strong>morbo</strong></span> <span class='ocrx_word' id='word_1_507' title='bbox 1348 3474 1696 3540; x_wconf 83' lang='lat' dir='ltr'><strong>laborantes,</strong></span> <span class='ocrx_word' id='word_1_508' title='bbox 1748 3471 1932 3529; x_wconf 84' lang='lat' dir='ltr'><strong>existi-</strong></span> 
     </span>
    </p>
   </div>
   <div class='ocr_carea' id='block_1_69' title="bbox 1953 3065 2001 3130">
    <p class='ocr_par' dir='ltr' id='par_1_69' title="bbox 1953 3065 2001 3130">
     <span class='ocr_line' id='line_1_69' title="bbox 1953 3065 2001 3130; baseline 0 0"><span class='ocrx_word' id='word_1_509' title='bbox 1953 3065 2001 3130; x_wconf 88' lang='lat' dir='ltr'><strong><em>C</em></strong></span> 
     </span>
    </p>
   </div>
   <div class='ocr_carea' id='block_1_70' title="bbox 2029 3102 3599 3176">
    <p class='ocr_par' dir='ltr' id='par_1_70' title="bbox 2029 3102 3599 3176">
     <span class='ocr_line' id='line_1_70' title="bbox 2029 3102 3599 3176; baseline -0.002 -18"><span class='ocrx_word' id='word_1_510' title='bbox 2029 3103 2202 3158; x_wconf 86' lang='grc' dir='ltr'>ἄλλων</span> <span class='ocrx_word' id='word_1_511' title='bbox 2239 3105 2340 3176; x_wconf 87' lang='grc' dir='ltr'>τὴν</span> <span class='ocrx_word' id='word_1_512' title='bbox 2393 3103 2762 3176; x_wconf 83' lang='grc' dir='ltr'>ὐπαρί-θμησιν</span> <span class='ocrx_word' id='word_1_513' title='bbox 2787 3104 3020 3175; x_wconf 85' lang='grc' dir='ltr'>δέχεται,</span> <span class='ocrx_word' id='word_1_514' title='bbox 3051 3104 3168 3168; x_wconf 81' lang='grc' dir='ltr'><strong>πῶς</strong></span> <span class='ocrx_word' id='word_1_515' title='bbox 3207 3103 3286 3174; x_wconf 79' lang='grc' dir='ltr'>τῷ</span> <span class='ocrx_word' id='word_1_516' title='bbox 3318 3102 3599 3174; x_wconf 75' lang='grc' dir='ltr'>Πνεύματί</span> 
     </span>
    </p>
   </div>
   <div class='ocr_carea' id='block_1_71' title="bbox 2032 3194 3601 3268">
    <p class='ocr_par' dir='ltr' id='par_1_71' title="bbox 2032 3194 3601 3268">
     <span class='ocr_line' id='line_1_71' title="bbox 2032 3194 3601 3268; baseline -0.001 -18"><span class='ocrx_word' id='word_1_517' title='bbox 2032 3213 2163 3265; x_wconf 77' lang='grc' dir='ltr'>φασι</span> <span class='ocrx_word' id='word_1_518' title='bbox 2203 3196 2502 3268; x_wconf 80' lang='grc' dir='ltr'>προσήκειν</span> <span class='ocrx_word' id='word_1_519' title='bbox 2526 3195 2984 3267; x_wconf 81' lang='grc' dir='ltr'>ὑπαριθμεῖσθαι;</span> <span class='ocrx_word' id='word_1_520' title='bbox 3024 3195 3184 3248; x_wconf 84' lang='grc' dir='ltr'>Ἀλλὰ</span> <span class='ocrx_word' id='word_1_521' title='bbox 3211 3195 3279 3248; x_wconf 88' lang='grc' dir='ltr'>τὰ</span> <span class='ocrx_word' id='word_1_522' title='bbox 3310 3194 3601 3266; x_wconf 80' lang='grc' dir='ltr'>Ἑλληνικὰ</span> 
     </span>
    </p>
   </div>
   <div class='ocr_carea' id='block_1_72' title="bbox 2029 3286 3599 3359">
    <p class='ocr_par' dir='ltr' id='par_1_72' title="bbox 2029 3286 3599 3359">
     <span class='ocr_line' id='line_1_72' title="bbox 2029 3286 3599 3359; baseline -0.001 -17"><span class='ocrx_word' id='word_1_523' title='bbox 2029 3287 2311 3351; x_wconf 89' lang='grc' dir='ltr'>νοσοῦντες</span> <span class='ocrx_word' id='word_1_524' title='bbox 2358 3288 2561 3342; x_wconf 75' lang='grc' dir='ltr'>οἴονται</span> <span class='ocrx_word' id='word_1_525' title='bbox 2607 3288 2676 3342; x_wconf 84' lang='grc' dir='ltr'>τὰ</span> <span class='ocrx_word' id='word_1_526' title='bbox 2720 3288 2863 3342; x_wconf 83' lang='grc' dir='ltr'>κατὰ</span> <span class='ocrx_word' id='word_1_527' title='bbox 2905 3288 3112 3359; x_wconf 80' lang='grc' dir='ltr'>βαθμὸν</span> <span class='ocrx_word' id='word_1_528' title='bbox 3141 3287 3461 3359; x_wconf 77' lang='grc' dir='ltr'>ἀξιωμάτων</span> <span class='ocrx_word' id='word_1_529' title='bbox 3484 3286 3599 3357; x_wconf 78' lang='grc'><strong>(58)</strong></span> 
     </span>
    </p>
   </div>
   <div class='ocr_carea' id='block_1_73' title="bbox 2030 3378 3602 3451">
    <p class='ocr_par' dir='ltr' id='par_1_73' title="bbox 2030 3378 3602 3451">
     <span class='ocr_line' id='line_1_73' title="bbox 2030 3378 3602 3451; baseline -0.002 -18"><span class='ocrx_word' id='word_1_530' title='bbox 2030 3379 2063 3450; x_wconf 84' lang='grc' dir='ltr'>ἢ</span> <span class='ocrx_word' id='word_1_531' title='bbox 2098 3379 2239 3433; x_wconf 87' lang='grc' dir='ltr'>κατὰ</span> <span class='ocrx_word' id='word_1_532' title='bbox 2260 3379 2446 3442; x_wconf 76' lang='grc' dir='ltr'>οὐσίας</span> <span class='ocrx_word' id='word_1_533' title='bbox 2467 3378 2663 3449; x_wconf 76' lang='grc' dir='ltr'>ὕφεσιν·</span> <span class='ocrx_word' id='word_1_534' title='bbox 2682 3379 3056 3447; x_wconf 78' lang='grc' dir='ltr'>ὑποϐαίνοντα,</span> <span class='ocrx_word' id='word_1_535' title='bbox 3080 3379 3252 3434; x_wconf 86' lang='grc' dir='ltr'>ταῦτα</span> <span class='ocrx_word' id='word_1_536' title='bbox 3301 3380 3602 3451; x_wconf 85' lang='grc' dir='ltr'>προσήκειν</span> 
     </span>
    </p>
   </div>
   <div class='ocr_carea' id='block_1_74' title="bbox 2032 3471 2481 3545">
    <p class='ocr_par' dir='ltr' id='par_1_74' title="bbox 2032 3471 2481 3545">
     <span class='ocr_line' id='line_1_74' title="bbox 2032 3471 2481 3545; baseline -0.002 -20"><span class='ocrx_word' id='word_1_537' title='bbox 2032 3471 2234 3545; x_wconf 82' lang='grc' dir='ltr'>ὑπαριθ</span> <span class='ocrx_word' id='word_1_538' title='bbox 2243 3471 2481 3542; x_wconf 88' lang='grc' dir='ltr'>μεῖσθαι.</span> 
     </span>
    </p>
   </div>
   <div class='ocr_carea' id='block_1_75' title="bbox 356 3563 3603 3640">
    <p class='ocr_par' dir='ltr' id='par_1_75' title="bbox 356 3563 3603 3640">
     <span class='ocr_line' id='line_1_75' title="bbox 356 3563 3603 3640; baseline -0.001 -19"><span class='ocrx_word' id='word_1_539' title='bbox 356 3575 507 3622; x_wconf 86' lang='lat' dir='ltr'><strong>mant</strong></span> <span class='ocrx_word' id='word_1_540' title='bbox 545 3583 671 3638; x_wconf 71' lang='lat' dir='ltr'><strong>quae</strong></span> <span class='ocrx_word' id='word_1_541' title='bbox 725 3567 1012 3640; x_wconf 79' lang='lat' dir='ltr'><strong>dignitatis</strong></span> <span class='ocrx_word' id='word_1_542' title='bbox 1067 3567 1241 3639; x_wconf 85' lang='lat' dir='ltr'><strong>gradu</strong></span> <span class='ocrx_word' id='word_1_543' title='bbox 1295 3575 1391 3622; x_wconf 92' lang='lat' dir='ltr'><strong>aut</strong></span> <span class='ocrx_word' id='word_1_544' title='bbox 1441 3575 1655 3624; x_wconf 76' lang='lat' dir='ltr'><strong>natura:</strong></span> <span class='ocrx_word' id='word_1_545' title='bbox 1691 3582 1757 3623; x_wconf 88' lang='lat' dir='ltr'><strong>ac</strong></span> <span class='ocrx_word' id='word_1_546' title='bbox 1799 3567 2120 3624; x_wconf 72' lang='lat' dir='ltr'><strong>substantiae</strong></span> <span class='ocrx_word' id='word_1_547' title='bbox 2167 3565 2535 3622; x_wconf 87' lang='lat' dir='ltr'><strong>submissione</strong></span> <span class='ocrx_word' id='word_1_548' title='bbox 2567 3563 2827 3620; x_wconf 82' lang='lat' dir='ltr'><strong>inferiora</strong></span> <span class='ocrx_word' id='word_1_549' title='bbox 2880 3571 3030 3630; x_wconf 85' lang='lat' dir='ltr'><strong>sunt,</strong></span> <span class='ocrx_word' id='word_1_550' title='bbox 3057 3565 3126 3621; x_wconf 90' lang='lat' dir='ltr'><strong>iis</strong></span> <span class='ocrx_word' id='word_1_551' title='bbox 3154 3565 3447 3620; x_wconf 87' lang='lat' dir='ltr'><strong>convenire</strong></span> <span class='ocrx_word' id='word_1_552' title='bbox 3476 3564 3603 3620; x_wconf 86' lang='lat' dir='ltr'><strong>sub-</strong></span> 
     </span>
    </p>
   </div>
   <div class='ocr_carea' id='block_1_76' title="bbox 356 3661 818 3717">
    <p class='ocr_par' dir='ltr' id='par_1_76' title="bbox 356 3661 818 3717">
     <span class='ocr_line' id='line_1_76' title="bbox 356 3661 818 3717; baseline 0.002 -2"><span class='ocrx_word' id='word_1_553' title='bbox 356 3661 818 3717; x_wconf 85' lang='lat' dir='ltr'><strong>numerationem.</strong></span> 
     </span>
    </p>
   </div>
   <div class='ocr_carea' id='block_1_77' title="bbox 907 3773 1365 3833">
    <p class='ocr_par' dir='ltr' id='par_1_77' title="bbox 907 3773 1365 3833">
     <span class='ocr_line' id='line_1_77' title="bbox 907 3773 1365 3833; baseline 0 -1"><span class='ocrx_word' id='word_1_554' title='bbox 907 3774 1138 3833; x_wconf 85' lang='lat' dir='ltr'><strong>CAPUT</strong></span> <span class='ocrx_word' id='word_1_555' title='bbox 1175 3773 1365 3832; x_wconf 79' lang='lat' dir='ltr'><strong>XVIII.</strong></span> 
     </span>
    </p>
   </div>
   <div class='ocr_carea' id='block_1_78' title="bbox 359 3889 1932 3962">
    <p class='ocr_par' dir='ltr' id='par_1_78' title="bbox 359 3889 1932 3962">
     <span class='ocr_line' id='line_1_78' title="bbox 359 3889 1932 3962; baseline -0.003 -16"><span class='ocrx_word' id='word_1_556' title='bbox 359 3891 635 3960; x_wconf 80' lang='lat' dir='ltr'><strong>Quomodo</strong></span> <span class='ocrx_word' id='word_1_557' title='bbox 689 3893 744 3945; x_wconf 78' lang='lat' dir='ltr'><strong>in</strong></span> <span class='ocrx_word' id='word_1_558' title='bbox 798 3890 1126 3962; x_wconf 80' lang='lat' dir='ltr'><strong>professione</strong></span> <span class='ocrx_word' id='word_1_559' title='bbox 1181 3891 1342 3944; x_wconf 80' lang='lat' dir='ltr'><strong>trium</strong></span> <span class='ocrx_word' id='word_1_560' title='bbox 1391 3889 1739 3962; x_wconf 71' lang='lat' dir='ltr'><strong>[typostaseon</strong></span> <span class='ocrx_word' id='word_1_561' title='bbox 1786 3889 1932 3962; x_wconf 72' lang='lat' dir='ltr'><strong>pium</strong></span> 
     </span>
    </p>
   </div>
   <div class='ocr_carea' id='block_1_79' title="bbox 429 3960 1932 4031">
    <p class='ocr_par' dir='ltr' id='par_1_79' title="bbox 429 3960 1932 4031">
     <span class='ocr_line' id='line_1_79' title="bbox 429 3960 1932 4031; baseline -0.003 -15"><span class='ocrx_word' id='word_1_562' title='bbox 429 3962 752 4016; x_wconf 78' lang='lat' dir='ltr'><strong>monarchia:</strong></span> <span class='ocrx_word' id='word_1_563' title='bbox 794 3960 1325 4031; x_wconf 10' lang='lat' dir='ltr'><strong>dogmafservamus,</strong></span> <span class='ocrx_word' id='word_1_564' title='bbox 1373 3960 1464 4031; x_wconf 73' lang='lat' dir='ltr'><strong>ubi</strong></span> <span class='ocrx_word' id='word_1_565' title='bbox 1504 3969 1553 4014; x_wconf 82' lang='lat' dir='ltr'><strong>et</strong></span> <span class='ocrx_word' id='word_1_566' title='bbox 1597 3975 1800 4026; x_wconf 85' lang='lat' dir='ltr'><strong>eorum,</strong></span> <span class='ocrx_word' id='word_1_567' title='bbox 1842 3961 1932 4018; x_wconf 79' lang='lat' dir='ltr'><strong>aui</strong></span> 
     </span>
    </p>
   </div>
   <div class='ocr_carea' id='block_1_80' title="bbox 427 4030 1624 4100">
    <p class='ocr_par' dir='ltr' id='par_1_80' title="bbox 427 4030 1624 4100">
     <span class='ocr_line' id='line_1_80' title="bbox 427 4030 1624 4100; baseline -0.003 -14"><span class='ocrx_word' id='word_1_568' title='bbox 427 4034 606 4098; x_wconf 76' lang='lat' dir='ltr'><strong>dicunt</strong></span> <span class='ocrx_word' id='word_1_569' title='bbox 642 4030 903 4100; x_wconf 68' lang='lat' dir='ltr'><strong>Spiritum</strong></span> <span class='ocrx_word' id='word_1_570' title='bbox 930 4030 1324 4096; x_wconf 72' lang='lat' dir='ltr'><strong>subnumerari,</strong></span> <span class='ocrx_word' id='word_1_571' title='bbox 1349 4030 1624 4097; x_wconf 76' lang='lat' dir='ltr'><strong>refutatio.</strong></span> 
     </span>
    </p>
   </div>
   <div class='ocr_carea' id='block_1_81' title="bbox 441 4209 1940 4282">
    <p class='ocr_par' dir='ltr' id='par_1_81' title="bbox 441 4209 1940 4282">
     <span class='ocr_line' id='line_1_81' title="bbox 441 4209 1940 4282; baseline 0.001 -18"><span class='ocrx_word' id='word_1_572' title='bbox 441 4209 533 4265; x_wconf 71' lang='grc'><strong>44.</strong></span> <span class='ocrx_word' id='word_1_573' title='bbox 571 4209 707 4264; x_wconf 88' lang='lat' dir='ltr'><strong>Cum</strong></span> <span class='ocrx_word' id='word_1_574' title='bbox 740 4209 957 4265; x_wconf 81' lang='lat' dir='ltr'><strong>Patrem</strong></span> <span class='ocrx_word' id='word_1_575' title='bbox 988 4217 1043 4266; x_wconf 88' lang='lat' dir='ltr'><strong>et</strong></span> <span class='ocrx_word' id='word_1_576' title='bbox 1065 4209 1263 4265; x_wconf 90' lang='lat' dir='ltr'><strong>Filium</strong></span> <span class='ocrx_word' id='word_1_577' title='bbox 1288 4219 1344 4267; x_wconf 89' lang='lat' dir='ltr'><strong>et</strong></span> <span class='ocrx_word' id='word_1_578' title='bbox 1379 4209 1642 4282; x_wconf 89' lang='lat' dir='ltr'><strong>Spiritum</strong></span> <span class='ocrx_word' id='word_1_579' title='bbox 1689 4221 1940 4268; x_wconf 87' lang='lat' dir='ltr'><strong>sanctum</strong></span> 
     </span>
    </p>
   </div>
   <div class='ocr_carea' id='block_1_82' title="bbox 360 4301 1936 4367">
    <p class='ocr_par' dir='ltr' id='par_1_82' title="bbox 360 4301 1936 4367">
     <span class='ocr_line' id='line_1_82' title="bbox 360 4301 1936 4367; baseline 0 -9"><span class='ocrx_word' id='word_1_580' title='bbox 360 4303 600 4358; x_wconf 83' lang='lat' dir='ltr'><strong>traderet</strong></span> <span class='ocrx_word' id='word_1_581' title='bbox 622 4301 906 4367; x_wconf 90' lang='lat' dir='ltr'><strong>Dominus,</strong></span> <span class='ocrx_word' id='word_1_582' title='bbox 922 4319 1032 4359; x_wconf 92' lang='lat' dir='ltr'><strong>non</strong></span> <span class='ocrx_word' id='word_1_583' title='bbox 1056 4318 1179 4359; x_wconf 89' lang='lat' dir='ltr'><strong>cum</strong></span> <span class='ocrx_word' id='word_1_584' title='bbox 1196 4317 1424 4360; x_wconf 88' lang='lat' dir='ltr'><strong>numero</strong></span> <span class='ocrx_word' id='word_1_585' title='bbox 1443 4303 1607 4359; x_wconf 90' lang='lat' dir='ltr'><strong>simul</strong></span> <span class='ocrx_word' id='word_1_586' title='bbox 1634 4302 1936 4358; x_wconf 73' lang='lat' dir='ltr'><strong>tradidit”.</strong></span> 
     </span>
    </p>
   </div>
   <div class='ocr_carea' id='block_1_83' title="bbox 2543 3766 3062 3821">
    <p class='ocr_par' dir='ltr' id='par_1_83' title="bbox 2543 3766 3062 3821">
     <span class='ocr_line' id='line_1_83' title="bbox 2543 3766 3062 3821; baseline 0 -1"><span class='ocrx_word' id='word_1_587' title='bbox 2543 3767 2937 3821; x_wconf 78' lang='grc' dir='ltr'><strong>ΚΕΦΑΛΑΙΟΝ</strong></span> <span class='ocrx_word' id='word_1_588' title='bbox 2976 3766 3062 3820; x_wconf 83' lang='lat' dir='ltr'><strong>IH&#39;</strong></span> 
     </span>
    </p>
   </div>
   <div class='ocr_carea' id='block_1_84' title="bbox 2036 3881 3604 3964">
    <p class='ocr_par' dir='ltr' id='par_1_84' title="bbox 2036 3881 3604 3964">
     <span class='ocr_line' id='line_1_84' title="bbox 2036 3881 3604 3964; baseline -0.003 -24"><span class='ocrx_word' id='word_1_589' title='bbox 2036 3884 2168 3964; x_wconf 75' lang='grc' dir='ltr'>Πῶς</span> <span class='ocrx_word' id='word_1_590' title='bbox 2193 3883 2366 3964; x_wconf 44' lang='grc' dir='ltr'><strong>ἐν’-ζῇ</strong></span> <span class='ocrx_word' id='word_1_591' title='bbox 2411 3884 2698 3964; x_wconf 71' lang='grc' dir='ltr'>ὁμολογίᾳ</span> <span class='ocrx_word' id='word_1_592' title='bbox 2740 3881 2860 3964; x_wconf 74' lang='grc' dir='ltr'><strong>τῷν</strong></span> <span class='ocrx_word' id='word_1_593' title='bbox 2878 3881 3054 3964; x_wconf 38' lang='grc' dir='ltr'><strong>ξριιῶν</strong></span> <span class='ocrx_word' id='word_1_594' title='bbox 3101 3881 3499 3964; x_wconf 64' lang='grc' dir='ltr'>ξιποστάςεων</span> <span class='ocrx_word' id='word_1_595' title='bbox 3533 3882 3604 3964; x_wconf 57' lang='grc' dir='ltr'>τὸ</span> 
     </span>
    </p>
   </div>
   <div class='ocr_carea' id='block_1_85' title="bbox 2107 3952 3608 4022">
    <p class='ocr_par' dir='ltr' id='par_1_85' title="bbox 2107 3952 3608 4022">
     <span class='ocr_line' id='line_1_85' title="bbox 2107 3952 3608 4022; baseline -0.002 -13"><span class='ocrx_word' id='word_1_596' title='bbox 2107 3952 2362 4022; x_wconf 62' lang='grc' dir='ltr'>εὐσεϐὲς</span> <span class='ocrx_word' id='word_1_597' title='bbox 2389 3952 2502 4021; x_wconf 80' lang='grc' dir='ltr'>τῆς</span> <span class='ocrx_word' id='word_1_598' title='bbox 2527 3953 2860 4022; x_wconf 70' lang='grc' dir='ltr'>μοναρχίας</span> <span class='ocrx_word' id='word_1_599' title='bbox 2881 3952 3070 4022; x_wconf 78' lang='grc' dir='ltr'>δόγμα</span> <span class='ocrx_word' id='word_1_600' title='bbox 3093 3952 3506 4022; x_wconf 75' lang='grc' dir='ltr'>διατηροῦμεν,</span> <span class='ocrx_word' id='word_1_601' title='bbox 3533 3953 3608 4006; x_wconf 70' lang='grc' dir='ltr'><strong>ὲν</strong></span> 
     </span>
    </p>
   </div>
   <div class='ocr_carea' id='block_1_86' title="bbox 2105 4020 3608 4095">
    <p class='ocr_par' dir='ltr' id='par_1_86' title="bbox 2105 4020 3608 4095">
     <span class='ocr_line' id='line_1_86' title="bbox 2105 4020 3608 4095; baseline -0.002 -16"><span class='ocrx_word' id='word_1_602' title='bbox 2105 4020 2153 4091; x_wconf 84' lang='grc' dir='ltr'>ᾧ</span> <span class='ocrx_word' id='word_1_603' title='bbox 2177 4026 2276 4079; x_wconf 78' lang='grc' dir='ltr'>καὶ</span> <span class='ocrx_word' id='word_1_604' title='bbox 2325 4020 2357 4078; x_wconf 74' lang='grc' dir='ltr'><em>ὃ</em></span> <span class='ocrx_word' id='word_1_605' title='bbox 2400 4020 2510 4095; x_wconf 75' lang='lat'><strong>(39)</strong></span> <span class='ocrx_word' id='word_1_606' title='bbox 2531 4020 2700 4095; x_wconf 44' lang='grc' dir='ltr'>⁷κατᾲ</span> <span class='ocrx_word' id='word_1_607' title='bbox 2746 4021 2865 4076; x_wconf 80' lang='grc' dir='ltr'><strong>τῶν</strong></span> <span class='ocrx_word' id='word_1_608' title='bbox 2897 4020 2970 4075; x_wconf 70' lang='grc' dir='ltr'>τὸ</span> <span class='ocrx_word' id='word_1_609' title='bbox 2989 4020 3240 4092; x_wconf 54' lang='grc' dir='ltr'>’Πνεῦμα</span> <span class='ocrx_word' id='word_1_610' title='bbox 3264 4020 3608 4093; x_wconf 51' lang='lat' dir='ltr'><strong>emptam:-</strong></span> 
     </span>
    </p>
   </div>
   <div class='ocr_carea' id='block_1_87' title="bbox 2105 4091 2929 4164">
    <p class='ocr_par' dir='ltr' id='par_1_87' title="bbox 2105 4091 2929 4164">
     <span class='ocr_line' id='line_1_87' title="bbox 2105 4091 2929 4164; baseline -0.007 -13"><span class='ocrx_word' id='word_1_611' title='bbox 2105 4100 2247 4151; x_wconf 82' lang='grc' dir='ltr'>σθαι</span> <span class='ocrx_word' id='word_1_612' title='bbox 2273 4091 2632 4164; x_wconf 62' lang='grc' dir='ltr'>φασκόντων</span> <span class='ocrx_word' id='word_1_613' title='bbox 2659 4091 2929 4162; x_wconf 77' lang='grc' dir='ltr'>ἐλεγχος.</span> 
     </span>
    </p>
   </div>
   <div class='ocr_carea' id='block_1_88' title="bbox 2105 4207 3606 4280">
    <p class='ocr_par' dir='ltr' id='par_1_88' title="bbox 2105 4207 3606 4280">
     <span class='ocr_line' id='line_1_88' title="bbox 2105 4207 3606 4280; baseline -0.003 -15"><span class='ocrx_word' id='word_1_614' title='bbox 2105 4211 2193 4265; x_wconf 70' lang='grc'><strong>44.</strong></span> <span class='ocrx_word' id='word_1_615' title='bbox 2225 4210 2446 4280; x_wconf 85' lang='grc' dir='ltr'>Πατέρα</span> <span class='ocrx_word' id='word_1_616' title='bbox 2470 4209 2565 4263; x_wconf 73' lang='grc' dir='ltr'>καὶ</span> <span class='ocrx_word' id='word_1_617' title='bbox 2584 4208 2712 4262; x_wconf 83' lang='grc' dir='ltr'>Υίὸν</span> <span class='ocrx_word' id='word_1_618' title='bbox 2733 4209 2828 4262; x_wconf 77' lang='grc' dir='ltr'>καὶ</span> <span class='ocrx_word' id='word_1_619' title='bbox 2847 4208 2999 4276; x_wconf 75' lang='grc' dir='ltr'>ἅγιον</span> <span class='ocrx_word' id='word_1_620' title='bbox 3026 4207 3249 4278; x_wconf 88' lang='grc' dir='ltr'>Πνεῦμα</span> <span class='ocrx_word' id='word_1_621' title='bbox 3278 4207 3606 4279; x_wconf 77' lang='grc' dir='ltr'>παραδιδοὺς</span> 
     </span>
    </p>
   </div>
   <div class='ocr_carea' id='block_1_89' title="bbox 2037 4299 3608 4376">
    <p class='ocr_par' dir='ltr' id='par_1_89' title="bbox 2037 4299 3608 4376">
     <span class='ocr_line' id='line_1_89' title="bbox 2037 4299 3608 4376; baseline -0.004 -18"><span class='ocrx_word' id='word_1_622' title='bbox 2037 4306 2065 4358; x_wconf 85' lang='grc' dir='ltr'><strong>ὁ</strong></span> <span class='ocrx_word' id='word_1_623' title='bbox 2095 4304 2321 4376; x_wconf 80' lang='grc' dir='ltr'>Κύριος,</span> <span class='ocrx_word' id='word_1_624' title='bbox 2351 4303 2413 4356; x_wconf 84' lang='grc' dir='ltr'>οὐ</span> <span class='ocrx_word' id='word_1_625' title='bbox 2440 4302 2580 4374; x_wconf 82' lang='grc' dir='ltr'>μετὰ</span> <span class='ocrx_word' id='word_1_626' title='bbox 2600 4301 2692 4356; x_wconf 90' lang='grc' dir='ltr'><strong>τοῦ</strong></span> <span class='ocrx_word' id='word_1_627' title='bbox 2731 4299 2964 4373; x_wconf 86' lang='grc' dir='ltr'>ἀριθμοῦ</span> <span class='ocrx_word' id='word_1_628' title='bbox 2998 4299 3375 4365; x_wconf 84' lang='grc' dir='ltr'>συνεξέδωκεν.</span> <span class='ocrx_word' id='word_1_629' title='bbox 3397 4301 3472 4353; x_wconf 83' lang='grc' dir='ltr'><strong>Οὐ</strong></span> <span class='ocrx_word' id='word_1_630' title='bbox 3496 4299 3608 4373; x_wconf 69' lang='grc' dir='ltr'><strong>γὰρ</strong></span> 
     </span>
    </p>
   </div>
   <div class='ocr_carea' id='block_1_90' title="bbox 359 4389 1925 4472">
    <p class='ocr_par' dir='ltr' id='par_1_90' title="bbox 359 4392 1925 4466">
     <span class='ocr_line' id='line_1_90' title="bbox 359 4392 1925 4466; baseline 0.001 -18"><span class='ocrx_word' id='word_1_631' title='bbox 359 4393 481 4450; x_wconf 83' lang='lat' dir='ltr'><strong>Non</strong></span> <span class='ocrx_word' id='word_1_632' title='bbox 521 4392 667 4448; x_wconf 89' lang='lat' dir='ltr'><strong>enim</strong></span> <span class='ocrx_word' id='word_1_633' title='bbox 717 4392 874 4458; x_wconf 82' lang='lat' dir='ltr'><strong>dixit,</strong></span> <span class='ocrx_word' id='word_1_634' title='bbox 913 4392 974 4449; x_wconf 87' lang='lat' dir='ltr'><strong>In</strong></span> <span class='ocrx_word' id='word_1_635' title='bbox 1012 4395 1248 4466; x_wconf 87' lang='lat' dir='ltr'><strong>primum</strong></span> <span class='ocrx_word' id='word_1_636' title='bbox 1289 4402 1345 4450; x_wconf 84' lang='lat' dir='ltr'><strong>et</strong></span> <span class='ocrx_word' id='word_1_637' title='bbox 1389 4395 1691 4450; x_wconf 89' lang='lat' dir='ltr'><strong>secundum</strong></span> <span class='ocrx_word' id='word_1_638' title='bbox 1732 4403 1787 4450; x_wconf 91' lang='lat' dir='ltr'><strong>et</strong></span> <span class='ocrx_word' id='word_1_639' title='bbox 1825 4403 1925 4451; x_wconf 16' lang='lat' dir='ltr'><strong>terr</strong></span> 
     </span>
    </p>
   </div>
   <div class='ocr_carea' id='block_1_91' title="bbox 2033 4389 3608 4472">
    <p class='ocr_par' dir='ltr' id='par_1_91' title="bbox 2041 4389 3608 4466">
     <span class='ocr_line' id='line_1_91' title="bbox 2041 4389 3608 4466; baseline -0.004 -18"><span class='ocrx_word' id='word_1_640' title='bbox 2041 4392 2214 4462; x_wconf 74' lang='grc' dir='ltr'>εἶπεν,</span> <span class='ocrx_word' id='word_1_641' title='bbox 2246 4395 2328 4449; x_wconf 85' lang='grc' dir='ltr'>ὅτι</span> <span class='ocrx_word' id='word_1_642' title='bbox 2363 4393 2460 4457; x_wconf 88' lang='grc' dir='ltr'>Είς</span> <span class='ocrx_word' id='word_1_643' title='bbox 2487 4392 2701 4466; x_wconf 86' lang='grc' dir='ltr'>πρῶτον</span> <span class='ocrx_word' id='word_1_644' title='bbox 2722 4393 2816 4445; x_wconf 75' lang='grc' dir='ltr'>καὶ</span> <span class='ocrx_word' id='word_1_645' title='bbox 2830 4391 3078 4462; x_wconf 85' lang='grc' dir='ltr'>δεύτερον</span> <span class='ocrx_word' id='word_1_646' title='bbox 3106 4391 3202 4443; x_wconf 77' lang='grc' dir='ltr'>καὶ</span> <span class='ocrx_word' id='word_1_647' title='bbox 3226 4390 3428 4461; x_wconf 88' lang='grc' dir='ltr'>τρίτον,</span> <span class='ocrx_word' id='word_1_648' title='bbox 3459 4389 3608 4457; x_wconf 78' lang='grc' dir='ltr'>οὐδὲ,</span> 
     </span>
    </p>
   </div>
   <div class='ocr_carea' id='block_1_92' title="bbox 360 4485 1936 4560">
    <p class='ocr_par' dir='ltr' id='par_1_92' title="bbox 360 4485 1936 4560">
     <span class='ocr_line' id='line_1_92' title="bbox 360 4485 1936 4560; baseline 0.001 -20"><span class='ocrx_word' id='word_1_649' title='bbox 360 4487 520 4550; x_wconf 90' lang='lat' dir='ltr'><strong>tium,</strong></span> <span class='ocrx_word' id='word_1_650' title='bbox 544 4499 742 4555; x_wconf 89' lang='lat' dir='ltr'><strong>neque,</strong></span> <span class='ocrx_word' id='word_1_651' title='bbox 776 4485 835 4540; x_wconf 92' lang='lat' dir='ltr'><strong>In</strong></span> <span class='ocrx_word' id='word_1_652' title='bbox 867 4502 1036 4540; x_wconf 90' lang='lat' dir='ltr'><strong>unum</strong></span> <span class='ocrx_word' id='word_1_653' title='bbox 1068 4495 1122 4543; x_wconf 92' lang='lat' dir='ltr'><strong>et</strong></span> <span class='ocrx_word' id='word_1_654' title='bbox 1152 4487 1261 4542; x_wconf 94' lang='lat' dir='ltr'><strong>duo</strong></span> <span class='ocrx_word' id='word_1_655' title='bbox 1280 4495 1336 4544; x_wconf 86' lang='lat' dir='ltr'><strong>et</strong></span> <span class='ocrx_word' id='word_1_656' title='bbox 1366 4488 1472 4542; x_wconf 92' lang='lat' dir='ltr'><strong>tria</strong></span> <span class='ocrx_word' id='word_1_657' title='bbox 1503 4507 1517 4542; x_wconf 92' lang='lat'><strong>:</strong></span> <span class='ocrx_word' id='word_1_658' title='bbox 1555 4487 1651 4543; x_wconf 91' lang='lat' dir='ltr'><strong>sed</strong></span> <span class='ocrx_word' id='word_1_659' title='bbox 1678 4503 1776 4560; x_wconf 90' lang='lat' dir='ltr'><strong>per</strong></span> <span class='ocrx_word' id='word_1_660' title='bbox 1807 4503 1936 4543; x_wconf 88' lang='lat' dir='ltr'><strong>san-</strong></span> 
     </span>
    </p>
   </div>
   <div class='ocr_carea' id='block_1_93' title="bbox 358 4577 1935 4653">
    <p class='ocr_par' dir='ltr' id='par_1_93' title="bbox 358 4577 1935 4653">
     <span class='ocr_line' id='line_1_93' title="bbox 358 4577 1935 4653; baseline 0.003 -21"><span class='ocrx_word' id='word_1_661' title='bbox 358 4584 450 4632; x_wconf 91' lang='lat' dir='ltr'><strong>cta</strong></span> <span class='ocrx_word' id='word_1_662' title='bbox 503 4577 726 4631; x_wconf 81' lang='lat' dir='ltr'><strong>nomina</strong></span> <span class='ocrx_word' id='word_1_663' title='bbox 780 4577 1149 4648; x_wconf 83' lang='lat' dir='ltr'><strong>cognitionem</strong></span> <span class='ocrx_word' id='word_1_664' title='bbox 1197 4579 1321 4636; x_wconf 84' lang='lat' dir='ltr'><strong>ﬁdei</strong></span> <span class='ocrx_word' id='word_1_665' title='bbox 1356 4582 1426 4637; x_wconf 89' lang='lat' dir='ltr'><strong>ad</strong></span> <span class='ocrx_word' id='word_1_666' title='bbox 1467 4583 1696 4638; x_wconf 90' lang='lat' dir='ltr'><strong>salutem</strong></span> <span class='ocrx_word' id='word_1_667' title='bbox 1735 4583 1935 4653; x_wconf 87' lang='lat' dir='ltr'><strong>perdu-</strong></span> 
     </span>
    </p>
   </div>
   <div class='ocr_carea' id='block_1_94' title="bbox 359 4673 1934 4746">
    <p class='ocr_par' dir='ltr' id='par_1_94' title="bbox 359 4673 1934 4746">
     <span class='ocr_line' id='line_1_94' title="bbox 359 4673 1934 4746; baseline 0.003 -20"><span class='ocrx_word' id='word_1_668' title='bbox 359 4673 537 4731; x_wconf 87' lang='lat' dir='ltr'><strong>centis</strong></span> <span class='ocrx_word' id='word_1_669' title='bbox 582 4674 812 4745; x_wconf 88' lang='lat' dir='ltr'><strong>largitus</strong></span> <span class='ocrx_word' id='word_1_670' title='bbox 859 4683 963 4730; x_wconf 88' lang='lat' dir='ltr'><strong>est.</strong></span> <span class='ocrx_word' id='word_1_671' title='bbox 1014 4674 1195 4741; x_wconf 89' lang='lat' dir='ltr'><strong>Quare</strong></span> <span class='ocrx_word' id='word_1_672' title='bbox 1241 4674 1388 4746; x_wconf 90' lang='lat' dir='ltr'><strong>quod</strong></span> <span class='ocrx_word' id='word_1_673' title='bbox 1417 4691 1519 4732; x_wconf 92' lang='lat' dir='ltr'><strong>nos</strong></span> <span class='ocrx_word' id='word_1_674' title='bbox 1559 4675 1742 4732; x_wconf 88' lang='lat' dir='ltr'><strong>salvos</strong></span> <span class='ocrx_word' id='word_1_675' title='bbox 1781 4676 1934 4739; x_wconf 84' lang='lat' dir='ltr'><strong>facit,</strong></span> 
     </span>
    </p>
   </div>
   <div class='ocr_carea' id='block_1_95' title="bbox 363 4764 1936 4838">
    <p class='ocr_par' dir='ltr' id='par_1_95' title="bbox 363 4764 1936 4838">
     <span class='ocr_line' id='line_1_95' title="bbox 363 4764 1936 4838; baseline 0.003 -20"><span class='ocrx_word' id='word_1_676' title='bbox 363 4764 498 4821; x_wconf 83' lang='lat' dir='ltr'><strong>ﬁdes</strong></span> <span class='ocrx_word' id='word_1_677' title='bbox 530 4774 637 4822; x_wconf 88' lang='lat' dir='ltr'><strong>est.</strong></span> <span class='ocrx_word' id='word_1_678' title='bbox 678 4765 957 4823; x_wconf 85' lang='lat' dir='ltr'><strong>Numerus</strong></span> <span class='ocrx_word' id='word_1_679' title='bbox 1007 4782 1158 4831; x_wconf 84' lang='lat' dir='ltr'><strong>vero,</strong></span> <span class='ocrx_word' id='word_1_680' title='bbox 1189 4767 1406 4837; x_wconf 84' lang='lat' dir='ltr'><strong>signum</strong></span> <span class='ocrx_word' id='word_1_681' title='bbox 1461 4766 1751 4825; x_wconf 89' lang='lat' dir='ltr'><strong>declarans</strong></span> <span class='ocrx_word' id='word_1_682' title='bbox 1802 4778 1936 4838; x_wconf 90' lang='lat' dir='ltr'><strong>quot</strong></span> 
     </span>
    </p>
   </div>
   <div class='ocr_carea' id='block_1_96' title="bbox 351 4857 1935 4931">
    <p class='ocr_par' dir='ltr' id='par_1_96' title="bbox 351 4857 1935 4931">
     <span class='ocr_line' id='line_1_96' title="bbox 351 4857 1935 4931; baseline 0.001 -17"><span class='ocrx_word' id='word_1_683' title='bbox 351 4859 476 4914; x_wconf 79' lang='lat' dir='ltr'><strong>sint</strong></span> <span class='ocrx_word' id='word_1_684' title='bbox 507 4859 818 4931; x_wconf 87' lang='lat' dir='ltr'><strong>supposita.</strong></span> <span class='ocrx_word' id='word_1_685' title='bbox 859 4860 1202 4931; x_wconf 82' lang='lat' dir='ltr'><strong>cxcogitatus</strong></span> <span class='ocrx_word' id='word_1_686' title='bbox 1243 4867 1346 4915; x_wconf 88' lang='lat' dir='ltr'><strong>est.</strong></span> <span class='ocrx_word' id='word_1_687' title='bbox 1392 4857 1501 4916; x_wconf 88' lang='lat' dir='ltr'><strong>Sed</strong></span> <span class='ocrx_word' id='word_1_688' title='bbox 1528 4861 1623 4931; x_wconf 93' lang='lat' dir='ltr'><strong>qui</strong></span> <span class='ocrx_word' id='word_1_689' title='bbox 1655 4861 1935 4917; x_wconf 88' lang='lat' dir='ltr'><strong>undelibet</strong></span> 
     </span>
    </p>
   </div>
   <div class='ocr_carea' id='block_1_97' title="bbox 360 4952 1935 5024">
    <p class='ocr_par' dir='ltr' id='par_1_97' title="bbox 360 4952 1935 5024">
     <span class='ocr_line' id='line_1_97' title="bbox 360 4952 1935 5024; baseline 0.001 -18"><span class='ocrx_word' id='word_1_690' title='bbox 360 4952 470 5007; x_wconf 88' lang='lat' dir='ltr'><strong>sibi</strong></span> <span class='ocrx_word' id='word_1_691' title='bbox 508 4953 647 5024; x_wconf 87' lang='lat' dir='ltr'><strong>ipsis</strong></span> <span class='ocrx_word' id='word_1_692' title='bbox 681 4968 858 5010; x_wconf 77' lang='lat' dir='ltr'><strong>noxas</strong></span> <span class='ocrx_word' id='word_1_693' title='bbox 887 4952 1248 5015; x_wconf 87' lang='lat' dir='ltr'><strong>contrahunt,</strong></span> <span class='ocrx_word' id='word_1_694' title='bbox 1280 4952 1447 5008; x_wconf 90' lang='lat' dir='ltr'><strong>etiam</strong></span> <span class='ocrx_word' id='word_1_695' title='bbox 1494 4953 1818 5008; x_wconf 90' lang='lat' dir='ltr'><strong>numerandi</strong></span> <span class='ocrx_word' id='word_1_696' title='bbox 1853 4953 1935 5007; x_wconf 81' lang='lat' dir='ltr'><strong>fa-</strong></span> 
     </span>
    </p>
   </div>
   <div class='ocr_carea' id='block_1_98' title="bbox 361 5040 1932 5114">
    <p class='ocr_par' dir='ltr' id='par_1_98' title="bbox 361 5040 1932 5114">
     <span class='ocr_line' id='line_1_98' title="bbox 361 5040 1932 5114; baseline -0.003 -17"><span class='ocrx_word' id='word_1_697' title='bbox 361 5043 566 5098; x_wconf 91' lang='lat' dir='ltr'><strong>cultate</strong></span> <span class='ocrx_word' id='word_1_698' title='bbox 613 5042 878 5098; x_wconf 77' lang='lat' dir='ltr'><strong>adversus</strong></span> <span class='ocrx_word' id='word_1_699' title='bbox 933 5041 1093 5096; x_wconf 83' lang='lat' dir='ltr'><strong>ﬁdem</strong></span> <span class='ocrx_word' id='word_1_700' title='bbox 1153 5042 1454 5114; x_wconf 75' lang='lat' dir='ltr'><strong>abutuntur</strong></span> <span class='ocrx_word' id='word_1_701' title='bbox 1509 5061 1522 5096; x_wconf 93' lang='lat'>:</span> <span class='ocrx_word' id='word_1_702' title='bbox 1575 5042 1667 5111; x_wconf 91' lang='lat' dir='ltr'><strong>qui</strong></span> <span class='ocrx_word' id='word_1_703' title='bbox 1713 5040 1932 5112; x_wconf 86' lang='lat' dir='ltr'><strong>quidem</strong></span> 
     </span>
    </p>
   </div>
   <div class='ocr_carea' id='block_1_99' title="bbox 432 5197 1381 5263">
    <p class='ocr_par' dir='ltr' id='par_1_99' title="bbox 432 5197 1381 5263">
     <span class='ocr_line' id='line_1_99' title="bbox 432 5197 1381 5263; baseline 0 -11"><span class='ocrx_word' id='word_1_704' title='bbox 432 5201 476 5230; x_wconf 84' lang='lat'><strong>&quot;’</strong></span> <span class='ocrx_word' id='word_1_705' title='bbox 510 5197 703 5254; x_wconf 80' lang='lat' dir='ltr'><strong>Matth.</strong></span> <span class='ocrx_word' id='word_1_706' title='bbox 744 5214 939 5263; x_wconf 76' lang='lat' dir='ltr'><strong>xxvm,</strong></span> <span class='ocrx_word' id='word_1_707' title='bbox 973 5197 1061 5252; x_wconf 75' lang='grc'><strong>19.</strong></span> <span class='ocrx_word' id='word_1_708' title='bbox 1162 5198 1208 5229; x_wconf 81' lang='grc'><strong>⁸⁰</strong></span> <span class='ocrx_word' id='word_1_709' title='bbox 1247 5198 1381 5254; x_wconf 84' lang='lat' dir='ltr'><strong>ibid.</strong></span> 
     </span>
    </p>
   </div>
   <div class='ocr_carea' id='block_1_100' title="bbox 2039 4481 3611 4556">
    <p class='ocr_par' dir='ltr' id='par_1_100' title="bbox 2039 4481 3611 4556">
     <span class='ocr_line' id='line_1_100' title="bbox 2039 4481 3611 4556; baseline -0.003 -15"><span class='ocrx_word' id='word_1_710' title='bbox 2039 4489 2134 4552; x_wconf 87' lang='grc' dir='ltr'>Είς</span> <span class='ocrx_word' id='word_1_711' title='bbox 2161 4487 2220 4542; x_wconf 79' lang='grc' dir='ltr'>ἓν</span> <span class='ocrx_word' id='word_1_712' title='bbox 2263 4487 2358 4540; x_wconf 79' lang='grc' dir='ltr'>καὶ</span> <span class='ocrx_word' id='word_1_713' title='bbox 2389 4485 2484 4540; x_wconf 82' lang='grc' dir='ltr'>δύο</span> <span class='ocrx_word' id='word_1_714' title='bbox 2527 4485 2624 4540; x_wconf 76' lang='grc' dir='ltr'>καὶ</span> <span class='ocrx_word' id='word_1_715' title='bbox 2672 4484 2830 4556; x_wconf 80' lang='grc' dir='ltr'>τρία’</span> <span class='ocrx_word' id='word_1_716' title='bbox 2871 4483 3006 4537; x_wconf 85' lang='grc' dir='ltr'>ἀλλὰ</span> <span class='ocrx_word' id='word_1_717' title='bbox 3041 4482 3106 4535; x_wconf 91' lang='grc' dir='ltr'><strong>δι’</strong></span> <span class='ocrx_word' id='word_1_718' title='bbox 3131 4482 3407 4550; x_wconf 86' lang='grc' dir='ltr'>ὀνομάτων</span> <span class='ocrx_word' id='word_1_719' title='bbox 3435 4481 3611 4550; x_wconf 85' lang='grc' dir='ltr'>ἁγίων</span> 
     </span>
    </p>
   </div>
   <div class='ocr_carea' id='block_1_101' title="bbox 2035 4573 3612 4652">
    <p class='ocr_par' dir='ltr' id='par_1_101' title="bbox 2035 4573 3612 4652">
     <span class='ocr_line' id='line_1_101' title="bbox 2035 4573 3612 4652; baseline -0.006 -17"><span class='ocrx_word' id='word_1_720' title='bbox 2035 4580 2134 4652; x_wconf 84' lang='grc' dir='ltr'>τὴν</span> <span class='ocrx_word' id='word_1_721' title='bbox 2185 4579 2387 4649; x_wconf 85' lang='grc' dir='ltr'>γνῶσιν</span> <span class='ocrx_word' id='word_1_722' title='bbox 2429 4578 2529 4649; x_wconf 84' lang='grc' dir='ltr'>τῆς</span> <span class='ocrx_word' id='word_1_723' title='bbox 2578 4577 2715 4649; x_wconf 82' lang='grc' dir='ltr'>πρὸς</span> <span class='ocrx_word' id='word_1_724' title='bbox 2765 4575 3034 4646; x_wconf 79' lang='grc' dir='ltr'>σωτηρίαν</span> <span class='ocrx_word' id='word_1_725' title='bbox 3076 4573 3316 4644; x_wconf 83' lang='grc' dir='ltr'>ἀγούσης</span> <span class='ocrx_word' id='word_1_726' title='bbox 3373 4573 3612 4638; x_wconf 73' lang='grc' dir='ltr'>πίπεως</span> 
     </span>
    </p>
   </div>
   <div class='ocr_carea' id='block_1_102' title="bbox 2042 4665 3606 4742">
    <p class='ocr_par' dir='ltr' id='par_1_102' title="bbox 2042 4665 3606 4742">
     <span class='ocr_line' id='line_1_102' title="bbox 2042 4665 3606 4742; baseline -0.005 -18"><span class='ocrx_word' id='word_1_727' title='bbox 2042 4671 2352 4742; x_wconf 78' lang='grc' dir='ltr'>ἐχαρίσατο.</span> <span class='ocrx_word' id='word_1_728' title='bbox 2378 4671 2540 4723; x_wconf 85' lang='grc' dir='ltr'>Ὥστε</span> <span class='ocrx_word' id='word_1_729' title='bbox 2567 4669 2626 4722; x_wconf 77' lang='grc' dir='ltr'><strong>τὺ</strong></span> <span class='ocrx_word' id='word_1_730' title='bbox 2653 4669 2753 4740; x_wconf 85' lang='grc' dir='ltr'>μὲν</span> <span class='ocrx_word' id='word_1_731' title='bbox 2788 4666 2958 4731; x_wconf 79' lang='grc' dir='ltr'>σῶζον</span> <span class='ocrx_word' id='word_1_732' title='bbox 2988 4669 3136 4737; x_wconf 83' lang='grc' dir='ltr'>ἡμᾶς</span> <span class='ocrx_word' id='word_1_733' title='bbox 3160 4667 3194 4736; x_wconf 83' lang='grc' dir='ltr'><strong>ἡ</strong></span> <span class='ocrx_word' id='word_1_734' title='bbox 3220 4665 3400 4729; x_wconf 86' lang='grc' dir='ltr'>πίστις</span> <span class='ocrx_word' id='word_1_735' title='bbox 3425 4665 3573 4718; x_wconf 78' lang='grc' dir='ltr'>ἐστίν</span> <span class='ocrx_word' id='word_1_736' title='bbox 3594 4682 3606 4694; x_wconf 90' lang='grc'><strong>·</strong></span> 
     </span>
    </p>
   </div>
   <div class='ocr_carea' id='block_1_103' title="bbox 2035 4756 3614 4833">
    <p class='ocr_par' dir='ltr' id='par_1_103' title="bbox 2035 4756 3614 4833">
     <span class='ocr_line' id='line_1_103' title="bbox 2035 4756 3614 4833; baseline -0.001 -21"><span class='ocrx_word' id='word_1_737' title='bbox 2035 4762 2066 4812; x_wconf 86' lang='grc' dir='ltr'>ὁ</span> <span class='ocrx_word' id='word_1_738' title='bbox 2111 4761 2169 4814; x_wconf 85' lang='grc' dir='ltr'>δὲ</span> <span class='ocrx_word' id='word_1_739' title='bbox 2222 4760 2458 4833; x_wconf 85' lang='grc' dir='ltr'>άριθμδς</span> <span class='ocrx_word' id='word_1_740' title='bbox 2510 4763 2732 4831; x_wconf 82' lang='grc' dir='ltr'>σημεῖον</span> <span class='ocrx_word' id='word_1_741' title='bbox 2763 4757 3120 4829; x_wconf 79' lang='grc' dir='ltr'>γνωριστικδν</span> <span class='ocrx_word' id='word_1_742' title='bbox 3163 4756 3259 4810; x_wconf 92' lang='grc' dir='ltr'><strong>τοῦ</strong></span> <span class='ocrx_word' id='word_1_743' title='bbox 3292 4757 3459 4810; x_wconf 92' lang='grc' dir='ltr'>ποσοῦ</span> <span class='ocrx_word' id='word_1_744' title='bbox 3499 4756 3614 4810; x_wconf 87' lang='grc' dir='ltr'><strong>τῶν</strong></span> 
     </span>
    </p>
   </div>
   <div class='ocr_carea' id='block_1_104' title="bbox 2044 4851 3616 4926">
    <p class='ocr_par' dir='ltr' id='par_1_104' title="bbox 2044 4851 3616 4926">
     <span class='ocr_line' id='line_1_104' title="bbox 2044 4851 3616 4926; baseline -0.003 -19"><span class='ocrx_word' id='word_1_745' title='bbox 2044 4853 2420 4926; x_wconf 84' lang='grc' dir='ltr'>ὑποκειμένων</span> <span class='ocrx_word' id='word_1_746' title='bbox 2452 4855 2813 4926; x_wconf 77' lang='grc' dir='ltr'>ἐπινενόηται.</span> <span class='ocrx_word' id='word_1_747' title='bbox 2850 4853 2990 4906; x_wconf 85' lang='grc' dir='ltr'>Ἀλλ’</span> <span class='ocrx_word' id='word_1_748' title='bbox 3025 4854 3074 4906; x_wconf 73' lang='lat' dir='ltr'><strong>oi</strong></span> <span class='ocrx_word' id='word_1_749' title='bbox 3115 4851 3448 4922; x_wconf 84' lang='grc' dir='ltr'>πανταχόθεν</span> <span class='ocrx_word' id='word_1_750' title='bbox 3487 4851 3616 4903; x_wconf 80' lang='grc' dir='ltr'>ἑαυ-</span> 
     </span>
    </p>
   </div>
   <div class='ocr_carea' id='block_1_105' title="bbox 2040 4943 3616 5016">
    <p class='ocr_par' dir='ltr' id='par_1_105' title="bbox 2040 4943 3616 5016">
     <span class='ocr_line' id='line_1_105' title="bbox 2040 4943 3616 5016; baseline -0.003 -17"><span class='ocrx_word' id='word_1_751' title='bbox 2040 4950 2154 5011; x_wconf 85' lang='grc' dir='ltr'>τοῖς</span> <span class='ocrx_word' id='word_1_752' title='bbox 2191 4946 2290 5012; x_wconf 85' lang='grc' dir='ltr'>τὰς</span> <span class='ocrx_word' id='word_1_753' title='bbox 2320 4945 2524 5016; x_wconf 81' lang='grc' dir='ltr'>βλάϐας</span> <span class='ocrx_word' id='word_1_754' title='bbox 2555 4947 2976 5015; x_wconf 84' lang='grc' dir='ltr'>ὲπισυνάγοντες</span> <span class='ocrx_word' id='word_1_755' title='bbox 3001 4946 3095 4999; x_wconf 70' lang='grc' dir='ltr'>καὶ</span> <span class='ocrx_word' id='word_1_756' title='bbox 3120 4947 3186 5015; x_wconf 78' lang='grc' dir='ltr'><strong>τῇ</strong></span> <span class='ocrx_word' id='word_1_757' title='bbox 3223 4943 3316 4997; x_wconf 89' lang='grc' dir='ltr'><strong>τοῦ</strong></span> <span class='ocrx_word' id='word_1_758' title='bbox 3357 4943 3616 5013; x_wconf 83' lang='grc' dir='ltr'>ἀριθμεῖν</span> 
     </span>
    </p>
   </div>
   <div class='ocr_carea' id='block_1_106' title="bbox 2042 5032 3619 5111">
    <p class='ocr_par' dir='ltr' id='par_1_106' title="bbox 2042 5032 3619 5111">
     <span class='ocr_line' id='line_1_106' title="bbox 2042 5032 3619 5111; baseline -0.004 -20"><span class='ocrx_word' id='word_1_759' title='bbox 2042 5039 2268 5111; x_wconf 80' lang='grc' dir='ltr'>δυνάμει</span> <span class='ocrx_word' id='word_1_760' title='bbox 2293 5038 2434 5094; x_wconf 83' lang='grc' dir='ltr'>κατὰ</span> <span class='ocrx_word' id='word_1_761' title='bbox 2465 5039 2567 5110; x_wconf 79' lang='grc' dir='ltr'>τῆς</span> <span class='ocrx_word' id='word_1_762' title='bbox 2595 5039 2829 5101; x_wconf 85' lang='grc' dir='ltr'>πίστεως</span> <span class='ocrx_word' id='word_1_763' title='bbox 2866 5037 3188 5108; x_wconf 65' lang='grc' dir='ltr'>κέχρηνταν</span> <span class='ocrx_word' id='word_1_764' title='bbox 3217 5037 3272 5088; x_wconf 83' lang='grc' dir='ltr'><strong>οῖ</strong></span> <span class='ocrx_word' id='word_1_765' title='bbox 3293 5051 3378 5103; x_wconf 92' lang='grc' dir='ltr'><strong>γε,</strong></span> <span class='ocrx_word' id='word_1_766' title='bbox 3401 5032 3619 5096; x_wconf 83' lang='grc' dir='ltr'>οὐδενὸς</span> 
     </span>
    </p>
   </div>
   <div class='ocr_carea' id='block_1_107' title="bbox 435 5338 1925 5424">
    <p class='ocr_par' dir='ltr' id='par_1_107' title="bbox 435 5351 1925 5424">
     <span class='ocr_line' id='line_1_107' title="bbox 435 5351 1925 5424; baseline -0.003 -15"><span class='ocrx_word' id='word_1_767' title='bbox 435 5355 549 5424; x_wconf 82' lang='lat'><strong>(56)</strong></span> <span class='ocrx_word' id='word_1_768' title='bbox 581 5355 671 5420; x_wconf 86' lang='grc' dir='ltr'><strong>Τῷ</strong></span> <span class='ocrx_word' id='word_1_769' title='bbox 720 5358 934 5424; x_wconf 78' lang='grc' dir='ltr'>Κυρίῳ.</span> <span class='ocrx_word' id='word_1_770' title='bbox 986 5353 1229 5411; x_wconf 86' lang='lat' dir='ltr'><strong>Colbert.</strong></span> <span class='ocrx_word' id='word_1_771' title='bbox 1261 5353 1340 5424; x_wconf 80' lang='grc' dir='ltr'>τῷ</span> <span class='ocrx_word' id='word_1_772' title='bbox 1380 5351 1514 5423; x_wconf 79' lang='grc' dir='ltr'>Υἱῷ,</span> <span class='ocrx_word' id='word_1_773' title='bbox 1563 5351 1659 5410; x_wconf 86' lang='lat' dir='ltr'><strong>sed</strong></span> <span class='ocrx_word' id='word_1_774' title='bbox 1705 5351 1925 5408; x_wconf 88' lang='lat' dir='ltr'><strong>secund:</strong></span> 
     </span>
    </p>
   </div>
   <div class='ocr_carea' id='block_1_108' title="bbox 2033 5338 3620 5424">
    <p class='ocr_par' dir='ltr' id='par_1_108' title="bbox 2051 5338 3620 5424">
     <span class='ocr_line' id='line_1_108' title="bbox 2051 5338 3620 5424; baseline -0.006 -22"><span class='ocrx_word' id='word_1_775' title='bbox 2051 5350 2134 5424; x_wconf 81' lang='lat' dir='ltr'><strong>sic</strong></span> <span class='ocrx_word' id='word_1_776' title='bbox 2159 5348 2324 5404; x_wconf 89' lang='lat' dir='ltr'><strong>etiam</strong></span> <span class='ocrx_word' id='word_1_777' title='bbox 2346 5355 2585 5424; x_wconf 75' lang='lat' dir='ltr'><strong>quatuor</strong></span> <span class='ocrx_word' id='word_1_778' title='bbox 2607 5346 2720 5408; x_wconf 89' lang='lat' dir='ltr'><strong>alii,</strong></span> <span class='ocrx_word' id='word_1_779' title='bbox 2746 5343 3035 5424; x_wconf 41' lang='lat' dir='ltr'><strong>nisinquod</strong></span> <span class='ocrx_word' id='word_1_780' title='bbox 3052 5358 3165 5424; x_wconf 59' lang='lat' dir='ltr'><strong>non</strong></span> <span class='ocrx_word' id='word_1_781' title='bbox 3187 5338 3620 5424; x_wconf 44' lang='lat' dir='ltr'><strong>habent‘articu-</strong></span> 
     </span>
    </p>
   </div>
   <div class='ocr_carea' id='block_1_109' title="bbox 363 5439 1941 5565">
    <p class='ocr_par' dir='ltr' id='par_1_109' title="bbox 363 5439 1941 5565">
     <span class='ocr_line' id='line_1_109' title="bbox 363 5439 1941 5565; baseline -0.004 -15"><span class='ocrx_word' id='word_1_782' title='bbox 584 5493 894 5561; x_wconf 70' lang='grc' dir='ltr'>Δηλονότι.</span> <span class='ocrx_word' id='word_1_783' title='bbox 921 5493 1140 5565; x_wconf 83' lang='lat' dir='ltr'><strong>Legitur</strong></span> <span class='ocrx_word' id='word_1_784' title='bbox 1175 5495 1230 5549; x_wconf 88' lang='lat' dir='ltr'><strong>in</strong></span> <span class='ocrx_word' id='word_1_785' title='bbox 1259 5493 1420 5565; x_wconf 81' lang='lat' dir='ltr'><strong>editis</strong></span> <span class='ocrx_word' id='word_1_786' title='bbox 1450 5493 1628 5564; x_wconf 80' lang='grc' dir='ltr'>δῆλον,</span> <span class='ocrx_word' id='word_1_787' title='bbox 1652 5494 1733 5546; x_wconf 83' lang='grc' dir='ltr'>ὅτι</span> <span class='ocrx_word' id='word_1_788' title='bbox 1763 5491 1854 5545; x_wconf 70' lang='grc' dir='ltr'>καὶ</span> <span class='ocrx_word' id='word_1_789' title='bbox 1883 5490 1941 5545; x_wconf 84' lang='grc' dir='ltr'>τὸ</span> 
     </span>
    </p>
   </div>
   <div class='ocr_carea' id='block_1_110' title="bbox 367 5563 1562 5634">
    <p class='ocr_par' dir='ltr' id='par_1_110' title="bbox 367 5563 1562 5634">
     <span class='ocr_line' id='line_1_110' title="bbox 367 5563 1562 5634; baseline -0.004 -13"><span class='ocrx_word' id='word_1_790' title='bbox 367 5563 612 5634; x_wconf 82' lang='grc' dir='ltr'>Πνεῦμα.</span> <span class='ocrx_word' id='word_1_791' title='bbox 652 5565 942 5634; x_wconf 86' lang='lat' dir='ltr'><strong>Maluimus</strong></span> <span class='ocrx_word' id='word_1_792' title='bbox 975 5563 1128 5634; x_wconf 70' lang='lat' dir='ltr'><strong>sequi</strong></span> <span class='ocrx_word' id='word_1_793' title='bbox 1160 5579 1294 5634; x_wconf 82' lang='lat' dir='ltr'><strong>mss.</strong></span> <span class='ocrx_word' id='word_1_794' title='bbox 1321 5563 1562 5634; x_wconf 72' lang='lat' dir='ltr'><strong>codices.</strong></span> 
     </span>
    </p>
   </div>
   <div class='ocr_carea' id='block_1_111' title="bbox 441 5631 1936 5706">
    <p class='ocr_par' dir='ltr' id='par_1_111' title="bbox 441 5631 1936 5706">
     <span class='ocr_line' id='line_1_111' title="bbox 441 5631 1936 5706; baseline -0.003 -15"><span class='ocrx_word' id='word_1_795' title='bbox 441 5631 551 5706; x_wconf 57' lang='lat'><strong>(58)</strong></span> <span class='ocrx_word' id='word_1_796' title='bbox 594 5633 769 5691; x_wconf 71' lang='grc' dir='ltr'><strong>Ἀλλὰ</strong></span> <span class='ocrx_word' id='word_1_797' title='bbox 794 5634 935 5690; x_wconf 81' lang='grc' dir='ltr'>τὰ...</span> <span class='ocrx_word' id='word_1_798' title='bbox 955 5631 1321 5704; x_wconf 69' lang='grc' dir='ltr'>ἀξιωμάτων.</span> <span class='ocrx_word' id='word_1_799' title='bbox 1351 5632 1440 5690; x_wconf 84' lang='lat' dir='ltr'><strong>Sic</strong></span> <span class='ocrx_word' id='word_1_800' title='bbox 1464 5632 1668 5706; x_wconf 83' lang='lat' dir='ltr'><strong>Regius</strong></span> <span class='ocrx_word' id='word_1_801' title='bbox 1693 5631 1900 5702; x_wconf 85' lang='lat' dir='ltr'><strong>primus</strong></span> <span class='ocrx_word' id='word_1_802' title='bbox 1923 5649 1936 5686; x_wconf 88' lang='lat'><strong>:</strong></span> 
     </span>
    </p>
   </div>
   <div class='ocr_carea' id='block_1_112' title="bbox 2051 5404 3619 5507">
    <p class='ocr_par' dir='ltr' id='par_1_112' title="bbox 2051 5404 3619 5507">
     <span class='ocr_line' id='line_1_112' title="bbox 2051 5404 3619 5507; baseline -0.006 -33"><span class='ocrx_word' id='word_1_803' title='bbox 2051 5421 2161 5506; x_wconf 73' lang='lat' dir='ltr'><strong>lum</strong></span> <span class='ocrx_word' id='word_1_804' title='bbox 2191 5404 2449 5507; x_wconf 47' lang='lat' dir='ltr'><strong>an’te&#39;has</strong></span> <span class='ocrx_word' id='word_1_805' title='bbox 2478 5433 2663 5484; x_wconf 83' lang='lat' dir='ltr'><strong>voces,</strong></span> <span class='ocrx_word' id='word_1_806' title='bbox 2693 5404 2834 5470; x_wconf 76' lang='grc' dir='ltr'>κατὰ</span> <span class='ocrx_word' id='word_1_807' title='bbox 2864 5404 3088 5486; x_wconf 78' lang='grc' dir='ltr'>βαθμόν.</span> <span class='ocrx_word' id='word_1_808' title='bbox 3124 5411 3265 5467; x_wconf 87' lang='lat' dir='ltr'><strong>Edili</strong></span> <span class='ocrx_word' id='word_1_809' title='bbox 3300 5410 3438 5463; x_wconf 81' lang='grc' dir='ltr'>Ἀλλ’</span> <span class='ocrx_word' id='word_1_810' title='bbox 3467 5404 3619 5464; x_wconf 77' lang='grc' dir='ltr'>οὗτοι</span> 
     </span>
    </p>
   </div>
   <div class='ocr_carea' id='block_1_113' title="bbox 2047 5489 3618 5686">
    <p class='ocr_par' dir='ltr' id='par_1_113' title="bbox 2047 5489 3618 5686">
     <span class='ocr_line' id='line_1_113' title="bbox 2047 5489 3470 5564; baseline -0.044 -21"><span class='ocrx_word' id='word_1_811' title='bbox 2047 5491 2183 5544; x_wconf 79' lang='grc' dir='ltr'>τὰ...</span> <span class='ocrx_word' id='word_1_812' title='bbox 2215 5489 2520 5560; x_wconf 77' lang='grc' dir='ltr'>ἀξιώματα,</span> <span class='ocrx_word' id='word_1_813' title='bbox 3258 5552 3269 5564; x_wconf 48' lang='grc'><strong>.</strong></span> <span class='ocrx_word' id='word_1_814' title='bbox 3459 5549 3470 5560; x_wconf 39' lang='grc' dir='ltr'><strong>ο</strong></span> 
     </span>
     <span class='ocr_line' id='line_1_114' title="bbox 2047 5550 3618 5686; baseline -0.031 -35"><span class='ocrx_word' id='word_1_815' title='bbox 2047 5560 2370 5686; x_wconf 68' lang='lat' dir='ltr'><strong>c</strong></span> <span class='ocrx_word' id='word_1_816' title='bbox 2407 5552 2456 5626; x_wconf 75' lang='grc' dir='ltr'><strong>ᾧ</strong></span> <span class='ocrx_word' id='word_1_817' title='bbox 2487 5557 2586 5615; x_wconf 75' lang='grc' dir='ltr'><strong>καὶ</strong></span> <span class='ocrx_word' id='word_1_818' title='bbox 2615 5560 2669 5626; x_wconf 81' lang='grc' dir='ltr'>ὁ,</span> <span class='ocrx_word' id='word_1_819' title='bbox 2709 5564 2815 5614; x_wconf 88' lang='lat' dir='ltr'><strong>etc.</strong></span> <span class='ocrx_word' id='word_1_820' title='bbox 2863 5554 2990 5612; x_wconf 69' lang='lat' dir='ltr'><strong>Haec</strong></span> <span class='ocrx_word' id='word_1_821' title='bbox 3029 5552 3228 5610; x_wconf 85' lang='lat' dir='ltr'><strong>desunt</strong></span> <span class='ocrx_word' id='word_1_822' title='bbox 3257 5568 3311 5608; x_wconf 80' lang='lat' dir='ltr'><strong>in</strong></span> <span class='ocrx_word' id='word_1_823' title='bbox 3342 5550 3618 5623; x_wconf 77' lang='lat' dir='ltr'><strong>plerisque</strong></span> 
     </span>
    </p>
   </div>
   <div class='ocr_carea' id='block_1_114' title="bbox 2047 5645 2345 5687">
    <p class='ocr_par' dir='ltr' id='par_1_114' title="bbox 2047 5645 2345 5687">
     <span class='ocr_line' id='line_1_115' title="bbox 2047 5645 2345 5687; baseline -0.007 -1"><span class='ocrx_word' id='word_1_824' title='bbox 2047 5645 2345 5687; x_wconf 76' lang='grc' dir='ltr'>εοαιοιυιιδ.</span> 
     </span>
    </p>
   </div>
  </div>
