3862 6216
193 345 276 400 H9

1268 334 1470 391 LIBER
1510 332 1599 388 DE
1638 327 1915 386 SPIRITU
1954 321 2246 381 SANCTO.

3312 306 3426 389 rso

188 461 277 515 τῶν
302 458 464 513 ἄλλων
491 458 557 510 ὲκ
588 454 691 524 τῆς
734 454 828 508 τοῦ
876 450 1114 526 ἀριθμοῦ
1141 448 1462 521 προσθήκης
1505 445 1747 500 ἀλλοιου-

1866 455 1973 496 :um
2009 439 2156 493 nulla
2190 435 2296 490 alia
2326 448 2416 489 res
2443 432 2514 487 ob
2547 428 2764 485 numeri
2806 425 3183 482 accessionem
3228 421 3430 475 immu-

190 549 349 623 μένου,
379 541 523 601 οὗτοι
551 546 644 598 ἐπὶ
670 545 774 615 τῆς
815 543 967 606 θείας
1005 541 1223 611 φύσεως
1258 536 1616 592 εὐλαϐοῦνται
1651 534 1744 586 τὸν

190 639 432 712 ἀριθμὸν,
490 637 566 708 μὴ
608 636 678 688 δι’
735 633 903 689 αὐτοῦ
950 633 1063 703 (40)
1112 633 1211 702 τῆς
1260 628 1617 699 ὀφειλομένης
1668 622 1746 694 τῷ

190 728 503 802 Παρακλήτῳ
558 728 732 798 τιμῆς
785 725 1065 796 ὐπερϐῶσι
1109 722 1170 776 τὸ
1218 722 1434 793 μέτρον.
1495 719 1656 784 Ἀλλ’,
1701 715 1746 774 ὦ

191 820 502 889 σοφώτατοι,
542 816 781 888 μάλιστα
838 816 935 886 μὲν
995 814 1135 881 ὑπὲρ
1187 811 1423 883 ἀριθμὸν
1478 810 1619 863 ἔστω
1676 809 1748 862 τά

189 911 429 976 ἀνέφικτα
448 924 463 938 ο
494 907 571 970 ὡς
595 908 630 976 ἡ
658 905 865 959 παλαιά
887 905 994 957 τῶν
1017 901 1283 974 Ἐϐραίων
1315 900 1569 954 εὐλάϐεια
1596 899 1748 964 ἰδίοις

191 1000 412 1071 σημείοις
447 1000 509 1052 τὸ
546 995 928 1068 ἁνεκιρώνητον
958 994 1129 1065 ὄνομα
1161 991 1256 1046 τοῦ
1284 992 1418 1045 Θεοῦ
1461 991 1750 1061 διεχὰρασ-

192 1106 242 1142 σε
270 1089 393 1159 (41),
424 1090 521 1142 καὶ
559 1090 626 1142 ὲκ
652 1087 845 1141 τούτου
888 1086 987 1156 τὴν
1022 1085 1163 1138 κατὰ
1213 1072 1431 1137 πᾶντων
1471 1081 1747 1154 ὑπεροχὴν

191 1180 522 1252 παριστῶσαο
576 1181 627 1232 εί
676 1180 736 1233 δὲ
785 1178 893 1249 ἄρα
928 1178 1008 1231 δεῖ
1040 1177 1135 1231 καὶ
1183 1174 1471 1246 ἀριθμεῖν,
1523 1174 1747 1244 μήτοιγε

192 1274 272 1326 καὶ
290 1272 345 1324 ἐν
372 1269 546 1341 τούτῳ
570 1273 901 1341 κακουργεῖν
928 1269 1028 1340 τὴν
1055 1269 1331 1340 ἀλήθειαν.
1352 1267 1422 1319 Ἦ
1441 1266 1550 1337 γὰρ
1572 1266 1746 1335 σιωπῇ

192 1361 418 1432 τιμάσθω
444 1361 514 1415 τὰ
544 1361 781 1433 ἄρρητα,
805 1360 839 1431 ἦ
863 1360 1105 1423 εὐσεϐῶς
1131 1357 1470 1431 ἀριθμείσθω
1500 1357 1569 1410 τὰ
1596 1355 1747 1425 ἆγια.

192 1449 272 1517 Εἷς
296 1454 420 1517 Θεὸς
450 1453 562 1523 (42)
606 1453 703 1506 καὶ
751 1453 963 1524 Πατὴρ,
1006 1451 1102 1504 καὶ
1134 1445 1218 1515 εἷς
1269 1448 1564 1520 μονογενὴς
1597 1448 1746 1510 Υἱὸς,

191 1544 273 1596 καὶ
298 1542 353 1595 ἓν
401 1541 628 1614 Πνεῦμα
683 1542 861 1610 ἅγιον.
911 1541 1180 1611 Ἐκάστην
1232 1539 1341 1593 τῶν
1399 1537 1749 1592 ὐποστάσεων

193 1630 419 1700 μοναχῶς
471 1629 906 1700 ἐξαγγέλλομεν·
960 1628 1181 1682 ἐπειδὰν
1229 1627 1290 1681 δὲ
1349 1625 1749 1698 συναριθμῆσαι

189 1720 289 1792 δέῃ,
310 1723 425 1793 οὐχὶ
453 1721 770 1792 ἀπαιδεύτῳ
807 1719 1098 1792 ἀριθμήσει
1150 1719 1288 1791 πρὸς
1332 1716 1625 1780 πολυθεΐας
1662 1716 1750 1769 ἐν·

189 1829 321 1866 νοιαν
348 1811 718 1884 ἑκφερόμεθα.

248 1902 330 1957 £5.
362 1903 436 1955 Οὐ
474 1902 587 1971 γὰρ
630 1900 775 1954 κατὰ
821 1899 1069 1952 σύνθεσιν
1111 1895 1474 1969 ἀριθμοῦμεν,
1508 1896 1602 1966 ἀφ’
1631 1894 1750 1958 ἐνὸς

192 1991 262 2055 εις
289 1991 489 2062 πλῆθος
521 1990 839 2061 ποιούμενοι
889 1987 990 2059 τὴν
1029 1987 1395 2057 παραύξησιν,
1439 1985 1496 2040 ἓν
1532 1985 1627 2040 καὶ
1656 1983 1750 2038 δύο

191 2084 275 2138 καὶ
312 2084 432 2155 τρία
470 2083 750 2151 λέγοντες,
791 2080 911 2134 οὐδὲ
944 2079 1182 2151 πρῶτον,
1225 2078 1319 2130 καὶ
1350 2075 1622 2147 δεύτερον,
1657 2075 1751 2128 καὶ

191 2175 372 2246 τρίτον.
428 2173 573 2244 Ἐγὼ
626 2174 737 2244 γὰρ
779 2171 924 2237 Θεὸς
969 2168 1239 2237 πρῶτος,
1304 2167 1405 2220 καὶ
1458 2166 1573 2237 ἐγὼ
1601 2164 1751 2235 μετὰ

189 2265 372 2319 ταῦτα.
408 2265 677 2336 Δεύτερον
707 2264 765 2317 δὲ
811 2262 941 2315 Θεὸν
973 2261 1185 2315 οὐδέπω
1209 2260 1304 2314 καὶ
1345 2260 1584 2330 τήμερον
1621 2257 1753 2327 ἀκη-

191 2354 400 2425 κόαμεν·
450 2356 589 2409 Θεὸν
643 2354 752 2425 γὰρ
797 2357 861 2407 ἐκ
891 2352 1027 2406 Θεοῦ
1071 2349 1523 2424 προσκυνοῦντες,
1557 2349 1654 2404 καὶ
1689 2348 1753 2401 τὸ

191 2444 369 2509 ἰδιάζον
391 2445 501 2497 τῶν
553 2444 906 2497 ὑποστάσεων
935 2441 1332 2512 ὁμολογοῦμεν,
1363 2440 1460 2493 καὶ
1516 2439 1751 2509 μένομεν

188 2537 270 2590 ἐπὶ
307 2540 400 2608 τῆς
445 2536 785 2607 μοναρχίας,
816 2536 896 2598 εἰς
944 2533 1148 2605 πλῆθος
1197 2530 1599 2603 ἀπεσχισμένον
1637 2530 1750 2600 (45)

188 2627 272 2699 τὴν
298 2629 574 2698 θεολογίαν
616 2628 691 2700 μὴ
727 2627 1111 2690 σκεδαννύντες
1135 2668 1150 2694 ,
1183 2624 1273 2679 διὰ
1298 2625 1359 2679 τὸ
1394 2625 1523 2697 μίαν
1549 2627 1607 2678 ὲν
1634 2624 1753 2695 Θεῷ

189 2717 347 2791 Πατρὶ
377 2721 473 2773 καὶ
527 2719 651 2791 Θεῴ
699 2722 979 2790 μονογενεί
1021 2719 1120 2790 τὴν
1160 2719 1325 2772 οἱονεὶ
1365 2718 1578 2790 μορφὴν
1614 2716 1751 2771 θεω-

190 2809 402 2879 ρεῖσθαι,
446 2808 529 2880 τῷ
568 2807 977 2881 ἁπαραλλάκτῳ
1015 2810 1115 2879 τῆς
1143 2809 1395 2881 θεότητος
1435 2808 1754 2875 ὲνεικονιζο-

191 2899 340 2971 μένην
361 2901 494 2971 (Η).
526 2901 659 2964 Υἱὸς
704 2899 815 2971 γὰρ
847 2902 906 2952 ἐν
946 2898 1024 2971 τῷ
1048 2900 1259 2971 Πατρὶ,
1305 2899 1402 2953 καί¹
1452 2898 1644 2970 Πατὴρ
1695 2900 1752 2952 ὲν

186 2989 254 3060 τῷ
284 2991 420 3060 Υἱῷ·
469 2991 664 3062 ἐπειδὴ
706 2992 804 3045 καὶ
853 2986 1008 3054 οὗτος
1046 2990 1307 3056 τοιοῦτος,
1351 2985 1462 3054 οἷος
1522 2992 1751 3054 ἐκεῖνος,

187 3082 420 3143 κάκεῖνος
460 3076 692 3151 οἷόσπερ
719 3072 909 3143 οὗτος
949 3081 1046 3134 καὶ
1089 3080 1147 3134 ὲν
1186 3077 1363 3150 τούτῳ
1385 3078 1448 3132 τὸ
1486 3078 1565 3132 ἓν.
1590 3077 1752 3130 Ὥστε
1794 3113 1802 3121 ο

1854 542 2016 595 Ietur,
2048 540 2232 586 tamen
2266 529 2322 582 in
2355 527 2541 582 divina
2571 530 2769 578 natura
2815 533 3103 575 numerum
3155 508 3430 577 metuunt,

1853 640 1923 680 ne
1966 624 2176 679 scilicet
2215 636 2314 692 per
2351 634 2476 673 eum
2524 615 2753 670 honoris
2781 609 3070 666 Paracleto
3111 604 3278 662 debiti
3312 617 3433 657 mo-

1853 717 1983 771 dum
2030 714 2319 770 excedant.
2360 709 2489 776 Sed,
2520 723 2554 762 o
2596 701 3021 777 sapientissimi,
3055 700 3167 756 sint
3194 696 3432 752 maxime

1853 820 2020 878 Supra
2076 818 2399 867 numerum,
2461 816 2586 870 qua:
2639 812 2749 853 non
2814 806 3112 865 possumus
3165 784 3428 856 assequi;

1855 875 2319 968 quemadmodum
2365 893 2549 963 prisca
2583 887 2934 943 Hebraeorum
2973 880 3149 951 pietas
3193 875 3429 968 propriis

1857 1006 1921 1044 ac
1956 987 2323 1060 peculiaribus
2359 984 2507 1039 notis
2553 979 2827 1036 ineﬂahile
2861 974 2958 1030 Dei
2993 985 3196 1027 nomen
3234 958 3429 1024 eima-

1856 1055 1972 1141 bat,
2003 1076 2133 1131 inde
2160 1076 2323 1130 etiam
2365 1073 2486 1144 ejus
2519 1083 2685 1140 supra
2718 1064 2907 1120 omnia
2948 1057 3305 1117 eminentiam
3333 1055 3432 1111 de-

1856 1169 2096 1223 clarans.
2128 1165 2284 1231 Quod
2318 1163 2365 1219 si
2403 1172 2457 1217 et
2502 1172 2766 1215 numerus
2815 1150 3158 1209 adhibendus
3196 1153 3303 1214 est,
3331 1161 3428 1199 ne-

1855 1273 2127 1330 quaquam
2157 1262 2211 1311 et
2237 1269 2335 1325 per
2362 1267 2487 1308 eum
2517 1245 2863 1319 depravanda
2898 1240 3125 1296 veritas.
3152 1237 3259 1289 Aut
3279 1232 3427 1289 enim

1856 1352 2076 1409 silentio
2107 1351 2452 1405 honorentur
2487 1339 2810 1400 inell‘abilia,
2847 1342 2941 1389 aut
2961 1333 3048 1404 pie
3069 1335 3431 1385 numerentur

1856 1452 2069 1500 sancta.
2103 1440 2262 1497 Unus
2308 1438 2420 1508 38
2464 1434 2607 1490 Deus
2633 1439 2687 1487 et
2708 1429 2891 1492 Pater,
2928 1432 2983 1481 et
3007 1437 3153 1479 unus
3182 1417 3433 1490 unigeni-

1854 1546 1945 1590 tus
1983 1532 2181 1596 Filius,
2225 1537 2281 1586 et
2326 1543 2472 1583 unus
2502 1524 2745 1596 Spiritus
2777 1528 3026 1575 sanctus.
3055 1512 3432 1580 Unamquam-

1855 1642 1961 1697 que
1982 1622 2319 1696 hypostasim
2361 1615 2725 1690 singulariter
2751 1609 3030 1668 eﬂ‘erimus
3055 1622 3072 1673 ;
3099 1618 3226 1660 cum
3252 1608 3431 1654 autem

1857 1692 2252 1776 connumerare
2305 1726 2444 1783 opus
2498 1708 2684 1770 fuerit,
2736 1702 3161 1770 haudquaquam
3194 1692 3435 1783 indocte

1778 1816 1821 1871 B
1852 1804 2194 1864 numerando
2221 1801 2288 1858 ad
2309 1800 2550 1877 plurium
2576 1797 2801 1851 deorum
2825 1789 3107 1846 notionem
3129 1782 3431 1841 eli‘erimur.

1925 1898 2016 1954 45.
2069 1895 2259 1966 Neque
2297 1892 2444 1948 enim
2479 1889 2638 1960 juxta
2682 1881 3138 1954 compositionem
3168 1886 3433 1932 numera-

1855 2003 2001 2054 mus,
2034 1985 2102 2041 ab
2131 1998 2244 2039 uno
2287 1981 2357 2037 sa
2395 1980 2554 2052 plura
2609 1975 2872 2030 facientes
2910 1971 3334 2029 incrementum,
3371 1970 3433 2018 ut

1855 2080 2106 2135 dicamus
2144 2089 2338 2138 unum,
2379 2072 2513 2135 duo,
2554 2068 2684 2133 tria,
2724 2078 2902 2134 neque
2933 2062 3194 2133 primum,
3231 2070 3436 2112 secun-

1857 2171 1988 2226 dum
2043 2184 2108 2223 ac
2162 2168 2408 2221 tertium.
2455 2160 2568 2232 Ego
2619 2160 2758 2214 enim
2806 2155 2951 2210 Deus
2982 2152 3207 2223 primus,
3253 2157 3303 2204 et
3338 2163 3434 2220 ego

1857 2271 1974 2330 post
2012 2259 2122 2315 [uec
2174 2258 2242 2311 ⁸⁸.
2300 2253 2615 2312 Secundum
2671 2255 2856 2305 autem
2919 2245 3091 2301 Deum
3146 2255 3433 2313 nunquam

1858 2355 2126 2409 hactenus
2169 2348 2483 2406 audivimus
2528 2364 2544 2403 :
2598 2343 2802 2416 quippe
2839 2338 3012 2396 Deum
3043 2352 3109 2393 ex
3144 2335 3258 2392 Deo
3294 2333 3432 2390 ado-

1857 2456 2065 2510 rantes,
2089 2442 2253 2499 etiam
2277 2434 2668 2512 proprietatem
2697 2432 3018 2506 proﬁtemur
3038 2429 3428 2501 hypostaseon,

1858 2546 2251 2607 manemusq'ue
2298 2535 2355 2589 in
2401 2547 2511 2587 uno
2560 2529 2893 2601 principatu,
2941 2539 3052 2579 non
3098 2521 3432 2591 dissipantes

1858 2628 2186 2697 theologiam
2216 2624 2271 2679 in
2299 2623 2531 2680 scissam
2560 2616 2990 2683 multitudinem,
3015 2628 3082 2670 eo
3103 2612 3248 2684 quod
3267 2623 3435 2665 unam

1859 2718 1915 2774 in
1944 2718 2057 2772 Deo
2084 2715 2249 2792 Patre
2295 2722 2350 2770 et
2385 2713 2498 2769 Deo
2530 2710 2823 2782 Unigenito
2866 2706 3121 2770 formam,
3160 2709 3222 2758 ut
3254 2701 3329 2756 ita
3360 2701 3436 2756 lo-

1859 2825 2020 2881 quar,
2063 2808 2521 2879 contemplamur,
2588 2804 2649 2858 in
2705 2814 2820 2858 una
2871 2806 2929 2856 et
2984 2797 3212 2856 omnino
3265 2792 3435 2849 simili

1860 2904 2061 2959 deitate
2097 2914 2434 2972 expressam.
2464 2896 2639 2953 Filius
2669 2895 2818 2952 enim
2849 2894 2909 2948 in
2936 2891 3122 2956 Patre,
3167 2898 3223 2944 et
3267 2886 3430 2942 Pater

1862 2994 1919 3050 in
1951 2991 2093 3048 Filio
2133 3010 2146 3047 :
2187 2987 2632 3061 quandoquidem
2681 2985 2774 3040 hic
2816 2983 2946 3038 talis
2974 2987 3081 3048 est,
3110 2977 3290 3050 qualis
3320 2975 3433 3042 ille,

1860 3096 1915 3141 et
1952 3084 2043 3141 ille
2075 3084 2255 3154 qualis
2288 3081 2416 3149 hic;
2451 3087 2615 3150 atque
2648 3076 2705 3132 in
2729 3075 2835 3131 hoc
2861 3086 3032 3129 unum
3064 3077 3214 3127 sunt.
3245 3066 3435 3139 Itaque

186 3171 315 3224 λατά
354 3172 454 3242 μὲν
498 3172 603 3241 τὴν
637 3172 874 3243 ἰδιότητα
918 3170 1027 3225 τῶν
1052 3170 1359 3242 προσώπων
1386 3165 1469 3234 εἷς
1506 3171 1602 3223 καὶ
1650 3162 1752 3235 εἷς,

1866 3177 2014 3244 iuxta
2076 3186 2435 3246 personarum
2490 3167 2880 3241 proprietatem
2907 3204 2925 3230 ,
2979 3177 3125 3218 unus
3185 3166 3317 3216 sunt
3375 3163 3432 3213 et

187 3263 313 3316 κατὰ
335 3263 392 3316 δὲ
418 3263 481 3316 τδ
508 3263 693 3316 κοινὸν
726 3264 827 3333 τῆς
860 3262 1075 3333 φύσεως
1109 3262 1169 3315 ἓν
1199 3264 1248 3316 οἱ
1276 3262 1597 3334 ἀμφότεροι.
1629 3262 1755 3326 Πῶς

187 3349 286 3417 οῦν,
319 3352 477 3425 εἴπερ
506 3347 593 3416 εἷς
625 3353 720 3405 καὶ
753 3348 853 3415 εἷς,
896 3352 1018 3422 οὐχὶ
1039 3351 1133 3404 δύο
1164 3351 1320 3417 Θεοί;
1348 3352 1471 3405 ’Ότι
1504 3351 1757 3420 βασιλεὺς

192 3444 394 3511 λέγεται
420 3446 517 3498 καὶ
538 3448 575 3516 ή
610 3443 708 3498 τοῦ
735 3444 1013 3515 -βασιλέως
1039 3443 1224 3508 εἰκὼν,
1255 3445 1350 3499 καὶ
1391 3446 1450 3498 οὐ
1479 3444 1572 3499 δύο
1602 3445 1777 3516 βασι--Δ

188 3530 306 3595 λεῖς.
334 3531 474 3586 υῦτε
505 3532 620 3603 γὰρ
650 3531 714 3583 τὸ
744 3530 946 3603 κράτος
981 3531 1243 3601 σχίζεται,
1277 3530 1403 3584 οὐτε
1429 3533 1463 3603 ἡ
1490 3531 1618 3599 δόξα
1644 3533 1759 3586 δια-

135 3668 152 3682 ,
192 3623 455 3695 μερίζεται
483 3623 623 3694 (45).
665 3622 755 3686 Ὠς
777 3622 886 3694 γὰρ
910 3625 945 3694 ἡ
979 3623 1253 3695 κρατοῦσα
1282 3622 1438 3694 ἡμῶν
1480 3624 1624 3695 ἀρχὴ
1662 3624 1757 3677 καὶ⁸

190 3714 444 3784 ήὲξουσία
472 3716 598 3786 μία,
630 3712 775 3767 οῦτω
803 3714 898 3768 καὶ
923 3716 957 3783 ἡ
986 3713 1116 3784 παρ’
1145 3712 1304 3784 ἡμῶν
1330 3712 1605 3781 δοξολογία
1636 3714 1756 3784 μία,

191 3808 272 3860 καὶ
297 3810 356 3861 οὐ
384 3808 618 3863 πολλαί·
652 3808 788 3861 διότι
818 3809 852 3875 ἡ
878 3807 980 3879 τῆς
1013 3804 1221 3870 εἰκόνος
1242 3804 1376 3877 τιμὴ
1404 3805 1498 3857 ἐπὶ
1530 3804 1592 3858 τὸ
1621 3822 1762 3875 πρω-

155 3884 169 3899 ’
190 3902 400 3955 τότυπον
438 3902 739 3956 διαϐαίνει.
776 3903 839 3954 ’Ὀ
865 3896 956 3955 οῦν
990 3902 1138 3953 ἐστιν
1169 3899 1405 3953 ἐνταῦθα
1450 3897 1760 3970 μιμητικῶς

192 3995 222 4063 ή
245 3995 419 4059 εἰκὼν,
449 3995 617 4049 τοῦτο
644 3996 763 4047 ἐκεῖ
790 3993 1034 4063 φυσικῶς
1061 3995 1090 4047 ὁ
1132 3992 1281 4056 Υἱός.
1320 3992 1430 4045 Καὶ
1453 3991 1644 4063 ὥσπερ
1672 3992 1765 4045 ἐπὶ

192 4084 285 4137 τῶν
321 4086 591 4156 τεχνικῶν
632 4084 743 4155 (46)
793 4084 939 4138 κατά
982 4084 1080 4153 τὴν
1133 4082 1346 4154 μορφὴν
1390 4084 1424 4153 ἡ
1481 4082 1762 4153 ὁμοίωσις,

194 4171 347 4241 οὕτως
379 4178 475 4231 ἐπὶ
527 4180 633 4247 τῆς
679 4175 831 4239 θείας
861 4175 955 4229 καὶ
1001 4173 1298 4228 ἀσυνθέτου
1345 4171 1561 4242 φύσεως
1593 4174 1651 4226 ὲν
1696 4176 1763 4244 τῇ

195 4268 431 4338 κοινωνία
453 4267 562 4335 τῆς
595 4266 850 4336 θεότητος
880 4266 1027 4318 ἐστιν
1061 4265 1095 4334 ἡ
1129 4263 1344 4327 ἓνωσις.
1380 4264 1475 4317 ’Ἑν
1495 4262 1551 4315 δὲ
1582 4263 1677 4316 καὶ
1705 4262 1767 4314 τὸ

196 4359 330 4430 ἄτιον
349 4362 606 4433 Πνεῦμα,
645 4361 740 4414 καὶ
783 4360 915 4415 αὐτὸ
945 4358 1251 4431 μοναδικῶς
1283 4357 1764 4429 ὲξαγγελλόμενον,

279 4524 318 4556 ⁸³
351 4522 459 4580 lsa.
507 4538 662 4586 XLIV,
717 4520 771 4575 6.

255 4678 359 4750 (40)
389 4679 471 4733 Δι’
497 4676 715 4750 αὐτοῦ.
750 4673 886 4750 Reg.
916 4684 1145 4750 quartus
1178 4671 1267 4725 διὰ
1286 4671 1496 4750 τούτου.

255 4737 358 4816 (Mi
388 4746 794 4818 Διεχάρασσε.
836 4737 1158 4818 Legendum
1179 4749 1364 4818 _put_a_t
1382 4737 1762 4818 _(_30mbef_isius

197 4808 628 4889 οὐξδιεχάρᾰᾶσε,
664 4832 768 4889 non
796 4808 1074 4889 exarabat,
1101 4808 1229 4881 quia
1257 4811 1513 4889 videlicet
1539 4808 1765 4889 Qeino—

199 4887 312 4941 mini
339 4878 580 4959 propria:
611 4878 882 4940 motiones
911 4878 1163 4952 ascriptis
1189 4897 1301 4936 non
1318 4887 1506 4959 erant.
1535 4878 1650 4959 .Sed
1677 4895 1767 4935 re-

230 4949 419 5025 ugnant
441 4949 675 5011 'omnes
724 4968 883 5025 mss._,
912 4968 1026 5025 nec
1058 4949 1368 5025 necessaria
1427 4949 1761 5025 conjectura.

234 5020 472 5098 erspicua
516 5033 612 5082 est
649 5025 796 5080 enim
842 5023 1033 5098 Basilii
1079 5022 1377 5098 sententia,
1426 5020 1540 5098 [ξεί.
1563 5034 1766 5098 nomen

202 5089 330 5164 apud
358 5099 651 5159 Hebraeos,
695 5109 805 5149 non
855 5099 918 5148 ut
957 5093 1062 5164 alia
1094 5092 1336 5157 nomina,
1370 5090 1462 5146 sed
1496 5089 1766 5161 singulari

200 5162 411 5234 quadam
445 5168 677 5221 ratione
708 5163 874 5234 scribi
911 5162 1107 5234 solere.

541 5237 717 5299 Θεός.
737 5232 838 5288 Hic
873 5233 1065 5303 incipit
1097 5238 1263 5302 caput
1297 5229 1364 5285 i8
1396 5231 1450 5285 in
1489 5228 1767 5301 plerisque

204 5318 485 5363 codicibus.

262 5376 363 5445 (45)
403 5372 911 5443 Ἀπεσχισμένον.
964 5370 1058 5427 Sic
1102 5370 1233 5427 libri
1263 5376 1497 5433 veteres,
1547 5385 1656 5425 non
1703 5378 1766 5424 ut

204 5444 315 5517 editi
347 5444 778 5517 ὐπεσχισμένον.

230 5584 239 5591 ο
267 5516 370 5591 (μ)
402 5508 978 5591 Ἐτίὲικογιζομέφην.
1008 5510 1101 5591 S_ic
1128 5518 1367 5591 quatuor
1387 5509 1625 5591 codices:
1648 5508 1770 5591 Edi-

209 5579 409 5658 agnas.
439 5579 818 5658 secunduset
846 5583 1089 5658 secunda
1123 5579 1565 5658 manuﬁolbert.
1588 5579 1769 5658 ενιζο-

215 5649 386 5725 sive»,
433 5657 675 5710 unitum.
728 5652 1037 5725 Carnarius
1079 5660 1133 5706 et
1182 5651 1463 5725 Scultetus
1508 5649 1770 5705 videntur

216 5721 385 5794 ivgis'se
399 5724 825 5797 ὲνιζανομένην·
852 5722 933 5780 sic
954 5722 1096 5778 enim
1128 5721 1384 5789 reddunt,
1422 5722 1769 5790 impermuta-

1860 3280 2048 3334 unus;
2092 3273 2148 3318 at
2182 3264 2338 3334 juxta
2380 3274 2724 3318 communem
2757 3264 3034 3322 naturam,
3076 3269 3246 3310 unum
3282 3259 3433 3310 sunt.

1860 3353 2143 3423 Quomodo
2185 3352 2376 3422 igitur,
2417 3350 2464 3407 si
2505 3364 2650 3404 unus
2685 3356 2741 3404 et
2780 3363 2927 3402 unus
2968 3354 3119 3410 sunt,
3147 3359 3257 3400 non
3302 3350 3435 3399 sunt

1862 3448 1970 3503 duo
1997 3444 2126 3499 Dii?
2153 3442 2423 3510 Quoniam
2454 3456 2550 3496 rex
2585 3439 2788 3497 dicitur
2816 3445 2872 3495 et
2910 3438 3056 3509 regis
3082 3438 3282 3506 imago,
3324 3448 3439 3489 non

1862 3545 2043 3591 autem
2087 3533 2199 3589 duo
2240 3547 2420 3602 reges.
2459 3528 2649 3600 Neque
2688 3529 2835 3585 enim
2864 3535 3110 3598 potestas
3143 3523 3435 3590 scinditur,

1868 3641 2042 3697 neque
2067 3625 2242 3696 gloria
2278 3622 2563 3678 dividitur.
2596 3618 3068 3687 Quemadmodum
3095 3617 3243 3673 enim
3280 3615 3434 3686 prin-

1865 3718 2078 3787 cipatus
2114 3730 2179 3770 ac
2207 3722 2451 3785 potestas
2500 3713 2659 3769 nobis
2706 3711 2999 3767 dominans
3031 3723 3140 3764 una
3172 3715 3259 3764 est
3291 3725 3304 3762 :
3357 3706 3439 3763 sic

1865 3813 1919 3862 et
1968 3804 2291 3877 gloriﬁcatio
2336 3817 2500 3874 quam
2552 3802 2634 3857 illi
2675 3799 2975 3858 deferimus
3016 3814 3124 3855 una
3175 3808 3279 3863 est,
3325 3812 3439 3853 non

1868 3899 2052 3954 multa:
2084 3914 2100 3964 ;
2148 3913 2273 3951 nam
2309 3894 2567 3967 imaginis
2595 3894 2773 3950 honor
2800 3893 2869 3949 ad
2894 3892 3177 3963 exemplar
3207 3889 3433 3946 transit.

1864 3989 2020 4057 Quod
2067 3989 2233 4061 igitur
2272 3987 2365 4042 hic
2411 3995 2498 4041 est
2545 4001 2644 4057 per
2684 3984 3049 4040 imitationem
3099 3985 3301 4053 imago,
3334 3983 3442 4036 hnc

1866 4082 1978 4135 illic
2011 4088 2207 4135 natura
2249 4077 2443 4132 Filius.
2489 4075 2557 4131 Et
2588 4076 3049 4147 quemadmodum
3098 4077 3157 4129 in
3205 4073 3273 4129 iis
3317 4087 3443 4144 quae

1865 4181 1981 4228 arte
2014 4171 2170 4235 ﬁunt,
2201 4170 2505 4228 similitudo
2534 4176 2620 4225 est
2660 4169 2961 4225 secundum
3013 4168 3246 4223 formam
3294 4185 3308 4234 ;
3365 4167 3442 4221 ita

1870 4268 1924 4321 in
1975 4267 2163 4322 divina
2205 4265 2682 4336 incompositaque
2721 4273 2941 4332 natura,
2972 4264 3027 4319 in
3058 4263 3443 4321 communione

1868 4357 2087 4414 deitatis
2129 4366 2216 4415 est
2248 4358 2403 4413 unio.
2441 4354 2596 4411 Unus
2625 4363 2806 4410 autem
2836 4362 2922 4412 est
2952 4362 3007 4410 et
3033 4352 3276 4424 Spiritus
3311 4366 3443 4409 san-

1795 4671 1840 4727 D
1870 4667 1963 4722 bili
1995 4665 2195 4721 Deitati
2219 4663 2552 4718 insidentem.

1939 4736 2050 4808 (45)
2080 4731 2506 4814 Διαμεριζετᾳι.-
2541 4729 2678 4814 ires
2699 4728 2949 4814 “codices
2995 4728 3297 4814 μερίζεται.
3316 4811 3328 4814 _

1869 4796 2044 4878 etiam
2062 4796 2227 4878 paulo
2251 4796 2380 4878 post
2407 4804 2463 4858 in
2490 4801 2686 4878 tribus.
2699 4798 2886 4878 R_egiis
2908 4796 3200 4878 codicibus
3215 4803 3286 4878 et
3305 4796 3442 4851 edit.

1869 4877 2037 4933 Basil.
2063 4865 2369 4930 ’ἀναϐαίνει
2419 4887 2521 4943 pro
2563 4865 2849 4943 διαϐαίνᾶ,
2904 4870 3173 4943 Qbservat
3211 4865 3445 4943 Ducaeus

1871 4948 2116 5002 codicem
2167 4935 2530 5014 Anglicanam
2579 4940 2782 5014 habere
2826 4940 3114 5014 διαϐαίνει,
3161 4945 3328 5014 atque
3369 4935 3443 4989 ita

1870 5016 2173 5087 etiamglegi
2205 5006 2524 5087 _in'_synodo
2557 5010 2808 5087 septima,
2839 5018 2945 5087 act.
2985 5012 3040 5073 '5,
3081 5016 3136 5065 et
3174 5006 3247 5063 in
3272 5006 3448 5087 Syrio:

1872 5088 1998 5142 dico
2036 5074 2311 5142 ThEOdori
2339 5074 2668 5153 patriarchae
2697 5074 3223 5153 Hierosolymorum,
3254 5074 3446 5153 p.154

1873 5158 2005 5212 edit.
2037 5155 2315 5217 Romanae,
2342 5147 2436 5207 ubi
2485 5152 2601 5206 haec
2628 5150 2814 5204 Basilii
2853 5147 3125 5206 sententia
3168 5147 3441 5202 laudatur.

1873 5226 2176 5282 Conﬁrmat
2222 5224 2469 5279 eamdem
2525 5222 2851 5290 scripturam
2882 5222 2966 5275 vir
2995 5218 3445 5290 doctissimus‘ex

1876 5298 2019 5352 libro
2047 5295 2276 5350 Adriani
2304 5308 2459 5363 papa:
2499 5290 2577 5363 De
2602 5284 2946 5363 imaginibus,
2982 5306 3106 5363 cap.
3142 5288 3195 5353 8,
3227 5302 3282 5363 p_.
3318 5284 3443 5363 Hii},

1877 5368 1972 5422 ubi
1998 5367 2200 5421 citatur
2227 5356 2360 5417 illud
2380 5356 2599 5425 'Basilii,
2623 5356 2761 5433 quod
2789 5361 3035 5432 imaginis
3053 5356 3239 5413 'Itonor’
3258 5358 3314 5412 in
3332 5356 3445 5424 pri-

1877 5454 2020 5492 mam
2055 5436 2280 5504 formam
2310 5433 2525 5504 transit.

1950 5499 2064 5578 (ιϐ)
2099 5502 2414 5578 Τεχνικῶν.
2461 5501 2606 5578 Haec
2629 5500 2921 5578 scriptura,
2956 5500 3062 5555 etsi
3090 5499 3147 5554 in
3180 5511 3291 5578 uno
3323 5501 3448 5578 tan-

1877 5563 1993 5633 tum
2018 5563 2290 5644 reperitur
2320 5571 2455 5644 Reg.
2480 5572 2667 5644 tertio,
2706 5563 2864 5644 longe
2896 5563 3074 5644 tamen
3106 5563 3444 5644 praeferenda

1877 5633 2111 5718 vulgata-3
2153 5633 2435 5718 τεχνιτῶνῖ
2481 5633 2685 5697 ibidem
2734 5633 2863 5700 editi
2893 5641 3034 5696 οὕτω
3072 5633 3167 5695 καὶ
3196 5637 3307 5692 ὲπί.
3335 5633 3445 5691 Co-

1879 5714 2028 5774 dices
2058 5731 2190 5773 mss.
2218 5714 2287 5770 ‘ut
2318 5714 2373 5770 in
2409 5720 2689 5770 contextu.
