3862 6216
356 370 454 428 151

1586 368 1645 423 S.
1689 369 1772 423 BA
1784 369 1932 425 SILI]
1974 371 2191 426 MAGNI

3507 384 3611 442 153

355 495 504 553 ctus,
534 496 702 560 atque
731 487 851 559 ipse
877 488 1236 560 singulariter
1256 488 1599 555 enuntiatur,
1640 505 1736 558 per
1768 505 1933 543 unum

2047 492 2108 546 δι’
2151 492 2271 557 ἐνὸς
2298 492 2430 547 Υίοῦ
2469 493 2547 565 τῷ
2598 496 2679 549 ἑνὶ
2719 497 2894 567 Πατρ)⁵
2932 497 3358 567 συναπτόμενον,
3405 499 3499 551 καὶ
3541 499 3608 553 δι’

354 579 555 637 Filium
608 582 702 636 uni
746 579 894 636 Patri
947 584 1257 653 copulatus,
1307 597 1371 636 ac
1413 596 1511 653 per
1557 596 1617 636 se
1655 582 1937 651 complens

354 670 768 743 glorificandam
802 686 970 741 super
1000 672 1186 727 omnia
1216 686 1281 727 ac
1316 671 1531 727 beatam
1559 669 1885 726 Trinitatem
1919 690 1933 727 :

353 763 516 833 cujus
559 778 686 818 cum
732 762 893 818 Patre
941 772 997 819 et
1060 762 1201 819 Filio
1242 764 1583 819 consortium
1626 763 1761 817 satis
1802 763 1937 817 illud

354 852 623 919 declarat,
654 852 803 923 quod
837 853 893 907 iu
935 852 1097 907 turba
1140 859 1521 908 creaturarum
1567 852 1782 922 positus
1826 866 1936 907 non

355 952 463 1008 est,
495 944 591 998 sed
627 944 877 1000 solitarie
908 942 1211 1014 profertur.
1257 942 1447 1013 Neque
1480 943 1625 999 enim
1665 960 1812 999 unus
1852 953 1939 1000 est

356 1035 422 1089 de
467 1034 702 1101 multis;
754 1036 851 1090 sed
908 1051 1052 1091 unus
1099 1043 1204 1091 est.
1259 1035 1734 1102 Quemadmodum
1788 1037 1936 1090 enim

359 1141 503 1181 unus
531 1135 614 1182 est
650 1125 835 1193 Pater,
879 1134 934 1180 et
966 1141 1110 1181 unus
1144 1124 1373 1204 Filius;
1422 1128 1498 1180 ita
1554 1134 1610 1182 et
1661 1142 1804 1181 unus
1851 1134 1938 1183 est

361 1217 605 1290 Spiritus
660 1228 909 1274 sanctus.
964 1217 1032 1272 Et
1065 1232 1198 1273 vero
1238 1233 1269 1272 a
1313 1225 1695 1274 creaturarum
1739 1227 1936 1272 natura

359 1319 572 1366 tantum
607 1319 942 1377 semovetur,
994 1320 1264 1381 quantum
1302 1326 1404 1381 par
1431 1317 1517 1366 est
1551 1309 1607 1365 id
1638 1309 1783 1379 quod
1818 1310 1933 1364 sin-

354 1400 548 1471 gulare
583 1408 687 1461 est,
722 1416 753 1453 a
797 1400 1106 1455 collectivis
1142 1409 1198 1456 et
1242 1400 1653 1456 multitudinem
1686 1400 1940 1455 habenti-

356 1493 460 1548 bus
530 1494 757 1549 distare.
829 1491 976 1546 Patri
1039 1501 1224 1547 autem
1282 1508 1347 1548 ac
1414 1490 1553 1547 Filio
1601 1493 1657 1545 in
1725 1498 1936 1546 tantum

355 1587 552 1642 unitus
590 1596 710 1653 est,
752 1596 1023 1656 quantum
1064 1584 1328 1641 consortii
1376 1584 1541 1639 habet
1587 1584 1770 1640 unitas
1810 1598 1938 1638 cum

357 1681 594 1736 unitate.

425 1771 514 1827 46.
558 1771 666 1827 Sed
708 1785 810 1826 nec
849 1770 980 1825 hinc
1011 1770 1192 1826 solum
1235 1768 1502 1840 probatur
1546 1775 1756 1823 natura:
1786 1783 1937 1823 com-

2039 584 2233 637 ἑαυτοῦ
2278 585 2631 657 συμπληροῦν
2664 587 2763 657 τὴν
2788 586 3161 659 πολυύμνητον
3208 590 3299 642 καὶ
3335 591 3611 661 μακαρίαν

2038 675 2278 746 Τριάδα’
2336 668 2398 731 οὗ
2436 677 2535 749 τὴν
2569 678 2705 749 πρὸς
2744 678 2964 751 Πατέρα
3013 681 3108 733 καὶ
3159 679 3287 733 Υἱὸν
3336 682 3610 736 οίκείωσιν

2042 766 2244 830 ἱκανῶς
2281 767 2539 838 ἐμφαίνει
2585 769 2647 822 τὸ
2673 768 2748 840 μὴ
2794 771 2852 823 ὲν
2895 769 2973 841 τῷ
3000 769 3193 841 πλήθει
3239 770 3340 840 τῆς
3386 772 3611 836 κτίσεως

2036 858 2319 930 τετάχθαι,
2346 859 2482 914 ἀλλά
2510 860 2761 932 μοναχῶς
2786 862 3165 931 ἐκφωνεῖσθαι.
3191 862 3264 914 Οὐ
3288 861 3395 930 γὰρ
3419 862 3477 914 ἓν
3504 863 3611 915 τῶν

2038 951 2249 1005 πολλῶν
2278 954 2424 1006 ἐστιν
2444 970 2457 983 ·
2488 952 2603 1008 ἀλλ’
2624 953 2682 1007 ἓν
2712 957 2878 1010 ἐστιν.
2914 955 2999 1018 Ὧς
3022 955 3131 1027 γὰρ
3159 950 3238 1019 εἷς
3267 955 3454 1025 Πατὴρ
3475 956 3609 1025 (47),

2038 1044 2132 1097 καὶ
2184 1039 2266 1109 εἷς
2295 1044 2444 1110 Υἱὸς,
2494 1045 2637 1099 οὕτω
2679 1047 2772 1100 καὶ
2804 1046 2861 1100 ἓν
2895 1046 3118 1119 Πνεῦμα
3147 1047 3321 1116 ἅγιον.
3358 1048 3468 1118 Τῆς
3513 1048 3612 1119 μὲν

2036 1132 2129 1189 οῦν
2162 1138 2389 1209 κτιστῆς
2431 1138 2647 1208 φύσεως
2683 1138 2938 1192 τοσοῦτον
2981 1139 3443 1212 ἀποκεχώρηκεν,
3489 1141 3612 1192 ὅσον

2040 1228 2186 1294 εἰκὸς
2229 1231 2291 1283 τὸ
2338 1231 2625 1302 μοναδικόν
2655 1231 2765 1285 τῶν
2813 1231 3235 1302 συστηματικῶν
3272 1233 3366 1286 καὶ
3408 1231 3612 1300 πληθυ-

2040 1322 2176 1391 σμδν
2233 1323 2468 1393 ἑχόντων
2490 1340 2504 1352 ο
2554 1323 2730 1394 Πατρὶ
2774 1322 2831 1375 δὲ
2876 1323 2972 1376 καὶ
3024 1322 3137 1393 Υίῴ
3174 1322 3316 1377 κατά
3364 1322 3613 1376 τοσοῦτον

2037 1411 2265 1482 ἥνωται,
2297 1412 2527 1466 καθόσον
2557 1412 2669 1483 ἔχει
2701 1412 2869 1483 μονὰς
2903 1413 3039 1486 πρὸς
3067 1413 3270 1484 μονάδα
3289 1413 3388 1485 τὴν
3425 1414 3617 1468 οἰκειό-

2036 1520 2195 1573 τητα.

2111 1770 2201 1825 46.
2230 1770 2336 1824 Καὶ
2366 1770 2466 1823 οὐκ
2500 1770 2749 1824 ἐντεῦθεν
2792 1771 2951 1842 μόνον
2990 1771 3091 1840 τῆς
3144 1769 3287 1824 κατὰ
3327 1770 3426 1839 τὴν
3453 1768 3614 1839 φύσιν

352 1862 564 1923 muuio.
610 1876 801 1915 verum
841 1860 993 1915 illinc
1035 1874 1280 1930 quoque,
1332 1859 1481 1929 quod
1539 1875 1603 1913 ex
1659 1857 1771 1912 Deo
1816 1872 1933 1914 esse

2047 1861 2327 1923 κοινωνίας
2347 1861 2402 1913 αἱ
2430 1858 2733 1925 ἀποδείξεις
2751 1834 2884 1932 (ί8),
2905 1861 3020 1915 ἀλλ’
3048 1834 3132 1914 ότι
3161 1860 3253 1914 καὶ
3278 1861 3341 1912 ὲκ
3363 1834 3613 1913 τοῦ-Θεοῦ

353 1947 607 2016 dicitur;
650 1965 762 2004 non
815 1948 963 2004 sicut
1004 1963 1071 2004 ex
1105 1947 1217 2004 Deo
1256 1956 1389 2004 sunt
1423 1948 1633 2012 omnia,
1675 1947 1771 2004 sed
1818 1959 1936 2003 tan-

353 2056 518 2112 quam
562 2055 631 2095 ex
674 2039 789 2095 Deo
821 2039 1127 2110 procedens
1170 2057 1187 2104 ;
1229 2054 1339 2094 non
1364 2054 1461 2109 per
1496 2039 1933 2110 generationem,

352 2132 817 2204 quemadmodum
848 2130 1047 2196 Filius,
1093 2132 1191 2188 sed
1235 2141 1500 2202 tanquam
1545 2130 1789 2203 Spiritus
1823 2133 1937 2189 oris

353 2224 498 2293 ejus.
542 2222 783 2280 Omnino
829 2233 1013 2280 autem
1075 2240 1178 2279 nec
1216 2239 1281 2280 os
1333 2225 1641 2280 membrum
1692 2233 1798 2288 est,
1836 2242 1938 2281 nec

356 2315 597 2387 Spiritus
639 2324 726 2372 est
791 2316 952 2373 ﬂatus
1009 2316 1365 2383 resolubilis;
1418 2316 1516 2373 sed
1560 2324 1615 2372 et
1651 2332 1735 2381 os,
1773 2326 1938 2388 prout

354 2405 467 2463 Deo
493 2398 770 2472 convenit,
799 2409 1025 2474 dicitur,
1059 2418 1114 2464 et
1159 2406 1405 2479 Spiritus
1446 2409 1691 2464 essentia
1723 2410 1933 2473 vivens,

350 2500 809 2564 sanctiﬁcationis
846 2500 1093 2562 domina.
1121 2500 1195 2554 ita
1238 2509 1297 2554 ut
1344 2501 1686 2555 consortium
1713 2499 1935 2567 quidem

354 2590 483 2646 inde
511 2591 843 2656 declaretur,
870 2591 1068 2647 modus
1105 2599 1287 2646 autem
1318 2592 1652 2647 exsistentiaa
1692 2593 1938 2648 ineliahi-

356 2681 428 2736 lis
458 2689 732 2736 servetur.
760 2681 871 2753 39
903 2679 1049 2748 Quin
1089 2690 1145 2737 et
1185 2680 1427 2753 Spiritus
1468 2684 1672 2741 Christi
1710 2685 1934 2748 dicitur,

353 2779 615 2842 tauquam
664 2771 746 2827 illi
801 2782 999 2828 natura
1047 2772 1404 2843 coniunctus.
1452 2774 1662 2846 quue,
1714 2774 1774 2830 Si
1819 2778 1935 2846 quia

355 2861 561 2922 Christi
606 2864 868 2935 Spiritum
911 2885 1017 2924 non
1057 2869 1237 2935 habet,
1278 2870 1364 2924 hic
1416 2888 1521 2925 non
1564 2881 1643 2926 est
1688 2872 1804 2943 ejus
1865 2873 1932 2925 ⁸².

357 2954 514 3012 Unde
535 2959 688 3014 solus
720 2958 959 3031 Spiritus
981 2961 1145 3030 digne
1171 2962 1444 3032 gloriﬁcat
1485 2963 1799 3019 Dominum.
1834 2962 1938 3019 Ille

355 3050 518 3115 enim,
556 3049 759 3120 inquit,
809 3066 891 3105 me
927 3050 1256 3122 gloriﬁcabit
1286 3054 1515 3121 “Linon
1556 3063 1616 3108 ut
1659 3064 1932 3117 creatura,

356 3139 454 3198 sed
513 3149 774 3212 tanquam
849 3141 1095 3213 Spiritus
1144 3146 1418 3209 veritatis,
1468 3146 1707 3202 dilucide
1759 3146 1816 3201 in
1877 3163 1937 3201 se

2038 1947 2179 2005 εἶναι
2204 1949 2424 2018 λέγεται
2445 1965 2460 1977 ’
2487 1952 2585 2020 οὐχ
2606 1949 2683 2012 ὡς
2712 1950 2782 2004 τὰ
2812 1950 2990 2003 πάντα
3014 1951 3079 2003 ὲκ
3109 1948 3201 2003 τοῦ
3223 1947 3381 2010 Θεοῦ,
3400 1946 3515 2002 ἀλλ’
3536 1948 3612 2011 ὠς

2036 2047 2102 2099 ὲκ
2133 2043 2228 2097 τοῦ
2253 2043 2389 2097 Θεοῦ
2432 2042 2725 2114 προελθόν·
2755 2044 2816 2096 οὐ
2846 2041 3121 2112 γεννητῶς
3155 2042 3231 2106 ὼς
3259 2042 3288 2093 ό
3319 2040 3468 2106 Υίὺς,
3498 2039 3610 2093 ἀλλ’

2034 2139 2111 2203 ὼς
2166 2136 2392 2208 Πνεῦμα
2448 2135 2717 2206 στόματος
2758 2135 2948 2189 αὐτοῦ.
2995 2136 3221 2197 Πάντως
3274 2133 3331 2186 δὲ
3384 2130 3510 2185 οὔτε
3553 2135 3614 2185 τδ

2037 2231 2214 2302 στόμα
2250 2229 2430 2301 μέλος,
2476 2227 2599 2281 οὔτε
2634 2227 2772 2297 πνοὴ
2806 2225 3040 2298 λυομένη
3072 2227 3132 2279 τὸ
3174 2225 3427 2296 Πνεῦμα·
3477 2225 3613 2278 ἀλλά

2038 2323 2133 2376 καὶ
2158 2321 2217 2374 τὸ
2246 2321 2421 2391 στόμα
2448 2317 2788 2388 θεοπρεπῶς,
2809 2317 2984 2370 καὶτὸ
3006 2315 3232 2387 Πνεῦμα
3260 2316 3417 2370 οὐσία
3440 2314 3611 2381 ζῶσα.

2038 2411 2309 2485 ἀγιασμοῦ
2359 2412 2558 2481 κυρία·
2610 2411 2712 2480 τῆς
2761 2410 2860 2481 μὲν
2898 2409 3227 2479 οἰκειότητος
3280 2406 3613 2477 δηλουμένης

2038 2505 2308 2566 ἐντεῦθεν,
2342 2503 2435 2558 τοῦ
2466 2503 2523 2557 δὲ
2555 2503 2758 2574 τρόπου
2789 2503 2889 2571 τῆς
2922 2500 3206 2572 ὑπάρξεως
3236 2500 3477 2571 ἀρρήτου
3502 2496 3614 2567 (49)

2038 2596 2471 2667 φυλασσομένου.
2501 2593 2664 2647 Ἀλλὰ
2703 2592 2797 2646 καὶ
2839 2591 3064 2662 Πνεῦμα
3101 2589 3337 2662 Χριστοῦ
3374 2588 3613 2658 λέγεται,

2035 2690 2111 2753 ὡς
2136 2687 2481 2761 ᾠκειωμένον
2519 2687 2662 2740 κατὰ
2693 2686 2791 2756 τὴν
2818 2683 2981 2753 φύσιν
3007 2681 3176 2753 αὐτῷ.
3202 2681 3300 2735 Διά
3324 2678 3618 2751 τοῦτο

2036 2781 2112 2835 El
2131 2798 2222 2846 τις
2245 2779 2488 2849 Πνεῦμα
2511 2774 2768 2845 Χριστοῦ
2793 2778 2905 2829 οὐκ
2933 2774 3081 2844 ἔχει,
3110 2770 3289 2839 οὗτος
3313 2774 3425 2827 οὐκ
3444 2771 3622 2826 ἐστιν

2036 2872 2245 2927 αὑτοῦ.
2266 2870 2432 2924 ’Ὀθεν
2464 2871 2623 2941 μόνον
2646 2867 2811 2934 ἀξίως
2840 2865 3053 2932 δοξάζει
3074 2866 3165 2919 τὸν
3194 2864 3417 2936 Κύριον.
3437 2862 3618 2917 Ἐκεῖ-

2037 2983 2143 3030 νος
2170 2966 2281 3033 γὰρ
2311 2963 2417 3033 ἐμὲ
2449 2962 2720 3028 δοξάσει,
2763 2963 2948 3031 φησὶν,
2976 2961 3075 3030 οὐχ
3102 2959 3178 3023 ὡς
3209 2960 3242 3030 ἡ
3273 2958 3449 3020 κτίσις
3477 2955 3616 3027 (5i),

2038 3058 2153 3112 ἀλλ’
2191 3058 2268 3122 ὡς
2300 3055 2528 3126 Πνεῦμα
2556 3055 2656 3125 τῆς
2693 3054 2972 3125 ἀληθείας,
3017 3051 3230 3124 τρανῶς
3274 3051 3527 3119 ἐκφαῖνον
3559 3050 3622 3100 ὲν

2039 3146 2219 3218 ἑαυτῷ
2258 3147 2359 3216 τὴν
2403 3145 2690 3217 ἀλήθειαν·
2746 3142 2839 3197 καὶ
2888 3142 2964 3205 ὡς
3009 3139 3233 3210 Πνεῦμα
3277 3138 3470 3206 σοφίας
3522 3136 3622 3190 τὸν

359 3233 482 3303 ipso
510 3232 804 3289 declarans
832 3234 1120 3291 veritatem
1155 3254 1170 3304 ;
1203 3244 1259 3292 et
1288 3245 1550 3309 tanquam
1584 3237 1823 3307 Spiritus
1856 3254 1933 3293 sa-

2047 3239 2296 3311 Χριστὸν,
2328 3237 2426 3308 τὴν
2471 3235 2565 3290 τοῦ
2609 3233 2744 3289 Θεοῦ
2792 3233 3039 3304 δύναμιν,
3074 3231 3171 3285 καὶ
3212 3230 3312 3301 τὴν
3342 3227 3436 3282 τοῦ
3480 3227 3620 3281 Θεοῦ

359 3325 604 3396 ρὶεηιίω,
634 3324 918 3383 Christum
941 3326 1036 3396 qui
1060 3334 1147 3383 est
1180 3327 1273 3383 Dei
1306 3329 1483 3384 virtus
1511 3339 1568 3385 et
1593 3329 1689 3385 Dei
1719 3332 1928 3401 sapien-

359 3417 457 3480 tia,
482 3417 536 3470 in
567 3432 668 3471 sua
696 3417 1073 3489 magnitudine
1099 3419 1370 3474 revelans.
1404 3417 1650 3489 Denique
1674 3427 1937 3491 tauquam

358 3509 691 3564 Consolator
733 3509 790 3565 in
834 3508 1020 3580 seipso
1048 3509 1311 3579 exprimit
1335 3511 1739 3575 Consolatoris,
1774 3529 1800 3564 a
1829 3529 1941 3582 quo

359 3601 566 3657 missus
588 3607 694 3666 est,
726 3599 1069 3657 bonitatem:
1113 3610 1170 3658 et
1208 3603 1263 3656 in
1291 3617 1389 3657 sua
1426 3602 1647 3673 prepria
1676 3602 1940 3672 dignitate

358 3694 483 3764 ejus
512 3708 543 3749 a
575 3709 685 3765 quo
715 3694 1007 3767 processit,
1038 3694 1380 3766 maiestatem
1419 3695 1657 3751 exhibet.
1707 3694 1805 3751 Est
1840 3698 1942 3767 igi-

362 3796 453 3843 tur
478 3788 674 3857 gloria,
712 3789 820 3844 alia
843 3788 1068 3859 quidem
1099 3789 1395 3854 naturalis,
1431 3789 1600 3844 veluti
1638 3790 1810 3860 gloria
1845 3807 1940 3845 so-

361 3878 431 3935 lis
459 3887 545 3935 est
588 3880 774 3934 lumen
806 3897 821 3947 ;
852 3879 963 3935 alia
998 3891 1248 3945 externa,
1280 3896 1405 3951 qua:
1434 3895 1501 3936 ex
1533 3880 1710 3936 libera
1744 3882 1941 3936 volun-

360 3977 472 4024 tate
510 3983 635 4023 cum
663 3970 875 4039 judicio
914 3970 1097 4043 dignis
1146 3970 1413 4026 defertur.
1452 3970 1524 4025 At
1569 3971 1685 4026 haac
1718 3987 1939 4026 rursum

360 4062 579 4134 gemina
609 4072 710 4119 est.
747 4061 927 4118 Filius
969 4065 1131 4127 enim,
1162 4065 1364 4134 inquit,
1407 4064 1676 4136 gloriﬁcat
1712 4075 1939 4134 patrem,

359 4164 410 4211 et
440 4170 618 4208 servus
653 4154 925 4209 dominum
955 4172 1109 4211 suum
1135 4157 1201 4211 ⁸⁸.
1230 4156 1418 4226 Itaque
1461 4172 1529 4211 ex
1574 4157 1660 4212 his
1704 4156 1939 4219 duabus,

361 4261 428 4302 ea
478 4262 601 4318 qua:
651 4247 871 4303 servilis
910 4255 1016 4311 est,
1053 4262 1083 4301 a
1137 4255 1390 4303 creatura
1433 4247 1680 4301 defertur
1721 4264 1736 4313 ;
1769 4247 1943 4300 altera

363 4352 492 4393 vero
524 4352 665 4407 quae,
698 4345 760 4391 ut
796 4337 870 4391 ita
904 4337 1119 4407 loquar,
1158 4336 1569 4391 contubernalis
1598 4343 1703 4398 est,
1737 4352 1769 4390 a
1819 4336 1943 4406 Spi-

364 4430 475 4484 ritu
536 4437 848 4498 praestatur.
923 4427 1392 4495 Quemadmodum
1454 4428 1600 4481 enim
1641 4428 1710 4484 de
1761 4427 1943 4497 seipso

2043 3332 2236 3402 σοφίαν
2265 3332 2322 3383 ὲν
2352 3328 2431 3400 τῷ
2464 3326 2654 3382 ἑαυτοῦ
2687 3325 2907 3396 μεγέθει
2941 3323 3347 3379 ἀποκαλύπτον.
3391 3321 3505 3376 Καὶ
3540 3320 3621 3384 ὡς

2040 3422 2396 3495 Παράκλητος
2423 3421 2479 3473 δὲ
2509 3422 2565 3473 ὲν
2597 3418 2776 3489 ἐαυτῷ
2809 3417 3206 3489 χαρακτηρίζει
3247 3412 3343 3468 τοῦ
3367 3413 3625 3467 ἀποστεί-

2040 3514 2231 3576 λαντος
2263 3506 2425 3566 αὑτὸν
2450 3510 2809 3583 Παρακλήτου
2832 3509 2931 3581 τὴν
2960 3507 3273 3578 ἀγαθότητα
3290 3524 3303 3537 ·
3329 3504 3424 3559 καὶ
3455 3506 3513 3558 ἐν
3540 3504 3624 3574 τῷ

2041 3604 2235 3660 ἑαυτοῦ
2270 3603 2539 3675 ἀξιώματι
2580 3601 2679 3674 τὴν
2707 3599 3095 3673 μεγαλωσύνην
3126 3598 3381 3670 ἐμφαίνει
3400 3595 3501 3666 τὴν
3520 3594 3620 3648 τοῦ

2040 3698 2163 3752 ὅθεν
2196 3694 2487 3768 προῆλθεν.
2515 3695 2703 3748 Ἔστιν
2732 3687 2824 3746 οὖν
2846 3691 2973 3758 δόξα
2998 3692 3031 3763 ἡ
3057 3690 3155 3761 μέν
3180 3706 3264 3753 τις
3295 3686 3517 3759 φυσικὴ,
3542 3686 3623 3750 ὡς

2040 3789 2169 3857 δόξα
2216 3788 2367 3859 ἡλίου
2400 3786 2462 3839 τὸ
2512 3785 2661 3855 φῶς·
2696 3787 2729 3852 ὴ
2765 3784 2824 3837 δέ
2861 3800 2946 3847 τις
2994 3781 3213 3846 ἔξωθεν,
3247 3783 3281 3851 ἡ
3316 3782 3381 3833 ὲκ
3423 3795 3622 3849 προαι-

2045 3880 2280 3952 ρέσεως,
2315 3878 2657 3950 κεκριμένως
2686 3875 2799 3947 (52)
2842 3877 2953 3937 τοῖς
2997 3872 3168 3937 ἀξίοις
3210 3869 3624 3942 προσαγομένη.

2041 3970 2215 4041 Διπλῆ
2242 3970 2299 4023 δὲ
2322 3969 2417 4023 καὶ
2444 3966 2607 4038 αῦτη.
2627 3966 2757 4032 Υἱὸς
2781 3965 2913 4036 γὰρ,
2944 3964 3098 4034 φησι,
3122 3961 3353 4027 δοξάζει
3373 3959 3621 4029 πατέρα,

2043 4062 2142 4117 καὶ
2172 4061 2394 4126 δοῦλος
2424 4058 2532 4112 τὸν
2572 4057 2781 4125 κύριον
2829 4054 3040 4109 αὐτοῦ.
3089 4053 3307 4107 Τούτων
3353 4050 3532 4104 τοίνυν
3581 4052 3621 4121 ὴ

2045 4154 2145 4224 μὲν
2184 4151 2405 4223 δουλικὴ
2447 4149 2602 4222 παρὰ
2642 4148 2742 4219 τῆς
2789 4147 3019 4210 κτίσεως
3064 4145 3430 4217 προσάγεταιο
3465 4146 3501 4215 ἡ
3539 4141 3622 4209 δὲ,

2043 4246 2111 4299 ἵν’
2144 4244 2314 4308 οὕτως
2344 4243 2504 4306 εἴπω,
2544 4241 2795 4311 οἰκειακὴ
2835 4239 2987 4310 παρά
3023 4237 3115 4291 τοῦ
3158 4236 3480 4306 Πνεύματος
3524 4234 3626 4287 ὲκ-

2043 4335 2365 4408 πληροῦται.
2404 4334 2493 4397 Ὠς
2530 4332 2639 4405 γὰρ
2684 4331 2815 4403 περὶ
2865 4328 3058 4383 ἑαυτοῦ
3105 4329 3320 4398 ἔλεγεν·
3364 4326 3503 4396 Ἐγώ
3544 4342 3628 4380 σε

2041 4428 2312 4492 ἐδόξασα
2340 4425 2438 4479 ἐπὶ
2469 4424 2579 4494 τῆς
2603 4422 2737 4494 τῆς,
2769 4421 2836 4477 τὸ
2868 4421 3046 4490 ἔργον
3071 4420 3389 4474 ἐτελείωσα
3419 4418 3451 4471 ὃ
3474 4415 3625 4471 ἐδω-

364 4522 503 4577 dixit
532 4541 547 4577 :
582 4520 696 4592 Ego
736 4532 786 4575 te
804 4520 1100 4591 giori/icaui
1138 4535 1295 4588 super
1340 4527 1563 4581 terram,
1590 4534 1719 4587 opus
1744 4518 1933 4588 perfeci

2047 4518 2156 4583 κάς
2178 4534 2281 4587 μοι
2305 4518 2406 4570 ἵνα
2439 4514 2706 4583 ποιήσω’
2746 4510 2892 4566 οὕτω
2922 4511 3017 4564 καὶ
3050 4511 3176 4579 περὶ
3207 4507 3300 4562 τοῦ
3331 4505 3631 4580 Παρακλή-

361 4613 501 4683 quod
537 4613 731 4669 dedisti
762 4614 890 4668 mihi
932 4622 990 4666 ut
1021 4613 1325 4682 perﬁcerem
1352 4610 1398 4643 ⁸⁸
1427 4628 1442 4674 ;
1478 4612 1557 4665 sic
1586 4619 1639 4665 et
1675 4611 1743 4665 de
1775 4609 1940 4663 Para-

364 4704 506 4759 cleto
522 4707 729 4762 dictum
750 4713 832 4761 est
856 4724 870 4760 :
893 4703 991 4759 Ille
1017 4720 1096 4758 me
1118 4701 1461 4774 gloriﬁcabit,
1485 4702 1735 4772 quoniam
1753 4701 1816 4756 de
1831 4718 1940 4755 meo

362 4796 609 4861 accipiet,
637 4806 687 4851 et
714 4793 1055 4849 armuntiabit
1079 4793 1226 4850 vobis
1256 4793 1325 4847 ⁸⁸.
1362 4792 1429 4847 Ει
1476 4794 1939 4864 quemadmodum

362 4885 540 4943 Filius
576 4889 919 4960 glorificatur
949 4902 981 4941 a
1010 4885 1193 4950 Patre,
1232 4886 1327 4957 qui
1372 4886 1470 4950 ait,
1517 4884 1585 4939 Et
1620 4886 1937 4956 gloriﬁcavi,

434 5021 481 5054 “
524 5021 681 5075 Rom.
720 5036 839 5085 vm,
871 5021 929 5077 9.
1002 5021 1049 5054 ⁸³
1084 5018 1242 5076 Joan.
1283 5037 1397 5089 ινι,
1437 5021 1524 5076 ﬂ.
1601 5021 1648 5052 ⁸⁸
1682 5022 1909 5077 Malach.
1946 5041 1981 5088 ι,
2019 5024 2071 5080 6.

437 5138 551 5207 (47)
590 5139 686 5211 Ὡς
718 5139 839 5211 γὰρ
871 5136 959 5207 εἷς
1002 5140 1225 5209 Πατήρ.
1278 5140 1485 5211 Vocula
1525 5140 1633 5211 γάρ
1666 5139 1849 5211 addita
1880 5157 1945 5196 ex

364 5211 643 5294 veteribus
674 5210 833 5266 libris
890 5211 1063 5294 Paulo
1094 5222 1219 5294 post
1249 5210 1608 5294 tres‘codices
1637 5210 1699 5264 τὸ
1728 5211 1945 5282 μοναδι-

367 5280 716 5365 κόνιηῳεξίμε
739 5282 1068 5365 quanLediti
1230 5280 1538 5365 μοναδικόν.
1822 5354 1832 5364 .

439 5348 552 5419 (48)
581 5352 650 5404 Al
685 5348 1046 5434 ἀποδείξεις.
1231 5348 1315 5434 ἐξ
1356 5352 1612 5434 omnibus
1630 5352 1945 5434 “codicibus

366 5434 469 5503 pro
494 5435 559 5473 eo
589 5421 738 5503 quod
772 5430 891 5503 erat
930 5424 983 5477 in
1024 5422 1187 5503 editis
1230 5425 1262 5491 ὴ
1286 5421 1588 5503 ἀπόδειξις.
1626 5422 1795 5503 Pau|_o
1823 5434 1946 5493 post

367 5489 534 5545 iidem
562 5489 783 5546 codices
811 5493 872 5545 οὐ
902 5492 1198 5562 γεννητῶς,
1234 5489 1362 5546 editi
1394 5491 1515 5545 οὐδὲ
1540 5489 1840 5564 γεννητῶςξ

384 5631 398 5636 Α
419 5558 551 5636 (49)
594 5559 893 5636 ’έρῤλήτομ
940 5561 1094 5636 linus
1121 5579 1187 5616 ex
1221 5562 1405 5632 Regiis
1434 5579 1558 5636 cum
1579 5564 1818 5636 (Iolbert.
1844 5564 1943 5636 ἀρ-

439 5579 551 5627 um
603 5579 893 5627 Αρρητου.
942 5579 1094 5617 unus
1121 5579 1187 5616 ex
1221 5579 1405 5632 ηεειιε
1434 5579 1558 5616 cum
1579 5579 1818 5618 nomen.

369 5631 567 5713 M735.
600 5628 771 5713 Paulo
800 5641 922 5713 post
955 5631 1411 5713 Regius-quartus
1438 5634 1829 5713 ρίκειούμενον,

441 5699 551 5768 (50)
585 5698 923 5778 Διὰ-τοῦτο.
960 5698 1139 5755 Editio
1167 5698 1537 5778 Paris._adi_lit
1572 5698 1756 5776 φησίν,
1791 5702 1935 5778 quod

264 5818 267 5821 ,
369 5770 521 5827 abest
552 5785 582 5826 a
615 5771 897 5827 codicibus
927 5787 1060 5830 mss.
1090 5779 1143 5829 et
1172 5772 1303 5829 edit.
1340 5770 1505 5827 Basil.

2046 4627 2173 4665 τουο
2212 4610 2474 4676 Ἐκεῖνος
2509 4607 2614 4678 ἐμὲ
2640 4606 2919 4672 δοξάσει,
2958 4604 3048 4658 ὅτι
3075 4604 3143 4657 ἐκ
3184 4603 3291 4657 τοῦ
3334 4602 3480 4672 ἐμοῦ
3513 4601 3632 4669 ,λή-

2046 4705 2223 4772 ⁸Ψεται
2246 4701 2380 4772 (55),
2412 4699 2514 4754 καὶ
2539 4696 2863 4768 ἀναγγελεῖ
2892 4695 3056 4767 ὑμῖν.
3090 4696 3202 4749 Καὶ
3238 4695 3314 4757 ὼς
3341 4693 3634 4760 δοξάζεται

2048 4795 2178 4860 Υἱὸς
2204 4794 2355 4867 παρὰ
2380 4793 2475 4847 τοῦ
2502 4792 2735 4864 Πατρὸς,
2760 4792 3008 4861 λέγοντος
3028 4808 3042 4822 ο
3074 4790 3184 4846 Καὶ
3205 4788 3487 4854 ἐδόξασα,
3522 4789 3629 4841 καὶ

2049 4889 2236 4943 πάλιν
2256 4887 2496 4953 δοξάσω
2514 4906 2527 4918 ·
2564 4886 2707 4941 οὕτω
2733 4886 3017 4953 δοξάζεται
3044 4886 3107 4940 τὸ
3137 4884 3365 4956 Πνεῦμα
3394 4883 3485 4937 διὰ
3523 4880 3635 4953 τῆς

2183 5024 2231 5057 ⁸⁸
2268 5022 2428 5078 Joan.
2473 5038 2606 5089 xvn,
2632 5024 2687 5078 4.
2785 5024 2832 5056 ⁸⁸
2869 5022 3028 5078 Joan.
3069 5038 3180 5086 ινι,
3215 5021 3303 5077 14.

2131 5141 2242 5209 (51)
2283 5142 2347 5197 Ἡ
2395 5141 2612 5206 κτίσις,
2677 5139 2769 5194 Sic
2812 5156 2903 5195 sex
2950 5154 3082 5194 mss.
3126 5136 3392 5209 codices:
3428 5134 3558 5209 editi
3591 5136 3633 5208 ὴ

2052 5205 2498 5286 γεννητηφῦσις.
2532 5205 2608 5286 εξ
2641 5209 3150 5286 iisdenrcodicihus
3180 5207 3501 5286 patilo~post
3539 5205 3631 5259 lc;

2052 5277 2231 5353 gitnus
2260 5277 2343 5336 liis
2369 5280 2585 5353 ἑαυτοῦ,
2612 5297 2739 5353 cum
2771 5280 2904 5335 editi
2930 5277 3195 5353 haberent
3217 5277 3404 5331 αὑτοῦ.

2120 5351 2233 5420 (52)
2265 5342 2650 5420 Κεκριμένως.
2704 5348 2839 5419 Reg.
2885 5346 3080 5420 tertius
3127 5347 3202 5410 ὡς
3253 5342 3627 5420 κεκριμένως.

2051 5417 2251 5475 Ibidem
2274 5417 2407 5488 Reg.
2436 5417 2630 5477 tertius
2656 5422 2769 5483 τοῖς
2795 5417 2976 5488 ἀγίοις
3003 5417 3408 5488 προσαγομένη..

2121 5492 2234 5557 (55)
2264 5484 2553 5559 Adii-erat.
2586 5490 2723 5546 Tres
2767 5484 2918 5560 Regii
2957 5484 3337 5560 cogdices'cum
3371 5484 3625 5560 Qolbert.

2047 5555 2551 5631 λαμϐάνειέῬευΙο
2588 5568 2713 5631 post
2740 5555 2885 5631 unus
2918 5576 2983 5615 ex
3011 5558 3200 5631 Regiis
3222 5555 3621 5631 cum‘Qolliert.

2047 5622 2140 5685 mi
2173 5632 2282 5701 ἐγὼ
2304 5631 2532 5695 ἐδόξασά
2554 5622 2633 5686 σὲ.
2666 5629 2811 5687 Infra
2835 5627 2972 5702 Reg.
2998 5622 3273 5688 secundus
3298 5626 3360 5680 δι’
3383 5622 3629 5697 ἀοράτου

2046 5701 2328 5775 δυνάμεως
2357 5702 2708 5775 φωτιστικῆς.
