3862 6216
192 314 278 371 {53
1282 312 1482 366 LIBER
1526 311 1613 365 DE
1648 310 1717 365 5P

1884 311 1924 366 U
1960 311 2246 369 SANCTO.
3304 313 3407 370 154

194 426 306 498 πρὸς
342 426 558 496 Πατέρα
596 426 692 478 καὶ
740 424 867 477 Υἱὸν
906 423 1217 487 κοινωνίας,
1250 426 1342 478 καὶ
1384 425 1471 478 διὰ
1507 427 1605 493 τῆς
1640 424 1719 477 τοι

1882 433 1888 473 ε
1933 425 2122 478 iterum
2164 422 2477 496 glori/icabo
2506 422 2554 455 ⁸⁷
2611 441 2625 477 :
2671 420 2753 477 sic
2796 421 3137 492 gloriﬁcatur
3173 420 3407 491 Spiritus

189 516 491 585 Μονογενοῦς
557 516 882 586 μαρτυρίας,
934 516 1214 584 λέγοντος·
1266 515 1442 571 Πᾶσα
1480 516 1714 585 ἁμαρτίι

1881 532 1934 572 er
1963 517 2307 572 consortium
2338 515 2486 586 quod
2520 513 2686 569 habet
2729 528 2857 568 cum
2888 511 3048 569 Patre
3070 521 3126 567 et
3164 512 3324 572 Filio.
3354 521 3406 569 et

188 611 269 665 καὶ
303 609 664 677 βλασφημιά
723 607 1089 681 ἀφεθήσρται
1137 607 1280 677 ὑμῖν
1326 608 1451 673 τοῖς
1506 607 1713 677 ἀνθρὼ-

1881 623 1931 661 er
1978 606 2257 679 Unigeniti
2305 607 2715 671 testimonium,
2750 605 2988 661 dicentis
3027 624 3040 660 :
3080 604 3246 661 Omne
3289 620 3406 667 pec-

186 697 327 767 ποιςξ
339 702 377 769 ἡ
395 699 462 754 δὲ
493 700 600 753 τοῦ
619 701 962 769 Πνεύματος
991 700 1358 769 ,ϐλασφημία
1377 701 1487 753 οὐκ
1503 697 1711 767 ἀφεθή·

1880 709 2011 752 ttum
2037 708 2086 753 et
2108 698 2432 768 blasphemia
2453 700 2748 754 remittetur
2769 695 2911 751 vobis
2963 696 3283 763 hominibus,
3315 694 3405 750 sed

184 809 348 847 σεται.

1829 789 1885 844 in
1919 788 2182 856 Spiritum
2215 789 2545 858 blasphemia
2572 806 2679 844 non
2708 789 3003 842 remittetur
3039 786 3106 841 ⁸⁸.

239 887 315 940 47.
352 885 563 956 Ἐπειδὴ
591 885 649 938 δὲ
669 885 760 939 διὰ
786 885 1067 955 δυνάμεως
1089 886 1423 957 φωτιστικῆς
1442 884 1522 956 τῷ
1543 885 1728 940 κάλλει

1897 881 1990 936 47.
2036 880 2175 936 Cum
2210 889 2394 936 autem
2440 896 2541 951 per
2579 881 2691 935 vim
2739 878 3185 935 illuminatricem
3223 877 3403 931 inten-

182 980 263 1048 τῆς
291 975 379 1029 τοῦ
398 975 533 1029 Θεοῦ
562 975 659 1029 τοῦ
700 976 931 1046 ἀοράτου
961 975 1168 1039 εἰκόνος
1204 975 1601 1047 ὲνατενίζομεν,
1632 977 1707 1030 κα⁴

1879 972 2012 1024 imus
2049 970 2242 1026 oculos
2289 970 2347 1024 in
2385 969 2853 1040 pulchritudinem
2893 968 3151 1038 imaginis
3181 965 3277 1020 Dei
3321 968 3404 1018 in-

178 1066 232 1117 δι⁹
258 1066 416 1136 αὐτῆς
446 1065 759 1136 ἀναγόμεθα
801 1066 895 1120 ἐπὶ
936 1068 997 1120 τὸ
1026 1066 1332 1138 ὑπέρκαλον
1359 1066 1453 1119 τοῦ
1490 1065 1703 1138 ἀρχετύι

1875 1061 2083 1126 lsibilis,
2129 1076 2337 1132 perque
2385 1063 2530 1117 hanc
2580 1060 2941 1117 subvehimur
2984 1059 3053 1114 ad
3093 1059 3400 1129 pulcherri-

180 1174 262 1210 που
294 1157 484 1228 θέαμα,
514 1157 681 1211 αὐτοῦ
718 1176 820 1212 που
861 1159 1124 1230 πάρεστιν
1163 1159 1483 1231 ἀχωρίστως
1518 1158 1579 1212 τὸ
1622 1159 1705 1228 τῆς

1875 1166 1973 1205 sum
2022 1152 2399 1221 spectaculum
2436 1150 2762 1223 archetypi;
2817 1151 2896 1205 ibi
2943 1150 3202 1206 videlicet
3243 1150 3400 1205 adest

178 1247 402 1315 γνώσεως
426 1250 537 1319 (54)
577 1249 837 1321 Πνεῦμα,
882 1251 979 1320 τὴν
1030 1250 1337 1321 ὲποπτικὴν
1375 1249 1475 1322 τῆς
1517 1249 1703 1310 εἰκόνος

1874 1242 2266 1312 ιεεριιηιιιιὶιει·
2303 1243 2637 1313 cognitionis
2686 1240 2949 1312 Spiritus,
2989 1241 3099 1297 vim
3144 1242 3399 1312 imaginis

176 1337 375 1408 δύναμιν
416 1341 477 1392 ἐν
520 1338 700 1409 ἑαυτῷ
745 1340 1117 1411 παρεχόμενον
1156 1343 1269 1403 τοῖς
1319 1340 1419 1409 τῆς
1464 1338 1701 1410 ἀληθείας

1873 1337 2214 1392 ιεοιιιειίνεηι
2264 1337 2319 1392 in
2359 1339 2542 1408 seipso
2583 1337 2852 1393 exhibens
2892 1339 2985 1402 iis,
3024 1339 3120 1408 qui
3152 1337 3398 1392 veritatis

177 1430 551 1502 φιλοθεάμοσιν,
583 1433 685 1484 οὐκ
708 1430 905 1495 ἔξωθεν
928 1432 1028 1500 τὴν
1052 1430 1215 1498 δεῖξιν
1238 1430 1578 1501 ποιούμενον,
1605 1428 1702 1485 ἀλλ

1869 1429 2280 1499 mtemplatione
2327 1429 2714 1499 delectantur;
2752 1446 2863 1486 non
2904 1430 3042 1486 foris
3077 1428 3394 1493 ostendens,

173 1524 222 1575 ἐν
244 1523 406 1594 ἑαυτῷ
436 1526 659 1592 εἰσάγον
690 1523 828 1594 πρὸς
854 1522 952 1594 τὴν
992 1523 1309 1592 ἐπίγνωσιν.
1362 1522 1450 1585 Ὠς
1477 1522 1587 1593 γὰρ
1624 1523 1698 1575 οὐ·

1872 1519 1914 1574 :d
1957 1521 2013 1574 in
2066 1521 2248 1591 seipso
2301 1521 2568 1577 inducens
2610 1522 2676 1576 ad
2719 1521 3077 1593 agnitionem.
3125 1519 3397 1587 Quemad-

172 1614 263 1677 δεὶς
299 1611 399 1667 olis
443 1616 537 1669 τὸν
587 1616 808 1686 Πατέρα
840 1617 889 1668 εί
926 1614 1000 1686 μὴ
1046 1616 1075 1667 ό
1127 1614 1288 1678 Υἱὸς,
1324 1613 1497 1676 οὕτως
1543 1614 1697 1667 euasit

1866 1612 2041 1667 nodum
2071 1614 2217 1669 enim
2248 1629 2410 1669 nemo
2456 1615 2610 1669 novit
2651 1614 2870 1670 Patrem
2914 1615 3020 1670 nisi
3066 1613 3241 1669 Filius
3279 1613 3324 1647 ”
3377 1633 3391 1669 ε

170 1706 360 1760 δύναται
399 1710 575 1762 εἰπεῖν
621 1708 828 1779 Κύριον
890 1705 1098 1777 Ἰησοῦν
1142 1706 1296 1778 εἰμὴ
1338 1708 1398 1759 ὲν
1438 1704 1692 1777 Πνεύματ

1869 1719 1899 1758 c
1929 1705 2110 1760 nullus
2157 1712 2340 1775 potest
2388 1703 2573 1761 dicere
2611 1706 2899 1760 Dominum
2946 1705 3156 1768 Iesum,
3198 1704 3304 1759 nisi
3336 1705 3393 1759 in

170 1797 305 1868 ἁγίῳ.
348 1801 421 1852 Οὐ
464 1801 606 1871 γὰρ,
635 1801 736 1855 Διὰ
765 1800 1108 1871 Πνεύματος,
1154 1798 1389 1870 εἴρηται,
1434 1797 1570 1861 ἀλλ’,
1613 1799 1695 1851 Ἐι

1867 1794 2026 1863 piritu
2058 1803 2254 1850 sancto
2279 1796 2348 1852 '°.
2382 1794 2500 1852 Non
2543 1796 2690 1850 enim
2739 1796 2949 1850 dictum
2981 1803 3084 1861 est,
3122 1793 3228 1849 Per
3263 1794 3392 1865 Spi-

168 1890 461 1958 Πνεύματι·
509 1889 629 1956 καὶ,
660 1888 905 1959 Πνεῦμα
931 1891 964 1943 ὀ
997 1888 1174 1953 Θεός’
1213 1886 1312 1940 καὶ
1350 1885 1491 1952 τοὺς
1522 1901 1693 1954 προσ-

1864 1892 1999 1947 tum,
2043 1887 2160 1952 sed,
2220 1885 2286 1941 1η
2315 1886 2518 1957 Spiritu
2545 1905 2567 1953 ;
2593 1896 2670 1951 et,
2712 1885 2944 1957 Spiritus
2987 1896 3066 1941 est
3110 1885 3297 1950 Deus;
3340 1895 3389 1941 et

168 1974 472 2042 ιυνοῦντας
513 1978 704 2031 αὐτὸν
751 1976 822 2030 ἐν
854 1977 1152 2045 Πνεύματι
1196 1975 1296 2029 καὶ
1340 1975 1590 2043 ἀληθείᾳ
1623 1975 1689 2029 δε

1869 1975 1897 2026 ιε
1939 1974 2169 2028 adorant
2193 1990 2333 2039 eum,
2363 1976 2417 2029 in
2449 1973 2651 2044 Spiritu
2679 1985 2729 2029 et
2757 1977 2976 2029 veritate
3017 1985 3220 2044 oportet
3261 1978 3394 2032 udo.

166 2069 535 2133 προσκυνεῖν·
577 2069 763 2132 καθὼς
792 2069 1136 2142 γέγραπται·
1175 2070 1279 2123 Ἐν
1306 2066 1386 2133 τῷ
1416 2068 1567 2137 φωτί
1594 2083 1691 2121 σοι

1865 2082 1930 2120 ire
1988 2066 2067 2134 “;
2122 2066 2266 2122 sicut
2310 2067 2576 2137 scriptum
2604 2076 2690 2124 est
2731 2087 2744 2123 :
2781 2066 2845 2122 In
2891 2067 3089 2123 lumine
3130 2078 3220 2123 tuo
3246 2071 3390 2125 vide-

167 2156 398 2226 όψόμεθα
428 2158 559 2227 φῶς
580 2176 594 2189 ·
623 2158 919 2232 τουτέστιν,
945 2161 1004 2212 ὲν
1028 2157 1107 2229 τῷ
1133 2156 1397 2229 φωτισμῴ
1421 2156 1515 2210 τοῦ
1541 2156 1692 2209 Ilvati-

1865 2174 1980 2212 mus
2006 2157 2181 2212 lumen
2209 2160 2257 2191 ³³
2284 2175 2299 2225 ;
2340 2158 2445 2213 hoc
2476 2166 2584 2223 est,
2616 2160 2672 2213 in
2702 2159 3078 2230 illustratione
3112 2160 3352 2230 Spiritus
3372 2202 3388 2226 ,

166 2265 324 2317 ματος,
349 2249 474 2316 Φῶς
498 2249 572 2304 τὸ
602 2248 916 2317 ἀληθινὸν,
950 2247 982 2301 ὃ
1014 2247 1243 2318 φωτίζει
1271 2247 1467 2301 πάντα
1490 2245 1691 2315 ἄνθρω

1867 2266 2008 2304 tmen
2033 2266 2234 2315 verum,
2264 2252 2404 2322 quod
2453 2251 2726 2306 illuminat
2769 2269 2975 2307 omnem
3016 2253 3279 2309 hominem
3304 2271 3392 2309 ve-

162 2352 259 2392 xor
285 2341 610 2411 ἐρχόμενον
648 2343 737 2407 εἰς
780 2340 890 2394 τὸν
928 2340 1179 2409 κόσμον.
1220 2339 1383 2391 Ὥστε
1430 2339 1490 2391 ἐν
1534 2338 1687 2408 ἑαυτῆ

1865 2350 2035 2394 entem
2061 2342 2119 2395 in
2147 2341 2402 2396 mundum
2448 2342 2516 2397 ”.
2562 2342 2747 2414 Itaque
2790 2343 2847 2399 in
2904 2345 3087 2414 seipso
3146 2345 3389 2400 ostendit

161 2431 362 2485 δείκνυσι
388 2434 486 2503 τὴν
519 2432 682 2499 δόξαν
727 2432 821 2486 τοῦ
853 2431 1212 2502 Μονογενοῦς.
1252 2431 1349 2484 καὶ
1375 2432 1488 2493 τοῖς
1517 2428 1686 2499 ἀληθι

1863 2430 2089 2501 nigeniti
2117 2431 2377 2502 gloriam,
2407 2439 2462 2486 et
2498 2433 2644 2489 veris
2676 2433 3061 2488 adoratoribus
3110 2436 3163 2487 in
3207 2434 3388 2503 seipso

161 2523 250 2584 ναῖς
290 2524 693 2593 προσκυνηταῖς
729 2522 787 2576 ὲν
827 2519 1004 2591 ἑαυτῷ
1044 2519 1142 2592 τὴν
1188 2518 1283 2572 τοῦ
1332 2517 1464 2572 Θεοῦ
1509 2518 1686 2586 γνῶσιε

1861 2522 1905 2576 ei
1936 2521 2303 2592 cognitionem
2330 2523 2555 2594 praebet.
2587 2522 2822 2579 Proinde
2850 2525 2936 2578 via
2968 2526 3036 2579 ad
3078 2523 3173 2579 Dei
3201 2525 3386 2595 cogni-

162 2614 445 2684 παρέχεται.
475 2614 546 2668 Ἠ
575 2613 754 2668 τοίνυν
788 2613 905 2679 ὁδὸς
937 2614 1038 2684 τῆς
1067 2611 1393 2681 θεογνωσίας
1427 2610 1575 2663 ἐστὶν
1602 2611 1687 2663 ἀπὶ

1863 2626 2013 2666 onem
2059 2619 2145 2667 est
2196 2614 2264 2668 ab
2308 2628 2421 2669 uno
2456 2614 2684 2684 Spiritu,
2729 2628 2828 2682 per
2864 2629 3035 2667 unum
3079 2611 3279 2666 Filium
3318 2611 3388 2666 ad

157 2705 253 2771 ἑνὸς
283 2707 599 2779 Πνεῦματος
626 2706 713 2760 διὰ
755 2704 852 2759 τοῦ
894 2705 1012 2768 ὲνδς
1041 2704 1174 2758 Υἰοῦ
1205 2704 1297 2756 ἐπὶ
1322 2703 1416 2756 τὸν
1458 2702 1555 2756 ἕνα
1590 2703 1682 2754 Παη

1863 2718 1982 2756 ium
2023 2701 2264 2759 Patrem.
2315 2705 2395 2759 Ac
2424 2720 2641 2768 rursus,
2666 2704 2854 2758 nativa
2896 2703 3115 2759 bonitas
3143 2709 3197 2758 et
3227 2710 3388 2756 natu-

156 2798 280 2869 τέρα.
312 2800 420 2852 Καὶ
440 2798 738 2861 ἀνάπαλιν,
764 2799 799 2868 ἠ
832 2796 1031 2867 φυσικὴ
1057 2794 1350 2865 ἀγαθότης,
1384 2795 1479 2847 καὶ
1514 2796 1542 2847 ὁ
1567 2810 1681 2846 κατ;

1864 2794 1945 2849 llis
1983 2794 2351 2849 sanctimonia
2396 2802 2450 2850 et
2498 2795 2704 2866 regalis
2736 2795 2979 2866 dignitas
3010 2810 3075 2849 ex
3103 2793 3265 2848 Patre
3292 2810 3389 2865 per

157 2891 287 2958 φύσιν
311 2892 602 2963 ἁγιασμὸς,
632 2891 729 2945 καὶ
765 2890 829 2944 τὸ
861 2889 1138 2961 βασιλικὸν
1159 2887 1378 2957 ἀξίωμα
1400 2889 1465 2940 ὲκ
1494 2885 1682 2957 Πατρὸι

1863 2886 2161 2957 nigenitum
2212 2888 2280 2941 ad
2328 2885 2593 2958 Spiritum
2640 2894 2948 2959 permanat.
2982 2887 3063 2941 Ad
3094 2888 3242 2942 hunc
3269 2902 3388 2941 mo-

153 2977 222 3033 διὰ
251 2979 338 3034 τοῦ
369 2979 716 3049 Μονογενοῦς
744 2978 838 3031 ἐπὶ
867 2979 928 3031 τὸ
950 2976 1174 3048 Πνεῦμα
1203 2976 1398 3047 διήκει.
1428 2975 1584 3028 Οὕτω
1613 2991 1678 3026 κα

1865 2994 1936 3031 ιω
1959 2985 2014 3033 ει
2037 2979 2362 3050 hypostases
2390 2978 2733 3048 profitemur,
2758 2995 2860 3034 nec
2883 2979 3032 3049 pium
3055 2979 3386 3033 monarcllim

153 3072 195 3122 αἰ
227 3072 541 3136 ὑποστάσεις
575 3069 994 3142 ὁμολογοῦνται,
1035 3070 1130 3123 καὶ
1161 3069 1221 3122 τὸ
1268 3067 1492 3128 εὐσεϐὲς
1528 3067 1678 3137 δόγμι

1860 3085 2003 3140 ιειιιιι
2048 3069 2431 3125 labefactatur.
2474 3068 2744 3125 Caeterum
2799 3071 2892 3140 qui
2943 3071 3385 3125 subnumeratio—

152 3161 228 3231 τῆς
252 3164 545 3235 μοναρχίας
580 3165 642 3216 οὐ
680 3162 977 3216 διαπίπτει.
1011 3162 1075 3214 Οἰ
1114 3161 1172 3214 δὲ
1205 3161 1303 3230 τὴν
1329 3158 1677 3231 ὑπαρίϐμησιέ

1858 3177 1929 3216 3m
1957 3169 2192 3232 ponunt,
2233 3162 2480 3217 dicentes
2520 3162 2780 3232 primum,
2812 3162 3115 3217 secundum
3165 3178 3231 3219 ac
3272 3174 3383 3219 tcr-

151 3252 195 3302 ὲν
224 3251 294 3322 τῷ
321 3253 540 3324 πρῶτον
582 3253 679 3306 καὶ
710 3251 962 3321 δεύτερον
989 3251 1085 3305 καὶ
1119 3250 1300 3321 τρίτον
1336 3250 1517 3317 λέγειν
1556 3247 1676 3301 τιθέη

1858 3267 1987 3315 ιιιιι,
2033 3253 2213 3308 sciant
2256 3268 2380 3308 sese
2431 3253 2659 3307 deorum
2716 3253 3124 3309 multitudinem
3152 3295 3168 3321 ,
3224 3254 3383 3324 juxta

152 3358 274 3410 μενοι
313 3344 776 3416 γνωριζέσθωσαν
822 3343 884 3396 τὸ
938 3341 1198 3395 πολύθεον
1244 3342 1344 3411 τῆς
1387 3340 1677 3412 Ἐλληνικῆη

1862 3343 2047 3398 :ntium
2084 3359 2355 3410 errorem,
2399 3345 2455 3398 in
2507 3343 2775 3398 illibatam
2812 3341 3246 3399 Christianorum
3276 3343 3387 3417 40

149 3432 325 3503 πλάνης
353 3437 419 3506 τῇ
454 3434 718 3505 ἅχράντιρ
735 3432 983 3506 Θεολογίᾳ.
1009 3433 1119 3488 τῶν
1142 3432 1484 3505 Χριστιανῶν
1515 3434 1673 3485 ὲπεισ

1868 3436 2137 3507 eologiam
2180 3437 2462 3494 inducere.
2515 3437 2596 3492 Ad
2652 3438 2791 3493 nihil
2828 3440 2972 3494 enim
3017 3438 3166 3493 aliud
3207 3440 3386 3495 tendit

150 3524 359 3594 ἄγοντες.
392 3530 489 3591 Εἰς
528 3527 686 3580 οὐδὲν
712 3526 824 3598 γὰρ
873 3525 1059 3598 ἕτερον
1086 3525 1241 3595 φέρει
1264 3525 1364 3595 τῆς
1390 3523 1669 3594 ὑπαριθμή

1859 3528 2318 3585 Ibnumerationis
2366 3528 2557 3584 dolosa
2602 3529 2874 3606 inventio,
2907 3544 3072 3599 quam
3116 3536 3178 3583 ut
3217 3531 3384 3599 proti-

151 3632 262 3683 σεως
290 3618 349 3671 τὸ
389 3616 869 3689 κακούργημα,ἢ
917 3615 1057 3669 ὥστε
1115 3614 1334 3688 πρῶτον
1374 3615 1468 3667 καὶ
1519 3613 1671 3667 δεύτε

1860 3633 2017 3672 amur
2045 3615 2215 3673 Deum
2244 3617 2501 3688 primum,
2535 3618 2838 3673 secundum
2888 3632 2953 3671 ac
2994 3617 3239 3672 tertium.
3273 3614 3384 3672 Sed

152 3725 225 3778 ρον
259 3711 384 3764 Θεὸν
426 3710 567 3782 (55)
622 3709 721 3761 καί
771 3707 954 3780 τρίτον
1009 3708 1310 3779 ὁμολογεῖν.
1381 3706 1520 3760 Ἀλλ’
1572 3708 1677 3778 ήμῖί

1854 3708 1964 3764 obis
2006 3706 2205 3763 sullicit
2246 3723 2278 3762 a
2323 3707 2557 3763 Domino
2600 3708 2954 3779 praescriptus
3002 3708 3160 3770 ordo,
3216 3723 3379 3779 quem

149 3799 358 3872 ἀρκοῦσα
387 3804 422 3874 ἡ
455 3800 617 3872 παρὰ
652 3799 750 3853 τοῦ
790 3800 997 3871 Κυρίου
1034 3799 1347 3853 ὲπιτεθεῖσα
1389 3798 1674 3853 ἀκολουθία

1855 3799 1898 3855 ιιί
1934 3798 2237 3855 confundet
2284 3815 2393 3855 non
2443 3800 2628 3856 minus
2671 3800 2943 3870 peccabit,
2990 3813 3154 3870 quam
3192 3807 3380 3871 peccat

150 3889 201 3959 ἢν
240 3893 266 3945 ὁ
311 3893 561 3964 συγχέων
613 3893 715 3945 οὐκ
762 3890 981 3945 ἔλαττον
1041 3892 1143 3963 τῆς
1195 3890 1401 3945 τούτων
1453 3890 1672 3944 ἀσεϐεία

1856 3904 2037 3951 torum
2083 3896 2356 3966 impietas.
2392 3894 2550 3962 Quod
2589 3910 2720 3966 ergo
2750 3895 3022 3950 naturalis
3061 3893 3380 3949 communio

152 3987 521 4057 παρανομήσει.
569 3985 694 4038 Ὅτι
734 3984 832 4056 μὲν
866 3978 959 4037 οὖν
986 3982 1161 4049 οὐδὲν,
1198 3983 1273 4047 ὡς
1313 3977 1457 4037 οὗτοι
1498 3984 1677 4037 πεπλά

1850 3999 2153 4056 equaquam
2223 3984 2387 4040 modo
2457 3984 2968 4040 subnumerationis
3036 3984 3375 4043 dissolvitur.

151 4088 325 4141 νηνται,
354 4078 389 4147 ἡ
449 4075 600 4129 κατὰ
632 4072 734 4144 τὴν
776 4073 937 4142 φύσιν
965 4073 1217 4127 κοινωνία
1251 4073 1330 4145 τῷ
1375 4074 1560 4146 τρόπῳ
1604 4074 1673 4144 τῆ

1853 4080 1954 4134 ιιιιι
2001 4078 2094 4133 isti
2143 4077 2380 4133 errando
2427 4084 2641 4148 putant,
2693 4078 2827 4133 satis
2868 4078 3076 4133 dictum
3122 4086 3228 4133 est.
3270 4074 3378 4132 Sed

151 4161 550 4239 ὑπαριθμήσεως
604 4164 983 4235 παραλύεται,
1033 4165 1233 4228 ἱκανῶς
1274 4165 1508 4237 εἴρηται.
1544 4164 1676 4218 um.

1854 4171 2181 4227 incedamus
2208 4170 2481 4241 pertinaci
2517 4178 2572 4226 et
2596 4171 2837 4226 inaniter
2862 4170 3128 4242 sapienti,
3162 4171 3379 4225 demus-

152 4257 457 4329 συνέλθωμεν
484 4258 570 4329 τῷ
613 4256 907 4327 φιλονείκῳ
936 4256 1033 4311 καὶ
1064 4256 1443 4329 ματαιόφρονι,
1479 4257 1574 4311 καὶ
1601 4256 1675 4309 δῶ

1853 4278 1913 4317 ue
1954 4262 2008 4318 id
2054 4262 2204 4334 quod
2243 4263 2431 4333 aliquo
2462 4264 2738 4333 posterius
2779 4270 2885 4329 cst,
2921 4264 3003 4319 sic
3031 4262 3286 4334 exprimi,
3319 4273 3378 4317 ut

152 4362 231 4415 μεν
250 4348 305 4402 τὸ
332 4349 590 4421 δεύτερόν
617 4345 735 4419 (56)
761 4365 910 4411 τινος
938 4347 1061 4401 καθ’
1092 4347 1467 4420 ὑπαρίθμησιν
1494 4348 1677 4402 ἐκείνοι

1854 4354 2334 4411 ,subnumeretur.
2371 4353 2663 4412 Videamus
2690 4355 2804 4426 jam
2847 4356 2979 4428 quid
3017 4370 3082 4412 ex
3129 4355 3233 4410 hoc
3261 4371 3379 4410 ser-

148 4436 386 4508 λέγεσθαι.
424 4440 669 4514 Ἴδωμεν
718 4440 900 4494 τοίνυν
947 4439 1002 4492 τί
1045 4439 1107 4493 τὸ
1160 4440 1409 4496 ἐκϐαῖνον
1450 4438 1557 4492 ἀπὸ
1605 4441 1673 4493 τοέ

1850 4461 1968 4502 Ione
2006 4454 2401 4517 consequatur.
2436 4446 2678 4515 Primus,
2708 4448 2907 4519 inquit,
2936 4447 3113 4513 homo,
3144 4446 3207 4502 de
3235 4457 3375 4501 terra

149 4527 298 4600 λόγου.
348 4535 411 4587 '0
461 4532 749 4602 πρῶτος,
821 4532 1025 4603 φησιν,
1096 4531 1407 4601 ἅνθρωπος
1467 4532 1537 4585 ἐκ
1592 4531 1674 4602 γῆ.

1846 4553 2039 4592 rrrenus
2080 4552 2099 4590 :
2142 4536 2405 4591 secundus
2447 4535 2602 4592 homo
2648 4536 2934 4605 Dominus,
2981 4538 3046 4592 de
3096 4538 3223 4592 caelo
3264 4537 3313 4569 ³⁵
3356 4552 3371 4598 ς

151 4626 347 4691 χοϊκόςθ
370 4630 404 4679 ό
431 4625 725 4693 δεύτερος
765 4622 1074 4693 ἄνθρωπος
1108 4627 1142 4678 ό
1180 4624 1395 4692 Κύριος
1426 4623 1495 4689 ἐξ
1528 4626 1674 4693 οὐρα

1847 4626 2034 4694 ιειίιιί,
2074 4625 2199 4680 Νοη
2239 4628 2492 4697 primum,
2540 4626 2737 4698 inquit,
2768 4627 2911 4699 quod
2951 4628 3229 4697 spirituale
3272 4634 3372 4690 est,

149 4713 238 4768 τοῦ
256 4730 269 4743 ·
293 4718 383 4770 καὶ
412 4720 475 4770 ὲν
510 4717 727 4782 ἄλλοις,
754 4717 837 4770 οὐ
868 4714 1123 4795 πρῶτον,
1152 4717 1305 4787 φησι,
1339 4715 1405 4769 τό
1443 4732 1674 4785 πνευμα

1850 4716 1891 4770 rd
1938 4716 2078 4788 quod
2123 4717 2379 4785 animale,
2425 4716 2617 4773 deinde
2650 4718 2789 4790 quod
2833 4717 3112 4788 spirituale
3137 4719 3205 4772 ³⁸.
3235 4716 3375 4783 Ergo

151 4804 301 4865 τικόν.
330 4808 493 4863 ἀλλὰ
524 4807 597 4861 τό
626 4807 921 4877 ψυχικὸν,
949 4807 1153 4861 ἔπειτα
1184 4807 1251 4860 τὸ
1277 4810 1676 4876 πνευματικόν

1879 4808 2059 4879 primo
2098 4809 2525 4865 subnumeratur
2574 4810 2897 4877 secundum,
2926 4810 2979 4865 id
3020 4819 3200 4865 autem
3230 4808 3376 4880 quod

152 4892 200 4947 El
223 4898 385 4951 τοίνυν
416 4898 498 4970 τῷ
544 4895 758 4969 πρώτῳ
804 4896 1194 4969 ὑπαριθμεῖται
1226 4898 1286 4951 τὸ
1331 4897 1582 4970 δεύτερον
1603 4941 1617 4964 ,
1645 4916 1672 4952 τ

1853 4900 2253 4967 ibnumeratur,
2274 4900 2440 4955 vilius
2456 4908 2541 4957 cst
2557 4917 2623 4957 eo
2641 4901 2730 4956 cui
2744 4901 3165 4956 subnumeratur
3183 4921 3196 4956 :
3213 4900 3378 4972 igitur

149 4983 192 5038 δὲ
218 4987 694 5063 ὑπαριθμοῦμενον
725 4990 1048 5063 ἀτιμότερόν
1092 4991 1210 5043 ἐστι
1243 4990 1337 5044 τοῦ
1362 4991 1497 5061 πρὸς
1534 4990 1563 5043 ὃ
1592 4991 1674 5060 ἔχε

1850 4991 2111 5048 ecundum
2148 5006 2249 5047 vos
2281 4991 2445 5047 vilior
2470 5000 2557 5048 est
2583 4991 2890 5064 spiritualis
2917 4992 3164 5058 animali,
3193 5000 3250 5050 ει
3274 4993 3375 5048 ho-

150 5080 223 5150 τὴν
242 5083 616 5158 ὐπαρίθμησιν
637 5100 653 5115 ·
681 5084 1003 5155 ἀτιμότερος
1031 5080 1123 5138 οὖν
1149 5084 1275 5139 καθ’
1305 5085 1452 5154 ὑμᾶς
1478 5083 1572 5138 τοῦ
1599 5085 1672 5155 ψυ

975 5102 1003 5148 ς
1031 5080 1123 5138 οὖν
1149 5084 1275 5139 καθ’
1305 5085 1452 5154 ὑμᾶς
1478 5083 1572 5138 τοῦ
1599 5085 1705 5155 ψυ-
1805 5085 1955 5140 mine
1982 5092 2204 5140 terreno
2237 5084 2498 5142 caelestis.

150 5172 269 5237 ιωωῦ
300 5178 328 5229 ό
367 5176 751 5248 πνευματικὸς
772 5215 788 5242 ,
827 5176 923 5230 καὶ
958 5175 1054 5230 τοῦ
1104 5174 1289 5247 χοϊκοῦ
1347 5176 1634 5248 ἀνθρώπου
1668 5179 1697 5230 ὁ
1733 5176 2055 5247 ἐπουράνιος

201 5352 239 5385 τ’
268 5351 417 5409 Joan.
472 5369 556 5409 xu
585 5394 603 5416 ,
639 5352 735 5409 ‘28.
807 5353 855 5386 ⁸⁸
888 5351 1076 5408 Matth.
1119 5369 1216 5419 xu,
1252 5352 1341 5408 3i.
1416 5353 1461 5385 ⁸⁸
1501 5352 1690 5408 Matth.

1846 5352 1937 5407 27.
2020 5353 2066 5385 ⁹⁰
2102 5349 2120 5405 l
2156 5348 2283 5404 Cor.
2326 5365 2425 5418 xu,
2459 5351 2511 5404 3.
2552 5340 2555 5345 ’
2588 5351 2632 5384 ³⁸
2671 5349 2829 5406 Joan.
2873 5366 2944 5415 Iv,
2978 5349 3069 5404 24.
3143 5351 3189 5383 θ’
3227 5348 3370 5405 Psal.

157 5430 279 5486 tur,
314 5425 400 5479 10.
498 5423 551 5458 "
588 5423 756 5479 Joan.
788 5438 828 5490 ι,
858 5423 914 5480 9.
1007 5423 1056 5456 ’⁸
1092 5422 1110 5477 1
1148 5424 1279 5480 Cor.
1318 5440 1409 5491 XV,
1441 5424 1532 5480 47.
1613 5424 1659 5455 ’⁵

1828 5470 1829 5473 η
1868 5422 1955 5478 46.
2312 5426 2317 5431 ’
3348 5422 3353 5430 “

208 5572 301 5651 L5!)
336 5578 450 5651 Τῆς
477 5578 969 5651 τνύσεωςεϐῴτ
994 5580 1092 5651 τῆς
1123 5580 1360 5651 χάριτοςο
1422 5647 1443 5651 Α
1501 5647 1512 5651 -

1846 5580 1993 5651 artius
2039 5576 2347 5651 _‘A)l}’__i;piv
2387 5575 2631 5646 ἀρκέσες.
2672 5575 2916 5630 Subinde
2958 5572 3091 5645 Reg.
3141 5580 3371 5644 quartus

207 5644 300 5723 (55)
672 5649 838 5702 Θεόν.
874 5648 1017 5723 Editi
1046 5644 1385 5723 transierunt
1411 5647 1695 5723 Qadvpost

1798 5648 2000 5723 ἰκανῷς
2028 5644 2508 5723 αποδέδέικταιζω
2563 5716 2575 5723 _
2929 5714 2962 5723 __
2997 5715 3006 5723 .
3257 5710 3284 5723 _

162 5716 317 5781 τρίτον.
356 5713 593 5778 Codices
628 5733 766 5776 mss.
805 5720 951 5776 utin
985 5727 1262 5780 contextu.
1314 5719 1512 5775 lbidcm
1556 5713 1686 5791 Reg.

1865 5720 1975 5791 (56)
2010 5718 2312 5786 Δεύτερον.
2342 5716 2433 5773 Sic
2453 5715 2578 5772 libri
2603 5724 2810 5771 veteres
2838 5734 2848 5770 :
2879 5714 3007 5770 editi
3034 5713 3366 5771 δευτερεῦον.
