3862 6216
471 323 577 380 155

1053 436 1282 495 CAPUT
1321 437 1462 495 XIX.

502 551 771 608 Adversus
825 568 913 606 eos
963 552 1055 621 qui
1091 552 1274 622 dicunt
1313 567 1417 605 non
1452 569 1563 607 esse
1602 552 2015 622 gloriﬁcandum

1126 620 1402 690 Spiritum.

538 714 632 770 48.
677 713 763 769 Sit
790 713 898 779 ita,
934 713 1222 784 inquiunt,
1269 722 1325 769 at
1357 729 1421 770 ea
1470 714 1647 784 gloria
1692 714 1847 770 nullo
1886 724 2049 786 pacto

470 806 704 862 debetur
748 804 1020 874 Spiritui,
1050 814 1112 859 ut
1159 820 1191 859 a
1240 806 1400 861 nobis
1434 806 1926 877 glorilicationibus
1976 806 2050 862 sit

470 896 844 952 extollendus.
875 895 1035 951 Unde
1058 897 1225 968 igitur
1254 897 1540 967 probaturi
1580 914 1772 955 sumus
1809 899 2048 969 Spiritus

470 986 799 1057 dignitatem
861 988 1202 1043 intellectum
1265 1004 1482 1045 omnem
1549 997 1938 1060 superantem,
2002 993 2050 1046 si

469 1077 657 1136 Patris
684 1087 742 1135 et
769 1079 897 1133 Filii
928 1082 1242 1137 communio
1269 1081 1386 1137 visa
1409 1090 1495 1137 est
1523 1080 1645 1137 istis
1666 1082 1890 1138 minime
1909 1082 2051 1137 δυσὶ-

471 1168 628 1225 ciens
659 1169 726 1224 ad
759 1169 812 1223 id
838 1169 1290 1225 testiﬁcandum?
1323 1170 1466 1226 Sane
1488 1185 1787 1241 possumus
1812 1180 1867 1227 et
1892 1173 1960 1228 ad
1983 1188 2049 1229 ea

471 1275 598 1331 qua:
636 1260 956 1316 nominibus
1007 1261 1390 1332 signiﬁcantur
1439 1263 1833 1332 respicientes,
1875 1271 1931 1317 et
1979 1263 2050 1318 ad

470 1351 856 1421 operationum
908 1350 1029 1421 ejus
1077 1351 1508 1422 magnitudinem
1534 1392 1550 1417 ,
1580 1358 1636 1408 et
1665 1351 1734 1406 ad
1785 1351 2050 1408 beneﬁcia

472 1457 597 1513 quae
625 1442 680 1496 in
724 1458 861 1508 nos,
900 1442 1014 1497 imo
1059 1458 1183 1513 qua:
1220 1443 1278 1497 in
1307 1457 1522 1498 omnem
1561 1452 1870 1498 creaturam
1917 1459 2051 1499 con-

472 1535 602 1599 fert,
641 1549 741 1604 pro
769 1533 993 1588 modulo
1022 1521 1216 1589 nostro
1249 1541 1458 1589 natura:
1482 1534 1635 1591 illius
1659 1534 2050 1591 sublimitatem

472 1642 538 1680 ac
568 1626 871 1696 potentiam
920 1625 1535 1696 incompreltensibilem
1565 1628 1866 1696 percipere.
1923 1625 2049 1696 Spi-

471 1718 615 1774 ritus
646 1725 873 1774 vocatus
903 1725 1009 1785 est,
1040 1725 1102 1773 ut
1122 1727 1209 1774 est
1234 1718 1393 1786 illud,
1425 1717 1658 1789 Spiritus
1690 1718 1833 1774 Deus
1860 1720 1939 1786 ";
1973 1727 2046 1788 et,

1814 322 1871 378 S.
1904 321 2153 378 BASILII
2188 321 2403 381 MAGNI

2069 446 2117 501 Δ

3612 317 3713 376 156

2732 439 2984 493 ΚΕΦΑΛ.
3019 436 3118 492 18'.

2219 551 2378 619 Πρὸς
2419 549 2562 617 τοὺς
2600 548 2892 673 λέγοντῆς
2927 546 3012 629 μὴ
3053 546 3204 601 εἶναι
3242 542 3545 608 δοξαστὸν
3581 542 3646 598 τὸ

2856 633 3065 673 νευιια.

2856 633 3065 688 νευμα.

2218 711 2306 766 48.
2342 712 2524 764 Ἔστω
2555 709 2750 776 ταῦτα,
2773 706 2957 780 φησίν,
2993 707 3107 761 ἀλλ’
3146 706 3267 777 οὐχ).
3297 706 3392 759 καὶ
3434 703 3560 771 δόξα
3585 703 3715 758 πάνι-

2147 821 2255 868 τως
2275 803 2599 875 ὀφειλομένη
2633 804 2750 855 ἐστὶ
2779 801 2856 873 τῷ
2892 800 3189 872 Πνεῦματι,
3228 798 3367 851 ὥστε
3396 794 3714 863 δοξολογίαις

2149 894 2479 965 ἀνυψοῦσθαι
2528 895 2656 967 παρ’
2700 893 2877 965 ἡμῶν.
2932 891 3103 945 Πόθεν
3152 890 3219 944 ἂν
3270 885 3362 943 οὖν
3400 887 3500 958 τῆς
3553 887 3716 956 ὑπερ-

2148 987 2379 1059 εχούσης
2434 987 2615 1041 πάντα
2692 985 2816 1039 νοῦν
2881 984 3036 1049 ἀξίας
3095 980 3191 1035 τοῦ
3254 979 3568 1051 Πνεύματος
3615 977 3717 1042 τὰς

2150 1078 2450 1144 ἀποδείξεις
2487 1078 2745 1148 λάϐοιμεν
2774 1076 2910 1150 (57),
2943 1076 3100 1146 εἴπερ
3126 1077 3160 1146 ἡ
3193 1074 3409 1144 Πατρὸς
3459 1072 3551 1126 καὶ
3585 1069 3715 1125 Υἱοῦ

2149 1168 2402 1222 κοινωνία
2468 1167 2542 1238 μὴ
2600 1165 2909 1229 ἀξιόπιστος
2976 1164 3159 1227 αὐτοῖς
3214 1161 3351 1233 πρὸς
3416 1160 3716 1232 μαρτυρίαν

2149 1256 2460 1329 ἀξιώματος
2501 1258 2795 1329 ἐνομίσθη;
2841 1256 3059 1322 Ἔξεστί
3097 1272 3161 1324 γε
3218 1254 3327 1326 μὴν
3373 1253 3509 1324 πρός
3548 1268 3607 1305 τε
3647 1250 3719 1305 τά

2150 1353 2214 1404 ἐκ
2254 1350 2363 1404 τῶν
2405 1350 2683 1421 ὀνομάτων
2730 1348 3146 1418 ἀποϐλέψαντας
3185 1345 3576 1418 σημαινόμενα,
3623 1343 3720 1397 καὶ

2149 1441 2286 1514 πρὸς
2314 1441 2382 1495 τά
2409 1441 2518 1494 τῶν
2543 1440 2832 1512 ἐνεργειῶν
2858 1438 3020 1493 αὐτοῦ
3063 1438 3291 1510 μεγέθη,
3322 1436 3417 1490 καὶ
3444 1435 3578 1506 πρὸς
3619 1432 3721 1497 τὰς

2148 1536 2230 1598 είς
2256 1536 2424 1605 ἡμᾶς,
2456 1533 2653 1605 μᾶλλον
2691 1532 2749 1585 δὲ
2785 1533 2864 1595 είς
2890 1533 3066 1585 πᾶσαν
3107 1530 3207 1602 τὴν
3248 1527 3424 1583 κτίσιν
3457 1541 3721 1599 χορηγου-

2152 1625 2321 1696 μένας
2346 1625 2663 1697 εὐεργεσίας
2700 1624 2832 1694 (58),
2866 1625 2966 1692 τῆς
3009 1620 3381 1693 μεγαλοφυίας
3422 1617 3586 1673 αὑτοῦ
3623 1617 3723 1671 καὶ

2148 1717 2249 1787 τῆς
2269 1716 2559 1785 ἀνεφίκτου
2585 1716 2866 1784 δυνάμεως
2894 1714 2987 1766 ἐπὶ
3017 1712 3180 1765 ποσὸν
3216 1710 3346 1780 γοῦν
3387 1712 3445 1764 ἐν
3474 1706 3722 1778 περινοίᾳ

470 1808 704 1880 Spiritus
732 1810 904 1864 vultus
934 1781 1122 1876 nostri,
1152 1781 1396 1866 Christus
1429 1781 1686 1866 liominus
1709 1812 1775 1865 ’⁷.
1810 1812 2048 1868 Sanctus

2161 1781 2426 1874 γενέσθαι.
2462 1804 2689 1876 Πνεῦμα
2721 1781 3033 1875 ῶνόμασται
3050 1819 3064 1834 ·
3093 1803 3191 1865 ὡς,
3215 1800 3458 1869 Πνεῦμα
3479 1802 3511 1853 ὁ
3539 1799 3679 1863 Θεός
3701 1812 3727 1826 δ

471 1900 697 1964 dicitur,
732 1900 1195 1971 quemadmodum
1234 1909 1462 1958 sanctus
1518 1901 1701 1968 Pater,
1738 1909 1794 1958 et
1823 1910 2048 1959 sanctus

470 1989 666 2046 Filius.
683 1991 963 2047 Creaturae
978 1993 1250 2063 siquidem
1267 1993 1490 2050 inducta
1506 2002 1592 2050 est
1612 1994 1834 2050 aliunde
1850 1995 2052 2051 sancti-

472 2082 695 2149 monia;
737 2080 968 2152 Spiritui
1006 2098 1137 2139 vero
1176 2086 1439 2140 sanctitas
1476 2084 1799 2155 completiva
1829 2094 1915 2140 est
1950 2099 2050 2139 na-

474 2179 631 2227 turae.
678 2171 916 2244 Ideoque
958 2189 1071 2230 non
1121 2173 1518 2239 sanctiﬁcatur,
1571 2175 1667 2230 sed
1720 2175 2046 2230 sanctiﬁcat.

473 2259 660 2317 Bonus
690 2261 820 2318 item
854 2262 1061 2318 dicitur
1092 2265 1233 2318 sicut
1263 2263 1425 2319 Pater
1453 2264 1632 2320 bonus
1665 2274 1782 2331 est,
1821 2273 1877 2320 et
1906 2265 2049 2321 sicut

473 2349 652 2406 bonus
681 2358 765 2404 est
795 2351 844 2406 is
874 2352 966 2421 qui
996 2366 1066 2406 ex
1092 2351 1237 2407 bono
1266 2361 1429 2407 natus
1451 2360 1538 2408 est
1567 2372 1581 2407 :
1615 2353 1705 2407 cui
1729 2352 1945 2409 bonitas
1965 2360 2050 2409 est

473 2441 595 2509 ipsa
623 2443 884 2496 essentia.
929 2440 1135 2497 Rectus
1177 2450 1427 2507 vocatur,
1462 2451 1522 2497 ut
1555 2454 1739 2499 rectus
1783 2443 2050 2500 Dominus

470 2527 621 2585 Deus
648 2530 714 2595 “,
744 2546 811 2586 eo
841 2533 987 2601 quod
1030 2548 1127 2603 per
1169 2548 1229 2588 se
1260 2534 1334 2589 sit
1377 2534 1495 2604 ipsa
1546 2536 1782 2600 veritas,
1827 2544 1883 2592 ct
1928 2537 2048 2606 ipsa

471 2620 707 2690 iustitia,
740 2637 844 2677 nec
875 2624 931 2676 in
956 2624 1098 2679 banc
1127 2640 1229 2680 nec
1249 2627 1307 2680 in
1338 2627 1485 2681 illam
1513 2639 1720 2697 partem
1748 2644 1807 2684 se
1829 2636 2049 2684 vertens

475 2719 570 2763 aut
597 2708 844 2777 ﬂectens,
878 2720 1101 2782 propter
1122 2716 1863 2773 naturaeimmutabilitatem.
1890 2717 2051 2773 Para-

475 2798 653 2854 cletus
682 2812 1031 2871 nuncupatur
1060 2804 1207 2857 velut
1236 2802 1562 2874 Unigenitus
1592 2824 1603 2859 :
1633 2806 1776 2861 sicut
1807 2808 1924 2878 ipse
1947 2808 2047 2872 ait,

477 2886 592 2960 Ego
636 2891 833 2961 rogabo
875 2892 1092 2949 Patrem
1137 2910 1342 2961 meum,
1393 2906 1443 2950 et
1488 2896 1635 2951 dabit
1684 2897 1829 2953 vobis
1884 2899 2049 2954 alium

478 2980 904 3038 Paracletum”.
947 2983 1060 3040 Hoc
1093 2995 1252 3056 pacto
1294 2989 1605 3042 communia
1656 2998 1785 3043 sunt
1828 2991 2049 3044 nomina

477 3071 652 3139 Patri,
681 3074 821 3131 Filio
844 3084 897 3130 et
931 3075 1157 3147 Spiritui
1186 3087 1406 3145 sancto,
1445 3080 1540 3149 qui
1592 3080 1691 3136 llas
1733 3083 2051 3151 appellatio-

480 3177 579 3217 nes
609 3180 675 3218 εχ
708 3174 917 3220 natura:
937 3169 1217 3224 consortio
1240 3169 1424 3225 habet.
1458 3169 1611 3226 Uude
1634 3171 1777 3225 enim
1796 3173 2054 3228 aliunde?

479 3253 722 3312 Rursum
753 3258 991 3328 Spiritus
1030 3260 1383 3331 principalis,
1410 3271 1464 3317 et
1507 3259 1747 3332 Spiritus
1776 3264 2053 3331 veritatis,

478 3355 535 3403 et
586 3346 828 3418 Spiritus
868 3352 1151 3420 sapientia:
1196 3352 1383 3409 dictus
1433 3363 1538 3410 est.
1578 3356 1814 3426 Spiritus
1847 3357 2056 3411 divinus

479 3440 577 3512 qui
603 3458 685 3496 me
731 3441 855 3511 fecit
887 3445 941 3509 ’ς
974 3453 1056 3511 et,
1092 3444 1353 3514 Beseleei,
1405 3446 1616 3516 inquit,
1659 3449 1888 3517 implerit
1916 3448 2056 3507 Deus

479 3532 586 3604 41
630 3533 835 3604 Spiritu
867 3534 1044 3591 divino
1081 3539 1355 3607 sapientia:
1391 3549 1440 3593 et
1467 3540 1768 3596 intellectus
1796 3551 1844 3597 et
1884 3545 2057 3598 scien-

483 3626 573 3680 tiae
603 3627 646 3681 ’.
680 3625 833 3681 Talia
880 3628 1049 3698 igitur
1082 3634 1306 3685 nomina
1355 3633 1555 3688 eximia
1599 3635 1692 3688 illa
1739 3635 1959 3705 quidem
2006 3647 2060 3692 et

480 3730 700 3786 magna,
727 3731 831 3771 nec
853 3725 1058 3782 tamen,
1084 3719 1229 3789 quod
1253 3721 1321 3775 ad
1348 3721 1576 3791 gloriam
1598 3724 1812 3790 attinet,
1830 3739 2060 3796 exagge-

483 3807 754 3862 rationem
791 3808 960 3882 ullam
990 3810 1270 3866 habentia.

553 3898 643 3953 49.
675 3898 746 3953 At
769 3902 1117 3970 operationes
1146 3904 1337 3973 quales
1378 3906 1548 3961 sunt?
1578 3904 1890 3963 lneﬁ‘abiles
1933 3907 2060 3978 qui-

473 3989 608 4044 dem
666 3991 740 4045 ob
798 3993 1268 4065 magnitudinem,
1326 3998 1759 4055 innumerabiles
1809 4013 1941 4054 vero
1989 4001 2061 4055 ob

486 4081 915 4137 multitudinem.
943 4081 1082 4138 Nam
1115 4101 1225 4155 quo
1262 4096 1427 4157 pacto
1455 4088 1821 4158 intelligemus
1850 4104 1913 4144 ea
1941 4104 2062 4159 quas

487 4171 713 4227 fuerunt
742 4183 870 4230 ante
918 4178 1155 4233 saecula?
1181 4193 1304 4248 qua:
1340 4187 1500 4234 erant
1534 4180 1685 4236 illius
1715 4184 2061 4252 operationes

489 4271 620 4319 ante
670 4274 980 4321 creaturam
1032 4269 1469 4339 intelligibilem?
1515 4280 1722 4342 quanta
1776 4282 1958 4329 autem
1993 4276 2063 4330 ab

487 4356 582 4410 illo
605 4356 868 4413 beneﬁcia
893 4360 950 4413 in
977 4362 1325 4416 creaturam?
1353 4363 1419 4418 ad
1439 4363 1574 4427 haec,
1596 4380 1717 4435 quas
1731 4374 1975 4436 potestas
1994 4368 2062 4422 ad

2153 1898 2266 1963 καὶ,
2299 1896 2543 1966 Πνεῦμα
2582 1895 2687 1950 τοῦ
2726 1893 3048 1963 προσώπου
3083 1891 3272 1962 ἡμῶν,
3322 1889 3571 1960 Χριστὸς
3606 1889 3725 1943 Κύ-

2144 2009 2296 2061 ριος.
2328 1989 2549 2059 ’Δγιον·
2581 1990 2656 2053 ὡς
2678 1989 2832 2058 ἅγιος
2878 1990 2907 2043 6
2939 1986 3150 2057 Πατὴρ,
3184 1985 3279 2040 καὶ
3308 1983 3461 2052 ἆγιος
3500 1982 3529 2034 6
3572 1981 3721 2044 Υἱός.

2154 2084 2232 2155 Τῇ
2269 2082 2365 2153 μὲν
2392 2081 2501 2154 γὰρ
2525 2081 2699 2135 κτίσει
2722 2078 2986 2151 ἑτέρωθεν
3018 2074 3318 2147 ἐπεισήγθη
3350 2074 3379 2127 6
3419 2071 3718 2142 ἁγιασμός·

2153 2175 2231 2247 τῷ
2254 2175 2311 2228 δὲ
2333 2175 2610 2245 Πνεύματι
2645 2171 3074 2245 συμπληρωτικὴ
3108 2169 3208 2239 τῆς
3246 2166 3462 2238 φύσεώς
3503 2167 3648 2219 ἐστιν
3684 2167 3722 2236 ἠ

2156 2264 2399 2335 ἀγιότης.
2443 2264 2641 2334 Διόπερ
2677 2263 2798 2334 οὐχ).
2840 2260 3198 2332 ἁγιαζόμενόν
3228 2260 3394 2319 ἐστιν,
3425 2256 3536 2309 ἀλλ’
3564 2255 3729 2320 ἁγιά-

2155 2356 2268 2422 ζον.
2308 2353 2565 2423 Ἀγαθόν·
2593 2353 2669 2416 ὡς
2695 2351 2895 2421 ἀγαθὸς
2926 2354 2954 2404 6
2986 2351 3197 2422 Πατὴρ,
3237 2348 3332 2401 καὶ
3369 2345 3567 2414 ἀγαθὸς
3599 2347 3628 2398 6
3658 2344 3728 2397 ἐκ

2152 2448 2246 2502 τοῦ
2267 2445 2471 2516 ἀγαθοῦ
2500 2444 2809 2517 γεννηθείς
2852 2442 3038 2496 οὐσίαν
3085 2440 3206 2511 ἕχον
3248 2438 3357 2509 (59)
3389 2436 3485 2508 τὴν
3525 2435 3729 2504 ἀγαθό-

2153 2555 2311 2609 τητα.
2348 2536 2551 2600 Εὐθέςο
2597 2535 2673 2598 ὡς
2720 2534 2882 2603 εὑθὴς
2928 2532 3131 2603 Κύριος
3173 2533 3202 2584 6
3248 2529 3412 2592 Θεός·
3454 2526 3532 2597 τῷ
3586 2521 3728 2579 εἶναι

2153 2627 2531 2700 αὑτοαλήθεια,
2577 2625 2671 2679 καὶ
2708 2621 3174 2690 αὑτοδικαιοσύνη,
3212 2614 3602 2690 παρεκτροπὰς
3631 2614 3731 2669 ἐπὶ

2155 2722 2358 2794 θάτερα
2386 2720 2483 2775 καὶ
2505 2717 2775 2781 ἐκκλίσεις
2801 2716 2900 2770 οὐκ
2923 2715 3066 2785 ἔχον,
3100 2713 3189 2766 διὰ
3220 2711 3280 2764 τὸ
3323 2711 3589 2780 ἄτρεπτον
3622 2704 3732 2775 τῆς

2153 2813 2359 2876 οὐσίας.
2399 2809 2787 2882 Παράκλητοςο
2841 2807 2916 2870 ὡς
2951 2809 2978 2859 6
3011 2802 3353 2873 Μονογενής·
3408 2797 3590 2861 καθὼς
3630 2796 3731 2850 αὐ-

2152 2906 2244 2970 τός
2272 2904 2383 2974 (60)
2405 2920 2588 2972 φησιν,
2608 2903 2688 2955 ὅτι
2716 2899 2855 2968 Ἐγὼ
2888 2894 3165 2966 ἐρωτήσω
3191 2893 3300 2946 τὸν
3340 2889 3570 2958 Πατέρα
3585 2904 3732 2957 μου,

2154 3000 2251 3055 καὶ
2276 2998 2451 3053 δώσει
2477 2996 2622 3066 ὑμῖν
2653 2995 2847 3049 ἄλλον
2875 2992 3284 3061 Παράκλητον.
3302 2986 3459 3041 υῦτω
3483 2984 3636 3040 κοινὰ
3657 2983 3736 3037 τὰ

2156 3094 2394 3164 ὀνόματα
2418 3091 2553 3163 πρὸς
2581 3088 2802 3158 Πατέρα
2825 3086 2920 3139 καὶ
2948 3084 3073 3138 Υἱδν
3094 3081 3174 3153 τῷ
3205 3079 3504 3149 Πνεύματι.
3543 3077 3607 3128 ἐκ
3627 3076 3736 3145 τῆς

2157 3184 2297 3238 κατά
2334 3181 2431 3253 τὴν
2472 3180 2633 3249 φύσιν
2664 3175 2991 3244 οἰκειότητος
3036 3171 3142 3226 τῶν
3182 3165 3564 3240 προσηγοριῶν
3606 3165 3739 3219 τοὺ-

2154 3294 2261 3329 των
2292 3275 2529 3345 τυχόντι.
2558 3270 2729 3324 Πόθεν
2755 3269 2865 3340 γὰρ
2894 3265 3115 3321 ἄλλοθεν
3136 3280 3151 3324 ;
3175 3261 3343 3315 Πάλιν
3376 3258 3733 3331 ἡγεμονικὸν,

2156 3368 2248 3421 καὶ
2288 3365 2515 3435 Πνεῦμα
2543 3364 2644 3433 τῆς
2677 3361 2954 3433 ἀληθείας,
2983 3358 3077 3411 καὶ
3116 3351 3340 3423 Πνεῦμα
3372 3353 3563 3420 σοφίας
3596 3348 3740 3403 ὠνό-

2159 3477 2378 3531 μασται.
2425 3457 2666 3526 Πνεῦμα
2706 3453 2864 3509 θεῖον
2901 3449 2969 3504 τὸ
2997 3445 3264 3516 ποιῆσάν
3290 3462 3386 3514 με.
3443 3442 3574 3505 Καὶ,
3619 3440 3739 3495 Τὸν

2155 3548 2465 3616 Βεσελεὴλ
2493 3546 2580 3611 δὲ,
2617 3545 2800 3616 φησὶν,
2845 3540 3190 3607 ἐνέπλησεν
3232 3538 3264 3590 ό
3313 3532 3456 3599 Θεὸς
3486 3531 3738 3599 Πνεῦμα

2157 3641 2316 3696 θεῖον
2351 3640 2572 3708 σοφίας
2614 3636 2714 3690 καὶ
2752 3632 3060 3697 συνέσεως
3100 3629 3199 3683 καὶ
3252 3624 3609 3694 ἐπιστήμης.
3650 3622 3740 3676 Τά

2161 3734 2258 3803 μὲν
2308 3727 2401 3784 οὖν
2455 3730 2695 3799 ὀνόματα
2744 3724 2964 3778 τοιαῦτα
3013 3722 3125 3792 (61)
3176 3717 3426 3789 ὑπερφυῆ
3472 3716 3568 3768 καὶ
3636 3729 3740 3783 με·

2157 3822 2298 3891 γάλα
2319 3842 2328 3852 ·
2357 3819 2615 3891 οὓμενουν
2650 3816 2841 3888 ἔχοντά
2858 3832 2979 3868 τινα
3007 3815 3085 3876 είς
3107 3811 3261 3878 δόξαν
3282 3806 3609 3878 ὑπερϐολήν.

2226 3914 2315 3967 49.
2343 3914 2408 3966 Δί
2428 3912 2483 3965 δὲ
2511 3910 2780 3980 ἐνέργειαι
2801 3907 2977 3972 τίνες;
3006 3906 3270 3976 ’Ἃρρητοι
3301 3901 3399 3972 μὲν
3422 3898 3512 3952 διὰ
3542 3896 3605 3951 τὸ
3637 3895 3743 3966 μὲ-

2158 4006 2336 4076 γεθος,
2368 4001 2792 4073 ἀνεξαρίθμητοι
2813 3998 2870 4053 δὲ
2898 3996 2984 4050 διὰ
3013 3996 3073 4049 τὸ
3096 3994 3317 4064 πλῆθος,
3352 3991 3477 4053 Πῶς
3506 3988 3743 4059 μὲνγὰρ

2159 4100 2423 4169 νοήσομεν
2456 4094 2525 4148 τὰ
2565 4093 2672 4147 τῶν
2707 4091 2918 4145 αἰώνων
2956 4088 3243 4151 ἐπέκεινα;
3279 4084 3423 4145 τίνες
3451 4077 3591 4152 ἦσαν
3631 4079 3740 4131 cu)-

2158 4188 2251 4242 τοῦ
2290 4170 2404 4251 ’πρὸ
2437 4187 2532 4256 τῆς
2583 4182 2781 4255 νοητῆς
2827 4182 3057 4244 κτίσεως
3111 4180 3167 4231 αἱ
3212 4175 3519 4246 ἐνέργειαι;
3569 4171 3743 4224 πόσαι

2158 4277 2202 4330 δ’
2229 4279 2326 4329 ἀπ’
2361 4275 2525 4328 αὑτοῦ
2555 4275 2685 4345 περ).
2711 4273 2810 4342 τὴν
2851 4270 3027 4325 κτίσιν
3063 4266 3176 4340 (6'2)
3207 4264 3467 4336 χάριτες;
3500 4260 3583 4323 τίς
3610 4259 3671 4312 δὲ
3704 4263 3743 4328 ἡ

2162 4368 2298 4441 πρὸς
2326 4367 2449 4430 τοὺς
2488 4364 2688 4426 αἰῶνας
2720 4362 2848 4424 τοὺς
2880 4358 3282 4432 ἐπερχομένους
3324 4353 3583 4421 δύναμις-ς
3626 4345 3747 4402 Ἦν

487 4457 716 4503 ventura
743 4452 946 4506 saecula
967 4451 1154 4507 ?'Erat
1185 4455 1361 4520 enim,
1392 4463 1448 4511 et
1477 4463 1607 4513 ante
1634 4466 1783 4525 erat,
1813 4467 1868 4514 et
1896 4460 2053 4515 simul

2166 4462 2264 4532 μὲν
2297 4458 2425 4531 γὰρ,
2456 4458 2551 4511 καὶ
2585 4456 2758 4528 προῆν
2788 4454 2921 4526 (65),
2965 4452 3058 4505 καὶ
3104 4446 3396 4520 συμπαρῆν
3435 4442 3512 4513 τῷ
3559 4443 3750 4513 Ila-:91

489 4539 681 4594 aderat
727 4555 855 4595 cum
906 4541 1066 4599 Patre
1117 4553 1173 4600 et
1229 4543 1369 4601 Filio
1424 4556 1551 4603 ante
1601 4550 1821 4605 saecula.
1876 4549 2057 4617 Quare

485 4629 703 4688 etiamsi
723 4632 854 4704 quid
885 4637 1144 4706 cogitaris
1173 4648 1299 4693 ante
1329 4640 1550 4707 saecula,
1582 4640 1687 4698 boc
1708 4651 1890 4697 tamen
1910 4658 2060 4714 repe-

557 4786 605 4818 "
639 4784 797 4863 Joan.
846 4802 919 4841 Ir.
954 4788 1045 4843 ‘24.
1120 4789 1164 4820 ’⁷
1205 4787 1410 4845 Thren.
1449 4808 1520 4857 IV,
1562 4792 1653 4849 20.
1727 4793 1774 4826 ⁹⁸
1814 4793 1957 4852 Psal.
1998 4809 2112 4863 XCI,
2153 4796 2241 4854 16.
2318 4796 2364 4829 "
2401 4793 2559 4850 Joan.
2597 4808 2708 4860 xw,
2742 4790 2830 4847 16.

486 4870 637 4922 xm,
680 4858 733 4915 5.

558 4990 670 5063 (57)
703 4992 1012 5061 Λάὸοιμεν.
1040 4992 1116 5047 Ita
1143 5004 1373 5063 quatuor
1396 4993 1546 5061 Regii
1572 5012 1697 5051 cum
1719 4995 2056 5062 Colbertmo,

486 5061 685 5116 melius
733 5063 904 5116 multo
953 5079 1115 5130 quam
1148 5061 1204 5117 in
1248 5065 1410 5118 editis
1453 5065 1686 5120 λάϐοιεν.
1732 5065 1886 5122 Unde
1935 5061 2062 5120 Era-

488 5143 643 5206 smus
674 5147 866 5201 parum
910 5143 1036 5203 apte
1077 5133 1432 5191 reddiderat:
1474 5132 1621 5190 Unde
1654 5136 1816 5206 igitur
1861 5137 2059 5205 proba-

492 5201 599 5253 turi
626 5211 768 5263 sunt,
800 5209 907 5256 etc.

707 5272 1090 5341 Εὑεργεσίας.
1124 5271 1440 5353 Siculegere
1474 5275 1767 5353 maluimus
1806 5291 1929 5330 cum
1964 5289 2061 5330 sex

488 5341 799 5416 codicibus,
833 5358 1007 5416 quam
1025 5358 1148 5396 cum
1180 5341 1342 5416 editis
1363 5344 1662 5416 ἐνεργείας.
1764 5379 1767 5383 -

562 5410 674 5484 (59)
705 5410 934 5484 οὐσίαν
977 5413 1161 5484 ἔχον.
1188 5411 1284 5484 Sic
1334 5410 1574 5484 quatuor
1618 5431 1754 5471 mss.
1797 5414 2058 5470 codices:

489 5479 622 5533 editi
668 5481 853 5535 οὐσίαν
895 5479 1296 5552 ἔχων“.11)ἰ(1ειη
1343 5479 1511 5540 editio
1564 5484 1738 5542 Paris.
1792 5500 1917 5540 cum
1955 5499 2064 5539 uno

494 5555 707 5628 tantum
741 5551 931 5606 codice
950 5551 1060 5628 ms.
1100 5553 1261 5616 εὐθὺς
1293 5554 1499 5627 Κύριος
1537 5556 1566 5609 ὁ
1593 5555 1726 5620 Θεὸς
1756 5554 1931 5628 ἡμῶν.
1958 5554 2065 5609 Alii

494 5618 713 5673 codices
740 5634 873 5674 mss.
904 5628 965 5674 ut
994 5622 1048 5674 in
1075 5630 1356 5678 contextu.

565 5687 677 5759 (60)
712 5688 920 5758 Καθὼς
950 5692 1149 5760 αὐτός.
1190 5692 1281 5749 Sic
1309 5711 1444 5756 mss.
1475 5694 1713 5753 codices.
1743 5693 1921 5753 Editio
1958 5695 2062 5753 Pa-

2163 4553 2258 4606 κα),
2275 4551 2354 4622 τῷ
2393 4549 2506 4621 Υἱῷ
2537 4549 2644 4620 πρὸ
2671 4546 2779 4601 τῶν
2812 4544 3044 4599 αἰώνων.
3077 4542 3262 4605 Ὥστε,
3301 4539 3402 4592 κᾶν
3439 4554 3492 4589 τι
3531 4536 3747 4608 νοήσῃς

2162 4643 2270 4697 τῶν
2304 4642 2514 4697 αἰώνων
2537 4641 2813 4704 ἐπέκεινα,
2836 4636 2993 4691 τοῦτο
3018 4635 3268 4706 εὑρήσεις
3294 4631 3389 4684 τοῦ
3420 4627 3559 4682 Πνεύ
3568 4644 3749 4699 ματος

2935 4792 2951 4821 ¹
2992 4786 3095 4843 Job
3127 4799 3299 4840 xxxul
3324 4824 3339 4848 ,
3370 4784 3424 4839 4,
3500 4783 3521 4814 ⁸
3560 4779 3747 4836 Exod.

2164 4993 2263 5050 ris.
2298 4999 2353 5047 et
2376 4990 2544 5046 Basil.
2580 4985 2821 5043 secunda
2853 4983 3050 5045 Καθὼς
3078 4982 3171 5037 καὶ
3200 4980 3381 5043 αὑτός.
3412 4977 3529 5032 Νοη
3567 4979 3757 5032 multo

2165 5070 2399 5146 postne;
2434 5060 2624 5146 iisdem
2671 5056 2952 5111 codicibus
2984 5052 3215 5124 legimus
3251 5051 3488 5122 τυχόντι,
3524 5061 3639 5102 non
3688 5058 3751 5104 ut

2165 5128 2225 5199 in.
2251 5132 2412 5187 editis
2439 5128 2778 5202 τυγχάνοντι.
2836 5195 2850 5202 _

2238 5202 2356 5274 (ﬁl)?
2388 5187 2653 5274 Τοιαῦτα.
2684 5197 2810 5274 Post
2836 5195 2977 5274 lianc
3002 5208 3193 5274 vocem
3224 5189 3355 5247 editi
3386 5187 3597 5245 addunt
3623 5187 3750 5252 καί,

2167 5263 2709 5347 qubd__'in_ve_teribus
2741 5267 2897 5347 libris
2925 5280 3035 5347 non
3060 5263 3277 5328 legitur.
3468 5346 3473 5347 γ
3509 5329 3595 5347 ._‘
3650 5326 3703 5347 Δ

2184 5329 2200 5344 ⁸
2239 5342 2350 5464 (62)
2377 5340 2516 5423 Περὶ
2534 5338 2654 5421 ,τῂν
2678 5337 2897 5391 κτίσιν.
2928 5334 3021 5390 Sic
3052 5348 3186 5390 mss.
3218 5329 3436 5386 codices
3463 5346 3479 5384 :
3507 5329 3604 5382 ἐπὶ
3646 5329 3758 5398 τὴν

2170 5430 2235 5466 κτ
2263 5429 2345 5465 σιν
2376 5429 2429 5465 Ill
2461 5411 2645 5464 cdttts.

2242 5481 2352 5553 (65)
2388 5477 2610 5553 Προῆν.
2646 5477 2867 5553 Legitur
2900 5475 2954 5528 in
2987 5472 3202 5553 duobus
3235 5468 3420 5553 Regiis
3454 5467 3759 5553 codicibus

2170 5543 2265 5606 uati.
2295 5543 2506 5623 πρώην,
2532 5543 2967 5623 erat‘et'pridem.
3011 5543 3183 5611 Quam
3213 5543 3543 5612 scripturam
3570 5543 3764 5592 min)?

2170 5617 2411 5681 arridere
2440 5617 2787 5678 Combeﬁsio.
