3862 6216
503 265 606 326 159

1813 265 1871 320 S.
1913 265 2160 322 BASILII
2198 265 2414 323 MAGNI

3641 260 3732 316 160

499 388 788 442 timuerunt
820 384 883 438 “.
932 382 1169 439 Proinde
1215 398 1339 438 cum
1385 383 1663 447 audieris,
1711 382 1841 462 Cum
1887 387 2055 440 veneri

2181 386 2501 455 ὡδήγησεν
2538 385 2778 450 αὐτούς.
2811 347 2940 437 Kal.
2961 351 3037 454 μη
3069 400 3157 454 μοι
3205 381 3304 453 τὴν
3330 381 3551 451 ὁδηγίαν
3595 380 3738 434 πάλιν

498 477 820 535 Paracletus
841 517 856 537 ,
886 476 977 530 ille
1014 476 1158 530 vobis
1188 486 1458 546 suggeret,
1493 493 1556 528 ac
1581 493 1671 530 vos
1699 476 1852 544 ducet
1884 478 1936 530 in
1967 494 2080 530 om-

495 589 617 630 nem
649 575 918 626 veritatem
945 571 988 602 ”
1015 589 1028 624 :
1057 570 1238 639 cogita
1263 568 1670 633 deductionem,
1694 567 1859 622 siculi
1882 566 2077 623 doctus

492 680 592 731 es;
627 679 698 719 ne
723 662 1080 718 calumnieris
1112 661 1434 730 cogitatum.

2185 479 2262 541 εἰς
2289 477 2549 547 ταπεινὴν
2575 476 2850 529 διακονίαν
2883 474 3139 548 ὲκλάϐῃς.
3164 473 3335 526 Τοῦτο
3364 473 3472 544 γὰρ
3499 472 3591 525 καὶ
3616 469 3738 524 Θεοῦ

2182 568 2342 639 ἔργον
2390 565 2527 621 εἶναι
2575 570 2603 621 ὁ
2665 567 2824 636 λόγος
2871 565 3316 638 διαμαρτύρεται.
3377 563 3738 632 Ὠδήγησας,

2183 660 2368 730 φησὶν,
2391 659 2470 724 ὠς
2502 659 2763 726 πρόϐατα
2791 657 2897 711 τὸν
2924 657 3080 712 λαόν
3110 672 3226 709 σου
3246 669 3260 684 ·
3289 657 3400 718 καὶ,
3438 655 3491 706 Ὀ
3521 650 3743 723 ὁδηγῶν

493 758 640 812 ὡσεὶ
676 759 971 827 πρόϐατον
1003 755 1110 809 τὸν
1171 755 1416 823 Ἰωσήφ·
1463 755 1578 818 καὶ,
1650 752 1986 822 Ὠδήγνησεν
2029 754 2252 820 αὐτοὺς
2315 741 2680 817 ἐπ’ἐλπίδι,
2715 754 2813 808 καί
2849 755 2958 808 οὐκ
3004 752 3368 806 ἐδειλίασαν.
3397 751 3559 804 Ὥστε
3622 750 3741 803 ὅταν

493 849 753 921 ἀκούσῃς,
803 849 884 901 ὅτι
945 848 1131 900 Ὅταν
1159 846 1306 914 ἔλθῃ
1350 848 1382 899 o'
1419 845 1830 916 Παράκλητος,
1864 846 2097 912 ἐκεῖνος
2132 845 2290 915 ὑμᾶς
2327 846 2666 916 ἀναμνήσει
2710 846 2809 899 καὶ
2862 843 3148 914 ὁδηγήσει
3210 842 3321 914 (69)
3356 840 3505 911 πρὸς
3546 839 3743 894 πᾶσαν

493 943 611 1013 τὴν
653 923 961 1012 ἁλήθεῆιν,
993 943 1092 1013 τὴν
1131 941 1375 1012 ὁδηγίαν,
1406 942 1481 1004 ὡς
1525 943 1827 1013 ἐδιδάχθης.
1851 943 1989 995 νὸει⁹
2029 941 2102 1012 μὴ
2141 943 2466 1010 συκοφάντει
2499 941 2595 1011 τὴν
2623 941 2847 994 ἔννοιαν.
3684 942 3691 948 “

570 1035 660 1089 50.
699 1032 801 1094 At,
832 1033 1066 1102 inquies,
1100 1032 1278 1086 Etiam
1308 1034 1610 1102 interpellat
1654 1050 1748 1102 pro
1795 1037 1942 1090 nobis
1975 1036 2018 1066 ιδ
2051 1055 2065 1090 :

493 1125 723 1197 proinde
748 1133 1012 1196 quantum
1042 1126 1090 1180 is
1119 1125 1210 1194 qui
1245 1126 1473 1195 supplex
1520 1134 1640 1192 est,
1691 1126 1942 1181 beneﬁcii
1973 1142 2070 1181 au-

495 1224 651 1271 ctore
688 1214 917 1269 inferior
943 1221 1062 1281 est,
1091 1223 1300 1269 tantum
1338 1231 1558 1285 quoque
1589 1215 1827 1285 Spiritus
1855 1218 2069 1272 ratione

494 1305 781 1376 dignitatis
803 1321 832 1358 a
866 1303 976 1359 Deo
1004 1312 1272 1360 remotus.
1303 1304 1372 1357 At
1403 1314 1460 1358 tu
1490 1307 1732 1360 nondum
1765 1305 1968 1360 audisti
1999 1305 2066 1360 de

495 1395 813 1467 Unigenito,
841 1395 988 1465 quod
1018 1396 1066 1451 is
1090 1405 1174 1451 est
1199 1397 1256 1450 in
1283 1394 1507 1451 dextera
1529 1395 1646 1463 Dei,
1672 1405 1728 1453 et
1757 1397 2070 1467 interpellat

498 1503 601 1560 pro
635 1489 805 1542 nobis
832 1487 914 1541 “'7
949 1487 1138 1556 Itaque
1177 1488 1306 1558 quia
1359 1487 1596 1558 Spiritus
1645 1489 1700 1542 in
1747 1496 1801 1543 te
1850 1497 1968 1552 est,
2024 1489 2070 1544 si

493 1587 677 1633 tamen
707 1578 934 1632 omnino
970 1579 1028 1631 in
1076 1587 1130 1632 te
1157 1584 1262 1644 est,
1293 1584 1347 1632 et
1393 1577 1522 1647 quia
1551 1592 1654 1632 nos
1681 1586 1979 1633 excaacatos
2004 1578 2071 1632 ad

492 1669 805 1740 eligendum
846 1669 993 1739 quod
1025 1669 1159 1726 utile
1206 1677 1328 1735 est,
1371 1669 1562 1733 docet,
1593 1669 1952 1740 deducitque,
2004 1686 2072 1724 ne
2103 1661 2144 1712 Β

494 1777 614 1816 eam
645 1762 715 1817 ob
746 1777 970 1816 causam
1001 1762 1146 1832 piam
1191 1776 1256 1816 ac
1295 1768 1538 1816 sanctam
1567 1759 1633 1814 de
1663 1775 1728 1814 eo
1759 1759 2069 1829 Opinionem

493 1854 734 1909 amittas.
765 1853 899 1908 Nam
932 1853 1176 1924 profecto
1209 1867 1456 1908 summus
1485 1852 1649 1906 fuerit
1679 1851 1879 1922 ingrati
1902 1852 2069 1905 animi

491 1946 716 2016 gradus,
743 1945 1138 2001 benefacientis
1159 1944 1555 1999 humanitatem
1587 1944 1653 1998 ad
1677 1943 1876 2013 ingrati
1901 1943 2069 1997 animi

490 2037 838 2092 occasionem
873 2044 1108 2091 vertere.
1155 2035 1337 2090 Nolite
1381 2036 1548 2106 igitur
1581 2035 1912 2088 contristare
1942 2034 2066 2103 Spi-

489 2130 653 2182 ritum
679 2137 927 2181 sanctum
953 2128 1019 2181 ¹⁶.
1052 2127 1250 2180 Audite
1272 2126 1404 2196 quid
1435 2125 1580 2181 dicat
1611 2134 1912 2196 martyrum
1954 2123 2070 2193 pri-

489 2224 656 2278 mitiae
707 2221 1062 2293 Stephanus,
1121 2219 1550 2274 inobedientiam
1601 2233 1666 2272 ac
1711 2216 2066 2271 rebellionem

489 2313 829 2384 exprobrans
882 2311 1107 2380 pOpulo.
1159 2308 1296 2373 Vos,
1339 2309 1538 2378 inquit,
1597 2323 1800 2374 semper
1844 2305 2068 2374 Spiritui

485 2414 670 2461 sancto
702 2403 956 2458 resistitis
991 2403 1055 2455 ".
1089 2399 1157 2454 Et
1201 2415 1422 2455 rursum
1451 2399 1620 2455 Isaias
1651 2418 1664 2453 :
1701 2397 2056 2453 Exacerbave-

484 2504 609 2549 runt
639 2493 900 2563 Spiritum
930 2501 1210 2556 sanctum,
1240 2501 1291 2546 et
1332 2508 1510 2546 versus
1544 2499 1621 2545 est
1655 2491 1766 2544 illis
1803 2491 1857 2544 in
1884 2491 2068 2543 inimi-

486 2585 670 2640 citiam
693 2585 756 2638 ⁸⁸.
796 2584 861 2638 Ει
892 2584 1056 2648 alibi,
1099 2583 1300 2637 Domus
1323 2581 1490 2636 Iacob
1526 2583 1761 2636 irritavit
1805 2581 2064 2650 Spiritum

484 2676 702 2732 Domini
731 2677 796 2732 ¹⁹.
847 2675 1080 2740 Audite,
1125 2676 1348 2744 inquam
1367 2713 1382 2738 ,
1419 2689 1487 2728 an
1516 2689 1626 2729 non
1652 2673 1768 2729 hzec
1794 2689 2063 2729 summam

484 2768 783 2840 potentiam
827 2766 1144 2823 declarent?
1181 2765 1400 2821 Judicio
1447 2765 1742 2836 legentium
1785 2765 2061 2834 permitto,

483 2875 622 2931 quas
654 2859 876 2914 tandem
917 2865 1167 2928 oporteat
1189 2873 1285 2912 eos
1307 2900 1322 2924 ,
1353 2857 1448 2927 qui
1477 2857 1592 2912 haec
1640 2855 1904 2922 audiunt,
1945 2856 2064 2926 opi-

483 2953 675 3006 niones
703 2950 1028 3019 concipere;
1059 2957 1244 3003 utrum
1275 2957 1536 3018 tanquam
1568 2948 1637 3002 de
1671 2948 2058 3010 instrumento,

481 3044 658 3113 deque
685 3042 996 3108 obediente,
1033 3049 1086 3097 et
1128 3057 1317 3112 parem
1347 3039 1721 3096 conditionem
1751 3054 1874 3094 cum
1901 3053 2057 3093 crea-

479 3145 603 3189 tura
645 3135 873 3198 sortito,
905 3135 1144 3206 denique
1189 3133 1350 3189 nobis
1397 3147 1666 3189 conservo
1715 3132 1951 3197 sentire;
1985 3145 2054 3184 an

480 3226 865 3296 gravissimum
915 3228 1002 3282 vel
1058 3226 1228 3282 verbo
1288 3226 1408 3280 solo
1463 3226 1606 3281 hanc
1658 3223 2052 3294 blasphemiam

480 3320 694 3388 piorum
751 3334 914 3377 aures
969 3320 1202 3377 subire?
1258 3319 1488 3375 Servum
1547 3318 1687 3374 dicis
1749 3318 2056 3388 Spiritum?

482 3405 587 3464 Sed
623 3424 848 3474 servus,
897 3410 1118 3480 inquit,
1151 3426 1264 3465 non
1298 3409 1451 3465 novit
1489 3408 1619 3480 quid
1667 3407 1832 3464 faciat
1874 3408 2052 3464 domi-

479 3516 584 3556 nus
611 3501 784 3570 ipsius
812 3502 857 3533 ²⁰
895 3521 907 3557 :
943 3501 1184 3572 Spiritus
1213 3510 1536 3555 autemnon
1567 3499 1725 3554 aliter
1754 3499 1906 3553 novit
1933 3513 2054 3568 qum

477 3599 607 3648 sunt
641 3591 757 3659 Dei,
787 3608 950 3664 quam
987 3594 1216 3663 spiritus
1245 3593 1490 3649 hominis
1516 3594 1670 3648 novit
1698 3606 1819 3662 quae
1849 3591 1902 3645 in
1935 3592 2053 3661 ipso

476 3684 694 3738 sunt'h

1070 3791 1300 3848 CAPUT
1322 3792 1441 3848 XX.

475 3903 738 3965 Adversus
767 3921 854 3958 eos
878 3948 893 3971 ,
927 3904 1016 3975 qui
1053 3905 1250 3975 dicunt
1297 3904 1557 3974 Spiritum
1602 3921 1695 3959 nec
1735 3906 1790 3958 in
1835 3905 2046 3968 servili,

543 3989 635 4027 nec
662 3975 716 4026 in
744 3975 896 4028 herili
926 3974 1228 4030 conditione
1252 3993 1385 4041 esse,
1415 3976 1504 4030 sed
1538 3981 1592 4029 in
1616 3977 1912 4029 conditione
1931 3975 2051 4029 libe-

544 4060 750 4100 rarum.

545 4133 636 4188 51.
695 4133 884 4204 Neque
945 4150 1181 4198 servus,
1236 4135 1456 4205 inquit,
1515 4151 1697 4206 neque
1756 4136 2047 4200 dominus,

472 4224 569 4283 sed
603 4225 758 4279 liber.
802 4224 846 4279 Ο
877 4226 1077 4279 mirum
1118 4234 1401 4296 stuporem
1423 4266 1438 4290 ,
1472 4241 1506 4281 ο
1542 4225 1910 4282 miserandam
1947 4241 2046 4280 au-

473 4314 686 4370 daciam
751 4315 857 4370 ista
917 4315 1295 4385 loquentium!
1355 4317 1500 4383 Quid
1560 4318 1796 4387 amplius
1858 4317 2047 4387 deplo-
2083 4352 2124 4406 υ

471 4420 634 4462 rem!
689 4415 872 4462 utrum
938 4408 1245 4474 inscitiam,
1309 4424 1380 4464 an
1429 4409 1850 4480 'blasphemiam
1909 4409 2044 4464 isto-

470 4498 646 4554 rum?
701 4499 795 4568 qui
860 4497 1079 4567 quidem
1149 4499 1218 4553 de
1282 4497 1393 4556 Deo
1463 4500 1718 4570 dogmata
1783 4499 2042 4557 humanis

468 4590 735 4660 exemplis
789 4589 1158 4656 dedecorant;
1214 4606 1278 4646 ac
1331 4592 1616 4647 hominum
1685 4592 2041 4648 consuetudi-

467 4695 634 4744 nem,
684 4695 782 4750 per
831 4696 994 4751 quam
1047 4681 1236 4751 dispar
1269 4690 1354 4737 est
1405 4683 1730 4754 dignitatum
1766 4684 2041 4739 excellen-

467 4771 564 4836 tia,
602 4772 672 4826 ad
701 4772 943 4827 divinam
974 4780 1028 4828 et
1061 4774 1390 4830 ineffabilem
1424 4783 1676 4830 naturam
1712 4787 2032 4830 accommo-

464 4863 689 4920 modare
727 4865 981 4919 nituntur
1015 4883 1028 4919 :
1063 4866 1209 4921 haud
1245 4875 1564 4937 reputantes
1595 4865 1737 4937 apud
1788 4869 2036 4922 homines

462 4953 685 5024 quidem
716 4955 928 5010 nullum
956 4970 1080 5011 esse
1105 4965 1304 5011 natura
1335 4971 1576 5013 servum.
1615 4959 1722 5012 Aut
1748 4959 1893 5014 enim
1941 4975 2038 5029 po-

1249 5135 1292 5166 ¹³
1319 5133 1476 5190 Joan.
1522 5154 1632 5201 xw,
1682 5137 1789 5200 26;
1849 5154 1960 5202 XVI,
2018 5138 2106 5194 15.

1023 5203 1067 5234 ³⁸
1107 5203 1205 5259 Isa.
1250 5221 1418 5272 um,
1462 5208 1547 5262 10.
1626 5209 1668 5240 ¹⁹
1709 5208 1851 5264 Psal.
1893 5225 1978 5272 cv,
2015 5209 2102 5262 5:2.

537 5129 578 5162 ³³
616 5129 760 5185 Psal.
801 5146 1004 5196 Lxxvu,
1047 5133 1134 5187 55.

466 5197 506 5230 ¹⁷
546 5201 669 5254 Act.
701 5217 808 5266 vn,
842 5201 930 5257 51.

535 5353 650 5494 (69)
681 5357 793 5410 Καὶ
827 5356 1132 5429 ὁδηγήσει.
1165 5360 1290 5417 Haac
1329 5360 1513 5414 addita
1552 5376 1584 5415 e
1607 5376 1698 5418 sex
1729 5365 2030 5420 codicibus.

535 5425 626 5494 (70
678 5428 786 5481 Καὶ
842 5429 1021 5482 ὁσίαν
1045 5431 1180 5494 περὶ
1221 5431 1408 5485 αὑτοῦ
1451 5430 1660 5494 δόξαν.
1693 5432 1784 5487 Sic
1815 5434 2030 5490 codices

535 5425 649 5494 (70)
678 5428 812 5499 Kal
842 5425 1021 5499 ὁσίαν
1045 5431 1180 5499 περὶ
1221 5431 1408 5485 αὑτοῦ
1451 5430 1660 5495 δόξαν.
1693 5432 1784 5487 Sic
1815 5434 2034 5490 codices

465 5507 658 5573 omnes
687 5515 735 5573 :_
732 5497 862 5573 editi
898 5499 992 5552 καὶ
1019 5497 1167 5573 Θείαν
1196 5501 1351 5573 δόξαν
1377 5503 1506 5573 περὶ
1541 5502 1751 5556 τούτου.

541 5563 653 5648 (η)
678 5565 1036 5648 Παρώργιοςε.
1071 5570 1162 5625 Sic
1190 5563 1567 5648 codicesjnss.
1596 5587 1806 5648 omnes,
1841 5590 1938 5644 pro
1966 5590 2031 5648 eo

467 5634 731 5709 quodest
756 5637 813 5692 in
847 5634 1024 5695 editis
1065 5640 1365 5714 παρώξυνε.
1399 5641 1574 5714 Caput
1619 5634 1937 5700 vicesimum
1972 5647 2026 5701 in

2247 1035 2334 1089 50.
2388 1034 2547 1087 Ἀλλά
2587 1034 2695 1088 Καὶ
2737 1031 3107 1101 ἐντυγχάνει,
3147 1032 3332 1101 φησιν,
3372 1026 3523 1095 ὑπὲρ
3559 1025 3739 1097 ἡμῶν·

2175 1125 2336 1176 Ὥστε
2355 1124 2476 1177 ὅσον
2502 1122 2687 1194 ἱκέτης
2707 1121 2800 1176 τοῦ
2827 1121 3111 1194 εὐεργέτου
3136 1119 3399 1182 λείπεται,
3420 1117 3667 1171 τοσοῦτον
3683 1118 3745 1170 τὸ

2174 1216 2400 1286 Πνεῦμα
2440 1215 2581 1269 κατὰ
2612 1214 2711 1287 τὴν
2755 1213 2912 1280 ἀξίαν
2954 1213 3319 1266 ἀποπέπτωκε
3353 1211 3446 1265 τοῦ
3482 1210 3637 1264 Θεοῦ.
3669 1212 3742 1264 Σὺ

2172 1306 2228 1358 δὲ
2253 1306 2404 1359 οὔπω
2443 1308 2682 1378 ἤκουσας
2722 1307 2851 1378 περὶ
2881 1305 2974 1359 τοῦ
3015 1304 3373 1372 Μονογενοῦς,
3404 1305 3484 1357 ὃτι
3513 1303 3656 1356 ἐστὶν
3687 1304 3749 1355 ὲν

2173 1398 2325 1470 δεξιᾷ
2357 1398 2448 1452 τοῦ
2485 1399 2643 1464 Θεοῦ,
2677 1399 2772 1452 καὶ
2803 1399 3118 1469 ἐντυγχάνει
3145 1397 3283 1468 ὑπὲρ
3305 1394 3497 1467 ἠμῶν;
3531 1395 3620 1465 Μὴ
3652 1391 3748 1448 οὖν

2173 1493 2253 1545 ὅτι
2289 1491 2350 1544 τὸ
2375 1491 2599 1562 Πνεῦμα
2624 1494 2681 1546 ὲν
2705 1493 2788 1544 σο)⁸
2815 1492 2994 1561 (εἴπερ
3023 1489 3087 1562 δὴ
3115 1490 3251 1554 ὅλως
3277 1491 3335 1542 ὲν
3361 1489 3485 1559 σοὶ),
3515 1489 3636 1558 μηδ’
3661 1489 3748 1540 ὅτι

2173 1581 2662 1649 ἀποτυφλωθέντας
2711 1583 2858 1652 ἡμᾶς
2909 1582 3046 1652 πρὸς
3083 1579 3181 1652 τὴν
3215 1580 3444 1652 ἐκλογὴν
3476 1579 3568 1632 τοῦ
3607 1596 3749 1649 συμ-

2173 1674 2430 1745 φέροντος
2477 1675 2749 1740 διδάσκει,
2793 1675 2888 1728 καὶ⁹
2935 1675 3152 1746 ὁδηγεῖ,
3179 1672 3366 1727 τούτου
3415 1674 3596 1727 ἕνεκεν
3646 1673 3750 1744 τὴν

2173 1765 2368 1836 εὐσεϐῆ
2414 1767 2508 1818 καὶ
2541 1766 2695 1819 ὁσίαν
2739 1767 2866 1838 περὶ
2893 1765 3058 1820 αὐτοῦ
3105 1765 3261 1829 δόξαν
3284 1765 3394 1837 (70)
3439 1764 3751 1835 ζημιωθῇς.

2185 1857 2491 1929 Ὑπερϐολὴ
2522 1857 2629 1930 γὰρ
2670 1858 3062 1930 ἀγνωμοσύνης
3098 1858 3256 1912 τοῦτό
3282 1874 3369 1926 γε,
3409 1857 3508 1927 τὴν
3553 1857 3752 1926 φιλαν-

2173 1945 2416 2017 θρωπίαν
2454 1946 2546 2000 τοῦ
2593 1947 2880 2018 εὐεργέτου
2917 1946 3166 2018 ἀφορμὴν
3206 1946 3526 2017 ἀχαριστίας
3571 1949 3755 1997 ποιεῖν·

2171 2038 2318 2093 σθαι.
2361 2039 2450 2110 Μὴ
2486 2035 2579 2092 οὖν
2620 2038 2839 2092 λυπεῖτε
2886 2039 2946 2091 τὸ
2976 2038 3200 2108 Πνεῦμα
3237 2038 3298 2090 τὸ
3338 2038 3510 2104 ἅγιον.
3555 2036 3759 2090 Ἀκού-

2170 2147 2301 2182 σατε
2347 2130 2399 2182 τί
2431 2147 2594 2200 φησιν
2651 2133 2685 2200 ἡ
2721 2131 2942 2201 ἀπαρχὴ
2974 2130 3082 2182 τῶν
3131 2129 3422 2199 μαρτύρων
3453 2128 3756 2195 Στέφανος,

2167 2221 2228 2274 τὸ
2273 2221 2560 2285 δυσπειθὲς
2607 2221 2703 2275 καὶ
2746 2222 3116 2274 ἀνυπότακτον
3167 2221 3245 2289 τῷ
3302 2218 3414 2288 λαῷ
3449 2218 3755 2280 ὀνειδίζων.

2181 2313 2396 2382 Ὑμεῖς,
2439 2315 2632 2384 φησὶν,
2674 2314 2766 2368 ἀεὶ
2818 2311 2898 2378 τῷ
2923 2313 3220 2381 Πνεύματι
3267 2311 3346 2376 τῷ
3397 2311 3542 2381 ἁγίῳ
3581 2313 3761 2364 ἀντι-

2167 2406 2432 2460 πίπτετε.
2496 2405 2606 2460 Kal
2657 2405 2817 2459 πάλιν
2862 2406 2890 2456 ὁ
2944 2405 3208 2468 Ἡσαΐας·
3263 2403 3631 2470 Παρώξυναν
3679 2403 3760 2455 τὸ

2165 2495 2407 2565 Πνεῦμα
2429 2494 2494 2548 τὸ
2519 2495 2708 2564 ἅγιον,
2734 2494 2830 2547 καὶ
2857 2493 3123 2561 ἐστράφη
3154 2492 3356 2556 αὐτοῖς
3375 2495 3460 2558 εις
3481 2493 3715 2561 ἔχθραν
3738 2510 3756 2522 ο

2165 2589 2260 2644 καὶ
2305 2588 2563 2659 ἑτέρωθι·
2605 2589 2666 2640 '0
2694 2583 2857 2652 οἶκος
2883 2585 2990 2638 τοῦ
3026 2585 3234 2640 Ἰακὼϐ
3267 2585 3598 2654 παρώργισε
3627 2586 3760 2655 (7L)

2165 2681 2231 2732 τὸ
2261 2677 2503 2747 Πνεῦμα
2529 2679 2750 2745 Κυρίου
2772 2692 2785 2706 ’
2820 2678 2868 2728 εί
2901 2675 2976 2746 μὴ
3005 2674 3415 2744 ὲξουσιαστικῆς
3455 2674 3762 2744 δυνάμεως

2165 2767 2550 2840 παραστατικά
2596 2769 2665 2822 τά
2716 2766 2977 2832 τοιαῦτα;
3006 2768 3083 2838 Τῇ
3147 2767 3252 2820 τῶν
3305 2766 3762 2836 ἐντυγχανόντων

2165 2861 2338 2932 κρίσει
2369 2861 2627 2932 παρίημι,
2667 2859 2839 2913 ταῦτα
2869 2857 3164 2919 ἀκούοντας
3210 2857 3400 2920 ὁποίας
3447 2856 3597 2920 τινὰς
3635 2860 3762 2928 χρὴ

2163 2950 2261 3015 τὰς
2329 2951 2625 3021 ὑπολήψεις
2678 2951 2856 3020 ἔχειν’
2892 2949 2964 3012 ὡς
3012 2947 3140 3018 περὶ
3186 2947 3448 3019 ὀργάνου,
3493 2945 3585 2998 καὶ
3638 2946 3763 2998 ὐπ-

2164 3042 2348 3112 ηκόου,
2371 3041 2464 3094 καὶ
2483 3041 2746 3111 ὁμοτίμου
2767 3043 2831 3111 τῇ
2860 3040 3056 3103 κτίσει,
3084 3037 3178 3091 καὶ
3198 3039 3326 3108 ἡμῖν
3347 3035 3642 3107 ὁμοδούλου
3667 3053 3682 3101 ;
3716 3038 3760 3106 ἢ

2163 3131 2462 3202 βαρύτατον
2494 3133 2588 3184 καὶ
2617 3133 2825 3202 ῥήματι
2864 3131 3006 3202 μόνῳ
3035 3129 3131 3202 τὴν
3154 3128 3499 3199 βλασφημίαν
3527 3127 3764 3199 ταύτην

2162 3223 2417 3277 ὑποδῦναι
2446 3226 2556 3286 τοῖς
2603 3221 2879 3288 εὐσεϐέσι;
2928 3221 3120 3274 Δοῦλον
3153 3221 3332 3288 λέγεις
3371 3220 3431 3272 τὸ
3469 3219 3711 3290 Πνεῦμα
3742 3238 3762 3285 ;

2172 3314 2359 3369 Ἀλλ’ὁ
2388 3315 2592 3378 δοῦλος,
2645 3314 2830 3386 φησὶν,
2866 3314 2966 3367 οὐκ
3019 3308 3129 3367 οἶδε
3172 3313 3225 3365 τί
3274 3313 3415 3364 ποιεῖ
3459 3313 3488 3363 ὁ
3543 3311 3768 3381 κύριος

2159 3410 2355 3464 αὐτοῦ·
2387 3410 2447 3462 τὸ
2491 3409 2546 3462 δὲ
2591 3409 2816 3480 Πνεῦμα
2860 3407 3032 3470 οὕτως
3055 3402 3160 3460 οἶδε
3203 3407 3273 3460 τὰ
3321 3407 3414 3459 τοῦ
3464 3405 3629 3470 Θεοῦ,
3668 3405 3770 3466 ὡς

2159 3505 2250 3556 καὶ
2278 3503 2340 3555 τὸ
2366 3502 2581 3573 πνεῦμα
2618 3501 2711 3554 τοῦ
2740 3499 3026 3571 ἀνθρώπου
3061 3498 3129 3552 τὰ
3163 3498 3221 3552 ὲν
3243 3497 3389 3568 αὐτῷ
3413 3497 3551 3569 (7‘2).

2689 3792 3083 3846 ΚΕΦΑΛΑΙΟΝ
3120 3793 3204 3845 K’.

2156 3910 2314 3977 Πρὸς
2345 3908 2486 3974 τοὺς
2519 3908 2810 3977 λέγοντας
2828 3905 2978 3977 μήτε
2998 3905 3067 3958 ἐν
3089 3902 3357 3977 Δδουλικῆ
3377 3903 3788 3977 τάξειλμῄτε

2225 3973 2300 4032 ἑνί
2325 3973 2654 4046 δεσποτιπῇ
2679 3973 2931 4036 εἶναι’,τὸ
2957 3975 3218 4044 Πνεῦμα,
3249 3975 3388 4028 ἀλλ’
3412 3975 3481 4028 ἐν
3500 3973 3587 4042 τῇ
3618 3977 3790 4032 τῶν

2227 4048 2577 4115 ἐλευθέρων.

2226 4142 2315 4196 51.
2354 4141 2491 4194 Οὔτε
2513 4140 2699 4193 δοῦλόν
2739 4156 2924 4210 φησιν,
2963 4137 3088 4191 οὔτε
3115 4137 3400 4206 δεσπότην,
3430 4136 3544 4190 ἀλλ’
3571 4138 3796 4193 ἐλεύ-

2155 4232 2329 4304 θερον,
2374 4231 2437 4284 Ὤ
2491 4231 2592 4300 τῆς
2625 4229 2804 4299 δεινῆς
2847 4227 3212 4298 ἀναλγησίας,
3258 4225 3304 4279 ὢ
3347 4227 3446 4298 τῆς
3483 4227 3796 4302 ἐλεεινῆς

2151 4323 2384 4393 ἀφοϐίας
2440 4321 2546 4375 τῶν
2600 4320 2771 4374 ταῦτα
2830 4319 3133 4387 λεγόντωνί
3198 4317 3264 4370 Τί
3331 4317 3488 4371 πλέον
3540 4320 3802 4377 αὐτῶν

2151 4414 2461 4486 ὁδύρωμαι;
2496 4412 2556 4466 τὺ
2593 4410 2803 4482 ἀμαθὲς
2849 4410 2957 4482 (75)
2981 4451 2994 4474 ,
3024 4409 3057 4480 ἦ
3097 4409 3159 4462 τὸ
3196 4408 3540 4480 βλάσφημον;
3579 4411 3642 4462 οἵ
3683 4430 3804 4480 γε

2149 4506 2220 4558 τὰ
2279 4506 2379 4575 τῆς
2425 4505 2701 4572 θεολογίας
2751 4503 2994 4572 δόγματα
3048 4501 3406 4572 ἀνθρωπίνοις
3459 4502 3808 4571 παραδεί-

2147 4613 2320 4666 γμασι
2363 4593 2750 4666 καθυϐρίζουσι
2773 4634 2788 4659 ,
2829 4593 2923 4646 καὶ
2958 4592 3055 4663 τὴν
3090 4584 3191 4644 ὦδε
3238 4590 3519 4662 συνήθειαν
3541 4631 3556 4653 ,
3579 4610 3808 4667 παρ..

2143 4683 2484 4754 ηλλανγμένην
2553 4683 2782 4754 ἔχουσαν
2827 4682 2935 4734 τῶν
3001 4680 3324 4752 ἀξιωμάτων
3374 4681 3474 4752 τὴν
3525 4681 3812 4754 διαφο-

2147 4777 2266 4848 ράν,
2293 4778 2360 4846 τῇ
2402 4775 2522 4846 θεία
2559 4774 2650 4828 καὶ
2691 4774 2914 4845 ἀρρήτῳ
2944 4772 3102 4841 φύσει
3146 4773 3560 4846 προσαρμόζειν
3602 4775 3818 4834 ἑπι-

2142 4867 2416 4938 χειροῦσιν
2435 4883 2447 4896 ·
2479 4867 2578 4919 οὐκ
2601 4862 2909 4927 ἐννοοῦντες
2927 4903 2943 4928 ,
2967 4864 3048 4916 ὅτι
3080 4863 3230 4933 παρά
3279 4864 3376 4934 μὲν
3405 4863 3820 4942 ἀνθρώποις

2142 4959 2208 5028 τῇ
2250 4957 2408 5026 φύσει
2435 4956 2618 5019 δοῦλος
2655 4955 2849 5018 οὐδείς.
2889 4956 2959 5009 Ἢ
2987 4955 3095 5026 γὰρ
3129 4955 3826 5034 καταδυναστευθέντες

2846 5138 2890 5169 ’⁸
2927 5139 3058 5194 ibid.
3167 5138 3211 5169 "
3248 5135 3446 5206 Ephes.
3498 5149 3600 5204 tv,
3635 5139 3820 5204 30-

2753 5212 2796 5240 ¹¹
2836 5206 2858 5261 I
2892 5209 3021 5264 Cor.
3066 5225 3142 5273 ιι,
3181 5207 3267 5261 Η.

2215 5139 2258 5169 ¹δ
2299 5138 2454 5191 Rom.
2491 5153 2608 5200 vm,
2642 5137 2732 5193 54.

2180 5209 2224 5239 ³ο
2263 5206 2422 5262 Joan.
2463 5225 2552 5273 xv,
2593 5208 2678 5262 i5.

2139 5364 2416 5437 nonnullis
2447 5363 2753 5437 codicibus
2793 5363 2983 5437 incipit
3032 5362 3103 5417 ah
3143 5361 3229 5418 his
3261 5359 3466 5437 verbis.
3515 5366 3834 5437 Δοῦλον

2137 5435 2400 5514 λέγεις-τὺ
2426 5433 2840 5514 ’Πνεῦμαᾼηιο
2867 5436 3028 5514 etiam
3061 5449 3226 5502 supra
3275 5433 3333 5486 in
3380 5447 3492 5490 uno
3521 5433 3842 5514 codicé

2137 5506 2205 5560 ab
2235 5505 2377 5565 istis,
2408 5505 2549 5575 ἀλλά
2580 5503 2672 5558 παὶ
2700 5503 3032 5575 ἐντυγχάνει.

2205 5575 2316 5649 (Ῐὲ)
2354 5574 2429 5649 Td}
2452 5575 2522 5649 εν
2545 5573 2978 5649 αὐτῷ.-(;οι1“ἱεεε
3003 5574 3248 5649 nonnulli
3261 5573 3342 5649 ⁸τὸ
3366 5575 3660 5649 é_v_a§t1t;)-

2205 5645 2316 5715 ('73)
2356 5645 2424 5700 Τὸ
2457 5646 2698 5716 ἀμαθές.
2731 5645 2861 5716 Reg.
2897 5652 3124 5716 quartus
3153 5644 3215 5698 τὸ
3251 5644 3492 5708 ἀπειθές.
