3900 6212
146 319 240 378 {SI

1259 315 1457 370 LIBER
1489 315 1575 369 DE
1617 313 1889 371 SPIBITU
1936 313 2224 370 SANCTO.

3312 316 3416 372 162

145 437 250 489 ὑπὸ
294 436 466 503 ζυγὸν
513 434 757 497 δουλείας
815 432 1055 503 ἤχθησαν
1096 430 1230 501 (74),
1262 431 1336 494 ὡς
1374 433 1431 482 ὲν
1469 430 1741 501 αἰχμαλω-

1846 429 2016 482 tentia
2051 428 2324 499 oppressi,
2351 426 2455 482 sub
2491 427 2686 497 jugum
2732 427 3016 483 servitutis
3057 427 3164 499 43
3205 427 3418 482 inducti

145 527 292 590 σίαις
313 545 327 556 ·
357 527 393 596 ἢ
421 527 512 580 διὰ
534 527 724 578 πενίαν
751 523 1251 593 κατεδουλώθησαν,
1278 523 1354 584 ὡς
1379 523 1428 574 ot
1453 520 1738 590 Αἰγύπτιοι

143 619 221 689 τῷ
250 621 458 688 Φαραὼ
480 633 494 645 ·
530 619 562 688 ἢ
603 619 741 670 κατὰ
767 633 887 669 τινα
921 617 1090 687 σοφὴν
1121 617 1214 668 καὶ
1242 615 1553 686 ἀπόρρητον
1595 615 1737 666 οἰκο-

143 711 345 781 νομίαν
378 713 426 762 οί
459 710 675 780 χείρους
717 708 826 761 τῶν
865 707 1068 760 παίδων
1116 709 1179 758 ἐκ
1219 707 1319 776 τῆς
1351 706 1459 758 τῶν
1489 703 1737 777 πατέρων

144 801 337 870 (ξω-λῆς
354 804 469 862 τοῖς
493 798 916 869 φρονιμωτέροις
935 797 1028 849 καὶ
1061 795 1293 865 βελτίοσι
1331 792 1599 846 δουλεύειν
1617 808 1739 844 κατ-

145 891 558 961 εδικάσθησανο
620 891 686 960 ἣν
737 888 855 941 οὐδὲ
896 887 1226 956 καταδίκην,
1263 885 1374 938 ἀλλ’
1421 883 1738 954 εὐεργεσίαν

146 986 294 1035 εἴποι
325 1000 412 1044 τις
454 983 520 1035 ἂν
547 981 754 1042 δίκαιος
780 979 888 1031 τῶν
932 979 1234 1046 γινομένων
1276 975 1588 1044 ἐξεταστὴς.
1635 974 1738 1026 Τὸν

145 1073 257 1144 γὰρ
288 1074 358 1125 δι’
393 1073 599 1125 ἔνδειαν
636 1069 731 1124 τοῦ
768 1072 982 1140 φρονεῖν
1010 1070 1110 1121 οὐκ
1146 1067 1338 1137 ἔχοντα
1378 1067 1436 1119 ἐν
1469 1065 1646 1134 ἑαυτῷ
1678 1064 1740 1117 τὸ

146 1165 295 1218 κατὰ
347 1165 515 1232 φύσιν
546 1163 744 1234 ἄρχον,
792 1161 976 1214 τοῦτον
1022 1160 1210 1231 ἐτέρου
1248 1160 1434 1229 κτῆμα
1481 1158 1736 1228 γενέσθαι

144 1257 616 1326 λυσιτελέστερον,
671 1253 779 1316 ἵνα,
839 1251 917 1321 τῷ
963 1250 1056 1303 τοῦ
1112 1249 1439 1320 κρατοῦντος
1493 1247 1738 1318 λογισμῴ

145 1348 586 1418 διευθυνόμενος,
621 1347 806 1415 ὅμοιος
909 1343 1115 1413 ἅρματι
1147 1344 1362 1413 ἡνίοχον
1395 1341 1736 1405 ἀναλαϐόντι,

145 1441 242 1492 καὶ
272 1441 450 1509 πλοίῳ
481 1438 820 1508 κυϐερνήτην
850 1435 1024 1505 ἔχοντι
1057 1435 1148 1486 ἐπὶ
1176 1435 1376 1488 οἰάκων
1405 1434 1735 1503 καθήμενον.

148 1534 246 1584 Διὰ
277 1531 444 1584 τοῦτο
497 1527 692 1581 Ἰακὼϐ
718 1527 902 1598 κύριος
930 1525 1024 1578 τοῦ
1065 1523 1232 1578 Ἠσαῦ
1261 1527 1324 1576 ὲκ
1359 1524 1458 1593 τῆς
1489 1522 1738 1590 εὐλογίας

145 1624 242 1676 τοῦ
277 1622 514 1693 πατρὸς,
543 1621 631 1672 ἵνα
657 1619 749 1672 καὶ
785 1618 858 1689 μὴ
898 1617 1212 1688 βουλόμενος
1243 1615 1392 1686 παρὰ
1429 1615 1522 1668 τοῦ
1549 1613 1736 1687 φρονί-

150 1732 250 1784 μου
275 1712 643 1782 εύεργετῆται
669 1713 698 1763 ό
723 1711 931 1780 ἄφρων,
957 1709 1056 1761 οὐκ
1080 1707 1219 1778 ἔχων
1247 1707 1338 1760 τὸν
1364 1709 1559 1760 οίκεῖον
1583 1706 1738 1776 κηδε-

1845 528 1994 584 sunt,
2029 521 2179 574 velut
2210 520 2268 573 in
2311 519 2455 574 bello
2491 519 2637 588 capti
2676 537 2690 573 :
2727 525 2821 572 aut
2863 518 2934 572 ob
2973 527 3319 589 pauperatem
3359 519 3420 573 in

1844 614 2167 666 servitutem
2199 612 2378 666 adacti
2412 621 2563 674 sunt,
2613 611 2763 665 velut
2803 609 3049 681 Egyptii
3091 611 3364 666 Pharaoni
3397 628 3414 666 :

1844 713 1938 757 aut
1963 703 2122 772 juxta
2146 705 2450 772 sapientem
2479 703 2775 773 quamdam
2816 710 2869 757 et
2900 718 3159 757 arcanam
3190 704 3418 773 dispen-

1843 797 2140 860 sationem,
2173 797 2265 866 qui
2301 796 2444 850 inter
2469 796 2610 850 ﬁlios
2633 796 2938 850 deteriores
2962 805 3111 862 sunt,
3133 806 3420 866 parentum

1844 902 2012 950 voce,
2054 887 2482 955 sapientioribus
2521 902 2585 942 ac
2629 888 2951 942 melioribus
2993 889 3048 942 in
3100 890 3420 945 servitutem

1845 977 2047 1031 addicti
2071 987 2230 1044 sunt;
2257 994 2419 1048 quam
2443 977 2866 1049 haudquaquam
2885 981 3417 1047 condemnationcm,

1845 1068 1940 1124 sed
1972 1068 2296 1123 beneﬁcium
2323 1070 2505 1139 potius
2529 1069 2731 1124 dixerit
2761 1085 2952 1140 aequus
2976 1086 3158 1125 rerum
3183 1072 3427 1126 aestima-

1845 1165 1954 1212 tor.
1996 1155 2132 1210 Nam
2165 1158 2258 1228 qui
2286 1159 2356 1212 ob
2391 1174 2588 1215 sensus
2623 1159 2889 1230 inOpiam,
2931 1161 3233 1224 nonhabet
3261 1163 3318 1217 in
3345 1179 3426 1218 se-

1844 1267 1904 1306 se
1933 1251 1985 1305 id
2013 1251 2159 1320 quod
2194 1257 2386 1304 natura
2416 1253 2670 1322 imperat,
2695 1253 2825 1308 huic
2859 1255 3049 1311 utilius
3079 1265 3164 1312 est
3197 1259 3428 1315 alterius

1845 1340 1959 1394 lieri
1994 1341 2350 1411 mancipium,
2382 1353 2442 1395 ut
2476 1341 2604 1396 dum
2640 1343 2978 1401 dominantis
3005 1349 3295 1417 prudentia
3337 1351 3426 1405 di-

1844 1431 2063 1501 rigitur,
2093 1431 2293 1486 similis
2326 1434 2398 1486 sit
2427 1434 2615 1488 currui
2649 1436 2744 1505 qui
2770 1437 3014 1508 aurigam
3044 1440 3249 1509 recepit
3276 1483 3290 1506 ,
3327 1450 3424 1494 aut

1844 1524 1969 1578 navi
2011 1539 2132 1594 quae
2165 1525 2484 1579 nauclerum
2516 1526 2678 1581 habet
2707 1527 2864 1582 clavo
2894 1529 3246 1585 assidentem.
3271 1529 3424 1586 Hanc

1843 1614 1913 1667 ob
1947 1629 2171 1670 causam
2223 1614 2393 1671 Jacob
2431 1617 2689 1672 dominus
2739 1617 2880 1673 Esau
2920 1635 2987 1674 ex
3037 1621 3424 1677 benedictione

1844 1707 2016 1775 patris
2043 1708 2109 1774 “,
2139 1715 2199 1760 ut
2221 1708 2424 1762 stultus
2459 1722 2489 1760 a
2523 1708 2769 1778 sapiente
2799 1711 2883 1764 vel
2911 1710 3116 1766 invitus
3145 1712 3422 1768 beneflcio

149 1805 285 1873 μόνα
320 1805 416 1855 τὸν
448 1799 596 1855 νοῦν.
635 1802 743 1854 Καὶ
773 1799 991 1853 Χαναὰν
1022 1802 1151 1861 παῖς
1186 1798 1400 1868 οἰκέτης
1430 1799 1540 1867 (75)
1586 1799 1739 1851 ἔσται

1846 1795 2167 1862 alIiceretur,
2215 1797 2420 1867 quippe
2473 1813 2582 1850 non
2619 1797 2828 1853 habens
2878 1802 3161 1869 proprium
3204 1808 3426 1857 curato-

145 1898 260 1957 τοῖς
292 1892 572 1960 ἀδελφοῖς,
601 1889 786 1961 ἐπειδὴ
823 1889 1100 1950 ἀδίδακτος
1126 1884 1192 1958 ἦν
1221 1888 1318 1956 τῆς
1337 1887 1556 1957 ἀρετῆς,
1580 1889 1745 1939 ἀσύν-

147 2003 268 2040 ετον
301 1984 446 2054 ἔχων
470 1984 563 2035 τὸν
592 1981 782 2034 ἑαυτοῦ
825 1981 1034 2050 πατέρα
1068 1979 1158 2031 τὸν
1190 1980 1337 2048 Χάμ.
1371 1973 1496 2030 Ὧδε
1526 1979 1622 2047 μὲν
1649 1975 1743 2031 οὖν

145 2077 322 2139 οὕτως
342 2077 393 2129 οξ
411 2074 609 2127 δοῦλοι·
633 2073 903 2142 ἐλεύθεροι
929 2072 1010 2135 δὲ,
1029 2072 1080 2124 οἱ
1107 2070 1459 2139 διαφυγόντες
1485 2069 1675 2122 πενίαν
1706 2070 1739 2140 ἢ

148 2169 279 2221 πόλε
291 2185 415 2236 μον,
437 2166 472 2236 ἢ
500 2166 598 2236 τῆς
633 2164 836 2235 ἑτέρων
863 2162 1184 2232 κηδεμονίας
1210 2159 1547 2230 ἀπροσδεεῖς.
1584 2159 1740 2210 Ὥστε

147 2260 254 2313 κᾶν
274 2261 303 2311 6
323 2260 424 2328 μὲν
450 2256 738 2324 δεσπότης,
765 2257 794 2307 ό
809 2254 864 2307 δὲ
879 2253 1093 2324 οἰκέτης
1107 2253 1352 2323 λέγηται,
1373 2251 1487 2304 ἀλλ’
1502 2246 1592 2303 οὖν
1610 2252 1744 2302 πάν-

145 2367 239 2414 τες
269 2351 368 2403 καὶ
403 2348 548 2401 κατά
580 2347 679 2417 τὴν
720 2346 855 2416 πρὸς
896 2344 1156 2414 ἀλλήλους
1187 2341 1500 2413 όμοτιμίαν,
1547 2343 1640 2394 καὶ
1668 2341 1743 2404 ὡς

145 2443 250 2510 κτή
262 2457 412 2510 ματα
431 2439 542 2508 (76)
561 2436 657 2489 τοῦ
686 2435 1043 2506 πεποιηκότος
1070 2435 1238 2504 ἡμᾶς,
1271 2432 1576 2502 ὁμόδουλοι..
1601 2432 1745 2485 Ἐκεῖ

145 2534 203 2585 δὲ
241 2533 298 2584 τί
329 2530 562 2583 δύνασαι
610 2527 709 2595 τῆς
746 2525 990 2587 δουλείας
1021 2522 1416 2590 ύπεξαγαγεῖν;
1461 2519 1626 2590 Ὀμοῦ
1682 2536 1743 2571 τε

150 2626 263 2695 γὰρ
318 2619 587 2690 ἐκτίσθη,
643 2621 738 2672 καὶ
791 2618 853 2671 τὸ
901 2615 1087 2670 δοῦλον
1139 2614 1251 2684 (77)
1315 2609 1454 2666 εἶναι
1500 2627 1742 2679 συγκατ-

149 2715 508 2767 ετκεύασται.
583 2710 847 2780 Ἀλλήλων
912 2709 1010 2778 μὲν
1064 2705 1172 2775 γὰρ
1206 2705 1266 2758 ού
1343 2703 1738 2774 κατάρχουσιν,

146 2803 344 2872 ἐπειδὴ
381 2799 694 2864 πλεονεξίας
721 2799 925 2869 ἄμοιρα
951 2796 1020 2849 τὰ
1051 2795 1306 2865 οὐράνια·
1342 2791 1461 2861 Θεῴ
1485 2793 1540 2843 δὲ
1565 2792 1743 2844 πάντα

147 2892 489 2955 ύποκύπτει,
525 2891 619 2943 καὶ
648 2891 722 2952 ὡς
756 2887 990 2959 δεσπότῃ
1026 2886 1116 2939 τὸν
1165 2883 1508 2953 ὀφειλόμενον
1555 2881 1738 2950 φόϐον,

143 2989 237 3039 καὶ
285 2985 370 3048 ὼς
419 2981 736 3054 δημιουργῷ
786 2981 887 3050 τὴν
919 2977 1313 3031 ἐπιϐάλλουσαν
1346 2973 1500 3038 δόξαν
1547 2973 1738 3025 ἀποδι-

140 3079 329 3131 δόντα.
374 3075 509 3140 Υἱὸς
540 3076 649 3143 γὰρ
699 3071 926 3136 δοξάζει
954 3069 1177 3136 πατέρα
1197 3108 1211 3131 ,
1247 3067 1343 3120 καὶ
1385 3065 1604 3129 δοῦλος
1634 3063 1742 3116 τὸν

1847 1905 1982 1954 rem,
2008 1889 2263 1944 videlicet
2280 1897 2540 1944 mentem.
2573 1888 2638 1942 Et
2659 1888 2916 1944 Chanaan
2942 1891 3085 1947 ﬁlius
3109 1907 3300 1949 servus
3318 1895 3424 1948 erit

1847 1985 2110 2040 fratribus
2140 1984 2257 2038 suis
2293 1984 2360 2050 ”,
2403 1984 2664 2053 quoniam
2708 1984 2963 2040 indocilis
2993 1994 3110 2040 erat
3139 1987 3206 2042 ad
3237 1990 3421 2044 virtu-

1844 2080 1976 2141 tem,
2012 2073 2410 2143 imprudentem
2442 2073 2650 2130 habens
2672 2085 2905 2144 patrem,
2925 2075 3181 2130 videlicet
3212 2078 3412 2134 Cham.

1843 2163 1927 2216 Ad
1956 2165 2101 2218 hunc
2137 2164 2306 2233 igitur
2335 2163 2556 2218 modum
2587 2164 2676 2218 hic
2709 2165 2846 2218 ﬁunt
2879 2167 3060 2232 servi;
3097 2168 3253 2222 liberi
3291 2185 3423 2225 vero

1847 2264 1997 2318 sunt,
2027 2256 2119 2324 qui
2152 2254 2457 2325 effugerunt
2493 2263 2897 2326 paupertatem,
2933 2266 3026 2310 aut
3059 2257 3286 2323 bellum,
3322 2272 3422 2316 aut

1844 2347 1935 2414 qui
1991 2346 2224 2398 aliorum
2273 2359 2404 2398 cura
2440 2360 2549 2398 non
2595 2353 2776 2414 egent.
2814 2343 3001 2416 Itaque
3037 2352 3287 2417 quamvis
3335 2349 3425 2403 hic

1844 2438 2034 2500 herus,
2065 2436 2155 2490 ille
2192 2451 2385 2490 servus
2411 2437 2734 2506 appelletur,
2769 2451 2961 2493 omnes
2991 2447 3175 2493 tamen
3205 2447 3258 2493 et
3291 2457 3424 2509 qua-

1844 2538 2002 2583 tenus
2037 2543 2229 2583 sumus
2267 2526 2511 2595 ejusdem
2545 2526 2689 2580 inter
2722 2543 2823 2582 nos
2846 2529 3200 2595 conditionis,
3225 2539 3276 2583 et
3300 2539 3424 2584 tan-

1843 2634 2008 2688 quam
2057 2619 2205 2673 illius
2249 2618 2343 2687 qui
2395 2633 2495 2674 nos
2530 2617 2777 2672 condidit
2829 2620 3136 2689 mancipia,
3173 2621 3425 2676 conservi

1852 2728 2072 2767 sumus.
2110 2712 2224 2765 Illic
2251 2726 2419 2779 porro
2453 2712 2584 2781 quid
2615 2719 2770 2780 potes
2803 2727 2833 2766 e
2872 2712 3136 2768 servitute
3161 2714 3428 2769 eximere?

1841 2802 1977 2856 Nam
2010 2803 2193 2858 statim
2227 2818 2289 2857 ac
2321 2803 2542 2857 condita
2573 2810 2720 2868 sunt,
2750 2803 2913 2859 simul
2937 2820 3062 2858 cum
3094 2806 3174 2861 eis
3204 2807 3426 2862 condita

1842 2899 2101 2953 servitus.
2140 2896 2255 2951 Sibi
2280 2896 2426 2950 enim
2462 2897 2693 2951 invicem
2717 2912 2828 2950 nou
2860 2897 3150 2966 imperant,
3184 2913 3250 2954 eo
3272 2899 3423 2968 quod

1841 2988 2087 3042 cmlestia
2122 2987 2245 3056 plus
2287 2986 2521 3040 habendi
2554 3002 2661 3041 non
2693 2994 2947 3042 tenentur
2978 2988 3274 3043 desiderio.
3313 2988 3426 3042 Dco

1841 3086 2022 3131 autem
2057 3077 2302 3145 subjecta
2344 3077 2560 3140 omnia,
2619 3091 2682 3130 ac
2742 3084 3002 3148 tanquam
3049 3078 3271 3133 domino
3332 3079 3432 3134 de-

141 3173 366 3240 κύριον
393 3167 583 3223 αὐτοῦ
614 3166 743 3236 (78).
776 3164 886 3216 Καὶ
925 3164 1146 3216 ἀπαιτεῖ
1170 3161 1386 3222 πάντως
1418 3157 1526 3210 τῶν
1554 3156 1646 3209 δύο
1679 3156 1741 3208 τὸ

1846 3171 2015 3225 bitum
2083 3171 2383 3235 timorem,
2454 3185 2519 3224 ac
2589 3177 2851 3239 tanquam
2932 3172 3202 3227 conditori
3270 3174 3428 3228 debio

140 3264 340 3333 ἕτερον
368 3262 398 3312 ό
428 3259 582 3320 Θεός.
613 3258 681 3308 El
723 3255 833 3324 γὰρ
865 3252 1066 3320 Πατήρ
1111 3253 1227 3321 ειμι
1271 3249 1404 3320 ἐγὼ,
1438 3248 1556 3302 ποῦ
1584 3249 1736 3310 ἐστι,

141 3355 338 3422 φησιν,
374 3352 414 3419 ἡ
449 3348 602 3412 δόξα
631 3361 784 3416 μου;
810 3346 903 3398 καὶ
943 3347 996 3396 sl
1037 3343 1247 3411 Κύριός
1282 3344 1397 3410 ειμι
1439 3339 1574 3410 ἐγὼ,
1622 3337 1740 3392 ποῦ

139 3448 325 3498 ἐστιν
360 3446 392 3496 ό
425 3443 604 3511 φόϐος
635 3454 786 3508 μου;
819 3434 898 3490 τΗ
931 3436 1146 3489 πάντων
1179 3433 1244 3487 ἂν
1281 3435 1364 3503 εἴη
1399 3431 1739 3500 ὲλεεινοτάτη

145 3537 265 3608 ζωὴ
298 3537 441 3606 (79),
479 3535 552 3604 μὴ
584 3532 688 3585 ὑπὸ
717 3530 815 3600 τὴν
849 3529 1150 3597 ἐπισκοπὴν
1190 3527 1282 3580 τοῦ
1319 3525 1590 3577 Δεσπότου
1625 3540 1741 3576 κει-

146 3631 290 3700 μένη
363 3608 578 3679 ’ὁποῖαί
603 3626 738 3676 εἰσιν
769 3625 822 3675 αἱ
859 3620 1221 3674 ἀποστατικαὶ
1245 3618 1520 3688 δυνάμεις,
1552 3617 1607 3669 αἱ
1653 3615 1741 3668 διὰ

140 3721 206 3772 τὸ
238 3717 615 3790 τραχηλιὰσαι
675 3714 818 3767 κατὰ
859 3711 994 3765 Θεοῦ
1032 3707 1743 3780 παντοκράτοροςιάφηνιά-

143 3810 350 3873 ζουσαι
371 3808 472 3875 τῆς
494 3805 736 3866 δουλείας
757 3821 770 3832 ·
803 3805 863 3857 οὑ
896 3802 972 3872 τῷ
1008 3801 1209 3871 ἑτέρως
1247 3799 1577 3868 πεφυκέναι,
1607 3797 1743 3850 ἀλλὰ

143 3900 227 3969 τῷ
252 3897 649 3957 ἀνυποτάκτως
676 3894 820 3964 ἔχειν
851 3893 989 3964 πρὸς
1015 3891 1105 3944 τὸν
1131 3892 1452 3960 ποιήσαντα.
1488 3889 1622 3943 Τίνα
1649 3886 1742 3942 οὖν

148 3993 340 4059 λέγεις
380 3988 661 4056 ἐλεύθερον
683 4004 698 4051 ;
723 3986 826 4038 Τὸν
852 3984 1236 4048 ἁϐασίλευτον;
1271 3983 1364 4036 τὸν
1389 3985 1525 4052 μήτε
1554 3982 1742 4052 ἄρχειν

150 4085 351 4152 ἑτέρου
378 4079 607 4149 δύναμιν
651 4077 842 4146 ἔχοντα
864 4116 878 4138 ,
913 4077 1047 4146 μήτε
1087 4073 1346 4145 ἄρχεσθαι
1375 4074 1744 4144 καταδεχόμε-

153 4188 282 4236 νον;
345 4169 482 4222 Ἀλλ’
512 4167 634 4220 οὔτε
661 4167 777 4219 ἔστι
808 4184 890 4229 τις
924 4164 1146 4234 τοιαύτη
1178 4163 1339 4233 φύσις
1369 4165 1427 4216 ὲν
1455 4165 1565 4226 τοῖς
1601 4160 1738 4227 οὖσι,

153 4266 252 4317 καὶ
279 4261 442 4314 τοῦτο
472 4259 582 4330 (80)
613 4258 861 4327 ἐννοῆσαι
895 4257 1033 4311 κατὰ
1057 4255 1151 4309 τοῦ
1182 4255 1496 4325 Πνεύματος
1521 4253 1742 4307 ἀσέὸεια

153 4353 494 4423 περιφανής.
531 4350 694 4401 ’Ὥστε
736 4350 784 4401 εί
827 4347 924 4419 μὲν
966 4346 1232 4409 ἔκτισται,
1265 4343 1504 4398 δουλεύει
1543 4344 1742 4416 δηλαδὴ

158 4446 304 4516 μετὰ
332 4445 549 4497 πάντων
569 4459 583 4472 ο
623 4442 700 4495 Τὰ
726 4442 837 4510 γὰρ
871 4443 1212 4509 σύμπαντα,
1242 4440 1396 4508 φησὶ,
1423 4437 1612 4492 δοῦλα
1635 4438 1737 4491 σά·

154 4541 209 4588 εἰ
245 4538 304 4590 δὲ
344 4536 486 4601 ὑπὲρ
514 4535 613 4605 τὴν
645 4533 820 4586 κτίσιν
849 4533 996 4596 ἐστὶ,
1041 4531 1142 4600 τῆς
1177 4529 1451 4599 βασιλείας
1481 4530 1596 4582 ἐστὶ
1625 4547 1741 4583 κοι-

156 4628 355 4680 νωνόν.

1843 3271 1952 3316 tam
2001 3263 2228 3332 gloriam
2268 3263 2606 3332 persolvunt.
2650 3260 2827 3316 Filius
2868 3265 3008 3317 enim
3053 3265 3226 3334 gloria
3271 3267 3428 3336 afﬁcit

1841 3364 2066 3422 patrem,
2095 3363 2145 3408 et
2174 3371 2351 3409 servus
2380 3355 2653 3408 dominum
2687 3372 2839 3409 suum
2871 3357 2960 3408 ’3'.
2982 3356 3046 3409 Et
3077 3374 3144 3412 ex
3169 3358 3254 3414 his
3289 3359 3429 3414 duo-

1842 3445 1946 3500 bus
1989 3446 2221 3500 alterum
2252 3445 2479 3499 omnino
2503 3444 2646 3500 Deus
2681 3447 2930 3514 requirit.
2973 3445 3115 3502 Nam
3144 3451 3190 3502 si
3240 3449 3424 3513 Pater,

1841 3535 2040 3603 inquit,
2076 3551 2194 3588 sum
2230 3551 2342 3604 ego,
2393 3535 2482 3587 ubi
2528 3544 2607 3588 est
2642 3535 2816 3604 gloria
2862 3538 3020 3590 mea?
3059 3535 3119 3590 Si
3164 3537 3426 3593 Dominus

1841 3640 1960 3676 sum
1987 3639 2104 3693 ego,
2140 3623 2230 3676 ubi
2262 3633 2339 3676 est
2369 3624 2528 3675 timor
2558 3639 2702 3677 meus
2733 3624 2818 3677 “?
2844 3624 3064 3694 Alioqui
3090 3627 3201 3680 vita
3235 3639 3427 3682 custo-

1842 3714 1946 3768 diae
1989 3729 2053 3768 ac
2084 3713 2413 3783 inspectioni
2461 3712 2677 3768 Domini
2722 3730 2833 3768 non
2885 3716 3129 3780 subdita,
3181 3718 3427 3771 omnium

1842 3805 2080 3860 maxime
2120 3804 2454 3860 miserabilis
2482 3804 2644 3858 foret.
2674 3805 2998 3874 Cujusmodi
3030 3815 3160 3861 sunt
3197 3808 3426 3861 virtutes

1841 3897 2194 3960 desertrices,
2225 3913 2349 3966 qua:
2379 3899 2523 3966 quod
2545 3899 2812 3953 cervicem
2837 3905 3132 3952 erexerunt
3161 3896 3427 3953 adversus

1843 3987 2014 4042 Deum
2066 3988 2525 4058 omnipotentem,
2576 3989 2893 4044 servitutem
2933 3989 3268 4054 detrectant,
3315 4005 3426 4044 non

1843 4077 1989 4148 quod
2029 4078 2185 4131 aliter
2217 4088 2415 4132 natura
2445 4087 2773 4149 comparatae
2799 4082 2930 4144 sint,
2964 4080 3060 4136 sed
3092 4082 3238 4152 quod
3282 4081 3428 4136 sub-

1842 4171 1969 4224 dita:
1999 4185 2122 4224 esse
2151 4171 2329 4224 nolint
2355 4170 2622 4226 Creatori.
2657 4171 2829 4238 Quem
2871 4173 3037 4242 igitur
3081 4174 3324 4242 appellas
3358 4173 3428 4226 li-
3490 4155 3501 4171 ’

1845 4261 2062 4316 berum?
2084 4260 2225 4316 Eum
2266 4262 2361 4332 qui
2408 4264 2526 4318 sine
2576 4279 2703 4334 rege
2739 4264 2855 4318 est?
2896 4263 2990 4334 qui
3033 4280 3212 4332 neque
3255 4265 3430 4334 impe-

1844 4353 2002 4408 randi
2033 4355 2188 4408 alteri
2219 4363 2545 4425 potestatem
2570 4355 2754 4421 habet,
2782 4371 2960 4426 neque
2997 4357 3223 4412 alterius
3255 4356 3428 4426 impe-

1846 4446 1987 4500 rium
2010 4447 2278 4500 admittit?
2308 4447 2378 4500 At
2400 4462 2500 4502 nec
2519 4457 2603 4502 est
2632 4447 2938 4502 istiusmodi
2964 4457 3156 4501 natura
3186 4449 3240 4502 in
3264 4449 3427 4502 rebus

1849 4535 2107 4600 conditis,
2136 4544 2190 4591 et
2231 4537 2331 4591 hoc
2364 4538 2430 4592 de
2462 4536 2671 4607 Spiritu
2699 4537 2938 4606 cogitare
2962 4547 3146 4605 aperta
3177 4536 3428 4605 impietas

1849 4637 1953 4682 est.
1986 4627 2167 4692 Quare
2197 4629 2243 4684 si
2273 4629 2510 4698 Spiritus
2553 4634 2774 4682 creatus
2805 4634 2923 4689 est,
2973 4627 3220 4695 profecto
3263 4625 3430 4680 servit

160 4734 292 4772 cum
321 4714 599 4771 omnibus.
631 4711 827 4767 Omnia
854 4713 1014 4777 enim,
1049 4711 1247 4782 inquit,
1275 4711 1507 4765 serviunt
1555 4709 1650 4763 tibi
1681 4713 1750 4776 ²³;
1788 4715 1874 4769 sin
1904 4732 2071 4787 supra
2096 4729 2404 4774 creaturam
2442 4727 2546 4782 est,
2587 4718 2738 4788 regni
2789 4733 3008 4787 quoque
3055 4732 3285 4771 consors
3321 4726 3425 4772 est.

237 4881 283 4911 ”
323 4875 464 4929 Gen.
504 4889 675 4937 xxv",
709 4874 800 4928 '57.
874 4873 920 4904 ³³
956 4871 1092 4927 Gen.
1129 4887 1204 4938 Ix,
1243 4869 1334 4924 25.

240 4991 293 5058 (7
307 4989 355 5058 ί)
387 4988 723 5054 Ἤχθησαν.
747 4987 838 5041 Sic
867 4999 1058 5040 omnes
1085 4983 1302 5058 codices
1329 5001 1344 5049 ;
1367 4983 1496 5058 editi
1521 4981 1746 5058 ἠνέχθη-

168 5053 290 5137 σαν.
319 5053 490 5112 Paulo
519 5065 641 5124 post
671 5058 892 5124 quidam
916 5071 1049 5110 mss.
1075 5055 1292 5137 codices
1323 5053 1492 5124 σοφὴν
1524 5056 1615 5107 καὶ
1647 5054 1746 5122 ἄῤ-

170 5134 358 5267 “figi
394 5199 664 5268 Οἰκέτης,
686 5205 805 5268 etc.
832 5195 989 5268 _E_diti
1020 5193 1239 5268 oixéjmc
1263 5195 1394 5268 ﬁeri.
1425 5195 1539 5256 τοῖς
1595 5191 1752 5268 ἀδελ-

170 5262 293 5337 φοῖς
327 5262 518 5334 αὑτοῦ,
553 5262 741 5337 ἐπειδὴ
789 5265 1089 5330 ἀδίδακτος.
1127 5262 1276 5318 Libri
1326 5271 1534 5318 veteres
1579 5271 1640 5317 ut
1695 5263 1754 5315 in

171 5347 690 5479 ωϊῖἓῗιιιξτήματα.
741 5407 844 5479 Sic
886 5422 1020 5479 mss.
1051 5404 1314 5479 quinque.
1353 5401 1494 5456 Editi
1543 5402 1748 5472 κτῆμα.

177 5476 298 5532 uo:
328 5476 462 5546 Reg.
491 5476 768 5534 secundus
793 5478 846 5530 τί
878 5476 1129 5530 δύνασθε.

249 5550 357 5621 ιῖῖ)
383 5541 633 5621 Α’ρῦλον-
669 5549 745 5621 ιω
780 5564 911 5621 mss:
947 5545 1315 5621 duoaquibvs
1344 5543 1525 5621 faveat
1569 5541 1754 5621 ΡΨῒέθὲ

179 5611 561 5740 gnijn'quibus
585 5620 784 5688 legitur
804 5618 993 5688 δούλῳ.
1021 5611 1172 5671 Alitis
1195 5615 1356 5668 habet
1377 5611 1583 5675 δοῦλος.
1613 5611 1754 5664 Editi

224 5707 356 5740 οὪΛα.
1343 5736 1346 5738 .

406 5757 517 5812 Τὸν
545 5759 753 5827 κύριοι·
772 5757 976 5812 αὐτοῦ.
1001 5736 1346 5812 Colbertinus
1373 5753 1542 5808 codex
1573 5760 1624 5806 ct
1647 5750 1757 5804 duo

1408 4870 1477 4902 ²³⁶
1511 4868 1740 4924 Malach.
1783 4886 1821 4933 ι,
1852 4870 1906 4924 6.
1981 4871 2030 4902 ²¹⁶
2073 4871 2206 4925 ibid.
2285 4873 2330 4904 ’³
2362 4872 2504 4925 Psal.
2545 4889 2690 4935 cm,
2727 4872 2815 4926 9|.

1843 4982 1932 5035 alii
1959 4981 2331 5038 aCombelisio
2361 4984 2508 5038 citati
2531 4985 2736 5038 addunt
2760 4982 3020 5050 φοϐεῖται.
3050 4980 3152 5033 Sed
3179 4979 3279 5032 hoc
3311 4995 3430 5032 ver-

1844 5053 1978 5106 bum
2009 5053 2078 5107 ab
2111 5054 2230 5122 ipso
2246 5055 2469 5116 Basilio,
2499 5056 2754 5106 omnibus
2774 5049 3425 5122 inss.consentientibus,

1849 5121 2206 5194 omittiturjin
2235 5139 2355 5194 cap.
2384 5124 2450 5177 18
2473 5125 2637 5193 hujus
2666 5123 2812 5185 libri,
2846 5121 2936 5175 ubi
2987 5121 3128 5174 idem
3178 5121 3427 5175 testimoo

1850 5193 2002 5245 nium
2039 5192 2296 5248 refertur.

1924 5261 2038 5330 (79)
2077 5263 2228 5328 Ζωή.
2265 5263 2406 5316 Editi

1857 5327 2094 5384 deest'in
2127 5327 2383 5386 omnibus
2410 5327 2712 5386 codicibus.
2747 5329 2948 5384 Ibidem
2983 5327 3114 5397 Reg.
3151 5328 3345 5397 tertius
3375 5337 3430 5380 et

1848 5400 2004 5455 Coll).
2033 5401 2137 5453 ὑπὸ
2159 5402 2257 5470 τὴν
2283 5402 2491 5470 σκέπην
2514 5401 2630 5461 τοῦ,
2660 5401 2768 5454 Sub
2799 5399 2963 5453 tutela
2995 5395 3224 5450 Domini.
3260 5395 3431 5470 Paulo

1852 5479 1975 5539 post
2005 5471 2137 5524 editi
2187 5469 2564 5540 ἀφηνιάζουσι,
2612 5471 2758 5540 quod
2815 5472 3137 5522 auctoritate
3185 5469 3431 5536 quinque

1851 5541 2100 5594 codicum
2135 5542 2489 5595 mutavimus.

1923 5611 2034 5680 (80)
2055 5610 2162 5663 Καὶ
2184 5611 2379 5664 τοῦτο.
2403 5610 2494 5664 Sic
2521 5610 2866 5666 emendatum
2889 5623 2991 5677 ope
3022 5605 3177 5680 Regii
3201 5604 3428 5680 secundi

1853 5674 1998 5750 quod
2017 5674 2184 5750 prave
2209 5681 2263 5734 in
2290 5681 2413 5736 aliis
2434 5696 2568 5736 mss.
2595 5691 2650 5735 et
2678 5683 2732 5734 in
2755 5674 3215 5748 editis—legebatur
3233 5676 3327 5729 καὶ
3347 5674 3425 5727 τό.

2437 5275 2558 5332 post
2593 5262 2954 5332 hanc_vocem
2983 5258 3189 5332 addunt
3229 5258 3298 5332 εί,
3333 5257 3428 5311 scd
