3862 6216
431 246 539 304 165

1019 355 1250 413 CAPUT
1291 354 1433 413 XXI.

436 472 763 530 Testimonia
810 487 877 526 ex
914 471 1205 541 Scripturis
1241 468 1500 540 Spiritum
1545 467 1803 539 appeuari
1834 467 2018 523 Domi-

1115 578 1119 589 ~
1155 558 1304 596 num.

507 634 598 690 52.
632 633 739 689 Sed
759 633 889 703 quid
909 647 1046 702 opus
1062 642 1230 687 estex
1256 631 1421 685 rebus
1445 628 1747 684 humilibus
1775 643 2019 698 pugnan-

438 734 542 791 tes,
586 726 852 781 doctrina:
885 724 1123 793 turpiter
1173 737 1370 793 parare
1400 722 1706 784 victoriam,
1753 718 1863 791 44
1893 734 2019 772 cum

438 816 973 871 liceatillustriorum
1000 814 1364 885 appositione,
1411 812 1596 882 gloriae
1615 810 2017 873 excellentiam,

438 908 529 963 cui
576 906 881 962 contradici
921 922 1033 962 non
1064 907 1276 976 possit,
1318 902 1730 959 demonstrare?
1775 900 1931 969 Quod
1973 900 2021 956 si

436 998 781 1070 proferemus
808 1012 872 1052 ea
908 1012 1032 1067 qua:
1069 1011 1172 1051 nos
1200 994 1483 1063 Scriptura
1520 992 1746 1059 docuit,
1793 992 2021 1047 forsitan

439 1104 640 1159 magno
691 1088 1109 1157 vehementique
1155 1087 1398 1141 clamore
1437 1083 1923 1148 vociferabantur,
1968 1091 2024 1138 et

441 1182 668 1236 auribus
692 1181 967 1236 obturatis
992 1176 1476 1234 Pneumatomaehi
1507 1176 1760 1232 tollentes
1790 1174 2019 1244 lapides,

442 1280 537 1326 aut
558 1272 821 1344 quidquid
849 1271 990 1325 forte
1018 1269 1345 1334 occurrerit,
1377 1268 1431 1322 in
1464 1283 1616 1321 arma
1646 1267 1879 1337 quisque
1900 1281 2023 1321 ver-

441 1371 640 1426 tentes,
682 1362 739 1415 in
769 1376 871 1415 nos
900 1361 1131 1414 irruent.
1175 1357 1282 1412 Sed
1314 1371 1422 1411 non
1445 1366 1532 1411 est
1552 1356 1714 1411 nobis
1734 1353 2024 1410 incolumi-

442 1463 530 1509 tas
568 1452 949 1523 anteponenda
995 1447 1238 1505 veritati.
1302 1446 1616 1502 Invenimus
1661 1446 1837 1518 igitur
1880 1444 2024 1516 apud

441 1545 765 1616 Apostolum
802 1562 815 1598 :
850 1543 1111 1596 Dominus
1144 1551 1319 1595 autem
1349 1540 1548 1612 dirigat
1572 1537 1737 1594 corda
1765 1548 1938 1593 vestra
1968 1538 2025 1591 in

443 1637 773 1691 dilectionem
798 1634 918 1701 Dei,
947 1643 997 1688 et
1024 1635 1078 1688 in
1095 1633 1412 1701 patientiam
1439 1630 1641 1686 Christi
1667 1646 1761 1699 pro
1793 1628 2023 1683 tribula-

446 1730 678 1784 tionibus
709 1728 775 1782 ".
806 1697 943 1793 Quis
987 1732 1073 1780 est
1095 1697 1367 1780 Dominus
1398 1722 1639 1794 dirigens
1669 1697 1742 1776 Vin
1780 1721 2029 1777 dilectio-
2054 1697 2100 1756 Β

444 1836 572 1875 nem
604 1819 722 1883 Dei,
753 1827 807 1873 et
844 1819 902 1872 in
930 1817 1252 1889 patientiam
1288 1814 1497 1871 Christi
1523 1829 1623 1883 pro
1651 1813 2030 1868 tribulationi-

444 1912 585 1968 bus?
619 1910 1009 1982 Respondeant
1039 1910 1222 1974 nobis,
1259 1909 1355 1979 qui
1393 1906 1659 1976 Spiritum
1709 1906 1765 1960 in
1796 1905 2030 1961 servitu-

446 2011 556 2058 tem
608 2004 853 2073 adigunt.
908 1999 1035 2056 Sive
1074 2001 1219 2056 enim
1265 2000 1334 2054 de
1372 1999 1484 2053 Deo
1525 2005 1579 2053 et
1623 1997 1786 2053 Patre
1836 1997 2031 2052 fuisset

446 2109 666 2160 sermo,
711 2093 937 2149 omnino
982 2092 1218 2147 dixisset
1263 2109 1277 2145 :
1319 2088 1579 2144 Dominus
1624 2106 1709 2143 vos
1742 2088 1940 2158 dirigat
1976 2092 2031 2141 in

446 2187 781 2241 dilectionem
805 2185 891 2238 sui
922 2200 943 2238 :
975 2185 1089 2238 sive
1121 2181 1189 2236 de
1229 2180 1390 2246 Filio,
1423 2180 1762 2245 addidisset,
1792 2182 1847 2233 in
1879 2196 2030 2234 suam

447 2277 614 2346 ipsius
653 2276 988 2343 patientiam.
1021 2272 1281 2338 Quaerant
1320 2273 1489 2341 igitur
1522 2284 1775 2340 quamam
1812 2271 1885 2324 sit
1925 2269 2031 2323 alia

448 2379 707 2437 persona,
737 2378 902 2434 quam
932 2361 1149 2416 Domini
1192 2359 1463 2415 vocabulo
1504 2364 1699 2413 deccat
1748 2356 2030 2411 honorari.

449 2456 591 2511 Huic
623 2456 780 2510 aliine
810 2462 894 2510 est
939 2462 993 2509 et
1029 2451 1204 2518 illud,
1248 2451 1396 2522 quod
1429 2451 1561 2504 alibi
1606 2451 1846 2520 positum
1883 2456 1967 2505 est
2015 2458 2029 2503 :‘

449 2547 710 2602 Dominus
734 2563 821 2601 vos
851 2547 1066 2614 impleat
1093 2552 1143 2599 et
1173 2543 1446 2597 abundare
1474 2543 1640 2611 faciat
1672 2541 1950 2604 charitate,
1980 2541 2034 2593 in

450 2655 539 2694 uos
568 2640 785 2693 invicem
811 2646 860 2691 et
891 2638 945 2691 in
975 2652 1176 2701 omnes,
1201 2632 1647 2706 quemadmodum
1667 2640 1715 2685 et
1735 2647 1829 2684 nos
1849 2632 1899 2683 in
1922 2647 2031 2694 vos,

452 2728 521 2783 ad
560 2727 986 2799 conﬁrmandum
1025 2727 1191 2780 corda
1244 2733 1419 2779 uestra
1460 2720 1941 2792 irrepreltensibilia
1979 2720 2035 2772 in

451 2819 894 2889 sanctiﬁcatione,
935 2832 1118 2870 coram
1157 2815 1267 2869 Deo
1301 2824 1353 2867 et
1384 2813 1546 2867 Patre
1594 2822 1775 2867 nostra
1798 2852 1813 2876 ,
1846 2811 1901 2864 in
1934 2810 2035 2863 ad-

453 2918 608 2966 ventu
634 2908 851 2962 Domini
880 2906 1050 2960 nostri
1072 2904 1204 2959 Jesu
1232 2903 1435 2959 Christi
1462 2919 1584 2957 cum
1627 2903 1870 2956 omnibus
1909 2918 2036 2955 san-

1740 236 1801 295 S.
1843 235 2087 293 BASlLll
2128 234 2342 292 MAGNI

2051 363 2098 417 A

3584 221 3694 282 164

2632 344 3025 402 ΚΕΦΔΔΑΙΟΝ
3075 345 3183 399 KA'

2117 461 2446 531 Μαρτυρίαι
2468 459 2540 514 ἐκ
2567 456 2685 512 τῶν
2711 454 3094 580 Γρῆῗὲνῶοῦ
3120 449 3593 522 κυριολοτεῗσθαι
3623 449 3695 505 τὸ

2828 541 3035 596 νευμα.

2189 621 2280 676 52.
2322 621 2434 675 Καὶ
2464 620 2516 674 τί
2545 619 2652 685 δεῖ,
2679 619 2743 672 ἐκ
2773 616 2882 671 τῶν
2922 614 3192 671 ταπεινῶν
3221 611 3692 685 ἀπομαχομένους,

2118 711 2358 785 αἰσχρῶς
2395 710 2494 783 τὴν
2532 710 2688 780 νίκην
2730 706 3104 762 κατακτᾶσθαι
3149 705 3230 776 τῷ
3264 705 3429 776 λόγῳ,
3464 703 3582 769 ἐξὸν
3624 706 3699 774 τῇ

2120 803 2421 876 παραθέσει
2450 802 2560 855 τῶν
2598 799 2936 871 σεμνοτέρων
2971 798 3362 869 ἀναντίρρητον
3390 796 3489 866 τὴν
3531 796 3701 864 ὑπερ-

2121 895 2282 966 ϐολὴν
2306 894 2408 965 τῆς
2430 893 2590 963 δόξης
2609 890 2974 945 ἐπιδεικνύναι
2996 908 3011 958 ;
3039 891 3102 943 Et
3129 889 3187 942 δὲ
3214 888 3467 959 λέγοιμεν
3488 886 3524 940 ἃ
3542 886 3702 958 παρά

2120 989 2219 1059 τῆς
2247 988 2470 1059 Γραφῆς
2513 984 2872 1055 ἐδιδάχθημεν
2892 1022 2907 1047 ,
2948 981 3090 1053 τάχα
3124 997 3228 1034 που
3263 979 3407 1051 μέγα
3443 979 3537 1031 καὶ
3566 994 3703 1046 σφο-

2120 1081 2244 1153 δρὸν
2275 1078 2696 1152 ἀνακράξονται,
2727 1076 2821 1129 καὶ
2849 1076 3137 1145 συσχόντες
3164 1072 3234 1126 τὰ
3260 1066 3402 1135 ὦτα,
3434 1068 3706 1142 ἀράμενοι

2120 1172 2323 1239 λίθους,
2348 1173 2383 1245 ἢ
2414 1173 2443 1226 ὃ
2472 1189 2527 1225 τι
2549 1170 2615 1225 ἂν
2643 1169 2797 1241 τύχοι
2827 1166 3146 1239 παραφανὲν
3164 1206 3181 1231 ,
3206 1164 3364 1218 τοῦτο
3394 1164 3502 1216 τῶν
3526 1164 3704 1216 Πνευ-

2127 1266 2460 1339 ματομάχων
2497 1264 2725 1328 ἕκαστος
2770 1262 2934 1316 ὅπλον
2987 1259 3385 1345 ποιησάμενρς,
3429 1256 3514 1324 ἐφ’
3551 1257 3706 1325 ἡμᾶς

2122 1361 2363 1431 ἥξουσιν.
2412 1359 2488 1413 Οὐ
2523 1358 2630 1429 μὴν
2657 1355 2762 1429 πρό
2791 1372 2856 1424 γε
2889 1354 2989 1424 τῆς
3026 1351 3284 1424 ἀληθείας
3308 1348 3542 1420 τιμητὲα
3569 1349 3709 1418 ἡμῖν

2122 1454 2157 1524 ὴ
2183 1451 2470 1522 ἀσφάλεια.
2492 1450 2741 1524 Εὖρομεν
2759 1448 2937 1502 τοίνυν
2957 1445 3107 1518 παρὰ
3125 1444 3204 1516 τῷ
3236 1442 3539 1512 Ἀποστόλῳ
3564 1439 3644 1511 (81
3658 1440 3704 1511 )·

2135 1543 2191 1596 '0
2221 1542 2290 1597 δὲ
2326 1544 2541 1611 Κύριος
2572 1539 2929 1595 κατευθύναι
2971 1536 3142 1606 ὑμῶν
3184 1533 3292 1601 τὰς
3330 1531 3578 1601 καρδίας
3613 1532 3708 1596 εις

2125 1634 2240 1705 τὴν
2270 1634 2512 1705 ἀγάπην
2534 1631 2643 1686 τοῦ
2669 1630 2838 1696 Θεοῦ,
2868 1628 2966 1683 καί
2994 1631 3083 1695 είς
3105 1624 3222 1695 τὴν
3249 1622 3567 1694 ὑπομονὴν
3593 1621 3711 1676 τοῦ

2126 1726 2383 1796 Χριστοῦ
2428 1725 2583 1794 ὑπὲρ
2604 1710 2735 1778 τῶν
2771 1723 3037 1791 θλίψεων
3064 1718 3198 1791 (82).
3241 1718 3338 1782 Τίς
3377 1719 3406 1770 ὁ
3441 1713 3713 1770 κατευθύ-

2127 1836 2232 1872 νων
2275 1817 2480 1890 Κύριος
2519 1818 2600 1880 είς
2634 1816 2733 1888 τὴν
2766 1814 2861 1868 τοῦ
2908 1813 3044 1868 Θεοῦ
3086 1812 3329 1882 ἀγάπην,
3364 1810 3459 1864 καὶ
3489 1811 3570 1873 είς
3602 1809 3712 1881 τὴν

2128 1909 2268 1979 ὑπὲρ
2296 1908 2404 1961 τῶν
2444 1906 2677 1977 θλίψεων
2698 1906 2792 1960 τοῦ
2822 1904 3060 1977 Χριστοῦ
3093 1904 3405 1975 ὑπομονήν;
3452 1904 3716 1974 ’Δποκρι-

2128 2002 2411 2056 νάσθωσαν
2438 2003 2569 2073 ἡμῖν
2597 2003 2646 2054 oi
2676 1999 2738 2053 τὸ
2775 1998 3000 2070 Πνεῦμα
3036 1994 3521 2067 καταδουλούμενοι
3576 1996 3715 2049 Εἴτε

2129 2095 2235 2167 γὰρ
2264 2094 2395 2165 περὶ
2421 2095 2515 2147 τοῦ
2541 2094 2677 2147 Θεοῦ
2710 2092 2805 2147 καὶ
2833 2090 3046 2162 Πατρὸς
3075 2090 3184 2162 (85)
3225 2092 3254 2144 ὁ
3283 2089 3459 2158 λόγος,
3491 2088 3716 2150 πάντως

2131 2188 2198 2241 ἂν
2226 2189 2411 2259 εἴρητο
2430 2204 2441 2219 ·
2483 2187 2547 2239 '0
2575 2185 2643 2239 δὲ
2675 2186 2891 2253 Κύριος
2914 2180 3073 2252 ὑμᾶς
3097 2182 3452 2237 κατευθύναι
3480 2182 3568 2246 είς
3590 2179 3719 2247 τὴν

2131 2276 2346 2331 ἑαυτοῦ
2368 2275 2611 2346 ἀγάπην
2630 2292 2643 2305 ·
2674 2276 2784 2328 εἴτε
2809 2271 3049 2344 περὶτοῦ
3076 2270 3207 2324 Υἱοῦ
3230 2270 3363 2342 (84),
3388 2270 3722 2341 προσέκειτο

2130 2367 2219 2436 ἂν,
2243 2370 2331 2435 είς
2359 2367 2476 2437 τὴν
2506 2366 2724 2422 ἑαυτοῦ
2768 2364 3103 2435 ὑπομονήν.
3147 2364 3489 2436 Ζητείτωσαν
3528 2358 3621 2416 οὖν
3653 2362 3719 2414 τί

2132 2460 2279 2512 ἐστιν
2323 2458 2451 2513 ἄλλο
2477 2458 2768 2529 πρόσωπον
2787 2498 2803 2523 ,
2832 2457 2861 2511 ὃ
2887 2459 2953 2529 τῇ
2993 2454 3332 2528 προσηγορίᾳ
3367 2455 3462 2510 τοῦ
3499 2452 3721 2524 Κυρίου

2130 2548 2396 2620 τιμᾶσθαι
2427 2550 2596 2614 ἀξιον.
2637 2549 3028 2622 Παραπλήσιον
3062 2547 3120 2600 δὲ
3151 2546 3325 2616 τούτῳ
3360 2545 3472 2617 (85)
3511 2546 3606 2598 καὶ
3647 2545 3725 2598 τὸ

2133 2641 2359 2714 ἑτέρωθι
2383 2641 2663 2713 κείμενον,
2693 2643 2755 2695 τό
2775 2657 2791 2673 ·
2831 2637 3014 2710 Ὑμᾶς
3054 2638 3124 2693 δὲ
3147 2642 3181 2694 ὁ
3211 2640 3425 2708 Κύριος
3450 2636 3722 2691 πλεονά-

2133 2747 2238 2787 σαι
2263 2733 2361 2787 καὶ
2401 2735 2801 2802 περισσεύσαι
2829 2732 2907 2802 τῇ
2930 2731 3128 2802 ἀγάπῃ
3155 2732 3241 2796 είς
3265 2728 3577 2796 ἀλλήλους
3609 2728 3725 2781 καὶ

2133 2825 2222 2889 εὶς
2248 2821 2502 2889 πάντας,
2543 2822 2811 2891 καθάπερ
2835 2821 2934 2876 καὶ
2974 2819 3146 2890 ἡμεῖς
3180 2823 3268 2884 είς
3297 2818 3477 2889 ὑμᾶς,
3507 2819 3597 2882 είς
3643 2817 3728 2870 τὸ

2134 2914 2414 2983 στηρίξαι
2437 2913 2606 2984 ὑμῶν
2647 2914 2753 2981 τὰς
2796 2911 3042 2981 καρδίας
3070 2910 3416 2981 ἀμέμπτους
3435 2910 3504 2963 ἐν
3537 2911 3729 2978 ἁγιω-

453 3002 551 3054 ctis
577 3000 689 3054 suis
711 2998 777 3052 ³⁷.
827 2995 1002 3063 Quem
1040 2994 1331 3050 Dominum
1368 3003 1654 3065 precatur,
1702 3007 1889 3048 coram
1923 2991 2031 3048 Deo

2139 3006 2294 3075 σύνῃ
2344 3004 2686 3074 ἔμπροσθεν
2722 3003 2831 3057 τοῦ
2878 3000 3026 3056 Θεοῦ
3058 3001 3158 3055 καὶ
3186 2999 3415 3067 Πατρός
3443 2996 3613 3067 ήμῶν
3641 2998 3732 3050 ἐν

452 3100 509 3149 et
538 3090 700 3145 Patre
735 3097 925 3144 nostro
954 3088 1011 3142 in
1044 3087 1280 3141 adventu
1323 3085 1541 3140 Domini
1577 3084 1755 3139 nostri
1795 3083 2033 3152 irrepre-

453 3180 747 3235 hensibilia
786 3178 1028 3233 fidelium
1057 3174 1635 3231 Thessalonicensium
1662 3172 1853 3239 corda,
1898 3187 2033 3226 con-

452 3269 668 3323 ﬁrmata
700 3268 756 3323 in
785 3269 1078 3322 sanctitate
1105 3265 1493 3320 constabilire?
1520 3263 1905 3334 Respondeant
1932 3278 2034 3317 no-

452 3360 562 3423 bis,
583 3358 823 3429 quicum
852 3356 1265 3412 ministratoriis
1287 3355 1595 3426 spiritibus,
1624 3355 1718 3425 qui
1744 3355 2034 3408 mittuntur

456 3449 526 3505 ad
556 3448 964 3513 ministerium,
1015 3449 1290 3502 collocant
1329 3445 1596 3518 Spiritum
1639 3455 1914 3503 sanctum.
1963 3446 2033 3499 At

454 3557 565 3597 non
595 3541 796 3597 habent
821 3539 969 3611 quod
1006 3540 1396 3611 respondeant.
1432 3538 1778 3610 Quapropter
1802 3540 2034 3594 audiant

454 3647 513 3691 et
547 3635 694 3690 aliud
718 3633 1116 3699 testimonium,
1141 3626 1451 3688 evidenter'
1471 3631 1738 3704 Spiritum
1781 3640 2032 3688 sanctum

456 3728 738 3799 appellans
791 3725 1105 3780 Dominum.
1157 3724 1418 3780 Dominus
1450 3764 1467 3791 ,
1517 3725 1735 3795 inquit,
1798 3723 2032 3796 Spiritus

455 3828 534 3873 est
555 3819 634 3886 ²⁸;
666 3823 720 3872 et
760 3832 984 3872 rursum
1019 3835 1032 3871 :
1070 3815 1348 3887 Tanquam
1383 3832 1417 3869 a
1460 3815 1687 3873 Domino
1721 3815 1927 3887 Spiritu
1962 3817 2031 3869 ”.

456 3909 535 3964 Ne
563 3925 693 3965 vero
721 3911 831 3964 ulla
861 3912 1206 3986 relinquatur
1225 3914 1445 3970 occasio
1462 3912 1898 3976 contradicendi,
1916 3911 2034 3981 ipsa

456 4002 701 4072 Apustoli
726 4006 889 4062 verba
913 4006 1186 4076 proferam
1216 4006 1273 4060 in
1304 4004 1542 4061 medium
1580 4024 1593 4059 :
1634 4003 1806 4074 Usque
1842 4001 1912 4056 ad
1941 4003 2035 4056 ho-

457 4100 701 4151 diernum
730 4099 868 4152 enim
900 4098 1040 4152 diem
1067 4097 1207 4152 idem
1239 4097 1476 4152 uelamen
1496 4097 1553 4150 in
1576 4096 1796 4150 lectione
1840 4093 2033 4148 Veteris

460 4188 783 4243 Testamenti
809 4199 1017 4255 manet,
1064 4206 1170 4244 non
1200 4189 1518 4253 revelatum,
1557 4188 1696 4260 quod
1738 4189 1794 4241 in
1823 4185 2034 4241 Christo

459 4279 766 4350 abrogatur.
789 4280 921 4336 Cum
949 4290 1124 4335 autem
1145 4297 1428 4336 conversus
1445 4281 1606 4351 fuerit
1632 4279 1701 4334 ad
1722 4279 2031 4342 Dominum,

2135 3094 2211 3165 τῇ
2245 3099 2548 3164 παρουσίᾳ
2593 3095 2702 3149 τοῦ
2744 3094 2966 3162 Κυρίου
3005 3091 3177 3163 ἡμῶν
3225 3091 3419 3160 Ἰησοῦ
3451 3090 3732 3159 Χριστοῦ

2131 3185 2283 3254 μετὰ
2325 3184 2568 3239 πάντων
2594 3182 2714 3238 τῶν
2745 3184 2929 3253 ἁγίων
2960 3182 3166 3237 αὐτοῦ.
3199 3183 3358 3235 Ποῖον
3387 3180 3588 3251 Κύριον
3630 3179 3736 3233 εὖ-

2136 3292 2291 3346 χεται
2318 3274 2626 3347 ἔμπροσθεν
2666 3273 2762 3328 τοῦ
2794 3273 2928 3328 Θεοῦ
2973 3274 3069 3328 καὶ
3119 3273 3332 3344 Πατρὸς
3366 3270 3523 3343 ἡμῶν
3552 3273 3611 3325 ὲν
3645 3275 3732 3345 τῇ

2138 3368 2414 3440 παρουσίᾳ
2439 3365 2534 3419 τοῦ
2576 3365 2782 3438 Κυρίου
2821 3364 2978 3436 ἡμῶν
3002 3363 3328 3435 ἀμέμπτους
3351 3363 3450 3426 τὰς
3486 3362 3735 3432 καρδίας

2137 3459 2535 3533 ὲστηριγμένας
2597 3460 2656 3510 ὲν
2717 3455 2996 3528 ἁγιωσύνῃ
3056 3455 3164 3509 τῶν
3230 3455 3288 3507 ἐν
3349 3452 3737 3528 Θεσσαλονίκῃ

2137 3548 2344 3604 πιστῶν
2386 3548 2671 3621 στηρίξαι;
2737 3546 3254 3619 Ἀποκρινάσθωσαν
3301 3548 3434 3616 ἡμῖν
3479 3547 3529 3598 οί
3577 3547 3740 3616 μετὰ

2136 3641 2246 3696 τῶν
2290 3641 2676 3714 λειτουργικῶν
2716 3642 3041 3712 πνευμάτων
3098 3639 3209 3693 τῶν
3252 3639 3390 3710 πρὸς
3440 3637 3741 3693 διακονίαν

2137 3733 2616 3804 ἀποστελλομένων
2637 3733 2700 3786 τὸ
2724 3732 2878 3802 ἆγιον
2915 3732 3140 3803 Πνεῦμα
3160 3731 3418 3795 τιθέντες.
3454 3731 3593 3784 Ἀλλ’
3616 3732 3741 3788 οὐκ

2137 3825 2340 3896 ἔχουσι.
2387 3825 2588 3897 Διόπερ
2629 3826 2980 3879 ἀκουέτωσαν
3021 3825 3117 3878 καὶ
3162 3825 3356 3896 ἑτέρας
3410 3824 3741 3896 μαρτυρίας

2137 3913 2432 3986 διαρρήδην
2464 3915 2560 3968 καὶ
2599 3914 2771 3985 αὐτῆς
2800 3913 3224 3986 κυριολογούσης
3258 3913 3318 3966 τὸ
3356 3913 3601 3983 Πνεῦμα.
3656 3914 3745 3969 Ὃ

2137 4004 2207 4059 δὲ
2234 4007 2469 4075 Κύριος,
2488 4006 2720 4077 φησὶ,τό
2742 4005 2987 4076 Πνεῦμα
3006 4007 3137 4060 ἐστι
3155 4024 3169 4036 ·
3198 4007 3293 4059 καὶ
3313 4005 3472 4059 πάλιν
3488 4023 3502 4035 ·
3525 4006 3746 4061 Καθά-

2139 4114 2250 4166 περ
2324 4098 2444 4152 ἀπὸ
2502 4100 2722 4167 Κυρίου
2771 4100 3136 4168 Πνεύματος.
3200 4100 3361 4152 ’Ὥστε
3432 4098 3489 4152 δὲ
3554 4097 3746 4169 μηδε-

2142 4188 2269 4260 μίαν
2297 4189 2408 4261 (86)
2430 4190 2741 4259 ἀντιλογίας
2762 4191 3018 4262 ἅφορμὴν
3041 4190 3381 4253 καταλιπεῖν,
3412 4188 3581 4260 αὐτὴν
3612 4208 3739 4245 πα-

2142 4280 2449 4352 ραθήσομαι
2467 4280 2562 4335 τοῦ
2601 4282 2922 4336 Ἀποστόλου
2949 4282 3048 4355 τὴν
3074 4282 3217 4348 λέξιν
3237 4297 3250 4311 ⁶
3281 4283 3446 4351 Ἄχρι
3475 4280 3585 4352 γὰρ
3610 4282 3748 4353 τῆς

461 4372 673 4426 tolletur
692 4372 943 4427 velamen.
971 4371 1230 4427 Dominus
1253 4381 1434 4426 autem
1461 4370 1693 4440 Spiritus
1715 4385 1795 4425 est
1828 4370 1895 4425 ³⁸.
1925 4366 2031 4422 Cur

2139 4371 2406 4441 σήμερον
2436 4371 2505 4425 τὸ
2533 4373 2679 4428 αὐτὸ
2712 4372 2995 4443 κάλυμμα
3023 4373 3122 4427 ἐπὶ
3148 4371 3225 4442 τῇ
3248 4372 3584 4441 ἀναγνώσει
3609 4373 3750 4443 τῆς

459 4464 565 4518 hoc
593 4462 760 4518 dicit?
789 4463 1056 4529 Quoniam
1079 4465 1172 4534 qui
1198 4463 1346 4518 nudo
1374 4464 1676 4519 intellectui
1710 4463 1906 4517 litteras
1935 4477 2030 4518 as-

2137 4461 2409 4529 Παλαιᾶς
2440 4462 2740 4532 Διαθήκης
2764 4464 2969 4534 μένει,
2999 4463 3087 4534 μὴ
3126 4464 3747 4532 ἀνακαλυπτόμενον,

461 4554 622 4619 sidet,
651 4562 705 4609 et
735 4554 847 4609 illic
877 4555 1026 4610 circa
1049 4555 1250 4626 legales
1279 4554 1696 4611 observationes
1728 4562 2031 4625 occupatus

2139 4555 2170 4608 ὅ
2197 4573 2250 4609 τι
2280 4555 2351 4609 ἐν
2378 4552 2612 4624 Χριστῷ
2649 4554 3043 4626 καταργεῖται.
3063 4555 3250 4609 Ὅταν
3275 4554 3345 4608 δὲ
3383 4555 3750 4628 ἐπιστρέψῃ

532 4732 578 4765 ’⁸
600 4730 646 4786 ll
674 4732 868 4789 Thess.
912 4746 991 4798 ιιι,
1026 4732 1079 4788 5.
1155 4733 1198 4764 ’⁷
1222 4731 1241 4785 l
1269 4731 1463 4790 Thess.
1496 4748 1579 4796 ιιι,
1614 4731 1703 4798 12,
1735 4730 1823 4785 15.
1900 4728 2013 4784 I"’11

2139 4747 2164 4786 '.
2200 4746 2280 4795 ιιι,
2317 4730 2404 4785 17.
2480 4734 2525 4766 ”
2546 4732 2679 4788 ibid.
2714 4732 2803 4787 ‘18.
2876 4732 2923 4764 ³⁸
2945 4732 3078 4788 ibid.
3110 4731 3199 4800 14,
3230 4729 3317 4799 16,
3349 4732 3437 4786 17.

532 4916 650 4990 (81),
687 4917 772 4984 Τῷ
812 4919 1174 4990 Ἀποστόλιι).
1227 4918 1450 4990 Addunt
1497 4917 1627 4990 editi
1675 4920 1733 4971 ὲν
1771 4919 1839 4987 τῇ
1877 4917 2039 4990 *πρὸς

458 4983 874 5061 Θεσσαλονι-κεῖς
902 4983 1152 5061 δευτέρα,
1184 4989 1281 5045 sed
1309 4991 1423 5044 haec
1445 4989 1597 5043 nullo
1617 4983 1847 5058 prorsus
1874 4987 1933 5042 in
1949 4983 2041 5042 co-

459 5059 1025 5142 diceﬂmsinleguntur.

533 5128 645 5201 (82)
662 5128 693 5201 _'
708 5127 863 5195 Υπὲρ
883 5127 1002 5181 τῶν
1017 5127 1723 5201 adipiscar-.Fatendumest
1741 5127 1858 5201 haec
1873 5127 2041 5201 verba

459 5198 638 5268 neque
658 5199 713 5251 in
746 5211 905 5268 sacro
927 5206 1186 5253 contextu
1211 5199 1341 5268 legi,
1370 5208 1425 5252 et
1466 5200 1522 5253 in
1553 5198 1731 5268 tribus
1757 5198 1923 5267 hujus
1974 5199 2042 5251 li-

459 5215 713 5268 nequem
746 5215 905 5250 sacro
927 5215 1186 5253 contextu
1211 5215 1265 5252 te
1304 5215 1341 5263 ι,
1370 5215 1425 5252 et
1466 5216 1522 5253 ιιι
1553 5215 1731 5252 ιιιιυιιε
1758 5215 1923 5267 ιιιιιυε
1974 5215 2042 5251 ιι-

458 5268 541 5322 bri
564 5283 697 5322 mss.
716 5266 1000 5322 codicibus
1020 5269 1227 5325 deesse.
1249 5215 1392 5334 dum
1408 5271 1568 5323 etiam
1591 5269 1644 5338 in
1661 5265 1831 5338 Regio
1848 5267 2042 5338 quinto

459 5352 571 5392 non
595 5343 893 5391 occurrunt
922 5338 1030 5391 nisi
1060 5338 1300 5394 secunda
1323 5354 1511 5393 manu.
1541 5336 1645 5391 Sed
1680 5336 1880 5392 tamen
1911 5353 2039 5393 cum

460 5408 626 5486 paulo
649 5415 771 5486 post
799 5423 829 5459 a
854 5404 1055 5486 Basilio
1086 5417 1423 5486 repetantur.
1451 5416 1513 5462 ut
1535 5422 1758 5486 e_sacro_
1778 5414 2039 5463 contextu

462 5476 993 5555 desum_pta;_noliin
1024 5493 1086 5531 ea
1118 5476 1341 5555 delere;
1374 5494 1440 5555 ac
1478 5478 1832 5534 verisimilius
1861 5487 1948 5555 est
1973 5494 2042 5533 ex

463 5546 771 5625 codicibus,
800 5546 856 5625 in
881 5547 1083 5625 quibus
1110 5551 1329 5625 desunt,
1367 5549 1438 5603 ob
1468 5562 1589 5625 eam
1617 5562 1841 5625 causam
1870 5547 2043 5603 fuisse

462 5615 699 5685 sublata,
723 5615 851 5686 quia
871 5631 982 5672 non
1005 5618 1319 5690 legebantur
1344 5617 1489 5691 apud
1509 5618 1851 5689 Apostolum,
1873 5632 2040 5689 quam

2144 4921 2264 4972 sine
2298 4930 2466 4972 causa
2496 4914 2553 4969 in
2602 4915 2741 4972 alios
2788 4914 3030 4980 codices,
3071 4914 3130 4969 in
3173 4915 3373 4985 quibus
3402 4928 3750 4988 occurrunt,

2090 5050 2096 5057 ,
2144 4989 2364 5058 injecta.

2215 5059 2327 5126 (85)
2360 5054 2500 5124 Περὶ
2530 5054 2637 5109 τοῦ
2682 5054 2831 5110 Θεοῦ
2874 5054 2972 5126 καί
3014 5055 3268 5126 Πατρός.
3298 5053 3374 5108 lta
3410 5069 3544 5126 mss.
3592 5064 3752 5121 tres.

2144 5124 2342 5183 melius
2370 5140 2537 5197 quam
2564 5127 2620 5197 in
2649 5124 2972 5197 editis_rrspl.
3012 5124 3107 5197 τοῦ
3133 5126 3267 5179 Θεοῦ
3308 5125 3522 5197 Πατρὺς
3547 5127 3659 5181 καὶ
3692 5133 3751 5185 ὁ.

2216 5198 2329 5266 (84)
2353 5193 2493 5264 Περὶ
2511 5195 2620 5250 τοῦ
2640 5196 2797 5266 Υίοῦ.
2817 5193 2933 5250 Duo
2947 5195 3179 5266 codices
3203 5193 3443 5266 περὶτοῦ
3463 5196 3753 5266 Χριστοῦ.

2215 5264 2327 5338 (85)
2362 5267 2574 5332 Τούτῳ,
2597 5272 2705 5321 etc.
2723 5264 2867 5338 Editi
2878 5264 3037 5338 τοῦτο
3060 5265 3231 5338 καὶ-τὸ
3241 5267 3307 5338 ἐν
3317 5264 3566 5338 ἑτέρωθι,
3580 5272 3754 5337 quod

2144 5333 2317 5392 trium
2349 5351 2480 5391 mss.
2506 5349 2610 5403 ope
2653 5335 3084 5391 emendavimus.
3121 5334 3245 5389 Mox
3274 5333 3478 5404 Regius
3520 5333 3752 5392 secun-

2144 5408 2249 5482 dus
2281 5404 2971 5482 usptcceuoarisvﬁyaun,
3010 5414 3066 5460 et
3106 5407 3273 5476 paulo
3302 5415 3423 5475 post
3447 5406 3547 5469 τὰς
3587 5423 3753 5482 καρ-

2143 5477 2263 5536 δίας
2300 5475 2604 5546 ἀμέμπτως
2638 5477 2697 5528 ὲν
2725 5475 3001 5546 ἀγιασμῷ.

2217 5544 2694 5618 (86)ξΜηδεμίον.
2736 5544 2816 5601 Ita
2854 5544 2987 5604 mss.
3032 5554 3166 5616 tres,
3197 5561 3298 5618 pro
3325 5561 3392 5605 eo
3419 5546 3567 5617 quod
3616 5560 3758 5605 erat

2145 5616 2201 5672 in
2225 5614 2385 5673 editis
2417 5614 2704 5686 μηδεμιᾶς.
