3862 6216
440 269 547 326 167

1756 263 1813 318 S.
1855 261 2103 317 BASILII
2146 260 2360 316 MAGNI

3615 255 3714 310 168

440 392 560 446 lans
595 391 682 445 hic
721 404 830 444 non
867 388 1088 460 globum
1120 403 1153 443 ο
1193 388 1337 444 coelo
1379 394 1435 442 et
1472 396 1617 442 terra
1658 391 2027 449 constantem,

2143 381 2337 451 κόσμον
2368 379 2542 447 λέγων
2578 375 2689 447 (94)
2720 376 2815 430 νῦν
2856 374 2977 446 οὑχὶ
3007 373 3069 428 τὸ
3107 372 3167 442 ἐξ
3206 369 3438 444 ούρανοῦ
3480 373 3575 426 καὶ
3616 372 3715 441 γῆς

441 482 537 539 sed
569 481 833 538 caducam
882 482 1027 535 hanc
1056 480 1475 551 innumerisque
1501 479 1900 533 mutationibus
1930 476 2030 531 ob-

441 572 664 627 noxiam
690 571 879 625 vitam.
915 569 993 625 Ac
1025 568 1095 624 de
1128 570 1313 639 seipso
1343 569 1597 640 loquens,
1635 568 1823 622 Adhuc
1852 567 2030 621 modi-

438 684 585 730 cum,
622 666 822 736 inquit,
842 674 892 719 et
919 664 1147 718 mundus
1176 682 1255 718 me
1275 664 1388 733 iam
1421 681 1525 719 non
1551 664 1710 731 videt,
1735 681 1822 719 vos
1854 673 2031 718 autem

441 758 630 823 uidetis
653 774 733 811 me
746 756 812 811 ³⁸.
833 755 1052 811 Rursus
1075 755 1163 810 hic
1184 771 1279 811 eos
1298 757 1393 827 qui
1419 757 1690 811 materiali
1712 756 2033 826 carnalique

441 851 555 904 vita
581 849 825 904 devincti
858 856 1008 913 sunt,
1035 855 1090 901 et
1122 848 1302 904 oculis
1332 855 1548 901 tantum
1586 848 1904 918 expendunt
1940 862 2034 902 ve-

441 942 688 1006 ritatem,
715 939 980 995 mundum
1001 940 1305 1009 appellans,
1329 938 1422 1009 qui
1453 954 1563 993 non
1591 940 1826 1009 amplius
1854 939 2033 995 oculis

445 1030 632 1088 cordis
661 1030 836 1086 visuri
861 1038 1022 1085 erant
1047 1029 1340 1083 Dominum
1366 1036 1647 1094 nostrum,
1679 1044 1746 1084 eo
1769 1018 1915 1100 quod
1940 1045 2034 1084 re-

445 1125 843 1182 surrectionem
900 1139 1013 1178 non
1069 1123 1381 1178 crederent.
1437 1121 1566 1179 Haec
1609 1131 1791 1177 autem
1841 1122 2033 1179 eadem

444 1216 585 1273 dixit
610 1224 664 1271 et
689 1216 756 1271 de
779 1213 986 1286 Spiritu
1018 1233 1034 1271 :
1060 1214 1344 1285 Spiritum,
1370 1216 1571 1287 inquit,
1595 1215 1858 1281 ueritatis,
1883 1229 2035 1284 quem

444 1307 673 1363 mundus
700 1324 808 1362 non
832 1316 1003 1378 potest
1030 1308 1289 1377 accipere,
1324 1306 1463 1378 quod
1491 1306 1602 1379 ιθ
1635 1322 1738 1360 non
1777 1305 1949 1359 videat
1974 1305 2037 1359 il-

444 1400 581 1466 lum,
611 1416 773 1469 neque
797 1408 1078 1468 cognoscat
1108 1415 1268 1453 eum:
1299 1415 1387 1453 vos
1416 1408 1592 1452 autem
1621 1397 1939 1466 cognoscitis
1961 1396 2035 1450 il-

445 1489 579 1555 lum,
610 1490 751 1559 quod
770 1488 910 1560 apud
939 1506 1028 1543 vos
1051 1500 1228 1543 manet
1256 1489 1324 1542 “.
1347 1486 1601 1543 Carnalis
1631 1485 1904 1556 siquidem
1934 1486 2035 1540 ho-

443 1596 537 1636 mo
611 1588 853 1636 mentem
911 1580 1125 1636 habens
1186 1579 1256 1634 ad
1318 1578 1838 1648 contemplationem
1891 1576 2036 1631 haud

443 1669 824 1729 exercitatam,
863 1666 975 1722 imo
1014 1683 1144 1722 vero
1171 1674 1340 1722 totam
1363 1669 1417 1722 in
1444 1666 1640 1721 all‘ectu
1667 1667 1853 1721 carnis
1886 1666 2037 1721 velut

2134 470 2414 541 σύστημα,
2458 467 2595 522 ἀλλὰ
2639 466 2738 538 τὴν
2787 466 3053 538 ἐπίκηρον
3098 463 3307 535 ταύτην
3356 464 3451 517 καὶ
3498 464 3717 533 μυρίαις

2136 562 2461 635 μεταϐολαῖς
2521 557 2893 629 ὑποκειμένην
2949 556 3116 629 ζωήν.
3171 557 3285 609 Καὶ
3339 554 3469 629 περὶ
3528 554 3718 607 ἑαυτοῦ

2130 654 2531 724 διαλεγόμενος,
2571 653 2703 705 Ἔτι
2724 648 2943 720 μικρὸν
2960 688 2976 714 ,
3010 645 3166 720 φησὶ,
3194 647 3294 701 καὶ
3340 649 3373 700 d
3399 647 3625 715 κόσμος
3645 662 3722 714 με

2131 744 2332 798 οὐκέτι
2356 741 2562 811 θεωρεῖ
2580 741 2717 813 (95),
2742 738 2911 809 ὑμεῖς
2936 738 3005 792 δὲ
3030 736 3298 807 θεωρεῖτέ
3314 755 3410 807 με.
3445 737 3613 790 Πάλιν
3640 737 3724 789 ὲν-

2130 835 2309 889 ταῦθα
2345 834 2471 898 τοὺς
2520 836 2587 905 τῇ
2635 833 2795 903 ὑλικῇ
2848 830 2944 885 καὶ
2992 832 3230 903 σαρκικῇ
3269 828 3723 901 προσδεδεμένους

2133 926 2269 1000 ζωῇ,
2304 928 2400 982 καὶ¹
2439 926 2623 998 μόνοις
2648 923 2948 995 ὀφθαλμοῖς
2974 921 3071 994 τὴν
3101 921 3356 994 ἀλήθειαν
3397 920 3722 992 ἐπιτρέπον-

2133 1036 2258 1083 τας,
2286 1018 2490 1088 κόσμον
2506 1014 2950 1088 προσαγορεύων,
2973 1014 3023 1068 οἳ
3047 1017 3112 1087 τῇ
3133 1013 3361 1086 ἀπιστία
3373 1014 3472 1084 τῆς
3491 1012 3726 1067 ἀναστά-

2134 1129 2275 1176 σεως
2308 1110 2493 1164 οὐκέτι
2524 1109 2750 1180 ἔμελλον
2777 1110 2889 1172 τοῖς
2919 1106 3214 1179 ὀφθαλμοῖς
3242 1107 3345 1177 τῆς
3374 1107 3603 1178 καρδίας
3631 1105 3727 1160 τὸν

2133 1203 2341 1274 Κύριον
2393 1200 2549 1273 ἡμῶν
2601 1200 2849 1270 ὄψεσθαι.
2897 1199 2980 1253 Τὰ
3026 1199 3083 1253 δὲ
3117 1199 3259 1252 αὑτὰ
3304 1198 3399 1253 καὶ
3447 1198 3576 1270 περὶ
3626 1197 3727 1252 τοῦ

2135 1295 2454 1365 Πνεύματος
2483 1289 2606 1346 εἷπε
2626 1309 2640 1322 ⁶
2674 1292 2752 1347 Τὸ
2791 1287 3058 1362 Πνεῦμα,
3089 1292 3246 1364 φησὶ,
3272 1289 3385 1359 τῆς
3412 1290 3724 1358 ἀληθείας,

2135 1386 2167 1441 ὃ
2190 1390 2223 1441 ό
2245 1388 2470 1456 κόσμος
2492 1387 2563 1439 οὐ
2590 1384 2842 1439 δύναται
2865 1384 3097 1448 λαϐεῖν,
3119 1385 3209 1438 ὅτι
3233 1387 3305 1439 οὐ
3328 1383 3536 1452 θεωρεῖ
3553 1384 3725 1449 αὐτὸ,

2135 1478 2278 1533 οὐδὲ
2319 1479 2601 1548 γινώσκει
2645 1478 2814 1532 αὑτό.
2858 1476 3043 1547 Ὑμεῖς
3088 1476 3157 1530 δὲ
3197 1475 3523 1546 γινώσκετε
3553 1479 3730 1545 αὐτὸ,

2137 1569 2225 1623 ὅτι
2250 1570 2387 1638 παρ’
2427 1569 2572 1639 ὑμῖν
2598 1568 2787 1638 μένει.
2825 1569 2883 1623 '0
2917 1569 3017 1640 μὲν
3045 1568 3155 1642 γὰρ
3196 1570 3451 1642 σάρκινος
3479 1570 3591 1643 (96)
3634 1572 3734 1626 ἄν·

2137 1659 2375 1733 θρωπος,
2427 1660 2774 1731 ἀγύμναστον
2821 1658 2960 1731 ἔχων
2996 1661 3134 1733 πρὸς
3168 1659 3402 1732 θεωρίαν
3445 1662 3538 1716 τὸν
3579 1664 3732 1727 νοῦν,

447 1760 503 1812 in
535 1774 696 1815 caeno
723 1759 1001 1816 defossam
1026 1776 1246 1831 gerens,
1286 1775 1397 1814 non
1428 1766 1612 1829 potest
1644 1759 1711 1813 ad
1745 1758 2035 1828 spirituale

2143 1751 2339 1822 μᾶλλον
2372 1751 2428 1804 δὲ
2465 1750 2615 1817 ὅλον,
2666 1750 2857 1821 ὥσπερ
2896 1752 2954 1805 ὲν
2989 1750 3257 1822 βορϐόρῳ,
3303 1751 3383 1821 τῷ
3417 1754 3733 1824 φρονήματι

446 1849 631 1903 lumen
662 1850 909 1904 veritatis
953 1851 1203 1905 attollere
1243 1850 1455 1904 oculos.
1491 1848 1838 1918 Quapropter
1868 1863 2035 1901 mun-

450 1940 577 2006 dus,
614 1940 718 1996 hoc
751 1949 858 2006 est,
891 1942 1075 1996 carnis
1102 1941 1499 2010 cupiditatibus
1522 1940 1742 1995 addicta
1763 1940 1897 2005 vita,
1922 1940 2037 1994 vel-

452 2039 511 2084 ut
536 2031 734 2085 oculus
760 2031 1050 2087 imbecillis
1075 2047 1185 2085 non
1213 2030 1399 2087 ferens
1429 2030 1570 2085 radii
1594 2030 1793 2087 solaris
1831 2032 2037 2094 lumen,

450 2121 694 2192 Spiritus
729 2123 959 2192 gratiam
984 2138 1092 2177 non
1117 2124 1334 2194 recipit.
1371 2122 1442 2177 At
1480 2121 1745 2177 Dominus
1775 2135 1900 2176 cum
1934 2120 2041 2176 hoc

447 2212 741 2282 discipulis
771 2212 1145 2267 testimonium
1172 2211 1454 2277 dedisset,
1502 2210 1652 2281 quod
1691 2207 1911 2263 mundae
1951 2222 2043 2264 es-

448 2312 573 2362 sent
599 2305 727 2360 vita
749 2305 818 2359 ob
850 2304 1163 2359 doctrinam
1194 2304 1393 2375 ipsius,
1422 2303 1516 2358 dat
1544 2302 1734 2365 etiam,
1757 2300 1948 2369 utjam
1971 2299 2041 2354 ad

450 2397 888 2468 speculationem
940 2397 1574 2466 contemplationemque
1641 2392 1881 2465 Spiritus
1931 2391 2043 2447 sint

449 2487 796 2545 idoneiJam
809 2488 978 2555 enim,
1006 2488 1209 2558 inquit,
1230 2504 1321 2542 vos
1350 2486 1537 2540 mundi
1565 2474 1695 2540 estis
1712 2493 1924 2555 propter
1937 2498 2046 2538 ser-

449 2597 657 2637 monem
667 2596 819 2650 quem
830 2580 1038 2634 locutus
1050 2597 1167 2633 sum
1180 2578 1323 2633 vobis
1335 2580 1401 2632 ³⁷.
1414 2576 1563 2632 Unde
1586 2576 1813 2631 mundus
1834 2575 2055 2642 quidem-

448 2690 556 2727 non
589 2682 760 2741 potest
806 2673 960 2727 illum
1009 2672 1267 2741 accipere,
1300 2669 1729 2741 quandoquidem
1768 2684 1872 2721 non
1906 2665 2046 2721 uidet

447 2762 605 2818 illum
639 2778 658 2816 :
702 2779 791 2817 uos
828 2772 1008 2816 autem
1037 2761 1255 2815 novistis
1294 2776 1410 2814 eum
1435 2798 1450 2823 ,
1494 2758 1749 2830 quoniam
1785 2755 1925 2826 apud
1954 2772 2044 2809 vos

449 2861 628 2907 manet
659 2852 726 2908 ³⁸.
757 2852 961 2908 Eadem
995 2851 1135 2907 dicit
1184 2859 1239 2906 et
1272 2849 1442 2905 lsaias
1480 2867 1493 2901 :
1526 2847 1633 2914 Qui
1659 2845 1917 2901 stabilivit
1942 2855 2048 2898 ter-

449 2961 591 3009 ram,
626 2954 677 3000 et
709 2961 827 3016 quia
848 2945 903 2999 in
926 2961 991 2999 ea
1013 2952 1160 3009 sunt,
1187 2941 1434 3011 deditque
1459 2941 1807 3009 spirationem
1829 2936 2043 3007 populo,

449 3040 542 3108 qui
562 3048 639 3093 est
667 3054 824 3107 super
848 3036 1034 3102 illam,
1067 3044 1117 3090 et
1147 3033 1411 3103 Spiritum
1459 3029 1787 3086 calcantibus
1832 3045 1951 3083 eam
1974 3028 2041 3082 ”.

450 3130 589 3185 Nam
606 3131 701 3200 qui
736 3130 1067 3185 conculcant
1094 3139 1337 3191 terrena,
1361 3126 1541 3196 iisque
1571 3123 1890 3192 superiores
1913 3135 2045 3176 eva-

451 3231 666 3288 serunt,
707 3222 858 3293 digni
893 3220 1177 3292 praedicati
1209 3227 1342 3274 sunt
1380 3218 1527 3273 dono
1569 3214 1810 3285 Spiritus
1839 3212 2042 3267 sancti.

450 3312 623 3378 Quem
656 3327 787 3384 ergo
821 3309 1061 3366 mundus
1103 3324 1304 3379 capere
1347 3323 1456 3363 non
1501 3313 1718 3377 potest,
1763 3303 1970 3374 quique
2013 3318 2046 3358 a

450 3405 587 3461 solis
634 3404 844 3459 sanctis
885 3417 984 3473 per
1021 3401 1210 3456 cordis
1246 3400 1544 3471 puritatem
1597 3396 1769 3451 videri
1820 3402 2041 3466 potest,

450 3495 669 3565 qualem
696 3510 819 3549 esse
850 3493 1280 3549 existimandum
1324 3500 1433 3557 est,
1469 3498 1564 3544 aut
1609 3490 1803 3560 quales
1838 3488 1917 3543 illi
1949 3488 2047 3543 ho-

452 3602 621 3643 nores
647 3587 1012 3658 competere?

1020 3782 1253 3840 CAPUT
1292 3781 1485 3839 XXIII.

495 3874 726 3945 Spiritus
740 3875 1333 3947 gloriﬁcationcm_esse_
1348 3875 1799 3928 enumerationem
1826 3890 2009 3928 eorum

1016 3962 1135 4017 qua:
1158 3945 1242 3998 illi
1264 3943 1481 3999 adsunt.

529 4036 619 4092 54.
667 4040 735 4093 Et
764 4040 993 4109 reliqua:
1034 4038 1256 4108 quidem
1306 4038 1539 4092 virtutes
1576 4036 1805 4108 singula:
1837 4036 1894 4089 in
1925 4033 2047 4089 loco

455 4129 883 4199 circumscripto
932 4144 1058 4184 esse
1114 4127 1441 4183 creduntur.
1491 4126 1628 4182 Nam
1677 4125 1906 4197 angelus
1952 4125 2046 4196 qui

460 4220 677 4274 astabat
704 4219 962 4274 Cornelio
991 4218 1060 4280 “,
1096 4234 1205 4273 non
1240 4219 1298 4273 in
1332 4219 1523 4274 eodem
1568 4225 1851 4273 momento
1893 4226 2045 4272 asta-

460 4315 613 4363 tabat
648 4318 702 4365 et
730 4308 983 4381 Philippo
1017 4310 1061 4342 “
1094 4330 1107 4365 :
1142 4325 1322 4380 neque
1354 4310 1447 4380 qui
1474 4311 1691 4364 locutus
1716 4319 1802 4365 est
1829 4307 2044 4362 Zacha-

2135 1845 2235 1914 τῆς
2278 1843 2481 1914 σαρκὸς
2527 1842 3019 1915 κατορωρυγμένον
3068 1843 3253 1915 φέρων
3300 1844 3434 1915 (97),
3477 1844 3740 1899 ἀδυνατεῖ

2136 1934 2273 2007 πρὸς
2311 1935 2371 1988 τὸ
2399 1935 2770 2006 πνευματικὸν
2812 1934 2929 2004 φῶς
2972 1933 3070 2006 τῆς
3111 1933 3372 2005 ἀληθείας
3407 1934 3734 2005 ἀναϐλέψαι.

2137 2026 2230 2079 Διὸ
2254 2025 2282 2078 ὁ
2324 2026 2549 2096 κόσμος,
2590 2027 2905 2093 τουτέστιν,
2936 2028 2971 2098 ἡ
3014 2028 3128 2091 τοῖς
3161 2027 3359 2081 πάθεσι
3387 2026 3489 2097 τῆς
3529 2026 3739 2099 σαρκὸς

2137 2117 2504 2189 δεδουλωμένη
2537 2117 2671 2190 ζωὴ,
2704 2114 2814 2172 οἷον
2857 2117 3133 2189 ὀφθαλμὸς
3157 2118 3391 2190 ἀσθενὴς
3433 2119 3550 2188 φῶς
3573 2118 3744 2189 ἡλια-

2145 2210 2249 2281 κῆς
2288 2212 2540 2275 ἀκτῖνος,
2589 2211 2688 2282 τὴν
2726 2210 2818 2264 τοῦ
2853 2210 3171 2281 Πνεύματος
3208 2211 3368 2282 χάριν
3404 2212 3502 2282 οὑχ
3541 2211 3745 2279 ὑποδέ-

2141 2318 2312 2371 χεται.
2349 2301 2474 2364 Τοῖς
2502 2301 2686 2372 μέντοι
2720 2300 2991 2374 μαθηταῖς
3015 2302 3210 2356 ἑαυτοῦ
3242 2302 3352 2373 (98)
3386 2302 3746 2374 καθαρότητα

2142 2391 2291 2461 ζωῆς
2337 2392 2402 2444 ὲκ
2432 2390 2540 2444 τῶν
2573 2390 2919 2463 διδαγμάτων
2955 2392 3122 2447 αὑτοῦ
3171 2395 3526 2466 μαρτυρήσας
3560 2396 3589 2447 ὁ
3619 2392 3751 2446 Κύ-

2145 2498 2290 2553 ριος,
2319 2481 2381 2533 τὸ
2424 2480 2521 2534 καὶ
2549 2483 2863 2545 ἑποπτικοῖς
2899 2483 3001 2555 ήδη
3054 2478 3194 2537 εἶναι
3240 2484 3336 2538 καὶ
3376 2484 3749 2555 θεωρητικοῖς

2141 2570 2236 2625 τοῦ
2273 2571 2590 2644 Πνεύματος
2626 2573 2969 2653 ἀποδίδωσιν.
3004 2573 3152 2642 Ἤδη
3182 2575 3311 2646 γὰρ,
3346 2575 3530 2646 φησὶν,
3562 2575 3745 2645 ὑμεῖς

2143 2666 2394 2734 καθαροί
2437 2666 2581 2719 ἐστε
2627 2666 2727 2720 διὰ
2754 2666 2863 2719 τὸν
2890 2667 3079 2735 λόγον
3106 2666 3180 2719 ὃν
3214 2667 3532 2735 λελάληκα
3562 2666 3747 2737 ὑμῖν.

2147 2758 2318 2813 Ὅθεν
2350 2760 2383 2812 ό
2417 2758 2537 2828 μὲν
2587 2759 2818 2828 κόσμος
2849 2760 2921 2813 οὺ
2963 2757 3213 2813 δύναται
3251 2758 3490 2814 λαϐεῖν’
3522 2761 3594 2813 οὐ
3624 2761 3753 2829 γὰρ

2146 2849 2353 2918 θεωρεῖ
2371 2852 2522 2905 αὐτό
2538 2867 2551 2881 ·
2596 2849 2767 2919 ὑμεῖς
2794 2849 2865 2903 δὲ
2894 2848 3219 2919 γινώσκετε
3249 2850 3396 2905 αὐτὸ
3417 2891 3432 2912 ,
3461 2850 3552 2903 ὅτι
3595 2853 3755 2919 παρ’

2145 2940 2288 3011 ὑμῖν
2321 2942 2512 3011 μένει.
2547 2940 2734 2996 Ταυτὰ
2770 2941 2920 3011 λέγει
2966 2942 3062 2995 καὶ
3099 2943 3357 3006 Ἡσαΐας·
3403 2943 3465 2996 '0
3489 2943 3761 3012 στερεώ-

2071 3074 2115 3133 C
2147 3046 2266 3097 σας
2310 3030 2425 3099 τὴν
2464 3029 2581 3101 γῆν
2625 3031 2723 3084 καὶ.
2777 3031 2851 3084 τὰ
2890 3030 2963 3084 ἐν
2991 3030 3169 3102 αὐτῇ,
3214 3031 3314 3085 καὶ
3362 3031 3571 3099 διδοὺς
3624 3032 3756 3105 (99)

2146 3123 2346 3192 πνοὴν
2383 3123 2463 3189 τῷ
2506 3123 2636 3184 λαῷ
2667 3123 2748 3190 τῷ
2792 3124 2886 3177 ἐπ’
2928 3124 3141 3193 αὐτῆς,
3187 3125 3288 3179 καὶ
3325 3125 3569 3195 Πνεῦμα
3611 3125 3761 3193 τοῖς

2145 3215 2446 3270 πατοῦσιν
2484 3214 2699 3282 αὐτήν.
2735 3218 2799 3270 Οἱ
2846 3216 2954 3289 γὰρ
2989 3217 3428 3281 καταπατοῦντες
3468 3217 3537 3271 τὰ
3571 3218 3764 3290 γήϊνα.

2145 3309 2240 3362 καὶ
2277 3309 2532 3379 ὑπεράνω
2563 3309 2744 3363 αὑτῶν
2767 3310 3074 3379 γενόμενοι,
3108 3312 3250 3379 ἄξιοι
3277 3311 3376 3381 τῆς
3405 3311 3617 3383 δωρεᾶς
3645 3314 3761 3367 τοῦ

2144 3400 2302 3468 ἁγίου
2345 3400 2664 3470 Πνεύματος
2697 3401 3173 3474 μεμαρτύρηνται.
3202 3402 3278 3455 Τὸ
3312 3398 3412 3457 ὀὖν
3452 3404 3769 3476 ὰχώρητον

2148 3491 2246 3561 μὲν
2273 3490 2351 3560 τῷ
2377 3491 2564 3562 κόσμῳ
2584 3530 2599 3554 ,
2623 3494 2736 3557 τοῖς
2764 3492 2940 3562 ἁγίοις
2963 3492 3022 3545 δὲ
3057 3492 3238 3564 μόνοις
3265 3493 3354 3547 διὰ
3389 3493 3766 3567 καθαρότητα

2142 3584 2243 3653 τῆς
2274 3583 2504 3654 καρδίας
2547 3584 2840 3656 θεωρητὸν,
2888 3584 2942 3639 τί
2970 3584 3077 3657 χρὴ
3110 3584 3461 3657 νομίζεσθαι,
3491 3587 3524 3659 ἢ
3562 3601 3763 3642 ποτα-

2146 3672 2255 3736 ne;
2287 3674 2365 3744 (I)
2405 3673 2570 3744 τιμὰς
2613 3674 2962 3746 συμμέτρους
2998 3675 3266 3747 ὑπάρχειν
3303 3675 3485 3748 αὐτῷ;

2646 3785 3043 3841 ΚΕΦΑΛΑΙΟΝ
3081 3789 3209 3843 KI".

2153 3872 2269 3929 Ὀτι
2301 3875 2625 3945 δοξολογιά
2668 3878 3013 3947 Πνεύματός
3036 3878 3209 3932 ἐστιν
3247 3878 3287 3946 ἡ
3329 3879 3447 3932 τῶν
3477 3878 3771 3944 προσόν-

2555 3963 2674 4000 των
2707 3946 2868 4012 αὐτῷ
2897 3946 3319 4018 ὰπαρίθμησις.

2219 4037 2306 4091 54.
2344 4037 2465 4091 Τῶν
2513 4038 2611 4109 μὲν
2654 4034 2747 4093 οὖν
2776 4040 2852 4110 (2)
2891 4039 3067 4094 ἄλλων
3113 4042 3317 4111 ἑκάστη
3364 4040 3652 4112 δυνάμεων
3687 4043 3771 4096 ὲν

2149 4129 2513 4200 περιγράπτῳ
2559 4131 2711 4202 τόπῳ
2755 4133 3045 4203 τυγχάνειν
3094 4133 3470 4188 πεπίστευται.
3527 4134 3583 4187 '0
3629 4135 3773 4209 γὰρ

2144 4220 2224 4290 τῷ
2260 4221 2549 4292 Κορνηλίῳ
2583 4223 2812 4287 ἐπιστὰς
2839 4224 3070 4292 ἄγγελος
3109 4226 3210 4279 οὑκ
3237 4221 3304 4296 ἦν
3337 4228 3395 4279 ὲν
3430 4226 3614 4297 ταυτῷ
3645 4231 3776 4283 καὶ

2146 4311 2295 4384 παρὰ
2321 4312 2400 4383 τῷ
2426 4313 2701 4384 Φιλίππῳ,
2740 4316 2861 4369 οὑδὲ
2895 4318 2924 4369 ό
2953 4318 3063 4370 άπὸ
3098 4318 3191 4371 τοῦ
3225 4317 3617 4388 θυσιαστηρίου
3663 4321 3776 4392 τῷ

459 4403 556 4457 τίω
586 4402 654 4455 ab
691 4404 850 4457 altari
884 4403 961 4466 “,
1000 4419 1099 4473 per
1144 4403 1289 4459 idem
1333 4413 1550 4472 tempus
1594 4402 1757 4457 etiam
1805 4402 1863 4456 in
1901 4403 2038 4457 caelo

2147 4404 2392 4476 Ζαχαρία
2427 4405 2808 4477 διαλεγόμενος
2834 4408 2976 4462 κατὰ
3012 4408 3104 4461 τὸν
3140 4410 3304 4462 αὑτὸν
3337 4409 3526 4479 καιρὸν
3552 4412 3653 4463 καὶ
3690 4415 3777 4468 ὲν

458 4507 616 4547 suam
650 4492 908 4564 implebat
940 4496 1254 4549 stationem.
1287 4494 1358 4547 At
1403 4492 1644 4562 Spiritus
1673 4492 1917 4547 creditur
1957 4494 2037 4549 si-

459 4585 574 4639 mul
607 4584 655 4616 ⁸³
677 4596 730 4640 et
764 4586 817 4639 in
851 4586 1069 4642 Abacuc
1094 4593 1149 4640 et
1181 4586 1237 4639 in
1269 4584 1488 4641 Daniele
1514 4584 1569 4638 in
1592 4581 1890 4652 Babylonia
1914 4599 2041 4656 ope-

2143 4496 2358 4568 οὑρανῷ
2422 4497 2522 4568 τὴν
2580 4500 2785 4553 οἰκείαν
2840 4503 3029 4555 στάσιν
3088 4502 3350 4573 ἐπλήρου.
3414 4502 3488 4555 Τὸ
3546 4504 3777 4572 μέντοι

2147 4588 2374 4658 Πνεῦμα
2404 4588 2541 4660 ὁμοῦ
2569 4606 2631 4644 τε
2675 4595 2733 4646 ὲν
2774 4592 3093 4667 ΤΑόὁακουμ
3123 4596 3368 4665 ἐνεργεῖν
3398 4595 3492 4648 καὶ
3533 4595 3593 4648 ὲν
3640 4600 3779 4652 Δα-

534 4741 579 4773 ³⁵
603 4738 918 4823 ᾔτηη-χεν,
957 4742 1043 4798 19.
1089 4742 1167 4823 ’ξ’
1192 4743 1436 4823 ibi:_l._j7.
1510 4742 1734 4823 "Joan.
1766 4762 1855 4811 xv,
1889 4746 1943 4801 3.
2021 4748 2038 4781 ³

2143 4765 2246 4805 van.
2284 4768 2409 4818 xrv,
2445 4754 2533 4809 17.
2608 4756 2652 4787 ³³
2679 4756 2786 4811 Isa.
2819 4770 2956 4820 xm,
2978 4757 3031 4811 5.
3108 4758 3154 4790 “
3177 4757 3299 4812 Act.
3325 4774 3382 4823 ι,
3414 4758 3469 4813 3.
3538 4759 3582 4792 “
3611 4760 3773 4818 Act.
3810 4714 3822 4726 .

457 4824 578 4875 vm,
604 4811 694 4865 26.
771 4813 815 4848 δ’
839 4812 968 4867 Luc.
1009 4830 1050 4879 ι,
1082 4812 1169 4870 Η.
1251 4813 1297 4845 ⁸³
1323 4812 1458 4869 Dan.
1489 4828 1602 4879 xlv,
1637 4816 1725 4870 55.

534 4964 641 5035 (94)
670 4964 890 5035 Λέγων.
923 4963 1065 5021 Editi
1096 4966 1303 5021 addunt
1330 4970 1358 5020 ὁ
1385 4969 1531 5034 Υἱός,
1564 4970 1659 5024 sed
1690 4970 1804 5025 haec
1829 4979 2040 5027 veteres

463 5036 585 5091 libri
618 5051 724 5089 non
761 5036 982 5089 habent.
1440 5060 1445 5064 -

533 5105 645 5174 (95)
680 5104 907 5180 Θεωρεῖ.
939 5105 1303 5180 Combeiisius
1331 5106 1668 5168 reddendum
1694 5118 1868 5180 putat,
1897 5112 2042 5165 uide-

462 5175 557 5235 bit,
589 5185 643 5228 et
675 5178 835 5244 paulo
866 5183 1007 5244 post,
1032 5176 1295 5232 videbitis.
1578 5242 1579 5245 η

531 5245 643 5319 (θρ)
664 5245 972 5319 Σᾴρκινος.
1012 5248 1091 5303 lta
1120 5263 1255 5302 mss.
1286 5247 1525 5303 codices.
1556 5247 1718 5319 Editi,
1749 5251 2031 5319 σαρκικός.

531 5315 888 5389 (θηρέρων.
924 5316 1325 5389 Βεθάρισίιιιιιε
1352 5319 1508 5389 ἔχων.
1558 5317 1761 5373 Ibidem
1794 5315 2035 5389 quatuor

461 5386 876 5460 mss._c_i6_6_vaso;
892 5386 1046 5460 πρός.
1070 5386 1215 5443 Nihil
1236 5386 1416 5460 tamen
1447 5390 1768 5460 mutandum
1797 5386 2033 5460 videtur.

533 5455 644 5526 ‘98)
678 5455 947 5512 Ἑαυτοῦξ
971 5456 1048 5511 lla
1084 5459 1254 5512 nostri
1278 5459 1492 5514 codices
1523 5474 1657 5516 mss.
1684 5459 1826 5513 Editi
1849 5459 2035 5513 αὑτοῦ.

463 5522 636 5602 Paulg
663 5527 961 5602 postediti
988 5528 1333 5602 διδαγμάτων
1357 5529 1572 5602 ἑαυτοῦ,
1611 5531 1855 5602 quinque
1899 5545 2035 5585 mss.

463 5593 650 5672 aurci.
667 5593 904 5672 Ibidem
925 5593 1131 5672 ftegqu
1150 5593 1386 5672 quartus
1419 5593 1823 5672 διαταγμάτων.

537 5664 647 5735 (99)
678 5663 787 5719 Kal
813 5663 1038 5735 διδούςῖ
1087 5663 1224 5725 Tres
1256 5668 1476 5727 codices
1503 5663 1769 5733 καῖ’δούς.
1802 5668 1924 5726 Mox
1955 5680 2038 5726 lo-

2146 4972 2312 5045 tidem
2342 4973 2506 5026 παντὶ
2534 4972 2612 5043 τῷ
2642 4971 2776 5045 λαῷ.

2220 5044 2296 5119 (1)
2331 5045 2407 5097 Ἢ
2439 5042 2737 5119 ποταπή».
2759 5044 3030 5119 Corrupte
3064 5046 3119 5100 in
3148 5046 3310 5119 editis
3337 5046 3499 5119 ﬁeri;
3529 5062 3783 5104 παντο-

2144 5113 2342 5175 δαπάς,
2372 5113 2517 5182 quod
2550 5129 2653 5184 ope
2685 5113 3065 5189 sex_codiculn_
3113 5113 3547 5189 emendavimus,
3594 5135 3781 5189 quo-

2142 5199 2263 5238 rum
2296 5191 2480 5238 tamen
2508 5186 2753 5239 nonnulli
2783 5186 2986 5241 habent
3012 5186 3111 5251 τὰς
3146 5187 3414 5251 ποδαπάς.

2147 5322 2159 5335 .
2214 5252 2453 5335 (ἡτῶν
2468 5250 2744 5335 metu.
2763 5256 2939 5326 Caput
2962 5250 3284 5335 Vicesimus!
3310 5258 3551 5335 tertium:
3583 5265 3777 5335 quod

2146 5323 2200 5376 in
2232 5323 2395 5378 editis
2420 5326 2615 5397 incipit
2639 5326 2705 5379 ad
2731 5323 3054 5392 haec—verba,
3087 5327 3199 5397 ἐγὼ
3230 5327 3289 5380 δὲ
3315 5328 3437 5382 οὐδὲ
3461 5323 3620 5395 ἄλλος
3652 5334 3783 5392 hic

2145 5394 2529 5471 opponendum
2570 5397 2907 5462 censuimus,
2941 5412 3066 5452 cum
3099 5394 3283 5471 plures
3314 5413 3447 5453 mss.
3479 5394 3775 5471 codices,

2146 5471 2260 5515 tum
2290 5464 2453 5517 etiam
2482 5466 2674 5537 ipsam
2709 5471 2978 5523 sermonis
3027 5464 3223 5523 seriem
3263 5476 3319 5522 et
3348 5464 3782 5526 continuatio;

2146 5547 2269 5586 nem
2321 5535 2761 5605 secutiiLiquct
2802 5540 2949 5592 enim
3015 5539 3102 5595 hic
3150 5538 3409 5593 Basilium
3464 5538 3533 5593 ad
3581 5544 3783 5605 aliud

2151 5615 2529 5674 argumentum
2563 5607 2819 5663 transire.
