  <div class='ocr_page' id='page_1' title='image "/cluster/home/n/w/nwhite01/storage/ocr_20150623/32/nnc1.0046978879/107.png"; bbox 0 0 3862 6216; ppageno 0'>
   <div class='ocr_carea' id='block_1_1' title="bbox 1085 152 1105 201">
    <p class='ocr_par' dir='ltr' id='par_1_1' title="bbox 1085 152 1105 201">
     <span class='ocr_line' id='line_1_1' title="bbox 1085 152 1105 201; baseline 0 0"><span class='ocrx_word' id='word_1_1' title='bbox 1085 152 1105 201; x_wconf 77' lang='grc' dir='ltr'><strong>ι</strong></span> 
     </span>
    </p>
   </div>
   <div class='ocr_carea' id='block_1_2' title="bbox 431 309 529 368">
    <p class='ocr_par' dir='ltr' id='par_1_2' title="bbox 431 309 529 368">
     <span class='ocr_line' id='line_1_2' title="bbox 431 309 529 368; baseline -0.031 0"><span class='ocrx_word' id='word_1_2' title='bbox 431 309 529 368; x_wconf 68' lang='grc' dir='ltr'><strong>ιτι</strong></span> 
     </span>
    </p>
   </div>
   <div class='ocr_carea' id='block_1_3' title="bbox 1705 302 2304 366">
    <p class='ocr_par' dir='ltr' id='par_1_3' title="bbox 1705 302 2304 366">
     <span class='ocr_line' id='line_1_3' title="bbox 1705 302 2304 366; baseline -0.008 0"><span class='ocrx_word' id='word_1_3' title='bbox 1705 309 1761 366; x_wconf 88' lang='lat' dir='ltr'><strong>S.</strong></span> <span class='ocrx_word' id='word_1_4' title='bbox 1805 304 2049 365; x_wconf 80' lang='lat' dir='ltr'><strong>BASILII</strong></span> <span class='ocrx_word' id='word_1_5' title='bbox 2086 302 2304 362; x_wconf 76' lang='lat' dir='ltr'><strong>MAGNI</strong></span> 
     </span>
    </p>
   </div>
   <div class='ocr_carea' id='block_1_4' title="bbox 2508 206 2539 215">
    <p class='ocr_par' dir='ltr' id='par_1_4' title="bbox 2508 206 2539 215">
     <span class='ocr_line' id='line_1_4' title="bbox 2508 206 2539 215; baseline 0 -2"><span class='ocrx_word' id='word_1_6' title='bbox 2508 206 2539 215; x_wconf 64' lang='grc' dir='ltr'><strong>ι..-</strong></span> 
     </span>
    </p>
   </div>
   <div class='ocr_carea' id='block_1_5' title="bbox 3593 300 3692 355">
    <p class='ocr_par' dir='ltr' id='par_1_5' title="bbox 3593 300 3692 355">
     <span class='ocr_line' id='line_1_5' title="bbox 3593 300 3692 355; baseline 0.01 -1"><span class='ocrx_word' id='word_1_7' title='bbox 3593 300 3692 355; x_wconf 69' lang='grc' dir='ltr'>1τὲ</span> 
     </span>
    </p>
   </div>
   <div class='ocr_carea' id='block_1_6' title="bbox 433 416 2013 500">
    <p class='ocr_par' dir='ltr' id='par_1_6' title="bbox 433 425 2013 500">
     <span class='ocr_line' id='line_1_6' title="bbox 433 425 2013 500; baseline -0.001 -17"><span class='ocrx_word' id='word_1_8' title='bbox 433 427 506 483; x_wconf 88' lang='lat' dir='ltr'><strong>sit</strong></span> <span class='ocrx_word' id='word_1_9' title='bbox 554 426 646 497; x_wconf 99' lang='lat' dir='ltr'><strong>qui</strong></span> <span class='ocrx_word' id='word_1_10' title='bbox 696 425 1071 499; x_wconf 82' lang='lat' dir='ltr'><strong>glorilicetur?</strong></span> <span class='ocrx_word' id='word_1_11' title='bbox 1115 425 1181 481; x_wconf 90' lang='lat' dir='ltr'><strong>Et</strong></span> <span class='ocrx_word' id='word_1_12' title='bbox 1227 441 1422 499; x_wconf 85' lang='lat' dir='ltr'><strong>magna</strong></span> <span class='ocrx_word' id='word_1_13' title='bbox 1453 427 1672 498; x_wconf 87' lang='lat' dir='ltr'><strong>quidem</strong></span> <span class='ocrx_word' id='word_1_14' title='bbox 1718 437 1804 485; x_wconf 89' lang='lat' dir='ltr'><strong>est</strong></span> <span class='ocrx_word' id='word_1_15' title='bbox 1849 428 2013 500; x_wconf 90' lang='lat' dir='ltr'><strong>gloria</strong></span> 
     </span>
    </p>
   </div>
   <div class='ocr_carea' id='block_1_7' title="bbox 2124 416 3698 500">
    <p class='ocr_par' dir='ltr' id='par_1_7' title="bbox 2127 416 3698 493">
     <span class='ocr_line' id='line_1_7' title="bbox 2127 416 3698 493; baseline -0.006 -13"><span class='ocrx_word' id='word_1_16' title='bbox 2127 425 2303 491; x_wconf 87' lang='grc' dir='ltr'>καίου,</span> <span class='ocrx_word' id='word_1_17' title='bbox 2334 422 2474 479; x_wconf 84' lang='grc' dir='ltr'><strong>κατά</strong></span> <span class='ocrx_word' id='word_1_18' title='bbox 2505 421 2596 477; x_wconf 81' lang='grc' dir='ltr'><strong>τὸν</strong></span> <span class='ocrx_word' id='word_1_19' title='bbox 2629 421 2958 493; x_wconf 73' lang='grc' dir='ltr'>Ψαλμῳδόν·</span> <span class='ocrx_word' id='word_1_20' title='bbox 2999 419 3124 484; x_wconf 81' lang='grc' dir='ltr'>δόξα</span> <span class='ocrx_word' id='word_1_21' title='bbox 3160 420 3215 473; x_wconf 81' lang='grc' dir='ltr'>δὲ</span> <span class='ocrx_word' id='word_1_22' title='bbox 3244 418 3334 473; x_wconf 89' lang='grc' dir='ltr'><strong>τοῦ</strong></span> <span class='ocrx_word' id='word_1_23' title='bbox 3364 416 3698 488; x_wconf 81' lang='grc' dir='ltr'>Πνεύματος,</span> 
     </span>
    </p>
   </div>
   <div class='ocr_carea' id='block_1_8' title="bbox 429 517 2018 591">
    <p class='ocr_par' dir='ltr' id='par_1_8' title="bbox 429 517 2018 591">
     <span class='ocr_line' id='line_1_8' title="bbox 429 517 2018 591; baseline 0.001 -18"><span class='ocrx_word' id='word_1_24' title='bbox 429 518 570 589; x_wconf 91' lang='lat' dir='ltr'><strong>justi</strong></span> <span class='ocrx_word' id='word_1_25' title='bbox 595 519 753 589; x_wconf 82' lang='lat' dir='ltr'><strong>juxta</strong></span> <span class='ocrx_word' id='word_1_26' title='bbox 783 517 1129 575; x_wconf 85' lang='lat' dir='ltr'><strong>Psalmorum</strong></span> <span class='ocrx_word' id='word_1_27' title='bbox 1168 528 1448 575; x_wconf 92' lang='lat' dir='ltr'><strong>cautorem</strong></span> <span class='ocrx_word' id='word_1_28' title='bbox 1474 519 1540 574; x_wconf 79' lang='grc'>⁵⁸.</span> <span class='ocrx_word' id='word_1_29' title='bbox 1575 520 1643 574; x_wconf 89' lang='lat' dir='ltr'><strong>At</strong></span> <span class='ocrx_word' id='word_1_30' title='bbox 1684 520 1856 591; x_wconf 80' lang='lat' dir='ltr'><strong>gloria</strong></span> <span class='ocrx_word' id='word_1_31' title='bbox 1894 519 2018 590; x_wconf 86' lang='lat' dir='ltr'><strong>Spi-</strong></span> 
     </span>
    </p>
   </div>
   <div class='ocr_carea' id='block_1_9' title="bbox 433 593 2018 683">
    <p class='ocr_par' dir='ltr' id='par_1_9' title="bbox 433 593 2018 683">
     <span class='ocr_line' id='line_1_9' title="bbox 433 593 2018 683; baseline 0.001 -19"><span class='ocrx_word' id='word_1_32' title='bbox 433 609 579 666; x_wconf 86' lang='lat' dir='ltr'><strong>ritus</strong></span> <span class='ocrx_word' id='word_1_33' title='bbox 606 609 765 680; x_wconf 79' lang='lat' dir='ltr'><strong>juxta</strong></span> <span class='ocrx_word' id='word_1_34' title='bbox 800 617 952 664; x_wconf 87' lang='lat' dir='ltr'><strong>tuam</strong></span> <span class='ocrx_word' id='word_1_35' title='bbox 983 610 1298 681; x_wconf 84' lang='lat' dir='ltr'><strong>Opinionem</strong></span> <span class='ocrx_word' id='word_1_36' title='bbox 1329 612 1480 665; x_wconf 91' lang='lat' dir='ltr'><strong>nulla</strong></span> <span class='ocrx_word' id='word_1_37' title='bbox 1512 618 1617 667; x_wconf 88' lang='lat' dir='ltr'><strong>est.</strong></span> <span class='ocrx_word' id='word_1_38' title='bbox 1661 593 1858 668; x_wconf 78' lang='lat' dir='ltr'><strong>Annon</strong></span> <span class='ocrx_word' id='word_1_39' title='bbox 1918 612 2018 683; x_wconf 83' lang='lat' dir='ltr'><strong>igi-</strong></span> 
     </span>
    </p>
   </div>
   <div class='ocr_carea' id='block_1_10' title="bbox 433 701 2018 772">
    <p class='ocr_par' dir='ltr' id='par_1_10' title="bbox 433 701 2018 772">
     <span class='ocr_line' id='line_1_10' title="bbox 433 701 2018 772; baseline 0.002 -17"><span class='ocrx_word' id='word_1_40' title='bbox 433 708 531 756; x_wconf 82' lang='lat' dir='ltr'><strong>tur</strong></span> <span class='ocrx_word' id='word_1_41' title='bbox 557 701 788 757; x_wconf 83' lang='lat' dir='ltr'><strong>evidens</strong></span> <span class='ocrx_word' id='word_1_42' title='bbox 812 703 1117 772; x_wconf 84' lang='lat' dir='ltr'><strong>periculum</strong></span> <span class='ocrx_word' id='word_1_43' title='bbox 1149 709 1233 758; x_wconf 90' lang='lat' dir='ltr'><strong>est</strong></span> <span class='ocrx_word' id='word_1_44' title='bbox 1255 717 1325 757; x_wconf 91' lang='lat' dir='ltr'><strong>ne</strong></span> <span class='ocrx_word' id='word_1_45' title='bbox 1357 702 1563 759; x_wconf 88' lang='lat' dir='ltr'><strong>talibus</strong></span> <span class='ocrx_word' id='word_1_46' title='bbox 1596 702 1759 760; x_wconf 91' lang='lat' dir='ltr'><strong>dictis</strong></span> <span class='ocrx_word' id='word_1_47' title='bbox 1788 704 2018 759; x_wconf 89' lang='lat' dir='ltr'><strong>inevita-</strong></span> 
     </span>
    </p>
   </div>
   <div class='ocr_carea' id='block_1_11' title="bbox 435 791 2017 861">
    <p class='ocr_par' dir='ltr' id='par_1_11' title="bbox 435 791 2017 861">
     <span class='ocr_line' id='line_1_11' title="bbox 435 791 2017 861; baseline -0.001 -15"><span class='ocrx_word' id='word_1_48' title='bbox 435 791 545 847; x_wconf 82' lang='lat' dir='ltr'><strong>bile</strong></span> <span class='ocrx_word' id='word_1_49' title='bbox 576 791 787 846; x_wconf 88' lang='lat' dir='ltr'><strong>crimen</strong></span> <span class='ocrx_word' id='word_1_50' title='bbox 831 791 886 845; x_wconf 87' lang='lat' dir='ltr'><strong>in</strong></span> <span class='ocrx_word' id='word_1_51' title='bbox 920 796 1290 861; x_wconf 84' lang='lat' dir='ltr'><strong>nosmetipsos</strong></span> <span class='ocrx_word' id='word_1_52' title='bbox 1325 794 1721 849; x_wconf 82' lang='lat' dir='ltr'><strong>accersamus?</strong></span> <span class='ocrx_word' id='word_1_53' title='bbox 1755 792 1812 847; x_wconf 91' lang='lat' dir='ltr'><strong>Si</strong></span> <span class='ocrx_word' id='word_1_54' title='bbox 1854 794 2017 847; x_wconf 86' lang='lat' dir='ltr'><strong>homo</strong></span> 
     </span>
    </p>
   </div>
   <div class='ocr_carea' id='block_1_12' title="bbox 438 882 2016 954">
    <p class='ocr_par' dir='ltr' id='par_1_12' title="bbox 438 882 2016 954">
     <span class='ocr_line' id='line_1_12' title="bbox 438 882 2016 954; baseline 0.001 -17"><span class='ocrx_word' id='word_1_55' title='bbox 438 884 531 954; x_wconf 85' lang='lat' dir='ltr'><strong>qui</strong></span> <span class='ocrx_word' id='word_1_56' title='bbox 559 883 746 939; x_wconf 87' lang='lat' dir='ltr'><strong>salvus</strong></span> <span class='ocrx_word' id='word_1_57' title='bbox 786 882 843 936; x_wconf 85' lang='lat' dir='ltr'><strong>ﬁt</strong></span> <span class='ocrx_word' id='word_1_58' title='bbox 876 898 942 938; x_wconf 81' lang='lat' dir='ltr'><strong>ex</strong></span> <span class='ocrx_word' id='word_1_59' title='bbox 977 883 1238 952; x_wconf 84' lang='lat' dir='ltr'><strong>operibus</strong></span> <span class='ocrx_word' id='word_1_60' title='bbox 1266 883 1519 952; x_wconf 61' lang='lat' dir='ltr'><strong>justitiaa,</strong></span> <span class='ocrx_word' id='word_1_61' title='bbox 1555 885 1718 939; x_wconf 89' lang='lat' dir='ltr'><strong>etiam</strong></span> <span class='ocrx_word' id='word_1_62' title='bbox 1760 885 2016 939; x_wconf 82' lang='lat' dir='ltr'><strong>timentes</strong></span> 
     </span>
    </p>
   </div>
   <div class='ocr_carea' id='block_1_13' title="bbox 438 975 2017 1048">
    <p class='ocr_par' dir='ltr' id='par_1_13' title="bbox 438 975 2017 1048">
     <span class='ocr_line' id='line_1_13' title="bbox 438 975 2017 1048; baseline -0.001 -18"><span class='ocrx_word' id='word_1_63' title='bbox 438 975 733 1032; x_wconf 87' lang='lat' dir='ltr'><strong>Dominum</strong></span> <span class='ocrx_word' id='word_1_64' title='bbox 763 975 1064 1047; x_wconf 80' lang='lat' dir='ltr'><strong>&#39;gloriiicat,</strong></span> <span class='ocrx_word' id='word_1_65' title='bbox 1106 976 1287 1046; x_wconf 76' lang='lat' dir='ltr'><strong>multo</strong></span> <span class='ocrx_word' id='word_1_66' title='bbox 1329 977 1511 1033; x_wconf 88' lang='lat' dir='ltr'><strong>minus</strong></span> <span class='ocrx_word' id='word_1_67' title='bbox 1533 975 1795 1048; x_wconf 89' lang='lat' dir='ltr'><strong>Spiritum</strong></span> <span class='ocrx_word' id='word_1_68' title='bbox 1832 976 2017 1032; x_wconf 88' lang='lat' dir='ltr'><strong>debita</strong></span> 
     </span>
    </p>
   </div>
   <div class='ocr_carea' id='block_1_14' title="bbox 439 1067 2016 1141">
    <p class='ocr_par' dir='ltr' id='par_1_14' title="bbox 439 1067 2016 1141">
     <span class='ocr_line' id='line_1_14' title="bbox 439 1067 2016 1141; baseline 0.001 -19"><span class='ocrx_word' id='word_1_69' title='bbox 439 1069 611 1141; x_wconf 84' lang='lat' dir='ltr'><strong>gloria</strong></span> <span class='ocrx_word' id='word_1_70' title='bbox 655 1068 949 1124; x_wconf 85' lang='lat' dir='ltr'><strong>fraudabit.</strong></span> <span class='ocrx_word' id='word_1_71' title='bbox 999 1068 1103 1130; x_wconf 90' lang='lat' dir='ltr'><strong>Sit,</strong></span> <span class='ocrx_word' id='word_1_72' title='bbox 1137 1068 1419 1138; x_wconf 87' lang='lat' dir='ltr'><strong>inquiunt,</strong></span> <span class='ocrx_word' id='word_1_73' title='bbox 1458 1068 1870 1141; x_wconf 81' lang='lat' dir='ltr'><strong>gloriﬁcandus,</strong></span> <span class='ocrx_word' id='word_1_74' title='bbox 1920 1067 2016 1124; x_wconf 86' lang='lat' dir='ltr'><strong>sed</strong></span> 
     </span>
    </p>
   </div>
   <div class='ocr_carea' id='block_1_15' title="bbox 438 1158 2016 1232">
    <p class='ocr_par' dir='ltr' id='par_1_15' title="bbox 438 1158 2016 1232">
     <span class='ocr_line' id='line_1_15' title="bbox 438 1158 2016 1232; baseline 0 -17"><span class='ocrx_word' id='word_1_75' title='bbox 438 1175 549 1215; x_wconf 91' lang='lat' dir='ltr'><strong>non</strong></span> <span class='ocrx_word' id='word_1_76' title='bbox 585 1175 711 1216; x_wconf 90' lang='lat' dir='ltr'><strong>cum</strong></span> <span class='ocrx_word' id='word_1_77' title='bbox 738 1159 901 1215; x_wconf 88' lang='lat' dir='ltr'><strong>Patre</strong></span> <span class='ocrx_word' id='word_1_78' title='bbox 948 1167 1004 1215; x_wconf 90' lang='lat' dir='ltr'><strong>et</strong></span> <span class='ocrx_word' id='word_1_79' title='bbox 1033 1158 1194 1215; x_wconf 88' lang='lat' dir='ltr'><strong>Filio.</strong></span> <span class='ocrx_word' id='word_1_80' title='bbox 1231 1159 1298 1214; x_wconf 88' lang='lat' dir='ltr'><strong>Et</strong></span> <span class='ocrx_word' id='word_1_81' title='bbox 1328 1161 1423 1232; x_wconf 92' lang='lat' dir='ltr'><strong>qui</strong></span> <span class='ocrx_word' id='word_1_82' title='bbox 1459 1169 1889 1217; x_wconf 86' lang='lat' dir='ltr'><strong>consentaneum</strong></span> <span class='ocrx_word' id='word_1_83' title='bbox 1930 1167 2016 1216; x_wconf 90' lang='lat' dir='ltr'><strong>est</strong></span> 
     </span>
    </p>
   </div>
   <div class='ocr_carea' id='block_1_16' title="bbox 435 1250 2016 1324">
    <p class='ocr_par' dir='ltr' id='par_1_16' title="bbox 435 1250 2016 1324">
     <span class='ocr_line' id='line_1_16' title="bbox 435 1250 2016 1324; baseline 0 -19"><span class='ocrx_word' id='word_1_84' title='bbox 435 1250 662 1317; x_wconf 87' lang='lat' dir='ltr'><strong>rationi,</strong></span> <span class='ocrx_word' id='word_1_85' title='bbox 693 1252 862 1306; x_wconf 91' lang='lat' dir='ltr'><strong>alium</strong></span> <span class='ocrx_word' id='word_1_86' title='bbox 898 1251 1079 1307; x_wconf 91' lang='lat' dir='ltr'><strong>locum</strong></span> <span class='ocrx_word' id='word_1_87' title='bbox 1109 1251 1501 1324; x_wconf 80' lang='lat' dir='ltr'><strong>imaginatione</strong></span> <span class='ocrx_word' id='word_1_88' title='bbox 1529 1252 1820 1323; x_wconf 85' lang='lat' dir='ltr'><strong>designare</strong></span> <span class='ocrx_word' id='word_1_89' title='bbox 1842 1250 2016 1323; x_wconf 90' lang='lat' dir='ltr'><strong>Spiri-</strong></span> 
     </span>
    </p>
   </div>
   <div class='ocr_carea' id='block_1_17' title="bbox 433 1344 2017 1416">
    <p class='ocr_par' dir='ltr' id='par_1_17' title="bbox 433 1344 2017 1416">
     <span class='ocr_line' id='line_1_17' title="bbox 433 1344 2017 1416; baseline 0.002 -19"><span class='ocrx_word' id='word_1_90' title='bbox 433 1345 535 1409; x_wconf 90' lang='lat' dir='ltr'><strong>tui,</strong></span> <span class='ocrx_word' id='word_1_91' title='bbox 568 1359 636 1400; x_wconf 89' lang='lat' dir='ltr'><strong>eo</strong></span> <span class='ocrx_word' id='word_1_92' title='bbox 679 1344 894 1408; x_wconf 89' lang='lat' dir='ltr'><strong>relicto,</strong></span> <span class='ocrx_word' id='word_1_93' title='bbox 941 1359 1104 1415; x_wconf 90' lang='lat' dir='ltr'><strong>quem</strong></span> <span class='ocrx_word' id='word_1_94' title='bbox 1140 1345 1336 1400; x_wconf 86' lang='lat' dir='ltr'><strong>statuit</strong></span> <span class='ocrx_word' id='word_1_95' title='bbox 1379 1345 1676 1412; x_wconf 86' lang='lat' dir='ltr'><strong>Dominus;</strong></span> <span class='ocrx_word' id='word_1_96' title='bbox 1727 1353 1782 1401; x_wconf 89' lang='lat' dir='ltr'><strong>et</strong></span> <span class='ocrx_word' id='word_1_97' title='bbox 1827 1345 2017 1416; x_wconf 70' lang='lat' dir='ltr'><strong>gloriae</strong></span> 
     </span>
    </p>
   </div>
   <div class='ocr_carea' id='block_1_18' title="bbox 432 1436 2016 1507">
    <p class='ocr_par' dir='ltr' id='par_1_18' title="bbox 432 1436 2016 1507">
     <span class='ocr_line' id='line_1_18' title="bbox 432 1436 2016 1507; baseline 0 -16"><span class='ocrx_word' id='word_1_98' title='bbox 432 1436 718 1491; x_wconf 91' lang='lat' dir='ltr'><strong>consortio</strong></span> <span class='ocrx_word' id='word_1_99' title='bbox 748 1436 990 1506; x_wconf 79' lang='lat' dir='ltr'><strong>spoliare</strong></span> <span class='ocrx_word' id='word_1_100' title='bbox 1024 1450 1151 1491; x_wconf 90' lang='lat' dir='ltr'><strong>eum</strong></span> <span class='ocrx_word' id='word_1_101' title='bbox 1190 1437 1287 1507; x_wconf 91' lang='lat' dir='ltr'><strong>qui</strong></span> <span class='ocrx_word' id='word_1_102' title='bbox 1324 1437 1527 1507; x_wconf 89' lang='lat' dir='ltr'><strong>ubique</strong></span> <span class='ocrx_word' id='word_1_103' title='bbox 1568 1437 1901 1507; x_wconf 84' lang='lat' dir='ltr'><strong>conjunctus</strong></span> <span class='ocrx_word' id='word_1_104' title='bbox 1931 1444 2016 1493; x_wconf 91' lang='lat' dir='ltr'><strong>est</strong></span> 
     </span>
    </p>
   </div>
   <div class='ocr_carea' id='block_1_19' title="bbox 432 1526 2013 1600">
    <p class='ocr_par' dir='ltr' id='par_1_19' title="bbox 432 1526 2013 1600">
     <span class='ocr_line' id='line_1_19' title="bbox 432 1526 2013 1600; baseline 0.003 -19"><span class='ocrx_word' id='word_1_105' title='bbox 432 1526 732 1589; x_wconf 81' lang='lat' dir='ltr'><strong>divinitati,</strong></span> <span class='ocrx_word' id='word_1_106' title='bbox 785 1527 840 1581; x_wconf 91' lang='lat' dir='ltr'><strong>in</strong></span> <span class='ocrx_word' id='word_1_107' title='bbox 876 1526 1223 1597; x_wconf 82' lang='lat' dir='ltr'><strong>professione</strong></span> <span class='ocrx_word' id='word_1_108' title='bbox 1256 1526 1403 1593; x_wconf 85' lang='lat' dir='ltr'><strong>ﬁdei,</strong></span> <span class='ocrx_word' id='word_1_109' title='bbox 1455 1529 1510 1583; x_wconf 94' lang='lat' dir='ltr'><strong>in</strong></span> <span class='ocrx_word' id='word_1_110' title='bbox 1541 1529 1873 1600; x_wconf 89' lang='lat' dir='ltr'><strong>baptismate</strong></span> <span class='ocrx_word' id='word_1_111' title='bbox 1920 1545 2013 1585; x_wconf 91' lang='lat' dir='ltr'><strong>re-</strong></span> 
     </span>
    </p>
   </div>
   <div class='ocr_carea' id='block_1_20' title="bbox 431 1616 2014 1689">
    <p class='ocr_par' dir='ltr' id='par_1_20' title="bbox 431 1616 2014 1689">
     <span class='ocr_line' id='line_1_20' title="bbox 431 1616 2014 1689; baseline 0.003 -17"><span class='ocrx_word' id='word_1_112' title='bbox 431 1617 787 1687; x_wconf 88' lang='lat' dir='ltr'><strong>demptionis,</strong></span> <span class='ocrx_word' id='word_1_113' title='bbox 812 1616 869 1672; x_wconf 89' lang='lat' dir='ltr'><strong>in</strong></span> <span class='ocrx_word' id='word_1_114' title='bbox 891 1617 1214 1689; x_wconf 85' lang='lat' dir='ltr'><strong>operatione</strong></span> <span class='ocrx_word' id='word_1_115' title='bbox 1225 1619 1514 1685; x_wconf 86' lang='lat' dir='ltr'><strong>virtutum,</strong></span> <span class='ocrx_word' id='word_1_116' title='bbox 1535 1620 1591 1674; x_wconf 94' lang='lat' dir='ltr'><strong>in</strong></span> <span class='ocrx_word' id='word_1_117' title='bbox 1615 1619 2014 1676; x_wconf 84' lang='lat' dir='ltr'><strong>inhabitatione</strong></span> 
     </span>
    </p>
   </div>
   <div class='ocr_carea' id='block_1_21' title="bbox 433 1709 2016 1775">
    <p class='ocr_par' dir='ltr' id='par_1_21' title="bbox 433 1709 2016 1775">
     <span class='ocr_line' id='line_1_21' title="bbox 433 1709 2016 1775; baseline 0 -11"><span class='ocrx_word' id='word_1_118' title='bbox 433 1718 776 1775; x_wconf 91' lang='lat' dir='ltr'><strong>sanctorum,</strong></span> <span class='ocrx_word' id='word_1_119' title='bbox 814 1710 869 1764; x_wconf 93' lang='lat' dir='ltr'><strong>in</strong></span> <span class='ocrx_word' id='word_1_120' title='bbox 912 1709 1197 1766; x_wconf 85' lang='lat' dir='ltr'><strong>beneﬁciis</strong></span> <span class='ocrx_word' id='word_1_121' title='bbox 1227 1710 1284 1765; x_wconf 91' lang='lat' dir='ltr'><strong>in</strong></span> <span class='ocrx_word' id='word_1_122' title='bbox 1329 1711 1581 1767; x_wconf 87' lang='lat' dir='ltr'><strong>subditos</strong></span> <span class='ocrx_word' id='word_1_123' title='bbox 1625 1709 2016 1766; x_wconf 80' lang='lat' dir='ltr'><strong>conferendis?</strong></span> 
     </span>
    </p>
   </div>
   <div class='ocr_carea' id='block_1_22' title="bbox 2121 506 3703 585">
    <p class='ocr_par' dir='ltr' id='par_1_22' title="bbox 2121 506 3703 585">
     <span class='ocr_line' id='line_1_22' title="bbox 2121 506 3703 585; baseline -0.007 -15"><span class='ocrx_word' id='word_1_124' title='bbox 2121 517 2263 571; x_wconf 86' lang='grc' dir='ltr'><strong>κατά</strong></span> <span class='ocrx_word' id='word_1_125' title='bbox 2307 515 2388 583; x_wconf 79' lang='grc' dir='ltr'><strong>σὲ,</strong></span> <span class='ocrx_word' id='word_1_126' title='bbox 2432 513 2678 585; x_wconf 79' lang='grc' dir='ltr'>οῦδεμία.</span> <span class='ocrx_word' id='word_1_127' title='bbox 2729 513 2854 577; x_wconf 84' lang='grc' dir='ltr'><strong>Πῶς</strong></span> <span class='ocrx_word' id='word_1_128' title='bbox 2896 508 2988 565; x_wconf 75' lang='grc' dir='ltr'><strong>οὖν</strong></span> <span class='ocrx_word' id='word_1_129' title='bbox 3028 512 3090 564; x_wconf 84' lang='grc' dir='ltr'><strong>οὐ</strong></span> <span class='ocrx_word' id='word_1_130' title='bbox 3134 511 3401 583; x_wconf 84' lang='grc' dir='ltr'>πρόδηλος</span> <span class='ocrx_word' id='word_1_131' title='bbox 3449 510 3479 562; x_wconf 88' lang='grc' dir='ltr'>ὁ</span> <span class='ocrx_word' id='word_1_132' title='bbox 3523 506 3703 561; x_wconf 86' lang='grc' dir='ltr'>κίνδυ-</span> 
     </span>
    </p>
   </div>
   <div class='ocr_carea' id='block_1_23' title="bbox 2119 600 3702 675">
    <p class='ocr_par' dir='ltr' id='par_1_23' title="bbox 2119 600 3702 675">
     <span class='ocr_line' id='line_1_23' title="bbox 2119 600 3702 675; baseline -0.006 -14"><span class='ocrx_word' id='word_1_133' title='bbox 2119 624 2209 671; x_wconf 91' lang='grc' dir='ltr'><strong>νος</strong></span> <span class='ocrx_word' id='word_1_134' title='bbox 2258 609 2322 659; x_wconf 82' lang='grc' dir='ltr'>ὲκ</span> <span class='ocrx_word' id='word_1_135' title='bbox 2367 606 2476 659; x_wconf 87' lang='grc' dir='ltr'><strong>τῶν</strong></span> <span class='ocrx_word' id='word_1_136' title='bbox 2516 606 2776 660; x_wconf 81' lang='grc' dir='ltr'><strong>τοιούτων</strong></span> <span class='ocrx_word' id='word_1_137' title='bbox 2813 605 2987 675; x_wconf 84' lang='grc' dir='ltr'>λόγων</span> <span class='ocrx_word' id='word_1_138' title='bbox 3023 604 3121 675; x_wconf 75' lang='grc' dir='ltr'><strong>τὴν</strong></span> <span class='ocrx_word' id='word_1_139' title='bbox 3159 605 3396 672; x_wconf 81' lang='grc' dir='ltr'>ἄφυκτον</span> <span class='ocrx_word' id='word_1_140' title='bbox 3430 600 3702 672; x_wconf 73' lang='grc' dir='ltr'>ἁμαρτίαν</span> 
     </span>
    </p>
   </div>
   <div class='ocr_carea' id='block_1_24' title="bbox 2119 692 3701 769">
    <p class='ocr_par' dir='ltr' id='par_1_24' title="bbox 2119 692 3701 769">
     <span class='ocr_line' id='line_1_24' title="bbox 2119 692 3701 769; baseline -0.006 -17"><span class='ocrx_word' id='word_1_141' title='bbox 2119 701 2204 769; x_wconf 79' lang='grc' dir='ltr'><strong>ἐφ’</strong></span> <span class='ocrx_word' id='word_1_142' title='bbox 2228 701 2455 763; x_wconf 74' lang='grc' dir='ltr'>ἑαυτοὺς</span> <span class='ocrx_word' id='word_1_143' title='bbox 2487 699 2856 764; x_wconf 82' lang='grc' dir='ltr'>ἐπισπᾶσθαι;</span> <span class='ocrx_word' id='word_1_144' title='bbox 2884 700 2947 751; x_wconf 81' lang='grc' dir='ltr'><strong>Εἰ</strong></span> <span class='ocrx_word' id='word_1_145' title='bbox 2968 700 2996 750; x_wconf 89' lang='grc' dir='ltr'>ὁ</span> <span class='ocrx_word' id='word_1_146' title='bbox 3032 698 3142 768; x_wconf 73' lang='grc'>(12)</span> <span class='ocrx_word' id='word_1_147' title='bbox 3177 696 3480 766; x_wconf 76' lang='grc' dir='ltr'>σωζόμενος</span> <span class='ocrx_word' id='word_1_148' title='bbox 3509 695 3574 745; x_wconf 78' lang='grc' dir='ltr'><strong>ἐκ</strong></span> <span class='ocrx_word' id='word_1_149' title='bbox 3593 692 3701 744; x_wconf 80' lang='grc' dir='ltr'>τῶν</span> 
     </span>
    </p>
   </div>
   <div class='ocr_carea' id='block_1_25' title="bbox 2115 783 3703 862">
    <p class='ocr_par' dir='ltr' id='par_1_25' title="bbox 2115 783 3703 862">
     <span class='ocr_line' id='line_1_25' title="bbox 2115 783 3703 862; baseline -0.004 -19"><span class='ocrx_word' id='word_1_150' title='bbox 2115 792 2216 862; x_wconf 81' lang='grc' dir='ltr'>τῆς</span> <span class='ocrx_word' id='word_1_151' title='bbox 2251 790 2594 862; x_wconf 82' lang='grc' dir='ltr'>δικαιοσύνης</span> <span class='ocrx_word' id='word_1_152' title='bbox 2638 790 2815 862; x_wconf 79' lang='grc' dir='ltr'>ἔργων</span> <span class='ocrx_word' id='word_1_153' title='bbox 2855 790 3162 862; x_wconf 80' lang='grc' dir='ltr'>ἄνθρωπος,</span> <span class='ocrx_word' id='word_1_154' title='bbox 3199 788 3293 841; x_wconf 68' lang='grc' dir='ltr'>καὶ</span> <span class='ocrx_word' id='word_1_155' title='bbox 3330 788 3456 849; x_wconf 83' lang='grc' dir='ltr'>τοὺς</span> <span class='ocrx_word' id='word_1_156' title='bbox 3500 783 3703 853; x_wconf 58' lang='lat'><strong>90609—</strong></span> 
     </span>
    </p>
   </div>
   <div class='ocr_carea' id='block_1_26' title="bbox 2120 877 3703 955">
    <p class='ocr_par' dir='ltr' id='par_1_26' title="bbox 2120 877 3703 955">
     <span class='ocr_line' id='line_1_26' title="bbox 2120 877 3703 955; baseline -0.003 -19"><span class='ocrx_word' id='word_1_157' title='bbox 2120 884 2314 955; x_wconf 76' lang='grc' dir='ltr'>μένους</span> <span class='ocrx_word' id='word_1_158' title='bbox 2356 883 2450 937; x_wconf 85' lang='grc' dir='ltr'>τὸν</span> <span class='ocrx_word' id='word_1_159' title='bbox 2500 881 2705 955; x_wconf 80' lang='grc' dir='ltr'>Κύριον</span> <span class='ocrx_word' id='word_1_160' title='bbox 2752 880 3002 949; x_wconf 77' lang='grc' dir='ltr'>δοξάζει,</span> <span class='ocrx_word' id='word_1_161' title='bbox 3049 880 3303 934; x_wconf 82' lang='grc' dir='ltr'>τοσούτου</span> <span class='ocrx_word' id='word_1_162' title='bbox 3358 877 3426 933; x_wconf 84' lang='grc' dir='ltr'>ἂν</span> <span class='ocrx_word' id='word_1_163' title='bbox 3475 879 3584 932; x_wconf 83' lang='grc' dir='ltr'>δέοι</span> <span class='ocrx_word' id='word_1_164' title='bbox 3638 880 3703 933; x_wconf 82' lang='grc' dir='ltr'><strong>τὸ</strong></span> 
     </span>
    </p>
   </div>
   <div class='ocr_carea' id='block_1_27' title="bbox 2117 973 3700 1047">
    <p class='ocr_par' dir='ltr' id='par_1_27' title="bbox 2117 973 3700 1047">
     <span class='ocr_line' id='line_1_27' title="bbox 2117 973 3700 1047; baseline -0.004 -18"><span class='ocrx_word' id='word_1_165' title='bbox 2117 975 2341 1046; x_wconf 79' lang='grc' dir='ltr'>Πνεῦμα</span> <span class='ocrx_word' id='word_1_166' title='bbox 2378 975 2479 1047; x_wconf 82' lang='grc' dir='ltr'>τῆς</span> <span class='ocrx_word' id='word_1_167' title='bbox 2525 974 2880 1046; x_wconf 82' lang='grc' dir='ltr'>ὀφειλομένης</span> <span class='ocrx_word' id='word_1_168' title='bbox 2919 973 3076 1044; x_wconf 83' lang='grc' dir='ltr'>δόξης</span> <span class='ocrx_word' id='word_1_169' title='bbox 3116 973 3460 1042; x_wconf 78' lang='grc' dir='ltr'><strong>ἀποστερεῖν.</strong></span> <span class='ocrx_word' id='word_1_170' title='bbox 3496 973 3700 1035; x_wconf 76' lang='grc' dir='ltr'>Ἔστω,</span> 
     </span>
    </p>
   </div>
   <div class='ocr_carea' id='block_1_28' title="bbox 2117 1065 3705 1138">
    <p class='ocr_par' dir='ltr' id='par_1_28' title="bbox 2117 1065 3705 1138">
     <span class='ocr_line' id='line_1_28' title="bbox 2117 1065 3705 1138; baseline -0.003 -17"><span class='ocrx_word' id='word_1_171' title='bbox 2117 1068 2252 1138; x_wconf 75' lang='grc' dir='ltr'><strong>φησὶ</strong></span> <span class='ocrx_word' id='word_1_172' title='bbox 2294 1068 2437 1138; x_wconf 75' lang='grc'>(15),</span> <span class='ocrx_word' id='word_1_173' title='bbox 2479 1067 2768 1135; x_wconf 78' lang='grc' dir='ltr'>δοξαστὸν,</span> <span class='ocrx_word' id='word_1_174' title='bbox 2816 1067 2930 1120; x_wconf 85' lang='grc' dir='ltr'>ἀλλ’</span> <span class='ocrx_word' id='word_1_175' title='bbox 2979 1068 3101 1138; x_wconf 69' lang='grc' dir='ltr'>οὐχ).</span> <span class='ocrx_word' id='word_1_176' title='bbox 3154 1065 3291 1137; x_wconf 79' lang='grc' dir='ltr'>μετὰ</span> <span class='ocrx_word' id='word_1_177' title='bbox 3349 1065 3564 1129; x_wconf 63' lang='lat' dir='ltr'><strong>Harpe;</strong></span> <span class='ocrx_word' id='word_1_178' title='bbox 3606 1065 3705 1117; x_wconf 73' lang='grc' dir='ltr'>καὶ</span> 
     </span>
    </p>
   </div>
   <div class='ocr_carea' id='block_1_29' title="bbox 2116 1156 3704 1231">
    <p class='ocr_par' dir='ltr' id='par_1_29' title="bbox 2116 1156 3704 1231">
     <span class='ocr_line' id='line_1_29' title="bbox 2116 1156 3704 1231; baseline -0.003 -19"><span class='ocrx_word' id='word_1_179' title='bbox 2116 1160 2268 1213; x_wconf 86' lang='grc' dir='ltr'>Υἱοῦ.</span> <span class='ocrx_word' id='word_1_180' title='bbox 2294 1161 2405 1214; x_wconf 81' lang='grc' dir='ltr'><strong>Καὶ</strong></span> <span class='ocrx_word' id='word_1_181' title='bbox 2430 1161 2556 1214; x_wconf 85' lang='grc' dir='ltr'>τίνα</span> <span class='ocrx_word' id='word_1_182' title='bbox 2583 1160 2695 1231; x_wconf 75' lang='grc' dir='ltr'>ἔχει</span> <span class='ocrx_word' id='word_1_183' title='bbox 2719 1160 2876 1228; x_wconf 87' lang='grc' dir='ltr'>λόγον</span> <span class='ocrx_word' id='word_1_184' title='bbox 2910 1159 3105 1231; x_wconf 77' lang='grc' dir='ltr'>ἑτέραν</span> <span class='ocrx_word' id='word_1_185' title='bbox 3134 1157 3318 1229; x_wconf 86' lang='grc' dir='ltr'>χώραν</span> <span class='ocrx_word' id='word_1_186' title='bbox 3352 1158 3587 1209; x_wconf 75' lang='grc' dir='ltr'>ἐπινοεῖν</span> <span class='ocrx_word' id='word_1_187' title='bbox 3620 1156 3704 1226; x_wconf 85' lang='grc' dir='ltr'>τῷ</span> 
     </span>
    </p>
   </div>
   <div class='ocr_carea' id='block_1_30' title="bbox 2113 1250 3703 1326">
    <p class='ocr_par' dir='ltr' id='par_1_30' title="bbox 2113 1250 3703 1326">
     <span class='ocr_line' id='line_1_30' title="bbox 2113 1250 3703 1326; baseline -0.003 -20"><span class='ocrx_word' id='word_1_188' title='bbox 2113 1253 2413 1325; x_wconf 87' lang='grc' dir='ltr'>Πνεύματι,</span> <span class='ocrx_word' id='word_1_189' title='bbox 2459 1253 2558 1326; x_wconf 81' lang='grc' dir='ltr'><strong>τὴν</strong></span> <span class='ocrx_word' id='word_1_190' title='bbox 2597 1252 2749 1326; x_wconf 80' lang='grc' dir='ltr'><strong>παρά</strong></span> <span class='ocrx_word' id='word_1_191' title='bbox 2792 1251 2887 1306; x_wconf 89' lang='grc' dir='ltr'><strong>τοῦ</strong></span> <span class='ocrx_word' id='word_1_192' title='bbox 2918 1252 3121 1323; x_wconf 81' lang='grc' dir='ltr'>Κυρίου</span> <span class='ocrx_word' id='word_1_193' title='bbox 3167 1250 3505 1320; x_wconf 76' lang='grc' dir='ltr'>τεταγμένην</span> <span class='ocrx_word' id='word_1_194' title='bbox 3532 1267 3703 1302; x_wconf 84' lang='grc' dir='ltr'>κατα-</span> 
     </span>
    </p>
   </div>
   <div class='ocr_carea' id='block_1_31' title="bbox 2114 1343 3704 1416">
    <p class='ocr_par' dir='ltr' id='par_1_31' title="bbox 2114 1343 3704 1416">
     <span class='ocr_line' id='line_1_31' title="bbox 2114 1343 3704 1416; baseline -0.003 -18"><span class='ocrx_word' id='word_1_195' title='bbox 2114 1345 2387 1411; x_wconf 83' lang='grc' dir='ltr'>λιπόντας,</span> <span class='ocrx_word' id='word_1_196' title='bbox 2442 1348 2534 1401; x_wconf 81' lang='grc' dir='ltr'>καὶ</span> <span class='ocrx_word' id='word_1_197' title='bbox 2573 1346 2671 1416; x_wconf 87' lang='grc' dir='ltr'>τῆς</span> <span class='ocrx_word' id='word_1_198' title='bbox 2709 1344 2853 1399; x_wconf 87' lang='grc' dir='ltr'><strong>κατά</strong></span> <span class='ocrx_word' id='word_1_199' title='bbox 2890 1344 2987 1416; x_wconf 81' lang='grc' dir='ltr'>τὴν</span> <span class='ocrx_word' id='word_1_200' title='bbox 3035 1343 3194 1410; x_wconf 80' lang='grc' dir='ltr'>δόξαν</span> <span class='ocrx_word' id='word_1_201' title='bbox 3241 1343 3523 1406; x_wconf 81' lang='grc' dir='ltr'>κοινωνίας</span> <span class='ocrx_word' id='word_1_202' title='bbox 3563 1343 3704 1395; x_wconf 84' lang='grc' dir='ltr'>ἀπο-</span> 
     </span>
    </p>
   </div>
   <div class='ocr_carea' id='block_1_32' title="bbox 2118 1434 3699 1512">
    <p class='ocr_par' dir='ltr' id='par_1_32' title="bbox 2118 1434 3699 1512">
     <span class='ocr_line' id='line_1_32' title="bbox 2118 1434 3699 1512; baseline -0.003 -21"><span class='ocrx_word' id='word_1_203' title='bbox 2118 1441 2329 1512; x_wconf 74' lang='grc' dir='ltr'>περείν</span> <span class='ocrx_word' id='word_1_204' title='bbox 2372 1439 2432 1493; x_wconf 85' lang='grc' dir='ltr'>τὸ</span> <span class='ocrx_word' id='word_1_205' title='bbox 2473 1437 2746 1509; x_wconf 74' lang='grc' dir='ltr'>πανταχοῦ</span> <span class='ocrx_word' id='word_1_206' title='bbox 2789 1435 3197 1508; x_wconf 81' lang='grc' dir='ltr'>συναναληφθὲν</span> <span class='ocrx_word' id='word_1_207' title='bbox 3221 1435 3333 1507; x_wconf 72' lang='grc'>(14)</span> <span class='ocrx_word' id='word_1_208' title='bbox 3362 1437 3427 1507; x_wconf 78' lang='grc' dir='ltr'>τῇ</span> <span class='ocrx_word' id='word_1_209' title='bbox 3463 1434 3699 1506; x_wconf 84' lang='grc' dir='ltr'>θεότητι,</span> 
     </span>
    </p>
   </div>
   <div class='ocr_carea' id='block_1_33' title="bbox 2115 1527 3706 1603">
    <p class='ocr_par' dir='ltr' id='par_1_33' title="bbox 2115 1527 3706 1603">
     <span class='ocr_line' id='line_1_33' title="bbox 2115 1527 3706 1603; baseline -0.003 -19"><span class='ocrx_word' id='word_1_210' title='bbox 2115 1532 2172 1584; x_wconf 78' lang='grc' dir='ltr'>ἐν</span> <span class='ocrx_word' id='word_1_211' title='bbox 2206 1533 2274 1603; x_wconf 78' lang='grc' dir='ltr'>τῇ</span> <span class='ocrx_word' id='word_1_212' title='bbox 2314 1530 2572 1603; x_wconf 69' lang='grc' dir='ltr'>ὁμολογίᾳ</span> <span class='ocrx_word' id='word_1_213' title='bbox 2610 1530 2713 1600; x_wconf 80' lang='grc' dir='ltr'>τῆς</span> <span class='ocrx_word' id='word_1_214' title='bbox 2755 1530 3009 1595; x_wconf 81' lang='grc' dir='ltr'>πίστεως,</span> <span class='ocrx_word' id='word_1_215' title='bbox 3050 1530 3107 1582; x_wconf 80' lang='grc' dir='ltr'><strong>ἐν</strong></span> <span class='ocrx_word' id='word_1_216' title='bbox 3131 1527 3208 1599; x_wconf 81' lang='grc' dir='ltr'><strong>τῷ</strong></span> <span class='ocrx_word' id='word_1_217' title='bbox 3239 1527 3574 1598; x_wconf 80' lang='grc' dir='ltr'>βαπτίσματι</span> <span class='ocrx_word' id='word_1_218' title='bbox 3600 1527 3706 1599; x_wconf 80' lang='grc' dir='ltr'><strong>τῆς</strong></span> 
     </span>
    </p>
   </div>
   <div class='ocr_carea' id='block_1_34' title="bbox 2116 1619 3706 1694">
    <p class='ocr_par' dir='ltr' id='par_1_34' title="bbox 2116 1619 3706 1694">
     <span class='ocr_line' id='line_1_34' title="bbox 2116 1619 3706 1694; baseline -0.002 -19"><span class='ocrx_word' id='word_1_219' title='bbox 2116 1622 2577 1694; x_wconf 77' lang='grc' dir='ltr'>ἀπολυτρώσεως,</span> <span class='ocrx_word' id='word_1_220' title='bbox 2625 1624 2683 1675; x_wconf 82' lang='grc' dir='ltr'><strong>ἐν</strong></span> <span class='ocrx_word' id='word_1_221' title='bbox 2728 1623 2794 1693; x_wconf 77' lang='grc' dir='ltr'>τῇ</span> <span class='ocrx_word' id='word_1_222' title='bbox 2834 1619 3086 1692; x_wconf 74' lang='grc' dir='ltr'>ἐνεργείᾳ</span> <span class='ocrx_word' id='word_1_223' title='bbox 3124 1620 3234 1674; x_wconf 80' lang='grc' dir='ltr'>τῶν</span> <span class='ocrx_word' id='word_1_224' title='bbox 3281 1619 3594 1690; x_wconf 86' lang='grc' dir='ltr'>δυνάμεων,</span> <span class='ocrx_word' id='word_1_225' title='bbox 3639 1621 3706 1672; x_wconf 85' lang='grc' dir='ltr'>ὲν</span> 
     </span>
    </p>
   </div>
   <div class='ocr_carea' id='block_1_35' title="bbox 2115 1712 3706 1786">
    <p class='ocr_par' dir='ltr' id='par_1_35' title="bbox 2115 1712 3706 1786">
     <span class='ocr_line' id='line_1_35' title="bbox 2115 1712 3706 1786; baseline -0.002 -19"><span class='ocrx_word' id='word_1_226' title='bbox 2115 1717 2180 1786; x_wconf 83' lang='grc' dir='ltr'>τῇ</span> <span class='ocrx_word' id='word_1_227' title='bbox 2208 1716 2475 1784; x_wconf 81' lang='grc' dir='ltr'>ἐνοικήσει</span> <span class='ocrx_word' id='word_1_228' title='bbox 2509 1715 2618 1768; x_wconf 84' lang='grc' dir='ltr'><strong>τῶν</strong></span> <span class='ocrx_word' id='word_1_229' title='bbox 2654 1714 2844 1783; x_wconf 86' lang='grc' dir='ltr'>ἁγίων,</span> <span class='ocrx_word' id='word_1_230' title='bbox 2880 1715 2938 1768; x_wconf 78' lang='grc' dir='ltr'>ἐν</span> <span class='ocrx_word' id='word_1_231' title='bbox 2965 1715 3085 1777; x_wconf 83' lang='grc' dir='ltr'>ταῖς</span> <span class='ocrx_word' id='word_1_232' title='bbox 3121 1715 3202 1776; x_wconf 83' lang='grc' dir='ltr'><strong>είς</strong></span> <span class='ocrx_word' id='word_1_233' title='bbox 3238 1712 3300 1766; x_wconf 84' lang='grc' dir='ltr'>τὸ</span> <span class='ocrx_word' id='word_1_234' title='bbox 3334 1713 3574 1783; x_wconf 81' lang='grc' dir='ltr'>ὑπήκοον</span> <span class='ocrx_word' id='word_1_235' title='bbox 3601 1712 3706 1781; x_wconf 80' lang='grc' dir='ltr'><strong>χά-</strong></span> 
     </span>
    </p>
   </div>
   <div class='ocr_carea' id='block_1_36' title="bbox 431 1786 2013 1879">
    <p class='ocr_par' dir='ltr' id='par_1_36' title="bbox 431 1802 2012 1875">
     <span class='ocr_line' id='line_1_36' title="bbox 431 1802 2012 1875; baseline 0.002 -19"><span class='ocrx_word' id='word_1_236' title='bbox 431 1802 621 1872; x_wconf 76' lang='lat' dir='ltr'><strong>Neque</strong></span> <span class='ocrx_word' id='word_1_237' title='bbox 646 1803 794 1858; x_wconf 89' lang='lat' dir='ltr'><strong>enim</strong></span> <span class='ocrx_word' id='word_1_238' title='bbox 832 1810 918 1858; x_wconf 93' lang='lat' dir='ltr'><strong>est</strong></span> <span class='ocrx_word' id='word_1_239' title='bbox 950 1804 1122 1857; x_wconf 91' lang='lat' dir='ltr'><strong>ullum</strong></span> <span class='ocrx_word' id='word_1_240' title='bbox 1152 1804 1379 1859; x_wconf 91' lang='lat' dir='ltr'><strong>omnino</strong></span> <span class='ocrx_word' id='word_1_241' title='bbox 1412 1803 1617 1858; x_wconf 90' lang='lat' dir='ltr'><strong>donum</strong></span> <span class='ocrx_word' id='word_1_242' title='bbox 1646 1804 1854 1875; x_wconf 87' lang='lat' dir='ltr'><strong>absque</strong></span> <span class='ocrx_word' id='word_1_243' title='bbox 1883 1820 2012 1860; x_wconf 88' lang='lat' dir='ltr'><strong>san-</strong></span> 
     </span>
    </p>
   </div>
   <div class='ocr_carea' id='block_1_37' title="bbox 2124 1786 3703 1879">
    <p class='ocr_par' dir='ltr' id='par_1_37' title="bbox 2124 1802 3703 1879">
     <span class='ocr_line' id='line_1_37' title="bbox 2124 1802 3703 1879; baseline -0.003 -18"><span class='ocrx_word' id='word_1_244' title='bbox 2124 1824 2293 1879; x_wconf 88' lang='grc' dir='ltr'>ρισιν;</span> <span class='ocrx_word' id='word_1_245' title='bbox 2340 1807 2477 1860; x_wconf 78' lang='grc' dir='ltr'>Οὐδὲ</span> <span class='ocrx_word' id='word_1_246' title='bbox 2518 1808 2627 1878; x_wconf 86' lang='grc' dir='ltr'><strong>γάρ</strong></span> <span class='ocrx_word' id='word_1_247' title='bbox 2681 1809 2830 1860; x_wconf 77' lang='grc' dir='ltr'>ἐστιν</span> <span class='ocrx_word' id='word_1_248' title='bbox 2879 1805 3016 1869; x_wconf 84' lang='grc' dir='ltr'>ὅλως</span> <span class='ocrx_word' id='word_1_249' title='bbox 3062 1805 3240 1877; x_wconf 85' lang='grc' dir='ltr'>δωρεά</span> <span class='ocrx_word' id='word_1_250' title='bbox 3283 1822 3366 1868; x_wconf 88' lang='grc' dir='ltr'><strong>τις</strong></span> <span class='ocrx_word' id='word_1_251' title='bbox 3425 1804 3553 1857; x_wconf 84' lang='grc' dir='ltr'>ἄνευ</span> <span class='ocrx_word' id='word_1_252' title='bbox 3602 1802 3703 1856; x_wconf 85' lang='grc' dir='ltr'><strong>τοῦ</strong></span> 
     </span>
    </p>
   </div>
   <div class='ocr_carea' id='block_1_38' title="bbox 429 1892 2014 1967">
    <p class='ocr_par' dir='ltr' id='par_1_38' title="bbox 429 1892 2014 1967">
     <span class='ocr_line' id='line_1_38' title="bbox 429 1892 2014 1967; baseline 0.003 -19"><span class='ocrx_word' id='word_1_253' title='bbox 429 1901 524 1949; x_wconf 85' lang='lat' dir='ltr'><strong>ctu</strong></span> <span class='ocrx_word' id='word_1_254' title='bbox 554 1892 768 1966; x_wconf 87' lang='lat' dir='ltr'><strong>Spiritu</strong></span> <span class='ocrx_word' id='word_1_255' title='bbox 803 1895 871 1950; x_wconf 89' lang='lat' dir='ltr'><strong>ad</strong></span> <span class='ocrx_word' id='word_1_256' title='bbox 919 1904 1233 1951; x_wconf 86' lang='lat' dir='ltr'><strong>creaturam</strong></span> <span class='ocrx_word' id='word_1_257' title='bbox 1273 1896 1632 1966; x_wconf 89' lang='lat' dir='ltr'><strong>perveniens;</strong></span> <span class='ocrx_word' id='word_1_258' title='bbox 1674 1896 1897 1967; x_wconf 87' lang='lat' dir='ltr'><strong>quando</strong></span> <span class='ocrx_word' id='word_1_259' title='bbox 1942 1913 2014 1953; x_wconf 89' lang='lat' dir='ltr'><strong>ne</strong></span> 
     </span>
    </p>
   </div>
   <div class='ocr_carea' id='block_1_39' title="bbox 430 1986 2015 2059">
    <p class='ocr_par' dir='ltr' id='par_1_39' title="bbox 430 1986 2015 2059">
     <span class='ocr_line' id='line_1_39' title="bbox 430 1986 2015 2059; baseline 0.001 -17"><span class='ocrx_word' id='word_1_260' title='bbox 430 1987 663 2057; x_wconf 80' lang='lat' dir='ltr'><strong>simplex</strong></span> <span class='ocrx_word' id='word_1_261' title='bbox 695 1987 918 2058; x_wconf 90' lang='lat' dir='ltr'><strong>quidem</strong></span> <span class='ocrx_word' id='word_1_262' title='bbox 943 1987 1172 2042; x_wconf 84' lang='lat' dir='ltr'><strong>verbum</strong></span> <span class='ocrx_word' id='word_1_263' title='bbox 1210 1987 1267 2041; x_wconf 91' lang='lat' dir='ltr'><strong>in</strong></span> <span class='ocrx_word' id='word_1_264' title='bbox 1293 1986 1709 2045; x_wconf 79' lang='lat' dir='ltr'><strong>defensionibus</strong></span> <span class='ocrx_word' id='word_1_265' title='bbox 1731 2004 1832 2059; x_wconf 89' lang='lat' dir='ltr'><strong>pro</strong></span> <span class='ocrx_word' id='word_1_266' title='bbox 1852 1988 2015 2045; x_wconf 86' lang='lat' dir='ltr'><strong>Chri-</strong></span> 
     </span>
    </p>
   </div>
   <div class='ocr_carea' id='block_1_40' title="bbox 429 2077 2014 2152">
    <p class='ocr_par' dir='ltr' id='par_1_40' title="bbox 429 2077 2014 2152">
     <span class='ocr_line' id='line_1_40' title="bbox 429 2077 2014 2152; baseline 0.001 -18"><span class='ocrx_word' id='word_1_267' title='bbox 429 2087 519 2134; x_wconf 82' lang='lat' dir='ltr'><strong>Sto</strong></span> <span class='ocrx_word' id='word_1_268' title='bbox 540 2079 665 2150; x_wconf 88' lang='lat' dir='ltr'><strong>quis</strong></span> <span class='ocrx_word' id='word_1_269' title='bbox 686 2082 862 2149; x_wconf 84' lang='lat' dir='ltr'><strong>possit</strong></span> <span class='ocrx_word' id='word_1_270' title='bbox 877 2077 1081 2143; x_wconf 87' lang='lat' dir='ltr'><strong>dicere,</strong></span> <span class='ocrx_word' id='word_1_271' title='bbox 1106 2079 1217 2134; x_wconf 89' lang='lat' dir='ltr'><strong>nisi</strong></span> <span class='ocrx_word' id='word_1_272' title='bbox 1239 2078 1538 2150; x_wconf 89' lang='lat' dir='ltr'><strong>adjuvante</strong></span> <span class='ocrx_word' id='word_1_273' title='bbox 1561 2078 1793 2151; x_wconf 88' lang='lat' dir='ltr'><strong>Spiritu,</strong></span> <span class='ocrx_word' id='word_1_274' title='bbox 1819 2097 2014 2152; x_wconf 83' lang='lat' dir='ltr'><strong>quem-</strong></span> 
     </span>
    </p>
   </div>
   <div class='ocr_carea' id='block_1_41' title="bbox 430 2171 2015 2244">
    <p class='ocr_par' dir='ltr' id='par_1_41' title="bbox 430 2171 2015 2244">
     <span class='ocr_line' id='line_1_41' title="bbox 430 2171 2015 2244; baseline 0.003 -19"><span class='ocrx_word' id='word_1_275' title='bbox 430 2171 727 2227; x_wconf 87' lang='lat' dir='ltr'><strong>admodum</strong></span> <span class='ocrx_word' id='word_1_276' title='bbox 762 2172 821 2227; x_wconf 89' lang='lat' dir='ltr'><strong>in</strong></span> <span class='ocrx_word' id='word_1_277' title='bbox 846 2171 1158 2244; x_wconf 87' lang='lat' dir='ltr'><strong>Evangeliis</strong></span> <span class='ocrx_word' id='word_1_278' title='bbox 1183 2187 1215 2226; x_wconf 86' lang='lat' dir='ltr'><strong>a</strong></span> <span class='ocrx_word' id='word_1_279' title='bbox 1241 2171 1473 2229; x_wconf 90' lang='lat' dir='ltr'><strong>Domino</strong></span> <span class='ocrx_word' id='word_1_280' title='bbox 1511 2182 1567 2229; x_wconf 90' lang='lat' dir='ltr'><strong>et</strong></span> <span class='ocrx_word' id='word_1_281' title='bbox 1596 2173 1888 2231; x_wconf 86' lang='lat' dir='ltr'><strong>Servatore</strong></span> <span class='ocrx_word' id='word_1_282' title='bbox 1914 2190 2015 2230; x_wconf 91' lang='lat' dir='ltr'><strong>no-</strong></span> 
     </span>
    </p>
   </div>
   <div class='ocr_carea' id='block_1_42' title="bbox 430 2262 2010 2337">
    <p class='ocr_par' dir='ltr' id='par_1_42' title="bbox 430 2262 2010 2337">
     <span class='ocr_line' id='line_1_42' title="bbox 430 2262 2010 2337; baseline 0.001 -17"><span class='ocrx_word' id='word_1_283' title='bbox 430 2273 548 2320; x_wconf 91' lang='lat' dir='ltr'><strong>stro</strong></span> <span class='ocrx_word' id='word_1_284' title='bbox 578 2262 876 2320; x_wconf 87' lang='lat' dir='ltr'><strong>didicimus</strong></span> <span class='ocrx_word' id='word_1_285' title='bbox 901 2264 968 2318; x_wconf 70' lang='lat'><strong>’7.</strong></span> <span class='ocrx_word' id='word_1_286' title='bbox 1000 2262 1175 2318; x_wconf 87' lang='lat' dir='ltr'><strong>Porro</strong></span> <span class='ocrx_word' id='word_1_287' title='bbox 1215 2273 1279 2318; x_wconf 90' lang='lat' dir='ltr'><strong>ut</strong></span> <span class='ocrx_word' id='word_1_288' title='bbox 1315 2264 1403 2321; x_wconf 88' lang='lat' dir='ltr'><strong>his</strong></span> <span class='ocrx_word' id='word_1_289' title='bbox 1433 2265 1690 2321; x_wconf 91' lang='lat' dir='ltr'><strong>omnibus</strong></span> <span class='ocrx_word' id='word_1_290' title='bbox 1722 2266 2010 2337; x_wconf 84' lang='lat' dir='ltr'><strong>neglectis,</strong></span> 
     </span>
    </p>
   </div>
   <div class='ocr_carea' id='block_1_43' title="bbox 430 2357 2010 2427">
    <p class='ocr_par' dir='ltr' id='par_1_43' title="bbox 430 2357 2010 2427">
     <span class='ocr_line' id='line_1_43' title="bbox 430 2357 2010 2427; baseline 0.001 -19"><span class='ocrx_word' id='word_1_291' title='bbox 430 2363 596 2426; x_wconf 88' lang='lat' dir='ltr'><strong>atque</strong></span> <span class='ocrx_word' id='word_1_292' title='bbox 633 2370 697 2411; x_wconf 86' lang='lat' dir='ltr'><strong>ea</strong></span> <span class='ocrx_word' id='word_1_293' title='bbox 749 2357 1158 2424; x_wconf 86' lang='lat' dir='ltr'><strong>communione,</strong></span> <span class='ocrx_word' id='word_1_294' title='bbox 1207 2371 1374 2427; x_wconf 91' lang='lat' dir='ltr'><strong>quam</strong></span> <span class='ocrx_word' id='word_1_295' title='bbox 1429 2357 1487 2411; x_wconf 90' lang='lat' dir='ltr'><strong>in</strong></span> <span class='ocrx_word' id='word_1_296' title='bbox 1532 2357 1787 2413; x_wconf 89' lang='lat' dir='ltr'><strong>omnibus</strong></span> <span class='ocrx_word' id='word_1_297' title='bbox 1828 2358 2010 2423; x_wconf 86' lang='lat' dir='ltr'><strong>habet,</strong></span> 
     </span>
    </p>
   </div>
   <div class='ocr_carea' id='block_1_44' title="bbox 431 2445 2010 2519">
    <p class='ocr_par' dir='ltr' id='par_1_44' title="bbox 431 2445 2010 2519">
     <span class='ocr_line' id='line_1_44' title="bbox 431 2445 2010 2519; baseline 0.002 -18"><span class='ocrx_word' id='word_1_298' title='bbox 431 2445 695 2505; x_wconf 84' lang='lat' dir='ltr'><strong>oblivioni</strong></span> <span class='ocrx_word' id='word_1_299' title='bbox 726 2446 947 2513; x_wconf 88' lang='lat' dir='ltr'><strong>tradita,</strong></span> <span class='ocrx_word' id='word_1_300' title='bbox 973 2462 1004 2501; x_wconf 91' lang='lat' dir='ltr'><strong>a</strong></span> <span class='ocrx_word' id='word_1_301' title='bbox 1035 2448 1196 2503; x_wconf 84' lang='lat' dir='ltr'><strong>Patre</strong></span> <span class='ocrx_word' id='word_1_302' title='bbox 1224 2457 1280 2503; x_wconf 90' lang='lat' dir='ltr'><strong>et</strong></span> <span class='ocrx_word' id='word_1_303' title='bbox 1310 2447 1450 2502; x_wconf 88' lang='lat' dir='ltr'><strong>Filio</strong></span> <span class='ocrx_word' id='word_1_304' title='bbox 1476 2449 1657 2519; x_wconf 91' lang='lat' dir='ltr'><strong>ipsum</strong></span> <span class='ocrx_word' id='word_1_305' title='bbox 1685 2450 2010 2515; x_wconf 85' lang='lat' dir='ltr'><strong>avellamus,</strong></span> 
     </span>
    </p>
   </div>
   <div class='ocr_carea' id='block_1_45' title="bbox 431 2539 2012 2612">
    <p class='ocr_par' dir='ltr' id='par_1_45' title="bbox 431 2539 2012 2612">
     <span class='ocr_line' id='line_1_45' title="bbox 431 2539 2012 2612; baseline 0.001 -17"><span class='ocrx_word' id='word_1_306' title='bbox 431 2539 620 2595; x_wconf 85' lang='lat' dir='ltr'><strong>nescio</strong></span> <span class='ocrx_word' id='word_1_307' title='bbox 662 2554 730 2594; x_wconf 89' lang='lat' dir='ltr'><strong>an</strong></span> <span class='ocrx_word' id='word_1_308' title='bbox 762 2540 1058 2611; x_wconf 76' lang='lat' dir='ltr'><strong>quisquam</strong></span> <span class='ocrx_word' id='word_1_309' title='bbox 1102 2540 1280 2597; x_wconf 75' lang='lat' dir='ltr'><strong>sancti</strong></span> <span class='ocrx_word' id='word_1_310' title='bbox 1325 2539 1567 2610; x_wconf 86' lang='lat' dir='ltr'><strong>Spiritus</strong></span> <span class='ocrx_word' id='word_1_311' title='bbox 1607 2543 1885 2612; x_wconf 87' lang='lat' dir='ltr'><strong>particeps</strong></span> <span class='ocrx_word' id='word_1_312' title='bbox 1918 2556 2012 2597; x_wconf 88' lang='lat' dir='ltr'><strong>as-</strong></span> 
     </span>
    </p>
   </div>
   <div class='ocr_carea' id='block_1_46' title="bbox 432 2630 2013 2704">
    <p class='ocr_par' dir='ltr' id='par_1_46' title="bbox 432 2630 2013 2704">
     <span class='ocr_line' id='line_1_46' title="bbox 432 2630 2013 2704; baseline 0 -16"><span class='ocrx_word' id='word_1_313' title='bbox 432 2647 700 2688; x_wconf 86' lang='lat' dir='ltr'><strong>sensurus</strong></span> <span class='ocrx_word' id='word_1_314' title='bbox 730 2633 822 2688; x_wconf 88' lang='lat' dir='ltr'><strong>sit.</strong></span> <span class='ocrx_word' id='word_1_315' title='bbox 866 2630 926 2687; x_wconf 92' lang='lat' dir='ltr'><strong>lu</strong></span> <span class='ocrx_word' id='word_1_316' title='bbox 955 2649 1066 2703; x_wconf 89' lang='lat' dir='ltr'><strong>quo</strong></span> <span class='ocrx_word' id='word_1_317' title='bbox 1107 2635 1272 2704; x_wconf 82' lang='lat' dir='ltr'><strong>igitur</strong></span> <span class='ocrx_word' id='word_1_318' title='bbox 1299 2633 1490 2688; x_wconf 86' lang='lat' dir='ltr'><strong>ordine</strong></span> <span class='ocrx_word' id='word_1_319' title='bbox 1524 2633 1677 2687; x_wconf 89' lang='lat' dir='ltr'><strong>illum</strong></span> <span class='ocrx_word' id='word_1_320' title='bbox 1717 2634 2013 2689; x_wconf 82' lang='lat' dir='ltr'><strong>collocabi-</strong></span> 
     </span>
    </p>
   </div>
   <div class='ocr_carea' id='block_1_47' title="bbox 429 2723 2006 2780">
    <p class='ocr_par' dir='ltr' id='par_1_47' title="bbox 429 2723 2006 2780">
     <span class='ocr_line' id='line_1_47' title="bbox 429 2723 2006 2780; baseline 0.003 -4"><span class='ocrx_word' id='word_1_321' title='bbox 429 2723 590 2779; x_wconf 85' lang='lat' dir='ltr'><strong>mus?</strong></span> <span class='ocrx_word' id='word_1_322' title='bbox 624 2725 1049 2779; x_wconf 83' lang='lat' dir='ltr'><strong>creaturarum?</strong></span> <span class='ocrx_word' id='word_1_323' title='bbox 1077 2725 1146 2778; x_wconf 80' lang='lat' dir='ltr'><strong>At</strong></span> <span class='ocrx_word' id='word_1_324' title='bbox 1179 2725 1440 2780; x_wconf 89' lang='lat' dir='ltr'><strong>universa</strong></span> <span class='ocrx_word' id='word_1_325' title='bbox 1492 2733 1745 2779; x_wconf 87' lang='lat' dir='ltr'><strong>creatura</strong></span> <span class='ocrx_word' id='word_1_326' title='bbox 1789 2726 1960 2779; x_wconf 88' lang='lat' dir='ltr'><strong>servit</strong></span> <span class='ocrx_word' id='word_1_327' title='bbox 1994 2745 2006 2780; x_wconf 90' lang='lat'><strong>:</strong></span> 
     </span>
    </p>
   </div>
   <div class='ocr_carea' id='block_1_48' title="bbox 433 2814 2013 2888">
    <p class='ocr_par' dir='ltr' id='par_1_48' title="bbox 433 2814 2013 2888">
     <span class='ocr_line' id='line_1_48' title="bbox 433 2814 2013 2888; baseline -0.001 -18"><span class='ocrx_word' id='word_1_328' title='bbox 433 2814 675 2888; x_wconf 90' lang='lat' dir='ltr'><strong>Spiritus</strong></span> <span class='ocrx_word' id='word_1_329' title='bbox 703 2816 816 2888; x_wconf 66' lang='grc'><strong>48</strong></span> <span class='ocrx_word' id='word_1_330' title='bbox 841 2824 1025 2872; x_wconf 90' lang='lat' dir='ltr'><strong>autem</strong></span> <span class='ocrx_word' id='word_1_331' title='bbox 1064 2817 1297 2872; x_wconf 87' lang='lat' dir='ltr'><strong>liberum</strong></span> <span class='ocrx_word' id='word_1_332' title='bbox 1328 2816 1538 2872; x_wconf 87' lang='lat' dir='ltr'><strong>reddit:</strong></span> <span class='ocrx_word' id='word_1_333' title='bbox 1577 2814 1678 2870; x_wconf 85' lang='lat' dir='ltr'><strong>Ubi</strong></span> <span class='ocrx_word' id='word_1_334' title='bbox 1714 2817 1853 2870; x_wconf 87' lang='lat' dir='ltr'><strong>enim</strong></span> <span class='ocrx_word' id='word_1_335' title='bbox 1889 2815 2013 2886; x_wconf 81' lang='lat' dir='ltr'><strong>Spi-</strong></span> 
     </span>
    </p>
   </div>
   <div class='ocr_carea' id='block_1_49' title="bbox 2113 1895 3705 1970">
    <p class='ocr_par' dir='ltr' id='par_1_49' title="bbox 2113 1895 3705 1970">
     <span class='ocr_line' id='line_1_49' title="bbox 2113 1895 3705 1970; baseline -0.004 -16"><span class='ocrx_word' id='word_1_336' title='bbox 2113 1899 2269 1969; x_wconf 81' lang='grc' dir='ltr'>ἁγίου</span> <span class='ocrx_word' id='word_1_337' title='bbox 2298 1899 2614 1970; x_wconf 75' lang='grc' dir='ltr'><strong>Πνεύματος⁵</strong></span> <span class='ocrx_word' id='word_1_338' title='bbox 2641 1899 2721 1961; x_wconf 88' lang='grc' dir='ltr'>εἰς</span> <span class='ocrx_word' id='word_1_339' title='bbox 2760 1897 2858 1969; x_wconf 82' lang='grc' dir='ltr'>τὴν</span> <span class='ocrx_word' id='word_1_340' title='bbox 2898 1898 3076 1951; x_wconf 85' lang='grc' dir='ltr'>κτίσιν</span> <span class='ocrx_word' id='word_1_341' title='bbox 3114 1896 3520 1967; x_wconf 73' lang='grc' dir='ltr'>ἀφικνουμένη·</span> <span class='ocrx_word' id='word_1_342' title='bbox 3562 1895 3705 1948; x_wconf 85' lang='grc' dir='ltr'>ὅπου</span> 
     </span>
    </p>
   </div>
   <div class='ocr_carea' id='block_1_50' title="bbox 2114 1985 3705 2060">
    <p class='ocr_par' dir='ltr' id='par_1_50' title="bbox 2114 1985 3705 2060">
     <span class='ocr_line' id='line_1_50' title="bbox 2114 1985 3705 2060; baseline -0.003 -18"><span class='ocrx_word' id='word_1_343' title='bbox 2114 2005 2179 2058; x_wconf 90' lang='grc' dir='ltr'><strong>γε</strong></span> <span class='ocrx_word' id='word_1_344' title='bbox 2223 1989 2343 2042; x_wconf 80' lang='grc' dir='ltr'>οὐδὲ</span> <span class='ocrx_word' id='word_1_345' title='bbox 2384 1988 2536 2060; x_wconf 77' lang='grc' dir='ltr'>ῥῆμα</span> <span class='ocrx_word' id='word_1_346' title='bbox 2568 1987 2723 2057; x_wconf 76' lang='grc' dir='ltr'>ψιλὸν</span> <span class='ocrx_word' id='word_1_347' title='bbox 2765 1988 2825 2043; x_wconf 82' lang='grc' dir='ltr'>ὲν</span> <span class='ocrx_word' id='word_1_348' title='bbox 2871 1990 2991 2051; x_wconf 88' lang='grc' dir='ltr'>ταῖς</span> <span class='ocrx_word' id='word_1_349' title='bbox 3029 1987 3166 2058; x_wconf 81' lang='grc' dir='ltr'>ὑπὲρ</span> <span class='ocrx_word' id='word_1_350' title='bbox 3218 1985 3455 2058; x_wconf 77' lang='grc' dir='ltr'>Χριστοῦ</span> <span class='ocrx_word' id='word_1_351' title='bbox 3504 1985 3705 2039; x_wconf 86' lang='grc' dir='ltr'>ἀπολο-</span> 
     </span>
    </p>
   </div>
   <div class='ocr_carea' id='block_1_51' title="bbox 2115 2075 3706 2148">
    <p class='ocr_par' dir='ltr' id='par_1_51' title="bbox 2115 2075 3706 2148">
     <span class='ocr_line' id='line_1_51' title="bbox 2115 2075 3706 2148; baseline 0.001 -20"><span class='ocrx_word' id='word_1_352' title='bbox 2115 2075 2259 2144; x_wconf 88' lang='grc' dir='ltr'>γίαις</span> <span class='ocrx_word' id='word_1_353' title='bbox 2318 2075 2540 2130; x_wconf 82' lang='grc' dir='ltr'>δυνατὸν</span> <span class='ocrx_word' id='word_1_354' title='bbox 2600 2075 2829 2147; x_wconf 85' lang='grc' dir='ltr'>λαλῆσαι</span> <span class='ocrx_word' id='word_1_355' title='bbox 2892 2076 2967 2148; x_wconf 88' lang='grc' dir='ltr'>μὴ</span> <span class='ocrx_word' id='word_1_356' title='bbox 3026 2077 3488 2147; x_wconf 85' lang='grc' dir='ltr'>συνεργουμένους</span> <span class='ocrx_word' id='word_1_357' title='bbox 3545 2075 3706 2147; x_wconf 85' lang='grc' dir='ltr'><strong>παρά</strong></span> 
     </span>
    </p>
   </div>
   <div class='ocr_carea' id='block_1_52' title="bbox 2114 2165 3702 2237">
    <p class='ocr_par' dir='ltr' id='par_1_52' title="bbox 2114 2165 3702 2237">
     <span class='ocr_line' id='line_1_52' title="bbox 2114 2165 3702 2237; baseline -0.001 -17"><span class='ocrx_word' id='word_1_358' title='bbox 2114 2166 2209 2220; x_wconf 88' lang='grc' dir='ltr'><strong>τοῦ</strong></span> <span class='ocrx_word' id='word_1_359' title='bbox 2259 2167 2596 2237; x_wconf 84' lang='grc' dir='ltr'>Πνεύματος,</span> <span class='ocrx_word' id='word_1_360' title='bbox 2630 2168 2707 2232; x_wconf 87' lang='grc' dir='ltr'><strong>ὡς</strong></span> <span class='ocrx_word' id='word_1_361' title='bbox 2741 2169 2799 2221; x_wconf 84' lang='grc' dir='ltr'><strong>ὲν</strong></span> <span class='ocrx_word' id='word_1_362' title='bbox 2844 2165 3199 2237; x_wconf 78' lang='grc' dir='ltr'>Εὐαγγελίοις</span> <span class='ocrx_word' id='word_1_363' title='bbox 3244 2166 3395 2235; x_wconf 90' lang='grc' dir='ltr'><strong>παρά</strong></span> <span class='ocrx_word' id='word_1_364' title='bbox 3444 2166 3539 2220; x_wconf 87' lang='grc' dir='ltr'><strong>τοῦ</strong></span> <span class='ocrx_word' id='word_1_365' title='bbox 3580 2169 3702 2221; x_wconf 83' lang='grc' dir='ltr'><strong>Κυ-</strong></span> 
     </span>
    </p>
   </div>
   <div class='ocr_carea' id='block_1_53' title="bbox 2118 2252 3707 2328">
    <p class='ocr_par' dir='ltr' id='par_1_53' title="bbox 2118 2252 3707 2328">
     <span class='ocr_line' id='line_1_53' title="bbox 2118 2252 3707 2328; baseline -0.003 -19"><span class='ocrx_word' id='word_1_366' title='bbox 2118 2256 2233 2328; x_wconf 90' lang='grc' dir='ltr'>ρίου</span> <span class='ocrx_word' id='word_1_367' title='bbox 2273 2259 2366 2311; x_wconf 80' lang='grc' dir='ltr'>κα¹ι</span> <span class='ocrx_word' id='word_1_368' title='bbox 2403 2257 2656 2328; x_wconf 81' lang='grc' dir='ltr'>Σωτῆρος</span> <span class='ocrx_word' id='word_1_369' title='bbox 2701 2256 2859 2328; x_wconf 81' lang='grc' dir='ltr'>ἡμῶν</span> <span class='ocrx_word' id='word_1_370' title='bbox 2906 2254 3325 2326; x_wconf 81' lang='grc' dir='ltr'>μεμαθήκαμεν.</span> <span class='ocrx_word' id='word_1_371' title='bbox 3357 2255 3606 2307; x_wconf 74' lang='lat' dir='ltr'><strong>&quot;Art-avra</strong></span> <span class='ocrx_word' id='word_1_372' title='bbox 3637 2252 3707 2307; x_wconf 84' lang='grc' dir='ltr'>δὲ</span> 
     </span>
    </p>
   </div>
   <div class='ocr_carea' id='block_1_54' title="bbox 2111 2346 3707 2419">
    <p class='ocr_par' dir='ltr' id='par_1_54' title="bbox 2111 2346 3707 2419">
     <span class='ocr_line' id='line_1_54' title="bbox 2111 2346 3707 2419; baseline -0.002 -18"><span class='ocrx_word' id='word_1_373' title='bbox 2111 2348 2285 2402; x_wconf 90' lang='grc' dir='ltr'>ταῦτα</span> <span class='ocrx_word' id='word_1_374' title='bbox 2331 2348 2676 2419; x_wconf 84' lang='grc' dir='ltr'>παριδόντας,</span> <span class='ocrx_word' id='word_1_375' title='bbox 2714 2348 2809 2402; x_wconf 78' lang='grc' dir='ltr'><strong>καὶ</strong></span> <span class='ocrx_word' id='word_1_376' title='bbox 2854 2348 2956 2417; x_wconf 81' lang='grc' dir='ltr'>τῆς</span> <span class='ocrx_word' id='word_1_377' title='bbox 2992 2349 3049 2399; x_wconf 84' lang='grc' dir='ltr'>ὲν</span> <span class='ocrx_word' id='word_1_378' title='bbox 3089 2348 3225 2400; x_wconf 83' lang='grc' dir='ltr'>πᾶσι</span> <span class='ocrx_word' id='word_1_379' title='bbox 3260 2346 3540 2411; x_wconf 85' lang='grc' dir='ltr'>κοινωνίας</span> <span class='ocrx_word' id='word_1_380' title='bbox 3579 2347 3707 2399; x_wconf 80' lang='grc' dir='ltr'>ἐπι-</span> 
     </span>
    </p>
   </div>
   <div class='ocr_carea' id='block_1_55' title="bbox 2113 2438 3706 2513">
    <p class='ocr_par' dir='ltr' id='par_1_55' title="bbox 2113 2438 3706 2513">
     <span class='ocr_line' id='line_1_55' title="bbox 2113 2438 3706 2513; baseline -0.003 -19"><span class='ocrx_word' id='word_1_381' title='bbox 2113 2440 2459 2513; x_wconf 82' lang='grc' dir='ltr'>λαθομένους,</span> <span class='ocrx_word' id='word_1_382' title='bbox 2507 2441 2616 2494; x_wconf 83' lang='grc' dir='ltr'><strong>ἀπὸ</strong></span> <span class='ocrx_word' id='word_1_383' title='bbox 2663 2440 2876 2511; x_wconf 82' lang='grc' dir='ltr'>Πατρὸς</span> <span class='ocrx_word' id='word_1_384' title='bbox 2942 2439 3038 2493; x_wconf 80' lang='grc' dir='ltr'><strong>καὶ</strong></span> <span class='ocrx_word' id='word_1_385' title='bbox 3098 2438 3230 2492; x_wconf 90' lang='grc' dir='ltr'>Υἱοῦ</span> <span class='ocrx_word' id='word_1_386' title='bbox 3283 2439 3558 2509; x_wconf 81' lang='grc' dir='ltr'>διασπᾷν,</span> <span class='ocrx_word' id='word_1_387' title='bbox 3598 2438 3706 2491; x_wconf 81' lang='grc' dir='ltr'><strong>οὐκ</strong></span> 
     </span>
    </p>
   </div>
   <div class='ocr_carea' id='block_1_56' title="bbox 2113 2530 3702 2604">
    <p class='ocr_par' dir='ltr' id='par_1_56' title="bbox 2113 2530 3702 2604">
     <span class='ocr_line' id='line_1_56' title="bbox 2113 2530 3702 2604; baseline -0.001 -17"><span class='ocrx_word' id='word_1_388' title='bbox 2113 2530 2227 2587; x_wconf 79' lang='grc' dir='ltr'>οἶδα.</span> <span class='ocrx_word' id='word_1_389' title='bbox 2268 2532 2323 2585; x_wconf 78' lang='grc' dir='ltr'><strong>εί</strong></span> <span class='ocrx_word' id='word_1_390' title='bbox 2372 2550 2455 2596; x_wconf 89' lang='grc' dir='ltr'><strong>τις</strong></span> <span class='ocrx_word' id='word_1_391' title='bbox 2509 2532 2735 2604; x_wconf 79' lang='grc' dir='ltr'>μέτοχος</span> <span class='ocrx_word' id='word_1_392' title='bbox 2784 2532 3104 2604; x_wconf 85' lang='grc' dir='ltr'>Πνεύματος</span> <span class='ocrx_word' id='word_1_393' title='bbox 3147 2532 3303 2601; x_wconf 85' lang='grc' dir='ltr'>ἁγίου</span> <span class='ocrx_word' id='word_1_394' title='bbox 3351 2530 3702 2602; x_wconf 81' lang='grc' dir='ltr'>συνθήσεται.</span> 
     </span>
    </p>
   </div>
   <div class='ocr_carea' id='block_1_57' title="bbox 2114 2622 3711 2697">
    <p class='ocr_par' dir='ltr' id='par_1_57' title="bbox 2114 2622 3711 2697">
     <span class='ocr_line' id='line_1_57' title="bbox 2114 2622 3711 2697; baseline -0.003 -17"><span class='ocrx_word' id='word_1_395' title='bbox 2114 2626 2224 2680; x_wconf 86' lang='grc' dir='ltr'>Ποῦ</span> <span class='ocrx_word' id='word_1_396' title='bbox 2257 2626 2435 2681; x_wconf 86' lang='grc' dir='ltr'>τοίνυν</span> <span class='ocrx_word' id='word_1_397' title='bbox 2473 2626 2729 2697; x_wconf 81' lang='grc' dir='ltr'>φέροντες</span> <span class='ocrx_word' id='word_1_398' title='bbox 2771 2625 2902 2678; x_wconf 77' lang='grc' dir='ltr'>αὐτὸ</span> <span class='ocrx_word' id='word_1_399' title='bbox 2944 2624 3217 2695; x_wconf 79' lang='grc' dir='ltr'>τάξομεν;</span> <span class='ocrx_word' id='word_1_400' title='bbox 3266 2622 3404 2695; x_wconf 82' lang='grc' dir='ltr'><strong>μετά</strong></span> <span class='ocrx_word' id='word_1_401' title='bbox 3446 2623 3546 2692; x_wconf 77' lang='grc' dir='ltr'>τῆς</span> <span class='ocrx_word' id='word_1_402' title='bbox 3581 2622 3711 2675; x_wconf 82' lang='grc' dir='ltr'>κτί-</span> 
     </span>
    </p>
   </div>
   <div class='ocr_carea' id='block_1_58' title="bbox 2116 2714 3710 2790">
    <p class='ocr_par' dir='ltr' id='par_1_58' title="bbox 2116 2714 3710 2790">
     <span class='ocr_line' id='line_1_58' title="bbox 2116 2714 3710 2790; baseline -0.003 -18"><span class='ocrx_word' id='word_1_403' title='bbox 2116 2736 2285 2783; x_wconf 84' lang='grc' dir='ltr'>σεως;</span> <span class='ocrx_word' id='word_1_404' title='bbox 2325 2718 2518 2790; x_wconf 80' lang='grc' dir='ltr'>Ἀλλ’ή</span> <span class='ocrx_word' id='word_1_405' title='bbox 2561 2718 2737 2782; x_wconf 85' lang='grc' dir='ltr'>κτίσις</span> <span class='ocrx_word' id='word_1_406' title='bbox 2781 2718 2933 2772; x_wconf 84' lang='grc' dir='ltr'>πᾶσα</span> <span class='ocrx_word' id='word_1_407' title='bbox 2971 2715 3241 2775; x_wconf 60' lang='grc' dir='ltr'>δουλεύει·</span> <span class='ocrx_word' id='word_1_408' title='bbox 3273 2716 3333 2769; x_wconf 82' lang='grc' dir='ltr'>τὸ</span> <span class='ocrx_word' id='word_1_409' title='bbox 3373 2714 3431 2768; x_wconf 86' lang='grc' dir='ltr'>δὲ</span> <span class='ocrx_word' id='word_1_410' title='bbox 3474 2714 3710 2786; x_wconf 87' lang='grc' dir='ltr'>Πνεῦμα</span> 
     </span>
    </p>
   </div>
   <div class='ocr_carea' id='block_1_59' title="bbox 2114 2806 3710 2882">
    <p class='ocr_par' dir='ltr' id='par_1_59' title="bbox 2114 2806 3710 2882">
     <span class='ocr_line' id='line_1_59' title="bbox 2114 2806 3710 2882; baseline -0.003 -17"><span class='ocrx_word' id='word_1_411' title='bbox 2114 2811 2404 2882; x_wconf 77' lang='grc' dir='ltr'>ἐλευθεροῖ.</span> <span class='ocrx_word' id='word_1_412' title='bbox 2438 2807 2522 2867; x_wconf 87' lang='grc' dir='ltr'><strong>Οὗ</strong></span> <span class='ocrx_word' id='word_1_413' title='bbox 2548 2810 2657 2881; x_wconf 78' lang='grc' dir='ltr'>γὰρ</span> <span class='ocrx_word' id='word_1_414' title='bbox 2672 2810 2741 2864; x_wconf 85' lang='grc' dir='ltr'>τὸ</span> <span class='ocrx_word' id='word_1_415' title='bbox 2761 2810 3006 2880; x_wconf 75' lang='grc' dir='ltr'>Πνεῦμα</span> <span class='ocrx_word' id='word_1_416' title='bbox 3026 2810 3272 2878; x_wconf 82' lang='grc' dir='ltr'>Κυρίου,</span> <span class='ocrx_word' id='word_1_417' title='bbox 3306 2806 3434 2862; x_wconf 77' lang='grc' dir='ltr'>ἐκεῖ</span> <span class='ocrx_word' id='word_1_418' title='bbox 3461 2807 3710 2861; x_wconf 72' lang='grc' dir='ltr'>ἐλευθε-</span> 
     </span>
    </p>
   </div>
   <div class='ocr_carea' id='block_1_60' title="bbox 430 2900 2013 2979">
    <p class='ocr_par' dir='ltr' id='par_1_60' title="bbox 430 2907 2012 2979">
     <span class='ocr_line' id='line_1_60' title="bbox 430 2907 2012 2979; baseline -0.001 -16"><span class='ocrx_word' id='word_1_419' title='bbox 430 2911 567 2964; x_wconf 87' lang='lat' dir='ltr'><strong>ritus</strong></span> <span class='ocrx_word' id='word_1_420' title='bbox 601 2907 842 2978; x_wconf 87' lang='lat' dir='ltr'><strong>Domini,</strong></span> <span class='ocrx_word' id='word_1_421' title='bbox 882 2908 957 2963; x_wconf 84' lang='lat' dir='ltr'><strong>ibi</strong></span> <span class='ocrx_word' id='word_1_422' title='bbox 989 2908 1209 2964; x_wconf 84' lang='lat' dir='ltr'><strong>libertas</strong></span> <span class='ocrx_word' id='word_1_423' title='bbox 1227 2910 1293 2963; x_wconf 73' lang='grc'>⁸⁸.</span> <span class='ocrx_word' id='word_1_424' title='bbox 1324 2908 1503 2979; x_wconf 85' lang='lat' dir='ltr'><strong>Atque</strong></span> <span class='ocrx_word' id='word_1_425' title='bbox 1532 2923 1658 2963; x_wconf 88' lang='lat' dir='ltr'><strong>cum</strong></span> <span class='ocrx_word' id='word_1_426' title='bbox 1698 2908 1870 2963; x_wconf 91' lang='lat' dir='ltr'><strong>multa</strong></span> <span class='ocrx_word' id='word_1_427' title='bbox 1900 2909 2012 2963; x_wconf 88' lang='lat' dir='ltr'><strong>sint</strong></span> 
     </span>
    </p>
   </div>
   <div class='ocr_carea' id='block_1_61' title="bbox 2124 2900 3708 2979">
    <p class='ocr_par' dir='ltr' id='par_1_61' title="bbox 2124 2900 3708 2971">
     <span class='ocr_line' id='line_1_61' title="bbox 2124 2900 3708 2971; baseline -0.004 -14"><span class='ocrx_word' id='word_1_428' title='bbox 2124 2905 2229 2957; x_wconf 80' lang='grc' dir='ltr'>οία.</span> <span class='ocrx_word' id='word_1_429' title='bbox 2276 2903 2386 2956; x_wconf 76' lang='grc' dir='ltr'><strong>Καὶ</strong></span> <span class='ocrx_word' id='word_1_430' title='bbox 2425 2901 2633 2957; x_wconf 83' lang='grc' dir='ltr'>πολλῶν</span> <span class='ocrx_word' id='word_1_431' title='bbox 2668 2903 2894 2957; x_wconf 76' lang='grc' dir='ltr'>ἐνόντων</span> <span class='ocrx_word' id='word_1_432' title='bbox 2927 2905 3124 2965; x_wconf 85' lang='grc' dir='ltr'>εἰπεῖν,</span> <span class='ocrx_word' id='word_1_433' title='bbox 3162 2904 3310 2965; x_wconf 82' lang='grc' dir='ltr'>ὅπως</span> <span class='ocrx_word' id='word_1_434' title='bbox 3337 2901 3397 2953; x_wconf 84' lang='grc' dir='ltr'><strong>ού</strong></span> <span class='ocrx_word' id='word_1_435' title='bbox 3432 2900 3708 2971; x_wconf 85' lang='grc' dir='ltr'>προσήκει</span> 
     </span>
    </p>
   </div>
   <div class='ocr_carea' id='block_1_62' title="bbox 431 3001 2011 3072">
    <p class='ocr_par' dir='ltr' id='par_1_62' title="bbox 431 3001 2011 3072">
     <span class='ocr_line' id='line_1_62' title="bbox 431 3001 2011 3072; baseline 0 -18"><span class='ocrx_word' id='word_1_436' title='bbox 431 3015 555 3072; x_wconf 69' lang='lat' dir='ltr'><strong>qum</strong></span> <span class='ocrx_word' id='word_1_437' title='bbox 580 3001 789 3072; x_wconf 85' lang='lat' dir='ltr'><strong>possim</strong></span> <span class='ocrx_word' id='word_1_438' title='bbox 826 3001 917 3055; x_wconf 88' lang='lat' dir='ltr'><strong>hic</strong></span> <span class='ocrx_word' id='word_1_439' title='bbox 956 3014 1414 3064; x_wconf 87' lang='lat' dir='ltr'><strong>commemorare,</strong></span> <span class='ocrx_word' id='word_1_440' title='bbox 1452 3014 1615 3070; x_wconf 89' lang='lat' dir='ltr'><strong>quam</strong></span> <span class='ocrx_word' id='word_1_441' title='bbox 1658 3014 1769 3053; x_wconf 90' lang='lat' dir='ltr'><strong>non</strong></span> <span class='ocrx_word' id='word_1_442' title='bbox 1807 3015 2011 3055; x_wconf 77' lang='lat' dir='ltr'><strong>conve-</strong></span> 
     </span>
    </p>
   </div>
   <div class='ocr_carea' id='block_1_63' title="bbox 432 3090 2006 3163">
    <p class='ocr_par' dir='ltr' id='par_1_63' title="bbox 432 3090 2006 3163">
     <span class='ocr_line' id='line_1_63' title="bbox 432 3090 2006 3163; baseline 0 -17"><span class='ocrx_word' id='word_1_443' title='bbox 432 3094 549 3146; x_wconf 88' lang='lat' dir='ltr'><strong>niat</strong></span> <span class='ocrx_word' id='word_1_444' title='bbox 573 3091 847 3163; x_wconf 86' lang='lat' dir='ltr'><strong>Spiritum</strong></span> <span class='ocrx_word' id='word_1_445' title='bbox 889 3100 1145 3147; x_wconf 88' lang='lat' dir='ltr'><strong>sanctum</strong></span> <span class='ocrx_word' id='word_1_446' title='bbox 1183 3106 1547 3145; x_wconf 89' lang='lat' dir='ltr'><strong>annumerare</strong></span> <span class='ocrx_word' id='word_1_447' title='bbox 1588 3090 1755 3146; x_wconf 88' lang='lat' dir='ltr'><strong>rebus</strong></span> <span class='ocrx_word' id='word_1_448' title='bbox 1785 3091 2006 3156; x_wconf 89' lang='lat' dir='ltr'><strong>creatis,</strong></span> 
     </span>
    </p>
   </div>
   <div class='ocr_carea' id='block_1_64' title="bbox 2111 2993 3711 3067">
    <p class='ocr_par' dir='ltr' id='par_1_64' title="bbox 2111 2993 3711 3067">
     <span class='ocr_line' id='line_1_64' title="bbox 2111 2993 3711 3067; baseline -0.003 -19"><span class='ocrx_word' id='word_1_449' title='bbox 2111 2997 2177 3066; x_wconf 85' lang='grc' dir='ltr'>τῇ</span> <span class='ocrx_word' id='word_1_450' title='bbox 2238 2997 2430 3067; x_wconf 85' lang='grc' dir='ltr'>κτιστῇ</span> <span class='ocrx_word' id='word_1_451' title='bbox 2482 2994 2642 3064; x_wconf 85' lang='grc' dir='ltr'>φύσει</span> <span class='ocrx_word' id='word_1_452' title='bbox 2690 2994 2751 3048; x_wconf 85' lang='grc' dir='ltr'><strong>τὸ</strong></span> <span class='ocrx_word' id='word_1_453' title='bbox 2795 2993 3020 3065; x_wconf 88' lang='grc' dir='ltr'>Πνεῦμα</span> <span class='ocrx_word' id='word_1_454' title='bbox 3064 2993 3126 3046; x_wconf 83' lang='grc' dir='ltr'><strong>τὸ</strong></span> <span class='ocrx_word' id='word_1_455' title='bbox 3170 2993 3324 3060; x_wconf 77' lang='grc' dir='ltr'>ἅγιον</span> <span class='ocrx_word' id='word_1_456' title='bbox 3368 3007 3711 3062; x_wconf 86' lang='grc' dir='ltr'>συγκαταρι-</span> 
     </span>
    </p>
   </div>
   <div class='ocr_carea' id='block_1_65' title="bbox 2114 3084 3704 3160">
    <p class='ocr_par' dir='ltr' id='par_1_65' title="bbox 2114 3084 3704 3160">
     <span class='ocr_line' id='line_1_65' title="bbox 2114 3084 3704 3160; baseline -0.001 -20"><span class='ocrx_word' id='word_1_457' title='bbox 2114 3087 2289 3153; x_wconf 85' lang='grc' dir='ltr'>θμεῖν,</span> <span class='ocrx_word' id='word_1_458' title='bbox 2318 3087 2407 3141; x_wconf 86' lang='grc' dir='ltr'><strong>τὸν</strong></span> <span class='ocrx_word' id='word_1_459' title='bbox 2437 3088 2565 3159; x_wconf 77' lang='grc' dir='ltr'>περὶ</span> <span class='ocrx_word' id='word_1_460' title='bbox 2593 3086 2798 3142; x_wconf 90' lang='grc' dir='ltr'>τούτων</span> <span class='ocrx_word' id='word_1_461' title='bbox 2824 3086 2918 3142; x_wconf 88' lang='grc' dir='ltr'><strong>νῦν</strong></span> <span class='ocrx_word' id='word_1_462' title='bbox 2959 3087 3069 3160; x_wconf 78' lang='grc'>(15)</span> <span class='ocrx_word' id='word_1_463' title='bbox 3098 3086 3478 3157; x_wconf 82' lang='grc' dir='ltr'>ὑπερθήσομαι</span> <span class='ocrx_word' id='word_1_464' title='bbox 3516 3084 3704 3153; x_wconf 83' lang='grc' dir='ltr'>λόγον.</span> 
     </span>
    </p>
   </div>
   <div class='ocr_carea' id='block_1_66' title="bbox 431 3176 2013 3252">
    <p class='ocr_par' dir='ltr' id='par_1_66' title="bbox 431 3181 2010 3252">
     <span class='ocr_line' id='line_1_66' title="bbox 431 3181 2010 3252; baseline -0.004 -10"><span class='ocrx_word' id='word_1_465' title='bbox 431 3184 618 3248; x_wconf 67' lang='lat' dir='ltr'><strong>deliis</strong></span> <span class='ocrx_word' id='word_1_466' title='bbox 648 3185 1015 3239; x_wconf 73' lang='lat' dir='ltr'><strong>diceremunc</strong></span> <span class='ocrx_word' id='word_1_467' title='bbox 1059 3182 1447 3252; x_wconf 89' lang='lat' dir='ltr'><strong>supersedebo.</strong></span> <span class='ocrx_word' id='word_1_468' title='bbox 1484 3181 1618 3236; x_wconf 88' lang='lat' dir='ltr'><strong>Nam</strong></span> <span class='ocrx_word' id='word_1_469' title='bbox 1661 3183 1708 3238; x_wconf 91' lang='lat' dir='ltr'><strong>si</strong></span> <span class='ocrx_word' id='word_1_470' title='bbox 1752 3182 2010 3252; x_wconf 90' lang='lat' dir='ltr'><strong>incipiam</strong></span> 
     </span>
    </p>
   </div>
   <div class='ocr_carea' id='block_1_67' title="bbox 2124 3176 3710 3252">
    <p class='ocr_par' dir='ltr' id='par_1_67' title="bbox 2124 3176 3710 3250">
     <span class='ocr_line' id='line_1_67' title="bbox 2124 3176 3710 3250; baseline -0.003 -17"><span class='ocrx_word' id='word_1_471' title='bbox 2124 3181 2174 3234; x_wconf 73' lang='lat' dir='ltr'><strong>Et</strong></span> <span class='ocrx_word' id='word_1_472' title='bbox 2204 3178 2313 3250; x_wconf 85' lang='grc' dir='ltr'><strong>γὰρ</strong></span> <span class='ocrx_word' id='word_1_473' title='bbox 2347 3177 2632 3249; x_wconf 79' lang='grc' dir='ltr'>μέλλοιμεν</span> <span class='ocrx_word' id='word_1_474' title='bbox 2661 3178 2797 3250; x_wconf 84' lang='grc' dir='ltr'>πρὸς</span> <span class='ocrx_word' id='word_1_475' title='bbox 2840 3177 2998 3243; x_wconf 83' lang='grc' dir='ltr'>ἀξίαν</span> <span class='ocrx_word' id='word_1_476' title='bbox 3044 3176 3139 3231; x_wconf 88' lang='grc' dir='ltr'><strong>τοῦ</strong></span> <span class='ocrx_word' id='word_1_477' title='bbox 3184 3177 3566 3248; x_wconf 84' lang='grc' dir='ltr'>προϐλήματος</span> <span class='ocrx_word' id='word_1_478' title='bbox 3596 3177 3710 3241; x_wconf 83' lang='grc' dir='ltr'><strong>τάς</strong></span> 
     </span>
    </p>
   </div>
   <div class='ocr_carea' id='block_1_68' title="bbox 431 3273 2008 3348">
    <p class='ocr_par' dir='ltr' id='par_1_68' title="bbox 431 3273 2008 3348">
     <span class='ocr_line' id='line_1_68' title="bbox 431 3273 2008 3348; baseline -0.002 -17"><span class='ocrx_word' id='word_1_479' title='bbox 431 3292 535 3348; x_wconf 84' lang='lat' dir='ltr'><strong>pro</strong></span> <span class='ocrx_word' id='word_1_480' title='bbox 568 3275 876 3346; x_wconf 88' lang='lat' dir='ltr'><strong>argumenti</strong></span> <span class='ocrx_word' id='word_1_481' title='bbox 908 3275 1195 3346; x_wconf 83' lang='lat' dir='ltr'><strong>dignitate,</strong></span> <span class='ocrx_word' id='word_1_482' title='bbox 1225 3281 1281 3329; x_wconf 92' lang='lat' dir='ltr'><strong>et</strong></span> <span class='ocrx_word' id='word_1_483' title='bbox 1309 3289 1432 3345; x_wconf 87' lang='lat' dir='ltr'><strong>quae</strong></span> <span class='ocrx_word' id='word_1_484' title='bbox 1462 3288 1560 3344; x_wconf 85' lang='lat' dir='ltr'><strong>pro</strong></span> <span class='ocrx_word' id='word_1_485' title='bbox 1587 3274 1746 3330; x_wconf 93' lang='lat' dir='ltr'><strong>nobis</strong></span> <span class='ocrx_word' id='word_1_486' title='bbox 1778 3273 2008 3341; x_wconf 86' lang='lat' dir='ltr'><strong>faciunt,</strong></span> 
     </span>
    </p>
   </div>
   <div class='ocr_carea' id='block_1_69' title="bbox 433 3365 2014 3438">
    <p class='ocr_par' dir='ltr' id='par_1_69' title="bbox 433 3365 2014 3438">
     <span class='ocr_line' id='line_1_69' title="bbox 433 3365 2014 3438; baseline 0.001 -18"><span class='ocrx_word' id='word_1_487' title='bbox 433 3366 783 3438; x_wconf 85' lang='lat' dir='ltr'><strong>probationes</strong></span> <span class='ocrx_word' id='word_1_488' title='bbox 820 3365 1115 3430; x_wconf 90' lang='lat' dir='ltr'><strong>adducere,</strong></span> <span class='ocrx_word' id='word_1_489' title='bbox 1149 3377 1203 3423; x_wconf 92' lang='lat' dir='ltr'><strong>et</strong></span> <span class='ocrx_word' id='word_1_490' title='bbox 1237 3382 1359 3436; x_wconf 71' lang='lat' dir='ltr'><strong>quae</strong></span> <span class='ocrx_word' id='word_1_491' title='bbox 1391 3367 1460 3423; x_wconf 89' lang='lat' dir='ltr'><strong>ab</strong></span> <span class='ocrx_word' id='word_1_492' title='bbox 1500 3367 1831 3422; x_wconf 87' lang='lat' dir='ltr'><strong>adversariis</strong></span> <span class='ocrx_word' id='word_1_493' title='bbox 1870 3367 2014 3438; x_wconf 87' lang='lat' dir='ltr'><strong>obji-</strong></span> 
     </span>
    </p>
   </div>
   <div class='ocr_carea' id='block_1_70' title="bbox 432 3441 2012 3526">
    <p class='ocr_par' dir='ltr' id='par_1_70' title="bbox 432 3441 2012 3526">
     <span class='ocr_line' id='line_1_70' title="bbox 432 3441 2012 3526; baseline -0.003 -13"><span class='ocrx_word' id='word_1_494' title='bbox 432 3441 680 3522; x_wconf 86' lang='lat' dir='ltr'><strong>ciuntur,</strong></span> <span class='ocrx_word' id='word_1_495' title='bbox 708 3457 952 3523; x_wconf 89' lang='lat' dir='ltr'><strong>diluere,</strong></span> <span class='ocrx_word' id='word_1_496' title='bbox 981 3456 1197 3526; x_wconf 74' lang='lat' dir='ltr'><strong>prolixo</strong></span> <span class='ocrx_word' id='word_1_497' title='bbox 1224 3470 1479 3511; x_wconf 87' lang='lat' dir='ltr'><strong>sermone</strong></span> <span class='ocrx_word' id='word_1_498' title='bbox 1494 3455 1599 3510; x_wconf 87' lang='lat' dir='ltr'><strong>erit</strong></span> <span class='ocrx_word' id='word_1_499' title='bbox 1623 3470 1783 3525; x_wconf 83' lang='lat' dir='ltr'><strong>Opus,</strong></span> <span class='ocrx_word' id='word_1_500' title='bbox 1817 3455 2012 3525; x_wconf 86' lang='lat' dir='ltr'><strong>loqua-</strong></span> 
     </span>
    </p>
   </div>
   <div class='ocr_carea' id='block_1_71' title="bbox 433 3546 2008 3618">
    <p class='ocr_par' dir='ltr' id='par_1_71' title="bbox 433 3546 2008 3618">
     <span class='ocr_line' id='line_1_71' title="bbox 433 3546 2008 3618; baseline -0.002 -14"><span class='ocrx_word' id='word_1_501' title='bbox 433 3551 706 3618; x_wconf 89' lang='lat' dir='ltr'><strong>citateque</strong></span> <span class='ocrx_word' id='word_1_502' title='bbox 723 3548 1017 3604; x_wconf 83' lang='lat' dir='ltr'><strong>voluminis</strong></span> <span class='ocrx_word' id='word_1_503' title='bbox 1049 3546 1451 3603; x_wconf 88' lang='lat' dir='ltr'><strong>deterrebimus</strong></span> <span class='ocrx_word' id='word_1_504' title='bbox 1486 3546 1743 3602; x_wconf 90' lang='lat' dir='ltr'><strong>lectores.</strong></span> <span class='ocrx_word' id='word_1_505' title='bbox 1775 3546 2008 3614; x_wconf 78' lang='lat' dir='ltr'><strong>idcirco;</strong></span> 
     </span>
    </p>
   </div>
   <div class='ocr_carea' id='block_1_72' title="bbox 432 3638 2012 3711">
    <p class='ocr_par' dir='ltr' id='par_1_72' title="bbox 432 3638 2012 3711">
     <span class='ocr_line' id='line_1_72' title="bbox 432 3638 2012 3711; baseline -0.001 -15"><span class='ocrx_word' id='word_1_506' title='bbox 432 3640 542 3697; x_wconf 83' lang='lat' dir='ltr'><strong>hoc</strong></span> <span class='ocrx_word' id='word_1_507' title='bbox 597 3640 757 3696; x_wconf 88' lang='lat' dir='ltr'><strong>alteri</strong></span> <span class='ocrx_word' id='word_1_508' title='bbox 803 3639 1030 3711; x_wconf 89' lang='lat' dir='ltr'><strong>proprio</strong></span> <span class='ocrx_word' id='word_1_509' title='bbox 1069 3638 1332 3694; x_wconf 88' lang='lat' dir='ltr'><strong>tractatui</strong></span> <span class='ocrx_word' id='word_1_510' title='bbox 1374 3646 1678 3705; x_wconf 84' lang='lat' dir='ltr'><strong>reservato,</strong></span> <span class='ocrx_word' id='word_1_511' title='bbox 1711 3638 2012 3709; x_wconf 87' lang='lat' dir='ltr'><strong>propositis</strong></span> 
     </span>
    </p>
   </div>
   <div class='ocr_carea' id='block_1_73' title="bbox 432 3734 834 3790">
    <p class='ocr_par' dir='ltr' id='par_1_73' title="bbox 432 3734 834 3790">
     <span class='ocr_line' id='line_1_73' title="bbox 432 3734 834 3790; baseline 0 -2"><span class='ocrx_word' id='word_1_512' title='bbox 432 3734 834 3790; x_wconf 85' lang='lat' dir='ltr'><strong>adhaereamus.</strong></span> 
     </span>
    </p>
   </div>
   <div class='ocr_carea' id='block_1_74' title="bbox 503 3818 2015 3894">
    <p class='ocr_par' dir='ltr' id='par_1_74' title="bbox 503 3818 2015 3894">
     <span class='ocr_line' id='line_1_74' title="bbox 503 3818 2015 3894; baseline 0 -15"><span class='ocrx_word' id='word_1_513' title='bbox 503 3824 596 3880; x_wconf 80' lang='grc'><strong>56.</strong></span> <span class='ocrx_word' id='word_1_514' title='bbox 639 3824 1071 3880; x_wconf 86' lang='lat' dir='ltr'><strong>Consideremus</strong></span> <span class='ocrx_word' id='word_1_515' title='bbox 1106 3821 1279 3894; x_wconf 88' lang='lat' dir='ltr'><strong>igitur</strong></span> <span class='ocrx_word' id='word_1_516' title='bbox 1308 3822 1649 3893; x_wconf 87' lang='lat' dir='ltr'><strong>singulatim.</strong></span> <span class='ocrx_word' id='word_1_517' title='bbox 1680 3820 1888 3878; x_wconf 84' lang='lat' dir='ltr'><strong>Natura</strong></span> <span class='ocrx_word' id='word_1_518' title='bbox 1914 3818 2015 3879; x_wconf 82' lang='lat' dir='ltr'><strong>&#39;bo—</strong></span> 
     </span>
    </p>
   </div>
   <div class='ocr_carea' id='block_1_75' title="bbox 431 3914 2013 3984">
    <p class='ocr_par' dir='ltr' id='par_1_75' title="bbox 431 3914 2013 3984">
     <span class='ocr_line' id='line_1_75' title="bbox 431 3914 2013 3984; baseline -0.002 -12"><span class='ocrx_word' id='word_1_519' title='bbox 431 3933 541 3973; x_wconf 88' lang='lat' dir='ltr'><strong>nus</strong></span> <span class='ocrx_word' id='word_1_520' title='bbox 564 3923 671 3984; x_wconf 88' lang='lat' dir='ltr'><strong>est,</strong></span> <span class='ocrx_word' id='word_1_521' title='bbox 700 3923 761 3970; x_wconf 90' lang='lat' dir='ltr'><strong>ut</strong></span> <span class='ocrx_word' id='word_1_522' title='bbox 792 3915 971 3972; x_wconf 89' lang='lat' dir='ltr'><strong>bonus</strong></span> <span class='ocrx_word' id='word_1_523' title='bbox 999 3914 1189 3981; x_wconf 89' lang='lat' dir='ltr'><strong>Pater,</strong></span> <span class='ocrx_word' id='word_1_524' title='bbox 1236 3924 1290 3971; x_wconf 89' lang='lat' dir='ltr'><strong>et</strong></span> <span class='ocrx_word' id='word_1_525' title='bbox 1318 3915 1499 3971; x_wconf 92' lang='lat' dir='ltr'><strong>bonus</strong></span> <span class='ocrx_word' id='word_1_526' title='bbox 1525 3914 1718 3970; x_wconf 86' lang='lat' dir='ltr'><strong>Filius.</strong></span> <span class='ocrx_word' id='word_1_527' title='bbox 1747 3914 2013 3970; x_wconf 80' lang='lat' dir='ltr'><strong>Creatura</strong></span> 
     </span>
    </p>
   </div>
   <div class='ocr_carea' id='block_1_76' title="bbox 432 4007 2012 4079">
    <p class='ocr_par' dir='ltr' id='par_1_76' title="bbox 432 4007 2012 4079">
     <span class='ocr_line' id='line_1_76' title="bbox 432 4007 2012 4079; baseline -0.003 -15"><span class='ocrx_word' id='word_1_528' title='bbox 432 4024 566 4065; x_wconf 82' lang='lat' dir='ltr'><strong>vero</strong></span> <span class='ocrx_word' id='word_1_529' title='bbox 608 4024 704 4079; x_wconf 89' lang='lat' dir='ltr'><strong>per</strong></span> <span class='ocrx_word' id='word_1_530' title='bbox 733 4007 1058 4063; x_wconf 85' lang='lat' dir='ltr'><strong>electionem</strong></span> <span class='ocrx_word' id='word_1_531' title='bbox 1106 4007 1228 4077; x_wconf 86' lang='lat' dir='ltr'><strong>ejus</strong></span> <span class='ocrx_word' id='word_1_532' title='bbox 1259 4008 1406 4078; x_wconf 90' lang='lat' dir='ltr'><strong>quod</strong></span> <span class='ocrx_word' id='word_1_533' title='bbox 1447 4008 1652 4063; x_wconf 82' lang='lat' dir='ltr'><strong>bonum</strong></span> <span class='ocrx_word' id='word_1_534' title='bbox 1682 4015 1789 4074; x_wconf 93' lang='lat' dir='ltr'><strong>cst,</strong></span> <span class='ocrx_word' id='word_1_535' title='bbox 1839 4007 2012 4077; x_wconf 87' lang='lat' dir='ltr'><strong>parti-</strong></span> 
     </span>
    </p>
   </div>
   <div class='ocr_carea' id='block_1_77' title="bbox 433 4098 2034 4172">
    <p class='ocr_par' dir='ltr' id='par_1_77' title="bbox 433 4098 2034 4172">
     <span class='ocr_line' id='line_1_77' title="bbox 433 4098 2034 4172; baseline -0.002 -15"><span class='ocrx_word' id='word_1_536' title='bbox 433 4117 564 4172; x_wconf 86' lang='lat' dir='ltr'><strong>ceps</strong></span> <span class='ocrx_word' id='word_1_537' title='bbox 591 4109 675 4156; x_wconf 91' lang='lat' dir='ltr'><strong>est</strong></span> <span class='ocrx_word' id='word_1_538' title='bbox 708 4101 988 4156; x_wconf 85' lang='lat' dir='ltr'><strong>bonitatis.</strong></span> <span class='ocrx_word' id='word_1_539' title='bbox 1024 4100 1311 4156; x_wconf 87' lang='lat' dir='ltr'><strong>Profunda</strong></span> <span class='ocrx_word' id='word_1_540' title='bbox 1351 4099 1448 4155; x_wconf 86' lang='lat' dir='ltr'><strong>Dei</strong></span> <span class='ocrx_word' id='word_1_541' title='bbox 1492 4100 1688 4155; x_wconf 88' lang='lat' dir='ltr'><strong>novit:</strong></span> <span class='ocrx_word' id='word_1_542' title='bbox 1722 4098 1818 4154; x_wconf 89' lang='lat' dir='ltr'><strong>sed</strong></span> <span class='ocrx_word' id='word_1_543' title='bbox 1857 4114 2034 4159; x_wconf 38' lang='lat' dir='ltr'><strong>creas</strong></span> 
     </span>
    </p>
   </div>
   <div class='ocr_carea' id='block_1_78' title="bbox 434 4190 2009 4262">
    <p class='ocr_par' dir='ltr' id='par_1_78' title="bbox 434 4190 2009 4262">
     <span class='ocr_line' id='line_1_78' title="bbox 434 4190 2009 4262; baseline -0.001 -16"><span class='ocrx_word' id='word_1_544' title='bbox 434 4200 558 4247; x_wconf 86' lang='lat' dir='ltr'><strong>tura</strong></span> <span class='ocrx_word' id='word_1_545' title='bbox 590 4207 687 4262; x_wconf 89' lang='lat' dir='ltr'><strong>per</strong></span> <span class='ocrx_word' id='word_1_546' title='bbox 713 4190 978 4261; x_wconf 85' lang='lat' dir='ltr'><strong>Spiritum</strong></span> <span class='ocrx_word' id='word_1_547' title='bbox 1003 4192 1205 4262; x_wconf 89' lang='lat' dir='ltr'><strong>accipit</strong></span> <span class='ocrx_word' id='word_1_548' title='bbox 1230 4206 1559 4246; x_wconf 88' lang='lat' dir='ltr'><strong>arcanorum</strong></span> <span class='ocrx_word' id='word_1_549' title='bbox 1585 4191 2009 4247; x_wconf 88' lang='lat' dir='ltr'><strong>reserationem.</strong></span> 
     </span>
    </p>
   </div>
   <div class='ocr_carea' id='block_1_79' title="bbox 437 4280 2013 4353">
    <p class='ocr_par' dir='ltr' id='par_1_79' title="bbox 437 4280 2013 4353">
     <span class='ocr_line' id='line_1_79' title="bbox 437 4280 2013 4353; baseline 0.002 -20"><span class='ocrx_word' id='word_1_550' title='bbox 437 4283 685 4338; x_wconf 79' lang='lat' dir='ltr'><strong>Vivillcat</strong></span> <span class='ocrx_word' id='word_1_551' title='bbox 728 4298 855 4337; x_wconf 91' lang='lat' dir='ltr'><strong>cum</strong></span> <span class='ocrx_word' id='word_1_552' title='bbox 897 4280 1011 4337; x_wconf 91' lang='lat' dir='ltr'><strong>Deo</strong></span> <span class='ocrx_word' id='word_1_553' title='bbox 1049 4284 1144 4353; x_wconf 91' lang='lat' dir='ltr'><strong>qui</strong></span> <span class='ocrx_word' id='word_1_554' title='bbox 1186 4281 1426 4338; x_wconf 85' lang='lat' dir='ltr'><strong>viviﬁcat</strong></span> <span class='ocrx_word' id='word_1_555' title='bbox 1471 4283 1680 4343; x_wconf 88' lang='lat' dir='ltr'><strong>omnia.</strong></span> <span class='ocrx_word' id='word_1_556' title='bbox 1714 4298 1837 4337; x_wconf 89' lang='lat' dir='ltr'><strong>cum</strong></span> <span class='ocrx_word' id='word_1_557' title='bbox 1873 4280 2013 4336; x_wconf 89' lang='lat' dir='ltr'><strong>Filio</strong></span> 
     </span>
    </p>
   </div>
   <div class='ocr_carea' id='block_1_80' title="bbox 437 4373 2013 4446">
    <p class='ocr_par' dir='ltr' id='par_1_80' title="bbox 437 4373 2013 4446">
     <span class='ocr_line' id='line_1_80' title="bbox 437 4373 2013 4446; baseline 0 -18"><span class='ocrx_word' id='word_1_558' title='bbox 437 4377 529 4446; x_wconf 87' lang='lat' dir='ltr'><strong>qui</strong></span> <span class='ocrx_word' id='word_1_559' title='bbox 562 4375 656 4430; x_wconf 88' lang='lat' dir='ltr'><strong>dat</strong></span> <span class='ocrx_word' id='word_1_560' title='bbox 684 4373 875 4429; x_wconf 83' lang='lat' dir='ltr'><strong>vitam.</strong></span> <span class='ocrx_word' id='word_1_561' title='bbox 906 4373 1009 4438; x_wconf 85' lang='lat' dir='ltr'><strong>Qui</strong></span> <span class='ocrx_word' id='word_1_562' title='bbox 1037 4375 1178 4429; x_wconf 80' lang='lat' dir='ltr'><strong>enim</strong></span> <span class='ocrx_word' id='word_1_563' title='bbox 1205 4375 1478 4439; x_wconf 79' lang='lat' dir='ltr'><strong>excitavit,</strong></span> <span class='ocrx_word' id='word_1_564' title='bbox 1511 4374 1708 4445; x_wconf 89' lang='lat' dir='ltr'><strong>inquit,</strong></span> <span class='ocrx_word' id='word_1_565' title='bbox 1739 4373 2013 4429; x_wconf 84' lang='lat' dir='ltr'><strong>Christum</strong></span> 
     </span>
    </p>
   </div>
   <div class='ocr_carea' id='block_1_81' title="bbox 2110 3269 3713 3342">
    <p class='ocr_par' dir='ltr' id='par_1_81' title="bbox 2110 3269 3713 3342">
     <span class='ocr_line' id='line_1_81' title="bbox 2110 3269 3713 3342; baseline 0 -18"><span class='ocrx_word' id='word_1_566' title='bbox 2110 3289 2171 3324; x_wconf 91' lang='grc' dir='ltr'><strong>τε</strong></span> <span class='ocrx_word' id='word_1_567' title='bbox 2217 3270 2346 3342; x_wconf 87' lang='grc' dir='ltr'>παρ’</span> <span class='ocrx_word' id='word_1_568' title='bbox 2374 3269 2580 3324; x_wconf 78' lang='grc' dir='ltr'>ἑαυτῶν</span> <span class='ocrx_word' id='word_1_569' title='bbox 2618 3270 2963 3334; x_wconf 81' lang='grc' dir='ltr'>κατασκευὰς</span> <span class='ocrx_word' id='word_1_570' title='bbox 3011 3269 3260 3339; x_wconf 82' lang='grc' dir='ltr'>ἐπάγειν,</span> <span class='ocrx_word' id='word_1_571' title='bbox 3299 3269 3394 3322; x_wconf 72' lang='grc' dir='ltr'><strong>καὶ</strong></span> <span class='ocrx_word' id='word_1_572' title='bbox 3428 3269 3498 3322; x_wconf 75' lang='grc' dir='ltr'>τὰ</span> <span class='ocrx_word' id='word_1_573' title='bbox 3544 3269 3713 3338; x_wconf 76' lang='grc' dir='ltr'>παρὰ</span> 
     </span>
    </p>
   </div>
   <div class='ocr_carea' id='block_1_82' title="bbox 2112 3358 3711 3433">
    <p class='ocr_par' dir='ltr' id='par_1_82' title="bbox 2112 3358 3711 3433">
     <span class='ocr_line' id='line_1_82' title="bbox 2112 3358 3711 3433; baseline -0.002 -16"><span class='ocrx_word' id='word_1_574' title='bbox 2112 3363 2218 3421; x_wconf 81' lang='grc' dir='ltr'>τῶν</span> <span class='ocrx_word' id='word_1_575' title='bbox 2259 3361 2517 3415; x_wconf 74' lang='grc' dir='ltr'>ἐναντίων</span> <span class='ocrx_word' id='word_1_576' title='bbox 2559 3360 2969 3433; x_wconf 87' lang='grc' dir='ltr'>προϐαλλόμενα</span> <span class='ocrx_word' id='word_1_577' title='bbox 3019 3360 3275 3426; x_wconf 86' lang='grc' dir='ltr'>διαλύειν,</span> <span class='ocrx_word' id='word_1_578' title='bbox 3309 3358 3520 3413; x_wconf 85' lang='grc' dir='ltr'>πολλῶν</span> <span class='ocrx_word' id='word_1_579' title='bbox 3562 3361 3711 3430; x_wconf 80' lang='grc' dir='ltr'>ἡμῖν</span> 
     </span>
    </p>
   </div>
   <div class='ocr_carea' id='block_1_83' title="bbox 2111 3443 3710 3527">
    <p class='ocr_par' dir='ltr' id='par_1_83' title="bbox 2111 3443 3710 3527">
     <span class='ocr_line' id='line_1_83' title="bbox 2111 3443 3710 3527; baseline -0.003 -20"><span class='ocrx_word' id='word_1_580' title='bbox 2111 3454 2291 3527; x_wconf 86' lang='grc' dir='ltr'>δεήσει</span> <span class='ocrx_word' id='word_1_581' title='bbox 2340 3453 2535 3522; x_wconf 86' lang='grc' dir='ltr'>λόγων,</span> <span class='ocrx_word' id='word_1_582' title='bbox 2566 3443 2677 3507; x_wconf 66' lang='grc' dir='ltr'>’καὶ</span> <span class='ocrx_word' id='word_1_583' title='bbox 2719 3453 3153 3524; x_wconf 84' lang='grc' dir='ltr'>ἀποκναίσαιμεν</span> <span class='ocrx_word' id='word_1_584' title='bbox 3190 3452 3304 3523; x_wconf 77' lang='grc'>(16)</span> <span class='ocrx_word' id='word_1_585' title='bbox 3349 3454 3414 3523; x_wconf 81' lang='grc' dir='ltr'>τῇ</span> <span class='ocrx_word' id='word_1_586' title='bbox 3446 3450 3710 3519; x_wconf 78' lang='grc' dir='ltr'>πολυφω-</span> 
     </span>
    </p>
   </div>
   <div class='ocr_carea' id='block_1_84' title="bbox 2112 3544 3711 3619">
    <p class='ocr_par' dir='ltr' id='par_1_84' title="bbox 2112 3544 3711 3619">
     <span class='ocr_line' id='line_1_84' title="bbox 2112 3544 3711 3619; baseline -0.001 -19"><span class='ocrx_word' id='word_1_587' title='bbox 2112 3547 2201 3619; x_wconf 75' lang='grc' dir='ltr'><strong>νίᾳ</strong></span> <span class='ocrx_word' id='word_1_588' title='bbox 2228 3547 2327 3617; x_wconf 87' lang='grc' dir='ltr'>τῆς</span> <span class='ocrx_word' id='word_1_589' title='bbox 2356 3545 2535 3616; x_wconf 84' lang='grc' dir='ltr'>βίϐλου</span> <span class='ocrx_word' id='word_1_590' title='bbox 2562 3545 2688 3609; x_wconf 79' lang='grc' dir='ltr'>τοὺς</span> <span class='ocrx_word' id='word_1_591' title='bbox 2713 3546 3161 3617; x_wconf 82' lang='grc' dir='ltr'>ἐντυγχάνοντας.</span> <span class='ocrx_word' id='word_1_592' title='bbox 3188 3546 3390 3617; x_wconf 87' lang='grc' dir='ltr'>Διόπερ</span> <span class='ocrx_word' id='word_1_593' title='bbox 3422 3544 3526 3616; x_wconf 79' lang='grc' dir='ltr'>ἰδίᾳ</span> <span class='ocrx_word' id='word_1_594' title='bbox 3557 3561 3711 3615; x_wconf 88' lang='grc' dir='ltr'>πρα-</span> 
     </span>
    </p>
   </div>
   <div class='ocr_carea' id='block_1_85' title="bbox 2112 3635 3710 3710">
    <p class='ocr_par' dir='ltr' id='par_1_85' title="bbox 2112 3635 3710 3710">
     <span class='ocr_line' id='line_1_85' title="bbox 2112 3635 3710 3710; baseline -0.002 -17"><span class='ocrx_word' id='word_1_595' title='bbox 2112 3639 2350 3710; x_wconf 76' lang='grc' dir='ltr'>γματείᾳ.</span> <span class='ocrx_word' id='word_1_596' title='bbox 2399 3639 2574 3692; x_wconf 75' lang='grc' dir='ltr'>ἐκεῖνο</span> <span class='ocrx_word' id='word_1_597' title='bbox 2625 3637 3052 3709; x_wconf 84' lang='grc' dir='ltr'>ταμιευσάμενοι</span> <span class='ocrx_word' id='word_1_598' title='bbox 3076 3677 3092 3704; x_wconf 90' lang='grc'><strong>,</strong></span> <span class='ocrx_word' id='word_1_599' title='bbox 3147 3635 3258 3691; x_wconf 84' lang='grc' dir='ltr'>τῶν</span> <span class='ocrx_word' id='word_1_600' title='bbox 3322 3635 3710 3708; x_wconf 80' lang='grc' dir='ltr'>προκειμένων</span> 
     </span>
    </p>
   </div>
   <div class='ocr_carea' id='block_1_86' title="bbox 2113 3727 2387 3800">
    <p class='ocr_par' dir='ltr' id='par_1_86' title="bbox 2113 3727 2387 3800">
     <span class='ocr_line' id='line_1_86' title="bbox 2113 3727 2387 3800; baseline 0.004 -19"><span class='ocrx_word' id='word_1_601' title='bbox 2113 3727 2387 3800; x_wconf 76' lang='grc' dir='ltr'>ἐχώμεθα.</span> 
     </span>
    </p>
   </div>
   <div class='ocr_carea' id='block_1_87' title="bbox 2182 3803 3711 3890">
    <p class='ocr_par' dir='ltr' id='par_1_87' title="bbox 2182 3803 3711 3890">
     <span class='ocr_line' id='line_1_87' title="bbox 2182 3803 3711 3890; baseline 0.001 -17"><span class='ocrx_word' id='word_1_602' title='bbox 2182 3819 2272 3873; x_wconf 83' lang='grc'><strong>56.</strong></span> <span class='ocrx_word' id='word_1_603' title='bbox 2317 3803 2654 3890; x_wconf 76' lang='grc' dir='ltr'>Σκεψώμεθα</span> <span class='ocrx_word' id='word_1_604' title='bbox 2693 3813 2787 3873; x_wconf 83' lang='grc' dir='ltr'><strong>οῦν</strong></span> <span class='ocrx_word' id='word_1_605' title='bbox 2832 3817 2902 3872; x_wconf 83' lang='grc' dir='ltr'>τὰ</span> <span class='ocrx_word' id='word_1_606' title='bbox 2948 3817 3302 3874; x_wconf 85' lang='grc' dir='ltr'>καθέκαστον.</span> <span class='ocrx_word' id='word_1_607' title='bbox 3346 3818 3508 3873; x_wconf 77' lang='grc' dir='ltr'>Φύσει</span> <span class='ocrx_word' id='word_1_608' title='bbox 3547 3819 3711 3874; x_wconf 72' lang='grc' dir='ltr'>ἐστὶν</span> 
     </span>
    </p>
   </div>
   <div class='ocr_carea' id='block_1_88' title="bbox 2111 3909 3708 3982">
    <p class='ocr_par' dir='ltr' id='par_1_88' title="bbox 2111 3909 3708 3982">
     <span class='ocr_line' id='line_1_88' title="bbox 2111 3909 3708 3982; baseline 0.001 -16"><span class='ocrx_word' id='word_1_609' title='bbox 2111 3912 2338 3981; x_wconf 83' lang='grc' dir='ltr'>ἀγαθὸν,</span> <span class='ocrx_word' id='word_1_610' title='bbox 2376 3912 2454 3976; x_wconf 88' lang='grc' dir='ltr'><strong>ώς</strong></span> <span class='ocrx_word' id='word_1_611' title='bbox 2494 3912 2699 3980; x_wconf 83' lang='grc' dir='ltr'>ἀγαθὸς</span> <span class='ocrx_word' id='word_1_612' title='bbox 2736 3913 2764 3965; x_wconf 91' lang='grc' dir='ltr'><strong>ὁ</strong></span> <span class='ocrx_word' id='word_1_613' title='bbox 2814 3909 3003 3982; x_wconf 80' lang='grc' dir='ltr'>Πατὴρ</span> <span class='ocrx_word' id='word_1_614' title='bbox 3027 3950 3041 3976; x_wconf 90' lang='grc'><strong>,</strong></span> <span class='ocrx_word' id='word_1_615' title='bbox 3086 3909 3182 3963; x_wconf 67' lang='grc' dir='ltr'><strong>κα)¹</strong></span> <span class='ocrx_word' id='word_1_616' title='bbox 3240 3910 3443 3978; x_wconf 81' lang='grc' dir='ltr'>ἀγαθὸς</span> <span class='ocrx_word' id='word_1_617' title='bbox 3481 3911 3510 3964; x_wconf 80' lang='grc' dir='ltr'><strong>ό</strong></span> <span class='ocrx_word' id='word_1_618' title='bbox 3545 3911 3708 3976; x_wconf 54' lang='grc' dir='ltr'><strong>Υἱός</strong></span> 
     </span>
    </p>
   </div>
   <div class='ocr_carea' id='block_1_89' title="bbox 2124 4001 3711 4076">
    <p class='ocr_par' dir='ltr' id='par_1_89' title="bbox 2124 4001 3711 4076">
     <span class='ocr_line' id='line_1_89' title="bbox 2124 4001 3711 4076; baseline -0.001 -17"><span class='ocrx_word' id='word_1_619' title='bbox 2124 4005 2188 4059; x_wconf 86' lang='grc' dir='ltr'><strong>Ἦ</strong></span> <span class='ocrx_word' id='word_1_620' title='bbox 2226 4005 2403 4068; x_wconf 84' lang='grc' dir='ltr'>κτίσις</span> <span class='ocrx_word' id='word_1_621' title='bbox 2434 4005 2492 4059; x_wconf 83' lang='grc' dir='ltr'>δὲ</span> <span class='ocrx_word' id='word_1_622' title='bbox 2521 4006 2578 4058; x_wconf 81' lang='grc' dir='ltr'><strong>ὲν</strong></span> <span class='ocrx_word' id='word_1_623' title='bbox 2611 4008 2679 4076; x_wconf 87' lang='grc' dir='ltr'>τῇ</span> <span class='ocrx_word' id='word_1_624' title='bbox 2715 4005 2910 4075; x_wconf 74' lang='grc' dir='ltr'>ἐκλογῇ</span> <span class='ocrx_word' id='word_1_625' title='bbox 2948 4001 3043 4057; x_wconf 90' lang='grc' dir='ltr'><strong>τοῦ</strong></span> <span class='ocrx_word' id='word_1_626' title='bbox 3088 4002 3294 4072; x_wconf 85' lang='grc' dir='ltr'>ἀγαθοῦ</span> <span class='ocrx_word' id='word_1_627' title='bbox 3323 4003 3548 4075; x_wconf 79' lang='grc' dir='ltr'>μέτοχός</span> <span class='ocrx_word' id='word_1_628' title='bbox 3577 4003 3711 4058; x_wconf 77' lang='grc' dir='ltr'>ἐστι</span> 
     </span>
    </p>
   </div>
   <div class='ocr_carea' id='block_1_90' title="bbox 2110 4092 3716 4167">
    <p class='ocr_par' dir='ltr' id='par_1_90' title="bbox 2110 4092 3716 4167">
     <span class='ocr_line' id='line_1_90' title="bbox 2110 4092 3716 4167; baseline 0.001 -19"><span class='ocrx_word' id='word_1_629' title='bbox 2110 4095 2210 4167; x_wconf 83' lang='grc' dir='ltr'>τῆς</span> <span class='ocrx_word' id='word_1_630' title='bbox 2241 4094 2590 4166; x_wconf 81' lang='grc' dir='ltr'>ἀγαθότητος.</span> <span class='ocrx_word' id='word_1_631' title='bbox 2619 4092 2739 4149; x_wconf 87' lang='grc' dir='ltr'>Οἶδε</span> <span class='ocrx_word' id='word_1_632' title='bbox 2765 4094 2836 4149; x_wconf 83' lang='grc' dir='ltr'><strong>τά</strong></span> <span class='ocrx_word' id='word_1_633' title='bbox 2866 4095 3002 4167; x_wconf 85' lang='grc' dir='ltr'><strong>βάθη</strong></span> <span class='ocrx_word' id='word_1_634' title='bbox 3036 4095 3129 4148; x_wconf 90' lang='grc' dir='ltr'><strong>τοῦ</strong></span> <span class='ocrx_word' id='word_1_635' title='bbox 3164 4093 3299 4150; x_wconf 87' lang='grc' dir='ltr'>Θεοῦ</span> <span class='ocrx_word' id='word_1_636' title='bbox 3333 4093 3445 4166; x_wconf 78' lang='grc'>(17)</span> <span class='ocrx_word' id='word_1_637' title='bbox 3466 4111 3479 4124; x_wconf 72' lang='grc' dir='ltr'><strong><em>ο</em></strong></span> <span class='ocrx_word' id='word_1_638' title='bbox 3507 4097 3541 4165; x_wconf 84' lang='grc' dir='ltr'><strong>ἡ</strong></span> <span class='ocrx_word' id='word_1_639' title='bbox 3577 4095 3716 4149; x_wconf 84' lang='grc' dir='ltr'>κτί-</span> 
     </span>
    </p>
   </div>
   <div class='ocr_carea' id='block_1_91' title="bbox 2114 4187 3715 4261">
    <p class='ocr_par' dir='ltr' id='par_1_91' title="bbox 2114 4187 3715 4261">
     <span class='ocr_line' id='line_1_91' title="bbox 2114 4187 3715 4261; baseline 0 -18"><span class='ocrx_word' id='word_1_640' title='bbox 2114 4206 2198 4252; x_wconf 92' lang='grc' dir='ltr'><strong>σις</strong></span> <span class='ocrx_word' id='word_1_641' title='bbox 2234 4190 2291 4243; x_wconf 77' lang='grc' dir='ltr'>δὲ</span> <span class='ocrx_word' id='word_1_642' title='bbox 2331 4188 2598 4260; x_wconf 83' lang='grc' dir='ltr'>λαμϐάνει</span> <span class='ocrx_word' id='word_1_643' title='bbox 2636 4189 2733 4260; x_wconf 83' lang='grc' dir='ltr'><strong>τὴν</strong></span> <span class='ocrx_word' id='word_1_644' title='bbox 2767 4188 3073 4261; x_wconf 68' lang='grc' dir='ltr'>φανέρωσιν</span> <span class='ocrx_word' id='word_1_645' title='bbox 3107 4188 3216 4242; x_wconf 89' lang='grc' dir='ltr'><strong>τῶν</strong></span> <span class='ocrx_word' id='word_1_646' title='bbox 3248 4188 3577 4260; x_wconf 76' lang='grc' dir='ltr'>ἀπορρήτων</span> <span class='ocrx_word' id='word_1_647' title='bbox 3606 4187 3715 4243; x_wconf 75' lang='grc' dir='ltr'><strong>διὰ</strong></span> 
     </span>
    </p>
   </div>
   <div class='ocr_carea' id='block_1_92' title="bbox 2111 4276 3714 4349">
    <p class='ocr_par' dir='ltr' id='par_1_92' title="bbox 2111 4276 3714 4349">
     <span class='ocr_line' id='line_1_92' title="bbox 2111 4276 3714 4349; baseline 0.002 -19"><span class='ocrx_word' id='word_1_648' title='bbox 2111 4276 2206 4331; x_wconf 91' lang='grc' dir='ltr'><strong>τοῦ</strong></span> <span class='ocrx_word' id='word_1_649' title='bbox 2260 4277 2594 4349; x_wconf 85' lang='grc' dir='ltr'>Πνεύματος.</span> <span class='ocrx_word' id='word_1_650' title='bbox 2649 4280 2908 4332; x_wconf 87' lang='grc' dir='ltr'>Ζωοποιεί</span> <span class='ocrx_word' id='word_1_651' title='bbox 2957 4277 3097 4349; x_wconf 88' lang='grc' dir='ltr'><strong>μετά</strong></span> <span class='ocrx_word' id='word_1_652' title='bbox 3137 4276 3232 4330; x_wconf 92' lang='grc' dir='ltr'><strong>τοῦ</strong></span> <span class='ocrx_word' id='word_1_653' title='bbox 3291 4276 3427 4331; x_wconf 85' lang='grc' dir='ltr'>Θεοῦ</span> <span class='ocrx_word' id='word_1_654' title='bbox 3488 4276 3581 4330; x_wconf 91' lang='grc' dir='ltr'><strong>τοῦ</strong></span> <span class='ocrx_word' id='word_1_655' title='bbox 3628 4278 3714 4333; x_wconf 75' lang='grc' dir='ltr'>τὰ</span> 
     </span>
    </p>
   </div>
   <div class='ocr_carea' id='block_1_93' title="bbox 2113 4369 3717 4442">
    <p class='ocr_par' dir='ltr' id='par_1_93' title="bbox 2113 4369 3717 4442">
     <span class='ocr_line' id='line_1_93' title="bbox 2113 4369 3717 4442; baseline 0.002 -19"><span class='ocrx_word' id='word_1_656' title='bbox 2113 4369 2291 4425; x_wconf 85' lang='grc' dir='ltr'>πάντα</span> <span class='ocrx_word' id='word_1_657' title='bbox 2314 4370 2727 4440; x_wconf 78' lang='grc' dir='ltr'>ζωογονοῦντος,</span> <span class='ocrx_word' id='word_1_658' title='bbox 2765 4369 2902 4442; x_wconf 88' lang='grc' dir='ltr'><strong>μετά</strong></span> <span class='ocrx_word' id='word_1_659' title='bbox 2935 4370 3046 4441; x_wconf 74' lang='grc'>(18)</span> <span class='ocrx_word' id='word_1_660' title='bbox 3095 4370 3189 4425; x_wconf 91' lang='grc' dir='ltr'><strong>τοῦ</strong></span> <span class='ocrx_word' id='word_1_661' title='bbox 3235 4370 3367 4424; x_wconf 84' lang='grc' dir='ltr'>Υίοῦ</span> <span class='ocrx_word' id='word_1_662' title='bbox 3402 4369 3496 4423; x_wconf 90' lang='grc' dir='ltr'><strong>τοῦ</strong></span> <span class='ocrx_word' id='word_1_663' title='bbox 3529 4369 3717 4426; x_wconf 81' lang='grc' dir='ltr'>διδόν-</span> 
     </span>
    </p>
   </div>
   <div class='ocr_carea' id='block_1_94' title="bbox 438 4458 2013 4535">
    <p class='ocr_par' dir='ltr' id='par_1_94' title="bbox 438 4464 2009 4535">
     <span class='ocr_line' id='line_1_94' title="bbox 438 4464 2009 4535; baseline -0.001 -15"><span class='ocrx_word' id='word_1_664' title='bbox 438 4483 474 4520; x_wconf 90' lang='lat' dir='ltr'><strong>a</strong></span> <span class='ocrx_word' id='word_1_665' title='bbox 520 4466 765 4530; x_wconf 76' lang='lat' dir='ltr'><strong>mortuis,</strong></span> <span class='ocrx_word' id='word_1_666' title='bbox 820 4464 1108 4535; x_wconf 77' lang='lat' dir='ltr'><strong>viviﬁcabit</strong></span> <span class='ocrx_word' id='word_1_667' title='bbox 1158 4473 1209 4520; x_wconf 89' lang='lat' dir='ltr'><strong>et</strong></span> <span class='ocrx_word' id='word_1_668' title='bbox 1256 4465 1511 4519; x_wconf 82' lang='lat' dir='ltr'><strong>mortalia</strong></span> <span class='ocrx_word' id='word_1_669' title='bbox 1550 4480 1777 4533; x_wconf 81' lang='lat' dir='ltr'><strong>corpora</strong></span> <span class='ocrx_word' id='word_1_670' title='bbox 1815 4473 2009 4530; x_wconf 84' lang='lat' dir='ltr'><strong>vestra,</strong></span> 
     </span>
    </p>
   </div>
   <div class='ocr_carea' id='block_1_95' title="bbox 2124 4458 3717 4535">
    <p class='ocr_par' dir='ltr' id='par_1_95' title="bbox 2124 4458 3717 4533">
     <span class='ocr_line' id='line_1_95' title="bbox 2124 4458 3717 4533; baseline -0.012 -6"><span class='ocrx_word' id='word_1_671' title='bbox 2124 4479 2205 4526; x_wconf 77' lang='grc' dir='ltr'><strong>τος</strong></span> <span class='ocrx_word' id='word_1_672' title='bbox 2228 4462 2392 4533; x_wconf 66' lang='grc' dir='ltr'>ζωήν.</span> <span class='ocrx_word' id='word_1_673' title='bbox 2432 4462 2492 4515; x_wconf 78' lang='grc' dir='ltr'><strong><em>Ὀ</em></strong></span> <span class='ocrx_word' id='word_1_674' title='bbox 2526 4462 2637 4532; x_wconf 75' lang='grc' dir='ltr'>γὰρ</span> <span class='ocrx_word' id='word_1_675' title='bbox 2669 4461 2902 4531; x_wconf 76' lang='grc' dir='ltr'>ἐγείρας</span> <span class='ocrx_word' id='word_1_676' title='bbox 2925 4461 3184 4530; x_wconf 74' lang='grc' dir='ltr'>Χριστὸν</span> <span class='ocrx_word' id='word_1_677' title='bbox 3214 4461 3283 4515; x_wconf 84' lang='grc' dir='ltr'>ἐκ</span> <span class='ocrx_word' id='word_1_678' title='bbox 3310 4458 3538 4529; x_wconf 74' lang='grc' dir='ltr'>νεκρῶν</span> <span class='ocrx_word' id='word_1_679' title='bbox 3569 4458 3717 4521; x_wconf 77' lang='grc' dir='ltr'>ζωο-</span> 
     </span>
    </p>
   </div>
   <div class='ocr_carea' id='block_1_96' title="bbox 437 4556 2014 4631">
    <p class='ocr_par' dir='ltr' id='par_1_96' title="bbox 437 4556 2014 4631">
     <span class='ocr_line' id='line_1_96' title="bbox 437 4556 2014 4631; baseline -0.002 -15"><span class='ocrx_word' id='word_1_680' title='bbox 437 4573 526 4629; x_wconf 83' lang='lat' dir='ltr'><strong>per</strong></span> <span class='ocrx_word' id='word_1_681' title='bbox 565 4559 736 4631; x_wconf 84' lang='lat' dir='ltr'><strong>ipsius</strong></span> <span class='ocrx_word' id='word_1_682' title='bbox 761 4556 1023 4630; x_wconf 84' lang='lat' dir='ltr'><strong>Spiritum</strong></span> <span class='ocrx_word' id='word_1_683' title='bbox 1046 4558 1137 4630; x_wconf 87' lang='lat' dir='ltr'><strong>qui</strong></span> <span class='ocrx_word' id='word_1_684' title='bbox 1171 4557 1437 4612; x_wconf 77' lang='lat' dir='ltr'><strong>inhabitat</strong></span> <span class='ocrx_word' id='word_1_685' title='bbox 1468 4558 1524 4612; x_wconf 88' lang='lat' dir='ltr'><strong>in</strong></span> <span class='ocrx_word' id='word_1_686' title='bbox 1565 4556 1710 4613; x_wconf 74' lang='lat' dir='ltr'><strong>vobis</strong></span> <span class='ocrx_word' id='word_1_687' title='bbox 1732 4556 1818 4625; x_wconf 80' lang='grc'><strong>³⁹;</strong></span> <span class='ocrx_word' id='word_1_688' title='bbox 1849 4564 2014 4628; x_wconf 88' lang='lat' dir='ltr'><strong>atque</strong></span> 
     </span>
    </p>
   </div>
   <div class='ocr_carea' id='block_1_97' title="bbox 2118 4550 3716 4625">
    <p class='ocr_par' dir='ltr' id='par_1_97' title="bbox 2118 4550 3716 4625">
     <span class='ocr_line' id='line_1_97' title="bbox 2118 4550 3716 4625; baseline 0.001 -16"><span class='ocrx_word' id='word_1_689' title='bbox 2118 4554 2376 4622; x_wconf 79' lang='grc' dir='ltr'>ποιήσει,</span> <span class='ocrx_word' id='word_1_690' title='bbox 2426 4552 2580 4625; x_wconf 81' lang='grc' dir='ltr'>φησὶ,</span> <span class='ocrx_word' id='word_1_691' title='bbox 2630 4553 2730 4606; x_wconf 75' lang='grc' dir='ltr'>καὶ</span> <span class='ocrx_word' id='word_1_692' title='bbox 2781 4553 2853 4607; x_wconf 79' lang='grc' dir='ltr'>τὰ</span> <span class='ocrx_word' id='word_1_693' title='bbox 2896 4552 3084 4622; x_wconf 83' lang='grc' dir='ltr'>θνητὰ</span> <span class='ocrx_word' id='word_1_694' title='bbox 3125 4551 3292 4623; x_wconf 80' lang='grc' dir='ltr'><strong>ὑμῶν</strong></span> <span class='ocrx_word' id='word_1_695' title='bbox 3319 4551 3429 4623; x_wconf 74' lang='grc'>(19)</span> <span class='ocrx_word' id='word_1_696' title='bbox 3453 4550 3716 4622; x_wconf 81' lang='grc' dir='ltr'>σώματα</span> 
     </span>
    </p>
   </div>
   <div class='ocr_carea' id='block_1_98' title="bbox 508 4674 2013 4778">
    <p class='ocr_par' dir='ltr' id='par_1_98' title="bbox 508 4685 2013 4778">
     <span class='ocr_line' id='line_1_98' title="bbox 508 4685 2013 4778; baseline -0.003 -9"><span class='ocrx_word' id='word_1_697' title='bbox 508 4713 724 4771; x_wconf 80' lang='lat' dir='ltr'><strong>“Psal.</strong></span> <span class='ocrx_word' id='word_1_698' title='bbox 750 4728 844 4778; x_wconf 75' lang='lat' dir='ltr'><strong>xx,</strong></span> <span class='ocrx_word' id='word_1_699' title='bbox 872 4712 927 4768; x_wconf 88' lang='lat'><strong>6.</strong></span> <span class='ocrx_word' id='word_1_700' title='bbox 1002 4713 1048 4746; x_wconf 84' lang='grc'><strong>⁸⁷</strong></span> <span class='ocrx_word' id='word_1_701' title='bbox 1076 4685 1268 4769; x_wconf 55' lang='lat' dir='ltr'><strong>blattli.</strong></span> <span class='ocrx_word' id='word_1_702' title='bbox 1306 4727 1363 4776; x_wconf 69' lang='grc' dir='ltr'>ι,</span> <span class='ocrx_word' id='word_1_703' title='bbox 1404 4712 1492 4768; x_wconf 82' lang='grc'><strong>19.</strong></span> <span class='ocrx_word' id='word_1_704' title='bbox 1585 4709 1697 4765; x_wconf 78' lang='grc'><strong>³³11</strong></span> <span class='ocrx_word' id='word_1_705' title='bbox 1719 4708 1848 4768; x_wconf 89' lang='lat' dir='ltr'><strong>Cor.</strong></span> <span class='ocrx_word' id='word_1_706' title='bbox 1872 4726 1960 4777; x_wconf 85' lang='grc' dir='ltr'>ιιι,</span> <span class='ocrx_word' id='word_1_707' title='bbox 1990 4711 2013 4764; x_wconf 80' lang='lat' dir='ltr'><strong>l</strong></span> 
     </span>
    </p>
   </div>
   <div class='ocr_carea' id='block_1_99' title="bbox 2124 4674 2663 4778">
    <p class='ocr_par' dir='ltr' id='par_1_99' title="bbox 2152 4674 2663 4773">
     <span class='ocr_line' id='line_1_99' title="bbox 2152 4674 2663 4773; baseline -0.002 -9"><span class='ocrx_word' id='word_1_708' title='bbox 2152 4710 2199 4743; x_wconf 74' lang='grc'><strong>⁵⁸</strong></span> <span class='ocrx_word' id='word_1_709' title='bbox 2224 4674 2385 4764; x_wconf 76' lang='lat' dir='ltr'><strong>Rom.</strong></span> <span class='ocrx_word' id='word_1_710' title='bbox 2413 4722 2539 4773; x_wconf 86' lang='lat' dir='ltr'><strong>vnt,</strong></span> <span class='ocrx_word' id='word_1_711' title='bbox 2576 4708 2663 4763; x_wconf 80' lang='grc' dir='ltr'>Η.</span> 
     </span>
    </p>
   </div>
   <div class='ocr_carea' id='block_1_100' title="bbox 438 4866 2009 4941">
    <p class='ocr_par' dir='ltr' id='par_1_100' title="bbox 438 4866 2009 4941">
     <span class='ocr_line' id='line_1_100' title="bbox 438 4866 2009 4941; baseline -0.004 -15"><span class='ocrx_word' id='word_1_712' title='bbox 438 4870 597 4926; x_wconf 79' lang='grc' dir='ltr'>Κατά</span> <span class='ocrx_word' id='word_1_713' title='bbox 626 4870 716 4941; x_wconf 69' lang='grc' dir='ltr'>τὸν</span> <span class='ocrx_word' id='word_1_714' title='bbox 731 4869 1063 4941; x_wconf 54' lang='grc' dir='ltr'><strong>ιἱξαλμῳδόν,</strong></span> <span class='ocrx_word' id='word_1_715' title='bbox 1083 4867 1292 4922; x_wconf 89' lang='lat' dir='ltr'><strong>addunt</strong></span> <span class='ocrx_word' id='word_1_716' title='bbox 1316 4868 1446 4923; x_wconf 88' lang='lat' dir='ltr'><strong>editi</strong></span> <span class='ocrx_word' id='word_1_717' title='bbox 1477 4867 1763 4941; x_wconf 13' lang='grc' dir='ltr'>ςᾷΜετάλη</span> <span class='ocrx_word' id='word_1_718' title='bbox 1795 4868 1834 4941; x_wconf 70' lang='grc' dir='ltr'>ἡ</span> <span class='ocrx_word' id='word_1_719' title='bbox 1856 4866 2009 4941; x_wconf 72' lang='grc' dir='ltr'>δόξα</span> 
     </span>
    </p>
   </div>
   <div class='ocr_carea' id='block_1_101' title="bbox 438 4937 2009 5007">
    <p class='ocr_par' dir='ltr' id='par_1_101' title="bbox 438 4937 2009 5007">
     <span class='ocr_line' id='line_1_101' title="bbox 438 4937 2009 5007; baseline -0.003 -13"><span class='ocrx_word' id='word_1_720' title='bbox 438 4939 811 5006; x_wconf 77' lang='grc' dir='ltr'>αὐτοῦὲντῷ</span> <span class='ocrx_word' id='word_1_721' title='bbox 840 4937 1111 5007; x_wconf 73' lang='grc' dir='ltr'>ἁώτηρίφ</span> <span class='ocrx_word' id='word_1_722' title='bbox 1135 4954 1271 4993; x_wconf 88' lang='grc' dir='ltr'>σου·</span> <span class='ocrx_word' id='word_1_723' title='bbox 1300 4941 1395 4992; x_wconf 75' lang='grc' dir='ltr'>καὶ</span> <span class='ocrx_word' id='word_1_724' title='bbox 1418 4939 1599 4992; x_wconf 86' lang='grc' dir='ltr'>πάλιν·</span> <span class='ocrx_word' id='word_1_725' title='bbox 1619 4937 1777 5004; x_wconf 80' lang='grc' dir='ltr'>Τοὺς</span> <span class='ocrx_word' id='word_1_726' title='bbox 1806 4937 1874 4991; x_wconf 82' lang='grc' dir='ltr'>δὲ</span> <span class='ocrx_word' id='word_1_727' title='bbox 1899 4954 2009 5007; x_wconf 74' lang='lat'><strong>5:0-</strong></span> 
     </span>
    </p>
   </div>
   <div class='ocr_carea' id='block_1_102' title="bbox 439 5007 2009 5081">
    <p class='ocr_par' dir='ltr' id='par_1_102' title="bbox 439 5007 2009 5081">
     <span class='ocr_line' id='line_1_102' title="bbox 439 5007 2009 5081; baseline -0.002 -17"><span class='ocrx_word' id='word_1_728' title='bbox 439 5010 772 5081; x_wconf 76' lang='grc' dir='ltr'>ϐουμένους</span> <span class='ocrx_word' id='word_1_729' title='bbox 799 5011 909 5064; x_wconf 74' lang='grc' dir='ltr'><strong>τὸν</strong></span> <span class='ocrx_word' id='word_1_730' title='bbox 940 5012 1163 5078; x_wconf 79' lang='grc' dir='ltr'>Κύριον</span> <span class='ocrx_word' id='word_1_731' title='bbox 1195 5007 1445 5073; x_wconf 80' lang='grc' dir='ltr'>δοξάζει.</span> <span class='ocrx_word' id='word_1_732' title='bbox 1482 5008 1681 5081; x_wconf 58' lang='lat' dir='ltr'><strong>Magna</strong></span> <span class='ocrx_word' id='word_1_733' title='bbox 1723 5018 1800 5062; x_wconf 88' lang='lat' dir='ltr'><strong>est</strong></span> <span class='ocrx_word' id='word_1_734' title='bbox 1834 5007 2009 5079; x_wconf 83' lang='lat' dir='ltr'><strong>gloria</strong></span> 
     </span>
    </p>
   </div>
   <div class='ocr_carea' id='block_1_103' title="bbox 438 5078 2009 5149">
    <p class='ocr_par' dir='ltr' id='par_1_103' title="bbox 438 5078 2009 5149">
     <span class='ocr_line' id='line_1_103' title="bbox 438 5078 2009 5149; baseline -0.001 -16"><span class='ocrx_word' id='word_1_735' title='bbox 438 5078 560 5149; x_wconf 73' lang='lat' dir='ltr'><strong>eius</strong></span> <span class='ocrx_word' id='word_1_736' title='bbox 603 5082 657 5135; x_wconf 85' lang='lat' dir='ltr'><strong>in</strong></span> <span class='ocrx_word' id='word_1_737' title='bbox 697 5081 928 5134; x_wconf 81' lang='lat' dir='ltr'><strong>salutari</strong></span> <span class='ocrx_word' id='word_1_738' title='bbox 967 5091 1094 5144; x_wconf 88' lang='lat' dir='ltr'><strong>tuo;</strong></span> <span class='ocrx_word' id='word_1_739' title='bbox 1128 5087 1183 5135; x_wconf 91' lang='lat' dir='ltr'><strong>et</strong></span> <span class='ocrx_word' id='word_1_740' title='bbox 1226 5095 1423 5135; x_wconf 88' lang='lat' dir='ltr'><strong>rursus</strong></span> <span class='ocrx_word' id='word_1_741' title='bbox 1470 5099 1484 5135; x_wconf 89' lang='lat'><strong>:</strong></span> <span class='ocrx_word' id='word_1_742' title='bbox 1524 5078 1787 5133; x_wconf 84' lang='lat' dir='ltr'><strong>Timentes</strong></span> <span class='ocrx_word' id='word_1_743' title='bbox 1833 5078 2009 5133; x_wconf 86' lang='lat' dir='ltr'><strong>autem</strong></span> 
     </span>
    </p>
   </div>
   <div class='ocr_carea' id='block_1_104' title="bbox 441 5152 1033 5222">
    <p class='ocr_par' dir='ltr' id='par_1_104' title="bbox 441 5152 1033 5222">
     <span class='ocr_line' id='line_1_104' title="bbox 441 5152 1033 5222; baseline -0.002 -19"><span class='ocrx_word' id='word_1_744' title='bbox 441 5152 814 5220; x_wconf 83' lang='lat' dir='ltr'><strong>Dominugtom</strong></span> <span class='ocrx_word' id='word_1_745' title='bbox 826 5152 1033 5222; x_wconf 15' lang='lat' dir='ltr'><strong>rriﬁcat.</strong></span> 
     </span>
    </p>
   </div>
   <div class='ocr_carea' id='block_1_105' title="bbox 511 5217 2015 5290">
    <p class='ocr_par' dir='ltr' id='par_1_105' title="bbox 511 5217 2015 5290">
     <span class='ocr_line' id='line_1_105' title="bbox 511 5217 2015 5290; baseline -0.001 -16"><span class='ocrx_word' id='word_1_746' title='bbox 511 5222 623 5289; x_wconf 75' lang='grc'>(12)</span> <span class='ocrx_word' id='word_1_747' title='bbox 652 5217 723 5276; x_wconf 76' lang='lat' dir='ltr'><strong>Et</strong></span> <span class='ocrx_word' id='word_1_748' title='bbox 743 5225 796 5277; x_wconf 87' lang='grc' dir='ltr'><strong>ό.</strong></span> <span class='ocrx_word' id='word_1_749' title='bbox 824 5217 947 5276; x_wconf 73' lang='lat' dir='ltr'><strong>llaec</strong></span> <span class='ocrx_word' id='word_1_750' title='bbox 971 5218 1256 5290; x_wconf 10' lang='lat' dir='ltr'><strong>desuntgin</strong></span> <span class='ocrx_word' id='word_1_751' title='bbox 1279 5220 1702 5290; x_wconf 80' lang='lat' dir='ltr'><strong>quinqtte_mss.,</strong></span> <span class='ocrx_word' id='word_1_752' title='bbox 1738 5224 1793 5271; x_wconf 87' lang='lat' dir='ltr'><strong>at</strong></span> <span class='ocrx_word' id='word_1_753' title='bbox 1817 5217 2015 5287; x_wconf 84' lang='lat' dir='ltr'><strong>legun-</strong></span> 
     </span>
    </p>
   </div>
   <div class='ocr_carea' id='block_1_106' title="bbox 441 5287 2015 5362">
    <p class='ocr_par' dir='ltr' id='par_1_106' title="bbox 441 5287 2015 5362">
     <span class='ocr_line' id='line_1_106' title="bbox 441 5287 2015 5362; baseline -0.001 -18"><span class='ocrx_word' id='word_1_754' title='bbox 441 5287 531 5362; x_wconf 78' lang='lat' dir='ltr'><strong>tur</strong></span> <span class='ocrx_word' id='word_1_755' title='bbox 562 5287 619 5344; x_wconf 88' lang='lat' dir='ltr'><strong>in</strong></span> <span class='ocrx_word' id='word_1_756' title='bbox 648 5290 1069 5362; x_wconf 12' lang='lat' dir='ltr'><strong>Heg.rsecundo.</strong></span> <span class='ocrx_word' id='word_1_757' title='bbox 1102 5289 1247 5343; x_wconf 86' lang='lat' dir='ltr'><strong>Editi</strong></span> <span class='ocrx_word' id='word_1_758' title='bbox 1269 5287 1344 5353; x_wconf 80' lang='grc' dir='ltr'>ὥς</span> <span class='ocrx_word' id='word_1_759' title='bbox 1368 5290 1395 5342; x_wconf 83' lang='grc' dir='ltr'>ὃ</span> <span class='ocrx_word' id='word_1_760' title='bbox 1414 5287 1498 5358; x_wconf 74' lang='grc' dir='ltr'><strong>γε.</strong></span> <span class='ocrx_word' id='word_1_761' title='bbox 1524 5287 1722 5362; x_wconf 75' lang='lat' dir='ltr'><strong>_Paulo_</strong></span> <span class='ocrx_word' id='word_1_762' title='bbox 1734 5295 1859 5362; x_wconf 81' lang='lat' dir='ltr'><strong>post</strong></span> <span class='ocrx_word' id='word_1_763' title='bbox 1880 5304 2015 5343; x_wconf 88' lang='lat' dir='ltr'><strong>con-</strong></span> 
     </span>
    </p>
   </div>
   <div class='ocr_carea' id='block_1_107' title="bbox 443 5356 2010 5430">
    <p class='ocr_par' dir='ltr' id='par_1_107' title="bbox 443 5356 2010 5430">
     <span class='ocr_line' id='line_1_107' title="bbox 443 5356 2010 5430; baseline -0.003 -16"><span class='ocrx_word' id='word_1_764' title='bbox 443 5359 649 5430; x_wconf 81' lang='lat' dir='ltr'><strong>iunctio</strong></span> <span class='ocrx_word' id='word_1_765' title='bbox 695 5356 877 5415; x_wconf 76' lang='lat' dir='ltr'><strong>addita</strong></span> <span class='ocrx_word' id='word_1_766' title='bbox 907 5377 974 5415; x_wconf 77' lang='lat' dir='ltr'><strong>ex</strong></span> <span class='ocrx_word' id='word_1_767' title='bbox 1008 5377 1103 5415; x_wconf 80' lang='lat' dir='ltr'><strong>sex</strong></span> <span class='ocrx_word' id='word_1_768' title='bbox 1136 5375 1272 5414; x_wconf 89' lang='lat' dir='ltr'><strong>mss.</strong></span> <span class='ocrx_word' id='word_1_769' title='bbox 1306 5356 1436 5415; x_wconf 79' lang='lat' dir='ltr'><strong>ante</strong></span> <span class='ocrx_word' id='word_1_770' title='bbox 1458 5360 1585 5423; x_wconf 80' lang='grc' dir='ltr'>τοὺς</span> <span class='ocrx_word' id='word_1_771' title='bbox 1619 5356 2010 5428; x_wconf 82' lang='grc' dir='ltr'>φοϐουμένους.</span> 
     </span>
    </p>
   </div>
   <div class='ocr_carea' id='block_1_108' title="bbox 511 5430 1552 5502">
    <p class='ocr_par' dir='ltr' id='par_1_108' title="bbox 511 5430 1552 5502">
     <span class='ocr_line' id='line_1_108' title="bbox 511 5430 1552 5502; baseline 0 -18"><span class='ocrx_word' id='word_1_772' title='bbox 511 5431 621 5502; x_wconf 77' lang='lat' dir='ltr'><strong>(l5)</strong></span> <span class='ocrx_word' id='word_1_773' title='bbox 656 5431 832 5498; x_wconf 82' lang='grc' dir='ltr'>Φησί.</span> <span class='ocrx_word' id='word_1_774' title='bbox 868 5430 1375 5502; x_wconf 13' lang='grc' dir='ltr'>Βεείιιεῄεεειιιιᾶιιε</span> <span class='ocrx_word' id='word_1_775' title='bbox 1403 5430 1552 5499; x_wconf 80' lang='grc' dir='ltr'>φασί.</span> 
     </span>
    </p>
   </div>
   <div class='ocr_carea' id='block_1_109' title="bbox 513 5497 2011 5571">
    <p class='ocr_par' dir='ltr' id='par_1_109' title="bbox 513 5497 2011 5571">
     <span class='ocr_line' id='line_1_109' title="bbox 513 5497 2011 5571; baseline -0.001 -18"><span class='ocrx_word' id='word_1_776' title='bbox 513 5497 626 5570; x_wconf 61' lang='grc'>(14⁷)</span> <span class='ocrx_word' id='word_1_777' title='bbox 660 5497 1153 5571; x_wconf 70' lang='grc' dir='ltr'><strong>Συναναλήφθέν.</strong></span> <span class='ocrx_word' id='word_1_778' title='bbox 1189 5500 1282 5554; x_wconf 87' lang='lat' dir='ltr'><strong>Sic</strong></span> <span class='ocrx_word' id='word_1_779' title='bbox 1322 5497 1457 5571; x_wconf 73' lang='lat' dir='ltr'><strong>mss.</strong></span> <span class='ocrx_word' id='word_1_780' title='bbox 1490 5500 1750 5571; x_wconf 80' lang='lat' dir='ltr'><strong>quinque.</strong></span> <span class='ocrx_word' id='word_1_781' title='bbox 1782 5497 2011 5571; x_wconf 85' lang='lat' dir='ltr'><strong>Legitur</strong></span> 
     </span>
    </p>
   </div>
   <div class='ocr_carea' id='block_1_110' title="bbox 438 5568 2007 5641">
    <p class='ocr_par' dir='ltr' id='par_1_110' title="bbox 438 5568 2007 5641">
     <span class='ocr_line' id='line_1_110' title="bbox 438 5568 2007 5641; baseline -0.003 -15"><span class='ocrx_word' id='word_1_782' title='bbox 438 5568 909 5641; x_wconf 76' lang='grc' dir='ltr'>συμπαραληφθέν</span> <span class='ocrx_word' id='word_1_783' title='bbox 952 5568 1007 5625; x_wconf 86' lang='lat' dir='ltr'><strong>in</strong></span> <span class='ocrx_word' id='word_1_784' title='bbox 1052 5571 1291 5626; x_wconf 80' lang='lat' dir='ltr'><strong>editione</strong></span> <span class='ocrx_word' id='word_1_785' title='bbox 1332 5568 1657 5638; x_wconf 53' lang='lat' dir='ltr'><strong>Parisieusii</strong></span> <span class='ocrx_word' id='word_1_786' title='bbox 1706 5570 1841 5624; x_wconf 71' lang='lat' dir='ltr'><strong>Alia:</strong></span> <span class='ocrx_word' id='word_1_787' title='bbox 1883 5583 2007 5622; x_wconf 89' lang='lat' dir='ltr'><strong>cum</strong></span> 
     </span>
    </p>
   </div>
   <div class='ocr_carea' id='block_1_111' title="bbox 437 5643 1489 5702">
    <p class='ocr_par' dir='ltr' id='par_1_111' title="bbox 437 5643 1489 5702">
     <span class='ocr_line' id='line_1_111' title="bbox 437 5643 1489 5702; baseline -0.004 -5"><span class='ocrx_word' id='word_1_788' title='bbox 437 5654 577 5697; x_wconf 84' lang='lat' dir='ltr'><strong>mss.</strong></span> <span class='ocrx_word' id='word_1_789' title='bbox 607 5643 976 5695; x_wconf 85' lang='lat' dir='ltr'><strong>consentiunt.</strong></span> <span class='ocrx_word' id='word_1_790' title='bbox 1472 5694 1489 5702; x_wconf 76' lang='grc'><em>,</em></span> 
     </span>
    </p>
   </div>
   <div class='ocr_carea' id='block_1_112' title="bbox 510 5707 2008 5785">
    <p class='ocr_par' dir='ltr' id='par_1_112' title="bbox 510 5707 2008 5785">
     <span class='ocr_line' id='line_1_112' title="bbox 510 5707 2008 5785; baseline 0.001 -21"><span class='ocrx_word' id='word_1_791' title='bbox 510 5710 620 5785; x_wconf 81' lang='grc'>(15)</span> <span class='ocrx_word' id='word_1_792' title='bbox 677 5712 908 5768; x_wconf 77' lang='grc' dir='ltr'>Τούτων</span> <span class='ocrx_word' id='word_1_793' title='bbox 947 5708 1085 5766; x_wconf 81' lang='grc' dir='ltr'>νῦν.</span> <span class='ocrx_word' id='word_1_794' title='bbox 1128 5707 1333 5766; x_wconf 75' lang='lat' dir='ltr'><strong>Vocula</strong></span> <span class='ocrx_word' id='word_1_795' title='bbox 1382 5710 1569 5768; x_wconf 85' lang='lat' dir='ltr'><strong>addita</strong></span> <span class='ocrx_word' id='word_1_796' title='bbox 1622 5726 1688 5768; x_wconf 80' lang='lat' dir='ltr'><strong>ex</strong></span> <span class='ocrx_word' id='word_1_797' title='bbox 1735 5710 1870 5785; x_wconf 79' lang='lat' dir='ltr'><strong>Reg.</strong></span> <span class='ocrx_word' id='word_1_798' title='bbox 1920 5723 2008 5766; x_wconf 87' lang='lat' dir='ltr'><strong>se-</strong></span> 
     </span>
    </p>
   </div>
   <div class='ocr_carea' id='block_1_113' title="bbox 2112 4867 2312 4923">
    <p class='ocr_par' dir='ltr' id='par_1_113' title="bbox 2112 4867 2312 4923">
     <span class='ocr_line' id='line_1_113' title="bbox 2112 4867 2312 4923; baseline -0.01 0"><span class='ocrx_word' id='word_1_799' title='bbox 2112 4867 2312 4923; x_wconf 85' lang='lat' dir='ltr'><strong>eundo.</strong></span> 
     </span>
    </p>
   </div>
   <div class='ocr_carea' id='block_1_114' title="bbox 2189 4936 3715 5009">
    <p class='ocr_par' dir='ltr' id='par_1_114' title="bbox 2189 4936 3715 5009">
     <span class='ocr_line' id='line_1_114' title="bbox 2189 4936 3715 5009; baseline 0.005 -18"><span class='ocrx_word' id='word_1_800' title='bbox 2189 4937 2298 5009; x_wconf 87' lang='lat' dir='ltr'><strong>(l6)</strong></span> <span class='ocrx_word' id='word_1_801' title='bbox 2355 4938 2874 5009; x_wconf 59' lang='grc' dir='ltr'>ᾊποκναίσαψεν.</span> <span class='ocrx_word' id='word_1_802' title='bbox 2904 4936 2984 4990; x_wconf 85' lang='lat' dir='ltr'><strong>ita</strong></span> <span class='ocrx_word' id='word_1_803' title='bbox 3014 4937 3138 5009; x_wconf 83' lang='lat' dir='ltr'><strong>cod.</strong></span> <span class='ocrx_word' id='word_1_804' title='bbox 3171 4939 3414 4994; x_wconf 88' lang='lat' dir='ltr'><strong>Colbert.</strong></span> <span class='ocrx_word' id='word_1_805' title='bbox 3444 4945 3498 4993; x_wconf 87' lang='lat' dir='ltr'><strong>et</strong></span> <span class='ocrx_word' id='word_1_806' title='bbox 3524 4939 3715 4998; x_wconf 87' lang='lat' dir='ltr'><strong>editio</strong></span> 
     </span>
    </p>
   </div>
   <div class='ocr_carea' id='block_1_115' title="bbox 2118 5007 3711 5079">
    <p class='ocr_par' dir='ltr' id='par_1_115' title="bbox 2118 5007 3711 5079">
     <span class='ocr_line' id='line_1_115' title="bbox 2118 5007 3711 5079; baseline 0.003 -18"><span class='ocrx_word' id='word_1_807' title='bbox 2118 5007 2287 5079; x_wconf 59' lang='lat' dir='ltr'><strong>pasil.</strong></span> <span class='ocrx_word' id='word_1_808' title='bbox 2354 5007 2907 5079; x_wconf 74' lang='lat' dir='ltr'><strong>Legitur~in_Paris.</strong></span> <span class='ocrx_word' id='word_1_809' title='bbox 2972 5008 3213 5079; x_wconf 46' lang='lat' dir='ltr'><strong>editione</strong></span> <span class='ocrx_word' id='word_1_810' title='bbox 3267 5009 3711 5079; x_wconf 84' lang='grc' dir='ltr'>ἀποκναίσομεν.</span> 
     </span>
    </p>
   </div>
   <div class='ocr_carea' id='block_1_116' title="bbox 2117 5077 3709 5147">
    <p class='ocr_par' dir='ltr' id='par_1_116' title="bbox 2117 5077 3709 5147">
     <span class='ocr_line' id='line_1_116' title="bbox 2117 5077 3709 5147; baseline 0.004 -16"><span class='ocrx_word' id='word_1_811' title='bbox 2117 5077 2288 5131; x_wconf 82' lang='lat' dir='ltr'><strong>Paulo</strong></span> <span class='ocrx_word' id='word_1_812' title='bbox 2318 5077 2637 5147; x_wconf 59' lang='lat' dir='ltr'><strong>post&#39;iidem</strong></span> <span class='ocrx_word' id='word_1_813' title='bbox 2669 5077 2801 5132; x_wconf 89' lang='lat' dir='ltr'><strong>editi</strong></span> <span class='ocrx_word' id='word_1_814' title='bbox 2838 5080 3039 5131; x_wconf 81' lang='grc' dir='ltr'>ἐκεῖνα.</span> <span class='ocrx_word' id='word_1_815' title='bbox 3070 5077 3219 5133; x_wconf 89' lang='lat' dir='ltr'><strong>Libri</strong></span> <span class='ocrx_word' id='word_1_816' title='bbox 3252 5091 3466 5134; x_wconf 84' lang='lat' dir='ltr'><strong>veteres</strong></span> <span class='ocrx_word' id='word_1_817' title='bbox 3495 5077 3709 5137; x_wconf 75' lang='grc' dir='ltr'>ἐκεῖνο.</span> 
     </span>
    </p>
   </div>
   <div class='ocr_carea' id='block_1_117' title="bbox 2193 5147 3712 5221">
    <p class='ocr_par' dir='ltr' id='par_1_117' title="bbox 2193 5147 3712 5221">
     <span class='ocr_line' id='line_1_117' title="bbox 2193 5147 3712 5221; baseline 0.001 -21"><span class='ocrx_word' id='word_1_818' title='bbox 2193 5148 2323 5221; x_wconf 9' lang='grc'>(17),</span> <span class='ocrx_word' id='word_1_819' title='bbox 2345 5148 2456 5202; x_wconf 85' lang='grc' dir='ltr'>Τοῦ</span> <span class='ocrx_word' id='word_1_820' title='bbox 2477 5218 2487 5221; x_wconf 93' lang='lat'><em>_</em></span> <span class='ocrx_word' id='word_1_821' title='bbox 2509 5147 2678 5221; x_wconf 77' lang='grc' dir='ltr'>Θεοῦ.</span> <span class='ocrx_word' id='word_1_822' title='bbox 2729 5147 2911 5202; x_wconf 89' lang='lat' dir='ltr'><strong>Editio</strong></span> <span class='ocrx_word' id='word_1_823' title='bbox 2950 5147 3126 5203; x_wconf 89' lang='lat' dir='ltr'><strong>Paris.</strong></span> <span class='ocrx_word' id='word_1_824' title='bbox 3153 5149 3321 5221; x_wconf 71' lang='lat' dir='ltr'><strong>addit</strong></span> <span class='ocrx_word' id='word_1_825' title='bbox 3354 5149 3419 5221; x_wconf 72' lang='grc' dir='ltr'><strong>τδ</strong></span> <span class='ocrx_word' id='word_1_826' title='bbox 3444 5148 3712 5221; x_wconf 82' lang='grc' dir='ltr'>Πνεῦμα,</span> 
     </span>
    </p>
   </div>
   <div class='ocr_carea' id='block_1_118' title="bbox 2121 5218 3446 5288">
    <p class='ocr_par' dir='ltr' id='par_1_118' title="bbox 2121 5218 3446 5288">
     <span class='ocr_line' id='line_1_118' title="bbox 2121 5218 3446 5288; baseline -0.001 -15"><span class='ocrx_word' id='word_1_827' title='bbox 2121 5218 2266 5288; x_wconf 87' lang='lat' dir='ltr'><strong>quod</strong></span> <span class='ocrx_word' id='word_1_828' title='bbox 2286 5218 2446 5273; x_wconf 85' lang='lat' dir='ltr'><strong>deest</strong></span> <span class='ocrx_word' id='word_1_829' title='bbox 2476 5218 2531 5271; x_wconf 91' lang='lat' dir='ltr'><strong>in</strong></span> <span class='ocrx_word' id='word_1_830' title='bbox 2567 5220 2808 5287; x_wconf 86' lang='lat' dir='ltr'><strong>quinque</strong></span> <span class='ocrx_word' id='word_1_831' title='bbox 2848 5218 3237 5288; x_wconf 13' lang='lat' dir='ltr'><strong>mss.7etiedit.</strong></span> <span class='ocrx_word' id='word_1_832' title='bbox 3279 5219 3446 5275; x_wconf 85' lang='lat' dir='ltr'><strong>Basil.</strong></span> 
     </span>
    </p>
   </div>
   <div class='ocr_carea' id='block_1_119' title="bbox 2195 5287 3718 5358">
    <p class='ocr_par' dir='ltr' id='par_1_119' title="bbox 2195 5287 3718 5358">
     <span class='ocr_line' id='line_1_119' title="bbox 2195 5287 3718 5358; baseline 0.006 -17"><span class='ocrx_word' id='word_1_833' title='bbox 2195 5288 2308 5358; x_wconf 73' lang='lat'><strong>(18)</strong></span> <span class='ocrx_word' id='word_1_834' title='bbox 2337 5289 2811 5358; x_wconf 77' lang='grc' dir='ltr'>Ζωογονοῦντος,</span> <span class='ocrx_word' id='word_1_835' title='bbox 2855 5287 3027 5358; x_wconf 78' lang='grc' dir='ltr'>μετά.</span> <span class='ocrx_word' id='word_1_836' title='bbox 3082 5287 3159 5342; x_wconf 89' lang='lat' dir='ltr'><strong>.lta</strong></span> <span class='ocrx_word' id='word_1_837' title='bbox 3215 5306 3306 5344; x_wconf 82' lang='lat' dir='ltr'><strong>sex</strong></span> <span class='ocrx_word' id='word_1_838' title='bbox 3367 5304 3504 5345; x_wconf 89' lang='lat' dir='ltr'><strong>mss.</strong></span> <span class='ocrx_word' id='word_1_839' title='bbox 3549 5288 3718 5350; x_wconf 66' lang='lat' dir='ltr'><strong>Edita</strong></span> 
     </span>
    </p>
   </div>
   <div class='ocr_carea' id='block_1_120' title="bbox 2120 5356 3720 5430">
    <p class='ocr_par' dir='ltr' id='par_1_120' title="bbox 2120 5356 3720 5430">
     <span class='ocr_line' id='line_1_120' title="bbox 2120 5356 3720 5430; baseline 0.006 -20"><span class='ocrx_word' id='word_1_840' title='bbox 2120 5356 2510 5430; x_wconf 76' lang='grc' dir='ltr'>ζωοποιοῦντος</span> <span class='ocrx_word' id='word_1_841' title='bbox 2562 5358 2657 5411; x_wconf 72' lang='grc' dir='ltr'><strong>καὶ</strong></span> <span class='ocrx_word' id='word_1_842' title='bbox 2708 5356 2867 5430; x_wconf 77' lang='grc' dir='ltr'>μετάζ</span> <span class='ocrx_word' id='word_1_843' title='bbox 2910 5357 3082 5430; x_wconf 78' lang='lat' dir='ltr'><strong>Paulo</strong></span> <span class='ocrx_word' id='word_1_844' title='bbox 3131 5369 3256 5430; x_wconf 90' lang='lat' dir='ltr'><strong>post</strong></span> <span class='ocrx_word' id='word_1_845' title='bbox 3303 5359 3437 5415; x_wconf 88' lang='lat' dir='ltr'><strong>editi</strong></span> <span class='ocrx_word' id='word_1_846' title='bbox 3489 5359 3720 5419; x_wconf 78' lang='lat' dir='ltr'><strong>addunt</strong></span> 
     </span>
    </p>
   </div>
   <div class='ocr_carea' id='block_1_121' title="bbox 2133 5427 3715 5500">
    <p class='ocr_par' dir='ltr' id='par_1_121' title="bbox 2133 5427 3715 5500">
     <span class='ocr_line' id='line_1_121' title="bbox 2133 5427 3715 5500; baseline 0.007 -21"><span class='ocrx_word' id='word_1_847' title='bbox 2133 5427 2339 5497; x_wconf 78' lang='grc' dir='ltr'>Ἰησοῦν</span> <span class='ocrx_word' id='word_1_848' title='bbox 2370 5438 2492 5499; x_wconf 91' lang='lat' dir='ltr'><strong>post</strong></span> <span class='ocrx_word' id='word_1_849' title='bbox 2520 5429 2777 5500; x_wconf 82' lang='grc' dir='ltr'>Χριστόν.</span> <span class='ocrx_word' id='word_1_850' title='bbox 2817 5429 2923 5483; x_wconf 83' lang='lat' dir='ltr'><strong>Sed</strong></span> <span class='ocrx_word' id='word_1_851' title='bbox 2952 5428 3106 5484; x_wconf 87' lang='lat' dir='ltr'><strong>deest</strong></span> <span class='ocrx_word' id='word_1_852' title='bbox 3132 5427 3201 5485; x_wconf 56' lang='lat' dir='ltr'><strong>&#39;ea</strong></span> <span class='ocrx_word' id='word_1_853' title='bbox 3228 5445 3332 5485; x_wconf 76' lang='lat' dir='ltr'><strong>vox</strong></span> <span class='ocrx_word' id='word_1_854' title='bbox 3358 5430 3412 5482; x_wconf 92' lang='lat' dir='ltr'><strong>in</strong></span> <span class='ocrx_word' id='word_1_855' title='bbox 3435 5431 3715 5490; x_wconf 87' lang='lat' dir='ltr'><strong>omnibus</strong></span> 
     </span>
    </p>
   </div>
   <div class='ocr_carea' id='block_1_122' title="bbox 2119 5512 2248 5552">
    <p class='ocr_par' dir='ltr' id='par_1_122' title="bbox 2119 5512 2248 5552">
     <span class='ocr_line' id='line_1_122' title="bbox 2119 5512 2248 5552; baseline -0.039 -2"><span class='ocrx_word' id='word_1_856' title='bbox 2119 5512 2248 5552; x_wconf 88' lang='lat' dir='ltr'><strong>mss.</strong></span> 
     </span>
    </p>
   </div>
   <div class='ocr_carea' id='block_1_123' title="bbox 2192 5566 3722 5640">
    <p class='ocr_par' dir='ltr' id='par_1_123' title="bbox 2192 5566 3722 5640">
     <span class='ocr_line' id='line_1_123' title="bbox 2192 5566 3722 5640; baseline 0.004 -19"><span class='ocrx_word' id='word_1_857' title='bbox 2192 5568 2303 5640; x_wconf 63' lang='lat' dir='ltr'><strong>Q9)</strong></span> <span class='ocrx_word' id='word_1_858' title='bbox 2337 5566 2533 5640; x_wconf 65' lang='lat' dir='ltr'><strong>anzr’t</strong></span> <span class='ocrx_word' id='word_1_859' title='bbox 2554 5566 2739 5636; x_wconf 81' lang='grc' dir='ltr'>ὑμῶν.</span> <span class='ocrx_word' id='word_1_860' title='bbox 2765 5567 2906 5640; x_wconf 67' lang='lat' dir='ltr'><strong>Reg.</strong></span> <span class='ocrx_word' id='word_1_861' title='bbox 2944 5567 3218 5640; x_wconf 73' lang='lat' dir='ltr'><strong>secundus</strong></span> <span class='ocrx_word' id='word_1_862' title='bbox 3254 5566 3425 5640; x_wconf 72' lang='grc' dir='ltr'>θνητὰ</span> <span class='ocrx_word' id='word_1_863' title='bbox 3467 5567 3722 5640; x_wconf 74' lang='grc' dir='ltr'>σώματα</span> 
     </span>
    </p>
   </div>
   <div class='ocr_carea' id='block_1_124' title="bbox 2122 5637 3724 5711">
    <p class='ocr_par' dir='ltr' id='par_1_124' title="bbox 2122 5637 3724 5711">
     <span class='ocr_line' id='line_1_124' title="bbox 2122 5637 3724 5711; baseline 0.004 -23"><span class='ocrx_word' id='word_1_864' title='bbox 2122 5637 2298 5711; x_wconf 50' lang='lat' dir='ltr'><strong>sum.</strong></span> <span class='ocrx_word' id='word_1_865' title='bbox 2347 5637 2518 5691; x_wconf 82' lang='lat' dir='ltr'><strong>Paulo</strong></span> <span class='ocrx_word' id='word_1_866' title='bbox 2551 5645 2675 5707; x_wconf 85' lang='lat' dir='ltr'><strong>post</strong></span> <span class='ocrx_word' id='word_1_867' title='bbox 2714 5638 2843 5711; x_wconf 84' lang='lat' dir='ltr'><strong>editi</strong></span> <span class='ocrx_word' id='word_1_868' title='bbox 2874 5639 3154 5706; x_wconf 84' lang='grc' dir='ltr'>ἀκούουσι,</span> <span class='ocrx_word' id='word_1_869' title='bbox 3182 5637 3724 5711; x_wconf 28' lang='lat' dir='ltr'><strong>quod‘auctoriu‘te</strong></span> 
     </span>
    </p>
   </div>
   <div class='ocr_carea' id='block_1_125' title="bbox 2119 5708 2921 5780">
    <p class='ocr_par' dir='ltr' id='par_1_125' title="bbox 2119 5708 2921 5780">
     <span class='ocr_line' id='line_1_125' title="bbox 2119 5708 2921 5780; baseline 0.005 -20"><span class='ocrx_word' id='word_1_870' title='bbox 2119 5709 2359 5780; x_wconf 89' lang='lat' dir='ltr'><strong>plurium</strong></span> <span class='ocrx_word' id='word_1_871' title='bbox 2394 5723 2528 5765; x_wconf 88' lang='lat' dir='ltr'><strong>mss.</strong></span> <span class='ocrx_word' id='word_1_872' title='bbox 2568 5708 2921 5765; x_wconf 87' lang='lat' dir='ltr'><strong>mutavimus.</strong></span> 
     </span>
    </p>
   </div>
  </div>
