3888 6214
440 299 546 355 175

1779 298 1835 353 S.
1879 297 2122 354 BASILII
2164 299 2382 358 MAGNI

3594 295 3694 352 176

440 407 730 464 tomalibus
756 409 799 440 ⁸³
835 428 847 464 :
876 424 974 479 pro
1009 408 1097 464 his
1120 410 1370 474 vocibus.
1423 428 1539 465 cum
1577 411 2017 466 holocautomati-

2124 411 2504 481 καυτώμασιν
2521 427 2536 492 1·
2567 411 2688 466 ἀντὶ
2715 411 2828 478 τοῦ,
2846 411 2997 482 μετὰ
3035 408 3556 480 ὁλοκαυτωμάτων.
3583 412 3696 468 Καὶ

440 501 558 556 bus.
610 500 677 557 Et
705 501 888 555 eduxit
927 518 1014 556 eos
1052 503 1109 557 in
1164 513 1378 574 argento
1413 513 1460 556 et
1497 520 1629 558 auro
1653 503 1722 569 ⁷⁸,
1758 503 1864 558 hoc
1906 510 2012 568 est,

441 609 562 648 cum
595 600 811 664 argento
840 602 890 648 et
937 611 1090 648 auro.
1127 592 1258 650 item
1286 595 1444 662 illud,
1482 593 1608 650 Non
1637 594 1922 666 egredieris
1959 595 2016 648 in

441 685 725 741 virtutibus
769 687 968 740 nostris
996 686 1062 750 ⁷⁸,
1119 701 1242 756 pro,
1292 701 1413 740 cum
1463 687 1748 740 uirtutibus
1793 687 2014 748 nostris,

444 779 660 850 aliaque
704 779 868 849 hujus
900 780 1118 849 generis
1169 778 1609 833 innumerabilia.
1652 777 1889 833 Omnino
1935 777 2018 830 lu-

444 871 582 926 bens
619 871 688 926 ab
723 871 826 926 ista
846 886 987 926 nova
1019 869 1289 940 sapientia
1321 868 1584 934 didicero,
1609 871 1822 940 qualem
1852 868 2017 940 glori-

445 962 758 1017 licationem
781 963 1080 1032 Apostolus
1107 960 1404 1016 absolverit
1431 975 1526 1030 per
1555 961 1695 1014 hanc
1721 959 2017 1014 dictionem

443 1053 521 1117 in,
549 1054 702 1124 juxta
739 1054 967 1109 formam
997 1068 1161 1124 quam
1204 1051 1295 1108 isti
1330 1068 1478 1106 nunc
1513 1061 1770 1123 tanquam
1805 1067 1836 1107 e
1863 1050 2018 1106 Scri-

444 1155 606 1215 ptura
657 1145 962 1218 proferunt.
1001 1146 1277 1214 Nusquam
1336 1143 1481 1197 enim
1540 1145 1724 1199 inveni
1762 1143 2014 1199 dictum:

447 1237 571 1293 Tibi
611 1237 760 1293 Patri
800 1239 978 1294 honor
1008 1245 1063 1294 et
1096 1235 1271 1308 gloria
1307 1249 1404 1306 per
1440 1235 1784 1308 unigenitum
1817 1234 2018 1290 Filium

371 1354 378 1362 ’
445 1338 601 1385 tuum
631 1332 687 1384 in
718 1329 928 1401 Spiritu
968 1337 1160 1384 sancto
1193 1347 1206 1382 :
1239 1327 1334 1399 qui
1365 1342 1548 1384 sermo
1576 1343 1725 1383 nunc
1756 1327 1879 1384 istis
1909 1329 2021 1384 usi-

445 1422 614 1476 tatior
642 1429 726 1476 est
757 1421 895 1492 ipsa,
932 1430 993 1476 ut
1023 1421 1099 1474 ita
1131 1421 1346 1490 loquar,
1389 1419 1782 1489 respiratione.
1812 1418 2020 1474 Horum

445 1511 665 1582 quidem
714 1512 930 1583 singula
977 1512 1271 1582 separatim
1322 1511 1570 1566 invenire
1598 1511 1749 1579 licet,
1784 1512 2020 1582 conjun-

445 1604 577 1656 ctim
632 1618 762 1656 vero
807 1603 988 1672 posita
1030 1603 1086 1657 in
1120 1603 1224 1658 hac
1280 1603 1695 1657 constructione
1747 1617 2021 1674 nusquam

2117 499 2411 572 ἐξήγαγεν
2446 502 2667 569 αὐτοὺς
2706 504 2776 558 ἐν
2817 503 3076 574 ἀργυρίῳ
3114 503 3214 556 καὶ
3256 503 3507 571 χρυσίῳ,
3540 521 3697 558 τουτ-

2119 591 2254 655 έστι,
2296 591 2445 662 μετὰ
2490 593 2775 662 ἀργυρίου
2817 593 2917 647 καὶ
2968 592 3259 662 χρυσίου*
3299 591 3394 645 καὶ
3433 592 3532 658 τὸ,
3573 594 3697 647 Οὐκ

2117 685 2410 756 ἐξελεύσῃ
2443 685 2553 756 (25)
2586 686 2657 739 ἐν
2681 685 2810 751 ταῖς
2837 685 3171 754 δυνάμεσιν
3202 683 3393 754 ἡμῶν,
3419 683 3541 738 ἀντὶ
3576 684 3695 747 τοῦ,

2117 776 2240 830 σὺν
2279 776 2409 842 ταῖς
2451 775 2784 846 δυνάμεσιν
2831 775 3030 845 ἡμῶν,
3055 775 3174 830 ’καὶ
3226 775 3397 846 μυρία
3449 773 3698 829 τοιαῦτα.

2121 866 2297 930 ’Ὀλως
2327 866 2385 940 δὲ
2411 866 2580 938 ἡδέως
2619 867 2686 921 ἂν
2735 866 2964 938 μάθοιμι
2990 865 3144 937 παρὰ
3180 866 3277 936 τῆς
3317 865 3445 928 νέας
3484 863 3699 934 σοφίας,

2119 959 2280 1014 ποίαν
2307 956 2614 1028 δοξολογίαν
2639 961 2667 1012 ὁ
2707 959 3029 1018 Ἀπόστολος
3062 958 3151 1012 διὰ
3181 957 3300 1022 τοῦ,
3333 959 3424 1024 ἐν,
3454 958 3701 1029 ῥήματος

2120 1051 2506 1122 ἀπεπλήρωσε,
2535 1049 2677 1105 κατὰ
2703 1051 2794 1104 τὸν
2815 1051 2983 1106 τύπον
3013 1051 3071 1104 ὃν
3105 1044 3250 1104 οὗτοι
3275 1050 3370 1104 νῦν
3395 1050 3471 1113 ὡς
3508 1051 3573 1103 ὲκ
3601 1049 3703 1120 τῆς

2119 1144 2341 1214 Γραφῆς
2363 1143 2741 1215 ἀναφέρουσιν.
2783 1143 3034 1214 Οὐδαμοῦ
3064 1143 3174 1215 γὰρ
3207 1138 3366 1215 εὖρον
3406 1142 3704 1213 λεγόμενον

2119 1237 2201 1300 τὸ,
2223 1235 2313 1288 Σοὶ
2343 1234 2420 1306 τῷ
2449 1236 2624 1307 Πατρὶ
2653 1238 2686 1306 ἡ
2718 1235 2850 1306 τιμὴ
2882 1235 2979 1288 καὶ
3023 1237 3056 1306 ἡ
3098 1235 3225 1301 δόξα
3262 1233 3352 1287 διὰ
3396 1232 3491 1286 τοῦ
3544 1249 3704 1304 μονο-

2120 1327 2311 1399 γενοῦς
2341 1345 2434 1382 σου
2467 1328 2597 1381 Υἱοῦ
2631 1329 2688 1381 ὲν
2721 1328 2798 1399 τῷ
2827 1327 2967 1398 ἁγίῳ
2994 1325 3300 1394 Πνεύματι·
3333 1327 3468 1398 ὅπερ
3490 1325 3706 1387 τούτοις

2121 1421 2240 1475 ἐστὶ
2294 1420 2390 1474 νῦν
2431 1421 2524 1475 καὶ
2551 1420 2743 1491 αὐτῆς,
2785 1420 2860 1483 ὡς
2895 1421 3092 1484 εἰπεῖν,
3121 1419 3222 1490 τῆς
3255 1417 3532 1487 ἀναπνοῆς
3575 1433 3708 1468 συν-

2123 1513 2432 1584 ηθέστερον.
2472 1510 2893 1583 Διεσπασμένως
2937 1508 3034 1578 μὲν
3062 1509 3172 1580 γὰρ
3224 1509 3428 1563 τούτων
3469 1507 3706 1561 ἕκαστον

2125 1603 2270 1656 ἔστιν
2313 1604 2524 1674 εὑρεῖν·
2569 1601 2926 1672 συνημμένως
2972 1600 3030 1653 δὲ
3069 1601 3127 1653 ἐν
3175 1603 3242 1671 τῇ
3291 1597 3536 1664 συντάξει
3587 1597 3704 1667 (26)

446 1702 708 1764 poterunt
736 1693 1044 1749 ostendere.
1078 1693 1266 1764 Itaque
1300 1694 1346 1750 si
1369 1700 1562 1748 exacte
1588 1702 1784 1765 urgent
1807 1709 1872 1750 ea
1901 1709 2019 1765 quae

2124 1692 2296 1766 ταύτῃ
2323 1691 2556 1762 οὐδαμοῦ
2587 1691 2848 1745 δεικνύειν
2875 1689 3108 1753 ἕξουσιν.
3137 1689 3301 1741 Ὥστε
3327 1689 3375 1740 εἰ
3411 1687 3512 1758 μὲν
3543 1687 3708 1757 ἀκρι-

447 1762 503 1838 in
533 1783 832 1853 Scripturis
872 1784 1162 1849 habentur,
1177 1762 1487 1839 ostendant
1509 1762 1782 1841 undeista
1807 1762 2015 1842 dicant.

2124 1762 2468 1852 ϐολοκοῦνται
2495 1781 2622 1853 περὶ
2657 1781 2725 1834 τὰ
2762 1779 3034 1851 ἐγγραφα,
3065 1779 3393 1844 δειξάτωσαν
3423 1778 3586 1832 πόθεν
3615 1777 3709 1832 λέ-

447 1874 601 1940 Quod
642 1875 687 1929 si
723 1877 1036 1931 concedunt
1067 1876 1455 1931 consuetudini
1480 1915 1496 1942 ,
1523 1891 1705 1949 neque
1732 1892 1834 1934 nos
1856 1878 1926 1934 ab
1957 1893 2022 1934 ea

446 1968 758 2023 excludant.

517 2057 607 2112 59.
650 2056 760 2111 Nos
801 2057 948 2111 enim
997 2057 1188 2114 ambas
1229 2057 1503 2116 dictiones
1548 2058 1604 2114 in
1636 2058 1882 2116 ﬁdelium
1915 2075 2022 2116 usu

447 2147 958 2218 deprehendeutes,
1015 2149 1286 2206 ambabus
1335 2152 1578 2206 utimur:
1616 2151 1849 2222 gloriam
1899 2153 2024 2222 qui-

447 2240 572 2295 dem
605 2239 836 2311 Spiritui
879 2256 948 2296 ex
981 2257 1135 2312 aequo
1164 2257 1261 2312 per
1294 2251 1583 2314 utramque
1613 2245 1850 2314 persolvi
1889 2244 2018 2311 rati,

446 2332 529 2388 eis
563 2347 691 2388 vero
723 2332 817 2402 qui
850 2333 1152 2403 depravant
1181 2333 1489 2401 veritatem,
1531 2335 1806 2391 credimus
1847 2337 2020 2407 magis

445 2441 510 2481 os
532 2425 777 2481 obturari
805 2440 904 2495 per
931 2440 1050 2480 eam
1080 2426 1548 2496 praepositionem,
1583 2443 1705 2496 quae
1735 2443 1860 2484 cum
1900 2445 2023 2486 sen-

445 2531 572 2570 sum
615 2515 673 2570 in
715 2514 1018 2584 Scripturis
1055 2515 1292 2570 similem
1334 2515 1552 2580 haheat,
1602 2533 1712 2572 non
1750 2519 1827 2572 ita
1859 2518 2020 2576 facile

447 2607 517 2661 ab
566 2605 900 2662 adversariis
956 2606 1258 2676 expugnari
1295 2616 1475 2677 potest
1513 2608 1624 2679 (est
1676 2617 1859 2665 autem
1898 2611 2020 2682 ipsa

445 2699 540 2752 illa
588 2699 678 2753 cui
726 2712 874 2753 nunc
908 2697 978 2752 ab
1030 2699 1150 2753 istis
1195 2699 1614 2771 contradicitur)
1663 2709 1852 2772 utpote
1899 2719 2020 2774 quae

445 2807 546 2862 pro
579 2799 629 2846 et
680 2791 1068 2860 conjunctione
1119 2800 1387 2847 sumatur.
1431 2791 1567 2847 Nam
1619 2794 1765 2850 idem
1817 2804 1902 2852 est
1943 2797 2023 2852 di-

445 2895 591 2943 cere,
643 2879 848 2935 Paulus
897 2889 947 2935 ει
989 2881 1265 2946 Silvanus,
1303 2891 1354 2937 et
1398 2883 1706 2940 Timotheus
1727 2886 1796 2952 ’¹²,
1829 2896 2016 2959 atque,

444 2968 650 3026 Paulus
684 2987 811 3026 cum
841 2970 1129 3028 Timotheo
1167 2980 1221 3028 et
1265 2967 1509 3030 Silvano.
1539 2973 1833 3033 Nominum
1872 2979 2020 3035 enim

2126 1893 2341 1948 γουσινο
2387 1875 2435 1928 εἰ
2477 1874 2534 1927 δὲ
2583 1872 2920 1945 συγχωροῦσι
2946 1873 3013 1943 τῇ
3054 1870 3332 1938 συνηθείᾳ,
3377 1869 3514 1940 μηδὲ
3553 1870 3707 1941 ἡμᾶς

2124 1968 2535 2039 ὲξειργέτωσαν.

2195 2060 2284 2115 59.
2322 2060 2512 2130 Ἡμεῖς
2562 2056 2701 2127 γὰρ,
2751 2055 3066 2126 ἀμφοτέρας
3117 2055 3174 2108 ὲν
3223 2056 3290 2126 τῇ
3337 2054 3445 2107 τῶν
3494 2053 3710 2106 πιστῶν

2123 2153 2316 2224 χρήσει
2333 2148 2840 2219 καταλαμϐάνοντες
2861 2146 2974 2218 (27)
3005 2147 3102 2209 τὰς
3133 2147 3342 2217 ῥήσεις,
3366 2147 3708 2217 ἀμφοτέραις

2122 2242 2468 2316 κεχρήμεθασ
2503 2240 2602 2313 τὴν
2634 2240 2732 2312 μὲν
2761 2240 2920 2304 δόξαν
2946 2238 3024 2310 τῷ
3056 2239 3333 2308 Πνεύματι
3375 2236 3575 2306 ὁμοίως
3597 2238 3707 2305 ἀφ’

2123 2334 2392 2404 ἑκατέρας
2435 2330 2770 2403 πληροῦσθαι
2816 2326 3260 2389 πεπιστευκότες,
3310 2327 3436 2389 τοὺς
3485 2325 3542 2379 δὲ
3593 2343 3703 2379 κα-

2122 2425 2486 2498 κουργοῦντας
2531 2425 2631 2494 τὴν
2687 2422 2945 2494 ἀλήθειαν
2999 2417 3446 2490 ἐπιστομίζεσθαι
3502 2417 3711 2489 μᾶλλον

2119 2518 2207 2573 διὰ
2237 2519 2334 2589 τῆς
2357 2515 2722 2588 προκειμένης
2753 2512 2971 2580 λέξεως,
3013 2513 3156 2582 ἥτις,
3197 2511 3295 2580 τὴν
3335 2509 3564 2580 δύναμιν
3591 2508 3710 2561 τῶν

2120 2609 2352 2681 Γραφῶν
2396 2605 2783 2679 παραπλησίαν
2825 2603 3042 2675 ἔχουσα,
3089 2603 3272 2655 οὐκέτι
3319 2600 3468 2654 ἐστὶν
3504 2599 3712 2668 ὁμοίιος

2120 2701 2233 2762 τοῖς
2255 2697 2516 2760 ἐναντίοις
2535 2693 2941 2763 εὐεπιχείρητος
2966 2692 3103 2763 (ἔστι
3129 2691 3185 2744 δὲ
3214 2688 3354 2758 αῦτη
3383 2689 3417 2759 ἡ
3439 2686 3713 2754 ἀντιλεγο-

2124 2789 2260 2860 μένη
2288 2787 2382 2841 νῦν
2412 2786 2561 2858 παρὰ
2586 2783 2812 2852 τούτων)
2843 2782 2962 2835 ἀντὶ
2985 2779 3079 2834 τοῦ
3114 2779 3214 2834 καὶ
3245 2777 3538 2848 συνδέσμου
3563 2793 3715 2844 παρ-

2122 2879 2446 2953 ειλημμένη.
2477 2879 2620 2931 Ἴσον
2647 2875 2756 2946 γάρ
2795 2877 2941 2927 ἐστιν
2973 2873 3146 2925 εἰπεῖν
3165 2887 3179 2901 ·
3210 2869 3452 2934 Παῦλος
3479 2867 3576 2922 καὶ
3607 2871 3714 2921 Σι-

2125 2970 2387 3036 λουανὸς
2411 2967 2509 3022 καὶ
2538 2969 2826 3037 Τιμόθεος,
2851 2967 2965 3032 καὶ,
2988 2963 3199 3026 Παῦλος
3223 2964 3319 3016 σὺν
3341 2963 3588 3032 Τιμοθέῳ
3611 2961 3720 3014 καὶ

446 3062 752 3125 connexio,
821 3070 1054 3140 utraque
1112 3066 1563 3135 pronuntiatione
1615 3069 1869 3126 similiter
1905 3088 2019 3129 ser-

2129 3062 2416 3133 Σιλουανῷ.
2462 3059 2524 3112 'H
2553 3059 2664 3130 γὰρ
2697 3057 2984 3128 συμπλοκὴ
3021 3055 3129 3108 τῶν
3156 3053 3434 3124 ὀνομάτων
3477 3053 3542 3106 δι’
3577 3053 3714 3105 ἑκα-

444 3165 625 3208 vatur.
664 3153 854 3224 Itaque
904 3154 951 3211 si
999 3171 1126 3211 cum
1158 3156 1425 3216 Dominus
1467 3160 1670 3218 dixerit
1713 3161 1931 3222 Patrem
1970 3178 2026 3226 et

446 3242 644 3298 Filium
675 3253 731 3300 et
779 3255 1031 3300 sanctum
1076 3245 1360 3317 Spiritum,
1413 3250 1531 3321 ipse
1573 3252 1776 3320 dicam,
1807 3255 2025 3316 Patrem

445 3344 505 3390 et
549 3334 747 3391 Filium
805 3352 930 3392 cum
989 3337 1198 3410 Spiritu
1259 3350 1494 3410 sancto;
1560 3345 1818 3416 aliudne,
1877 3352 2024 3421 quod

448 3427 518 3481 ad
558 3429 846 3484 sententias
876 3430 986 3484 vim
1031 3432 1247 3500 attinet,
1279 3432 1512 3490 dixero?
1557 3434 1732 3492 Porro
1765 3455 1864 3509 per
1890 3456 2025 3496 con-

445 3519 786 3591 junctionem
828 3531 879 3577 et
931 3525 1185 3578 connecti
1231 3526 1474 3591 nomina,
1533 3529 1724 3585 multis
1771 3532 2023 3587 testimo-

446 3612 558 3668 niis
595 3613 813 3683 probari
858 3621 1059 3684 potest.
1111 3613 1302 3670 Gratia
1342 3618 1508 3684 enim,
1558 3619 1759 3689 inquit,
1809 3621 2025 3678 Domini

448 3705 624 3759 nostri
678 3704 808 3760 Iesu
891 3705 1128 3774 Christi,
1187 3716 1237 3764 et
1285 3709 1522 3766 Charitas
1575 3711 1716 3778 Dei,
1775 3724 1824 3770 et
1882 3733 2025 3770 com-

411 3798 630 3851 .munic
664 3796 895 3866 Spiritus
957 3800 1131 3853 sancti
1155 3800 1238 3866 7’;
1289 3815 1356 3856 ac
1392 3817 1609 3868 rursus,
1652 3805 1880 3862 Obsecro
1927 3824 2026 3861 au-

2123 3158 2290 3227 τέρας
2327 3153 2527 3224 ὁμοίως
2556 3153 2654 3222 τῆς
2693 3149 3056 3218 ἐκφωνήσεως
3101 3145 3351 3209 σώζεται.
3403 3144 3466 3197 Ei
3507 3143 3712 3206 τοίνυν,

2123 3247 2217 3301 τοῦ
2275 3246 2480 3316 Κυρίου
2535 3243 2779 3304 εἰπόντος
2815 3239 3034 3308 Πατέρα
3083 3237 3178 3290 καὶ
3226 3235 3353 3289 Υίδν
3408 3235 3504 3288 καὶ
3553 3235 3722 3303 ἄτιον

2124 3339 2380 3410 Πνεῦμα,
2425 3335 2586 3398 αὐτὸς
2637 3333 2848 3403 εἴποιμι
2893 3329 3112 3400 Πατέρα
3159 3328 3255 3382 καὶ
3301 3327 3428 3379 Υἱὸν
3483 3327 3578 3380 σὺν
3628 3324 3715 3395 τῷ

2125 3432 2264 3501 ἁγίῳ
2294 3428 2590 3498 Πνεύματι,
2619 3425 2746 3479 ἄλλο
2789 3441 2840 3476 τι
2887 3422 2998 3492 (28)
3043 3418 3280 3492 εἰρηκὼς
3312 3417 3452 3472 κατά
3487 3416 3583 3486 τὴν
3611 3416 3715 3469 δύ-

2124 3540 2285 3594 ναμιν
2307 3521 2497 3591 ἔσομαι
2521 3535 2534 3584 ;
2561 3519 2670 3588 Τῆς
2697 3509 2752 3569 δὲ
2776 3516 2862 3568 διὰ
2883 3513 2976 3567 τοῦ
3007 3513 3108 3566 καὶ
3137 3511 3433 3582 συνδέσμου
3467 3508 3722 3578 συμπλο-

2123 3618 2227 3688 κῆς
2269 3613 2376 3668 τῶν
2411 3611 2688 3682 ὀνομάτων
2737 3607 2910 3662 πολλὰ
2954 3606 3023 3659 τὰ
3079 3603 3374 3676 μαρτύρια.
3429 3603 3491 3659 Ἠ
3535 3602 3718 3671 χάρις

2123 3711 2253 3780 γὰρ,
2277 3705 2429 3778 φησὶ,
2446 3703 2552 3758 τοῦ
2582 3700 2804 3769 Κυρίου
2833 3695 3002 3768 ’ἡμῶν
3024 3696 3218 3766 Ἰησοῦ
3239 3693 3517 3764 Χριστοῦ,
3542 3693 3643 3746 καὶ
3665 3693 3720 3761 ἠ

2123 3799 2320 3869 ἀγάπη
2353 3794 2460 3850 τοῦ
2491 3792 2660 3858 Θεοῦ,
2690 3791 2790 3846 καὶ
2819 3791 2858 3859 ὴ
2888 3789 3166 3843 κοινωνία
3199 3787 3304 3842 τοῦ
3333 3786 3504 3856 ἁγίου
3527 3785 3717 3838 Hreu-

451 3895 554 3940 tem
617 3903 704 3941 vos
773 3903 864 3956 per
939 3887 1228 3944 Dominum
1300 3901 1542 3947 nostrum
1614 3893 1802 3950 Iesum
1866 3895 2019 3952 Chri-

2124 3906 2332 3962 ματος·
2368 3887 2463 3940 καὶ
2488 3884 2676 3938 πάλινο
2706 3880 3041 3951 Παρακαλῶ
3069 3879 3136 3932 δὲ
3164 3877 3320 3948 ὑμᾶς
3339 3878 3448 3948 (29)
3474 3877 3572 3930 διὰ
3595 3876 3715 3930 τοῦ

451 3989 615 4045 stum,
660 3989 709 4034 et
741 3995 832 4048 per
874 3981 1190 4038 charitatem
1239 3983 1472 4054 Spiritus
1496 3987 1568 4041 ".
1604 3986 1793 4057 Itaque
1832 3988 1879 4043 si
1915 3988 2019 4059 50

2124 3985 2344 4050 Κυρίου
2370 3978 2538 4049 ἡμῶν
2559 3974 2760 4045 Ἰησοῦ
2784 3973 3041 4042 Χριστοῦ
3065 3973 3165 4025 καί
3193 3971 3300 4062 δια
3321 3969 3430 4038 τῆς
3463 3969 3720 4062 avditur;

448 4084 550 4140 pro
582 4070 971 4139 conjunctione
1012 4084 1064 4128 et
1115 4075 1451 4131 voluerimus
1505 4078 1582 4134 uti
1640 4079 2019 4149 praepositione

2124 4073 2231 4128 τοῦ
2256 4071 2619 4139 Πνεύματος.
2649 4067 2713 4119 Εἰ
2739 4063 2916 4118 τοίνυν
2937 4063 3058 4116 όιντ)⁵
3085 4062 3186 4132 τῆς
3213 4061 3307 4114 καὶ
3332 4063 3398 4131 τῇ
3431 4059 3553 4113 σὺν
3582 4060 3714 4112 ἑθε-

450 4171 592 4224 cum,
622 4157 756 4226 quid
813 4159 1106 4216 fecerimus
1157 4163 1407 4219 diversi?
1462 4164 1576 4237 Ego
1627 4182 1761 4223 sane
1795 4183 1908 4223 non
1942 4169 2019 4223 vi-

2124 4167 2388 4236 λήσαιμεν
2429 4156 2755 4232 χρήσασθαι,
2791 4155 2844 4210 τί
2886 4155 3144 4224 διάφορον
3180 4151 3538 4222 πεποιηκότες
3584 4150 3718 4202 ἐσό-

450 4247 589 4314 deo,
634 4247 742 4302 nisi
772 4250 898 4319 quis
957 4251 1028 4305 ob
1093 4250 1324 4323 frigidas
1371 4257 1739 4324 grammaticas
1805 4259 2019 4328 regulas

2128 4257 2295 4328 μεθα;
2342 4250 2484 4323 Ἐγὼ
2520 4251 2616 4321 μὲν
2640 4249 2738 4319 οὐχ
2762 4245 2896 4320 ὁρῶ,
2924 4245 3063 4316 πλὴν
3087 4246 3136 4297 εἱ
3165 4243 3241 4315 μὴ
3263 4241 3498 4314 ψυχραῖς
3522 4257 3720 4312 γραμ-

449 4343 894 4414 conjunctionem
944 4354 1202 4418 tanquam
1261 4350 1665 4419 copulativam,
1717 4367 1781 4407 ac
1849 4355 2019 4425 majo-

2129 4349 2382 4420 ματικαῖς
2426 4359 2512 4406 τις
2551 4341 2643 4396 τὸν
2681 4339 2778 4412 μὲν
2829 4337 3125 4408 σύνδεσμον
3173 4337 3250 4399 ὼς
3303 4334 3720 4406 συμπλεκτικὸν

448 4449 569 4491 rem
610 4435 871 4490 unionem
917 4435 1211 4493 facientem
1281 4439 1616 4510 praeferens,
1684 4445 2019 4515 pmpositio-

2128 4437 2492 4498 καὶ,πλείονα
2523 4431 2782 4486 ποιοῦντα
2821 4431 2920 4502 τὴν
2952 4431 3148 4484 ἕνωσιν
3184 4428 3484 4501 προτιμῶν,
3517 4429 3618 4500 τὴν
3648 4429 3720 4484 δὲ

447 4541 573 4584 nem
627 4527 862 4597 rejiciat,
920 4531 1078 4599 quasi
1119 4547 1227 4587 non
1253 4533 1499 4589 obtineat
1526 4551 1711 4605 parem
1741 4539 1874 4593 vim.
1913 4537 2019 4594 Sed

2129 4533 2404 4605 πρόθεσιν,
2439 4529 2515 4592 ὡς
2564 4526 2664 4578 οὐκ
2709 4523 2936 4596 ἔχουσαν
2966 4521 3064 4594 τὴν
3105 4521 3226 4592 ἴσην
3270 4520 3517 4591 δύναμιν,
3568 4521 3719 4573 ἁπο-

447 4619 494 4674 si
531 4619 599 4674 de
631 4618 716 4675 his
749 4634 781 4674 a
820 4619 980 4674 nobis
1007 4621 1149 4675 ratio
1201 4634 1623 4694 exposceretur,
1651 4624 1794 4682 forte
1832 4629 2019 4684 multis

2127 4626 2414 4697 πέμποιτο.
2463 4617 2600 4671 Ἀλλ’
2624 4617 2675 4670 εί
2692 4633 2757 4686 γε
2790 4615 2920 4686 περὶ
2945 4613 3148 4668 τούτων
3174 4612 3272 4676 τὰς
3293 4612 3522 4675 εὐθύνας
3550 4612 3654 4664 ὑπε
3665 4613 3718 4664 ί-

447 4709 630 4766 verbis
677 4725 788 4764 non
837 4725 976 4780 opus
1015 4720 1164 4767 esset
1217 4714 1377 4770 nobis
1435 4719 1504 4770 ad
1551 4717 2018 4783 respondendum.

2127 4733 2317 4790 χομεν,
2369 4713 2498 4774 ἴσως
2551 4709 2651 4762 οὐκ
2700 4707 2765 4761 ἂν
2815 4705 2926 4778 (50)
2975 4705 3170 4758 πολλοῦ
3208 4705 3367 4773 λόγου
3421 4704 3558 4775 πρὸς
3603 4704 3716 4776 τὴν

445 4819 731 4945 xv"5l(’)sal.
766 4837 892 4887 va,
927 4821 1015 4877 15.
1087 4822 1134 4854 ⁷ο
1154 4823 1296 4880 Psal.
1325 4841 1433 4892 ειν,
1465 4828 1553 4883 '57.
1655 4830 1698 4861 τί
1723 4827 1869 4886 Psal.
1901 4847 2019 4886 xui

2124 4832 2157 4886 0
2281 4830 2329 4861 ⁷³
2351 4826 2371 4880 ι
2395 4825 2591 4881 Thess.
2625 4839 2668 4888 I,
2701 4821 2751 4877 1.
2860 4821 2908 4852 ⁷³
2928 4819 2972 4875 ιι
2998 4823 3126 4878 Cor.
3152 4835 3274 4887 xm,
3311 4819 3398 4874 i5.
3473 4817 3520 4850 "
3537 4817 3716 4877 Rom.

331 4944 335 4952 ,
445 4907 538 4958 xv,
570 4907 659 4945 ου.

518 5005 641 5128 (9.5).
671 5004 1018 5086 Ἰξελεύσῃ.
1070 5001 1470 5084 Ειίίιὶοιιᾶιιιιιιι
1578 5001 1732 5084 Θεόςο,
1768 5001 1865 5057 sed
1903 5002 2015 5056 haec
2115 5002 2240 5056 loco
2265 5009 2576 5089 agnoscunt
2599 5008 2816 5083 veteres
2845 5001 2996 5057 libri.

518 5101 521 5128 ι
549 5079 599 5128 lo
629 5090 683 5128 in
705 5083 874 5128 veteri
901 5076 1041 5128 ιιι)ιο
1067 5081 1438 5128 reuertuntur.
1465 5070 1675 5126 Ibidem
1707 5072 1866 5128 illud.
1890 5073 2015 5125 ἀντὶ
2185 5071 2297 5128 (29)
2357 5072 2534 5128 Υαας.
2569 5070 2710 5125 Editi
2734 5072 2942 5126 addunt
2967 5074 2996 5125 ά

446 5069 683 5131 nulloin
705 5077 874 5129 veteri
901 5069 1041 5128 libro
1067 5072 1438 5142 reperiuntur.
1465 5070 1675 5143 Ibidem
1707 5072 2015 5143 ιιιυιι,ίάντι

2185 5069 2324 5141 (29)“
2342 5069 2534 5140 Ὑμᾶς.
2569 5070 2710 5125 Editi
2734 5072 2942 5143 addunt
2967 5073 3209 5142 ἀδελφοί,
3235 5075 3381 5143 quod
3406 5074 3460 5128 in
3487 5077 3714 5135 nostris

445 5145 620 5217 τοῦ...
644 5141 1166 5217 ἡμῶνηοιιιιίιίὶιιιιιε
1190 5159 1256 5217 es
1285 5143 1462 5198 tribus
1497 5142 1651 5217 libris
1671 5142 1938 5217 antiquis.

2124 5157 2246 5217 mss.
2289 5155 2400 5217 non
2449 5143 2752 5217 reperitur.
2785 5141 2966 5217 Paulo
2993 5141 3116 5217 post
3151 5141 3709 5217 edifi‘EOEhﬁGOtpsv.

436 5259 438 5262 .
661 5210 978 5287 Συντάξει.
1000 5213 1078 5287 ita
1112 5213 1239 5267 libri
1272 5220 1506 5287 veteres.
1543 5210 1688 5287 Editi
1713 5210 1908 5287 τάξειι-
1932 5281 1964 5287 __
1997 5281 2008 5287 _

2124 5210 2244 5266 iiss.
2269 5221 2329 5287 ιιι
2346 5213 2401 5264 in
2421 5219 2593 5287 textu.
2621 5210 2866 5287 Subinde
2885 5210 3258 5287 editio_Pari_s.
3283 5210 3489 5287 ψυχρὸς
3508 5210 3712 5287 γραμ-

540 5281 631 5354 ‘27)
662 5284 1252 5403 Katalaﬁé’droo-tsg.
1293 5281 1536 5364 ltatnss.
1571 5282 1831 5403 quinque.
1869 5281 2011 5335 Editi

540 5355 860 5403 ταλαὸόντες-
958 5370 1027 5403 0x
1072 5352 1234 5403 Iidem
1273 5353 1405 5403 edtll
1447 5353 1532 5403 ἐφ’
1570 5353 1702 5403 ἑκατ
1739 5368 1858 5403 οας.
1905 5351 2012 5403 Sed

2124 5281 2340 5350 ματικός
2371 5298 2454 5342 τις
2481 5282 2574 5335 τὸν
2606 5282 2704 5351 μὲν
2733 5283 2894 5337 καὶ...
2921 5283 3018 5353 τὴν
3054 5284 3111 5336 δὲ
3152 5285 3268 5339 σύν.
3299 5281 3531 5339 διιῖῐιηιό
3550 5281 3714 5341 ’θοὴ-

2124 5366 2280 5403 sensu
2336 5352 2539 5403 vetusti
2591 5352 2810 5403 codices
2853 5362 2908 5403 et
2959 5353 3092 5403 edit.
3141 5354 3304 5403 Basil-
3363 5362 3598 5403 utramie
3640 5367 3710 5403 ιιι

958 5352 1234 5424 οχηὶἱᾱειιι
1273 5352 1405 5424 editi
1447 5353 1532 5420 ἐφ’
1554 5351 1858 5424 ἑκατέρας.
1905 5351 2012 5424 Sed
2112 5366 2286 5424 sensu
2336 5352 2539 5405 vetusti
2591 5352 2810 5424 codices
2853 5362 2913 5424 et
2959 5351 3092 5424 edit.
3140 5354 3304 5410 Basil.
3363 5362 3598 5424 utraque
3640 5367 3710 5412 ut

448 5443 585 5481 mss.
622 5434 682 5479 ut
717 5427 771 5479 in
820 5432 994 5480 textu.
1025 5423 1146 5478 Non
1176 5422 1347 5477 multo
1395 5433 1518 5478 post
1553 5421 1688 5490 Reg.
1734 5421 2012 5476 Secundus
2115 5421 2385 5495 edendum
2423 5423 2758 5495 curavimus,
2810 5422 2918 5495 nisi
2954 5423 3098 5491 quod
3134 5426 3186 5479 in
3223 5425 3463 5479 secunda
3495 5421 3709 5495 legitur

2114 5489 2748 5562 ψυχρδςγραμματικός,
2774 5493 2921 5546 unde
2951 5489 3109 5548 error
3134 5497 3192 5549 in
3215 5489 3608 5562 Parisiensem,
3639 5508 3712 5555 ut

2114 5575 2258 5629 saepe
2291 5561 2447 5624 alias,
2481 5560 2659 5613 ﬂuxit.

2183 5630 2295 5700 (50)
2323 5630 2492 5704 Ἴσως
2515 5634 2625 5684 οὐκ
2654 5629 2751 5684 ἄν.
2777 5631 2869 5704 Sic
2894 5647 2995 5703 ope
3018 5633 3261 5704 quinque
3283 5650 3418 5691 mss.
3443 5637 3712 5704 emenda-

2110 5698 2287 5756 vimus
2311 5698 2452 5770 quod
2482 5714 2645 5771 prave
2672 5704 2730 5757 ιιι
2759 5698 3238 5776 editis'legebatur
3279 5706 3438 5772 τέως,
3475 5698 3576 5760 οῦκ
3603 5710 3695 5766 ἂν,

447 5355 860 5419 καταλαϐόντες.

448 5496 529 5549 ὅτι
556 5495 653 5566 τὴν
685 5495 932 5566 δύναμιν.

521 5560 632 5637 (9.8)
666 5560 841 5619 Ἄλλο
873 5582 946 5618 τι.
977 5563 1119 5618 Editi
1143 5565 1240 5637 ούκ
1268 5563 1396 5637 ἄλλο
1420 5581 1493 5616 τι.
1518 5560 1742 5637 Negatio
1771 5561 1927 5616 deest
1957 5561 2010 5637 in

449 5632 547 5691 sesi
573 5632 705 5689 mss.
741 5643 794 5688 et
833 5650 863 5688 a
901 5636 1252 5704 typographis
1285 5634 1494 5688 videtur
1525 5633 1726 5692 addita,
1763 5646 1829 5685 eo
1863 5632 2010 5704 quod

450 5723 560 5764 non
588 5703 934 5762 adverterent
964 5703 1408 5773 interrogationis
1451 5712 1659 5770 notam,
1699 5716 1864 5772 quam
1905 5703 2009 5758 hoc
