3888 6214
468 333 572 390 I79
1813 329 1871 386 S.
1912 327 2158 385 BASILII
2197 328 2409 384 MAGNI
3619 319 3721 376 180

469 465 537 507 ac
568 447 817 506 desistite
845 454 1004 504 atrox
1035 456 1091 502 et
1124 429 1470 519 implacabile
1510 449 1714 506 bellum
1768 464 1894 504 cum
1953 451 2004 505 ill

2188 452 2245 520 ἧς
2262 450 2444 520 φωνῆς
2461 448 2832 518 ὑπαρχούσης,
2865 445 3002 516 εῐτῳ
3019 444 3170 515 φίλον
3193 445 3250 498 ὲν
3274 440 3598 510 δοξολογίαις
3616 440 3723 508 (37)

469 555 678 615 gerere.
739 530 846 595 Sed
893 549 1077 595 tamen
1137 542 1391 610 quamvis
1441 541 1560 596 hazc
1625 556 1733 595 vox
1786 548 1900 594 tam
1940 539 2004 611 5:

2190 547 2217 615 ᾖ
2249 543 2346 597 καὶ
2382 541 2619 612 συλλαϐῇ
2653 540 2859 593 συνδεῖν
2882 538 2951 591 τὰ
2979 537 3216 608 ὀνόματα
3242 537 3338 590 καὶ
3366 533 3626 600 δοξάζειν,
3653 533 3725 594 ὡς

468 643 598 705 apta
627 633 701 690 sit
737 632 806 688 ad
849 631 1292 703 signiﬁcandum,
1343 634 1391 689 si
1438 635 1531 690 cui
1565 634 1718 690 cordi
1771 633 1939 690 fuerit
1989 634 2003 688 i

2189 653 2211 688 ν
2252 633 2601 703 Εύαγγελίοις
2638 632 2730 685 ἐπὶ
2761 630 2856 684 τοῦ
2888 631 3268 701 βαπτίσματος
3309 626 3724 698 μεμαθήκαμεν,

471 724 964 797 gloriﬁcationibus
996 739 1096 795 per
1148 725 1416 797 syllabam
1443 737 1492 782 et
1546 727 1771 782 nomina
1836 741 2006 782 conne

2190 728 2374 798 [ατέρα
2395 727 2488 780 καὶ
2526 724 2654 776 Υίδν
2686 723 2780 776 καὶ
2813 723 2964 791 ἅγιον
2999 720 3250 789 Πνεῦμα*
3282 719 3375 770 καὶ
3409 715 3552 770 οὕτω
3582 712 3725 781 γινέ-

469 826 621 874 ctere
656 823 713 872 et
738 817 1047 889 gloriﬁcare
1079 857 1094 882 ,
1133 818 1592 888 quemadmodum
1625 819 1682 875 in
1712 819 2004 890 Evangelii:

2191 819 2286 882 Θω,
2318 817 2491 880 οὐδεὶς
2541 816 2776 886 ἀντερεῖ.
2825 813 2947 866 Ἐπὶ
2991 811 3220 873 τούτοις,
3264 811 3311 862 εί
3349 809 3515 866 δοκεῖ,
3558 822 3726 859 κατα-

470 908 565 964 ubi
590 908 658 964 de
687 909 1036 980 baptismate,
1070 909 1388 976 didicimus,
1426 910 1646 967 Patrem
1677 920 1732 968 et
1771 911 2005 966 Filiumi

2192 909 2394 982 ῶμεθα.
2434 907 2596 961 Ἀλλὰ
2637 906 2736 970 τὰς
2765 904 3016 973 γλώσσας
3057 902 3124 956 ἂν
3156 900 3419 982 πρόοιντο
3442 895 3656 967 μᾶλλον,

472 999 737 1071 Spiritum
768 1009 1020 1056 sanctum
1051 1020 1068 1070 ;
1099 1003 1264 1058 etiam
1301 1003 1376 1057 ita
1416 1001 1530 1068 ﬁat,
1561 1019 1724 1059 nemo
1769 1004 2007 1058 contradf

2290 998 2471 1070 φωνὴν
2504 997 2713 1068 ταύτην
2753 994 3014 1060 δέξαιντο.
3048 990 3218 1044 Τοῦτο
3253 988 3350 1058 μὲν
3376 981 3469 1038 οῦν
3508 985 3674 1045 ἐστιν,
3701 981 3729 1034 ὃ

471 1102 664 1151 cturus
701 1104 808 1152 est.
847 1094 963 1152 Hae
1018 1098 1352 1162 conditione,
1386 1099 1433 1154 si
1471 1098 1710 1164 videtur,
1767 1099 1913 1154 inter
1946 1113 2006 1152 nc

2190 1092 2245 1144 δν
2277 1091 2582 1161 ἀκήρυκτον
2608 1089 2740 1158 ἡμῖν
2760 1086 2852 1140 καὶ
2881 1083 3141 1140 ἄσπονδον
3173 1081 3298 1134 πόλε
3309 1096 3415 1150 μον·
3433 1074 3725 1144 ἐπεγείρει.

472 1187 903 1244 consentiamus.
965 1188 1072 1244 Sed
1107 1190 1196 1247 isti
1254 1191 1421 1247 citius
1455 1191 1760 1260 abjecerint
1807 1191 2007 1259 linguai

2194 1186 2257 1237 Εν
2305 1182 2385 1253 τῷ
2423 1181 2723 1251 Πνεύματι,
2774 1179 2928 1249 φησὶ,
2960 1175 3038 1248 τῷ
3093 1174 3232 1242 ἁγίῳ
3279 1170 3378 1242 τὴν
3427 1165 3729 1260 δοξολογίαν

471 1293 637 1350 quam
676 1279 822 1336 hanc
858 1295 1049 1337 vocem
1090 1282 1381 1352 recipiant.
1424 1258 1540 1338 Hoc
1568 1285 1736 1354 igitur
1765 1290 1873 1348 est,
1903 1298 2006 1354 quo

2196 1275 2445 1329 ποδοτέον
2465 1272 2544 1344 τῷ
2565 1271 2704 1344 Θεῷ,
2734 1271 2855 1340 ούχὶ
2885 1268 2941 1321 δὲ
2977 1268 3072 1321 καὶ
3087 1265 3163 1336 τῷ
3183 1264 3460 1333 Πνεύματι
3477 1277 3490 1290 ο
3519 1258 3612 1312 καὶ
3639 1259 3730 1354 Ex:

471 1372 634 1427 nobis
672 1373 1006 1428 acerrimum
1059 1389 1124 1430 ac
1179 1375 1641 1432 irreconciliabile
1693 1377 1894 1432 bellum
1955 1391 2006 1432 ei

2203 1368 2438 1440 ιμότατα-
2478 1365 2578 1436 τῆς
2607 1365 2790 1436 φωνῆς
2837 1360 3040 1432 ταύτης
3077 1359 3153 1422 ὡς
3190 1353 3588 1423 ταπεινωτικῆς
3618 1347 3738 1418 (58)

469 1460 626 1515 citat.
659 1459 718 1515 ln
759 1459 969 1532 Spiritu
995 1472 1188 1521 sancto
1216 1504 1232 1528 ,
1273 1465 1570 1536 inquiunt,
1609 1467 1789 1522 danda
1822 1473 1906 1522 est
1939 1467 2004 1538 gli

2198 1461 2250 1514 οῦ
2285 1460 2600 1531 Πνεύματος
2651 1457 3017 1528 περιέχονται.
3054 1451 3192 1538 Περὶ
3217 1444 3285 1522 ἦς
3317 1448 3416 1500 οὐκ
3461 1445 3733 1538 ἄχρηαστον

469 1553 556 1608 ria
596 1552 881 1620 Deo,‘non
930 1565 1113 1612 autem
1169 1567 1222 1613 et
1254 1557 1530 1630 Spiritui:
1574 1567 1738 1631 atque
1783 1560 2004 1616 acerrirr

2196 1553 2253 1606 at
2297 1551 2387 1606 διὰ
2429 1528 2781 1622 μακροτέρων
2822 1548 3014 1600 εἰπεῖν.
3047 1536 3148 1594 Ὦν
3185 1538 3516 1598 ἀκούσαντες
3562 1528 3729 1596 οῦτοι,

471 1643 604 1700 huic
651 1645 775 1702 voci
837 1652 1102 1718 tanquam
1161 1624 1427 1718 Spiritum
1493 1624 1822 1720 depriinenti
1872 1647 2006 1702 adha

2201 1644 2541 1716 κυμάσαιμεν
2572 1642 2659 1705 ἂν,
2691 1643 2740 1693 εί
2776 1638 2850 1712 μὴ
2877 1637 2953 1702 ὥς
2980 1633 3226 1707 προδότιν
3264 1626 3575 1720 αὐτὴν,καὶ
3598 1624 3736 1720 πρδς

418 1742 425 1748 ’
470 1745 722 1793 rescunt.
748 1735 826 1792 De
861 1715 973 1809 qua
995 1754 1104 1793 non
1138 1715 1332 1796 inutile
1359 1740 1524 1796 fuerit
1552 1715 1821 1811 prolixius
1847 1740 1953 1796 dice

2204 1715 2277 1810 ην
2308 1735 2404 1790 τοῦ
2436 1734 2750 1806 Πνεύματος
2797 1729 2954 1796 δόξαν
3007 1723 3418 1797 αῢτομολοῦσαν-
3456 1715 3739 1787 ἀποκηρύ-

471 1832 608 1898 Quae
660 1845 787 1886 cum
828 1831 1104 1888 audierint
1136 1833 1250 1899 isti,
1313 1832 1650 1900 demirabor,
1699 1835 1746 1889 si
1781 1848 1892 1889 non
1931 1847 2052 1888 eam
2083 1818 2127 1874 Β
2156 1829 2339 1896 Emori.

475 1930 536 1974 nt
572 1920 933 1991 proditricem
970 1929 1025 1978 et
1063 1923 1130 1977 ad
1167 1921 1407 1995 Spiritus
1439 1924 1669 1996 gioriam
1698 1924 1848 1980 ultro
1866 1931 2050 1981 trans-

445 2021 449 2026 ‘
475 2014 660 2085 fugam
695 2015 1084 2086 repudiabant.

1036 2151 1264 2210 CAPUT
1299 2151 1489 2210 XXVI.

2656 2149 3050 2209 ΚΕΦΑΛΛΙΟΝ
3084 2147 3236 2213 KG".

370 2313 379 2321 .
476 2260 619 2330 Quot
643 2264 815 2322 modis
845 2265 1100 2338 dicitur_¢
1130 2268 1208 2333 in,
1244 2286 1268 2342 ι
1300 2267 1518 2342 totidem
1545 2267 1717 2325 modis
1746 2269 1810 2324 de
1851 2268 1905 2340 δι

2213 2279 2289 2330 in
2325 2271 2565 2342 ὁσαχῶς
2597 2270 2847 2342 λέγηται
2869 2267 2936 2322 τὸ
2971 2287 2989 2318 ι
3017 2267 3108 2342 ἐν,
3140 2283 3158 2314 ι
3201 2252 3590 2342 εοσαυταχῶς
3629 2245 3748 2304 καί

1154 2329 1345 2408 accipi.
1891 2329 1902 2340 '
2206 2329 2214 2330 ί
2440 2329 2663 2396 Exime
2681 2329 2689 2342 '

2206 2329 2214 2330 ί
2440 2329 2663 2396 Emi-toﬁ
2681 2329 3042 2409 ’Πνεύματος
3073 2329 3452 2403 λαμϐάνεται.

548 2444 640 2502 61.
678 2445 813 2502 Mihi
869 2447 1038 2518 igitur
1073 2450 1447 2506 consideranti
1484 2450 1738 2517 videtur,
1769 2452 1877 2509 etsi
1923 2453 2058 2510 sim-

2232 2459 2321 2514 61.
2371 2456 2526 2529 Ἐμοὶ
2573 2454 2753 2508 τοίνυν
2801 2449 3158 2520 σκοπουμένῳ
3201 2444 3369 2505 δοκεῖ,
3414 2433 3590 2505 ἁπλῆς
3639 2430 3745 2529 καὶ

476 2536 599 2606 piex
661 2551 728 2592 ac
780 2537 964 2596 brevis
1021 2547 1107 2596 est
1152 2541 1318 2611 hujus
1369 2541 1593 2613 syllabae
1647 2544 2011 2613 pronuntiat-it

2214 2525 2556 2624 W‘ttstLOU‘Tﬁ;
2583 2548 2943 2617 ἐκφωνήσεως
2971 2541 3157 2611 οὔσης,
3189 2535 3358 2590 πολλὰ
3397 2525 3749 2624 καὶῌποικίλα

477 2627 658 2683 multa
711 2636 776 2684 et.
823 2630 971 2685 varia
1021 2645 1121 2700 per
1159 2646 1291 2702 [eam
1345 2632 1665 2705 signiﬁcari.
1731 2633 1876 2700 Quot
1911 2634 2012 2690 enii

2220 2663 2301 2699 ναι
2326 2618 2398 2696 τὰ
2437 2618 2703 2709 δι’ήαύτῆς
2731 2635 3126 2708 σημαινόμενα.
3177 2625 3421 2696 Ὀσαχῶς
3453 2621 3561 2692 γὰρ
3587 2618 3755 2709 λέγες

477 2719 670 2809 modis
689 2720 894 2776 dicitur
952 2723 1042 2788 in,
1083 2723 1310 2780 totidem
1364 2725 1544 2782 modis
1583 2727 1898 2782 invenimus
1935 2741 2012 2780 ea]

2216 2755 2248 2789 ιι
2305 2734 2365 2788 τὸ
2395 2734 2484 2798 ἐν,
2529 2726 2879 2798 τοσαυταχῶς
2933 2726 3258 2796 εὑρίσκομεν
3306 2719 3426 2780 ταῖς
3470 2711 3595 2809 nep}
3645 2725 3751 2809 τὲυ

475 2797 748 2881 syllabam
788 2813 1150 2884 conceptibus
1192 2817 1261 2872 de
1291 2813 1503 2886 Spiritu
1546 2816 1880 2872 subservire.
1920 2814 2010 2870 Nai

2221 2827 2476 2898 νεύματος
2505 2821 2733 2883 ἐννοίαις
2766 2815 3226 2890 ὑπηρετούμενον.
3259 2811 3491 2879 Λέγεται
3532 2802 3628 2898 μὲν
3648 2793 3756 2898 ιςῖιν

479 2901 658 2957 forma
691 2905 896 2960 dicitur
920 2921 1046 2962 esse
1099 2908 1156 2962 in
1209 2909 1476 2975 materia,
1519 2919 1573 2966 et
1620 2909 1864 2980 potentia
1899 2909 1957 2964 in
1994 2923 2014 2964 ε

2251 2888 2388 2976 εἶδος
2446 2888 2504 2963 ἐν
2547 2911 2614 2980 τῇ
2650 2907 2751 2981 ὕλῃ
2784 2888 2944 2969 εἶναι,
2979 2905 3074 2957 καὶ
3106 2905 3139 2974 ἡ
3183 2900 3410 2969 δύναμις
3455 2896 3513 2947 ὲν
3551 2889 3629 2960 τῷ
3658 2888 3760 2940 δεειί

477 2996 630 3063 quod
667 2996 788 3065 ejus
815 3011 988 3069 capax
1026 3008 1132 3065 est,
1164 3008 1218 3057 et
1263 3001 1487 3058 habitus
1525 3003 1581 3057 in
1621 3017 1690 3058 eo
1727 3001 1824 3072 qui
1861 3016 2012 3058 seem

2225 3004 2353 3075 νικῷ,
2384 3003 2480 3056 καὶ
2512 3003 2542 3072 ἡ
2579 3000 2690 3065 ἕξις
2725 3000 2783 3052 ὲν
2815 2995 2894 3066 τῷ
2927 2996 3045 3049 κατ’
3073 2993 3240 3063 αὐτὴν
3268 2985 3615 3057 διακειμένῳ,
3648 2981 3760 3033 καὶ

479 3087 614 3144 dum
661 3089 817 3146 illum
877 3090 1108 3149 affectus
1179 3104 1304 3160 est,
1359 3095 1576 3166 aliaque
1624 3070 1792 3165 hujus
1841 3098 2014 3165 generi

2227 3070 2336 3145 ιλλά
2391 3070 2638 3144 τοιαῦτα.
2695 3085 2924 3152 Οὐκοῦν,
2968 3083 3103 3137 καθὸ
3157 3083 3253 3154 μὲν
3295 3073 3638 3132 τελειωτικδν
3684 3070 3762 3124 τὸ

477 3183 682 3238 multa.
749 3182 936 3256 Itaque
1000 3195 1275 3258 quatenus
1351 3164 1590 3259 Spiritus
1662 3164 1892 3245 sanctus
1951 3187 2012 3242 vi

2227 3200 2320 3248 τιον
2370 3181 2595 3252 Πνεῦμα
2641 3180 2749 3234 τῶν
2793 3177 3047 3249 λογικῶν,
3095 3171 3391 3245 ἀπαρτίζον
3427 3167 3604 3222 αὐτῶν
3644 3165 3762 3237 τὴν

481 3273 650 3332 habet
711 3276 1033 3347 perﬁciendi
1094 3287 1404 3334 creaturam
1449 3280 1771 3334 rationalem
1801 3318 1817 3344 ,
1877 3279 2011 3334 abso

2231 3277 2465 3350 ιρότητα,
2502 3276 2592 3328 τὸν
2627 3274 2719 3328 τοῦ
2760 3273 2934 3335 εἴδους
2965 3271 3122 3340 λόγον
3154 3267 3360 3337 ἐπέχει.
3407 3264 3464 3316 Ὀ
3491 3259 3597 3330 γὰρ
3634 3275 3766 3350 tn”,-

382 3385 384 3388 -
482 3378 620 3421 vens
668 3363 820 3420 illius
895 3365 1209 3438 fastigium,
1279 3367 1470 3423 formae
1507 3370 1774 3424 rationem
1829 3368 1917 3424 obl

2234 3386 2287 3422 τι
2317 3367 2456 3422 κατὰ
2487 3367 2666 3438 σάρκα
2713 3365 2840 3432 ζῶν,
2871 3361 3007 3418 ἀλλὰ
3051 3359 3332 3430 Πνεύματι
3377 3351 3512 3408 Θεοῦ
3543 3349 3769 3419 ἀγόμει-

481 3453 622 3510 Nam
677 3456 776 3527 qui
805 3457 919 3526 jam
969 3473 1082 3513 non
1112 3459 1246 3514 vivit
1303 3459 1608 3515 secundum
1667 3474 1912 3522 carnem,
1969 3476 2016 3516 se

2233 3475 2276 3521 ς,
2305 3458 2398 3512 καὶ
2446 3457 2560 3519 υίὸς
2585 3455 2719 3508 Θεοῦ
2747 3451 3119 3526 χρηματίζων,
3156 3450 3251 3503 καὶ
3295 3445 3614 3516 σύμμορφος
3646 3440 3768 3509 τῆς

483 3547 700 3621 Spiritu
740 3546 837 3604 Dei
873 3549 1056 3619 agitur
1089 3589 1104 3614 ,
1139 3563 1205 3605 ac
1255 3549 1434 3606 Filius
1469 3549 1566 3605 Dei
1596 3551 1913 3605 nominatur
1939 3592 1956 3617 ,
2011 3571 2018 3602 ι

2233 3551 2374 3614 ιιόνος
2401 3548 2496 3602 τοῦ
2545 3548 2675 3601 Υἱοῦ
2719 3546 2810 3599 τοῦ
2842 3544 2977 3598 Θεοῦ
3016 3543 3337 3612 γενόμενος,
3379 3531 3768 3604 πνευματικδς

486 3635 790 3698 conformis
816 3641 1041 3711 imagini
1090 3641 1217 3697 Filii
1251 3641 1346 3699 Dei
1381 3641 1558 3699 factus
1595 3649 1699 3706 est,
1763 3642 2015 3713 spiritual

2236 3642 2515 3714 ομάζεται.
2539 3641 2649 3694 Καὶ
2676 3639 2750 3703 ὼς
2775 3641 2808 3710 ἡ
2836 3636 3065 3707 δύναμις
3089 3634 3184 3688 τοῦ
3217 3633 3347 3704 ὁρᾷν
3381 3630 3438 3682 ὲν
3467 3625 3544 3694 τῷ
3569 3623 3771 3692 ὑγιαί-

489 3732 718 3790 dicitur.
753 3732 822 3788 Et
861 3734 1007 3792 sicut
1038 3733 1303 3790 cernendi
1353 3735 1439 3790 vis
1480 3743 1566 3791 est
1599 3736 1655 3790 in
1693 3735 1855 3790 oculo
1887 3749 2022 3790 sano

2236 3755 2312 3791 ντι
2345 3733 2629 3806 ὀφθαλμῷ,
2659 3733 2830 3795 οὕτως
2857 3732 2890 3802 ἠ
2933 3729 3182 3800 ἐνέργεια
3213 3723 3308 3777 τοῦ
3338 3719 3658 3790 Πνεύματος
3697 3717 3771 3767 ἐν

489 3827 575 3884 sic
631 3827 880 3899 operatio
931 3827 1179 3899 Spiritus.
1244 3829 1301 3883 in
1356 3827 1543 3882 anima
1591 3837 1840 3898 purgata.
1881 3827 2024 3898 quu

2264 3827 2649 3898 κεκαθαρμένη
2673 3824 2838 3895 ψυχῇ.
2875 3822 2966 3874 Διὸ
2991 3820 3083 3873 καὶ
3111 3815 3322 3878 Παῦλος
3347 3811 3562 3901 εῦχεται
3604 3808 3776 3901 Ἐφεέ

486 3917 694 3976 Paulus
731 3929 881 3992 optat
917 3919 1204 3991 Ephesiis,
1263 3927 1322 3974 ut
1352 3920 1544 3974 oculos
1594 3920 1830 3975 habeant
1866 3921 2017 3974 illum

2242 3939 2328 3985 κς,
2359 3917 2806 3990 πεφωτισμένους
2845 3911 3156 3983 ὀφθαλμοὺς
3185 3906 3364 3962 αὐτῶν
3406 3900 3544 3956 εἶναι
3583 3901 3645 3952 ἐν
3673 3900 3777 3971 τῷ

487 4020 653 4069 natos
692 4013 748 4068 in
814 4013 1023 4084 Spiritu
1089 4013 1452 4083 sapientiae".
1507 4011 1574 4066 Et
1611 4011 2022 4082 q-uemadmoilui

2243 4016 2448 4088 νεύματι
2475 4015 2574 4085 τῆς
2615 4013 2825 4083 σοφίας.
2852 4008 2963 4064 Καὶ
2990 4008 3066 4071 ὡς
3092 4009 3125 4077 ἡ
3154 4005 3318 4074 τέχνη
3357 4002 3415 4054 ὲν
3448 3997 3526 4070 τῷ
3552 3996 3778 4051 ἀναλα-

489 4120 585 4160 ars
641 4112 727 4160 est
764 4104 820 4159 in
873 4119 939 4160 eo
965 4104 1062 4175 qui
1124 4105 1274 4158 illam
1325 4104 1554 4174 adeptus
1600 4113 1684 4159 est
1716 4143 1730 4168 ,
1771 4107 1847 4158 ita
1893 4104 2024 4175 grati

2247 4128 2318 4164 m.
2359 4108 2550 4178 αὐτὴν,
2589 4105 2762 4168 οὕτως
2805 4105 2838 4175 ὴ
2877 4102 3037 4174 χάρις
3069 4097 3162 4152 τοῦ
3216 4095 3534 4166 Πνεύματος
3583 4091 3646 4142 ἐν
3679 4091 3782 4161 τῷ

490 4194 736 4267 Spiritus
792 4197 849 4252 in
898 4212 965 4253 eo
1002 4197 1099 4266 qui
1156 4197 1361 4266 recepit
1398 4212 1542 4261 eam,
1584 4213 1800 4266 semper
1845 4195 2025 4268 quidei

2250 4199 2573 4270 οδεξαμένῳ,
2604 4197 2688 4251 ἀεὶ
2718 4196 2817 4266 μὲν
2845 4191 3228 4264 συμπαροῦσα,
3259 4189 3378 4257 οὐχ).
3399 4186 3454 4239 δὲ
3481 4184 3576 4237 καὶ
3605 4183 3785 4254 ἐνερ-

489 4306 761 4362 praesens,
835 4300 891 4346 at
945 4305 1053 4345 non
1097 4298 1362 4361 perpetuo
1395 4305 1654 4359 operans.
1686 4289 1823 4344 Nam
1879 4299 1934 4346 et
1977 4305 2024 4344 ai

2248 4291 2341 4344 ὅσα
2386 4287 2668 4360 διηνεκῶς.
2717 4286 2870 4340 Ἐπεὶ
2914 4283 3008 4338 καὶ
3041 4285 3075 4354 ἡ
3109 4281 3270 4350 τέχνη
3313 4276 3537 4346 δυνάμει
3568 4273 3673 4344 μὲν
3709 4276 3783 4326 ὲν

490 4384 737 4456 potentia
788 4385 1009 4454 quidem
1039 4395 1124 4441 est
1155 4386 1213 4439 in
1264 4385 1522 4452 artiﬁce;
1561 4391 1688 4438 actu
1739 4398 1872 4438 vero
1910 4390 2025 4436 tum

2283 4383 2504 4453 τεχνίτῃ
2528 4381 2704 4433 ἐστίν·
2735 4378 2986 4450 ἐνεργείᾳ
3009 4377 3066 4429 δὲ
3105 4374 3247 4437 τότε,
3283 4373 3408 4424 ὅταν
3439 4366 3559 4422 κατ’
3580 4366 3784 4438 αὐτὴν

490 4489 620 4530 cum
666 4475 969 4531 secundum
1020 4476 1170 4530 illam
1229 4484 1492 4545 operatur
1524 4491 1536 4527 :
1573 4475 1763 4530 itidem
1828 4472 2025 4544 Spiritu

2253 4479 2391 4546 ιργῇ.
2436 4475 2591 4528 Οὕτω
2617 4473 2714 4526 καὶ
2755 4473 2814 4524 τὸ
2851 4468 3076 4540 Πνεῦμα
3124 4467 3210 4520 ἀεὶ
3255 4465 3354 4536 μὲν
3407 4460 3788 4532 συμπάρεστι

2253 4572 2255 4580 .
2339 4567 2416 4580 ....
2555 4569 2569 4580 .
2742 4563 2837 4580 ...μ
3009 4560 3020 4580 .
3075 4560 3166 4580 Α-.
3198 4557 3387 4580 μηρω,
3452 4554 3483 4580 ι
3523 4555 3581 4580 ι..
3617 4570 3738 4580 ..η

489 4583 709 4637 semper
743 4567 966 4638 quidem
1023 4567 1178 4622 adest
1237 4567 1417 4638 dignis
1440 4608 1455 4632 ,
1491 4566 1588 4622 sed
1622 4575 1879 4636 operatur
1907 4581 2024 4634 pro:

2252 4571 2284 4632 ’ς
2327 4567 2519 4633 ἀξίοις,
2551 4563 2848 4635 ὲνεργεῒδὲ
2892 4560 3034 4616 κατὰ
3069 4560 3166 4630 τὴν
3197 4557 3408 4630 χρείαν,
3452 4554 3485 4624 ἢ
3523 4555 3581 4604 ἐν
3617 4570 3787 4623 προ-

489 4674 636 4728 opus
669 4666 775 4722 est,
818 4666 914 4713 aut
969 4659 1025 4712 in
1061 4659 1397 4728 prophetiis,
1437 4665 1532 4711 aut
1562 4657 1620 4712 in
1653 4657 2024 4714 sanationibus

2259 4659 2448 4722 τείαις,
2497 4658 2531 4728 ἢ
2565 4659 2622 4709 ὲν
2664 4654 2907 4725 ίάμασιν,
2942 4652 2976 4722 ἥ
3026 4652 3085 4703 ἐν
3111 4647 3290 4710 ἄλλοις
3316 4645 3426 4699 τιεῖ
3467 4643 3794 4711 δυνάμεων

489 4751 674 4805 autin
728 4749 854 4805 ali-is
892 4750 1285 4805 miraculorum
1331 4748 1766 4820 operationibus.
1797 4747 2024 4803 Praetere

2272 4751 2566 4821 ργήμασιν.
2619 4747 2739 4798 Ἔτι
2783 4744 2858 4808 ὡς
2889 4744 2948 4796 ὲν
2975 4741 3219 4811 σώμασιν
3249 4737 3446 4805 ὑγίεια,
3473 4734 3506 4802 ἢ
3555 4732 3803 4804 θερμὸ..

489 4844 636 4899 sicut
669 4844 726 4898 in
778 4841 1104 4913 corporibus
1155 4849 1242 4896 est
1272 4841 1504 4908 sanitas,
1532 4847 1629 4894 aut
1669 4840 1840 4904 calor,
1881 4846 1976 4892 aut
2013 4840 2024 4894 i

2264 4860 2296 4908 ς,
2347 4840 2546 4912 ἦόλως
2578 4840 2634 4893 αἱ
2687 4837 2962 4907 εὐκίνητοι
3011 4833 3320 4894 διαθέσεις·
3361 4827 3502 4881 οὕτω
3551 4825 3653 4878 καὶ
3713 4829 3799 4880 ὲν

491 4949 692 5006 genere
719 4933 1042 4991 affectiones
1093 4931 1254 4988 facile
1283 4932 1514 4988 mobiles
1540 4947 1555 4997 ;
1597 4931 1679 4987 sic
1710 4939 1766 4986 et
1793 4933 1851 4985 in
1886 4930 2026 4985 anim

2266 4934 2321 5002 (ᾗ
2369 4929 2627 4992 πολλάκις
2662 4928 2896 4999 ὑπάρχει
2932 4926 2994 4979 τὸ
3034 4924 3280 4995 Πνεῦμα,
3305 4922 3416 4982 τοῖς
3456 4916 3542 4970 διὰ
3569 4916 3633 4968 τὸ
3663 4917 3801 4987 τῆς

447 5097 452 5101 _
489 5027 810 5098 frequenter
853 5034 940 5082 est
982 5024 1257 5096 Spiritus,
1291 5024 1348 5078 in
1373 5025 1440 5080 iis
1481 5025 1576 5095 qui
1611 5030 1834 5094 propter
1871 5038 1982 5079 mer

2269 5023 2400 5094 ὺμηνς
2427 5021 2704 5092 ἀνίδρυτον
2741 5020 2996 5083 εὐκόλως,
3029 5017 3096 5088 ἥν
3123 5015 3370 5101 ἐδέξαντο
3409 5010 3586 5101 χάρινΔ
3605 5008 3804 5062 ἀπου-

493 5159 510 5174 .
587 5118 910 5173 tabilitatem
965 5116 1127 5172 facile
1157 5117 1388 5190 gratiam
1433 5123 1712 5186 acceptam
1748 5115 2025 5186 expellunt

2268 5113 2482 5186 ιμένοις,
2513 5112 2587 5185 μὴ
2605 5112 2918 5184 παραμένον
2949 5109 3082 5181 (59),
3117 5101 3228 5170 οἷος
3271 5100 3340 5175 ἦν
3374 5103 3402 5156 ὁ
3434 5098 3632 5165 Σαοὺλ,
3669 5103 3803 5157 καὶ

569 5272 616 5304 ’τ
638 5270 841 5343 Ephes.
871 5287 914 5339 ι,
946 5272 1037 5341 17,
1073 5270 1162 5334 18..

569 5449 682 5518 (57)
734 5451 832 5520 Ἑν
859 5449 1258 5519 δοξολοτίαις.
1287 5449 1382 5506 Sic
1413 5465 1516 5520 ope
1541 5458 1786 5520 veterum
1820 5447 2071 5520 codicum

2268 5443 2378 5506 ιλιι
2405 5441 2570 5520 editis
2624 5444 2904 5520 ταπεινῆς.
2932 5438 3063 5520 Mox
3113 5437 3252 5494 editi
3291 5436 3635 5508 Θαυμάσαιμ’
3670 5435 3803 5499 ἄν.

494 5513 911 5590 βιήθιιιὶιινίηιιιε
950 5513 1102 5590 quod
1129 5513 1293 5589 prave
1335 5513 1580 5590 inieditis
1607 5519 1886 5590 legebatur
1932 5516 2074 5590 ὲνδο-
2179 5513 2330 5590 Reg._
2344 5515 2621 5590 secundus
2655 5522 2714 5566 ut
2741 5515 2796 5590 i_n
2831 5519 3003 5590 textu.

498 5588 806 5662 ξςςῄιογῆιταιἶ
861 5575 984 5662 Non
1029 5575 1204 5645 multo
1241 5597 1365 5661 post
1398 5589 1601 5662 Regius
1653 5575 1929 5645 secundus
1971 5585 2033 5658 τη

2260 5575 2486 5662 [39)ιΜὴ
2534 5582 2898 5653 παραμένον.
2943 5581 3069 5635 Haec
3122 5579 3430 5662 addidimus
3465 5593 3530 5662 ex
3562 5575 3795 5662 litigi-(3

493 5645 650 5724 δόξαν
679 5645 982 5714 ἆποδοτέον.
1241 5645 1260 5661 ³
1329 5645 1332 5646 ν
1458 5645 1509 5662 iu
1547 5645 1553 5646 ί
1586 5645 1593 5646 7
2025 5645 2028 5657 ‘

2284 5645 2441 5720 un'do,
2472 5645 2483 5653 ’
2510 5672 2573 5711 ac
2614 5645 2856 5726 prorsus
2917 5652 3225 5708 necessaria
3281 5659 3408 5707 sunt
3452 5647 3519 5704 ad
3562 5645 3819 5714 Basilii

570 5729 683 5802 (38)
718 5729 1169 5801 Ταπεινωτικῆς.
1195 5728 1287 5790 Sic
1315 5740 1529 5790 veteres
1558 5731 1683 5790 libri
1713 5744 1818 5802 pro
1835 5745 1900 5787 eo
1922 5726 2068 5802 quod

877 5729 1169 5801 ινωτικῆς.
1195 5728 1287 5790 Sic
1315 5740 1529 5790 veteres
1558 5731 1683 5790 libri
1713 5744 1818 5802 pro
1835 5745 1900 5787 eo
1922 5726 2068 5802 quod
2173 5741 2412 5782 sensum.
