3888 6214
188 299 268 362 181
1317 313 1523 372 LIBER
1558 316 1648 372 DE
1686 317 1962 378 SPIFJTU
2005 323 2297 386 SANCTO.

3331 336 3433 396 182

191 430 230 484 si
255 425 608 497 ἑὸδομήκοντα
632 428 996 500 πρεσϐυτεροι
1021 431 1132 485 τῶν
1158 431 1292 487 υἱῶν
1332 434 1572 506 Ἰσραὴλ,
1604 435 1742 507 πλὴν

1852 454 2195 514 nequaquam
2271 461 2603 517 permanens
2658 427 2703 502 τ¹
2735 454 2915 523 qualis
2984 462 3100 510 erat
3149 451 3281 510 Saul
3310 495 3326 519 ,
3377 460 3436 510 et

191 520 267 575 τεῦ
305 520 482 574 made
514 522 609 575 καὶ
640 522 841 577 Μωδὰδ
870 524 1115 593 (τούτοις
1145 526 1254 598 γὰρ
1291 526 1475 597 μόνοις
1511 529 1577 581 ὲκ
1608 529 1745 582 πάν-

191 630 278 668 των
301 613 539 682 φαίνεται
588 618 949 687 παραμεῖναν,
974 616 1037 670 τὸ
1068 619 1347 690 Πνεῦμα),
1380 620 1476 674 καὶ
1511 619 1646 684 ὅλως
1696 623 1748 676 ετ

194 724 260 771 τις
292 706 488 771 τούτοις
518 708 622 779 τὴν
650 709 973 782 προαίρεσιν
1026 711 1427 783 παραπλήσιος.
1471 713 1583 766 Καὶ
1615 713 1692 777 ὡς
1717 716 1745 768 ὁ

193 800 320 868 λόγος
358 801 414 854 δὲ
441 801 500 853 ἐν
530 801 702 871 ψυχῇ,
756 802 890 855 ποτὲ
936 803 1036 873 μὲν
1076 804 1152 868 ὡς
1208 804 1270 857 τὸ
1298 805 1587 877 ἐγκάρδιον
1630 806 1743 877 (40)

195 893 357 962 νίκημα,
380 892 511 945 ποτὲ
530 894 586 946 δὲ
611 893 688 957 ὡς
712 895 741 947 ὁ
769 895 1178 967 προφερόμενος
1196 895 1285 950 διὰ
1310 895 1580 969 γλώσσης,
1604 898 1745 952 οὕτω

192 982 243 1035 τὸ
272 982 478 1054 Πνεῦμα
505 984 569 1037 τὸ
599 984 788 1054 ἅγιονο
820 984 915 1040 νῦν
952 988 1051 1057 μὲν
1091 989 1221 1043 ὅταν
1266 993 1632 1062 σομμαρτυρῇ
1666 992 1744 1063 τῷ

189 1076 457 1145 Πνεῦματι.
493 1079 589 1133 καὶ
623 1080 756 1133 ὅταν
787 1081 962 1153 κράζῃ
1001 1084 1059 1136 ἐν
1098 1086 1218 1147 ταῖς
1265 1084 1516 1155 καρδίαις
1546 1084 1703 1156 ἡμῶν
1726 1101 1741 1115 ο

201 1165 339 1221 Ἀϐὄᾶ
368 1171 398 1222 o'
420 1167 652 1237 Πατήρ·
679 1170 780 1224 νῦν
804 1170 863 1225 δὲ
898 1173 1025 1227 ὃταν
1053 1174 1188 1245 λαλῇ
1220 1175 1359 1245 ὑπὲρ
1389 1176 1571 1247 ἡμῶν,
1596 1176 1738 1231 κατὰ

187 1257 239 1311 τὺ
275 1259 570 1329 εἰρημένον,
620 1261 705 1314 ὅτι
742 1265 865 1332 Οὐχ
904 1264 1075 1331 ὑμεῖς
1106 1266 1247 1319 ἐστε
1298 1270 1355 1320 οἱ
1384 1268 1741 1334 λαλοῦντες,

188 1350 328 1404 ἀλλὰ
354 1353 413 1404 τὸ
448 1353 693 1423 Πνεῦμα
722 1354 828 1409 τοῦ
859 1356 1088 1425 Πατρεῖς
1113 1358 1177 1412 τὸ
1207 1359 1444 1414 λαλοῦν
1473 1360 1543 1412 ἐν
1580 1360 1740 1429 ὑμῖν.

191 1444 315 1514 Ἤδη
342 1444 395 1499 δὲ
433 1445 528 1498 καὶ
570 1446 648 1511 ὡς
677 1446 798 1500 ὅλον
838 1448 896 1499 ὲν
938 1450 1152 1520 μέρεσι,
1187 1454 1388 1505 νοεῖται
1421 1452 1482 1506 τὸ
1521 1453 1745 1524 Πνεῦμα

189 1538 312 1591 κατὰ
357 1538 452 1610 τὴν
492 1539 603 1594 τῶν
645 1541 1004 1613 χαρισμάτων
1046 1542 1328 1615 διανομήν.
1384 1546 1592 1608 Πάντες
1635 1547 1745 1618 γὰρ

186 1630 405 1701 ἀλλήλων
434 1632 604 1703 ἐσμὲν
631 1633 791 1704 μέλη,
826 1633 1041 1705 ἔχοντες
1062 1635 1117 1687 δὲ
1142 1637 1456 1708 χαρίσματα
1484 1638 1627 1692 κατὰ
1645 1639 1745 1711 τὴν

185 1724 325 1794 χάριν
347 1725 436 1779 τοῦ
463 1724 598 1780 Θεοῦ
624 1726 725 1799 τὴν
753 1726 999 1781 δοθεῖσαν
1020 1730 1153 1799 ἡμῖν
1175 1729 1428 1803 διάφορα.
1461 1732 1562 1785 Διὰ
1587 1733 1745 1786 τοῦτο

186 1818 257 1870 οὐ
284 1816 525 1871 δύναται
558 1821 593 1873 ὁ
624 1820 935 1889 ὀφθαλμὸς
959 1821 1152 1875 εἰπεῖν
1193 1822 1270 1891 τῇ
1311 1824 1484 1893 χειρὶ,
1528 1828 1746 1894 Χρείαν

180 1926 283 1967 σου
323 1913 429 1968 οὐκ
481 1913 639 1983 ἔχω’
690 1915 729 1983 ἣ
769 1914 957 1969 πάλιν
1011 1915 1050 1982 ἡ
1102 1917 1338 1986 κεφαλὴ
1396 1918 1519 1985 τοῖς
1572 1921 1742 1988 ποσὶ,

183 2005 374 2074 Χρείαν
395 2006 565 2079 ὑμῶν
600 2009 713 2063 οὐκ
743 2008 881 2079 ἔχω.
925 2009 1085 2063 Ἀλλὰ
1110 2010 1288 2063 πάντα
1312 2010 1411 2081 μὲν
1443 2011 1579 2081 ὁμοῦ
1609 2029 1746 2083 συμ-

182 2096 360 2169 πληροῖ
376 2097 436 2151 τδ
465 2098 629 2171 σῶμα
651 2099 748 2153 τοῦ
776 2100 1015 2172 Χριστοῦ
1041 2103 1099 2155 ὲν
1129 2105 1196 2174 τῇ
1218 2102 1433 2174 ὲνότητι
1468 2101 1558 2157 τοῦ
1582 2103 1747 2157 Πνεῦ-

185 2207 360 2260 ματος*
390 2190 646 2263 ἀλλήλοις
677 2191 735 2244 δὲ
782 2193 1090 2263 ἀναγκαίαν
1120 2193 1219 2266 τὴν
1248 2196 1312 2247 ὲκ
1334 2195 1443 2248 τῶν
1469 2197 1747 2268 χαρισμά-

179 2297 274 2333 των
299 2280 632 2336 ἀναδίδωσιν
661 2282 949 2353 ὠφέλειαν.
990 2285 1051 2337 '0
1081 2285 1178 2356 μὲν
1199 2284 1309 2356 γὰρ
1334 2284 1466 2349 Θεὸς
1504 2285 1654 2339 ἔθετο
1677 2287 1748 2341 τὰ

182 2376 303 2451 μέλη
339 2379 395 2430 ὲν
426 2377 510 2448 τῷ
550 2378 788 2450 σώματι,
826 2378 883 2432 ἓν
916 2378 1150 2434 ἕκαστον
1190 2379 1370 2433 αὐτῶν
1409 2380 1591 2445 καθὼς
1619 2380 1749 2452 nos.

178 2468 311 2540 λησε.
341 2470 419 2523 Τὰ
455 2470 645 2542 μέντοι
674 2469 813 2542 μέλη
839 2471 901 2524 τὸ
932 2471 1065 2526 αὐτὸ
1100 2470 1443 2543 μεριμνῶσιν
1477 2471 1619 2543 ὑπὲρ
1652 2471 1750 2525 ἀλ-

179 2558 355 2631 λήλων,
400 2561 549 2615 κατὰ
574 2562 677 2633 τὴν
730 2560 1109 2634 πνευματικὴν
1151 2563 1438 2616 κοινωνίαν
1476 2565 1577 2634 τῆς
1612 2580 1750 2634 συμ-

178 2653 385 2719 παθείας
407 2656 599 2719 αὐτοῖς
630 2655 1012 2728 ὑπαρχούσης..
1036 2656 1239 2728 Διόπερ
1271 2655 1409 2710 Εἴτε
1433 2655 1656 2727 πάσχει
1680 2655 1751 2711 ἓν

172 2744 358 2815 μέλος,
381 2746 745 2818 συμπάσχει
770 2747 968 2803 πάντα
988 2748 1060 2803 τὰ
1079 2748 1238 2819 μέλη
1258 2768 1271 2780 ·
1300 2751 1421 2804 εἴτε
1446 2749 1750 2817 δοξάζεται

175 2841 235 2892 ἐν
255 2840 453 2909 μέλος,
486 2842 811 2914 συγ-χαίρει
837 2841 1034 2899 πάντα
1058 2844 1131 2898 τὰ
1156 2843 1333 2913 μέλη.
1365 2845 1475 2898 Καὶ
1500 2844 1575 2908 ὡς
1607 2845 1748 2916 μέρη

172 2930 224 2985 δὲ
248 2933 301 2985 ὲν
332 2933 460 3004 ὅλῳ,
496 2935 552 2987 oi
599 2932 722 2988 καθ’
768 2934 864 2989 ἕνα
902 2936 1068 3007 ἐσμὲν
1104 2938 1162 2992 ὲν
1200 2936 1280 3006 τῷ
1323 2936 1630 3008 Πνεῦματι·
1666 2939 1750 2991 ὅτι

172 3026 217 3076 oi
258 3026 455 3092 πάντες
501 3029 566 3082 ἐν
618 3028 700 3085 ἐνὶ
739 3027 972 3100 σώματι,
1021 3033 1100 3095 είς
1145 3030 1204 3087 ἓν
1246 3030 1471 3103 Πνεῦμα
1527 3033 1752 3086 ἐϐαπτί-

172 3117 384 3192 σθημεν.

1848 536 2193 607 septuaginta
2233 540 2483 595 seniores
2540 542 2777 597 ﬁliorum
2819 545 3027 609 Israel,
3097 554 3294 615 praeter
3347 545 3411 599 El

1847 624 1954 679 dad
1983 637 2038 682 et
2080 625 2278 684 Modad
2304 631 2350 663 ⁷⁸
2379 631 2528 703 (nam
2562 636 2707 705 apud
2744 635 2846 692 bos
2878 638 3027 693 solos
3060 653 3128 692 ex
3174 637 3437 692 omnibus

1850 716 2115 789 Spiritum
2151 723 2426 783 mansisse
2460 728 2737 797 apparet),
2783 738 2837 784 et
2864 730 2920 785 in
2953 745 3193 801 genere,
3228 731 3276 787 si
3309 730 3438 801 quis

1847 819 1930 867 est
1975 813 2097 868 istis
2125 815 2293 871 animi
2327 821 2613 889 proposito
2671 823 3001 878 consimilis.
3061 822 3195 878 Item
3246 837 3441 894 quem-

1849 905 2142 962 admodum
2213 909 2442 965 verbum
2496 920 2584 969 est
2637 912 2693 967 in
2759 914 2984 980 an'nno,
3033 914 3310 971 interdum
3381 923 3443 980 ut

1849 996 1905 1050 in
1956 997 2121 1054 corde
2161 1001 2497 1071 cogitatum,
2552 1002 2828 1059 interdum
2888 1014 2947 1060 ut
3000 1005 3186 1076 lingua
3258 1006 3445 1077 prola-

1847 1097 1964 1145 tum
2003 1109 2019 1150 ι
2052 1092 2133 1148 sic
2186 1103 2241 1149 et
2289 1092 2533 1166 Spiritus
2568 1105 2822 1163 sanctus,
2876 1103 2963 1154 vel
2993 1099 3101 1169 52
3123 1114 3248 1154 cum
3290 1099 3446 1154 testi-

1847 1185 2092 1240 monium
2121 1187 2327 1256 praebet
2358 1189 2577 1259 Spiritui
2613 1200 2827 1255 nostro,
2859 1200 2914 1248 et
2951 1192 3155 1246 clamat
3178 1192 3235 1247 in
3265 1192 3447 1247 cordi-

1848 1277 1952 1332 bus
1992 1279 2196 1334 nostris
2224 1318 2240 1344 ,
2282 1280 2455 1349 Abba,
2498 1279 2668 1336 Pater
2690 1284 2759 1346 ⁷³,
2795 1284 2880 1339 vel
2909 1299 3033 1339 cum
3069 1284 3313 1353 loquitur
3343 1298 3446 1354 pro

1846 1369 2030 1434 nobis,
2071 1372 2228 1441 juxta
2293 1373 2348 1427 id
2386 1374 2536 1444 quod
2590 1375 2799 1431 dictum
2853 1386 2978 1440 est,
3031 1375 3156 1432 Non
3183 1394 3272 1432 vos
3315 1378 3445 1432 estis

1845 1463 1936 1530 qui
1968 1462 2285 1533 loquimini,
2352 1464 2447 1520 sed
2503 1464 2740 1535 Spiritus
2787 1466 3012 1532 Patris,
3065 1469 3158 1537 qui
3209 1468 3447 1538 loquitur

1846 1554 1900 1607 in
1929 1556 2072 1610 vobis
2097 1556 2164 1612 ⁸ο.
2197 1554 2318 1611 Jam
2358 1572 2490 1612 vero
2513 1567 2569 1612 et
2604 1568 2660 1612 ut
2703 1566 2877 1614 totum
2919 1559 2976 1614 in
3014 1560 3286 1630 partibus,
3319 1560 3447 1630 Spi-

1847 1646 1989 1702 ritus
2040 1647 2371 1720 intelligitur
2406 1650 2566 1720 juxta
2631 1652 2904 1706 donorum
2973 1652 3443 1709 distributionem.

1847 1736 2051 1795 Omnes
2097 1741 2246 1795 enim
2308 1742 2547 1798 invicem
2604 1758 2799 1799 sumus
2861 1744 3147 1804 membra.
3208 1744 3304 1799 sed
3344 1743 3448 1803 ha-

1847 1829 2039 1883 bentes
2094 1829 2238 1883 dona
2285 1830 2590 1886 secundum
2644 1829 2737 1885 Dei
2786 1831 3017 1900 gratiam
3066 1829 3226 1883 nobis
3258 1828 3448 1882 datam

1847 1921 2085 1977 diversa.
2126 1924 2203 1978 Ea
2244 1935 2468 1995 propter
2510 1923 2637 1977 Non
2678 1931 2852 1992 potest
2890 1922 3065 1977 dicere
3109 1922 3294 1975 oculus
3328 1938 3447 1975 rna-

1846 2016 1987 2068 nui:
2054 2013 2177 2069 Non
2217 2033 2348 2087 opus
2404 2018 2569 2073 habeo
2600 2027 2690 2082 te;
2756 2024 2851 2070 aut
2894 2031 3085 2071 rursus
3143 2023 3305 2084 caput
3354 2028 3457 2081 pc-

1846 2104 2034 2160 dibus:
2074 2103 2200 2160 Non
2252 2117 2331 2161 est
2361 2108 2492 2162 mihi
2519 2108 2664 2163 vobis
2696 2123 2830 2178 opus
2853 2107 2923 2162 ".
2962 2105 3070 2162 Sed
3106 2105 3291 2160 omnia
3314 2105 3446 2176 qui-

1849 2195 1975 2250 dem
2040 2194 2205 2249 simul
2264 2199 2543 2267 complent
2592 2213 2797 2269 corpus
2865 2195 3076 2253 Christi
3122 2196 3181 2251 in
3231 2196 3447 2251 unitate

1853 2283 2127 2354 Spiritus;
2162 2288 2536 2342 necessariam
2597 2295 2781 2343 autem
2816 2286 3112 2343 utilitatem
3156 2285 3263 2342 sibi
3298 2285 3447 2340 invi-

1850 2393 1968 2432 cem
2035 2378 2277 2434 reddunt
2318 2395 2386 2435 ex
2422 2380 2607 2436 donis.
2655 2379 2803 2437 Deus
2862 2380 3011 2437 enim
3050 2380 3237 2451 posuit
3271 2395 3448 2435 mem-

1849 2469 1948 2524 bra
1979 2470 2034 2525 in
2085 2486 2318 2543 corpore
2342 2511 2359 2537 ,
2412 2472 2850 2544 unumquodque
2890 2473 3110 2528 illorum
3153 2480 3214 2527 ut
3247 2471 3443 2527 voluit.

1850 2557 2093 2615 Membra
2125 2572 2306 2616 autem
2346 2561 2595 2618 eamdem
2635 2561 2841 2618 habent
2886 2577 2987 2632 pro
3019 2578 3081 2617 sc
3114 2570 3306 2618 tnutuo
3334 2561 3450 2617 sol-

1850 2650 2197 2707 licitudinem
2224 2693 2238 2719 ,
2280 2653 2438 2723 juxta
2485 2654 2834 2724 spiritualem
2884 2665 3094 2709 mutuae
3139 2653 3449 2711 all‘ectiouis

1852 2743 1990 2813 ipsis
2049 2744 2229 2799 insitaa
2286 2746 2757 2802 communionem.
2821 2744 3012 2816 quue
3066 2745 3188 2802 Sive
3240 2746 3450 2816 patitur

1852 2852 2018 2890 unum
2078 2835 2409 2899 membrum,
2464 2853 2573 2890 una
2617 2852 2740 2890 cum
2796 2852 2857 2891 eo
2921 2837 3205 2907 patiuntur
3264 2838 3448 2892 omnia

1853 2928 2089 2983 membra
2127 2946 2146 2983 :
2195 2929 2301 2983 sire
2353 2928 2693 2999 glorificatur
2751 2945 2918 2982 unum
2970 2927 3303 2993 membrum,
3368 2929 3448 2983 si-

1855 3020 1970 3074 mul
2019 3020 2251 3091 gaudent
2304 3022 2487 3074 omnia
2525 3019 2763 3074 membra
2787 3021 2857 3075 ⁸⁸.
2922 3017 3143 3076 Rursus
3179 3017 3446 3090 quemad-

1780 3126 1824 3184 ο
1859 3115 2083 3170 modum
2132 3121 2319 3184 partes
2357 3120 2489 3169 sunt
2528 3113 2584 3167 in
2615 3121 2752 3179 toto,
2788 3112 2866 3167 ita
2907 3112 3110 3183 singuli
3142 3126 3339 3167 sumus
3386 3111 3469 3167 in.

1754 3242 1760 3285 ε
1857 3205 2091 3276 Spiritu,
2146 3220 2214 3261 eo
2255 3205 2403 3275 quod
2438 3219 2635 3259 omnes
2671 3204 2728 3259 in
2770 3220 2883 3260 uno
2921 3218 3157 3274 corpore
3186 3205 3245 3259 in
3273 3217 3447 3261 unum

1729 3286 1761 3303 ’⁷
1856 3298 2129 3369 Spiritum
2152 3297 2418 3366 baptizati
2444 3311 2659 3351 sumus.

228 3383 313 3442 62.
355 3389 423 3443 Ὅ
453 3389 523 3446 δὲ,
548 3388 852 3461 παράδοξον
887 3389 982 3461 μὲν
1012 3391 1206 3456 εἰπεῖν,
1237 3391 1436 3463 ἀληθὲς
1458 3391 1519 3447 δὲ,
1538 3393 1751 3458 οὐδενὸς

164 3478 373 3535 ἔλαττον
402 3482 550 3552 (41),
575 3483 659 3536 ὄντι
681 3483 777 3535 καὶ
796 3481 871 3547 ὡς
894 3481 1049 3555 χώρα
1075 3482 1185 3539 τῶν
1214 3483 1594 3555 ἁγιαζομὲνων
1622 3486 1753 3538 πολ-

166 3571 308 3639 λάκις
333 3576 396 3629 τὸ
423 3576 665 3646 Πνεῦμα
701 3576 939 3645 λέγεται.
971 3578 1083 3632 Καὶ
1112 3580 1417 3649 φανήσεται
1446 3578 1569 3632 οὐδὲ
1597 3573 1753 3644 οὗτος

164 3666 190 3716 ὁ
211 3667 409 3736 τρόπος
440 3666 561 3739 (42)
596 3653 1059 3739 κατασμικρύνων
1087 3668 1150 3721 τὸ
1175 3668 1420 3734 Πνεῦμα,
1446 3668 1583 3722 ἀλλὰ
1616 3669 1754 3741 μᾶλ-

165 3755 243 3813 λον
285 3759 557 3826 δοξάζων.
594 3760 680 3814 Τὰ
718 3761 828 3832 γάρ
874 3778 957 3815 τοι
998 3761 1289 3833 σωματικὰ
1332 3760 1441 3815 τῶν
1472 3763 1752 3833 ὀνομάτων

165 3853 247 3905 καὶ
283 3854 375 3906 ἐπὶ
404 3854 513 3917 τὰς
544 3854 931 3925 πνευματικὶς
976 3855 1185 3920 ἐννοίας
1230 3856 1520 3927 ἐναργείας
1566 3855 1751 3910 ἕνεκεν

164 3945 411 4012 πολλάκις
444 3949 476 4001 ὁ
506 3947 672 4017 λόγος
696 3948 1071 4020 μετακομίζει.
1104 3949 1505 4022 Τετηρήκαμεν
1535 3945 1628 4004 οὖν
1655 3950 1751 4002 καὶ

164 4040 247 4092 ἐπὶ
272 4041 366 4095 τοῦ
399 4042 547 4097 Θεοῦ
578 4042 673 4096 τὸν
700 4041 1019 4113 Ψαλμιιιδὸνι
1038 4041 1265 4110 λέγοντα
1282 4059 1296 4074 ο
1321 4043 1519 4097 Γενοῦ
1540 4060 1642 4113 μοι
1663 4045 1750 4109 εἰς

164 4134 302 4188 Θεὸν
334 4134 843 4205 ὑπερασπιστὴν,
882 4134 983 4189 καὶ
1026 4137 1114 4200 εὶς
1151 4136 1338 4189 τόπον
1384 4134 1606 4205 ὀχυρὸν
1643 4134 1751 4189 τοῦ

162 4224 345 4282 σῶσαι
368 4245 472 4298 με.
526 4227 674 4300 Περὶ
708 4227 768 4280 δὲ
809 4226 906 4280 τοῦ
955 4227 1295 4298 Πνεῦματος,
1350 4226 1504 4281 Ἰδοὺ
1542 4229 1746 4293 τόπος,

163 4321 306 4390 φησὶ,
355 4324 501 4392 παρ’
541 4320 700 4391 ἐμοὶ,
750 4319 847 4375 καὶ
896 4318 1073 4389 στῆθι
1103 4319 1201 4373 ἐπὶ
1246 4318 1358 4387 τῆς
1390 4318 1644 4388 πέτραςο
1699 4320 1750 4373 τί

162 4409 279 4465 ἄλλο
305 4412 488 4482 λέγων
530 4412 631 4466 τὸν
662 4412 828 4465 τόπον
870 4412 903 4484 ἢ
933 4411 1034 4482 τὴν
1075 4413 1132 4464 ἐν
1164 4410 1444 4481 Πνεύματι
1493 4411 1748 4483 θεωρίαν,

162 4501 215 4554 ἐν
306 4507 641 4577 γενόμενος,
669 4504 892 4559 ἐδύνατο
923 4505 1052 4559 ίδεῐν
1090 4504 1348 4573 γνωστῶς
1381 4504 1754 4575 ἐμφανιζόμε-

164 4613 244 4649 νον
266 4598 418 4669 αὐτῷ
445 4598 553 4653 τὸν
588 4598 724 4651 Θεὸν
760 4600 789 4650 ὁ
832 4597 1070 4668 Μωῦσῆς
1097 4614 1113 4662 ;
1151 4591 1320 4661 Οὗτός
1363 4600 1512 4650 ἐστιν
1532 4600 1561 4651 ὁ
1587 4598 1752 4660 τόπος

162 4688 193 4741 δ
218 4692 308 4762 τῆς
350 4693 631 4764 ἀληθινῆς
666 4691 920 4763 λατρείας
957 4690 1087 4754 ίδιος
1312 4692 1581 4761 Πρόσεχε
1619 4694 1750 4763 γὰρ,

1785 4472 1833 4528 D

1925 3388 2017 3443 62.
2055 3388 2230 3442 Porro
2277 3388 2427 3458 quod
2467 3388 2670 3443 mirum
2730 3388 2886 3445 dictu
2939 3388 3235 3455 uidebitur,
3272 3388 3448 3445 nihilo

1856 3488 2039 3537 tamen
2092 3481 2279 3535 minus
2329 3496 2521 3536 verum
2578 3488 2708 3546 est;
2749 3480 2917 3536 etiam
2947 3482 3116 3536 veluti
3151 3482 3308 3537 locus
3344 3495 3443 3537 eo-

1852 3589 1976 3630 rum
2005 3574 2101 3645 qui
2146 3572 2606 3641 sanctilicantur,
2642 3589 3025 3646 saepenumero
3083 3574 3289 3630 dicitur
3322 3572 3449 3645 Spi-

1854 3668 2015 3723 ritus.
2066 3666 2134 3720 Et
2188 3668 2463 3724 constabit
2489 3682 2562 3723 ne
2613 3668 2721 3723 hoc
2760 3668 2983 3739 quidem
3031 3666 3294 3738 loquendi
3346 3682 3447 3738 ge-

1855 3777 1986 3817 nere
2046 3760 2280 3816 diminui
2345 3761 2652 3833 Spiritum,
2719 3763 2817 3819 sed
2878 3760 3173 3833 gloriﬁcari
3238 3759 3444 3830 potius.

1855 3854 1988 3909 Nam
2036 3856 2259 3910 nomina
2296 3856 2602 3926 corporalia
2655 3856 2822 3912 etiam
2861 3855 2930 3910 ad
2992 3854 3305 3925 spirituales
3356 3853 3446 3908 in-

1858 3947 2207 4019 telligentias,
2235 3947 2526 4004 evidentiae
2557 3948 2757 4019 gratia,
2799 3946 3115 4019 frequenter
3155 3946 3448 4016 Scriptura

1857 4038 2140 4094 transfert.
2178 4038 2614 4096 Observavimus
2649 4039 2817 4111 igitur
2871 4048 2931 4096 et
2964 4037 3321 4095 Psalmodum
3377 4036 3449 4092 de

1860 4130 1972 4188 Deo
2013 4133 2324 4203 loquentem
2357 4173 2373 4199 ,
2432 4130 2564 4189 Esto
2630 4132 2761 4187 mihi
2791 4133 2845 4187 in
2876 4131 3046 4188 Deum
3071 4139 3444 4202 protectorem,

1859 4235 1910 4280 et
1962 4227 2018 4280 in
2063 4227 2236 4281 locum
2299 4226 2605 4289 munitum,
2660 4234 2722 4280 ut
2774 4225 2981 4281 salvum
3028 4241 3110 4279 me
3175 4224 3348 4295 facias
3375 4223 3443 4278 ⁸³.

1859 4317 1937 4374 De
1968 4317 2177 4388 Spiritu
2213 4333 2382 4384 vero,
2442 4317 2579 4373 Ecce
2616 4318 2767 4375 locus
2791 4358 2806 4384 ,
2861 4318 3079 4388 inquit,
3136 4316 3279 4386 apud
3322 4331 3445 4381 me,

1858 4420 1909 4466 et
1943 4421 2028 4466 sta
2077 4427 2237 4481 super
2293 4421 2500 4482 petram
2526 4410 2575 4443 δ”
2633 4426 2648 4462 :
2697 4410 2830 4481 quid
2870 4410 3017 4465 aliud
3047 4410 3331 4481 appellans
3360 4408 3447 4464 lo-

1860 4518 2031 4567 cum,
2080 4503 2187 4559 nisi
2237 4504 2501 4559 visionem
2541 4504 2593 4557 in
2636 4501 2845 4572 Spiritu
2866 4541 2899 4566 ,.
2945 4504 2999 4556 in
3041 4517 3148 4572 qua
3197 4516 3322 4556 cum
3356 4514 3448 4556 es-

1860 4604 1945 4655 set
1974 4595 2413 4666 Moyses,,potuit
2445 4594 2633 4650 videre
2672 4592 2843 4649 Deum
2885 4593 3170 4649 evidenter
3205 4592 3311 4662 ipsi
3340 4605 3442 4660 ap-

1854 4689 2178 4760 parentem?
2215 4686 2315 4742 Hic
2368 4693 2467 4741 est
2517 4687 2681 4742 locus
2722 4701 2866 4743 vera:
2922 4684 3265 4740 adorationis
3316 4698 3446 4752 pro-

164 4786 306 4852 φησι.
344 4785 435 4856 μὴ
489 4782 838 4851 ἀνενέγκῃς
878 4782 951 4836 τὰ
995 4781 1462 4851 όλοκαυτώματά
1510 4798 1628 4839 σου
1685 4786 1748 4839 ἐν

1852 4783 2042 4852 prius.
2079 4780 2303 4834 Attende
2347 4779 2510 4842 enim,
2572 4777 2792 4847 inquit,
2859 4793 2923 4831 ne
2964 4776 3159 4845 oﬂ‘eras
3185 4773 3443 4828 holocau-

164 4884 327 4931 παντὶ
356 4879 552 4942 τόπῳ,
602 4876 741 4929 diu?
768 4876 841 4928 ὲν
882 4873 964 4941 τῷ
1001 4876 1180 4941 τόπῳ,
1212 4867 1263 4941 ᾧ
1309 4872 1389 4928 ἂν
1435 4875 1748 4946 ἐκλέξηται

1855 4882 2060 4929 tentata
2112 4882 2206 4926 tua
2262 4873 2320 4926 in
2351 4871 2535 4942 quovis
2568 4870 2706 4937 loco,
2767 4869 2859 4925 sed
2911 4870 2968 4923 in
3011 4869 3125 4924 loco
3162 4883 3446 4939 quemctm-

162 4970 364 5037 Κύριος
396 4973 433 5026 ό
485 4969 649 5035 Θεές
680 4981 818 5022 σου.
866 4968 1027 5020 Ποῖον
1074 4962 1168 5021 οῦν
1212 4968 1361 5021 ἐστιν
1393 4967 1754 5041 ὁλοκαύτωμα

161 5062 562 5134 πνευματικόνς
617 5059 682 5112 Ἠ
716 5058 876 5113 θυσία
918 5059 1017 5129 τῆς
1050 5057 1332 5122 αἰνέσεως.
1377 5057 1466 5111 Ἐν
1508 5059 1649 5132 ποίῳ
1692 5064 1751 5117 δὲ

221 5224 264 5257 ’⁸
283 5226 453 5283 Nam.
478 5240 567 5281 ιι.
598 5220 694 5285 25,
727 5220 817 5275 26.
868 5234 883 5247 ο
908 5221 954 5252 ⁷⁸
978 5219 1134 5274 Rom.
1158 5234 1277 5281 vui,
1316 5217 1404 5279 16,
1445 5220 1530 5275 15.

1850 4983 1950 5039 que
1985 4964 2197 5039 elegerit
2242 4963 2510 5021 Dominus
2579 4961 2723 5017 Deus
2774 4970 2894 5015 tuus
2921 4962 2986 5014 ⁸⁸.
3047 4961 3203 5027 Quod
3276 4960 3446 5030 igitur

1851 5067 1935 5117 est
1984 5058 2370 5112 liolocautoma
2422 5052 2745 5124 spirituale?
2791 5049 3137 5107 Sacriﬁcium
3171 5050 3353 5107 laudis
3372 5051 3443 5112 ⁸⁸.

1621 5218 1669 5252 οο
1694 5220 1884 5276 Matth.
1923 5236 1977 5283 ς,
2005 5216 2097 5272 20.
2194 5213 2286 5267 εει
2326 5214 2450 5266 (lor.
2512 5225 2613 5275 χιι,
2644 5210 2767 5266 21.‘
2809 5210 3007 5265 "ibid.
3036 5208 3127 5263 eo.
3222 5207 3443 5269 “Psal.

161 5308 276 5363 ut,
305 5299 362 5354 5.
440 5297 493 5328 ⁸⁵
519 5284 707 5348 Exod.
741 5306 942 5357 sum,
964 5291 1056 5345 21.
1142 5290 1188 5321 ⁸⁵
1216 5288 1376 5344 Deut.
1408 5305 1508 5355 sn,
1545 5291 1631 5348 15.
1727 5294 1748 5325 ⁸

1852 5291 1943 5349 sal.
1981 5304 2131 5350 XLIX.
2169 5284 2255 5338 M.

222 5414 328 5481 (ω)
375 5410 763 5486 Ἐγκάρδιογ,
788 5408 866 5464 Ita
906 5425 1040 5486 mss.
1071 5409 1332 5486 codices;
1348 5408 1487 5486 Ε(ζὶιί
1526 5409 1587 5462 ὲν
1613 5428 1751 5481 καρ-

165 5481 257 5553 δία.
289 5478 412 5541 Mox
445 5478 600 5540 ἒξόὶἰὶ
656 5482 864 5537 addunt
905 5481 1063 5553 ἡμῶν
1111 5488 1236 5550 post
1284 5478 1586 5551 Πνεῦματι,
1630 5478 1752 5549 quae

168 5551 253 5610 vos
279 5556 437 5614 deest
462 5557 527 5611 in
571 5553 839 5607 omnibus
881 5551 1089 5607 uestris
1122 5566 1254 5608 mss.
1302 5564 1402 5606 nec
1434 5554 1747 5620 necessaria

169 5625 381 5686 videtur.
418 5640 558 5681 cum
609 5624 776 5692 paulo
794 5630 920 5692 post
951 5628 1251 5692 repetatur.
1294 5628 1297 5631 '

228 5691 631 5769 (ll)0i168ré_¢
646 5691 917 5769 ἔλαττον.
944 5691 1061 5746 Duo
1080 5691 1305 5769 codices
1325 5693 1481 5769 οὐδξν
1503 5691 1743 5769 ἔλαττον.

228 5762 329 5842 (42)
377 5769 444 5823 '0
482 5765 741 5834 τρόπος.
777 5762 868 5819 Sic
902 5779 1032 5820 mss.
1062 5778 1181 5821 sex.
1208 5762 1349 5820 Editi
1374 5766 1401 5819 ό
1424 5763 1599 5833 λόγος.
1626 5763 1750 5822 Mox

1822 5444 1823 5447 η
1852 5407 1983 5465 editi
1998 5408 2068 5462 τὰ
2099 5405 2309 5477 μέντοι,
2348 5411 2404 5460 et
2430 5404 2596 5474 paulo
2620 5410 2746 5476 post
2767 5402 3048 5475 ἐνεργείας
3073 5400 3282 5457 ἕνεκεν.
3305 5401 3441 5460 Mss.

1852 5484 2272 5621 υιδιῐέἶῗῗςῗὶς.
2309 5545 2490 5621 [iditio
2512 5544 2849 5621 Basileensis
2877 5544 3069 5621 ρΐδιος,
3101 5545 3249 5621 quod
3293 5552 3444 5621 recte

1851 5613 2205 5675 emendatum
2231 5613 2291 5672 in
2315 5616 2639 5680 Parisiensi.
2677 5615 2803 5670 Mox
2830 5616 2963 5671 editi
2981 5685 2993 5687 μ
3011 5615 3087 5687 μὴ
3120 5613 3354 5687 ἕνέγκῃς
3375 5613 3445 5669 τὸ

1847 5689 2232 5816 ῥλοίιαιίτωμα,
2257 5696 2313 5761 et
2333 5692 2390 5760 εν
2420 5688 2497 5755 τῷ
2518 5688 2691 5760 τόπῳ,
2717 5688 2797 5758 τῷ
2819 5687 2933 5743 ἐάν.
2965 5685 3199 5745 Codices
3221 5685 3359 5744 IIIS}.
3379 5690 3454 5743 ut

1847 5778 1905 5821 tn
1958 5777 2024 5826 es
2053 5776 2108 5823 u.
2288 5794 2317 5799 -ν
2616 5794 2621 5799 ι
