3888 6214
462 257 567 312 183

1799 277 1858 334 S.
1897 279 2143 336 BASILII
2186 283 2402 340 MAGNI

3609 297 3704 352 184

459 374 581 442 Quo
635 377 689 431 in
749 380 869 436 loco
902 381 1006 438 hoc
1052 383 1346 444 offcremus
1373 429 1389 452 ,
1431 392 1540 476 ιιἰεὶ
1578 392 1629 448 in
1666 394 1869 465 Spiritu
1907 415 2034 454 san-

2140 405 2286 475 τόπῳ
2328 407 2531 478 ταύτην
2573 408 2972 481 προσφέρομεν,
3009 409 3042 478 ἢ
3076 408 3188 480 (Μ)
3229 411 3288 462 ἐν
3328 409 3406 481 τῷ
3433 410 3702 483 Πνεῦματι

457 469 593 521 cto?
636 466 738 524 Ubi
789 471 891 526 hoc
937 473 1284 532 didicimus?
1335 479 1418 534 Ab
1452 466 1580 552 ipso
1624 484 1854 541 Domino
1949 490 2034 542 di-

458 565 618 613 cente
641 597 656 620 ,
707 559 827 614 Veri
853 561 1165 620 adoratores
1220 569 1520 626 adorabunt
1589 573 1801 630 Patrem
1831 578 1887 631 in
1917 577 2040 647 Spi-

458 647 567 700 ritu
621 658 672 701 et
724 652 939 708 veritate
963 655 1030 708 ⁸⁷.
1089 655 1246 712 Hunc
1292 659 1476 716 locum
1509 678 1634 717 cum
1689 666 1916 724 vidisset
1943 669 2039 724 Ja-

457 736 563 830 cob
595 737 734 792 dixit
771 755 785 792 :
821 741 1082 800 Dominus
1110 757 1187 802 est
1220 750 1276 803 in
1311 751 1426 806 loco
1462 752 1559 807 hoc
1575 755 1643 813 ⁸⁸.
1680 756 1868 828 Itaque
1915 758 2040 830 Spi-

459 828 601 881 ritus
630 845 758 886 vere
797 831 952 890 locus
999 847 1084 892 est
1114 848 1455 896 sanctorum.
1509 842 1746 903 Sanctus
1806 828 1990 904 itidem
2015 890 2031 916 ,

459 919 999 1010 locusest.Spiritui
1034 931 1294 1000 praprius
1326 972 1342 995 ,
1401 948 1467 989 ac
1522 939 1730 1005 praebet
1788 940 2028 1010 seipsum

459 1014 523 1060 ut
572 1008 836 1065 inhabitet
892 1028 1018 1068 cum
1063 1016 1214 1083 Deo,
1273 1035 1338 1075 ac
1369 1025 1633 1093 templum
1693 1026 1842 1082 illius
1871 1008 2038 1083 voca-

461 1109 570 1153 tur.
635 1102 788 1157 Sicut
819 1106 965 1160 enim
1013 1107 1068 1162 in
1107 1109 1328 1166 Christo
1379 1113 1622 1184 loquitur
1672 1115 2037 1185 Paulus,Co—

462 1207 578 1243 ram
613 1191 752 1254 Deo,
790 1195 1000 1264 inquit,
1034 1198 1089 1251 in
1125 1196 1339 1256 Christo
1385 1201 1650 1273 loquimur
1675 1206 1722 1238 ⁸⁸
1756 1224 1770 1260 :
1799 1215 1851 1262 et
1876 1207 2036 1262 Chri-

462 1289 582 1335 stus
614 1282 668 1336 in
717 1282 926 1350 Paulo,
991 1289 1139 1343 velut
1197 1292 1316 1361 ipse
1345 1294 1461 1358 ait,
1507 1296 1592 1349 An
1622 1299 2037 1364 experimentum

460 1373 699 1440 (pueritia
749 1379 842 1446 qui
890 1377 1123 1448 loquitur
1172 1382 1228 1436 in
1273 1400 1355 1438 me
1393 1383 1592 1440 Christi
1614 1388 1712 1441 ὀἳ
1781 1389 1861 1443 sic
1892 1397 1946 1444 et
1979 1391 2034 1446 in

465 1462 671 1531 Spiritu
702 1465 946 1535 loquitur
978 1473 1238 1541 mysteria
1259 1513 1274 1539 ,
1309 1489 1374 1530 ac
1405 1475 1644 1546 Spiritus
1683 1494 1906 1536 rursum
1949 1483 2033 1538 lo-

459 1559 648 1625 quitur
679 1559 734 1612 in
766 1574 854 1615 eo.

529 1651 622 1704 65.
671 1650 731 1706 In
781 1653 947 1709 rebus
1005 1671 1138 1725 ergo
1189 1655 1428 1714 conditis
1487 1659 1554 1714 ad
1611 1660 1758 1714 hunc
1811 1662 2033 1718 modum

2139 495 2219 565 τῷ
2245 497 2414 567 ἁγίῳς
2459 497 2567 551 Ποῦ
2598 499 2752 552 τοῦτο
2796 499 3224 570 μεμαθήκαμεν;
3251 502 3387 571 Παρ’
3410 501 3572 555 αὐτοῦ
3613 503 3704 556 τοῦ

2142 589 2346 660 Κυρίου
2376 589 2623 659 λέγοντος
2644 631 2658 654 ,
2685 592 2767 645 ὄτι
2801 595 2864 646 Οἱ
2891 593 3164 667 ἀληθινοὶ
3206 593 3614 662 προσκυνηταὶ
3640 597 3706 648 ἐν

2137 680 2437 748 Πνεύματι
2465 681 2567 734 καὶ
2605 681 2854 750 ἀληθείᾳ
2880 682 3380 751 προσκυνήσουσι
3405 684 3486 749 τῷ
3506 687 3702 754 Πατρί.

2139 769 2340 825 Τοῦτον
2375 771 2468 825 τὸν
2500 772 2665 826 τόπον
2713 771 2835 826 ἰδὼν
2872 776 2900 827 ὁ
2951 775 3164 838 Ἰακὼϐ,
3203 775 3328 845 ἔφη,
3375 776 3457 828 ὅτι
3498 777 3706 844 Κύριος

2137 860 2209 915 ἐν
2230 859 2310 927 τῷ
2337 863 2497 928 τόπῳ
2519 865 2724 930 τούτῳ.
2763 865 2922 917 Ὥστε
2951 865 3012 918 τὺ
3049 865 3270 934 Πνεῦμα
3302 865 3464 928 τόπος
3495 865 3704 935 ἀληθῶς

2137 951 2246 1005 τῶν
2274 953 2465 1021 ἁγίων.
2500 954 2612 1007 Καὶ
2643 955 2672 1007 ὁ
2699 956 2851 1023 ἅγιος
2888 954 3049 1018 τόπος
3075 957 3272 1018 οἰκεῖος
3303 953 3414 1024 (45)
3441 953 3518 1023 τῷ
3546 954 3706 1007 Πνεύ·

2141 1061 2271 1114 ματι
2312 1045 2641 1116 ἐμπαρέχων
2689 1046 2879 1100 ἑαυτὸν
2934 1047 3072 1118 πρὸς
3097 1046 3384 1117 (ἐνοίκησιν
3417 1046 3516 1115 τὴν
3573 1046 3705 1116 μετὰ

2136 1134 2293 1200 Θεοῦ,
2325 1136 2418 1188 καὶ
2446 1136 2571 1200 ναὸς
2612 1137 2774 1190 αὑτοῦ
2811 1137 3188 1209 χρηματίζων.
3229 1138 3319 1200 Ὠς
3347 1135 3454 1208 γὰρ
3489 1138 3545 1188 ἐν
3577 1137 3706 1206 Χρι-

2139 1225 2250 1296 στῷ
2294 1226 2446 1280 λαλεῖ
2491 1227 2729 1291 Παῦλος·
2769 1228 3148 1282 Κατενώπιον
3181 1228 3313 1297 γὰρ,
3358 1228 3512 1299 φησὶ,
3560 1227 3705 1282 Θεοῦ

2135 1315 2205 1368 ἐν
2231 1315 2460 1383 Χριστῷ
2499 1318 2835 1388 λαλοῦμεν-ο
2871 1321 2965 1373 καὶ
3009 1320 3242 1391 Χριστὸς
3273 1321 3332 1373 ἐν
3367 1320 3586 1390 Παύλῳ,
3631 1320 3707 1384 ὡς

2134 1408 2296 1472 αὐτὸς
2327 1408 2511 1477 λέγει’
2548 1411 2626 1464 ’Ἡ
2659 1411 2914 1481 δοκιμὴν
2944 1410 3055 1482 (46)
3090 1411 3307 1480 ζητεῖτε
3345 1412 3451 1466 τοῦ
3480 1413 3549 1465 ἐν
3574 1413 3702 1481 ἐμοὶ

2133 1497 2470 1564 λαλοῦντος
2506 1501 2800 1568 Χριστοῦ;
2841 1501 2984 1556 οὕτω
3015 1502 3108 1555 καὶ¹
3147 1505 3206 1556 ἐν
3243 1503 3521 1574 Πνεῦματι
3556 1502 3705 1555 λαλεί

2132 1587 2204 1641 τὰ
2238 1591 2531 1662 μυστήρια,
2561 1592 2658 1644 καὶ
2685 1591 2744 1645 τὸ
2771 1591 2997 1664 Πνεῦμα
3025 1592 3186 1646 πάλιν
3215 1592 3365 1646 λαλεῖ
3387 1595 3444 1646 ἐν
3467 1593 3632 1663 αὐτῷ.

2203 1680 2291 1736 65.
2319 1683 2406 1735 Ἐν
2429 1683 2526 1753 μὲν
2545 1678 2637 1736 οῦν
2658 1685 2770 1747 τοῖς
2792 1686 3069 1756 γεννητοῖς
3093 1683 3204 1756 (47)
3225 1683 3366 1737 οὕτω
3387 1681 3705 1754 πολυμερῶς

460 1742 819 1798 multifariam
867 1746 1144 1818 variisque
1196 1751 1506 1807 rationibus
1539 1752 1743 1808 dicitur
1792 1754 2032 1825 Spiritus

2140 1773 2227 1824 καὶ
2261 1742 2611 1844 πολυτρόπως
2631 1742 2827 1827 ἐνεῖναι
2848 1742 3064 1842 λέγεται
3081 1742 3142 1828 τὸ
3158 1742 3382 1846 Πνεῦμα
3403 1791 3418 1806 ο
3450 1742 3622 1846 Ila-cpi.
3647 1742 3704 1826 δέ

461 1832 566 1904 53
593 1835 775 1890 inesse
809 1855 820 1889 :
856 1852 1045 1892 verum
1093 1841 1268 1910 magis
1307 1842 1458 1911 pium
1509 1851 1595 1898 est
1639 1843 1853 1910 dicere,
1903 1861 2030 1902 eum

401 1938 404 1942 '
458 1940 585 1980 esse
627 1941 751 1980 cum
785 1925 948 1983 Patre
997 1937 1050 1984 et
1092 1929 1255 1996 Filio,
1292 1948 1456 2002 quam
1500 1935 1609 1992 illis
1655 1936 1859 1992 inesse.
1893 1935 2030 1992 Nam

458 2018 636 2085 gratia
693 2019 762 2072 ab
795 2034 861 2075 eo
893 2035 1148 2087 manans,
1197 2022 1479 2080 habitante
1525 2026 1582 2080 in
1626 2027 1695 2081 iis
1745 2029 1840 2098 qui
1880 2027 2031 2098 digni

459 2115 611 2171 sunt,
656 2123 722 2163 ac
758 2125 888 2165 suas
921 2114 1269 2182 operationes
1308 2115 1364 2169 in
1396 2116 1503 2172 illis
1533 2127 1843 2182 exercente,
1879 2130 2032 2175 recte

459 2201 664 2255 dicitur
700 2202 881 2258 inesse
916 2204 985 2257 iis
1015 2206 1108 2275 qui
1139 2217 1270 2261 sunt
1308 2208 1458 2264 illius
1492 2224 1746 2280 capaces.
1781 2212 1848 2264 At
1883 2212 2031 2269 illius

459 2290 821 2347 subsistentia
869 2308 992 2363 qua:
1020 2294 1125 2348 fuit
1168 2307 1294 2352 ante
1329 2299 1551 2363 saecula,
1588 2315 1652 2356 ac
1691 2303 2030 2371 perpetuitas

459 2396 740 2452 nunquam
773 2383 1020 2439 desitura
1047 2400 1172 2439 cum
1199 2385 1340 2442 Filio
1377 2396 1431 2443 et
1461 2389 1624 2445 Patre
1655 2391 2027 2457 considerata,

459 2473 809 2542 sempiternae
858 2474 1275 2543 conjunctionis
1327 2479 1560 2549 requirit
1610 2482 2026 2550 appellationes.

456 2560 595 2616 Nam
627 2579 798 2620 cocsse
832 2568 1053 2638 proprie
1084 2583 1149 2623 ac
1173 2584 1301 2624 vere
1333 2570 1537 2626 dicitur
1560 2573 1626 2628 de
1657 2573 1747 2639 iis,
1779 2590 1900 2644 qua:
1925 2575 2028 2629 sibi

457 2654 694 2710 invicem
718 2657 1164 2728 inseparabiliter
1195 2661 1415 2717 adsunt.
1447 2662 1583 2716 Nam
1612 2665 1853 2719 calorem
1884 2665 2030 2720 ferro

457 2749 681 2819 quidem
717 2751 889 2822 ignito
926 2753 1108 2809 inesse
1142 2754 1422 2812 dicimus:
1458 2767 1516 2810 at
1556 2773 1665 2811 una
1697 2759 1861 2812 simul
1905 2773 2027 2813 cum

457 2841 582 2911 ipso
613 2841 737 2912 igne
767 2857 909 2898 esse.
942 2843 1074 2900 Item
1104 2847 1326 2916 corpori
1357 2849 1651 2904 sanitatem
1683 2849 1864 2905 inesse
1893 2849 2031 2904 dici-

451 2950 605 2999 mus,
638 2936 804 2990 vitam
851 2946 1032 2994 autem
1081 2941 1242 2996 simul
1270 2958 1394 2997 cum
1441 2945 1623 2999 anima
1662 2961 1805 3002 esse.
1851 2946 2032 3013 Quare

459 3023 555 3077 ubi
613 3026 835 3095 propria
887 3035 943 3082 et
990 3033 1369 3088 connaturalis
1433 3044 1594 3104 atque
1642 3035 2028 3105 inseparabilis

2131 1863 2226 1917 καὶ
2255 1863 2370 1934 Υἱῷ
2405 1864 2526 1934 οὐχὶ
2561 1865 2760 1920 ἐνεῖναι
2809 1866 3028 1936 μᾶλλον,
3062 1865 3199 1919 ἀλλὰ
3249 1868 3483 1920 συνεῖναι
3530 1867 3704 1917 εἰπεῖν

2131 1955 2534 2026 εῦσεὸέστερον.
2570 1956 2635 2009 Ἦ
2665 1957 2765 2028 μὲν
2807 1957 2916 2028 γὰρ
2958 1957 3086 2029 παρ’
3113 1956 3277 2011 αὑτοῦ
3307 1957 3466 2027 χάρις
3495 1955 3705 2010 οἰκοῦν-

2129 2061 2221 2108 τος
2251 2047 2308 2099 ἐν
2341 2049 2454 2109 τοῖς
2485 2045 2676 2112 ἀξίοις,
2723 2047 2818 2100 καὶ
2866 2047 3211 2118 ἐνεργοῦντος
3242 2047 3312 2100 τὰ
3352 2045 3566 2110 ἑαυτοῦ,
3604 2063 3707 2098 κα-

2131 2132 2239 2197 λῶς
2278 2133 2605 2205 ἐνυπάρχειν
2645 2136 2759 2198 τοῖς
2799 2135 3067 2198 δεκτικοῖς
3101 2134 3264 2188 αὺτοῦ
3299 2135 3549 2204 λέγεται·
3579 2138 3611 2206 ή
3648 2135 3706 2189 δὲ

2131 2225 2452 2296 προαιώνιος
2495 2225 2761 2298 ῦπαρξις,
2816 2227 2911 2280 καὶ
2963 2227 3236 2290 ἄπαυστος
3286 2227 3536 2299 διαμονή,
3587 2229 3705 2299 μεθ’

2130 2315 2262 2369 Υἱοῦ
2295 2316 2390 2369 καὶ¹
2418 2317 2632 2389 Πατρὸς
2671 2317 3014 2390 θεωρουμένη
3037 2359 3051 2380 ,
3094 2317 3194 2382 τὰς
3223 2319 3323 2389 τῆς
3371 2319 3541 2372 ἀϊδίου
3577 2338 3706 2373 συν-

2130 2408 2326 2477 αφείας
2367 2408 2477 2479 (48)
2519 2410 2892 2481 προσηγορίας
2935 2408 3199 2481 ἐπιζητεῖ.
3237 2411 3310 2464 Τὸ
3351 2410 3461 2482 γὰρ
3500 2411 3705 2482 κυρίως

2130 2498 2224 2551 καὶ
2253 2499 2466 2570 άληθῶς
2508 2499 2922 2569 συνυπάρχειν
2969 2502 3060 2553 ἐπὶ
3101 2502 3209 2554 τῶν
3254 2503 3574 2573 ἀχωρίστως
3613 2504 3706 2557 ἀλ·-

2129 2590 2313 2662 λήλοις
2341 2592 2608 2646 συνόντων
2642 2592 2879 2661 λέγεται.
2901 2592 3011 2664 Τὴν
3032 2593 3141 2665 γὰρ
3176 2594 3486 2666 θερμότητα
3505 2594 3584 2666 τῷ
3608 2597 3709 2666 μὲν

2130 2682 2540 2753 πυρακτωθέντι
2591 2684 2794 2756 σιδήρῳ
2840 2684 3167 2755 ἐνυπάρχειν
3211 2685 3391 2756 φαμέν
3421 2704 3435 2718 ο
3467 2686 3614 2756 αὐτῷ
3649 2686 3709 2740 δὲ

2129 2773 2207 2843 τῷ
2237 2773 2371 2844 πυρὶ
2412 2773 2796 2844 συνυπάρχειν.
2828 2774 2936 2826 Καὶ
2965 2775 3064 2844 τὴν
3101 2775 3198 2844 μὲν
3252 2775 3463 2843 ὑγίειαν
3493 2775 3568 2846 τῷ
3603 2775 3710 2828 σώ-

2134 2882 2264 2935 ματι
2295 2863 2636 2936 ἐνυπάρχειν,
2669 2864 2765 2936 τὴν
2789 2865 2844 2918 δὲ
2875 2863 3018 2935 ζωὴν
3051 2867 3116 2936 τῇ
3147 2865 3291 2936 ψυχῇ
3318 2866 3708 2938 συνυπάρχειν.

2133 2957 2295 3009 Ὥστε
2325 2957 2458 3010 ὅπου
2496 2957 2592 3028 μὲν
2620 2957 2795 3010 οἰκεία
2828 2958 2922 3011 καὶ
2947 2957 3196 3028 συμφυὴς
3229 2959 3324 3010 καὶ
3346 2958 3646 3030 ἀχώριστος
3673 2962 3712 3030 ἡ

2133 3046 2401 3110 κοινωνία,
2429 3046 2880 3118 σημαντικωτέρα
2907 3047 3057 3118 φωνὴ
3083 3049 3115 3118 ἡ
3138 3047 3259 3101 σὺν
3287 3047 3418 3120 (49),
3448 3050 3546 3118 τῆς
3565 3049 3714 3119 ἀχω-

460 3116 775 3194 communip
817 3124 922 3183 est,
955 3118 1071 3174 hac
1101 3136 1206 3174 vox
1253 3139 1373 3175 cum
1407 3124 1804 3195 significantior
1835 3135 1939 3191 est,
1973 3134 2031 3180 ut

2140 3139 2318 3211 ρίστου
2348 3139 2632 3202 κοινωνίας
2659 3139 2757 3210 τὴν
2785 3138 3020 3192 διάνοιαν
3052 3139 3459 3194 ὑποϐάλλουσαι
3487 3142 3621 3193 ὅπου
3649 3141 3712 3193 δὲ

460 3221 584 3275 qua:
613 3209 1003 3277 inseparabilis
1034 3213 1447 3282 conjunctionis
1481 3216 1870 3285 cogitationem
1905 3234 2036 3289 sug-

461 3309 614 3370 gerat
657 3299 981 3358 intelleCtui.
1018 3301 1122 3358 Ubi
1160 3313 1343 3360 autem
1394 3308 1567 3376 gratia
1611 3307 1680 3363 ab
1725 3308 1846 3378 ipso
1878 3309 2038 3379 proﬁ-

461 3390 700 3457 ciscens,
734 3395 998 3449 accedere
1042 3410 1108 3449 ac
1156 3412 1351 3453 rursus
1383 3397 1646 3453 decedere
1674 3407 1875 3468 potest,
1907 3415 2036 3470 pro-

459 3483 580 3556 prie
609 3493 666 3538 et
697 3501 826 3540 vere
860 3485 1044 3542 inesse
1069 3483 1309 3552 dicitur;
1347 3490 1562 3546 etiamsi
1594 3491 1742 3546 illius
1775 3493 1950 3556 gratia
1980 3493 2035 3546 in

461 3578 532 3632 iis
554 3578 648 3648 qui
680 3592 1032 3648 receperunt,
1061 3597 1442 3650 saepenumero
1466 3591 1690 3652 propter
1719 3582 1946 3638 affectus
1978 3584 2036 3638 in

459 3669 607 3723 bono
632 3673 1100 3740 perseverantiam
1132 3679 1396 3742 perpetua
1419 3683 1759 3742 permaneat.
1798 3674 2037 3732 Proinde

461 3762 683 3831 quoties
713 3764 995 3833 propriam
1029 3761 1273 3834 Spiritus
1297 3764 1618 3834 dignitatem
1653 3767 2033 3839 intelligimus,

463 3871 590 3910 cum
625 3855 789 3912 Patre
813 3865 867 3912 et
896 3856 1038 3912 Filio
1070 3858 1250 3927 ipsum
1281 3860 1719 3928 contemplamur
1745 3879 1758 3914 :
1787 3860 1878 3914 ubi
1904 3875 2036 3915 vero

461 3948 692 4018 gratiam
725 3951 780 4002 in
820 3964 938 4011 eos,
973 3948 1066 4018 qui
1100 3948 1250 4003 illius
1278 3957 1408 4004 sunt
1434 3950 1753 4018 participes,
1797 3965 2035 4018 operan-

461 4047 573 4093 tem
618 4051 962 4109 reputamus,
1012 4041 1072 4094 in
1101 4041 1262 4096 nobis
1305 4056 1431 4096 esse
1479 4039 1742 4110 Spiritum
1775 4041 2030 4096 dicimus.

461 4131 530 4184 Et
553 4146 674 4200 quae
706 4147 736 4185 a
766 4131 926 4187 nobis
950 4130 1197 4186 defertur
1221 4131 1549 4202 gloriﬁcatio
1576 4133 1630 4186 in
1665 4131 1896 4202 Spiritu,
1924 4148 2037 4186 non

462 4223 630 4277 habet
674 4222 1074 4292 professionem
1123 4223 1410 4293 dignitatis
1463 4222 1634 4286 illius,
1689 4223 1784 4278 sed
1831 4231 2036 4278 nostra:

461 4316 711 4386 ipsorum
749 4315 1146 4370 imbecillitatis
1177 4315 1606 4381 confessionem,
1633 4316 1763 4370 dum
1791 4316 2036 4372 ostendi-

459 4420 590 4463 mus
629 4420 732 4460 nos
765 4420 832 4460 ex
859 4406 1020 4461 nobis
1047 4406 1183 4476 ipsis
1212 4406 1281 4460 ad
1311 4406 1726 4476 gloriﬁcandum
1762 4406 2036 4463 suiﬁcien-

459 4506 547 4552 tes
590 4511 700 4551 non
746 4512 891 4560 esse,
952 4498 1047 4552 sed
1090 4497 1468 4552 sufficientiam
1518 4506 1764 4554 nostram
1813 4515 1936 4554 esse
1978 4499 2035 4553 in

461 4590 673 4659 Spiritu
709 4598 921 4652 sancto,
976 4589 1031 4642 in
1068 4605 1178 4659 quo
1221 4589 1595 4657 corroborati,
1629 4605 1728 4660 pro
1759 4590 2039 4646 beneficiis

460 4682 703 4752 acceptis
732 4681 840 4736 Deo
873 4689 1070 4735 nostro
1093 4679 1297 4750 gratias
1327 4681 1664 4737 absolvimus
1684 4700 1697 4736 :
1716 4681 1872 4748 juxta
1893 4680 2039 4751 quod
2073 4713 2076 4716 λ

461 4785 492 4823 a
534 4769 742 4824 malitia
785 4770 1000 4840 purgati
1049 4785 1278 4834 sumus;
1325 4769 1526 4839 quippe
1577 4771 1721 4826 alius
1771 4771 1880 4825 alio
1914 4771 2038 4841 plus

459 4872 556 4918 aut
586 4861 794 4927 minus,
835 4861 1048 4916 auxilio
1079 4860 1323 4931 Spiritus
1357 4861 1531 4928 adjuli
1577 4862 1647 4916 ad
1695 4860 2037 4918 oﬂ'erendum

547 5020 590 5049 ⁸⁷
611 5016 770 5072 Joan.
806 5032 880 5082 iv,
907 5015 999 5071 2'5.

536 5171 1097 5245 (44),Προσςρέρομεν
1126 5175 1186 5245 ἡ.
1223 5175 1428 5232 Vocula
1464 5174 1648 5230 addita
1692 5191 1758 5231 ex
1803 5183 2038 5246 quatuor

464 5259 601 5298 mss.

537 5312 646 5384 (45)
686 5315 872 5380 Τόπος
896 5315 1129 5381 οἰκεῖος.
1163 5315 1269 5369 Pro
1306 5315 1393 5369 his
1429 5315 1674 5375 vocibus,
1703 5331 1823 5384 qua:
1858 5315 1922 5384 in_
1942 5330 2040 5368 no-

465 5381 598 5455 stris
611 5381 706 5439 sex
726 5385 1007 5455 codicibus
1027 5386 1298 5455 leguntur,
1326 5385 1598 5440 habebant
1613 5381 1740 5455 editi
1760 5385 1854 5455 καὶ
1869 5381 2036 5447 οἶκος.

537 5453 648 5525 (46)
690 5457 765 5508 Ἢ
795 5453 1174 5524 δοκιμήνξιιε
1208 5471 1342 5511 mss.
1377 5455 1638 5525 quinque.
1672 5454 1814 5509 Editi
1860 5456 1910 5509 εί
1954 5455 2040 5507 δο-

465 5537 662 5666 ~x
687 5595 1028 5666 ι’ξενξιητοῖς.
1073 5594 1164 5666 Sic
1207 5611 1342 5650 mss.
1383 5595 1624 5650 codices.
1675 5594 1820 5650 Editi
1871 5612 2034 5666 γενη-

470 5664 596 5728 τοῖς.
632 5663 739 5717 Sed
779 5663 1073 5724 discrimen
1113 5665 1244 5719 illud
1286 5665 1436 5736 parvi
1470 5668 1750 5721 momenti.

1096 5015 1142 5046 ⁸⁸
1166 5013 1302 5070 Gen.
1341 5031 1532 5081 xxvm,
1570 5016 1655 5071 16.
1746 5015 1860 5069 “ll
1892 5017 2019 5072 Cor.
2063 5032 2126 5081 ιι,

2137 3231 2523 3304 προσγίνεσθαι
2565 3234 2599 3303 ἡ
2644 3233 2738 3285 ἀπ’
2768 3231 2933 3285 αὑτοῦ
2982 3232 3141 3304 χάρις
3189 3235 3282 3286 καὶ
3318 3233 3476 3286 πάλιν
3515 3233 3714 3302 ἀπογί-

2135 3323 2321 3376 νεσθαι
2356 3324 2618 3392 πέφυκεν,
2647 3323 2862 3386 οἰκείως
2897 3323 2993 3376 καὶ
3027 3323 3243 3395 άληθῶς
3281 3324 3343 3377 τὸ
3380 3324 3712 3395 ἐνυπάρχειν

2134 3414 2370 3485 λέγεται.
2402 3416 2505 3468 κᾶν
2535 3396 2648 3478 τοῖς
2671 3414 2982 3485 δεξαμένοις
3006 3416 3264 3479 πολλάκις
3294 3415 3382 3469 διὰ
3412 3417 3474 3469 τὸ
3497 3417 3714 3486 ἑδραῖον

2134 3505 2236 3575 τῆς
2287 3507 2414 3575 περὶ
2466 3505 2527 3557 τὸ
2575 3504 2738 3557 καλὸν
2789 3504 3080 3568 διαθέσεως
3133 3508 3166 3576 ἠ
3213 3508 3306 3558 ἀπ’
3339 3505 3504 3559 αὐτοῦ
3549 3507 3715 3578 χάρις

2135 3595 2361 3667 διαρκὴς
2394 3596 2705 3668 παραμένῃ.
2739 3596 2900 3649 Ὥστε
2925 3597 3052 3650 ὅταν
3083 3595 3183 3666 μὲν
3203 3597 3300 3668 τὴν
3325 3598 3528 3650 οἰκείαν
3553 3597 3716 3661 ἀξίαν

2134 3687 2228 3740 τοῦ
2283 3687 2597 3757 Πνεῦματος
2646 3686 2948 3757 ἐννοῶμεν,
3001 3687 3137 3758 μετὰ
3191 3689 3402 3760 Πατρὸς
3448 3690 3540 3743 καὶ
3578 3690 3716 3744 Υἱοῦ

2135 3779 2266 3833 αὐτὸ
2295 3778 2604 3848 θεωροῦμεν
2622 3794 2635 3808 ·
2667 3779 2795 3831 ὅταν
2819 3778 2874 3831 δὲ
2895 3781 2992 3849 τὴν
3023 3781 3102 3842 εἰς
3123 3781 3250 3844 τοὺς
3277 3781 3535 3852 μετόχους
3561 3783 3718 3854 ἐνερ-

2135 3865 2404 3936 γουμένην
2434 3865 2592 3936 χάριν
2619 3865 3031 3936 ἐνθυμηθῶμεν,
3053 3869 3112 3920 ἐν
3134 3871 3266 3938 ἡμῖν
3287 3867 3424 3922 εἶναι
3448 3870 3510 3923 τὸ
3535 3872 3716 3925 Πνεῦ-

2139 3974 2215 4027 μα
2239 3955 2488 4026 λέγομεν.
2522 3956 2690 4027 Καὶῆ
2731 3973 2795 4025 γε
2842 3959 3226 4030 προσαγομένη
3268 3960 3544 4030 δοξολογία
3578 3965 3717 4032 παρ’

2135 4043 2293 4114 ἡμῶν
2322 4045 2379 4097 ἐν
2403 4043 2481 4114 τῷ
2513 4043 2789 4115 Πνεύματι
2823 4046 2946 4116 οὐχὶ
2972 4047 3073 4118 τῆς
3101 4047 3309 4101 ἐκείνου
3343 4048 3497 4114 ἀξίας
3519 4051 3716 4122 ὁμολο-

2135 4134 2259 4201 γίαν
2293 4133 2427 4203 ἔχει,
2459 4132 2594 4186 ἀλλὰ
2619 4134 2716 4202 τῆς
2750 4135 3025 4206 ἡμετέρας
3066 4135 3244 4189 αὐτῶν
3292 4137 3574 4200 ἀσθενείας
3626 4137 3718 4202 ὲξ-

2133 4225 2477 4295 ομολόγησιν·
2507 4223 2848 4288 δεικνύντων,
2874 4225 2956 4277 ὅτι
2986 4223 3108 4278 οὔτε
3138 4225 3356 4292 δοξάσαι
3381 4229 3472 4296 ἀφ’
3503 4229 3717 4282 ἑαυτῶν

2137 4313 2308 4368 ἱκανοί
2338 4317 2525 4384 ἐσμεν,
2551 4313 2667 4366 ἀλλ’
2694 4315 2728 4384 ἡ
2771 4313 3021 4384 ἱκανότης
3043 4312 3200 4384 ἡμῶν
3243 4316 3300 4366 ἐν
3331 4313 3410 4384 τῷ
3435 4314 3719 4386 Πνεῦματι

2134 4406 2214 4478 τῷ
2247 4404 2406 4476 ἁγίῳ,
2449 4407 2507 4460 ἐν
2542 4398 2586 4472 ᾧ
2617 4404 3044 4476 δυναμωθέντες,
3083 4405 3181 4475 τὴν
3219 4406 3360 4477 ὑπὲρ
3384 4399 3459 4460 ὧν
3483 4407 3719 4478 εὐηργε-

2136 4497 2396 4570 τήθημεν,
2429 4494 2508 4566 τῷ
2538 4495 2656 4566 Θεῷ
2688 4495 2846 4567 ἡμῶν
2875 4496 3225 4568 εὐχαριστίαν
3252 4497 3681 4569 άποπληροῦμεν
3700 4516 3714 4529 ·

2135 4589 2278 4643 κατὰ
2300 4589 2361 4642 τὸ
2390 4587 2589 4659 μέτρον
2619 4588 2719 4658 τῆς
2745 4587 2852 4640 ἀπὸ
2882 4587 3079 4652 κακίας
3106 4587 3495 4658 καθαρότητος,
3525 4589 3718 4661 ἕτερος

2135 4681 2321 4753 ἐτέρου
2355 4679 2466 4752 (50)
2497 4679 2656 4733 πλέον
2687 4679 2720 4750 ἢ
2767 4679 2989 4733 ἔλαττον
3027 4677 3130 4748 τῆς
3165 4681 3233 4732 ἐκ
3265 4678 3360 4731 τοῦ
3394 4679 3718 4750 Πνεύματος

2139 4769 2386 4842 βοηθείας
2433 4768 2960 4841 μεταλαμϐάνοντες,
3011 4770 3092 4833 είς
3131 4768 3193 4821 τὸ
3247 4770 3575 4841 προσφέρειν
3614 4771 3720 4835 τὰς

2137 4863 2324 4926 θυσίας
2352 4861 2454 4932 τῆς
2487 4861 2742 4924 αἰνέσεως
2777 4859 2856 4930 τῷ
2890 4859 3028 4933 Θεῷ.
3059 4860 3197 4916 Καθ’
3225 4860 3322 4914 ἕνα
3349 4861 3448 4931 μὲν
3469 4857 3563 4916 οὖν
3583 4861 3719 4933 τρό-

2159 5016 2248 5072 17.
2322 5017 2368 5048 ⁹⁰
2391 5017 2434 5071 ll
2459 5017 2586 5072 Cor.
2619 5032 2740 5084 xm,
2775 5017 2829 5072 5.

2205 5175 2314 5297 (48)
2381 5173 2600 5228 Ἀτδιου
2641 5175 2996 5244 συναφείας.
3029 5173 3171 5230 Editi
3220 5174 3389 5228 ἀϊδίου
3430 5172 3719 5256 δυνάμεως

2205 5260 2212 5294 ι
2275 5244 2588 5297 συναφείας.
2637 5243 2793 5297 Ουοά
2835 5252 3076 5297 erratum
3116 5259 3219 5297 oue
3258 5251 3504 5297 veterum
3556 5243 3719 5297 codr-

2139 5243 2235 5297 καὶ
2275 5243 2588 5315 συναφείας.
2637 5243 3076 5310 ρυοὼειτιιιιιω
3116 5259 3219 5315 ope
3258 5251 3504 5299 veterum
3556 5243 3719 5299 Codi-

2139 5328 2263 5366 cum
2300 5314 2640 5368 sustulimus.
3030 5366 3040 5378 ,

2213 5383 2325 5455 (49)
2359 5382 2530 5455 Φωνὴ
2557 5383 2594 5448 ὴ
2629 5385 2772 5439 σύν.
2799 5383 3081 5441 Postrema
3109 5383 3304 5439 vocula
3336 5399 3404 5441 ex
3433 5381 3607 5455 Regio
3630 5399 3717 5439 se-

2139 5453 2321 5509 cundo
2353 5453 2554 5506 addita.

2211 5525 2324 5594 (50)
2368 5524 2611 5594 Ἕτερος
2632 5523 2858 5594 ἐτέρου.
2891 5522 3284 5594 Editi"E1:spoq
3312 5522 3420 5593 γὰρ
3453 5521 3718 5594 ἑτέρου...

2142 5593 2650 5663 μεταλαμβάνομεν,
2703 5593 2849 5659 quod
2900 5592 3223 5650 auctoritate
3271 5592 3514 5648 veterum
3549 5592 3711 5648 'codi-

2139 5661 2261 5717 eum
2286 5661 2408 5718 freti
2435 5662 2786 5718 mutavimus.
