3888 6214
188 277 269 332 185
1299 276 1499 331 LIBER
1542 277 1630 332 DE
1671 278 1944 336 SPIRITU
1985 279 2274 337 SANCTO.

3295 278 3401 336 186

187 409 264 445 πον
301 388 452 454 οὕτως
497 387 741 455 εὐσεϐῶς
788 391 846 444 ὲν
883 392 1164 463 Πνεύματι
1205 391 1304 464 τὴν
1365 391 1717 464 εὐχαριστίαν

1825 393 2031 448 hostias
2079 393 2258 448 laudis
2301 391 2434 449 Deo.
2478 392 2795 450 Secundum
2847 407 3018 447 unum
3058 389 3229 462 igitur
3275 379 3400 447 mo-

187 481 572 553 ἀποπληροῦμεν.
622 483 816 536 Καίτοι
857 484 952 536 καὶ
987 483 1148 536 τοῦτο
1174 484 1275 536 οὐκ
1303 481 1528 554 ἀϐαρὲς,
1559 482 1721 536 αὐτόν

185 593 276 629 τινα
300 573 456 644 ἑαυτῷ
496 577 816 647 μαρτυρεῖν,
851 576 934 628 ὃτι
964 575 1190 645 Πνεῦμα
1212 574 1348 629 Θεοῦ
1375 575 1433 628 ἐν
1457 576 1603 646 ἐμοὶ,
1627 576 1722 628 καὶ

186 667 254 720 διὰ
277 667 358 736 τῆς
401 666 493 718 ἀπ’
517 665 682 720 αὐτοῦ
734 666 956 738 χάριτος
994 665 1272 736 σοφισθεὶς
1321 665 1580 738 ἀναφέρω
1622 665 1720 738 τὴν

182 759 323 826 δόξαν.
382 756 576 828 Παύλῳ
615 757 727 828 γὰρ
775 757 1057 828 πρέπουσα
1099 759 1133 828 ἡ
1192 757 1379 827 φωνήο
1415 754 1578 809 Δοκῶ
1609 756 1720 824 γὰρ

186 851 310 920 κάγὼ
328 849 557 919 Πνεῦμα
597 848 748 903 Θεοῦ
785 851 952 916 ἔχειν
970 865 984 878 ο
1013 849 1109 924 καὶ
1134 847 1296 901 πάλιν
1315 864 1328 878 ·
1368 847 1488 915 Τὴν
1519 845 1721 914 καλὴν

183 940 638 1011 παρακαταθήκην
687 939 966 1010 φύλαξον
1015 938 1115 994 διὰ
1159 938 1506 1008 Πνεύματος
1547 938 1720 1007 ἁγίου

182 1034 263 1087 τοῦ
286 1033 644 1098 ἐνοικοῦντος
669 1032 740 1085 ἐν
767 1031 937 1100 ἡμῖν·
970 1030 1066 1083 καὶ
1091 1029 1221 1102 περὶ
1249 1029 1345 1084 τοῦ
1369 1030 1568 1101 Δανιήλ
1592 1047 1605 1060 ·
1635 1031 1719 1082 ὅτι

181 1123 362 1193 Πνεῦμα
387 1121 519 1176 Θεοῦ
554 1123 711 1192 ἆγιον
750 1123 809 1175 ὲν
832 1121 980 1194 αὐτῷ
1003 1140 1017 1153 ο
1050 1121 1146 1176 καὶ
1181 1121 1340 1188 εἴτις
1365 1121 1598 1185 ἐκείνοις
1617 1121 1719 1194 τὴν

180 1215 347 1286 ἀοετὴν
376 1213 778 1286 παραπλήσιος.

148 1353 162 1426 1
231 1389 303 1444 64.
328 1390 577 1461 Δεύτερος
608 1391 666 1445 δὲ
693 1389 841 1456 νοῦς,
882 1391 1004 1444 οὐδὲ
1042 1391 1204 1456 αὐτὸς
1237 1390 1544 1462 ἀπόϐλητος
1567 1407 1582 1422 ⁸
1629 1391 1716 1444 ὅτι

174 1478 327 1549 ὥσπερ
349 1481 399 1531 ὲν
425 1479 504 1551 τῷ
534 1479 649 1550 Υίῷ
680 1482 876 1552 ὁρᾶται
915 1481 944 1532 ὁ
977 1480 1198 1552 Πατὴρ,
1241 1481 1414 1544 οὕτως
1445 1481 1474 1533 ὁ
1509 1479 1635 1544 Υἱὸς
1659 1481 1717 1533 ὲν

172 1567 234 1638 τῷ
257 1569 533 1640 Πνεύματι.
565 1571 631 1623 Ἥ
667 1571 849 1624 τοίνυν
882 1573 940 1624 ὲν
967 1571 1048 1644 τῷ
1085 1571 1368 1643 Πνεύματι
1403 1570 1716 1643 προσκύνη-

175 1678 242 1724 at;
267 1663 352 1733 τὴν
380 1663 450 1726 ὡς
503 1665 562 1716 ὲν
610 1664 750 1731 φωτὶ
807 1665 1098 1736 γινομένην
1140 1665 1241 1737 τῆς
1283 1664 1520 1728 διανοίας
1559 1661 1717 1735 ἡμῶν

1821 484 1950 538 dum
1986 484 2067 538 sic
2096 483 2184 553 pie
2212 484 2518 554 gratiarum
2549 481 2822 536 actionem
2855 479 2910 532 in
2943 478 3153 549 Spiritu
3184 478 3401 550 persol-

1818 577 2019 633 vimus.
2043 576 2368 646 Quanquam
2400 581 2455 630 et
2483 574 2592 628 hoc
2623 571 2830 628 invidia
2856 585 2968 625 non
2993 578 3166 635 caret,
3203 559 3402 624 ut'ali«

1818 668 1946 739 quis
1973 668 2043 724 de
2077 668 2264 737 seipso
2303 664 2651 730 testiﬁcetur,
2686 663 2944 733 dicatque
2980 681 2993 718 :
3034 661 3276 733 Spiritus
3302 659 3401 717 Dei

1818 756 1877 811 in
1908 771 1997 811 me
2025 764 2132 820 est,
2160 762 2217 811 et
2251 769 2350 826 per
2386 754 2616 826 gratiam
2647 753 2798 808 illius
2838 752 3057 822 sapiens
3086 752 3268 807 iactus
3306 766 3399 806 re-

1818 847 1936 904 fero
1969 848 2222 919 gloriam.
2254 846 2392 902 Nam
2422 848 2674 916 hazc3vox
2707 844 2941 899 Paulum
2970 845 3126 900 decet
3155 862 3170 898 :
3209 843 3402 898 Videor

1815 949 1868 996 et
1907 941 2040 994 mihi
2086 938 2352 1010 Spiritum
2398 938 2496 992 Dei
2545 936 2838 1004 habere";
2871 945 2926 991 et
2962 951 3191 1000 rursus,
3237 933 3403 1006 Egre-

1816 1034 1964 1106 gium
1994 1033 2293 1102 depositum
2326 1047 2481 1085 serva
2508 1047 2600 1100 per
2627 1028 2891 1099 Spiritum
2921 1036 3166 1082 sanctum
3191 1027 3281 1098 qui
3310 1026 3400 1080 ha-

1821 1125 1962 1178 bitat
2010 1126 2066 1179 in
2107 1122 2260 1178 nobis
2281 1124 2350 1178 ".
2379 1121 2513 1178 Item
2550 1120 2618 1176 de
2647 1119 2876 1174 Daniele
2902 1118 3136 1189 legimus
3155 1119 3224 1178 ”,
3256 1117 3402 1188 quod

1819 1215 2063 1286 Spiritus
2095 1214 2194 1270 Dei
2235 1221 2463 1270 sanctus
2504 1211 2670 1268 fuerit
2706 1211 2765 1266 in
2795 1225 2894 1273 eo;
2947 1217 3003 1264 et
3049 1209 3097 1266 si
3142 1208 3269 1281 quis
3295 1208 3404 1266 illis

1818 1305 2084 1364 assimilis
2114 1306 2188 1362 sit
2215 1306 2442 1360 virtute.

1889 1399 1980 1455 64.
2019 1399 2170 1454 Alter
2220 1405 2407 1452 autem
2456 1394 2776 1450 intellectus
2819 1399 2927 1460 est,
2959 1407 3063 1448 nec
3098 1393 3219 1464 ipse
3265 1393 3404 1465 reji~

1817 1487 2067 1556 ciendus,
2115 1485 2263 1558 quod
2310 1486 2457 1542 sicut
2509 1485 2566 1540 in
2617 1481 2760 1538 Filio
2803 1482 3048 1539 cernitur
3095 1481 3279 1546 Pater,
3324 1483 3404 1537 sic

1816 1577 1992 1634 Filius
2025 1578 2272 1634 cernitur
2305 1576 2364 1630 in
2397 1573 2628 1646 Spiritu.
2663 1573 2851 1644 Itaque
2890 1573 3140 1628 adoratio
3166 1587 3290 1642 qua:
3331 1574 3404 1628 sit

1818 1669 1874 1724 in
1906 1668 2137 1740 Spiritu,
2183 1666 2385 1721 mentis
2421 1672 2626 1719 nostra
2669 1663 3042 1734 operationem
3092 1671 3152 1715 ut
3187 1661 3244 1715 in
3281 1661 3404 1715 luce

172 1755 409 1826 ἐνέργειαν
435 1755 749 1820 ὑποϐάλλει,
773 1755 848 1820 ὼς
879 1759 943 1810 ὲκ
971 1757 1081 1811 τῶν
1102 1757 1239 1828 πρὸς
1260 1757 1358 1828 τὴν
1385 1757 1715 1828 Σαμαρεῖτιν

1825 1761 2022 1817 factam
2061 1761 2290 1826 indicat,
2319 1768 2383 1814 ut
2412 1759 2628 1814 discere
2663 1757 2794 1812 licet
2819 1771 2888 1811 ex
2916 1755 2983 1810 iis
3012 1769 3134 1825 quae
3159 1752 3405 1808 Samari-

172 1846 430 1918 εἰρημένων
457 1845 525 1899 ἂν
566 1846 780 1918 μάθοις.
798 1849 886 1900 Ἐν
923 1848 1074 1919 τόπῳ
1109 1849 1219 1918 γὰρ
1248 1843 1386 1901 εἶναι
1419 1847 1516 1919 τὴν
1549 1864 1716 1917 προσ-

169 1937 357 2008 κύνησιν
380 1937 440 1990 ὲκ
483 1937 586 2008 τῆς
631 1939 901 2010 ἐγχωρίου
948 1939 1233 2008 συνηθείας
1278 1937 1640 2010 ἡπατημένην
1687 1940 1718 1992 ό

171 2028 338 2098 Κύριος
358 2028 512 2100 ἡμῶν
537 2029 966 2100 μεταδιδάσκων,
991 2033 1047 2083 ἐν
1075 2029 1352 2101 Πνεύματι
1373 2031 1467 2084 καὶ
1487 2030 1716 2102 ἀληθείᾳ

169 2119 332 2190 χρῆναι
363 2124 686 2193 προσκυνεῖν
709 2121 932 2192 ἔφησεν,
970 2122 1161 2176 ἑαυτὸν
1189 2122 1362 2191 λέγων
1387 2121 1586 2193 δηλαδὴ
1615 2123 1716 2194 τὴν

168 2210 402 2282 ἀλήθειαν,
427 2213 640 2284 Ὠσπερ
659 2207 753 2266 οὖν
789 2215 848 2266 ὲν
884 2212 964 2286 τῷ
1003 2212 1118 2284 Υἱῷ
1155 2212 1525 2284 προσκύνησιν
1559 2213 1716 2282 λέγο-

169 2318 266 2371 μεν,
292 2303 377 2374 τὴν
411 2304 486 2368 ὡς
525 2307 585 2358 ὲν
620 2305 791 2358 εἰκόνι
827 2304 922 2358 τοῦ
969 2303 1107 2358 Θεοῦ
1152 2305 1246 2359 καὶ
1289 2305 1524 2377 Πατρὸς,
1574 2304 1716 2360 οὕτω

166 2394 243 2446 καὶ
269 2395 320 2448 ἐν
348 2395 422 2467 τῷ
453 2396 760 2468 Πνεύματι,
791 2396 867 2460 ὡς
899 2397 956 2449 ὲν
988 2396 1166 2468 ἑαυτῷ
1191 2397 1460 2452 δεικνύντι
1493 2397 1591 2470 τὴν
1620 2396 1716 2450 τοῦ

166 2483 337 2554 Κυρίου
364 2487 617 2558 θεότητα.
649 2487 740 2540 Διὸ
767 2488 862 2540 καὶ
903 2488 962 2540 ὲν
993 2491 1060 2558 τῇ
1111 2492 1480 2560 προσκυνήσει
1513 2488 1718 2562 ἀχώρι-

167 2591 265 2631 στον
283 2579 379 2632 ἀπὸ
409 2579 628 2650 Πατρὺς
657 2580 752 2632 καὶ
779 2579 910 2633 Υίοῦ
935 2580 998 2632 τὸ
1031 2581 1255 2652 Πνεῦμα
1279 2582 1340 2634 τὸ
1365 2583 1542 2651 ἅγιον.
1571 2582 1718 2646 Ἔξω

166 2668 244 2735 μὲν
269 2669 364 2740 γὰρ
389 2670 657 2742 ὑπάρχων
693 2671 877 2736 αὐτοῦ,
924 2672 1043 2725 οὐδὲ
1087 2674 1490 2745 προσκυνήσεις
1527 2674 1589 2728 τὸ
1614 2692 1719 2728 πα-

165 2758 342 2827 ράπαν·
387 2764 445 2816 ὲν
504 2762 655 2834 αὐτῷ
699 2763 758 2817 δὲ
804 2764 1093 2835 γενόμενος
1145 2767 1325 2820 οὐδενὶ
1383 2766 1570 2838 τρόπῳ
1603 2765 1715 2837 (5|)

162 2851 484 2924 ἁποχωρίσεις
515 2854 628 2908 ἀπὸ
661 2854 797 2908 Θεοῦ
827 2872 840 2886 ·
875 2855 937 2908 ού
972 2855 1171 2926 μᾶλλόν
1197 2873 1282 2926 γε,
1311 2858 1344 2928 ἢ
1374 2857 1482 2910 τῶν
1503 2859 1716 2929 ὁρατῶν

160 2941 450 3013 ἀποστήσεις
480 2945 543 2997 τὸ
584 2945 702 3015 φῶς
725 2960 740 2974 ·
790 2944 1050 3000 ἀδύνατον
1089 2947 1198 3018 γὰρ
1235 2948 1362 3000 ἰδεῖν
1395 2947 1492 3019 τὴν
1531 2949 1716 3002 εἰκόνα

159 3027 233 3081 τοῦ
251 3029 376 3084 Θεοῦ
403 3032 495 3085 τοῦ
527 3034 790 3104 ἀοράτου,
821 3033 896 3106 μὴ
925 3036 981 3089 ὲν
1005 3034 1084 3107 τῷ
1123 3037 1388 3108 φωτισμῷ
1414 3038 1508 3091 τοῦ
1545 3039 1714 3092 Πνεύ-

160 3138 320 3188 ματος.
348 3125 458 3178 Καὶ
483 3125 577 3179 τὸν
611 3126 989 3189 ὲνατενίζοντα
1015 3131 1081 3199 τῇ
1110 3130 1279 3182 εἰκόνι
1318 3131 1595 3200 ἀμήχανον
1618 3132 1716 3201 τῆς

157 3213 330 3279 εἰκόνος
354 3217 702 3288 ἀποχωρίσαι
726 3216 789 3269 τὸ
821 3217 955 3287 φῶς.
993 3219 1068 3271 Τὸ
1095 3219 1206 3290 γὰρ
1239 3219 1334 3272 τοῦ
1374 3221 1504 3291 ὁρᾷν
1547 3221 1716 3274 αἴτιον

155 3300 204 3366 ἐξ
229 3305 464 3377 ἀνάγκης
489 3306 899 3378 συγκαθορᾶται
923 3312 1037 3373 τοῖς
1057 3311 1292 3382 ὁρατοῖς.
1315 3311 1478 3364 Ὥστε
1500 3313 1718 3377 οἰκείως

156 3395 231 3448 καὶ
254 3397 557 3463 ἀκολούθως
589 3399 679 3454 διά
714 3400 814 3471 μὲν
841 3401 934 3454 τοῦ
966 3402 1248 3474 φωτισμοῦ
1279 3403 1373 3456 τοῦ
1398 3405 1717 3476 Πνεύματος

153 3485 202 3537 τὸ
224 3487 555 3562 ἀπαύγασμα
594 3490 696 3561 τῆς
729 3491 888 3562 δόξης
919 3491 1011 3546 τοῦ
1052 3493 1186 3547 Θεοῦ
1236 3494 1589 3566 καθορῶμενο
1628 3495 1717 3550 διὰ

153 3573 298 3630 ᾶὲτοῦ
319 3581 674 3652 χαρακτῆρος
701 3581 796 3634 ἐπὶ
825 3583 924 3652 τὴν
960 3577 1020 3637 οὗ
1052 3585 1200 3638 ἐστιν
1240 3587 1268 3638 ό
1301 3587 1587 3658 χαρακτὴρ
1622 3587 1716 3640 καὶ

154 3667 180 3733 ἡ
213 3669 448 3735 ἱσότυπος
483 3673 730 3744 σφραγὶς
760 3674 1101 3746 ἀναγόμεθα.

641 3870 1042 3926 ΚΕΦΑΛΑΙΟΝ
1080 3874 1208 3930 ΚΖ’.

154 3981 315 4036 Πόθεν⁵
343 3984 382 4051 ἠ
415 4002 436 4034 ‹
466 3982 598 4038 σὺν
625 4001 644 4035 ι
681 3981 906 4053 ᾖρξατο
931 3986 1234 4053 συλλαϐὴ,
1266 3987 1365 4040 καὶ
1404 3989 1586 4041 ποίαν
1609 3988 1714 4042 δύ-

209 4054 545 4129 τιξμινίὲχει,
577 4054 652 4107 ἐν
679 4054 856 4129 (Irata!
883 4055 956 4129 τὰ
981 4057 1114 4125 περὶ
1153 4056 1271 4111 τῶν
1297 4057 1578 4129 ἀγράφων
1606 4059 1716 4128 τῆς

219 4123 590 4192 Ἐκκλησίας
611 4126 911 4196 rogater

209 4231 284 4290 65.
311 4235 468 4300 Τίνος
511 4233 616 4292 οὖν
653 4237 858 4303 ἕνεκεν,
913 4239 1096 4307 φασὶν,
1143 4238 1289 4304 ἰδίως
1332 4241 1716 4313 προσηκούσης

1821 1861 1962 1908 lanae
1990 1852 2139 1908 dicta
2165 1859 2313 1908 sunt.
2346 1849 2484 1904 Nam
2510 1865 2636 1904 cum
2667 1849 2761 1903 illa
2789 1845 3193 1902 consuetudine
3223 1845 3404 1915 regio-

1818 1947 1906 2000 nis
1934 1945 2162 2015 decepta
2203 1943 2548 1998 existimaret
2583 1942 2638 1994 in
2673 1940 2794 1994 loco
2832 1953 2959 1994 esse
2989 1937 3402 2002 adorationem;

1819 2035 2084 2092 Dominus
2111 2049 2231 2090 eam
2264 2033 2542 2088 dedocens
2569 2031 2710 2084 dixit
2740 2030 2796 2084 in
2838 2026 3050 2099 Spiritu
3084 2035 3139 2082 et
3166 2027 3405 2081 veritate

1817 2126 2050 2181 adorare
2093 2129 2352 2195 oportere
2373 2121 2464 2175 ’δε
2511 2119 2778 2174 nimirum
2830 2118 3074 2188 seipsum
3120 2117 3405 2187 appellans

1816 2219 2124 2274 veritatem.
2175 2211 2651 2280 Quemadmodum
2692 2211 2858 2280 igitur
2907 2209 2964 2262 in
3000 2207 3139 2262 Filio
3169 2208 3406 2264 dicimus

1818 2307 2219 2371 adorationem,
2239 2304 2391 2358 velut
2415 2303 2470 2356 in
2495 2299 2736 2371 imagine
2766 2297 2862 2354 Dei
2892 2313 2957 2353 ac
2980 2296 3161 2352 Patris
3194 2315 3209 2353 :
3247 2297 3327 2353 sic
3350 2303 3406 2351 et

1818 2399 1876 2454 in
1911 2397 2121 2467 Spiritu
2169 2402 2438 2464 tanquam
2489 2391 2544 2446 in
2597 2391 2784 2461 seipso
2815 2389 3034 2444 Domini
3063 2387 3404 2442 divinitatem

1816 2490 2180 2562 exprimente.
2229 2484 2388 2540 Unde
2438 2491 2494 2539 et
2543 2483 2602 2538 in
2643 2481 2976 2537 adoratione
3019 2480 3406 2549 inseparabilis

1816 2589 1902 2638 est
1931 2595 1962 2634 a
1989 2578 2151 2632 Patre
2197 2583 2252 2632 et
2286 2575 2428 2630 Filio
2468 2573 2710 2644 Spiritus
2762 2580 3011 2628 sanctus.
3067 2569 3204 2625 Nam
3238 2573 3284 2626 si
3321 2572 3402 2626 sis

1817 2681 1972 2730 extra
2018 2671 2191 2732 illum,
2239 2668 2395 2723 nullo
2442 2673 2606 2738 pacto
2651 2681 2713 2721 es
2768 2665 3146 2720 adoraturus:
3183 2670 3402 2725 contra,

1818 2762 1864 2816 si
1904 2757 2012 2830 54
2039 2759 2094 2812 in
2129 2757 2225 2810 illo
2267 2755 2460 2821 fueris,
2506 2755 2662 2810 nullo
2692 2755 2855 2808 modo
2884 2769 3008 2809 eum
3045 2754 3332 2824 separabis
3371 2769 3403 2807 a

1816 2851 1949 2914 Deo,
1982 2849 2154 2903 nihilo
2189 2847 2436 2918 profecto
2482 2845 2661 2917 magis
2695 2860 2859 2915 quam
2884 2845 3068 2899 lumen
3113 2843 3401 2914 separabis

1819 2943 1888 2998 ab
1934 2943 2001 2998 iis
2036 2956 2157 3012 quae
2182 2940 2324 2995 visui
2348 2947 2536 3008 patent
2568 2955 2581 2992 :
2615 2937 2957 3008 impossibile
3004 2936 3278 3006 siquidem
3316 2943 3404 2991 est

1819 3049 2045 3090 cernere
2088 3031 2383 3102 imaginem
2424 3029 2522 3084 Dei
2573 3030 2890 3092 invisibilis,
2936 3027 3046 3082 nisi
3093 3027 3404 3082 indumine

1822 3124 2085 3195 Spiritus.
2120 3122 2184 3175 Et
2210 3121 2302 3193 qui
2338 3120 2585 3174 intuetur
2611 3119 2930 3190 imaginem,
2975 3118 3120 3172 hunc
3144 3119 3406 3189 impossi-

1818 3217 1928 3272 bile
1951 3226 2035 3272 est
2069 3216 2255 3270 lumen
2291 3215 2360 3269 ab
2391 3213 2628 3283 imagine
2656 3226 2935 3282 separare.
2971 3210 3128 3277 Quod
3161 3212 3311 3265 enim
3343 3217 3404 3262 ut

1817 3310 2006 3386 videas
2038 3310 2092 3363 in
2128 3323 2298 3362 causa
2339 3313 2446 3372 est,
2481 3306 2537 3360 id
2570 3320 2798 3360 necesse
2836 3311 2944 3367 est,
2977 3310 3038 3357 ut
3080 3303 3245 3358 simul
3275 3316 3404 3357 cum

1817 3400 1886 3456 iis
1936 3415 2059 3471 quae
2117 3406 2443 3463 cernuntur,
2494 3397 2772 3452 videatur.
2833 3395 3027 3465 Itaque
3079 3395 3303 3465 proprie
3345 3400 3403 3448 et

1816 3497 2185 3560 congruenter
2213 3503 2309 3558 per
2343 3487 2806 3542 illuminationem
2838 3484 3082 3556 Spiritus
3121 3485 3402 3556 conspici-

1816 3594 1941 3634 mus
1981 3579 2328 3648 splendorem
2361 3578 2547 3647 glorite
2575 3576 2710 3644 Dei;
2748 3592 2846 3647 per
2887 3578 3265 3632 characterem
3297 3592 3400 3630 au-

1815 3678 1927 3726 tem
1965 3673 2033 3726 ad
2065 3687 2211 3734 eum,
2245 3671 2406 3740 cujus
2455 3677 2540 3726 est
2585 3670 2874 3725 character
2916 3677 2973 3724 et
3001 3669 3213 3739 aequale
3245 3668 3398 3739 sigil-

1816 3764 1952 3828 lum,
1988 3761 2368 3817 subvehimur.

2356 3870 2586 3927 CAPUT
2624 3869 2840 3926 XXVII.

1821 3985 1969 4041 Unde
1992 3987 2201 4040 initium
2223 3984 2376 4040 habet
2406 3985 2637 4055 syllaba.
2663 3985 2878 4050 t'cum,»
2909 3995 2959 4039 et
2988 4001 3148 4055 quam
3173 3984 3275 4038 vim
3301 3983 3398 4036 Ita-

1885 4057 2024 4179 ἔρρε,
2056 4057 2143 4109 ubi
2165 4066 2216 4110 et
2250 4057 2315 4110 de
2349 4055 2598 4110 Ecclesia:
2620 4055 2821 4126 legibus
2857 4056 3003 4110 nullo
3039 4056 3237 4125 scripto
3266 4069 3393 4124 pro-

1925 4145 1940 4180 ι
1973 4144 2038 4180 ts.

1887 4235 1976 4291 6'5.
2018 4234 2192 4302 Quam
2223 4235 2391 4305 igitur
2420 4234 2492 4290 ob
2518 4249 2766 4299 causam,
2799 4235 3078 4306 inquiunt,
3113 4251 3238 4291 cum
3270 4251 3398 4307 pro-

153 4324 214 4393 τῷ
234 4327 506 4399 Πνεύματι
542 4329 648 4398 τῆς
691 4328 762 4382 ἐν
795 4329 1084 4401 συλλαϐῆς,
1130 4333 1226 4384 καὶ
1258 4332 1339 4395 εις
1373 4334 1552 4386 πᾶσαν
1584 4335 1716 4403 ἡμῖν

1825 4329 1933 4397 prie
1957 4327 2252 4382 conveniat
2285 4327 2403 4382 haec
2445 4328 2679 4400 syllaba,
2705 4329 2780 4396 in,
2818 4328 3080 4400 Spiritui,
3133 4343 3199 4384 ac
3237 4329 3398 4386 nobis

150 4416 229 4487 τὴν
259 4423 377 4491 τερ).
402 4420 580 4474 αὐτοῦ
615 4420 825 4474 ἔννοιαν
854 4421 1213 4494 ὲξαρκούσης,
1247 4423 1346 4493 τὴν
1370 4423 1558 4494 καινὴν
1584 4425 1715 4478 ταύ-

1825 4421 1887 4475 ad
1931 4420 2344 4489 exprimendum
2399 4422 2650 4491 quemvis
2698 4421 2768 4476 de
2809 4420 3020 4492 Spiritu
3060 4423 3396 4478 intellectum

153 4523 234 4577 την
251 4511 400 4580 ὑμεῖς
425 4511 704 4581 συλλαϐὴν
725 4513 1146 4584 ἐπεισηγάγετε,
1167 4513 1290 4568 σὺν
1309 4513 1390 4580 τῷ
1407 4515 1516 4587 (52)
1542 4517 1717 4570 Πνεύ-

1825 4510 2071 4575 suiliciat,
2102 4526 2201 4567 vos
2230 4527 2430 4566 novam
2467 4511 2628 4567 istam
2666 4513 2929 4584 syllabam
2959 4513 3278 4579 induxistis,
3301 4515 3397 4584 qui

149 4615 261 4663 ματι
287 4601 563 4670 λέγοντες,
599 4604 695 4655 καὶ
721 4603 842 4667 οὐκ,
888 4603 959 4656 ἐν
992 4602 1072 4669 τῷ
1107 4604 1407 4674 Πνεύματι
1445 4603 1526 4670 τῷ
1551 4606 1716 4675 ἁγιῳ,

1825 4604 2026 4669 dicitis,
2058 4603 2194 4660 Cum
2230 4604 2462 4674 Spiritu,
2494 4621 2629 4670 non,
2679 4605 2744 4659 In
2768 4605 2976 4676 Spiritu
3004 4617 3224 4672 sancto;
3259 4608 3398 4663 alio-

151 4691 251 4743 οὔτε
291 4694 463 4758 ἄλλως
500 4696 808 4762 ἀναγκαῖα,
857 4695 982 4748 οὔτε
1039 4696 1398 4767 νενομισμένα
1441 4700 1561 4760 ταῖς
1596 4699 1717 4751 Ἐκ-

1825 4697 1952 4768 quin
1973 4711 2075 4751 nec
2107 4698 2461 4763 necessariis,
2493 4713 2596 4753 nec
2626 4699 2695 4752 ab
2733 4696 2980 4753 Ecclesia
3011 4699 3255 4768 probatis
3295 4717 3395 4754 vo-

149 4783 368 4855 κλησίαις
398 4787 811 4858 φθεγγόμενοι;
851 4790 938 4852 Ὠς
970 4789 1067 4860 μὲν
1094 4786 1188 4842 οὖν
1230 4789 1350 4860 οὐχὶ
1393 4789 1717 4861 ἀποκληρω-

1825 4788 1978 4844 cibus
2023 4789 2275 4845 utentes?
2313 4788 2469 4854 Quod
2503 4788 2673 4860 igitur
2697 4789 2811 4843 haec
2845 4789 3074 4862 syllaba,
3103 4791 3181 4854 in,
3219 4788 3397 4861 Spiri-

151 4875 290 4940 τικῶς
313 4878 390 4950 τῷ
421 4880 575 4949 ἁγίῳ
613 4879 890 4950 Πνεύματι
931 4882 965 4951 ἡ
1005 4881 1075 4934 ἐν
1111 4881 1350 4952 συλλαϐὴ
1386 4881 1710 4953 διενήνοχεν,

1825 4880 1898 4934 tui
1931 4887 2125 4936 sancto
2153 4897 2263 4936 non
2289 4881 2344 4935 in
2375 4889 2582 4937 sortem
2612 4881 2836 4952 proprie
2862 4883 3054 4942 cessit.
3089 4883 3186 4936 sed
3214 4882 3396 4942 Patris

285 4969 436 5038 κοινὴ
473 4968 699 5038 Πατρός
743 4969 859 5022 ἐστι
897 4971 991 5023 καὶ
1036 4969 1190 5035 Υίοῦ,
1218 4971 1291 5040 (ἐν
1330 4974 1446 5035 τοῖς
1480 4972 1713 5026 κατόπιν

1825 4971 2048 5043 Filiique
2068 4973 2380 5028 communis
2409 4983 2514 5039 est,
2544 4971 2598 5026 in
2640 4974 3020 5044 superioribus
3045 4973 3254 5028 dictum
3283 4981 3391 5032 est.

151 5058 355 5128 εῐρηται.
396 5057 574 5132 Οἶμαι
611 5061 668 5114 δὲ
709 5064 929 5118 κάκεῖνο
971 5063 1284 5135 ἀρκούντως
1325 5065 1596 5136 εἰρῆσθαι,
1632 5066 1715 5118 ὄτι

1825 5065 2065 5121 Arbitror
2093 5073 2272 5120 autem
2303 5072 2357 5120 et
2393 5063 2527 5120 illud
2570 5065 2707 5120 satis
2744 5065 3204 5128 demonstratum,
3247 5066 3396 5135 quod

153 5150 199 5200 οὗ
227 5154 375 5219 μόνον
403 5156 510 5206 οὐκ
543 5155 861 5225 ἀφαιρεῖταί
896 5173 949 5208 τι
987 5158 1085 5226 τῆς
1127 5157 1284 5223 ἀξίας
1324 5156 1418 5210 τοῦ
1459 5157 1712 5227 Πνεύμα-

1825 5157 1874 5210 ίη
1911 5174 2018 5213 non
2046 5158 2223 5213 solum
2264 5156 2401 5211 nihil
2442 5155 2684 5212 detrahit
2713 5156 2964 5226 dignitati
3007 5154 3268 5226 Spiritus,
3302 5173 3397 5212 ve-

155 5255 244 5306 τος,
275 5244 407 5299 ἀλλὰ
437 5245 536 5298 καὶ
573 5245 711 5318 πρὸς
737 5245 800 5299 τὸ
833 5247 1086 5317 μέγιστον
1127 5247 1260 5318 ὕψος
1291 5249 1400 5302 τῶν
1437 5248 1511 5320 μὴ
1538 5250 1715 5320 πάντη

1825 5266 1942 5305 rum
1973 5249 2140 5305 etiam
2168 5248 2236 5303 ad
2274 5263 2547 5303 summam
2572 5248 2955 5305 celsitudinem
2995 5249 3157 5322 erigit
3184 5251 3396 5322 cogita-

207 5397 284 5454 "I
310 5400 440 5457 Cor.
475 5421 578 5460 vn.
615 5405 706 5459 40.
785 5404 832 5436 ⁹⁹
857 5405 898 5462 II
931 5408 1072 5464 Tim.
1122 5425 1162 5472 ι,
1199 5407 1282 5463 14.
1358 5405 1404 5437 ’³
1428 5404 1564 5462 Dan.
1601 5421 1653 5460 v.
1704 5407 1717 5461 1

1868 5405 1913 5438 ’δ
1933 5404 2094 5461 Joan.
2137 5420 2214 5470 tv,
2247 5403 2342 5458 24.

1895 5590 2014 5663 (52)
2046 5590 2169 5663 Σὺν
2213 5567 2313 5656 τὼ.
2347 5589 2587 5663 Εᾶίιίλοὶ
2638 5591 2732 5663 σῦν
2766 5590 2860 5660 τῷ.
2908 5590 3011 5648 Sed
3060 5591 3271 5663 primus
3301 5588 3399 5650 tuo

188 5585 308 5662 ﬁl)
338 5588 565 5662 οὐδενι
605 5606 864 5658 τροπῳ...
905 5591 942 5659 ἢ
980 5591 1117 5650 τῶν.
1146 5592 1236 5647 Sic
1271 5605 1405 5649 mss.
1429 5606 1544 5648 sex.
1570 5589 1711 5647 Editi

1825 5660 2087 5717 articulus
2118 5662 2268 5718 abest
2303 5678 2332 5716 a
2359 5659 2634 5718 veteribus
2667 5659 2838 5719 libris.

160 5653 296 5710 τ-ἓξενὶ
324 5661 545 5731 τόπῳ...
