3888 6214
394 218 403 237 ³
426 239 532 295 187

1707 241 1767 298 S.
1809 238 2056 296 BASlLll
2095 238 2308 295 MAGNI

3585 230 3687 284 188

425 361 610 419 tiones
628 375 841 427 eorum,
863 361 958 431 qui
985 364 1096 415 non
1122 377 1350 432 prorsus
1380 368 1561 416 mente
1586 361 1828 431 corrupti
1856 366 2006 415 sunt.

2127 356 2512 423 ὲνδιαστρόφων
2541 353 2666 414 τοὺς
2700 349 2990 419 λογισμοὺς
3035 345 3315 417 ἐπανάγει.
3354 349 3688 418 Λειπόμενον

430 451 698 525 Superest
756 463 938 509 autem
990 452 1265 509 disserere
1315 454 1382 508 de
1429 453 1638 523 syllaba
1680 470 1821 516 cum,
1866 452 2015 506 .unde

427 545 684 615 coeperit,
733 552 791 599 et
819 560 987 616 quam
1017 544 1126 599 vim
1174 544 1394 610 habeat,
1445 555 1499 599 et
1537 544 1814 614 quomodo
1858 541 2014 598 Scri-

430 644 610 709 pturaa
636 637 957 693 concordet.

505 729 596 785 66.
637 731 719 784 Ex
750 730 1048 785 asservatis
1077 730 1133 784 in
1156 728 1402 784 Ecclesia
1425 728 1775 800 dogmatibus
1800 736 1854 784 et
1876 744 2014 799 prae-

430 821 823 887 dicationibus,
857 821 964 875 alia
985 822 1206 891 quidem
1239 821 1507 876 habemus
1531 835 1561 875 e
1588 820 1840 874 doctrina
1873 820 2015 875 scri-

431 921 528 986 pto
569 913 827 984 prodita;
874 913 982 966 alia
1031 927 1164 966 vero
1198 912 1360 967 nobis
1404 915 1461 966 in
1511 911 1771 982 mysterio
1810 911 2015 966 tradita

426 1005 742 1074 recepimus
808 1019 877 1059 ex
939 1004 1233 1058 traditione
1298 1003 1675 1072 apostolorum
1726 1017 2013 1072 :quorum

430 1105 664 1167 utraque
693 1097 804 1150 vim
859 1096 1107 1150 eamdem
1138 1095 1345 1150 habent
1378 1094 1444 1148 ad
1479 1095 1768 1165 pietatem;
1797 1108 1899 1147 nec
1943 1093 2013 1148 iis

430 1186 723 1256 quisquam
765 1186 1110 1241 contradicet
1140 1204 1156 1242 :
1191 1186 1378 1240 nullus
1419 1193 1590 1250 certe,
1621 1184 1715 1254 qui
1747 1184 1829 1238 vel
1864 1184 2015 1238 tenui

430 1278 771 1348 experientia
828 1278 1043 1332 noverit
1093 1290 1214 1347 quae
1261 1274 1374 1331 sint
1426 1273 1684 1329 Ecclesiae
1737 1273 2013 1328 instituta.

429 1367 571 1423 Nam
628 1369 676 1422 si
731 1366 1168 1423 consuetudines
1203 1380 1325 1436 quae
1375 1363 1583 1434 scripto
1628 1362 1858 1433 prodita:
1904 1377 2016 1416 non

431 1468 581 1526 sunt,
609 1471 868 1532 tanquam
893 1459 1041 1514 haud
1065 1459 1300 1512 multum
1331 1456 1598 1510 habentes
1630 1453 1891 1508 momenti
1921 1468 2017 1524 ag-

432 1554 748 1627 grediamur
806 1554 1072 1623 reji‘cere,
1120 1548 1499 1622 imprudentes
1548 1547 1905 1618 Evangelium
1959 1548 2013 1600 in

431 1648 571 1717 ipsis
603 1646 771 1702 rebus
803 1643 1096 1717 praecipuis
1126 1641 1409 1707 laudemus,
1460 1641 1574 1695 imo
1603 1639 1788 1710 potius
1819 1636 2017 1709 praedi-

432 1739 707 1792 cationem
757 1736 826 1791 ad
874 1736 1084 1790 nudum
1132 1748 1334 1788 nomen
1387 1731 1800 1788 contrahemus.
1846 1727 2014 1784 Verbi

434 1828 632 1899 gratia,
662 1835 721 1881 ut
749 1827 870 1897 ejus
903 1826 1051 1897 quod
1085 1826 1324 1897 primum
1363 1832 1449 1880 est
1492 1832 1548 1880 et
1574 1822 2014 1894 vulgatissimum

434 1921 613 1992 primo
641 1920 761 1974 loco
784 1934 1209 1974 commemorem
1237 1938 1249 1972 :
1284 1924 1343 1971 nt
1373 1916 1532 1988 signo
1561 1916 1748 1970 crucis
1783 1928 1881 1969 eos
1919 1913 2015 1982 qui

435 2024 588 2080 spem
629 2009 903 2063 collocant
946 2009 1000 2061 in
1030 2008 1254 2063 Christo
1296 2006 1604 2077 signemus,
1638 2004 1763 2076 quis
1808 2003 2014 2074 scripto

435 2102 656 2158 docuit?
688 2100 758 2155 Ut
792 2101 860 2156 ad
891 2098 1171 2156 Orientem
1208 2100 1353 2154 versi
1392 2113 1706 2168 precemur,
1751 2112 1874 2168 quae
1913 2110 2015 2150 nos

436 2193 624 2249 docuit
650 2192 972 2262 Scriptura?
999 2191 1370 2246 lnvocationis
1393 2191 1560 2246 verba
1580 2204 1704 2243 cum
1728 2187 2016 2243 conﬁcitur

438 2287 597 2360 panis
633 2285 739 2357 55
769 2277 1132 2341 Eucharistia:
1177 2291 1232 2338 et
1288 2282 1547 2353 poculum
1588 2279 2012 2346 benedictionis,

438 2379 562 2449 quis
585 2384 909 2434 sanctorum
941 2378 997 2431 in
1028 2375 1238 2445 scripto
1267 2374 1427 2430 nobis
1447 2374 1698 2445 reliquit?
1733 2371 1843 2427 Nec
1868 2371 2016 2428 enim

437 2470 531 2527 his
569 2469 816 2526 contenti
850 2484 1066 2534 sumus,
1103 2482 1227 2538 quae
1278 2474 1675 2522 commemorat
1713 2464 2015 2535 Apostolus

435 2573 532 2618 aut
565 2560 944 2633 Evangelium,
974 2576 1165 2617 verum
1195 2560 1302 2637 alia
1333 2573 1553 2631 quoque
1572 2565 1628 2615 et
1654 2566 1781 2614 ante
1809 2567 1864 2613 ct
1891 2564 2018 2628 post

432 2653 698 2719 dicimus,
750 2659 1015 2723 tanquam
1062 2651 1295 2706 multum
1332 2651 1590 2706 habentia
1640 2651 1905 2704 momenti
1948 2648 2019 2704 ad

434 2743 788 2815 mysterium,
821 2744 945 2812 qua:
969 2757 1037 2796 ex
1068 2741 1368 2796 traditione
1410 2756 1523 2795 non
1560 2741 1769 2811 scripta
1801 2739 2020 2810 accepi-

435 2851 585 2892 mus.
618 2835 1006 2891 Benedicimus
1038 2842 1224 2891 autem
1253 2844 1308 2891 et
1340 2850 1539 2906 aquam
1570 2835 1938 2905 baptismatis,
1964 2840 2020 2889 et

437 2927 625 2982 oleum
662 2926 964 2992 unctionis,
1001 2926 1113 2981 imo
1138 2927 1319 2997 ipsum
1347 2927 1516 2982 etiam
1554 2926 1649 2996 qui
1684 2925 2018 2996 baptismum

2042 1694 2092 1756 B

2115 449 2170 502 δέ
2197 451 2311 500 ἐστι
2340 446 2469 517 περὶ
2500 445 2598 515 τῆς
2624 446 2765 510 σὺν,
2812 445 3007 498 ὁπόθεν
3051 442 3272 514 ἤρξατο,
3312 442 3406 494 καὶ
3442 441 3563 494 τίνα.
3598 440 3691 495 δύ-

2114 558 2279 611 ναμιν
2309 538 2442 608 ἔχει,
2475 538 2570 591 καὶ
2597 538 2745 600 ὅπως
2776 537 2887 607 (55)
2918 535 3207 605 σύμφωνός
3237 534 3354 586 ἐστι
3377 535 3442 604 τῇ
3473 534 3689 606 Γραφῇ,

2114 628 2497 700 διηγήσασθαι.

2185 721 2270 774 66.
2295 720 2414 774 Τῶν
2445 724 2501 774 ὲν
2530 724 2595 793 τῇ
2631 719 2926 791 Ἐκκλησία
2947 717 3377 788 πεφυλαγμένων
3405 716 3691 788 δογμάτων

2086 802 2210 866 ¹καὶ
2243 813 2609 885 κηρυγμάτων
2648 812 2857 883 τὰομὲν
2898 814 2962 864 ἐκ
2996 812 3099 881 τῆς
3132 809 3409 882 ἐγγράφου
3443 809 3693 864 διδασκα-

2114 905 2234 967 λίας
2267 904 2482 975 ἔχομεν,
2512 904 2580 958 τὰ
2618 905 2675 958 δὲ
2720 905 2784 958 ἐκ
2819 905 2918 974 τῆς
2955 903 3064 957 τῶν
3103 903 3413 957 ἀποστόλων
3458 902 3695 974 παραδό-

2118 1017 2254 1063 σεως
2295 998 2604 1052 διαδοθέντα
2652 1000 2786 1069 ἡμῖν
2837 999 2895 1050 ὲν
2927 996 3209 1068 μυστηρίῳ
3252 996 3691 1069 παρεδεξάμεθα·

2116 1091 2259 1161 ειπερ
2285 1091 2572 1163 ἀμφότερα
2612 1089 2708 1161 τὴν
2742 1088 2909 1160 αὐτὴν
2953 1089 3105 1159 ἰσχὺν
3147 1087 3259 1159 ἔχει
3301 1087 3436 1159 πρὸς
3467 1087 3563 1159 τὴν
3604 1089 3696 1141 εύ-

2119 1184 2353 1239 σέΰειαν.
2372 1184 2485 1237 Καὶ
2505 1182 2716 1246 τούτοις
2731 1182 2904 1244 οὐδεὶς
2928 1181 3162 1252 ἀντερεῖ,
3191 1179 3386 1233 οὐκοῦν
3410 1180 3521 1251 (54)
3547 1181 3697 1243 ὅστις

2116 1293 2180 1346 γε
2224 1274 2366 1329 κατά
2410 1275 2603 1347 μικρὸν
2649 1273 2781 1344 γοῦν
2828 1272 3045 1344 θεσμῶν
3094 1272 3560 1344 ὲκκλησιαστικῶν
3598 1290 3700 1326 πε-

2118 1370 2393 1441 πείραται.
2444 1369 2507 1422 Εἰ
2557 1368 2663 1440 γὰρ
2712 1367 3164 1438 ἐπιχειρήσαιμεν
3206 1365 3274 1419 τὰ
3327 1364 3549 1437 ἄγραφα
3586 1364 3698 1418 τῶν

2119 1459 2257 1514 ἐθῶν
2284 1460 2358 1523 ὡς
2396 1460 2471 1530 μὴ
2502 1458 2740 1529 μεγάλην
2787 1457 2977 1527 ἔχοντα
3015 1456 3113 1527 τὴν
3147 1456 3378 1526 δύναμιν
3411 1456 3700 1526 παραιτεῖ-

2121 1553 2264 1619 σθαι,
2289 1552 2544 1623 λάθοιμεν
2569 1550 2634 1605 ἂν
2668 1552 2747 1613 εἰς
2788 1549 2926 1602 αὐτὰ
2954 1548 3024 1601 τὰ
3065 1548 3253 1620 καίρια
3282 1546 3608 1618 ζημιοῦντες
3635 1546 3700 1600 τὺ

2119 1644 2448 1714 Εὑαγγέλιον
2469 1658 2482 1672 ·
2515 1641 2715 1714 μᾶλλον
2737 1640 2795 1694 δὲ
2831 1642 2910 1703 είς
2935 1639 3104 1711 ὄνομα
3129 1639 3283 1709 ψιλὸν
3311 1638 3700 1710 περιιστῶντες

2106 1736 2178 1790 ντὺ
2208 1737 2486 1806 κήρυγμα.
2530 1728 2656 1787 Οἷον
2702 1732 2813 1804 [ἵνα
2844 1730 2937 1785 τοῦ
2982 1730 3197 1802 πρώτου
3242 1729 3337 1783 καὶ
3386 1731 3699 1783 κοινοτάτου

2117 1827 2330 1899 πρῶτον
2362 1824 2585 1897 μνησθῶ
2614 1823 2749 1896 (55)]
2773 1822 2851 1896 τῷ
2877 1820 3033 1893 τύπῳ
3075 1820 3171 1875 τοῦ
3204 1820 3432 1889 σταυροῦ
3461 1822 3588 1885 τοὺς
3619 1822 3702 1885 εἰς

2114 1922 2175 1975 τὸ
2199 1922 2368 1993 ὄνομα
2395 1918 2490 1974 τοῦ
2526 1919 2733 1991 Κυρίου
2755 1918 2912 1990 ἡμῶν
2946 1916 3122 1989 Ἰησοῦ
3144 1915 3381 1986 Χριστοῦ
3401 1915 3701 1984 ἡλπικότας

2116 2009 2619 2082 κατασημαίνεσθαι
2663 2008 2747 2072 τίς
2791 2011 2819 2062 ό
2849 2007 2937 2061 διὰ
2977 2007 3305 2079 γράμματος
3349 2003 3597 2071 διδάξαςς
3623 2004 3702 2057 Τὸ

2118 2101 2254 2172 πρὸς
2281 2100 2541 2164 ἀνατολὰς
2571 2097 2871 2170 τετράφθαι
2909 2097 3051 2151 κατὰ
3076 2098 3175 2168 τὴν
3211 2094 3519 2167 προσευχὴν
3543 2096 3700 2147 ποῖον

2116 2192 2355 2258 ἐδίδαξεν
2380 2193 2527 2263 ἡμᾶς
2554 2191 2824 2263 γράμμα;
2871 2190 2953 2244 Τὰ
2979 2190 3077 2260 τῆς
3111 2187 3449 2259 ἐπικλήσεως
3480 2188 3702 2259 ῥήματα

2117 2285 2210 2338 ἐπὶ
2238 2287 2305 2356 τῇ
2332 2282 2599 2348 ἀναδείξει
2624 2282 2733 2355 (56)
2764 2283 2860 2336 τοῦ
2898 2282 3062 2352 ἄρτου
3091 2281 3189 2353 τῆς
3211 2280 3575 2352 Εὐχαριστίας
3606 2280 3702 2335 καὶ

2116 2379 2212 2434 τοῦ
2245 2380 2505 2450 ποτηρίου
2535 2378 2634 2448 τῆς
2673 2375 2924 2445 εὐλογίας
2953 2376 3038 2439 τίς
3074 2374 3182 2428 τῶν
3214 2374 3382 2443 ἁγίων
3408 2373 3705 2444 ἐγγράφως

2117 2474 2251 2544 ἡμῖν
2290 2470 2708 2534 καταλέλοιπεν;
2744 2469 2819 2523 Ού
2861 2467 2972 2541 γὰρ
3011 2468 3075 2540 δὴ
3108 2466 3318 2530 τούτοις
3360 2463 3703 2537 ἀρκούμεθα,

2119 2557 2194 2618 ὧν
2229 2564 2259 2616 ὁ
2296 2562 2614 2625 Ἀπόστολος
2637 2561 2684 2635 ἢ,
2707 2559 2770 2612 τὸ
2813 2559 3144 2629 Εὐαγγέλιον
3187 2556 3527 2629 ἐπεμνήσθη,
3568 2555 3707 2609 ἀλλὰ

2119 2654 2212 2716 καὶ
2240 2652 2577 2724 προλέγομεν
2622 2651 2715 2703 κα)⁸
2755 2650 3080 2720 ὲπιλέγομεν
3115 2649 3297 2720 ἕτερα,
3340 2648 3415 2712 ὡς
3462 2647 3706 2719 μεγάλην

2119 2745 2311 2816 έχοντα
2338 2743 2473 2815 πρὸς
2491 2742 2552 2795 τὸ
2583 2745 2878 2814 μυστήριον
2899 2741 2997 2813 τὴν
3032 2741 3206 2810 ἰσχὺν,
3239 2743 3303 2795 ὲκ
3329 2740 3427 2811 τῆς
3456 2739 3705 2810 ἀγράφου

2118 2835 2464 2899 διδασκαλίας
2490 2833 2913 2905 παραλαϐόντες.
2937 2831 3175 2901 Εὐλογοῦ
3183 2849 3280 2903 μεν
3304 2829 3449 2886 δὲτό
3472 2847 3532 2883 τε
3561 2827 3709 2899 ὓδωρ

2120 2927 2214 2979 τοῦ
2248 2925 2645 2997 βαπτίσματος,
2696 2924 2791 2979 καὶ
2845 2924 2906 2977 τὸ
2942 2923 3119 2979 ἔλαιον
3165 2924 3265 2994 τῆς
3316 2922 3579 2994 χρίσεως,
3610 2921 3710 2976 καὶ

440 3017 662 3087 accipit.
695 3016 776 3070 Ex
810 3016 1013 3086 quibus
1041 3017 1304 3087 scriptis?
1337 3015 1533 3072 Nonne
1570 3031 1603 3070 a
1629 3016 1797 3071 tacita
1837 3031 2021 3073 secre-

2127 3019 2347 3090 προσέτι
2372 3019 2532 3080 αὐτὸν
2558 3017 2649 3071 τὸν
2682 3016 3098 3089 ῥαπιζόμενον.
3137 3014 3272 3069 Ἀπὸ
3299 3015 3468 3069 ποίων
3503 3013 3710 3085 ἐγγρά-

440 3118 606 3181 taque
640 3109 976 3164 traditione?
1010 3108 1190 3179 Ipsam
1225 3123 1352 3164 vero
1381 3108 1488 3163 olei
1515 3108 1859 3174 unctionem,
1893 3109 2020 3179 quis

2127 3129 2278 3183 φων;
2310 3112 2425 3166 Οὐκ
2457 3111 2564 3165 ἀπὸ
2588 3111 2687 3182 τῆς
2717 3110 3079 3182 σιωπωμένης
3111 3109 3207 3163 καὶ
3238 3106 3505 3180 μυστικῆς
3531 3123 3710 3178 παραι-

441 3216 626 3257 sermo
676 3201 881 3272 scripto
910 3201 1161 3272 proditus
1209 3199 1439 3255 docuit?
1469 3198 1590 3253 Jam
1640 3207 1724 3255 ter
1770 3198 2022 3272 immergi

441 3291 743 3358 hominem,
776 3293 921 3349 unde
951 3291 1247 3348 haustum?
1278 3290 1508 3362 Reliqua
1537 3299 1717 3346 autem
1741 3306 1863 3360 quae
1885 3291 2024 3346 tiunt

443 3383 505 3439 in
546 3383 844 3454 baptismo,
876 3383 1044 3439 veluti
1088 3383 1409 3438 renuntiare
1455 3381 1781 3449 Satanae,et
1812 3382 2024 3452 angelis

442 3475 585 3545 ejus,
617 3490 685 3530 ex
708 3490 817 3545 qua
836 3475 1119 3544 scriptura
1142 3473 1455 3529 habemus?
1484 3471 1677 3529 Nonne
1708 3488 1774 3528 ex
1799 3473 2025 3529 minime

443 3566 727 3639 publicata
756 3574 811 3621 et
839 3581 1042 3621 arcana
1064 3570 1168 3621 hac
1198 3565 1475 3631 doctrina,
1508 3581 1672 3636 quam
1710 3573 1896 3636 patres
1924 3581 2027 3620 no-

446 3658 549 3715 stri
586 3659 803 3715 silentio
832 3658 1021 3729 quieto
1056 3659 1391 3729 minimeque
1420 3659 1645 3714 curioso
1698 3658 2028 3714 servarunt?

448 3751 661 3822 Quippe
697 3751 835 3808 illud
865 3752 1037 3824 probe
1073 3751 1399 3820 didicerant,
1450 3753 1838 3824 mysteriorum
1871 3767 2027 3807 reve-

434 3903 441 3987 ξ
666 3905 787 3996 Καὶ
821 3905 1105 3996 ῥπωςῖῐῐιε
1138 3904 1443 3996 ωεξτιΕόὶιί
1481 3906 1576 3996 καὶ
1608 3906 1747 3996 πῶςἸ

523 3974 635 4059 (54)
663 3977 919 4031 Οὐκοῦν.
980 3974 1093 4031 Hoc
1132 3977 1390 4057 .additum
1444 3986 1550 4057 est.
1590 3978 1841 4056 pluribus
1894 3993 2025 4032 mss.

450 4047 770 4129 Edlliﬁay‘;
798 4064 863 4129 γε
891 4046 1012 4129 κάν.
1068 4046 1273 4102 Ibidem
1304 4047 1554 4101 nonnulh
1580 4046 1799 4103 codices
1828 4049 2031 4103 habent

450 4117 667 4217 θεσμῶν
695 4117 1038 4185 Ἐκκλησίας.

525 4186 637 4217 ΙΣΕΧ
679 4184 938 4217 MMMnDIR
999 4185 1148 4217 Πηιιις
1198 4185 1370 4217 ηηᾹιιι-
1428 4186 1757 4217 ...κυνῶπα-ρ..
1827 4184 1901 4217 11ης

436 4218 441 4223 -
525 4184 637 4258 (55)
672 4184 956 4254 Μνησθῶ.
986 4185 1151 4247 ,Πηυε
1197 4185 1373 4242 codex
1427 4186 1774 4258 μνησθῶμεν.
1825 4184 2032 4243 Ibidem

451 4254 562 4312 duo
592 4257 810 4311 codices
851 4255 944 4307 τοῦ
975 4255 1179 4325 τύπῳ.)
1304 4323 1347 4325 Α

2123 3205 2355 3271 δόσεωςς
2384 3204 2448 3257 Τί
2476 3204 2533 3258 δέ
2556 3221 2570 3271 ;
2598 3203 2768 3276 αὐτὴν
2808 3203 2921 3275 (57)
2954 3201 3049 3255 τοῦ
3077 3201 3256 3254 ἐλαίου
3281 3199 3380 3271 τὴν
3418 3199 3599 3271 χρίσιν
3623 3199 3710 3263 τίς

2123 3296 2280 3365 λόγος
2304 3297 2689 3370 γεγραμμένο-
2720 3295 2926 3349 amauit:
2947 3311 2960 3323 ·
2994 3293 3067 3347 Τό
3097 3294 3161 3349 δὲ
3193 3293 3314 3364 τρὶς
3351 3291 3710 3363 βαπτίζεσθαι

2123 3388 2214 3441 τὸν
2238 3386 2522 3459 ἄνθρωπον
2553 3386 2714 3442 πόθεν
2735 3430 2748 3452 ,
2776 3388 2947 3440 "AA/ta
2970 3397 3027 3438 οε
3047 3389 3149 3440 ὁσα
3172 3384 3300 3456 περὶ
3319 3383 3379 3437 τὸ
3403 3381 3707 3453 βάπτισμα,

2126 3478 2525 3532 ἀποτάσσεσθαι
2548 3479 2624 3548 τῳ
2655 3479 2867 3549 Σατανᾷ
2899 3478 2991 3532 καὶ
3016 3479 3128 3540 τοῖς
3151 3473 3402 3545 ἀγγέλοις
3423 3472 3613 3538 αὐτοῦ,
3643 3473 3713 3527 ὲκ

2126 3569 2286 3632 ποίας
2319 3568 2434 3620 ἐστὶ
2459 3570 2672 3640 γραφῆς
2696 3586 2711 3635 ;
2746 3570 2859 3623 Ούκ
2884 3570 2948 3621 ἐκ
2974 3570 3072 3641 τῆς
3090 3566 3481 3640 ἀδημοσιεύτου
3507 3565 3711 3636 ταύτης

2127 3659 2222 3713 καὶ
2255 3661 2566 3732 ἀπορρήτου
2593 3661 2961 3725 διδασκαλίας,
2984 3663 3050 3733 ἢν
3075 3662 3133 3713 ὲν
3163 3660 3713 3730 ἀπολυπραγμονήτῳ

2129 3752 2221 3805 καὶ
2251 3752 2667 3825 ἁπεριεργάστῳ
2701 3752 2810 3826 (58)
2849 3755 2970 3825 σιγῇ
3020 3753 3070 3806 οἱ
3113 3753 3346 3825 πατέρες
3383 3752 3541 3823 ήμῶν
3581 3750 3714 3822 ἐφύ-

2129 3917 2436 3978 prwsentat.
2461 3977 2470 3978 ί
2500 3908 2558 3962 2ο
2617 3908 2688 3962 Ut
2728 3907 2948 3972 Griece,
3006 3908 3309 3975 ἀναδεῖξαι,
3345 3906 3710 3978 ἀποφαίνειν,

2134 3982 2209 4034 ita
2247 3982 2408 4033 etiam
2454 3977 2677 4040 Latine,
2730 3978 3020 4042 ostendere,
3070 3994 3273 4047 corpus
3321 3977 3528 4032 Christi
3572 3994 3715 4048 pra:-

2135 4066 2261 4104 sens
2305 4050 2360 4103 in
2411 4048 2755 4103 Encharistia
2799 4050 3199 4118 signiﬁcatione
3244 4049 3484 4118 quodam
3545 4050 3714 4103 modo

2133 4120 2412 4188 exprimit.
2455 4118 2569 4175 Hoc
2595 4120 2738 4174 enim
2768 4122 2993 4174 verbum
3026 4135 3132 4173 non
3168 4121 3341 4174 solum
3372 4134 3562 4187 panem
3594 4121 3713 4173 tieri

2134 4205 2335 4258 corpus
2356 4189 2570 4244 Domini
2605 4188 2896 4259 signiﬁcat,
2938 4188 3031 4244 sed
3083 4190 3245 4243 etiam
3276 4188 3430 4242 [idem
3466 4199 3713 4259 nostram

2135 4262 2361 4337 excitat,
2392 4267 2451 4313 ut
2483 4261 2615 4337 illud
2644 4258 2847 4337 corpus
2877 4260 2979 4314 sub
3003 4260 3184 4337 specie
3209 4259 3370 4337 panis
3395 4258 3710 4337 videndum,

525 4326 638 4395 (56)
690 4326 814 4379 Ἐπὶ
842 4324 917 4394 τῇ
944 4323 1267 4397 ἀναδείξει.
1301 4323 1420 4380 Νοη
1450 4327 1689 4397 respicit
1708 4326 1941 4383 Basilius
1962 4326 2023 4381 ad

2137 4331 2446 4397 tegendum,
2479 4323 2814 4385 adorandum
2842 4323 3053 4385 ostendi
3094 4323 3403 4384 credamus.
3435 4323 3713 4393 Quemadé

453 4394 627 4451 ritum
666 4396 1001 4469 ostensionis
1038 4395 1418 4469 Eucharistjze,
1445 4394 1721 4469 ut_inulti_
1745 4399 2028 4469 existima-
2063 4397 2109 4452 D
2137 4394 2355 4454 modum
2389 4394 2644 4467 tremens,
2680 4415 2803 4453 cum
2856 4401 2930 4453 ait
2988 4400 3083 4454 lib.
3124 4415 3200 4462 tv,
3236 4416 3371 4469 cap..
3396 4398 3467 4455 55
3500 4419 3512 4453 :
3552 4401 3712 4453 Acci-

455 4474 608 4530 runt,
643 4466 736 4538 sed
768 4468 954 4538 potius
984 4467 1052 4519 ad
1095 4466 1282 4530 verba,
1326 4465 1586 4538 Liturgize
1621 4467 1725 4536 ipsi
1756 4468 2029 4538 ascriptae,

455 4552 580 4591 cum
608 4537 741 4607 petit
769 4534 1049 4607 sacerdos,
1080 4538 1338 4607 utiven’iat
1365 4534 1604 4607 Spiritus
1626 4534 1849 4591 sanctus
1871 4534 2033 4606 ἁγιά-

458 4625 549 4687 σεξι
571 4606 664 4661 καὶ
692 4606 966 4694 ᾁχὶιδεῖξαι
983 4606 1072 4694 ’ξδν
1104 4606 1201 4676 μὲν
1231 4606 1394 4677 ἄρτον
1415 4606 1832 4694 τούτρνριύτδτὸ
1851 4609 2034 4694 τίμιον

460 4677 620 4749 σῶμα
638 4676 729 4749 τοῦ
748 4676 973 4749 Κρρίου.
996 4675 1118 4730 Haec
1136 4675 1314 4730 autem
1336 4677 1523 4749 verba,
1543 4677 1635 4749 ἐπ),
1646 4680 1717 4749 τῇ
1745 4675 2032 4743 ἀναδείξει,

458 4746 742 4817 εἰσι-θάίὶίι
779 4746 1063 4808 Erasmus,
1089 4762 1207 4799 cum
1239 4746 1554 4800 ostenditur.
1592 4746 1876 4817 Vituperat
1907 4763 2032 4803 eum

458 4816 693 4887 Ducazus
716 4857 732 4882 ,
777 4817 966 4887 sicque
1004 4818 1122 4886 ipse
1155 4817 1335 4881 vertit,
1384 4834 1503 4871 cum
1543 4816 1842 4886 conﬁcitur,
1872 4827 2035 4886 atque

457 4886 602 4958 hanc
651 4886 1158 4958 interpretationem
1206 4887 1396 4943 multis
1438 4891 1701 4958 exemplis
1725 4890 2032 4944 continuat.

458 4955 689 5013 Videtur
717 4955 898 5012 tamen
948 4957 1082 5010 nihil
1116 4972 1342 5026 prorsus
1380 4958 1496 5012 vitii
1530 4955 1784 5012 habitura
1812 4960 1925 5013 hane
1953 4963 2037 5014 in-

458 5031 799 5098 terpretatio,
835 5026 1192 5082 Invocatiouis
1228 5027 1383 5082 verba
1416 5044 1535 5081 cum
1562 5028 1856 5083 ostenditur
1884 5033 2035 5097 panis

459 5096 835 5170 Euclturistitg,
880 5098 934 5170 id
976 5106 1076 5170 est,
1102 5112 1225 5170 cum
1265 5099 1423 5168 panis
1446 5099 1688 5165 nonjam
1733 5100 1888 5170 panis
1920 5113 2032 5166 est,

459 5169 555 5223 sed
583 5170 741 5239 panis
772 5168 1150 5239 Eucharistia},
1176 5167 1291 5222 sive
1319 5184 1519 5238 corpus
1544 5167 1748 5224 Christi
1782 5173 2029 5225 ostendi-

460 5236 661 5320 turi'et
706 5240 762 5293 in
802 5239 1054 5320 liturgia,
1101 5236 1168 5290 Ut
1216 5236 1509 5318 sancti/teet
1543 5249 1593 5293 et
1621 5240 1863 5320 ostendat
1897 5240 2034 5320 {tunc

458 5308 667 5432 quidem
692 5309 1089 5379 panem,ipsum
1110 5309 1396 5376 pretiosum
1420 5326 1606 5378 corpus
1637 5309 1871 5364 Domini.
1899 5309 2034 5364 Nam
2110 5325 2121 5336 '

497 5387 519 5409 °
546 5377 658 5432 Cur
697 5395 817 5432 eam
869 5393 1058 5432 vocem
1116 5377 1561 5432 reformidemus.
1599 5396 1705 5432 qua
1744 5380 1924 5432 Latini
1959 5382 2039 5432 uti

546 5377 658 5433 Cur
681 5377 817 5450 eam
869 5393 1062 5450 vocem
1116 5377 1561 5450 rgformidemus,
1599 5396 1705 5450 qua
1744 5380 1924 5434 Latini
1959 5382 2039 5436 uti

460 5448 883 5521 nonddubit‘ant,
909 5446 1099 5521 ubide
1136 5446 1845 5521 Eucharistialoquuntur?
1876 5453 2039 5521 quale

459 5529 547 5590 est
578 5517 709 5590 illud
729 5517 987 5590 Cypriani
1013 5518 1068 5571 in
1096 5519 1325 5590 epistola
1350 5522 1419 5575 63
1447 5520 1513 5574 ad
1535 5517 1812 5576 Caecilium
1851 5539 1863 5574 ε
1893 5517 2035 5577 ’νὶηο

462 5586 664 5659 Christi
716 5586 933 5659 san—guis
972 5586 1284 5659 ostenditur.
1324 5590 1415 5645 Sic
1443 5591 1608 5646 etiam
1638 5590 2029 5659 Tertullianus,

462 5673 483 5716 ι
509 5656 708 5725 Mam,
745 5675 797 5717 c.
819 5656 936 5714 VM:
972 5658 1171 5713 Panem
1202 5661 1504 5735 quojpsum
1548 5677 1736 5731 corpus
1771 5678 1922 5717 suum
1954 5656 2037 5721 re?

2133 4473 2277 4539 piens
2306 4486 2491 4537 panem
2532 4486 2684 4525 suum
2725 4487 2916 4539 corpus
2961 4486 3073 4523 esse
3101 4470 3471 4540 conﬁtebatur,
3502 4478 3551 4523 et
3582 4480 3713 4523 lem-

2135 4551 2493 4610 peramentum
2545 4541 2726 4595 colicis
2786 4557 2940 4595 suum
2996 4541 3305 4609 sanguinem
3354 4541 3708 4608 conﬁrmavit,

2133 4629 2245 4667 non
2272 4613 2449 4667 solum
2493 4611 2851 4665 mutationem
2880 4611 3037 4680 panis
3074 4620 3130 4665 et
3171 4613 3286 4665 vini
3326 4611 3381 4665 in
3424 4626 3628 4679 corpus
3653 4620 3709 4664 et

2134 4683 2454 4749 sanguinem
2476 4681 2681 4736 Christi
2706 4681 2979 4750 exprimit,
3007 4681 3103 4736 sed
3126 4680 3300 4751 ipsam
3317 4682 3479 4734 etiam
3503 4683 3712 4737 Christi

2134 4752 2615 4815 asseverationem,
2651 4767 2772 4821 quae
2811 4751 2963 4823 hanc,
2996 4751 3161 4823 nobis
3197 4751 3556 4823 mutationem
3587 4768 3743 4823 per-_

2135 4824 2329 4877 suadet
2366 4839 2381 4874 :
2423 4823 2506 4877 sic
2544 4822 2636 4891 qui
2670 4820 2871 4891 corpus
2907 4822 3111 4877 Christi
3151 4822 3208 4875 in
3242 4820 3713 4877 Eucharistia'os-

2135 4893 2284 4948 tendi
2319 4901 2375 4948 et
2420 4894 2800 4961 repraesentari
2835 4892 3044 4955 dicunt,
3086 4907 3196 4945 non
3248 4893 3409 4946 modo
3429 4892 3617 4961 jejune
3655 4900 3714 4948 et

2136 4964 2350 5018 exiliter
2394 4962 2539 5033 loqui
2582 4977 2692 5016 non
2753 4964 3047 5033 videntur,
3098 4962 3201 5018 sed
3236 4965 3399 5016 etiam
3466 4963 3713 5029 acriores

2135 5033 2343 5088 Christi
2388 5031 2673 5102 praesentis
2705 5031 2967 5087 adorandi
2990 5033 3242 5087 stimulos
3278 5032 3571 5102 subjicere.
3606 5033 3713 5088 Po-

2135 5111 2277 5158 terat
2305 5118 2437 5172 ergo
2476 5102 2697 5160 retineri
2743 5103 3120 5173 interpretatio
3157 5102 3406 5167 Erasmi;
3450 5104 3547 5157 sed
3580 5105 3714 5173 quia

2136 5175 2268 5230 viris
2298 5174 2529 5230 eruditis
2555 5173 2857 5243 displicuit.
2897 5174 3073 5230 satius
3102 5174 3276 5227 visum
3309 5182 3394 5227 est
3415 5173 3551 5242 quid
3580 5188 3716 5229 sen-

2136 5245 2295 5299 tirem
2328 5244 2381 5297 in
2408 5244 2510 5299 hac
2539 5242 2666 5298 nota
2698 5259 2991 5313 exponere.
3022 5274 3094 5283 —
3123 5243 3259 5297 Vide
3288 5242 3571 5298 Addenda.

2369 5316 2430 5395 Τί
2456 5315 2525 5369 δέ
2541 5331 2566 5395 ;_
2588 5313 2804 5395 αὐτὴν.
3008 5314 3416 5395 secundusnTt;
3452 5313 3511 5367 δὲ
3545 5314 3716 5395 αὑτοῦ

2137 5383 2232 5457 τού
2282 5384 2463 5457 ἐλαίου
2514 5385 2613 5456 τὴν
2669 5385 2848 5457 κρίσιν
2904 5383 3080 5453 λόγος,
3112 5393 3216 5457 etc.
3254 5383 3397 5457 “Duo
3430 5399 3569 5457 mss.
3614 5385 3720 5457 τὴν

2138 5456 2352 5527 χρῆσιν,
2379 5456 2483 5509 olei
2510 5454 2684 5509 usum.
2703 5454 2842 5527 :Mox
2876 5471 3017 5527 unus
3048 5455 3217 5510 codex
3244 5454 3379 5508 ἄλλα
3400 5471 3465 5527 Δτε
3484 5455 3608 5527 ὅσα,

2209 5523 2321 5597 (58)
2372 5525 2858 5598 Ἀπεριεργνὶστῳ.
2903 5525 3020 5579 Duo
3050 5541 3183 5598 mss.
3220 5524 3556 5598 ἀπεριέργῳ.
3594 5523 3714 5582 Mox

2139 5598 2270 5654 editi
2307 5600 2524 5653 ἐκεῖνοι.
2557 5596 2805 5664 Quatuor
2843 5612 2976 5654 mss.
3004 5605 3059 5653 ut
3097 5597 3152 5651 in
3184 5604 3358 5651 textu.
