3888 6214
186 297 262 354 189
1337 304 1534 358 LlBEH
1575 303 1660 356 DE
1696 303 1968 361 SPlRlTU
2002 306 2291 367 SANCTO.

3334 315 3428 375 i9€

169 417 346 481 mgzv,
382 416 564 480 καλῶς
617 419 792 473 ἐκεῖνο
837 419 1228 492 δεδιδαγμένοι,
1278 422 1385 475 τῶν
1435 424 1752 497 μυστηρίων

1883 429 2092 483 entiam
2123 430 2344 485 silentio
2385 435 2727 488 conservari.
2757 433 2892 488 Nam
2925 450 3048 505 quae
3097 449 3200 491 nec
3233 434 3440 492 intueri

187 508 234 560 τὺ
275 509 469 578 σεμνὸν
517 510 629 581 (59)
683 516 861 583 σιωπῇ
913 512 1314 580 διασώζεσθαι;
1357 517 1423 569 *Α
1477 517 1586 587 γὰρ
1634 518 1754 570 οὐδὲ

185 600 486 654 ἐποπτεύειν
515 601 696 666 ἔξεστι
735 607 847 667 τοῖς
877 607 1167 676 ἀμυήτοις,
1203 605 1410 660 τούτων
1448 608 1565 670 πῶς
1593 607 1660 661 ἂν
1687 604 1755 678 ἦν

186 692 312 754 εἰκὸς
341 691 443 763 τὴν
472 693 819 747 διδασκαλίαν
847 696 1270 768 ἐκθριαμϐεύειν
1306 701 1365 751 ἐν
1393 699 1753 770 γράμμασιν;

186 780 410 852 ἢτξποτε
451 783 778 856 βουλόμενος
802 789 830 840 ὁ
864 787 1039 858 μέγας
1082 789 1347 859 Μωῧσῆς,
1386 791 1448 843 οὐ
1483 793 1617 844 πᾶσι
1663 790 1759 860 βά-

191 870 468 948 σιμα-εἷναι
501 875 572 932 τὰ
596 876 700 932 τοῦ
733 879 876 951 ἱεροῦ
907 879 1086 932 πάντα
1134 881 1467 951 πεποίηκεν;
1513 881 1627 934 ἀλλ’
1653 879 1758 946 ἔξω

187 972 270 1042 μὲν
293 971 464 1039 ἁγίων
499 972 696 1043 ἔστησε
743 970 1045 1044 περιϐόλων
1072 973 1198 1036 τοὺς
1248 973 1530 1044 βεϐήλους,
1564 973 1664 1037 τὰς
1702 974 1759 1027 δὲ

186 1060 387 1130 πρώτας
408 1063 578 1126 αὐλὰς
599 1065 714 1126 τοῖς
747 1064 1152 1136 καθαρωτέροις
1177 1066 1348 1132 ἀνεὶς,
1371 1068 1498 1130 τοὺς
1527 1068 1760 1131 Λευῖτας

188 1157 364 1226 μόνους
398 1156 584 1222 ἀξίους
610 1156 793 1226 ἔκρινε
828 1157 922 1210 τοῦ
953 1156 1098 1210 θείου
1137 1156 1482 1229 θεραπευτάς
1506 1176 1518 1188 ⁸
1554 1160 1761 1228 σφάγια

184 1247 259 1310 δὲ,
302 1249 397 1300 καὶ
448 1245 864 1314 ὁλοκαυτώσεις,
915 1249 1009 1302 καὶ
1064 1248 1162 1320 τὴν
1207 1250 1401 1321 λοιπὴν
1452 1253 1760 1324 ἱερουργίαν

184 1342 282 1403 τοῖς
312 1338 552 1410 ἱερεῦσιν
584 1339 1008 1411 ἀποκληρώσας,
1040 1341 1135 1393 ἕνα
1163 1342 1274 1394 τῶν
1314 1342 1532 1397 πάντων
1575 1343 1763 1415 ἔκκρι-

141 1425 159 1477 j
183 1449 265 1486 τον
290 1433 401 1504 (60)
441 1436 524 1498 εἰς
552 1434 622 1488 τὰ
652 1434 823 1488 ἄδυτα
855 1435 1256 1506 παραδέχεται·
1304 1437 1397 1490 καὶ
1423 1436 1544 1490 οὐδὲ
1573 1437 1763 1493 τοῦτον

185 1527 265 1581 διὰ
292 1528 516 1592 παντὸς,
542 1527 680 1582 ἀλλὰ
707 1528 850 1581 κατὰ
883 1528 1011 1599 μίαν
1036 1529 1204 1600 μόνην
1229 1530 1322 1583 τοῦ
1349 1532 1599 1585 ἐνιαυτοῦ
1629 1531 1766 1602 ἡμέ-

190 1638 296 1692 ραν,
325 1622 419 1674 καὶ
441 1621 647 1694 ταύτης
672 1621 822 1692 ὤραν
853 1623 1059 1692 τακτὴν
1101 1624 1371 1694 εἰσιτητὸν
1417 1623 1567 1695 αὐτῷ
1593 1642 1766 1680 κατα-

189 1717 398 1786 στήσας,
419 1715 564 1769 ὦστε
588 1716 676 1770 διὰ
692 1715 754 1768 τὸ
778 1714 1189 1786 ἀπεξενωμένον
1217 1717 1502 1787 καὶιᾶηθες
1527 1717 1769 1789 θαμϐού-

1856 519 1940 574 l'as
1971 530 2056 576 est
2098 537 2210 576 non
2265 523 2516 591 initiatis,
2550 525 2644 595 qui
2695 527 3055 582 conveniebat
3102 527 3298 582 horum
3342 527 3441 582 do-

1857 613 2097 666 ctrinam
2129 615 2353 685 scriptis
2380 616 2755 686 vulgari?aut
2784 618 2917 688 quid
2951 618 3172 674 tandem
3205 619 3312 674 sibi
3342 634 3442 675 vc-

1857 705 1961 759 luit
1991 722 2224 777 magnus
2258 709 2350 762 ille
2390 707 2624 780 Moyses,
2657 711 2751 780 qui
2786 726 2898 765 non
2921 711 3104 765 omnia
3129 728 3250 782 qua:
3283 719 3444 767 erant

1858 798 1929 852 in‘
1978 799 2186 868 templo
2249 814 2445 869 passus
2491 801 2567 856 sit
2634 802 2894 858 omnibus
2961 818 3086 858 esse
3145 804 3333 873 pervia
3357 804 3446 859 "‘2

1860 888 1958 944 sed
2003 887 2264 958 profanos
2313 901 2471 944 extra
2521 905 2715 946 sacros
2765 891 3040 947 cancellos
3095 892 3326 953 statuit;
3379 905 3446 946 ac

1860 979 2045 1049 priora
2078 980 2298 1049 quidem
2330 983 2472 1035 atria
2502 980 2820 1051 purioribus
2842 983 3191 1051 permittens,
3224 981 3444 1037 Levitas

1860 1072 2012 1127 solos
2039 1072 2233 1143 dignos
2261 1075 2475 1128 censuit
2506 1074 2753 1129 numinis
2795 1074 3102 1129 ministerio
3121 1074 3168 1106 ’⁸⁸
3195 1092 3208 1130 :
3235 1079 3448 1127 macta-

1860 1163 2043 1218 tiones
2092 1173 2274 1217 autem
2333 1165 2948 1233 holocautomatumque
2998 1165 3340 1231 oblationes,
3389 1171 3446 1218 et

1862 1255 2075 1323 reliqua
2107 1271 2228 1325 quae
2261 1256 2328 1310 ad
2361 1271 2473 1311 rem
2509 1271 2723 1312 sacram
2759 1258 3033 1325 pertinent
3063 1256 3446 1311 sacerdotibus

1865 1349 2168 1418 assignavit
2191 1349 2274 1415 '7;
2313 1358 2480 1418 atque
2502 1364 2671 1402 unum
2705 1364 2772 1402 ex
2802 1348 3061 1402 omnibus
3096 1348 3362 1403 seleetum
3389 1346 3450 1400 in

1865 1436 2029 1507 adyta
2072 1437 2298 1492 admisit
2321 1438 2388 1502 ⁹⁸,
2421 1444 2476 1492 et
2523 1453 2592 1492 ne
2622 1437 2773 1491 hunc
2812 1436 3034 1507 quidem
3066 1451 3304 1506 semper,
3349 1435 3452 1490 sed

1866 1543 1979 1583 uno
2021 1536 2234 1584 tantum
2281 1530 2369 1586 die
2420 1531 2762 1600 quotannis:
2815 1531 2950 1600 quin
3003 1537 3059 1585 et
3132 1529 3305 1599 bujus
3341 1529 3452 1584 diei

1867 1629 2076 1678 certam
2129 1623 2322 1678 horam
2372 1639 2481 1695 qua
2527 1623 2612 1678 fas
2663 1632 2812 1678 esset
2845 1623 3080 1693 ingredi,
3129 1622 3452 1693 prastituit‘,

1869 1730 1982 1785 quo
2028 1723 2254 1785 propter
2291 1717 2591 1771 novitatem
2640 1723 2695 1770 et
2725 1715 3103 1783 insolentiam,
3150 1730 3278 1769 cum
3326 1722 3449 1770 stu-

191 1822 334 1876 μενον
366 1807 695 1860 ἐποπτεύειν
729 1809 802 1860 τὰ
818 1807 986 1877 Ἅγια
1015 1807 1124 1860 τῶν
1158 1808 1347 1876 ἁγίων*
1380 1805 1439 1862 εὖ
1474 1809 1630 1872 εἰδὼς
1663 1808 1769 1862 ὑπὸ

1883 1821 2003 1876 pore
2029 1808 2339 1864 intueretur
2374 1808 2577 1864 Sancta
2607 1814 2927 1863 sanctorum
2951 1807 2997 1840 "
3023 1825 3037 1861 :
3063 1807 3234 1877 probe
3269 1806 3454 1861 sciens

191 1899 365 1968 σοφίας
389 1897 470 1969 τῷ
506 1897 607 1968 μὲν
641 1898 1015 1970 πεπατημένῳ
1046 1899 1140 1952 καὶ
1164 1898 1391 1952 αὐτόθεν
1420 1898 1611 1977 ληπτῷ
1633 1899 1769 1972 πρό-

189 2005 354 2057 χειρον
367 1984 538 2042 οὖσαν
562 1989 664 2059 τὴν
687 1989 1117 2060 καταφρόνησιν,
1134 1988 1214 2058 τῷ
1233 1989 1291 2041 δὲ
1318 1989 1768 2061 ἀνακεχωρηκότι

190 2083 273 2133 καὶ
314 2083 527 2152 σπανίῳ
558 2080 808 2151 φυσικῶς
857 2098 976 2144 πως
1026 2081 1471 2152 παρεζευγμένον
1510 2082 1572 2134 τὸ
1611 2099 1770 2153 περι-

192 2173 532 2228 σπούδαστον.
558 2173 718 2227 Κατὰ
741 2173 833 2225 τὸν
857 2173 1020 2226 αὑτὸν
1043 2173 1107 2244 δὴ
1133 2174 1336 2246 τρόπον
1361 2175 1456 2227 καὶ
1477 2176 1528 2227 οἱ
1551 2173 1622 2227 τὰ
1643 2172 1771 2245 περὶ

1871 1915 1974 1972 pro
2011 1915 2112 1955 sua
2155 1901 2448 1971 sapientia,
2483 1916 2576 1957 res
2619 1915 2725 1956 usu
2758 1899 2918 1954 tritas
2949 1909 3003 1954 et
3032 1914 3100 1954 ex
3147 1913 3209 1953 se
3239 1895 3455 1960 obvias,

1869 1992 2156 2062 expositas
2183 2008 2308 2049 esse
2343 1993 2728 2062 contemptui:
2764 1992 2931 2047 rebus
2973 2005 3106 2045 vero
3140 2004 3264 2060 quae
3298 2002 3460 2058 sepo-

1872 2084 1991 2138 sitae
2028 2092 2160 2141 sunt
2199 2098 2264 2138 ac
2309 2098 2448 2138 rane
2504 2083 2911 2153 quodammodo
2961 2081 3290 2136 naturaliter
3331 2094 3464 2135 con-

1865 2176 2118 2246 junctam
2146 2191 2270 2232 esse
2315 2191 2587 2232 summam
2638 2175 3057 2230 admirationem
3093 2172 3457 2228 ac'studium.

186 2266 278 2331 τὰς
299 2249 629 2338 Ἐκκλησιας
647 2265 758 2337 (61)
781 2265 1017 2338 ὲξαρχῆς
1030 2265 1624 2338 διαθεσμοθετήσαντες
1644 2267 1773 2320 ἁπό-

1883 2251 1957 2323 ᾸΗ
1996 2269 2250 2324 eumdem
2280 2267 2531 2339 profecto
2560 2269 2808 2332 modum,
2847 2275 2901 2322 et
2934 2265 3031 2336 qui
3080 2264 3240 2318 initio
3270 2269 3459 2318 certos

193 2361 355 2412 στολοι
379 2360 479 2413 καὶ
497 2359 745 2430 Πατέρες
773 2361 832 2412 ὲν
856 2358 935 2429 τῷ
960 2360 1335 2430 κεκρυμμένῳ
1361 2359 1456 2412 καὶ
1477 2358 1772 2429 ἀφθέγκτῳ

187 2453 243 2504 τὸ
273 2451 466 2521 σεμνὸν
489 2453 607 2513 τοῖς
630 2450 951 2521 μυστηρίοις
977 2450 1300 2520 ἐφύλασσον.
1334 2451 1472 2503 Οὐδὲ
1498 2451 1606 2522 γὰρ
1634 2450 1772 2514 ὅλως

193 2543 474 2614 μυστήριον
507 2542 570 2594 τὸ
611 2545 690 2604 εἰς
721 2541 820 2613 τὴν
849 2542 1070 2614 δημώδη
1107 2543 1202 2596 καὶ
1244 2543 1460 2596 εἰκαίαν
1490 2542 1658 2614 ἀκοὴν
1684 2541 1774 2594 ἕκ-

188 2651 360 2706 φορον.
398 2629 572 2697 Οὗτος
615 2637 646 2687 ό
685 2633 843 2703 λόγος
892 2635 994 2704 τῆς
1043 2635 1156 2688 τῶν
1209 2635 1476 2706 ἀγράφων
1535 2635 1772 2706 παραδό-

191 2741 336 2791 σεως,
359 2727 438 2789 ὡς
471 2725 550 2798 μὴ
579 2726 1054 2799 καταμεληθεῖσαν
1084 2727 1197 2799 (62)
1228 2727 1343 2781 τῶν
1361 2729 1648 2798 δογμάτων
1674 2728 1774 2799 τὴν

189 2816 379 2884 γνῶσιν
425 2818 914 2892 εὐκαταφρόνητον
963 2822 1075 2884 τοῖς
1123 2819 1341 2883 πολλοῖς
1388 2818 1644 2888 γενέσθαι
1688 2820 1777 2873 διὰ

189 2911 492 2981 συνήθειαν.
535 2911 700 2964 ’Ἄλλο
723 2913 838 2982 γὰρ
857 2913 1053 2983 δόγμα,
1092 2913 1188 2966 καὶ
1219 2912 1348 2966 ἄλλο
1375 2913 1663 2984 κήρυγμα.
1701 2912 1776 2964 Τὸ

191 3002 281 3070 μὲν
311 3004 423 3075 γὰρ
458 3006 736 3058 σιωπᾶται
767 3005 905 3076 (65),
938 3006 1006 3058 τὰ
1051 3005 1107 3057 δὲ
1148 3006 1482 3077 κηρύγματα
1516 3004 1628 3075 (64)
1678 3005 1776 3074 δη-

189 3095 517 3162 μοσιεύεται.
549 3097 773 3168 Σιωπῆς
803 3097 859 3150 δὲ
884 3092 1026 3160 εἶδος
1049 3097 1144 3150 καὶ
1168 3100 1201 3169 ἡ
1226 3097 1490 3166 ἀσάφεια,
1577 3095 1778 3165 κέχρη-

188 3202 270 3238 ται
311 3189 344 3257 ἡ
402 3188 644 3260 Γραφὴ,
694 3187 1068 3260 δυσθεώρητον
1117 3189 1612 3253 κατασκευάζουσα
1666 3188 1776 3242 τῶν

185 3278 466 3349 δογμάτων
500 3283 594 3335 τὸν
625 3281 752 3336 νοῦν
785 3282 922 3354 πρὸς
960 3283 1023 3336 τὸ
1069 3283 1178 3336 τῶν
1210 3283 1650 3354 ἐντυγχανόντων
1687 3282 1779 3334 λυ-

190 3373 409 3437 σιτελές.
443 3373 660 3428 Τούτου
686 3374 846 3446 χάριν
878 3374 1084 3438 πάντες
1121 3375 1221 3445 μὲν
1255 3375 1472 3447 ὁρῶμεν
1502 3376 1625 3428 κατ’
1652 3375 1780 3427 ἁνα-

187 3464 336 3530 τώὰς
365 3468 464 3521 ἐπὶ
493 3469 608 3520 τῶν
658 3468 1006 3541 προσευχῶν·
1040 3468 1212 3538 ὀλίγοι
1249 3469 1308 3522 δὲ
1356 3470 1534 3540 ῐσμεν,
1567 3469 1649 3521 ὅτι
1681 3466 1779 3538 τὴν

315 3624 490 3682 Num.
527 3642 608 3692 iv,
636 3626 728 3681 20.
806 3627 852 3658 ’⁸
873 3625 1037 3683 Num.
1081 3641 1240 3693 xvm,
1280 3625 1372 3693 21,
1401 3624 1492 3681 22.
1571 3625 1616 3656 ⁹⁷
1641 3623 1774 3679 ibid.
1813 3624 1871 3678 7.

253 3781 362 3849 (59)
412 3782 491 3837 Τὸ
535 3782 786 3851 σεμνόν.
822 3779 914 3835 Sic
942 3796 1078 3836 mss.
1129 3796 1245 3836 sex.
1299 3779 1444 3835 Editi
1490 3779 1557 3834 τὰ
1587 3778 1780 3850 σεμνά.

190 3849 350 3924 Paulo
394 3861 531 3924 post
573 3849 706 3908 editi
752 3851 1129 3922 θριαμϐεύειν.
1185 3852 1473 3924 Scriptura.
1517 3849 1680 3924 quam
1728 3851 1783 3904 in

191 3922 332 3976 textu
356 3921 832 3995 posuimusnvism
852 3921 935 3976 eSt
967 3924 1169 3992 potior,
1220 3938 1285 3977 ac
1313 3921 1500 3975 'trium
1530 3921 1782 3976 codicum

190 3996 521 4047 auctoritate
547 3994 760 4046 nititur.

255 4063 366 4133 (60)
413 4067 763 4131 Ἔκκριτον.
809 4062 884 4117 Ita
914 4063 1042 4118 editi
1075 4071 1132 4117 et
1173 4061 1282 4133 duo
1307 4077 1442 4116 mss.
1470 4059 1576 4133 ᾼιίἱ
1607 4059 1794 4132 ἔγκρι-

189 4131 291 4186 τον,
320 4133 552 4189 Habent
571 4136 681 4188 duo
718 4135 934 4188 codices
955 4135 1050 4186 ’ἐνα
1073 4135 1166 4186 τὸν
1198 4132 1438 4185 πάντων.
1474 4131 1644 4184 Paulo
1673 4131 1796 4202 pust

190 4205 313 4257 editi
356 4205 495 4273 μίαν
525 4205 712 4273 μόνον.
739 4205 846 4258 Sed
875 4220 1010 4259 mss.
1042 4212 1101 4258 ut
1133 4205 1190 4273 in
1223 4210 1396 4256 textu.

253 4271 545 4344 (ϐηΠερὶ
574 4274 682 4341 τὰς
716 4275 1108 4343 Ἐχκλησίας.
1137 4271 1276 4329 Tres
1293 4272 1514 4327 codices
1531 4271 1662 4344 περὶ
1693 4271 1796 4342 τῆς

200 4344 557 4398 Ἑκκλησίαε.

237 4362 394 4416 ικκΑη
403 4362 557 4408 σιας.

1872 2363 2315 2420 Ecclesiae.ritus
2353 2362 2821 2433 praescripserunt
2865 2359 3104 2429 apostoli
3153 2365 3208 2412 et
3243 2356 3460 2419 Patres,

1873 2457 1928 2510 in
1985 2456 2206 2511 occulto
2255 2454 2587 2523 silentioque
2639 2452 2920 2522 mysteriis
2963 2465 3122 2505 suam
3170 2461 3464 2503 servavere

1874 2550 2221 2620 dignitatem.
2272 2546 2461 2616 Neque
2513 2547 2661 2601 enim
2707 2545 2936 2599 omnino
2989 2541 3314 2614 mysterium
3355 2547 3463 2604 est,

1873 2641 2025 2712 quod
2090 2641 2158 2696 ad
2221 2642 2516 2711 populares
2571 2653 2636 2693 ac
2692 2639 2950 2709 vulgares
2997 2651 3159 2690 aures
3216 2631 3464 2688 eil'ertur;

1875 2735 2002 2790 Haec
2048 2739 2133 2789 est
2161 2733 2324 2796 ratio,
2377 2747 2479 2786 cur
2507 2729 2758 2802 quaedam
2813 2729 2951 2784 citra
2994 2726 3259 2796 scriptum
3293 2722 3470 2778 tradi-

1877 2837 1932 2882 ta
1971 2828 2123 2890 sint,
2169 2841 2239 2881 ne
2283 2825 2607 2896 dogmatum
2656 2823 2855 2878 notitia
2901 2821 3191 2891 neglecta,
3244 2821 3470 2887 pr0pter

1877 2919 2288 2976 assuetudinem
2334 2919 2499 2988 vulgo
2528 2916 2743 2972 veniret
2784 2916 2839 2969 in
2873 2919 3271 2983 contemptum.
3303 2905 3476 2962 Aliud

1878 3012 2074 3081 utique
2098 3018 2182 3066 est
2227 3009 2447 3080 dogma,
2484 3008 2633 3062 aliud
2663 3007 3002 3078 praedicatio.
3039 3004 3176 3058 Nam
3211 3002 3469 3070 dogmata

1880 3102 2139 3163 silentur,
2188 3099 2612 3169 prmdicationes
2656 3112 2788 3151 vero
2837 3095 3212 3166 publicantur.
3249 3090 3346 3146 Est
3379 3103 3483 3140 au-

1883 3202 1992 3248 tem
2022 3192 2228 3247 silentii
2276 3191 2490 3261 species
2545 3191 2714 3245 etiam
2765 3189 3081 3244 obscuritas
3135 3202 3244 3257 qua
3294 3183 3472 3239 utitur

1887 3269 2194 3353 Scriptura,
2224 3281 2333 3352 56
2357 3281 2640 3336 intellectu
2672 3280 2946 3336 didicilem
2972 3278 3207 3334 reddens
3238 3275 3471 3344 dogma.-

1885 3386 2001 3430 tum
2053 3373 2408 3437 sententiam,
2468 3373 2636 3444 idque
2693 3373 2763 3427 ad
2815 3372 3107 3442 legentium
3155 3368 3470 3423 utilitatem.

1889 3466 2044 3520 Hanc
2076 3463 2148 3518 ob
2183 3476 2410 3517 causam
2459 3477 2651 3519 omnes
2705 3469 3023 3534 spectamus
3053 3457 3120 3513 ad
3170 3456 3472 3520 Orientem,

1947 3625 1992 3655 9"
2015 3621 2190 3679 Exod.
2223 3639 2355 3688 xxx,
2395 3621 2487 3676 i0.
2560 3621 2605 3655 9"
2626 3617 2799 3674 Levit.
2833 3632 2946 3682 xvr,
2972 3615 3028 3668 2.

1894 3793 2052 3842 rum;
2094 3775 2190 3832 sed
2229 3784 2410 3830 tamen
2454 3773 2676 3839 fatetur,
2703 3781 2765 3827 ut
2805 3770 2947 3842 apud
2991 3768 3368 3842 philosophos,
3399 3767 3477 3822 ita-

1893 3840 2060 3902 etiam
2093 3847 2235 3917 apud
2283 3847 2630 3918 Christianos
2670 3840 2932 3898 nonnulla
2977 3855 3100 3918 esse
3133 3840 3296 3893 veluti
3332 3840 3475 3918 inte-

1893 3919 2066 3979 riora,
2102 3908 2224 3987 q'uzc
2254 3925 2378 3986 post
2407 3917 2743 3970 exteriorem
2770 3923 2824 3968 et
2847 3911 3186 3987 propositam
3215 3908 3472 3963 omnibus

1892 3981 2550 4059 doctrinamtradantur,
2577 3987 2672 4039 lib.
2705 3981 2902 4059 I,_pag.
2940 3983 2991 4036 7.
3035 3981 3091 4059 l_n
3118 3981 3255 4059 libro
3285 3988 3473 4059 autem

1894 4075 1978 4120 ιιι,
2015 4074 2137 4128 pag.
2166 4057 2292 4122 145,
2320 4057 2418 4120 ait,
2451 4073 2574 4126 qua:
2622 4051 2882 4128 maxime
2906 4053 3169 4128 praeclara
3199 4057 3251 4104 et
3289 4051 3474 4128 dirina

1894 4122 2044 4191 sunt,
2078 4122 2256 4196 palam
2296 4136 2350 4182 et
2381 4122 2569 4196 aperte
2600 4122 2920 4196 praedicari,
2943 4125 3012 4196 si,
3033 4122 3213 4176 adsint
3242 4124 3477 4196 pruden-

1892 4207 1976 4254 tes
2007 4189 2327 4264 auditores;
2372 4189 2456 4252 sin
2500 4189 2683 4251 autem
2717 4197 2858 4251 lacte
2904 4194 3208 4264 indigeant,
3243 4189 3476 4262 profun-

1892 4269 2049 4324 diora
2082 4269 2191 4324 illis
2228 4269 2492 4324 abscondi
2526 4277 2582 4322 et
2607 4267 2778 4322 sileri.

1969 4339 2078 4411 (64)
2114 4340 2191 4393 Τὰ
2222 4338 2290 4392 δὲ
2317 4335 2988 4411 κηρύγματαηνὶᾶρηιιιι·
3009 4335 3113 4390 hoc
3147 4332 3368 4411 nomine
3389 4329 3477 4411 de-

254 4416 364 4490 (62)
382 4405 960 4490 ’Καέαέιεληβενῖσακ
983 4413 1074 4470 Sic
1093 4431 1228 4471 mss.
1257 4423 1391 4482 tres,
1409 4412 1608 4468 melius
1625 4427 1780 4484 quam

1898 4405 2103 4481 signari
2143 4411 2290 4490 leges
2329 4405 2750 4490 ecclesiasticas,
2806 4414 2862 4462 et
2912 4421 3184 4490 canonum
3229 4405 3474 4483 decreta,

188 4485 313 4539 editi
349 4504 502 4540 κατα
511 4488 926 4557 μελετηθεῖσαν.

255 4558 366 4640 ((55)
406 4557 488 4640 τὸ
802 4555 1115 4640 σιωπᾶται.
1138 4555 1382 4640 Sic_duo'
1406 4554 1784 4640 codices‘ms‘s.

190 4624 387 4695 quibus
422 4624 628 4681 favent
649 4624 1024 4697 aliiquatuor,
1059 4629 1114 4680 in
1139 4627 1342 4697 quibus
1369 4626 1569 4696 legitur
1590 4624 1664 4697 τὰ
1689 4625 1788 4694 μὲν

192 4694 490 4754 σιωπᾶται.
533 4697 687 4751 Editi
718 4694 800 4750 τα
823 4699 920 4766 μὲν
949 4694 1193 4767 δόγματα
1245 4694 1558 4767 almam.
1588 4694 1789 4748 Mirum

191 4777 372 4823 autem
424 4768 620 4822 videri
673 4769 872 4838 possit.
911 4766 1026 4821 cur
1050 4766 1204 4822 dicat
1254 4767 1493 4822 Basilius
1531 4766 1788 4838 dogmata

190 4839 336 4892 sileri
365 4858 380 4902 ;
411 4854 555 4894 cum
597 4836 814 4893 constet
840 4839 1095 4894 catholici
1126 4839 1398 4909 dogmatis
1440 4836 1790 4909 prmdicatjo:

189 4923 307 4964 nem
355 4911 415 4964 in
458 4909 735 4964 omnibus
780 4925 998 4980 semper
1044 4904 1310 4965 Ecclesiis
1360 4904 1625 4978 viguisse.
1682 4904 1790 4980 Sed

188 4980 614 5050 observandum
660 4988 768 5041 est,
799 4981 854 5034 id
888 4977 1034 5048 quod
1076 4989 1266 5049 postea
1307 4980 1560 5050 pluribus
1591 4977 1794 5050 proba-

193 5049 356 5116 bitur,
393 5051 682 5122 Basilium
709 5050 778 5105 de
805 5047 1106 5122 Scripturis
1136 5047 1481 5122 potissimum
1527 5047 1698 5122 loqui,
1733 5047 1792 5100 in

191 5124 387 5193 quibus
411 5124 586 5192 plura
604 5121 882 5193 dogmata,
907 5120 1204 5175 traditione
1222 5121 1292 5174 ad
1318 5136 1420 5175 nos
1438 5120 1788 5193 transmissa,

190 5189 278 5245 aut
302 5189 460 5248 sileri
499 5193 610 5258 ait,
665 5189 758 5244 aut
790 5192 1146 5257 obscuritate,
1178 5207 1300 5262 qtt:c
1336 5200 1421 5246 est
1450 5189 1650 5244 sitenlii
1676 5203 1795 5262 spe-

190 5265 309 5327 cies,
364 5265 614 5318 involvi.
646 5263 707 5316 ln
753 5263 871 5332 ipsa
915 5264 1076 5317 etiam
1122 5261 1355 5317 ecClesia
1383 5261 1794 5332 catecliumenis

191 5337 357 5389 multa
394 5333 685 5388 abscondi
718 5331 1001 5400 solebant;
1039 5348 1149 5386 non
1185 5335 1369 5387 statim
1422 5331 1795 5400 admitteban-

191 5410 277 5458 tur
303 5407 358 5460 in
413 5405 756 5466 ecclesiam,
805 5419 905 5457 nec
951 5397 1206 5458 admissis
1249 5404 1433 5457 statim
1476 5397 1797 5455 tradebatur

196 5474 551 5545 Symbolum,
593 5485 655 5527 ut
696 5476 773 5527 ait
803 5473 1066 5545 Origenes
1103 5476 1199 5529 lib.
1234 5484 1511 5545 utcontra
1554 5472 1794 5545 Celsum,

195 5541 308 5616 pag.
349 5547 482 5600 142.
520 5545 686 5616 Idem~
727 5541 1010 5615 Origenes,
1037 5561 1161 5616 cuni
1189 5544 1500 5616 Christiana
1539 5541 1797 5616 doctrina

196 5612 488 5700 iocaretur
559 5631 594 5668 a
643 5612 807 5700 Celso
832 5612 1082 5698 ’κρύφιον
1111 5615 1308 5696 ’δόγμα
1329 5613 1797 5700 ,mclcnculaqium

199 5687 418 5754 dogma,
477 5687 796 5754 respondet
844 5683 1288 5755 praedicatione-in
1352 5683 1794 5739 Christianorum

201 5761 290 5814 toti
327 5759 456 5816 orbi
488 5759 780 5814 notiorem
823 5771 966 5824 esse,
1005 5771 1170 5829 quam
1201 5757 1399 5829 placita
1431 5757 1795 5827 philosopho-

1896 4475 2020 4550 quae
2049 4475 2382 4550 promulgari
2430 4481 2486 4534 in
2525 4480 2758 4534 ecclesia
2791 4493 2911 4532 mos
2933 4488 3074 4550 erat,
3106 4481 3167 4550 ut
3199 4475 3475 4528 neminem

1896 4547 2153 4607 laterent.
2186 4547 2420 4605 Basilius
2467 4552 2522 4604 in
2555 4551 2717 4620 epist.
2759 4550 2896 4603 alias
2920 4548 3053 4620 2“,
3095 4547 3353 4620 κῄρυγμα
3379 4559 3478 4594 vo-

1897 4633 1988 4676 cat
2019 4635 2282 4676 canonem
2325 4638 2355 4674 a
2387 4637 2446 4675 se
2479 4621 2533 4673 in
2580 4615 2831 4689 raptores
2869 4619 3096 4673 editum.
3129 4615 3477 4689 Epdem_no-

1897 4695 2046 4747 mine
2081 4692 2438 4760 designantur
2467 4693 2523 4744 in
2567 4683 2728 4760 epist.
2761 4691 2833 4742 al.
2871 4689 2960 4752 72,
3005 4703 3128 4758 qua:
3155 4683 3475 4760 Eustathius

1900 4765 2164 4818 adversus
2201 4753 2488 4832 Evippium
2524 4769 2578 4816 et
2601 4753 2763 4832 'alios
2801 4753 3040 4832 Arianos
3079 4760 3135 4812 in
3176 4755 3374 4832 litteris
3405 4753 3476 4806 ad

1899 4842 2117 4888 omnem
2172 4826 2574 4888 fraternitatem
2612 4830 2798 4886 missis
2839 4831 3153 4899 scripserat.
3196 4826 3477 4899 Κήρυγμα

1900 4903 2322 4975 diciturjejunii
2352 4902 2797 4975 Quadragesimaa
2831 4915 2928 4970 per
2949 4897 3132 4975 totum
3147 4897 3333 4975 orbem
3356 4909 3479 4964 pro-

1899 4967 2418 5046 mulgatiiﬂﬂomil.
2447 4989 2482 5026 ιι
2509 4967 2848 5046 Πξῂῄιιηὶο,
2876 4985 2930 5039 p.
2969 4971 3058 5024 11.
3093 4967 3260 5046 Erant
3294 4973 3479 5019 tamen

1901 5041 2234 5117 κηρύγματα
2271 5045 2386 5100 sive
2437 5041 3198 5117 pradicationes_nonnu_ll2e,
3242 5049 3478 5116 quarum

1902 5109 2145 5188 cognitio
2176 5131 2290 5188 non
2317 5109 2573 5169 omn—ibus
2602 5120 2834 5188 pateret.
2855 5109 3052 5188 Preces
3077 5109 3332 5177 liturgite,
3355 5109 3479 5188 qui-

1899 5176 2004 5241 bus
2036 5201 2144 5241 non
2172 5187 2474 5241 intererant
2494 5176 2894 5246 catecliumeni,
2935 5190 3202 5236 vocantur
3222 5176 3478 5246 pradica-

1902 5259 2083 5312 tiones
2111 5259 2165 5310 in
2196 5257 2358 5326 epist.
2390 5257 2461 5308 al.
2495 5255 2594 5307 241
2634 5272 2646 5306 :
2680 5252 2972 5307 Meministi
3005 5248 3359 5326 enim‘procul
3384 5249 3480 5299 du-

1905 5329 2011 5393 bio,
2029 5328 2208 5398 inquit
2227 5320 2482 5398 Basilius,
2501 5325 2942 5398 prwdicctionum
2969 5320 3477 5398 ecciesiasticarnm,

1904 5388 2078 5467 ﬁdelis
2108 5388 2225 5452 cum
2251 5399 2325 5450 sis
2361 5396 2456 5449 Dei
2479 5388 2676 5465 gratia,
2707 5397 2762 5447 in
2787 5388 3480 5467 quibusetgprofratribus

1903 5460 2112 5537 peregre
2142 5468 2446 5521 constitutis
2472 5460 2771 5534 precamur,
2800 5460 2908 5519 Etc.
2937 5460 3174 5537 Dicebat
3187 5462 3354 5537 initio
3379 5460 3484 5537 h‘u-

1900 5531 1994 5609 jus
2029 5532 2316 5610 capitis_ex
2348 5531 2696 5610 dogmatibus
2724 5545 2778 5590 et
2809 5535 3288 5610 praedicationibus
3309 5531 3484 5586 eccle-

1908 5607 2148 5667 Siasticis
2181 5608 2287 5662 alia
2315 5624 2378 5663 ex
2432 5607 2756 5676 Scripturis,
2787 5607 2894 5660 alia
2933 5623 2999 5663 ex
3032 5619 3230 5662 arcana
3264 5611 3486 5676 aposto-

1905 5699 2028 5738 rum
2065 5679 2355 5737 traditione
2386 5679 2452 5735 ad
2477 5695 2579 5737 nos
2615 5678 2949 5750 pervenisse.
