3888 6214
405 265 509 325 191

1716 271 1775 330 S.
1816 271 2062 328 BASILII
2099 272 2314 330 MAGNI

3557 278 3659 332 {92

408 402 535 443 cum
587 402 896 458 precamur,
940 391 1100 462 pauci
1151 400 1336 448 tamen
1378 393 1668 460 novimus,
1723 393 1871 465 quod
1923 391 1977 447 id

2088 393 2314 467 ἀρχαίαν
2359 395 2723 465 ἐπιζητοῦμεν
2767 393 3030 465 πατρίδα,
3073 392 3162 447 τὸν
3211 395 3559 466 παράδεισον,
3600 398 3660 452 ὃν

408 477 678 536 facientes
726 482 1012 552 antiquam
1057 485 1392 554 requirimus
1439 486 1696 555 patriam,
1726 485 1982 541 videlicet

408 571 751 641 paradisum,
782 589 947 644 quem
977 575 1245 644 plantavit
1274 575 1420 632 Deus
1442 577 1499 630 in
1526 575 1675 631 Eden
1703 578 1770 632 ad
1796 576 1986 633 Orien-

407 671 519 719 tem
566 665 606 720 ί.
659 664 840 720 Erecti
885 666 1072 721 itidem
1124 667 1440 738 perficimus
1473 669 1882 739 deprecationes
1925 669 1984 726 in

406 769 520 810 una
571 752 819 820 Sabbati,
867 757 962 811 sed
1009 755 1280 812 rationem
1329 771 1438 812 nou
1477 773 1669 814 omnes
1704 760 1980 815 novimus.

406 842 528 900 Non
557 845 706 900 enim
747 846 927 900 solum
969 845 1118 916 quod
1169 847 1335 902 veluti
1387 847 1552 902 simul
1598 863 1722 903 cum
1761 848 1984 904 Christo

407 936 745 1003 resuscitati,
775 953 896 1008 qua:
939 953 1160 995 sursum
1203 947 1335 995 sunt
1378 955 1624 1010 quaerere
1666 941 1981 1008 debeamus,

407 1028 466 1084 in
526 1027 617 1084 die
673 1031 1098 1088 resurrectionis
1148 1029 1292 1086 datae
1342 1031 1503 1090 nobis
1554 1032 1743 1102 gratiae
1785 1032 1983 1089 stando

405 1130 699 1193 precantes
730 1123 1100 1194 nosmetipsos
1139 1124 1685 1191 commonefacimus,
1715 1126 1813 1182 sed
1837 1127 1984 1196 quod

406 1213 458 1268 is
484 1211 604 1268 dies
634 1213 888 1269 videatur
914 1214 1098 1286 aliquo
1125 1217 1289 1272 modo
1312 1217 1492 1289 imago
1527 1217 1739 1273 venturi
1771 1219 1980 1274 saeculi.
2023 1207 2026 1210 ί

406 1306 594 1378 quue
625 1322 750 1362 cum
797 1308 872 1364 sit
912 1307 1245 1380 principium
1290 1308 1522 1377 dierum,
1569 1327 1682 1366 non
1710 1311 1923 1381 primus
1952 1325 1984 1364 a

407 1400 612 1472 Moyse,
639 1401 736 1457 sed
762 1417 906 1458 unus
930 1403 1238 1473 appellatus
1259 1411 1366 1460 est.
1395 1401 1571 1456 Facta
1598 1411 1678 1457 est
1708 1404 1870 1468 enim,
1897 1403 1983 1458 in-

405 1491 547 1562 quit,
597 1507 830 1561 vespera,
863 1502 914 1548 et
952 1493 1156 1562 factum
1187 1505 1266 1549 est
1304 1511 1493 1558 mane,
1547 1493 1659 1548 dies
1710 1511 1848 1548 unus
1893 1497 1914 1527 ³
1959 1509 1976 1548 :

406 1595 668 1657 tanquam
709 1586 805 1657 qui
847 1601 990 1656 sape
1033 1595 1300 1642 recurrat.
1327 1587 1500 1658 Igitur
1535 1603 1680 1642 unus
1721 1593 1808 1642 est
1837 1585 1982 1642 idem

405 1685 461 1732 et
511 1685 778 1741 octavus,
830 1693 1000 1732 unum
1052 1679 1206 1732 illum
1276 1679 1609 1750 singularem
1662 1693 1727 1734 ac
1787 1694 1979 1734 verum

405 1778 682 1834 octavum,
713 1771 874 1840 cujus
902 1778 957 1826 et
981 1770 1274 1826 Psalmista
1301 1771 1359 1826 in
1389 1770 1717 1842 quibusdam
1743 1771 1984 1828 Psalmo-

404 1878 529 1918 rum
563 1863 1017 1934 inscriptionibus
1060 1864 1312 1919 meminit
1343 1865 1388 1930 ³,
1420 1879 1519 1935 per
1549 1879 1610 1920 se
1640 1865 1981 1936 signiﬁcans,

405 1963 611 2012 statum
680 1955 934 2012 videlicet
984 1955 1093 2011 hoc
1147 1964 1364 2025 tempus
1425 1962 1779 2022 secuturum,
1838 1955 1984 2011 diem

405 2063 518 2103 non
543 2047 872 2114 desiturum,
906 2063 1147 2118 vesperae
1192 2047 1465 2113 nescium,
1512 2048 1852 2104 successoris
1889 2064 1985 2103 ex-

405 2147 639 2213 pertem,
669 2146 870 2208 aevum,
899 2141 1035 2196 illud
1073 2156 1357 2211 nunquam
1405 2141 1701 2196 ﬁniendum
1737 2156 1839 2196 nec
1881 2158 1985 2195 un-

405 2249 572 2304 quam
612 2247 926 2289 senescens.
965 2231 1292 2289 Necessario
1320 2234 1491 2304 igitur
1528 2233 1584 2288 in
1629 2233 1735 2289 hoc
1772 2234 1860 2290 die
1890 2233 2004 2308 Ec-.

403 2327 577 2383 clesia
616 2341 747 2382 suos
787 2327 1040 2382 alumnos
1092 2326 1290 2390 docet,
1342 2340 1541 2395 preces
1598 2341 1728 2380 suas
1785 2309 2008 2382 stando-

406 2418 732 2481 absolvere,
775 2425 837 2472 ut
893 2418 1116 2473 assidua
1165 2418 1596 2473 commonitione
1644 2419 1770 2473 vitae
1831 2418 1982 2474 illius

396 2519 688 2582 nunquam
724 2504 1003 2569 desitum,
1039 2521 1149 2560 non
1181 2505 1522 2575 negligamus
1556 2507 1622 2562 ad
1653 2523 1774 2562 eam
1815 2507 1984 2562 demi-

396 2589 708 2668 grationem
761 2613 959 2667 parare
994 2597 1277 2651 viaticum.
1330 2598 1473 2664 Quin
1523 2606 1580 2654 et
1625 2606 1802 2654 totum
1846 2599 1982 2654 illud

405 2688 807 2760 quinquaginta
857 2688 1071 2744 dierum
1111 2697 1328 2759 tempus
1353 2691 1654 2746 admonitio
1683 2701 1768 2747 est
1797 2708 1984 2747 resur-

405 2782 706 2847 rectionis,
759 2797 922 2852 quam
987 2780 1044 2836 in
1095 2783 1268 2837 altero
1309 2784 1508 2838 saeculo
1576 2792 1979 2853 exspectamus.

405 2873 543 2929 Nam
575 2891 721 2930 unus
749 2875 841 2930 ille
871 2884 925 2930 et
950 2874 1164 2944 primus
1187 2874 1306 2930 dies
1333 2876 1535 2944 septies
1565 2876 1980 2946 multiplicatus,

407 2974 616 3036 septem
662 2980 832 3021 sacrae
887 2963 1240 3020 Pentecostes
1299 2965 1674 3021 hebdomadas
1724 2967 1979 3023 absolvit.

2085 485 2384 554 ἐφύτευσεν
2428 487 2457 538 ὀ
2493 485 2627 550 Θεὸς
2669 487 2727 540 ὲν
2775 487 2937 557 Ἑδὲμ
2974 487 3092 539 κατ’
3135 487 3421 551 ἀνατολάς.
3481 488 3661 559 ὐρθοὶ

2088 576 2188 646 μὲν
2221 574 2536 648 πληροῢμεν
2564 575 2664 640 τὰς
2697 575 2863 646 εὐχὰς
2893 578 2951 628 ὲν
2979 579 3045 648 τῇ
3085 577 3184 646 μιᾷ
3213 576 3308 629 τοῦ
3341 576 3619 634 Σαϐϐάτου
3643 599 3656 612 ο

2083 667 2176 720 τὸν
2205 667 2265 721 δὲ
2313 667 2468 736 λόγον
2498 668 2557 721 οὐ
2604 669 2807 731 πάντες
2837 668 3078 739 οἴδαμεν.
3117 671 3192 722 υὺ
3237 670 3346 742 γὰρ
3383 671 3542 742 μόνον
3584 673 3662 738 ὡς

2085 758 2514 822 συναναστάντες
2535 758 2776 829 Χριστῷ,
2798 758 2892 812 καὶ
2913 758 2983 812 τὰ
3005 759 3115 812 ἄνω
3131 757 3312 830 ζητεῖν
3335 762 3657 830 ὀφείλοντες,

2084 852 2143 904 ὲν
2171 854 2238 922 τῇ
2272 851 2626 922 ἁναστασίμῳ
2663 853 2847 925 ήμέρᾳ
2874 853 2974 924 τῆς
3016 852 3308 923 δεδομένης
3334 856 3464 925 ἡμῖν
3509 855 3661 926 χάρι-

2083 958 2174 1006 τος
2217 941 2306 995 διὰ
2345 942 2445 1012 τῆς
2485 941 2627 995 κατὰ
2661 942 2760 1013 τὴν
2797 942 3107 1014 προσευχὴν
3145 943 3388 1008 στάσεως
3434 945 3661 1009 ἑαυτοὺς
3713 993 3716 996 .

2086 1033 2609 1104 ὑπομιμνήσκομεν·
2647 1033 2762 1087 ἀλλ’
2794 1035 2878 1087 ὃτι
2924 1034 3073 1087 δοκεῖ
3117 1051 3234 1099 πως
3282 1035 3378 1088 τοῦ
3431 1036 3661 1107 προσδο-

2083 1125 2332 1195 κωμένου
2360 1125 2555 1190 αἰῶνος
2581 1119 2718 1179 εἶναι
2742 1124 2924 1181 εἰκών.
2960 1125 3052 1179 Διὸ
3078 1126 3172 1179 καὶ
3195 1126 3337 1198 ἀρχὴ
3363 1121 3497 1181 οὖσα
3527 1129 3663 1198 ήμε-

2087 1217 2218 1289 ρῶν,
2248 1216 2372 1288 οὐχὶ
2403 1218 2594 1290 πρώτη
2633 1217 2786 1289 παρὰ
2812 1217 3113 1281 Μωῦσέως,
3149 1217 3285 1271 ἀλλὰ
3312 1218 3410 1288 μία
3440 1217 3659 1288 ὠνόμα-

2085 1325 2228 1362 σται.
2293 1307 2554 1378 Ἐγένετο
2596 1309 2707 1378 γὰρ
2726 1348 2742 1373 ,
2777 1308 2964 1378 φησὶν,
2996 1308 3245 1377 ἑσπέρα,
3278 1307 3379 1362 καὶ
3421 1308 3661 1378 ἐγένετο

2084 1401 2236 1470 πρωῒ
2255 1440 2271 1464 ,
2320 1399 2509 1470 ἡμέρα
2532 1401 2642 1470 μία
2664 1419 2678 1432 ·
2713 1401 2789 1464 ὡς
2821 1400 2919 1471 τῆς
2963 1401 3131 1471 αὐτῆς
3179 1402 3661 1473 ἀνακυκλουμένης

2083 1490 2365 1554 πολλάκις.
2400 1491 2512 1544 Καὶ
2551 1489 2649 1560 μία
2697 1491 2874 1544 τοίνυν
2916 1492 2950 1562 ἡ
2993 1490 3131 1562 αὕτη
3157 1530 3169 1553 ,
3200 1491 3294 1544 καὶ
3328 1491 3490 1561 ὀγδόη
3515 1531 3528 1554 ,
3559 1491 3661 1562 τὴν

2086 1582 2218 1652 μίαν
2258 1582 2427 1646 ὅντως
2471 1582 2687 1655 ἐκείνην
2716 1583 2807 1635 καὶ
2850 1582 3110 1655 ἀληθινὴν
3139 1583 3354 1654 ὀγδόην,
3381 1579 3451 1654 ἧς
3493 1585 3589 1638 καὶ
3628 1585 3662 1637 ὀ

2084 1676 2386 1747 Ψαλμῳδὸς
2415 1677 2474 1730 ἔν
2510 1694 2650 1730 τισιν
2673 1677 3008 1748 ἐπιγραφαῖς
3027 1676 3135 1731 τῶν
3155 1677 3382 1748 ψαλμῶν
3418 1679 3664 1747 ὲπεμνη-

2087 1767 2214 1839 σθη,
2239 1768 2307 1822 δι’
2348 1769 2550 1839 ἑαυτῆς
2589 1770 2962 1840 ἐμφανίζουσα
2984 1807 2998 1832 ,
3027 1769 3124 1840 τὴν
3169 1771 3307 1840 μετὰ
3343 1769 3434 1823 τὸν
3468 1771 3661 1841 χρόνον

2081 1862 2272 1915 τοῦτον
2313 1861 2667 1928 κατάστασιν,
2701 1863 2802 1935 τὴν
2846 1862 3123 1917 ἄπαυστον
3164 1862 3400 1934 ἡμέραν,
3428 1862 3524 1933 τὴν
3561 1865 3660 1917 ἀν-

2083 1955 2350 2025 έσπερον,
2404 1953 2505 2026 τὴν
2554 1955 2834 2025 ἁδιάδοχον
2853 1996 2869 2022 ,
2917 1954 3008 2008 τὸν
3048 1954 3281 2025 ἄληκτον
3322 1955 3528 2007 ἐκεῖνον
3561 1955 3662 2006 ml.

2083 2045 2277 2116 ἀγήρω
2295 2043 2484 2098 αἰῶνα.
2525 2046 2864 2114 Ἀναγκαίως
2883 2040 2974 2098 οὖν
2995 2044 3092 2108 τὰς
3110 2047 3168 2098 ὲν
3189 2045 3323 2115 αὐτῇ
3348 2043 3661 2116 προσευχὰς

2085 2135 2325 2198 ἑστῶτας
2362 2135 2714 2206 ἀποπληροῦν
2737 2136 2864 2198 τοὺς
2897 2135 3095 2206 ἑαυτῆς
3121 2135 3423 2206 τροφίμους
3453 2135 3487 2204 ή
3537 2134 3662 2186 Ἐκ-

2083 2225 2281 2297 κλησία
2305 2225 2570 2292 παιδεύει,
2603 2226 2691 2280 ἵνα
2722 2228 2788 2297 τῇ
2830 2228 3040 2296 συνεχεί
3071 2226 3375 2297 ὑπομνήσει
3403 2227 3502 2297 τῆς
3532 2226 3662 2278 ἁτε-

2081 2318 2340 2390 λευτήτου
2384 2316 2534 2388 ζωῆς
2578 2317 2686 2370 τῶν
2737 2315 2878 2388 πρὸς
2917 2317 3016 2388 τὴν
3066 2317 3397 2387 μετάστασιν
3439 2316 3662 2386 ἐκείνην

2081 2409 2307 2480 ἐφοδίων
2357 2409 2432 2481 μὴ
2476 2408 2791 2480 ἀμελῶμεν.
2824 2408 2936 2462 Καὶ
2977 2409 3126 2462 πᾶσα
3155 2407 3213 2460 δὲ
3247 2409 3280 2479 ή
3314 2407 3662 2479 πεντηκοστὴ

2080 2502 2182 2571 τῆς
2224 2502 2282 2554 ἐν
2323 2500 2401 2571 τῷ
2438 2499 2595 2554 αἰῶνι
2643 2499 2754 2570 (65)
2801 2497 3258 2570 προσδοκωμένης
3309 2497 3662 2560 ἀναστάσεως

2081 2593 2230 2647 ἐστιν
2283 2593 2600 2664 ὑπόμνημα.
2653 2592 2718 2645 Ἡ
2771 2592 2881 2663 γὰρ
2939 2591 3039 2662 μία
3082 2590 3264 2662 ἐκείνη
3315 2591 3411 2644 καὶ
3464 2590 3660 2662 πρώτη

2082 2685 2298 2756 ήμέρα,
2341 2685 2569 2748 ἑπτάκις
2609 2682 3181 2748 ὲπταπλασιασθεῖσα,
3229 2682 3328 2746 τὰς
3375 2683 3514 2736 ἑπτὰ
3558 2683 3664 2754 τῆς

2085 2781 2236 2852 ἱερᾶς
2269 2780 2640 2851 πεντηκοστῆς
2671 2779 2968 2850 ἑϐδομάδας
2997 2777 3268 2831 ἀποτελεῖ.
3312 2777 3407 2830 Ἐκ
3434 2776 3663 2846 πρώτης

2082 2870 2191 2941 γὰρ
2223 2871 2522 2943 ἀρχομένη,
2557 2873 2636 2934 εἰς
2669 2869 2766 2942 τὴν
2797 2869 2966 2940 αὐτὴν
2998 2869 3323 2940 καταλήγει,
3358 2869 3426 2922 δι’
3455 2869 3665 2940 ὁμοίων

2081 2962 2192 3016 τῶν
2233 2965 2290 3016 ὲν
2334 2962 2414 3033 τῷ
2463 2962 2612 3033 μέσῳ
2644 2961 3021 3032 ὲξελιττομένη
3070 2960 3517 3032 πεντηκοντάκις.
3565 2959 3666 3012 Διὺ

405 3059 453 3113 Α
495 3058 672 3129 primo
707 3057 852 3112 enim
894 3057 1182 3126 incipiens,
1220 3056 1277 3110 in
1324 3056 1574 3112 eumdem
1617 3056 1839 3122 desinit,
1879 3074 1978 3129 per

2088 3059 2180 3111 καὶ
2207 3057 2378 3112 αἰῶνα
2409 3056 2519 3129 (66)
2554 3058 2800 3127 μιμεῖται
2827 3058 2894 3127 τῇ
2921 3054 3222 3127 ὁμοιότητι,
3259 3053 3446 3127 ὥσπερ
3478 3055 3536 3107 ἐν
3564 3070 3668 3106 κυ-

407 3149 636 3211 similes,
667 3148 760 3217 qui
811 3148 864 3201 in
915 3148 1093 3202 medio
1137 3147 1505 3207 intercedunt,
1551 3147 1669 3203 dies
1717 3149 1982 3220 quinqua-

406 3241 524 3312 gies
564 3240 836 3296 evolutus.
914 3237 1068 3294 Unde
1111 3247 1166 3293 et
1217 3239 1580 3293 mternitatem
1623 3239 1984 3298 similitudine

407 3333 600 3398 refert,
635 3332 766 3388 dum
796 3331 946 3386 velut
989 3331 1045 3387 in
1077 3342 1226 3385 motu
1259 3330 1540 3396 circulari,
1571 3331 1640 3387 ab
1665 3332 1861 3388 iisdem
1891 3349 1984 3388 or-

408 3441 506 3482 sus
539 3425 710 3496 signis
758 3425 816 3477 in
849 3422 1038 3478 eadem
1069 3421 1293 3478 desinit.
1328 3422 1450 3488 Quo
1492 3423 1548 3477 in
1591 3423 1702 3489 die,
1732 3427 1984 3497 corporis

407 3523 593 3573 erecto
641 3516 832 3571 habitu
875 3513 1090 3586 precari
1140 3515 1326 3584 potius
1374 3530 1475 3569 nos
1530 3514 1790 3570 Ecclesiae
1841 3517 1984 3576 ritus

407 3609 732 3672 docuerunt,
780 3609 1038 3664 nimirum
1088 3623 1185 3678 per
1237 3607 1547 3662 evidentem
1593 3611 1984 3665 commonitio-

407 3718 534 3760 nem
557 3703 719 3774 quasi
743 3701 1140 3757 transferentes
1158 3709 1394 3756 mentem
1416 3709 1664 3758 nostram
1687 3717 1718 3756 a
1751 3718 1986 3773 praesen-

407 3796 556 3851 tibus
588 3795 655 3850 ad
695 3793 899 3850 futura.
917 3793 1146 3866 lnsupcr
1170 3803 1224 3850 et
1253 3793 1468 3863 quoties
1495 3809 1672 3865 genua
1693 3794 1982 3860 ﬂectimus,

407 3897 464 3944 et
513 3903 707 3944 rursus
749 3889 1035 3959 erigimur,
1079 3888 1198 3956 ipso
1243 3885 1387 3942 facto
1435 3885 1800 3949 ostendimus,
1837 3886 1986 3958 quod

409 3979 482 4033 ob
505 3987 792 4049 peceatum
839 3979 894 4032 in
925 3986 1130 4033 terram
1168 3977 1376 4048 delapsi
1425 3992 1638 4041 sumus,
1662 3986 1716 4032 et
1745 3994 1843 4047 per
1880 3980 1987 4033 hu-

411 4067 730 4122 manitatem
759 4067 881 4138 ejus
914 4067 1008 4138 qui
1049 4068 1256 4122 creavit
1293 4082 1397 4122 nos
1432 4067 1490 4122 in
1517 4068 1717 4122 coelum
1748 4069 1986 4123 revocati

411 4171 629 4214 sumus.

483 4249 576 4305 67.
619 4247 843 4306 Deﬁciet
888 4265 976 4305 me
1015 4249 1154 4317 dies,
1197 4250 1245 4306 si
1290 4249 1554 4308 Ecclesiae
1603 4250 1866 4322 mysteria
1909 4251 1989 4306 ci-

495 4402 661 4459 ‘Gen.
699 4419 761 4470 ιι,
795 4403 849 4459 8.
924 4407 944 4436 ²
972 4403 1106 4461 Gen.
1139 4421 1178 4470 ι,
1207 4405 1258 4462 5,
1339 4405 1359 4436 ³
1381 4403 1528 4460 Psal.
1563 4419 1619 4460 τι
1649 4412 1703 4461 et
1736 4420 1838 4461 χιι.

485 4555 595 4630 (65)
627 4557 736 4630 :Eif
765 4557 848 4630 τῷ
887 4558 1076 4630 αἰῶνι.
1109 4557 1291 4613 Edilio
1329 4557 1509 4615 Paris.
1542 4561 1600 4612 ἐν
1629 4559 1705 4630 τῷ
1738 4560 1980 4630 μέλλοντι

411 4629 589 4685 αἰῶνι.
623 4626 730 4682 Sed
771 4628 877 4683 hoc
908 4629 1338 4684 additamentum
1371 4645 1473 4684 nec
1500 4626 1870 4684 necessarium
1905 4632 1983 4684 vi-

411 4701 592 4772 detur,
618 4713 719 4772 nec
761 4699 819 4772 in
845 4700 954 4772 ullo
1001 4715 1068 4753 ex
1103 4700 1310 4756 nostris
1357 4700 1641 4755 codicibus
1687 4702 1981 4772 reperitur,

412 4785 512 4825 nec
545 4770 598 4822 in
629 4768 760 4822 edit.
785 4767 952 4824 Basil.

508 4839 596 4902 66)
627 4837 839 4892 Αὶῶνα.
870 4839 1003 4904 Reg.
1033 4839 1308 4895 secundus
1336 4840 1557 4904 αἰῶνας.

505 4910 596 4980 67)
628 4908 899 4980 "ouem.
933 4908 1066 4965 Tres
1095 4927 1227 4966 mss.
1262 4912 1461 4980 ὅτικαὶ
1487 4911 1594 4965 διά.

508 4978 598 5049 68)
625 4978 715 5051 ίΤὰ
737 4978 992 5049 ἄγραφα.
1017 4981 1073 5036 ld
1111 4989 1216 5047 est,
1254 4982 1308 5036 in
1341 4979 1642 5051 Scripturis
1673 4982 1849 5038 sacris
1874 4999 1983 5038 non

412 5050 753 5122 praescripta.
774 5051 892 5105 Non
910 5051 1052 5105 enim
1079 5052 1182 5106 hoc
1200 5054 1320 5106 loco
1344 5050 1534 5106 statuit
1556 5052 1812 5115 Basilius,
1839 5054 1984 5122 quod

414 5119 483 5184 ab
509 5135 576 5191 eo
601 5119 939 5191 eruditorum
970 5123 1240 5187 nonnulli,
1283 5123 1338 5175 in
1374 5123 1460 5178 liis
1494 5119 1984 5191 praestantissimus

413 5189 937 5263 scriptor_Eusebius
971 5191 1250 5263 Benaudot
1277 5189 1984 5263 Liturg.Drient.,'dissert.

416 5261 470 5327 1,
495 5276 617 5334 cap.
635 5259 690 5320 2,
720 5259 904 5316 doceri
918 5261 1253 5323 existimant,
1277 5259 1631 5318 Eucharistia:
1650 5272 1705 5317 et
1732 5264 1987 5334 baptismi

412 5337 470 5385 et
511 5331 740 5402 aliorum
768 5340 1256 5402 sacramentorum
1305 5347 1492 5402 preces
1541 5342 1595 5388 et
1630 5335 1770 5388 ritus
1805 5331 1884 5388 'ne
1929 5335 1985 5389 in

413 5399 909 5472 ecclesiis-quidem
933 5401 1006 5472 ad
1051 5399 1395 5456 sacerdotum
1435 5419 1594 5457 usum
1627 5405 1830 5472 scripta
1869 5420 1988 5460 sero

416 5470 554 5522 vari.
582 5468 779 5544 Merito
817 5468 955 5544 illud
979 5473 1308 5544 quideme;
1335 5473 1441 5526 hoc
1470 5474 1648 5540 capite
1689 5468 1984 5544 colligitur,

416 5553 685 5614 summam
709 5538 839 5614 olim
870 5541 1166 5614 adhibitam
1205 5540 1377 5614 fuisse
1407 5538 1739 5614 cauti—oneri),
1764 5538 1844 5598 ne
1854 5545 1984 5614 quid

420 5609 488 5663 de
507 5609 782 5680 mysteriis
820 5625 928 5663 non
973 5611 1147 5664 solum
1183 5611 1252 5663 ad
1301 5613 1550 5680 gentiles,
1593 5613 1686 5667 sed
1722 5609 1886 5667 etiaui
1917 5616 1986 5670 ad

419 5679 843 5740 catechumenos
872 5687 1252 5750 permaneret;
1293 5679 1356 5735 ac
1386 5692 1532 5737 recte
1563 5684 1816 5738 observat
1857 5687 1988 5740 scri-

2084 3158 2246 3230 κλικῇ
2288 3158 2501 3230 κινήσει
2549 3155 2656 3210 ἀπὸ
2698 3154 2808 3208 τῶν
2845 3155 3027 3207 αὐτῶν
3071 3152 3348 3225 ἀρχομένη
3395 3150 3663 3222 σημείων,

2082 3253 2179 3308 καὶ
2207 3255 2288 3316 είς
2315 3252 2385 3306 τὰ
2409 3251 2550 3306 αὐτὰ
2577 3249 2980 3320 καταλήγουσα.
3023 3249 3112 3301 Ἐν
3186 3247 3246 3300 τὸ
3269 3246 3452 3317 ὄρθιον
3478 3245 3670 3316 σχῆμα

2082 3345 2183 3416 τῆς
2215 3343 2526 3415 προσευχῆς
2571 3342 2841 3412 προτιμᾷν
2869 3341 2918 3392 οἱ
2953 3339 3144 3409 θεσμοὶ
3181 3339 3281 3409 τῆς
3339 3334 3672 3406 Ἐκκλησίας

2083 3437 2232 3507 ἡμᾶς
2272 3435 2693 3501 ὲξεπαίδευσαν,
2739 3434 2807 3484 ὲκ
2848 3431 2946 3500 τῆς
2984 3428 3250 3499 ἐναργοῦς
3300 3428 3671 3497 ὑπομνήσεως

2085 3529 2245 3582 οἱονεὶ
2287 3527 2681 3599 μετοικίζοντες
2703 3524 2861 3598 ἡμῶν
2896 3523 2987 3577 τὸν
3017 3522 3143 3575 νοῦν
3177 3520 3286 3575 ὰπὸ
3311 3519 3422 3573 τῶν
3457 3517 3670 3589 παρόν-

2084 3638 2194 3675 των
2221 3622 2315 3674 ὲπὶ
2335 3621 2404 3674 τὰ
2433 3619 2714 3691 μέλλοντα.
2757 3617 2868 3670 Καὶ
2899 3616 3023 3671 καθ’
3057 3614 3294 3684 ἑκάστην
3320 3614 3377 3667 δὲ
3407 3611 3669 3682 γονυκλι-

2089 3714 2208 3767 σίαν
2248 3712 2342 3766 καὶ
2385 3713 2730 3766 διανάστασιν
2763 3709 2907 3780 ἔργῳ
2957 3707 3269 3778 δείκνυμεν,
3300 3707 3382 3760 ὅτι
3429 3705 3517 3758 διὰ
3549 3702 3671 3775 (67)

2085 3807 2184 3877 τῆς
2212 3804 2485 3876 ἁμαρτίας
2517 3805 2597 3867 είς
2621 3803 2724 3872 γῆν
2750 3800 3026 3873 κατερρύη
3038 3817 3156 3870 μεν,
3183 3799 3276 3852 καὶ
3295 3799 3382 3852 διὰ
3414 3798 3514 3868 τῆς
3544 3797 3674 3864 φιλ-

2087 3898 2402 3969 ανθρωπίας
2435 3895 2530 3950 τοῦ
2567 3896 2853 3959 κτίσαντος
2880 3895 3029 3966 ἡμᾶς
3058 3894 3138 3956 είς
3163 3891 3393 3962 οὐρανὸν
3431 3889 3672 3961 ἀνεκλή-

2089 3989 2154 4042 θτι
2165 4006 2283 4042 μεν.

2159 4251 2248 4306 67.
2303 4248 2598 4320 Ἐπιλείψει
2635 4266 2701 4320 με
2742 4251 2776 4320 ή
2826 4247 3031 4320 ἡμέρα,
3061 4245 3131 4300 τὰ
3167 4245 3391 4316 ἄγραφα
3425 4244 3535 4316 (68)
3567 4245 3680 4317 τῆς

2092 4570 2215 4633 ptor
2240 4558 2725 4633 modolaudatus,
2755 4557 3028 4633 mysteria
3052 4557 3490 4633 initiandisviva
3531 4573 3680 4615 voce

2091 4629 2316 4702 exponi,
2362 4630 2588 4702 initiatis
2620 4629 2858 4702 breviter
2884 4637 2938 4682 et
2976 4629 3475 4702 obscuriusculeiu
3534 4644 3680 4702 con-

2091 4698 2342 4759 cionibus
2366 4700 2592 4755 indicari
2622 4700 2948 4770 solita,cum
2976 4698 3078 4753 hac
3105 4700 3538 4770 ἀποσιωπήσεως
3564 4699 3682 4753 Γοβ-

2091 4774 2263 4834 mula,
2289 4770 2501 4824 Norant
2531 4770 2752 4823 initiati.
2786 4769 3238 4823 Periucommode
3260 4769 3405 4823 enim
3435 4769 3682 4825 fuissth

2092 4844 2336 4912 vulgata,
2365 4857 2493 4912 quae,
2526 4839 2936 4894 catecliumeuis
2985 4846 3233 4912 spectare
3275 4854 3386 4892 non
3434 4839 3680 4912 licebat;

2093 4909 2211 4968 nec
2229 4913 2344 4967 leve
2384 4911 2688 4981 periculum
2721 4919 2861 4981 erat,
2904 4925 2973 4981 ne
3007 4909 3338 4981 vilescercnt
3384 4911 3678 4981 mysteria,

2093 4985 2138 5037 si
2170 4977 2596 5037 violata—arcani
2640 4980 2904 5035 sanctitas
2945 4978 3160 5033 fuisset.
3191 4978 3297 5033 Sed
3335 4977 3516 5034 tamen
3560 4977 3680 5035 Ba-

2092 5054 2248 5108 silius
2271 5052 2400 5106 dum
2428 5052 2632 5120 scripta
2662 5058 2824 5118 negat
2871 5052 2984 5103 haec
3022 5049 3295 5120 instituta,
3331 5064 3441 5102 non
3473 5049 3540 5103 de
3574 5066 3682 5105 ve-

2090 5132 2268 5179 terum
2325 5119 2656 5190 scriplurum
2706 5121 2883 5180 libris,
2914 5135 3022 5172 non
3073 5119 3140 5173 de
3170 5119 3431 5189 Liturgiis
3461 5120 3684 5190 scripto

2091 5189 2454 5260 consignatis.
2493 5193 2588 5246 sed
2619 5191 2685 5245 de
2719 5189 3024 5260 Scripturis
3048 5191 3256 5244 sanetis
3283 5191 3545 5257 loquitur.
3574 5189 3684 5244 Li-

2091 5272 2225 5334 quet
2250 5267 2308 5317 1ο
2341 5260 2893 5334 Pneumatomaclios,
2916 5260 3044 5314 dum
3071 5260 3414 5334 glurilicandi
3444 5260 3679 5334 modum

2091 5329 2167 5398 ὡς
2199 5333 2443 5404 ἄγραφον
2479 5333 2756 5404 rejiciunt,
2790 5333 2895 5404 hoc
2917 5340 3135 5404 tantum
3169 5329 3683 5404 nomineargutias

2095 5421 2226 5460 suas
2250 5399 2627 5473 pra-texuisse,
2658 5402 2806 5473 quod
2830 5400 3223 5473 iiiiscripturi‘s‘
3251 5414 3359 5473 non
3397 5399 3684 5473 legeretur

2095 5492 2213 5529 cum
2247 5469 2429 5526 sancto
2463 5469 2691 5540 Spiritu:
2723 5472 2860 5525 Hinc
2888 5471 3124 5525 Basilius
3153 5470 3260 5524 illis
3282 5469 3532 5522 instituta
3555 5485 3683 5525 non

2098 5545 2300 5613 scripta
2331 5544 2596 5611 opponit;
2627 5546 2680 5596 in
2713 5544 2906 5611 primis
2941 5541 3305 5613 invocationis
3335 5543 3522 5613 verba,
3545 5556 3687 5613 quae

2094 5609 2314 5685 quidem
2340 5609 2600 5685 negatab
2621 5609 2729 5685 ullo
2754 5622 3067 5685 sanctorum
3093 5610 3263 5664 fuisse
3287 5609 3511 5677 scripta,
3537 5611 3687 5677 quia

2095 5682 2196 5743 nec
2228 5683 2368 5754 apud
2406 5682 2666 5738 Basiliuin
2695 5683 2915 5754 ἄγραφα
2958 5682 3235 5746 dicuntur,
3272 5693 3393 5749 qua:
3435 5694 3547 5734 non
3574 5695 3688 5736 ex-
