  <div class='ocr_page' id='page_1' title='image "/cluster/home/n/w/nwhite01/storage/ocr_20150623/32/nnc1.0046978879/118.png"; bbox 0 0 3888 6214; ppageno 0'>
   <div class='ocr_carea' id='block_1_1' title="bbox 210 312 2289 376">
    <p class='ocr_par' dir='ltr' id='par_1_1' title="bbox 210 312 2289 376">
     <span class='ocr_line' id='line_1_1' title="bbox 210 312 2289 376; baseline 0.001 -4"><span class='ocrx_word' id='word_1_1' title='bbox 210 316 292 372; x_wconf 73' lang='grc'><strong>195</strong></span> <span class='ocrx_word' id='word_1_2' title='bbox 1297 312 1502 370; x_wconf 79' lang='lat' dir='ltr'><strong>LIBER</strong></span> <span class='ocrx_word' id='word_1_3' title='bbox 1550 315 1638 370; x_wconf 84' lang='lat' dir='ltr'><strong>DE</strong></span> <span class='ocrx_word' id='word_1_4' title='bbox 1677 315 1955 376; x_wconf 80' lang='lat' dir='ltr'><strong>SPlRITU</strong></span> <span class='ocrx_word' id='word_1_5' title='bbox 1998 319 2289 376; x_wconf 84' lang='lat' dir='ltr'><strong>SANCTO.</strong></span> 
     </span>
    </p>
   </div>
   <div class='ocr_carea' id='block_1_2' title="bbox 3327 314 3434 373">
    <p class='ocr_par' dir='ltr' id='par_1_2' title="bbox 3327 314 3434 373">
     <span class='ocr_line' id='line_1_2' title="bbox 3327 314 3434 373; baseline 0.037 -4"><span class='ocrx_word' id='word_1_6' title='bbox 3327 314 3434 373; x_wconf 62' lang='lat' dir='ltr'><strong>I94</strong></span> 
     </span>
    </p>
   </div>
   <div class='ocr_carea' id='block_1_3' title="bbox 215 417 1729 507">
    <p class='ocr_par' dir='ltr' id='par_1_3' title="bbox 215 417 1729 506">
     <span class='ocr_line' id='line_1_3' title="bbox 215 417 1729 506; baseline 0 -17"><span class='ocrx_word' id='word_1_7' title='bbox 215 433 504 505; x_wconf 81' lang='grc' dir='ltr'>Ἑκκλησίας</span> <span class='ocrx_word' id='word_1_8' title='bbox 534 435 810 506; x_wconf 83' lang='grc' dir='ltr'><strong>μυστήρια</strong></span> <span class='ocrx_word' id='word_1_9' title='bbox 837 432 1211 504; x_wconf 76' lang='grc' dir='ltr'><strong>διηγούμενον.</strong></span> <span class='ocrx_word' id='word_1_10' title='bbox 1271 433 1377 487; x_wconf 85' lang='grc' dir='ltr'><strong>Ἐὦ</strong></span> <span class='ocrx_word' id='word_1_11' title='bbox 1402 433 1572 489; x_wconf 77' lang='grc' dir='ltr'>τᾶλλα</span> <span class='ocrx_word' id='word_1_12' title='bbox 1591 449 1606 464; x_wconf 77' lang='grc'><strong>⁸</strong></span> <span class='ocrx_word' id='word_1_13' title='bbox 1649 417 1729 489; x_wconf 43' lang='grc' dir='ltr'>ἀὐι</span> 
     </span>
    </p>
   </div>
   <div class='ocr_carea' id='block_1_4' title="bbox 1841 417 3432 507">
    <p class='ocr_par' dir='ltr' id='par_1_4' title="bbox 1857 429 3432 507">
     <span class='ocr_line' id='line_1_4' title="bbox 1857 429 3432 507; baseline -0.001 -18"><span class='ocrx_word' id='word_1_14' title='bbox 1857 443 1942 490; x_wconf 87' lang='lat' dir='ltr'><strong>tra</strong></span> <span class='ocrx_word' id='word_1_15' title='bbox 1999 438 2270 507; x_wconf 88' lang='lat' dir='ltr'><strong>scriptum</strong></span> <span class='ocrx_word' id='word_1_16' title='bbox 2324 433 2526 489; x_wconf 87' lang='lat' dir='ltr'><strong>tradita</strong></span> <span class='ocrx_word' id='word_1_17' title='bbox 2587 447 2810 504; x_wconf 74' lang='lat' dir='ltr'><strong>pergam</strong></span> <span class='ocrx_word' id='word_1_18' title='bbox 2863 446 3172 488; x_wconf 89' lang='lat' dir='ltr'><strong>recensere.</strong></span> <span class='ocrx_word' id='word_1_19' title='bbox 3225 429 3432 487; x_wconf 90' lang='lat' dir='ltr'><strong>Omitto</strong></span> 
     </span>
    </p>
   </div>
   <div class='ocr_carea' id='block_1_5' title="bbox 205 525 1744 597">
    <p class='ocr_par' dir='ltr' id='par_1_5' title="bbox 205 525 1744 597">
     <span class='ocr_line' id='line_1_5' title="bbox 205 525 1744 597; baseline 0.001 -19"><span class='ocrx_word' id='word_1_20' title='bbox 205 525 281 597; x_wconf 83' lang='grc' dir='ltr'>τὴν</span> <span class='ocrx_word' id='word_1_21' title='bbox 303 527 350 579; x_wconf 80' lang='grc' dir='ltr'>δὲ</span> <span class='ocrx_word' id='word_1_22' title='bbox 393 525 492 596; x_wconf 75' lang='grc' dir='ltr'>τὴν</span> <span class='ocrx_word' id='word_1_23' title='bbox 532 526 825 596; x_wconf 77' lang='grc' dir='ltr'><strong>ὁμολογίαν</strong></span> <span class='ocrx_word' id='word_1_24' title='bbox 865 527 965 595; x_wconf 80' lang='grc' dir='ltr'>τῆς</span> <span class='ocrx_word' id='word_1_25' title='bbox 993 526 1233 589; x_wconf 84' lang='grc' dir='ltr'>πίστεως</span> <span class='ocrx_word' id='word_1_26' title='bbox 1271 525 1380 597; x_wconf 88' lang='grc'><strong>(69)</strong></span> <span class='ocrx_word' id='word_1_27' title='bbox 1414 528 1494 589; x_wconf 84' lang='grc' dir='ltr'><strong>είς</strong></span> <span class='ocrx_word' id='word_1_28' title='bbox 1521 527 1744 597; x_wconf 83' lang='grc' dir='ltr'>Πατέρα</span> 
     </span>
    </p>
   </div>
   <div class='ocr_carea' id='block_1_6' title="bbox 204 616 1744 688">
    <p class='ocr_par' dir='ltr' id='par_1_6' title="bbox 204 616 1744 688">
     <span class='ocr_line' id='line_1_6' title="bbox 204 616 1744 688; baseline -0.001 -17"><span class='ocrx_word' id='word_1_29' title='bbox 204 619 278 671; x_wconf 70' lang='grc' dir='ltr'>καὶ</span> <span class='ocrx_word' id='word_1_30' title='bbox 312 617 427 670; x_wconf 82' lang='grc' dir='ltr'>Υίὸν</span> <span class='ocrx_word' id='word_1_31' title='bbox 472 619 564 670; x_wconf 66' lang='grc' dir='ltr'>καὶ</span> <span class='ocrx_word' id='word_1_32' title='bbox 605 616 761 685; x_wconf 79' lang='grc' dir='ltr'>ᾰγιον</span> <span class='ocrx_word' id='word_1_33' title='bbox 804 617 1028 686; x_wconf 79' lang='grc' dir='ltr'>Πνεῦμα</span> <span class='ocrx_word' id='word_1_34' title='bbox 1069 618 1134 669; x_wconf 88' lang='grc' dir='ltr'>ὲκ</span> <span class='ocrx_word' id='word_1_35' title='bbox 1178 616 1347 671; x_wconf 87' lang='grc' dir='ltr'>ποίων</span> <span class='ocrx_word' id='word_1_36' title='bbox 1397 619 1744 688; x_wconf 75' lang='grc' dir='ltr'>γραμμάτων</span> 
     </span>
    </p>
   </div>
   <div class='ocr_carea' id='block_1_7' title="bbox 205 705 1746 779">
    <p class='ocr_par' dir='ltr' id='par_1_7' title="bbox 205 705 1746 779">
     <span class='ocr_line' id='line_1_7' title="bbox 205 705 1746 779; baseline 0.001 -18"><span class='ocrx_word' id='word_1_37' title='bbox 205 710 400 779; x_wconf 76' lang='grc' dir='ltr'>ἐχομεν;</span> <span class='ocrx_word' id='word_1_38' title='bbox 444 708 507 760; x_wconf 74' lang='lat' dir='ltr'><strong>Et</strong></span> <span class='ocrx_word' id='word_1_39' title='bbox 553 709 652 777; x_wconf 83' lang='grc' dir='ltr'>μὲν</span> <span class='ocrx_word' id='word_1_40' title='bbox 682 708 792 779; x_wconf 76' lang='grc' dir='ltr'>γὰρ</span> <span class='ocrx_word' id='word_1_41' title='bbox 833 706 899 760; x_wconf 84' lang='grc' dir='ltr'>ὲκ</span> <span class='ocrx_word' id='word_1_42' title='bbox 935 708 1037 776; x_wconf 79' lang='grc' dir='ltr'>τῆς</span> <span class='ocrx_word' id='word_1_43' title='bbox 1072 705 1168 760; x_wconf 88' lang='grc' dir='ltr'><strong>τοῦ</strong></span> <span class='ocrx_word' id='word_1_44' title='bbox 1219 707 1597 779; x_wconf 78' lang='grc' dir='ltr'>βαπτίσματος</span> <span class='ocrx_word' id='word_1_45' title='bbox 1640 726 1746 762; x_wconf 88' lang='grc' dir='ltr'>πα-</span> 
     </span>
    </p>
   </div>
   <div class='ocr_carea' id='block_1_8' title="bbox 204 798 1746 871">
    <p class='ocr_par' dir='ltr' id='par_1_8' title="bbox 204 798 1746 871">
     <span class='ocr_line' id='line_1_8' title="bbox 204 798 1746 871; baseline 0.001 -19"><span class='ocrx_word' id='word_1_46' title='bbox 204 799 456 869; x_wconf 71' lang='grc' dir='ltr'>ραδόσεως,</span> <span class='ocrx_word' id='word_1_47' title='bbox 491 798 634 852; x_wconf 85' lang='grc' dir='ltr'><strong>κατά</strong></span> <span class='ocrx_word' id='word_1_48' title='bbox 663 799 727 850; x_wconf 85' lang='grc' dir='ltr'>τὸ</span> <span class='ocrx_word' id='word_1_49' title='bbox 752 799 854 869; x_wconf 83' lang='grc' dir='ltr'>τῆς</span> <span class='ocrx_word' id='word_1_50' title='bbox 886 798 1168 863; x_wconf 79' lang='grc' dir='ltr'>εὐσεϐείας</span> <span class='ocrx_word' id='word_1_51' title='bbox 1197 800 1510 865; x_wconf 88' lang='grc' dir='ltr'>ἀκόλουθον,</span> <span class='ocrx_word' id='word_1_52' title='bbox 1541 801 1618 864; x_wconf 86' lang='grc' dir='ltr'>ὼς</span> <span class='ocrx_word' id='word_1_53' title='bbox 1649 800 1746 871; x_wconf 91' lang='grc' dir='ltr'>βα-</span> 
     </span>
    </p>
   </div>
   <div class='ocr_carea' id='block_1_9' title="bbox 204 882 1744 962">
    <p class='ocr_par' dir='ltr' id='par_1_9' title="bbox 204 882 1744 962">
     <span class='ocr_line' id='line_1_9' title="bbox 204 882 1744 962; baseline 0.002 -20"><span class='ocrx_word' id='word_1_54' title='bbox 204 889 467 959; x_wconf 78' lang='grc' dir='ltr'>πτιζόμεθα</span> <span class='ocrx_word' id='word_1_55' title='bbox 495 889 638 942; x_wconf 78' lang='grc' dir='ltr'>οὕτω</span> <span class='ocrx_word' id='word_1_56' title='bbox 667 889 764 942; x_wconf 71' lang='grc' dir='ltr'>καὶ</span> <span class='ocrx_word' id='word_1_57' title='bbox 791 882 1069 946; x_wconf 81' lang='grc' dir='ltr'>πιστεύειν</span> <span class='ocrx_word' id='word_1_58' title='bbox 1098 890 1426 962; x_wconf 72' lang='grc' dir='ltr'>ὀφείλοντες,</span> <span class='ocrx_word' id='word_1_59' title='bbox 1453 893 1640 947; x_wconf 80' lang='grc' dir='ltr'>οὐσίαν</span> <span class='ocrx_word' id='word_1_60' title='bbox 1665 891 1744 962; x_wconf 82' lang='grc' dir='ltr'>τῷ</span> 
     </span>
    </p>
   </div>
   <div class='ocr_carea' id='block_1_10' title="bbox 201 980 1742 1056">
    <p class='ocr_par' dir='ltr' id='par_1_10' title="bbox 201 980 1742 1056">
     <span class='ocr_line' id='line_1_10' title="bbox 201 980 1742 1056; baseline 0.002 -21"><span class='ocrx_word' id='word_1_61' title='bbox 201 981 498 1052; x_wconf 73' lang='grc' dir='ltr'>βαπτίσματι</span> <span class='ocrx_word' id='word_1_62' title='bbox 523 981 635 1051; x_wconf 84' lang='grc'><strong>(70)</strong></span> <span class='ocrx_word' id='word_1_63' title='bbox 683 980 782 1054; x_wconf 79' lang='grc' dir='ltr'>τὴν</span> <span class='ocrx_word' id='word_1_64' title='bbox 810 983 1097 1052; x_wconf 79' lang='grc' dir='ltr'>ὁμολογίαν</span> <span class='ocrx_word' id='word_1_65' title='bbox 1143 984 1568 1056; x_wconf 85' lang='grc' dir='ltr'>κατατιθέμεθα,</span> <span class='ocrx_word' id='word_1_66' title='bbox 1607 1001 1742 1054; x_wconf 89' lang='grc' dir='ltr'>συγ-</span> 
     </span>
    </p>
   </div>
   <div class='ocr_carea' id='block_1_11' title="bbox 198 1075 1742 1146">
    <p class='ocr_par' dir='ltr' id='par_1_11' title="bbox 198 1075 1742 1146">
     <span class='ocr_line' id='line_1_11' title="bbox 198 1075 1742 1146; baseline 0.003 -21"><span class='ocrx_word' id='word_1_67' title='bbox 198 1075 572 1144; x_wconf 73' lang='grc' dir='ltr'>χωρησάτωσαν</span> <span class='ocrx_word' id='word_1_68' title='bbox 619 1075 714 1127; x_wconf 83' lang='grc' dir='ltr'>καὶ</span> <span class='ocrx_word' id='word_1_69' title='bbox 767 1077 898 1146; x_wconf 84' lang='grc' dir='ltr'>ἡμῖν</span> <span class='ocrx_word' id='word_1_70' title='bbox 951 1077 1014 1128; x_wconf 81' lang='grc' dir='ltr'>ἐκ</span> <span class='ocrx_word' id='word_1_71' title='bbox 1059 1077 1157 1146; x_wconf 82' lang='grc' dir='ltr'>τῆς</span> <span class='ocrx_word' id='word_1_72' title='bbox 1204 1077 1378 1146; x_wconf 85' lang='grc' dir='ltr'>αὐτῆς</span> <span class='ocrx_word' id='word_1_73' title='bbox 1421 1077 1742 1142; x_wconf 79' lang='grc' dir='ltr'>ἀκολουθίας</span> 
     </span>
    </p>
   </div>
   <div class='ocr_carea' id='block_1_12' title="bbox 197 1164 1741 1236">
    <p class='ocr_par' dir='ltr' id='par_1_12' title="bbox 197 1164 1741 1236">
     <span class='ocr_line' id='line_1_12' title="bbox 197 1164 1741 1236; baseline 0.005 -22"><span class='ocrx_word' id='word_1_74' title='bbox 197 1164 358 1232; x_wconf 81' lang='grc' dir='ltr'>ὁμοίαν</span> <span class='ocrx_word' id='word_1_75' title='bbox 393 1167 458 1235; x_wconf 81' lang='grc' dir='ltr'>τῇ</span> <span class='ocrx_word' id='word_1_76' title='bbox 511 1166 693 1218; x_wconf 84' lang='grc' dir='ltr'>πίστει</span> <span class='ocrx_word' id='word_1_77' title='bbox 733 1165 836 1236; x_wconf 88' lang='grc' dir='ltr'>τὴν</span> <span class='ocrx_word' id='word_1_78' title='bbox 876 1165 1034 1232; x_wconf 76' lang='grc' dir='ltr'>δόξαν</span> <span class='ocrx_word' id='word_1_79' title='bbox 1067 1167 1408 1220; x_wconf 72' lang='grc' dir='ltr'><strong>ἀποδιδόναι⁸</strong></span> <span class='ocrx_word' id='word_1_80' title='bbox 1452 1170 1500 1221; x_wconf 86' lang='grc' dir='ltr'><strong>εί</strong></span> <span class='ocrx_word' id='word_1_81' title='bbox 1551 1168 1608 1220; x_wconf 80' lang='grc' dir='ltr'>δὲ</span> <span class='ocrx_word' id='word_1_82' title='bbox 1650 1168 1741 1221; x_wconf 87' lang='grc' dir='ltr'>τὸν</span> 
     </span>
    </p>
   </div>
   <div class='ocr_carea' id='block_1_13' title="bbox 195 1254 1740 1328">
    <p class='ocr_par' dir='ltr' id='par_1_13' title="bbox 195 1254 1740 1328">
     <span class='ocr_line' id='line_1_13' title="bbox 195 1254 1740 1328; baseline 0.004 -22"><span class='ocrx_word' id='word_1_83' title='bbox 195 1255 363 1325; x_wconf 70' lang='grc' dir='ltr'>τρόπον</span> <span class='ocrx_word' id='word_1_84' title='bbox 395 1256 492 1325; x_wconf 81' lang='grc' dir='ltr'>τῆς</span> <span class='ocrx_word' id='word_1_85' title='bbox 540 1254 852 1323; x_wconf 82' lang='grc' dir='ltr'>δοξολογίας</span> <span class='ocrx_word' id='word_1_86' title='bbox 901 1255 976 1318; x_wconf 85' lang='grc' dir='ltr'>ὡς</span> <span class='ocrx_word' id='word_1_87' title='bbox 1017 1255 1264 1326; x_wconf 80' lang='grc' dir='ltr'>ἄγραφον</span> <span class='ocrx_word' id='word_1_88' title='bbox 1311 1257 1740 1328; x_wconf 81' lang='grc' dir='ltr'>παραιτοῦνται,</span> 
     </span>
    </p>
   </div>
   <div class='ocr_carea' id='block_1_14' title="bbox 194 1345 1740 1419">
    <p class='ocr_par' dir='ltr' id='par_1_14' title="bbox 194 1345 1740 1419">
     <span class='ocr_line' id='line_1_14' title="bbox 194 1345 1740 1419; baseline 0.003 -21"><span class='ocrx_word' id='word_1_89' title='bbox 194 1346 396 1399; x_wconf 80' lang='grc' dir='ltr'>δότωσαν</span> <span class='ocrx_word' id='word_1_90' title='bbox 422 1349 554 1418; x_wconf 80' lang='grc' dir='ltr'>ημῖν</span> <span class='ocrx_word' id='word_1_91' title='bbox 587 1346 691 1416; x_wconf 81' lang='grc' dir='ltr'>τῆς</span> <span class='ocrx_word' id='word_1_92' title='bbox 719 1363 778 1400; x_wconf 92' lang='grc' dir='ltr'>τε</span> <span class='ocrx_word' id='word_1_93' title='bbox 807 1345 949 1399; x_wconf 90' lang='grc' dir='ltr'><strong>κατά</strong></span> <span class='ocrx_word' id='word_1_94' title='bbox 981 1347 1080 1417; x_wconf 76' lang='grc' dir='ltr'>τὴν</span> <span class='ocrx_word' id='word_1_95' title='bbox 1109 1347 1292 1402; x_wconf 85' lang='grc' dir='ltr'>πίστιν</span> <span class='ocrx_word' id='word_1_96' title='bbox 1321 1349 1613 1419; x_wconf 87' lang='grc' dir='ltr'>ὁμολογίας</span> <span class='ocrx_word' id='word_1_97' title='bbox 1645 1351 1740 1405; x_wconf 73' lang='grc' dir='ltr'>καὶ</span> 
     </span>
    </p>
   </div>
   <div class='ocr_carea' id='block_1_15' title="bbox 192 1432 1741 1511">
    <p class='ocr_par' dir='ltr' id='par_1_15' title="bbox 192 1432 1741 1511">
     <span class='ocr_line' id='line_1_15' title="bbox 192 1432 1741 1511; baseline 0.005 -23"><span class='ocrx_word' id='word_1_98' title='bbox 192 1436 282 1488; x_wconf 81' lang='grc' dir='ltr'>τῶν</span> <span class='ocrx_word' id='word_1_99' title='bbox 325 1436 538 1501; x_wconf 82' lang='grc' dir='ltr'>λοιπῶν,</span> <span class='ocrx_word' id='word_1_100' title='bbox 574 1432 650 1490; x_wconf 82' lang='grc' dir='ltr'>ὧν</span> <span class='ocrx_word' id='word_1_101' title='bbox 689 1437 1233 1508; x_wconf 83' lang='grc' dir='ltr'>ἀπηριθμησάμεθα,</span> <span class='ocrx_word' id='word_1_102' title='bbox 1283 1441 1597 1511; x_wconf 76' lang='grc' dir='ltr'>ἐγγράφους</span> <span class='ocrx_word' id='word_1_103' title='bbox 1640 1442 1741 1505; x_wconf 79' lang='grc' dir='ltr'><strong>τὰς</strong></span> 
     </span>
    </p>
   </div>
   <div class='ocr_carea' id='block_1_16' title="bbox 193 1523 1740 1601">
    <p class='ocr_par' dir='ltr' id='par_1_16' title="bbox 193 1523 1740 1601">
     <span class='ocr_line' id='line_1_16' title="bbox 193 1523 1740 1601; baseline 0.003 -21"><span class='ocrx_word' id='word_1_104' title='bbox 193 1527 478 1594; x_wconf 78' lang='grc' dir='ltr'>ἀποδείξεις.</span> <span class='ocrx_word' id='word_1_105' title='bbox 518 1523 654 1580; x_wconf 73' lang='grc' dir='ltr'>Εἶτα</span> <span class='ocrx_word' id='word_1_106' title='bbox 682 1526 954 1579; x_wconf 81' lang='grc' dir='ltr'>τοσούτων</span> <span class='ocrx_word' id='word_1_107' title='bbox 978 1527 1150 1580; x_wconf 76' lang='grc' dir='ltr'>ὄντων</span> <span class='ocrx_word' id='word_1_108' title='bbox 1181 1529 1467 1601; x_wconf 77' lang='grc' dir='ltr'>ἀγράφων,</span> <span class='ocrx_word' id='word_1_109' title='bbox 1507 1532 1603 1584; x_wconf 74' lang='grc' dir='ltr'>καὶ</span> <span class='ocrx_word' id='word_1_110' title='bbox 1649 1548 1740 1584; x_wconf 84' lang='grc' dir='ltr'>το-</span> 
     </span>
    </p>
   </div>
   <div class='ocr_carea' id='block_1_17' title="bbox 192 1615 1739 1690">
    <p class='ocr_par' dir='ltr' id='par_1_17' title="bbox 192 1615 1739 1690">
     <span class='ocr_line' id='line_1_17' title="bbox 192 1615 1739 1690; baseline 0.001 -20"><span class='ocrx_word' id='word_1_111' title='bbox 192 1618 365 1688; x_wconf 78' lang='grc' dir='ltr'>σαύτην</span> <span class='ocrx_word' id='word_1_112' title='bbox 387 1617 620 1688; x_wconf 83' lang='grc' dir='ltr'>ὲχόντων</span> <span class='ocrx_word' id='word_1_113' title='bbox 654 1615 756 1687; x_wconf 79' lang='grc' dir='ltr'>τὴν</span> <span class='ocrx_word' id='word_1_114' title='bbox 787 1617 940 1686; x_wconf 80' lang='grc' dir='ltr'>ἰσχὺν</span> <span class='ocrx_word' id='word_1_115' title='bbox 975 1617 1056 1681; x_wconf 82' lang='grc' dir='ltr'><strong>είς</strong></span> <span class='ocrx_word' id='word_1_116' title='bbox 1087 1617 1149 1671; x_wconf 87' lang='grc' dir='ltr'>τὸ</span> <span class='ocrx_word' id='word_1_117' title='bbox 1175 1618 1277 1688; x_wconf 80' lang='grc' dir='ltr'>τῆς</span> <span class='ocrx_word' id='word_1_118' title='bbox 1314 1619 1596 1683; x_wconf 77' lang='grc' dir='ltr'>εὐσεϐείας</span> <span class='ocrx_word' id='word_1_119' title='bbox 1637 1637 1739 1690; x_wconf 83' lang='grc' dir='ltr'>μυ-</span> 
     </span>
    </p>
   </div>
   <div class='ocr_carea' id='block_1_18' title="bbox 192 1709 1738 1782">
    <p class='ocr_par' dir='ltr' id='par_1_18' title="bbox 192 1709 1738 1782">
     <span class='ocr_line' id='line_1_18' title="bbox 192 1709 1738 1782; baseline 0.002 -20"><span class='ocrx_word' id='word_1_120' title='bbox 192 1711 396 1781; x_wconf 79' lang='grc' dir='ltr'>στήριον,</span> <span class='ocrx_word' id='word_1_121' title='bbox 426 1709 556 1782; x_wconf 87' lang='grc' dir='ltr'>μίαν</span> <span class='ocrx_word' id='word_1_122' title='bbox 581 1709 728 1774; x_wconf 80' lang='grc' dir='ltr'>λέξιν</span> <span class='ocrx_word' id='word_1_123' title='bbox 754 1712 888 1780; x_wconf 80' lang='grc' dir='ltr'>ἡμῖν</span> <span class='ocrx_word' id='word_1_124' title='bbox 915 1711 981 1762; x_wconf 85' lang='grc' dir='ltr'>ὲκ</span> <span class='ocrx_word' id='word_1_125' title='bbox 1004 1709 1257 1778; x_wconf 83' lang='grc' dir='ltr'>πατέρων</span> <span class='ocrx_word' id='word_1_126' title='bbox 1282 1711 1361 1773; x_wconf 82' lang='grc' dir='ltr'><strong>εἰς</strong></span> <span class='ocrx_word' id='word_1_127' title='bbox 1387 1713 1533 1781; x_wconf 81' lang='grc' dir='ltr'>ἡμᾶς</span> <span class='ocrx_word' id='word_1_128' title='bbox 1559 1711 1738 1765; x_wconf 78' lang='grc' dir='ltr'>ἐλθοῦ-</span> 
     </span>
    </p>
   </div>
   <div class='ocr_carea' id='block_1_19' title="bbox 1847 525 3430 597">
    <p class='ocr_par' dir='ltr' id='par_1_19' title="bbox 1847 525 3430 597">
     <span class='ocr_line' id='line_1_19' title="bbox 1847 525 3430 597; baseline -0.002 -14"><span class='ocrx_word' id='word_1_129' title='bbox 1847 526 1956 597; x_wconf 82' lang='grc'><strong>57</strong></span> <span class='ocrx_word' id='word_1_130' title='bbox 1993 534 2189 583; x_wconf 84' lang='lat' dir='ltr'><strong>caetera</strong></span> <span class='ocrx_word' id='word_1_131' title='bbox 2226 541 2240 578; x_wconf 89' lang='lat'><strong>:</strong></span> <span class='ocrx_word' id='word_1_132' title='bbox 2279 526 2453 596; x_wconf 87' lang='lat' dir='ltr'><strong>ipsam</strong></span> <span class='ocrx_word' id='word_1_133' title='bbox 2495 525 2617 581; x_wconf 85' lang='lat' dir='ltr'><strong>ﬁdei</strong></span> <span class='ocrx_word' id='word_1_134' title='bbox 2665 525 3066 596; x_wconf 79' lang='lat' dir='ltr'><strong>professionem</strong></span> <span class='ocrx_word' id='word_1_135' title='bbox 3105 527 3160 580; x_wconf 93' lang='lat' dir='ltr'><strong>in</strong></span> <span class='ocrx_word' id='word_1_136' title='bbox 3206 525 3430 580; x_wconf 81' lang='lat' dir='ltr'><strong>Patrem</strong></span> 
     </span>
    </p>
   </div>
   <div class='ocr_carea' id='block_1_20' title="bbox 1847 616 3428 688">
    <p class='ocr_par' dir='ltr' id='par_1_20' title="bbox 1847 616 3428 688">
     <span class='ocr_line' id='line_1_20' title="bbox 1847 616 3428 688; baseline 0.001 -16"><span class='ocrx_word' id='word_1_137' title='bbox 1847 626 1902 672; x_wconf 90' lang='lat' dir='ltr'><strong>et</strong></span> <span class='ocrx_word' id='word_1_138' title='bbox 1952 616 2154 672; x_wconf 88' lang='lat' dir='ltr'><strong>Filium</strong></span> <span class='ocrx_word' id='word_1_139' title='bbox 2201 625 2256 674; x_wconf 94' lang='lat' dir='ltr'><strong>et</strong></span> <span class='ocrx_word' id='word_1_140' title='bbox 2289 616 2556 688; x_wconf 79' lang='lat' dir='ltr'><strong>Spiritum</strong></span> <span class='ocrx_word' id='word_1_141' title='bbox 2604 626 2877 679; x_wconf 79' lang='lat' dir='ltr'><strong>sanctum,</strong></span> <span class='ocrx_word' id='word_1_142' title='bbox 2929 633 2961 672; x_wconf 89' lang='lat' dir='ltr'><strong>e</strong></span> <span class='ocrx_word' id='word_1_143' title='bbox 3009 617 3209 688; x_wconf 85' lang='lat' dir='ltr'><strong>quibus</strong></span> <span class='ocrx_word' id='word_1_144' title='bbox 3255 617 3428 673; x_wconf 81' lang='lat' dir='ltr'><strong>babe—</strong></span> 
     </span>
    </p>
   </div>
   <div class='ocr_carea' id='block_1_21' title="bbox 1847 707 3424 778">
    <p class='ocr_par' dir='ltr' id='par_1_21' title="bbox 1847 707 3424 778">
     <span class='ocr_line' id='line_1_21' title="bbox 1847 707 3424 778; baseline 0.001 -17"><span class='ocrx_word' id='word_1_145' title='bbox 1847 723 1970 763; x_wconf 86' lang='lat' dir='ltr'><strong>mus</strong></span> <span class='ocrx_word' id='word_1_146' title='bbox 2023 708 2292 778; x_wconf 74' lang='lat' dir='ltr'><strong>scriptis?</strong></span> <span class='ocrx_word' id='word_1_147' title='bbox 2358 707 2572 762; x_wconf 86' lang='lat' dir='ltr'><strong>Etenim</strong></span> <span class='ocrx_word' id='word_1_148' title='bbox 2629 707 2676 762; x_wconf 91' lang='lat' dir='ltr'><strong>si</strong></span> <span class='ocrx_word' id='word_1_149' title='bbox 2735 708 2996 778; x_wconf 89' lang='lat' dir='ltr'><strong>quoniam</strong></span> <span class='ocrx_word' id='word_1_150' title='bbox 3047 724 3114 764; x_wconf 82' lang='lat' dir='ltr'><strong>ex</strong></span> <span class='ocrx_word' id='word_1_151' title='bbox 3161 708 3424 778; x_wconf 86' lang='lat' dir='ltr'><strong>baptismi</strong></span> 
     </span>
    </p>
   </div>
   <div class='ocr_carea' id='block_1_22' title="bbox 1846 799 3429 871">
    <p class='ocr_par' dir='ltr' id='par_1_22' title="bbox 1846 799 3429 871">
     <span class='ocr_line' id='line_1_22' title="bbox 1846 799 3429 871; baseline 0.001 -19"><span class='ocrx_word' id='word_1_152' title='bbox 1846 799 2163 865; x_wconf 86' lang='lat' dir='ltr'><strong>traditione,</strong></span> <span class='ocrx_word' id='word_1_153' title='bbox 2189 801 2346 869; x_wconf 78' lang='lat' dir='ltr'><strong>juxta</strong></span> <span class='ocrx_word' id='word_1_154' title='bbox 2383 800 2605 869; x_wconf 91' lang='lat' dir='ltr'><strong>pietatis</strong></span> <span class='ocrx_word' id='word_1_155' title='bbox 2633 801 3114 865; x_wconf 86' lang='lat' dir='ltr'><strong>consecutionem,</strong></span> <span class='ocrx_word' id='word_1_156' title='bbox 3145 807 3205 854; x_wconf 92' lang='lat' dir='ltr'><strong>ut</strong></span> <span class='ocrx_word' id='word_1_157' title='bbox 3249 800 3429 871; x_wconf 89' lang='lat' dir='ltr'><strong>bapti-</strong></span> 
     </span>
    </p>
   </div>
   <div class='ocr_carea' id='block_1_23' title="bbox 1845 890 3428 962">
    <p class='ocr_par' dir='ltr' id='par_1_23' title="bbox 1845 890 3428 962">
     <span class='ocr_line' id='line_1_23' title="bbox 1845 890 3428 962; baseline 0.002 -18"><span class='ocrx_word' id='word_1_158' title='bbox 1845 906 2058 948; x_wconf 85' lang='lat' dir='ltr'><strong>zamur.</strong></span> <span class='ocrx_word' id='word_1_159' title='bbox 2088 892 2163 945; x_wconf 89' lang='lat' dir='ltr'><strong>ita</strong></span> <span class='ocrx_word' id='word_1_160' title='bbox 2207 901 2260 947; x_wconf 92' lang='lat' dir='ltr'><strong>et</strong></span> <span class='ocrx_word' id='word_1_161' title='bbox 2303 893 2526 947; x_wconf 87' lang='lat' dir='ltr'><strong>credere</strong></span> <span class='ocrx_word' id='word_1_162' title='bbox 2571 890 2855 956; x_wconf 87' lang='lat' dir='ltr'><strong>debemus,</strong></span> <span class='ocrx_word' id='word_1_163' title='bbox 2888 892 3121 947; x_wconf 85' lang='lat' dir='ltr'><strong>similem</strong></span> <span class='ocrx_word' id='word_1_164' title='bbox 3152 893 3428 962; x_wconf 85' lang='lat' dir='ltr'><strong>baptismo</strong></span> 
     </span>
    </p>
   </div>
   <div class='ocr_carea' id='block_1_24' title="bbox 1845 983 3424 1051">
    <p class='ocr_par' dir='ltr' id='par_1_24' title="bbox 1845 983 3424 1051">
     <span class='ocr_line' id='line_1_24' title="bbox 1845 983 3424 1051; baseline 0.003 -15"><span class='ocrx_word' id='word_1_165' title='bbox 1845 983 2243 1051; x_wconf 78' lang='lat' dir='ltr'><strong>professionem</strong></span> <span class='ocrx_word' id='word_1_166' title='bbox 2274 985 2598 1038; x_wconf 85' lang='lat' dir='ltr'><strong>exhibemus</strong></span> <span class='ocrx_word' id='word_1_167' title='bbox 2645 1000 2658 1034; x_wconf 89' lang='lat'>:</span> <span class='ocrx_word' id='word_1_168' title='bbox 2703 985 3008 1039; x_wconf 90' lang='lat' dir='ltr'><strong>concedant</strong></span> <span class='ocrx_word' id='word_1_169' title='bbox 3035 985 3202 1040; x_wconf 90' lang='lat' dir='ltr'><strong>etiam</strong></span> <span class='ocrx_word' id='word_1_170' title='bbox 3242 985 3424 1048; x_wconf 86' lang='lat' dir='ltr'><strong>nobis,</strong></span> 
     </span>
    </p>
   </div>
   <div class='ocr_carea' id='block_1_25' title="bbox 1845 1074 3428 1146">
    <p class='ocr_par' dir='ltr' id='par_1_25' title="bbox 1845 1074 3428 1146">
     <span class='ocr_line' id='line_1_25' title="bbox 1845 1074 3428 1146; baseline 0.003 -20"><span class='ocrx_word' id='word_1_171' title='bbox 1845 1084 1906 1127; x_wconf 88' lang='lat' dir='ltr'><strong>ut</strong></span> <span class='ocrx_word' id='word_1_172' title='bbox 1948 1074 2104 1144; x_wconf 79' lang='lat' dir='ltr'><strong>juxta</strong></span> <span class='ocrx_word' id='word_1_173' title='bbox 2149 1075 2395 1130; x_wconf 89' lang='lat' dir='ltr'><strong>eamdem</strong></span> <span class='ocrx_word' id='word_1_174' title='bbox 2447 1077 2901 1145; x_wconf 87' lang='lat' dir='ltr'><strong>consequentiam</strong></span> <span class='ocrx_word' id='word_1_175' title='bbox 2969 1075 3428 1146; x_wconf 82' lang='lat' dir='ltr'><strong>glorificationem</strong></span> 
     </span>
    </p>
   </div>
   <div class='ocr_carea' id='block_1_26' title="bbox 1843 1165 3426 1239">
    <p class='ocr_par' dir='ltr' id='par_1_26' title="bbox 1843 1165 3426 1239">
     <span class='ocr_line' id='line_1_26' title="bbox 1843 1165 3426 1239; baseline 0.003 -21"><span class='ocrx_word' id='word_1_176' title='bbox 1843 1165 1969 1219; x_wconf 89' lang='lat' dir='ltr'><strong>fidei</strong></span> <span class='ocrx_word' id='word_1_177' title='bbox 2000 1167 2344 1221; x_wconf 88' lang='lat' dir='ltr'><strong>consimilem</strong></span> <span class='ocrx_word' id='word_1_178' title='bbox 2387 1168 2784 1236; x_wconf 87' lang='lat' dir='ltr'><strong>persolvamns.</strong></span> <span class='ocrx_word' id='word_1_179' title='bbox 2817 1167 2975 1233; x_wconf 83' lang='lat' dir='ltr'><strong>Quod</strong></span> <span class='ocrx_word' id='word_1_180' title='bbox 3006 1169 3052 1224; x_wconf 86' lang='lat' dir='ltr'><strong>si</strong></span> <span class='ocrx_word' id='word_1_181' title='bbox 3083 1168 3426 1239; x_wconf 75' lang='lat' dir='ltr'><strong>glorificandi</strong></span> 
     </span>
    </p>
   </div>
   <div class='ocr_carea' id='block_1_27' title="bbox 1842 1259 3425 1333">
    <p class='ocr_par' dir='ltr' id='par_1_27' title="bbox 1842 1259 3425 1333">
     <span class='ocr_line' id='line_1_27' title="bbox 1842 1259 3425 1333; baseline 0.003 -21"><span class='ocrx_word' id='word_1_182' title='bbox 1842 1259 2068 1313; x_wconf 87' lang='lat' dir='ltr'><strong>modum</strong></span> <span class='ocrx_word' id='word_1_183' title='bbox 2100 1259 2264 1312; x_wconf 74' lang='lat' dir='ltr'><strong>teluti</strong></span> <span class='ocrx_word' id='word_1_184' title='bbox 2314 1261 2522 1329; x_wconf 90' lang='lat' dir='ltr'><strong>scripto</strong></span> <span class='ocrx_word' id='word_1_185' title='bbox 2551 1276 2660 1314; x_wconf 92' lang='lat' dir='ltr'><strong>non</strong></span> <span class='ocrx_word' id='word_1_186' title='bbox 2691 1261 2951 1315; x_wconf 90' lang='lat' dir='ltr'><strong>traditum</strong></span> <span class='ocrx_word' id='word_1_187' title='bbox 2981 1261 3263 1332; x_wconf 90' lang='lat' dir='ltr'><strong>rejiciunt,</strong></span> <span class='ocrx_word' id='word_1_188' title='bbox 3294 1276 3425 1333; x_wconf 89' lang='lat' dir='ltr'><strong>pro-</strong></span> 
     </span>
    </p>
   </div>
   <div class='ocr_carea' id='block_1_28' title="bbox 1843 1349 3425 1420">
    <p class='ocr_par' dir='ltr' id='par_1_28' title="bbox 1843 1349 3425 1420">
     <span class='ocr_line' id='line_1_28' title="bbox 1843 1349 3425 1420; baseline 0.005 -16"><span class='ocrx_word' id='word_1_189' title='bbox 1843 1349 2024 1404; x_wconf 82' lang='lat' dir='ltr'><strong>ferant</strong></span> <span class='ocrx_word' id='word_1_190' title='bbox 2070 1350 2235 1404; x_wconf 91' lang='lat' dir='ltr'><strong>nobis</strong></span> <span class='ocrx_word' id='word_1_191' title='bbox 2297 1359 2352 1404; x_wconf 94' lang='lat' dir='ltr'><strong>et</strong></span> <span class='ocrx_word' id='word_1_192' title='bbox 2402 1350 2768 1420; x_wconf 80' lang='lat' dir='ltr'><strong>professionis</strong></span> <span class='ocrx_word' id='word_1_193' title='bbox 2820 1352 2944 1408; x_wconf 84' lang='lat' dir='ltr'><strong>ﬁdei</strong></span> <span class='ocrx_word' id='word_1_194' title='bbox 2997 1359 3053 1409; x_wconf 84' lang='lat' dir='ltr'><strong>et</strong></span> <span class='ocrx_word' id='word_1_195' title='bbox 3102 1364 3425 1412; x_wconf 54' lang='lat' dir='ltr'><strong>creterrarum</strong></span> 
     </span>
    </p>
   </div>
   <div class='ocr_carea' id='block_1_29' title="bbox 1841 1441 3422 1516">
    <p class='ocr_par' dir='ltr' id='par_1_29' title="bbox 1841 1441 3422 1516">
     <span class='ocr_line' id='line_1_29' title="bbox 1841 1441 3422 1516; baseline 0.004 -23"><span class='ocrx_word' id='word_1_196' title='bbox 1841 1456 1962 1511; x_wconf 66' lang='lat' dir='ltr'><strong>quae</strong></span> <span class='ocrx_word' id='word_1_197' title='bbox 2007 1441 2558 1496; x_wconf 82' lang='lat' dir='ltr'><strong>commemoravimus</strong></span> <span class='ocrx_word' id='word_1_198' title='bbox 2603 1442 2980 1511; x_wconf 85' lang='lat' dir='ltr'><strong>probationem</strong></span> <span class='ocrx_word' id='word_1_199' title='bbox 3025 1459 3056 1498; x_wconf 91' lang='lat' dir='ltr'><strong>e</strong></span> <span class='ocrx_word' id='word_1_200' title='bbox 3101 1443 3422 1516; x_wconf 86' lang='lat' dir='ltr'><strong>Scripturis.</strong></span> 
     </span>
    </p>
   </div>
   <div class='ocr_carea' id='block_1_30' title="bbox 1840 1529 3426 1604">
    <p class='ocr_par' dir='ltr' id='par_1_30' title="bbox 1840 1529 3426 1604">
     <span class='ocr_line' id='line_1_30' title="bbox 1840 1529 3426 1604; baseline 0.004 -19"><span class='ocrx_word' id='word_1_201' title='bbox 1840 1529 2043 1585; x_wconf 71' lang='lat' dir='ltr'><strong>Adhtec</strong></span> <span class='ocrx_word' id='word_1_202' title='bbox 2083 1546 2212 1585; x_wconf 90' lang='lat' dir='ltr'><strong>cum</strong></span> <span class='ocrx_word' id='word_1_203' title='bbox 2260 1538 2370 1584; x_wconf 91' lang='lat' dir='ltr'><strong>tam</strong></span> <span class='ocrx_word' id='word_1_204' title='bbox 2420 1531 2595 1584; x_wconf 87' lang='lat' dir='ltr'><strong>multa</strong></span> <span class='ocrx_word' id='word_1_205' title='bbox 2635 1532 2749 1586; x_wconf 88' lang='lat' dir='ltr'><strong>sint</strong></span> <span class='ocrx_word' id='word_1_206' title='bbox 2781 1549 2903 1604; x_wconf 67' lang='lat' dir='ltr'><strong>quae</strong></span> <span class='ocrx_word' id='word_1_207' title='bbox 2950 1535 3159 1604; x_wconf 92' lang='lat' dir='ltr'><strong>scripto</strong></span> <span class='ocrx_word' id='word_1_208' title='bbox 3207 1537 3426 1604; x_wconf 87' lang='lat' dir='ltr'><strong>prodita</strong></span> 
     </span>
    </p>
   </div>
   <div class='ocr_carea' id='block_1_31' title="bbox 1841 1624 3426 1698">
    <p class='ocr_par' dir='ltr' id='par_1_31' title="bbox 1841 1624 3426 1698">
     <span class='ocr_line' id='line_1_31' title="bbox 1841 1624 3426 1698; baseline 0.003 -19"><span class='ocrx_word' id='word_1_209' title='bbox 1841 1640 1954 1680; x_wconf 91' lang='lat' dir='ltr'><strong>non</strong></span> <span class='ocrx_word' id='word_1_210' title='bbox 2001 1632 2150 1692; x_wconf 93' lang='lat' dir='ltr'><strong>sunt,</strong></span> <span class='ocrx_word' id='word_1_211' title='bbox 2179 1633 2236 1680; x_wconf 90' lang='lat' dir='ltr'><strong>et</strong></span> <span class='ocrx_word' id='word_1_212' title='bbox 2281 1631 2494 1678; x_wconf 90' lang='lat' dir='ltr'><strong>tantum</strong></span> <span class='ocrx_word' id='word_1_213' title='bbox 2542 1624 2744 1679; x_wconf 88' lang='lat' dir='ltr'><strong>habent</strong></span> <span class='ocrx_word' id='word_1_214' title='bbox 2787 1628 3048 1682; x_wconf 91' lang='lat' dir='ltr'><strong>momenti</strong></span> <span class='ocrx_word' id='word_1_215' title='bbox 3093 1627 3161 1681; x_wconf 90' lang='lat' dir='ltr'><strong>ad</strong></span> <span class='ocrx_word' id='word_1_216' title='bbox 3207 1628 3426 1698; x_wconf 81' lang='lat' dir='ltr'><strong>pietatis</strong></span> 
     </span>
    </p>
   </div>
   <div class='ocr_carea' id='block_1_32' title="bbox 1843 1717 3428 1791">
    <p class='ocr_par' dir='ltr' id='par_1_32' title="bbox 1843 1717 3428 1791">
     <span class='ocr_line' id='line_1_32' title="bbox 1843 1717 3428 1791; baseline 0.004 -22"><span class='ocrx_word' id='word_1_217' title='bbox 1843 1718 2170 1788; x_wconf 88' lang='lat' dir='ltr'><strong>mysterium</strong></span> <span class='ocrx_word' id='word_1_218' title='bbox 2204 1755 2219 1780; x_wconf 94' lang='lat'><strong>,</strong></span> <span class='ocrx_word' id='word_1_219' title='bbox 2272 1717 2496 1771; x_wconf 85' lang='lat' dir='ltr'><strong>unicam</strong></span> <span class='ocrx_word' id='word_1_220' title='bbox 2549 1717 2942 1773; x_wconf 89' lang='lat' dir='ltr'><strong>dictiunculam</strong></span> <span class='ocrx_word' id='word_1_221' title='bbox 3002 1735 3125 1790; x_wconf 64' lang='lat' dir='ltr'><strong>quae</strong></span> <span class='ocrx_word' id='word_1_222' title='bbox 3172 1735 3202 1774; x_wconf 88' lang='lat' dir='ltr'><strong>a</strong></span> <span class='ocrx_word' id='word_1_223' title='bbox 3251 1722 3428 1791; x_wconf 85' lang='lat' dir='ltr'><strong>majo-</strong></span> 
     </span>
    </p>
   </div>
   <div class='ocr_carea' id='block_1_33' title="bbox 189 1797 1729 1880">
    <p class='ocr_par' dir='ltr' id='par_1_33' title="bbox 189 1800 1729 1872">
     <span class='ocr_line' id='line_1_33' title="bbox 189 1800 1729 1872; baseline 0.001 -20"><span class='ocrx_word' id='word_1_224' title='bbox 189 1817 271 1853; x_wconf 78' lang='lat' dir='ltr'><strong>tmv</strong></span> <span class='ocrx_word' id='word_1_225' title='bbox 308 1801 365 1853; x_wconf 78' lang='grc' dir='ltr'><strong>ού</strong></span> <span class='ocrx_word' id='word_1_226' title='bbox 408 1800 882 1872; x_wconf 83' lang='grc' dir='ltr'>συγχωρήσουσιν,</span> <span class='ocrx_word' id='word_1_227' title='bbox 931 1801 1002 1872; x_wconf 79' lang='grc' dir='ltr'>ἢν</span> <span class='ocrx_word' id='word_1_228' title='bbox 1047 1802 1211 1871; x_wconf 81' lang='grc' dir='ltr'>ἡμεῖς</span> <span class='ocrx_word' id='word_1_229' title='bbox 1256 1801 1320 1852; x_wconf 85' lang='grc' dir='ltr'>ὲκ</span> <span class='ocrx_word' id='word_1_230' title='bbox 1348 1804 1448 1871; x_wconf 86' lang='grc' dir='ltr'>τῆς</span> <span class='ocrx_word' id='word_1_231' title='bbox 1477 1801 1729 1871; x_wconf 89' lang='grc' dir='ltr'>ἀνεπιτη-</span> 
     </span>
    </p>
   </div>
   <div class='ocr_carea' id='block_1_34' title="bbox 1841 1797 3422 1880">
    <p class='ocr_par' dir='ltr' id='par_1_34' title="bbox 1843 1805 3422 1880">
     <span class='ocr_line' id='line_1_34' title="bbox 1843 1805 3422 1880; baseline 0.006 -22"><span class='ocrx_word' id='word_1_232' title='bbox 1843 1807 1997 1861; x_wconf 88' lang='lat' dir='ltr'><strong>ribus</strong></span> <span class='ocrx_word' id='word_1_233' title='bbox 2027 1807 2091 1861; x_wconf 88' lang='lat' dir='ltr'><strong>ad</strong></span> <span class='ocrx_word' id='word_1_234' title='bbox 2121 1821 2222 1861; x_wconf 94' lang='lat' dir='ltr'><strong>nos</strong></span> <span class='ocrx_word' id='word_1_235' title='bbox 2252 1805 2493 1871; x_wconf 88' lang='lat' dir='ltr'><strong>devenit,</strong></span> <span class='ocrx_word' id='word_1_236' title='bbox 2528 1822 2638 1862; x_wconf 91' lang='lat' dir='ltr'><strong>non</strong></span> <span class='ocrx_word' id='word_1_237' title='bbox 2665 1809 2993 1872; x_wconf 87' lang='lat' dir='ltr'><strong>concedent,</strong></span> <span class='ocrx_word' id='word_1_238' title='bbox 3028 1826 3193 1880; x_wconf 91' lang='lat' dir='ltr'><strong>quam</strong></span> <span class='ocrx_word' id='word_1_239' title='bbox 3223 1827 3324 1866; x_wconf 90' lang='lat' dir='ltr'><strong>nos</strong></span> <span class='ocrx_word' id='word_1_240' title='bbox 3352 1828 3422 1868; x_wconf 79' lang='lat' dir='ltr'><strong>ex</strong></span> 
     </span>
    </p>
   </div>
   <div class='ocr_carea' id='block_1_35' title="bbox 187 1891 1740 1964">
    <p class='ocr_par' dir='ltr' id='par_1_35' title="bbox 187 1891 1740 1964">
     <span class='ocr_line' id='line_1_35' title="bbox 187 1891 1740 1964; baseline 0.001 -20"><span class='ocrx_word' id='word_1_241' title='bbox 187 1891 346 1945; x_wconf 83' lang='grc' dir='ltr'>δεύτου</span> <span class='ocrx_word' id='word_1_242' title='bbox 377 1891 662 1964; x_wconf 80' lang='grc' dir='ltr'>συνηθείας</span> <span class='ocrx_word' id='word_1_243' title='bbox 694 1893 817 1955; x_wconf 85' lang='grc' dir='ltr'>ταῖς</span> <span class='ocrx_word' id='word_1_244' title='bbox 849 1891 1228 1963; x_wconf 81' lang='grc' dir='ltr'>ἀδιαστρόφοις</span> <span class='ocrx_word' id='word_1_245' title='bbox 1259 1891 1368 1944; x_wconf 83' lang='grc' dir='ltr'>τῶν</span> <span class='ocrx_word' id='word_1_246' title='bbox 1406 1891 1740 1962; x_wconf 85' lang='grc' dir='ltr'>Ἐκκλησιῶν</span> 
     </span>
    </p>
   </div>
   <div class='ocr_carea' id='block_1_36' title="bbox 188 1983 1736 2057">
    <p class='ocr_par' dir='ltr' id='par_1_36' title="bbox 188 1983 1736 2057">
     <span class='ocr_line' id='line_1_36' title="bbox 188 1983 1736 2057; baseline 0.001 -19"><span class='ocrx_word' id='word_1_247' title='bbox 188 1985 592 2056; x_wconf 80' lang='grc' dir='ltr'>ὲναπομείνασαν</span> <span class='ocrx_word' id='word_1_248' title='bbox 618 1984 872 2057; x_wconf 79' lang='grc' dir='ltr'>εὕρομεν,</span> <span class='ocrx_word' id='word_1_249' title='bbox 897 1983 957 2036; x_wconf 79' lang='grc' dir='ltr'>οὐ</span> <span class='ocrx_word' id='word_1_250' title='bbox 988 1983 1182 2055; x_wconf 82' lang='grc' dir='ltr'>μικρὸν</span> <span class='ocrx_word' id='word_1_251' title='bbox 1201 1984 1289 2037; x_wconf 84' lang='grc' dir='ltr'>τὸν</span> <span class='ocrx_word' id='word_1_252' title='bbox 1309 1983 1465 2053; x_wconf 87' lang='grc' dir='ltr'>λόγον</span> <span class='ocrx_word' id='word_1_253' title='bbox 1486 1985 1736 2056; x_wconf 77' lang='grc' dir='ltr'>ἔχουσαν.</span> 
     </span>
    </p>
   </div>
   <div class='ocr_carea' id='block_1_37' title="bbox 186 2076 1737 2151">
    <p class='ocr_par' dir='ltr' id='par_1_37' title="bbox 186 2076 1737 2151">
     <span class='ocr_line' id='line_1_37' title="bbox 186 2076 1737 2151; baseline 0 -21"><span class='ocrx_word' id='word_1_254' title='bbox 186 2077 287 2132; x_wconf 74' lang='grc' dir='ltr'>οὐδὲ</span> <span class='ocrx_word' id='word_1_255' title='bbox 332 2077 585 2151; x_wconf 85' lang='grc' dir='ltr'>βραχεῖαν</span> <span class='ocrx_word' id='word_1_256' title='bbox 645 2076 960 2130; x_wconf 86' lang='grc' dir='ltr'>συντέλειαν</span> <span class='ocrx_word' id='word_1_257' title='bbox 1013 2078 1094 2139; x_wconf 89' lang='grc' dir='ltr'><strong>είς</strong></span> <span class='ocrx_word' id='word_1_258' title='bbox 1144 2076 1246 2148; x_wconf 81' lang='grc' dir='ltr'>τὴν</span> <span class='ocrx_word' id='word_1_259' title='bbox 1291 2076 1387 2130; x_wconf 89' lang='grc' dir='ltr'><strong>τοῦ</strong></span> <span class='ocrx_word' id='word_1_260' title='bbox 1435 2077 1737 2150; x_wconf 81' lang='grc' dir='ltr'>μυστηρίου</span> 
     </span>
    </p>
   </div>
   <div class='ocr_carea' id='block_1_38' title="bbox 185 2152 995 2242">
    <p class='ocr_par' dir='ltr' id='par_1_38' title="bbox 185 2152 995 2242">
     <span class='ocr_line' id='line_1_38' title="bbox 185 2152 995 2242; baseline 0.017 -21"><span class='ocrx_word' id='word_1_261' title='bbox 185 2169 386 2241; x_wconf 79' lang='grc' dir='ltr'>δύναμιν</span> <span class='ocrx_word' id='word_1_262' title='bbox 413 2152 816 2242; x_wconf 77' lang='grc' dir='ltr'>εἰσφερομένην</span> <span class='ocrx_word' id='word_1_263' title='bbox 847 2169 995 2240; x_wconf 69' lang='grc' dir='ltr'><strong>(7ης</strong></span> 
     </span>
    </p>
   </div>
   <div class='ocr_carea' id='block_1_39' title="bbox 240 2278 1738 2358">
    <p class='ocr_par' dir='ltr' id='par_1_39' title="bbox 240 2278 1738 2358">
     <span class='ocr_line' id='line_1_39' title="bbox 240 2278 1738 2358; baseline 0.004 -23"><span class='ocrx_word' id='word_1_264' title='bbox 240 2281 318 2335; x_wconf 88' lang='grc'><strong>68.</strong></span> <span class='ocrx_word' id='word_1_265' title='bbox 356 2283 582 2354; x_wconf 81' lang='grc' dir='ltr'>Εἴρηται</span> <span class='ocrx_word' id='word_1_266' title='bbox 617 2283 714 2352; x_wconf 82' lang='grc' dir='ltr'>μὲν</span> <span class='ocrx_word' id='word_1_267' title='bbox 758 2278 851 2335; x_wconf 76' lang='grc' dir='ltr'>οὖν</span> <span class='ocrx_word' id='word_1_268' title='bbox 888 2281 973 2345; x_wconf 88' lang='grc' dir='ltr'><strong>τίς</strong></span> <span class='ocrx_word' id='word_1_269' title='bbox 1009 2282 1042 2353; x_wconf 87' lang='grc' dir='ltr'><strong>ή</strong></span> <span class='ocrx_word' id='word_1_270' title='bbox 1075 2281 1302 2353; x_wconf 86' lang='grc' dir='ltr'>δύναμις</span> <span class='ocrx_word' id='word_1_271' title='bbox 1343 2283 1610 2356; x_wconf 79' lang='grc' dir='ltr'>ἑκατέρας</span> <span class='ocrx_word' id='word_1_272' title='bbox 1637 2287 1738 2358; x_wconf 83' lang='grc' dir='ltr'>τῆς</span> 
     </span>
    </p>
   </div>
   <div class='ocr_carea' id='block_1_40' title="bbox 185 2372 1738 2447">
    <p class='ocr_par' dir='ltr' id='par_1_40' title="bbox 185 2372 1738 2447">
     <span class='ocr_line' id='line_1_40' title="bbox 185 2372 1738 2447; baseline 0.005 -25"><span class='ocrx_word' id='word_1_273' title='bbox 185 2373 535 2442; x_wconf 71' lang='grc' dir='ltr'>ὲκφωνήσεως.</span> <span class='ocrx_word' id='word_1_274' title='bbox 580 2373 875 2444; x_wconf 86' lang='grc' dir='ltr'>Εἰρήσεται</span> <span class='ocrx_word' id='word_1_275' title='bbox 913 2372 972 2425; x_wconf 78' lang='grc' dir='ltr'>δὲ</span> <span class='ocrx_word' id='word_1_276' title='bbox 1016 2373 1111 2425; x_wconf 77' lang='grc' dir='ltr'>καὶ</span> <span class='ocrx_word' id='word_1_277' title='bbox 1144 2373 1328 2438; x_wconf 79' lang='grc' dir='ltr'>πάλιν,</span> <span class='ocrx_word' id='word_1_278' title='bbox 1370 2376 1476 2445; x_wconf 87' lang='grc' dir='ltr'>ὅπη</span> <span class='ocrx_word' id='word_1_279' title='bbox 1507 2392 1566 2428; x_wconf 86' lang='grc' dir='ltr'><strong>τε</strong></span> <span class='ocrx_word' id='word_1_280' title='bbox 1601 2394 1738 2447; x_wconf 84' lang='grc' dir='ltr'>συμ-</span> 
     </span>
    </p>
   </div>
   <div class='ocr_carea' id='block_1_41' title="bbox 182 2461 1737 2532">
    <p class='ocr_par' dir='ltr' id='par_1_41' title="bbox 182 2461 1737 2532">
     <span class='ocr_line' id='line_1_41' title="bbox 182 2461 1737 2532; baseline 0.002 -19"><span class='ocrx_word' id='word_1_281' title='bbox 182 2461 418 2528; x_wconf 73' lang='grc' dir='ltr'>φωνοῦσιν</span> <span class='ocrx_word' id='word_1_282' title='bbox 456 2461 743 2532; x_wconf 78' lang='grc' dir='ltr'>ἀλλήλαις,</span> <span class='ocrx_word' id='word_1_283' title='bbox 798 2461 892 2514; x_wconf 78' lang='grc' dir='ltr'>καὶ</span> <span class='ocrx_word' id='word_1_284' title='bbox 931 2461 1042 2531; x_wconf 84' lang='grc' dir='ltr'>ὅπη</span> <span class='ocrx_word' id='word_1_285' title='bbox 1087 2461 1386 2515; x_wconf 79' lang='grc' dir='ltr'>διΐστανται</span> <span class='ocrx_word' id='word_1_286' title='bbox 1410 2478 1424 2494; x_wconf 81' lang='grc'><em>’</em></span> <span class='ocrx_word' id='word_1_287' title='bbox 1456 2463 1555 2515; x_wconf 84' lang='grc' dir='ltr'>οὐκ</span> <span class='ocrx_word' id='word_1_288' title='bbox 1601 2465 1737 2517; x_wconf 86' lang='grc' dir='ltr'>ἀπο-</span> 
     </span>
    </p>
   </div>
   <div class='ocr_carea' id='block_1_42' title="bbox 183 2552 1738 2626">
    <p class='ocr_par' dir='ltr' id='par_1_42' title="bbox 183 2552 1738 2626">
     <span class='ocr_line' id='line_1_42' title="bbox 183 2552 1738 2626; baseline 0.003 -21"><span class='ocrx_word' id='word_1_289' title='bbox 183 2554 459 2624; x_wconf 72' lang='grc' dir='ltr'>μαχόμεναι</span> <span class='ocrx_word' id='word_1_290' title='bbox 494 2555 636 2626; x_wconf 78' lang='grc' dir='ltr'>πρὸς</span> <span class='ocrx_word' id='word_1_291' title='bbox 673 2552 1011 2618; x_wconf 75' lang='grc' dir='ltr'>ἐναντίωσιν,</span> <span class='ocrx_word' id='word_1_292' title='bbox 1051 2553 1167 2606; x_wconf 87' lang='grc' dir='ltr'>ἀλλ’</span> <span class='ocrx_word' id='word_1_293' title='bbox 1208 2553 1337 2606; x_wconf 77' lang='grc' dir='ltr'>ἴδιον</span> <span class='ocrx_word' id='word_1_294' title='bbox 1369 2555 1604 2626; x_wconf 79' lang='grc' dir='ltr'>ἑκατέρα</span> <span class='ocrx_word' id='word_1_295' title='bbox 1645 2556 1738 2610; x_wconf 85' lang='grc' dir='ltr'>τὸν</span> 
     </span>
    </p>
   </div>
   <div class='ocr_carea' id='block_1_43' title="bbox 175 2644 1733 2722">
    <p class='ocr_par' dir='ltr' id='par_1_43' title="bbox 175 2644 1733 2722">
     <span class='ocr_line' id='line_1_43' title="bbox 175 2644 1733 2722; baseline 0.002 -25"><span class='ocrx_word' id='word_1_296' title='bbox 175 2644 282 2697; x_wconf 84' lang='grc' dir='ltr'>νοῦν</span> <span class='ocrx_word' id='word_1_297' title='bbox 310 2647 672 2718; x_wconf 73' lang='grc' dir='ltr'>εἰσφερομένη</span> <span class='ocrx_word' id='word_1_298' title='bbox 702 2647 839 2718; x_wconf 78' lang='grc' dir='ltr'>πρὸς</span> <span class='ocrx_word' id='word_1_299' title='bbox 880 2645 978 2717; x_wconf 84' lang='grc' dir='ltr'>τὴν</span> <span class='ocrx_word' id='word_1_300' title='bbox 1026 2645 1328 2700; x_wconf 79' lang='grc' dir='ltr'>εὐσέϐειαν.</span> <span class='ocrx_word' id='word_1_301' title='bbox 1373 2647 1436 2699; x_wconf 85' lang='grc' dir='ltr'><em>Ἦ</em></span> <span class='ocrx_word' id='word_1_302' title='bbox 1469 2647 1568 2717; x_wconf 79' lang='grc' dir='ltr'>μὲν</span> <span class='ocrx_word' id='word_1_303' title='bbox 1603 2647 1733 2722; x_wconf 79' lang='grc' dir='ltr'>γὰρ,</span> 
     </span>
    </p>
   </div>
   <div class='ocr_carea' id='block_1_44' title="bbox 177 2734 1732 2809">
    <p class='ocr_par' dir='ltr' id='par_1_44' title="bbox 177 2734 1732 2809">
     <span class='ocr_line' id='line_1_44' title="bbox 177 2734 1732 2809; baseline 0.003 -21"><span class='ocrx_word' id='word_1_304' title='bbox 177 2734 248 2800; x_wconf 81' lang='grc' dir='ltr'><strong>ἐν,</strong></span> <span class='ocrx_word' id='word_1_305' title='bbox 276 2737 338 2790; x_wconf 77' lang='grc' dir='ltr'><strong>τὰ</strong></span> <span class='ocrx_word' id='word_1_306' title='bbox 381 2739 517 2808; x_wconf 76' lang='grc' dir='ltr'>πρὸς</span> <span class='ocrx_word' id='word_1_307' title='bbox 568 2740 719 2808; x_wconf 83' lang='grc' dir='ltr'>ἡμᾶς</span> <span class='ocrx_word' id='word_1_308' title='bbox 768 2737 1068 2809; x_wconf 83' lang='grc' dir='ltr'>παρίστησι</span> <span class='ocrx_word' id='word_1_309' title='bbox 1111 2736 1310 2808; x_wconf 84' lang='grc' dir='ltr'>μᾶλλον</span> <span class='ocrx_word' id='word_1_310' title='bbox 1334 2754 1349 2770; x_wconf 78' lang='grc' dir='ltr'><strong><em>ο</em></strong></span> <span class='ocrx_word' id='word_1_311' title='bbox 1387 2739 1420 2808; x_wconf 88' lang='grc' dir='ltr'><strong>ή</strong></span> <span class='ocrx_word' id='word_1_312' title='bbox 1467 2738 1558 2802; x_wconf 84' lang='grc' dir='ltr'>δὲ,</span> <span class='ocrx_word' id='word_1_313' title='bbox 1591 2739 1732 2808; x_wconf 77' lang='grc' dir='ltr'>σὺν,</span> 
     </span>
    </p>
   </div>
   <div class='ocr_carea' id='block_1_45' title="bbox 174 2828 1730 2902">
    <p class='ocr_par' dir='ltr' id='par_1_45' title="bbox 174 2828 1730 2902">
     <span class='ocr_line' id='line_1_45' title="bbox 174 2828 1730 2902; baseline 0.004 -22"><span class='ocrx_word' id='word_1_314' title='bbox 174 2829 256 2899; x_wconf 74' lang='grc' dir='ltr'>τὴν</span> <span class='ocrx_word' id='word_1_315' title='bbox 279 2831 406 2902; x_wconf 81' lang='grc' dir='ltr'>πρὸς</span> <span class='ocrx_word' id='word_1_316' title='bbox 432 2831 574 2884; x_wconf 78' lang='grc' dir='ltr'>Θεὸν</span> <span class='ocrx_word' id='word_1_317' title='bbox 605 2830 890 2886; x_wconf 84' lang='grc' dir='ltr'>κοινωνίαν</span> <span class='ocrx_word' id='word_1_318' title='bbox 929 2831 1023 2884; x_wconf 92' lang='grc' dir='ltr'><strong>τοῦ</strong></span> <span class='ocrx_word' id='word_1_319' title='bbox 1051 2828 1192 2883; x_wconf 84' lang='grc' dir='ltr'>Πνεύ</span> <span class='ocrx_word' id='word_1_320' title='bbox 1203 2847 1370 2900; x_wconf 89' lang='grc' dir='ltr'>ματος</span> <span class='ocrx_word' id='word_1_321' title='bbox 1396 2829 1730 2900; x_wconf 75' lang='grc' dir='ltr'>ἐξαγγέλλει.</span> 
     </span>
    </p>
   </div>
   <div class='ocr_carea' id='block_1_46' title="bbox 170 2921 1734 2995">
    <p class='ocr_par' dir='ltr' id='par_1_46' title="bbox 170 2921 1734 2995">
     <span class='ocr_line' id='line_1_46' title="bbox 170 2921 1734 2995; baseline 0.003 -22"><span class='ocrx_word' id='word_1_322' title='bbox 170 2921 343 2993; x_wconf 55' lang='lat' dir='ltr'><strong>Aufr-sp</strong></span> <span class='ocrx_word' id='word_1_323' title='bbox 374 2923 720 2994; x_wconf 75' lang='grc' dir='ltr'>ἀμφοτέραις</span> <span class='ocrx_word' id='word_1_324' title='bbox 750 2923 1070 2994; x_wconf 86' lang='grc' dir='ltr'>κεχρήμεθα</span> <span class='ocrx_word' id='word_1_325' title='bbox 1095 2926 1218 2988; x_wconf 83' lang='grc' dir='ltr'>ταῖς</span> <span class='ocrx_word' id='word_1_326' title='bbox 1257 2926 1464 2992; x_wconf 83' lang='grc' dir='ltr'>φωναῖς</span> <span class='ocrx_word' id='word_1_327' title='bbox 1484 2941 1498 2954; x_wconf 88' lang='grc'><strong>·</strong></span> <span class='ocrx_word' id='word_1_328' title='bbox 1527 2927 1594 2994; x_wconf 81' lang='grc' dir='ltr'>τῇ</span> <span class='ocrx_word' id='word_1_329' title='bbox 1636 2925 1734 2995; x_wconf 82' lang='grc' dir='ltr'>μὲν</span> 
     </span>
    </p>
   </div>
   <div class='ocr_carea' id='block_1_47' title="bbox 169 3012 1734 3089">
    <p class='ocr_par' dir='ltr' id='par_1_47' title="bbox 169 3012 1734 3089">
     <span class='ocr_line' id='line_1_47' title="bbox 169 3012 1734 3089; baseline 0.004 -26"><span class='ocrx_word' id='word_1_330' title='bbox 169 3012 218 3064; x_wconf 79' lang='grc' dir='ltr'>τὸ</span> <span class='ocrx_word' id='word_1_331' title='bbox 239 3015 444 3085; x_wconf 77' lang='grc' dir='ltr'>ἀξίωμα</span> <span class='ocrx_word' id='word_1_332' title='bbox 483 3015 586 3068; x_wconf 88' lang='grc' dir='ltr'><strong>τοῦ</strong></span> <span class='ocrx_word' id='word_1_333' title='bbox 629 3014 947 3084; x_wconf 88' lang='grc' dir='ltr'>Πνεύματος</span> <span class='ocrx_word' id='word_1_334' title='bbox 981 3014 1360 3089; x_wconf 83' lang='grc' dir='ltr'>παριστῶντες</span> <span class='ocrx_word' id='word_1_335' title='bbox 1382 3055 1398 3080; x_wconf 97' lang='grc'><strong>,</strong></span> <span class='ocrx_word' id='word_1_336' title='bbox 1427 3018 1494 3087; x_wconf 81' lang='grc' dir='ltr'><strong>τῇ</strong></span> <span class='ocrx_word' id='word_1_337' title='bbox 1542 3015 1600 3070; x_wconf 83' lang='grc' dir='ltr'>δὲ</span> <span class='ocrx_word' id='word_1_338' title='bbox 1633 3015 1734 3087; x_wconf 83' lang='grc' dir='ltr'>τὴν</span> 
     </span>
    </p>
   </div>
   <div class='ocr_carea' id='block_1_48' title="bbox 1841 1899 3425 1974">
    <p class='ocr_par' dir='ltr' id='par_1_48' title="bbox 1841 1899 3425 1974">
     <span class='ocr_line' id='line_1_48' title="bbox 1841 1899 3425 1974; baseline 0.004 -20"><span class='ocrx_word' id='word_1_339' title='bbox 1841 1899 2155 1955; x_wconf 70' lang='lat' dir='ltr'><strong>inaffectata</strong></span> <span class='ocrx_word' id='word_1_340' title='bbox 2208 1900 2609 1956; x_wconf 88' lang='lat' dir='ltr'><strong>consuetudine</strong></span> <span class='ocrx_word' id='word_1_341' title='bbox 2675 1901 2732 1956; x_wconf 90' lang='lat' dir='ltr'><strong>in</strong></span> <span class='ocrx_word' id='word_1_342' title='bbox 2789 1901 3083 1966; x_wconf 87' lang='lat' dir='ltr'><strong>Ecclesiis,</strong></span> <span class='ocrx_word' id='word_1_343' title='bbox 3132 1919 3256 1974; x_wconf 66' lang='lat' dir='ltr'><strong>qua:</strong></span> <span class='ocrx_word' id='word_1_344' title='bbox 3299 1920 3425 1974; x_wconf 87' lang='lat' dir='ltr'><strong>per-</strong></span> 
     </span>
    </p>
   </div>
   <div class='ocr_carea' id='block_1_49' title="bbox 1840 1997 3424 2065">
    <p class='ocr_par' dir='ltr' id='par_1_49' title="bbox 1840 1997 3424 2065">
     <span class='ocr_line' id='line_1_49' title="bbox 1840 1997 3424 2065; baseline 0.002 -16"><span class='ocrx_word' id='word_1_345' title='bbox 1840 2009 2015 2049; x_wconf 69' lang='lat' dir='ltr'><strong>versa:</strong></span> <span class='ocrx_word' id='word_1_346' title='bbox 2040 2001 2095 2049; x_wconf 90' lang='lat' dir='ltr'><strong>et</strong></span> <span class='ocrx_word' id='word_1_347' title='bbox 2127 2000 2401 2063; x_wconf 74' lang='lat' dir='ltr'><strong>corrupta:</strong></span> <span class='ocrx_word' id='word_1_348' title='bbox 2445 2008 2557 2048; x_wconf 93' lang='lat' dir='ltr'><strong>non</strong></span> <span class='ocrx_word' id='word_1_349' title='bbox 2585 2005 2736 2058; x_wconf 88' lang='lat' dir='ltr'><strong>sunt,</strong></span> <span class='ocrx_word' id='word_1_350' title='bbox 2767 2004 3180 2065; x_wconf 87' lang='lat' dir='ltr'><strong>permanentem</strong></span> <span class='ocrx_word' id='word_1_351' title='bbox 3209 1997 3424 2053; x_wconf 61' lang='lat' dir='ltr'><strong>inveni«</strong></span> 
     </span>
    </p>
   </div>
   <div class='ocr_carea' id='block_1_50' title="bbox 1840 2079 3422 2158">
    <p class='ocr_par' dir='ltr' id='par_1_50' title="bbox 1840 2079 3422 2158">
     <span class='ocr_line' id='line_1_50' title="bbox 1840 2079 3422 2158; baseline 0.005 -25"><span class='ocrx_word' id='word_1_352' title='bbox 1840 2095 1988 2143; x_wconf 93' lang='lat' dir='ltr'><strong>mus,</strong></span> <span class='ocrx_word' id='word_1_353' title='bbox 2026 2079 2174 2134; x_wconf 91' lang='lat' dir='ltr'><strong>baud</strong></span> <span class='ocrx_word' id='word_1_354' title='bbox 2217 2080 2556 2136; x_wconf 88' lang='lat' dir='ltr'><strong>mediocrem</strong></span> <span class='ocrx_word' id='word_1_355' title='bbox 2585 2083 2856 2138; x_wconf 87' lang='lat' dir='ltr'><strong>rationem</strong></span> <span class='ocrx_word' id='word_1_356' title='bbox 2887 2082 3201 2150; x_wconf 89' lang='lat' dir='ltr'><strong>habentem,</strong></span> <span class='ocrx_word' id='word_1_357' title='bbox 3238 2101 3422 2158; x_wconf 89' lang='lat' dir='ltr'><strong>neque</strong></span> 
     </span>
    </p>
   </div>
   <div class='ocr_carea' id='block_1_51' title="bbox 1839 2167 3425 2244">
    <p class='ocr_par' dir='ltr' id='par_1_51' title="bbox 1839 2167 3425 2244">
     <span class='ocr_line' id='line_1_51' title="bbox 1839 2167 3425 2244; baseline 0.006 -20"><span class='ocrx_word' id='word_1_358' title='bbox 1839 2167 2118 2226; x_wconf 87' lang='lat' dir='ltr'><strong>mediocre</strong></span> <span class='ocrx_word' id='word_1_359' title='bbox 2149 2169 2527 2242; x_wconf 88' lang='lat' dir='ltr'><strong>adjumentum</strong></span> <span class='ocrx_word' id='word_1_360' title='bbox 2559 2171 2628 2227; x_wconf 91' lang='lat' dir='ltr'><strong>ad</strong></span> <span class='ocrx_word' id='word_1_361' title='bbox 2653 2173 2900 2244; x_wconf 88' lang='lat' dir='ltr'><strong>mysterii</strong></span> <span class='ocrx_word' id='word_1_362' title='bbox 2926 2174 3036 2228; x_wconf 89' lang='lat' dir='ltr'><strong>vim</strong></span> <span class='ocrx_word' id='word_1_363' title='bbox 3063 2174 3425 2233; x_wconf 74' lang='lat' dir='ltr'><strong>afl‘erentem?</strong></span> 
     </span>
    </p>
   </div>
   <div class='ocr_carea' id='block_1_52' title="bbox 1910 2281 3422 2357">
    <p class='ocr_par' dir='ltr' id='par_1_52' title="bbox 1910 2281 3422 2357">
     <span class='ocr_line' id='line_1_52' title="bbox 1910 2281 3422 2357; baseline 0.003 -20"><span class='ocrx_word' id='word_1_364' title='bbox 1910 2281 2000 2337; x_wconf 88' lang='lat'><strong>68.</strong></span> <span class='ocrx_word' id='word_1_365' title='bbox 2061 2281 2282 2337; x_wconf 88' lang='lat' dir='ltr'><strong>Dictum</strong></span> <span class='ocrx_word' id='word_1_366' title='bbox 2326 2281 2550 2352; x_wconf 92' lang='lat' dir='ltr'><strong>quidem</strong></span> <span class='ocrx_word' id='word_1_367' title='bbox 2598 2289 2684 2337; x_wconf 92' lang='lat' dir='ltr'><strong>est</strong></span> <span class='ocrx_word' id='word_1_368' title='bbox 2727 2298 2849 2352; x_wconf 69' lang='lat' dir='ltr'><strong>quae</strong></span> <span class='ocrx_word' id='word_1_369' title='bbox 2891 2283 2965 2338; x_wconf 90' lang='lat' dir='ltr'><strong>sit</strong></span> <span class='ocrx_word' id='word_1_370' title='bbox 3021 2284 3105 2340; x_wconf 90' lang='lat' dir='ltr'><strong>vis</strong></span> <span class='ocrx_word' id='word_1_371' title='bbox 3135 2287 3422 2357; x_wconf 89' lang='lat' dir='ltr'><strong>utriusque</strong></span> 
     </span>
    </p>
   </div>
   <div class='ocr_carea' id='block_1_53' title="bbox 1837 2374 3421 2446">
    <p class='ocr_par' dir='ltr' id='par_1_53' title="bbox 1837 2374 3421 2446">
     <span class='ocr_line' id='line_1_53' title="bbox 1837 2374 3421 2446; baseline 0.002 -17"><span class='ocrx_word' id='word_1_372' title='bbox 1837 2375 2331 2446; x_wconf 89' lang='lat' dir='ltr'><strong>pronuntiationis.</strong></span> <span class='ocrx_word' id='word_1_373' title='bbox 2409 2374 2631 2430; x_wconf 88' lang='lat' dir='ltr'><strong>Dicetur</strong></span> <span class='ocrx_word' id='word_1_374' title='bbox 2698 2383 2881 2429; x_wconf 89' lang='lat' dir='ltr'><strong>autem</strong></span> <span class='ocrx_word' id='word_1_375' title='bbox 2934 2383 2989 2430; x_wconf 91' lang='lat' dir='ltr'><strong>et</strong></span> <span class='ocrx_word' id='word_1_376' title='bbox 3045 2392 3266 2432; x_wconf 86' lang='lat' dir='ltr'><strong>rursum</strong></span> <span class='ocrx_word' id='word_1_377' title='bbox 3326 2379 3421 2434; x_wconf 89' lang='lat' dir='ltr'><strong>ubi</strong></span> 
     </span>
    </p>
   </div>
   <div class='ocr_carea' id='block_1_54' title="bbox 1839 2463 3420 2538">
    <p class='ocr_par' dir='ltr' id='par_1_54' title="bbox 1839 2463 3420 2538">
     <span class='ocr_line' id='line_1_54' title="bbox 1839 2463 3420 2538; baseline 0.004 -20"><span class='ocrx_word' id='word_1_378' title='bbox 1839 2464 2181 2519; x_wconf 87' lang='lat' dir='ltr'><strong>concordent</strong></span> <span class='ocrx_word' id='word_1_379' title='bbox 2209 2464 2356 2518; x_wconf 87' lang='lat' dir='ltr'><strong>inter</strong></span> <span class='ocrx_word' id='word_1_380' title='bbox 2395 2479 2538 2529; x_wconf 91' lang='lat' dir='ltr'><strong>sese,</strong></span> <span class='ocrx_word' id='word_1_381' title='bbox 2571 2471 2627 2519; x_wconf 92' lang='lat' dir='ltr'><strong>et</strong></span> <span class='ocrx_word' id='word_1_382' title='bbox 2674 2465 2768 2517; x_wconf 90' lang='lat' dir='ltr'><strong>ubi</strong></span> <span class='ocrx_word' id='word_1_383' title='bbox 2798 2463 3054 2519; x_wconf 86' lang='lat' dir='ltr'><strong>differant</strong></span> <span class='ocrx_word' id='word_1_384' title='bbox 3087 2485 3100 2521; x_wconf 91' lang='lat'><strong>:</strong></span> <span class='ocrx_word' id='word_1_385' title='bbox 3134 2483 3246 2522; x_wconf 91' lang='lat' dir='ltr'><strong>non</strong></span> <span class='ocrx_word' id='word_1_386' title='bbox 3273 2470 3420 2538; x_wconf 89' lang='lat' dir='ltr'><strong>quod</strong></span> 
     </span>
    </p>
   </div>
   <div class='ocr_carea' id='block_1_55' title="bbox 1839 2555 3421 2630">
    <p class='ocr_par' dir='ltr' id='par_1_55' title="bbox 1839 2555 3421 2630">
     <span class='ocr_line' id='line_1_55' title="bbox 1839 2555 3421 2630; baseline 0.004 -21"><span class='ocrx_word' id='word_1_387' title='bbox 1839 2555 1988 2610; x_wconf 91' lang='lat' dir='ltr'><strong>inter</strong></span> <span class='ocrx_word' id='word_1_388' title='bbox 2041 2571 2101 2611; x_wconf 88' lang='lat' dir='ltr'><strong>se</strong></span> <span class='ocrx_word' id='word_1_389' title='bbox 2155 2565 2400 2628; x_wconf 74' lang='lat' dir='ltr'><strong>pugnent</strong></span> <span class='ocrx_word' id='word_1_390' title='bbox 2445 2571 2544 2626; x_wconf 90' lang='lat' dir='ltr'><strong>per</strong></span> <span class='ocrx_word' id='word_1_391' title='bbox 2591 2556 3067 2627; x_wconf 78' lang='lat' dir='ltr'><strong>contrarietatem,</strong></span> <span class='ocrx_word' id='word_1_392' title='bbox 3125 2559 3222 2614; x_wconf 91' lang='lat' dir='ltr'><strong>sed</strong></span> <span class='ocrx_word' id='word_1_393' title='bbox 3273 2561 3421 2630; x_wconf 87' lang='lat' dir='ltr'><strong>quod</strong></span> 
     </span>
    </p>
   </div>
   <div class='ocr_carea' id='block_1_56' title="bbox 1839 2645 3423 2720">
    <p class='ocr_par' dir='ltr' id='par_1_56' title="bbox 1839 2645 3423 2720">
     <span class='ocr_line' id='line_1_56' title="bbox 1839 2645 3423 2720; baseline 0.005 -22"><span class='ocrx_word' id='word_1_394' title='bbox 1839 2653 2077 2715; x_wconf 87' lang='lat' dir='ltr'><strong>utraque</strong></span> <span class='ocrx_word' id='word_1_395' title='bbox 2135 2647 2472 2716; x_wconf 88' lang='lat' dir='ltr'><strong>peculiarem</strong></span> <span class='ocrx_word' id='word_1_396' title='bbox 2529 2645 2721 2700; x_wconf 81' lang='lat' dir='ltr'><strong>ali&#39;erat</strong></span> <span class='ocrx_word' id='word_1_397' title='bbox 2754 2645 3093 2701; x_wconf 90' lang='lat' dir='ltr'><strong>intellectum</strong></span> <span class='ocrx_word' id='word_1_398' title='bbox 3131 2651 3199 2702; x_wconf 89' lang='lat' dir='ltr'><strong>ad</strong></span> <span class='ocrx_word' id='word_1_399' title='bbox 3245 2651 3423 2720; x_wconf 88' lang='lat' dir='ltr'><strong>pieta-</strong></span> 
     </span>
    </p>
   </div>
   <div class='ocr_carea' id='block_1_57' title="bbox 1837 2734 3423 2810">
    <p class='ocr_par' dir='ltr' id='par_1_57' title="bbox 1837 2734 3423 2810">
     <span class='ocr_line' id='line_1_57' title="bbox 1837 2734 3423 2810; baseline 0.004 -20"><span class='ocrx_word' id='word_1_400' title='bbox 1837 2743 1971 2792; x_wconf 89' lang='lat' dir='ltr'><strong>tem.</strong></span> <span class='ocrx_word' id='word_1_401' title='bbox 2013 2734 2147 2789; x_wconf 89' lang='lat' dir='ltr'><strong>Nam</strong></span> <span class='ocrx_word' id='word_1_402' title='bbox 2189 2737 2506 2807; x_wconf 72' lang='lat' dir='ltr'><strong>praepositio</strong></span> <span class='ocrx_word' id='word_1_403' title='bbox 2554 2737 2631 2800; x_wconf 80' lang='lat' dir='ltr'><strong>in,</strong></span> <span class='ocrx_word' id='word_1_404' title='bbox 2683 2751 2747 2791; x_wconf 89' lang='lat' dir='ltr'><strong>ea</strong></span> <span class='ocrx_word' id='word_1_405' title='bbox 2789 2753 2911 2807; x_wconf 64' lang='lat' dir='ltr'><strong>quae</strong></span> <span class='ocrx_word' id='word_1_406' title='bbox 2941 2738 3010 2792; x_wconf 85' lang='lat' dir='ltr'><strong>ad</strong></span> <span class='ocrx_word' id='word_1_407' title='bbox 3041 2753 3144 2794; x_wconf 90' lang='lat' dir='ltr'><strong>nos</strong></span> <span class='ocrx_word' id='word_1_408' title='bbox 3172 2747 3423 2810; x_wconf 88' lang='lat' dir='ltr'><strong>spectant</strong></span> 
     </span>
    </p>
   </div>
   <div class='ocr_carea' id='block_1_58' title="bbox 1837 2829 3423 2904">
    <p class='ocr_par' dir='ltr' id='par_1_58' title="bbox 1837 2829 3423 2904">
     <span class='ocr_line' id='line_1_58' title="bbox 1837 2829 3423 2904; baseline 0.004 -22"><span class='ocrx_word' id='word_1_409' title='bbox 1837 2831 2016 2900; x_wconf 79' lang='lat' dir='ltr'><strong>magis</strong></span> <span class='ocrx_word' id='word_1_410' title='bbox 2071 2829 2320 2884; x_wconf 89' lang='lat' dir='ltr'><strong>declarat</strong></span> <span class='ocrx_word' id='word_1_411' title='bbox 2387 2847 2401 2883; x_wconf 87' lang='lat'><strong>:</strong></span> <span class='ocrx_word' id='word_1_412' title='bbox 2458 2839 2513 2883; x_wconf 88' lang='lat' dir='ltr'><strong>at</strong></span> <span class='ocrx_word' id='word_1_413' title='bbox 2575 2830 2894 2900; x_wconf 62' lang='lat' dir='ltr'><strong>prmpositio</strong></span> <span class='ocrx_word' id='word_1_414' title='bbox 2967 2848 3107 2897; x_wconf 88' lang='lat' dir='ltr'><strong>cum,</strong></span> <span class='ocrx_word' id='word_1_415' title='bbox 3163 2834 3423 2904; x_wconf 84' lang='lat' dir='ltr'><strong>exprimit</strong></span> 
     </span>
    </p>
   </div>
   <div class='ocr_carea' id='block_1_59' title="bbox 1836 2921 3421 2995">
    <p class='ocr_par' dir='ltr' id='par_1_59' title="bbox 1836 2921 3421 2995">
     <span class='ocr_line' id='line_1_59' title="bbox 1836 2921 3421 2995; baseline 0.001 -16"><span class='ocrx_word' id='word_1_416' title='bbox 1836 2925 2288 2980; x_wconf 90' lang='lat' dir='ltr'><strong>communionem</strong></span> <span class='ocrx_word' id='word_1_417' title='bbox 2314 2923 2556 2994; x_wconf 85' lang='lat' dir='ltr'><strong>Spiritus</strong></span> <span class='ocrx_word' id='word_1_418' title='bbox 2588 2938 2712 2978; x_wconf 93' lang='lat' dir='ltr'><strong>cum</strong></span> <span class='ocrx_word' id='word_1_419' title='bbox 2755 2921 2888 2979; x_wconf 84' lang='lat' dir='ltr'><strong>Deo.</strong></span> <span class='ocrx_word' id='word_1_420' title='bbox 2932 2923 3276 2995; x_wconf 87' lang='lat' dir='ltr'><strong>Quapropter</strong></span> <span class='ocrx_word' id='word_1_421' title='bbox 3316 2941 3421 2980; x_wconf 81' lang='lat' dir='ltr'><strong>vo-</strong></span> 
     </span>
    </p>
   </div>
   <div class='ocr_carea' id='block_1_60' title="bbox 1835 3014 3418 3088">
    <p class='ocr_par' dir='ltr' id='par_1_60' title="bbox 1835 3014 3418 3088">
     <span class='ocr_line' id='line_1_60' title="bbox 1835 3014 3418 3088; baseline 0.003 -20"><span class='ocrx_word' id='word_1_422' title='bbox 1835 3014 1993 3069; x_wconf 84' lang='lat' dir='ltr'><strong>cibus</strong></span> <span class='ocrx_word' id='word_1_423' title='bbox 2036 3015 2304 3070; x_wconf 85' lang='lat' dir='ltr'><strong>ambabus</strong></span> <span class='ocrx_word' id='word_1_424' title='bbox 2349 3015 2578 3077; x_wconf 86' lang='lat' dir='ltr'><strong>utimur,</strong></span> <span class='ocrx_word' id='word_1_425' title='bbox 2612 3015 2782 3069; x_wconf 88' lang='lat' dir='ltr'><strong>altera</strong></span> <span class='ocrx_word' id='word_1_426' title='bbox 2829 3015 3050 3085; x_wconf 89' lang='lat' dir='ltr'><strong>quidem</strong></span> <span class='ocrx_word' id='word_1_427' title='bbox 3099 3017 3418 3088; x_wconf 80' lang='lat' dir='ltr'><strong>dignitatem</strong></span> 
     </span>
    </p>
   </div>
   <div class='ocr_carea' id='block_1_61' title="bbox 168 3098 1729 3196">
    <p class='ocr_par' dir='ltr' id='par_1_61' title="bbox 168 3098 1729 3180">
     <span class='ocr_line' id='line_1_61' title="bbox 168 3098 1729 3180; baseline 0.003 -22"><span class='ocrx_word' id='word_1_428' title='bbox 168 3105 304 3178; x_wconf 77' lang='grc' dir='ltr'>χάριν</span> <span class='ocrx_word' id='word_1_429' title='bbox 344 3109 444 3180; x_wconf 83' lang='grc' dir='ltr'>τὴν</span> <span class='ocrx_word' id='word_1_430' title='bbox 473 3109 612 3179; x_wconf 83' lang='grc' dir='ltr'>παρ’</span> <span class='ocrx_word' id='word_1_431' title='bbox 663 3109 794 3179; x_wconf 76' lang='grc' dir='ltr'>ἡμῖν</span> <span class='ocrx_word' id='word_1_432' title='bbox 827 3109 1237 3177; x_wconf 81' lang='grc' dir='ltr'>διαγγέλλοντες</span> <span class='ocrx_word' id='word_1_433' title='bbox 1267 3109 1402 3179; x_wconf 77' lang='grc'>(72).</span> <span class='ocrx_word' id='word_1_434' title='bbox 1449 3098 1606 3164; x_wconf 76' lang='grc' dir='ltr'>Οὕτω</span> <span class='ocrx_word' id='word_1_435' title='bbox 1638 3111 1729 3164; x_wconf 73' lang='grc' dir='ltr'>καὶ</span> 
     </span>
    </p>
   </div>
   <div class='ocr_carea' id='block_1_62' title="bbox 1841 3098 3420 3196">
    <p class='ocr_par' dir='ltr' id='par_1_62' title="bbox 1841 3103 3420 3179">
     <span class='ocr_line' id='line_1_62' title="bbox 1841 3103 3420 3179; baseline 0.004 -21"><span class='ocrx_word' id='word_1_436' title='bbox 1841 3103 2081 3176; x_wconf 89' lang='lat' dir='ltr'><strong>Spiritus</strong></span> <span class='ocrx_word' id='word_1_437' title='bbox 2113 3106 2505 3175; x_wconf 77' lang='lat' dir='ltr'><strong>exprimentes,</strong></span> <span class='ocrx_word' id='word_1_438' title='bbox 2553 3107 2720 3160; x_wconf 84' lang='lat' dir='ltr'><strong>altera</strong></span> <span class='ocrx_word' id='word_1_439' title='bbox 2753 3109 2984 3178; x_wconf 84' lang='lat' dir='ltr'><strong>gratiam</strong></span> <span class='ocrx_word' id='word_1_440' title='bbox 3021 3123 3144 3179; x_wconf 68' lang='lat' dir='ltr'><strong>qum</strong></span> <span class='ocrx_word' id='word_1_441' title='bbox 3171 3109 3226 3162; x_wconf 87' lang='lat' dir='ltr'><strong>in</strong></span> <span class='ocrx_word' id='word_1_442' title='bbox 3259 3111 3420 3165; x_wconf 86' lang='lat' dir='ltr'><strong>nobis</strong></span> 
     </span>
    </p>
   </div>
   <div class='ocr_carea' id='block_1_63' title="bbox 165 3198 1730 3273">
    <p class='ocr_par' dir='ltr' id='par_1_63' title="bbox 165 3198 1730 3273">
     <span class='ocr_line' id='line_1_63' title="bbox 165 3198 1730 3273; baseline 0.003 -24"><span class='ocrx_word' id='word_1_443' title='bbox 165 3198 210 3248; x_wconf 79' lang='grc' dir='ltr'>ὲν</span> <span class='ocrx_word' id='word_1_444' title='bbox 229 3199 300 3269; x_wconf 80' lang='grc' dir='ltr'>τῷ</span> <span class='ocrx_word' id='word_1_445' title='bbox 335 3201 625 3272; x_wconf 88' lang='grc' dir='ltr'>Πνεύματι</span> <span class='ocrx_word' id='word_1_446' title='bbox 662 3200 764 3272; x_wconf 81' lang='grc' dir='ltr'>τὴν</span> <span class='ocrx_word' id='word_1_447' title='bbox 791 3200 946 3267; x_wconf 82' lang='grc' dir='ltr'>δόξαν</span> <span class='ocrx_word' id='word_1_448' title='bbox 973 3201 1326 3272; x_wconf 85' lang='grc' dir='ltr'>προσάγομεν</span> <span class='ocrx_word' id='word_1_449' title='bbox 1357 3200 1435 3272; x_wconf 80' lang='grc' dir='ltr'>τῷ</span> <span class='ocrx_word' id='word_1_450' title='bbox 1466 3201 1606 3273; x_wconf 82' lang='grc' dir='ltr'>Θεῷ,</span> <span class='ocrx_word' id='word_1_451' title='bbox 1636 3203 1730 3254; x_wconf 78' lang='grc' dir='ltr'>καὶ</span> 
     </span>
    </p>
   </div>
   <div class='ocr_carea' id='block_1_64' title="bbox 164 3291 1730 3364">
    <p class='ocr_par' dir='ltr' id='par_1_64' title="bbox 164 3291 1730 3364">
     <span class='ocr_line' id='line_1_64' title="bbox 164 3291 1730 3364; baseline 0.002 -19"><span class='ocrx_word' id='word_1_452' title='bbox 164 3291 244 3345; x_wconf 77' lang='grc' dir='ltr'>σὺν</span> <span class='ocrx_word' id='word_1_453' title='bbox 283 3291 358 3363; x_wconf 84' lang='grc' dir='ltr'>τῷ</span> <span class='ocrx_word' id='word_1_454' title='bbox 401 3292 696 3363; x_wconf 85' lang='grc' dir='ltr'>Πνεύματι</span> <span class='ocrx_word' id='word_1_455' title='bbox 719 3309 734 3324; x_wconf 88' lang='grc'><strong>·</strong></span> <span class='ocrx_word' id='word_1_456' title='bbox 787 3293 938 3346; x_wconf 79' lang='grc' dir='ltr'>οὐδὲν</span> <span class='ocrx_word' id='word_1_457' title='bbox 982 3294 1254 3364; x_wconf 78' lang='grc' dir='ltr'>ἡμέτερον</span> <span class='ocrx_word' id='word_1_458' title='bbox 1296 3293 1578 3363; x_wconf 88' lang='grc' dir='ltr'>λέγοντες,</span> <span class='ocrx_word' id='word_1_459' title='bbox 1614 3294 1730 3348; x_wconf 86' lang='grc' dir='ltr'>ἀλλ’</span> 
     </span>
    </p>
   </div>
   <div class='ocr_carea' id='block_1_65' title="bbox 161 3381 1727 3457">
    <p class='ocr_par' dir='ltr' id='par_1_65' title="bbox 161 3381 1727 3457">
     <span class='ocr_line' id='line_1_65' title="bbox 161 3381 1727 3457; baseline 0.004 -24"><span class='ocrx_word' id='word_1_460' title='bbox 161 3381 323 3456; x_wconf 78' lang='grc' dir='ltr'>ὥσπερ</span> <span class='ocrx_word' id='word_1_461' title='bbox 362 3385 473 3438; x_wconf 80' lang='grc' dir='ltr'>ἀπὸ</span> <span class='ocrx_word' id='word_1_462' title='bbox 520 3385 773 3448; x_wconf 86' lang='grc' dir='ltr'>κανόνος,</span> <span class='ocrx_word' id='word_1_463' title='bbox 824 3386 924 3456; x_wconf 83' lang='grc' dir='ltr'>τῆς</span> <span class='ocrx_word' id='word_1_464' title='bbox 964 3385 1058 3439; x_wconf 89' lang='grc' dir='ltr'><strong>τοῦ</strong></span> <span class='ocrx_word' id='word_1_465' title='bbox 1104 3385 1310 3457; x_wconf 87' lang='grc' dir='ltr'>Κυρίου</span> <span class='ocrx_word' id='word_1_466' title='bbox 1359 3385 1727 3452; x_wconf 85' lang='grc' dir='ltr'>διδασκαλίας,</span> 
     </span>
    </p>
   </div>
   <div class='ocr_carea' id='block_1_66' title="bbox 161 3475 1740 3550">
    <p class='ocr_par' dir='ltr' id='par_1_66' title="bbox 161 3475 1740 3550">
     <span class='ocr_line' id='line_1_66' title="bbox 161 3475 1740 3550; baseline 0.004 -24"><span class='ocrx_word' id='word_1_467' title='bbox 161 3475 236 3528; x_wconf 74' lang='grc' dir='ltr'><strong>ἐπὶ</strong></span> <span class='ocrx_word' id='word_1_468' title='bbox 259 3478 323 3531; x_wconf 73' lang='grc' dir='ltr'><strong>τὰ</strong></span> <span class='ocrx_word' id='word_1_469' title='bbox 351 3477 610 3550; x_wconf 81' lang='grc' dir='ltr'>προσεχῆ</span> <span class='ocrx_word' id='word_1_470' title='bbox 638 3478 732 3530; x_wconf 78' lang='grc' dir='ltr'>καὶ</span> <span class='ocrx_word' id='word_1_471' title='bbox 759 3478 1006 3548; x_wconf 85' lang='grc' dir='ltr'>ἀλλήλων</span> <span class='ocrx_word' id='word_1_472' title='bbox 1028 3479 1283 3550; x_wconf 78' lang='grc' dir='ltr'>ἐχόμενα,</span> <span class='ocrx_word' id='word_1_473' title='bbox 1307 3479 1403 3533; x_wconf 78' lang='grc' dir='ltr'>καὶ</span> <span class='ocrx_word' id='word_1_474' title='bbox 1427 3479 1740 3548; x_wconf 87' lang='grc' dir='ltr'>ἀναγκαίαν·</span> 
     </span>
    </p>
   </div>
   <div class='ocr_carea' id='block_1_67' title="bbox 159 3566 1730 3644">
    <p class='ocr_par' dir='ltr' id='par_1_67' title="bbox 159 3566 1730 3644">
     <span class='ocr_line' id='line_1_67' title="bbox 159 3566 1730 3644; baseline 0.005 -27"><span class='ocrx_word' id='word_1_475' title='bbox 159 3566 206 3620; x_wconf 80' lang='grc' dir='ltr'>ὲν</span> <span class='ocrx_word' id='word_1_476' title='bbox 231 3573 334 3636; x_wconf 78' lang='grc' dir='ltr'>τοῖς</span> <span class='ocrx_word' id='word_1_477' title='bbox 367 3572 704 3644; x_wconf 82' lang='grc' dir='ltr'>μυστηρίοις</span> <span class='ocrx_word' id='word_1_478' title='bbox 740 3571 852 3640; x_wconf 78' lang='lat'><strong>(73&#39;)</strong></span> <span class='ocrx_word' id='word_1_479' title='bbox 892 3570 990 3642; x_wconf 80' lang='grc' dir='ltr'>τὴν</span> <span class='ocrx_word' id='word_1_480' title='bbox 1038 3572 1337 3641; x_wconf 84' lang='grc' dir='ltr'>συνάφειαν</span> <span class='ocrx_word' id='word_1_481' title='bbox 1372 3570 1586 3641; x_wconf 74' lang='grc' dir='ltr'>ἔχοντα,</span> <span class='ocrx_word' id='word_1_482' title='bbox 1629 3571 1730 3641; x_wconf 80' lang='grc' dir='ltr'>τὴν</span> 
     </span>
    </p>
   </div>
   <div class='ocr_carea' id='block_1_68' title="bbox 159 3655 1730 3731">
    <p class='ocr_par' dir='ltr' id='par_1_68' title="bbox 159 3655 1730 3731">
     <span class='ocr_line' id='line_1_68' title="bbox 159 3655 1730 3731; baseline 0.003 -23"><span class='ocrx_word' id='word_1_483' title='bbox 159 3655 313 3726; x_wconf 71' lang='grc' dir='ltr'>φωνὴν</span> <span class='ocrx_word' id='word_1_484' title='bbox 344 3660 781 3731; x_wconf 78' lang='grc' dir='ltr'>μεταφέροντες.</span> <span class='ocrx_word' id='word_1_485' title='bbox 813 3659 888 3711; x_wconf 86' lang='grc' dir='ltr'>Τὸ</span> <span class='ocrx_word' id='word_1_486' title='bbox 925 3659 1035 3730; x_wconf 85' lang='grc' dir='ltr'><strong>γὰρ</strong></span> <span class='ocrx_word' id='word_1_487' title='bbox 1075 3660 1169 3713; x_wconf 76' lang='grc' dir='ltr'>ἐπὶ</span> <span class='ocrx_word' id='word_1_488' title='bbox 1213 3659 1308 3713; x_wconf 88' lang='grc' dir='ltr'><strong>τοῦ</strong></span> <span class='ocrx_word' id='word_1_489' title='bbox 1353 3659 1730 3731; x_wconf 86' lang='grc' dir='ltr'>βαπτίσματος</span> 
     </span>
    </p>
   </div>
   <div class='ocr_carea' id='block_1_69' title="bbox 157 3750 1728 3823">
    <p class='ocr_par' dir='ltr' id='par_1_69' title="bbox 157 3750 1728 3823">
     <span class='ocr_line' id='line_1_69' title="bbox 157 3750 1728 3823; baseline 0.004 -25"><span class='ocrx_word' id='word_1_490' title='bbox 157 3750 538 3822; x_wconf 72' lang='grc' dir='ltr'>ωναριθμηθὲν</span> <span class='ocrx_word' id='word_1_491' title='bbox 584 3750 904 3819; x_wconf 82' lang='grc' dir='ltr'>ἀναγκαίως</span> <span class='ocrx_word' id='word_1_492' title='bbox 948 3750 1211 3821; x_wconf 81' lang='grc' dir='ltr'>ᾠήθημεν</span> <span class='ocrx_word' id='word_1_493' title='bbox 1237 3751 1349 3805; x_wconf 84' lang='grc' dir='ltr'>δεῖν</span> <span class='ocrx_word' id='word_1_494' title='bbox 1387 3751 1484 3805; x_wconf 76' lang='grc' dir='ltr'>καὶ</span> <span class='ocrx_word' id='word_1_495' title='bbox 1505 3751 1600 3804; x_wconf 75' lang='grc' dir='ltr'><strong>ἐπὶ</strong></span> <span class='ocrx_word' id='word_1_496' title='bbox 1629 3751 1728 3823; x_wconf 84' lang='grc' dir='ltr'>τῆς</span> 
     </span>
    </p>
   </div>
   <div class='ocr_carea' id='block_1_70' title="bbox 157 3840 1728 3916">
    <p class='ocr_par' dir='ltr' id='par_1_70' title="bbox 157 3840 1728 3916">
     <span class='ocr_line' id='line_1_70' title="bbox 157 3840 1728 3916; baseline 0.003 -25"><span class='ocrx_word' id='word_1_497' title='bbox 157 3840 361 3907; x_wconf 76' lang='grc' dir='ltr'>πίστεως</span> <span class='ocrx_word' id='word_1_498' title='bbox 386 3844 767 3916; x_wconf 85' lang='grc' dir='ltr'>συναρμόσαι.</span> <span class='ocrx_word' id='word_1_499' title='bbox 794 3843 906 3914; x_wconf 83' lang='grc' dir='ltr'>Τὴν</span> <span class='ocrx_word' id='word_1_500' title='bbox 947 3843 1005 3895; x_wconf 84' lang='grc' dir='ltr'>δὲ</span> <span class='ocrx_word' id='word_1_501' title='bbox 1038 3843 1330 3912; x_wconf 87' lang='grc' dir='ltr'>ὁμολογίαν</span> <span class='ocrx_word' id='word_1_502' title='bbox 1361 3843 1462 3913; x_wconf 85' lang='grc' dir='ltr'>τῆς</span> <span class='ocrx_word' id='word_1_503' title='bbox 1488 3841 1728 3907; x_wconf 86' lang='grc' dir='ltr'>πίστεως</span> 
     </span>
    </p>
   </div>
   <div class='ocr_carea' id='block_1_71' title="bbox 152 3925 1728 4007">
    <p class='ocr_par' dir='ltr' id='par_1_71' title="bbox 152 3925 1728 4007">
     <span class='ocr_line' id='line_1_71' title="bbox 152 3925 1728 4007; baseline 0.001 -20"><span class='ocrx_word' id='word_1_504' title='bbox 152 3925 242 3987; x_wconf 76' lang='grc' dir='ltr'>οἷον</span> <span class='ocrx_word' id='word_1_505' title='bbox 269 3935 438 4007; x_wconf 83' lang='grc' dir='ltr'>ἀρχήν</span> <span class='ocrx_word' id='word_1_506' title='bbox 486 3953 622 3990; x_wconf 87' lang='grc' dir='ltr'>τινα</span> <span class='ocrx_word' id='word_1_507' title='bbox 657 3936 756 3988; x_wconf 75' lang='grc' dir='ltr'>καὶ</span> <span class='ocrx_word' id='word_1_508' title='bbox 788 3934 1000 4006; x_wconf 87' lang='grc' dir='ltr'>μητέρα</span> <span class='ocrx_word' id='word_1_509' title='bbox 1048 3934 1147 4004; x_wconf 78' lang='grc' dir='ltr'>τῆς</span> <span class='ocrx_word' id='word_1_510' title='bbox 1191 3933 1500 4002; x_wconf 79' lang='grc' dir='ltr'>δοξολογίας</span> <span class='ocrx_word' id='word_1_511' title='bbox 1537 3936 1728 4004; x_wconf 77' lang='grc' dir='ltr'>ἐποιη-</span> 
     </span>
    </p>
   </div>
   <div class='ocr_carea' id='block_1_72' title="bbox 152 4022 1727 4095">
    <p class='ocr_par' dir='ltr' id='par_1_72' title="bbox 152 4022 1727 4095">
     <span class='ocr_line' id='line_1_72' title="bbox 152 4022 1727 4095; baseline 0.003 -23"><span class='ocrx_word' id='word_1_512' title='bbox 152 4022 358 4090; x_wconf 74' lang='grc' dir='ltr'>σάμεθα.</span> <span class='ocrx_word' id='word_1_513' title='bbox 403 4025 576 4078; x_wconf 84' lang='grc' dir='ltr'>Ἀλλὰ</span> <span class='ocrx_word' id='word_1_514' title='bbox 615 4023 672 4078; x_wconf 85' lang='grc' dir='ltr'><strong>τί</strong></span> <span class='ocrx_word' id='word_1_515' title='bbox 707 4022 813 4095; x_wconf 83' lang='grc' dir='ltr'><strong>χρὴ</strong></span> <span class='ocrx_word' id='word_1_516' title='bbox 847 4024 1057 4089; x_wconf 83' lang='grc' dir='ltr'>ποιεῖν;</span> <span class='ocrx_word' id='word_1_517' title='bbox 1108 4022 1224 4076; x_wconf 88' lang='grc' dir='ltr'>Νῦν</span> <span class='ocrx_word' id='word_1_518' title='bbox 1262 4023 1371 4094; x_wconf 79' lang='grc' dir='ltr'>γὰρ</span> <span class='ocrx_word' id='word_1_519' title='bbox 1401 4024 1547 4095; x_wconf 81' lang='grc' dir='ltr'>ἡμᾶς</span> <span class='ocrx_word' id='word_1_520' title='bbox 1584 4022 1727 4076; x_wconf 81' lang='grc' dir='ltr'>διδα-</span> 
     </span>
    </p>
   </div>
   <div class='ocr_carea' id='block_1_73' title="bbox 149 4113 1726 4188">
    <p class='ocr_par' dir='ltr' id='par_1_73' title="bbox 149 4113 1726 4188">
     <span class='ocr_line' id='line_1_73' title="bbox 149 4113 1726 4188; baseline 0.012 -21"><span class='ocrx_word' id='word_1_521' title='bbox 149 4115 431 4184; x_wconf 73' lang='grc' dir='ltr'>σκέτωσαν,</span> <span class='ocrx_word' id='word_1_522' title='bbox 493 4119 575 4188; x_wconf 86' lang='grc' dir='ltr'>μὴ</span> <span class='ocrx_word' id='word_1_523' title='bbox 634 4115 921 4186; x_wconf 73' lang='grc' dir='ltr'>βαπτίζειν</span> <span class='ocrx_word' id='word_1_524' title='bbox 971 4115 1047 4178; x_wconf 81' lang='grc' dir='ltr'><strong>ὡς</strong></span> <span class='ocrx_word' id='word_1_525' title='bbox 1102 4115 1514 4186; x_wconf 76' lang='grc' dir='ltr'>παρελάϐομεν·</span> <span class='ocrx_word' id='word_1_526' title='bbox 1559 4115 1593 4187; x_wconf 71' lang='grc' dir='ltr'><strong>ἢ</strong></span> <span class='ocrx_word' id='word_1_527' title='bbox 1651 4113 1726 4186; x_wconf 71' lang='grc' dir='ltr'><strong>μὴ</strong></span> 
     </span>
    </p>
   </div>
   <div class='ocr_carea' id='block_1_74' title="bbox 149 4203 1726 4278">
    <p class='ocr_par' dir='ltr' id='par_1_74' title="bbox 149 4203 1726 4278">
     <span class='ocr_line' id='line_1_74' title="bbox 149 4203 1726 4278; baseline 0.003 -24"><span class='ocrx_word' id='word_1_528' title='bbox 149 4207 416 4272; x_wconf 75' lang='grc' dir='ltr'>πιστεύειν,</span> <span class='ocrx_word' id='word_1_529' title='bbox 469 4208 553 4271; x_wconf 83' lang='grc' dir='ltr'>ὡς</span> <span class='ocrx_word' id='word_1_530' title='bbox 605 4205 1062 4276; x_wconf 62' lang='grc' dir='ltr'><strong>ἐϐαπτίσθημεν⁸</strong></span> <span class='ocrx_word' id='word_1_531' title='bbox 1104 4205 1137 4278; x_wconf 78' lang='grc' dir='ltr'>ἢ</span> <span class='ocrx_word' id='word_1_532' title='bbox 1209 4206 1283 4277; x_wconf 86' lang='grc' dir='ltr'>μὴ</span> <span class='ocrx_word' id='word_1_533' title='bbox 1329 4203 1593 4270; x_wconf 74' lang='grc' dir='ltr'>δοξάζειν,</span> <span class='ocrx_word' id='word_1_534' title='bbox 1648 4205 1726 4270; x_wconf 87' lang='grc' dir='ltr'>ὡς</span> 
     </span>
    </p>
   </div>
   <div class='ocr_carea' id='block_1_75' title="bbox 146 4296 1726 4369">
    <p class='ocr_par' dir='ltr' id='par_1_75' title="bbox 146 4296 1726 4369">
     <span class='ocr_line' id='line_1_75' title="bbox 146 4296 1726 4369; baseline 0.001 -21"><span class='ocrx_word' id='word_1_535' title='bbox 146 4300 600 4369; x_wconf 74' lang='grc' dir='ltr'>πεπιστεύκαμεν.</span> <span class='ocrx_word' id='word_1_536' title='bbox 654 4297 932 4350; x_wconf 85' lang='grc' dir='ltr'>Δεικνύτω</span> <span class='ocrx_word' id='word_1_537' title='bbox 961 4297 1072 4368; x_wconf 82' lang='grc' dir='ltr'>γάρ</span> <span class='ocrx_word' id='word_1_538' title='bbox 1101 4313 1185 4361; x_wconf 88' lang='grc' dir='ltr'><strong>τις</strong></span> <span class='ocrx_word' id='word_1_539' title='bbox 1217 4297 1250 4368; x_wconf 86' lang='grc' dir='ltr'>ἣ</span> <span class='ocrx_word' id='word_1_540' title='bbox 1305 4296 1382 4359; x_wconf 86' lang='grc' dir='ltr'>ὼς</span> <span class='ocrx_word' id='word_1_541' title='bbox 1427 4297 1527 4349; x_wconf 85' lang='grc' dir='ltr'>οὐκ</span> <span class='ocrx_word' id='word_1_542' title='bbox 1558 4297 1726 4365; x_wconf 83' lang='grc' dir='ltr'>ἀναγ-</span> 
     </span>
    </p>
   </div>
   <div class='ocr_carea' id='block_1_76' title="bbox 147 4387 1722 4463">
    <p class='ocr_par' dir='ltr' id='par_1_76' title="bbox 147 4387 1722 4463">
     <span class='ocr_line' id='line_1_76' title="bbox 147 4387 1722 4463; baseline 0 -22"><span class='ocrx_word' id='word_1_543' title='bbox 147 4391 255 4443; x_wconf 66' lang='lat' dir='ltr'><strong>ut:</strong></span> <span class='ocrx_word' id='word_1_544' title='bbox 287 4393 379 4444; x_wconf 82' lang='grc' dir='ltr'>καὶ</span> <span class='ocrx_word' id='word_1_545' title='bbox 419 4392 720 4463; x_wconf 67' lang='grc' dir='ltr'>ἄρρηκτος</span> <span class='ocrx_word' id='word_1_546' title='bbox 743 4390 777 4460; x_wconf 90' lang='grc' dir='ltr'><strong>ή</strong></span> <span class='ocrx_word' id='word_1_547' title='bbox 801 4389 938 4461; x_wconf 86' lang='grc' dir='ltr'>πρὸς</span> <span class='ocrx_word' id='word_1_548' title='bbox 960 4388 1164 4460; x_wconf 77' lang='grc' dir='ltr'>ἄλληλα</span> <span class='ocrx_word' id='word_1_549' title='bbox 1184 4388 1388 4442; x_wconf 91' lang='grc' dir='ltr'>τούτων</span> <span class='ocrx_word' id='word_1_550' title='bbox 1411 4387 1722 4454; x_wconf 84' lang='grc' dir='ltr'>ἀκολουθία,</span> 
     </span>
    </p>
   </div>
   <div class='ocr_carea' id='block_1_77' title="bbox 1834 3197 3419 3273">
    <p class='ocr_par' dir='ltr' id='par_1_77' title="bbox 1834 3197 3419 3273">
     <span class='ocr_line' id='line_1_77' title="bbox 1834 3197 3419 3273; baseline 0.003 -21"><span class='ocrx_word' id='word_1_551' title='bbox 1834 3207 1920 3254; x_wconf 90' lang='lat' dir='ltr'><strong>est</strong></span> <span class='ocrx_word' id='word_1_552' title='bbox 1949 3198 2324 3254; x_wconf 86' lang='lat' dir='ltr'><strong>enuntiantes.</strong></span> <span class='ocrx_word' id='word_1_553' title='bbox 2375 3198 2468 3252; x_wconf 90' lang='lat' dir='ltr'><strong>Sic</strong></span> <span class='ocrx_word' id='word_1_554' title='bbox 2507 3206 2562 3253; x_wconf 89' lang='lat' dir='ltr'><strong>et</strong></span> <span class='ocrx_word' id='word_1_555' title='bbox 2605 3199 2660 3252; x_wconf 90' lang='lat' dir='ltr'><strong>in</strong></span> <span class='ocrx_word' id='word_1_556' title='bbox 2694 3197 2903 3268; x_wconf 87' lang='lat' dir='ltr'><strong>Spiritu</strong></span> <span class='ocrx_word' id='word_1_557' title='bbox 2947 3209 3003 3256; x_wconf 92' lang='lat' dir='ltr'><strong>et</strong></span> <span class='ocrx_word' id='word_1_558' title='bbox 3037 3217 3166 3256; x_wconf 88' lang='lat' dir='ltr'><strong>cum</strong></span> <span class='ocrx_word' id='word_1_559' title='bbox 3212 3200 3419 3273; x_wconf 89' lang='lat' dir='ltr'><strong>Spiritu</strong></span> 
     </span>
    </p>
   </div>
   <div class='ocr_carea' id='block_1_78' title="bbox 1833 3290 3416 3361">
    <p class='ocr_par' dir='ltr' id='par_1_78' title="bbox 1833 3290 3416 3361">
     <span class='ocr_line' id='line_1_78' title="bbox 1833 3290 3416 3361; baseline 0.001 -14"><span class='ocrx_word' id='word_1_560' title='bbox 1833 3292 2120 3348; x_wconf 78' lang='lat' dir='ltr'><strong>offerimus</strong></span> <span class='ocrx_word' id='word_1_561' title='bbox 2172 3291 2404 3361; x_wconf 72' lang='lat' dir='ltr'><strong>gloriam</strong></span> <span class='ocrx_word' id='word_1_562' title='bbox 2452 3290 2563 3345; x_wconf 91' lang='lat' dir='ltr'><strong>Deo</strong></span> <span class='ocrx_word' id='word_1_563' title='bbox 2607 3308 2622 3344; x_wconf 88' lang='lat'><strong>:</strong></span> <span class='ocrx_word' id='word_1_564' title='bbox 2670 3291 2806 3344; x_wconf 91' lang='lat' dir='ltr'><strong>nihil</strong></span> <span class='ocrx_word' id='word_1_565' title='bbox 2838 3306 2906 3346; x_wconf 82' lang='lat' dir='ltr'><strong>ex</strong></span> <span class='ocrx_word' id='word_1_566' title='bbox 2936 3293 3098 3348; x_wconf 87' lang='lat' dir='ltr'><strong>nobis</strong></span> <span class='ocrx_word' id='word_1_567' title='bbox 3144 3293 3416 3359; x_wconf 81' lang='lat' dir='ltr'><strong>dicentes,</strong></span> 
     </span>
    </p>
   </div>
   <div class='ocr_carea' id='block_1_79' title="bbox 1833 3381 3417 3454">
    <p class='ocr_par' dir='ltr' id='par_1_79' title="bbox 1833 3381 3417 3454">
     <span class='ocr_line' id='line_1_79' title="bbox 1833 3381 3417 3454; baseline -0.001 -14"><span class='ocrx_word' id='word_1_568' title='bbox 1833 3384 1929 3440; x_wconf 86' lang='lat' dir='ltr'><strong>sed</strong></span> <span class='ocrx_word' id='word_1_569' title='bbox 1964 3398 2030 3437; x_wconf 81' lang='lat' dir='ltr'><strong>ex</strong></span> <span class='ocrx_word' id='word_1_570' title='bbox 2077 3383 2281 3438; x_wconf 88' lang='lat' dir='ltr'><strong>tradita</strong></span> <span class='ocrx_word' id='word_1_571' title='bbox 2313 3397 2343 3436; x_wconf 90' lang='lat' dir='ltr'><strong>a</strong></span> <span class='ocrx_word' id='word_1_572' title='bbox 2376 3381 2604 3437; x_wconf 88' lang='lat' dir='ltr'><strong>Domino</strong></span> <span class='ocrx_word' id='word_1_573' title='bbox 2645 3381 2918 3446; x_wconf 87' lang='lat' dir='ltr'><strong>doctrina,</strong></span> <span class='ocrx_word' id='word_1_574' title='bbox 2953 3385 3102 3438; x_wconf 86' lang='lat' dir='ltr'><strong>velut</strong></span> <span class='ocrx_word' id='word_1_575' title='bbox 3141 3400 3171 3439; x_wconf 93' lang='lat' dir='ltr'><strong>e</strong></span> <span class='ocrx_word' id='word_1_576' title='bbox 3205 3386 3417 3454; x_wconf 76' lang='lat' dir='ltr'><strong>regula,</strong></span> 
     </span>
    </p>
   </div>
   <div class='ocr_carea' id='block_1_80' title="bbox 1833 3473 3419 3548">
    <p class='ocr_par' dir='ltr' id='par_1_80' title="bbox 1833 3473 3419 3548">
     <span class='ocr_line' id='line_1_80' title="bbox 1833 3473 3419 3548; baseline 0.001 -17"><span class='ocrx_word' id='word_1_577' title='bbox 1833 3476 1900 3531; x_wconf 88' lang='lat' dir='ltr'><strong>ad</strong></span> <span class='ocrx_word' id='word_1_578' title='bbox 1926 3491 1991 3530; x_wconf 89' lang='lat' dir='ltr'><strong>ea</strong></span> <span class='ocrx_word' id='word_1_579' title='bbox 2019 3491 2141 3545; x_wconf 70' lang='lat' dir='ltr'><strong>quae</strong></span> <span class='ocrx_word' id='word_1_580' title='bbox 2169 3473 2468 3543; x_wconf 88' lang='lat' dir='ltr'><strong>conjuncta</strong></span> <span class='ocrx_word' id='word_1_581' title='bbox 2515 3482 2668 3540; x_wconf 91' lang='lat' dir='ltr'><strong>sunt,</strong></span> <span class='ocrx_word' id='word_1_582' title='bbox 2719 3477 2932 3548; x_wconf 91' lang='lat' dir='ltr'><strong>sibique</strong></span> <span class='ocrx_word' id='word_1_583' title='bbox 2980 3477 3212 3532; x_wconf 90' lang='lat' dir='ltr'><strong>invicem</strong></span> <span class='ocrx_word' id='word_1_584' title='bbox 3240 3478 3419 3533; x_wconf 73' lang='lat' dir='ltr'><strong>coha-</strong></span> 
     </span>
    </p>
   </div>
   <div class='ocr_carea' id='block_1_81' title="bbox 1831 3567 3418 3640">
    <p class='ocr_par' dir='ltr' id='par_1_81' title="bbox 1831 3567 3418 3640">
     <span class='ocr_line' id='line_1_81' title="bbox 1831 3567 3418 3640; baseline 0.001 -18"><span class='ocrx_word' id='word_1_585' title='bbox 1831 3576 1977 3634; x_wconf 89' lang='lat' dir='ltr'><strong>rent,</strong></span> <span class='ocrx_word' id='word_1_586' title='bbox 2035 3583 2100 3623; x_wconf 89' lang='lat' dir='ltr'><strong>ac</strong></span> <span class='ocrx_word' id='word_1_587' title='bbox 2148 3569 2516 3622; x_wconf 86' lang='lat' dir='ltr'><strong>necessariam</strong></span> <span class='ocrx_word' id='word_1_588' title='bbox 2560 3567 2615 3621; x_wconf 93' lang='lat' dir='ltr'><strong>in</strong></span> <span class='ocrx_word' id='word_1_589' title='bbox 2679 3569 2959 3640; x_wconf 89' lang='lat' dir='ltr'><strong>mysteriis</strong></span> <span class='ocrx_word' id='word_1_590' title='bbox 3011 3569 3418 3639; x_wconf 88' lang='lat' dir='ltr'><strong>copulationem</strong></span> 
     </span>
    </p>
   </div>
   <div class='ocr_carea' id='block_1_82' title="bbox 1832 3658 3414 3731">
    <p class='ocr_par' dir='ltr' id='par_1_82' title="bbox 1832 3658 3414 3731">
     <span class='ocr_line' id='line_1_82' title="bbox 1832 3658 3414 3731; baseline 0.001 -17"><span class='ocrx_word' id='word_1_591' title='bbox 1832 3660 2059 3724; x_wconf 85' lang='lat' dir='ltr'><strong>habent,</strong></span> <span class='ocrx_word' id='word_1_592' title='bbox 2104 3659 2404 3714; x_wconf 88' lang='lat' dir='ltr'><strong>dictionem</strong></span> <span class='ocrx_word' id='word_1_593' title='bbox 2447 3658 2864 3715; x_wconf 79' lang='lat' dir='ltr'><strong>transferentes.</strong></span> <span class='ocrx_word' id='word_1_594' title='bbox 2905 3659 3039 3714; x_wconf 85' lang='lat' dir='ltr'><strong>Nam</strong></span> <span class='ocrx_word' id='word_1_595' title='bbox 3072 3675 3199 3715; x_wconf 89' lang='lat' dir='ltr'><strong>eum</strong></span> <span class='ocrx_word' id='word_1_596' title='bbox 3235 3661 3331 3731; x_wconf 90' lang='lat' dir='ltr'><strong>qui</strong></span> <span class='ocrx_word' id='word_1_597' title='bbox 3358 3661 3414 3716; x_wconf 91' lang='lat' dir='ltr'><strong>in</strong></span> 
     </span>
    </p>
   </div>
   <div class='ocr_carea' id='block_1_83' title="bbox 1831 3751 3418 3822">
    <p class='ocr_par' dir='ltr' id='par_1_83' title="bbox 1831 3751 3418 3822">
     <span class='ocr_line' id='line_1_83' title="bbox 1831 3751 3418 3822; baseline -0.001 -15"><span class='ocrx_word' id='word_1_598' title='bbox 1831 3752 2166 3822; x_wconf 90' lang='lat' dir='ltr'><strong>baptismate</strong></span> <span class='ocrx_word' id='word_1_599' title='bbox 2203 3758 2636 3805; x_wconf 89' lang='lat' dir='ltr'><strong>connumeratus</strong></span> <span class='ocrx_word' id='word_1_600' title='bbox 2681 3759 2797 3816; x_wconf 88' lang='lat' dir='ltr'><strong>est,</strong></span> <span class='ocrx_word' id='word_1_601' title='bbox 2842 3753 3157 3807; x_wconf 83' lang='lat' dir='ltr'><strong>necessario</strong></span> <span class='ocrx_word' id='word_1_602' title='bbox 3196 3751 3418 3822; x_wconf 86' lang='lat' dir='ltr'><strong>judica-</strong></span> 
     </span>
    </p>
   </div>
   <div class='ocr_carea' id='block_1_84' title="bbox 1830 3841 3416 3912">
    <p class='ocr_par' dir='ltr' id='par_1_84' title="bbox 1830 3841 3416 3912">
     <span class='ocr_line' id='line_1_84' title="bbox 1830 3841 3416 3912; baseline 0.003 -16"><span class='ocrx_word' id='word_1_603' title='bbox 1830 3858 1955 3897; x_wconf 91' lang='lat' dir='ltr'><strong>mus</strong></span> <span class='ocrx_word' id='word_1_604' title='bbox 1983 3849 2038 3897; x_wconf 90' lang='lat' dir='ltr'><strong>et</strong></span> <span class='ocrx_word' id='word_1_605' title='bbox 2067 3842 2122 3895; x_wconf 94' lang='lat' dir='ltr'><strong>in</strong></span> <span class='ocrx_word' id='word_1_606' title='bbox 2167 3841 2271 3896; x_wconf 88' lang='lat' dir='ltr'><strong>fide</strong></span> <span class='ocrx_word' id='word_1_607' title='bbox 2299 3848 2553 3911; x_wconf 87' lang='lat' dir='ltr'><strong>oportere</strong></span> <span class='ocrx_word' id='word_1_608' title='bbox 2585 3842 2850 3912; x_wconf 90' lang='lat' dir='ltr'><strong>copulari.</strong></span> <span class='ocrx_word' id='word_1_609' title='bbox 2883 3842 3286 3898; x_wconf 90' lang='lat' dir='ltr'><strong>Professioncm</strong></span> <span class='ocrx_word' id='word_1_610' title='bbox 3318 3861 3416 3900; x_wconf 83' lang='lat' dir='ltr'><strong>au-</strong></span> 
     </span>
    </p>
   </div>
   <div class='ocr_carea' id='block_1_85' title="bbox 1831 3933 3416 4006">
    <p class='ocr_par' dir='ltr' id='par_1_85' title="bbox 1831 3933 3416 4006">
     <span class='ocr_line' id='line_1_85' title="bbox 1831 3933 3416 4006; baseline 0.002 -19"><span class='ocrx_word' id='word_1_611' title='bbox 1831 3942 1937 3988; x_wconf 88' lang='lat' dir='ltr'><strong>tem</strong></span> <span class='ocrx_word' id='word_1_612' title='bbox 1967 3933 2114 4000; x_wconf 81' lang='lat' dir='ltr'><strong>fidei,</strong></span> <span class='ocrx_word' id='word_1_613' title='bbox 2144 3934 2296 3987; x_wconf 86' lang='lat' dir='ltr'><strong>velut</strong></span> <span class='ocrx_word' id='word_1_614' title='bbox 2321 3933 2538 3986; x_wconf 88' lang='lat' dir='ltr'><strong>initium</strong></span> <span class='ocrx_word' id='word_1_615' title='bbox 2572 3933 2850 4002; x_wconf 82' lang='lat' dir='ltr'><strong>quoddam</strong></span> <span class='ocrx_word' id='word_1_616' title='bbox 2890 3949 2954 3988; x_wconf 90' lang='lat' dir='ltr'><strong>ac</strong></span> <span class='ocrx_word' id='word_1_617' title='bbox 2985 3943 3216 3990; x_wconf 86' lang='lat' dir='ltr'><strong>matrem</strong></span> <span class='ocrx_word' id='word_1_618' title='bbox 3251 3937 3416 4006; x_wconf 82' lang='lat' dir='ltr'><strong>glori-</strong></span> 
     </span>
    </p>
   </div>
   <div class='ocr_carea' id='block_1_86' title="bbox 1830 4020 3415 4090">
    <p class='ocr_par' dir='ltr' id='par_1_86' title="bbox 1830 4020 3415 4090">
     <span class='ocr_line' id='line_1_86' title="bbox 1830 4020 3415 4090; baseline 0.004 -15"><span class='ocrx_word' id='word_1_619' title='bbox 1830 4022 2102 4076; x_wconf 89' lang='lat' dir='ltr'><strong>ficationis</strong></span> <span class='ocrx_word' id='word_1_620' title='bbox 2139 4021 2388 4075; x_wconf 79' lang='lat' dir='ltr'><strong>fecimus.</strong></span> <span class='ocrx_word' id='word_1_621' title='bbox 2428 4020 2533 4075; x_wconf 86' lang='lat' dir='ltr'><strong>Sed</strong></span> <span class='ocrx_word' id='word_1_622' title='bbox 2575 4021 2707 4090; x_wconf 89' lang='lat' dir='ltr'><strong>quid</strong></span> <span class='ocrx_word' id='word_1_623' title='bbox 2752 4022 3064 4078; x_wconf 82' lang='lat' dir='ltr'><strong>faciendum</strong></span> <span class='ocrx_word' id='word_1_624' title='bbox 3107 4027 3233 4080; x_wconf 87' lang='lat' dir='ltr'><strong>est?</strong></span> <span class='ocrx_word' id='word_1_625' title='bbox 3258 4025 3415 4081; x_wconf 83' lang='lat' dir='ltr'><strong>Nunc</strong></span> 
     </span>
    </p>
   </div>
   <div class='ocr_carea' id='block_1_87' title="bbox 1828 4113 3414 4185">
    <p class='ocr_par' dir='ltr' id='par_1_87' title="bbox 1828 4113 3414 4185">
     <span class='ocr_line' id='line_1_87' title="bbox 1828 4113 3414 4185; baseline 0.004 -18"><span class='ocrx_word' id='word_1_626' title='bbox 1828 4115 1974 4168; x_wconf 91' lang='lat' dir='ltr'><strong>enim</strong></span> <span class='ocrx_word' id='word_1_627' title='bbox 2016 4114 2251 4167; x_wconf 80' lang='lat' dir='ltr'><strong>doceant</strong></span> <span class='ocrx_word' id='word_1_628' title='bbox 2278 4127 2399 4174; x_wconf 88' lang='lat' dir='ltr'><strong>nos,</strong></span> <span class='ocrx_word' id='word_1_629' title='bbox 2433 4127 2500 4166; x_wconf 90' lang='lat' dir='ltr'><strong>ne</strong></span> <span class='ocrx_word' id='word_1_630' title='bbox 2533 4113 2873 4182; x_wconf 85' lang='lat' dir='ltr'><strong>baptizemus</strong></span> <span class='ocrx_word' id='word_1_631' title='bbox 2895 4151 2911 4178; x_wconf 87' lang='lat'><strong>,</strong></span> <span class='ocrx_word' id='word_1_632' title='bbox 2952 4116 3414 4185; x_wconf 87' lang='lat' dir='ltr'><strong>quemadmodum</strong></span> 
     </span>
    </p>
   </div>
   <div class='ocr_carea' id='block_1_88' title="bbox 1842 4204 3417 4275">
    <p class='ocr_par' dir='ltr' id='par_1_88' title="bbox 1842 4204 3417 4275">
     <span class='ocr_line' id='line_1_88' title="bbox 1842 4204 3417 4275; baseline 0.002 -16"><span class='ocrx_word' id='word_1_633' title='bbox 1842 4206 2180 4275; x_wconf 79' lang='lat' dir='ltr'><strong>accepimus,</strong></span> <span class='ocrx_word' id='word_1_634' title='bbox 2214 4211 2307 4257; x_wconf 86' lang='lat' dir='ltr'><strong>aut</strong></span> <span class='ocrx_word' id='word_1_635' title='bbox 2340 4219 2409 4258; x_wconf 91' lang='lat' dir='ltr'><strong>ne</strong></span> <span class='ocrx_word' id='word_1_636' title='bbox 2447 4204 2759 4266; x_wconf 88' lang='lat' dir='ltr'><strong>credamus,</strong></span> <span class='ocrx_word' id='word_1_637' title='bbox 2812 4206 3272 4275; x_wconf 87' lang='lat' dir='ltr'><strong>quemadmodum</strong></span> <span class='ocrx_word' id='word_1_638' title='bbox 3317 4208 3417 4262; x_wconf 79' lang='lat' dir='ltr'><strong>ba-</strong></span> 
     </span>
    </p>
   </div>
   <div class='ocr_carea' id='block_1_89' title="bbox 1827 4295 3414 4368">
    <p class='ocr_par' dir='ltr' id='par_1_89' title="bbox 1827 4295 3414 4368">
     <span class='ocr_line' id='line_1_89' title="bbox 1827 4295 3414 4368; baseline 0.003 -19"><span class='ocrx_word' id='word_1_639' title='bbox 1827 4298 2018 4366; x_wconf 87' lang='lat' dir='ltr'><strong>ptizati</strong></span> <span class='ocrx_word' id='word_1_640' title='bbox 2051 4311 2267 4358; x_wconf 92' lang='lat' dir='ltr'><strong>sumus,</strong></span> <span class='ocrx_word' id='word_1_641' title='bbox 2296 4305 2392 4349; x_wconf 91' lang='lat' dir='ltr'><strong>aut</strong></span> <span class='ocrx_word' id='word_1_642' title='bbox 2420 4311 2487 4350; x_wconf 92' lang='lat' dir='ltr'><strong>ne</strong></span> <span class='ocrx_word' id='word_1_643' title='bbox 2519 4295 2912 4365; x_wconf 80' lang='lat' dir='ltr'><strong>glorificemus,</strong></span> <span class='ocrx_word' id='word_1_644' title='bbox 2953 4298 3414 4368; x_wconf 89' lang='lat' dir='ltr'><strong>quemadmodum</strong></span> 
     </span>
    </p>
   </div>
   <div class='ocr_carea' id='block_1_90' title="bbox 1828 4385 3416 4458">
    <p class='ocr_par' dir='ltr' id='par_1_90' title="bbox 1828 4385 3416 4458">
     <span class='ocr_line' id='line_1_90' title="bbox 1828 4385 3416 4458; baseline 0.004 -18"><span class='ocrx_word' id='word_1_645' title='bbox 1828 4387 2130 4441; x_wconf 90' lang='lat' dir='ltr'><strong>credimus.</strong></span> <span class='ocrx_word' id='word_1_646' title='bbox 2165 4385 2514 4441; x_wconf 88' lang='lat' dir='ltr'><strong>Demonstret</strong></span> <span class='ocrx_word' id='word_1_647' title='bbox 2556 4387 2704 4441; x_wconf 92' lang='lat' dir='ltr'><strong>enim</strong></span> <span class='ocrx_word' id='word_1_648' title='bbox 2736 4387 2958 4458; x_wconf 90' lang='lat' dir='ltr'><strong>aliquis,</strong></span> <span class='ocrx_word' id='word_1_649' title='bbox 3004 4395 3098 4443; x_wconf 93' lang='lat' dir='ltr'><strong>aut</strong></span> <span class='ocrx_word' id='word_1_650' title='bbox 3144 4405 3255 4444; x_wconf 93' lang='lat' dir='ltr'><strong>non</strong></span> <span class='ocrx_word' id='word_1_651' title='bbox 3293 4406 3416 4446; x_wconf 89' lang='lat' dir='ltr'><strong>esse</strong></span> 
     </span>
    </p>
   </div>
   <div class='ocr_carea' id='block_1_91' title="bbox 141 4477 1729 4555">
    <p class='ocr_par' dir='ltr' id='par_1_91' title="bbox 141 4477 1720 4555">
     <span class='ocr_line' id='line_1_91' title="bbox 141 4477 1720 4555; baseline -0.001 -21"><span class='ocrx_word' id='word_1_652' title='bbox 141 4479 256 4547; x_wconf 67' lang='grc' dir='ltr'>ἢὼς</span> <span class='ocrx_word' id='word_1_653' title='bbox 295 4484 416 4554; x_wconf 73' lang='grc' dir='ltr'><strong>οὐχὶ</strong></span> <span class='ocrx_word' id='word_1_654' title='bbox 448 4486 484 4554; x_wconf 84' lang='grc' dir='ltr'>ὴ</span> <span class='ocrx_word' id='word_1_655' title='bbox 525 4485 591 4555; x_wconf 82' lang='grc' dir='ltr'>ὲν</span> <span class='ocrx_word' id='word_1_656' title='bbox 621 4479 836 4545; x_wconf 84' lang='grc' dir='ltr'>τούτοις</span> <span class='ocrx_word' id='word_1_657' title='bbox 879 4479 1199 4550; x_wconf 87' lang='grc' dir='ltr'>καινοτομία</span> <span class='ocrx_word' id='word_1_658' title='bbox 1233 4477 1328 4532; x_wconf 82' lang='grc' dir='ltr'><strong>τοῦ</strong></span> <span class='ocrx_word' id='word_1_659' title='bbox 1375 4479 1576 4543; x_wconf 87' lang='grc' dir='ltr'>παντός</span> <span class='ocrx_word' id='word_1_660' title='bbox 1605 4479 1720 4534; x_wconf 77' lang='grc' dir='ltr'>ἐστι</span> 
     </span>
    </p>
   </div>
   <div class='ocr_carea' id='block_1_92' title="bbox 1841 4477 3416 4555">
    <p class='ocr_par' dir='ltr' id='par_1_92' title="bbox 1841 4479 3416 4538">
     <span class='ocr_line' id='line_1_92' title="bbox 1841 4479 3416 4538; baseline 0.004 -7"><span class='ocrx_word' id='word_1_661' title='bbox 1841 4479 2199 4534; x_wconf 73' lang='lat' dir='ltr'><strong>necessariam</strong></span> <span class='ocrx_word' id='word_1_662' title='bbox 2243 4488 2296 4534; x_wconf 92' lang='lat' dir='ltr'><strong>et</strong></span> <span class='ocrx_word' id='word_1_663' title='bbox 2342 4479 2672 4537; x_wconf 88' lang='lat' dir='ltr'><strong>indivulsam</strong></span> <span class='ocrx_word' id='word_1_664' title='bbox 2716 4480 2916 4535; x_wconf 89' lang='lat' dir='ltr'><strong>horum</strong></span> <span class='ocrx_word' id='word_1_665' title='bbox 2947 4481 3090 4537; x_wconf 91' lang='lat' dir='ltr'><strong>inter</strong></span> <span class='ocrx_word' id='word_1_666' title='bbox 3131 4497 3192 4537; x_wconf 90' lang='lat' dir='ltr'><strong>se</strong></span> <span class='ocrx_word' id='word_1_667' title='bbox 3225 4497 3416 4538; x_wconf 83' lang='lat' dir='ltr'><strong>conse-</strong></span> 
     </span>
    </p>
   </div>
   <div class='ocr_carea' id='block_1_93' title="bbox 140 4571 1713 4643">
    <p class='ocr_par' dir='ltr' id='par_1_93' title="bbox 140 4571 1713 4643">
     <span class='ocr_line' id='line_1_93' title="bbox 140 4571 1713 4643; baseline 0.002 -21"><span class='ocrx_word' id='word_1_668' title='bbox 140 4571 426 4638; x_wconf 75' lang='grc' dir='ltr'>κατάλυσις.</span> <span class='ocrx_word' id='word_1_669' title='bbox 474 4572 630 4628; x_wconf 85' lang='grc' dir='ltr'>Ἀλλ’</span> <span class='ocrx_word' id='word_1_670' title='bbox 663 4572 726 4626; x_wconf 81' lang='grc' dir='ltr'>οὐ</span> <span class='ocrx_word' id='word_1_671' title='bbox 769 4571 1033 4627; x_wconf 87' lang='grc' dir='ltr'>παύονται</span> <span class='ocrx_word' id='word_1_672' title='bbox 1063 4573 1177 4628; x_wconf 80' lang='grc' dir='ltr'>ἄνω</span> <span class='ocrx_word' id='word_1_673' title='bbox 1223 4571 1317 4625; x_wconf 81' lang='grc' dir='ltr'>καὶ</span> <span class='ocrx_word' id='word_1_674' title='bbox 1351 4572 1503 4626; x_wconf 84' lang='grc' dir='ltr'>κάτω</span> <span class='ocrx_word' id='word_1_675' title='bbox 1549 4571 1713 4643; x_wconf 86' lang='grc' dir='ltr'>θρυλ-</span> 
     </span>
    </p>
   </div>
   <div class='ocr_carea' id='block_1_94' title="bbox 137 4750 1720 4823">
    <p class='ocr_par' dir='ltr' id='par_1_94' title="bbox 137 4750 1720 4823">
     <span class='ocr_line' id='line_1_94' title="bbox 137 4750 1720 4823; baseline -0.001 -16"><span class='ocrx_word' id='word_1_676' title='bbox 137 4761 260 4823; x_wconf 65' lang='lat' dir='ltr'><strong>stant</strong></span> <span class='ocrx_word' id='word_1_677' title='bbox 289 4756 632 4811; x_wconf 89' lang='lat' dir='ltr'><strong>nominatim</strong></span> <span class='ocrx_word' id='word_1_678' title='bbox 662 4753 718 4808; x_wconf 92' lang='lat' dir='ltr'><strong>in</strong></span> <span class='ocrx_word' id='word_1_679' title='bbox 749 4753 1072 4823; x_wconf 84' lang='lat' dir='ltr'><strong>Scripturis.</strong></span> <span class='ocrx_word' id='word_1_680' title='bbox 1103 4750 1324 4807; x_wconf 90' lang='lat' dir='ltr'><strong>lnlibro</strong></span> <span class='ocrx_word' id='word_1_681' title='bbox 1347 4752 1463 4808; x_wconf 89' lang='lat' dir='ltr'><strong>sive</strong></span> <span class='ocrx_word' id='word_1_682' title='bbox 1489 4751 1720 4821; x_wconf 85' lang='lat' dir='ltr'><strong>epistola</strong></span> 
     </span>
    </p>
   </div>
   <div class='ocr_carea' id='block_1_95' title="bbox 138 4821 1720 4894">
    <p class='ocr_par' dir='ltr' id='par_1_95' title="bbox 138 4821 1720 4894">
     <span class='ocr_line' id='line_1_95' title="bbox 138 4821 1720 4894; baseline -0.002 -16"><span class='ocrx_word' id='word_1_683' title='bbox 138 4821 200 4878; x_wconf 85' lang='lat' dir='ltr'><strong>De</strong></span> <span class='ocrx_word' id='word_1_684' title='bbox 233 4826 346 4888; x_wconf 87' lang='lat' dir='ltr'><strong>fide,</strong></span> <span class='ocrx_word' id='word_1_685' title='bbox 383 4827 707 4880; x_wconf 65' lang='lat' dir='ltr'><strong>.‘loralibus</strong></span> <span class='ocrx_word' id='word_1_686' title='bbox 736 4821 978 4894; x_wconf 64' lang='lat' dir='ltr'><strong>praefixa,</strong></span> <span class='ocrx_word' id='word_1_687' title='bbox 1011 4839 1136 4878; x_wconf 90' lang='lat' dir='ltr'><strong>cum</strong></span> <span class='ocrx_word' id='word_1_688' title='bbox 1180 4824 1402 4892; x_wconf 86' lang='lat' dir='ltr'><strong>quidam</strong></span> <span class='ocrx_word' id='word_1_689' title='bbox 1441 4826 1509 4875; x_wconf 87' lang='lat' dir='ltr'><strong>ab</strong></span> <span class='ocrx_word' id='word_1_690' title='bbox 1537 4837 1607 4894; x_wconf 78' lang='lat' dir='ltr'><strong>eo_</strong></span> <span class='ocrx_word' id='word_1_691' title='bbox 1623 4837 1720 4894; x_wconf 90' lang='lat' dir='ltr'><strong>po-</strong></span> 
     </span>
    </p>
   </div>
   <div class='ocr_carea' id='block_1_96' title="bbox 138 4891 1720 4968">
    <p class='ocr_par' dir='ltr' id='par_1_96' title="bbox 138 4891 1720 4968">
     <span class='ocr_line' id='line_1_96' title="bbox 138 4891 1720 4968; baseline -0.002 -21"><span class='ocrx_word' id='word_1_692' title='bbox 138 4896 403 4951; x_wconf 78' lang='lat' dir='ltr'><strong>stulassent</strong></span> <span class='ocrx_word' id='word_1_693' title='bbox 424 4891 750 4968; x_wconf 59' lang='grc' dir='ltr'>ὁμολογίαν</span> <span class='ocrx_word' id='word_1_694' title='bbox 761 4894 1057 4968; x_wconf 71' lang='grc' dir='ltr'>ξγγραφον,</span> <span class='ocrx_word' id='word_1_695' title='bbox 1079 4891 1461 4964; x_wconf 70' lang='lat' dir='ltr'><strong>confessione»:</strong></span> <span class='ocrx_word' id='word_1_696' title='bbox 1482 4906 1547 4944; x_wconf 76' lang='lat' dir='ltr'><strong>ex</strong></span> <span class='ocrx_word' id='word_1_697' title='bbox 1571 4891 1720 4946; x_wconf 81' lang='lat' dir='ltr'><strong>Scri-</strong></span> 
     </span>
    </p>
   </div>
   <div class='ocr_carea' id='block_1_97' title="bbox 135 4963 1716 5034">
    <p class='ocr_par' dir='ltr' id='par_1_97' title="bbox 135 4963 1716 5034">
     <span class='ocr_line' id='line_1_97' title="bbox 135 4963 1716 5034; baseline 0.001 -20"><span class='ocrx_word' id='word_1_698' title='bbox 135 4969 278 5030; x_wconf 77' lang='lat' dir='ltr'><strong>pnm&#39;s</strong></span> <span class='ocrx_word' id='word_1_699' title='bbox 321 4963 578 5034; x_wconf 71' lang='lat' dir='ltr'><strong>petitom,</strong></span> <span class='ocrx_word' id='word_1_700' title='bbox 626 4981 686 5034; x_wconf 90' lang='lat' dir='ltr'><strong>p.</strong></span> <span class='ocrx_word' id='word_1_701' title='bbox 721 4964 848 5027; x_wconf 70' lang='lat'><strong>225,</strong></span> <span class='ocrx_word' id='word_1_702' title='bbox 869 4963 1171 5034; x_wconf 79' lang='lat' dir='ltr'><strong>profitetur</strong></span> <span class='ocrx_word' id='word_1_703' title='bbox 1213 4980 1273 5018; x_wconf 92' lang='lat' dir='ltr'><strong>se</strong></span> <span class='ocrx_word' id='word_1_704' title='bbox 1329 4978 1439 5034; x_wconf 92' lang='lat' dir='ltr'><strong>non</strong></span> <span class='ocrx_word' id='word_1_705' title='bbox 1485 4978 1716 5034; x_wconf 87' lang='lat' dir='ltr'><strong>usurum</strong></span> 
     </span>
    </p>
   </div>
   <div class='ocr_carea' id='block_1_98' title="bbox 136 5033 1719 5108">
    <p class='ocr_par' dir='ltr' id='par_1_98' title="bbox 136 5033 1719 5108">
     <span class='ocr_line' id='line_1_98' title="bbox 136 5033 1719 5108; baseline -0.001 -20"><span class='ocrx_word' id='word_1_706' title='bbox 136 5037 282 5090; x_wconf 69' lang='lat' dir='ltr'><strong>rerbis</strong></span> <span class='ocrx_word' id='word_1_707' title='bbox 308 5033 639 5108; x_wconf 47' lang='grc' dir='ltr'>ἀγράφοις(</span> <span class='ocrx_word' id='word_1_708' title='bbox 660 5035 716 5088; x_wconf 86' lang='lat' dir='ltr'><strong>id</strong></span> <span class='ocrx_word' id='word_1_709' title='bbox 763 5033 1038 5108; x_wconf 45' lang='lat' dir='ltr'><strong>estfqute</strong></span> <span class='ocrx_word' id='word_1_710' title='bbox 1065 5034 1120 5108; x_wconf 88' lang='lat' dir='ltr'><strong>in</strong></span> <span class='ocrx_word' id='word_1_711' title='bbox 1153 5033 1456 5108; x_wconf 74' lang='lat' dir='ltr'><strong>scripturis</strong></span> <span class='ocrx_word' id='word_1_712' title='bbox 1507 5033 1719 5108; x_wconf 83' lang='lat' dir='ltr'><strong>non_|e-</strong></span> 
     </span>
    </p>
   </div>
   <div class='ocr_carea' id='block_1_99' title="bbox 136 5054 1715 5173">
    <p class='ocr_par' dir='ltr' id='par_1_99' title="bbox 136 5054 1715 5173">
     <span class='ocr_line' id='line_1_99' title="bbox 138 5054 1715 5108; baseline -0.001 -20"><span class='ocrx_word' id='word_1_713' title='bbox 138 5054 282 5090; x_wconf 67' lang='lat' dir='ltr'><strong>terms</strong></span> <span class='ocrx_word' id='word_1_714' title='bbox 308 5054 343 5089; x_wconf 83' lang='grc' dir='ltr'><strong>α</strong></span> <span class='ocrx_word' id='word_1_715' title='bbox 419 5054 622 5108; x_wconf 79' lang='grc' dir='ltr'>αφοις,</span> <span class='ocrx_word' id='word_1_716' title='bbox 660 5054 716 5088; x_wconf 85' lang='lat' dir='ltr'><strong>Ia</strong></span> <span class='ocrx_word' id='word_1_717' title='bbox 763 5054 870 5099; x_wconf 72' lang='grc' dir='ltr'>εει,</span> <span class='ocrx_word' id='word_1_718' title='bbox 899 5054 1020 5103; x_wconf 74' lang='lat' dir='ltr'><strong>qua:</strong></span> <span class='ocrx_word' id='word_1_719' title='bbox 1065 5054 1120 5088; x_wconf 81' lang='lat' dir='ltr'><strong>tn</strong></span> <span class='ocrx_word' id='word_1_720' title='bbox 1153 5054 1456 5102; x_wconf 70' lang='lat' dir='ltr'><strong>ocrrptuns</strong></span> <span class='ocrx_word' id='word_1_721' title='bbox 1509 5054 1613 5086; x_wconf 89' lang='lat' dir='ltr'><strong>non</strong></span> <span class='ocrx_word' id='word_1_722' title='bbox 1649 5054 1715 5087; x_wconf 81' lang='lat' dir='ltr'><strong>te-</strong></span> 
     </span>
     <span class='ocr_line' id='line_1_100' title="bbox 136 5054 1715 5173; baseline -0.002 -12"><span class='ocrx_word' id='word_1_723' title='bbox 136 5116 324 5173; x_wconf 67' lang='lat' dir='ltr'><strong>guntur.</strong></span> <span class='ocrx_word' id='word_1_724' title='bbox 346 5054 526 5164; x_wconf 39' lang='lat' dir='ltr'><strong>{inde</strong></span> <span class='ocrx_word' id='word_1_725' title='bbox 577 5105 1074 5162; x_wconf 84' lang='lat' dir='ltr'><strong>Consubstantiale</strong></span> <span class='ocrx_word' id='word_1_726' title='bbox 1105 5105 1158 5158; x_wconf 92' lang='lat' dir='ltr'><strong>in</strong></span> <span class='ocrx_word' id='word_1_727' title='bbox 1205 5105 1294 5157; x_wconf 75' lang='lat' dir='ltr'><strong>illa</strong></span> <span class='ocrx_word' id='word_1_728' title='bbox 1328 5103 1454 5156; x_wconf 84' lang='lat' dir='ltr'><strong>fidei</strong></span> <span class='ocrx_word' id='word_1_729' title='bbox 1491 5101 1715 5158; x_wconf 88' lang='lat' dir='ltr'><strong>confes-</strong></span> 
     </span>
    </p>
   </div>
   <div class='ocr_carea' id='block_1_100' title="bbox 138 5173 1712 5248">
    <p class='ocr_par' dir='ltr' id='par_1_100' title="bbox 138 5173 1712 5248">
     <span class='ocr_line' id='line_1_101' title="bbox 138 5173 1712 5248; baseline -0.001 -22"><span class='ocrx_word' id='word_1_730' title='bbox 138 5178 263 5248; x_wconf 65' lang='lat' dir='ltr'><strong>sione</strong></span> <span class='ocrx_word' id='word_1_731' title='bbox 294 5194 405 5234; x_wconf 90' lang='lat' dir='ltr'><strong>non</strong></span> <span class='ocrx_word' id='word_1_732' title='bbox 453 5178 773 5248; x_wconf 88' lang='lat' dir='ltr'><strong>reperitur.</strong></span> <span class='ocrx_word' id='word_1_733' title='bbox 805 5175 996 5228; x_wconf 85' lang='lat' dir='ltr'><strong>Ariani</strong></span> <span class='ocrx_word' id='word_1_734' title='bbox 1039 5175 1183 5248; x_wconf 66' lang='lat' dir='ltr'><strong>apud</strong></span> <span class='ocrx_word' id='word_1_735' title='bbox 1227 5174 1588 5248; x_wconf 67' lang='lat' dir='ltr'><strong>Athanasium</strong></span> <span class='ocrx_word' id='word_1_736' title='bbox 1621 5173 1712 5248; x_wconf 78' lang='lat' dir='ltr'><strong>lib.</strong></span> 
     </span>
    </p>
   </div>
   <div class='ocr_carea' id='block_1_101' title="bbox 139 5242 1720 5318">
    <p class='ocr_par' dir='ltr' id='par_1_101' title="bbox 139 5242 1720 5318">
     <span class='ocr_line' id='line_1_102' title="bbox 139 5242 1720 5318; baseline -0.003 -17"><span class='ocrx_word' id='word_1_737' title='bbox 139 5242 196 5301; x_wconf 78' lang='lat' dir='ltr'><strong>De</strong></span> <span class='ocrx_word' id='word_1_738' title='bbox 215 5249 411 5305; x_wconf 86' lang='lat' dir='ltr'><strong>decret.</strong></span> <span class='ocrx_word' id='word_1_739' title='bbox 432 5242 564 5304; x_wconf 78' lang='lat' dir='ltr'><strong>Nic.</strong></span> <span class='ocrx_word' id='word_1_740' title='bbox 597 5254 917 5318; x_wconf 86' lang='lat' dir='ltr'><strong>queruntur</strong></span> <span class='ocrx_word' id='word_1_741' title='bbox 936 5242 1304 5318; x_wconf 23' lang='lat' dir='ltr'><strong>quod—Nicam‘i</strong></span> <span class='ocrx_word' id='word_1_742' title='bbox 1335 5243 1524 5318; x_wconf 85' lang='lat' dir='ltr'><strong>Patres</strong></span> <span class='ocrx_word' id='word_1_743' title='bbox 1551 5243 1720 5318; x_wconf 65' lang='grc' dir='ltr'>ἀγρά-</span> 
     </span>
    </p>
   </div>
   <div class='ocr_carea' id='block_1_102' title="bbox 138 5259 1719 5385">
    <p class='ocr_par' dir='ltr' id='par_1_102' title="bbox 138 5259 1719 5385">
     <span class='ocr_line' id='line_1_103' title="bbox 139 5259 1719 5365; baseline -0.004 -64"><span class='ocrx_word' id='word_1_744' title='bbox 139 5259 196 5301; x_wconf 84' lang='lat' dir='ltr'><strong>Ue</strong></span> <span class='ocrx_word' id='word_1_745' title='bbox 215 5259 411 5305; x_wconf 84' lang='lat' dir='ltr'><strong>decret.</strong></span> <span class='ocrx_word' id='word_1_746' title='bbox 432 5259 564 5304; x_wconf 75' lang='lat' dir='ltr'><strong>Nc.</strong></span> <span class='ocrx_word' id='word_1_747' title='bbox 597 5259 917 5318; x_wconf 86' lang='lat' dir='ltr'><strong>queruntur</strong></span> <span class='ocrx_word' id='word_1_748' title='bbox 936 5259 1081 5314; x_wconf 86' lang='lat' dir='ltr'><strong>quou</strong></span> <span class='ocrx_word' id='word_1_749' title='bbox 1102 5259 1304 5299; x_wconf 65' lang='lat' dir='ltr'><strong>mcaem</strong></span> <span class='ocrx_word' id='word_1_750' title='bbox 1335 5259 1524 5298; x_wconf 69' lang='lat' dir='ltr'><strong>Patres</strong></span> <span class='ocrx_word' id='word_1_751' title='bbox 1553 5259 1719 5365; x_wconf 51' lang='grc' dir='ltr'>αγῇα-</span> 
     </span>
     <span class='ocr_line' id='line_1_104' title="bbox 138 5313 1719 5385; baseline -0.006 -11"><span class='ocrx_word' id='word_1_752' title='bbox 138 5333 242 5385; x_wconf 60' lang='grc' dir='ltr'>ξονς</span> <span class='ocrx_word' id='word_1_753' title='bbox 260 5321 453 5385; x_wconf 77' lang='grc' dir='ltr'>λέξεις,</span> <span class='ocrx_word' id='word_1_754' title='bbox 471 5323 754 5373; x_wconf 71' lang='lat' dir='ltr'><strong>dictione:</strong></span> <span class='ocrx_word' id='word_1_755' title='bbox 783 5332 886 5368; x_wconf 86' lang='lat' dir='ltr'><strong>non</strong></span> <span class='ocrx_word' id='word_1_756' title='bbox 906 5317 1131 5383; x_wconf 75' lang='lat' dir='ltr'><strong>scriptas</strong></span> <span class='ocrx_word' id='word_1_757' title='bbox 1156 5315 1524 5385; x_wconf 69' lang='lat' dir='ltr'><strong>admisissent.</strong></span> <span class='ocrx_word' id='word_1_758' title='bbox 1547 5313 1616 5385; x_wconf 4' lang='lat'><strong>2°,</strong></span> <span class='ocrx_word' id='word_1_759' title='bbox 1665 5331 1719 5385; x_wconf 14' lang='lat'><strong>7|-</strong></span> 
     </span>
    </p>
   </div>
   <div class='ocr_carea' id='block_1_103' title="bbox 139 5382 1717 5448">
    <p class='ocr_par' dir='ltr' id='par_1_103' title="bbox 139 5382 1717 5448">
     <span class='ocr_line' id='line_1_105' title="bbox 139 5382 1717 5448; baseline 0.001 -12"><span class='ocrx_word' id='word_1_760' title='bbox 139 5383 195 5439; x_wconf 81' lang='lat' dir='ltr'><strong>hil</strong></span> <span class='ocrx_word' id='word_1_761' title='bbox 225 5382 344 5447; x_wconf 33' lang='lat' dir='ltr'><strong>reri-</strong></span> <span class='ocrx_word' id='word_1_762' title='bbox 371 5382 628 5447; x_wconf 75' lang='lat' dir='ltr'><strong>dixisset</strong></span> <span class='ocrx_word' id='word_1_763' title='bbox 664 5386 929 5448; x_wconf 88' lang='lat' dir='ltr'><strong>Basilius,</strong></span> <span class='ocrx_word' id='word_1_764' title='bbox 971 5382 1020 5441; x_wconf 85' lang='lat' dir='ltr'><strong>si</strong></span> <span class='ocrx_word' id='word_1_765' title='bbox 1050 5386 1452 5441; x_wconf 86' lang='lat' dir='ltr'><strong>confessionem</strong></span> <span class='ocrx_word' id='word_1_766' title='bbox 1498 5382 1620 5437; x_wconf 90' lang='lat' dir='ltr'><strong>fidei</strong></span> <span class='ocrx_word' id='word_1_767' title='bbox 1660 5384 1717 5438; x_wconf 91' lang='lat' dir='ltr'><strong>in</strong></span> 
     </span>
    </p>
   </div>
   <div class='ocr_carea' id='block_1_104' title="bbox 140 5453 1718 5525">
    <p class='ocr_par' dir='ltr' id='par_1_104' title="bbox 140 5453 1718 5525">
     <span class='ocr_line' id='line_1_106' title="bbox 140 5453 1718 5525; baseline -0.003 -13"><span class='ocrx_word' id='word_1_768' title='bbox 140 5453 317 5516; x_wconf 72' lang='lat' dir='ltr'><strong>Patrem</strong></span> <span class='ocrx_word' id='word_1_769' title='bbox 337 5475 390 5518; x_wconf 89' lang='lat' dir='ltr'><strong>et</strong></span> <span class='ocrx_word' id='word_1_770' title='bbox 416 5459 642 5516; x_wconf 84' lang='lat' dir='ltr'><strong>Filium</strong></span> <span class='ocrx_word' id='word_1_771' title='bbox 678 5466 738 5512; x_wconf 87' lang='lat' dir='ltr'><strong>et</strong></span> <span class='ocrx_word' id='word_1_772' title='bbox 766 5456 1026 5525; x_wconf 85' lang='lat' dir='ltr'><strong>Spiritum</strong></span> <span class='ocrx_word' id='word_1_773' title='bbox 1057 5465 1328 5520; x_wconf 75' lang='lat' dir='ltr'><strong>sanctum,</strong></span> <span class='ocrx_word' id='word_1_774' title='bbox 1361 5465 1414 5508; x_wconf 90' lang='lat' dir='ltr'><strong>et</strong></span> <span class='ocrx_word' id='word_1_775' title='bbox 1441 5454 1544 5508; x_wconf 83' lang='lat' dir='ltr'><strong>alia</strong></span> <span class='ocrx_word' id='word_1_776' title='bbox 1570 5453 1718 5520; x_wconf 85' lang='lat' dir='ltr'><strong>ejus-</strong></span> 
     </span>
    </p>
   </div>
   <div class='ocr_carea' id='block_1_105' title="bbox 141 5525 1709 5598">
    <p class='ocr_par' dir='ltr' id='par_1_105' title="bbox 141 5525 1709 5598">
     <span class='ocr_line' id='line_1_107' title="bbox 141 5525 1709 5598; baseline -0.003 -15"><span class='ocrx_word' id='word_1_777' title='bbox 141 5533 252 5583; x_wconf 79' lang='lat' dir='ltr'><strong>modi</strong></span> <span class='ocrx_word' id='word_1_778' title='bbox 297 5533 581 5594; x_wconf 85' lang='lat' dir='ltr'><strong>instituta,</strong></span> <span class='ocrx_word' id='word_1_779' title='bbox 626 5543 762 5598; x_wconf 68' lang='lat' dir='ltr'><strong>qua:</strong></span> <span class='ocrx_word' id='word_1_780' title='bbox 806 5535 966 5580; x_wconf 91' lang='lat' dir='ltr'><strong>vocat</strong></span> <span class='ocrx_word' id='word_1_781' title='bbox 1014 5527 1260 5597; x_wconf 79' lang='grc' dir='ltr'>ἄγραφα,</span> <span class='ocrx_word' id='word_1_782' title='bbox 1302 5525 1453 5598; x_wconf 76' lang='lat' dir='ltr'><strong>nullo</strong></span> <span class='ocrx_word' id='word_1_783' title='bbox 1481 5539 1709 5598; x_wconf 85' lang='lat' dir='ltr'><strong>prorsus</strong></span> 
     </span>
    </p>
   </div>
   <div class='ocr_carea' id='block_1_106' title="bbox 143 5593 1708 5670">
    <p class='ocr_par' dir='ltr' id='par_1_106' title="bbox 143 5593 1708 5670">
     <span class='ocr_line' id='line_1_108' title="bbox 143 5593 1708 5670; baseline -0.006 -14"><span class='ocrx_word' id='word_1_784' title='bbox 143 5602 306 5670; x_wconf 63' lang='grc' dir='ltr'><strong>επὶμο</strong></span> <span class='ocrx_word' id='word_1_785' title='bbox 329 5593 682 5670; x_wconf 64' lang='lat' dir='ltr'><strong>consignata</strong></span> <span class='ocrx_word' id='word_1_786' title='bbox 735 5613 856 5670; x_wconf 77' lang='lat' dir='ltr'><strong>esse</strong></span> <span class='ocrx_word' id='word_1_787' title='bbox 885 5593 1281 5670; x_wconf 74' lang='lat' dir='ltr'><strong>contendisset.</strong></span> <span class='ocrx_word' id='word_1_788' title='bbox 1319 5593 1523 5648; x_wconf 82' lang='lat' dir='ltr'><strong>ﬂorum</strong></span> <span class='ocrx_word' id='word_1_789' title='bbox 1563 5595 1708 5670; x_wconf 79' lang='lat' dir='ltr'><strong>enim</strong></span> 
     </span>
    </p>
   </div>
   <div class='ocr_carea' id='block_1_107' title="bbox 145 5665 1702 5742">
    <p class='ocr_par' dir='ltr' id='par_1_107' title="bbox 145 5665 1702 5742">
     <span class='ocr_line' id='line_1_109' title="bbox 145 5665 1702 5742; baseline 0.002 -27"><span class='ocrx_word' id='word_1_790' title='bbox 145 5665 241 5742; x_wconf 41' lang='lat' dir='ltr'><strong>I’ton&#39;</strong></span> <span class='ocrx_word' id='word_1_791' title='bbox 265 5665 594 5742; x_wconf 69' lang='lat' dir='ltr'><strong>infrequens</strong></span> <span class='ocrx_word' id='word_1_792' title='bbox 631 5668 802 5742; x_wconf 16' lang='lat' dir='ltr'><strong>apud»</strong></span> <span class='ocrx_word' id='word_1_793' title='bbox 836 5668 1090 5742; x_wconf 72' lang='lat' dir='ltr'><strong>antiquos</strong></span> <span class='ocrx_word' id='word_1_794' title='bbox 1140 5667 1439 5742; x_wconf 78' lang='lat' dir='ltr'><strong>scriptores</strong></span> <span class='ocrx_word' id='word_1_795' title='bbox 1478 5665 1702 5718; x_wconf 88' lang='lat' dir='ltr'><strong>mentio.</strong></span> 
     </span>
    </p>
   </div>
   <div class='ocr_carea' id='block_1_108' title="bbox 146 5734 1706 5815">
    <p class='ocr_par' dir='ltr' id='par_1_108' title="bbox 146 5734 1706 5815">
     <span class='ocr_line' id='line_1_110' title="bbox 146 5734 1706 5815; baseline -0.01 -12"><span class='ocrx_word' id='word_1_796' title='bbox 146 5734 251 5803; x_wconf 74' lang='lat' dir='ltr'><strong>Quin</strong></span> <span class='ocrx_word' id='word_1_797' title='bbox 270 5734 433 5802; x_wconf 80' lang='lat' dir='ltr'><strong>etiam</strong></span> <span class='ocrx_word' id='word_1_798' title='bbox 463 5747 595 5814; x_wconf 85' lang='lat' dir='ltr'><strong>ipse</strong></span> <span class='ocrx_word' id='word_1_799' title='bbox 629 5734 880 5795; x_wconf 59' lang='lat' dir='ltr'><strong>Basilius</strong></span> <span class='ocrx_word' id='word_1_800' title='bbox 909 5734 1706 5815; x_wconf 31' lang='lat' dir='ltr'><strong>glorificandi’modutn,;quem</strong></span> 
     </span>
    </p>
   </div>
   <div class='ocr_carea' id='block_1_109' title="bbox 1819 4571 3410 4642">
    <p class='ocr_par' dir='ltr' id='par_1_109' title="bbox 1819 4571 3410 4642">
     <span class='ocr_line' id='line_1_111' title="bbox 1819 4571 3410 4642; baseline 0.003 -18"><span class='ocrx_word' id='word_1_801' title='bbox 1819 4571 2122 4642; x_wconf 90' lang='lat' dir='ltr'><strong>quentiam,</strong></span> <span class='ocrx_word' id='word_1_802' title='bbox 2154 4571 2348 4642; x_wconf 43' lang='lat' dir='ltr'><strong>aut‘jn</strong></span> <span class='ocrx_word' id='word_1_803' title='bbox 2386 4571 2544 4628; x_wconf 81' lang='lat' dir='ltr'><strong>hisce</strong></span> <span class='ocrx_word' id='word_1_804' title='bbox 2592 4571 2889 4627; x_wconf 87' lang='lat' dir='ltr'><strong>novitatem</strong></span> <span class='ocrx_word' id='word_1_805' title='bbox 2920 4587 3032 4627; x_wconf 91' lang='lat' dir='ltr'><strong>non</strong></span> <span class='ocrx_word' id='word_1_806' title='bbox 3059 4587 3184 4628; x_wconf 87' lang='lat' dir='ltr'><strong>esse</strong></span> <span class='ocrx_word' id='word_1_807' title='bbox 3240 4573 3410 4629; x_wconf 89' lang='lat' dir='ltr'><strong>totius</strong></span> 
     </span>
    </p>
   </div>
   <div class='ocr_carea' id='block_1_110' title="bbox 1822 4750 3417 4822">
    <p class='ocr_par' dir='ltr' id='par_1_110' title="bbox 1822 4750 3417 4822">
     <span class='ocr_line' id='line_1_112' title="bbox 1822 4750 3417 4822; baseline 0.001 -17"><span class='ocrx_word' id='word_1_808' title='bbox 1822 4750 1966 4807; x_wconf 90' lang='lat' dir='ltr'><strong>inter</strong></span> <span class='ocrx_word' id='word_1_809' title='bbox 1993 4751 2216 4822; x_wconf 81' lang='grc' dir='ltr'>ἄγραφα</span> <span class='ocrx_word' id='word_1_810' title='bbox 2241 4751 2494 4822; x_wconf 80' lang='lat' dir='ltr'><strong>instituta</strong></span> <span class='ocrx_word' id='word_1_811' title='bbox 2522 4751 2922 4806; x_wconf 87' lang='lat' dir='ltr'><strong>numerandum</strong></span> <span class='ocrx_word' id='word_1_812' title='bbox 2947 4751 3163 4810; x_wconf 85' lang='lat' dir='ltr'><strong>fatetur.</strong></span> <span class='ocrx_word' id='word_1_813' title='bbox 3194 4751 3249 4806; x_wconf 90' lang='lat' dir='ltr'><strong>in</strong></span> <span class='ocrx_word' id='word_1_814' title='bbox 3280 4755 3417 4807; x_wconf 78' lang='lat' dir='ltr'><strong>seri.</strong></span> 
     </span>
    </p>
   </div>
   <div class='ocr_carea' id='block_1_111' title="bbox 1822 4821 3413 4892">
    <p class='ocr_par' dir='ltr' id='par_1_111' title="bbox 1822 4821 3413 4892">
     <span class='ocr_line' id='line_1_113' title="bbox 1822 4821 3413 4892; baseline 0.001 -18"><span class='ocrx_word' id='word_1_815' title='bbox 1822 4823 1930 4890; x_wconf 89' lang='lat' dir='ltr'><strong>ptis</strong></span> <span class='ocrx_word' id='word_1_816' title='bbox 1970 4821 2216 4892; x_wconf 71' lang='lat' dir='ltr'><strong>veterum</strong></span> <span class='ocrx_word' id='word_1_817' title='bbox 2270 4821 2494 4876; x_wconf 89' lang='lat' dir='ltr'><strong>Patrum</strong></span> <span class='ocrx_word' id='word_1_818' title='bbox 2545 4837 2692 4892; x_wconf 68' lang='lat' dir='ltr'><strong>saepe</strong></span> <span class='ocrx_word' id='word_1_819' title='bbox 2737 4836 3032 4876; x_wconf 84' lang='lat' dir='ltr'><strong>occurrere</strong></span> <span class='ocrx_word' id='word_1_820' title='bbox 3071 4822 3413 4876; x_wconf 85' lang='lat' dir='ltr'><strong>demonstrat</strong></span> 
     </span>
    </p>
   </div>
   <div class='ocr_carea' id='block_1_112' title="bbox 1818 4891 3411 4961">
    <p class='ocr_par' dir='ltr' id='par_1_112' title="bbox 1818 4891 3411 4961">
     <span class='ocr_line' id='line_1_114' title="bbox 1818 4891 3411 4961; baseline 0.003 -18"><span class='ocrx_word' id='word_1_821' title='bbox 1818 4906 1946 4961; x_wconf 73' lang='lat' dir='ltr'><strong>cap.</strong></span> <span class='ocrx_word' id='word_1_822' title='bbox 1980 4892 2070 4947; x_wconf 72' lang='lat'><strong>29.</strong></span> <span class='ocrx_word' id='word_1_823' title='bbox 2116 4891 2343 4947; x_wconf 89' lang='lat' dir='ltr'><strong>Frustra</strong></span> <span class='ocrx_word' id='word_1_824' title='bbox 2389 4907 2522 4961; x_wconf 75' lang='lat' dir='ltr'><strong>ergo</strong></span> <span class='ocrx_word' id='word_1_825' title='bbox 2545 4892 2830 4961; x_wconf 70' lang='lat' dir='ltr'><strong>sententiae</strong></span> <span class='ocrx_word' id='word_1_826' title='bbox 2862 4905 2976 4946; x_wconf 69' lang='lat' dir='ltr'><strong>sua:</strong></span> <span class='ocrx_word' id='word_1_827' title='bbox 3026 4891 3338 4961; x_wconf 79' lang='lat' dir='ltr'><strong>praesidium</strong></span> <span class='ocrx_word' id='word_1_828' title='bbox 3381 4910 3411 4948; x_wconf 86' lang='lat' dir='ltr'><strong>a</strong></span> 
     </span>
    </p>
   </div>
   <div class='ocr_carea' id='block_1_113' title="bbox 1817 4958 3411 5031">
    <p class='ocr_par' dir='ltr' id='par_1_113' title="bbox 1817 4958 3411 5031">
     <span class='ocr_line' id='line_1_115' title="bbox 1817 4958 3411 5031; baseline 0.003 -19"><span class='ocrx_word' id='word_1_829' title='bbox 1817 4958 2020 5016; x_wconf 79' lang='lat' dir='ltr'><strong>Basilio</strong></span> <span class='ocrx_word' id='word_1_830' title='bbox 2045 4969 2257 5031; x_wconf 91' lang='lat' dir='ltr'><strong>petunt,</strong></span> <span class='ocrx_word' id='word_1_831' title='bbox 2285 4961 2378 5030; x_wconf 91' lang='lat' dir='ltr'><strong>qui</strong></span> <span class='ocrx_word' id='word_1_832' title='bbox 2415 4958 2605 5031; x_wconf 76' lang='lat' dir='ltr'><strong>preces</strong></span> <span class='ocrx_word' id='word_1_833' title='bbox 2652 4960 2911 5030; x_wconf 75' lang='lat' dir='ltr'><strong>Liturgite</strong></span> <span class='ocrx_word' id='word_1_834' title='bbox 2937 4958 3062 5015; x_wconf 81' lang='lat' dir='ltr'><strong>sero</strong></span> <span class='ocrx_word' id='word_1_835' title='bbox 3110 4958 3411 5017; x_wconf 86' lang='lat' dir='ltr'><strong>admodum</strong></span> 
     </span>
    </p>
   </div>
   <div class='ocr_carea' id='block_1_114' title="bbox 1816 5031 2909 5086">
    <p class='ocr_par' dir='ltr' id='par_1_114' title="bbox 1816 5031 2909 5086">
     <span class='ocr_line' id='line_1_116' title="bbox 1816 5031 2909 5086; baseline -0.001 -1"><span class='ocrx_word' id='word_1_836' title='bbox 1816 5031 2155 5086; x_wconf 90' lang='lat' dir='ltr'><strong>contendunt</strong></span> <span class='ocrx_word' id='word_1_837' title='bbox 2184 5032 2378 5086; x_wconf 86' lang='lat' dir='ltr'><strong>litteris</strong></span> <span class='ocrx_word' id='word_1_838' title='bbox 2405 5032 2694 5084; x_wconf 87' lang='lat' dir='ltr'><strong>mandatas</strong></span> <span class='ocrx_word' id='word_1_839' title='bbox 2717 5031 2909 5086; x_wconf 89' lang='lat' dir='ltr'><strong>fuisse.</strong></span> 
     </span>
    </p>
   </div>
   <div class='ocr_carea' id='block_1_115' title="bbox 1890 5099 3411 5172">
    <p class='ocr_par' dir='ltr' id='par_1_115' title="bbox 1890 5099 3411 5172">
     <span class='ocr_line' id='line_1_117' title="bbox 1890 5099 3411 5172; baseline -0.001 -16"><span class='ocrx_word' id='word_1_840' title='bbox 1890 5102 2002 5172; x_wconf 86' lang='lat'><strong>(69)</strong></span> <span class='ocrx_word' id='word_1_841' title='bbox 2036 5101 2151 5169; x_wconf 84' lang='grc' dir='ltr'><strong>Τῆς</strong></span> <span class='ocrx_word' id='word_1_842' title='bbox 2183 5100 2641 5172; x_wconf 42' lang='grc' dir='ltr'>πίστεωςηΕάίιί</span> <span class='ocrx_word' id='word_1_843' title='bbox 2675 5100 2882 5154; x_wconf 87' lang='lat' dir='ltr'><strong>addunt</strong></span> <span class='ocrx_word' id='word_1_844' title='bbox 2930 5099 3230 5164; x_wconf 87' lang='grc' dir='ltr'>πιστεύειν,</span> <span class='ocrx_word' id='word_1_845' title='bbox 3250 5101 3411 5172; x_wconf 84' lang='lat' dir='ltr'><strong>quod</strong></span> 
     </span>
    </p>
   </div>
   <div class='ocr_carea' id='block_1_116' title="bbox 1820 5170 3407 5240">
    <p class='ocr_par' dir='ltr' id='par_1_116' title="bbox 1820 5170 3407 5240">
     <span class='ocr_line' id='line_1_118' title="bbox 1820 5170 3407 5240; baseline -0.001 -13"><span class='ocrx_word' id='word_1_846' title='bbox 1820 5170 1918 5228; x_wconf 82' lang='lat' dir='ltr'><strong>sua</strong></span> <span class='ocrx_word' id='word_1_847' title='bbox 1949 5183 2140 5240; x_wconf 91' lang='lat' dir='ltr'><strong>sponte</strong></span> <span class='ocrx_word' id='word_1_848' title='bbox 2168 5170 2602 5235; x_wconf 90' lang='lat' dir='ltr'><strong>incommodum,</strong></span> <span class='ocrx_word' id='word_1_849' title='bbox 2632 5185 2710 5240; x_wconf 19' lang='lat' dir='ltr'><strong>iac</strong></span> <span class='ocrx_word' id='word_1_850' title='bbox 2740 5173 2795 5224; x_wconf 90' lang='lat' dir='ltr'><strong>in</strong></span> <span class='ocrx_word' id='word_1_851' title='bbox 2828 5172 3009 5225; x_wconf 88' lang='lat' dir='ltr'><strong>tribus</strong></span> <span class='ocrx_word' id='word_1_852' title='bbox 3055 5187 3188 5240; x_wconf 80' lang='lat' dir='ltr'><strong>mss.</strong></span> <span class='ocrx_word' id='word_1_853' title='bbox 3230 5171 3407 5225; x_wconf 86' lang='lat' dir='ltr'><strong>deest.</strong></span> 
     </span>
    </p>
   </div>
   <div class='ocr_carea' id='block_1_117' title="bbox 1891 5239 3410 5312">
    <p class='ocr_par' dir='ltr' id='par_1_117' title="bbox 1891 5239 3410 5312">
     <span class='ocr_line' id='line_1_119' title="bbox 1891 5239 3410 5312; baseline -0.002 -17"><span class='ocrx_word' id='word_1_854' title='bbox 1891 5239 2004 5312; x_wconf 85' lang='lat'><strong>(70)</strong></span> <span class='ocrx_word' id='word_1_855' title='bbox 2043 5241 2128 5306; x_wconf 87' lang='grc' dir='ltr'><strong>Τῷ</strong></span> <span class='ocrx_word' id='word_1_856' title='bbox 2169 5241 2569 5309; x_wconf 79' lang='grc' dir='ltr'>βαπτίσματι.</span> <span class='ocrx_word' id='word_1_857' title='bbox 2600 5239 2738 5294; x_wconf 79' lang='lat' dir='ltr'><strong>Male</strong></span> <span class='ocrx_word' id='word_1_858' title='bbox 2774 5241 2831 5294; x_wconf 91' lang='lat' dir='ltr'><strong>in</strong></span> <span class='ocrx_word' id='word_1_859' title='bbox 2874 5241 3113 5297; x_wconf 83' lang='lat' dir='ltr'><strong>editione</strong></span> <span class='ocrx_word' id='word_1_860' title='bbox 3139 5239 3317 5296; x_wconf 88' lang='lat' dir='ltr'><strong>Paris.</strong></span> <span class='ocrx_word' id='word_1_861' title='bbox 3349 5243 3410 5292; x_wconf 81' lang='grc' dir='ltr'>ἐν</span> 
     </span>
    </p>
   </div>
   <div class='ocr_carea' id='block_1_118' title="bbox 1814 5312 3407 5384">
    <p class='ocr_par' dir='ltr' id='par_1_118' title="bbox 1814 5312 3407 5384">
     <span class='ocr_line' id='line_1_120' title="bbox 1814 5312 3407 5384; baseline -0.001 -20"><span class='ocrx_word' id='word_1_862' title='bbox 1814 5313 1894 5384; x_wconf 80' lang='grc' dir='ltr'><strong>τῷ</strong></span> <span class='ocrx_word' id='word_1_863' title='bbox 1929 5312 2286 5384; x_wconf 83' lang='grc' dir='ltr'>βαπτίσματι,</span> <span class='ocrx_word' id='word_1_864' title='bbox 2318 5312 2466 5380; x_wconf 88' lang='lat' dir='ltr'><strong>quod</strong></span> <span class='ocrx_word' id='word_1_865' title='bbox 2497 5325 2600 5380; x_wconf 88' lang='lat' dir='ltr'><strong>ope</strong></span> <span class='ocrx_word' id='word_1_866' title='bbox 2633 5312 3181 5384; x_wconf 22' lang='lat' dir='ltr'><strong>veterumhlibrorum</strong></span> <span class='ocrx_word' id='word_1_867' title='bbox 3219 5326 3407 5384; x_wconf 82' lang='lat' dir='ltr'><strong>emen-</strong></span> 
     </span>
    </p>
   </div>
   <div class='ocr_carea' id='block_1_119' title="bbox 1813 5381 3402 5452">
    <p class='ocr_par' dir='ltr' id='par_1_119' title="bbox 1813 5381 3402 5452">
     <span class='ocr_line' id='line_1_121' title="bbox 1813 5381 3402 5452; baseline -0.001 -16"><span class='ocrx_word' id='word_1_868' title='bbox 1813 5381 2085 5438; x_wconf 76' lang='lat' dir='ltr'><strong>davimus.</strong></span> <span class='ocrx_word' id='word_1_869' title='bbox 2123 5381 2289 5436; x_wconf 90' lang='lat' dir='ltr'><strong>Paulo</strong></span> <span class='ocrx_word' id='word_1_870' title='bbox 2311 5390 2435 5452; x_wconf 82' lang='lat' dir='ltr'><strong>post</strong></span> <span class='ocrx_word' id='word_1_871' title='bbox 2465 5389 2578 5452; x_wconf 88' lang='lat' dir='ltr'><strong>tr_es</strong></span> <span class='ocrx_word' id='word_1_872' title='bbox 2604 5395 2740 5434; x_wconf 90' lang='lat' dir='ltr'><strong>mss.</strong></span> <span class='ocrx_word' id='word_1_873' title='bbox 2766 5382 2832 5433; x_wconf 85' lang='grc' dir='ltr'>ὲκ</span> <span class='ocrx_word' id='word_1_874' title='bbox 2855 5382 2952 5452; x_wconf 81' lang='grc' dir='ltr'>τῆς</span> <span class='ocrx_word' id='word_1_875' title='bbox 2972 5381 3152 5452; x_wconf 79' lang='grc' dir='ltr'>αὐτῆς</span> <span class='ocrx_word' id='word_1_876' title='bbox 3177 5381 3402 5452; x_wconf 81' lang='grc' dir='ltr'>ταύτης.</span> 
     </span>
    </p>
   </div>
   <div class='ocr_carea' id='block_1_120' title="bbox 1887 5449 3404 5522">
    <p class='ocr_par' dir='ltr' id='par_1_120' title="bbox 1887 5449 3404 5522">
     <span class='ocr_line' id='line_1_122' title="bbox 1887 5449 3404 5522; baseline -0.003 -16"><span class='ocrx_word' id='word_1_877' title='bbox 1887 5454 1997 5522; x_wconf 88' lang='lat'><strong>(7|)</strong></span> <span class='ocrx_word' id='word_1_878' title='bbox 2018 5449 2491 5522; x_wconf 31' lang='lat' dir='ltr'><strong>Elapepop’érnr.</strong></span> <span class='ocrx_word' id='word_1_879' title='bbox 2511 5449 2602 5522; x_wconf 91' lang='lat' dir='ltr'><strong>lta_</strong></span> <span class='ocrx_word' id='word_1_880' title='bbox 2612 5465 2746 5504; x_wconf 86' lang='lat' dir='ltr'><strong>mss.</strong></span> <span class='ocrx_word' id='word_1_881' title='bbox 2771 5467 2886 5506; x_wconf 84' lang='lat' dir='ltr'><strong>sex.</strong></span> <span class='ocrx_word' id='word_1_882' title='bbox 2910 5449 3052 5503; x_wconf 82' lang='lat' dir='ltr'><strong>Editi</strong></span> <span class='ocrx_word' id='word_1_883' title='bbox 3075 5449 3404 5522; x_wconf 79' lang='grc' dir='ltr'>φερομένην.</span> 
     </span>
    </p>
   </div>
   <div class='ocr_carea' id='block_1_121' title="bbox 1887 5518 3406 5595">
    <p class='ocr_par' dir='ltr' id='par_1_121' title="bbox 1887 5518 3406 5595">
     <span class='ocr_line' id='line_1_123' title="bbox 1887 5518 3406 5595; baseline 0 -21"><span class='ocrx_word' id='word_1_884' title='bbox 1887 5518 2536 5595; x_wconf 35' lang='grc' dir='ltr'><strong>(Ἱὴ-Διάγξγέλαζοντες.</strong></span> <span class='ocrx_word' id='word_1_885' title='bbox 2587 5518 2668 5573; x_wconf 86' lang='lat' dir='ltr'><strong>Ita</strong></span> <span class='ocrx_word' id='word_1_886' title='bbox 2715 5535 2906 5575; x_wconf 92' lang='lat' dir='ltr'><strong>omnes</strong></span> <span class='ocrx_word' id='word_1_887' title='bbox 2957 5518 3406 5576; x_wconf 54' lang='lat' dir='ltr'><strong>nostri&#39;cOdices</strong></span> 
     </span>
    </p>
   </div>
   <div class='ocr_carea' id='block_1_122' title="bbox 1814 5591 2582 5658">
    <p class='ocr_par' dir='ltr' id='par_1_122' title="bbox 1814 5591 2582 5658">
     <span class='ocr_line' id='line_1_124' title="bbox 1814 5591 2582 5658; baseline -0.004 -10"><span class='ocrx_word' id='word_1_888' title='bbox 1814 5591 1952 5648; x_wconf 71' lang='lat' dir='ltr'><strong>mss.</strong></span> <span class='ocrx_word' id='word_1_889' title='bbox 1981 5593 2122 5646; x_wconf 84' lang='lat' dir='ltr'><strong>Editi</strong></span> <span class='ocrx_word' id='word_1_890' title='bbox 2146 5591 2582 5658; x_wconf 79' lang='grc' dir='ltr'>ἐξαγγέλλοντες.</span> 
     </span>
    </p>
   </div>
   <div class='ocr_carea' id='block_1_123' title="bbox 1887 5660 3407 5735">
    <p class='ocr_par' dir='ltr' id='par_1_123' title="bbox 1887 5660 3407 5735">
     <span class='ocr_line' id='line_1_125' title="bbox 1887 5660 3407 5735; baseline 0 -19"><span class='ocrx_word' id='word_1_891' title='bbox 1887 5663 1996 5735; x_wconf 82' lang='grc'><strong>(75)</strong></span> <span class='ocrx_word' id='word_1_892' title='bbox 2045 5665 2140 5716; x_wconf 77' lang='grc' dir='ltr'><em>Ἐν</em></span> <span class='ocrx_word' id='word_1_893' title='bbox 2187 5662 2308 5727; x_wconf 77' lang='grc' dir='ltr'>τοῖς</span> <span class='ocrx_word' id='word_1_894' title='bbox 2326 5662 2708 5732; x_wconf 79' lang='grc' dir='ltr'>μυστηρίοις.</span> <span class='ocrx_word' id='word_1_895' title='bbox 2750 5661 3070 5734; x_wconf 72' lang='lat' dir='ltr'><strong>Prtepositio</strong></span> <span class='ocrx_word' id='word_1_896' title='bbox 3113 5660 3299 5717; x_wconf 89' lang='lat' dir='ltr'><strong>addita</strong></span> <span class='ocrx_word' id='word_1_897' title='bbox 3336 5675 3407 5717; x_wconf 79' lang='lat' dir='ltr'><strong>ex</strong></span> 
     </span>
    </p>
   </div>
   <div class='ocr_carea' id='block_1_124' title="bbox 1813 5749 1949 5790">
    <p class='ocr_par' dir='ltr' id='par_1_124' title="bbox 1813 5749 1949 5790">
     <span class='ocr_line' id='line_1_126' title="bbox 1813 5749 1949 5790; baseline -0.015 -2"><span class='ocrx_word' id='word_1_898' title='bbox 1813 5749 1949 5790; x_wconf 87' lang='lat' dir='ltr'><strong>mss.</strong></span> 
     </span>
    </p>
   </div>
  </div>
