3888 6214
399 286 506 345 ιοδ
563 356 574 366 ,

1751 279 1808 336 8.
1847 277 2095 336 ΒΑΕΙΙᾸΙ
2133 278 2347 336 MAGNI

3563 282 3663 340 196

398 400 855 457 destructionem.
887 395 959 450 At
989 410 1100 451 non
1140 394 1406 452 desinunt
1434 393 1526 452 isti
1561 409 1783 452 sursum
1813 395 1977 450 deor-

2089 393 2298 457 λοῦντες
2318 393 2417 465 τὴν
2441 392 2759 465 ἀμάρτυρον
2781 394 2876 447 καὶ
2891 392 3160 464 ἄγραφον.
3182 392 3277 447 καὶ
3300 394 3401 448 ὅσα
3416 395 3660 463 τοιαῦτα,

401 506 526 547 sum
575 489 811 562 jactare,
857 486 1316 559 gloriﬁcationem
1360 501 1488 542 cum
1534 494 1731 542 sancto
1774 486 1984 557 Spiritu

401 596 594 640 carere
619 581 958 647 testimonio,
988 594 1182 635 carere
1216 577 1527 649 Scriptura,
1561 584 1618 633 et
1646 579 1754 632 alia
1784 578 1982 646 hujus-

399 676 571 732 modi.
599 673 822 729 Dictum
852 681 938 729 est
970 672 1192 743 quidem
1234 672 1372 727 nihil
1403 671 1611 727 referre
1637 671 1706 725 ad
1735 686 1981 737 sensum,

402 770 521 825 sive
545 765 722 832 dicas,
751 763 938 820 Gloria
969 762 1120 817 Patri
1157 768 1213 818 et
1240 761 1383 816 Filio
1413 768 1469 817 et
1509 759 1741 831 Spiritui
1767 768 1982 825 sancto,

403 858 521 916 sive
544 858 720 925 dicas,
772 855 962 912 Gloria
994 855 1148 909 Patri
1181 863 1237 911 et
1263 854 1404 908 Filio
1427 868 1552 908 cum
1604 861 1798 909 sancto
1854 851 1983 923 Spi-

400 950 537 1006 ritu.
571 948 694 1003 Non
741 947 911 1020 igitur
951 947 1038 1003 fas
1081 957 1169 1003 est
1206 947 1462 1017 cuiquam
1512 945 1781 1017 syllabam
1812 954 1884 1009 et,
1915 959 1985 999 es

402 1056 500 1098 ore
547 1040 766 1095 Domini
816 1038 1122 1111 profectam
1170 1037 1401 1107 rejicere
1452 1045 1548 1092 aut
1607 1050 1923 1106 expungere
1965 1054 1980 1090 :

401 1148 507 1189 nec
537 1132 839 1203 quidquam
867 1141 1011 1186 vetat
1051 1131 1274 1185 alteram
1296 1144 1420 1199 qua:
1441 1128 1583 1184 idem
1616 1128 1803 1198 pollet,
1837 1126 1985 1183 reci-

402 1239 533 1296 pere
572 1238 742 1294 :quae
800 1222 1080 1294 quomodo
1128 1236 1255 1276 cum
1301 1220 1397 1275 illa
1446 1220 1527 1275 vel
1565 1218 1857 1274 conveniat
1899 1217 1987 1273 vel

403 1316 718 1387 discrepet,
781 1314 1038 1385 superius
1090 1313 1612 1368 demonstravimus.
1677 1310 1986 1366 Conﬁrmat

404 1413 589 1461 autem
617 1405 946 1461 sententiam
979 1403 1146 1459 nobis
1173 1412 1230 1458 et
1271 1402 1594 1473 Apostolus,
1629 1402 1740 1473 58
1766 1400 1986 1457 indide-

406 1505 595 1552 renter
623 1503 861 1566 utraque
901 1508 1038 1549 voce
1073 1501 1235 1549 utens
1270 1493 1547 1549 interdum
1590 1493 1664 1548 ita
1703 1494 1935 1563 loquens
1966 1510 1981 1545 :

405 1586 474 1643 In
519 1590 732 1642 nomine
780 1585 997 1639 Domini
1041 1582 1173 1639 Iesu
1210 1583 1435 1649 Christi,
1468 1593 1517 1638 et
1543 1585 1597 1638 in
1632 1584 1840 1652 Spiritu
1887 1582 1988 1638 Dei

404 1681 578 1736 nostri
610 1680 675 1748 ‘;
708 1693 773 1734 ac
815 1692 1034 1742 rursus,
1078 1674 1422 1746 Congregatis
1444 1675 1589 1730 vobis
1622 1685 1673 1730 et
1709 1692 1822 1730 meo
1858 1674 1985 1743 Spi-

2085 486 2185 557 τὴν
2226 486 2322 539 σὺν
2349 484 2428 556 τῷ
2460 485 2740 556 Πνεύματι
2784 484 2860 557 τῷ
2890 484 3033 555 ἁγίῳ
3070 484 3398 554 δοξολογίαν.
3434 487 3664 559 Εἴρηται

2090 576 2189 647 μὲν
2224 572 2339 642 οὖν,
2369 577 2451 630 ὅτι
2476 577 2672 630 ταυτόν
2719 577 2837 629 ἐστι
2876 577 3013 648 πρὸς
3041 576 3278 629 διάνοιαν
3302 579 3496 642 εἰπεῖν,
3525 578 3663 645 Δόξα

2085 668 2262 739 Πατρὶ
2289 667 2385 721 καὶ
2412 666 2526 738 Υἱῷ
2558 667 2651 720 καὶ
2679 667 2821 737 ἀγίῳ
2853 667 3164 739 Πνεύματι’
3193 668 3289 721 καὶ
3313 669 3449 735 Δόξα
3489 671 3662 742 Πατρὶ

2085 762 2180 814 καὶ
2208 760 2322 831 Υίῷ
2355 760 2453 815 σὺν
2487 760 2567 831 τῷ
2607 762 2747 831 ἁγίῳ
2776 763 3079 831 Πνεύματι.
3115 760 3252 815 Οὔτε
3289 759 3382 817 οὖν
3412 764 3511 835 τὴν
3564 765 3662 818 καὶ

2087 854 2355 925 συλλαϐὴν
2396 854 2457 922 ἐξ
2494 856 2667 926 αὐτῆς
2695 854 2791 908 τοῦ
2823 854 3031 926 Κυρίου
3075 856 3260 925 φωνῆς
3294 854 3663 926 προελθοῦσαν

2084 947 2347 1019 ἀθετῆσαι
2378 964 2484 1002 τινι
2516 946 2550 1018 ἢ
2576 946 2898 1017 διαγράφειν
2923 942 3036 999 οἷόν
3063 962 3144 1009 τε,
3173 945 3268 999 καὶ
3294 945 3392 1017 τὴν
3421 946 3634 1000 ίσοδυνα

2089 1039 2297 1112 μοῦσαν
2337 1040 2475 1111 αὐτῇ
2536 1039 2689 1092 οὐδὲν
2732 1039 2793 1092 τὸ
2824 1038 3035 1091 κωλύον
3084 1038 3478 1109 καταδεχθῆναι
3514 1037 3658 1108 (74)-

2084 1134 2151 1204 ἣν
2171 1133 2320 1195 ὅπως
2347 1131 2461 1202 ἔχει
2496 1130 2634 1202 πρὸς
2665 1128 2878 1199 ἐκείνην
2910 1128 3174 1200 διαφορᾶς
3199 1146 3259 1182 τε
3292 1130 3388 1183 καὶ
3413 1128 3665 1200 ὁμοιότη-

2084 1241 2195 1288 τος,
2235 1225 2294 1278 ὲν
2330 1225 2442 1287 τοῖς
2471 1222 2701 1277 κατόπιν
2734 1219 3035 1292 ἐδείξαμεν.
3069 1220 3287 1275 Βεϐαιοῖ
3311 1220 3368 1274 δὲ
3396 1222 3527 1291 ἡμῖν
3571 1220 3663 1274 τὸν

2083 1315 2240 1385 λόγον
2277 1316 2372 1370 καὶ
2394 1316 2423 1368 ὁ
2466 1314 2785 1377 Ἀπόστολος
2806 1312 3113 1384 ἀδιαφόρως
3143 1313 3377 1384 ἑκατέρᾳ
3412 1316 3478 1384 τῇ
3510 1316 3661 1385 φωνῇ

2084 1407 2421 1479 κεχρημένος
2443 1445 2458 1469 ,
2491 1403 2585 1459 νῦν
2616 1404 2714 1475 μὲν
2759 1404 2951 1471 λέγων,
3007 1406 3110 1458 Ἐν
3150 1402 3231 1467 τῷ
3262 1404 3507 1472 ὀνόματι
3554 1404 3663 1457 τοῦ

2084 1499 2305 1567 Κυρίου
2341 1497 2543 1565 Ἰησοῦ
2575 1495 2855 1565 Χριστοῦ,
2895 1494 2996 1548 καὶ
3023 1495 3095 1548 ἐν
3122 1493 3204 1560 τῷ
3226 1496 3525 1565 Πνεύματι
3555 1495 3664 1548 τοῦ

2086 1590 2233 1644 Θεοῦ
2287 1589 2484 1659 ἡμῶν·
2542 1588 2704 1643 πάλιν
2741 1587 2836 1650 δὲ,
2885 1585 3318 1656 Συναχθέντων
3348 1585 3517 1656 ὑμῶν
3561 1586 3664 1641 και

2083 1682 2191 1737 τοῦ
2223 1682 2370 1752 ἐμοῦ
2399 1682 2745 1750 Πνεύματος
2775 1679 2898 1734 σὺν
2926 1677 3002 1747 τῇ
3024 1678 3273 1749 δυνάμει
3296 1679 3403 1733 τοῦ
3439 1679 3666 1746 Κυρίου

403 1774 516 1827 ritu
563 1786 684 1825 cum
731 1770 926 1824 virtute
974 1768 1193 1822 Domini
1238 1766 1371 1823 Jesu
1424 1768 1486 1835 ⁸;
1534 1767 1675 1822 nihil
1716 1768 1980 1824 interesse

2098 1773 2329 1841 Ἰησοῦ·
2375 1772 2527 1825 οὐδὲν
2578 1771 2855 1843 διαφέρειν
2895 1769 3201 1839 ἡγούμενος
3236 1768 3329 1841 .τῷ
3379 1769 3665 1840 συνδέσμῳ

402 1869 582 1929 ratus,
613 1862 731 1917 sive
775 1860 1185 1930 conjunctione,
1223 1861 1341 1915 sive
1368 1859 1758 1931 praepositione
1788 1859 1860 1915 ad
1893 1874 1988 1916 no-

404 1952 616 2007 minum
642 1950 1092 2021 coniunctionem
1114 1949 1315 2006 utaris.

938 2063 1169 2121 CAPUT
1208 2062 1448 2120 XXVIII.

405 2178 564 2247 Quod
596 2195 716 2250 quae
762 2178 826 2234 de
872 2177 1168 2234 hominibus
1222 2178 1353 2231 dicit
1400 2175 1678 2250 Scriptura
1710 2184 1987 2250 tanquam

473 2266 583 2304 una
609 2245 737 2303 "cum
782 2250 995 2304 Christo
1029 2250 1391 2318 regnantibus,
1433 2263 1498 2301 ea
1533 2246 1597 2301 de
1625 2245 1847 2315 Spiritu
1878 2247 1988 2301 dici

476 2336 579 2373 non
613 2320 903 2374 concedunt
935 2319 1254 2373 adversarii.

475 2431 567 2488 69.
621 2430 919 2487 Videamus
977 2444 1144 2501 porro
1196 2445 1264 2484 an
1318 2428 1694 2485 defensionem
1745 2429 1984 2499 aliquam

402 2521 662 2594 patribus
711 2521 921 2577 nostris
964 2535 1133 2590 super
1179 2519 1500 2591 huiusmodi
1548 2535 1653 2576 usu
1704 2520 1986 2590 possimus

402 2614 735 2683 excogitare.
790 2611 926 2667 Nam
976 2612 1072 2682 qui
1115 2611 1275 2667 nobis
1320 2604 1411 2666 'ita
1457 2611 1717 2682 loquendi
1765 2610 1987 2666 fuerunt

405 2712 682 2770 auctores,
745 2704 921 2776 magis
977 2718 1142 2774 quam
1199 2718 1304 2759 nos
1357 2703 1569 2758 haerent
1621 2704 1677 2758 in
1731 2704 1982 2760 crimine.

403 2796 609 2853 Paulus
664 2797 833 2868 igitur
887 2796 1315 2854 Colossensibus
1366 2796 1617 2851 scribens
1677 2817 1688 2851 :
1748 2795 1817 2849 Et
1862 2813 1982 2861 vos,

403 2888 604 2959 inquit,
664 2903 785 2942 cum
836 2889 1021 2943 essetis
1085 2887 1286 2941 mortui
1333 2884 1541 2939 delictis
1588 2902 1651 2939 ac
1696 2889 1982 2956 prwputio,

401 2978 691 3049 uiviﬁcavit
736 2978 899 3033 simul
945 2994 1065 3032 cum
1115 2977 1331 3033 Christo
1392 2978 1434 3031 ⁸.
1483 2975 1625 3031 Νιιηι
1670 2978 1838 3049 igitur
1884 2979 1985 3034 toti

2086 1865 2120 1936 ἢ
2153 1867 2222 1936 τῇ
2250 1863 2539 1936 προσθέσει
2568 1862 2705 1933 πρὸς
2736 1862 2835 1934 τὴν
2874 1862 2985 1915 τῶν
3016 1862 3298 1933 ὀνομάτων
3340 1859 3665 1932 συμπλοκὴν

2088 1954 2521 2027 ἀποχρήσασθαι.

2578 2069 2975 2125 ΚΕΦΑΛΛΙΟΝ
3011 2070 3147 2124 KH’.

2089 2186 2217 2241 Ὅτι
2260 2184 2299 2239 ἃ
2344 2186 2478 2256 περὶ
2519 2184 2638 2240 τῶν
2685 2185 3009 2253 ἀνθρώπων
3044 2185 3206 2256 λέγει
3245 2186 3283 2253 ἠ
3335 2184 3544 2255 Γραφὴ
3582 2185 3664 2256 ὡς

2156 2255 2729 2325 συμϐασιλευόντων
2783 2256 3015 2324 Χριστῷ
3039 2297 3054 2319 ,
3107 2255 3294 2309 ταῦτα
3352 2257 3485 2324 περὶ
3554 2255 3665 2309 τοῦ

2158 2324 2501 2397 Πνλεὺματος
2546 2328 2618 2380 οὐ
2654 2328 3079 2397 συγχωροῦσιν
3105 2330 3159 2380 οἱ
3191 2324 3625 2396 ἀντιλέγοντες.

2156 2438 2243 2493 69.
2289 2439 2515 2510 ἰδωμεν
2545 2438 2603 2492 δὲ
2640 2438 2733 2492 καὶ
2764 2439 2818 2492 εἴ
2840 2456 2962 2492 τινα
2989 2438 3283 2507 ἀπολογίαν
3309 2441 3421 2502 τοῖς
3454 2438 3667 2511 πατράο

2088 2548 2171 2585 σιν
2192 2529 2352 2601 ἡμῶν
2378 2530 2477 2600 τῆς
2511 2530 2759 2601 χρήσεως
2782 2528 2987 2600 ταύτης
3035 2530 3413 2600 ὲπινοήσομεν.
3448 2530 3511 2583 Οἱ
3551 2528 3669 2601 γὰρ

2083 2620 2183 2692 τὴν
2215 2621 2389 2692 ἀρχὴν
2414 2621 2785 2691 παρασχόντες
2816 2619 2895 2690 τῷ
2930 2620 3075 2690 λόγῳ
3104 2620 3302 2690 μᾶλλον
3341 2619 3499 2691 ἡμῶν
3526 2620 3664 2673 ὑπό-

2084 2729 2295 2766 κεινται
2325 2714 2438 2775 τοῖς
2471 2711 2798 2783 ἐγκλήμασι.
2837 2710 3049 2775 Παῦλος
3079 2711 3261 2765 τοίνυν
3290 2710 3665 2765 Κολοσσαεῦσι

2084 2806 2331 2878 γράφων·
2355 2805 2465 2861 Καὶ
2492 2802 2675 2874 ὑμᾶς,
2719 2802 2876 2875 φησι,
2914 2802 3164 2872 νεκροὺς
3192 2803 3371 2869 ὄντας
3396 2802 3522 2869 τοῖς
3552 2819 3668 2857 πα-

2077 2895 2434 2967 ραπτώμασι
2450 2897 2550 2951 καὶ
2578 2896 2650 2965 τῇ
2676 2896 3062 2965 ἀκροϐυστίᾳ,
3083 2894 3561 2963 συνεζωοποίησε
3581 2894 3668 2959 τῷ

2084 2989 2318 3060 Χριστῷ
2345 2991 2480 3062 (75).
2508 2985 2656 3061 'Apa
2693 2986 2791 3045 οὖν
2818 2987 2933 3058 λαῷ
2966 2989 3063 3059 μὲν
3104 2988 3211 3060 ὅλῳ
3235 2989 3329 3041 καὶ
3370 2987 3668 3059 Ἐκκλησία

402 3070 608 3142 popqu
648 3076 706 3126 et
744 3068 1007 3126 Ecclesia:
1053 3062 1280 3126 donavit
1332 3068 1477 3125 Deus
1518 3072 1689 3126 vitam
1735 3086 1856 3142 quae
1900 3080 1980 3128 est

2089 3085 2381 3155 ἐχαρίσατο
2408 3084 2437 3136 ὁ
2460 3082 2592 3147 Θεὸς
2624 3082 2722 3155 τὴν
2764 3082 2860 3136 σὺν
2893 3080 3115 3153 Χριστῷ
3140 3082 3303 3153 ζωὴν,
3336 3080 3412 3152 τῷ
3441 3080 3497 3134 δὲ
3523 3081 3671 3152 ἁγίῳ

404 3176 534 3217 cum
572 3161 813 3228 Christo,
861 3169 1054 3217 sancto
1095 3170 1280 3218 autem
1319 3160 1549 3233 Spiritui
1588 3177 1700 3220 non
1742 3171 1828 3219 est
1874 3165 1987 3218 vita

405 3269 537 3310 cum
574 3252 837 3311 Christo?
871 3254 1029 3321 Quod
1053 3255 1102 3311 si
1151 3254 1300 3311 istud
1345 3256 1434 3311 vel
1474 3256 1659 3312 animo
1697 3257 1988 3326 concipere

402 3346 631 3417 impium
677 3355 804 3414 est,
853 3361 1039 3402 annon
1111 3348 1263 3419 pium
1326 3346 1515 3415 fuerit,
1562 3355 1624 3401 ut
1672 3347 1837 3403 habet
1890 3363 1986 3402 na-

401 3444 550 3503 tura,
602 3438 677 3493 ita
726 3439 892 3493 etiam
930 3438 1334 3510 professionem
1386 3439 1726 3510 conjunctim
1781 3439 1989 3510 persol—

401 3528 566 3585 vere?
615 3528 820 3584 Adhaec
857 3570 873 3597 ,
930 3544 1115 3585 annon
1176 3529 1407 3586 extremi
1467 3531 1711 3602 stuporis
1758 3539 1863 3597 est,
1914 3530 1989 3585 fa-

401 3620 507 3676 teri
563 3629 787 3678 sanctos
837 3636 964 3679 esse
1009 3637 1135 3677 cum
1176 3622 1399 3679 Christo
1448 3623 1742 3694 (siquidem
1779 3622 1986 3680 Paulus

401 3714 762 3783 peregrinans
825 3728 857 3768 a
908 3728 1142 3783 corpore
1201 3729 1445 3784 praesens
1486 3724 1574 3770 est
1611 3715 1756 3787 apud
1806 3714 1988 3771 Domi-

404 3817 537 3858 num
570 3802 591 3834 '
622 3818 636 3869 ;
670 3811 726 3857 et
775 3803 871 3858 ubi
904 3803 1214 3874 emigravit,
1240 3804 1354 3874 jam
1402 3820 1527 3859 cum
1558 3803 1779 3859 Christo
1821 3804 1928 3875 est)
1968 3822 1983 3859 :

403 3892 514 3949 hos
538 3908 667 3949 vero
692 3892 943 3965 Spiritui,
965 3904 1228 3965 quantum
1257 3894 1479 3967 quidem
1511 3896 1566 3951 in
1598 3896 1732 3967 ipsis
1758 3904 1864 3961 est,
1890 3911 1989 3952 ne-

404 3998 514 4054 que
550 3985 655 4040 hoc
688 3985 962 4050 tribuere,
999 3997 1059 4041 ut
1094 4002 1251 4058 aeque
1294 3987 1487 4043 saltem
1525 3995 1690 4059 atque
1737 3988 1985 4043 homines

404 4091 531 4132 cum
565 4077 786 4133 Christo
821 4079 926 4134 sit?
947 4078 1090 4145 Quin
1118 4088 1174 4136 et
1213 4081 1417 4136 Paulus
1447 4082 1690 4153 seipsum
1722 4081 1817 4137 Dei
1853 4097 1986 4137 coo-

403 4175 712 4240 peratorem
739 4172 981 4241 appellat
1029 4172 1088 4227 in
1120 4173 1600 4229 administratione
1642 4172 1926 4245 Evangelii
1968 4193 1981 4228 :

403 4259 501 4314 sed
528 4256 795 4329 Spiritum
824 4269 1104 4327 sanctum,
1135 4279 1233 4333 per
1259 4280 1422 4334 quem
1460 4265 1517 4319 in
1551 4266 1700 4319 omni
1732 4273 1985 4320 creatura

404 4368 528 4422 qua:
559 4353 662 4408 sub
684 4354 825 4409 coelo
855 4362 963 4420 est,
988 4355 1286 4411 fructiﬁcat
1313 4357 1689 4428 Evangelium,
1717 4360 1763 4414 si
1792 4375 1985 4430 coope-

2089 3176 2366 3247 Πνεύματι
2415 3175 2537 3247 οὐχὶ
2584 3177 2681 3229 σὺν
2735 3174 2956 3247 Χριστῷ
3002 3176 3035 3246 ἡ
3091 3174 3237 3245 ζωής
3287 3175 3350 3227 Εἰ
3401 3174 3458 3227 δὲ
3505 3173 3669 3229 τοῦτο

2087 3266 2183 3320 καὶ
2213 3265 2326 3336 (76)
2364 3265 2574 3336 διανοίᾳ
2618 3264 2802 3317 Ααὸεἷν
2832 3262 3048 3327 ἀσεϐὲς,
3087 3262 3205 3325 πῶς
3233 3263 3333 3332 οὐχ
3370 3261 3537 3326 ὅσιον,
3585 3259 3671 3323 ὡς

2086 3358 2200 3429 ἔχει
2240 3356 2473 3428 φύσεως,
2513 3355 2658 3410 οὕτω
2700 3355 2796 3409 καὶ
2831 3355 2931 3426 τὴν
2967 3353 3255 3425 ὁμολογίαν
3302 3352 3671 3423 συνημμένως

2085 3450 2427 3514 ἀποδιδόναι;
2461 3445 2613 3527 κΕἷτα
2632 3487 2648 3513 ,
2679 3447 2798 3509 πῶς
2830 3447 2891 3500 ού
2933 3447 3033 3517 τῆς
3062 3446 3297 3516 ἐσχάτης
3330 3442 3670 3513 ἀναλγησίας

2084 3544 2212 3606 τοὺς
2256 3542 2354 3613 μὲν
2375 3541 2566 3610 ἀγίους
2604 3539 2885 3611 ὁμολογεῖν
2927 3538 3023 3591 σὺν
3052 3536 3274 3610 Χριστῷ
3299 3531 3437 3589 εἶναι
3463 3534 3667 3606 (εῐπρ

2084 3634 2148 3706 δὴ
2177 3634 2383 3697 Παῦλος
2408 3632 2721 3704 ἐκδημήσας
2746 3631 2855 3685 ἀπὸ
2881 3629 2977 3684 τοῦ
3019 3629 3270 3701 σώματος
3301 3628 3413 3699 (77)
3443 3627 3675 3697 ὲνδημεῐ

2084 3726 2223 3797 πρὸς
2237 3726 2330 3779 τὸν
2346 3725 2570 3797 Κύριον,
2592 3727 2686 3779 καὶ
2701 3723 2975 3787 ἀναλύσας
2993 3723 3089 3776 σὺν
3109 3719 3329 3793 Χριστῷ
3349 3721 3495 3773 ἐστιν
3513 3717 3665 3795 ᾖδη),

2083 3815 2162 3887 τῷ
2193 3816 2251 3870 δὲ
2278 3814 2553 3887 Πνεύματι
2586 3813 2809 3877 τούτους
2841 3814 2974 3885 μηδὲ
3006 3816 3119 3873 τοῖς
3148 3811 3455 3883 ἀνθρώποις
3480 3809 3671 3877 ἑξίσου

2088 3909 2225 3978 μετά
2266 3906 2503 3979 Χριστοῦ
2535 3902 2696 3972 εἶναι,
2748 3906 2872 3974 τόγε
2907 3906 2988 3967 εἰς
3025 3906 3221 3967 αὐτοὺς
3258 3900 3414 3976 ἧκον,
3448 3901 3673 3972 μεταδιο

2083 3997 2265 4064 δόναι;
2292 3999 2400 4053 Καὶ
2431 3998 2642 4062 Παῦλος
2683 3997 2818 4051 Θεοῦ
2857 3997 2954 4069 μὲν
2993 3995 3246 4067 συνεργὸν
3279 3994 3467 4048 ἑαυτὸν
3507 3996 3565 4048 ὲν
3594 3996 3668 4064 τῇ

2083 4091 2363 4162 οἰκονομίᾳ
2391 4090 2486 4143 τοῦ
2529 4089 2861 4159 Εὑαγγελίου
2905 4088 3088 4142 καλεῖο
3130 4086 3192 4140 τὸ
3235 4086 3292 4140 δὲ
3341 4084 3565 4158 Πνεῦμα
3601 4085 3673 4138 τὸ

2084 4182 2259 4251 ἀγιον,
2284 4182 2352 4235 δι’
2383 4174 2444 4235 οὗ
2474 4184 2533 4235 ὲν
2567 4181 2717 4253 πάσῃ
2738 4181 2912 4234 κτίσει
2938 4181 3004 4250 τῇ
3024 4178 3128 4232 ὑπὸ
3149 4178 3238 4232 τὸν
3267 4178 3496 4249 οὐρανὸν
3529 4193 3673 4252 καρ-

2084 4275 2401 4343 ποφορεῖται
2438 4272 2501 4325 τὸ
2546 4271 2905 4340 Εὐαγγέλιον,
2955 4270 3052 4323 ὲάν
3097 4269 3355 4341 συνεργὸν
3398 4270 3668 4339 εἴπωμεν,

2084 4364 2364 4419 κάνταῦθα
2393 4363 2505 4435 (78)
2536 4364 2789 4426 ἀσεδείας
2816 4361 3035 4433 γραφὴν
3070 4360 3192 4415 καθ’
3237 4360 3395 4433 ἡμῶν
3431 4362 3675 4430 ἀπενέγ-

402 4453 640 4500 ratorem
667 4446 1024 4515 appellemus,
1054 4448 1145 4502 hic
1173 4464 1390 4518 quoque
1411 4450 1706 4520 impietatis
1728 4467 1827 4507 nos
1856 4467 1980 4507 reos

2089 4475 2301 4524 καιντο;
2347 4458 2457 4512 Kal
2487 4458 2562 4521 ὡς
2614 4457 2808 4521 ἔοικεν,
2840 4458 2889 4527 ’ἡ
2940 4457 3036 4527 μὲν
3064 4454 3176 4526 ζωὴ
3204 4455 3311 4507 τῶν
3356 4454 3673 4523 ἡλπικότων

400 4536 698 4607 peragent?
725 4535 791 4590 Et
809 4547 870 4593 ut
896 4539 1132 4603 videtur,
1166 4541 1273 4594 vita
1304 4545 1640 4612 sperantium
1667 4544 1721 4597 in
1748 4542 1979 4598 Domino

405 4625 728 4681 abscondita
752 4639 838 4684 est
869 4644 994 4683 cum
1028 4629 1250 4687 Christo
1277 4634 1332 4687 in
1369 4632 1507 4699 Deo,
1548 4651 1784 4706 cumque
1817 4633 1980 4690 Chri-

403 4727 525 4773 stus
552 4718 872 4787 apparuerit
893 4720 1003 4774 vita
1032 4731 1242 4785 nostra,
1277 4730 1390 4776 tum
1414 4732 1468 4779 et
1493 4726 1595 4795 ipsi
1629 4742 1753 4781 cum
1785 4742 1850 4781 eo
1882 4741 1981 4797 ap-

403 4807 675 4879 parebunt
706 4809 761 4863 in
792 4811 964 4881 gloria
996 4811 1018 4843 ⁸
1051 4811 1205 4882 :ipse
1236 4825 1417 4869 autem
1451 4814 1690 4887 Spiritus
1718 4818 1858 4883 vitae,
1888 4819 1980 4889 qui

402 4900 654 4956 liberavit
682 4915 785 4956 nos
814 4917 844 4956 a
874 4902 991 4974 lege
1014 4906 1223 4973 peccati
1256 4907 1312 4973 θ,
1348 4923 1693 4980 nequaquam
1732 4923 1816 4968 est
1854 4928 1980 4967 cum

2084 4550 2178 4602 ἐπὶ
2200 4549 2402 4621 Κύριον
2422 4550 2727 4621 κέκρυπται
2758 4550 2853 4603 σὺν
2876 4548 2953 4619 τῷ
2978 4546 3197 4619 Χριστῷ
3219 4548 3276 4600 ὲν
3291 4546 3367 4617 τῷ
3386 4544 3530 4616 Θεῷ·
3568 4547 3672 4600 καὶ

2077 4642 2206 4694 ὅταν
2254 4642 2283 4693 ό
2322 4641 2557 4712 Χριστὸς
2594 4641 2922 4713 φανερωθῇ,
2950 4641 2984 4711 ή
3036 4638 3148 4710 ζωὴ
3195 4639 3374 4710 ἡμῶν,
3408 4638 3529 4692 τότε
3568 4640 3671 4692 καὶ

2078 4733 2232 4785 αὐτοὶ
2266 4733 2361 4785 σὺν
2388 4732 2539 4801 αὐτῷ
2561 4730 3035 4803 φανερωθήσονται
3066 4730 3124 4783 ὲν
3153 4729 3283 4801 δόξῃ
3302 4745 3319 4760 ·
3347 4728 3478 4781 αὐτὸ
3514 4727 3571 4781 δὲ
3598 4728 3673 4781 τὸ

2079 4820 2305 4893 Πνεῦμα
2327 4821 2425 4892 τῆς
2460 4821 2625 4892 ζωῆς,
2652 4821 2712 4874 τὸ
2745 4819 3117 4891 ἐλευθερῶσαν
3144 4821 3291 4890 ἡμᾶς
3321 4817 3428 4871 ἀπὸ
3451 4818 3546 4871 τοῦ
3573 4818 3668 4873 νό-

2084 4930 2186 4984 μου
2213 4914 2311 4984 τῆς
2353 4913 2652 4986 ἁμαρτίας,
2692 4912 2942 4984 οὐδαμῶς
2984 4913 3101 4964 ἐστι
3135 4911 3233 4965 σὺν
3265 4908 3505 4981 Χριστῷ,
3537 4905 3670 4962 οὔτε

473 5054 689 5112 ‘lCor.
718 5074 795 5123 vi,
831 5058 914 5112 ll.
999 5058 1063 5115 ⁸1
1088 5059 1219 5119 Cor.
1251 5079 1305 5129 v,
1344 5064 1400 5118 4.
1480 5064 1500 5095 ⁶
1523 5064 1738 5122 Coloss.
1766 5083 1827 5133 ιι,
1858 5067 1948 5122 l5.

2095 5067 2265 5123 lCor.
2290 5085 2345 5133 v,
2375 5068 2429 5123 8.
2504 5068 2525 5100 ⁸
2545 5067 2762 5122 Coloss.
2794 5081 2880 5134 ιιι,
2905 5067 2959 5132 5,
2991 5065 3046 5120 4.
3124 5066 3145 5096 ⁹
3167 5063 3325 5119 Rom.
3353 5078 3472 5127 vin,
3497 5061 3552 5117 2.

476 5209 586 5293 (74)
607 5214 1071 5293 Καταᾷεχθῆναι.
1096 5217 1228 5293 Reg.
1257 5217 1528 5293 secundus
1549 5220 1971 5293 παραδεχθῆναι.

403 5278 582 5364 Pauli):
600 5295 722 5364 ppst
734 5278 886 5364 idem
924 5278 1101 5364 eod_e_x_
1128 5278 1206 5364 sv"
1217 5292 1331 5364 τοῖς
1347 5291 1618 5364 Ακατόπινῄ
1633 5278 1970 5361 ὶδιδάξαμεν.

476 5351 707 5434 (τῳ-τῷ
729 5356 976 5434 Χριστῷ.
1004 5358 1153 5434 eam
1181 5361 1278 5434 σῦν
1306 5351 1382 5434 τῷ
1409 5359 1649 5431 Χριστῷ.
1667 5351 1809 5434 quae
1834 5351 1975 5432 βηθ-

404 5424 605 5492 positio
631 5424 783 5480 deest
811 5428 865 5480 in
891 5429 1105 5483 duobus
1144 5424 1387 5485 melioris
1417 5424 1560 5484 notae
1580 5424 1878 5487 «indicibus.

440 5489 589 5574 .-(ἶβ)
611 5495 679 5574 ξι
698 5494 766 5574 δὲ
785 5497 968 5574 τοῦτρ,
983 5497 1230 5574 πρέ-,βία
1259 5500 1419 5574 iidem
1439 5501 1785 5574 dueeodices
1799 5498 1972 5574 modo

404 5567 577 5639 οιιριι.
610 5567 970 5639 quatuoralii
1008 5569 1071 5621 ΕΞ
1099 5568 1156 5621 δὲ
1192 5570 1285 5622 καὶ
1313 5570 1489 5639 τοῦτο.
1529 5570 1668 5625 Editi
1698 5573 1761 5625 Ei
1791 5572 1849 5624 δὲ
1876 5572 1970 5623 καὶ

403 5633 562 5685 τοῦτο
590 5633 704 5688 καί.
743 5636 916 5692 Paulo
943 5646 1066 5708 post
1099 5639 1230 5695 editi
1262 5638 1379 5704 πῶς
1411 5641 1530 5712 οὐχὶ
1554 5642 1648 5696 καὶ
1684 5642 1783 5712 τῆς
1803 5642 1969 5712 ὲσχά-

2077 5237 2196 5292 της.
2230 5220 2455 5276 Veteres
2483 5221 2610 5275 libri
2648 5221 2786 5274 utin
2810 5225 2985 5276 textu.
3340 5288 3351 5299 _
3594 5285 3608 5297 _

2080 5362 2094 5373 _
2151 5292 2265 5373 (77)
2317 5292 2451 5373 Ἀπὸ
2477 5292 2583 5346 τοῦ
2622 5290 2919 5373 σώματος.
2943 5285 3665 5373 _lta_rnss.’codices..Edi.ti

2076 5355 2273 5447 “"105
2307 5362 2582 5447 σωματοςἶ
2624 5355 2795 5447 Paulo
2818 5355 2961 5447 [post
2993 5360 3123 5416 editi
3162 5355 3274 5412 οἷον
3298 5358 3421 5439 τόγε
3449 5358 3534 5447 εἰς
3556 5358 3665 5447 αὐὶ

2076 5434 2270 5496 τοὺς...
2290 5429 2402 5503 ,καῖ
2424 5435 2481 5485 ὲν
2514 5434 2662 5503 πάσῃ
2697 5434 2785 5501 τῇ.
2816 5429 3045 5488 Codices
3072 5444 3209 5487 mss.
3244 5438 3303 5484 ut
3339 5429 3394 5483 in
3424 5435 3575 5483 textu
3601 5434 3665 5480 et

2075 5504 2251 5571 prima
2285 5502 2610 5557 Basileensis
2640 5502 2831 5556 editio.

2148 5572 2261 5643 (78)
2292 5571 2627 5643 Κάνταῦθα.
2665 5573 2815 5626 lianc
2853 5586 3064 5632 vocem,
3096 5586 3218 5642 qua:
3246 5570 3431 5627 deerat
3462 5568 3515 5623 in
3538 5565 3668 5623 edi-

2075 5643 2168 5708 tis,
2195 5642 2504 5698 addidimus
2531 5658 2599 5697 εκ
2622 5657 2753 5700 mss.
2782 5642 3087 5698 codicibus.
