3888 6214
179 309 251 366 197
1238 297 1438 354 LIBER
1470 295 1561 351 DE
1592 295 1714 353 SP1]

1842 296 1863 352 J
1907 294 2205 352 SANCTO.
3272 291 3377 348 198

178 428 219 482 ἐν
239 420 531 495 λανθανούσῃ
563 421 658 475 καὶ
684 419 1042 493 κεκρυμμένῃ
1083 420 1180 474 σὺν
1220 419 1369 491 αὐτῷ
1404 417 1540 490 ζωῇ,
1573 417 1696 471 οὔτε

1847 416 2054 480 hristo,
2094 430 2272 486 neque
2301 413 2356 469 in
2394 412 2504 468 vita
2545 413 2751 468 latente
2787 418 2842 467 et
2890 410 3213 467 abscondita
3255 425 3382 466 cum

178 520 218 569 ἐν
239 518 290 586 τῇ
313 512 599 585 φανερώσει
627 516 727 583 τῆς
763 511 942 583 δόξης,
975 512 1040 582 ἢν
1068 513 1231 582 ἡμεῖς
1261 511 1355 563 ἐπὶ
1373 512 1485 573 τοῖς
1522 508 1698 577 ἁγίοις

1848 508 1915 569 lo,
1950 522 2129 577 neque
2162 508 2217 560 in
2247 505 2686 561 manifestatione
2715 504 2924 575 gloriae,
2969 518 3133 573 quam
3178 518 3278 558 nos
3325 504 3383 558 in

176 603 517 675 ἐκφανήσεσθαι
574 602 992 673 προσδοκῶμεν;
1032 599 1375 674 Κληρονόμοι
1410 600 1567 665 Θεοῦ,
1602 601 1698 653 καὶ

1846 600 2007 653 metis
2040 597 2474 668 patefaciendam
2511 612 2634 652 esse
2668 596 3083 665 exspectamus?
3120 594 3381 652 Haeredes

178 694 541 766 σδγκληρονὸμοι
577 694 814 765 Χριστοῦ
860 696 1054 765 ἡμεῖς·
1092 693 1153 745 τὸ
1197 694 1254 746 δὲ
1292 691 1514 763 Πνεῦμα
1549 692 1698 746 ἀπό-

1848 694 1895 744 ei
1929 697 1984 744 et
2031 688 2347 744 cohmredes
2383 685 2594 741 Christi
2634 701 2738 741 nos
2774 700 2968 740 sumus
2998 686 3041 717 ¹⁰
3080 704 3093 739 :
3142 684 3383 755 Spiritus

173 788 330 858 κληρον
358 788 442 840 καὶ
471 787 701 856 ἄμοιρον
728 786 841 856 τῆς
868 785 1153 849 κοινωνίας
1192 785 1284 839 τοῦ
1314 784 1449 839 Θεοῦ
1479 785 1572 838 καὶ
1602 780 1694 837 τοῦ

1849 795 1930 835 :ro
1964 780 2211 835 exhaeres
2255 787 2373 845 est,
2422 786 2478 833 et
2519 793 2712 833 exsors
2757 777 3164 833 communionis
3195 777 3291 832 Dei
3328 785 3384 833 et

170 878 355 950 Χριστοῦ
384 877 569 941 αὐτοῦς
599 878 709 931 Καὶ
756 879 887 931 αὐτὸ
941 878 1042 949 μὲν
1071 879 1132 931 τὸ
1164 877 1392 947 Πνεῦμα
1441 894 1697 948 συμμαρ-

1848 872 2001 927 hristi
2040 872 2197 942 ejus?
2224 870 2288 925 Et
2322 873 2441 941 ipse
2472 869 2692 941 quidem
2726 868 2970 939 Spiritus
3000 870 3380 926 testimonium

167 974 289 1042 τυρεῖ
314 970 389 1040 τῷξ
417 969 686 1039 πνεύματι
734 968 914 1040 ἡμῶν,
965 970 1047 1023 ὅτι
1104 968 1273 1039 ἐσμὲν
1313 969 1479 1021 τέκνα
1524 967 1691 1021 Θεοῦο

1841 966 2044 1021 erhibet
2094 965 2314 1036 spiritui
2345 975 2554 1031 nostro,
2588 965 2749 1035 :quod
2790 964 2964 1020 simus
2996 963 3092 1018 ﬁlii
3139 962 3235 1018 Dei
3272 964 3315 995 ¹¹
3363 981 3376 1018 :

168 1063 295 1131 ἡμεῖς
319 1060 368 1114 δὲ
392 1058 463 1130 τῷ
491 1058 777 1130 Πνεύματι
804 1059 922 1112 οὐδὲ
960 1060 1028 1130 ἢν
1059 1058 1211 1131 παρά
1242 1059 1335 1112 τοῦ
1363 1059 1568 1130 Κυρίου
1597 1076 1696 1129 με-

1844 1072 1900 1111 os
1924 1072 2055 1111 vero
2088 1056 2337 1124 Spiritui,
2366 1072 2435 1112 ne
2465 1057 2588 1126 ejus
2618 1056 2839 1126 quidem
2874 1056 3182 1121 societatis,
3215 1070 3379 1127 quam

170 1152 445 1224 μεθήκαμεν
475 1152 575 1223 τῆς
616 1152 750 1223 πρὸς
778 1151 908 1205 Θεὸν
941 1152 1226 1216 κοινωνίας
1253 1153 1355 1222 τὴν
1390 1151 1695 1222 μαρτυρίαν

1847 1149 1877 1201 li
1901 1163 2027 1203 cum
2058 1147 2168 1202 Deo
2187 1163 2309 1203 esse
2336 1162 2366 1201 a
2391 1148 2624 1202 Domino
2654 1147 2971 1211 didicimus,
3004 1148 3382 1203 testimonium

163 1242 550 1314 κατατιθέμεθα;
594 1244 667 1295 Τὸ
706 1242 763 1295 δὲ
806 1243 1100 1312 κεφάλαιον
1148 1245 1246 1315 τῆς
1287 1242 1492 1307 ἀνοίας,
1537 1243 1696 1312 ἡμεῖς

1848 1239 2144 1294 ratbemus?
2175 1238 2347 1293 Porro
2371 1238 2518 1310 quod
2542 1246 2626 1295 est
2654 1240 2908 1295 amentia:
2934 1247 3122 1310 caput,
3152 1255 3255 1295 nos
3286 1255 3383 1311 per

166 1336 243 1404 μὲν
264 1334 340 1388 διὰ
380 1336 470 1406 τῆς
518 1335 600 1399 εἰς
627 1335 862 1406 Χριστὸν
901 1336 1137 1399 πίστεως
1176 1338 1275 1406 τῆς
1326 1337 1384 1388 ἐν
1420 1334 1695 1404 Πνεύματι

1846 1332 1958 1387 dem
1986 1332 2041 1385 in
2066 1332 2344 1386 Christum
2368 1347 2490 1401 quas
2515 1340 2598 1386 est
2629 1332 2686 1386 in
2720 1330 2949 1402 Spiritu,
2971 1341 3381 1390 resurrecturos

163 1427 610 1499 συνεγερθήσεσθαι
664 1428 813 1499 αὐτῷ
857 1430 951 1482 καὶ
1001 1428 1446 1497 συγκαθεδεῖσθαι
1486 1427 1597 1499 (7η)
1638 1429 1697 1480 ἐν

1843 1439 1921 1475 um
1954 1422 2047 1476 illo
2078 1431 2133 1478 et
2154 1423 2319 1478 simul
2354 1438 2480 1478 cum
2512 1424 2609 1477 illo
2638 1438 2893 1478 sessuros
2919 1438 3045 1479 esse
3084 1424 3140 1477 in
3182 1438 3378 1493 super-

161 1522 251 1582 τοῖς
272 1521 593 1592 ἐπουρανίοις
623 1519 935 1591 ἐλπίζομεν,
979 1521 1108 1573 ὅταν
1156 1520 1608 1592 μετασχηματίσῃ
1636 1519 1696 1572 τὸ

1844 1515 2119 1570 uelestibus
2159 1530 2466 1586 speramus,
2497 1530 2621 1570 cum
2648 1516 3129 1573 transformaverit
3177 1532 3379 1587 corpus

163 1612 293 1682 σῶμα
314 1612 405 1683 τῆς
436 1611 822 1673 ταπεινώσεως
858 1610 1015 1683 ἡμῶν
1039 1612 1147 1666 ἀπὸ
1170 1612 1265 1666 τοῦ
1296 1611 1527 1683 ψυχικοῦ
1561 1611 1697 1683 πρὸς

1847 1607 2121 1662 umilitatis
2144 1616 2348 1663 nostrae
2371 1607 2438 1662 ab
2464 1608 2687 1662 animali
2707 1608 2774 1663 ad
2805 1608 3112 1678 spirituale;
3152 1608 3382 1679 Spiritui

159 1703 207 1754 τὸ
243 1704 620 1773 πνευματικόν
653 1703 735 1774 τῷ
771 1703 828 1757 δὲ
878 1703 1162 1775 Πνεῦματι
1197 1704 1258 1757 οὐ
1288 1704 1591 1776 συνεδρίας,
1633 1704 1694 1756 οὐ

1846 1713 1928 1752 ero
1953 1714 2064 1752 non
2094 1714 2448 1766 consessum,
2484 1714 2594 1753 non
2618 1699 2873 1769 gloriam,
2892 1715 3003 1755 non
3037 1701 3188 1754 aliud
3218 1702 3381 1770 quid-

157 1793 302 1863 δόξης,
324 1796 413 1847 οὐκ
439 1794 599 1848 ἄλλου
627 1793 796 1859 τινὸς,
823 1786 898 1848 ὧν
924 1793 1122 1865 ἔχομεν
1152 1795 1282 1866 παρ’
1304 1794 1491 1860 αὐτοῦ,
1526 1812 1692 1865 μετα-

1847 1807 1965 1845 uam
1983 1806 2172 1846 eorum
2199 1808 2321 1857 quae
2347 1792 2417 1847 ab
2446 1792 2565 1862 ipso
2586 1792 2872 1856 habemus,
2897 1793 3267 1862 impertimus?
3285 1795 3382 1849 sed

157 1883 365 1954 δίδομενς
397 1885 510 1939 ἀλλ’
561 1878 638 1939 ὧν
682 1885 910 1949 ἑαυτοὺς
963 1884 1148 1952 ἀξίους
1205 1882 1365 1950 εἶναι,
1405 1884 1545 1938 κατά
1595 1885 1692 1957 τὴν

1846 1884 2005 1937 uibus
2039 1899 2141 1938 nos
2171 1883 2280 1954 59
2318 1884 2467 1953 ipsos
2493 1897 2615 1939 esse
2637 1883 2855 1955 dignos,
2885 1900 2953 1940 ex
2977 1884 3098 1955 ejus
3130 1886 3221 1954 qui
3253 1902 3381 1956 pro-

155 1976 320 2047 ἀψευδῆ
338 1977 423 2030 τοῦ
456 1977 929 2049 ἐπαγγειλαμένου
962 1977 1195 2049 δωρεὰν,
1223 1978 1689 2049 πεπιστεύκαμεν,

1903 1974 1951 2026 it
1986 1989 2095 2029 non
2147 1974 2400 2029 mendaci
2441 1990 2693 2038 munere,
2723 1974 3024 2039 credimus,
3057 1976 3252 2030 horum
3291 1977 3383 2029 ni-
3432 2036 3438 2042 ,

156 2065 321 2121 τοὺτων
343 2068 548 2133 οὐδενὸς
584 2068 665 2140 τῷ
710 2068 987 2138 Πνεῦματι
1032 2068 1110 2138 τῷ
1159 2069 1297 2140 ἀγίῳ
1324 2068 1399 2131 ὡς
1429 2068 1691 2141 ὑπερϐαί-

1845 2066 1878 2119 il
1917 2064 2145 2136 Spiritui
2177 2076 2388 2130 saneto,
2412 2066 2568 2136 quasi
2593 2076 2856 2137 superent
2884 2068 3033 2122 illius
3065 2066 3380 2137 dignitatem

155 2173 301 2220 νοντος
322 2160 475 2213 αὑτοῦ
496 2160 598 2232 τὴν
629 2160 789 2225 ἀξίαν
817 2160 1292 2234 παραχωροῦμεν;
1332 2161 1443 2213 Καὶ
1481 2161 1564 2213 σοὶ
1594 2161 1690 2232 μὲν

1848 2157 2181 2212 incedimus?
2202 2155 2270 2210 Et
2301 2156 2399 2211 tibi
2425 2156 2645 2228 quidem
2669 2172 2773 2227 pro
2794 2159 2988 2213 merito
3016 2158 3144 2213 licet
3168 2173 3383 2228 semper

153 2249 267 2303 κατά
289 2251 379 2324 τὴν
406 2250 564 2317 ἀξίαν
609 2254 729 2306 ἐστὶ
770 2253 997 2307 πάντοτε
1036 2248 1174 2306 εἶναι
1210 2253 1305 2305 σὺν
1353 2250 1430 2322 τῷ
1479 2252 1688 2323 Κυρίῳ,

1847 2263 1924 2303 sse
1950 2262 2074 2302 cum
2107 2246 2341 2303 Domino
2375 2265 2388 2301 :
2424 2256 2479 2302 et
2510 2256 2826 2317 exspectas,
2863 2256 2923 2301 ut
2955 2255 3149 2318 raptus
3193 2248 3250 2301 in
3278 2264 3382 2303 nu-

155 2341 228 2392 tul
256 2342 561 2415 προσδοκᾷς,
596 2344 869 2415 ἀρπαγεὶς
906 2346 962 2397 ἐν
990 2344 1239 2413 νεφέλαις
1267 2345 1346 2407 εἰς
1390 2344 1690 2415 ἀπάντησιν

1846 2343 1962 2397 ibus
1986 2341 2042 2396 in
2074 2357 2368 2416 occursum
2410 2344 2464 2397 in
2494 2358 2711 2406 aerem,
2746 2359 2965 2414 semper
2994 2344 3074 2400 sis
3112 2359 3237 2399 cum
3270 2343 3381 2399 Do-

153 2433 216 2496 είς
230 2435 367 2505 ἀέρα,
388 2436 620 2489 πάντοτε
646 2433 961 2489 συνέσεσθαι
989 2434 1067 2506 τῷ
1091 2436 1311 2507 Κυρίῳ⁸
1342 2435 1494 2495 τὸδὲ
1526 2436 1688 2491 Πνεῦ-

1847 2435 1949 2490 nino
1977 2435 2023 2466 “
2055 2451 2070 2488 :
2113 2432 2379 2503 Spiritum
2427 2441 2611 2490 autem
2652 2449 2802 2489 nunc
2830 2450 2956 2490 esse
2988 2450 3114 2490 cum
3157 2436 3382 2492 Christo

154 2538 214 2591 μα
236 2523 316 2577 νῦν
345 2526 645 2595 ἀντιλέγεις
678 2526 792 2598 (80)
840 2523 977 2579 εἶναι
1029 2528 1124 2580 σὺν
1154 2525 1233 2598 τῷ
1265 2527 1520 2598 Χριστῷ;
1552 2529 1610 2592 ὃς
1628 2544 1689 2597 γε

1849 2525 2001 2596 agas?
2038 2524 2141 2591 Qui
2179 2527 2393 2582 scilicet
2424 2542 2572 2594 eum,
2605 2529 2700 2597 qui
2730 2528 2909 2597 ipsum
2954 2543 3080 2582 cum
3113 2527 3274 2584 Patre
3316 2544 3384 2586 ac

147 2614 220 2667 τὸν
241 2616 664 2689 συναριθμοῦντα
694 2616 826 2672 αὐτὸ
858 2617 952 2672 καὶ
995 2616 1359 2672 συντάσσοντα
1398 2618 1571 2691 Πατρὶ
1598 2619 1682 2671 καἸ

1847 2616 1941 2670 ilio
1970 2623 2221 2672 numerat
2242 2632 2306 2672 ac
2331 2619 2501 2683 locat,
2538 2619 2769 2689 expellis
2796 2628 2851 2673 et
2879 2619 3059 2689 ejieis,
3100 2620 3250 2676 velut
3285 2622 3381 2691 qui

150 2705 240 2777 Υίῷ
278 2708 540 2781 ἐξόριστον
590 2709 826 2777 τίθεσαι,
868 2709 945 2773 ὡς
990 2709 1240 2781 ἀφόρητα
1293 2709 1680 2775 δυσσεϐοῦντα.

1384 2709 1680 2775 ῖσεϐοῦντα.
1799 2706 2133 2777 impietatem
2161 2724 2273 2763 non
2305 2710 2581 2765 ferendam
2616 2710 2919 2766 admiserit.

200 2798 270 2854 70.
304 2801 638 2873 Αἰσχύνομαι
689 2803 987 2871 ἐπαγαγεῖν
1020 2803 1088 2856 τὰ
1138 2801 1453 2872 λειπόμενα,
1499 2803 1580 2856 ὅτι
1626 2803 1690 2856 σὺ

1869 2799 1959 2854 70.
1984 2797 2158 2855 Pudet
2184 2801 2396 2871 reliqua
2429 2800 2751 2872 adiungere;
2781 2802 2928 2873 quod
2960 2810 3020 2857 tu
3043 2801 3264 2873 quidem
3294 2819 3383 2860 ex-

144 2888 224 2957 μὲν
253 2891 771 2965 συνδοξασθὴσεσθαι
805 2893 1026 2964 Χριστῷ
1051 2893 1353 2965 προσδοκᾷς
1374 2893 1553 2965 (εἴπερ
1584 2894 1679 2966 γὰρ

1845 2897 2018 2958 pectas
2045 2888 2183 2954 lore,
2213 2899 2273 2944 ut
2298 2906 2422 2945 cum
2452 2890 2675 2944 Christo
2698 2890 3022 2961 gloriﬁccris
3059 2911 3074 2946 :
3107 2892 3380 2962 siquidem

144 2981 497 3055 συμπάσχομεν
532 2985 625 3038 ἵνα
654 2985 750 3038 καὶ
776 2984 1262 3056 συνδοξασθῶμεν)’
1293 2986 1353 3039 τὸ
1383 2985 1440 3038 δὲ
1472 2984 1679 3056 Πνεῦμα

1841 2981 1963 3035 imul
1995 2981 2305 3056 aﬂligimur,
2336 2990 2396 3036 ut
2419 2982 2585 3037 simul
2615 2997 2837 3052 quoque
2866 2983 3240 3054 gloriticemur
3284 2985 3328 3017 ⁸⁸
3361 3004 3376 3042 :

140 3071 218 3142 τῆς
242 3074 545 3148 ἁγιωσύνης
568 3076 646 3131 ὀὗ
688 3077 1025 3145 συνδοξάζεις
1065 3076 1309 3151 Χριστῷ,
1343 3077 1419 3142 ὡς
1452 3078 1573 3132 οὐδὲ
1608 3080 1675 3132 ao‘

1846 3074 2069 3144 piritum
2089 3083 2269 3130 autem
2295 3074 2752 3130 sanctiﬁcationis
2780 3091 2889 3129 non
2921 3075 3195 3146 gloriﬁcas
3214 3076 3379 3133 simul

141 3130 223 3215 τιῦν
246 3130 365 3220 ίσων
390 3130 688 3240 τυγχάνειν
712 3130 1037 3241 ἄξιονῐίὲη..
1070 3130 1180 3223 Καλ.
1296 3130 1416 3240 ’μὲν
1444 3168 1676 3234 ἐλπίζεις

1846 3184 1919 3223 tm
1957 3169 2200 3234 Christo,
2236 3171 2394 3240 quasi
2425 3185 2495 3225 ne
2536 3172 2656 3240 pari
2689 3169 2910 3240 quidem
2958 3178 3139 3225 tecum
3172 3172 3381 3230 honore

141 3257 521 3327 συμϐασιλεύειν
539 3278 555 3291 °
581 3261 646 3315 τὸ
662 3261 718 3314 δὲ
747 3261 970 3333 Πνεῦμα
993 3261 1095 3332 τῆς
1114 3261 1335 3331 χάριτος
1359 3260 1676 3333 ἐνυϐρίζειςι

1844 3277 2039 3332 gnum.
2071 3261 2138 3316 Et
2169 3275 2225 3318 tu
2250 3263 2476 3333 quidem
2513 3278 2703 3333 speras
2737 3272 2792 3320 te
2839 3279 2965 3319 cum
3011 3280 3078 3320 eo
3121 3274 3379 3337 regnatu-

137 3346 212 3417 τὴν
231 3349 400 3405 δούλου
422 3352 579 3425 αὖτῷ
605 3354 700 3407 καὶ
733 3353 1006 3425 ὑπηρέτου
1035 3352 1186 3420 τάξιν
1207 3352 1417 3425 ἀποκλη
1425 3353 1551 3424 ρῶν.
1576 3353 1672 3407 Kal

1844 3370 1938 3418 tm,
1979 3352 2244 3424 Spiritum
2273 3370 2404 3410 vero
2429 3357 2623 3425 gratia:
2646 3356 2821 3412 amcis
2842 3358 3201 3424 contumelia,
3233 3359 3379 3416 servi

134 3437 273 3494 ταῦτα
320 3442 485 3514 λέγω,
540 3447 648 3517 οὐχ
702 3446 791 3500 ἵνα
842 3445 1093 3500 τοσοῦτον
1139 3446 1298 3513 δείξω
1342 3446 1669 3517 ὀφειλόμενοι

1839 3446 2094 3515 ιηιυιίίιυε
2140 3447 2322 3501 locum
2368 3447 2448 3502 illi
2490 3448 2798 3518 assignans.
2842 3450 3022 3520 Atque
3067 3451 3184 3507 haec
3216 3452 3374 3518 dico,

139 3527 246 3585 εἶναι
273 3537 346 3600 είς
368 3537 687 3607 δοξολογίαν
714 3536 794 3608 τῷ
813 3537 1091 3609 Πνεύματι
1116 3556 1129 3570 ι
1153 3537 1267 3592 ἀλλ’
1290 3538 1377 3591 ἵνα
1394 3537 1491 3609 τὴν
1512 3540 1674 3606 ἀγνω-

1844 3551 1905 3590 an
1940 3543 2000 3589 ut
2032 3536 2299 3592 duntaxat
2329 3539 2618 3593 ostendam
2651 3541 2985 3596 tantumdem
3026 3542 3252 3598 honoris
3281 3546 3379 3599 de-

137 3627 334 3700 μοσόνην
365 3630 577 3700 ἐλέγξω
618 3629 731 3683 τῶν
779 3630 913 3703 μηδὲ
943 3630 1199 3684 τοσοῦτον
1247 3630 1517 3694 διδόντων,
1572 3629 1672 3683 ἀλλ¹

1843 3627 1910 3681 ari
1938 3626 2162 3697 Spiritui
2194 3628 2248 3682 in
2267 3629 2685 3699 gloriticatione,
2719 3632 2814 3688 sed
2835 3640 2893 3687 ut
2924 3634 3142 3689 illorum
3155 3636 3378 3692 demen-

134 3712 191 3777 ὡς
228 3718 469 3776 ἀσέϐειαν
521 3722 844 3791 φευγόντων
888 3720 986 3794 τὴν
1040 3720 1133 3775 τοῦ
1184 3720 1501 3791 Πνεύματος
1551 3720 1669 3793 πρὸς

1838 3734 1924 3772 am
1959 3718 2307 3790 redarguam,
2336 3722 2432 3791 qui
2464 3738 2532 3778 ne
2559 3724 2662 3779 hoc
2687 3725 2906 3795 quidem
2934 3726 3014 3781 illi
3039 3728 3372 3796 concedunt,

133 3803 233 3860 Υίὸν
260 3811 345 3864 καὶ
378 3813 613 3885 Πατέρα
657 3811 942 3865 κοινωνίαν
987 3812 1088 3883 τῆς
1130 3811 1307 3882 δόξης.
1347 3812 1443 3876 Τίς
1467 3811 1665 3865 δύνατα

1840 3809 1890 3865 ξύ
1921 3812 2064 3866 velut
2092 3812 2425 3882 impietatem
2467 3814 2726 3881 horrent,
2775 3815 3014 3886 Spiritus
3056 3834 3180 3874 cum
3211 3819 3375 3878 Patre

135 3896 270 3954 ταῦτα
298 3903 597 3958 ἀστενακτὶ
624 3902 919 3974 παρελθεῖν
943 3919 958 3968 ;
985 3904 1055 3955 Ἤ
1096 3902 1203 3975 γὰρ
1230 3903 1350 3973 οὐχὶ
1404 3902 1670 3974 προδήλως

1841 3915 1849 3955 ι
1882 3901 2020 3957 Filio
2042 3904 2099 3958 in
2129 3904 2305 3974 gloria
2334 3908 2697 3963 consortium.
2723 3908 2858 3975 Quis
2894 3918 3075 3980 potest
3106 3912 3221 3968 haec
3247 3915 3376 3970 abs-

134 3987 238 4057 t82),
259 3991 388 4045 ὥστε
419 3995 529 4047 κᾶν
571 3993 733 4047 παιδὶ
764 3990 1015 4063 γενέσθαι
1056 3990 1350 4063 γνώριμον,
1396 3993 1495 4063 τὴν
1528 3994 1669 4046 ἀπει-

1836 4008 1901 4049 ue
1931 3994 2130 4062 gemitu
2169 3999 2636 4052 commemorare?
2658 3998 2856 4053 Annon
2894 4000 3243 4058 manifestum
3266 4011 3371 4070 est,

131 4076 342 4150 ληθεῖσαν
358 4085 456 4157 τῆς
474 4086 725 4148 πίστεως
745 4082 983 4152 ἔκλειψιν
999 4083 1441 4155 προοιμιάζονται
1460 4081 1528 4136 τὰ
1548 4100 1666 4154 παρη

1841 4099 1870 4138 a
1905 4094 1966 4138 ut
1995 4085 2077 4140 vel
2111 4101 2249 4156 puer
2277 4087 2568 4158 intelligat,
2599 4104 2663 4144 ea
2697 4105 2820 4160 quae
2843 4106 2993 4147 nunc
3023 4092 3159 4147 liunt
3187 4109 3374 4164 prom-

132 4169 255 4240 ὄντας
290 4177 593 4248 ’Δμφίόολα
620 4176 815 4246 γέγονε
850 4174 918 4228 τὰ
948 4173 1334 4247 ἀναντίρρητα.
1357 4174 1667 4246 Πιστεύομεπ

1839 4175 1904 4228 tia
1929 4190 2051 4232 esse
2087 4176 2416 4235 defectionis
2449 4181 2607 4245 tidei,
2641 4197 2806 4252 quam
2848 4185 3092 4241 minatus
3136 4197 3220 4243 est
3265 4190 3374 4243 Do-

130 4263 193 4327 εἰς
215 4268 268 4319 τὸ
286 4269 510 4340 Πνεῦμα
530 4286 546 4300 ’
577 4270 681 4323 καὶ
700 4271 816 4332 ταῖς
833 4267 1127 4339 ἡμετέραις
1154 4267 1332 4321 αὐτῶν
1377 4268 1665 4339 ὁμολογίαις

1841 4266 2016 4322 tinus?
2065 4268 2272 4334 Quibus
2302 4272 2607 4326 contradici
2650 4271 2734 4327 fas
2772 4288 2881 4328 non
2924 4282 3080 4340 erat,
3129 4291 3194 4332 ea
3231 4276 3376 4334 facta

131 4351 532 4431 ζ’λγομαχοῦμεν.
579 4358 1003 4429 Βαπτιζόμεθα·
1059 4359 1152 4412 καὶ
1184 4358 1345 4412 πάλιν
1380 4358 1664 4430 μαχόμεθα

1839 4365 1929 4410 unt
1968 4358 2245 4429 ambigua.
2289 4360 2577 4417 Credimus
2628 4362 2683 4416 in
2729 4361 3033 4433 Spiritum,
3075 4373 3131 4420 et
3169 4367 3374 4422 nostris

136 4446 206 4511 Ὧς
242 4452 477 4522 ἀρχηγὸν
510 4452 621 4523 τῆς
664 4450 811 4520 ζωῆς
837 4449 1269 4521 ἐπικαλοῦμεθα·
1308 4450 1402 4503 καὶ
1433 4450 1509 4513 ὡς
1560 4452 1671 4521 ὁμοι

1835 4463 2040 4515 )sorum
2086 4450 2524 4519 professionibus
2564 4468 2973 4527 repugnamus,
2997 4454 3370 4526 Baptizamur,

128 4536 278 4593 60310-4
309 4542 796 4615 καταφρονοῦμεν.
826 4541 982 4595 Μετά
1024 4540 1237 4612 Πατρὸς
1266 4541 1361 4595 καὶ
1390 4540 1516 4594 Υίοῦ
1548 4558 1660 4614 παρ

1835 4544 1850 4592 t
1879 4554 2102 4596 rursum
2130 4556 2460 4611 pugnamus.
2492 4541 2563 4598 Ut
2586 4543 2710 4598 vita:
2728 4552 3007 4600 auctorem
3027 4546 3370 4611 invocamus,

127 4626 368 4699 ελάὁομεψ
408 4633 506 4685 καὶ
535 4632 621 4698 ὡς
655 4630 823 4702 μέρος
852 4630 949 4701 τῆς
977 4630 1207 4695 κτίσεως
1243 4630 1598 4702 ἀτιμάζομεν.
1626 4635 1662 4685 Ο

1839 4637 1852 4683 t
1896 4642 1956 4686 ut
1987 4647 2314 4689 conservum
2356 4635 2712 4705 despicimus.
2758 4636 2896 4691 Cum
2946 4637 3110 4693 Patre
3143 4647 3199 4693 et
3232 4638 3374 4695 Filio

126 4715 186 4781 δὲ,
204 4721 251 4772 τί
272 4723 676 4794 προσεύξονται
705 4721 780 4793 μὴ
803 4720 1019 4786 εἰδότες,
1039 4721 1134 4775 ὲάν
1158 4740 1211 4775 τι
1236 4721 1329 4775 καὶ
1358 4721 1661 4792 φθέγξασθα

1835 4723 2064 4792 ιρίιίιυιη
2103 4726 2448 4796 accepimus,
2493 4735 2548 4784 et
2583 4744 2709 4783 eum
2751 4735 2812 4782 ut
2854 4737 3120 4785 creatura:
3159 4738 3370 4799 partem

127 4812 287 4878 σεμνὸν
330 4815 458 4884 περὶ
510 4812 616 4866 τοῦ
677 4811 993 4882 Πνεύματος
1037 4812 1151 4883 (85)
1199 4812 1566 4884 προαχθῶσιν,
1612 4813 1662 4866 ὡ.

1838 4816 2131 4886 ontemptui
2176 4816 2464 4874 habemus.
2512 4819 2605 4874 lsti
2635 4827 2817 4874 autem
2844 4859 2859 4885 ,
2898 4819 3031 4889 quid
3072 4834 3232 4875 orare
3277 4821 3373 4875 de-

179 4961 214 4992 "
231 4962 378 5022 Rom.
409 4981 537 5031 vm,
573 4963 671 5019 17.
746 4963 787 4993 ⁸³
809 4962 942 5017 ibid.
976 4962 1062 5018 16.
1143 4964 1187 4995 ¹²
1212 4962 1232 5016 l
1255 4961 1450 5020 Thess.
1485 4980 1559 5031 tv,
1603 4964 1713 5020 16.

746 4963 787 4993 "
809 4962 942 5017 ibid.
976 4962 1062 5018 16.
1143 4961 1450 5020 “lThess.
1485 4980 1559 5031 tv,
1603 4964 1713 5020 16.
1769 4966 1815 5000 ³³
1836 4965 1996 5024 Rom.
2035 4985 2157 5036 vm,
2190 4968 2276 5026 l7.

176 5081 272 5166 (79)
296 5081 839 5166 Σατααθεὸεἷσραι.
861 5080 951 5166 Sic
969 5091 1178 5137 veteres
1197 5082 1320 5138 libri
1335 5098 1435 5153 pro
1451 5098 1516 5138 eo
1537 5084 1685 5153 quod

1866 5086 1980 5158 (82)
2006 5089 2349 5166 Προδήλως.
2384 5090 2509 5166 Haec
2532 5092 2803 5166 scriptura
2839 5094 2891 5147 in
2916 5093 3130 5150 duobus
3156 5099 3368 5166 tantum

123 5151 485 5234 "susse-ﬁs
517 5151 1018 5234 σηυᾨεαοέξεῖραιο.
1244 5229 1255 5234 _
1555 5151 1571 5153 “

1833 5151 2011 5226 aperta
2046 5151 2326 5234 codicibus
2350 5178 2364 5227 ;
2391 5163 2487 5216 scd
2514 5151 2660 5234 quiti
2674 5164 2834 5232 paulo
2865 5176 2988 5234 post
3013 5173 3251 5233 quatuor
3273 5164 3368 5234 alii

174 5222 273 5301 (80)
296 5222 821 5308 Ιχῦηὰντιτῑέγεις.
854 5221 1145 5308 Vocula-ex
1176 5222 1452 5308 veteribus
1475 5231 1686 5308 φθεῖρες

1834 5221 1997 5282 αὐειιι
2038 5221 2500 5308 προοιμιάςονται,
2532 5221 2587 5286 et
2619 5221 3062 5308 secundus
3086 5232 3366 5308 προοιμιά-

124 5291 263 5371 [ninia
302 5292 905 5373 Basileeusineditione
933 5292 1136 5373 addita.
1165 5291 1352 5373 .Paulo
1387 5301 1509 5362 post
1550 5293 1659 5348 edit

1832 5314 1965 5364 εται,
2002 5291 2354 5373 nouut'edi'ti
2391 5291 2860 5373 προοιμιάζεῖςθαι,
2883 5304 3089 5359 idcirco
3105 5291 3367 5359 s'atis'fuit

124 5361 592 5445 ὧστε...τίθεσθαι.
627 5361 887 5445 Quinque
912 5377 1046 5445 mss.
1075 5369 1132 5445 ut
1165 5363 1217 5416 in
1244 5361 1417 5445 textu,
1448 5379 1659 5445 quorun

1547 5380 1682 5445 trum
1793 5361 1972 5445 legent}
2002 5369 2301 5445 Epodﬁlws,
2322 5361 2509 5445 irquatn
2546 5361 2604 5425 ὺι
2637 5361 2770 5445 editi
2800 5361 3082 5445 πρόδηλον.

129 5439 271 5510 {mea
312 5438 368 5491 in
414 5436 651 5513 duobus
680 5434 899 5513 _legttur
921 5430 1190 5488 τίθεσθαι.
1241 5431 1365 5487 Mox
1415 5430 1548 5488 editi
1582 5436 1664 5486 ἐπ·

1846 5430 2142 5513 '(85)__H'spi
2160 5430 2676 5513 ’τοῦ-Πῆεύματος.
2714 5442 2803 5513 Sic
2829 5430 2969 5498 mss:
2989 5445 3208 5499 codices
3236 5458 3368 5513 qua-

128 5506 272 5584 ve:
303 5523 439 5584 mss
476 5515 542 5559 ιιι
574 5506 636 5584 ἱιξ
676 5509 850 5584 εειειιι-
1043 5570 1101 5584 ..
1134 5572 1161 5584 ..
1337 5579 1347 5584 _

1830 5506 1938 5584 tor.
1961 5506 2091 5563 Non'
2108 5511 2246 5584 male
2265 5510 2498 5584 ineditis
2514 5506 2665 5584 παρά
2690 5512 2784 5565 τοῦ
2814 5513 2951 5566 Πνεύ
2960 5531 3147 5583 ματος,
3170 5515 3219 5584 εξ
3240 5506 3365 5584 quid

178 5570 270 5651 (ξι)
300 5577 534 5651 Ἄξιον,
578 5572 735 5651 μαίᾳ
756 5573 810 5625 in
834 5570 995 5651 editis
1033 5570 1202 5651 ἀξιῶν
1224 5579 1418 5651 contra
1446 5584 1687 5651 veterum
1794 5579 2265 5651 etiam_magniﬁce
2311 5580 2454 5651 loqui
2474 5598 2514 5651 κα
2550 5570 2754 5650 spiritu
2790 5570 3148 5650 impellantur:
3194 5570 3368 5639 Paulo

130 5641 334 5760 indicum
358 5641 549 5705 tidem.
577 5642 763 5699 Paulo
789 5648 913 5713 post
943 5642 1142 5714 Regius
1172 5641 1450 5700 secundus
1478 5645 1665 5725 συμϐα·

159 5731 353 5760 ιιευσειν

1808 5657 1920 5721 post
1942 5641 2388 5720 Βεε.ἐεὸυιι(1υε’
2400 5650 2495 5705 τοῦ
2523 5641 2681 5725 λόγου
2698 5652 2775 5725 τῷ
2800 5641 2976 5708 δοκεῖν
3003 5653 3343 5710 ὐπεοπίπτον

159 5731 372 5774 ιιευσειν.
