3888 6214
437 290 544 357 199

1783 295 1841 351 S.
1879 294 2125 350 BASILII
2164 294 2385 351 MAGNI

3612 285 3720 340 200

441 418 608 472 beant
635 411 946 469 nescientes
984 412 1049 479 “,
1083 412 1130 468 si
1171 428 1237 469 eo
1280 411 1671 477 adducuntur,
1713 421 1774 466 ut
1821 413 2028 482 aliquid

2140 411 2510 482 ἐφικνούμενοι
2533 409 2633 479 τῆς
2653 406 2828 475 ἀξίας,
2861 405 3149 471 κολάζουσι
3175 404 3271 458 τοῦ
3295 403 3457 473 λόγου
3478 403 3540 457 τὺ
3560 404 3729 476 ὑπερ-

442 511 606 567 etiam
635 506 921 578 magniﬁce
951 506 1250 576 loquantur
1268 507 1336 562 de
1353 504 1586 576 Spiritu,
1617 504 1844 575 perinde
1873 505 2031 574 quasi

447 601 770 672 dignitatem
797 599 974 668 ipsius
1007 609 1411 668 assequamur;
1441 596 1588 671 quod
1631 597 1689 651 in
1724 596 1888 652 dictis
1910 611 2031 650 mo-

445 693 578 749 dum
611 692 867 758 excedit,
913 691 1242 760 reprimunt.
1278 691 1429 757 Quos
1465 705 1623 746 suam
1659 689 2032 744 infirmitatem

445 783 727 853 deplorare
772 781 1059 852 oportebat
1111 799 1124 836 :
1162 782 1424 852 quoniam
1456 779 1641 835 idonei
1669 795 1778 834 non
1817 794 2031 844 sumus,

447 875 544 945 qui
579 888 682 944 pro
713 872 1019 936 beneﬁciis,
1054 872 1258 942 quibus
1294 873 1476 943 reipsa
1506 872 1802 936 allicimur,
1847 871 2034 926 verbis

446 967 651 1038 gratias
680 979 928 1036 agamus.
979 963 1217 1033 Superat
1263 964 1410 1018 enim
1453 978 1671 1018 omnem
1701 963 2036 1018 intellectum

448 1072 514 1112 ac
551 1055 825 1113 sermonis
861 1063 1116 1110 naturam
1151 1055 1466 1126 redarguit,
1502 1069 1628 1110 cum
1668 1069 1734 1108 ea
1772 1069 1842 1109 ne
1878 1053 2042 1108 mini-

447 1164 592 1203 mam
625 1149 846 1219 quidem
868 1147 1151 1217 dignitatis
1179 1147 1328 1203 illius
1360 1155 1569 1217 partem
1590 1147 1860 1218 adaequet,
1881 1146 2039 1216 juxta

447 1238 614 1292 verba
671 1236 795 1291 libri
845 1237 939 1307 qui
1002 1235 1326 1290 inscribitur
1373 1236 1655 1306 Sapientia
1718 1255 1733 1291 :
1785 1235 2040 1289 Exaltate

453 1329 594 1382 enim
613 1337 635 1392 ',
668 1325 846 1397 inquit
877 1366 891 1392 ,
924 1335 1384 1397 quantumcunque
1425 1326 1706 1396 potueritis
1753 1341 1771 1380 :
1822 1334 2039 1394 superat

447 1419 587 1472 enim
613 1427 663 1472 et
691 1417 886 1480 adhuc;
906 1428 955 1471 et
983 1417 1279 1473 exaltantes
1301 1433 1420 1471 eum
1447 1417 1820 1486 multiplicate.
1851 1415 2035 1470 Nolite

449 1511 692 1565 taborare
723 1525 742 1564 :
775 1525 879 1564 non
911 1511 1052 1564 enim
1078 1510 1432 1580 assequemini
1467 1509 1532 1563 ³⁸.
1564 1507 1825 1564 Profecto
1866 1508 2032 1562 terri-

2137 506 2333 557 πῖπτον
2377 501 2475 573 τὴν
2523 501 2884 571 συμμετρίαν.
2936 498 3045 563 Οὓς
3098 497 3264 569 ὲχρῆν
3295 495 3583 567 ὀδύρεσθαι
3621 496 3724 567 τὴν

2139 597 2422 651 ἀσθένειαν
2443 611 2456 624 ·
2499 595 2581 648 ὅτι
2611 587 2686 647 ὧν
2717 593 2864 665 ἔργῳ
2908 593 3210 663 πάσχομεν,
3240 590 3418 659 λόγοις
3451 589 3726 659 ἀντιπλη-

2141 689 2267 762 ροῦν
2288 690 2386 761 τὴν
2408 690 2567 761 χάριν
2590 689 2690 741 οὐκ
2715 686 2946 758 ὲξαρκοῢ
2956 704 3074 757 μεν.
3109 684 3394 755 ’Υπερὲχει
3418 682 3526 753 γὰρ
3544 682 3724 737 πάντα

2139 780 2286 846 νοῦν,
2316 783 2411 835 καὶ
2444 781 2603 849 λόγου
2650 778 2811 849 φύσιν
2837 779 3073 848 ἐλέγχει,
3103 776 3223 829 οὐδὲ
3256 774 3533 846 πολλοστῷ
3567 774 3723 846 μέρει

2138 872 2240 942 τῆς
2273 871 2430 935 ἀξίας
2473 871 2881 942 παρισουμένην
2933 867 3048 937 (84)
3107 867 3248 921 κατά
3284 866 3376 921 τὸν
3416 866 3575 934 λόγον
3623 864 3727 934 τῆς

2139 963 2585 1036 ἐπιγραφομένης
2610 963 2830 1032 Σοφίαςο
2874 959 3173 1028 ’Υψώσατε
3211 959 3344 1029 γὰρ,
3392 956 3546 1027 φησὶ,
3586 958 3727 1009 καθ-

2139 1059 2292 1111 όσον
2333 1054 2408 1110 ἂν
2459 1055 2757 1123 δύνησθε’
2828 1051 3106 1121 ὑπερέχει
3149 1053 3258 1120 γὰρ
3297 1049 3394 1104 καὶ
3439 1049 3567 1112 ἕτις
3621 1046 3724 1099 καὶ

2141 1149 2445 1217 ὑψοῦντες
2473 1147 2661 1201 αὐτὸν
2687 1146 3054 1214 πληθύνατε.
3075 1141 3172 1210 Μὴ
3197 1139 3468 1196 κοπιᾶτε·
3511 1141 3581 1193 οὐ
3614 1139 3728 1210 τὰρ

2135 1239 2222 1309 μὴ
2269 1240 2579 1308 ἐφίκησθε.
2629 1233 2707 1291 Ἦ
2739 1256 2840 1290 που
2896 1235 3126 1306 φοϐεραὶ
3163 1235 3291 1305 ὑμῖν
3321 1236 3377 1286 αἱ
3430 1233 3567 1302 ὑπὲρ
3613 1231 3727 1284 τῶν

2140 1329 2396 1382 τοιούτων
2443 1329 2616 1398 λόγων
2666 1328 2890 1383 εὐθῦναι
2948 1330 3059 1390 τοῖς
3112 1325 3265 1396 παρὰ
3318 1323 3413 1378 τοῦ
3461 1321 3730 1392 ἀψευδοῦς

2141 1421 2404 1492 ἀκηκοόσι
2427 1421 2560 1474 Θεοῦ
2585 1420 2971 1492 ἀσυγχώρητον
3003 1414 3141 1472 εἶναι
3178 1416 3276 1488 τὴν
3305 1418 3385 1481 εἰς
3413 1416 3473 1469 τὸ
3498 1414 3728 1485 Πνεῦμα

2140 1513 2199 1566 τὸ
2222 1515 2375 1582 ἆγιον
2411 1512 2781 1584 βλασφημίαν.

449 1607 588 1662 biles
609 1605 766 1660 vobis
799 1604 1134 1661 istiusmodi'
1176 1618 1492 1659 sermonum
1551 1602 1842 1659 reddendas
1871 1606 2112 1660 rationes
2148 1609 2242 1678 qui
2281 1623 2312 1662 a
2359 1607 2472 1664 Deo
2509 1607 2729 1664 mentiri
2773 1605 2961 1663 nescio
2993 1605 3253 1676 audistis‘,
3293 1602 3727 1662 irremissibilem

448 1713 573 1756 esse
593 1697 990 1768 blasphemiam
1013 1699 1070 1752 in
1101 1697 1369 1753 Soiritum
1401 1703 1654 1753 sanctum
1691 1696 1760 1751 ".

1014 1804 1250 1868 CAPUT
1281 1809 1475 1866 XXIX.

500 1919 846 1974 Enumeratio
877 1922 1111 1976 virorum
1134 1923 1191 1976 in
1215 1920 1458 1976 Ecclesia
1481 1918 1796 1983 illustrium,
1821 1920 1911 1989 qui
1941 1935 1997 1972 ιη

623 1993 836 2061 scriptis
865 1993 1093 2054 suisusi
1118 2002 1241 2046 sunt
1267 1992 1365 2045 hac
1393 2007 1544 2058 voce,
1579 2009 1599 2043 ι
1645 2007 1782 2045 σιιιη.
1833 2009 1853 2041 ι

522 2149 611 2204 7i.
646 2147 791 2204 Sane
820 2156 1014 2204 contra
1048 2148 1103 2204 id
1149 2147 1295 2219 quod
1327 2147 1552 2212 dicunt,
1583 2147 2035 2219 gloriﬁcationem

449 2255 568 2294 cum
611 2228 821 2309 Spiritu
864 2255 1052 2294 carere
1098 2238 1416 2294 testimonio
1441 2279 1457 2304 ,
1485 2252 1591 2292 nec
1632 2239 1686 2292 in
1737 2235 2037 2307 Scripturis

449 2343 690 2398 exstare,
723 2331 858 2386 illud
880 2331 1118 2387 dicimus
1147 2349 1160 2385 :
1194 2331 1240 2384 si
1268 2329 1536 2401 60nihil
1574 2329 1723 2385 aliud
1752 2337 1839 2386 est
1883 2344 2040 2385 rece-

450 2432 606 2496 ptum
630 2425 838 2495 absque
863 2423 1188 2494 Scripturis,
1216 2437 1284 2476 ne
1312 2423 1414 2476 hoc
1439 2421 1662 2491 quidem
1694 2421 1992 2490 recipiatur
2019 2438 2034 2488 ;

451 2522 540 2578 sin
579 2521 816 2592 plurima
843 2531 1043 2571 arcana
1072 2515 1212 2570 citra
1238 2514 1505 2584 scriptum
1533 2521 1754 2584 recepta
1782 2521 1913 2570 sunt
1940 2527 2039 2567 no-

450 2613 560 2677 bis,
589 2626 715 2667 cum
743 2609 867 2663 aliis
896 2607 1150 2678 pluribus
1173 2612 1228 2661 et
1253 2605 1361 2660 hoc
1389 2605 1741 2677 recipiemus.
1779 2605 2037 2660 Arbitror

451 2710 636 2758 autem
666 2700 1027 2770 apostolicum
1057 2713 1199 2759 esse,
1230 2698 1397 2753 etiam
1425 2712 1537 2751 non
1589 2697 1813 2767 scriptis
1865 2697 2038 2752 tradi-

449 2793 692 2849 tionibus
727 2791 1015 2845 inhaarere.
1054 2785 1244 2840 Laudo
1281 2789 1443 2851 enim,
1475 2787 1692 2856 inquit,
1734 2803 1856 2851 vos,
1899 2787 2037 2857 quod

452 2886 632 2943 omnia
656 2900 772 2937 mea
803 2881 1140 2942 meministis,
1175 2889 1223 2932 et
1252 2879 1695 2949 quemadmodum
1728 2879 1930 2933 tradidi
1949 2897 2040 2934 νο-

452 2977 562 3038 bis,
599 2971 908 3028 traditiones
949 2971 1137 3025 tenetis
1167 2971 1230 3023 ¹⁷.
1263 2971 1330 3025 Ει
1373 2968 1531 3033 illud,
1567 2969 1756 3024 Tenete
1782 2972 2037 3024 traditio-

451 3083 542 3122 nes
563 3082 695 3136 quas
725 3063 1000 3133 accepistis
1029 3063 1136 3117 sive
1165 3079 1257 3132 per
1279 3078 1572 3116 sermonem
1595 3063 1699 3116 sive
1724 3079 1816 3133 per
1844 3064 2038 3132 episto-

2070 1813 2118 1871 B

2655 1807 3056 1863 ΚΕΦΑΛΑῙΟΝ
3092 1805 3224 1863 ΚΘ’.

2147 1922 2577 1989 Ἀπαρίθμησις
2625 1918 2745 1975 τῶν
2775 1921 2846 1974 ὲν
2872 1920 2950 1989 τῇ
3007 1919 3341 1987 Ἐκκλησία
3394 1919 3724 1989 dirigas-(Br,

2133 2014 2144 2026 -
2206 1992 2340 2072 ὅσοι
2373 1992 2716 2078 ἐχρήσαᾷο
2752 1992 2822 2045 ἐν
2848 1995 2973 2058 τοῖς
3006 1989 3467 2062 συγγράμμασιν
3493 1991 3731 2045 ἑαυτῶν

2202 2080 2274 2131 τῃ
2306 2079 2472 2132 φωνῃ
2520 2080 2538 2113 ι
2580 2077 2720 2117 συν.
2762 2081 2779 2114 ι

2206 2152 2296 2207 71.
2330 2152 2475 2223 Πρός
2501 2169 2565 2221 γε
2597 2152 2704 2224 μὴν
2736 2151 2796 2204 τὸ
2815 2151 3132 2224 ἀμάρτυρον
3163 2149 3258 2204 καλ⁸
3295 2149 3542 2220 ἄγραφον
3580 2145 3729 2203 εἶναι

2136 2245 2235 2317 τὴν
2263 2243 2386 2299 σὺν
2434 2242 2514 2310 τῷ
2551 2245 2849 2312 Πνεύμιιτι
2894 2241 3198 2311 δοξολογίαν
3247 2243 3423 2296 ἐκεῖνο
3456 2240 3724 2312 λέγομεν·

2137 2338 2242 2400 ὅτι,
2272 2335 2322 2388 εἰ
2358 2333 2456 2406 μὲν
2487 2333 2651 2404 μηδὲν
2676 2333 2861 2404 ἕτερον
2887 2333 3152 2404 ἄγραφον,
3188 2329 3322 2402 μηδὲ
3353 2330 3510 2384 τοῦτο
3542 2347 3729 2402 παρα-

2137 2427 2382 2499 δεχθήτω
2402 2445 2414 2457 υ
2466 2427 2516 2478 εἰ
2543 2425 2600 2478 δὲ
2632 2424 2701 2478 τά
2734 2423 2961 2478 πλεῖστα
3000 2423 3110 2476 τῶν
3153 2421 3429 2493 μυστικῶν
3461 2421 3731 2491 ἀγράφως

2138 2522 2270 2592 ⁴ἡμῖν
2303 2516 2736 2590 ὲμπολιτεύεται,
2789 2515 2928 2588 μετά
2970 2514 3181 2568 πολλῶν
3224 2512 3334 2567 τῶν
3389 2513 3589 2583 ἐτέρων
3628 2514 3730 2566 καὶ

2138 2609 2297 2664 τοῦτο
2329 2606 2744 2682 παραδεξόμεθα
2775 2606 2909 2675 (85).
2949 2603 3328 2658 Ἀποστολικὸν
3361 2603 3417 2656 δὲ
3439 2599 3589 2674 οἶμαι
3626 2600 3732 2654 καὶ

2137 2703 2200 2756 τὸ
2222 2705 2342 2767 ταῖς
2389 2701 2660 2774 ἀγράφοις
2693 2698 3025 2771 παραδόσεσι
3065 2698 3422 2769 παραμένειν.
3465 2692 3732 2748 Ἐπαινῶ

2138 2793 2270 2864 γὰρ,
2308 2794 2494 2865 φησὶν,
2523 2791 2700 2862 ὑμᾶς,
2736 2791 2824 2844 ὅτι
2855 2790 3053 2844 πάντα
3085 2807 3205 2859 μου
3248 2787 3574 2858 μέμνησθε,
3623 2788 3731 2839 καὶ

2139 2886 2335 2952 καθὼς
2369 2883 2681 2953 παρέδωκα
2699 2881 2862 2952 ὑμῖν,
2888 2883 2996 2947 τὰς
3023 2879 3386 2950 παραδόσεις
3406 2880 3686 2946 κατέχετε
3709 2893 3733 2911 ο

2141 2979 2236 3032 καὶ
2267 2978 2348 3042 τὸ,
2398 2975 2676 3043 Κρατεῑτε
2707 2973 2816 3041 τὰς
2845 2971 3209 3042 παραδόσεις
3254 2971 3328 3038 ἂς
3361 2970 3736 3040 παρελάϐετε

2139 3071 2260 3123 εἴτε
2290 3068 2389 3122 διὰ
2426 3069 2636 3136 λόγου,
2669 3066 2790 3120 alte
2833 3065 2909 3119 δι’
2947 3063 3318 3133 emotova
3353 3058 3429 3119 ὧν
3469 3064 3567 3135 μία
3605 3064 3733 3137 (86)

453 3157 562 3210 lam
581 3156 624 3188 ¹⁶
646 3173 659 3209 :
681 3169 918 3225 quarum
942 3168 1050 3207 una
1072 3161 1158 3209 est
1185 3160 1240 3208 et
1265 3152 1379 3206 haec
1399 3152 1468 3206 de
1487 3167 1597 3222 qua
1621 3169 1769 3207 nunc
1799 3155 2032 3224 agimus,

2140 3163 2257 3216 ἐστὶ
2283 3163 2439 3232 καὶὴ
2478 3160 2727 3231 παροῦσα
2765 3158 2926 3230 αὕτη,
2953 3159 3021 3230 ἣν
3061 3159 3111 3212 οἱ
3147 3158 3206 3223 ἐξ
3253 3159 3430 3229 ἀρχῆς
3468 3158 3738 3225 διαταξά-

452 3264 616 3321 quam
645 3248 738 3320 qui
765 3248 834 3302 ab
866 3246 1026 3301 initio
1058 3246 1542 3316 praescripserunt,
1575 3245 2036 3317 tradideruntque

449 3340 710 3412 posteris,
753 3354 859 3394 usu
905 3353 1119 3407 semper
1169 3338 1335 3392 simul
1365 3353 1491 3391 cum
1524 3347 1768 3407 tempore
1812 3353 2038 3408 progre-

450 3435 670 3498 diente,
730 3432 904 3503 ipsam
969 3429 1128 3500 longa
1187 3430 1590 3485 consuetudine
1647 3430 1707 3484 in
1766 3429 2034 3487 Ecclesiis

451 3522 843 3578 irradicarunt.
873 3519 1016 3591 Ergo
1051 3520 1097 3576 si
1139 3521 1289 3576 velut
1319 3520 1376 3575 in
1416 3521 1716 3587 tribunali,
1754 3524 2036 3593 probatio-

450 3615 618 3670 nibus
649 3629 681 3670 e
712 3613 919 3683 scripto
964 3610 1247 3676 destituti,
1283 3613 1492 3667 multos
1521 3613 1678 3668 vobis
1711 3623 1879 3671 testes
1907 3631 2037 3686 pro»

454 3707 745 3767 ducamus,
779 3718 964 3758 nonne
1015 3703 1343 3758 sententiam
1381 3703 1759 3760 absolventem
1805 3721 1835 3760 a
1877 3707 2034 3763 vobis

453 3794 894 3866 consequemur?
917 3792 1030 3863 Ego
1056 3793 1274 3862 quidem
1299 3793 1571 3850 arbitror:
1594 3795 1658 3850 In
1672 3813 1759 3850 ore
1777 3797 2033 3868 siquidem

451 3888 679 3942 durarunt
725 3902 788 3940 ac
853 3885 1015 3939 trium
1066 3885 1279 3939 testium
1309 3884 1473 3938 stabit
1519 3902 1673 3940 omne
1721 3887 1936 3942 verbum
1964 3889 2030 3942 ¹⁹.

451 3977 612 4043 Quod
663 3975 712 4030 si
756 3974 920 4030 etiam
955 3973 1217 4044 temporis
1265 3973 1686 4032 diuturnitatem
1728 3993 1828 4048 pro
1871 3979 2033 4036 nobis

452 4067 752 4122 facientem
815 4064 976 4121 vobis
1035 4065 1321 4120 evidenter
1380 4067 1776 4133 ostendamus,
1847 4085 2031 4131 annon

451 4156 760 4210 videbimur
788 4153 947 4210 vobis
975 4154 1281 4224 probabilia
1313 4154 1517 4224 dicere,
1553 4172 1663 4212 non
1694 4173 1859 4228 posse
1880 4160 2031 4217 litem

453 4250 618 4305 istam
663 4246 790 4316 jure
829 4245 990 4301 nobis
1040 4245 1290 4301 intendi?
1332 4245 1659 4303 Veneranda
1706 4250 1852 4304 enim
1901 4259 2031 4306 sunt

452 4334 858 4411 quodammodo
873 4345 1090 4392 vetusta
1106 4337 1378 4408 dogmata,
1395 4353 1518 4407 quae
1532 4339 1604 4394 ob
1623 4341 2025 4412 antiquitatem,

452 4447 554 4486 ceu
585 4429 842 4486 canitiem
875 4427 1200 4499 quamdam,
1245 4429 1451 4486 habent
1482 4429 1747 4500 quiddam
1769 4448 2026 4489 reveren-

2142 3269 2292 3324 μενοι
2324 3250 2708 3322 παραδιδόντες
2760 3252 2871 3312 τοῖς
2919 3247 3140 3318 ἐφεξῆς,
3189 3248 3596 3319 συμπροῖούσης
3633 3247 3735 3301 ἀεὶ¹

2137 3345 2212 3416 τῷ
2240 3345 2416 3416 χρόνῳ
2456 3345 2555 3415 τῆς
2599 3345 2871 3414 χρήσεως,
2911 3342 2999 3396 διά
3033 3341 3253 3413 μακρᾶς
3301 3342 3404 3412 τῆς
3437 3341 3736 3413 συνηθείας

2133 3439 2253 3501 ταῖς
2283 3437 2628 3507 Ἐκκλησίαις
2658 3434 3153 3506 ὲγκατερῤίζωσαν.
3173 3430 3298 3504 ’Ἆρ’
3326 3429 3419 3486 οὖν
3450 3433 3520 3497 εί,
3554 3431 3632 3494 ὡς
3661 3432 3734 3484 ἐν

2133 3529 2467 3601 δικαστηρίῳ
2503 3529 2602 3599 τῆς
2634 3527 2720 3580 διὰ
2751 3527 2858 3580 τῶν
2891 3527 3183 3598 ἐγγράφων
3214 3523 3542 3592 ἀποδείξεως
3584 3524 3735 3577 ἀπο-

2138 3621 2374 3690 ροῦντες,
2396 3620 2684 3692 μαρτύρων
2702 3621 2829 3690 ὑμῖν
2843 3620 3043 3690 πλῆθος
3069 3617 3563 3690 παραστησαίμεθα
3578 3617 3727 3686 (87),

2133 3713 2234 3766 οὐκ
2270 3713 2335 3766 ἂν
2376 3713 2479 3783 τῆς
2529 3711 2784 3782 ἀφιείσης
2835 3712 2961 3780 παρ’
3001 3711 3154 3782 ὑμῶν
3206 3710 3388 3781 ψήφου
3423 3708 3730 3779 τύχοιμεν;

2147 3805 2287 3873 Ἐγὼ
2315 3806 2414 3876 μὲν
2434 3805 2608 3870 οὕτως
2639 3801 2820 3876 οἶμαιο
2864 3804 2995 3858 Ἐπὶ
3027 3804 3324 3872 στόματος
3347 3801 3457 3873 γὰρ
3477 3801 3586 3856 δύο
3618 3801 3732 3854 καὶ

2133 3897 2311 3966 τριῶν
2341 3899 2657 3968 μαρτύρων
2679 3896 3044 3964 σταθήσεται
3072 3895 3195 3951 πᾶν
3221 3894 3404 3964 ῥῆμα.
3439 3895 3502 3947 Ei
3536 3893 3593 3947 δὲ
3623 3893 3732 3948 καὶ

2133 3988 2224 4041 τὸν
2258 3988 2424 4042 πολὺν
2445 3990 2636 4060 χρόνον
2664 3988 2800 4060 πρὸς
2829 3987 2984 4059 ἡμῶν
3011 3987 3141 4040 ὄντα
3175 3987 3420 4057 ἐναργῶς
3457 3987 3584 4056 ὑμῖν
3616 3987 3732 4038 ὲπο

2131 4077 2466 4148 εδείκνυμεν,
2503 4078 2603 4130 οὐκ
2632 4077 2698 4131 ἂν
2725 4076 2981 4147 ἐδόξαμεν
3018 4077 3148 4146 ὑμῖν
3182 4076 3366 4129 εἰκότα
3397 4075 3594 4144 λέγειν,
3637 4080 3728 4149 μὴ

2131 4167 2270 4223 εῖναι
2301 4169 2420 4224 καθ’
2443 4168 2599 4241 ἡμῶν
2627 4169 2726 4241 τὴν
2751 4169 2906 4239 δίκην
2929 4166 3298 4239 εἰσαγώγιμον
3314 4166 3546 4239 ταύτην;
3574 4169 3730 4221 Δυσ-

2130 4261 2389 4332 ωπητικά
2426 4261 2536 4334 γάρ
2571 4278 2690 4325 πως
2731 4261 2802 4314 τὰ
2841 4259 3048 4314 παλαιά
3073 4259 3183 4314 τῶν
3215 4260 3519 4331 δογμάτων,
3548 4261 3726 4316 οἱονεὶ

2130 4351 2292 4424 πολιᾷ
2323 4370 2430 4406 τινι
2456 4355 2522 4424 τῇ
2561 4351 2880 4424 ἀρχαιότητι
2924 4351 2985 4405 τὸ
3018 4350 3293 4421 αἰδέσιμον
3327 4349 3535 4421 ἔχοντα.
3581 4351 3725 4404 Ἀπ-

2130 4441 2606 4518 αριθμήσομαιοῦν
2619 4446 2746 4516 ὑμῖν
2767 4445 2892 4508 τοὺς
2922 4443 3229 4517 προστάτας
3254 4441 3347 4495 τοῦ
3373 4442 3530 4510 λόγου
3543 4441 3723 4514 (συμ-

452 4524 605 4580 dum.
635 4521 982 4577 Enumerabo
999 4521 1184 4592 itaque
1201 4522 1356 4578 vobis
1381 4523 1552 4594 hujus
1571 4523 1830 4581 dictionis
1850 4535 2029 4597 patro-

2140 4539 2565 4609 παραμετρεῖται
2593 4537 2650 4590 δὲ
2684 4537 2902 4599 πάντως
2923 4535 3064 4590 κατὰ
3084 4535 3145 4588 τὸ
3175 4534 3526 4606 σιωπώμενον
3561 4537 3658 4589 καὶ
3686 4541 3725 4591 ὁ

452 4629 556 4672 nos
583 4612 938 4683 vindicesque
969 4611 1161 4685 (simul
1184 4613 1331 4668 enim
1359 4615 1668 4670 aestimatur
1692 4616 1749 4671 in
1769 4632 1853 4682 eo,
1881 4619 2027 4690 quod

2140 4627 2376 4702 χρένοςγ
2430 4626 2492 4679 οὐ
2549 4624 2658 4695 γὰρ
2708 4625 2768 4690 ἐξ
2818 4623 2975 4696 ἡμῶν
3031 4623 3285 4694 ὥρμηται
3335 4622 3568 4694 πρῶτον.
3602 4623 3723 4676 Πό-

452 4714 687 4772 tacetur,
716 4706 880 4761 etiam
910 4703 1181 4778 tempus);
1217 4721 1395 4777 neque
1423 4707 1570 4762 enim
1608 4724 1677 4764 ex
1711 4709 1872 4766 nobis
1913 4713 2030 4782 pri-

453 4814 603 4854 mum
634 4798 850 4853 initium
875 4799 1128 4868 sumpsit.
1153 4797 1256 4864 Qui
1281 4801 1496 4870 potuit?
1514 4799 1786 4856 Nimirum
1809 4819 1912 4860 nos
1940 4820 2029 4861 re-

451 4903 582 4944 vera
601 4888 842 4944 hesterni
858 4904 1070 4954 sumus,
1086 4889 1548 4960 quemadmodum
1573 4891 1703 4948 dicit
1719 4892 1748 4949 J
1753 4895 1823 4952 ob
1837 4897 1905 4966 '°,
1923 4899 2027 4954 sal-

2127 4719 2218 4772 θεν
2266 4717 2417 4790 (88);
2451 4715 2628 4790 χθιζοί
2675 4734 2820 4780 τινες
2871 4716 3040 4780 ὅντως
3081 4717 3263 4787 ἡμεῖς,
3309 4716 3449 4770 κατά
3479 4715 3569 4768 τὸν
3609 4715 3717 4768 τοῦ

2137 4809 2256 4864 Ἰὼϐ
2279 4809 2460 4880 λόγον,
2499 4809 2636 4881 πρός
2683 4826 2746 4878 γε
2787 4808 3041 4862 τοσοῦτον
3072 4809 3280 4879 χρόνον,
3325 4809 3414 4862 τὸν
3446 4808 3544 4880 τῆς
3589 4826 3724 4862 συν-

2125 4901 2312 4974 ηθείας
2339 4899 2545 4974 ταύτης
2563 4899 2880 4973 ἡλικιώτην.
2897 4899 3038 4970 Ἐγὼ
3069 4900 3166 4971 μὲν
3192 4896 3284 4954 οὖν
3309 4899 3492 4964 αὐτὸς,
3518 4900 3568 4953 εἰ
3596 4904 3713 4974 χρή

526 5043 571 5076 ιι
596 5042 754 5122 ἣρω,
775 5059 897 5122 vili,
920 5041 1018 5122 26.
1077 5042 1310 5122 "AEccli.
1338 5057 1492 5110 xu",
1518 5043 1607 5114 '55,
1634 5047 1723 5103 54.
1802 5049 1847 5082 ¹⁶
1868 5049 1999 5109 Luc.
2030 5070 2032 5076 '

2164 5055 2252 5111 10.
2333 5055 2418 5110 "’l
2451 5056 2576 5113 Cor.
2600 5071 2680 5122 χι,
2710 5056 2767 5111 2.
2847 5057 2889 5090 ⁸⁸
2912 5057 2954 5110 ll
2983 5057 3180 5114 Thess.
3213 5072 3271 5122 ιι,
3305 5056 3390 5110 M.
3471 5054 3515 5086 "
3540 5051 3707 5112 Deut.

452 5130 566 5179 xix,
603 5114 691 5170 15.
784 5115 830 5146 ³ο
851 5113 955 5168 Job
980 5128 1097 5180 vni,
1124 5114 1175 5169 9.

523 5254 640 5328 (84)
667 5258 1137 5328 Παρισουμένῃν.
1168 5255 1246 5311 Ita
1269 5271 1404 5312 mss.
1434 5256 1693 5327 quinque.
1719 5253 1857 5309 Editi
1881 5271 2021 5328 παρ-

455 5325 1159 5474 ισῖἒὲξντίῗαραδεξᾴμεθα.
1202 5393 1284 5448 Ita
1328 5394 1481 5474 Ριεῇ
1515 5393 1810 5474 secundus.
1862 5394 2018 5474 Quod

2195 5255 2455 5346 (86),?»
2475 5261 2602 5330 μία.
2636 5259 2715 5315 lta
2761 5278 2894 5320 mss.
2943 5266 3203 5337 quinque.
3257 5266 3400 5323 Editi
3433 5261 3510 5322 ὧν
3537 5219 3711 5338 μάλι-

2129 5343 2912 5478 ῗῖϐἦιαήαραστησαζμεάα.
2944 5404 3022 5459 lta
3045 5417 3254 5462 veteres
3289 5408 3410 5462 libri
3435 5414 3703 5476 quatuor.

453 5463 704 5543 quidem,
755 5475 815 5519 ut
859 5463 1042 5543 Basilii
1105 5463 1487 5522 consuetudini
1526 5466 1793 5543 loquendi
1841 5465 2016 5534 magis

2140 5463 2801 5543 Ειῖἰιίξπαρεστησάμεθα.
2841 5473 2961 5530 Non
3007 5479 3179 5538 mi-lto
3223 5487 3347 5533 post
3391 5463 3524 5534 mss.
3584 5487 3708 5534 tres

455 5535 796 5608 appositum,
844 5537 1037 5608 secuti
1063 5551 1274 5608 sumus,
1322 5535 1572 5608 quamvis
1610 5535 1750 5608 ’alii__
1780 5545 2017 5608 quatuor

2140 5535 2521 5608 ιπιδείκνυμεν.

454 5603 858 5744 ἓξὲῗόμίέιόιέεειιιι
878 5605 1296 5676 καταδεξόμεθα.
1328 5604 1484 5662 Unus
1507 5621 1630 5662 cum
1665 5604 1828 5662 editis
1855 5623 2019 5663 κατα-

2198 5608 2308 5680 (88)
2329 5611 2537 5669 Πόθεν.
2556 5609 2688 5684 Reg.
2714 5615 2988 5671 secundus
3012 5615 3178 5671 Πόθεν
3199 5617 3305 5689 γάρ
3324 5634 3338 5684 ;
3361 5617 3480 5672 ἐπεὶ
3500 5616 3703 5688 χθιζοι.
