3888 6214
216 372 302 431 201

1330 371 1535 430 LIBER
1568 370 1659 430 DE
1695 366 1969 430 SPIRITU
2012 360 2310 425 SANCTO.

3356 358 3471 435 eos

218 504 275 560 ps
315 488 515 558 τούμὸν
543 487 672 542 tam
702 489 895 552 εἰπεῖν,
923 489 1112 561 ὥσπερ
1148 489 1271 544 τινὰ
1298 491 1501 565 κλῆρον
1527 489 1781 563 πατρῷον

1899 496 1994 540 tem
2026 482 2074 540 si
2108 489 2219 536 tam
2252 477 2402 550 longi
2425 473 2713 546 temporis,
2747 471 2895 544 quod
2924 471 3053 528 huic
3077 471 3469 528 consuetudini

215 578 301 649 τὴν
348 577 531 650 φωνὴν
570 577 778 650 ταύτην
810 579 1186 649 διαφυλάττω,
1232 581 1565 652 παραλαόὼν
1634 582 1786 651 παρὰ

217 668 394 741 ἀνδρὸς
420 670 629 740 μακρὸν
652 672 789 740 ὲντῇ
813 669 1126 742 λειτουργίᾳ
1148 670 1242 724 τοῦ
1274 670 1409 724 Θεοῦ
1434 669 1788 741 διαζήσαντος

217 761 413 833 χρόνον,
445 760 514 813 δι’
544 753 606 813 οὗ
645 761 740 814 καὶ
773 759 1133 832 ὲϐαπτίσθην,
1166 763 1259 815 καὶ
1287 765 1352 834 τῇ
1387 762 1661 833 ὑπηρεσίᾳ
1689 761 1789 830 τῆς

228 851 541 924 Ἐκκλησίας
616 854 935 927 προσήχθην
998 854 1133 925 (89).
1193 856 1502 927 Ἀναζητῶν
1550 857 1607 909 δὲ
1665 856 1786 910 κατ’

219 944 440 1014 ἐμαυτὸν
470 944 526 997 εί
547 962 631 1010 τις
655 946 764 1017 ἄρα
797 947 907 1002 τῶν
950 946 1201 1002 παλαιῶν
1247 948 1343 1003 καὶ
1372 948 1659 1020 μακαρίων
1691 949 1788 1002 ἀν-

218 1037 344 1110 δρῶν
374 1040 647 1111 ἐχρήσατο
679 1039 903 1102 ταύταις
935 1042 1055 1104 ταῖς
1082 1040 1177 1094 νῦν
1198 1040 1641 1111 ἀντιλεγομέναις
1672 1057 1787 1109 φω-

220 1134 345 1196 ναῖς,
379 1132 608 1195 πολλοὺς
635 1124 796 1203 εὖρον
828 1131 923 1185 κα)⁵
950 1134 1015 1203 τῇ
1046 1132 1365 1205 ἀρχαιότητι
1388 1131 1450 1186 τὸ
1476 1132 1788 1199 ἀξιόπιστον

220 1221 446 1293 εχοντας,
476 1223 570 1276 καὶ
596 1226 664 1294 τῇ
704 1222 805 1292 τῆς
828 1222 1080 1291 γνώσεως
1108 1224 1365 1296 ἀκριϐείᾳ
1389 1224 1450 1277 οὐ
1486 1224 1628 1278 κατὰ
1664 1224 1789 1288 τοὺς

220 1313 303 1367 νῦν
349 1314 538 1377 ὄντας·
589 1310 666 1368 ὧν
703 1315 755 1367 οἱ
805 1315 901 1385 μὲν
934 1317 1000 1386 τῇ
1056 1315 1333 1386 προθέσει,
1380 1318 1429 1371 oi
1474 1315 1531 1369 δὲ
1559 1314 1638 1387 τῷ
1666 1333 1790 1369 συν·

220 1404 385 1477 δέσμῳ
416 1408 558 1461 κατά
585 1408 684 1475 τὴν
709 1406 1016 1476 δοξολογίαν
1041 1408 1133 1461 τὸν
1158 1407 1316 1477 λόγον
1347 1406 1668 1473 ἑνώσαντες,
1699 1408 1792 1462 ob-

219 1496 298 1549 δὲν
323 1497 574 1569 διάφορον
609 1498 764 1570 δρᾷν,
800 1497 876 1562 ὥς
896 1516 961 1568 γε
995 1498 1134 1571 πρὸς
1166 1499 1269 1573 τὴν
1310 1498 1477 1572 ὀρθὴν
1514 1500 1612 1572 τῆς
1636 1499 1791 1554 εὐσε-

218 1587 355 1653 ϐείας
383 1588 615 1654 ἔννοιαν,
638 1589 999 1662 ἐνομίσθησαν
1026 1590 1165 1664 (90).

1890 575 2099 647 aequale
2120 580 2229 641 est,
2253 571 2521 626 habeatur
2551 566 2717 622 ratio.
2750 564 3017 637 Equidem
3051 564 3191 636 ipse,
3227 563 3276 620 si
3307 565 3471 617 modo

1890 684 1990 739 par
2006 668 2078 723 sit
2092 681 2177 721 me
2190 662 2339 736 quod
2355 661 2487 716 mihi
2505 659 2791 733 proprium
2805 665 2891 714 est
2902 656 3107 720 dicere,
3122 671 3311 712 vocem
3326 655 3471 711 hanc

1890 766 2155 830 tanquam
2191 762 2476 826 paternam
2502 750 2798 823 quamdam
2831 748 3206 805 hatreditatem
3242 760 3472 801 conscr-

1889 866 1980 914 vo,
2020 855 2301 920 acceptam
2329 862 2363 901 a
2411 845 2532 901 viro
2564 844 2800 899 multum
2836 840 3101 913 temporis
3134 839 3192 895 in
3242 838 3472 895 servitio

1889 941 1988 999 Dei
2015 949 2257 1004 versato,
2289 953 2387 1011 per
2416 952 2578 1009 quem
2609 945 2666 992 et
2691 934 3005 1006 baptizatus
3032 947 3178 998 sum,
3208 943 3264 987 et
3291 929 3476 985 Eccle-

1890 1037 1990 1090 siae
2033 1033 2346 1089 ministerio
2390 1031 2669 1087 admotus.
2714 1027 2984 1084 Caeterum
3018 1039 3143 1080 cum
3194 1022 3340 1096 apud
3385 1037 3475 1080 me

1889 1135 2112 1198 reputo,
2142 1141 2212 1182 an
2232 1123 2362 1197 quis
2397 1130 2647 1180 veterum
2672 1136 2738 1177 ac
2765 1119 3053 1177 beatorum
3087 1117 3335 1173 virorum
3361 1115 3471 1179 his,

1889 1219 2093 1290 quibus
2123 1232 2272 1274 nunc
2302 1215 2641 1273 reclamatur
2672 1212 2925 1277 vocibus,
2958 1226 3094 1268 usus
3126 1209 3234 1277 sit;
3270 1207 3474 1263 multos

1890 1311 2129 1383 reperio,
2154 1317 2210 1367 et
2232 1308 2302 1365 ob
2329 1307 2712 1379 antiquitatem
2742 1304 2848 1362 [ide
2875 1303 3095 1375 dignos,
3119 1313 3174 1359 ct
3193 1308 3472 1364 accurata,

1891 1417 2004 1459 non
2054 1400 2364 1458 secundum
2420 1400 2523 1455 hos
2579 1399 2866 1463 homines,
2924 1397 3158 1455 scientia
3210 1402 3474 1459 ornatos;

1890 1511 2127 1568 quorum
2154 1494 2249 1550 alii
2281 1492 2693 1565 prtepositione,
2725 1490 2819 1546 alii
2852 1488 3244 1561 conjunctione
3276 1488 3330 1543 in
3359 1488 3478 1558 glo-

1890 1587 2200 1644 riﬁcatione
2231 1600 2545 1643 sermonem
2596 1585 2945 1655 copulantes,
3005 1582 3145 1636 nihil
3196 1580 3476 1635 diversum

1890 1694 2024 1737 sane
2050 1678 2199 1750 quod
2220 1678 2289 1732 ad
2320 1684 2523 1733 rectam
2554 1676 2752 1732 attinet
2775 1673 2996 1747 pietatis
3026 1669 3473 1743 intelligentiam,

1890 1772 2190 1830 existimati
2222 1778 2354 1827 sunt
2386 1769 2589 1826 facere.

283 1860 365 1916 72.
412 1861 701 1934 Εἰρηναῖος
751 1863 984 1926 ἐκεῖνος,
1027 1860 1126 1915 καὶ
1161 1859 1396 1932 Κλήμης
1427 1862 1456 1914 ὁ
1492 1860 1785 1931 Ῥωμαῖος,

1963 1864 2051 1919 72.
2088 1864 2327 1919 tremens
2371 1862 2502 1927 ille,
2544 1868 2600 1916 et
2625 1860 2880 1916 Clemens
2913 1857 3214 1922 Romanus,
3248 1864 3304 1913 et
3349 1852 3481 1910 Dio-'

220 1954 302 2008 καὶ
328 1953 601 2018 Διονύσιος
627 1955 657 2008 ό
698 1952 984 2023 Ῥωμαῖος,
1010 1953 1104 2007 καὶ
1133 1953 1163 2006 ό
1202 1951 1581 2023 Ἀλεξανδρεὺς
1606 1950 1791 2005 Διονύ-

224 2063 343 2109 stoc,
364 2047 392 2099 ὃ
431 2047 527 2100 καὶ
564 2045 870 2116 παράδοξον
912 2044 1169 2110 ἀκοῦσαι,
1200 2045 1260 2099 ἐν
1294 2047 1361 2117 τῇ
1396 2044 1626 2116 δευτέρᾳ
1655 2044 1792 2115 πρὸς

219 2137 301 2191 τὸν
346 2139 634 2210 ὁμώνυμον
664 2138 859 2192 ἑαυτοῦ
897 2137 1154 2210 ἐπιστολῇ
1194 2138 1337 2205 Περὶ
1386 2136 1643 2206 ἐλέγχου
1691 2138 1790 2192 καὶ

220 2230 535 2300 ἀπολογίας
569 2231 683 2300 (91)
714 2229 859 2283 οὕτω
891 2230 982 2284 τὸν
1009 2229 1167 2298 λόγον
1190 2229 1486 2284 ἀνέπαυσε.
1516 2230 1555 2281 Γ
1561 2229 1717 2301 pacm
1735 2229 1794 2283 δὲ

218 2322 335 2392 ὑμῖν
369 2323 513 2377 αὐτά
563 2321 658 2376 τοῦ
708 2321 998 2393 ἀνδρὸςτά
1031 2322 1272 2393 ῥήματα.
1321 2323 1579 2387 Τούτοις,
1627 2321 1791 2391 φησι,

216 2411 391 2467 πᾶσιν
436 2413 787 2479 ἀκολούθως
834 2412 932 2465 καὶ
973 2411 1166 2482 ἡμεῖς,
1213 2411 1316 2467 καὶ
1359 2411 1436 2481 δὴ
1473 2413 1631 2480 παρὰ
1675 2411 1795 2466 τῶν

214 2505 319 2573 πρὸ
344 2504 520 2575 ἡμῶν
541 2503 960 2573 πρεσϐυτέρων
985 2505 1180 2558 τύπον
1210 2505 1310 2558 καί
1335 2508 1565 2560 κανόνα
1593 2522 1795 2574 παρει-

214 2598 491 2665 ληφότες,
517 2594 841 2673 ὁμοφώνως
869 2593 1074 2660 αὐτοῖς
1098 2596 1761 2665 προσευχαριστοῦντες
1778 2613 1791 2628 υ

217 2688 305 2740 καί
352 2686 429 2756 δὴ
486 2687 583 2741 καὶ
614 2686 733 2740 νῦν
763 2685 907 2755 ὑμῖν
933 2685 1404 2754 ἐπιστέλλοντες
1453 2687 1795 2742 καταπαύο-

212 2794 317 2845 μεν
361 2776 504 2848 (92).
549 2776 633 2842 Τῷ
677 2776 747 2829 δὲ
793 2775 916 2842 Θεῷ
958 2777 1141 2845 Πατρὶ
1180 2776 1281 2832 καὶ
1328 2776 1438 2843 Υἱῷ
1481 2776 1560 2843 τῷ
1603 2778 1797 2847 Κυρίῳ

214 2869 373 2936 ἡμῶν
412 2868 625 2936 Ἰησοῦ
653 2866 884 2937 Χριστῷ
906 2868 1030 2925 σὺν
1053 2868 1134 2935 τῷ
1154 2869 1300 2938 ἁγίῳ
1320 2869 1620 2938 Πνεῦματι
1645 2867 1797 2933 δόξα

212 2960 300 3014 καὶ
330 2960 555 3029 κράτος
607 2962 695 3026 είς
731 2958 874 3026 τοὺς
905 2958 1127 3028 αἰῶνας
1169 2960 1291 3015 τῶν
1312 2959 1566 3027 αἰώνων,
1611 2960 1793 3029 ἀμήν.

214 3049 316 3105 Καὶ
340 3051 517 3105 ταῦτα
546 3052 649 3104 οὐκ
682 3051 749 3105 ἀν
775 3069 859 3117 τις
895 3050 1041 3105 εἴποι
1077 3051 1544 3124 μεταγεγραφθαι.
1588 3052 1664 3105 Οὐ
1686 3051 1795 3123 γάρ

212 3138 273 3194 ἂν
310 3143 457 3197 οὕτω
501 3142 823 3207 διετείνατο,
852 3144 1022 3198 τύπον
1056 3145 1151 3198 καὶ
1175 3145 1375 3199 κανόνα
1402 3144 1793 3216 παρειληφέναι
1819 3178 1864 3237 c

213 3231 400 3301 λέγων,
455 3236 620 3307 εἴπερ
669 3236 741 3290 ὲν
783 3235 865 3302 τῷ
891 3236 1193 3305 Πνεύματι
1228 3236 1341 3305 (95)
1390 3234 1627 3307 εἰρηκὼς
1689 3231 1792 3306 ἦν·

209 3326 409 3398 ταύτης
431 3328 548 3399 γάρ
569 3327 680 3397 ’τῆς
710 3328 895 3398 φωνῆς
914 3329 948 3399 ἡ
974 3326 1172 3399 χρῆσις
1208 3326 1399 3396 πολλή.
1439 3326 1579 3380 Ἀλλ’
1621 3328 1797 3380 ἐκεῖνο

209 3411 272 3488 ἦν
292 3418 355 3472 τὸ
375 3421 479 3491 τῆς
510 3420 812 3488 ἀπολογίας
839 3419 1111 3490 δεόμενον.
1141 3419 1242 3483 Ὃς
1256 3436 1319 3488 γε
1340 3418 1433 3472 καὶ
1461 3416 1603 3472 κατὰ
1634 3418 1797 3488 μέσον

210 3524 308 3563 που
335 3511 438 3581 τῆς
469 3512 714 3581 γραφῆς,
751 3509 927 3574 οὕτως
957 3510 1146 3581 εἴρηκε
1173 3509 1309 3580 πρὸς
1338 3509 1466 3572 τοὺς
1498 3508 1796 3562 Σαϐελλια-

207 3600 353 3664 νοός
377 3606 475 3668 El,
502 3603 590 3669 τῷ
607 3604 766 3672 τρεῖς
788 3601 940 3659 εἶναι
978 3604 1088 3671 τὰς
1124 3604 1517 3671 ὑποστάσεις,
1558 3621 1798 3674 μεμερι-

208 3694 436 3762 σμένας
454 3692 620 3749 εἶναι
638 3695 911 3765 λέγουσι,
925 3696 1083 3765 τρεῖς
1101 3699 1243 3761 εἱσι,
1268 3695 1386 3752 κᾶν
1403 3697 1490 3767 μὴ
1507 3696 1766 3752 θέλωσιν
1780 3714 1794 3728 ο

207 3783 244 3851 ἦ
271 3785 384 3854 τὴν
411 3787 597 3843 θείαν
647 3787 861 3855 Τριάδα
903 3788 1214 3855 παντελῶς
1242 3788 1626 3845 ἁνελέτωσαν
1644 3806 1658 3820 ’
1703 3791 1799 3845 καὶ

210 3876 365 3930 πάλιν
383 3894 399 3907 ·
437 3878 730 3947 Θειοτάτη
759 3879 871 3948 γὰρ
897 3880 996 3935 διὰ
1030 3881 1207 3935 τοῦτο
1241 3882 1395 3950 μετὰ
1423 3881 1539 3950 τὴν
1563 3880 1801 3951 μονάδα

208 3968 301 4021 καί
324 3971 363 4036 ὴ
397 3970 603 4038 Τριὰς.
622 3969 784 4028 Ἀλλά
801 3971 896 4024 καὶ
916 3972 945 4025 ὀ
974 3970 1206 4043 Κλήμης
1229 3971 1634 4045 ἀρχαϊκώτερον
1661 3973 1798 4041 (94),

208 4057 309 4127 Ζῇ,
332 4063 529 4131 φησιν,
558 4064 596 4115 ό
625 4061 794 4127 Θεὸς,
826 4060 928 4115 καὶ
955 4064 988 4115 ό
1011 4063 1223 4131 Κύριος
1266 4063 1496 4132 Ἰησοῦς
1517 4063 1797 4132 Χριστὸς,

205 4151 299 4203 καὶ
329 4152 397 4207 τὸ
423 4152 685 4222 Πνεῦμα
708 4152 775 4207 τὸ
806 4152 997 4223 ἅγιον.
1024 4155 1314 4225 Εἰρηναῖος
1341 4154 1400 4208 δὲ
1421 4155 1555 4225 (95),
1573 4156 1602 4208 ὁ
1632 4156 1801 4224 ἐγγὺς

204 4242 308 4296 τῶν
329 4245 661 4300 ἀποστόλων
705 4244 1014 4315 γενόμενος,
1055 4245 1172 4309 πῶς
1213 4244 1457 4317 ἐμνήσθη
1498 4245 1592 4299 τοῦ
1625 4245 1800 4300 Ilvati-

208 4349 368 4402 ματος
429 4337 497 4387 ὲν
548 4334 630 4403 τῷ
658 4335 796 4406 πρὸς
828 4334 931 4398 τὰς
970 4336 1209 4406 αἱρέσεις
1255 4336 1419 4408 λόγῳ,
1454 4337 1798 4410 ἀκούσωμεν.

208 4423 352 4493 Τοὺς
386 4427 463 4481 δὲ
514 4428 1113 4499 ἁχαλινατωτήτους,
1153 4430 1309 4500 φησὶ,
1342 4428 1443 4483 καὶ
1476 4447 1804 4501 καταφεροο

200 4516 422 4587 μένους
440 4522 536 4586 εις
565 4518 675 4585 τὰς
686 4518 919 4574 ἑαυτῶν
935 4522 1275 4591 ἐπιθυμίας,
1310 4520 1613 4592 μηδεμίαν
1625 4523 1802 4593 ἕχον-

230 4727 243 4740 .
269 4674 349 4729 ¹¹Ι
378 4677 520 4735 Cor.
563 4694 652 4743 ιιι,
682 4680 736 4734 3.

272 4830 376 4955 ᾗ
405 4831 812 4904 Προσήχθην.
855 4832 934 4889 ita
992 4851 1130 4892 mss.
1181 4841 1435 4907 quatuor.
1471 4833 1617 4889 Editi
1658 4851 1795 4905 προ·
1827 4833 1873 4889 D

267 4973 378 5045 (90)
416 4973 901 5045 Ἑνομίσθησαν.
940 4973 1119 5029 Editio
1159 4974 1490 5031 Basileensis
1535 4973 1795 5045 ἐνομοθέ-

201 5044 387 5113 τησαν,
419 5060 559 5115 qua!
592 5044 754 5098 lectio
779 5046 934 5099 nullo
961 5060 1188 5115 prorsus
1215 5061 1273 5101 re
1345 5046 1487 5100 ritur
1515 5045 1570 5099 in
1601 5044 1792 5099 codice

202 5128 328 5170 ιιιε..
359 5116 463 5170 sed
503 5124 702 5168 tamen
746 5129 869 5170 eam
902 5115 1077 5169 secuti
1110 5123 1241 5170 sunt
1275 5061 1541 5170 Eamus
1571 5123 1626 5169 et
1656 5113 1792 5169 Cor-

284 5152 328 5176 .,
359 5129 463 5170 sed
503 5129 702 5168 tamen
746 5129 869 5170 eam
902 5129 1077 5169 secuti
1110 5129 1241 5170 sunt
1279 5129 1541 5170 διαειηυε
1571 5129 1626 5169 81.
1656 5129 1794 5169 υοι-

200 5187 405 5241 narius.
436 5184 631 5257 Paulo
660 5193 783 5253 post
808 5184 943 5239 editi
971 5186 1289 5257 ,παράδοξον
1326 5184 1612 5239 ἀκοΰσθαι.
1643 5183 1792 5239 Libri

200 5262 406 5311 veteres
439 5267 505 5310 ιιι
544 5255 609 5308 in
642 5262 813 5308 textu.

263 5325 375 5395 (91)
419 5324 833 5395 Ἀπολογίας.
859 5323 987 5395 Post
1015 5325 1158 5395 hanc
1185 5341 1374 5382 vocem
1402 5323 1555 5381 addit
1586 5321 1790 5395 Regius

202 5392 479 5467 secundus
518 5393 779 5465 γράφων.
800 5393 1002 5467 ibidem
1031 5394 1181 5467 Regii
1199 5399 1406 5467 primus
1427 5403 1481 5450 et
1511 5392 1789 5450 secundus

204 5466 392 5538 γράψω
431 5481 541 5534 pro
565 5464 646 5517 eo
675 5464 819 5538 quod
845 5475 964 5538 erat
992 5468 1046 5521 in
1075 5464 1239 5523 editis
1271 5466 1488 5538 γριίιιρωζ

268 5536 378 5616 GH)
414 5533 893 5603 Καταπαύομεν.
925 5535 1000 5591 Ita
1024 5547 1261 5608 quatuor
1284 5533 1425 5591 mss.
1457 5533 1600 5589 Editi
1622 5548 1788 5587 κατα-

206 5617 508 5659 παυσοαεν.

571 5670 669 5738 τῷ
694 5675 1010 5745 ιζνεύματι.
1047 5673 1229 5731 Editio
1271 5674 1603 5731 Parisiensis
1632 5677 1688 5729 ὲν
1718 5670 1798 5745 τῷ

207 5739 336 5817 ἁγίῳ
358 5745 684 5817 Πνεῦματι.
726 5742 832 5799 Sed
850 5739 1164 5815 repugnant
1192 5761 1328 5802 mss.
1361 5746 1602 5803 codices.

531 5843 823 5903 ΡΑτιιοι..
870 5840 985 5901 Gs.
1035 5841 1299 5903 XXXII.

1891 1955 2088 2028 nysius
2137 1952 2464 2017 Romanus,
2505 1960 2561 2007 et
2607 1949 3019 2007 Alexandrinus
3068 1946 3386 2019 Dionysius,
3421 1945 3479 1999 id

1890 2043 2040 2116 quod
2077 2044 2245 2100 etiam
2295 2042 2491 2099 auditu
2524 2043 2724 2096 mirum
2758 2049 2866 2106 est,
2898 2040 2955 2095 in
2983 2037 3229 2096 secunda
3270 2034 3340 2090 ad
3370 2035 3479 2092 sibi

1891 2136 2281 2209 cognominem
2349 2134 2587 2205 epistola
2647 2133 2729 2188 De
2758 2126 3131 2188 ‘accusatione
3179 2145 3243 2183 ac
3296 2126 3482 2198 defen-

1892 2230 2060 2294 sione,
2115 2228 2266 2283 hunc
2316 2227 2374 2282 in
2411 2226 2637 2283 modum
2692 2225 2869 2281 ﬁnivit
2916 2238 3247 2281 sermonem.
3304 2220 3483 2277 Tran-

1895 2320 2134 2375 scribam
2168 2328 2354 2375 autem
2386 2319 2543 2376 vobis
2584 2319 2703 2389 ipsa
2725 2317 2969 2374 hominis
2995 2318 3185 2372 verba.
3235 2314 3337 2370 His
3364 2331 3483 2370 omo

1895 2412 2072 2475 nibus,
2114 2412 2314 2483 inquit,
2355 2420 2701 2483 congruenter
2721 2421 2773 2467 et
2807 2428 2939 2476 nos,
2981 2410 3157 2480 forma
3203 2410 3365 2464 etiam
3417 2423 3483 2463 ae

1896 2503 2081 2573 regula
2110 2521 2141 2558 a
2170 2504 2513 2575 presbyteris,
2541 2505 2632 2575 qui
2660 2514 2782 2559 ante
2811 2520 2907 2558 nos
2937 2503 3202 2569 vixerunt,
3231 2509 3480 2571 accepta,

1894 2594 2244 2649 concordibus
2278 2595 2496 2651 vocibus
2524 2612 2645 2649 cum
2683 2594 2795 2649 illis
2835 2594 3042 2665 gratias
3082 2602 3294 2664 agentes
3315 2632 3330 2655 ,
3361 2600 3484 2646 tan-

1894 2684 2184 2739 dem’nunc
2213 2685 2358 2739 vobis
2380 2686 2612 2740 scribere
2643 2684 2956 2740 desinimus.
2990 2684 3101 2739 Deo
3128 2694 3305 2739 autem
3327 2683 3484 2739 Patri

1894 2784 1945 2829 et
1974 2772 2118 2828 Filio
2141 2773 2370 2829 Domino
2392 2785 2576 2837 nostra
2603 2774 2737 2829 Jesu
2766 2772 2980 2831 Christo
3007 2791 3125 2829 cum
3144 2783 3328 2830 sancto
3356 2772 3483 2843 Spi-

1895 2866 2007 2920 ritu
2032 2866 2206 2937 gloria
2233 2876 2281 2920 et
2313 2868 2591 2936 imperium
2620 2868 2677 2921 in
2706 2867 2908 2922 saecula
2932 2867 3276 2935 sccculorum,
3305 2883 3480 2923 amen.

1895 2957 2010 3015 Nec
2034 2958 2330 3030 quisquam
2354 2960 2461 3031 61
2491 2960 2674 3016 dicere
2701 2961 2883 3031 possit
2904 2960 3021 3016 haec
3038 2966 3289 3016 correcta
3311 2960 3486 3016 fuisse

1897 3066 1964 3108 ac
1999 3051 2309 3107 immutata.
2338 3051 2525 3124 Neque
2546 3053 2694 3108 enim
2726 3054 2799 3109 ita
2831 3067 3139 3110 sermonem
3164 3051 3489 3108 conﬁrmas-

1899 3150 2004 3207 set,
2036 3141 2228 3197 dicens
2260 3142 2514 3199 videlicet
2546 3143 2826 3214 accepisse
2859 3158 2919 3199 se
2949 3142 3184 3199 formam
3213 3158 3281 3200 ac
3322 3158 3488 3214 regu-

1900 3235 2031 3300 lam,
2067 3236 2115 3291 si
2140 3237 2195 3290 in
2223 3234 2431 3306 Spiritu
2479 3236 2712 3293 dixisset
2744 3254 2759 3292 :
2795 3216 2962 3307 liuius
2987 3236 3134 3292 enim
3164 3236 3320 3292 vocis
3349 3250 3487 3291 usus

1899 3328 2095 3383 creber
2132 3336 2237 3385 est.
2286 3329 2358 3382 At
2381 3328 2525 3385 illud
2569 3335 2710 3391 erat,
2742 3329 2890 3399 quod
2918 3327 3116 3400 egebat
3141 3326 3484 3383 defensione.

1900 3419 2006 3485 Qui
2040 3420 2260 3489 quidem
2308 3427 2365 3475 et
2409 3420 2467 3475 in
2512 3421 2692 3476 medio
2742 3421 2967 3490 scripti,
2998 3420 3080 3476 sic
3112 3419 3356 3490 loquitur
3390 3418 3490 3475 ad-

1899 3528 2097 3569 versus
2139 3510 2487 3569 Sabellianos
2518 3531 2531 3569 :
2560 3512 2623 3569 Si
2656 3530 2716 3569 eo
2747 3514 2886 3584 quod
2926 3523 3030 3568 tres
3065 3522 3190 3567 sunt
3235 3512 3488 3583 hyposta-

1900 3623 2019 3672 ses,
2065 3604 2261 3660 divisas
2303 3621 2419 3660 esse
2462 3602 2677 3669 dicunt,
2728 3614 2834 3659 tres
2878 3614 3001 3660 sunt
3026 3604 3240 3659 etiamsi
3264 3604 3435 3659 nolint
3464 3619 3488 3659 :

1901 3709 1996 3754 aut
2033 3698 2267 3753 diuinam
2305 3698 2622 3753 Trinitatem
2649 3713 2868 3768 prorsus
2902 3715 2930 3753 e
2960 3697 3132 3752 medio
3159 3696 3376 3753 tollant.
3405 3697 3488 3753 Ac

1898 3806 2146 3855 rursum,
2174 3789 2521 3846 Divinissima
2551 3792 2690 3846 enim
2715 3791 2779 3845 ob
2811 3789 2868 3844 id
2897 3791 3063 3844 etiam
3083 3798 3203 3858 post
3224 3788 3486 3844 unitatem

1905 3882 2147 3938 Trinitas
2177 3892 2279 3937 est.
2313 3882 2420 3939 Sed
2449 3891 2506 3939 et
2528 3880 2784 3938 Clemens
2817 3882 3155 3953 simplicius,
3199 3881 3363 3946 Vivit,
3399 3881 3485 3935 in-

1902 3971 2059 4044 quit,
2107 3972 2250 4029 Deus
2293 3983 2344 4028 et
2394 3972 2658 4028 Dominus
2693 3971 2855 4029 Iesus
2884 3971 3132 4028 Christus
3169 3981 3221 4026 et
3250 3970 3487 4040 Spiritus

1902 4073 2143 4119 sanctus.
2170 4065 2413 4120 lrenaeus
2446 4072 2655 4129 autem,
2690 4065 2787 4135 qui
2817 4063 3035 4119 vicinus
3063 4061 3170 4119 fuit
3206 4062 3489 4134 apostolo~

1902 4171 2024 4212 rum
2048 4156 2414 4235 temporibus,
2437 4154 2717 4226 quomodo
2747 4154 2915 4209 faciat
2943 4153 3277 4210 mentionem
3306 4150 3489 4222 Spiri-

1902 4256 2024 4315 tus,
2057 4246 2349 4319 disputans
2398 4247 2665 4304 adversus
2716 4245 2992 4314 hrcrcses,
3028 4244 3343 4300 audiamus.
3375 4240 3486 4297 Eos

1902 4356 2043 4405 vero,
2076 4339 2286 4410 inquit,
2313 4340 2405 4411 qui
2430 4341 2649 4410 etfrenes
2674 4348 2835 4404 sunt,
2864 4347 2917 4395 et
2952 4338 3200 4409 {eruatur
3242 4335 3313 4392 ad
3357 4351 3487 4391 suas

1901 4431 2394 4502 concupiscentias,
2459 4431 2667 4487 nullum
2724 4430 2974 4490 habentes
3027 4430 3194 4486 diuini
3249 4427 3485 4499 Spiritus

1902 4522 2223 4579 desiderium
2244 4563 2261 4589 ,
2297 4524 2488 4578 merito
2534 4523 2820 4593 Apostolus
2848 4522 3095 4578 carnales
3137 4531 3287 4576 uocat
3316 4521 3383 4575 “.
3419 4519 3488 4578 Et

1972 4830 2086 4903 (94)
2123 4828 2612 4903 *Ἄρχατκῴτεροῃ
2663 4826 2755 4903 _Sic
2785 4840 2921 4903 mss.
2971 4825 3192 4882 codices
3219 4834 3274 4880 et
3315 4823 3485 4880 editio

1901 4897 2078 4973 prima
2108 4897 2456 4973 Basileensis.
2472 4897 2622 4973 ﬁlia;
2643 4897 3088 4973 apxaiiabrspoc.

1973 4969 2084 5041 (95)
2117 4969 2435 5039 Εἰρηναῖος
2462 4967 2550 5025 δέ.
2583 4963 3221 5041 Εᾶλὶίῖἐιόᾀιιιιιέκεῖνος,
3242 4963 3391 5041 qu_od
3423 4963 3478 5018 in

1899 5035 2361 5099 veteri’bus'libris
2406 5035 2518 5095 non
2569 5036 2951 5109 legitur._Mos
2997 5036 3165 5109 R_egii_
3206 5035 3400 5109 tertius
3422 5045 3481 5109 ct

1899 5120 2127 5181 quartus
2149 5104 2726 5181 καταφερομέωυςέίς
2753 5107 2858 5170 τὰς
2880 5104 3392 5181 ἐαυτῶνίαίσχύνας,
3422 5105 3482 5157 in

1900 5174 2000 5236 sua
2032 5182 2264 5251 ipsorum
2295 5174 2577 5251 dedecora.
2605 5177 3051 5251 Scd‘t‘epugnant
3062 5176 3152 5230 alii
3183 5174 3401 5251 codices
3429 5184 3487 5229 et

1900 5244 2061 5307 vetus
2088 5252 2356 5317 interpres
2396 5250 2607 5311 Irenzei,
2639 5248 2732 5317 qui
2779 5244 2861 5302 sic
2884 5244 3082 5317 'reddit
3111 5264 3124 5298 :
3160 5244 3487 5317 deﬁciuntur

1900 5323 1953 5375 in
1988 5337 2089 5374 sua
2115 5313 2399 5374 desideria.
2431 5319 2567 5373 Cum
2599 5313 2778 5373 autem
2813 5317 2957 5371 idem
2982 5313 3254 5385 interpres
3270 5313 3484 5385 ibidem

1899 5391 2118 5453 habeat,
2162 5389 2367 5442 nullam
2403 5388 2650 5441 habentes
2708 5387 3082 5456 aspirationem
3115 5382 3484 5456 diviniSpiri-

1900 5470 2022 5525 tus;
2056 5460 2253 5513 merito
2286 5459 2649 5513 observarunt
2699 5456 2898 5511 eruditi
2933 5458 3036 5510 viri
3090 5471 3218 5510 eum
3281 5455 3485 5525 legisse

1898 5531 2204 5593 ἐπίπνοιαν,
2250 5544 2385 5586 ιιοιι.
2415 5535 2472 5581 ιιι
2516 5528 2658 5596 apud
2696 5526 2981 5591 Basilittnt,
3027 5525 3341 5596 ἐπιθυμίαν.
3377 5525 3485 5596 lbi-

1904 5600 2028 5671 dem
2082 5599 2193 5671 duo
2238 5598 2455 5671 codices
2512 5595 2819 5671 σαρκίνους.
2864 5596 3104 5671 Primum
3140 5595 3323 5671 autem
3380 5595 3485 5671 hoc

1906 5668 2284 5740 testimonium
2319 5662 2624 5740 legiturin
2650 5669 2792 5740 libro
2814 5669 3008 5740 quinto
3040 5668 3228 5740 Irenazi
3267 5679 3391 5737 cap.
3423 5662 3480 5730 8,

1906 5756 1963 5796 ιι.
1997 5739 2061 5807 2;
2085 5740 2342 5808 alterum,
2367 5738 2488 5811 cap.
2513 5738 2546 5795 9
2579 5738 3005 5811 ejusdem’libri,
3038 5752 3096 5793 η.
3124 5738 3177 5792 5.

3120 5835 3159 5895 7
