3888 6214
328 375 436 443 eos

1614 378 1671 435 S.
1716 380 1963 436 BASILH
1996 382 2209 437 MAGNI

3486 382 3592 440 Ξοι

325 503 456 560 alibi
497 499 631 556 dicit
672 497 818 554 idem
849 511 861 549 ;
895 494 976 550 Ne
1007 504 1246 565 expertes
1281 495 1414 565 facti
1442 494 1609 550 divini
1649 495 1904 566 Spiritus,

2024 515 2118 565 τας
2147 498 2468 568 ἐπιθυμίαν
2494 499 2656 553 θείου
2686 499 3052 569 Πνεὺματος,
3075 498 3311 562 δικαίως
3339 500 3373 553 ὁ
3422 498 3593 553 Ἀπό-

323 595 645 665 frustrentur
688 602 846 660 regno
886 586 1166 650 caelorum,
1225 584 1485 639 inclamat
1535 585 1819 654 Apostolus
1838 588 1905 652 ²²,

321 684 462 757 quod
488 698 613 737 caro
644 696 748 737 non
774 680 943 750 possit
972 678 1334 733 htereditatem
1371 692 1554 745 capere
1586 679 1732 749 regni
1754 679 1911 733 caalo-

2012 593 2237 656 στολος
2269 589 2598 658 σαρκικσὺς
2650 590 2843 647 καλεῖ.
2892 590 3003 644 Καὶ
3051 590 3109 643 ὲν
3147 589 3327 654 ἄλλοις
3369 590 3398 642 ὁ
3430 588 3593 651 αὐτός

2012 698 2206 753 φησιν·
2246 682 2381 737 Ἵνα
2420 680 2530 751 μὴ,
2562 682 2794 752 ἄμοιροι
2832 683 2995 738 θείου
3050 682 3395 751 Πνεύματος
3426 681 3594 750 τενό-

321 792 465 831 rum.
508 772 671 841 Quod
712 772 759 829 si
789 771 880 827 cui
910 777 968 826 et
1012 769 1287 825 Eusebius
1328 766 1659 825 Palaestinus
1690 778 1913 840 propter

2024 792 2199 838 αενοι,
2222 774 2615 844 ἀποτύχωμεν
2650 772 2763 843 τῆς
2781 774 3107 841 βασιλείας
3141 773 3261 828 τῶν
3297 771 3589 841 οἰιρανῶν,

322 865 686 935 multiplicem
730 861 1122 933 experientiam
1168 859 1396 915 idoneus
1424 860 1662 925 videtur,
1695 860 1785 914 cui
1816 860 1913 914 ha-

2009 866 2343 931 ἐπεὸόησεν
2364 867 2396 918 ὀ
2438 866 2823 931 Ἀπόστολος,
2842 861 2929 934 μὴ
2950 864 3245 918 δύνασθαι
3263 863 3379 931 τὴν
3395 861 3593 933 σάρκα

323 960 555 1017 beamur
598 956 771 1023 ﬁdes;
804 962 859 1011 et
892 969 961 1009 ex
993 953 1088 1008 illo
1117 967 1284 1010 voces
1310 951 1533 1009 easdem
1569 952 1912 1007 ostendimus

2024 955 2337 1009 ϐασιλείαν
2374 954 2649 1023 οὐρανῶν
2677 954 3151 1024 κληρονομῆσαι.
3191 955 3255 1007 Et
3299 954 3357 1007 δέ
3388 966 3464 1025 τῳ
3499 956 3594 1007 καὶ

324 1054 385 1110 in
412 1048 856 1109 dubitationibus
883 1045 951 1103 de
982 1046 1290 1116 priscorum
1322 1044 1613 1115 multiplici
1634 1042 1910 1114 mnjugio.

323 1145 599 1215 Loquitur
644 1141 795 1197 enim
841 1140 989 1195 hunc
1013 1141 1069 1194 in
1117 1138 1374 1202 modum,
1409 1152 1468 1193 se
1513 1137 1579 1192 ad
1619 1137 1911 1192 dicendum

329 1236 577 1294 excitans
610 1251 627 1292 :
661 1232 915 1294 Sanctum
946 1233 1319 1303 prophetarum
1356 1228 1520 1282 Deum
1564 1230 1696 1283 lucis
1726 1237 1910 1282 auclo—

329 1332 441 1382 r’em
470 1341 562 1395 per
593 1324 931 1384 Salvatorem
978 1332 1223 1377 nostrum
1262 1320 1448 1376 Jesum
1472 1321 1752 1375 Christum
1795 1338 1913 1375 cum

328 1425 515 1473 sancto
547 1414 751 1484 Spiritu
786 1416 1108 1469 invocantes.

404 1672 493 1727 75.
528 1670 650 1726 1am
686 1681 812 1727 vero
846 1677 904 1726 et
933 1668 1233 1741 Origencm
1252 1671 1320 1725 'in
1355 1671 1542 1726 multis
1566 1669 1914 1727 Psalmorum

332 1763 769 1835 expositionibus
798 1762 1286 1834 deprehendimus,
1320 1777 1445 1817 cum
1476 1770 1673 1818 sancto
1703 1760 1912 1834 Spiritu

2011 1049 2039 1100 ὁ
2067 1047 2419 1111 Παλαιστινὸς
2466 1047 2724 1110 Εὐσέϐιος
2747 1045 3059 1110 ἀξιόπιστος
3087 1044 3176 1099 διὰ
3216 1044 3590 1116 πολυπειρίαν,

2013 1137 2264 1191 κάκείνου
2286 1136 2383 1201 τὰς
2406 1138 2575 1200 αὑτὰς
2605 1137 2787 1207 φωνὰς
2820 1134 3196 1205 ἐπιδείκνυμεν
3250 1136 3307 1186 ἐν
3352 1136 3462 1196 τοῖς
3496 1135 3594 1186 ὲν-

2013 1232 2331 1302 απορήμασι
2363 1229 2491 1300 περὶ
2517 1230 2618 1300 τῆς
2648 1227 2755 1281 τῶν
2784 1227 3025 1298 ἀρχαίων
3054 1224 3414 1296 πολυγαμίας.
3431 1224 3593 1292 Λέγει

2012 1321 2121 1394 γὰρ
2150 1321 2291 1375 οὕτω
2320 1321 2623 1393 παρορμῶν
2652 1320 2844 1375 ἑαυτὸν
2868 1319 2960 1373 ἐπὶ
2988 1318 3078 1372 τὸν
3117 1317 3273 1387 λόγον
3291 1334 3304 1346 ·
3338 1315 3448 1371 Τὸν
3475 1315 3596 1368 τῶν

2013 1409 2334 1478 προφητῶν
2369 1409 2539 1479 ἅγιον
2580 1409 2730 1463 Θεὸν
2755 1407 3113 1478 φωταγωγὸν
3134 1407 3232 1461 διὰ
3264 1405 3370 1459 τοῦ
3401 1404 3593 1473 Σωτῆ-

2004 1519 2116 1569 ρος
2167 1499 2337 1569 ἡμῶν
2383 1499 2585 1565 Ἰησοῦ
2625 1496 2884 1567 Χριστοῦ
2930 1497 3052 1551 σὺν
3098 1497 3244 1567 ἁγίῳ
3294 1496 3593 1565 Πνεύματι

2015 1590 2381 1657 καλέσαντες
2428 1589 2561 1663 (96).

2087 1681 2175 1735 75.
2211 1681 2351 1750 Ἤδη
2373 1680 2431 1734 δὲ
2452 1680 2548 1734 καὶ
2584 1680 2866 1753 Ὠριγένην
2889 1682 2946 1733 ἐν
2976 1679 3197 1744 πολλαῖς
3226 1678 3336 1732 τῶν
3364 1680 3443 1742 είς
3461 1676 3589 1739 τοὺς

2015 1772 2279 1844 Ψαλμοὺς
2302 1771 2587 1838 διαλέξεων
2618 1770 2852 1843 εὕρομεν
2876 1770 2988 1841 (97)
3025 1772 3121 1824 σὺν
3156 1770 3235 1842 τῷ
3260 1771 3401 1840 ἁγίῳ
3420 1768 3594 1822 Πνεύο

332 1854 566 1928 gloriam
611 1854 946 1910 deferentem
981 1852 1129 1918 Deo,
1166 1853 1342 1908 virum
1382 1853 1474 1924 qui
1516 1868 1636 1908 non
1685 1854 1912 1910 omnino

2024 1879 2147 1934 ματι
2171 1862 2269 1932 τὴν
2293 1859 2451 1925 δόξαν
2475 1859 2816 1926 ἀποδιδόντα,
2840 1860 3008 1930 ἄνδρα
3028 1859 3150 1914 οὐδὲ
3172 1861 3312 1914 πάνυ
3337 1869 3390 1912 τι
3423 1859 3594 1927 ὑγιεῖς

332 1952 501 2003 sanas
553 1945 716 2000 habet
777 1946 833 1999 in
889 1945 1149 2002 omnibus
1200 1944 1269 2001 de
1321 1942 1533 2015 Spiritu
1588 1946 1912 2015 opiniones;

332 2030 693 2091 nihilominus
739 2044 795 2091 et
828 2034 919 2091 hic
966 2034 1156 2090 multis
1208 2033 1265 2088 in
1297 2032 1436 2088 locis
1475 2036 1747 2089 reveritus
1780 2049 1916 2090 con-

335 2126 649 2191 suetudinis
701 2126 893 2192 robur,
947 2125 1069 2197 pias
1098 2140 1264 2181 voces
1295 2124 1480 2180 emisit
1533 2124 1603 2181 dc
1659 2124 1912 2197 Spiritu:

333 2220 429 2292 qui
458 2219 679 2290 quidem
716 2220 770 2275 in
795 2224 981 2286 sexto,
1017 2219 1074 2272 ni
1096 2218 1276 2284 fallor,
1310 2217 1454 2272 libro
1493 2216 1917 2274 Enarrationnm

333 2316 391 2377 in
422 2312 771 2383 Evangetium
787 2310 1040 2375 Joannis,
1065 2311 1235 2367 etiam
1274 2310 1614 2365 adorandum
1649 2310 1914 2382 Spiritum

333 2406 620 2463 evidenter
647 2403 987 2476 pronuntiat,
1013 2402 1092 2458 ita
1118 2402 1371 2458 scribens
1395 2401 1466 2456 ad
1489 2403 1751 2458 verbum:
1774 2403 1920 2468 Quo-

334 2500 484 2554 niam
512 2513 665 2568 aqua:
706 2496 986 2550 lavacrum
1012 2494 1286 2563 signiﬁcat
1313 2494 1687 2564 purgationem
1726 2497 1919 2547 anima:

333 2590 402 2646 ab
432 2588 673 2645 omnibus
706 2588 933 2642 malitia:
960 2586 1207 2641 sordibus
1243 2584 1478 2652 abluta’,
1530 2584 1698 2640 nihilo
1743 2595 1919 2639 tamen

334 2682 510 2735 minus
547 2685 598 2732 et
626 2693 718 2746 per
752 2677 985 2744 seipsum
1024 2676 1073 2729 ei
1102 2674 1194 2745 qui
1224 2675 1455 2742 seipsum
1494 2672 1689 2742 praebet
1728 2673 1922 2727 divini-

335 2770 441 2825 tati
466 2766 757 2824 adoranda:
789 2764 1206 2833 Trinitatis,per
1232 2764 1482 2817 virtutem
1502 2762 1919 2828 inoocationuns,

330 2861 599 2918 donorum
642 2858 966 2937 principium
1006 2873 1070 2911 ac
1118 2856 1318 2927 fontem
1366 2854 1542 2909 habet.
1591 2854 1671 2908 Ac
1727 2870 1923 2910 rursus

336 2957 398 3011 in
452 2952 897 3016 commentariis,
937 2950 1143 3021 quibus
1195 2947 1424 3018 exponit
1479 2947 1788 3018 Epistolam
1852 2947 1921 3001 ad

336 3046 652 3112 Romanos,
712 3044 937 3108 Sacrae,
988 3041 1205 3112 inquit,
1264 3040 1484 3095 virtutes
1533 3055 1748 3106 capaces
1796 3047 1921 3093 sunt

344 3136 613 3209 Unigeniti
644 3145 694 3190 et
737 3134 914 3190 sancti
958 3132 1199 3202 Spiritus
1240 3130 1480 3186 deitatis.
1510 3130 1593 3186 Ad
1627 3131 1773 3185 hunc
1802 3145 1922 3184 mo-

2015 1956 2144 2027 περὶ
2165 1953 2259 2008 τοῦ
2290 1952 2431 2008 Πνεύ
2441 1970 2610 2024 ματος
2640 1953 2741 2016 τὰς
2771 1952 3069 2023 ὑπολήψεις
3100 1955 3158 2006 ἐν
3193 1954 3358 2005 πᾶσιν
3380 1951 3592 2022 ἔχοντα·

2014 2049 2153 2119 πλὴν
2193 2047 2330 2102 ἀλλὰ
2372 2045 2642 2117 πολλαχοῦ
2685 2046 2781 2101 καὶ
2814 2046 3000 2109 αὐτὸς,
3046 2045 3148 2115 τῆς
3200 2042 3490 2114 συνηθείας
3532 2042 3597 2096 τὸ

2018 2140 2235 2213 ἰσχυρὸν
2281 2137 2721 2209 δυσωπούμενος,
2764 2136 2866 2202 τὰς
2907 2137 3153 2199 εὐσεϐεῖς
3196 2136 3379 2206 φωνὰς
3416 2136 3596 2211 ἀφῆκε

2016 2232 2143 2304 περὶ
2172 2230 2267 2285 τοῦ
2309 2228 2644 2301 Πνεύματος.
2687 2230 2785 2293 ’⁸ος
2820 2245 2906 2298 γε,
2938 2227 3081 2282 κατὰ
3109 2226 3169 2281 τὸ
3213 2226 3391 2292 ἕκτον,
3420 2221 3595 2297 οἶμαι,

2013 2325 2123 2379 τῶν
2153 2326 2242 2391 είς
2282 2323 2350 2378 τὸ
2390 2322 2541 2377 κατὰ
2586 2320 2866 2388 Ἰωάννην
2892 2319 3262 2390 Εὐαγγέλιον
3301 2317 3600 2387 Ἐξηγητι-

2016 2415 2159 2478 κῶν,
2211 2415 2306 2468 καὶ
2358 2412 2732 2484 προσκυνητὺν
2780 2410 2913 2465 αὐτὸ
2965 2409 3214 2482 φανερῶς
3261 2410 3598 2479 ἀπεφήνατο,

2017 2504 2213 2557 οὑτωσὶ
2238 2504 2464 2575 γράφων
2487 2503 2630 2556 κατὰ
2651 2501 2816 2568 λέξιν
2848 2501 2972 2554 Ὅτι
2997 2499 3065 2554 τὸ
3090 2498 3197 2553 τοῦ
3221 2499 3438 2565 ὓδατος
3458 2501 3604 2552 λου·

2016 2597 2161 2665 τρὸν
2187 2597 2502 2666 σύμϐολον
2526 2593 2809 2666 τυγχάνει
2833 2594 3163 2663 καθαρσίου
3190 2591 3419 2662 ⁸Ψυχῆς,
3445 2591 3601 2646 πάν-

2017 2703 2091 2740 τα
2126 2687 2326 2754 ῥύπον
2370 2685 2478 2739 τὸν
2509 2685 2629 2740 ἀπὸ
2672 2685 2887 2751 κακίας
2926 2683 3430 2752 ἀποπλυνομένης
3464 2683 3600 2753 (98)⁶

2019 2776 2201 2831 οὐδὲν
2232 2776 2301 2829 δὲ
2339 2772 2525 2847 ἧττον
2570 2776 2669 2830 καὶ
2702 2778 2830 2831 καθ’
2871 2776 3052 2830 ἑαυτὸ
3090 2775 3172 2842 τῷ
3206 2774 3604 2846 ἐμπαρέχοντι

2020 2866 2237 2920 ἑαυτὸν
2266 2864 2340 2935 τῇ
2370 2867 2603 2934 θεότητι
2634 2863 2746 2933 τῆς
2778 2864 3212 2934 προσκυνητῆς
3245 2865 3485 2934 Τριόδος
3502 2863 3606 2919 διὰ

2022 2958 2132 3026 τῆς
2159 2956 2468 3026 δυνάμεως
2508 2955 2628 3009 τῶν
2665 2954 3047 3021 ἐπικλήσεων
3085 2954 3469 3024 χαρισμάτων
3503 2956 3607 3023 ἁρ-

2023 3048 2145 3119 χὴν
2182 3048 2307 3118 ἔχει
2344 3048 2443 3102 καὶ
2494 3046 2718 3118 πηγήν.
2767 3045 2878 3099 Καὶ
2928 3045 3093 3099 πάλιν
3143 3047 3202 3100 ὲν
3229 3048 3340 3110 τοῖς
3378 3048 3459 3110 εἰς
3501 3047 3607 3117 τὴν

2025 3140 2161 3208 πρὸς
2209 3139 2510 3211 Ῥωμαίους
2557 3136 2875 3209 Ἐπιστολὴν
2922 3136 3286 3208 ἐξηγητικοῖς,
3320 3139 3391 3192 At
3430 3136 3603 3206 ἱεραί,

338 3229 470 3284 dum
492 3268 511 3293 ,
549 3227 768 3299 opinor,
807 3223 1123 3279 traditionis
1155 3221 1239 3279 vis
1279 3237 1423 3293 sape
1449 3221 1713 3291 compulit
1741 3221 1919 3275 homi»

2028 3232 2184 3301 φησὶ,
2229 3229 2515 3300 δυνάμεις
2567 3228 2889 3299 χωρητικαὶ
2937 3228 3045 3282 τοῦ
3084 3228 3467 3298 Μονοτενοῦς
3503 3228 3609 3283 καὶ

336 3336 437 3377 nes
475 3319 648 3374 etiam
681 3317 799 3374 suis
839 3318 1085 3389 ipsorum
1119 3315 1473 3386 dogmatibus
1516 3314 1919 3370 contradicere.

337 3412 413 3467 At
460 3426 565 3466 nec
616 3402 939 3465 Africanum
997 3408 1329 3469 historicum
1389 3407 1520 3463 talis
1580 3406 1924 3477 glorificandi

340 3503 521 3557 forma
550 3500 831 3572 praeteriit.
866 3498 1157 3568 Siquidem
1200 3504 1420 3553 constat
1457 3497 1512 3551 in
1551 3498 1744 3567 quinto
1781 3496 1923 3552 libro

338 3593 405 3649 de
431 3589 752 3661 temporibus
794 3588 1100 3659 Epitonies,
1142 3596 1198 3644 et
1250 3589 1431 3658 ipsum
1479 3586 1548 3641 ad
1595 3587 1741 3642 hunc
1773 3587 1921 3657 loqui

338 3682 565 3740 modum
603 3702 617 3738 :
662 3680 780 3737 Nos
824 3683 964 3737 enim
1008 3682 1102 3751 qui
1149 3688 1201 3735 et
1244 3680 1464 3734 illorum
1501 3679 1609 3750 62
1649 3678 1923 3734 uerborum

338 3776 563 3831 modum
611 3774 934 3840 didicimus,
987 3788 1079 3827 nec
1120 3772 1428 3843 ignoramus
1479 3770 1605 3841 ﬁdei
1654 3771 1919 3842 gratiam,

339 3866 547 3938 gratias
563 3865 772 3936 agimus
791 3863 969 3927 Patri,
997 3863 1090 3933 qui
1106 3862 1257 3918 nobis
1274 3864 1386 3917 suis
1410 3862 1671 3917 creaturis
1696 3860 1923 3930 prwbuit

340 3956 1067 4014 unittrsorum'Saioatorem
1089 3972 1154 4011 ac
1173 3956 1462 4011 Dominum
1479 3964 1720 4011 nostrum
1738 3953 1773 4009 J
1776 3970 1926 4010 esum

341 4048 639 4113 Christum,
662 4048 749 4102 cui
762 4047 959 4118 gloria,
994 4047 1251 4117 majestas
1268 4064 1389 4102 cum
1412 4056 1601 4103 sancto
1628 4046 1835 4118 Spiritu
1867 4048 1926 4101 in

341 4139 561 4199 secuta.
594 4138 666 4192 At
698 4137 768 4193 de
788 4138 1003 4194 ceteris
1038 4136 1298 4194 fortassis
1330 4136 1570 4193 dubitari
1587 4136 1795 4208 possit,
1832 4145 1928 4192 aut

342 4232 493 4287 credi
522 4230 741 4301 possint
781 4229 1071 4283 immutata
1102 4243 1223 4284 eam
1269 4229 1545 4284 rationem
1587 4228 1828 4294 habere,
1867 4235 1929 4282 ut

342 4326 497 4380 fraus
515 4338 659 4393 aegre
687 4319 1024 4392 deprehendi
1050 4320 1250 4391 possit,
1281 4334 1409 4375 cum
1432 4319 1487 4374 in
1522 4320 1687 4375 unica
1716 4319 1930 4391 syllaba

342 4417 585 4488 positum
620 4415 696 4471 sit
723 4413 1043 4471 discrimen.
1070 4410 1277 4470 Verum
1305 4427 1428 4483 quae
1466 4413 1719 4483 pluribus
1740 4412 1925 4489 verbis

341 4514 489 4566 dicta
518 4508 814 4566 citavimus
837 4548 852 4572 ,
890 4523 958 4564 ea
996 4523 1099 4564 nec
1136 4506 1372 4563 insidias
1400 4506 1700 4581 admittunt
1720 4544 1736 4570 ,
1772 4514 1829 4560 et
1858 4504 1928 4560 ab

2023 3322 2132 3390 τῆς
2157 3322 2265 3376 τοῦ
2298 3322 2469 3391 ἁγίου
2498 3321 2845 3389 Πνεύματος
2873 3320 3170 3388 θεότητος.
3194 3318 3400 3384 Οὕτως,
3425 3314 3606 3391 οἶμαι.

2023 3415 2086 3467 τὸ
2112 3414 2212 3486 τῆς
2242 3412 2592 3485 παραδόσεως
2628 3412 2847 3482 ἰσχυρὸν
2873 3411 3036 3482 ἐνῆγε
3064 3410 3325 3475 πολλάκις
3352 3412 3479 3476 τοὺς
3508 3410 3611 3467 ἄν-

2023 3507 2156 3577 δρας
2194 3505 2287 3558 καὶ
2334 3506 2449 3566 τοῖς
2482 3504 2705 3568 οἰκείοις
2743 3504 2925 3556 αὐτῶν
2947 3503 3056 3575 (99)
3093 3503 3356 3574 δόγμασιν
3397 3504 3610 3558 ἀντιλέ-

2024 3614 2162 3667 γειν.
2220 3596 2357 3649 Ἀλλ’
2402 3596 2521 3649 οὐδὲ
2577 3595 2902 3669 Ἀφρικανὸν
2942 3595 3041 3648 *τὸν
3089 3595 3501 3668 ἱστοριογράφον
3540 3594 3609 3649 τὸ

2022 3688 2263 3743 τοιοῦτον
2293 3683 2430 3752 εἶδος
2455 3687 2554 3757 τῆς
2581 3686 2886 3756 δοξολογίας
2910 3686 3202 3758 παρέλαϐε.
3222 3687 3476 3740 Φαίνεται
3495 3685 3610 3758 γὰρ

2026 3780 2084 3833 ἐν
2126 3778 2204 3849 τῷ
2252 3779 2488 3850 πέμπτῳ
2526 3778 2625 3849 τῆς
2660 3776 2779 3831 τῶν
2822 3777 3058 3846 χρόνων
3109 3776 3423 3847 Ἐπιτομῆς
3462 3776 3614 3836 οὕτω

2027 3870 2122 3924 καὶ
2168 3870 2330 3935 αὐτὸς
2372 3869 2546 3938 λέγων
2566 3883 2580 3897 ’
2642 3868 2841 3938 Ἡμεῖς
2886 3868 2996 3940 γὰρ
3042 3871 3096 3922 οι
3146 3870 3438 3925 κάκείνων
3487 3868 3612 3924 τῶν

2018 3959 2303 4029 ῥημάτων
2330 3960 2408 4030 (1)
2453 3959 2518 4013 τὸ
2553 3957 2776 4029 μέτρον
2809 3957 3215 4028 ἐπιστάμενοι,
3249 3959 3487 4029 καὶτῆς
3511 3961 3615 4014 ,τί-ο

2027 4066 2217 4119 στεως
2239 4053 2351 4107 οὐκ
2372 4050 2734 4121 ἀγνοοῦντες
2762 4049 2878 4120 τὴν
2903 4050 3099 4121 χάριν,
3132 4051 3616 4123 εὐχαριστοῦμεν

2028 4143 2109 4211 τῷ
2153 4141 2594 4214 παρασχομένῳ
2631 4141 2757 4209 τοῖς
2795 4142 2966 4209 ιδίοις
2994 4142 3140 4213 ἡμῖν
3176 4144 3355 4212 Πατρί
3390 4143 3465 4215 (2)
3498 4144 3617 4199 τόν

2028 4233 2148 4288 τῶν
2177 4234 2336 4289 ὅλων
2358 4232 2605 4302 Σωτῆρα
2629 4233 2729 4287 καὶ
2757 4234 2980 4302 Κύριον
3006 4233 3174 4303 ἡμῶν
3220 4235 3458 4303 Ἰησοῦν
3473 4237 3620 4304 Χρι-

2029 4326 2198 4379 στόν·
2222 4317 2271 4391 ᾧ
2299 4325 2339 4393 ἢ
2366 4324 2538 4387 δόξα,
2563 4323 2967 4393 μεγαλωσύνη
2988 4322 3112 4375 σὺν
3132 4321 3279 4392 ἁγίῳ
3309 4323 3621 4392 Πνεύματι

2028 4418 2116 4481 είς
2151 4414 2294 4480 τοὺς
2330 4411 2570 4479 αἰῶνας.
2606 4410 2688 4465 Τὰ
2726 4411 2824 4481 μὲν
2864 4406 2959 4463 οὖν
2997 4409 3130 4464 ἄλλα
3159 4409 3320 4480 τυχὸν
3353 4410 3451 4462 καῖ
3479 4410 3621 4464 ἀπι-

2032 4505 2296 4577 στηθῆναι
2327 4503 2573 4570 δύναται,
2613 4504 2647 4574 ἢ
2678 4502 2774 4557 καὶ⁹
2806 4502 3225 4573 μεταγραφέντα
3256 4501 3622 4571 δυσφώρατον

342 4601 481 4673 ipsis
534 4602 696 4658 libris
745 4608 994 4672 paratum
1041 4600 1248 4657 habent
1299 4576 1697 4656 testimonium.
1748 4594 1919 4651 Porro

2029 4571 2173 4669 ἐχειν
2192 4571 2308 4669 ’τὴν
2338 4571 2700 4666 κακουργίαν,
2730 4595 2790 4648 ὲν
2808 4571 2923 4665 ἢμιᾷ
2956 4571 3191 4665 συλλαΰῇ
3221 4594 3321 4664 τῆς
3344 4592 3619 4663 διαφορᾶς

341 4696 491 4768 quod
529 4695 736 4765 alioqui
770 4694 1025 4752 fortassis
1068 4692 1339 4749 humilius
1372 4691 1537 4756 foret,
1569 4704 1736 4761 quam
1767 4696 1828 4744 ut
1865 4689 1922 4743 in

342 4788 585 4848 medium
612 4788 942 4853 adducatur,
975 4785 1074 4843 sed
1116 4786 1165 4842 ei
1218 4793 1404 4840 tamen
1442 4784 1539 4855 qui
1580 4784 1649 4839 de
1680 4781 1922 4837 novitate

341 4888 658 4950 accusatur,
686 4881 922 4952 perutile
945 4888 1168 4952 propter
1193 4878 1463 4950 temporis
1505 4876 1920 4948 antiquitatem,

412 5041 459 5072 "
484 5036 652 5093 lCor.
684 5054 774 5100 xv,
804 5036 895 5091 50.

415 5193 528 5267 (9G)
576 5193 975 5257 Καλέσαντες.
1034 5189 1167 5260 Reg.
1223 5194 1451 5259 quartus
1507 5184 1920 5260 παρακαλέσαν-

340 5270 530 5406 ἻΞΠ)
570 5334 869 5406 Εὒρομενᾷ
906 5330 1044 5406 Reg.
1093 5339 1322 5406 quartus
1354 5328 1628 5406 εὕραμεν,
1662 5333 1727 5406 et
1759 5324 1921 5406 δέξαν

342 5396 802 5485 ambesis“:
837 5396 1018 5485 ναμιά
1034 5396 1159 5485 post
1186 5399 1415 5485 suis:
1432 5396 1920 5485 sesesese

343 5490 480 5531 mss.
520 5466 581 5527 ιιῖ
608 5466 663 5528 in
695 5481 869 5528 textu.
906 5466 1086 5525 Locus
1117 5476 1298 5524 autem
1324 5466 1576 5536 Origenis
1606 5481 1765 5535 quem
1790 5466 1922 5536 citat

344 5542 582 5600 Basilius
622 5559 732 5598 non
765 5543 822 5596 in
862 5550 1037 5603 sexto,
1081 5540 1178 5594 sed
1224 5538 1278 5591 in
1321 5534 1513 5592 octavo
1547 5534 1686 5591 libro
1713 5534 1923 5588 inveni-

344 5619 458 5677 tur,
486 5615 602 5668 sive
632 5612 895 5668 memoria
915 5610 1182 5666 efﬂuxerit
1201 5606 1426 5673 Basilio,
1458 5607 1575 5661 sive
1618 5605 1725 5659 alia
1756 5603 1923 5659 fuerit

346 5686 476 5740 olim
508 5684 702 5740 horum
727 5681 1040 5740 distributio
1079 5679 1362 5733 librorum.

421 5751 534 5823 (98)
556 5822 565 5824 _
586 5749 1133 5824 'Aaoadvropérnq.
1154 5818 1165 5824 _
1189 5748 1269 5801 lta
1294 5761 1454 5824 _mss.
1486 5759 1555 5824 ac
1612 5744 1726 5815 ipse
1760 5743 1924 5800 etiam

349 5815 600 5897 Origenis
628 5815 938 5881 contextus:
982 5819 1121 5875 Editi
1142 5815 1623 5888 ἀποπλυναμένης.

2030 4688 2399 4761 ὑπαρχούσηςο
2418 4688 2453 4743 ἃ
2471 4688 2528 4741 δὲ
2551 4686 2641 4741 διὰ
2658 4685 3000 4758 μακροτέρας
3025 4687 3124 4755 τῆς
3150 4684 3347 4749 λέξεως
3370 4684 3617 4755 παρεθέ-

2035 4779 2192 4851 μεθα,
2210 4779 2305 4834 καὶ
2327 4780 2427 4851 τὴν
2442 4777 2732 4849 ἐπιϐουλὴν
2752 4775 3052 4846 διαφεύγει,
3068 4774 3162 4829 καὶ
3183 4776 3282 4847 τὴν
3303 4776 3619 4847 μαρτυρίαν

2029 4873 2123 4927 ἀπ’
2135 4870 2314 4928 αὐτῶν
2328 4870 2435 4925 τῶν
2460 4868 2903 4942 συγγραμμάτων
2919 4867 3296 4922 εύαπόδεικτον
3313 4866 3444 4939 ἔχει.
3466 4869 3532 4921 Ὃ
3550 4868 3619 4923 δὲ

2066 5179 2208 5262 _(99)
2248 5178 2475 5235 Αὐτῶν.
2516 5177 2597 5234 Ita
2625 5177 2846 5235 codices
2895 5177 3073 5233 nostri
3115 5192 3250 5235 mss.
3294 5176 3438 5233 Editi
3481 5178 3625 5234 tau-

2026 5268 2156 5306 των.

2098 5320 2173 5389 (1)
2213 5319 2344 5390 Τῶν
2364 5319 2835 5390 ῥημάτων-,Χῖος
2860 5333 2998 5375 mss.
3021 5316 3130 5390 τῶν
3157 5317 3357 5390 ρητῷν.

2098 5387 2175 5459 (2)
2225 5388 2387 5459 Ἡμῖν
2411 5387 2614 5458 Πατρί.
2662 5389 2754 5443 Sic
2788 5403 2922 5443 mss.
2960 5387 3223 5459 quinque.
3261 5387 3403 5459 Editi
3447 5389 3629 5459 ἡμῶν

2028 5457 2294 5532 πατράσιζ
2321 5459 2427 5526 Qui
2445 5457 2910 5532 praebuitnostris
2943 5457 3453 5532 pblribusﬂoynninnt
3472 5457 3633 5532 ἥδετ-

2026 5527 2284 5591 υαιόνειη,
2307 5539 2413 5585 etc.
2445 5527 2645 5585 Ibidem
2695 5530 2779 5583 ba;
2819 5527 3003 5599 voces,
3044 5527 3139 5599 καὶ
3179 5527 3383 5599 Κύριον
3424 5528 3627 5599 ἡμῶν,

2032 5604 2233 5657 desunt
2268 5603 2320 5655 in
2348 5600 2525 5654 tribus
2551 5615 2685 5654 mss.
2717 5599 2848 5669 M035
2868 5597 2999 5651 editi
3034 5596 3129 5650 καὶ
3151 5599 3197 5669 il
3222 5596 3627 5669 péyalwcdyq;

2034 5671 2265 5726 Codices
2290 5686 2421 5741 mss.
2456 5679 2516 5741 ut
2548 5669 2603 5722 in
2629 5667 2989 5741 textu._Paulp
3016 5674 3140 5737 post
3164 5667 3295 5741 Reg.
3327 5667 3636 5730 secundum

2032 5742 2101 5796 τὰ
2131 5743 2226 5813 μὲν
2267 5740 2467 5796 ἄλλα...
2499 5739 2917 5811 δυσφορωτάτην
2940 5737 3106 5809 ἔχειν.
