3888 6214
325 378 436 437 207

1732 364 1790 423 S.
1833 362 2078 421 BASlLll
2114 363 2333 420 MAGNI

3485 359 3592 418 203

326 496 707 555 assectabatur
742 493 917 548 illum.
948 489 1128 560 Hujus
1168 487 1350 542 adhuc
1381 486 1680 541 etiamnum
1716 500 1911 556 magna

2034 486 2124 540 τῶν
2150 483 2584 557 ἐπιτελουμένων
2608 483 2695 537 διὰ
2722 482 2823 553 τῆς
2849 482 3072 554 χάριτος
3105 473 3216 534 οἷόν
3245 497 3301 533 τι
3351 478 3466 549 φῶς
3492 480 3592 532 ἐπα-

327 590 412 639 est
436 580 579 652 apud
601 579 722 649 ejus
747 574 988 646 regionis
1021 572 1274 627 homines
1302 569 1624 630 admiratio.
1660 582 1911 638 novaque

327 688 393 728 ac
423 684 642 741 semper
687 683 881 724 recens
914 664 1177 721 memoria
1207 663 1289 719 sic
1319 662 1488 716 inﬁxa
1513 668 1598 717 est
1622 659 1908 726 Ecclesiis,

329 772 389 818 ut
418 763 572 818 nullo
614 769 860 830 tempore
910 758 1243 813 obsolescat.
1297 753 1488 824 Itaque
1542 767 1653 807 non
1704 751 1911 807 factum

328 854 574 924 aliquod,
608 867 719 907 non
738 852 979 913 dictum,
1012 864 1120 904 non
1166 848 1333 903 ritum
1381 847 1551 900 ullum
1584 845 1909 917 mysticum,

331 944 477 998 ultra
506 956 673 1013 quam
707 940 800 995 ille
831 938 1073 1009 reliquit,
1101 937 1363 992 Ecclesiae
1389 935 1731 1005 adjecerunt.
1768 934 1916 1001 Qua.

322 1040 556 1107 propter
583 1032 750 1088 etiam
774 1030 948 1085 multa
979 1045 1049 1084 ex
1072 1028 1159 1085 his
1180 1043 1304 1099 qua:
1333 1026 1479 1098 apud
1512 1027 1634 1082 illos
1655 1035 1914 1098 aguntur,

331 1124 656 1198 imperfecta
717 1139 841 1179 esse
902 1121 1190 1185 videntur,
1258 1132 1483 1192 propter
1548 1120 1918 1176 institutionis

332 1216 737 1288 antiquitatem.
779 1212 918 1268 Nam
947 1211 1044 1283 qui
1075 1212 1130 1265 in
1157 1209 1531 1267 Ecclesiarum
1560 1209 1917 1264 administra-

324 1309 538 1364 tionem
579 1310 1002 1369 successerant,
1050 1302 1187 1358 nihil
1225 1317 1290 1357 ex
1326 1301 1412 1357 his
1448 1316 1569 1372 quae
1606 1307 1731 1371 post
1763 1301 1917 1355 illum

335 1396 645 1468 excogitata
687 1401 851 1461 sunt,
891 1394 1013 1448 loco
1041 1391 1401 1447 additamenti
1441 1391 1735 1447 voluerunt
1776 1391 1917 1446 reci-

334 1503 485 1559 pere.
518 1485 698 1541 Unum
726 1486 912 1556 itaque
931 1499 999 1540 ex
1029 1481 1281 1554 Gregorii
1312 1481 1586 1537 institutis
1616 1488 1721 1546 est,
1752 1483 1919 1537 etiam

306 1577 432 1651 .ille
474 1575 593 1646 ipse
624 1572 1043 1646 gloriﬁcationis
1078 1570 1307 1638 modus,
1344 1569 1435 1625 cui
1469 1584 1617 1625 nunc
1645 1570 1920 1625 contradi-

338 1672 506 1733 citur,
540 1685 609 1724 ex
655 1668 803 1723 illius
852 1666 1145 1723 traditione
1188 1667 1247 1721 in
1293 1664 1540 1722 Ecclesia
1585 1667 1918 1724 custoditus.

339 1757 453 1814 Nec
472 1757 706 1813 multum
735 1754 902 1811 fuerit
920 1754 1148 1825 negotii,
1173 1753 1247 1822 ei,
1282 1755 1379 1824 qui
1413 1755 1521 1810 iter
1543 1755 1707 1811 breve
1733 1771 1923 1813 susce-

2013 578 2245 650 έλαμπε,
2283 579 2504 650 μήνυμα
2532 576 2630 647 τῆς
2661 575 2914 647 οὐρανίου
2932 573 3232 644 δυνάμεως,
3269 571 3371 641 τῆς
3399 573 3465 624 ἐκ
3495 569 3594 624 τοῦ

2011 670 2253 740 ἀφανοῦς
2276 670 2670 741 παρεπομένης
2692 665 2862 738 αὐτῷ.
2886 664 3088 719 Τούτου
3115 663 3258 735 μέγα
3280 664 3359 719 ἔτι
3385 665 3481 717 καὶ
3501 662 3597 717 νῦν

2012 765 2125 826 τοῖς
2149 762 2436 834 ἐγχωρίοις
2464 762 2527 814 τὸ
2559 759 2768 830 θαῦμα,
2798 759 2895 813 καὶ
2914 758 3083 830 νεαρὰ
3107 758 3203 812 καὶ
3229 757 3316 811 ἀεὶ
3349 756 3598 827 πρόσφα-

2014 871 2107 918 τος
2133 856 2165 925 ή
2200 856 2388 925 μνήμη
2415 854 2539 916 ταῖς
2578 849 2926 921 Ἐκκλησίαις
2958 848 3253 919 ἐνίδρυται,
3281 847 3454 900 οὐδενὶ
3477 844 3601 918 χρό-

2012 961 2089 1015 νῳ
2120 942 2532 1015 ἀμαυρουμένη.
2572 939 2782 995 Οὐκοῦν
2807 940 2869 993 οὐ
2910 938 3110 1011 πρᾶξίν
3147 956 3289 1003 τινα,
3325 939 3387 990 οὐ
3417 937 3595 1004 λόγον,

2015 1037 2077 1090 οὐ
2097 1035 2266 1089 τύπον
2285 1035 2410 1088 τινὰ
2438 1032 2723 1105 μυστικὸν,
2747 1031 2877 1104 παρ’
2900 1031 2959 1085 ὃν
2981 1032 3184 1094 ἐκεῖνος
3209 1030 3284 1098 (8)
3314 1029 3597 1091 κατέλιπε,

2015 1131 2083 1200 τῇ
2130 1126 2426 1198 Ἐκκλησία
2457 1123 2828 1197 προσέθηκαν.
2860 1122 3044 1192 Ταύτῃ
3075 1139 3158 1176 τοι
3179 1123 3274 1176 καὶ
3299 1119 3468 1175 πολλὰ
3487 1120 3598 1173 τῶν

2017 1216 2148 1288 παρ’
2171 1216 2355 1278 αὐτοῖς
2381 1213 2724 1284 τελουμένων
2758 1212 3021 1276 ἐλλειπῶς
3054 1211 3198 1282 ἔχειν
3230 1211 3379 1265 δοκεῖ
3415 1210 3504 1264 διὰ
3535 1210 3599 1264 τὸ

2017 1308 2117 1379 τῆς
2143 1304 2530 1367 καταστάσεως
2552 1302 2967 1374 ἀρχαιότροπον.
2995 1302 3161 1356 Οὐδὲν
3179 1301 3289 1374 γὰρ
3311 1301 3600 1372 ἠνέσχοντο

2018 1402 2069 1454 οἱ
2117 1400 2260 1454 κατὰ
2309 1397 2558 1467 διαδοχὴν
2607 1394 2707 1457 τὰς
2763 1392 3088 1465 Ἑκκλησίας
3146 1393 3599 1463 οἱκονομήσαντες

2019 1493 2130 1548 τῶν
2171 1494 2290 1564 μετ’
2341 1492 2548 1545 ἐκεῖνον
2601 1486 3002 1558 ἐφευρεθέντων
3056 1484 3463 1557 παραδέξασθαι
3518 1484 3600 1548 είς

2023 1584 2363 1657 προσθήκην.
2400 1581 2497 1635 Ἓν
2523 1578 2705 1632 τοίνυν
2729 1576 2840 1642 τῶν
2862 1575 3161 1650 Γρηγορίου
3196 1576 3294 1630 καὶ
3324 1578 3354 1629 ὁ
3386 1574 3482 1629 νῦν
3501 1576 3600 1629 ἀν-

2021 1676 2367 1746 τιλεγόμενος
2405 1670 2606 1745 τρόπος
2655 1668 2757 1739 τῆς
2801 1667 3111 1739 δοξολογίας
3166 1668 3336 1733 ἐστὶν,
3383 1669 3447 1721 ἐκ
3499 1667 3605 1738 τῆς

2026 1770 2235 1824 ἐκείνου
2286 1767 2642 1840 παραδόσεως
2685 1770 2755 1841 τῇ
2816 1763 3112 1836 Ἐκκλησία
3164 1762 3600 1833 πεφυλαγμένος.

336 1851 503 1923 perit,
534 1863 700 1919 super
732 1847 818 1903 his
846 1845 1236 1903 certitudincm
1270 1846 1545 1917 accipere.
1571 1845 1726 1902 lianc
1759 1848 1920 1903 ﬁdem

2034 1860 2136 1915 Kal.
2166 1860 2228 1913 οὐ
2267 1859 2437 1923 πολὺς
2467 1860 2496 1913 ὁ
2524 1859 2690 1923 πόνος
2727 1857 2923 1929 μικρὸν
2951 1855 3223 1925 κινηθέντι
3246 1853 3344 1926 τὴν
3365 1855 3458 1907 ἐπὶ
3475 1853 3603 1907 τού-

338 1948 396 1997 et
442 1937 764 1993 Firmiliauo
813 1943 1007 1993 nostro
1054 1934 1260 2004 fuisse,
1294 1944 1570 1991 testantur
1622 1936 1749 1992 libri
1782 1952 1924 2008 quos

341 2030 584 2101 reliquit.
632 2028 859 2098 Insuper
902 2034 959 2082 et
1004 2026 1279 2083 Meletium
1328 2028 1483 2083 illum
1538 2027 1924 2084 admirandum

343 2121 403 2176 in
434 2119 624 2177 eadem
668 2110 843 2174 fuisse
885 2115 1193 2181 sententia,
1236 2127 1468 2173 narrant
1503 2119 1601 2189 qui
1648 2133 1776 2174 cum
1830 2119 1926 2175 illo

342 2214 620 2270 vixerunt.
651 2209 761 2266 Sed
786 2210 920 2281 quid
943 2224 1084 2280 cpus
1111 2215 1197 2266 est
1235 2218 1422 2266 vetera
1454 2212 1928 2267 commemorare?

340 2305 442 2364 sed
472 2314 527 2361 ct
556 2319 704 2360 nunc
734 2304 791 2358 in
819 2303 1064 2368 Oriente,
1091 2317 1273 2357 nonne
1305 2301 1411 2357 hoc
1438 2317 1551 2358 uno
1574 2303 1924 2373 potissimum

344 2413 441 2454 eos
484 2396 578 2467 qui
626 2397 717 2467 pie
766 2396 1012 2451 sentiunt
1057 2399 1403 2465 agnoscunt,
1439 2394 1545 2450 hac
1589 2410 1726 2451 voce
1756 2396 1926 2450 veluti

346 2489 582 2560 quodam
639 2488 798 2560 signo
853 2503 986 2543 suos
1039 2487 1110 2542 ab
1160 2486 1357 2542 alienis
1407 2487 1822 2557 dijudicantes?
1863 2486 1930 2543 Ut

347 2588 531 2636 autem
559 2594 660 2651 ego
702 2594 735 2634 e
780 2577 1019 2650 quodam
1046 2577 1439 2648 Mesopotamia
1467 2578 1675 2643 audivi,
1708 2579 1828 2633 viro
1875 2586 1930 2634 et

347 2671 549 2737 linguae
578 2669 775 2740 perito,
805 2675 861 2725 et
888 2668 1159 2724 sententia
1192 2670 1538 2739 incorrupto,
1566 2684 1635 2725 ne
1669 2669 1786 2724 ﬁeri
1815 2669 1933 2740 qui-

349 2761 475 2817 dem
513 2767 695 2832 potest
740 2769 799 2815 ut
840 2759 1000 2814 aliter
1043 2760 1228 2831 lingua
1269 2760 1564 2816 vernacula
1615 2760 1929 2830 loquantur,

348 2852 564 2907 etiamsi
603 2850 773 2906 velint
804 2869 818 2905 :
850 2850 946 2906 sed
975 2864 1202 2906 necesse
1239 2851 1350 2907 illis
1385 2858 1470 2906 est
1517 2858 1579 2905 ut
1623 2866 1719 2922 per
1768 2852 1934 2923 sylla-

348 2943 475 2999 bam
529 2952 609 3005 et,
682 2940 770 2997 vel
820 2941 1004 3012 potius
1045 2956 1142 3010 per
1174 2956 1336 2999 voces
1374 2958 1497 3014 quae
1536 2942 1679 2998 idem
1726 2943 1934 3013 pollent

351 3031 498 3102 quod
530 3031 643 3095 illa,
668 3031 825 3101 juxta
858 3031 1248 3102 proprietatem
1286 3031 1485 3102 linguae
1510 3032 1752 3104 regionis
1783 3033 1932 3090 illius

352 3121 802 3193 gloriﬁcationeut
845 3121 1147 3193 proferant.
1191 3121 1336 3188 Quin
1376 3134 1431 3178 et
1464 3124 1825 3195 Cappadoces
1851 3126 1933 3180 sic

350 3215 509 3283 juxta
537 3213 780 3284 regionis
810 3228 1016 3268 morem
1046 3212 1345 3282 loquimur,
1386 3212 1501 3283 jam
1551 3221 1667 3269 tum
1719 3216 1777 3270 in
1825 3216 1932 3271 lin-

353 3320 585 3377 guarum
611 3305 903 3368 divisione,
938 3303 1243 3360 dictionum
1274 3307 1571 3364 utilitatem
1611 3308 1933 3378 providente

357 3390 586 3467 Spiritu.
619 3395 762 3462 Quid
794 3409 957 3466 porro
998 3394 1266 3451 Occidens
1315 3404 1463 3453 totus
1485 3437 1500 3462 ,
1530 3398 1928 3469 propemodum

355 3489 426 3543 ab
452 3487 668 3561 Illyrico
703 3502 875 3558 usque
901 3486 969 3542 ad
992 3485 1129 3543 lines
1154 3488 1331 3545 nostri
1359 3489 1513 3545 orbis
1532 3489 1558 3543 Ἰ
1584 3505 1767 3546 nonne
1788 3490 1932 3547 hanc

355 3596 544 3637 vocem
574 3580 797 3635 tuetur?

430 3671 516 3727 75.
543 3670 647 3738 Qui
678 3672 737 3725 lit
758 3671 949 3743 igitur,
981 3680 1041 3726 ut
1065 3685 1168 3740 ego
1191 3670 1296 3725 sim
1325 3668 1642 3739 innovator,
1664 3678 1717 3727 et
1740 3687 1936 3727 recen-

359 3761 562 3817 tiorum
595 3763 886 3819 verborum
921 3762 1296 3819 architectus?
1326 3777 1451 3818 cum
1481 3770 1629 3819 totas
1661 3764 1933 3833 nationes,

360 3855 634 3919 civitates,
664 3861 720 3909 et
752 3854 1207 3910 consuetudinem
1235 3854 1384 3909 omni
1418 3855 1700 3909 hominum
1730 3871 1937 3910 memo-

361 3944 443 3998 ria
462 3944 838 4009 vetustiorem,
862 3945 1086 4015 insuper
1106 3952 1161 4000 et
1176 3944 1325 3999 viros
1349 3944 1606 4001 Ecclesiae
1625 3946 1934 4009 columnas,

369 4033 522 4088 omni
564 4032 796 4090 scientia
823 4047 887 4088 ac
915 4033 1119 4089 virtute
1161 4032 1402 4104 Spiritus
1431 4033 1644 4100 claros,
1675 4034 1844 4090 duces
1873 4048 1938 4089 ac

364 4131 628 4193 patronos
660 4123 823 4193 hujus
863 4128 1019 4180 vocis
1056 4124 1392 4180 exhibeam?
1429 4122 1512 4179 Ob
1554 4125 1673 4180 haec
1722 4125 1937 4182 hostilis

364 4217 456 4271 illa
474 4215 620 4271 acies
644 4214 906 4271 adversus
928 4230 1032 4283 nos
1056 4225 1330 4270 commota
1355 4221 1460 4280 est,
1492 4215 1785 4286 omnisque
1802 4218 1939 4271 civi-

365 4315 483 4370 tas,
514 4306 702 4370 vicus,
732 4313 788 4361 et
835 4319 1029 4362 omnes
1070 4308 1300 4361 extremi
1336 4306 1474 4367 lines
1504 4308 1651 4377 pleni
1680 4315 1810 4363 sunt
1837 4324 1938 4364 nos

365 4396 821 4477 calumniantium
863 4395 1113 4472 vocibus.
1165 4396 1394 4452 Molesta
1447 4398 1667 4468 quidem
1712 4399 1827 4454 lucc
1874 4415 1939 4454 ac

2024 1969 2137 2017 τοις
2169 1948 2543 2023 πληροφορίαν
2568 1950 2775 2004 λαϐεῖν.
2806 1950 3021 2019 Ταύτην
3048 1948 3143 2001 καὶ
3162 1945 3499 2018 Φιρμιλιανῷ
3524 1943 3605 2016 τῷ

2023 2043 2278 2117 ἡμετέρῳ
2305 2042 2643 2115 μαρτυροῦσι
2662 2042 2767 2110 τὴν
2794 2040 2976 2094 πίστιν
3003 2042 3051 2093 οἱ
3083 2039 3229 2108 λόγοι
3251 2037 3346 2102 οὓς
3374 2037 3605 2092 καταλέ-

2024 2138 2179 2192 λοιπε
2216 2137 2313 2210 (9).
2359 2137 2473 2192 Καὶ
2513 2136 2779 2191 Μελέτιον
2821 2133 2933 2205 (10)
2967 2132 3058 2188 τὸν
3094 2136 3231 2187 πανυ
3270 2132 3363 2185 ἐπὶ
3401 2130 3605 2202 ταύτης

2026 2228 2167 2285 εἶναι
2202 2231 2303 2302 τῆς
2332 2228 2559 2301 γνώμης
2600 2231 2648 2282 οἱ
2685 2226 3076 2296 συγγεγονότες
3105 2224 3255 2294 φασί.
3299 2224 3408 2279 Kal.
3438 2224 3492 2276 τί
3525 2223 3607 2276 δεῖ

2023 2322 2095 2376 τὰ
2136 2319 2346 2376 παλαιὰ
2384 2319 2599 2388 λέγειν;
2642 2318 2779 2373 ἀλλὰ
2813 2317 2909 2371 νῦν
2942 2317 3034 2370 ἐπὶ
3068 2316 3169 2386 τῆς
3197 2315 3341 2386 ἐῴας
3369 2314 3478 2385 (ll)
3507 2314 3606 2383 οὐχ

2028 2414 2110 2467 ἐνὶ¹
2158 2411 2394 2483 μάλιστα
2438 2410 2613 2480 τούτῳ
2656 2408 2784 2471 τοὺς
2826 2405 3185 2469 εὐσεϐοῦντας
3225 2405 3607 2475 γνωρίζουσιν,

2027 2498 2139 2557 οἶόν
2184 2518 2291 2555 τινι
2338 2500 2550 2572 σημείῳ
2596 2501 2662 2571 τῇ
2712 2500 2862 2569 φωνῇ
2912 2497 3086 2568 ταύτῃ
3133 2494 3607 2566 φιλοκρινοῦντες;

2042 2597 2129 2660 Ὠς
2158 2596 2215 2649 δὲ
2243 2593 2354 2663 ἐγώ
2380 2611 2527 2656 τινος
2552 2592 2663 2663 (12)
2692 2591 2803 2644 τῶν
2835 2592 2899 2643 ἐκ
2923 2588 3350 2656 Μεσοποταμίας
3375 2587 3606 2657 ἥκουσα,

2028 2687 2219 2757 ἀνδρὸς
2239 2685 2455 2755 καὶτῆς
2482 2682 2733 2754 γλώσσης
2765 2679 3045 2752 ἐμπείρως
3073 2678 3307 2750 ἔχοντος,
3334 2680 3428 2731 καὶ
3455 2678 3608 2731 ἀδια-

2032 2777 2266 2848 στρόφου
2299 2775 2397 2846 τὴν
2424 2774 2675 2844 γνώμην,
2706 2772 2826 2826 οὐδὲ
2858 2771 3083 2824 δυνατὸν
3115 2771 3317 2842 ἑτέρως
3347 2773 3521 2824 εἰπεῖν
3539 2774 3608 2842 τῇ

2031 2864 2282 2937 ἐγχωρίῳ
2325 2865 2500 2935 φωνῇ,
2540 2862 2643 2916 κᾶν
2692 2861 2971 2927 ἐθέλωσιν,
3019 2860 3154 2913 ἀλλὰ
3198 2860 3286 2914 διὰ
3336 2861 3457 2930 τῆς,
3487 2862 3607 2925 καὶ,

2035 2952 2326 3021 συλλαϐῆς,
2355 2953 2554 3023 μᾶλλον
2577 2952 2636 3006 δὲ
2652 2951 2761 3004 τῶν
2781 2949 3216 3021 ίσοδυναμουσῶν
3236 2950 3372 3021 αὐτῇ
3392 2950 3611 3019 φωνῶν,

2033 3044 2176 3096 κατά
2207 3060 2259 3095 τι
2309 3042 2505 3114 ἰδίωμα
2536 3043 2783 3112 πάτριον,
2817 3041 3063 3111 ἀνάγκην
3110 3041 3293 3104 αὐτοῖς
3332 3036 3470 3094 εἶναι
3510 3041 3614 3111 τὴν

2033 3134 2340 3202 δοξολογίαν
2373 3133 2688 3205 προφέρειν.
2721 3131 2833 3186 Kal.
2865 3130 3230 3185 Καππαδόκαι
3257 3131 3314 3184 δὲ
3348 3130 3492 3185 οὕτω
3518 3130 3611 3185 λέ-

2032 3241 2204 3296 γομεν
2248 3225 2551 3295 ἐγχωρίως,
2588 3222 2668 3277 ἔτι
2695 3224 2819 3275 τότε
2850 3225 2907 3275 ἐν
2937 3224 3004 3294 τῇ
3033 3222 3142 3277 τῶν
3180 3222 3441 3293 γλωσσῶν
3476 3224 3615 3278 διαι-

2038 3315 2183 3386 ρέσει
2215 3313 2275 3366 τὸ
2303 3315 2368 3366 ἐκ
2399 3313 2496 3383 τῆς
2528 3311 2723 3376 λέξεως
2749 3314 3019 3382 χρήσιμον
3046 3312 3492 3383 προϐλεψαμένου
3514 3313 3612 3367 τοῦ

2033 3405 2370 3477 Πνεύματος.
2408 3404 2472 3458 Τί
2503 3403 2563 3456 δὲ
2592 3405 2625 3474 ἡ
2663 3401 2817 3466 δύσις
2848 3402 3057 3464 ἅπασα,
3105 3403 3303 3474 μικροῦ
3343 3404 3475 3467 δεῖν,
3502 3404 3615 3459 ἀπὸ

2031 3497 2125 3551 τοῦ
2164 3495 2461 3566 Ἰλλυρικοῦ
2492 3494 2652 3566 μέχρι
2684 3492 2795 3546 τῶν
2825 3494 2967 3565 ὅρων
2993 3495 3091 3565 τῆς
3115 3494 3238 3549 καθ’
3262 3497 3407 3566 ἡμᾶς
3432 3499 3612 3551 οἰκου-

2035 3590 2237 3661 μένης;
2266 3590 2388 3660 οὐχ)⁵
2418 3589 2517 3660 τὴν
2549 3592 2735 3663 φωνὴν
2766 3592 2969 3664 ταύτην
3002 3592 3328 3664 πρεσϐεύεις

2106 3683 2195 3738 75.
2234 3682 2359 3746 Πῶς
2395 3678 2491 3737 οὖν
2537 3685 2858 3755 καινοτόμος
2902 3684 3034 3754 ἐγὼ,
3073 3687 3166 3739 καὶ
3203 3687 3486 3757 νεωτέρων
3516 3687 3617 3757 ρηο

2038 3774 2221 3845 μάτων
2258 3774 2610 3846 δημιουργὸς,
2655 3775 2785 3846 ἔθνη
2825 3776 2923 3830 ὂλα
2966 3777 3063 3831 καὶ
3108 3777 3310 3845 πόλεις,
3358 3780 3454 3832 καὶ
3491 3777 3615 3842 ἔθος

2034 3867 2217 3938 πάσης
2249 3869 2469 3938 μνήμης
2499 3866 2848 3939 ἀνθρωπίνης
2878 3868 3269 3940 πρεσϐύτερον,
3297 3871 3390 3923 καὶ
3413 3869 3613 3935 ἄνδρας

2037 3960 2259 4025 στύλους
2288 3962 2386 4033 τῆς
2428 3961 2777 4031 Ἐκκλησίας,
2810 3962 2868 4015 ἐν
2898 3962 3045 4034 πάσῃ
3089 3962 3288 4031 γνώσει
3329 3963 3423 4016 καὶ
3455 3963 3618 4017 δυνά-

2039 4068 2128 4122 μει
2158 4050 2473 4122 Πνεύματος
2496 4051 2839 4125 διαπρεπεῖς,
2878 4055 3156 4127 ἀρχηγοὺς
3175 4056 3270 4108 καὶ
3304 4056 3619 4126 προστάτας
3704 4093 3713 4099 η

2034 4144 2133 4213 τῆς
2159 4142 2343 4212 φωνῆς
2372 4143 2747 4215 παρεχόμενος
2774 4162 2787 4210 ;
2837 4147 2962 4199 Ἐπὶ
2994 4147 3202 4210 τούτοις
3225 4147 3334 4218 (15)
3370 4146 3432 4200 τὸ
3457 4146 3621 4199 πολε-

2040 4232 2195 4302 μικὸν
2229 4233 2386 4286 τοῦτο
2428 4233 2549 4287 καθ’
2591 4238 2622 4305 ή
2635 4234 2751 4304 μῶν
2784 4237 3174 4308 συγκεκίνηται
3217 4239 3421 4305 στῖφος.
3457 4237 3623 4288 Πᾶσα

2034 4325 2092 4378 δὲ
2120 4325 2272 4389 πόλις
2298 4325 2392 4378 καὶ
2423 4324 2609 4398 κώμη,
2633 4328 2728 4381 καὶ
2759 4329 3012 4398 ἐσχατιαὶ
3038 4331 3226 4393 πᾶσαι,
3255 4328 3483 4398 πλήρεις
3505 4327 3618 4380 τῶν

2038 4418 2317 4490 ἡμετέρων
2345 4418 2626 4474 διαϐολῶν.
2658 4421 2896 4493 Λυπηρὰ
2928 4422 3025 4492 μὲν
3057 4418 3150 4476 οὖν
3177 4422 3348 4477 ταῦτα
3381 4426 3473 4478 καὶ
3496 4424 3622 4477 ὀδυ-

364 4488 598 4560 lugenda
628 4487 889 4543 cordibus
922 4488 1283 4557 quaerentium
1312 4503 1503 4557 pacem
1538 4505 1552 4542 :
1581 4505 1770 4544 verum
1797 4506 1929 4562 quo-

2038 4487 2179 4573 νηρὰ
2205 4487 2327 4564 ταῖς
2353 4503 2606 4574 καρδίαις
2635 4505 2742 4559 τῶν
2770 4487 3077 4572 ζητούντων
3102 4509 3201 4578 τὴν
3228 4510 3473 4580 εἰρήνηψ
3497 4509 3623 4562 ἀλλ’

366 4581 510 4634 niam
557 4586 643 4634 est
679 4592 872 4648 magna
900 4576 1176 4648 patientia:
1219 4592 1467 4643 merces,
1522 4580 1786 4636 toleratas
1838 4597 1936 4650 pro

363 4671 470 4728 (ide
511 4669 831 4726 aﬂlictiones
877 4679 1167 4734 secutura,
1225 4676 1420 4738 praeter
1461 4670 1581 4726 ιιωο
1622 4682 1677 4728 et
1724 4673 1938 4743 gladius

365 4761 739 4833 splendescat,
789 4773 844 4816 et
887 4761 1103 4816 securis
1149 4771 1399 4826 acuatur,
1451 4770 1507 4817 et
1552 4763 1696 4834 ignis
1747 4764 1938 4820 ardeat

364 4852 694 4924 Babylonico
720 4851 815 4907 illo
844 4853 1255 4917 vehementius,
1298 4861 1354 4908 et
1406 4855 1593 4909 omnia
1638 4858 1939 4928 supplicio-

434 5008 512 5080 (8)
559 5007 840 5080 Ἐκεῖνος.
884 5006 974 5062 Sic
1002 5006 1126 5080 libri
1149 5015 1380 5080 veteres.
1411 5004 1553 5065 Editi
1583 5012 1830 5079 ἐκείνοις.

436 5077 509 5146 (9)
551 5077 980 5133 Καταλέλοιπε.
1004 5077 1078 5130 Ita
1105 5093 1240 5134 mss.
1272 5078 1415 5133 Editi
1445 5081 1726 5136 κατέλιπε.

437 5150 550 5220 (10)
584 5146 893 5220 negator.
918 5147 1096 5202 Cocus
1117 5148 1244 5201 dum
1269 5155 1452 5220 tuetur
1480 5150 1690 5206 Erasmi
1721 5160 1941 5209 senten-

366 5216 639 5286 tiam,qui
671 5216 870 5272 Basilio
893 5231 1143 5287 magnam
1173 5225 1380 5287 partem
1416 5219 1576 5286 hujus
1604 5222 1749 5285 libri,
1786 5239 1942 5278 nem-

365 5302 433 5358 pe
463 5302 491 5340 a
523 5288 701 5356 capite
739 5287 951 5341 decimo
980 5288 1171 5356 quinto
1202 5288 1630 5358 abjudicaverat,
1664 5292 1767 5349 hoc
1796 5293 1941 5347 inter

367 5356 473 5410 alia
516 5363 823 5431 columento
854 5360 1067 5431 ptitur,
1117 5356 1281 5426 quod
1317 5358 1582 5431 hieletius,
1627 5363 1719 5431 qui
1754 5362 1939 5418 Basilii

366 5426 614 5494 aequalis,
649 5435 703 5480 et
746 5424 946 5502 Basilio
993 5424 1273 5502 superstes
1316 5426 1439 5502 fuit,
1494 5424 1938 5502 inter'antiquos

366 5493 703 5567 numeretur.
774 5493 880 5550 Sed
923 5493 1244 5563 jamdudum
1305 5499 1542 5567 explesa:
1581 5502 1650 5556 ab
1685 5493 1941 5560 omnibus

366 5564 809 5640 fueruntinanes
840 5578 1170 5640 nugae,_nec_
1204 5564 1496 5638 quisquam
1529 5570 1743 5640 ignorat
1773 5572 1940 5629 Mele-

368 5636 506 5689 tium
553 5636 642 5688 hic
680 5634 973 5711 memorari
1013 5634 1365 5711 Ponticarum
1403 5634 1683 5711 regionum
1730 5645 1941 5711 episco-

368 5719 521 5780 pum,
555 5718 719 5775 quem
748 5704 1017 5780 Eusebius
1078 5702 1220 5762 Hist.
1267 5707 1383 5780 lib._
1411 5702 1510 5780 νιῖ,
1548 5725 1670 5780 cap.
1712 5702 1802 5776 52',
1834 5717 1940 5769 mel

369 5776 607 5831 Atticum
641 5774 827 5832 vocari
861 5775 1103 5843 solitum,
1134 5790 1198 5832 ac
1244 5778 1495 5849 plurimis
1537 5774 1846 5840 sanctitatis
1884 5794 1940 5841 et

2040 4592 2227 4664 ἐπειδὴ
2255 4593 2478 4663 μεγάλοι
2504 4596 2604 4665 τῆς
2628 4597 2904 4669 ὑπομονῆς
2933 4600 2979 4651 οἱ
3010 4600 3190 4670 μισθοὶ
3216 4600 3324 4654 τῶν
3349 4601 3490 4673 ὑπὲρ
3514 4600 3623 4671 τῆς

2040 4685 2274 4748 πίστεως
2307 4685 2644 4757 παθημάτων
2669 4688 2776 4741 εἰσὶ
2803 4689 2938 4759 (Η),
2965 4691 3103 4762 πρὸς
3123 4691 3330 4756 τούτοις
3349 4693 3443 4747 καὶ
3464 4691 3623 4761 ξίφος

2041 4774 2391 4840 στιλϐούσθω,
2439 4777 2535 4829 καὶ
2569 4778 2802 4843 πέλεκυς
2851 4781 3155 4845 ἀκονάσθω,
3195 4783 3289 4836 καὶ
3347 4783 3458 4856 πῦρ
3488 4801 3621 4838 και-

2040 4867 2181 4920 έσθω
2208 4866 2300 4920 τοῦ
2325 4867 2662 4923 Βαϐυλωνίου
2692 4871 3067 4945 σφοδρότερον,
3100 4874 3195 4927 καὶ
3230 4878 3336 4929 πᾶν
3364 4876 3624 4930 κινείσθω

2040 5022 2303 5102 doctrina:
2333 5026 2671 5102 ornamentis
2699 5026 3007 5102 praeditum
3056 5028 3225 5102 fuisse
3256 5031 3421 5102 dicit;
3447 5048 3622 5102 seque

2040 5093 2189 5172 illius
2219 5094 2636 5172 consuetudine,
2682 5093 2810 5172 dum
2842 5101 3275 5172 persecutionem
3314 5093 3538 5172 fugiens
3559 5104 3621 5158 in

2039 5160 2330 5243 Palaz_stin_a
2357 5164 2597 5243 degeret,
2621 5160 3006 5243 .totis_se_ptem
3036 5171 3207 5243 annis
3230 5160 3620 5243 usuruvluisse.

2112 5231 2233 5312 (.ll)_
2275 5233 2400 5285 Ἐπὶ
2426 5231 2541 5312 τῆς
2567 5231 3003 5312 ἑῴαςηΕᾶῖῑίᾃοί
3034 5240 3127 5293 ἐπὶ
3156 5241 3255 5312 τῆς
3299 5240 3462 5312 ἑῴας,
3517 5243 3617 5297 sed

2040 5302 2306 5374 articulus
2346 5303 2498 5374 nullo
2527 5305 2723 5374 legitur
2750 5306 2805 5361 in
2836 5310 3025 5364 codice
3049 5325 3154 5365 ms.

2112 5369 2225 5441 H9.)
2275 5371 2422 5447 Ἐγώ
2449 5369 2633 5447 eryci.
2676 5374 2747 5447 ‘lu
2793 5380 3037 5447 margine
3085 5381 3318 5434 duorum
3361 5382 3627 5437 codicum

2041 5437 2646 5520 observaturhasilium
2675 5444 2823 5520 loqui
2847 5437 3012 5520 _dc"_S.
3046 5448 3280 5519 Ephrem
3314 5448 3472 5520 Syro.

2042 5577 2055 5590 _
2113 5510 2224 5580 (15)
2263 5511 2395 5590 “Earl
2428 5514 2682 5590 τούτοις.
2718 5510 2818 5572 Hic
2843 5516 3035 5590 incipit
3075 5510 3241 5590 caput
3275 5510 3622 5589 trigesimum

2041 5583 2114 5660 in”
2147 5587 2384 5660 quatuor
2438 5598 2573 5660 mss.
2615 5583 2737 5639 Mox
2792 5587 2923 5642 editi
2954 5583 3240 5643 πᾶσαι’δὲ
3284 5583 3469 5656 πόλεις
3523 5594 3624 5647 καὶ

2041 5648 2245 5718 κῶμαι.
2264 5648 2394 5706 Mss.
2424 5659 2484 5706 ut
2516 5653 2570 5706 in
2598 5662 2766 5710 textu.

2045 5719 2223 5844 ωέέι)
2257 5722 2425 5828 εισι.
2473 5720 2627 5778 Hanc
2671 5740 2859 5819 vocem
2904 5727 3328 5788 addidimusex
3380 5740 3624 5802 quatuor
