3888 6214
245 303 330 358 m9

1339 289 1544 350 LIBER
1583 293 1672 348 DE
1712 287 1984 348 SPIRITU
2029 284 2312 343 SANCTO.

3371 279 3495 335 210‘-

247 417 316 486 ἐφ’
345 416 484 485 ἡμᾶς
515 413 745 484 ὄργανον
781 410 1155 482 κολαστήριον·
1184 410 1260 475 ὡς
1293 411 1481 483 ἔμοιγε
1513 412 1666 464 οὐδὲν
1699 427 1784 480 φο-

1897 419 2016 459 rum
2053 403 2422 459 instrumenta
2464 415 2520 454 ιιι
2561 413 2666 455 nos
2709 405 3068 463 moveantur;
3098 395 3245 468 quod
3284 395 3353 451 ad
3391 410 3480 452 me

249 506 518 580 ϐερώτερον
549 504 644 557 τοῦ
684 503 759 574 μὴ
799 502 1082 572 φοϐεῖσθαι
1108 502 1208 566 τὰς
1238 502 1487 568 ἀπειλὰς,
1521 501 1590 566 ἃς
1623 504 1652 554 ὁ
1678 501 1793 555 Κύ-

249 615 341 669 ριος
379 600 489 658 τοῖς
529 595 593 648 τὸ
644 593 872 664 Πνεῦμα
929 591 1344 663 βλασφημοῦσιν
1393 593 1791 646 ὲπανετείνατοι

249 691 365 763 Πρὸς
389 690 484 759 μὲν
512 684 604 742 οὖν
634 687 762 750 τοὺς
788 686 1138 757 εὐγνώμονας
1167 685 1276 738 τῶν
1301 684 1604 755 ἀνθρώπων
1637 685 1794 755 ἱκανὴ

246 779 475 847 ἀπολογία
531 779 601 832 τὰ
650 775 937 849 εἰρημένα,
981 777 1065 830 ὅτι
1110 776 1380 846 δεχόμεθα
1425 776 1609 846 φωνὴν
1654 775 1795 829 οὓτω

250 873 331 942 μὲν
358 871 508 940 φίλην
542 869 638 923 καὶ
661 871 1004 940 προσήγορον
1030 867 1145 936 (15)
1173 870 1286 930 τοῖς
1323 867 1521 936 ἁγίοις,
1555 867 1796 937 τοσούτῳ

243 963 291 1016 δὲ
332 962 427 1015 ἔθει
487 960 896 1031 βεϐαιωθεῖσαν·
950 958 1084 1012 διότι
1132 959 1226 1027 ἀφ’
1267 952 1328 1010 οὗ
1375 959 1685 1030 κατηγγέλη
1733 959 1796 1011 τὸ

245 1054 540 1122 Εύαγγέλιον
571 1053 734 1122 μέχρι
754 1051 849 1105 τοῦ
883 1050 999 1118 νῦν,
1025 1051 1492 1122 ὲμπολιτευομένη
1519 1055 1640 1114 ταῖς
1674 1050 1795 1105 Ἐκ-

242 1145 463 1215 κλησίαις
511 1144 805 1197 δείκνυται·
856 1143 952 1196 καὶ
998 1143 1061 1195 τὸ
1107 1142 1393 1213 μέγιστον,
1426 1142 1668 1206 εὐσεϐῶς
1699 1143 1794 1195 καὶ

241 1238 378 1298 ὁσίως
411 1235 552 1289 κατὰ
592 1235 692 1306 τὴν
743 1235 952 1288 ἔννοιαν
996 1233 1217 1304 ἔχουσα.
1266 1235 1408 1304 Πρὸς
1450 1235 1508 1288 δὲ
1541 1234 1603 1287 τὸ
1650 1235 1794 1304 μέγα

241 1327 515 1398 κριτήριον,
552 1325 674 1378 τίνα
714 1323 813 1394 τὴν
851 1323 1148 1391 ἀπολογίαν
1193 1325 1406 1387 ἑαυτοῖς
1451 1324 1795 1396 εὐτρεπίσαι-

242 1433 354 1487 μεν;
377 1417 492 1469 Ὀτι
518 1415 714 1485 ὲνῆγεν
737 1414 848 1485 (l6)
874 1417 1022 1485 ἡμᾶς
1052 1414 1189 1486 πρὸς
1217 1416 1316 1485 τὴν
1338 1415 1494 1480 δόξαν
1511 1415 1606 1469 τοῦ
1632 1416 1796 1470 [Ινεύη

243 1523 386 1576 ματος
412 1506 627 1577 πρῶτον
659 1506 757 1575 μὲν
781 1507 814 1575 ή
843 1503 994 1575 παρὰ
1026 1504 1121 1557 τοῦ
1154 1506 1360 1578 Κυρίου
1385 1505 1540 1576 τιμή,
1572 1523 1793 1578 συμπα-

239 1597 536 1667 ραλαϐόντος
562 1595 744 1666 ἐαυτῷ
783 1596 872 1648 καὶ
904 1595 983 1666 τῷ
1021 1597 1197 1668 Πατρί
1242 1598 1377 1668 πρὸς
1403 1597 1465 1651 τὸ
1490 1597 1790 1669 βάπτισμα·

237 1686 460 1756 ἔπειταή
502 1686 737 1740 ἑκάστου
770 1684 927 1755 ήμῶν
959 1684 1052 1738 διὰ
1078 1685 1178 1754 τῆς
1203 1687 1460 1757 τοιαύτης
1498 1704 1790 1758 μυσταγω-

1895 495 2117 568 quidem
2143 493 2360 558 attinet,
2397 492 2534 547 nihil
2576 491 2816 547 arbitror
2856 489 3282 553 formidabilius,
3310 495 3478 557 quam

1896 602 2005 640 non
2058 583 2352 639 formidare
2401 583 2616 646 minas,
2655 596 2795 650 quas
2837 579 3097 635 Dominus
3126 580 3181 634 in
3212 577 3479 649 Spiritum

1895 677 2267 747 blasphemias
2287 675 2630 745 jacientibus
2661 671 2774 746 64
2797 671 3107 728 intentavit.
3138 670 3310 740 Igitur
3331 665 3478 738 apud

1895 769 2154 824 cordatos
2198 766 2454 822 homines
2505 766 2572 820 ad
2622 764 2997 835 purgationem
3044 760 3152 816 mei
3200 759 3484 815 sulliciunt.

1896 861 2013 915 haec
2043 874 2167 930 quae
2203 858 2349 913 dicta
2399 863 2560 921 sunt,
2597 856 2744 926 quod
2783 854 3077 926 recipimus
3116 866 3304 907 vocem
3338 849 3476 906 adeo

1897 958 2108 1021 gratam
2145 965 2210 1004 ac
2242 948 2571 1003 familiarem
2605 947 2836 1014 sanctis,
2869 947 3094 1018 insuper
3122 951 3177 1000 et
3212 951 3322 998 tam
3352 942 3478 998 diu-

1894 1043 2010 1097 tino
2033 1057 2138 1096 usu
2192 1039 2598 1095 conﬁrmatam.
2637 1037 2774 1092 Nam
2824 1051 2892 1092 ex
2939 1051 3047 1108 quo
3088 1043 3337 1106 tempore
3388 1038 3478 1088 est

1895 1133 2283 1188 annuntiatum
2315 1130 2670 1202 Evangelium
2697 1145 2873 1200 usque
2897 1129 2966 1184 ad
2997 1141 3256 1199 praesens,
3289 1134 3474 1181 osten-

1893 1225 2042 1280 ditur
2063 1225 2117 1277 in
2140 1223 2405 1278 Ecclesiis
2427 1224 2632 1278 usitata
2657 1221 2865 1278 fuisse:
2889 1231 2942 1277 et
2960 1219 3104 1291 quod
3124 1227 3207 1275 est
3227 1217 3475 1273 omnium

1895 1315 2218 1377 maximum,
2273 1314 2425 1384 pium
2485 1327 2552 1367 ac
2612 1312 2932 1382 religiosum
2990 1324 3213 1365 sensum
3272 1307 3478 1363 habere

1893 1405 2326 1460 demonstratur.
2379 1403 2653 1460 Caeterum
2701 1403 2849 1474 apud
2896 1416 3156 1474 magnum
3198 1399 3332 1455 illud
3369 1399 3476 1452 tri-

1894 1495 2093 1557 bunal,
2141 1508 2306 1564 quam
2347 1493 2510 1548 nobis
2549 1495 2961 1549 excusationem
2993 1487 3476 1562 apparaverimus?

1893 1586 2163 1641 Nimirum
2215 1586 2363 1657 quod
2418 1585 2637 1640 induxit
2688 1600 2788 1640 nos
2843 1584 2911 1638 ad
2961 1583 3188 1655 gloriam
3237 1579 3475 1650 Spiritus

1895 1678 2129 1748 primum
2161 1678 2340 1732 honos
2367 1677 2445 1731 illi
2469 1677 2692 1731 habitus
2716 1691 2746 1729 a
2773 1674 3028 1739 Domino,
3059 1674 3114 1728 in
3147 1673 3476 1744 baptismate

234 1779 341 1846 γίας
369 1749 500 1850 πρδς
525 1779 624 1850 τὴν
658 1749 991 1845 θεογνῄωσίαν
1020 1749 1318 1848 εἰσαγωγή·
1355 1749 1440 1848 ἐφ’
1472 1749 1642 1834 διπασι
1675 1749 1732 1833 δὲ
1758 1780 1784 1832 ὁ

1897 1770 2160 1840 Spiritum
2208 1770 2541 1840 adjungente
2591 1769 2695 1825 sibi
2745 1777 2800 1824 et
2851 1767 3000 1822 Patri
3030 1768 3114 1822 ¹³ι
3180 1777 3474 1836 praeterea,

237 1871 377 1939 φόϐος
409 1871 516 1924 τῶν
545 1869 970 1941 ἀπειληθέντων,
1002 1871 1283 1942 ἁπείργων
1319 1871 1418 1943 τὴν
1445 1870 1652 1926 ἔννοιαν
1687 1872 1790 1926 πά-

235 1979 321 2033 σης
349 1963 568 2028 ἀναξίας
597 1963 692 2016 καὶ
725 1963 989 2030 ταπεινῆς
1021 1962 1362 2034 ὑπολήψεως.
1387 1966 1448 2017 Οί
1470 1965 1527 2018 δὲ
1557 1966 1790 2018 ἐναντίοι

1895 1863 2039 1932 quod
2082 1863 2320 1932 quisque
2367 1868 2620 1916 nostrum
2658 1876 2754 1931 per
2800 1861 2962 1915 talem
3001 1857 3366 1914 initiationem
3405 1853 3482 1911 ad-

1893 1953 1990 2008 Dei
2024 1954 2397 2024 cognitionem
2431 1951 2718 2007 institutus
2751 1958 2867 2007 est:
2909 1967 3075 2022 super
3117 1948 3304 2005 omnia
3347 1962 3476 2003 vero

235 2055 280 2107 τί
322 2057 407 2109 καὶ
449 2055 675 2127 ὲροῦσι;
735 2056 896 2108 ποίαν
943 2055 1239 2123 ἀπολογίαν
1291 2057 1394 2127 τῆς
1442 2057 1784 2128 βλασφημίας

1893 2053 2070 2101 terror
2104 2045 2380 2100 minarum
2423 2059 2623 2099 arcens
2654 2058 2871 2098 omnem
2909 2042 3253 2112 indignitatis
3286 2048 3342 2096 et
3368 2039 3474 2094 hu-

233 2145 421 2212 ἓξουσι;
468 2150 609 2219 μήτε
652 2146 753 2211 τὰς
794 2148 962 2218 τιμὰς
991 2147 1101 2218 (17)
1136 2148 1231 2200 τοῦ
1277 2149 1483 2220 Κυρίου
1541 2151 1784 2204 καταιδε-

235 2237 446 2302 σθέντες,
477 2241 620 2310 μήτε
655 2239 756 2303 τὰς
782 2239 1011 2304 ἀπειλὰς
1044 2241 1210 2294 αύτοῦ
1245 2241 1592 2311 φοϐηθέντες.
1624 2235 1784 2296 Οὗτοι

235 2329 318 2398 μὲν
344 2328 430 2384 οὖν
458 2331 643 2401 κύριοι
683 2330 1074 2400 βουλεύσασθαι
1107 2332 1238 2403 περὶ
1261 2333 1370 2384 τῶν
1408 2334 1530 2387 κατ’
1567 2334 1784 2399 αὐτοὺς,

229 2416 366 2488 ﬁmi
398 2421 934 2491 μεταϐουλεύσασθαι
968 2423 1091 2493 ήδη.
1119 2424 1292 2487 Αύτὸς
1327 2424 1372 2476 δ’
1414 2425 1480 2478 ἂν
1523 2424 1786 2497 εὐξαίμην

230 2509 439 2577 μάλιστα
478 2514 581 2583 μὲν
609 2513 792 2567 δοῦναι
824 2514 916 2567 τὸν
953 2514 1155 2582 ἀγαθὸν
1180 2514 1312 2568 Θεὸν
1346 2515 1444 2587 τήν
1481 2518 1673 2570 ἑαυτοῦ
1704 2520 1784 2571 εί-

226 2599 375 2672 ρήνην
401 2601 777 2675 βραϐεύουσαν
806 2607 864 2658 ὲν
899 2608 1018 2669 ταῖς
1051 2606 1302 2677 καρδίαις
1336 2608 1611 2673 ἁπάντων,
1643 2609 1785 2664 ὥστε

223 2690 335 2752 τεὺς
381 2693 733 2763 σφριγῶντας
761 2693 884 2748 καθ’
921 2694 1079 2766 ἡμῶν
1119 2694 1365 2761 τούτους,
1400 2699 1495 2751 καὶ
1530 2684 1786 2753 συντετα-

222 2781 434 2848 γμένους
458 2784 572 2854 (i8)
627 2785 896 2858 σφοδρῶς,
937 2788 995 2839 ἐν
1043 2785 1324 2858 Πνεύματι
1355 2790 1663 2861 πραότητος
1690 2794 1785 2846 καὶ

221 2871 419 2943 ἀγάπης
441 2877 874 2946 κατασταλῆναιο
901 2880 950 2932 εί
979 2879 1024 2931 δ’
1051 2877 1159 2950 ἄρα
1182 2879 1458 2944 παντελῶς
1485 2880 1783 2954 ἐξηγρίων-

216 2977 296 3013 ται
331 2966 422 3018 καὶ
453 2965 869 3031 ἁτιθασσεύτως
897 2967 1132 3038 ἔχουσιν,
1177 2970 1294 3023 ἀλλ’
1324 2972 1455 3041 ήμῖν
1500 2990 1564 3040 γε
1603 2973 1783 3028 δοῦναι

220 3054 575 3128 μακροθύμως
613 3058 800 3129 φέρειν
828 3059 895 3112 τά
923 3062 1055 3131 παρ’
1081 3061 1281 3116 αὐτῶν.
1312 3063 1537 3128 Πάντως
1565 3065 1641 3129 δὲ,
1672 3069 1785 3130 τοῖς

215 3143 266 3195 τὸ
290 3145 575 3218 ἀπόκριμα
610 3149 707 3202 τοῦ
756 3150 986 3204 θανάτου
1028 3155 1086 3204 ἐν
1123 3155 1334 3217 ἑαυτοῖς
1367 3154 1578 3226 ἔχουσιν
1620 3157 1681 3209 ού
1723 3158 1785 3210 τὸ

214 3236 389 3292 παθεῖν
444 3240 590 3312 ὑπὲρ
641 3241 742 3311 τῆς
799 3243 1032 3308 πίστεως
1084 3244 1353 3314 ἀλγεινὸν,
1403 3247 1539 3302 ἀλλὰ
1589 3249 1647 3302 τὸ
1707 3249 1782 3320 μὴ

212 3326 483 3398 ὲναθλῆσαι
534 3331 679 3401 αὐτῇ
708 3330 821 3401 (19)
871 3332 1307 3406 δυσφορῶτατον’
1362 3338 1485 3390 ἐπεὶ
1532 3338 1629 3393 καὶ
1670 3342 1784 3404 τοῖς

210 3414 450 3487 ἀθληταῖς
487 3420 552 3473 οὐ
595 3421 855 3475 τοσοῦτον
897 3423 1114 3493 πληγὰς
1146 3425 1329 3480 λαϐεῖν
1364 3427 1783 3499 ἀγωνιζομένοις

212 3506 356 3579 βαρὺ,
388 3512 516 3564 ὅσον
549 3512 694 3583 μηδὲ
723 3515 1125 3588 παραδεχθῆναι
1152 3518 1264 3591 (20)
1291 3519 1390 3591 τὴν
1422 3520 1595 3592 ἀρχὴν
1620 3525 1699 3587 εἰς
1723 3523 1783 3576 τὸ

210 3600 423 3656 στάδιον.
455 3605 531 3658 Ἢ
570 3605 719 3675 τάχα
747 3602 901 3670 οὗτος
925 3603 993 3678 ἦν
1021 3612 1050 3663 ὁ
1073 3611 1265 3681 καιρὸς
1300 3611 1394 3666 τοῦ
1428 3615 1605 3684 σιγᾷν,
1640 3614 1781 3668 κατὰ

207 3690 286 3744 τὸν
321 3695 481 3764 σοφὸν
517 3695 872 3766 Σολομῶντα.
915 3699 981 3751 Τί
1028 3701 1137 3773 γὰρ
1178 3701 1373 3770 ὄφελος
1409 3703 1488 3774 τῷ
1523 3703 1639 3759 ὄντι
1685 3721 1780 3757 κε-

208 3787 451 3854 κραγέναι
477 3789 625 3859 πρὸς
651 3787 873 3861 ἄνεμον,
894 3791 1035 3845 οὕτω
1059 3792 1239 3862 βιαίας
1257 3795 1425 3866 ζάλης
1444 3795 1781 3867 κατεχούσης

207 3873 285 3928 τὸν
306 3875 436 3946 βίον,
461 3880 558 3950 ὑφ’
587 3875 666 3952 ἦς
692 3883 840 3935 πᾶσα
857 3882 955 3953 μὲν
978 3883 1185 3937 διάνοια
1211 3885 1322 3940 τῶν
1344 3885 1436 3940 τὸν
1469 3887 1625 3956 λόγον
1654 3904 1782 3940 κατ-

204 3969 523 4038 ηχουμένων,
569 3967 694 4025 οἷον
730 3971 1011 4044 ὀφθαλμὸς
1068 3975 1348 4048 κονιορτοῦ
1383 3993 1550 4044 τινος,
1579 3978 1682 4048 τῆς
1714 3979 1780 4031 ἐκ

205 4056 298 4109 τῶν
322 4062 767 4134 παραλογισμῶν
796 4065 1014 4136 ἀπάτης
1045 4067 1472 4137 ἀναπλησθεῖσα,
1510 4070 1778 4140 συγκέχυ-

202 4161 297 4198 ται·
344 4154 494 4205 πᾶσα
543 4153 610 4206 δὲ
662 4153 802 4225 ἀκοὴ
837 4154 1164 4225 βαρυτάτοις
1207 4158 1304 4212 καὶ
1343 4159 1537 4231 ἀήθεσι
1586 4160 1779 4231 ψόφοις

200 4247 648 4298 κατακτυπεῖταιο
697 4245 926 4301 δονεῖται
975 4247 1033 4301 δὲ
1078 4248 1278 4314 πάντα,
1325 4252 1418 4305 καὶ
1455 4253 1514 4306 ὲν
1548 4253 1778 4325 κινδύνῳ

200 4327 300 4382 ἐστὶ
322 4332 412 4385 τοῦ
437 4334 752 4406 πτώματος
778 4351 793 4401 ;

790 4601 1040 4659 ΚΕΦΑΛ.
1085 4605 1164 4660 Λ’.

195 4687 457 4761 Animam
488 4689 611 4760 τῆς
646 4693 969 4820 παρούσηᾶ
1007 4696 1128 4750 τῶν
1188 4699 1553 4766 Ἐκκλησιῶν
1593 4718 1776 4755 κατα-

842 4783 919 4819 στ
961 4782 1136 4820 σεωτι.

842 4782 1136 4834 στασεως.

254 4875 332 4933 76.
361 4880 484 4934 Τίνι
525 4875 628 4935 οὖν
661 4879 1010 4952 ὁμοιώσομεν
1052 4880 1149 4952 τὴν
1182 4880 1464 4952 παροῦσαν
1503 4883 1775 4940 κατάστα-

248 5034 504 5095 "Matth.
535 5053 752 5103 xxvm,
786 5036 876 5092 19.
951 5036 998 5069 ³⁸
1017 5035 1201 5093 Eccle.
1243 5054 1326 5103 ιιι,
1366 5039 1416 5096 7.

247 5194 348 5266 (l5)
386 5197 497 5252 Καὶ
536 5194 957 5268 προσήγορον.
989 5195 1123 5269 Reg.
1148 5202 1379 5267 quartus
1414 5197 1509 5249 καὶ
1537 5199 1770 5272 εὐπροσ-

190 5263 684 5409 Ἐνῆτενκ
729 5334 863 5407 Reg.
908 5347 1138 5408 quartus
1179 5338 1467 5409 ἐνήγαγεν,
1511 5346 1566 5392 et
1604 5341 1766 5407 paulo

247 5414 292 5460 st
340 5409 481 5463 idem
539 5408 738 5464 codex
789 5407 964 5481 ἑαυτῷ
1009 5410 1104 5463 καὶ
1144 5408 1208 5461 τὸ
1261 5407 1488 5478 Πνεῦμα
1538 5411 1672 5478 πρὸς
1706 5411 1768 5462 τὸ

537 5545 755 5620 τιμάς.
786 5546 1008 5619 Legitur
1042 5548 1142 5613 τὰς
1171 5547 1355 5619 φωνάς
1391 5547 1448 5601 in
1472 5563 1584 5603 uno
1618 5549 1768 5604 codi-

193 5630 358 5760 εεᾶῐθῒ
383 5686 951 5759 Συντεταγμένους.
994 5688 1075 5746 Ita
1127 5687 1302 5747 nostri
1354 5687 1573 5745 codices
1630 5704 1764 5746 mss.

1811 3091 1853 3147 C

1893 2136 2129 2190 milioris
2171 2134 2455 2206 opinionis
2499 2134 2912 2205 cogitationem.
2954 2132 3266 2188 Adversarii
3308 2146 3478 2204 porro

1890 2226 2020 2298 quid
2051 2227 2266 2282 tandem
2299 2227 2504 2281 dicturi
2533 2226 2709 2280 sunt?
2738 2240 2903 2296 quam
2929 2224 3279 2295 blasphemia:
3310 2240 3476 2280 excu-

1891 2320 2162 2374 sationem
2194 2318 2464 2373 aﬂ‘erent?
2489 2319 2579 2387 qui
2627 2333 2805 2388 neque
2842 2318 3128 2381 honorem,
3161 2332 3322 2388 quem
3363 2315 3475 2371 Do-

1891 2409 2073 2462 minus
2119 2408 2312 2488 trib_uit
2365 2405 2622 2476 Spiritui,
2670 2409 2898 2462 reveriti
2949 2415 3101 2474 sunt,
3156 2422 3259 2462 nec
3310 2407 3476 2462 minis

1893 2499 2043 2555 illius
2095 2499 2373 2555 deterriti.
2425 2499 2550 2556 lstis
2580 2501 2801 2570 quidem
2844 2500 3079 2555 liberum
3122 2506 3208 2555 est
3252 2498 3322 2554 de
3373 2511 3477 2554 suo

1889 2590 2210 2645 consultare
2248 2591 2494 2660 negotio,
2547 2598 2644 2646 aut
2687 2591 2855 2647 etiam
2904 2599 3120 2646 mutare
3156 2590 3472 2646 consilium.

1890 2679 2014 2749 Ipse
2044 2695 2176 2734 vero
2207 2680 2440 2750 optarim
2474 2680 2712 2734 maxime
2739 2678 2993 2750 quidem,
3030 2686 3092 2732 ut
3120 2676 3266 2732 Deus
3297 2677 3475 2732 bonus

1893 2770 1984 2824 det
2011 2786 2168 2826 suam
2202 2786 2412 2841 pacem,
2437 2787 2560 2841 qua:
2582 2772 2660 2825 ita
2684 2770 2741 2825 in
2767 2771 3028 2826 cordibus
3054 2770 3302 2825 omnium
3333 2783 3472 2838 pra:-

1888 2863 2097 2925 sideat,
2133 2871 2192 2916 ut
2226 2863 2318 2918 isti
2353 2863 2448 2933 qui
2492 2863 2547 2917 in
2580 2878 2688 2918 nos
2715 2862 2989 2928 fremunt,
3017 2870 3072 2917 et
3101 2862 3158 2917 in
3190 2877 3292 2917 nos
3322 2869 3472 2915 atro-

1889 2948 2029 3002 citer
2073 2950 2473 3019 conglomerati
2523 2951 2854 3022 insurgunt,
2888 2951 2943 3006 in
2991 2950 3201 3022 Spiritu
3230 2951 3473 3006 lenitatis

1888 3047 1943 3092 et
1967 3038 2256 3095 charitatis
2303 3049 2757 3112 compescantur.
2803 3040 2960 3108 Quod
2995 3043 3040 3096 si
3075 3057 3305 3112 prorsus
3337 3041 3473 3096 εσθ-

1888 3129 1992 3182 rati
2019 3137 2172 3192 sunt,
2201 3145 2303 3184 nec
2329 3145 2724 3186 mansuescere
2747 3141 3000 3201 possunt,
3026 3141 3176 3188 certe
3195 3133 3285 3187 det
3309 3132 3472 3188 nobis

1885 3219 2105 3274 illorum
2140 3217 2286 3274 facta
2320 3223 2622 3278 toleranter
2653 3223 2814 3278 ferre.
2851 3224 2910 3278 ln
2940 3239 3180 3287 summa,
3212 3224 3306 3294 qui
3332 3240 3474 3280 mor-

1885 3310 1958 3365 tis
1991 3312 2322 3366 sententiam
2361 3312 2419 3366 in
2455 3328 2576 3369 sese
2616 3313 2852 3380 habent,
2884 3315 2969 3371 his
3017 3315 3311 3372 molestum
3360 3331 3471 3372 non

1883 3408 1970 3456 est
2022 3417 2123 3472 pro
2161 3402 2268 3458 [ide
2314 3403 2513 3475 allligi:
2565 3403 2664 3459 sed
2701 3407 2942 3460 maxime
2988 3407 3339 3464 intolerabile
3383 3417 3471 3464 est

1884 3506 1984 3561 pro
2037 3509 2101 3547 ea
2149 3509 2259 3548 non
2307 3503 2576 3561 certasse,
2619 3497 3066 3567 quandoquidem
3101 3499 3324 3554 athletis
3359 3515 3469 3554 non

1881 3584 2110 3653 perinde
2155 3600 2322 3655 grave
2365 3595 2450 3641 est
2501 3589 2558 3642 in
2607 3590 2910 3645 certamine
2953 3590 3146 3660 plagas
3193 3588 3464 3661 ac'cipere,

1882 3688 2046 3744 quam
2077 3690 2147 3730 ne
2178 3675 2392 3732 admitti
2439 3678 2661 3747 quidem
2695 3681 2924 3735 omnino
2962 3681 3021 3735 in
3061 3680 3322 3736 stadium.
3357 3683 3468 3737 Aut

1883 3765 2141 3822 fortassis
2165 3767 2267 3822 hoc
2298 3776 2418 3822 erat
2455 3770 2661 3826 silentii
2704 3780 2940 3842 tempus,
2973 3773 3135 3843 juxta
3159 3774 3465 3845 sapientem

1885 3856 2238 3912 Salomonem
2269 3859 2336 3912 ’⁸.
2367 3858 2505 3914 Nam
2550 3863 2680 3931 quid
2730 3863 2956 3932 prodest
2988 3879 3179 3919 revera
3225 3866 3469 3922 clamare

1882 3947 2149 4006 adversus
2185 3960 2430 4017 ventum,
2463 3967 2588 4007 cum
2625 3961 2927 4026 tempestas
2954 3955 3092 4011 adeo
3119 3956 3360 4012 violenta
3380 3958 3466 4013 vi—

1881 4049 1990 4098 tam
2015 4052 2270 4115 occupet,
2296 4059 2327 4098 a
2350 4059 2458 4115 qua
2489 4061 2646 4102 mens
2671 4048 2929 4117 quaelibet
2949 4063 3140 4103 eorum
3171 4049 3268 4119 qui
3296 4048 3470 4106 verbo

1883 4133 2081 4189 initiati
2112 4144 2270 4199 sunt,
2306 4144 2367 4189 ut
2399 4136 2592 4192 oculus
2629 4138 2684 4192 in
2719 4153 2831 4208 quo
2864 4139 3106 4209 pulveris
3144 4140 3350 4212 aliquid
3379 4141 3466 4196 in-

1881 4224 2043 4293 sidet,
2074 4226 2150 4280 ita
2178 4226 2664 4283 ratiocinationum
2699 4229 2964 4286 falsarum
2998 4247 3189 4289 errore
3222 4233 3461 4304 oppleta,

1880 4314 2110 4372 confusa
2133 4323 2251 4382 est;
2292 4318 2550 4388 quaelibet
2573 4334 2734 4376 aures
2771 4322 3111 4392 gravissimis
3143 4330 3198 4379 et
3226 4324 3462 4380 insolitis

1807 4428 1853 4483 ι)
1883 4408 2038 4464 sonis
2091 4409 2512 4475 obtunduntur,
2575 4413 2796 4468 turbine
2838 4431 2970 4470 vero
3010 4417 3462 4489 circumaguntur

1883 4501 2088 4566 omnia,
2116 4509 2354 4572 suntque
2385 4503 2439 4558 in
2471 4505 2717 4572 periculo
2746 4505 2918 4562 ruinae
2944 4508 2967 4561 ’ἒ

2442 4621 2676 4678 CAPUT
2724 4624 2894 4682 XXX.

2077 4710 2355 4776 Expositio
2380 4716 2653 4783 prwsentis
2685 4715 3045 4772 Ecclesiarum
3072 4730 3264 4776 status.

1949 4890 2036 4948 76.
2070 4893 2168 4950 Cui
2202 4895 2370 4968 igitur
2393 4898 2842 4970 comparabimus
2867 4907 3190 4969 praesentem
3217 4902 3458 4956 statum?

1877 5199 2018 5255 Editi
2063 5202 2506 5269 συντεταμένους.
2538 5203 2906 5258 Conﬁrmatur
2936 5215 3121 5259 nostra
3145 5206 3454 5260 emendatio

1875 5287 1942 5324 ex
1979 5271 2150 5339 Epist.
2184 5273 2254 5324 al.
2290 5273 2374 5334 79,
2411 5275 2499 5328 ubi
2538 5273 2771 5329 Basilius
2797 5274 2984 5328 eadem
3010 5290 3138 5332 voce
3163 5277 3358 5340 utitur,
3397 5285 3455 5330 ut

1876 5341 2490 5414 malaadversariorum
2524 5345 2753 5398 consilia
2782 5346 3048 5414 designet.

1947 5410 2060 5481 (l9)
2100 5409 2307 5486 αὐτῇ.-
2334 5411 2474 5486 Editi
2509 5415 2566 5466 ἐν
2594 5414 2751 5485 αὐτῇ.
2801 5409 2922 5470 8εᾶ
2954 5416 3107 5471 deest
3147 5417 3453 5486 pra‘positio

1871 5480 1925 5535 in
1957 5480 2226 5533 veteribus
2256 5481 2426 5536 libris.

1946 5549 2054 5624 (ξο)
2084 5549 2258 5624 ⁸ΙξΙηὸὲ
2279 5551 2744 5624 παραδεχθῆναι.
2779 5554 2869 5610 Sic
2901 5555 3117 5613 codices
3144 5572 3278 5613 mss.
3309 5553 3455 5612 Editi

1878 5618 1963 5691 μή
1985 5618 2254 5691 δεχθῆναι.
