3912 6214
369 238 471 296 2H
1516 314 1519 317 Α
1737 249 1796 305 S.
1838 249 2087 308 BASILll
2124 254 2340 313 MAGNI
3542 267 3653 351 212

367 350 629 450 Profecto
664 354 864 413 similis
903 355 1096 429 praelio
1137 358 1345 427 navali,
1376 359 1526 432 quod
1566 376 1635 418 ex
1679 363 1946 421 veteribus

2066 385 2185 435 σιν;
2226 365 2307 424 Ἦ
2328 387 2431 425 που
2459 370 2625 443 ὁμοία
2651 372 2770 427 ἐστὶ
2803 374 3027 447 πολέμῳ
3054 377 3161 431 τινὶ
3195 378 3431 450 ναυτικῷ
3451 422 3466 442 ,
3492 380 3551 435 ὃν
3583 383 3650 437 ἐκ

365 442 598 502 offensis
632 446 736 501 viri
766 446 992 518 quidam
1026 448 1186 506 bellis
1218 452 1458 509 nauticis
1494 453 1704 510 assueti
1745 468 1809 510 ac
1843 454 1946 512 bel-

2061 462 2309 517 παλαιῶν
2332 468 2845 539 προσκρουσμάτων
2878 510 2894 535 ,
2926 470 3096 524 πολὺν
3129 474 3249 525 κατ’
3276 472 3521 542 ἀλλήλων
3553 475 3649 530 τὸν

366 535 518 594 iaces
536 577 551 601 .
579 535 710 593 dum
739 540 976 595 multum
1016 541 1161 597 inter
1186 557 1311 600 sese
1340 544 1527 601 odium
1560 547 1717 602 alunt
1735 586 1750 613 ,
1778 548 1958 604 susei-

365 635 577 684 tarunt.
612 629 771 686 Nunc
823 632 993 703 igitur
1042 633 1100 688 in
1151 634 1255 690 hac
1303 636 1543 709 imagine
1590 639 1724 694 mihi
1772 650 1960 711 specta

364 721 602 776 classem
644 724 905 794 utrinque
954 723 1190 783 adverso
1242 727 1455 798 impetu
1510 729 1845 787 horrendum
1900 732 1958 787 in

365 814 590 868 modum
622 814 969 886 ingruentem
991 856 1008 883 ,
1040 833 1169 873 mox
1197 819 1277 874 ira
1304 820 1416 889 jam
1451 836 1518 877 eo
1545 832 1868 894 erumpente
1899 834 1960 880 ut

364 904 439 960 sit
490 905 940 972 immedicabilis,
991 923 1321 979 congressos
1358 912 1641 969 dimicare.
1686 914 1871 980 Pone,
1908 917 1954 973 si

363 994 449 1051 vis
477 1036 491 1059 ,
524 996 764 1050 violento
803 998 1025 1053 turbine
1071 1000 1375 1072 circumagi
1426 1002 1664 1059 classem
1693 1045 1708 1070 ,
1759 1007 1954 1078 caligi-

362 1100 602 1156 nemque
653 1087 881 1144 densam
928 1104 977 1153 es
1018 1091 1260 1147 nubibus
1312 1093 1670 1163 incumbere,
1709 1098 1956 1170 adeoque

352 1175 667 1232 obscurare
689 1194 882 1237 omnes
905 1197 1090 1238 rerum
1117 1185 1418 1241 visibilium
1450 1189 1685 1259 species,
1722 1200 1782 1256 ut
1803 1193 1954 1247 nulla

359 1268 470 1340 65
495 1268 611 1340 jam
649 1271 721 1325 sit
769 1271 1075 1329 amicorum
1109 1285 1165 1331 et
1208 1277 1448 1333 hostium
1488 1279 1753 1337 discretio
1777 1321 1792 1348 ,
1825 1298 1955 1354 pro-

359 1369 550 1432 pterea
575 1364 720 1432 quod
747 1363 818 1419 ob
847 1365 1235 1424 confusionem
1270 1371 1522 1443 symbola
1556 1373 1816 1428 militaria
1841 1375 1952 1431 sint

360 1451 575 1522 ignota.
604 1453 746 1511 Huic
774 1458 998 1529 imagini
1022 1460 1311 1519 evidentiae
1337 1478 1470 1534 ergo
1495 1464 1762 1521 addamus
1787 1468 1952 1522 etiam

358 1556 513 1597 mare
547 1543 950 1615 intumescere,
980 1555 1147 1619 atque
1178 1551 1248 1605 ab
1282 1550 1392 1606 imo
1426 1568 1649 1609 sursum
1683 1554 1850 1619 ferri,
1887 1571 1951 1611 ac

359 1634 738 1691 vehementem
770 1638 1000 1693 imbrem
1023 1655 1055 1696 e
1083 1641 1323 1698 nubibus
1353 1642 1609 1699 deorsum
1638 1660 1948 1716 erumpere,

359 1724 795 1796 horribilemque
833 1729 1131 1797 procellam
1168 1731 1484 1802 ingentibus
1523 1747 1589 1788 ac
1626 1734 1948 1792 decumanis
1982 1723 2026 1777 Β

355 1817 616 1874 fluctibus
649 1835 987 1891 exsurgere:
1018 1832 1142 1893 post
1172 1825 1290 1879 haec
1326 1828 1505 1883 ventis
1546 1828 1791 1899 undique
1815 1843 1949 1884 con-

355 1911 716 1967 cursantibus
741 1954 759 1980 ,
794 1919 964 1967 totam
1009 1916 1245 1972 classem
1278 1916 1423 1972 inter
1466 1934 1525 1974 se
1556 1934 1681 1974 cum
1731 1919 1949 1991 fragore

354 2003 569 2070 collidi,
598 2012 765 2074 atque
792 2021 856 2061 ex
896 2006 965 2062 iis
998 2007 1093 2077 qui
1120 2009 1175 2062 in
1209 2008 1327 2065 acie
1360 2017 1532 2074 stant,
1558 2011 1699 2067 alios
1726 2013 1949 2083 quidem

354 2101 538 2149 castra
567 2111 667 2152 sua
701 2097 954 2165 prodere,
988 2107 1160 2170 atque
1186 2100 1455 2172 ﬂagrante
1479 2105 1671 2172 praelia
1704 2105 1949 2162 transfu-

352 2202 517 2257 gere;
545 2187 685 2244 alios
723 2204 857 2245 vero
881 2190 1025 2261 cogi,
1056 2199 1116 2246 ut
1146 2195 1362 2263 pariter
1392 2205 1447 2252 et
1483 2197 1724 2269 scaphas
1751 2199 1949 2270 impel-

353 2278 470 2334 lant
520 2294 551 2334 a
586 2282 765 2338 ventis
813 2290 988 2349 actas,
1037 2293 1094 2341 et
1139 2296 1439 2343 occurrant
1487 2290 1943 2360 irrumpentibus,

352 2385 589 2440 seseque
639 2382 833 2430 mutuo
882 2390 980 2446 per
1027 2376 1353 2435 seditionem
1415 2382 1727 2439 trucident:
1779 2400 1944 2454 quam

352 2464 678 2521 seditionem
716 2468 914 2538 partim
954 2469 1160 2524 invidia
1202 2470 1473 2530 adversus
1508 2454 1943 2545 pristantiores,

352 2558 555 2641 partim
587 2574 711 2629 qua:
737 2561 974 2631 singulis
1007 2561 1163 2619 adest
1190 2565 1448 2621 vincendi
1490 2569 1765 2639 cupiditas
1789 2571 1942 2627 exci-

354 2649 515 2704 tavit.
546 2650 629 2706 Ad
664 2652 781 2707 haec
814 2655 996 2724 cogita
1024 2655 1261 2713 confuso
1290 2661 1526 2729 quodam
1556 2668 1611 2717 et
1642 2663 1943 2720 indiscrete

349 2740 537 2797 sonitu
583 2743 906 2800 universum
956 2746 1090 2801 illud
1141 2764 1293 2805 mare
1338 2752 1644 2822 compleri,
1678 2755 1878 2824 partim
1911 2771 1943 2811 e

350 2842 643 2891 ventorum
674 2837 965 2907 strepitu,
1016 2841 1220 2910 partim
1270 2857 1303 2898 e
1346 2844 1635 2902 conisione
1685 2847 1938 2913 navium,

351 2928 551 2999 partim
591 2942 660 2983 ex
703 2928 979 2984 undarum
1008 2931 1214 3002 impetu
1248 2932 1576 2991 ferventium
1599 2979 1614 3004 ,
1642 2939 1842 3008 partim
1871 2955 1939 2995 ex

350 3018 749 3075 vociferatione
772 3021 1164 3091 praeliantium,
1188 3026 1370 3082 varias
1394 3042 1556 3084 voces
1581 3030 1652 3084 ob
1678 3030 1940 3102 ingruen-

351 3114 428 3167 tia
461 3112 608 3166 mala
653 3113 1061 3179 emittentium,
1109 3123 1169 3170 ut
1210 3133 1387 3189 neque
1430 3122 1716 3187 naucleri,
1763 3137 1942 3193 neque

352 3202 740 3272 gubernatoris
774 3205 1106 3260 exaudiatur
1136 3223 1243 3262 vox
1266 3249 1281 3274 ,
1314 3210 1409 3265 sed
1456 3212 1529 3268 sit
1569 3214 1762 3283 ingens
1792 3230 1942 3285 quae-

352 3296 477 3350 dam
509 3296 852 3365 perturbatio
899 3295 1302 3369 confusioque,
1350 3301 1658 3359 incredibili
1703 3306 1940 3376 quadam

352 3388 625 3442 malorum
681 3389 1095 3459 magnitudine,
1148 3393 1220 3448 ob
1268 3394 1396 3450 vitae
1450 3396 1938 3466 desperationem,

351 3492 568 3532 onmem
616 3479 698 3534 eis
758 3482 1021 3550 peccandi
1080 3485 1358 3540 licentiam
1413 3486 1694 3545 afferente.
1751 3491 1943 3561 Adjice

351 3569 548 3625 iisdem
591 3578 646 3626 et
680 3567 1140 3632 immedicabilem
1182 3578 1476 3647 quemdam
1509 3583 1756 3636 morbum
1780 3623 1794 3646 ,
1824 3585 1944 3654 glo-

350 3663 449 3718 riae
479 3662 852 3735 adipiscenda:
878 3667 1128 3724 insanam
1158 3668 1537 3740 capiditatem,
1562 3673 1698 3729 adeo
1722 3684 1783 3730 ut
1803 3692 1942 3733 nave

347 3755 463 3827 iam
497 3758 550 3811 in
587 3757 818 3814 fundum
843 3760 1187 3831 prolabente,
1223 3764 1326 3835 ipsi
1356 3772 1609 3823 vectores
1638 3768 1706 3824 de
1735 3769 1935 3840 prima-

352 3861 442 3918 tus
472 3852 824 3908 contentione
856 3853 994 3909 nihil
1023 3856 1325 3912 remittant.

422 3942 513 3998 77.
550 3943 885 4015 Transijam
921 3948 992 4003 ab
1018 3948 1257 4020 imagine
1291 3944 1359 4005 ad
1384 3950 1563 4020 ipsum
1594 3953 1725 4007 mali
1753 3968 1941 4009 exem-

352 4034 490 4107 plar.
568 4035 765 4091 Annon
823 4040 956 4093 olim
1003 4039 1296 4096 videbatur
1336 4044 1741 4114 quodammodo
1783 4046 1942 4103 Aria-

2060 554 2233 627 θυμὸν
2274 557 2614 630 θρέψαντες,
2660 561 2929 633 ναυμάχοι
2972 563 3118 628 τινὲς
3169 563 3361 634 ἄνδρες
3404 564 3516 633 (21)
3549 565 3648 621 καὶ

2059 647 2411 722 φιλοπόλεμοι
2464 655 2877 724 συνεστήσαντο.
2931 654 3073 726 Ὅρα
3123 655 3187 728 δὴ
3225 652 3319 710 οὖν
3358 674 3445 726 μοι
3477 659 3533 710 ὲν
3574 660 3642 730 τῇ

2057 743 2228 796 εἰκόνι
2283 745 2455 818 ταύτῃ
2515 745 2763 817 φοϐερῶς
2823 745 3164 818 ἑκατέρωθεν
3219 747 3642 819 ἀντεφορμῶντα

2056 833 2147 887 τὸν
2175 835 2362 890 στόλον
2385 877 2399 903 ,
2432 832 2552 891 εἶτα
2602 840 2681 902 εἰς
2706 838 2768 892 τὸ
2805 839 3101 910 ἀνήκεστον
3147 839 3245 910 τῆς
3276 838 3446 910 ὀργῆς
3474 842 3643 911 ἐκρα-

2055 926 2283 999 γείσης,
2336 929 2718 1001 συμπεσόντας
2773 928 3209 999 διαγωνίζεσθαι.
3266 929 3497 983 ’Υπόθου
3523 969 3539 994 ,
3591 932 3641 983 εἰ

2057 1020 2275 1091 βούλει,
2317 1023 2414 1076 καί¹
2439 1022 2662 1078 λαίλαπι
2722 1023 2874 1096 βιαίᾳ
2919 1024 3226 1078 κλονεῖσθαι
3258 1024 3320 1076 τὸ
3366 1024 3640 1089 ναυτικὸν,

2055 1117 2149 1169 καὶ
2201 1115 2363 1186 ζόφον
2408 1116 2620 1189 ἀθρόως
2678 1119 2741 1171 ὲκ
2797 1116 2973 1187 νεφῶν
3026 1117 3318 1186 ἐπισχόντα
3369 1115 3644 1187 μελαίνειν

2054 1207 2164 1257 πᾶν
2201 1205 2264 1258 τὸ
2296 1204 2573 1277 ὁρώμενον
2593 1247 2606 1271 ,
2643 1206 2722 1269 ὼς
2762 1206 3034 1278 μηδεμίαν
3070 1206 3149 1260 ἔτι
3182 1200 3321 1261 εἶναι
3347 1206 3515 1276 φίλων
3546 1206 3643 1261 καὶ

2054 1296 2330 1367 πολεμίων
2368 1297 2677 1369 διάκρισιν,
2715 1297 2826 1352 τῶν
2862 1298 3148 1369 συμϐόλων
3201 1299 3386 1362 αὐτοῖς
3438 1299 3640 1368 ἀγνοη-

2054 1388 2256 1444 θέντων
2305 1391 2394 1444 διά
2455 1391 2556 1463 τὴν
2603 1391 2883 1462 σύγχυσιν.
2949 1393 3071 1445 Ἔτι
3134 1391 3531 1463 προσθήσωμεν
3571 1391 3640 1444 δι’

2053 1484 2344 1556 ἐνάργειαν
2376 1487 2443 1556 τῇ
2476 1484 2646 1538 εἰκόνι
2695 1485 2789 1538 καὶ
2822 1484 3097 1539 θάλασσαν
3136 1483 3382 1538 οἰδοῦσαν
3410 1483 3521 1553 (22)
3545 1483 3644 1538 καὶ

2053 1578 2166 1633 ἄνω
2203 1578 2577 1651 στρεφομένην
2610 1581 2676 1633 ὲκ
2708 1579 2816 1633 τῶν
2842 1578 3055 1649 βυθῶν,
3087 1579 3181 1633 καὶ
3218 1577 3418 1651 λάϐρον
3453 1579 3517 1631 ὲκ
3549 1594 3643 1631 νε-

2056 1673 2171 1744 φῶν
2221 1673 2366 1746 ὓδωρ
2428 1673 2948 1745 καταρρηγνύμενον
2973 1714 2988 1737 ,
3046 1672 3141 1726 καὶ
3196 1671 3426 1741 φοϐερὸν
3476 1673 3642 1724 ἐπαν-

2058 1767 2346 1837 ιστάμενον
2393 1766 2459 1820 ὲκ
2506 1765 2804 1837 τρικυμίας
2832 1765 2924 1819 τὸν
2961 1765 3223 1819 κλύδωνα·
3262 1760 3381 1817 εἶτα
3426 1779 3637 1817 παντα-

2054 1857 2212 1928 χόθεν
2238 1856 2348 1911 τῶν
2378 1856 2703 1927 πνευμάτων
2731 1858 2813 1918 εἰς
2835 1857 3028 1909 ταυτὸν
3059 1854 3468 1926 συμπεσόντων,
3498 1853 3641 1907 πάν-

2053 1968 2121 2004 τα
2162 1949 2253 2002 τὸν
2283 1948 2469 2002 στόλον
2501 1948 2976 2021 συναρασσόμενον
2999 1988 3013 2009 ,
3043 1949 3138 2002 καὶ
3186 1946 3296 2001 τῶν
3340 1946 3435 1999 ἐπὶ
3463 1963 3643 2017 παρα-

2050 2041 2259 2107 τάξεως
2295 2043 2422 2106 τοὺς
2454 2041 2552 2112 μὲν
2603 2040 3127 2111 καταπροδιδόντας,
3175 2040 3268 2093 καὶ
3309 2040 3438 2109 παρ’
3467 2038 3638 2107 αὐτὴν

2050 2133 2149 2205 τὴν
2187 2132 2426 2201 ἀγωνίαν
2462 2131 2927 2203 αὐτομολοῦνταςσ
2965 2132 3093 2195 τοὺς
3129 2131 3185 2184 δὲ
3212 2130 3461 2201 ἀνάγκην
3488 2129 3636 2200 ἔχειν

2032 2224 2183 2295 νὁμοῦ
2212 2242 2272 2278 τε
2297 2224 2605 2279 διωθεῖσθαι
2631 2224 2700 2277 τὰ
2728 2224 2911 2293 σκάφη
2944 2224 3008 2277 ἐκ
3046 2222 3155 2277 τῶν
3197 2223 3413 2294 ἀνέμων
3441 2224 3636 2298 ἐπιφε-

2055 2314 2294 2387 ρόμενα,
2336 2315 2431 2368 καὶ
2484 2315 2799 2369 ἀντεπιέναι
2851 2318 2962 2379 τοῖς
3012 2314 3297 2387 ὲφορμῶσι
3336 2313 3446 2385 (25)
3473 2354 3488 2379 ,
3537 2314 3636 2368 καὶ

2049 2406 2316 2477 ἀλλήλους
2349 2404 2743 2475 καταφονεύειν
2772 2406 2879 2459 ὑπὸ
2899 2406 2999 2476 τῆς
3027 2405 3267 2470 στάσεως
3290 2445 3306 2471 ,
3340 2407 3406 2476 ἣν
3434 2407 3463 2460 ό
3495 2405 3635 2477 πρὸς

2047 2498 2109 2550 τὸ
2134 2497 2403 2569 ὑπερέχον
2433 2498 2655 2567 φθόνος,
2688 2497 2782 2551 καὶ
2821 2499 2854 2569 ή
2890 2495 3155 2568 ἐπιθυμία
3187 2497 3279 2550 τοῦ
3313 2496 3473 2551 αὐτὸν
3501 2497 3635 2549 ἐκα-

2050 2606 2175 2643 στον
2238 2592 2461 2661 κρατεῖν
2522 2589 2841 2660 ἐνεποίησεν
2898 2588 3033 2658 (2-4).
3105 2587 3469 2660 Ἐνθυμήθητι
3536 2586 3634 2641 ἐπὶ

2044 2680 2256 2744 τούτοις
2313 2681 2564 2751 συμμιγῆ
2593 2698 2715 2733 τινα
2754 2681 2849 2733 καὶ
2880 2680 3092 2750 ἄσημον
3131 2674 3263 2749 ἦχον
3308 2679 3488 2732 πᾶσαν
3531 2679 3633 2731 ὲπ-

2047 2772 2239 2843 έχοντα
2266 2772 2378 2838 (25)
2409 2772 2505 2844 τὴν
2529 2775 2644 2825 ἐκεῖ
2667 2771 2964 2837 θάλασσαν,
3004 2771 3069 2823 ὲκ
3091 2769 3197 2824 τῶν
3222 2769 3630 2842 περιηχούντων

2046 2865 2264 2937 ἀνέμων
2283 2905 2297 2927 ,
2335 2866 2431 2919 καὶ
2458 2864 2551 2920 τοῦ
2592 2866 2840 2935 πατάγου
2865 2865 2975 2918 τῶν
3016 2864 3216 2917 πλοίων
3238 2904 3254 2928 ,
3294 2864 3388 2917 καὶ
3415 2861 3506 2915 τοῦ
3541 2862 3631 2932 po-

2047 2957 2163 3010 θίου
2213 2955 2460 3021 ζέοντος,
2511 2958 2606 3011 καὶ
2642 2958 2707 3010 ὲκ
2758 2958 2855 3027 τῆς
2909 2955 3038 3026 βοῆς
3068 2954 3178 3008 τῶν
3225 2952 3627 3024 πολεμούντων,

2047 3046 2395 3111 παντοδαπὰς
2427 3046 2610 3117 φωνὰς
2647 3049 2740 3101 ἐπὶ
2789 3049 2902 3110 τοῖς
2947 3045 3174 3099 πάθεσιν
3216 3043 3515 3112 ἀφιέντων·
3554 3042 3633 3104 ὡς

2050 3141 2188 3212 μήτε
2231 3141 2503 3213 ναυάρχου
2527 3181 2542 3205 ,
2578 3141 2716 3213 μήτε
2774 3139 3111 3213 κυϐερνήτου
3152 3136 3337 3207 φωνὴν
3376 3135 3631 3190 εἰσακού-

2044 3233 2221 3297 εσθαι,
2257 3232 2393 3287 ἀλλά
2428 3233 2608 3304 δεινήν
2639 3250 2761 3287 τινα
2786 3228 2921 3286 εἶναι
2949 3230 3059 3302 (26)
3098 3230 3325 3295 ἀταξίαν
3364 3229 3459 3283 καὶ
3500 3227 3633 3297 σύγ-

2045 3342 2202 3396 χυσιν
2225 3366 2240 3389 ,
2272 3325 2372 3395 τῆς
2404 3324 2514 3378 τῶν
2544 3324 2731 3378 κακῶν
2770 3323 3079 3393 ὑπερϐολῆς
3099 3365 3115 3389 ,
3154 3321 3243 3376 διὰ
3265 3322 3363 3392 τὴν
3393 3319 3529 3392 πρὸς
3564 3317 3631 3372 τδ

2045 3410 2145 3481 ζῇν
2203 3412 2513 3481 ἀπόγνωσιν
2543 3452 2558 3475 ,
2620 3412 2838 3466 ἃπασαν
2901 3413 3083 3475 αὐτοῖς
3139 3410 3233 3464 τοῦ
3292 3409 3629 3482 ἁμαρτάνειν

2043 3504 2228 3558 ἄδειαν
2276 3504 2632 3576 ἐμποιούσης.
2674 3504 2920 3576 Πρόσθες
2970 3505 3152 3567 αὐτοῖς
3203 3503 3298 3557 καὶ
3346 3502 3631 3575 ἀμήχανόν

2042 3614 2165 3650 τινα
2194 3598 2349 3668 νόσον
2372 3596 2697 3668 δοξομανίας
2721 3596 2864 3668 (27)·
2900 3596 3062 3661 ὥστε,
3099 3597 3197 3667 τῆς
3224 3595 3359 3659 νεὼς
3382 3595 3493 3665 (28)
3524 3595 3629 3667 ἤδη

2043 3692 2124 3753 εἰς
2164 3689 2324 3760 βυθὸν
2362 3690 2673 3761 φερομένης
2697 3730 2712 3755 ,
2756 3691 2883 3753 τοὺς
2925 3690 3192 3754 ἐπιϐάτας
3231 3687 3479 3761 ἀλλήλοις
3510 3687 3627 3759 (29)

2042 3782 2141 3853 τῆς
2166 3781 2274 3835 τῶν
2302 3782 2586 3854 πρωτείων
2624 3781 2798 3852 ἔριδος
2829 3782 2904 3853 μὴ
2929 3780 3199 3851 ὑφίεσθαι.

2056 3996 2061 4001 -
2116 3962 2202 4015 77.
2232 3960 2461 4015 Μετάϐα
2496 3959 2559 4030 δή
2597 3976 2687 4030 μοι
2714 3959 2822 4014 ἀπὸ
2856 3960 2957 4031 τῆς
2991 3960 3199 4025 εἰκόνος
3234 3963 3320 4015 ἐπ’
3362 3961 3492 4016 αὐτὸ
3528 3961 3625 4017 τοῦ

2043 4050 2214 4103 κακοῦ
2270 4051 2331 4103 τὸ
2370 4052 2699 4123 ἀρχέτυπον.
2750 4052 2885 4123 Οὐχὶ
2932 4052 3097 4105 πάλαι
3139 4053 3238 4124 μέν
3282 4070 3401 4115 πως
3451 4054 3633 4109 ἐδόκει

352 4143 487 4183 num
516 4129 782 4195 schisma,
815 4133 872 4185 in
913 4132 1285 4189 adversariam
1310 4133 1572 4192 Ecclesiae
1603 4136 1697 4193 Dei
1731 4138 1938 4210 partem

2054 4144 2103 4195 τὸ
2160 4144 2440 4215 Ἀρειανὸν
2472 4146 2675 4216 σχίσμα
2699 4186 2714 4209 ,
2747 4147 2824 4208 εἰς
2856 4145 3148 4199 ἀντίπαλον
3181 4149 3374 4217 μοῖραν
3400 4147 3634 4219 ἀποκρι-

353 4229 668 4290 separatum
697 4262 713 4285 ,
772 4223 827 4277 in
873 4224 1118 4280 hostium
1163 4225 1285 4281 acie
1330 4227 1508 4298 ipsum
1545 4246 1641 4298 per
1670 4247 1731 4286 se
1760 4233 1937 4288 solum

2054 4232 2133 4287 Βὲν
2165 4238 2230 4306 τῇ
2280 4234 2577 4308 Ἐκκλησία
2607 4235 2702 4289 τοῦ
2738 4235 2907 4300 Θεοῦ,
2942 4238 2999 4290 ἐν
3040 4236 3315 4309 πολεμίων
3346 4237 3495 4304 τάξει
3526 4239 3631 4292 αὐ-

353 4312 663 4368 obsistere?
723 4311 927 4368 Verum
962 4325 1323 4387 posteaquam
1372 4334 1403 4374 e
1447 4319 1610 4391 longa
1658 4324 1940 4394 atrocique

2054 4327 2103 4380 τὸ
2132 4328 2253 4381 καθ’
2279 4328 2441 4382 ἑαυτὸ
2474 4329 2634 4399 μόνον
2674 4329 3157 4396 ἀντικαθέζεσθαι;
3192 4333 3319 4385 Ὅτε
3357 4331 3413 4384 δὲ
3438 4333 3502 4385 ὲκ
3526 4332 3633 4402 τῆς

353 4405 709 4460 contentione
741 4422 917 4477 usque
948 4408 1019 4461 ad
1052 4409 1409 4464 manifestum
1440 4419 1718 4468 certamen
1750 4414 1803 4468 in
1838 4432 1939 4471 nos

2054 4423 2267 4492 μακρᾶς
2297 4422 2391 4475 καὶ
2415 4421 2661 4492 χαλεπῆς
2699 4421 2875 4494 ἔριδος
2907 4424 2987 4486 εἰς
3027 4422 3281 4494 προφανῆ
3325 4424 3453 4494 ἡμῖν
3480 4423 3632 4492 ἀγῶ-

352 4500 616 4555 instructi
669 4507 839 4562 sunt,
897 4507 1014 4555 tum
1075 4501 1314 4572 denique
1368 4503 1573 4558 bellum
1632 4505 1686 4558 in
1744 4509 1942 4564 multas

2054 4528 2110 4563 να
2144 4511 2648 4582 ἀντικατέστησαν,
2692 4511 2814 4564 τότε
2863 4511 2926 4582 δὴ
2966 4513 3042 4573 εἰς
3083 4511 3252 4565 πολλά
3298 4512 3442 4584 μέρη
3487 4513 3631 4568 κατὰ

354 4602 540 4664 partes
577 4594 737 4662 juxta
784 4593 977 4650 modos
1014 4595 1445 4651 innumerabiles
1486 4595 1786 4652 dissectum
1821 4608 1940 4662 est,

2054 4603 2277 4673 μυρίους
2299 4603 2534 4673 τρόπους
2561 4605 2590 4656 ὁ
2621 4603 2857 4673 πόλεμος
2895 4603 3172 4674 διεσχίσθη
3195 4621 3207 4633 ·
3249 4602 3392 4657 ὥστε
3421 4604 3512 4658 καὶ
3538 4605 3631 4659 διὰ

354 4688 437 4741 sic
475 4692 536 4739 ut
580 4686 780 4756 partim
824 4687 896 4740 ob
939 4701 1289 4742 communem
1337 4688 1697 4752 simultatem,
1745 4692 1942 4760 partim

2054 4693 2106 4747 τὸ
2158 4693 2335 4746 κοινὸν
2391 4692 2578 4764 ἔχθος,
2616 4695 2712 4747 καὶ
2740 4694 2828 4747 διὰ
2868 4695 2930 4747 τὸ
2963 4694 3105 4758 ἰδίως
3141 4693 3383 4750 ὕποπτον
3406 4736 3420 4759 ,
3450 4695 3635 4750 ἀδιάλ-

353 4779 425 4833 ob
454 4778 722 4850 privatam
757 4780 1132 4851 suspicionem
1166 4780 1428 4836 omnibus
1462 4780 1649 4835 odium
1679 4783 1930 4853 implaca-

2054 4786 2242 4838 λακτον
2271 4787 2437 4839 πᾶσιν
2474 4786 2741 4857 ὑπάρχειν
2772 4786 2833 4838 τὸ
2867 4788 3040 4856 μῖσος.
3099 4786 3156 4838 '0
3188 4785 3246 4839 δὲ
3289 4785 3450 4850 σάλος
3475 4778 3635 4852 οὗτος

352 4872 465 4928 bile
506 4880 673 4929 esset.
727 4873 854 4930 iltec
899 4891 1033 4931 vero
1077 4882 1377 4946 tempestas
1423 4872 1794 4931 Ecclesiarum
1835 4895 1943 4950 qua

427 5005 539 5075 (21)
582 5006 851 5075 Ἄνδρες.
900 5007 1056 5062 Hanc
1088 5022 1278 5061 vocem
1337 5006 1649 5063 addidimus
1692 5023 1765 5063 ex
1805 5024 1943 5066 mss.

356 5078 661 5149 codicibus.
722 5079 845 5131 Mox
907 5088 1146 5149 quatuor
1200 5077 1422 5149 codices
1477 5077 1942 5149 ἀντεφορμοῦντα.

330 5147 526 5216 ,Ριιιιίο
561 5155 681 5220 post
710 5149 843 5203 editi
872 5148 1168 5204 ἐπελθόντα
1205 5148 1479 5219 μελαίνειν
1520 5166 1656 5213 πως.
1685 5147 1946 5220 Quinque

353 5233 490 5272 mss.
529 5231 589 5272 ut
624 5219 678 5272 in
709 5227 883 5273 textu.

429 5288 540 5354 (22)
565 5288 1082 5359 Προσθήσωμεν...
1106 5289 1417 5344 οιυοῦσαν.
1439 5287 1517 5341 Ila
1543 5290 1787 5358 quinque
1807 5307 1940 5347 mss.

352 5355 497 5412 Editi
552 5355 991 5431 προσθέσομεν...
1040 5361 1397 5415 οἰδαίνουσαν.
1448 5355 1576 5414 Mox"
1636 5355 1766 5415 8(Ιῖιί
1814 5363 1945 5416 ἀνα-

359 5430 756 5506 στρεφομένην.
812 5430 937 5506 δραιΔ
964 5434 1160 5486 melior
1205 5434 1321 5488 Visa
1354 5439 1439 5489 est
1466 5432 1738 5502 st‘"iptura
1792 5431 1946 5506 Regii

353 5500 534 5571 quarti
569 5515 729 5568 quem
766 5501 939 5571 secuti
972 5517 1165 5557 sumus

427 5568 538 5644 (ᾧ)
591 5569 938 5644 ἶίξφρρμῶσι.
971 5571 1203 5644 quitzes
1237 5572 1485 5628 nonnulli
1517 5572 1838 5644 ὲφορμοῦσι.

428 5639 541 5710 (24)
595 5641 1003 5710 ’Emzcinasr.
1037 5642 1114 5700 ita
1170 5645 1301 5700 inss.
1368 5639 1800 5703 codices'E‘diti
1853 5647 1947 5701 ἀν-

358 5708 514 5784 αποίη
522 5727 611 5766 σεν

2045 4874 2154 4929 τῶν
2198 4875 2536 4946 Ἐκκλησιῶν
2568 4876 2711 4940 τίνος
2746 4876 2846 4930 οὐκ
2883 4875 2999 4930 ἔστι
3040 4876 3333 4931 θαλασσίου
3363 4877 3633 4944 κλύδωνος

2119 5012 2229 5082 (25)
2280 5010 2631 5082 Ἐπέχοντα.
2688 5011 2769 5066 Ita
2818 5026 2954 5068 mss.
3011 5011 3274 5083 quinque.
3325 5008 3470 5065 Editi
3526 5013 3638 5066 ἀπ-

2046 5084 2351 5162 ηχρὲῖέταλ,
2498 5150 2541 5162 ,,
3140 5153 3173 5162 ,.

2117 5153 2230 5225 (26)
2270 5150 2462 5225 Εἶναι.
2498 5150 2652 5208 Hanc
2680 5167 2867 5225 vocem
2891 5169 2959 5207 ex
2985 5153 3262 5208 veteribus
3293 5150 3455 5225 libris
3474 5150 3633 5205 addi-

2046 5221 2452 5303 dimus..Paulo
2494 5232 2616 5293 post
2652 5224 2783 5279 editi
2817 5225 2996 5278 πᾶσαν
3042 5225 3246 5288 αὐτοῖς.
3297 5221 3448 5278 Libri
3481 5230 3630 5278 vete-

2048 5309 2139 5350 I‘ES
2169 5303 2230 5347 ut
2259 5302 2311 5348 ill
2341 5302 2515 5348 textu.
3045 5328 3061 5345 ο

2120 5364 2233 5429 (27)
2274 5364 2663 5435 Δοξομανίας.
2694 5362 2829 5434 Reg.
2861 5372 3092 5434 quartus
3115 5361 3458 5435 δοξομανίαν.

2119 5435 2232 5507 (28)
2277 5434 2392 5503 Τῆς
2412 5434 2579 5507 νεώς.
2618 5434 2755 5507 T_r_es
2788 5450 2922 5491 mss.
2958 5436 3057 5507 τῆς
3090 5435 3240 5507 νηός.

2121 5505 2233 5576 (9.9)
2256 5575 2259 5576 ν
2283 5505 2621 5571 Ἀλλήλοις.
2664 5504 2816 5558 lianc
2843 5504 3029 5576 vocem
3047 5504 3357 5576 addidimus
3379 5517 3446 5560 ex
3476 5511 3632 5576 veteg

2049 5570 2409 5656 ribuns'libris,
2454 5577 2509 5630 in
2539 5570 2741 5656 quibus
2768 5576 2933 5656 etiam
2972 5575 3169 5656 legitur
3195 5575 3358 5656 paulo
3390 5570 3631 5656 postnht’

2051 5647 2203 5705 αὑτό.
2243 5661 2343 5716 pro
2389 5663 2456 5701 eo
2495 5641 2642 5715 quod
2677 5654 2797 5716 erat
2849 5647 2902 5700 in
2948 5641 3109 5716 editis
3150 5641 3237 5701 ἐπ’
3270 5641 3456 5700 αὑτοῦ.
3503 5641 3631 5700 Dio:

2052 5715 2256 5790 Regius
2285 5718 2479 5775 tertius
2500 5717 2596 5789 τῆς
2640 5715 2961 5787 Ἐκκλησίας
2989 5715 3081 5771 τοῦ
3112 5716 3247 5771 Θεοῦ
