3912 6214
373 262 482 319 215

1599 262 1659 319 S.
1698 263 1944 322 BASlLll
1983 265 2200 324 MAGNI

3521 272 3625 327 216

374 380 549 437 multa
582 380 741 451 copia
770 378 936 437 simul
969 378 1330 436 excitantium
1378 380 1725 438 seditionem.
1768 380 1939 454 Itaqut

2046 402 2140 439 οτοι
2170 385 2267 440 καὶ
2306 383 2691 458 σπουδαρχίδαι
2730 384 2839 439 τῶν
2893 383 3227 457 Ἑκκλησιῶν
3256 384 3354 449 τὰς
3384 404 3625 458 προστα-

372 471 471 543 qui
502 473 715 543 seipsos
746 471 864 528 suis
887 472 1101 543 elegere
1128 471 1429 541 suﬂ‘ragiis,
1465 476 1671 545 quique
1693 474 1953 532 aﬂectant

373 564 767 635 principatum,
794 563 830 618 ii
856 562 1222 619 Ecclesiarum
1243 563 1601 634 praefecturas
1620 566 1949 634 sortiuntur,

375 656 595 727 repulsa
646 654 823 711 sancti
876 655 1117 725 Spiritus
1169 653 1668 711 administratione.
1722 654 1951 727 Jamque

370 758 602 815 prorsus
640 745 969 817 evangelicis
1007 746 1206 802 ritibus
1232 748 1303 802 ob
1334 747 1612 803 sublatum
1644 765 1827 805 rerum
1860 766 1952 806 or-

370 838 556 893 dinem
596 836 846 894 confusis
873 878 887 902 ,
922 837 1216 895 ineﬂ‘abilis
1258 847 1343 895 est
1386 840 1455 895 ad
1492 841 1848 914 prmlecturas
1876 841 1950 895 ir-

370 928 577 1000 ruptio,
617 943 949 1000 unoquoque
982 944 1173 984 eorum
1212 930 1307 1000 qui
1341 932 1642 990 ambitione
1673 933 1946 999 laborant,

370 1033 493 1077 sese
517 1018 574 1074 in
598 1018 895 1090 dignitates
920 1036 1018 1092 per
1039 1020 1146 1076 vim
1169 1020 1500 1081 intrudente.
1530 1023 1651 1080 Jam
1674 1039 1805 1081 vero
1822 1042 1946 1097 gra-

368 1110 457 1165 vis
512 1107 766 1190 quadam
814 1109 1080 1166 anarcbia
1125 1110 1197 1165 ab
1237 1110 1341 1167 hoc
1388 1114 1731 1185 principatus
1762 1129 1947 1170 amore

367 1201 598 1277 populos
628 1201 859 1259 invasit:
894 1204 1037 1261 unde
1058 1205 1228 1260 irritae
1249 1212 1378 1261 sunt
1406 1222 1637 1277 prorsus
1661 1221 1725 1263 ac
1755 1206 1946 1265 inanes

367 1294 749 1367 praefectorum
790 1296 1202 1353 exhortationes
1227 1339 1242 1364 ,
1288 1297 1419 1352 dum
1457 1313 1621 1355 nemo
1657 1313 1717 1354 sc
1772 1300 1945 1370 magis

366 1389 524 1445 alteri
555 1389 871 1445 auscultare
890 1428 907 1454 ,
939 1404 1105 1460 quam
1141 1390 1266 1446 aliis
1305 1390 1579 1460 imperare
1606 1391 1807 1448 debere
1831 1434 1846 1458 ,
1874 1392 1945 1447 ob

365 1479 570 1537 fastum
602 1497 670 1537 ex
701 1480 928 1537 inscitia
956 1488 1284 1551 conceptum
1308 1482 1605 1538 existimat.

436 1592 522 1647 78.
558 1591 669 1648 Has
689 1594 759 1649 ob
780 1608 869 1649 res
891 1592 1056 1651 silere
1079 1593 1271 1651 utilius
1289 1593 1555 1664 judicavi,
1581 1609 1745 1666 quam
1771 1594 1940 1665 loqui,

2057 475 2180 540 σίας
2210 475 2663 545 διαλαγχάνουσι,
2695 475 2794 547 τὴν
2826 475 3135 547 οἰκονομίαν
3157 475 3250 529 τοῦ
3280 476 3434 547 ἁγίου
3464 478 3625 532 Πνεύ-

2056 583 2227 638 ματος
2306 565 2714 638 παρωσάμενοι.
2789 567 2901 620 Καὶ
2979 566 3258 644 παντελῶς
3336 570 3437 641 ἤδη
3513 571 3623 628 τῶν

2052 658 2424 728 εύαγγελικῶν
2479 657 2695 729 θεσμῶν
2739 657 2798 725 ἐξ
2852 658 3118 728 ἀκοσμίας
3172 661 3621 732 συγκεχυμένων,

2050 751 2332 823 ἀμύθητος
2381 749 2624 822 ὠθισμὸς
2672 752 2765 804 ἐπὶ
2812 750 2910 815 τάς
2965 752 3252 824 προεδρίας
3306 754 3421 808 ἐστὶ
3451 795 3468 819 ,
3511 756 3621 807 τῶν

2050 841 2437 913 φανητιώντων
2488 842 2718 897 ἑκάστου
2769 844 2960 897 ἑαυτὸν
3004 846 3262 898 εἰσποιεῖν
3288 849 3354 917 τῇ
3388 864 3621 917 προστα-

2051 932 2143 1004 σία
2197 931 2541 1004 βιαζομένου.
2614 934 2873 1006 Ἀναρχία
2919 933 2976 987 δέ
3032 952 3116 999 τις
3167 935 3315 1007 δεινὴ
3366 937 3473 991 ἀπὸ
3521 939 3624 1008 τῆς

2049 1023 2340 1096 φιλαρχίας
2398 1022 2603 1094 ταύτης
2650 1025 2762 1087 τοῖς
2815 1024 2963 1089 λαοῖς
3025 1025 3384 1097 ἐπεκώμασεν
3422 1047 3438 1062 ·
3500 1030 3620 1084 ὅθεν

2047 1116 2318 1187 ἄπρακτοι
2368 1116 2648 1181 παντελῶς
2696 1117 2792 1170 καὶ
2842 1118 3009 1189 ὁιργαλ⁵
3038 1118 3147 1171 τῶν
3191 1121 3620 1176 ἐπιστατούντων

2047 1206 2105 1259 αἱ
2152 1206 2558 1279 παρακλήσεις,
2616 1208 2678 1261 οὐ
2716 1208 2916 1278 μᾶλλον
2956 1209 3175 1263 ἀκούειν
3217 1212 3397 1278 τινὸς,
3439 1213 3472 1286 ἢ
3519 1214 3619 1267 αύ-

2044 1296 2124 1368 τῷ
2158 1298 2268 1369 (56)
2296 1298 2484 1371 ἄρχειν
2510 1297 2711 1370 ἐτέρων
2741 1300 3085 1372 ὀφειλόμενον
3113 1297 3252 1356 εἶναι
3277 1305 3505 1359 ἑκάστου
3531 1305 3621 1359 διὰ

2045 1390 2137 1445 τὸν
2168 1391 2228 1456 ἐξ
2260 1390 2499 1462 ἀμαθίας
2528 1390 2696 1461 τῦφον
2729 1390 3100 1464 λογιζομένου.

2117 1589 2204 1644 78.
2233 1588 2334 1642 Διά
2360 1586 2538 1643 ταῦτα
2563 1588 3011 1663 λυσιτελεστέραν
3040 1592 3135 1647 τοῦ
3170 1592 3329 1663 λόγου
3357 1595 3455 1668 τὴν
3488 1615 3616 1653 σιω-

365 1695 627 1756 tanquam
661 1683 900 1741 hominis
928 1700 1033 1741 vox
1057 1701 1155 1756 per
1181 1693 1364 1741 tantos
1397 1686 1668 1741 tumultus
1690 1686 1939 1742 exaudiri

2044 1680 2151 1752 πὴν
2195 1679 2497 1750 ἐτιθέμην,
2535 1680 2611 1744 ὡς
2660 1681 2723 1733 ού
2764 1681 3066 1753 δυναμένης
3110 1684 3294 1754 φωνῆς
3328 1686 3617 1759 ἀνθρώπου

362 1792 472 1831 non
508 1778 705 1847 possit.
748 1775 884 1830 Nam
919 1779 962 1832 si
1004 1792 1135 1834 vera
1175 1790 1305 1832 sunt
1351 1793 1472 1849 qua:
1501 1777 1639 1832 dixit
1668 1777 1944 1833 Ecclesia-

361 1878 475 1923 stes
493 1868 562 1932 ³⁸,
590 1868 757 1923 verba
781 1869 1090 1939 sapientum
1115 1868 1170 1923 in
1193 1869 1374 1939 quiete
1401 1869 1582 1923 audiri
1602 1908 1617 1932 ,
1647 1868 1943 1939 plurimum

361 1960 543 2027 abest,
578 1969 638 2013 ιιι
686 1960 739 2013 in
782 1959 887 2015 hoc
924 1968 1069 2017 statu
1106 1976 1288 2017 rerum
1320 1961 1390 2018 de
1424 1961 1512 2016 bis
1551 1961 1700 2031 loqui
1741 1975 1945 2017 conve-

364 2051 497 2105 niat.
541 2049 626 2105 Me
656 2065 787 2105 vero
824 2052 990 2107 etiam
1020 2050 1154 2105 illud
1184 2051 1564 2122 propheticum
1604 2051 1815 2106 dictum
1857 2067 1944 2107 re-

361 2140 586 2210 primit:
630 2139 935 2206 Inlelliqens
967 2141 1024 2196 in
1051 2151 1280 2212 tempore
1319 2142 1414 2197 illo
1443 2141 1666 2199 tacebit:
1704 2161 1766 2199 eo
1803 2142 1942 2215 quod

362 2240 563 2298 tempus
601 2229 804 2283 malum
836 2230 1000 2297 est”,
1040 2232 1098 2288 in
1132 2249 1243 2303 quo
1286 2234 1378 2288 alii
1423 2235 1643 2305 quidem
1683 2236 1943 2306 supplan-

360 2320 500 2387 tant,
528 2321 622 2378 alii
651 2339 781 2379 vero
805 2325 1075 2380 insultant
1098 2325 1273 2395 lapso,
1299 2325 1391 2379 alii
1415 2340 1545 2380 vero
1568 2326 1939 2397 applaudunt;

359 2416 456 2471 scd
512 2418 605 2486 qui
649 2416 759 2489 67
808 2417 1108 2473 labascenti
1162 2433 1386 2472 manum
1438 2433 1501 2472 ex
1560 2418 1939 2474 misericordia

358 2506 627 2578 porrigat,
665 2506 854 2562 nullus
894 2515 1021 2574 est;
1051 2522 1364 2578 quanquam
1392 2507 1550 2579 juxta
1585 2509 1759 2579 legem
1790 2519 1937 2567 vete-

359 2614 474 2653 rem
502 2599 570 2665 ²⁷,
602 2614 670 2653 ne
700 2597 748 2653 is
774 2597 993 2668 quidem
1022 2598 1116 2668 qui
1146 2598 1233 2653 vel
1256 2599 1566 2669 jumentum
1594 2600 1800 2655 inimici
1832 2600 1936 2657 sub

357 2705 527 2746 onere
561 2689 862 2759 collapsum
908 2690 1270 2760 praeterierit,
1306 2698 1457 2746 caret
1488 2692 1933 2761 reprehensione.

359 2781 470 2837 Sed
496 2797 609 2836 non
636 2780 823 2835 itidem
852 2777 911 2834 ﬁt
932 2779 1084 2836 hisce
1105 2782 1467 2852 temporibus.
1491 2781 1728 2848 Quinam
1753 2784 1939 2839 ﬂeret?

356 2871 578 2940 quando
607 2867 935 2941 refrigerata
973 2870 1218 2925 omnium
1254 2871 1525 2928 citaritate
1549 2913 1564 2938 ,
1596 2873 1812 2929 sublata
1852 2882 1936 2930 est

360 2965 594 3018 fratrum
621 2961 963 3032 conspiratio
982 3000 998 3027 ,
1030 2963 1338 3019 concordiae
1364 2980 1496 3020 vero
1527 2964 1694 3021 etiam
1732 2979 1934 3021 nomen

2043 1772 2132 1826 διὰ
2167 1771 2440 1826 τοσούτων
2474 1771 2720 1843 θορύϐων
2753 1776 3191 1845 είσακουσθῆναι.
3224 1780 3285 1832 El
3310 1778 3418 1851 γὰρ
3440 1781 3614 1852 ἀληθῆ

2042 1863 2112 1918 τὰ
2160 1863 2253 1917 τοῦ
2317 1863 2741 1934 Ἐκκλησιαστοῦ
2793 1867 3013 1937 ῥήματα
3034 1907 3048 1930 ,
3096 1869 3177 1921 ὅτι
3219 1869 3381 1938 Λόγοι
3438 1872 3617 1940 σοφῶν

2041 1955 2101 2009 ἐν
2135 1952 2439 2008 ἀναπαύσει
2472 1955 2791 2021 ἀκούονται,
2828 1957 3025 2011 πολλοῦ
3054 1959 3118 2013 ἂν
3160 1960 3269 2015 δέοι
3291 1961 3517 2034 πρέπειν
3546 1966 3611 2035 τῇ

2041 2046 2137 2101 νῦν
2164 2048 2497 2101 καταστάσει
2524 2047 2591 2112 τὸ
2625 2048 2755 2119 περὶ
2795 2049 2998 2103 τούτων
3035 2050 3233 2120 λέγειν.
3281 2054 3410 2122 Ἐμὲ
3438 2056 3495 2109 δὲ
3524 2058 3615 2110 καὶ

2039 2140 2103 2194 τὸ
2127 2139 2462 2212 προφητικὸν
2498 2141 2677 2193 ἐκεῖνο
2705 2139 2925 2210 κατέχει
2959 2140 3157 2210 λόγιον,
3183 2143 3265 2196 ὅτι
3306 2143 3361 2197 Ὁ
3388 2144 3616 2198 συνιὼν

2039 2232 2110 2287 ἐν
2139 2232 2217 2298 τῷ
2240 2230 2422 2301 καιρῷ
2445 2232 2654 2298 ἐκείνῳ
2677 2233 2787 2303 (57)
2816 2234 3187 2300 σιωπήσεται
3208 2251 3221 2266 ·
3252 2235 3401 2289 διότι
3429 2239 3462 2289 ό
3487 2253 3615 2294 και-

2030 2324 2145 2394 ρὸς
2177 2324 2440 2391 πονηρός
2469 2324 2670 2377 ἐστιν’
2706 2324 2766 2377 ἐν
2867 2326 2915 2378 οί
2941 2326 3037 2394 μὲν
3060 2325 3471 2389 ύποσκελίζουσι
3495 2326 3613 2390 νῦν,

2037 2416 2089 2468 oi.
2118 2413 2175 2467 δέ
2203 2413 2512 2468 ἐνάλλονται
2538 2413 2617 2484 τῷ
2646 2413 2897 2476 πεσόντι,
2927 2414 3076 2469 ἄλλοι
3099 2415 3156 2468 δὲ
3194 2416 3570 2486 ἐπικροτοῦσιν

2037 2508 2067 2560 ὁ
2098 2505 2156 2557 δὲ
2182 2504 2261 2575 τῷ
2288 2503 2581 2557 ὁκλάσαντι
2619 2505 2778 2573 χεῖρα
2802 2504 3011 2576 ὀρέγων
3043 2506 3106 2557 ἐκ
3137 2504 3477 2576 συμπαθείας
3513 2506 3614 2560 οὐκ

2036 2593 2152 2646 ἐστι
2175 2609 2189 2623 ·
2220 2593 2464 2661 καίτοιγε
2484 2632 2499 2656 ,
2532 2591 2672 2645 κατά
2703 2592 2794 2645 τὸν
2836 2593 3064 2647 παλαιὸν
3102 2595 3262 2664 νόμον
3287 2635 3302 2661 ,
3333 2596 3443 2649 οὐδ’
3486 2598 3515 2649 ὁ
3552 2596 3614 2649 τὸ

2037 2683 2330 2753 ὑποζύγιον
2370 2684 2464 2737 τοῦ
2489 2683 2685 2754 ἐχθροῦ
2711 2685 3000 2750 πεπτωκὸς
3043 2686 3149 2739 ὑπὸ
3173 2686 3263 2741 τὸν
3294 2688 3460 2759 γόμον
3500 2688 3611 2758 (58)

2039 2777 2414 2851 παραδραμὼν
2444 2776 2885 2846 ἀκατάγνωστος.
2930 2776 3070 2831 Ἀλλ’
3097 2779 3218 2849 οὐχὶ
3245 2779 3410 2832 τανῦν
3437 2780 3617 2834 τοιαῦ-

2035 2888 2124 2925 τα.
2163 2870 2368 2934 Πὸθεν;
2400 2870 2534 2923 ὅπου
2569 2887 2669 2939 γε,
2713 2869 2803 2923 διά
2845 2871 3063 2924 πάντων
3108 2871 3208 2941 τῆς
3254 2871 3475 2942 ἀγάπης
3512 2873 3615 2942 ψυ-

2036 2959 2262 3032 γείσης,
2293 2957 2563 3031 ἀνῄρηται
2611 2959 2708 3030 μὲν
2746 2958 2990 3029 ἀδελφῶν
3030 2960 3334 3031 σύμπνοια,
3363 2964 3615 3033 ὁμονοίας

356 3059 684 3127 ignoratur;
714 3056 945 3113 sublata:
967 3064 1098 3111 sunt
1126 3065 1309 3114 autem
1337 3060 1503 3114 etiam
1535 3061 1725 3116 amicae
1748 3062 1939 3117 admo-

2040 3050 2098 3103 δὲ
2124 3051 2398 3119 ἀγνοεῖται
2430 3051 2525 3104 καὶ¹
2557 3049 2796 3121 τοῦνομα
2819 3068 2834 3083 ο
2864 3051 3162 3123 ἀνῄρηνται
3189 3054 3246 3107 δὲ
3274 3055 3614 3125 ἀγαπητικαὶ

356 3148 620 3213 nitiones,
646 3163 919 3218 nusquam
944 3150 1158 3206 viscera
1186 3148 1523 3213 Christiana,
1554 3166 1827 3222 nusquam
1854 3151 1936 3206 la-

357 3254 545 3311 cryma
573 3254 642 3295 ex
672 3241 1173 3298 commiseratione.
1197 3240 1318 3296 Non
1348 3249 1431 3297 est
1453 3242 1545 3312 qui
1576 3244 1853 3298 inlirmum
1876 3243 1933 3299 in

356 3330 466 3386 ﬁde
504 3331 805 3402 suscipiat,
865 3332 962 3388 sed
1010 3341 1222 3387 tantum
1268 3332 1457 3389 odium
1503 3335 1650 3390 inter
1702 3335 1934 3391 tribules

355 3422 595 3488 exarsit,
644 3431 705 3477 ut
752 3423 989 3495 quisque
1032 3424 1208 3495 magis
1257 3424 1324 3479 de
1369 3425 1601 3495 proximi
1655 3426 1932 3497 lapsibus,

356 3526 522 3581 quam
550 3510 617 3566 de
643 3512 882 3582 propriis
910 3520 1061 3568 recte
1096 3512 1257 3570 factis
1283 3516 1537 3570 exsultet.
1567 3514 1935 3582 Quemadmo-

356 3604 489 3659 dum
519 3610 702 3676 autem
734 3605 788 3660 in
815 3607 1083 3677 contagiis
1116 3607 1554 3677 pestilentiarum
1585 3608 1750 3664 etiam
1777 3607 1816 3663 ii
1839 3609 1934 3679 qui

356 3709 573 3752 summa
603 3710 733 3750 cura
764 3706 987 3751 servant
1016 3698 1195 3753 victus
1218 3698 1505 3762 rationem,
1532 3708 1713 3753 tamen
1740 3698 1932 3754 iisdem

356 3786 567 3845 morbis
607 3787 810 3859 quibus
851 3788 944 3844 alii
992 3788 1274 3855 laborant,
1314 3789 1443 3844 dum
1486 3791 1557 3846 ob
1588 3790 1938 3848 consuetudi-

356 3896 484 3936 nem
513 3894 703 3936 eorum
734 3880 829 3951 qui
850 3882 1094 3952 corrupti
1119 3888 1270 3947 sunt,
1299 3882 1594 3953 opplentur
1630 3883 1733 3954 ipsi
1759 3898 1935 3954 aegroa

355 3970 595 4028 tatione:
638 3971 823 4027 itidem
855 3987 1003 4027 nunc
1031 3987 1223 4027 omnes
1252 3973 1458 4029 similes
1496 3974 1640 4029 inter
1668 3988 1771 4030 nos
1801 3973 1934 4030 facti

354 4077 573 4124 sumus,
602 4077 634 4116 a
662 4062 1030 4127 contentione,
1060 4078 1181 4133 quae
1211 4070 1432 4119 nostros
1459 4064 1674 4120 animos
1698 4079 1936 4136 occupa-

353 4155 467 4220 vit,
508 4153 576 4209 ad
617 4154 884 4210 malorum
926 4154 1328 4211 aemulationem
1362 4155 1630 4226 perducti.
1665 4154 1805 4212 Hinc
1832 4157 1937 4212 im—

256 4227 281 4251 “
354 4245 652 4318 placabiles
681 4251 736 4300 et
762 4245 935 4299 amari
960 4245 1152 4302 sedent
1175 4251 1483 4302 erratorum
1506 4246 1932 4316 examinatores,

354 4335 530 4409 iniqui
566 4351 699 4392 vero
729 4344 785 4392 et
812 4336 1063 4393 malevoli
1100 4344 1250 4393 recte
1285 4336 1555 4392 factorum
1581 4336 1831 4408 judices:
1866 4351 1932 4393 ac

2039 3138 2313 3193 νουθεσίαι
2328 3156 2342 3169 ·
2367 3139 2605 3211 οὐδαμοῦ
2628 3141 2932 3210 σπλάγχνον
2955 3143 3277 3213 Χριστιανὸν
3301 3144 3434 3215 (59),
3459 3145 3615 3199 οὐδα-

2039 3230 2142 3302 μοῦ
2167 3231 2401 3303 δάκρυον
2430 3230 2730 3302 συμπαθές.
2767 3234 2881 3285 Οὐκ
2917 3233 3063 3287 ἐστιν
3105 3237 3135 3289 ὁ
3162 3235 3254 3288 τὸν
3285 3236 3613 3290 ἀσθενοῦντα

2034 3326 2102 3394 τῇ
2140 3324 2322 3377 πίστει
2375 3324 2964 3395 προσλαμϐανόμενος,
2999 3326 3135 3380 ἀλλά
3174 3327 3426 3382 τοσοῦτον
3457 3331 3615 3398 μῖσος

2034 3418 2146 3479 τοῖς
2172 3415 2466 3487 ὁμοφύλοις
2497 3416 2633 3488 πρὸς
2655 3415 2916 3487 ἀλλήλους
2940 3418 3289 3484 ἐκκέκαυται,
3318 3418 3457 3473 ὥστε
3483 3420 3616 3490 μᾶλ-

2035 3506 2127 3560 λον
2164 3511 2276 3571 τοῖς
2305 3507 2533 3580 πλησίον
2579 3507 2867 3579 πτώμασιν
2907 3508 3079 3581 ἢτοῖς
3123 3510 3343 3574 οίκείοις
3384 3511 3616 3574 ἕκαστος

2035 3599 2457 3671 κατορθώμασιν
2494 3601 2911 3671 ἐπαγάλλονται.
2942 3603 3153 3674 Ὥσπερ
3182 3602 3237 3656 δὲ
3264 3604 3322 3656 ἐν
3348 3605 3470 3667 ταῖς
3502 3603 3616 3656 λοι-

2037 3695 2228 3763 μικαίς
2279 3690 2643 3763 συμπαθείαις
2695 3693 2789 3747 καὶ
2825 3694 2874 3747 οί
2926 3693 3070 3748 κατά
3102 3695 3280 3748 πᾶσαν
3327 3692 3613 3765 ἀκρίϐειαν

2035 3781 2383 3854 διαιτώμενοι
2418 3782 2489 3836 τά
2539 3781 2630 3837 ίσα
2676 3786 2787 3848 τοῖς
2821 3783 3002 3848 ἄλλοις
3041 3784 3374 3855 κάμνουσιν,
3411 3786 3476 3839 ἐκ
3511 3785 3614 3855 τῆς

2034 3873 2174 3947 πρὸς
2194 3875 2321 3938 τοὺς
2350 3873 2780 3947 διεφθαρμένους
2807 3875 3024 3948 ὁμιλίας
3046 3877 3147 3948 τῆς
3169 3875 3479 3948 ἀρρωστίας
3499 3876 3612 3949 (40)

2033 3965 2560 4038 ἀναπιμπλάμενον
2607 3965 2751 4022 οὕτω
2806 3967 2903 4022 καὶ
2956 3967 3052 4022 νῦν
3111 3968 3312 4032 πάντες
3364 3968 3613 4040 ἀλλήλοις

2032 4057 2338 4129 γεγόναμεν
2373 4059 2549 4129 ὅμοιοι
2571 4098 2588 4123 ,
2616 4058 2723 4113 ὑπὸ
2747 4059 2848 4130 τῆς
2887 4060 3265 4131 κατασχούσης
3302 4061 3403 4124 τὰς
3433 4059 3612 4130 ψυχὰς

2032 4149 2194 4221 ἡμῶν
2240 4150 2575 4220 φιλονεικίας
2614 4150 2750 4222 πρὸς
2792 4151 2884 4204 τὸν
2932 4150 3043 4204 τῶν
3086 4151 3273 4205 κακῶν
3314 4150 3474 4219 ζῆλον
3516 4152 3613 4204 ὐπ-

2031 4242 2362 4316 ενεχθέντες.
2396 4243 2678 4299 Ἐντεῦθεν
2720 4246 3097 4314 ἀσύγγνωστοι
3139 4246 3239 4315 μὲν
3277 4244 3371 4299 καὶ
3423 4242 3612 4315 πικροὶ

2033 4334 2298 4404 κάθηνται
2326 4335 2435 4388 τῶν
2467 4336 2993 4406 ἀποτυγχανομένων
3023 4336 3339 4402 ἐξετασταὶ,
3368 4333 3613 4406 ἀγνώμο-

354 4437 591 4495 ῑιιιιιιιιιι,
619 4436 684 4485 ιιι
705 4428 937 4496 videtur,
963 4429 1168 4485 malum
1196 4429 1357 4486 nobis
1378 4429 1599 4494 insedit,
1625 4436 1688 4485 ut
1712 4430 1931 4486 ratione

2040 4442 2123 4489 νες
2158 4426 2215 4478 δὲ
2260 4426 2353 4479 καὶ
2400 4426 2685 4496 δυσμενεῖς
2729 4428 2838 4481 τῶν
2881 4427 3332 4499 κατορθουμένων
3380 4427 3604 4499 κριταί·

354 4522 723 4579 destituamur
772 4521 989 4593 magis,
1037 4536 1201 4593 quam
1252 4520 1371 4594 ipsa
1426 4520 1685 4576 animalia
1727 4521 1928 4581 bruta:

355 4613 629 4686 siquidem
651 4614 744 4669 illa
776 4629 899 4685 quae
927 4623 1057 4671 sunt
1080 4613 1326 4685 ejusdem
1355 4611 1595 4683 generis.
1632 4614 1778 4667 inter
1807 4628 1931 4669 sese

353 4707 785 4771 consociantur,
838 4714 896 4761 at
935 4706 1096 4762 nobis
1140 4705 1549 4761 atrocissimum
1600 4704 1805 4760 bellum
1845 4711 1931 4760 est

354 4799 624 4857 adversus
653 4798 1008 4856 domesticos.

2034 4516 2131 4569 καὶ
2164 4513 2454 4579 τοσοῦτον,
2489 4516 2564 4579 ὡς
2596 4515 2770 4579 ἔοικε,
2811 4515 2874 4568 τὸ
2918 4516 3086 4570 κακὸν
3134 4517 3266 4586 ἡμῖν
3313 4515 3605 4587 ἐνίδρυται,

2032 4605 2175 4660 ὥστε
2218 4606 2312 4659 καὶ
2366 4606 2475 4658 τῶν
2527 4607 2736 4675 ἀλόγων
2786 4606 3088 4676 γεγόναμεν
3139 4604 3466 4676 ἀλογώτεροι
3494 4622 3507 4635 ·
3554 4603 3613 4658 εῐ

2032 4714 2099 4766 γε
2154 4698 2341 4751 ἐκεῖνα
2392 4697 2492 4768 μὲν
2543 4698 2613 4751 τά
2666 4697 2912 4769 ὁμόφυλα
2956 4697 3203 4768 ἀλλήλοις
3251 4695 3610 4766 συναγελάζε-

2035 4808 2127 4844 ται
2158 4828 2173 4852 ,
2221 4792 2355 4861 ἡμῖν
2405 4789 2464 4842 δὲ
2512 4792 2543 4844 ὁ
2588 4791 2968 4861 χαλεπώτατος
3021 4790 3255 4864 πόλεμος
3304 4790 3440 4862 πρὸς
3482 4790 3609 4854 τοὺς

2034 4882 2266 4946 οἰκείους
2301 4881 2437 4936 ἐστί.

390 5088 436 5122 ⁸⁸
453 5086 635 5146 Eccle.
661 5103 739 5155 rx,
770 5089 859 5143 l7.
941 5087 989 5120 ’⁸
1010 5089 1179 5143 Amos
1238 5103 1292 5149 ν,
1328 5085 1409 5141 l3.
1488 5084 1534 5116 ’τ
1557 5082 1757 5139 Ezech.
1779 5098 1938 5150 uin,
1973 5083 2027 5139 5.

392 5285 539 5408 692$)
579 5286 650 5343 Ἢ
683 5282 864 5351 αὐτῷ.
892 5284 976 5339 Ita
1001 5283 1220 5342 codices
1258 5285 1434 5340 nostri
1463 5298 1676 5340 omnes.
1715 5281 1859 5338 Editi
1893 5283 1926 5355 ἢ

350 5372 453 5412 αυτ
457 5372 539 5410 ον.

424 5425 541 5495 (δη
586 5425 689 5480 Ἑν
712 5423 795 5492 τῷ
826 5425 1009 5495 καιρῷ
1038 5423 1267 5489 ἐκείνῳ.
1300 5422 1426 5480 Haec
1452 5424 1651 5495 desunt
1676 5424 1731 5478 in
1756 5421 1944 5495 tribus.

352 5492 494 5552 mss.
518 5493 742 5567 Legitur
777 5492 943 5552 etiam
974 5492 1036 5566 in
1078 5496 1357 5551 nonnullis
1411 5493 1697 5550 codicibus
1742 5492 1933 5563 καιρὸς

354 5581 490 5635 πονη
498 5565 618 5635 ρῶν
637 5566 806 5621 ἐστιν.

423 5629 537 5707 (53)
576 5635 687 5691 Τὸν
731 5635 938 5707 γόμον.
994 5633 1088 5691 Sic
1151 5649 1285 5691 mss.
1335 5633 1574 5690 codices.
1629 5631 1773 5688 Editi
1821 5629 1933 5683 τῶν

2028 5282 2624 5422 γόίιὲθΐέίριστιανόν.
2679 5349 2773 5405 Sic
2814 5358 3026 5405 veteres
3070 5349 3217 5405 libri.
3285 5348 3429 5404 Editi
3471 5366 3607 5422 χρη·

2031 5422 2220 5571 στῖῖίῃ
2268 5489 2649 5571 Ἀῤῥῳστίας.
2688 5488 2811 5571 Duo
2845 5486 3024 5571 βεξςίἰῆ
3040 5487 3256 5571 codices
3277 5487 3610 5571 adduntnd—

2175 5558 2500 5686 thntmulto
2530 5571 2653 5632 post
2683 5558 2814 5616 editi
2847 5558 3199 5629 ὑπαχθέντες.
3216 5558 3447 5616 Codices
3466 5574 3605 5615 mss.

2031 5646 2064 5684 ιι
2120 5645 2173 5685 ιιι
2260 5646 2294 5684 x
2322 5646 2375 5685 ιι.
