3912 6214
173 226 267 280 221

1215 224 1705 282 EPISTOLARUM
1742 221 2029 280 CLASSIS
2067 222 2110 278 ι.
2152 219 2371 277 EPIST.
2409 218 2462 275 l.‘

3349 220 3460 276 222

186 348 348 419 Ἕλλη
357 360 575 418 σποντῳ
620 347 797 412 πόλιν,
844 348 922 412 ὡς
962 348 1137 413 οὐδεὶς
1179 349 1469 414 Ὀδυσσεὺς
1505 350 1776 422 Σειρήνων

1885 353 2037 402 sunt.
2085 343 2331 399 Praeterii
2377 350 2560 398 autem
2592 342 2756 398 citius
2778 340 3113 412 Hellesponti
3145 338 3461 405 civitatem,

177 440 340 511 μέλη.
376 440 490 492 Καὶ
532 443 643 510 τὴν,
695 440 880 492 Ἀσίαν
936 439 1226 511 ἐθαύμασα
1257 442 1375 512 μὲν,
1407 441 1545 513 πρὸς
1580 441 1637 494 δὲ
1673 441 1775 513 τὴν

176 531 522 602 μητρόπολιν
582 531 694 602 (47)
757 532 864 585 τῶν
916 534 973 587 ὲν
1023 534 1160 604 αὐτῇ
1219 533 1400 587 καλῶν
1438 535 1769 606 ἠπειγόμην.

186 622 347 674 Ἐπεὶ
381 621 441 673 δὲ
473 622 777 676 κατέλαϐον
834 624 934 690 τὴν
963 624 1221 694 πατρίδα,
1250 626 1344 678 καὶ
1373 640 1433 678 σε
1463 628 1522 678 ἐν
1546 626 1682 696 αὐτῇ
1712 626 1774 679 τὸ

178 712 328 783 μέγα
355 712 550 780 ὄφελος
573 713 815 783 ζητήσας
835 715 934 785 οὐχ
961 710 1139 786 εὗρον.
1176 717 1424 770 ἐντεῦθέν
1463 735 1551 788 μοι
1588 717 1772 771 λοιπὸν

175 806 231 857 αἱ
258 805 460 859 πολλαὶ
492 807 588 859 καὶ
627 805 870 860 ποικίλαι
903 808 1153 878 ἀφορμαὶ
1192 808 1301 861 τῶν
1341 808 1621 880 ἀδοκήτων
1655 812 1774 862 ὲπι-

172 898 443 966 γεγόνασι
488 899 848 970 κωλυμάτων.
869 900 938 952 Ἦ
971 900 1078 970 γάρ
1119 900 1365 954 ἀσθενεῖν
1395 900 1613 963 πάντως
1641 899 1770 965 ἔδει,

174 991 272 1044 καὶ
297 990 392 1044 διὰ
423 989 588 1043 τοῦτο
627 990 1052 1044 ἀπολείπεσθαι·
1098 992 1132 1062 ἢ
1187 992 1279 1046 ἐπὶ
1323 991 1420 1062 τὴν
1447 990 1590 1061 ἑῴαν
1620 990 1771 1061 βαδί-

174 1081 327 1145 ζοντι
365 1082 730 1154 συναπαίρειν
764 1082 838 1154 μὴ
870 1082 1125 1137 δύνασθαι
1150 1100 1164 1114 ·
1196 1083 1293 1153 ὀψὲ
1314 1083 1371 1136 δέ
1404 1101 1532 1137 ποτε
1562 1083 1773 1154 μυρίοις

175 1172 370 1237 πόνοις
402 1173 504 1244 τὴν
534 1174 738 1245 Συρίαν
786 1173 1183 1237 καταλαϐόντα,
1226 1175 1327 1227 οὐκ
1359 1173 1504 1244 ἔχειν
1535 1176 1772 1227 συνεῖναι

172 1262 255 1334 τῷ
288 1264 573 1335 φιλοσόφῳ
617 1265 756 1337 πρὸς
798 1265 1131 1333 Αἰγυπτίους
1158 1266 1453 1336 ἁπάραντι.
1489 1264 1658 1318 Πάλιν
1679 1260 1772 1317 οὖν

174 1354 287 1408 6st
341 1355 669 1425 Αἴγυπτόνδ’
731 1357 866 1411 ἰέναι
898 1357 1033 1428 (48),
1089 1357 1305 1428 δολιχὴν
1333 1357 1450 1411 ὁδὸν
1495 1356 1771 1429 ἀργαλέην

174 1463 235 1498 τε
257 1464 273 1478 ο
300 1448 401 1500 καὶ
453 1448 566 1501 οὐδ’
595 1448 831 1502 ἐνταῦθα
870 1449 934 1502 τὸ
961 1448 1392 1520 σπουδαζόμενον
1421 1448 1585 1519 ἔχειν.
1631 1447 1771 1501 Ἀλλ’

174 1537 323 1591 οὕτω
354 1537 606 1609 δύσερως
653 1535 744 1612 ἦν,
775 1539 915 1593 ὥστε
968 1541 1001 1611 ἢ
1036 1539 1136 1612 τὴν
1175 1542 1267 1593 ἐπὶ
1292 1540 1504 1611 Πέρσας
1537 1540 1772 1610 βαδίζειν

176 1630 307 1693 ἔδει,
342 1632 442 1683 καὶ
472 1631 832 1703 συμπροῖέναι
856 1633 936 1694 εἰς
956 1632 1040 1684 ὅτι
1065 1632 1327 1702 μήκιστον
1355 1633 1453 1703 τῆς
1482 1632 1771 1704 βαρϐάρων

178 1718 369 1791 (ἦλθες
424 1697 557 1792 γάρ’
592 1697 657 1792 δὴ
691 1723 915 1775 κάκεῖσε
935 1740 948 1751 ·
979 1697 1215 1793 τοσαῦτη
1256 1741 1343 1786 τις
1371 1697 1439 1794 ἦν
1470 1697 1770 1791 (ριλονείκία
1804 1697 1847 1752 Β

174 1810 270 1864 τοῦ
301 1811 610 1883 δαίμονος),
648 1812 682 1882 ἥ
734 1811 898 1865 αὑτοῦ
928 1811 1198 1883 καθῆσθαι
1219 1814 1312 1866 ἐπὶ
1332 1814 1430 1884 τῆς
1465 1813 1591 1884 (49)
1620 1814 1770 1867 Ἀλε-

173 1901 434 1975 ξάνδρου,
467 1904 607 1975 ὅπερ
626 1900 720 1959 οὖν
752 1906 845 1957 καὶ
879 1904 1098 1976 συνέϐη.
1127 1906 1280 1958 Δοκῶ
1306 1904 1416 1975 γάρ
1451 1921 1561 1975 μοι,
1590 1905 1638 1957 εί
1671 1904 1768 1975 μὴ,

176 1992 375 2065 ὥσπερ
428 2010 484 2046 τι
534 1994 780 2064 θρέμμα,
809 1993 987 2065 θαλλῷ
1034 1994 1476 2066 προδεικνυμένῳ
1504 1994 1771 2064 ἑπόμενος

174 2082 568 2153 ἀπηγόρευσα,
619 2085 876 2138 ἐπέκεινα
914 2085 980 2138 ἄν
1018 2101 1077 2137 σε
1113 2084 1223 2154 (50)
1257 2085 1353 2137 καὶ
1404 2083 1625 2153 Νύσσης
1670 2084 1771 2152 τῆς

188 2172 427 2245 Ἰνδικῆς
452 2174 630 2229 ἐλθεῖν
666 2177 954 2248 ἀγόμενον,
988 2177 1084 2230 καὶ
1115 2177 1169 2229 ετ
1195 2194 1249 2229 τι
1276 2176 1501 2246 ἔσχατον
1522 2177 1621 2247 τῆς
1650 2175 1769 2230 καθ’

175 2266 329 2333 ἡμᾶς
367 2267 701 2337 οἰκουμένης
729 2268 949 2338 χωρίον,
985 2270 1079 2321 καὶ
1104 2267 1278 2337 τούτῳ
1314 2266 1768 2337 ὲπιπλανηθῆναι.

176 2353 291 2406 Καὶ
311 2354 367 2406 τί
396 2353 479 2406 δεῖ
504 2356 573 2408 τά
595 2356 766 2408 πολλὰ
797 2357 1005 2425 λέγειν;
1058 2356 1217 2410 Ἀλλά
1245 2358 1305 2411 τὸ
1342 2357 1645 2410 τελευταῖον
1677 2355 1773 2409 νῦν

178 2444 274 2496 ἐπὶ
308 2446 416 2511 τῆς
443 2446 703 2516 πατρίδος
731 2447 842 2518 (51)
875 2449 1116 2516 διάγοντι
1172 2449 1527 2517 συγγενέσθαι
1559 2451 1658 2502 οὐκ
1686 2447 1774 2514 ἐξ·

177 2536 430 2601 εγένετο,
464 2541 706 2609 μακραῖς
732 2541 1065 2611 ἀρρωστίαις
1105 2539 1498 2613 ὲξειργομένῳ·
1529 2542 1585 2594 αἳ
1619 2542 1666 2594 εί
1697 2541 1771 2613 μὴ

176 2627 274 2679 τοῦ
287 2645 354 2696 γε
378 2628 569 2681 λοιποῦ
592 2630 952 2702 μετριώτεραι
974 2633 1234 2700 γένοιντο,
1259 2633 1376 2685 οὐδὲ
1395 2631 1536 2685 κατά
1553 2632 1643 2684 τὸν
1662 2649 1775 2702 χει·-

182 2718 343 2788 μῶνα
409 2723 476 2792 τῇ
515 2720 786 2792 λογιότητί
842 2724 1319 2795 σουισυνεσὸμεθα.
1344 2724 1528 2777 Ταῦτα
1566 2725 1663 2794 οὐχ
1695 2726 1775 2778 εἱ-

181 2810 484 2880 μαρμένης
537 2810 695 2882 ἔργα,
751 2812 828 2876 ὡς
870 2813 936 2866 ἂν
970 2814 1132 2876 αὐτὸς
1184 2813 1384 2879 aiming;
1447 2813 1623 2868 ταῦτα
1673 2815 1774 2867 οὐκ

178 2899 469 2970 ἀνάγκης
532 2902 706 2957 ταῦτα
757 2905 899 2974 οὐχὶ,
948 2904 1144 2974 μικροῦ
1198 2905 1334 2970 δεῖν,
1367 2907 1625 2970 καὶτοὺς
1666 2906 1774 2973 τῶν

1878 452 2042 509 quam
2073 435 2367 507 quisquam
2398 431 2624 505 Ulysses
2653 432 2909 489 Sirenum
2940 440 3157 487 cantus.
3178 429 3245 484 Et
3273 429 3461 484 Asiam

1875 527 2097 600 quidem
2129 525 2435 580 admiratus
2474 539 2595 579 sum
2626 541 2641 591 ;
2674 523 2770 579 sed
2800 521 2869 577 ad
2919 522 3208 585 bonorum,
3241 533 3365 589 qua:
3399 518 3460 572 in

1874 635 1938 676 ea
1967 626 2126 682 sunt,
2165 616 2512 687 metropolim
2559 615 2943 685 properabam.
3000 612 3299 682 Postquam
3349 625 3449 664 au-

1874 718 1985 766 tem
2016 709 2140 763 veni
2192 709 2248 763 in
2280 708 2530 779 patriam,
2591 712 2755 776 teque
2799 706 2993 776 ingens
3025 704 3238 759 lucrum
3292 702 3351 756 in
3390 715 3459 757 ea

1874 803 2163 875 quaesitum
2189 816 2297 855 non
2322 799 2505 855 inveni
2530 817 2544 866 ;
2579 799 2706 853 hinc
2736 799 2845 869 70
2868 797 3001 852 mihi
3030 796 3290 865 deinceps
3315 793 3459 847 mul-

1876 903 1942 949 tae
1980 893 2251 962 variasque
2275 891 2597 946 occasiones
2622 890 3030 960 inepmatorum
3091 887 3299 941 obortae
3327 890 3459 939 sunt

1875 985 2409 1055 impedimentorum.
2446 980 2544 1037 Vel
2598 983 2744 1036 enim
2799 978 3177 1051 aegrotandum
3230 990 3458 1047 prorsus

1876 1077 2000 1142 fuit,
2034 1086 2199 1146 teque
2239 1074 2447 1130 idcirco
2473 1074 2816 1140 carendum;
2856 1072 2941 1127 vel
2975 1085 3202 1125 necesse
3238 1068 3344 1123 fuit
3373 1076 3457 1123 te-

1874 1184 2000 1223 cum
2064 1169 2301 1222 abeunte
2353 1167 2410 1220 in
2438 1164 2714 1220 Orientem
2765 1161 3041 1234 proficisci
3094 1175 3205 1215 non
3256 1172 3460 1229 posse,

1873 1269 1928 1316 et
1966 1275 2094 1315 cum
2130 1260 2345 1313 tandem
2381 1255 2681 1327 aliquando
2729 1254 3037 1309 innumeris
3074 1251 3356 1306 laboribus
3403 1250 3461 1302 in

1877 1352 2091 1424 Syriam
2156 1350 2572 1422 pervenissem,
2640 1346 2989 1419 philosOphi,
3042 1345 3139 1416 qui
3181 1348 3238 1398 in
3291 1342 3464 1415 Αζειγ-

1873 1452 2026 1515 ptum
2063 1444 2320 1509 abierat,
2369 1455 2727 1513 congressum
2796 1454 2906 1493 non
2958 1436 3199 1508 assequi.
3249 1434 3464 1490 Rursus

1875 1536 2043 1607 igitur
2105 1532 2565 1606 proficiscendum
2604 1532 2711 1586 fuit
2756 1526 2814 1586 in
2838 1529 3132 1601 Egyptum
3157 1567 3173 1592 ,
3223 1527 3384 1597 longo
3407 1534 3464 1580 et

1874 1628 2077 1683 diﬂicili
2130 1629 2328 1682 itinere
2356 1665 2371 1689 ,
2412 1639 2478 1679 ac
2510 1639 2581 1679 ne
2623 1624 2739 1677 illic
2789 1623 3009 1692 quidem
3058 1618 3463 1689 assequemlum

1874 1721 2021 1793 quod
2050 1732 2168 1777 erat
2197 1720 2252 1773 in
2278 1720 2503 1790 aptatis.
2570 1716 2677 1772 Sed
2708 1722 2822 1770 tam
2865 1713 3108 1768 infausto
3151 1726 3338 1765 amore
3365 1724 3462 1764 ca-

1873 1814 2067 1884 piebar
2092 1853 2109 1877 ,
2153 1819 2215 1866 ut
2270 1819 2363 1863 aut
2407 1809 2475 1862 ad
2503 1807 2704 1863 Persas
2750 1806 2995 1861 eundum
3023 1804 3156 1857 mihi
3186 1810 3370 1867 esset,
3410 1809 3465 1856 et

1873 1904 1941 1958 ad
1973 1910 2252 1958 extremos
2283 1914 2457 1969 usque
2497 1898 2765 1952 barbaros
2798 1895 2962 1949 simul
2995 1892 3459 1964 proficiscendum

1874 1994 2165 2063 (siquidem
2227 1992 2359 2045 illuc
2420 1991 2587 2045 etiam
2635 2003 2867 2043 veneras
2911 2000 3127 2056 :usque
3152 1983 3290 2038 adeo
3313 1981 3465 2037 obsi-

1873 2086 2050 2141 stebat
2097 2084 2333 2150 daemon)
2361 2121 2377 2147 ,
2432 2091 2524 2136 aut
2565 2082 2654 2135 hic
2703 2077 3004 2134 sedendum
3064 2073 3459 2130 Alesandrize:

1873 2179 1929 2233 id
1980 2177 2127 2247 quod
2166 2183 2220 2231 et
2257 2175 2510 2244 contigit.
2563 2171 2703 2226 Puto
2753 2172 2897 2227 enim
2950 2169 3061 2224 nisi
3122 2167 3350 2239 pecudis
3380 2166 3466 2219 in-

1873 2275 1988 2320 star
2025 2275 2502 2337 praemonstratum
2547 2277 2759 2315 ramum
2808 2258 3089 2329 sequendo
3132 2259 3465 2328 defatigatus

1873 2371 2051 2411 essem
2077 2397 2091 2419 ,
2145 2355 2390 2409 futurum
2426 2353 2598 2408 fuisse
2634 2359 2692 2405 ut
2739 2350 2821 2404 vel
2878 2350 3022 2403 ultra
3052 2347 3284 2421 Nyssam
3316 2347 3466 2403 Indi-

1873 2464 1993 2503 cam
2029 2455 2185 2502 actus
2223 2461 2499 2517 pergeres,
2543 2458 2607 2498 ac
2636 2443 2681 2497 si
2714 2442 2840 2512 quis
2863 2450 3142 2496 extremus
3181 2438 3334 2493 orbis
3365 2453 3467 2491 no-

1874 2541 1975 2597 stri
2029 2540 2184 2594 locus
2217 2579 2233 2603 ,
2273 2539 2328 2593 in
2379 2553 2446 2593 eo
2486 2538 2654 2592 etiam
2701 2553 2940 2593 errares.
2997 2536 3103 2592 Sed
3130 2535 3260 2607 quid
3295 2535 3464 2590 multa

1875 2648 2011 2703 opus
2043 2642 2128 2688 est
2185 2632 2443 2686 referre?
2495 2630 2653 2684 Nunc
2689 2639 2969 2700 postremo
3020 2644 3147 2683 cum
3202 2628 3258 2683 in
3288 2624 3465 2698 patria

1877 2725 2155 2791 verset-is,
2215 2733 2397 2777 tecum
2468 2737 2592 2778 esse
2650 2737 2763 2776 non
2841 2722 3119 2791 contigit.
3180 2733 3247 2775 eo
3317 2719 3465 2789 quod

1875 2816 2153 2871 diuturnis
2206 2816 2415 2870 m‘orbis
2471 2815 2718 2870 detinear
2771 2832 2785 2868 :
2857 2814 2953 2884 qui
3029 2811 3137 2867 nisi
3197 2810 3465 2882 deinceps

1874 2909 2124 2963 mitiores
2191 2906 2364 2970 fiant,
2420 2922 2489 2961 ne
2536 2902 2589 2959 in
2627 2905 2806 2960 hieme
2867 2904 3088 2975 quidem
3121 2902 3463 2973 prudentiam

177 2993 432 3063 ποιητῶν
486 2995 579 3047 ἐπὶ
629 2994 887 3065 Ταντάλῳ
943 2994 1145 3066 μύθους
1198 2997 1562 3067 ὑπερεϐάλετο
1619 2997 1771 3068 (52);

1885 3010 2023 3055 luam
2097 2998 2507 3054 conveniemus.
2568 2997 2732 3060 Haec,
2791 3012 3015 3067 qureso.
3091 3011 3275 3049 nonne
3333 3003 3466 3049 sunt

191 3084 363 3145 Ἀλλ’,
407 3086 546 3156 ὅπερ
580 3084 737 3156 ἔφην,
787 3086 931 3156 ρᾁν
971 3085 1171 3154 γέγονα
1202 3089 1313 3148 τοῖς
1340 3086 1650 3157 γράμμασι,
1680 3086 1775 3138 καὶ

175 3173 373 3228 οὐκέτι
431 3176 526 3227 ἐπὶ
580 3177 678 3245 τῆς
724 3176 896 3245 αὐτῆς
943 3177 1058 3245 εἰμι
1100 3175 1344 3246 γνώμης.
1390 3176 1537 3246 Φημὶ
1559 3176 1614 3228 δὲ
1644 3176 1778 3246 χρῆ-

178 3284 271 3322 ναι
294 3269 438 3337 (325),
462 3268 659 3321 διδόντι
688 3268 787 3341 μὲν
807 3270 873 3323 τά
905 3268 1084 3336 ἀγαθά
1107 3267 1184 3338 τῷ
1211 3267 1330 3339 Θεῷ
1364 3269 1524 3339 χάριν
1554 3267 1773 3333 εἰδέναι,

178 3359 574 3429 ταμιευομένῳ
628 3360 685 3412 δὲ
746 3359 819 3430 μὴ
871 3361 1262 3431 δυσχεραίνειν.
1308 3361 1417 3413 Καὶ
1446 3359 1510 3431 δὴ
1543 3357 1635 3413 οὗν
1680 3360 1777 3413 καὶ

179 3449 319 3517 ἡμῖν
349 3450 403 3499 εί
440 3448 542 3518 μὲν
576 3450 909 3520 παράσχοιτο
932 3450 1043 3518 (54)
1081 3450 1315 3504 συνεῖναί
1341 3468 1443 3513 σοι,
1474 3449 1624 3504 ταῦτ’
1654 3452 1776 3522 ἄρι-

182 3540 292 3593 στά
336 3557 403 3593 τε
453 3540 590 3610 ὁμοῦ
644 3542 738 3594 κα)⁸
763 3542 955 3611 ἥδιστα
998 3541 1351 3613 ἡγησόμεθαο
1397 3544 1446 3595 εί
1478 3543 1533 3595 δὲ
1566 3542 1771 3597 ἀναϐά-

181 3630 353 3696 λοιτο,
390 3633 581 3703 πράως
606 3632 825 3703 οἴσομεν
849 3635 945 3704 τὴν
978 3634 1200 3704 ζημίαν.
1245 3635 1501 3703 ’Ἄμεινον
1532 3635 1640 3704 γάρ
1667 3652 1770 3687 που

182 3722 433 3787 πάντως,
457 3723 491 3793 ἢ
540 3723 616 3787 ὡς
649 3723 714 3777 ἂν
752 3727 911 3795 ἡμεῖς
940 3723 1301 3796 προελοίμεθα
1331 3724 1462 3795 (55),
1493 3725 1683 3779 διοικεῖ
1706 3727 1776 3781 τὰ

182 3813 460 3883 ἡμέτεραι
1473 3804 1483 3812 ’

1880 3106 2048 3161 Opera
2103 3090 2199 3144 fati
2234 3128 2249 3153 ,
2308 3091 2386 3144 uti
2436 3101 2492 3145 tu
2539 3089 2796 3145 dixeris?
2837 3104 3023 3143 nonne
3063 3087 3467 3143 necessitatis?

1881 3184 1998 3237 haec
2040 3198 2221 3237 nonne
2274 3182 2671 3253 prOpemodum
2700 3189 2985 3251 poetarum
3017 3179 3086 3235 de
3119 3178 3355 3233 Tantalo
3383 3178 3466 3232 fa-

1879 3275 2037 3331 bulas
2080 3274 2467 3345 superarunt?
2519 3274 2658 3338 Sed,
2701 3282 2762 3327 ut
2801 3272 2959 3336 dixi,
3020 3289 3088 3328 ex
3118 3272 3315 3328 litteris
3356 3270 3466 3326 tuis

1880 3364 2076 3418 melius
2111 3379 2198 3418 me
2238 3362 2440 3427 habui,
2483 3377 2585 3417 nec
2609 3362 2722 3432 jam
2752 3362 2991 3432 amplius
3034 3361 3090 3415 in
3119 3363 3309 3417 eadem
3344 3377 3464 3416 sum

1880 3454 2168 3510 sententia.
2218 3453 2430 3509 Censeo
2469 3463 2649 3509 autem
2695 3462 2951 3523 oportere
2983 3451 3095 3508 Deo
3161 3452 3302 3507 bona
3354 3452 3466 3505 lar-

1879 3546 2045 3616 gienti
2076 3544 2277 3614 gratias
2312 3560 2474 3614 agere
2500 3584 2516 3610 ,
2549 3543 2975 3613 procrastinanti
3023 3557 3155 3597 vero
3183 3558 3293 3597 non
3340 3557 3466 3597 suc-

1878 3651 2123 3690 censere.
2174 3635 2239 3688 Et
2287 3651 2441 3698 sane,
2493 3635 2537 3690 si
2583 3636 2742 3690 nobis
2797 3634 3010 3689 dederit
3064 3642 3243 3689 tecum
3290 3649 3415 3690 esse
3445 3674 3462 3698 ,

1880 3727 2086 3795 optima
2144 3727 2258 3781 haec
2311 3726 2587 3796 simulque
2642 3726 3048 3796 jucundissima
3105 3726 3461 3795 putabimus:

1882 3819 1928 3873 si
1969 3834 2082 3872 rem
2128 3819 2344 3872 differat
2376 3858 2391 3882 ,
2456 3818 2718 3873 damnum
2770 3819 2967 3875 leniter
3025 3820 3282 3874 feremus.
3330 3817 3465 3872 Nam

184 3906 395 3962 melius
423 3905 669 3976 profecto
694 3947 710 3972 ,
741 3922 904 3978 quam
938 3922 1040 3961 nos
1075 3906 1179 3976 ipsi
1218 3907 1419 3978 eligere
1461 3906 1769 3977 possimus,
1811 3921 2002 3965 nostra
2047 3909 2384 3965 moderatur.

262 4042 384 4115 (47)
419 4046 828 4113 Μητρίπολιν.
872 4044 1066 4113 Liquet
1101 4044 1291 4099 urbem
1334 4046 1389 4099 in
1433 4043 1783 4115 Hellesponto

183 4116 357 4171 sitam
388 4132 512 4169 esse
539 4117 1092 4184 Constantinopolim.
1125 4115 1269 4168 Asia:
1297 4124 1478 4174 autem
1508 4125 1783 4185 metropo-

188 4187 287 4239 lim
339 4200 449 4237 non
493 4186 766 4254 Ephesum
807 4188 1024 4240 videtur
1063 4187 1338 4255 appellare
1379 4185 1637 4250 Basilius,
1689 4186 1785 4239 sed

187 4257 539 4318 Caesaream;
587 4256 718 4308 illuc
759 4257 904 4311 enim
949 4265 1130 4309 mente
1172 4264 1226 4308 et
1257 4255 1440 4308 animo
1475 4256 1782 4322 ferebatur;

190 4325 285 4379 hic
328 4326 479 4379 illius
508 4326 607 4379 via:
640 4327 797 4384 linis:
828 4336 882 4381 et
914 4326 1041 4378 dum
1080 4328 1226 4379 hunc
1254 4328 1301 4379 ei
1338 4326 1554 4378 titulum
1595 4326 1787 4379 tribuit

190 4397 265 4449 ob
313 4411 500 4449 rerum
549 4398 812 4449 bonarum
854 4405 1196 4461 ornamenta,
1250 4396 1383 4450 satis
1422 4396 1627 4449 indicat
1661 4397 1787 4462 jure

188 4465 439 4519 debitmu
474 4483 582 4519 non
615 4467 802 4521 fuisse.
839 4467 1009 4519 Paulo
1052 4475 1175 4535 post
1218 4466 1448 4533 legimus
1482 4481 1605 4520 cum
1641 4467 1787 4518 anti-

189 4535 661 4658 guisﬁcoadicibus
695 4537 819 4589 ἐπεὶ
861 4536 917 4589 δέ
965 4551 1065 4606 pro
1109 4552 1176 4591 eo
1224 4536 1370 4605 quod
1409 4543 1492 4590 est
1530 4537 1586 4589 in
1626 4537 1787 4591 editis

188 4608 386 4660 ἐπειδὴ
420 4608 498 4658 δὲ.

421 4650 780 4744 Χίγυπτόνδ
822 4676 993 4731 ἱέναι.
1039 4675 1156 4730 Duo
1204 4677 1424 4731 codices
1456 4692 1587 4730 mss.
1619 4674 1787 4743 Λίγυ-

190 4747 335 4800 πτόν
368 4748 414 4799 τ’
450 4748 609 4807 ξέναι,
643 4757 880 4814 quatuor
908 4749 999 4801 alii
1033 4747 1307 4815 Αἴγυπτόν
1336 4763 1395 4799 τε
1428 4746 1584 4799 ἰέναι.
1616 4746 1786 4800 Paulo

190 4828 319 4888 post
367 4822 557 4869 vocula
587 4817 657 4888 δή-
678 4817 859 4869 addita
898 4835 960 4871 ex
994 4817 1209 4871 (luolms
1245 4816 1529 4888 codicibus
1560 4831 1694 4870 mss.

266 4887 386 4957 (49)
426 4888 565 4959 Ἐπὶ,
592 4886 725 4954 τῆς.
931 4889 963 4959 ἢ
996 4888 1089 4959 ἐπὶ
1280 4887 1532 4959 Erratum
1555 4886 1790 4959 sustuli-

190 4975 328 5082 lquasi
362 4956 690 5039 ain-.toritate
729 4956 1313 5014 codicis'Coisliniani
1358 4956 1688 5027 antiquioris
1734 4962 1790 5012 et

243 5045 310 5082 ar
332 5043 497 5081 zeam.

243 5043 497 5082 armant.

264 5100 388 5165 (50)
418 5097 734 5152 Ἐπέκεινα
754 5096 833 5152 ἄν
851 5114 944 5152 σε.
973 5096 1063 5152 Sic
1082 5096 1301 5153 codices
1323 5096 1532 5166 antiqui
1554 5105 1786 5167 septem;

191 5171 343 5223 male
386 5172 437 5221 in
475 5170 638 5223 editis
667 5168 924 5221 ἐπέκεινα
947 5168 1012 5222 ἄν
1044 5185 1131 5239 με,
1164 5167 1310 5238 quod
1337 5167 1626 5223 sententiae
1655 5181 1792 5222 acu-

188 5255 321 5293 men
360 5254 589 5307 prorsus
621 5240 877 5307 eludebat.

266 5306 388 5378 (5!)
435 5310 567 5362 Ἐπὶ
615 5306 728 5374 τῆς
777 5308 1082 5377 πατρίδος.
1132 5306 1225 5362 Sic
1272 5307 1382 5378 duo
1425 5306 1790 5363 vetustissimi

190 5377 426 5435 codices
461 5378 837 5433 Coislinianus
866 5390 919 5433 et
938 5378 1248 5433 Medicaaus.
1281 5377 1373 5431 Sic
1407 5379 1571 5432 etiam
1597 5377 1791 5431 habuit

193 5453 381 5523 prima
424 5464 588 5523 manu
633 5450 783 5523 alius
824 5450 1243 5523 antiquissimus
1281 5448 1495 5523 codex,‘
1532 5449 1677 5523 olim
1708 5447 1790 5500 bi-

192 5517 491 5577 bliothecae
522 5517 841 5581 llarlteana',
865 5517 1014 5574 nunc
1040 5518 1529 5583 Sangerinanensis
1556 5534 1621 5572 ex
1647 5518 1792 5572 dono

196 5590 584 5660 illustrissimi
603 5598 831 5645 senatus
854 5590 1123 5660 principis
1148 5589 1368 5644 Harla-i.
1401 5588 1582 5644 Codex
1608 5588 1792 5660 Angli-

196 5674 379 5718 canus
411 5659 509 5713 tul
538 5659 638 5730 τῆς
667 5660 838 5732 αὐτῆς
855 5657 1138 5733 πατρίδος,
1174 5662 1226 5716 in
1254 5660 1434 5714 eadem
1460 5657 1788 5729 patria.Edi-

1892 4047 1944 4119 ti
1964 4054 2018 4101 et
2054 4047 2144 4119 alii
2196 4063 2332 4104 mss.
2385 4049 2478 4101 ἐπὶ
2519 4050 2617 4119 τῆς
2646 4049 2817 4119 αὐτῆς
2853 4049 3056 4118 χώρας,
3089 4046 3144 4099 in
3173 4054 3352 4119 eadem
3384 4059 3467 4097 re-

1892 4117 2063 4183 gione,
2096 4118 2148 4171 id
2196 4129 2301 4183 est,
2344 4136 2467 4173 cum
2504 4116 2583 4173 in'
2606 4116 2793 4172 eadem
2828 4116 3045 4187 régiune
3079 4116 3334 4177 verseris,
3365 4129 3467 4187 nec

1890 4187 2002 4257 jam
2059 4189 2236 4241 locum
2287 4205 2352 4243 ex
2398 4190 2514 4243 loco
2545 4195 2744 4243 mutes.
2789 4185 2972 4243 Codex
3013 4186 3369 4257 Anglicanus,
3410 4185 3467 4239 in

1893 4254 2003 4326 quo
2025 4262 2369 4330 perspicuum
2398 4269 2481 4313 est
2506 4274 2693 4314 vocem
2721 4259 2976 4330 πατρίδος
3006 4254 3465 4330 assutamfnisse,

1892 4325 1986 4398 dat
2018 4328 2347 4396 conjiciendi
2378 4330 2614 4398 copiam,
2639 4325 2930 4397 scripsisse
2962 4329 3219 4383 Basiliam
3251 4326 3343 4379 ἐπὶ
3363 4325 3462 4395 τῆς

1891 4396 2097 4468 ἀυτῆς,
2134 4396 2468 4468 supplendo
2535 4398 2719 4468 χώρας
2742 4396 2767 4429 ί
2833 4400 2886 4452 in
2935 4398 3213 4451 nonnullis
3283 4405 3466 4449 autem

1890 4467 2056 4539 libris
2080 4467 2323 4522 additum
2366 4467 2545 4523 fuisse
2579 4470 2781 4539 χώρας,
2821 4469 3030 4539 inanis
3060 4482 3364 4539 vero,_cum
3399 4468 3467 4519 ad

1888 4538 2190 4610 marginem
2236 4540 2501 4608 scriptum
2547 4537 2693 4610 esset
2724 4538 3009 4610 πατρίδος,
3037 4547 3096 4590 ιιι
3131 4537 3468 4610 indicaretur

1887 4605 2083 4675 quoin
2127 4608 2245 4662 loco
2286 4605 2593 4663 moraretur
2623 4605 2959 4671 Eustathius,
3001 4609 3137 4661 hanc
3179 4620 3368 4660 vocem
3409 4605 3467 4659 in

1888 4685 2205 4731 conlexlum
2257 4681 2542 4749 migrasse.
2590 4677 3051 4749 Caeterumihanc
3094 4676 3466 4745 conjecturam

1890 4748 2150 4816 praeferre
2184 4748 2692 4817 noluiantiquissin
2719 4750 2765 4803 is
2791 4748 3096 4801 codicibus.

1962 4818 2095 4889 (52),
2143 4815 2579 4889 Ὑπερεϐἀλετο.
2640 4817 2732 4874 Sic
2781 4819 3024 4889 quinque
3082 4815 3274 4887 optimi
3328 4829 3464 4870 mss.

1889 4884 2045 4960 Edit
2077 4884 2494 4960 ὑπερεϐάλλετο.

1962 4958 2072 5027 (5⁸5)
2107 4954 2258 5027 (mihi
2300 4960 2369 5013 δὲ
2400 4957 2635 5027 χρῆναι.
2688 4956 2807 5011 Huc
2846 4956 3123 5028 spectabat
3148 4954 3467 5028 perelegans

1891 5025 2077 5100 Basilii
2110 5025 2306 5083 ironia.
2346 5025 2736 5100 Naniiﬁngere
2783 5043 2840 5082 se
2878 5025 2932 5080 in
2973 5027 3210 5095 aliquam
3250 5026 3466 5100 opinio-

1890 5113 2014 5152 nem
2053 5099 2371 5162 inelinasse,
2425 5099 2519 5153 sed
2567 5096 2686 5152 eam
2738 5106 2989 5152 coactum
3040 5111 3164 5150 esse
3214 5096 3464 5164 rejicere,

1891 5181 2153 5238 peracuta
2184 5179 2268 5223 est
2298 5169 2581 5238 refellendi
2612 5168 2771 5221 ratio.

1963 5237 2076 5305 (54)
2106 5239 2505 5309 Παράσχοιτο.
2550 5237 2799 5309 ριιοῑιιοιή
2825 5235 3043 5309 codices
3086 5250 3248 5309 mss,
3292 5233 3346 5288 in
3382 5234 3470 5309 his

1891 5306 2093 5431 Coisl.6
2112 5305 2403 5378 primus'et
2443 5309 2615 5373 Har|.,
2661 5308 2934 5379 παράσχοι
2975 5306 3058 5371 τό,
3105 5306 3247 5359 alius
3291 5305 3471 5377 παρά-

1893 5393 1995 5431 (rm
2033 5396 2063 5430 τ
2100 5418 2113 5431 .

1893 5394 1995 5432 σγη
2033 5394 2113 5432 το.

1927 5396 2533 5518 λῖἓέῖᾟροελοίμβθα.
2565 5444 2815 5512 Quatuor
2844 5446 3062 5518 codices
3102 5459 3243 5499 mss.
3274 5457 3470 5518 nempe

1891 5513 2230 5587 Anglicanus
2280 5527 2336 5573 et
2365 5513 2673 5573 'Vatieanus
2722 5534 2847 5587 cum
2906 5514 3080 5587 Regio
3125 5513 3369 5571 secundo
3406 5513 3469 5566 et

1891 5585 2230 5661 Coisliniano
2273 5587 2515 5661 secundo
2547 5586 2919 5661 προϊδοίμεθα,
2951 5585 3139 5642 melius
3176 5600 3335 5658 quam
3372 5598 3469 5638 nos

1856 5670 1861 5675 '
1894 5659 1993 5713 insi
2025 5659 2291 5732 providere
2318 5659 2603 5733 possimus,
