3912 6214
473 200 589 261 223

1038 345 1381 404 EPISTOLA
1417 345 1501 402 Il'.

473 461 1084 533 Gregorio_nihil__c_uranti_
1113 464 1180 533 de_
1196 463 1292 515 situ
1315 460 1597 516 solitudinis
1624 461 1803 533 ﬁasilii
1816 500 1830 523 ,
1875 462 1962 533 sed
1984 460 2113 533 scire
2144 461 2304 533 eventi

1774 199 1833 256 S.
1874 197 2124 256 BASILII
2161 196 2377 255 MAGN!

3635 198 3748 258 ω

2723 342 2919 399 ΕΠΙΣἸ
2929 345 3072 399 UAh
3107 344 3184 399 Β.

2409 461 2582 533 qmodo
2604 460 2673 514 ibi
2692 462 2902 537 giretur,
2935 460 3130 534 exponit
3156 458 3479 534 Basiliusnon
3842 430 3845 431 ν

2409 528 2621 572 nendum
2658 532 2721 572 sit
2743 538 2762 572 :
2798 532 2977 572 ouante
3009 531 3106 572 sint
3125 524 3402 572 solitudinis
3423 522 3488 572 ad
3521 533 3573 572 ni

539 499 2071 596 ᾗξὲἓιῗιὶἶξὶῑὶἶίιῗὶἕῖἦῑηζῖαῖξῐξιΓεῒέὃὴ¹ίέἷιςξῐῶἶῑὲ⁹ὶῇρῗῖεἶὲξξ
2085 499 2322 596 ἱεᾶἶῖῇὶὲἱί
2343 499 3488 596 ῗιῖεἲὲξῖἆὲηῗἦ⁹ἷ¹⁴ξιξϊηῦι⁶¹ἓῖἱὶἴεᾶἷᾷἱᾷὢέξέᾱ
3498 499 3573 596 "fi?

537 582 834 652 adiumenta,
857 586 1097 652 quomodo
1118 582 1494 652 scripturarum
1515 584 1727 652 lectioni
2108 582 2286 648 oratio,
2318 582 2439 652 quid
2461 584 2514 638 in
2534 600 2755 639 sermone
2773 582 2821 638 ei
2844 585 2894 638 in
2916 585 3130 648 incessu,
3158 584 3277 650 quid
3300 582 3353 636 in
3367 582 3473 636 cibo
3486 582 3534 636 et
3563 588 3682 647 potu
3699 584 3751 633 et

538 645 831 708 veitimeiuo,
854 645 973 713 quid
998 647 1050 699 in
1071 645 1244 700 somno
1258 645 1627 699 observandum.

1004 756 1247 813 Basilius
1291 757 1567 829 Gregorio.

550 867 603 921 1.
636 866 847 938 Agnovi
886 869 1173 939 epistolam
1219 879 1391 933 tuam,
1420 869 1570 925 velut
1625 869 1720 939 qui
1762 868 2065 925 amicorum

479 953 684 1013 liberos
725 974 793 1013 ex
849 967 1148 1031 apparente
1213 960 1271 1014 in
1340 959 1475 1031 ipsis
1527 959 1892 1017 similitudine
1938 974 2068 1015 cum

480 1048 806 1118 parentibus
850 1059 1212 1122 cognoscunt.
1272 1050 1430 1118 Quod
1453 1053 1600 1107 enim
1632 1053 1735 1117 ais,
1775 1052 1883 1107 loci
1915 1059 2067 1107 stru-

480 1146 693 1193 cturam
725 1142 905 1213 magni
958 1145 1220 1199 momenti
1253 1159 1363 1199 non
1405 1159 1531 1201 esse
1577 1145 1646 1199 ad
1695 1145 1952 1201 ciendum
2010 1145 2068 1200 in

479 1232 662 1284 animo
734 1244 828 1287 tuo
899 1233 1233 1290 desiderium
1305 1236 1528 1307 aliquod
1597 1237 1725 1293 vitae
1772 1238 2064 1294 nobiscum

480 1322 723 1391 agendae,
774 1335 1066 1396 antequam
1105 1328 1173 1382 de
1211 1328 1466 1383 instituto
1510 1343 1574 1384 ac
1599 1330 1820 1385 vivendi
1851 1330 2067 1385 ratione

479 1416 687 1486 aliquid
733 1418 1032 1486 didiceris;
1070 1425 1337 1479 sententia
1369 1440 1497 1481 vere
1548 1434 1643 1480 tua
1700 1434 1807 1492 est,
1863 1435 2068 1497 tuoque

478 1508 640 1575 digna
668 1510 871 1575 animo,
896 1511 998 1582 71
1032 1514 1124 1584 qui
1162 1523 1378 1569 terrena
1416 1515 1602 1570 omnia
1629 1516 1765 1571 nihil
1794 1531 1919 1573 esse
1948 1517 2068 1572 exi-

477 1599 708 1667 stimas,
742 1602 811 1657 ad
851 1602 1247 1660 beatitudinem
1279 1606 1442 1663 nobis
1473 1607 1529 1662 in
1574 1606 2067 1677 pollicitationibus

478 1689 800 1757 repositam.
870 1690 1011 1757 Quid
1072 1702 1257 1749 autem
1301 1695 1417 1765 ipse
1493 1695 1551 1750 in
1616 1695 1721 1751 bac
1767 1696 2068 1753 solitudine

478 1789 648 1834 noctu
700 1796 766 1836 ac
827 1782 1069 1838 interdiu
1110 1801 1267 1855 agam
1303 1825 1318 1849 ,
1372 1788 1557 1844 dicere
1610 1787 1799 1858 pudet.
1847 1786 2067 1859 Reliqui

477 1867 732 1936 equidem
781 1870 937 1928 urbis
1007 1875 1515 1943 commorationes,
1578 1886 1639 1932 ut
1700 1878 2071 1933 innumerabi-

478 1957 613 2012 lium
655 1960 921 2016 malorum
966 1978 1166 2020 causas
1198 1984 1212 2020 :
1245 1973 1302 2019 at
1332 1981 1420 2022 me
1458 1968 1576 2038 ipse
1605 1971 1850 2024 nondum
1902 1969 2068 2024 relin-

2088 758 2140 817 Α

2545 761 2871 828 Βασίλειος
2907 759 3214 830 Γρηγορίφ
3236 758 3372 830 (56).

2239 874 2293 929 1.
2338 874 2614 945 Ἐπέγνων
2637 891 2731 928 σου
2754 874 2855 946 τὴν
2877 872 3183 944 ἑπιστολὴν,
3209 870 3399 942 ὥσπερ
3420 870 3471 924 οἶ
3489 868 3616 933 τοὺς
3635 867 3750 922 τῶν

2169 965 2339 1036 φίλων
2371 967 2568 1031 παῖδας
2606 968 2671 1022 ὲκ
2694 967 2795 1037 τῆς
2820 964 3246 1036 ὲπιφαινομένης
3285 963 3468 1026 αὐτοῖς
3493 960 3751 1031 ὁμοιότη-

2165 1073 2260 1122 τος
2288 1057 2426 1129 πρὸς
2463 1058 2591 1121 τοὺς
2631 1057 2891 1120 τεκόντας
2932 1054 3352 1124 ὲπιγινώσκουσι
3376 1050 3508 1123 (57).
3537 1050 3613 1104 Τὸ
3635 1050 3750 1122 γὰρ

2172 1150 2246 1221 μὴ
2284 1150 2427 1221 μέγα
2456 1145 2595 1205 εἶναι
2626 1149 2798 1219 φῆσαι
2826 1149 2927 1220 τὴν
2950 1146 3046 1202 τοῦ
3073 1147 3239 1200 τόπου
3268 1142 3608 1213 κατασκευὴν
3631 1142 3747 1212 (58)

2167 1240 2305 1312 πρὸς
2331 1241 2393 1294 τὸ
2446 1241 2746 1312 ἐμποιῆσαι
2796 1240 2975 1310 ὁρμήν
3003 1254 3124 1292 τινα
3155 1238 3220 1307 τῇ
3258 1234 3404 1309 ψυχῇ
3434 1251 3528 1287 σου
3550 1235 3633 1296 είς
3656 1231 3750 1284 τὸν

2171 1333 2288 1404 μεθ’
2317 1331 2475 1403 ἡμῶν
2506 1332 2641 1403 βίον,
2677 1330 2810 1403 πρὶν
2856 1330 2922 1385 ἂν
2955 1330 3087 1402 περὶ
3104 1329 3198 1383 τοῦ
3229 1328 3433 1400 τρόπου
3480 1342 3535 1379 τι
3566 1323 3751 1396 μάθῃς

2166 1427 2263 1480 καὶ
2314 1426 2415 1496 τῆς
2464 1423 2764 1493 διαγωγῆς,
2803 1422 2898 1476 σὸν
2941 1417 3011 1493 ἦν
3042 1421 3212 1484 ϐντως
3239 1419 3301 1473 τὸ
3332 1418 3624 1488 διανόημα,
3651 1414 3751 1469 καὶ⁹

2164 1516 2265 1587 τῆς
2300 1516 2399 1586 σῆς
2448 1513 2630 1585 ψυχῆς
2662 1513 2812 1580 ἄξιον
2843 1510 2979 1583 (59),
3011 1509 3113 1580 τῆς
3140 1508 3317 1563 πάντα
3345 1506 3414 1565 τὰ
3431 1506 3555 1578 τῇδε
3580 1505 3751 1577 μηδὲν
3846 1502 3857 1509 ”

2165 1609 2480 1680 τιθεμένης,
2515 1606 2656 1679 πρὸς
2700 1607 2803 1679 τὴν
2832 1606 2892 1659 ὲν
2920 1602 3274 1672 ἐπαγγελίαις
3298 1602 3429 1671 ἡμῖν
3448 1595 3751 1668 ἀποκειμέ-

2166 1720 2265 1773 νην
2320 1701 2721 1773 μακαριότητα.
2791 1695 3031 1776 Ἐγὼδὲ
3068 1694 3106 1752 ἃ
3135 1694 3233 1765 μὲν
3277 1692 3418 1747 ποιῶ
3448 1691 3613 1754 αὐτὸς
3657 1688 3753 1742 ἐπὶ

2165 1794 2268 1865 τῆς
2322 1795 2581 1865 ἐσχατιᾶς
2632 1791 2839 1862 ταύτης
2880 1789 3075 1853 νυκτὸς
3119 1787 3216 1844 καὶ
3244 1785 3476 1858 ἡμέρας,
3515 1783 3754 1854 γράφειν

2166 1886 2520 1958 αἰσχύνομαι.
2564 1884 2873 1939 Κατέλιπον
2914 1882 3014 1954 μὲν
3046 1880 3157 1953 γὰρ
3212 1880 3312 1944 τὰς
3347 1881 3407 1932 ὲν
3445 1878 3597 1933 ἄστει
3631 1875 3750 1928 δια-

2165 1980 2383 2051 τριϐὰς,
2415 1980 2490 2043 ὡς
2526 1978 2732 2050 μυρίων
2748 1974 2936 2031 κακῶν
2960 1971 3236 2044 ἀφορμὰς,
3258 1970 3489 2043 ἐμαυτὸν
3515 1968 3571 2021 δὲ
3595 1965 3754 2020 οῦπω

479 2065 650 2118 quere
693 2052 866 2122 potui.
917 2052 1024 2109 Sed
1082 2056 1282 2113 similis
1318 2073 1440 2114 sum
1491 2060 1809 2116 hominibus
1835 2060 1891 2115 in
1926 2060 2064 2115 mari

2173 2070 2453 2125 ἀπολιπεῖν
2509 2068 2804 2139 ἠδυνήθην.
2856 2065 2995 2119 Ἀλλ’
3027 2063 3212 2135 ὅμοιός
3241 2064 3358 2133 εἰμι
3405 2063 3518 2123 τοῖς
3560 2060 3619 2111 ὲν
3652 2055 3751 2161 θα-

478 2155 694 2195 summa
748 2142 1087 2211 dillicultate,
1141 2163 1207 2203 eo
1240 2149 1385 2219 quod
1420 2151 1714 2220 navigandi
1764 2152 2065 2208 insolentes

477 2231 636 2297 sint,
700 2232 1082 2294 laborantibus
1122 2246 1177 2295 et
1229 2242 1669 2308 nauseantibus,
1726 2243 1819 2313 qui
1857 2243 2065 2313 navigii

480 2324 936 2396 magnitudinem,
968 2338 1027 2384 ut
1056 2330 1436 2388 vehementius
1490 2335 1888 2389 succuticntem
1920 2349 2066 2405 aegre

479 2413 702 2480 ferunt,
736 2418 970 2488 indeque
1002 2420 1059 2475 in
1116 2422 1357 2477 lembum
1404 2432 1492 2477 aut
1547 2425 1855 2479 naviculam
1893 2435 2069 2479 trans-

474 2515 709 2574 euntes,
746 2510 947 2579 ubique
1008 2522 1279 2567 nauseant
1317 2520 1372 2567 et
1420 2515 1476 2568 in
1525 2516 1796 2585 angustiis
1842 2531 2067 2571 versan-

477 2600 569 2648 tur
607 2611 620 2646 τ
654 2612 761 2650 una
799 2601 944 2652 enim
970 2615 1095 2655 cum
1127 2602 1263 2672 ipsis
1313 2606 1513 2660 transit
1561 2621 1768 2661 nausea
1807 2621 1872 2661 ac
1915 2607 2061 2661 bilis.

477 2686 563 2740 Ad
604 2688 750 2744 hunc
788 2691 957 2762 igitur
992 2694 1214 2750 modum
1252 2712 1311 2752 se
1336 2714 1559 2769 quoque
1609 2708 1816 2757 nostra:
1856 2716 1943 2756 res
1975 2702 2068 2755 ba-

477 2777 627 2833 bent.
673 2779 809 2835 Nam
863 2784 1060 2841 insitos
1104 2786 1272 2841 animi
1314 2790 1537 2843 morbos
1592 2790 2064 2860 circumferentes,

480 2872 685 2942 ubique
738 2872 932 2930 iisdem
983 2879 1494 2946 perturbationibus
1558 2898 1749 2939 sumus
1813 2883 2062 2938 obnoxii.

480 2962 663 3028 Quare
706 2979 817 3020 non
869 2983 1196 3039 magnopere
1240 2971 1414 3042 adjuti
1470 2988 1664 3029 sumus
1704 2974 1811 3029 hac
1870 2975 2067 3031 solitu-

478 3054 629 3110 dine.
679 3053 809 3122 Quze
842 3066 1023 3113 autem
1055 3059 1199 3115 facta
1248 3072 1548 3131 oporteret,
1601 3072 1657 3119 et
1708 3065 1851 3119 unde
1904 3067 2066 3123 nobis

478 3145 705 3202 daretur
759 3148 1027 3205 inhaerere
1070 3153 1315 3223 vestigiis
1368 3155 1488 3224 ejus
1545 3156 1641 3225 qui
1699 3157 1896 3213 salutis
1954 3158 2063 3214 dux

477 3236 584 3292 fuit
608 3239 693 3307 (Si
719 3241 835 3310 quis
859 3243 1020 3307 enim,
1048 3243 1247 3313 inquit,
1275 3245 1384 3298 vult
1407 3254 1526 3313 post
1566 3263 1647 3301 nte
1680 3249 1874 3313 uenire,
1904 3249 2068 3303 abne-

476 3338 562 3400 get
599 3333 973 3400 semetipsum,
1007 3341 1058 3388 et
1092 3334 1248 3388 tollat
1280 3351 1491 3391 crucem
1516 3354 1707 3405 suam,
1742 3349 1793 3394 et
1818 3351 2068 3411 sequatur

477 3437 560 3476 ine
575 3422 667 3493 ³ο),
703 3423 818 3478 haec
845 3430 993 3480 sunt.

547 3514 605 3573 2.
639 3513 968 3573 Enitendum
996 3525 1102 3585 est,
1153 3529 1213 3576 ut
1245 3529 1483 3577 mentem
1534 3531 1785 3594 pacatam
1818 3540 1883 3581 ac
1904 3527 2065 3596 quie-

476 3612 590 3660 tam
632 3607 951 3665 habeamus.
987 3608 1463 3677 Quemadmodum
1508 3612 1655 3669 enim
1713 3617 1910 3672 oculus
1937 3632 2067 3672 con-

477 3697 719 3754 tinenter
771 3700 1176 3770 circumactus,
1240 3711 1296 3758 et
1338 3716 1488 3757 nunc
1527 3705 1750 3776 quidem
1803 3705 1861 3760 in
1918 3706 2062 3761 obli-

436 3856 439 3859 δ
480 3804 591 3861 qua
619 3789 882 3856 deﬂexus,
921 3808 1071 3849 nunc
1099 3809 1231 3849 vero
1281 3809 1505 3851 sursum
1552 3811 1617 3851 ac
1649 3796 1909 3854 deorsum
1956 3798 2067 3855 fre-

482 3889 715 3950 quenter
754 3892 1071 3951 contortus,
1120 3886 1270 3942 clare
1299 3901 1365 3943 ac
1416 3888 1705 3959 perspicue
1748 3905 1863 3947 rem
1909 3891 2062 3961 obje-

477 3979 624 4030 ctam
662 3989 888 4033 cernere
916 3992 1025 4033 non
1054 3987 1235 4050 potest
1260 3996 1275 4045 ;
1315 3980 1412 4036 sed
1453 3982 1626 4037 aciem
1659 3982 1716 4037 in
1745 3997 1858 4039 rem
1885 3983 2057 4039 visam

478 4065 640 4139 deligi
679 4077 925 4139 oportet,
960 4072 1007 4127 si
1041 4073 1203 4128 modo
1242 4075 1537 4146 perspicua
1564 4076 1748 4133 futura
1769 4086 1851 4134 est
1877 4079 2057 4135 visio:

481 4158 557 4215 ita
584 4167 639 4217 et
680 4161 919 4218 humana
962 4180 1118 4223 mens
1157 4169 1434 4225 sexcentis
1455 4170 1647 4225 mundi
1684 4171 1834 4227 curis
1871 4172 2065 4228 distra-

556 4314 603 4348 "
625 4312 816 4370 Matth.
855 4333 968 4386 xvn,
995 4319 1089 4377 24.

559 4467 764 4543 ξνᾼιίοε
785 4468 826 4524 1.
862 4470 1078 4543 Scripta
1113 4474 1270 4529 initio
1298 4490 1575 4535 secessus.
1674 4462 1679 4469 ’

554 4538 670 4615 (56)
701 4538 1021 4615 Βασίλειοξν
1040 4546 1363 4615 Γρηγορίῳ.
1392 4547 1546 4600 Hunc
1572 4548 1788 4602 titulum
1813 4548 2060 4603 eruimus

484 4612 812 4683 exduobus
856 4612 1245 4671 vetustissimis
1290 4618 1609 4683 codicubus,
1677 4617 1960 4672 Harlreann
2006 4626 2062 4673 et

2166 2163 2341 2235 λάσσῃ
2371 2161 2475 2214 ὑπὸ
2510 2161 2611 2231 τῆς
2649 2157 2791 2213 κατὰ
2819 2157 2910 2212 τὸν
2938 2154 3106 2210 πλοῦν
3145 2152 3401 2224 ἀπειρίας
3420 2146 3752 2220 ἀπορουμέ-

2165 2271 2279 2317 νοις
2312 2252 2423 2323 (60)
2463 2253 2557 2306 καὶ
2608 2249 2901 2306 ναυτιῶσιν
2926 2265 2941 2280 ·
2982 2247 3033 2301 οἳ
3075 2246 3155 2317 τῷ
3191 2244 3409 2316 μεγέθει
3438 2241 3534 2295 τοῦ
3558 2238 3748 2293 πλοίου

2164 2343 2625 2414 δυσχεραίνουσιν,
2665 2342 2743 2406 ὡς
2798 2340 2964 2395 πολὺν
3009 2338 3101 2392 τὸν
3137 2336 3295 2392 σάλον
3346 2331 3749 2404 παρεχομένῳ,

2165 2437 2420 2491 κάκεῖθεν
2442 2436 2535 2490 ἐπὶ
2563 2435 2656 2488 τὸν
2687 2432 2942 2505 λέμϐονῆ
2970 2430 3031 2485 τὸ
3051 2430 3275 2484 ἀκάτιον
3311 2426 3748 2499 μεταϐαίνοντες,

2166 2528 2445 2599 πανταχοῦ
2468 2529 2727 2583 ναυτιῶσι
2778 2526 2873 2580 καὶ
2906 2523 3267 2596 ἀποροῦνταιο
3302 2519 3745 2592 συμμετέρχεται

2164 2621 2272 2695 γὰρ
2306 2623 2487 2684 αὐτοῖς
2517 2622 2550 2693 ή
2583 2621 2743 2692 ἀηδία
2780 2618 2889 2690 (61)
2917 2618 3011 2672 καὶ
3044 2619 3077 2688 ἡ
3104 2614 3258 2686 χολή.
3293 2612 3543 2667 τοιοῦτον
3571 2607 3667 2664 οὖν
3687 2626 3745 2663 τι

2166 2715 2260 2767 καὶ
2290 2714 2351 2767 τὸ
2382 2713 2669 2785 ἡμέτερον.
2702 2712 2783 2765 Τὰ
2820 2711 2930 2782 γὰρ
2982 2708 3165 2763 ἐνοικα
3211 2705 3359 2775 πάθη
3405 2701 3751 2776 συμπεριφέ-

2171 2823 2374 2876 ροντες,
2400 2803 2676 2873 πανταχοῦ
2729 2801 2867 2874 μετὰ
2914 2801 3023 2854 τῶν
3049 2799 3250 2871 ὁμοίων
3283 2795 3526 2869 θορύϐων
3550 2791 3748 2863 ὲσμέν·

2166 2897 2307 2950 ὥστε
2348 2897 2500 2951 οὐδὲν
2535 2897 2677 2968 μέγα
2728 2896 2826 2967 τῆς
2879 2893 3114 2966 ἐρημίας
3153 2891 3490 2962 ἀπωνάμεθα
3524 2888 3748 2959 ταύτης.

2173 2991 2239 3042 Ἀ
2272 2992 2454 3060 μέντοι
2478 2991 2648 3041 ποιεῖν
2686 2986 2813 3050 ἔδει,
2840 2988 2936 3039 καὶ
2964 2985 3086 3038 ὅθεν
3112 2983 3352 3055 ὑπῆρξεν
3380 2982 3447 3037 ἂν
3477 2982 3610 3052 ἡμῖν
3637 2977 3749 3033 τῶν

2174 3081 2335 3151 ἰχνῶν
2386 3080 2602 3150 ἔχεσθαι
2645 3079 2740 3133 τοῦ
2792 3078 2930 3150 πρὸς
2976 3077 3249 3149 σωτηρίαν
3288 3071 3747 3143 καθηγησαμένου

2169 3172 2267 3241 (El
2294 3189 2385 3237 τις
2410 3172 2542 3242 γὰρ,
2569 3172 2723 3241 φησὶ,
2760 3169 2920 3227 θέλει
2947 3171 3140 3223 ὀπίσω
3155 3186 3274 3238 μου
3304 3166 3522 3228 ἐλθεῖν,
3555 3164 3751 3231 ἀπαρ-

2166 3262 2456 3328 νησάσθω
2481 3260 2717 3324 ἑαυτὸν,
2744 3260 2843 3313 καὶ
2885 3258 3079 3327 ἀράτω
3102 3258 3207 3311 τὸν
3237 3254 3503 3324 σταυρὸν
3533 3251 3748 3315 αὑτοῦ,

2168 3353 2268 3406 καὶ
2298 3353 2700 3407 ἀκολουθείτω
2719 3352 2865 3423 μοι),
2894 3349 3069 3405 ταῦτά
3105 3350 3273 3401 ἐστιν.

2236 3527 2292 3582 2.
2335 3529 2424 3581 Ἐν
2455 3527 2657 3599 ἡσυχίᾳ
2678 3526 2791 3598 (62)
2814 3526 2907 3580 τὸν
2937 3523 3062 3579 νοῦν
3090 3524 3233 3595 ἔχειν
3259 3521 3551 3594 πειρᾶσθαι
3577 3537 3750 3592 προσ-

2165 3624 2309 3695 ήκει.
2345 3622 2434 3685 Ὠς
2457 3621 2566 3692 γὰρ
2617 3618 2894 3689 ὀφθαλμὸν
2938 3615 3332 3687 περιαγόμενον
3360 3611 3617 3683 συνεχῶς,
3649 3610 3749 3664 καὶ

2165 3712 2263 3767 νῦν
2316 3713 2413 3784 μὲν
2460 3713 2552 3765 ἐπὶ
2585 3710 2653 3765 τὰ
2686 3710 2891 3778 πλάγια
2923 3708 3375 3780 περιφερόμενον,
3404 3702 3499 3757 νῦν
3521 3702 3580 3756 δὲ
3609 3702 3749 3773 πρὸς

2164 3804 2233 3858 τὰ
2263 3804 2374 3858 ἄνω
2400 3804 2494 3856 καὶ
2521 3792 2671 3856 κάτω
2692 3800 2871 3856 πυκνὰ
2896 3798 3404 3872 μεταστρεφόμενον
3425 3834 3439 3857 ,
3478 3794 3607 3848 ίδεῖν
3655 3794 3748 3847 sv—

2166 3895 2352 3968 αργῶς
2373 3894 2434 3948 τὸ
2453 3893 2808 3963 ὑποκείμενον
2829 3891 2940 3964 (65)
2954 3892 3051 3962 οὐχ
3079 3887 3190 3944 οἷόν
3206 3906 3288 3953 τε,
3302 3886 3435 3943 ἀλλὰ
3450 3885 3555 3957 χρὴ
3572 3900 3751 3955 προσδ-

2166 3984 2476 4058 ερεισθῆναι
2509 3985 2607 4054 τὴν
2650 3983 2770 4052 ὄψιν
2808 3982 2885 4053 τῷ
2916 3981 3198 4054 ὁρωμένῳ,
3240 3982 3289 4033 εί
3322 3976 3505 4050 μέλλοι
3536 3976 3745 4045 ἐναργῆ

2168 4078 2335 4132 αὐτοῦ
2369 4077 2640 4130 ποιεῖσθαι
2674 4076 2773 4147 τὴν
2803 4075 2964 4129 θέανο
3001 4073 3145 4127 οὕτω
3171 4072 3267 4126 καὶ
3300 4070 3424 4125 νοῦν
3453 4065 3749 4139 ἀνθρώπου

2170 4171 2277 4225 ὑπὸ
2303 4169 2511 4242 μυρίων
2534 4168 2641 4224 τῶν
2666 4168 2808 4223 κατὰ
2829 4168 2920 4221 τὸν
2952 4166 3156 4237 κόσμον
3186 4162 3483 4235 φροντίδων
3511 4156 3750 4231 περιελ-

2164 4478 2243 4533 tio
2291 4475 2625 4532 Parisiensis
2671 4475 2893 4531 ἀκηδία.
2949 4472 3057 4529 Sed
3092 4488 3228 4528 mss.
3273 4472 3492 4527 codices
3541 4469 3742 4535 δειλία,

2165 4566 2349 4617 pavor,
2384 4562 2506 4615 quae
2537 4562 2641 4601 vox
2684 4547 2867 4600 minus
2909 4542 3195 4617 commoda
3224 4544 3442 4617 videtur
3468 4541 3745 4617 Cymbgli:

2170 4611 2273 4673 sio.
2306 4611 2476 4672 Paulo
2504 4624 2624 4686 post
2666 4617 2885 4672 codices
2926 4614 3174 4686 nonnulli
3210 4614 3352 4683 μέγα
3380 4615 3444 4666 ἐκ
3474 4612 3596 4681 τῆς.
3635 4611 3743 4666 Sed

487 4682 837 4778 ξὶοίξιίιιίοίῃοΔ
854 4684 1053 4765 primo.
1079 4683 1315 4778 JLe'gitur
1354 4689 1410 4743 in
1451 4690 1731 4744 nonnullis
1771 4690 1808 4741 Γ
1814 4691 2059 4761 ρηγορίῳ
2093 4723 2138 4778 D
2165 4689 2403 4778 Basilius
2432 4682 2880 4778 prigpositionern
2911 4694 3033 4754 post
3064 4685 3180 4778 hoc

485 4752 706 4877 haépq),
736 4750 983 4823 Gregorio
1012 4750 1208 4809 sodali.

558 4823 576 4877 l
617 4823 671 4877 7i
723 4821 1208 4877 'Emwrdiaxovo.

558 4821 671 4898 (_5_7)
723 4821 1244 4898 ’gnirirdiaxovm.
1294 4823 1372 4879 Ita
1401 4827 1794 4898 _yetuslissimi
1852 4828 2057 4898 quique

489 4892 731 4967 codices.
754 4893 1371 4967 Editi_énvivtboxouotv.
1401 4892 1556 4950 Unus
1602 4914 1669 4951 ex
1706 4892 1890 4967 Regiis
1940 4892 2061 4952 επι-

487 4961 1142 5039 γινιθσκρντεςηδιψὶηιὶο
1162 4973 1374 5022 veteres
1395 4967 1603 5037 aliquot
1626 4969 1748 5023 libri
1769 4961 1822 5021 τι
1845 4968 2054 5039 μάθοις.

559 5032 670 5102 (58)
702 5030 836 5087 Vide
867 5032 1144 5102 Addenda.

560 5101 673 5171 (59';
709 5103 926 5168 Ἄξιον.
980 5101 1135 5158 Hanc
1172 5119 1362 5158 vocem
1401 5104 1711 5160 addidimus
1760 5123 1830 5161 ex
1884 5108 2063 5163 tribus

487 5171 886 5246 vetustissimis
907 5173 1438 5246 Δ00(ιίςήιιιιεκλιιιινι..
1469 5176 1638 5230 Coisl.
1665 5177 1842 5246 primo
1872 5187 1926 5232 et
1950 5177 2061 5232 Mc-

489 5241 684 5313 dica‘o.
719 5242 812 5296 Sic
849 5242 1013 5311 etiam
1035 5244 1208 5313 habet
1234 5242 1436 5313 Regius
1468 5241 1763 5301 secundus.

565 5310 680 5381 (60)
724 5310 1193 5385 Ἀπορουμένοις.
1222 5310 1341 5383 Ope
1362 5321 1675 5370 eorumdem
1709 5326 1948 5385 quatuor
1978 5332 2072 5370 co-

486 5380 675 5458 dicum
708 5380 1122 5458 eincndavimus
1148 5380 1298 5454 quod
1333 5386 1389 5441 in
1423 5387 1586 5442 editis
1619 5380 1897 5458 lege-batur
1924 5387 2067 5440 κατὰ

493 5449 734 5523 πλοῦν...
751 5451 953 5523 ἀπολλυ
961 5452 1163 5523 μένοις.

566 5519 1076 5592 (61)--Ἄηδίαᾙ8ἱε
1122 5523 1291 5577 editio
1343 5522 1694 5592 Basileensis,
1739 5525 1908 5582 Coisl.
1950 5527 2064 5592 pri-

496 5586 968 5657 nius,'Vaticanus
992 5600 1046 5649 et
1072 5594 1212 5649 alius
1253 5610 1281 5648 a
1322 5592 1649 5653 Combeﬁsio
1681 5586 1906 5653 citatus.
1945 5586 2065 5651 Edi-

2163 4775 2273 4813 non
2310 4753 2471 4812 solet.
2508 4753 2753 4811 subinde
2792 4753 3182 4823 plerarumque
3213 4754 3466 4807 codicum
3497 4753 3743 4805 auctori-

2163 4838 2277 4884 tate
2305 4828 2618 4882 addidimus
2648 4824 2898 4883 voculatn
2920 4826 3007 4892 ἄν,
3030 4832 3085 4879 et
3116 4824 3420 4879 (Ielcvimus
3448 4824 3581 4894 ἡμῖν
3617 4828 3743 4891 post

2164 4898 2460 4958 σωτηρίαν.

2237 4916 2496 5042 ῗὲἓὲςῖαξέν
2528 4963 2953 5042 ήσυχίᾳηΑιιιε
2978 4963 3079 5042 has
3110 4979 3282 5042 voce_s_
3303 4960 3588 5042 legiturin
3620 4959 3741 5042 edi-

2168 5033 2483 5110 ῑίέπρῶτον
2513 5033 2634 5106 μέν,
2658 5033 2828 5105 quod,
2868 5050 2991 5090 cum
3018 5035 3087 5110 ali
3114 5035 3373 5110 omnibus
3408 5033 3616 5086 nostris
3644 5033 3744 5085 ab.

2169 5104 2552 5181 sitcodicibus
2576 5104 2734 5181 mss.,
2762 5104 3183 5181 espungendum
3210 5104 3490 5181 duximus.
3648 5166 3704 5181 Μ

2246 5178 2357 5249 (65)
2388 5178 2495 5249 Καὶ
2528 5166 2761 5249 (κάτω...
2808 5166 3069 5246 ἔναρᾷῶς
3099 5173 3614 5249 τ-ῤ-ὐξιοκείμενογ.
3648 5166 3740 5224 Sic

2173 5240 2386 5320 veteres
2421 5248 2542 5320 libri
2576 5262 2773 5320 magno
2793 5240 3090 5320 consensu.
3120 5243 3263 5320 Editi
3291 5244 3386 5320 κούἶ
3410 5240 3735 5320 τὰικὰτωί..

2172 5317 2420 5389 ἐναργῶς
2448 5318 2545 5386 οὐχ
2578 5308 2694 5369 οἷόν
2713 5334 2792 5389 τε.
2843 5316 3055 5389 llahent
3097 5312 3399 5389 etiam_xal
3439 5308 3736 5389 ica-cuiedi-

2172 5380 2349 5462 ligties
2381 5380 2839 5462 [lagaiiipetlsiset
2867 5385 3211 5462 Basileensis.
3241 5382 3362 5462 μοι
3387 5392 3497 5462 ιτεξέ
3520 5380 3737 5462 codices

2168 5457 2248 5535 τῷ
2277 5453 2486 5535 ὀρατῷῖ
2511 5456 2713 5535 Ibidem
2743 5458 2898 5513 deest
2922 5454 3085 5535 αὐτοῦ
3116 5462 3239 5535 post
3277 5453 3484 5535 ἔξναργῆ
3534 5453 3593 5506 in
3637 5461 3738 5507 00-

2167 5525 2290 5584 dice
2311 5525 2585 5583 Vaticano
2614 5534 2669 5583 et
2699 5543 2806 5585 uno
2832 5544 2897 5584 ex
2924 5525 3359 5584 Combeﬁsianis.
3397 5543 3403 5548 σ
