3888 6214
477 357 591 417 9327

1717 354 1778 411 S.
1811 355 1896 410 BA
1905 354 2055 410 SlLll
2091 355 2311 412 MAGNI

3640 350 3751 408 Ξτὶὸ

479 475 597 533 sole
631 475 749 542 iam
776 474 1373 542 claram,
1411 472 1677 544 δοκι
1714 489 2044 530 conversum

2179 478 2329 548 ἡλίου
2363 473 2615 547 καθαρῶς
2647 473 3066 546 διαλάμψαντος,
3100 474 3189 528 ἐπ’
3222 473 3357 546 ἔργα
3396 472 3750 544 τρεπόμενον,

478 568 783 622 comitante
826 567 1033 637 ubique
1081 565 1332 619 oratione
1358 602 1374 629 ,
1431 564 1659 635 hymnis
1703 567 1866 619 etiam
1900 580 2066 636 Opera

478 667 741 728 tanquam
782 658 896 713 sale
933 656 1213 712 condire?
1261 654 1547 726 Siquidem
1585 657 1815 711 hilarem
1862 657 2066 727 jucun-

479 752 714 819 (Iamque
766 752 962 804 animm
1003 752 1435 819 aequabilitatem
1484 750 1815 820 hymnorum
1871 751 2066 804 solatia

479 843 791 897 conferunt.
851 840 1021 908 Quies
1053 843 1219 911 igitur
1252 842 1582 912 principium
1639 843 2065 911 expurgationis

478 932 713 998 animae,
756 948 856 987 nec
915 934 1099 1004 lingua
1164 934 1421 1004 loquente
1454 948 1542 987 res
1586 933 1896 997 humanas,
1965 949 2066 988 nec

476 1024 655 1079 oculis
704 1024 910 1081 nitidos
961 1040 1260 1096 corporum
1289 1027 1504 1081 colores
1538 1035 1632 1079 aut
1662 1026 2064 1081 concinnitates

478 1117 1086 1186 circumspicientibus;
1157 1132 1259 1173 nec
1305 1118 1494 1172 auditu
1551 1119 1751 1172 animae
1820 1118 2062 1187 vigorem

476 1208 814 1264 dissolvente
866 1225 962 1279 per
1009 1218 1284 1264 acromata
1343 1211 1631 1264 modorum
1690 1209 1759 1263 ad
1810 1210 2061 1279 volupta-

476 1307 585 1355 tem
638 1303 1093 1372 compositurum,
1150 1310 1244 1357 aut
1289 1318 1386 1373 per
1439 1302 1717 1356 hominum
1756 1302 2058 1357 facetorum

476 1408 543 1450 ac
604 1393 961 1449 ridiculorum
1015 1396 1178 1449 verba
1241 1396 1343 1450 :id
1389 1395 1536 1464 quod
1593 1394 1830 1448 maxime
1886 1393 2057 1447 animi

474 1488 586 1543 vim
644 1487 897 1559 frangere
952 1488 1113 1543 solet.
1165 1486 1320 1544 Mens
1349 1489 1518 1550 enim,
1560 1502 1682 1557 qua:
1736 1487 1802 1542 ad
1835 1495 2061 1541 externa

475 1595 586 1635 non
642 1581 988 1649 dissipatur,
1046 1595 1224 1650 neque
1265 1596 1365 1651 per
1414 1584 1613 1636 sensus
1671 1582 1727 1634 in
1794 1579 2059 1633 mundum

474 1673 803 1729 diﬂ'unditur
828 1714 845 1737 ,
879 1673 1022 1727 redit
1089 1673 1310 1742 quidem
1346 1672 1414 1726 ad
1446 1688 1506 1727 se
1548 1674 1702 1742 ipsa;
1734 1687 1831 1741 per
1856 1686 1915 1726 se
1954 1686 2055 1723 au-

472 1774 585 1821 tem
624 1765 694 1819 ad
748 1764 842 1820 Dei
870 1765 1263 1834 regitationem
1322 1763 1612 1829 ascendit;
1644 1771 1825 1832 ,atque
1862 1763 2061 1817 decore

2174 565 2446 637 πανταχοῦ
2491 567 2639 637 αὑτῷ
2682 566 2791 637 (75)
2830 568 2929 638 τῆς
2980 568 3144 638 εὐχῆς
3192 568 3607 638 συμπαρούσης,
3658 568 3751 621 καὶ

2168 659 2281 721 τοῖς
2328 655 2541 726 ὑμνοις,
2597 656 2788 728 ὥσπερ
2838 658 3014 722 ἆλατι,
3063 659 3400 729 παραρτύειν
3446 659 3543 722 τὰς
3586 661 3753 729 ἐργα-

2173 747 2326 809 σίας;
2375 747 2447 799 Τὸ
2492 746 2601 818 γάρ
2645 748 2828 818 ἱλαρὸν
2867 750 2960 801 καὶ
2994 749 3198 802 ἄλυπον
3231 752 3329 819 τῆς
3358 750 3534 819 ψυχῆς
3585 750 3749 802 κατά-

2170 855 2351 908 στημα
2385 839 2440 891 αἱ
2471 838 2578 891 τῶν
2618 838 2800 910 ὓμνων
2838 842 3172 912 παρηγορίαι
3203 842 3532 913 χαρίζονται.
3584 842 3747 894 Ἡσυ-

2168 929 2261 998 χία
2305 926 2398 983 οὖν
2431 930 2572 1002 ἀρχὴ
2620 933 2941 1002 καθάρσεως
2986 937 3053 1004 τῇ
3100 934 3268 1004 ψυχῇ,
3322 935 3458 1004 μήτε
3502 934 3750 1005 γλώττης

2166 1020 2434 1092 λαλούσης
2483 1022 2551 1075 τὰ
2605 1023 2713 1075 τῶν
2755 1023 3079 1094 ἀνθρώπων,
3133 1027 3271 1095 μήτε
3318 1026 3616 1094 ὀφθαλμῶν
3654 1026 3741 1078 εὑο

2167 1112 2358 1182 χροίας
2394 1113 2663 1183 σωμάτων
2715 1116 2807 1167 καὶ
2854 1116 3196 1186 συμμετρίας
3248 1117 3748 1185 περισκοπούντων,

2170 1207 2304 1277 μήτε
2336 1206 2504 1276 ἀκοῆς
2535 1206 2628 1259 τὸν
2652 1206 2804 1259 τόνον
2825 1207 2925 1275 τῆς
2951 1207 3125 1277 ψυχῆς
3144 1207 3441 1276 ἐκλυούσης
3460 1210 3517 1259 ὲν
3546 1209 3752 1278 ἀκροά-

2167 1315 2300 1368 μασι
2337 1298 2445 1369 (74)
2498 1299 2674 1369 μελῶν
2728 1299 2865 1370 πρὸς
2914 1300 3103 1371 ἡδονὴν
3155 1302 3559 1371 πεποιημένων,
3607 1303 3746 1372 μήτε

2166 1391 2405 1461 ῥήμασιν
2453 1390 2801 1462 εὐτραπέλων
2845 1394 2940 1445 καὶ
2978 1393 3309 1459 γελο.αστῶν
3350 1392 3672 1464 ἀνθρώπων,
3717 1393 3748 1447 ὃ

2167 1481 2402 1550 μάλιστα
2446 1480 2593 1533 λύειν
2629 1482 2729 1550 τῆς
2771 1482 2949 1551 ψυχῆς
2973 1483 3065 1535 τὸν
3113 1482 3264 1535 τόνον
3316 1481 3544 1549 πέφυκε.
3599 1482 3746 1546 Νοῦς

2166 1571 2264 1641 μὲν
2307 1574 2415 1641 γὰρ
2463 1571 2536 1643 μὴ
2580 1572 3007 1643 σκεδαννύμενος
3055 1572 3147 1625 ἐπὶ
3194 1573 3263 1625 τὰ
3311 1572 3435 1637 ἔξω,
3474 1571 3608 1643 μηδὲ
3640 1571 3748 1625 ὑπὸ

2159 1658 2268 1712 τῶν
2298 1660 2666 1731 αἰσθητηρίων
2699 1663 2792 1715 ἐπὶ
2836 1663 2926 1715 τὸν
2969 1662 3171 1733 κόσμον
3213 1662 3561 1732 διαχεόμενος
3605 1662 3744 1732 (75),

2161 1750 2406 1803 ἐπάνεισι
2446 1752 2545 1821 μὲν
2590 1754 2726 1824 πρὸς
2757 1754 2979 1807 ἑαυτόν·
3022 1753 3090 1806 δι’
3125 1753 3319 1807 ἑαυτοῦ
3363 1755 3420 1807 δὲ.
3462 1754 3599 1825 πρὸς
3644 1753 3747 1825 τὴν

472 1857 569 1913 illo
608 1856 884 1911 illustrata
946 1856 1125 1927 ipsius
1182 1856 1349 1910 etiam
1410 1863 1623 1909 naturae
1665 1854 2048 1918 obliviscitur1

2163 1842 2292 1912 περὶ
2328 1842 2462 1896 Θεοῦ
2498 1843 2705 1898 ἔννοιαν
2739 1845 2847 1915 (76)
2879 1846 3192 1899 ἀναϐαίνει·
3236 1846 3474 1916 κάκείνῳ
3505 1844 3584 1914 τῷ
3614 1845 3748 1899 κάλ-

472 1962 576 2003 nec
594 1948 708 2018 jam
746 1948 855 2001 cibi
885 1963 1017 2001 cura
1057 1947 1390 2002 distrahitur
1446 1954 1538 1999 aut
1591 1946 1828 2000 amictus
1859 1944 2035 1999 sollici

473 2038 697 2105 tudine;
770 2037 866 2094 sed
923 2039 1161 2094 terrenis
1212 2040 1363 2095 curis
1416 2053 1626 2101 vacua,
1682 2053 1845 2092 omne
1901 2052 2044 2091 suun

472 2128 716 2183 studium
772 2129 838 2183 ad
881 2138 1087 2184 mterna
1146 2129 1290 2184 bona
1342 2130 1727 2199 adispisccnda
1761 2126 2062 2191 transfert;

470 2221 747 2291 quomodo
804 2222 953 2276 colat
985 2222 1405 2290 temperantiam
1456 2229 1623 2291 atque
1660 2218 2062 2279 fortitudinem,

470 2313 749 2382 quomodo
774 2314 1043 2383 justitiam
1077 2353 1089 2375 ,
1144 2328 1207 2365 ac
1249 2314 1598 2384 prudentiam
1633 2353 1649 2377 ,
1706 2327 1771 2366 ac
1817 2310 2058 2378 reliquas

472 2404 728 2467 virtutes,
760 2394 930 2473 quae,
979 2404 1083 2458 sub
1141 2403 1256 2458 hazc
1291 2418 1495 2473 genera
1549 2401 1881 2462 distributae,
1941 2397 2056 2451 sin-

473 2493 599 2564 gula
649 2493 908 2547 decenter
960 2492 1016 2545 in
1064 2491 1173 2545 vita
1208 2491 1518 2562 peragenda
1572 2491 1695 2543 viro
1724 2488 1898 2559 probo
1923 2500 2055 2554 sug-

471 2594 692 2657 gerunt.

2165 1933 2245 1986 λει
2284 1935 2781 2007 περιλαμπόμενος,
2834 1938 2924 1990 καὶ
2966 1938 3138 2007 αὑτῆς
3181 1938 3282 2008 τῆς
3325 1936 3538 2007 φύσεως
3572 1936 3745 2007 λήθην

2165 2026 2463 2097 Ααμῆάνεισ
2505 2030 2642 2099 μήτε
2691 2029 2823 2099 πρὸς
2870 2029 3076 2101 τροφῆς
3120 2028 3395 2099 φροντίδα,
3434 2030 3570 2099 μήτε
3605 2028 3743 2100 πρὸς

2165 2117 2527 2188 περιθολαίων
2596 2119 2865 2189 μέριμναν
2920 2120 3020 2188 τὴν
3075 2118 3253 2189 ψυχὴν
3317 2118 3739 2188 καθελκόμενος,

2142 2207 2301 2260 ’ἀλλὰ
2332 2208 2528 2279 σχολὴν
2561 2209 2668 2261 ἀπὸ
2695 2208 2801 2261 τῶν
2844 2209 3046 2279 γηίνων
3086 2207 3381 2279 φροντίδων
3424 2208 3593 2275 ἄγων,
3639 2206 3742 2278 τὴν

2167 2300 2346 2352 πᾶσαν
2397 2300 2590 2353 ἑαυτοῦ
2644 2301 2756 2371 (77)
2808 2301 3042 2371 σπουδὴν
3096 2302 3189 2355 ἐπὶ
3243 2300 3341 2372 τὴν
3388 2300 3579 2370 κτῆσιν
3629 2298 3741 2350 τῶν

2165 2389 2396 2442 αἰωνίων
2445 2389 2663 2457 ἀγαθῶν
2713 2389 3063 2461 μετατίθησιο
3120 2388 3239 2453 πῶς
3288 2390 3385 2460 μὲν
3418 2387 3739 2460 κατορθωθῇ

2160 2478 2308 2547 αὑτῴ
2330 2480 2360 2548 ἡ
2385 2478 2703 2549 σωφροσύνη
2728 2480 2821 2530 καὶ
2844 2481 2876 2549 ἡ
2896 2479 3105 2549 ἀνδρία’
3141 2478 3258 2541 πῶς
3284 2478 3338 2531 δὲ
3425 2478 3741 2547 δικαιοσύνη

2156 2571 2298 2641 καὶὴ
2319 2571 2598 2641 φρόνησις,
2619 2572 2778 2625 καὶαὶ
2794 2572 2977 2624 λοιπαὶ
2993 2572 3205 2642 ἀρεταὶ,
3224 2572 3345 2625 ὅσαι
3361 2575 3477 2634 ταῖς
3494 2573 3741 2639 γενικαίς

466 2678 695 2741 ταύταις
727 2677 1227 2750 ὑποδιαιρούμεναι,
1260 2678 1611 2749 καθηκόντως
1648 2670 1985 2741 ἓκαστα(78)
2026 2666 2291 2722 ἐπιτελεῖν
2317 2667 2425 2720 τῶν
2453 2668 2597 2721 κατὰ
2627 2667 2719 2721 τὸν
2755 2667 2867 2737 βίον
2898 2666 3255 2721 ὑποϐάλλουσι
3278 2667 3357 2738 τῷ
3389 2667 3681 2739 σπουδαίῳ.

539 2771 592 2826 3.
656 2771 888 2826 Maxima
934 2782 1113 2827 autem
1145 2774 1232 2825 via
1286 2774 1352 2826 ad
1391 2772 1550 2825 ollicii
1577 2770 2049 2839 investigationem

468 2871 555 2919 est
583 2872 637 2918 et
678 2862 1092 2934 Scripturarum
1152 2865 1417 2919 divinitus
1473 2864 1862 2933 inspirataruln
1936 2874 2052 2913 me-

469 2954 686 3012 ditatio.
739 2954 799 3010 In
851 2956 935 3010 his
998 2957 1146 3010 enim
1204 2965 1258 3012 et
1298 2972 1481 3010 rerum
1546 2955 1877 3025 agendarum
1916 2964 2054 3020 plna:-

470 3055 628 3117 cepta
689 3046 1083 3115 reperiuntur,
1144 3055 1199 3101 et
1259 3047 1545 3100 beatorum
1628 3043 1915 3097 hominum
1965 3057 2053 3095 res

469 3144 633 3206 gesta:
689 3136 889 3208 litteris
952 3137 1214 3200 traditae,
1276 3138 1444 3191 veluti
1502 3136 1745 3188 animata
1804 3134 2054 3203 quaedam

468 3228 594 3281 vita:
622 3228 921 3282 secundum
950 3227 1118 3283 Deum
1157 3229 1418 3283 institutae
1465 3228 1760 3281 simulacra
1788 3265 1805 3288 ,
1841 3225 1909 3278 ad
1968 3224 2057 3277 bo-

469 3332 665 3373 norum
699 3334 925 3389 operum
945 3321 1305 3375 imitationem
1331 3327 1725 3389 proponuntur.
1761 3318 1836 3371 Ac
1867 3317 2051 3386 proin-

467 3405 538 3462 de
590 3422 916 3478 quacunque
969 3410 1073 3480 73
1123 3411 1176 3463 in
1250 3424 1310 3464 re
1359 3412 1592 3479 quisque
1640 3410 1898 3463 mendose
1931 3423 2053 3463 sese

469 3497 590 3569 ipse
651 3499 853 3554 habere
892 3503 1174 3567 senserit;
1225 3502 1279 3554 in
1315 3502 1462 3554 illam
1516 3500 1876 3553 imitationem
1911 3503 2053 3553 assi-

467 3590 577 3646 due
639 3590 988 3656 incumbens,
1050 3600 1309 3662 tanquam
1370 3607 1434 3647 ex
1491 3592 1769 3645 communi
1816 3591 2049 3660 quadam

467 3682 754 3738 medicinae
782 3683 1018 3750 ofﬁcina,
1047 3686 1354 3755 appositum
1390 3700 1504 3739 suae
1537 3684 1839 3739 inﬁrmitati
1880 3684 2051 3737 medi-

465 3783 781 3830 camentum
838 3777 1065 3831 invenit.
1114 3777 1193 3831 Ac
1255 3777 1526 3832 castitatis
1568 3778 1785 3845 quidem
1841 3785 2052 3828 amator

467 3863 753 3923 historiam
810 3864 1032 3936 Josepni
1084 3865 1306 3921 assidua
1357 3867 1586 3921 lectione
1611 3865 1850 3928 evolvit,
1887 3873 2050 3933 atque

468 3954 539 4008 ab
588 3971 653 4011 eo
699 3957 942 4012 actiones
1000 3960 1374 4027 temperantia:
1432 3959 1619 4027 plenas
1670 3957 1884 4023 ediscit,
1938 3972 2044 4009 non

468 4048 644 4102 solum
689 4063 719 4101 a
744 4048 1115 4118 voluptatibus
1154 4049 1525 4102 continentem
1561 4047 1710 4100 illum
1746 4046 2044 4115 reperiens,

466 4133 567 4191 sed
634 4136 800 4190 etiam
878 4138 1067 4190 habitu
1133 4136 1189 4190 in
1250 4137 1455 4190 virtute
1520 4136 1756 4188 firmum.
1808 4133 2049 4187 Fortitu-

466 4225 650 4282 dinem
709 4242 839 4282 vero
897 4221 1061 4283 discit
1117 4243 1148 4281 a
1185 4227 1347 4294 Jobo,
1383 4228 1514 4296 qui,
1549 4228 1714 4282 rebus
1746 4228 1862 4281 suis
1896 4234 2044 4281 retro

467 4316 787 4386 sublapsis,
852 4333 918 4372 ac
978 4334 1145 4389 egens
1195 4334 1261 4373 ex
1287 4318 1457 4373 divite
1491 4358 1506 4381 ,
1558 4319 1728 4373 orbus
1786 4334 1853 4373 ex
1922 4318 2044 4386 pul-

2229 2764 2282 2817 3.
2316 2764 2561 2835 Μεγίστη
2589 2764 2645 2816 δὲ
2672 2764 2793 2827 ὁδὸς
2835 2764 2971 2835 πρὸς
3003 2766 3104 2835 τὴν
3142 2764 3235 2818 τοῦ
3281 2766 3611 2836 καθήκοντος
3648 2764 3742 2817 εῦ-

2164 2870 2311 2925 ρεσιν
2352 2854 2448 2906 καὶ
2492 2857 2524 2925 ἡ
2563 2854 2758 2924 μελέτη
2797 2853 2902 2906 τῶν
2940 2854 3308 2907 θεοπνεύστων
3349 2854 3599 2927 Γραφῶν.
3650 2855 3741 2908 Ἐν

2159 2947 2382 3010 ταύταις
2399 2947 2508 3018 γὰρ
2542 2948 2632 3000 καὶ
2665 2949 2720 3000 αἱ
2750 2947 2859 3000 τῶν
2894 2947 3144 3018 πράξεων
3169 2946 3438 3017 ὑποθῆκαι
3464 2948 3742 3018 εὑρίσκον-

2160 3054 2270 3097 ται,
2300 3041 2392 3090 καὶ
2421 3040 2468 3090 οἱ
2509 3038 2610 3108 βίοι
2648 3038 2756 3091 τῶν
2811 3040 3092 3110 μακαρίων
3135 3040 3343 3111 ἀνδρῶν
3393 3041 3739 3112 ἀνάγραπτοι

2161 3128 2605 3199 παραδεδομένοι,
2649 3125 2759 3183 οἷον
2804 3130 3011 3192 εἰκόνες
3042 3131 3185 3194 τινὲς
3224 3130 3455 3202 ἕμψυχοι
3494 3132 3596 3202 τῆς
3636 3150 3740 3185 κα-

2156 3219 2225 3271 τὰ
2254 3219 2383 3272 Θεὸν
2421 3220 2712 3285 πολιτείας,
2767 3220 2842 3290 τῷ
2907 3223 3185 3292 μιμήματι
3241 3223 3348 3275 τῶν
3387 3222 3605 3291 ἀγαθῶν
3646 3222 3742 3296 ἐρ-

2156 3327 2268 3378 γων
2295 3312 2626 3382 πρόκεινται.
2658 3313 2768 3366 Καὶ
2782 3314 2959 3366 τοίνυν
2981 3316 3110 3386 περὶ
3133 3316 3270 3387 ὅπερ
3291 3316 3355 3369 ἂν
3376 3317 3603 3379 ἕκαστος
3620 3316 3737 3385 (79)

2156 3402 2349 3465 ἐνδεῶς
2375 3404 2589 3473 ἔχοντος
2629 3404 2821 3458 ἑαυτοῦ
2862 3407 3206 3479 αἰσθάνηται,
3254 3409 3446 3478 ἐκείνῳ
3476 3410 3740 3481 προσδιαο

2153 3498 2373 3563 τρίϐων,
2407 3494 2517 3551 οἷον
2559 3498 2667 3551 ἀπό
2714 3518 2857 3563 τινος
2894 3500 3074 3553 κοινοῦ
3106 3502 3361 3571 ἰατρείου,
3388 3503 3450 3552 τὸ
3489 3501 3735 3571 πρόσφο-

2158 3606 2247 3659 ρον
2276 3589 2616 3659 εὑρίσκειτῷ
2645 3591 3037 3661 ἀρρωστήματι
3087 3590 3397 3660 φάρμακον.
3436 3590 3543 3641 Καὶ
3570 3589 3600 3640 ὁ
3631 3589 3736 3656 μὲν

2153 3679 2388 3750 ἐραστὴς
2415 3679 2515 3749 τῆς
2543 3680 2894 3749 σωφροσύνης
2917 3680 3011 3750 τὴν
3038 3681 3167 3751 περὶ
3197 3680 3289 3733 τοῦ
3341 3682 3539 3750 Ἰωσὴφ
3585 3682 3733 3732 ἰστο-

2153 3771 2274 3841 ρίαν
2310 3772 2545 3841 συνεχῶς
2585 3771 2875 3833 ἀνελίσσει,
2908 3772 3002 3825 καὶ⁸
3034 3772 3162 3841 παρ’
3190 3771 3353 3825 αὑτοῦ
3379 3771 3478 3834 τὰς
3516 3788 3735 3843 σωφρο-

2150 3860 2304 3923 νικὰς
2333 3860 2704 3914 ἐκδιδάσκεται
2733 3862 2981 3932 πράξεις,
3013 3862 3284 3933 εὑρίσκων
3323 3861 3484 3915 αὑτὸν
3525 3864 3586 3915 οὑ
3627 3864 3730 3933 μό·-

2148 3968 2236 4004 νον
2280 3953 2563 4022 ἐγκρατῶς
2594 3953 2729 4023 πρὸς
2766 3953 2961 4024 ἡδονὰς
2984 3954 3197 4025 ἔχοντα,
3241 3953 3377 4007 ἀλλά
3420 3954 3516 4006 καὶ
3574 3955 3728 4007 ἑκτι-

2148 4042 2260 4105 κῶς
2296 4044 2432 4113 πρὸς
2462 4044 2661 4114 ἀρετὴν
2695 4044 3065 4115 διακείμενον*
3117 4045 3337 4115 ἀνδρίαν
3388 4044 3444 4097 δὲ
3477 4045 3731 4098 παιδεύε-

2147 4150 2233 4186 ται
2264 4134 2411 4205 παρὰ
2433 4133 2525 4187 τοῦ
2554 4135 2663 4205 (80)
2695 4134 2834 4194 Ἰὼϐ,
2865 4136 2923 4198 ὃς
2944 4136 3003 4188 οὑ
3036 4135 3216 4206 μόνον,
3240 4135 3375 4207 πρὸς
3412 4137 3476 4190 τὰ
3508 4138 3731 4192 ἐναντία

2146 4241 2238 4278 του
2288 4225 2403 4295 βίου
2455 4230 2852 4295 μεταπεσόντος
2904 4227 3085 4297 αὑτῷ,
3141 4229 3308 4298 πένης
3355 4230 3420 4279 ὲκ
3466 4240 3728 4284 πλουσίου

2147 4318 2241 4370 καὶ
2274 4317 2440 4380 ἄπαις
2474 4320 2581 4371 ἀπὸ
2611 4318 2960 4381 καλλίπαιδος
3007 4321 3063 4371 ὲν
3102 4318 3202 4389 μιᾷ
3230 4317 3422 4389 καιροῦ
3466 4322 3603 4390 ῥοπῇ
3633 4337 3730 4389 γε-

466 4408 613 4463 chm
666 4410 835 4478 prolis
896 4419 1119 4479 parente
1174 4411 1435 4479 temporis
1488 4418 1762 4462 momento
1818 4410 2039 4474 factus,

2160 4410 2389 4480 νόμενος,
2418 4411 2684 4481 διέμεινεν
2722 4415 2750 4465 ό
2793 4411 2973 4475 αὐτὸς,
3026 4412 3394 4464 ἀταπείνωτον
3448 4411 3726 4483 πανταχοῦ

464 4514 577 4555 non
633 4499 810 4554 solum
863 4499 1004 4554 idem
1034 4502 1354 4569 permansit,
1417 4499 1681 4554 infractos
1711 4500 1879 4553 animi
1910 4516 2039 4554 sen-

464 4604 564 4645 sus
602 4589 805 4659 ubique
857 4589 1138 4656 retinens;
1180 4589 1272 4645 sed
1314 4605 1383 4644 ne
1410 4590 1603 4645 amicis
1629 4590 1847 4659 quidem
1882 4628 1896 4652 ,
1946 4591 2041 4659 qui

464 4681 534 4736 ad
586 4682 981 4737 consolandum
1036 4688 1317 4744 venerant,
1361 4682 1754 4737 insnltantibus
1803 4681 2039 4736 etdolo-

463 4786 556 4829 res
610 4772 946 4844 conjunctim
971 4771 1382 4827 intendentibus
1404 4812 1419 4837 ,
1455 4774 1537 4826 ira
1591 4785 1901 4827 commotus
1934 4784 2037 4828 est.

681 4924 870 5006 ᾼὺτῷ.
905 4924 1183 5006 italiam”
1211 4925 1383 5005 _Mea.,
1413 4926 1542 4981 Cois
1569 4966 1585 4981 .
1621 4942 1850 4996 prunus,
1884 4927 2032 4994 νειμ,

463 5000 519 5051 et
547 4995 638 5065 alii
672 4997 874 5065 plures.
905 4995 1045 5049 Editi
1073 4996 1259 5051 αὑτοῦ.

535 5064 649 5136 (74)
674 5064 787 5136 Ἐν
806 5065 1157 5135 ἀκροάμασι.
1185 5068 1277 5121 Sic
1296 5066 1453 5120 iidem
1477 5082 1608 5120 mss.
1636 5065 1875 5123 codices.
1898 5068 2037 5125 Editi

463 5134 834 5219 EVEEPO‘dO’Et.
865 5134 1067 5219 ibidem
1099 5152 1241 5219 ILDIIS
1269 5147 1335 5191 ex
1368 5138 1551 5219 Regiis
1583 5138 1641 5188 ὲν
1663 5139 1930 5219 ῥήμασιν.

535 5204 647 5277 (75)
675 5206 1084 5277 Διᾳχεόμενος.
1110 5206 1227 5260 Duo
1260 5222 1393 5262 mss.
1421 5204 1868 5277 Biscopodpsvoc.

535 5272 951 5344 (“terrarum
970 5277 1119 5332 Θεοῦ
1147 5276 1409 5331 ἔννοιαν.
1440 5272 1534 5330 Sic
1560 5272 1697 5330 mss:
1721 5291 1865 5330 octo.
1891 5276 2035 5333 Editi

586 5340 685 5415 eo?)
717 5340 853 5415 Θεοῦ
882 5340 1109 5400 ἔννοιαν.
1143 5346 1265 5401 Mox
1292 5347 1423 5401 editi
1460 5344 1942 5415 περιλαμπόμενός
1974 5367 2035 5403 τε

460 5412 563 5485 καί
579 5412 1005 5485 ἐλλαμπόμενος.
1031 5412 1579 5485 Ειηειιιιανὶιιιυεᾷορο
1600 5412 1764 5472 unius
1782 5412 1851 5470 ex
1871 5419 2036 5472 Com-

464 5480 745 5558 belisianis
763 5480 1067 5558 codicibus,
1099 5495 1154 5540 et
1184 5487 1391 5541 codicis
1423 5480 1713 5558 Harlaeani,
1740 5489 1833 5557 qui
1853 5489 2032 5558 prima

463 5565 629 5605 manu
659 5553 871 5619 habuit,
908 5563 967 5608 ut
991 5558 1260 5612 edendum
1297 5555 1640 5611 curavimus.

678 5622 951 5702 foveat):
981 5625 1059 5682 Ita
1091 5627 1263 5693 Harl.,
1301 5625 1471 5683 Coisl.
1513 5626 1725 5696 primus
1761 5635 1816 5685 et
1845 5641 2029 5698 plures

461 5690 578 5746 alii.
614 5690 758 5747 Editi
786 5692 975 5748 αὑτοῦ.

2142 4502 2204 4553 τὸ
2245 4502 2343 4571 τῆς
2386 4501 2561 4572 ψυχῆς
2615 4503 2867 4573 φρόνημα
2922 4503 3239 4566 διασώζων·
3287 4502 3399 4556 ἀλλ’
3440 4502 3563 4555 οὔτε
3613 4503 3728 4557 τῶν

2142 4591 2307 4660 φίλων
2351 4592 2459 4644 τῶν
2514 4595 2592 4656 είς
2649 4594 3002 4664 παραμυθίαν
3070 4595 3334 4665 ἡκόντων,
3365 4594 3728 4664 ὲπεμϐαινόνο

2140 4700 2247 4736 των
2276 4684 2421 4753 αὑτῷ
2450 4683 2559 4755 (8i)
2591 4684 2684 4736 ml.
2709 4685 3180 4739 συνεπιτεινόντων
3210 4686 3279 4738 τά
3309 4685 3551 4753 ἀλγεινὰ,
3583 4703 3726 4760 παρ-

2141 4774 2373 4844 ωξύνθη.
2416 4775 2584 4829 Πάλιν
2626 4775 2844 4828 σκοπῶν
2888 4776 2998 4845 (82)
3044 4794 3129 4841 τις
3175 4776 3293 4842 πῶς
3333 4778 3400 4832 ἂν
3440 4780 3615 4848 πρᾶος
3661 4780 3725 4835 ἐν

2213 4928 2325 4996 (78)
2364 4930 2651 4983 Ἔκαστα.
2686 4929 2801 4983 Duo
2833 4946 2962 4985 mss.
2993 4931 3248 4985 ἕκαστον.

2212 5001 2671 5073 (79)Δ’Ἐκαστος.
2728 5002 2920 5073 Ειϋιίο
2955 5000 3281 5073 Parisiensis
3335 5000 3485 5056 addit
3534 5002 3719 5073 ἡμῶν,

2139 5073 2281 5149 quod
2308 5069 2474 5124 deest
2509 5073 2564 5123 in
2598 5073 2828 5125 vetustis
2859 5069 3195 5127 editionibus
3232 5082 3288 5127 et
3320 5069 3587 5126 omnibus
3612 5089 3720 5128 no-

2140 5150 2521 5285 su(l§0')"_778opc'z
2569 5209 2696 5264 τοῦ.
2750 5208 2896 5285 Editi
2943 5210 3097 5285 παρά
3130 5209 3229 5282 τῷ,
3282 5212 3723 5283 repugnantibus

2138 5292 2288 5358 ωδε..
2304 5281 2592 5358 plerisque
2603 5281 2899 5358 _omnib_ns.

2209 5348 2540 5433 (81)η.ᾼὺτ‹ἱ›.
2577 5348 2780 5404 Vitiose
2808 5351 2861 5405 in
2886 5349 3049 5407 editis
3064 5350 3241 5423 ἑαυτῷ
3256 5363 3447 5408 contra
3468 5352 3721 5408 omnium

2138 5422 2615 5559 Ὗῖἓέἷηὲἓῦίπῶν
2647 5507 2756 5557 τις.
2788 5489 2950 5547 Deest
2978 5492 3169 5547 vocula
3203 5491 3261 5546 in
3289 5491 3573 5547 codicibus
3603 5491 3724 5547 Me-

2136 5556 2327 5632 dicam,
2360 5557 2516 5632 Harl.
2541 5567 2596 5615 et
2617 5556 2741 5618 aliis
2765 5561 3081 5632 nonnullis;
3122 5577 3231 5618 non
3264 5570 3446 5618 tamen
3478 5562 3536 5617 in
3561 5561 3726 5622 Cois-

2135 5627 2342 5685 liniano
2371 5630 2576 5700 primo.
