3912 6214
95 369 196 426 229

1093 371 1590 429 EPISTOLARUM
1631 369 1915 427 CLASSIS
1948 372 1988 428 1.
2033 372 2251 430 EPIST.
2293 374 2355 429 ll.

3266 380 3374 437 230

92 505 275 559 ταυτῳ
306 487 409 542 καὶ
445 488 824 560 μεγαλόθυμος
851 489 1079 559 γένοιτο,
1107 509 1246 544 ωστε
1280 490 1360 561 τῷ
1394 492 1491 561 μὲν
1534 488 1684 559 Ουμῷ

1791 487 2004 544 Rursus
2044 493 2169 561 quis
2203 497 2460 560 reputans
2494 488 2769 558 quomodo
2808 490 3048 546 clemens
3106 490 3269 546 simul
3314 500 3373 547 ct

90 579 233 635 κατά
253 580 362 648 τῆς
387 580 668 650 ἁμαρτίας
695 581 1016 653 κεχρῆσθαι,
1060 584 1128 652 τῇ
1169 582 1224 634 δὲ
1252 581 1516 652 πραότητι
1548 582 1686 651 πρὸς

87 672 216 735 τοὺς
278 670 626 743 ἀνθρώπους,
679 672 898 743 εὑρήσει
932 672 1044 740 (85)
1087 673 1178 725 τὸν
1226 672 1388 725 Δαϐὶδ
1439 674 1684 739 γενναῖον

90 764 187 832 μὲν
219 763 281 814 ἐν
308 766 426 825 τοῖς
464 761 604 815 κατά
639 762 873 832 πόλεμον
906 763 1379 834 ἀνδραγαθήμασι,
1418 764 1593 834 πρᾶον
1625 761 1683 813 δὲ

88 853 180 905 καὶ
206 851 475 922 ἀκίνητον
506 853 563 905 ἐν
593 856 713 917 ταῖς
752 852 861 906 τῶν
895 852 1106 923 ἐχθρῶν
1146 853 1466 906 ἀντιδόσεσι,
1503 849 1685 905 Τοιοῦο

87 961 176 1007 τος
210 943 330 1014 (84)
357 946 455 997 xui.
484 945 709 1016 Μωσῆς,
751 945 971 1017 μεγάλῳ
997 946 1096 1016 μὲν
1122 945 1201 1016 τῷ
1229 945 1386 1017 θυμῷ
1409 946 1551 1000 κατά
1574 946 1683 1001 τῶν

87 1036 165 1097 εἰς
197 1034 340 1088 Θεὸν
383 1034 872 1106 ἐξαμαρτανόντων
915 1037 1341 1108 διανιστάμενος,
1384 1038 1586 1109 πραεία
1624 1037 1683 1091 δὲ

85 1127 149 1197 τῇ
179 1125 338 1196 ψυχῇ
379 1126 481 1188 τὰς
511 1126 634 1180 καθ’
675 1126 869 1182 ἐαυτοῦ
915 1128 1166 1193 δωὸολάς
1206 1129 1514 1200 ὑποφέρων.
1572 1130 1683 1183 Καὶ

89 1214 399 1286 πανταχοῦ,
423 1214 682 1287 ὥσπεροί
707 1215 1007 1287 ζωγράφοι,
1039 1219 1167 1271 ὃταν
1203 1218 1312 1271 ἀπὸ
1347 1218 1570 1272 εἰκόνων
1607 1219 1685 1271 εἰ-

87 1308 254 1370 κόνας
294 1307 554 1379 γράφωσι
587 1307 736 1377 (85),
800 1307 979 1363 πυκνά
1026 1309 1162 1381 πρὸς
1209 1309 1271 1362 τὸ
1335 1309 1684 1380 παράδειγμα

87 1400 520 1463 ἀποϐλέποντες,
544 1399 635 1453 τὸν
662 1399 869 1454 ἐκεῖθεν
899 1402 1223 1474 χαρακτῆρα
1266 1400 1407 1473 πρὸς
1443 1401 1505 1454 τὸ
1559 1403 1684 1455 έαυ-

87 1494 195 1547 τῶν
226 1492 598 1557 σπουδάζουσι
628 1493 939 1563 μεταθεῖναι
968 1493 1339 1565 φιλοτέχνημα
1363 1511 1375 1524 ·
1420 1493 1564 1547 οὕτω
1602 1494 1684 1546 δεῖ

88 1589 183 1639 καὶ
208 1586 307 1640 τὸν
340 1585 721 1639 ἐσπουδακότα
762 1584 952 1638 ἐαυτὸν
988 1587 1122 1639 πᾶσι
1175 1589 1290 1650 τοῖς
1340 1585 1533 1657 μέρεσι
1582 1588 1682 1656 τῆς

87 1679 295 1753 ἀρετῆς
326 1677 753 1750 ἀπεργάσασθαι
770 1677 883 1750 (86)
915 1677 1139 1745 τέλειον,
1166 1679 1331 1732 οἰονεί¹
1357 1680 1495 1751 πρὸς
1520 1679 1684 1748 ἀγάλ-

91 1773 239 1844 ματά
266 1789 397 1825 τινα
429 1771 727 1841 κινούμενα
757 1770 866 1842 (87)
897 1772 993 1823 καὶ
1022 1770 1337 1841 ἐμπρακτα,
1374 1771 1500 1833 τοὺς
1533 1769 1683 1839 βίους

1792 584 2173 652 magnanimus
2210 597 2333 637 esse
2384 582 2581 652 possit,
2646 582 2721 635 ita
2756 591 2816 635 ut
2846 582 3031 637 animo
3078 581 3133 636 in
3176 597 3373 652 pecca-

1790 683 1903 729 tum
1938 716 1952 739 ,
2005 676 2295 730 clementia
2357 688 2483 747 erga
2531 674 2782 730 homines
2843 682 3072 741 utatur;
3131 676 3372 729 inveniet

1789 766 2045 822 Davidem
2084 783 2411 837 generosum
2467 767 2684 838 quidem
2737 768 2790 821 in
2846 768 3055 822 bellicis
3119 767 3371 821 facium-i-

1786 857 1939 923 bus,
1984 859 2303 914 clementem
2366 873 2496 913 vero
2565 865 2621 913 et
2692 857 2966 928 placidum
3021 857 3075 911 in
3134 857 3369 911 inimicis

1785 949 2137 1006 ulciscendis.
2201 947 2351 1004 Talis
2380 958 2433 1004 et
2476 948 2687 1016 Moses,
2749 950 2954 1018 ingenti
3002 947 3219 1018 quidem
3280 949 3370 1001 ille

1787 1041 1973 1095 animo
2036 1041 2093 1094 in
2135 1055 2230 1094 eos
2272 1040 2585 1111 insurgens,
2640 1040 2735 1109 qui
2784 1040 2838 1092 in
2879 1038 3049 1093 Deum
3103 1054 3368 1108 peccave-

1785 1139 1950 1199 rant,
2006 1131 2102 1188 sed
2143 1131 2340 1187 leniter
2401 1132 2635 1186 inﬂictas
2677 1130 2779 1186 sibi
2832 1130 3137 1184 calumnias
3190 1130 3370 1200 perfe-

1785 1239 1937 1278 rens.
1986 1224 2065 1278 Ac
2103 1226 2350 1289 omnino,
2387 1231 2445 1277 ut
2485 1222 2764 1291 pictores,
2800 1236 2925 1275 cum
2978 1220 3241 1289 imagines
3297 1234 3365 1274 ex

1787 1316 2116 1387 imaginibus
2169 1316 2434 1385 pingunt,
2475 1315 2673 1369 crebro
2730 1311 2800 1366 ad
2860 1312 3137 1381 exemplar
3195 1312 3369 1381 respi—

1785 1407 2044 1471 cientes,
2082 1406 2210 1460 inde
2267 1405 2503 1461 formam
2558 1406 2613 1460 in
2654 1421 2815 1461 suum
2868 1420 3007 1474 opus
3064 1403 3367 1458 transferre

1784 1504 2115 1551 conantur:
2174 1495 2255 1551 sic
2307 1498 2472 1551 etiam
2536 1496 2628 1566 qui
2688 1511 2810 1551 sese
2836 1495 3093 1549 omnibus
3141 1493 3365 1549 virtutis

1784 1590 2032 1659 partibus
2094 1589 2407 1645 absolutum
2460 1587 2724 1657 perlicere
2779 1588 2981 1651 studet,
3046 1586 3112 1641 ad
3146 1595 3366 1642 sancto-

1784 1697 1907 1737 rum
1963 1682 2140 1748 vitas,
2197 1682 2348 1737 velut
2395 1679 2465 1734 ad
2515 1680 2808 1734 simulacra
2860 1678 3107 1749 quaedam
3146 1678 3268 1732 viva
3311 1684 3367 1732 et

1786 1786 2011 1831 actuosa
2036 1815 2053 1840 ,
2087 1774 2364 1845 respicere
2406 1772 2570 1829 debet
2597 1811 2613 1838 ,
2659 1780 2715 1828 et
2746 1773 2890 1842 quod
2921 1772 3031 1827 illis
3062 1772 3206 1826 inest
3236 1769 3365 1825 boni

85 1837 196 1918 τῶν
226 1864 409 1933 ἀγίων
439 1837 796 1928 ἀποϐλέπειν,
840 1837 935 1917 καὶ
986 1837 1067 1915 τὸ*
1096 1837 1322 1916 ἐκείνων
1353 1837 1558 1930 ἀγαθὸν
1603 1863 1684 1914 οἰ-

1791 1883 1948 1923 suum
1987 1868 2252 1923 imitando
2282 1866 2484 1923 facere.

87 1960 235 2011 κεῑον
266 1955 547 2009 ποιεῖσθαι
577 1954 669 2009 διά
708 1958 1012 2026 μιμήσεως.

152 2049 213 2103 4.
242 2048 425 2119 Εὑχαὶ
457 2048 623 2101 πάλιν
646 2048 746 2111 τὰς
774 2046 1107 2116 ἀναγνώσεις
1144 2045 1521 2117 διαδεχόμεναι
1560 2061 1686 2098 νεα-

92 2141 345 2212 ρωτέραν
379 2139 482 2211 τὴν
514 2140 693 2211 ψυχὴν
742 2139 836 2192 καὶ
874 2138 1242 2210 ἀκμαιοτέραν
1271 2138 1352 2208 τῷ
1386 2137 1523 2210 πρὸς
1551 2137 1685 2190 Θεὸν

88 2232 243 2302 πόθῳ
293 2232 674 2303 κεκινημένην
716 2230 1256 2303 παραλαμὸάνουσιν.
1294 2230 1445 2300 Εὺχὴ
1488 2229 1547 2281 δέ
1588 2245 1687 2282 κα-

84 2325 148 2396 λὴ
173 2327 211 2395 ή
237 2326 452 2395 ἐναργῆ
475 2322 782 2394 ἐμποιοῦσα
798 2322 892 2376 τοῦ
911 2321 1047 2376 Θεοῦ
1071 2320 1277 2375 ἔννοιαν
1296 2323 1363 2392 τῇ
1386 2321 1528 2392 ψυχῇ
1546 2321 1683 2392 (88).

86 2417 198 2468 Καὶ
255 2413 425 2468 τοῦτό
470 2415 588 2467 ἐστι
635 2412 770 2467 Θεοῦ
808 2413 1100 2483 ἐνοίκησις,
1150 2413 1211 2465 τὸ
1261 2412 1350 2466 διὰ
1406 2413 1503 2483 τῆς
1550 2415 1686 2484 μνή-

86 2522 197 2578 μης
236 2506 594 2577 ἐνιδρυμένον
646 2506 790 2577 ἔχειν
841 2508 899 2559 ἐν
964 2505 1141 2576 ἑαυτῷ
1186 2504 1277 2558 τὸν
1323 2503 1473 2558 Θεόν.
1528 2504 1685 2558 Οῦτω

88 2596 361 2668 γινόμεθα
403 2596 533 2660 ναὸς
561 2596 721 2662 Θεοῦ,
755 2598 883 2650 ὅταν
935 2597 1012 2668 μὴ
1064 2596 1312 2668 φροντίσι
1369 2597 1587 2667 γηίναις
1624 2598 1685 2651 τὸ

87 2690 317 2760 συνεχὲς
348 2689 451 2759 τῆς
481 2689 707 2760 μνήμης
740 2688 1122 2761 διακόπτηται,
1172 2689 1305 2759 μηδὲ
1334 2693 1445 2753 τοῖς
1484 2691 1686 2760 ἀπροσ-

88 2783 346 2853 δοκήτοις
384 2780 618 2834 πάθεσιν
644 2782 674 2833 ό
700 2779 824 2845 νοῦς
867 2780 1292 2852 ἐκταράττηται,
1327 2779 1461 2833 ἀλλά
1506 2780 1684 2834 πάντα

88 2873 401 2945 ἀποφυγὼν
446 2876 477 2926 ό
517 2873 762 2942 φιλόθεος
810 2872 903 2925 ἐπὶ
952 2871 1085 2925 θεὸν
1131 2873 1410 2943 ἀναχωρῇ,
1460 2871 1683 2936 ἐξελαύ-

87 2987 193 3022 νων
240 2968 318 3021 τά
387 2963 844 3037 προσκαλούμενα
900 2963 1012 3034 (89)
1065 2964 1229 3016 αὐτὸν
1276 2967 1359 3028 εἰς
1413 2963 1683 3036 ἀκρασίαν

86 3062 259 3133 πάθη,
286 3060 390 3113 καὶ
422 3061 535 3122 τοῖς
575 3058 712 3129 πρὸς
747 3056 949 3129 ἀρετὴν
993 3056 1218 3124 ἄγουσιν
1255 3055 1684 3128 ἐπιτηδεύμασιν

86 3150 433 3225 ἐνδιατρίϐῃ.

157 3245 213 3301 5.
244 3246 368 3299 Καὶ
406 3242 626 3309 πρῶτόν
663 3258 728 3311 γε
766 3241 983 3295 πάντων
1040 3241 1359 3306 σπουδάζειν
1416 3242 1682 3313 προσήκει

88 3338 219 3410 περὶ
250 3338 361 3408 τὴν
398 3334 497 3388 τοῦ
533 3335 694 3403 λόγου
736 3336 930 3406 χρῆσιν
964 3335 1038 3406 μὴ
1085 3332 1314 3405 ἀμαθῶς
1360 3334 1522 3404 ἔχειν,
1569 3333 1684 3387 ἀλλ’

86 3429 306 3499 ἐρωτᾷν
375 3427 478 3498 μὲν
541 3425 920 3495 ἀφιλονείκως,
995 3424 1391 3496 ἀποκρίνεσθαι
1457 3424 1515 3477 δὲ
1593 3425 1687 3478 καὶ

85 3520 440 3592 ἀφιλοτίμος
472 3518 608 3590 (90),
649 3520 724 3590 μὴ
763 3518 1127 3571 διακόπτοντα
1156 3517 1248 3571 τὸν
1296 3516 1687 3588 προσδιαλεγό-

88 3631 276 3683 μενον,
319 3612 455 3665 ὅταν
495 3627 550 3663 τι
609 3610 876 3680 χρήσιμον
922 3609 1077 3683 λέγῃ,
1130 3609 1265 3680 μηδὲ
1315 3608 1687 3679 ἐπιθυμοῦντα

84 3706 180 3759 τὸν
222 3701 429 3758 ἐαυτοῦ
479 3702 636 3770 λόγον
680 3701 1057 3766 ἐπιδεικτικῶς
1101 3701 1527 3772 παρεμϐάλλειν,
1590 3702 1688 3775 μέ-

81 3813 196 3867 τρα
232 3794 495 3867 ὁρίζοντα
525 3792 672 3863 λόγῳ
701 3792 795 3845 καὶ
825 3793 992 3863 ἀκοῇ·
1040 3792 1331 3863 μανθάνειν
1360 3793 1417 3846 δὲ
1461 3794 1689 3848 ἀνεπαι-

85 3886 365 3957 σχύντως,
392 3884 490 3938 καὶ
515 3883 786 3937 διδάσκειν
815 3882 1185 3952 ἀνεπιφθόνως
1206 3899 1219 3913 ·
1248 3884 1341 3938 καὶ
1376 3883 1433 3937 εἰ
1460 3902 1514 3938 τι
1548 3886 1685 3956 παρ’

84 3979 288 4050 ἑτέρου
315 3976 647 4039 δεδίδακται,
699 3976 775 4046 μὴ
813 3975 1172 4045 ἐπικρύπτειν
1227 3976 1336 4046 (91)
1384 3976 1573 4050 ὥσπερ
1627 3981 1684 4031 αἱ

83 4069 302 4139 φαῦλαι
340 4068 453 4122 τῶν
492 4067 790 4137 γυναικῶν,
833 4068 888 4120 αἱ
935 4067 1004 4121 τά
1036 4066 1163 4121 νόθα
1213 4069 1682 4140 ὑποϐαλλόμεναι·

84 4161 233 4216 ἀλλά
258 4161 565 4232 κηρύσσειν
598 4160 956 4229 εὐγνωμόνως
998 4161 1090 4214 τὸν
1133 4162 1342 4229 πατέρα
1377 4160 1471 4214 τοῦ
1500 4162 1681 4232 λόγου.

85 4254 266 4316 Τόνος
326 4252 386 4305 δὲ
440 4252 623 4322 φωνῆς
670 4253 700 4304 ὁ
750 4252 914 4322 μέσος
976 4254 1359 4322 προτιμητέος,
1411 4252 1487 4316 ὡς
1548 4254 1686 4325 μήτε

84 4343 417 4413 διαφεύγειν
467 4343 568 4414 τὴν
622 4343 792 4413 ἀκοὴν
825 4343 929 4395 ὑπὸ
969 4343 1348 4414 σμικρότητος,
1386 4344 1522 4415 μήτε
1555 4360 1687 4415 φορ-

85 4433 251 4488 ube
277 4429 419 4487 εἶναι
454 4432 534 4503 τῷ
590 4431 809 4502 μεγέθει
857 4432 955 4502 τῆς
1007 4433 1324 4496 διατάσεως.
1380 4432 1683 4504 Προεξετά-

1852 2045 1907 2101 4.
1961 2045 2162 2101 Preces
2203 2059 2399 2099 rursus
2433 2042 2757 2099 lectionibus
2800 2039 3156 2096 succedentes
3203 2050 3364 2107 vege-

1784 2140 1980 2193 tiorem
2025 2152 2089 2192 ac
2122 2137 2405 2192 fortiorem
2438 2137 2676 2190 animam
2711 2149 2896 2189 amore
2935 2134 2988 2187 in
3018 2131 3185 2186 Deum
3229 2144 3367 2183 con-

1785 2233 2006 2286 citatam
2037 2230 2340 2299 excipiunt.
2380 2228 2473 2285 Est
2514 2235 2694 2281 autem
2722 2225 2901 2283 oratio
2940 2224 3032 2277 illa
3074 2222 3359 2292 praeclara,

1785 2338 1906 2394 quae
1962 2321 2306 2391 perspicuam
2364 2318 2456 2374 Dei
2493 2316 2771 2372 notionem
2821 2316 3017 2370 animae
3050 2309 3359 2382 imprimit:

1786 2414 1949 2484 idque
1979 2412 2074 2467 Dei
2108 2410 2434 2466 inbabitatio
2462 2415 2582 2472 est,
2631 2406 2957 2461 insidentem
2989 2404 3139 2457 intus
3190 2400 3360 2454 Deum

1784 2505 2047 2560 memoria
2101 2502 2421 2573 complecti.
2489 2498 2581 2555 Sic
2618 2498 2708 2554 Dei
2746 2497 3014 2553 ellicimur
3046 2491 3306 2563 templum
3341 2506 3360 2558 ;

1786 2612 1909 2652 cum
1941 2611 2044 2651 nec
2080 2595 2314 2650 terrenis
2341 2594 2490 2649 curis
2546 2598 2837 2662 perpetuus
2886 2588 3161 2642 memoria:
3203 2593 3364 2640 tenor

1785 2683 2188 2752 interpellatur,
2243 2695 2343 2736 nec
2396 2680 2711 2750 improvisis
2748 2675 3209 2732 commotionibus
3239 2688 3361 2743 per-

1787 2776 2040 2829 turbatur
2094 2773 2409 2828 intellectus
2441 2789 2456 2839 ;
2493 2770 2587 2826 sed
2620 2770 2802 2824 omnia
2845 2768 3059 2836 fugiens
3115 2763 3211 2820 Dei
3242 2764 3364 2819 cul-

1785 2875 1874 2921 tor
1911 2867 1979 2921 ad
2022 2865 2191 2921 Deum
2246 2864 2488 2929 secedit,
2557 2863 2829 2933 repellens
2877 2864 3238 2931 provocantes
3293 2855 3362 2910 ad

1784 2960 2064 3014 libidinem
2110 2957 2428 3012 affectiones
2461 2996 2476 3023 ,
2528 2970 2594 3010 ac
2640 2955 2697 3010 in
2760 2953 2959 3010 studiis
2988 2951 3058 3006 ad
3103 2951 3362 3004 virtutem

1785 3051 2112 3108 ducentibus
2138 3051 2482 3106 immoratur.

1858 3249 1912 3302 5.
1977 3247 2156 3317 Atque
2211 3244 2343 3300 illud
2396 3244 2615 3315 quidem
2680 3240 2949 3313 imprimis
2997 3239 3184 3293 studio
3238 3252 3362 3293 esse

1786 3337 1943 3394 debet
1970 3379 1984 3401 ,
2039 3352 2293 3392 sermone
2353 3352 2463 3390 non
2493 3336 2688 3390 inscite
2724 3334 2799 3387 uti
2830 3372 2845 3391 .
2896 3332 2990 3386 scd
3027 3332 3366 3400 interrogare

1787 3433 1908 3486 sine
1961 3429 2208 3501 litigandi
2244 3429 2466 3492 studio,
2499 3427 2830 3497 respondere
2859 3426 2979 3478 sine
3014 3423 3313 3477 ambitione
3342 3436 3358 3485 ;

1786 3538 1897 3577 non
1957 3519 2305 3589 interpellare
2337 3518 2697 3573 disserentem
2725 3555 2740 3579 ,
2777 3515 2823 3569 si
2864 3513 2993 3583 quid
3022 3513 3168 3567 dicat
3200 3511 3362 3577 utile,

1787 3628 1965 3684 neque
1997 3612 2255 3681 cupidum
2303 3624 2425 3664 esse
2466 3608 2672 3679 proprii
2722 3607 2994 3662 sermonis
3040 3603 3368 3659 ostentatio.

1787 3707 1875 3761 nis
1932 3718 2100 3758 causa
2157 3699 2564 3763 interserendi;
2602 3696 2822 3751 modum
2865 3702 3052 3749 tenere
3105 3691 3364 3763 loquendi

1787 3809 1843 3854 et
1892 3797 2150 3853 audiendi
2184 3812 2199 3861 ;
2237 3795 2450 3850 discere
2488 3791 2651 3846 etiam
2703 3791 2822 3844 sine
2877 3785 3228 3849 verecundia,
3265 3783 3367 3840 do-

1788 3907 1913 3947 cere
1962 3889 2258 3945 liberaliter
2282 3928 2297 3953 ,
2340 3902 2441 3941 nec
2482 3884 2766 3939 occultare
2791 3882 2836 3936 si
2866 3879 2974 3951 74,
2999 3878 3131 3949 quid
3161 3878 3230 3933 ab
3254 3878 3366 3933 alio

1788 3985 2085 4049 didiceris;
2139 3981 2288 4036 velut
2342 3978 2602 4048 improbae
2636 3976 2896 4029 mulieres
2941 3972 3120 4025 facere
3159 3972 3361 4034 solent,

1787 4090 1908 4146 quae
1962 4074 2182 4143 spurios
2240 4077 2430 4141 partus
2477 4066 2823 4136 subjiciunt;
2864 4064 2957 4119 sed
2996 4070 3151 4134 grato
3179 4064 3366 4117 animo

1786 4175 2068 4238 parentem
2116 4164 2379 4218 doctrinae
2417 4159 2732 4231 praedicare.
2780 4156 2947 4211 Vocis
3005 4171 3136 4210 vero
3190 4171 3362 4212 sonus

1787 4258 2082 4314 mediocris
2138 4254 2509 4326 praeferendus
2570 4260 2655 4306 est
2684 4290 2697 4313 ,
2736 4256 2796 4303 ut
2847 4263 2948 4302 nec
2989 4249 3182 4303 exilior
3206 4248 3366 4302 audi-

1787 4361 1902 4407 tum
1949 4348 2361 4421 praeter-fugiat,
2418 4360 2518 4400 nec
2565 4343 2732 4397 nimia
2781 4339 3132 4394 contentione
3160 4339 3366 4409 impor-

1787 4452 1954 4498 tunus
1998 4441 2089 4495 sit.
2128 4437 2550 4509 Expendendum
2601 4443 2779 4488 tecum
2834 4432 2987 4500 prius
3030 4431 3163 4500 quid
3192 4430 3365 4485 dictu-

89 4539 274 4577 σαντα
320 4524 379 4575 ἐν
419 4521 603 4592 ἐαυτῷ
635 4523 697 4576 τὸ
728 4521 1117 4594 ῥηθησόμενον,
1163 4521 1307 4576 οὕτω
1336 4523 1681 4594 δημοσιεύειν

1791 4550 1883 4589 rus
1918 4534 1996 4588 sis
2016 4570 2032 4596 ,
2063 4541 2228 4602 atque
2259 4530 2332 4583 ita
2366 4528 2585 4583 domum
2616 4523 2885 4580 edendum
2918 4529 2970 4577 et
3007 4521 3360 4591 vulgandam.

76 4574 191 4669 ’ἐῶ
216 4574 407 4685 λόγον.
440 4574 866 4687 Ειπροσήέοροᾀ
884 4574 952 4669 2;
994 4574 1117 4677 ταῖς
1142 4574 1686 4684 ιντεύεέςέἰέγὸξιέκιν

86 4818 289 4944 ςέξ)
321 4819 610 4887 Elimiam.
645 4816 723 4873 lta
767 4833 899 4874 mss.
954 4834 1170 4874 summo
1209 4834 1504 4877 consensu.
1541 4819 1681 4875 Editi

162 4905 201 4944 ο
227 4905 371 4943 σκει.
553 4913 560 4920 ~

227 4905 371 4943 σκει.
553 4913 560 4920 ’

162 4905 1081 5030 ίῐὲῗεῖοιρῦτοςη.ιὲᾉίιί-ειιίιίιιιιι
1113 4954 1203 5030 ἦν,
1239 4959 1384 5030 quod
1429 4960 1584 5015 deest
1625 4961 1681 5015 in

206 5029 390 5084 icihus
419 5026 796 5103 Ha_r|.,)le_d.,
839 5026 962 5103 Yat.
993 5038 1049 5085 et
1081 5026 1318 5101 quatuor
1352 5028 1559 5103 Regiis.
1584 5030 1685 5086 Le-

86 5102 470 5171 gitqritamen
492 5100 551 5151 in
579 5098 750 5171 Cois}.
782 5100 979 5171 primo.

172 5167 291 5239 (85)
315 5168 583 5240 εἰκόνας
918 5169 995 5222 lta
1018 5166 1170 5240 Harl.
1200 5178 1254 5240 et
1276 5167 1447 5240 Coisl.
1474 5170 1684 5240 primus

87 5237 440 5311 putribus
460 5237 810 5311 aliis.Editi_9
834 5238 1162 5311 Parisiensis
1183 5238 1368 5311 εἰκόνα
1391 5237 1680 5311 γράφουσι.

90 5308 450 5383 Basileensis
468 5309 647 5378 prima
671 5316 727 5383 et_
755 5305 1130 5383 [laganoensis
1152 5305 1443 5380 γράφωσι’.’
1461 5305 1686 5383 Legitur

90 5380 157 5434 in
190 5376 486 5433 nonnullis
514 5391 650 5433 mss.
681 5376 886 5441 εἰκόνος
913 5379 1118 5433 εἰκόνα.

171 5447 291 5516 (86)
334 5446 829 5518 Ἇπερθιύσασθαι.
863 5446 956 5504 Sic
983 5465 1119 5505 mss.
1142 5465 1359 5506 summo
1385 5465 1679 5507 consensu.

93 5514 717 5590 Εὰἰεζάπεργάσεσθαι.

170 5587 288 5669 (87)
332 5587 837 5669 Ἀίγάάματᾴ-τινα
884 5591 1226 5669 κιζσιξιιεγςς.
1415 5589 1684 5669 editiones

94 5659 345 5728 antiquae
365 5674 494 5743 cum
517 5659 776 5715 omnibus
800 5674 934 5717 mss.
961 5659 1143 5717 Edi'tio
1166 5660 1498 5717 Parisiensis
1519 5662 1685 5732 ἀγάλ-

278 5744 628 5799 κοινρυμενα.

169 5796 294 5871 (88)
341 5796 425 5868 Τῇ
470 5796 666 5871 ψυχῇ.
707 5798 852 5858 Editi
885 5803 942 5858 ἐν
972 5803 1040 5874 τῇ
1072 5802 1236 5874 ψυχῇ.
1278 5801 1595 5875 Praepositi.)
1627 5806 1681 5861 in

1770 5520 1966 5578 ’Editio
2004 5520 2181 5576 Paris.
2223 5537 2281 5589 φι

1787 4626 2130 4683 Adeuntibus
2186 4623 2457 4677 all'abilem
2491 4635 2614 4676 esse
2641 4622 2880 4688 oportet,
2933 4622 3099 4684 atque
3154 4614 3210 4667 in
3238 4614 3358 4667 col-

1786 4823 1991 4878 nostris
2017 4828 2140 4874 octo
2173 4836 2307 4875 mss.
2337 4819 2487 4873 deest
2516 4824 2570 4872 et
2594 4817 2649 4871 in
2676 4814 2915 4870 editione
2946 4811 3160 4880 Hagan.
3192 4806 3361 4862 Paulo

1786 4902 1910 4964 post
1941 4893 2072 4948 editi
2100 4891 2245 4963 ἔχειν
2281 4887 2627 4971 ἐνιδρυμένον
2660 4887 2719 4938 ἐν
2749 4884 2916 4953 αὐτῷ.
2954 4880 3186 4936 Codices
3223 4896 3359 4934 mss.

1787 4978 2001 5019 summo
2028 4977 2297 5016 consensu
2332 4968 2389 5013 ut
2426 4967 2479 5012 in
2513 4967 2683 5012 textu.

1857 5033 1969 5102 (89)
2008 5031 2083 5085 Τὰ
2118 5030 2637 5102 προσκαλούμενα,
2672 5034 2781 5102 e_t_c.
2812 5023 3000 5102 βοειιιῇ
3031 5034 3225 5102 ειιιιιιιε
3253 5018 3360 5097 boc

1786 5089 1908 5177 1969
1944 5089 2361 5177 Coislinianuzn“
2390 5089 2649 5177 primum,
2697 5094 2849 5149 Harl.
2881 5103 2936 5177 et
2964 5094 3104 5177 duos
3134 5089 3354 5177 Regios.

1786 5172 1961 5228 Habet
2005 5173 2171 5227 etiam
2223 5158 2515 5225 Medicmus
2558 5158 2643 5219 τάκ
2670 5162 3125 5237 προσκαλούμενα
3171 5158 3354 5237 animo}.

1786 5242 2087 5297 Vaticanus
2117 5250 2171 5296 et
2216 5240 2309 5293 alii
2356 5238 2604 5292 nonnulli
2639 5229 3359 5307 {rd'npomlotitteyaﬂpig

1785 5316 1865 5396 εἰς
1890 5312 2108 5396 κακνίαν.
2150 5310 2295 5365 Editi
2327 5308 2397 5361 τὰ
2424 5299 2879 5380 προσκαλούμενα
2904 5299 3057 5376 ἡμᾶς
3078 5303 3159 5365 εἰς
3185 5299 3360 5370 ἀκρα-

1787 5381 2285 5521 σίῗθθῗαῗὶφιλοτί
2325 5467 2427 5516 ως.
2469 5447 2561 5503 Sic
2587 5454 2798 5501 veteres
2830 5443 3099 5498 editiones
3130 5448 3185 5495 et
3218 5452 3354 5492 mss.

1787 5523 1966 5578 Editio
2004 5520 2181 5576 Paris.
2223 5467 2537 5587 ergo-ripaue.
2580 5515 2750 5571 Paulo
2790 5522 2914 5587 post
2964 5511 3273 5567 addidimus
3301 5522 3357 5561 τι

2315 5531 2537 5591 οτιμως.
2581 5531 2750 5571 rauto
2790 5531 2889 5587 pos

1785 5610 1853 5650 ex
1884 5601 2090 5663 septem
2116 5606 2252 5663 mss.

1857 5649 1969 5732 (91)
2000 5659 2098 5729 Μὴ
2129 5661 2530 5730 ἐπικρύπτειν.
2560 5655 2730 5732 Coisl.
2757 5658 2970 5726 primus
2992 5662 3045 5711 et
3065 5649 3206 5710 Med.
3230 5660 3358 5704 cum

1788 5729 2001 5790 (limbus
2034 5733 2217 5805 Regiis
2254 5732 2329 5804 μὴ
2360 5729 2850 5803 ἐπικρυπτόμενον.
