3888 6214
376 246 483 301 935

1686 238 1751 293 5.
1797 236 2043 295 BASlLll
2082 238 2299 297 MAGNI

3538 219 3645 276 236

378 363 495 414 sive
525 372 634 413 non
670 354 1012 429 (suppeditas
1034 360 1217 409 autem
1248 352 1502 425 pluribus
1534 351 1771 407 militum
1804 352 1959 409 denis

2068 355 2214 426 ριάσι
2252 358 2618 427 στρατιωτῶν,
2644 358 2677 430 ἢ
2708 359 2853 422 ὅσοις
2884 358 3143 431 ἀνδράσιν
3173 360 3384 424 ἐκεῖνος
3409 360 3652 433 παρέσχε

376 452 647 515 millibus,
702 464 868 521 quam
935 455 1071 519 quot
1130 447 1224 501 ille
1279 445 1595 501 hominibus
1649 446 1962 500 necessaria

378 541 887 612 subministrabat),
912 541 1007 610 qui
1040 536 1261 610 quidem
1310 538 1474 593 nobis
1512 552 1623 591 non
1656 552 1757 608 pro
1787 536 1966 607 digni-

379 646 491 692 tate
520 635 760 697 .scribis,
816 633 911 689 sed
964 638 1231 688 consueto
1277 644 1450 693 more,
1506 643 1612 684 nec
1666 629 1965 700 quidquam

378 728 621 784 remittis
656 726 725 782 de
754 726 1061 781 litterarum
1103 722 1331 788 studio;
1381 719 1504 784 sed,
1557 727 1618 773 ut
1663 721 1743 774 ait
1786 718 1964 783 Plato,

378 824 436 878 in
469 823 590 893 ipsa
632 825 964 891 tempestate
994 832 1059 872 ac
1083 825 1225 872 aestu
1254 817 1628 887 negotiorum,
1656 815 1832 869 veluti
1863 813 1967 869 sub

375 930 598 970 murum
648 913 940 984 quemdam
982 910 1224 965 validum
1267 909 1590 971 abscedens,
1628 907 1779 962 nullo
1807 920 1967 976 pror-

374 1023 476 1063 sus
510 1005 750 1059 tumultu
781 1010 966 1057 mente
997 1000 1243 1055 turbaris
1279 1017 1293 1053 :
1328 999 1437 1054 imo
1466 1015 1570 1054 nec
1602 999 1764 1061 alios,
1789 1013 1966 1068 quan-

375 1107 495 1153 tum
525 1099 580 1152 in
613 1105 668 1152 te
690 1105 793 1159 est,
832 1093 1146 1166 perturbari
1180 1092 1340 1149 sinis.
1376 1094 1456 1147 Ac
1487 1107 1577 1147 res
1609 1092 1830 1161 quidem
1858 1097 1967 1145 tuae

374 1193 539 1251 tales,
586 1204 799 1258 magum
833 1186 1082 1256 profecto
1113 1191 1168 1239 et
1199 1184 1539 1239 admirandae
1570 1185 1658 1240 bis
1699 1183 1791 1253 qui
1843 1198 1965 1253 per-

377 1285 596 1354 spicere
671 1287 952 1351 possunt;
1034 1278 1144 1349 76
1230 1292 1426 1332 rursus
1500 1284 1683 1330 autem
1745 1275 1969 1330 minime

378 1373 743 1437 admirandae,
794 1372 841 1428 si
887 1370 1013 1441 quis
1055 1385 1149 1425 eas
1194 1384 1320 1424 cum
1371 1376 1488 1424 toto
1534 1368 1656 1423 vitae
1714 1368 1967 1424 instituto

378 1473 680 1537 comparet.
708 1464 837 1519 Jam
860 1478 988 1518 vero
1020 1471 1241 1517 nostras
1277 1461 1429 1527 audi,
1460 1475 1584 1532 qua:
1605 1467 1660 1516 et
1685 1459 1966 1514 mirabiles

379 1566 529 1622 sunt,
553 1567 607 1613 et
636 1556 831 1612 merito
860 1555 1023 1610 nobis
1047 1554 1392 1608 acciderunt.

449 1652 502 1704 2.
528 1648 775 1720 Agrestis
805 1648 1027 1718 quidam
1060 1661 1128 1699 ex
1171 1645 1241 1700 iis
1272 1645 1366 1716 qui
1403 1645 1693 1701 nobiscum
1725 1644 1966 1700 Annesis

2066 444 2137 497 τὰ
2168 446 2449 518 ἐπιτήδεια
2472 463 2485 477 ’
2515 448 2576 511 ὃς
2600 464 2663 516 γε
2683 446 2797 500 οὗθ’
2829 449 2962 519 ἡμῖν
2985 448 3093 502 ἀπὸ
3116 446 3211 502 τοῦ
3236 450 3515 521 σχήματος
3541 452 3658 503 ἐπι-

2067 536 2335 601 στέλλεις,
2376 537 2512 592 ἀλλὰ
2549 539 2642 592 τὸν
2691 538 2920 592 εἰωθότα
2969 541 3198 610 τρόπον’
3246 541 3340 593 καὶ
3375 540 3478 610 τῆς
3510 540 3657 615 περὶ

2065 628 2257 698 λόγους
2299 630 2536 702 σπουδῆς
2582 630 2734 683 οὐδὲν
2780 630 3033 699 ὑφίεσαι·
3084 629 3223 684 ἀλλά
3264 631 3324 684 τὸ
3367 630 3461 684 τοῦ
3508 632 3654 687 Πλά-

2064 738 2254 787 τωνος,
2294 724 2352 777 ὲν
2400 722 2631 794 χειμῶνι
2689 723 2784 776 καὶ
2828 720 2967 795 ζάλῃ
3003 722 3081 793 (9)
3136 723 3497 794 πραγμάτων,
3542 719 3653 778 οἷον

2067 813 2172 866 ὑπὸ
2193 814 2362 884 τείχει
2391 816 2496 868 τινὶ
2547 815 2799 887 καρτερῷ
2854 815 3116 878 ἀποστὰς,
3164 815 3376 879 οὐδενὸς
3423 816 3650 888 θορύϐου

2065 904 2164 976 τὴν
2212 904 2389 977 ψυχὴν
2442 906 2896 977 ἀναπίμπλασαισ
2933 904 3134 975 μᾶλλον
3176 904 3233 957 δὲ
3282 898 3653 976 ούδὲέτέρους

2066 997 2182 1068 ἐᾷς,
2211 997 2273 1049 τό
2300 1014 2363 1066 γε
2408 997 2606 1051 σαυτοῦ
2654 997 2838 1068 μέρος.
2890 997 3001 1050 Καὶ
3042 995 3111 1050 τά
3146 996 3246 1068 μὲν
3296 996 3367 1051 σὰ
3406 997 3651 1063 τοιαῦτα,

2070 1089 2283 1159 μεγάλα
2309 1089 2403 1142 καὶ
2443 1086 2734 1159 θαυμαστὰ
2766 1089 2877 1151 τοῖς
2914 1088 3146 1158 συνορᾷν
3178 1086 3519 1158 δυναμένοις,
3558 1088 3652 1145 καί

2067 1178 2229 1234 πάλιν
2267 1181 2328 1233 οὐ
2364 1178 2654 1252 θαυμαστά
2681 1178 2759 1250 τῷ
2788 1178 2922 1250 πρὸς
2951 1179 3050 1250 τὴν
3094 1179 3223 1251 ὃλην
3246 1181 3359 1252 (10)
3394 1181 3653 1252 προαίρε·

2068 1287 2152 1323 σιν
2179 1269 2273 1324 τοῦ
2322 1269 2437 1341 βίου
2490 1270 2752 1343 κρίνοντι.
2784 1270 2985 1322 ’Δκουε
3026 1268 3090 1340 δὴ
3130 1270 3224 1323 καὶ
3264 1270 3335 1323 τὰ
3384 1272 3651 1344 ἡμέτερα,

2067 1362 2348 1434 παράδοξά
2373 1380 2433 1416 τε
2471 1361 2620 1428 ὄντα,
2657 1361 2751 1415 καὶ
2801 1361 3111 1425 ἀκολούθως
3136 1364 3270 1432 ἡμῖν
3298 1361 3649 1417 ἀπαντῶντα.

2136 1641 2194 1698 2.
2232 1639 2398 1711 ’Λνήρ
2425 1656 2510 1703 τις
2543 1640 2799 1712 ἄγροικος
2836 1639 2946 1693 τῶν
2995 1638 3387 1695 συνοικούντων
3431 1638 3653 1711 quem

379 1748 812 1803 commorantur,
862 1749 1079 1791 mortuo
1114 1736 1320 1790 famulo
1350 1751 1494 1801 meo,
1527 1753 1634 1791 non
1667 1752 1726 1792 se
1752 1736 1959 1807 negotii

2076 1708 2505 1804 ’Avvﬁcoiglli),
2532 1708 2743 1785 οἰκέτου
2782 1736 2898 1803 μου
2920 1732 3368 1804 τελευτήσαντος,
3410 1708 3485 1785 ού-
3513 1748 3652 1803 συμ-

378 1831 680 1902 quidquam
713 1844 836 1884 cum
885 1828 979 1882 illo
1001 1827 1278 1881 habuisse
1319 1825 1477 1889 dixit,
1515 1841 1626 1880 non
1653 1826 1722 1880 ad
1754 1841 1842 1881 me
1870 1840 1965 1880 ac-

379 1924 574 1985 cessit,
619 1936 732 1975 non
783 1925 1125 1988 conquestus
1162 1924 1270 1981 est,
1304 1931 1416 1971 non
1467 1918 1684 1987 rogavit
1719 1924 1778 1971 ut
1811 1933 1841 1971 a
1866 1931 1966 1971 vo-

377 2016 527 2071 lente
556 2014 851 2082 acciperet,
885 2027 1003 2077 non,
1041 2011 1283 2064 minatus
1311 2018 1397 2064 est
1428 2024 1488 2063 se
1517 2010 1625 2063 vim
1660 2008 1963 2072 facturum,

374 2107 485 2162 nisi
540 2102 860 2174 acciperet;
922 2100 1021 2158 sed
1082 2100 1270 2156 subito
1328 2114 1455 2154 cum
1504 2100 1789 2156 nonnullis
1848 2099 1961 2171 ipsi

374 2194 990 2252 temeritate'similibus
1033 2193 1258 2248 domum
1306 2200 1554 2247 nostram
1585 2192 1812 2258 invasit,
1843 2207 1968 2246 mu-

376 2295 651 2362 lieresque
690 2305 811 2360 quae
859 2302 980 2342 eam
1024 2285 1412 2342 custodiebant
1458 2284 1780 2340 verberibus
1827 2299 1965 2338 oon-

374 2384 541 2445 tudit,
579 2397 643 2435 ac
665 2378 910 2434 eﬂractis
948 2376 1160 2431 foribus
1184 2375 1495 2445 exportavit
1523 2374 1731 2438 omnia,
1762 2374 1962 2444 partim

377 2476 483 2529 sibi
516 2475 634 2542 ipse
667 2470 912 2541 rapiens,
957 2468 1161 2539 partim
1196 2467 1265 2521 ad
1315 2466 1685 2536 diripiendum
1737 2466 1966 2522 cuilibet

377 2580 709 2637 proponens.
766 2563 978 2630 Itaque,
1023 2567 1419 2614 neextremus
1474 2573 1577 2613 nos
1629 2558 1965 2613 inﬁrmitatis

373 2658 647 2715 terminus
676 2656 873 2719 simus,
906 2653 1308 2722 videamurque
1335 2651 1595 2706 omnibus
1625 2648 1693 2703 ad
1729 2650 1963 2720 injurias

374 2750 607 2817 idonei;
661 2748 806 2820 quod
852 2746 1094 2803 studium
1140 2743 1401 2798 omnibus
1442 2743 1651 2798 nostris
1695 2742 1749 2796 in
1796 2743 1962 2798 rebus

373 2843 688 2905 ostendisti,
724 2842 827 2896 hoc
879 2839 1022 2893 idem
1063 2852 1214 2893 nunc
1243 2845 1304 2891 ut
1335 2835 1623 2906 impendas
1661 2836 1880 2891 exorari
1908 2842 1961 2890 te

374 2939 514 2992 sine.
546 2933 662 2988 Hac
693 2932 837 2989 enim
874 2945 981 2984 una
1028 2945 1087 2985 re
1135 2928 1513 2999 tranquillitas
1559 2927 1723 2983 nobis
1773 2942 1960 2983 serve-

374 3040 488 3091 tur,
522 3027 569 3082 si
597 3036 826 3084 strenuo
874 3032 967 3078 tuo
1012 3020 1268 3092 praesidio
1316 3021 1571 3077 instructi
1604 3021 1800 3076 simus.
1832 3018 1958 3073 Eri-

371 3136 501 3177 mus
546 3126 730 3173 autem
779 3115 951 3170 multa
996 3115 1098 3168 hac
1127 3115 1398 3177 contenti,
1440 3114 1486 3168 si
1531 3129 1561 3167 a
1591 3114 1715 3184 pagi
1742 3126 1957 3183 praepo-

372 3208 484 3265 sito
532 3206 986 3278 comprehensus,
1028 3204 1182 3259 brevi
1222 3212 1467 3274 tempore
1518 3205 1575 3258 in
1616 3219 1845 3259 carcere
1871 3203 1959 3258 in-

372 3299 648 3354 cludatur.
694 3284 905 3352 Etenim
946 3312 1056 3350 non
1100 3295 1171 3350 ob
1213 3310 1279 3350 ea
1316 3295 1496 3350 solum
1546 3311 1670 3366 quae
1713 3298 1964 3367 perpessi

373 3404 591 3453 sumus,
621 3387 975 3458 indignamur
1007 3402 1019 3436 :
1060 3384 1158 3441 sed
1194 3385 1251 3441 in
1281 3393 1567 3457 poSterum
1598 3388 1767 3441 etiam
1800 3402 1959 3443 secu-

372 3480 538 3535 ritate
567 3478 898 3549 indigemus.

916 3587 1251 3643 EPISTOLA
1270 3562 1400 3642 'lv'.

2063 1824 2275 1879 ϐόλαιόν
2332 1842 2386 1878 τι
2437 1824 2549 1895 (12)
2591 1824 2730 1896 πρὸς
2775 1826 2939 1879 αὑτὸν
2994 1824 3165 1879 εἰπὼν
3217 1818 3530 1897 ἐσχηκέναι,
3588 1823 3650 1876 οὐ

2064 1915 2376 1987 προσελθών
2411 1934 2523 1988 μοι,
2559 1918 2659 1971 οὐκ
2687 1918 3165 1989 ἐπαιτιασάμενος,
3215 1918 3276 1970 οὐ
3325 1917 3454 1985 παρ’
3499 1916 3650 1969 ἐκόν-

2063 2025 2154 2071 τος
2199 2005 2436 2072 ἀξιώσας
2495 2007 2700 2072 λαϐεῖν,
2755 2009 2856 2062 οὐκ
2909 2010 3211 2081 ἀπειλήσας
3261 2009 3309 2060 εί
3370 2007 3444 2079 μὴ
3495 2006 3651 2060 λάϐοι

2066 2098 2379 2169 βιάσασθαι,
2406 2099 2603 2172 ἀθρόον
2629 2101 2768 2172 μετά
2796 2118 2956 2154 τινων
2989 2100 3191 2172 ὁμοίων
3222 2099 3369 2171 αὐτῷ
3397 2101 3496 2171 τὴν
3516 2099 3653 2152 ἀπό-

2064 2210 2214 2248 νοιαν
2258 2193 2578 2264 ἐπιθέμενος
2625 2194 2781 2265 ἡμῶν
2819 2196 2885 2265 τῇ
2923 2194 3088 2265 οἰκίᾳ,
3136 2192 3206 2246 τά
3249 2211 3310 2246 τε
3351 2192 3550 2262 γύναια
3580 2189 3652 2245 τὰ.

2051 2286 2406 2355 ,φυλάττοντα
2439 2287 2728 2359 συνέτριψε
2756 2288 2995 2350 τύπτων,
3033 2287 3129 2341 καὶ
3170 2284 3522 2357 καταρῤήξας
3548 2284 3652 2347 τὰς

2066 2379 2257 2453 θύρας,
2285 2379 2613 2452 ἐξεφόρησεν
2644 2381 2878 2443 ἅπαντα,
2923 2378 2993 2433 τὰ
3023 2380 3121 2450 μὲν
3151 2378 3312 2443 αὐτὸς
3340 2376 3541 2442 λαϐὼν,
3582 2376 3653 2430 τὰ

2063 2471 2121 2525 δὲ
2148 2475 2226 2535 εἰς
2255 2472 2564 2544 διαρπαγὴν
2597 2474 2710 2536 τοῖς
2757 2471 3101 2542 βουλομένοις
3148 2470 3388 2541 προθείς.
3433 2469 3528 2523 ”Ιν’
3556 2465 3651 2522 οὖν

2069 2564 2194 2635 μὴὸ
2226 2565 2452 2633 ἔσχατος
2498 2565 2623 2635 ὄρος
2669 2560 2830 2635 ἡμεῖς
2872 2563 2975 2635 τῆς
3028 2562 3310 2626 ἀσθενείας
3342 2556 3511 2633 ὦμεν,
3555 2560 3651 2615 καὶ

2065 2656 2229 2709 παντὶ
2267 2655 2506 2725 δόξωμεν
2555 2656 2851 2726 ἐπιτήδειοι
2886 2656 3023 2728 πρὸς
3068 2655 3429 2727 ἐπιχείρησιν,
3474 2654 3542 2725 ἦν
3590 2656 3650 2707 ὲν

2064 2750 2198 2801 πᾶσι
2222 2749 2334 2811 τοῖς
2371 2748 2689 2818 πράγμασιν
2722 2750 2754 2818 ἡ
2765 2746 2881 2819 μῶν
2912 2747 3152 2818 σπουδὴν
3180 2746 3526 2813 ὲπιδέδειξαι,
3554 2745 3651 2799 καὶ

2061 2837 2158 2892 νῦν
2181 2837 2593 2906 εἰσενέγκασθαι
2614 2838 3016 2912 παρακλήθητι.
3047 2840 3242 2903 Μόνως
3273 2837 3383 2910 γάρ
3409 2837 3476 2892 ἂν
3512 2839 3650 2908 ἡμῖν

2059 2929 2203 2982 οὕτω
2233 2928 2293 2982 τὸ
2325 2929 2615 3000 ἄπραγμον
2653 2930 2973 2994 σώζοιτο,”εί
2999 2932 3076 3001 τῷ
3098 2929 3175 3001 σῷ
3200 2927 3510 3001 δραστηρίῳ
3536 2926 3648 2999 (15)

2064 3015 2488 3090 συντεταγμένοι
2540 3019 2755 3092 εἴημεν.
2792 3021 3009 3075 Γένοιτο
3040 3022 3084 3075 δ’
3134 3022 3201 3075 ἂν
3241 3023 3373 3092 ἡμῖν
3404 3019 3651 3090 ἀρκοῦσα

2060 3111 2207 3183 δίκη,
2232 3114 2303 3178 εί,
2338 3110 2426 3164 διὰ
2453 3110 2545 3165 τοῦ
2582 3112 2868 3184 παγάρχου
2902 3111 3013 3182 (14)
3063 3111 3412 3183 συλληφθεὶς,
3463 3111 3523 3163 ὲν
3568 3104 3652 3181 τῷ

2061 3200 2438 3276 δεσμωτηρίῳ
2459 3205 2664 3278 βραχὺν
2698 3204 3113 3276 κατακλεισθείη
3140 3205 3349 3276 χρόνον.
3397 3201 3507 3256 και
3537 3200 3653 3276 γὰρ

2062 3298 2161 3368 οὐχ
2187 3297 2328 3369 ὑπὲρ
2352 3291 2427 3350 ὧν
2455 3297 2804 3369 πεπόνθαμεν
2849 3296 3263 3367 ἀγανακτοῦμεν
3300 3296 3481 3367 μόνον,
3512 3293 3652 3349 ἀλλὰ

2063 3389 2159 3441 καὶ
2188 3386 2289 3457 τῆς
2314 3387 2452 3460 πρὸς
2480 3388 2540 3441 τὸ
2566 3387 2753 3442 λοιπὸν
2783 3387 3084 3458 ἀσφαλείας
3104 3386 3358 3459 δεόμεθα.

2629 3590 2976 3643 ΕΠΙΣΤΟΛΙΙ
3014 3592 3084 3645 Δ¹.

418 3705 686 3772 Olympio,
733 3703 816 3768 qui
857 3704 987 3753 dona
1024 3703 1249 3762 miserat,
1304 3702 1581 3765 perurbane
1630 3702 1817 3766 gratias
1851 3700 2235 3827 αὲἑὲυιῗὲξιήιε,
2262 3701 2488 3753 incusans
2519 3701 2650 3766 quod
2693 3702 3081 3754 mntubernalem
3120 3717 3260 3753 suam
3299 3701 3587 3766 pauperiem

1014 3869 1293 3941 Olympio.

422 3987 651 4058 'Ecquid
682 3986 820 4056 agis,
852 4000 883 4038 o
910 3985 1197 4054 praeclare,
1230 3984 1326 4055 qui
1360 3985 1593 4038 amicam
1634 3983 1793 4038 nobis
1825 3999 1956 4055 pau-

370 4088 638 4155 pertatem
668 4086 722 4133 et
753 4077 1111 4148 philosophia:
1136 4077 1407 4130 nutricem
1443 4076 1740 4132 solitudine
1769 4077 1973 4146 expel:

2699 3870 3010 3938 Ὀλυμπίῳ.

2131 3976 2233 4038 Οἷα
2262 3986 2456 4048 ποιεῖς,
2497 3977 2542 4037 ὧ
2586 3982 2880 4055 θαυμάσιε,
2920 3984 3020 4055 τὴν
3064 3984 3227 4055 φίλην
3257 3986 3393 4057 ἡμῖν
3430 3987 3643 4053 πενίαν,

2058 4074 2153 4127 καὶ
2195 4073 2511 4144 φιλοσοφίας
2561 4075 2795 4146 τροφὸν,
2844 4075 2945 4144 τῆς
2991 4077 3246 4145 ἐσχατιᾶς
3286 4076 3645 4145 ἀπελαύνων-ς

372 4174 481 4230 lis?
533 4172 789 4226 Arbitror
838 4171 985 4223 enim
1040 4168 1185 4233 fore,
1236 4175 1298 4223 ut
1350 4168 1471 4239 ipsa
1530 4168 1628 4222 tibi
1677 4169 1951 4237 judicium

2068 4163 2230 4237 Ἱῖμαι
2267 4167 2485 4236 γάριᾶν
2527 4183 2586 4219 σε
2634 4167 2728 4221 καὶ
2783 4166 3006 4239 ἐξούλης
3054 4169 3274 4239 γραφὴν
3322 4168 3414 4222 ὑπ’
3472 4171 3647 4243 αὐτῆς

372 4244 678 4321 intenderet
725 4261 871 4315 unde
911 4260 987 4324 vi,
1037 4260 1085 4315 si
1139 4275 1245 4329 qua
1299 4260 1349 4314 ei
1402 4260 1659 4330 loquendi
1720 4260 1954 4314 facultas

442 4406 464 4424 ‘
494 4398 643 4452 Alias
672 4393 903 4451 CLXIX.
938 4393 1153 4464 Scripta
1182 4394 1235 4446 in
1266 4408 1511 4448 secessu.

444 4470 518 4539 (9)
562 4467 667 4539 Kq}
703 4465 879 4539 ζάλῃ.Δ
906 4464 1027 4539 Vat.
1067 4463 1128 4518 iet
1168 4465 1300 4539 lieg.
1350 4466 1561 4539 primus
1598 4466 1690 4516 ml.
1717 4463 1945 4539 χαλάζῃ,

371 4531 575 4594 Ibidem
615 4536 756 4600 Vat.,
786 4531 955 4590 Goisl.
996 4531 1272 4604 secundus
1318 4531 1371 4587 et
1403 4531 1541 4604 Reg.
1580 4531 1810 4604 uterque
1844 4531 1950 4587 ὑπὸ

370 4611 547 4680 τεῖχός
572 4626 624 4660 τι
652 4605 940 4677 καρτερόν,
993 4603 1160 4680 Paulo
1188 4611 1312 4680 post
1343 4603 1505 4657 iidem
1551 4603 1770 4659 codices
1808 4604 1950 4659 οὕτω

372 4672 615 4751 μεγάλα,
634 4672 1068 4751 εχοεριὸΛιοηιεη
1097 4672 1380 4751 Vaticano.

445 4741 557 4820 (10)
595 4741 810 4820 Ὄλψί
857 4745 1008 4799 Hanc
1056 4759 1243 4820 vocem
1288 4741 1728 4820 addidimus.“
1778 4743 1946 4800 Coisl.

371 4812 623 4890 utroque,
656 4812 795 4871 Med.
828 4823 1141 4890 et‘utroquf.
1169 4812 1358 4890 Regio.

444 4883 555 4960 (Μ’)
599 4892 701 4943 Ἐν
731 4883 1668 4960 hwﬁacr¢QCodegperantiquus
1697 4883 1867 4940 Coisl.
1893 4886 1950 4939 ἐν

381 4954 646 5032 mme-
695 4958 837 5032 alius
888 4972 957 5011 ex
989 4955 1178 5011 eadem
1227 4954 1557 5009 bibliotheca
1600 4963 1654 5009 et
1706 4972 1849 5012 unus
1882 4971 1948 5011 ex

371 5029 558 5099 Regiis
593 5035 649 5082 εν
693 5029 973 5089 Ἀννίσοις.

445 5094 555 5171 (Ἶὲ)
588 5102 669 5153 οὐ
696 5096 1160 5171 συμϐόλαιόν-τι.
1194 5094 1950 5171 Βεθειληοςοιὶομὶη’θύίιίείει

369 5171 426 5225 in
456 5166 710 5241 pluribus
744 5166 873 5223 mss.
908 5168 1216 5241 codicibus.
1251 5166 1473 5238 Legitur
1504 5169 1557 5221 in
1588 5167 1804 5221 duobus
1826 5168 1948 5221 aliis

298 5268 301 5271 λ
365 5254 422 5297 et
448 5236 688 5297 secunda
719 5255 883 5292 manu
915 5238 971 5292 in
1018 5236 1301 5291 Harlaeano
1324 5236 1349 5305 ;“
1375 5254 1439 5293 ac
1468 5253 1709 5308 ‘prorsus
1757 5252 1949 5291 neces-

371 5312 516 5365 saria
540 5312 757 5365 videtur
776 5311 844 5363 ad
864 5309 1133 5379 orationis
1156 5309 1352 5379 seriem
1379 5327 1394 5375 ;
1426 5310 1628 5379 quippe
1646 5322 1770 5361 cum
1803 5322 1950 5376 agre-

371 5382 472 5435 stis
506 5382 596 5435 ille
628 5390 754 5435 ante
787 5380 999 5433 facinus
1029 5378 1286 5437 ediderit,
1316 5378 1479 5447 quam
1518 5380 1682 5432 ullam
1732 5379 1949 5447 consilii

369 5452 454 5504 sui
481 5451 932 5520 signiﬁcationem
961 5448 1223 5520 dedisset.
1268 5446 1472 5505 Ibidem
1512 5451 1664 5503 deest
1687 5446 1855 5499 εἰπών
1894 5449 1949 5502 in

370 5522 548 5575 tribus
582 5520 967 5575 vetustissimis
998 5519 1305 5574 codicibus.

441 5592 553 5661 (l5)
583 5591 942 5660 Δραστηρίῳ.
977 5588 1069 5661 Sic
1098 5587 1418 5661 iiarlmanus
1448 5604 1573 5661 cum
1598 5584 1950 5661 Regioutro-

361 5657 474 5735 que
508 5657 563 5718 et
596 5657 762 5715 Coisl.
805 5657 1067 5714 Secundo.
1106 5659 1247 5714 Etliti
1289 5657 1641 5729 δικαστηρίῳ.
1687 5658 1794 5713 Sed
1834 5659 1946 5713 hac

2052 4248 2281 4326 ’φεύγειν
2324 4258 2460 4330 (15),
2508 4260 2562 4312 εἴ
2602 4275 2686 4322 τις
2728 4261 2865 4330 αὐτῇ
2905 4260 3259 4330 προσγένοιτο
3307 4260 3505 4330 λόγος’
3556 4263 3644 4318 ὅτι

2061 4400 2335 4473 posterior
2355 4399 2637 4473 scriptura
2667 4399 3175 4473 minusprobabilis
3200 4418 3215 4466 ;
3241 4416 3355 4456 non
3378 4402 3523 4457 enim
3549 4402 3645 4473 ju-

2058 4471 2259 4522 dicium
2286 4469 2683 4523 a'Candidiano
2703 4472 2837 4542 petit
2863 4470 3117 4542 Basilius,
3147 4472 3242 4525 sed
3275 4469 3645 4542 patrocinium

2059 4542 2199 4608 apud
2234 4542 2582 4609 praepositum
2612 4541 2752 4609 pagi.
2797 4541 3167 4609 (Joulirmatur
3194 4541 3401 4599 ,nostra
3458 4543 3637 4598 inter-

2061 4611 2292 4681 pretatio
2336 4608 2409 4681 eg
2468 4610 2554 4681 bis
2611 4608 2794 4663 verbis
2844 4608 3095 4681 Gregorii
3141 4610 3275 4665 Naz.
3337 4613 3488 4667 Orat.
3534 4613 3643 4678 25,

2061 4676 2112 4747 ᾖ».
2144 4679 2290 4751 Mi:
2325 4676 2455 4732 Οἶδα
2500 4679 2606 4732 τίνι
2656 4676 3015 4751 ἀπεταξάμῆν
3057 4681 3151 4735 καὶ
3187 4681 3292 4735 τίνι
3347 4676 3643 4749 συνεταξάὲ

2224 4748 2345 4872 Sdcio
2389 4750 2474 4803 cui
2524 4752 2822 4804 renuntiavi
2852 4748 2918 4804 ρι’
2944 4748 3030 4804 cui
3080 4768 3161 4806 me
3206 4751 3453 4821 adjuuxi.
3508 4748 3647 4809 Vide

2180 4835 2244 4873 en
2290 4836 2339 4874 a.

2057 4825 2339 4874 Addenda.

2130 4890 2242 4959 (14)
2272 4890 2609 4959 Παγάρχου.
2650 4891 2740 4945 Sic
2782 4899 2987 4957 septem
3030 4906 3171 4947 mss.
3208 4892 3450 4948 codices.
3497 4892 3647 4949 Editi

2059 4960 2353 5033 admodum
2386 4961 2645 5033 mendose
2692 4962 2993 5033 πυράρχου.
3032 4963 3092 5015 lii
3142 4970 3320 5015 autem
3375 4978 3644 5033 pagorum

2058 5032 2337 5099 praepositi
2395 5046 2524 5085 suas
2579 5031 3031 5086 administranda:
3099 5031 3648 5089 militaris'annonm

2060 5113 2241 5169 partes
2262 5102 2720 5161 sustinebant,'ut
2750 5110 2896 5170 patet
2923 5118 2987 5155 ex
3019 5101 3140 5157 cod.
3167 5101 3373 5156 Theod.
3409 5103 3503 5160 lib.
3539 5119 3644 5165 vn,

2058 5171 2146 5243 tit.
2184 5172 2238 5233 4,
2280 5174 2398 5243 leg;
2430 5172 2568 5243 μοι
2607 5172 2711 5243 lib.
2744 5188 2842 5243 xu,
2884 5173 2966 5227 tit.
3002 5174 3055 5234 6,
3090 5174 3191 5243 leg.
3243 5172 3311 5243 8.,
3338 5170 3495 5227 Unde
3526 5188 3673 5227 non-

2059 5241 2256 5313 mirum
2289 5240 2617 5313 siBasilius
2650 5242 2718 5295 ad
2767 5240 3191 5307 Candidianum,
3232 5242 3388 5307 cujus
3416 5256 3643 5313 magna

2059 5311 2199 5379 apud
2240 5313 2357 5380 pagi
2395 5312 2746 5380 praepositum
2784 5314 3263 5373 eratauctoritas.
3295 5311 3566 5382 confugit}

2130 5382 2241 5449 (15)
2276 5382 2545 5450 Φεύγειν.
2599 5382 2766 5435 Miror
2806 5383 3192 5438 (Zombeﬁsium
3245 5383 3531 5438 censuisse
3562 5382 3646 5439 lc-

2056 5452 2293 5519 gendum
2328 5453 2388 5504 οὑ
2421 5452 2664 5521 φεύγειν,
2700 5467 2824 5505 cum
2849 5462 3038 5506 notum
3068 5454 3140 5508 sit
3169 5461 3223 5507 et
3259 5455 3647 5523 pervulgatum

2058 5522 2280 5595 φεύγειν
2302 5524 2519 5594 γραφήν
2539 5524 2681 5595 idem
2704 5536 2909 5595 sonare
2928 5537 2991 5595 ac
3024 5522 3296 5580 accusari.
3324 5522 3491 5578 Paulo
3514 5528 3649 5595 post

2058 5592 2114 5645 in
2148 5592 2382 5661 quatuor
2420 5592 2554 5649 mss.
2585 5594 2668 5646 ὅτι
2698 5592 2884 5662 Τούτῳ
2916 5593 3033 5663 μέν.

3262 5784 3269 5785 κ
3294 5772 3370 5788 and.
