3888 6214
343 298 450 356 259

1628 301 1681 354 S.
1725 298 1968 354 BASILII
2008 296 2220 351 MAGNI

3516 298 3620 352 sua

342 411 502 467 vobis
530 410 720 475 fluere,
762 410 858 468 sed
909 412 1092 467 subito
1137 411 1406 467 daemonis
1463 412 1664 468 invidia
1710 415 1917 468 evanuil

2037 411 2312 475 πλείστοις
2349 411 2405 464 δέ
2439 411 2580 464 κατὰ
2605 401 2742 482 ῥοῦν
2773 411 2900 481 ὑμῖν
2927 409 3002 462 τά
3017 407 3315 481 πράγματα
3339 407 3620 480 φέρεσθαι·

343 510 462 558 tota
507 503 599 557 illa
645 505 843 559 domus
893 503 1130 559 felicitas
1169 514 1224 559 et
1262 505 1574 559 animarmn
1628 507 1924 570 hilaritas;

343 609 410 650 ac
459 596 780 651 hominibus
823 598 1003 652 tristis
1053 597 1283 652 historia
1340 598 1466 652 facti
1509 614 1726 653 smnus.
1757 600 1929 668 Igitur

342 689 390 744 si
420 689 492 744 ob
522 703 585 743 ea
613 705 734 758 qua:
763 689 1080 744 acciderunt
1102 689 1306 759 lugere,
1345 697 1398 744 et
1437 691 1712 760 lacrymas
1751 691 1927 745 effun-

344 767 474 836 dere
522 783 798 843 volumus.
845 790 1062 851 tempus
1111 783 1238 836 vita:
1286 783 1446 838 nobis
1494 799 1604 837 non
1647 782 1923 849 sufficiet;

344 888 448 926 nec
498 873 543 928 si
590 873 843 928 homines
873 889 1064 928 omnes
1096 873 1385 928 nobiscum
1416 885 1657 942 gemant,
1692 873 1926 930 infortu-

343 966 436 1019 nio
463 966 743 1035 planctum
771 964 1057 1036 adaequare
1080 973 1336 1035 poterunt
1371 985 1384 1020 :
1417 967 1527 1021 imo
1562 968 1781 1024 etiamsi
1821 968 1924 1022 flu-

340 1056 558 1110 viorum
585 1073 740 1128 aqua:
771 1057 1026 1128 lacrymas
1053 1059 1208 1120 ﬁant,
1243 1059 1552 1129 nequibunt
1579 1074 1744 1117 casus
1777 1061 1923 1116 illius

343 1150 580 1205 lamenta
609 1151 846 1219 explere.

412 1416 466 1469 2.
513 1415 621 1471 Sed
671 1415 715 1471 si
766 1415 998 1470 velimus
1043 1414 1137 1471 Dei
1188 1415 1430 1482 donum,
1465 1417 1614 1488 quod
1659 1418 1922 1476 cordibus

341 1509 549 1563 nostris
597 1506 816 1572 indidit,
855 1522 1004 1561 nunc
1035 1523 1316 1578 promere,
1352 1509 1624 1564 rationem
1672 1510 1799 1565 dico
1828 1527 1922 1566 so-

339 1600 536 1666 briam,
559 1615 682 1670 quae
705 1607 758 1656 et
791 1600 846 1653 in
881 1601 1045 1655 rebus
1073 1601 1333 1656 secundis
1366 1601 1586 1657 modum
1617 1604 1772 1658 novit
1802 1603 1924 1658 ani-

339 1692 534 1746 mabus
565 1692 770 1747 nostris
801 1694 1168 1763 praastituere.
1215 1702 1270 1748 et
1313 1693 1368 1748 in
1400 1695 1742 1752 tristioribus
1777 1697 1918 1751 casi-

2032 505 2148 580 άλλ’
2198 503 2410 575 ἀθρόως
2464 503 2734 574 βασκανίᾳ
2794 503 3045 574 δαίμονος
3102 503 3250 554 πᾶσα
3291 501 3473 572 ἐκείνη
3513 501 3619 555 τοῦ

2029 597 2180 650 οἴκου
2215 596 2326 667 (εει)
2369 600 2400 668 ἡ
2449 597 2673 668 εὑθηνία
2723 596 2818 649 καὶ
2856 595 2963 648 τῶν
3015 593 3204 664 ψυχῶν
3251 597 3284 664 ἡ
3327 592 3621 664 φαιδρότης

2031 689 2345 758 ἠφάνισται,
2387 690 2479 742 καὶ
2507 689 2809 758 ἐγενόμεθα
2857 686 2935 758 τῷ
2968 686 3067 757 βίῳ
3092 687 3338 756 διήγημα
3374 684 3621 755 σκυθρω-

2031 781 2150 833 πόν.
2197 781 2325 833 Ἐὰν
2363 781 2464 852 μὲν
2493 777 2585 834 οὖν
2625 780 2944 834 ποτνιᾶσθαι
2996 779 3087 830 ἐπὶ
3112 781 3223 840 τοῖς
3259 778 3500 847 συμϐᾶσι
3526 776 3623 830 καὶ

2028 873 2284 946 δακρύειν
2341 874 2684 946 βουλώμεθα,
2734 875 2834 927 οὑκ
2878 871 3165 942 ἐξαρκέσει
3210 872 3342 941 ἡμῖν
3375 871 3403 922 6
3430 869 3620 939 χρόνος

2026 965 2120 1020 τοῦ
2152 965 2299 1037 βίου·
2334 967 2535 1030 πάντες
2555 968 2611 1020 δὲ
2637 967 2936 1039 ἄνθρωποι,
2988 963 3105 1036 μεθ’
3130 966 3162 1035 ἠ
3173 963 3288 1034 μῶν
3319 963 3615 1024 στένοντες,

2028 1057 2340 1128 παρισῶσαι
2381 1057 2459 1127 τῷ
2507 1059 2669 1111 πάθει
2717 1060 2810 1112 τὸν
2861 1057 3095 1130 ὀδυρμὸν
3141 1056 3202 1109 οὑ
3251 1055 3614 1126 δυνήσονται·

2026 1150 2163 1204 ἀλλὰ
2194 1152 2296 1205 κᾶν
2317 1152 2386 1205 τά
2409 1152 2516 1205 τῶν
2540 1153 2802 1223 ποταμῶν
2831 1151 3078 1224 ῥεύματα
3101 1150 3216 1220 (26)
3262 1149 3496 1219 δάκρυον
3523 1145 3618 1214 γέ-

2025 1252 2204 1315 νηται,
2233 1244 2589 1318 ἐκπληρῶσαι
2633 1245 2741 1298 τῶν
2770 1243 3097 1314 συμϐάντων
3137 1241 3228 1295 τὸν
3276 1239 3474 1311 θρῆνον
3513 1237 3616 1291 οὑκ

2026 1333 2332 1407 ἐξαρκέσει.
3565 1409 3574 1414 η

2092 1427 2148 1482 2.
2196 1428 2322 1482 Ἐάν
2357 1428 2539 1500 μέντοι
2593 1428 2910 1499 θελήσωμεν
2959 1427 3019 1480 τὸ
3058 1425 3154 1481 τοῦ
3201 1423 3338 1479 Θεοῦ
3379 1423 3552 1496 δῶρον
3577 1421 3613 1477 ὃ

2025 1520 2315 1573 ἐναπέθετο
2347 1523 2466 1582 ταῖς
2499 1520 2743 1592 καρδίαις
2767 1520 2880 1590 (27)
2911 1518 3069 1591 ἡμῶν
3095 1519 3451 1591 προενεγκεῖν
3479 1514 3608 1570 νῦν·

2023 1609 2114 1662 τὸν
2163 1610 2420 1681 λογισμὸν
2453 1592 2615 1680 ’λέγω
2659 1611 2752 1664 τὸν
2797 1610 3050 1682 σώφρονα
3075 1650 3089 1675 ,
3143 1608 3204 1672 ὃς
3242 1610 3337 1663 καὶ
3379 1609 3437 1662 ἐν
3488 1610 3612 1671 ταῖς

2024 1702 2343 1772 εὐημερίαις
2379 1702 2552 1774 μέτρα
2596 1697 2704 1756 οἶδε
2751 1704 2872 1764 ταῖς
2918 1701 3120 1772 ψυχαῖς
3169 1700 3326 1772 ἡμῶν
3369 1699 3608 1771 ὁρίζειν,

336 1783 440 1836 bus
473 1798 559 1838 res
600 1783 871 1839 humanas
907 1785 963 1837 in
1010 1786 1334 1840 memoriam
1381 1802 1672 1852 revocare,
1710 1804 1917 1860 nosque

2023 1794 2116 1845 καὶ
2163 1795 2220 1846 ἐν
2265 1795 2388 1856 ταῖς
2438 1793 2875 1864 κατηφεστέραις
2916 1794 3303 1864 περιστάσεσιν
3351 1794 3432 1856 είς
3478 1791 3609 1846 ὑπό-

339 1873 635 1928 admonere
679 1890 908 1940 eorum,
955 1891 1077 1946 qua:
1109 1886 1163 1932 et
1196 1877 1433 1933 vidimus
1475 1887 1530 1932 et
1573 1879 1917 1945 audivimus,

338 1964 508 2017 vitam
551 1965 808 2020 videlicet
852 1965 1176 2021 infortuniis
1223 1965 1538 2036 hujusmodi
1582 1984 1708 2024 esse
1747 1969 1920 2024 refer-

339 2069 471 2119 tam,
498 2072 562 2111 ac
584 2058 753 2110 multa
781 2059 1154 2112 calamitatum
1183 2060 1548 2114 humanarum
1587 2075 1710 2116 esse
1741 2075 1924 2116 exem-

336 2149 457 2219 pla,
501 2156 558 2202 et
595 2157 793 2218 praeter
826 2151 942 2205 haec
970 2151 1156 2205 omnia
1191 2151 1509 2206 mandatum
1559 2150 1655 2207 Dei
1682 2167 1827 2217 esse,
1862 2161 1922 2207 ut

334 2241 430 2310 qui
476 2241 532 2294 in
566 2239 847 2295 Christum
878 2242 1138 2307 credunt,
1180 2257 1289 2297 non
1324 2243 1544 2314 lugeant
1576 2251 1920 2298 mortuorum

333 2348 524 2395 causa,
551 2332 621 2386 ob
643 2348 794 2402 spem
823 2335 1282 2400 resurrectionis;
1315 2350 1378 2389 ac
1411 2337 1692 2405 patientia:
1713 2353 1922 2408 magna:

335 2437 564 2494 magnas
612 2440 736 2479 esse
784 2425 929 2493 apud
978 2429 1340 2481 certaminum
1390 2427 1632 2496 judicem
1684 2443 1921 2488 coronas

332 2513 520 2582 gloriae
558 2513 828 2582 repositas
861 2533 873 2566 :
906 2514 954 2568 si
988 2515 1151 2582 igitur
1185 2517 1383 2571 rationi
1409 2518 1829 2587 permiserimus
1860 2529 1919 2574 ut

332 2605 451 2660 haac
496 2605 656 2659 nobis
685 2603 938 2667 occinat,
981 2605 1164 2660 licebit
1209 2606 1441 2662 fortasse
1491 2609 1770 2663 modicum
1818 2612 1920 2665 ali-

330 2695 483 2768 quod
533 2697 660 2750 mali
711 2697 949 2750 lenimen
991 2697 1106 2767 78
1146 2698 1412 2753 invenire.
1442 2699 1625 2766 Quare
1657 2701 1922 2757 adhortor

329 2797 408 2854 te,
439 2797 498 2843 ut
526 2798 812 2845 strenuum
857 2789 1147 2856 athletam,
1183 2798 1242 2843 ut
1272 2800 1466 2844 contra
1511 2794 1682 2863 plaga:
1713 2795 1922 2864 magni-

339 2879 588 2934 tudinem
609 2878 952 2943 obtendaris,
985 2895 1085 2934 nec
1102 2882 1432 2936 succumbas
1451 2883 1678 2952 ponderi
1693 2885 1918 2949 doloris,

331 2987 512 3042 neque
540 2971 894 3026 absorbearis
936 2973 1154 3028 animo:
1190 2989 1519 3044 persuasum
1551 2975 1784 3042 habens,
1817 2978 1920 3032 etsi

330 3065 575 3120 rationes
594 3080 785 3119 eorum
805 3080 926 3135 qua:
955 3081 984 3119 a
1019 3065 1130 3121 Deo
1157 3067 1570 3136 dispensantur,
1590 3085 1691 3124 nos
1724 3070 1915 3134 latent;

2027 1901 2222 1955 μνησιν
2249 1883 2402 1952 ἄγειν
2425 1884 2534 1936 τῶν
2561 1884 2657 1937 ἀνθ
2668 1884 2938 1955 ρωπίνων,
2979 1886 3071 1937 καὶ
3099 1884 3422 1939 ὑποϐάλλειν
3453 1885 3606 1955 ἡμῖν,

2024 1977 2060 2030 ἃ
2088 1993 2146 2030 τε
2179 1976 2414 2046 εἴδομεν,
2446 1975 2483 2028 ἆ
2518 1993 2577 2028 τε
2613 1976 2951 2047 ἠκούσαμεν,
2992 1977 3073 2030 ὅτι
3100 1977 3260 2047 γέμει
3292 1979 3320 2030 6
3353 1976 3464 2046 βίος
3500 1977 3608 2030 τῶν

2021 2067 2281 2121 τοιούτων
2323 2067 2514 2121 παθῶν
2539 2107 2554 2130 ,
2603 2069 2698 2121 καὶ
2741 2067 2910 2122 πολλὰ
2939 2068 3049 2122 τῶν
3083 2068 3441 2139 ἀνθρωπίνων
3472 2083 3607 2138 συμ-

2024 2158 2204 2230 φορῶν
2252 2161 2369 2212 ἐστι
2407 2158 2474 2210 τά
2522 2158 2937 2229 ὑποδείγματα·
2991 2159 3085 2212 καὶ
3121 2159 3224 2210 ἐπὶ
3271 2160 3466 2221 πᾶσιν,
3523 2159 3606 2211 ὅτι

2023 2251 2355 2321 πρόσταγμα
2417 2249 2552 2302 Θεοῦ
2603 2252 2720 2302 ἐστι
2768 2249 2829 2302 τὸ
2875 2250 2949 2321 μὴ
3003 2249 3290 2302 λυπεῖσθαι
3347 2249 3437 2302 ἐπὶ
3494 2251 3606 2312 τοῖς

2013 2343 2444 2413 ’κεκοιμημένοις
2486 2342 2614 2404 τοὺς
2653 2344 2734 2404 εἰς
2774 2343 3008 2412 Χριστὸν
3055 2342 3489 2423 πεπιστευκότας
3518 2341 3606 2395 διὰ

2022 2434 2120 2502 τὴν
2166 2433 2359 2486 ἐλπίδα
2394 2433 2493 2501 τῆς
2531 2430 2881 2493 ἀναστάσεως
2907 2449 2919 2459 ·
2949 2431 3044 2484 καὶ
3080 2431 3162 2482 ὄτι
3222 2430 3320 2500 τῆς
3364 2428 3606 2500 μεγάλης

2023 2525 2301 2594 ὑπομονῆς
2334 2522 2559 2594 μεγάλοι
2596 2521 2748 2592 παρὰ
2773 2520 2850 2590 τῷ
2879 2520 3139 2591 ἁθλοθέτῃ
3173 2521 3424 2588 στέφανοι
3448 2517 3604 2587 δόξης

2023 2618 2379 2670 ἀπόκεινται·
2433 2616 2528 2668 ἐὰν
2581 2613 2963 2686 ἐπιτρέψωμεν
3015 2612 3094 2683 τῷ
3152 2612 3395 2683 λογισμῴ
3434 2610 3604 2663 ταῦτα

2021 2711 2154 2778 ἡμῖν
2197 2707 2554 2778 κατεπᾴδειν,
2601 2707 2744 2776 τάχα
2789 2705 2855 2759 ἂν
2902 2703 3158 2777 εὑροιμέν
3207 2721 3328 2757 τινα
3377 2701 3606 2774 μετρίαν

2022 2799 2117 2852 τοῦ
2170 2799 2342 2853 κακοῦ
2390 2798 2566 2853 λύσιν.
2617 2797 2708 2850 Διὸ
2757 2795 3060 2868 παρακαλῶ
3097 2782 3193 2859 σε,
3237 2795 3314 2859 ὡς
3360 2795 3607 2862 γενναῖον

2021 2891 2363 2962 ἀγωνιστὴν,
2408 2892 2599 2962 στῆναι
2646 2889 2782 2961 πρὸς
2824 2888 2884 2941 τὸ
2927 2887 3156 2958 μέγεθος
3205 2886 3304 2957 τῆς
3357 2885 3602 2955 πληγῆς,

2023 2980 2120 3034 καὶ
2154 2981 2229 3050 μὴ
2264 2982 2559 3034 ὑποπεσεῖν
2591 2978 2668 3049 τῷ
2703 2978 2857 3048 βάρει
2896 2979 2993 3048 τῆς
3033 2977 3234 3048 λύπης,
3273 2976 3407 3047 μηδὲ
3435 2991 3605 3028 κατα-

2023 3073 2256 3144 ποθῆναι
2303 3072 2402 3145 τὴν
2443 3073 2655 3145 ψυχήν·
2693 3075 2870 3126 ἐκεῖνο
2918 3070 3318 3140 πεπεισμένον,
3352 3069 3455 3131 ὅτι,
3501 3067 3607 3122 κᾶν

331 3165 386 3210 at
421 3157 666 3226 profecto
693 3157 840 3228 quod
873 3173 904 3211 a
936 3159 1187 3228 sapiente
1216 3175 1430 3229 nosque
1461 3171 1678 3218 amante
1701 3162 1917 3232 dispel-

2023 3167 2070 3217 οῑ
2102 3165 2251 3234 λόγοι
2285 3164 2392 3218 τῶν
2431 3166 2584 3237 παρὰ
2614 3163 2749 3218 Θεοῦ
2799 3163 3274 3233 οἰκονομουμένων
3302 3159 3608 3229 διαφεύγω-

331 3256 505 3310 satur,
551 3249 970 3318 accipiendum,
1024 3250 1242 3304 etiamsi
1288 3251 1583 3306 molestum
1624 3254 1715 3309 sit.
1756 3253 1918 3308 Novit

327 3341 474 3396 enim
517 3341 650 3410 ipse,
687 3341 963 3410 quomodo
1005 3343 1302 3412 unicuique
1337 3341 1548 3397 dividat
1593 3345 1742 3415 quod
1784 3347 1918 3401 utile

327 3441 433 3496 est,
459 3441 512 3486 et
557 3448 724 3502 quam
777 3434 849 3488 ob
893 3449 1118 3488 causam
1168 3435 1466 3506 inaequales
1499 3437 1620 3491 vitae
1653 3438 1917 3492 terminos

330 3525 488 3580 nobis
520 3525 848 3595 przestituat.
887 3525 984 3578 Est
1014 3527 1160 3581 enim
1188 3541 1356 3581 causa
1382 3527 1566 3598 aliqua
1599 3528 1917 3585 hominibus

327 3617 758 3687 indeprehensa,
814 3617 885 3672 ob
925 3632 1092 3688 quam
1149 3618 1240 3672 alii
1293 3619 1513 3688 quidem
1569 3621 1735 3674 citius
1790 3621 1918 3678 hinc

326 3711 697 3780 abripiuntur,
753 3711 844 3764 alii
895 3727 1027 3764 vero
1080 3711 1290 3765 diutius
1342 3711 1396 3765 in
1443 3712 1547 3767 hac
1593 3713 1916 3769 calamitosa

327 3803 442 3856 vita
475 3801 544 3855 ad
591 3817 870 3856 aerumnas
904 3799 1257 3870 perferendas
1281 3802 1688 3872 relinquuntur.
1729 3801 1917 3873 Itaque

328 3891 384 3944 in
430 3891 686 3944 omnibus
729 3891 962 3946 adorare
1003 3891 1151 3947 illius
1203 3892 1260 3946 in
1301 3908 1402 3947 nos
1453 3907 1696 3948 amorem
1745 3896 1917 3950 debe-

328 3999 484 4046 mus,
527 3998 628 4036 nec
660 3996 804 4052 aegre
856 3983 1000 4036 ferre
1043 4000 1055 4035 :
1101 3997 1376 4037 memores
1427 3999 1636 4053 magna:
1685 3985 1832 4041 illius
1864 3993 1918 4040 et

317 4075 708 4129 celeberrimae
754 4075 935 4139 vocis,
963 4090 1128 4144 quam
1174 4090 1407 4144 magnus
1440 4076 1531 4130 ille
1573 4076 1778 4132 athleta
1812 4077 1918 4132 Job

331 4167 540 4229 emisit,
575 4182 699 4221 cum
753 4166 808 4220 in
841 4180 952 4218 uno
981 4164 1234 4219 convivio
1269 4165 1470 4220 liberos
1499 4165 1686 4220 decem
1717 4169 1916 4238 exiguo

324 4253 589 4327 teinporis
623 4265 900 4312 momento
926 4271 1225 4327 oppressos
1258 4257 1392 4312 vidit
1419 4276 1430 4311 :
1461 4259 1716 4312 Dominus
1749 4258 1915 4325 dedit,

323 4349 587 4404 Dominus
620 4349 873 4415 abstulit;
895 4340 1033 4403 sicut
1054 4347 1282 4402 Domino
1306 4350 1493 4410 visum,
1525 4350 1605 4402 ita
1635 4358 1685 4403 et
1714 4349 1914 4419 factum

322 4443 479 4496 est".
513 4441 912 4500 Admirabilem
941 4441 1090 4495 illam
1107 4457 1295 4496 vocem
1324 4451 1567 4497 nostram
1599 4441 1870 4500 faciamus
1897 4465 1909 4498 :

2022 3273 2108 3309 σιν
2135 3257 2304 3326 ἡμᾶς,
2362 3256 2496 3310 ἀλλὰ
2524 3258 2742 3319 πάντως
2784 3272 2848 3324 γε
2888 3255 2950 3307 τὸ
2992 3255 3143 3324 παρὰ
3171 3253 3264 3306 τοῦ
3300 3251 3466 3322 σοφοῦ
3511 3253 3608 3305 καὶ

2019 3347 2342 3416 ἀγαπῶντος
2388 3350 2538 3419 ἡμᾶς
2586 3346 2941 3417 οἱκονομηθέν
2975 3345 3275 3399 ἀποδεκτόν
3303 3345 3455 3410 ἐστι,
3503 3343 3607 3397 κᾶν

2019 3439 2275 3494 ἐπίπονον
2415 3439 2588 3502 Αὐτὸς
2617 3438 2725 3510 γὰρ
2761 3432 2870 3491 οἶδε
2907 3437 3025 3501 πῶς
3070 3437 3287 3506 ἑκάστῳ
3331 3434 3608 3506 διατίθησι

2019 3533 2080 3586 τὸ
2119 3532 2420 3604 συμφέρον,
2456 3533 2550 3586 καὶ
2571 3531 2658 3585 διὰ
2688 3531 2739 3584 τί
2780 3532 2939 3586 ἄνισα
2966 3530 3179 3598 τίθησιν
3209 3528 3322 3600 (28)
3350 3530 3482 3600 ἡμῖν
3511 3526 3606 3580 τοῦ

2021 3624 2136 3694 βίον
2163 3623 2230 3676 τά
2263 3623 2491 3694 πέρατα.
2523 3623 2679 3675 Ἔστι
2708 3622 2816 3691 γάρ
2841 3639 2927 3685 τις
2952 3621 3100 3675 αἰτία
3128 3619 3439 3692 ἀνθρώποις
3467 3620 3609 3672 ἀκα-

2019 3715 2312 3786 τάληπτος,
2349 3715 2415 3767 δι’
2439 3716 2590 3786 ἣνιοὶ
2626 3715 2723 3784 μὲν
2758 3714 2951 3767 θᾶττον
2986 3710 3237 3766 ἐντεῦθεν
3274 3711 3605 3779 ἀπάγονται,

2018 3803 2068 3854 οἱ
2095 3803 2150 3855 δὲ
2177 3804 2270 3856 ἐπὶ
2300 3803 2484 3856 πλεῖον
2514 3801 3023 3874 προσταλαιπωρεῖν
3053 3799 3131 3870 τῷ
3155 3799 3402 3871 ὀδυνηρῷ
3431 3798 3608 3870 τούτῳ

2021 3893 2121 3964 βίῳ
2168 3895 2692 3966 καταλιμπάνονται.
2753 3895 2914 3946 Ὥστε
2965 3893 3057 3945 ἐπὶ
3097 3894 3232 3945 πᾶσι
3280 3894 3608 3963 πρεσκυνεῐν

2019 3984 2184 4037 αὑτοῦ
2235 3984 2332 4056 τὴν
2365 3985 2778 4056 φιλανθρωπίαν
2807 3984 3120 4054 ὀφείλομεν,
3156 3983 3250 4037 καί⁵
3303 3983 3378 4054 μὴ
3410 3983 3606 4053 δυσχε-

2023 4074 2254 4144 ραίνειν·
2288 4077 2624 4147 μεμνημένοι
2656 4077 2755 4147 τῆς
2789 4076 3032 4147 μεγάλης
3059 4075 3274 4145 ἐκείνης
3312 4075 3408 4128 καὶ
3435 4074 3607 4128 ἀοιδίο

2021 4185 2123 4238 μου
2151 4170 2356 4240 φωνῆς,
2391 4171 2459 4241 ἢν
2495 4173 2524 4224 6
2569 4170 2740 4242 μέγας
2771 4171 3012 4242 ἀθλητὴς
3065 4168 3184 4222 Ἰὼϐ
3215 4165 3604 4237 ἀνεφθέγξατο,

2016 4261 2112 4314 ἐπὶ
2155 4263 2284 4330 μιᾶς
2328 4261 2609 4334 τραπέζης
2664 4262 2788 4316 ἰδὼν
2835 4263 2972 4315 δέκα
3024 4259 3221 4324 παῖδας
3278 4261 3336 4314 ἐν
3375 4258 3606 4332 βραχείᾳ.

2020 4350 2208 4423 καιροῦ
2256 4354 2395 4424 ῥοπῇ
2456 4351 2875 4424 συντριϐέντας·
2921 4352 2985 4404 '0
3015 4352 3231 4416 Κύριος
3275 4347 3520 4413 ἔδωκεν,
3569 4351 3606 4401 d

2018 4446 2232 4514 Κύριος
2267 4446 2579 4514 ἀφείλετο·
2613 4445 2695 4511 ὡς
2718 4444 2798 4510 τῷ
2833 4444 3031 4512 Κυρίῳ
3067 4440 3301 4506 ἔδοξεν,
3326 4441 3478 4494 οὕτω
3505 4439 3606 4493 xuii

323 4550 424 4604 par
476 4548 691 4589 merces
735 4547 766 4586 a
820 4533 973 4602 justo
1022 4532 1210 4602 judice
1262 4548 1413 4602 parta
1451 4535 1724 4603 praeclare
1768 4534 1912 4590 facta

2023 4536 2278 4606 ἐγένετο.
2320 4537 2615 4608 Ἦμέτερον
2665 4534 3023 4606 ποιησώμεθα
3073 4534 3136 4586 τὸ
3179 4532 3364 4603 θαῦμα
3408 4531 3602 4583 τοῦτο’·

325 4625 767 4697 designantibus.
816 4623 936 4680 Non
986 4640 1180 4679 sumus
1215 4625 1324 4680 lilio
1366 4625 1544 4680 orbati
1575 4644 1588 4678 :
1617 4625 1716 4680 sed
1753 4629 1913 4682 resti-

2026 4631 2144 4693 ἴσος
2194 4631 2224 4682 6
2269 4628 2458 4700 μισθὸς
2506 4627 2657 4700 παρὰ
2701 4627 2793 4680 τοῦ
2851 4627 3062 4680 δικαίου
3120 4623 3309 4696 κριτοῦ
3368 4625 3480 4686 τοῖς
3536 4622 3608 4675 τά

331 4718 529 4773 ‘uimus
555 4717 607 4773 ci
647 4718 744 4788 qui
770 4725 963 4771 mutuo
1009 4716 1236 4770 dederat
1271 4733 1284 4768 :
1319 4730 1500 4785 neque
1525 4716 1797 4770 exstincta
1833 4725 1917 4772 est

2023 4721 2114 4774 [σα
2159 4719 2626 4789 ἐπιδεικνυμένοις
2675 4718 3163 4789 άνδραγαθήματα.
3211 4717 3327 4769 Οὑκ
3369 4715 3604 4767 ἀπεστε-

328 4814 473 4869 ῦιίυε
500 4813 633 4877 vita,
667 4813 762 4869 sed
809 4813 867 4866 in
906 4810 1105 4866 melius
1134 4816 1501 4863 transmutata
1534 4829 1546 4864 :
1582 4825 1684 4864 nec
1715 4810 1916 4866 humus

322 4909 588 4964 dilectum
634 4915 888 4964 nostrum
941 4905 1184 4969 obtexit,
1246 4905 1342 4959 sed
1393 4905 1594 4958 cmlum
1648 4905 1914 4976 suscepit.

323 5001 614 5072 Paulisper
659 5009 1082 5070 exspectemus,
1116 5006 1172 5054 et
1203 5011 1313 5051 una
1359 5011 1486 5051 cum
1516 5011 1583 5051 eo
1613 5012 1776 5066 quem
1811 4995 1909 5052 de-

321 5094 654 5160 sideramus,
702 5095 930 5150 erimus.
964 5090 1154 5163 Neque
1190 5090 1414 5160 longum
1447 5097 1534 5144 est
1569 5098 1782 5158 tempus
1817 5104 1908 5143 se-

401 5251 438 5281 "
473 5250 577 5304 .ob
607 5265 647 5312 ι,
673 5250 764 5304 2|.

399 5363 510 5432 (9.5)
561 5363 795 5431 Ἐκείνη
835 5361 944 5414 τοῦ
983 5361 1176 5414 οἴκου.
1219 5354 1318 5432 δῖοί
1368 5366 1480 5432 tres
1529 5355 1909 5432 antiquissimi

325 5427 544 5507 codltcs
575 5449 673 5502 pro
695 5427 930 5507 ecquod
958 5433 1158 5507 e_rat_in
1191 5431 1354 5507 editis
1379 5427 1474 5507 1:96
1497 5427 1656 5507 οίκου.
1673 5427 1904 5507 ἐκείνουἶ

329 5512 386 5556 tu
419 5496 609 5559 iisdem
649 5496 933 5557 codicibus
991 5502 1186 5572 legitur
1216 5498 1468 5562 καῖέτῶν
1509 5497 1721 5567 ψυχῶν,
1759 5496 1907 5566 quod

328 5579 383 5628 in
412 5573 581 5625 editis
603 5579 807 5627 deerat.
1363 5627 1376 5636 ,

400 5645 511 5722 μῦ)
757 5643 1045 5722 ῥεύματα.
1087 5639 1204 5722 _Se§
1254 5638 1495 5722 codices.
1524 5638 1726 5722 habent

325 5708 529 5778 ἐεῦμα.
565 5712 672 5768 Sed
695 5708 819 5768 cum
847 5708 1061 5780 vulgata
1087 5712 1246 5768 lectio
1273 5718 1452 5766 exstet
1484 5709 1538 5763 in
1571 5708 1748 5763 tribus
1782 5708 1903 5762 aliis

2021 4813 2266 4884 ρήθημεν
2295 4812 2386 4865 τοῦ
2425 4811 2636 4876 παιδὸέ,
2659 4811 2779 4864 ἀλλ’
2813 4808 3178 4880 ἀπεδώκαμεν
3197 4806 3276 4877 τῷ
3303 4807 3569 4877 χρήσαντι
3586 4821 3599 4834 ·

2018 4905 2140 4958 οὑδέ
2181 4905 2456 4976 ἠφανίσθη
2509 4904 2673 4958 αὑτοῦ
2721 4905 2756 4974 ἡ
2795 4902 2946 4974 ζωὴ,
2977 4900 3092 4955 ἀλλ’
3140 4901 3235 4953 ἐπὶ
3280 4899 3342 4952 τὸ
3397 4897 3606 4968 βέλτιον

2018 4995 2348 5068 διημείφθη·
2393 4998 2456 5050 οὑ
2491 4998 2562 5066 γῆ
2603 4995 2913 5066 κατέκρυψε
2963 4994 3053 5047 τὸν
3104 4982 3388 5063 ἀγαπητὸν
3423 4989 3604 5062 ἡμῶν,

2017 5088 2132 5141 ἀλλ’
2163 5089 2394 5158 οὑρανὸς
2445 5088 2764 5152 ὑπεδέξατο.
2801 5086 3013 5158 Μικρὸν
3041 5085 3425 5156 ἀναμείνωμεν
3450 5122 3466 5146 ,
3510 5082 3609 5136 καὶ

2015 5356 2430 5422 vetustissimis,
2475 5336 2613 5410 nihil
2647 5355 2966 5410 mutandum
2999 5354 3337 5410 censuimus.

2014 5499 2024 5508 Ι
2086 5428 2198 5496 (:27)
2240 5427 2371 5493 Ταῖς
2404 5419 2694 5494 καρδίαις.
2728 5425 2873 5480 Editi
2905 5427 3113 5481 addunt
3152 5419 3412 5490 επιωυτι
3445 5421 3603 5476 deest

2011 5514 2490 5639 ωὲὶξῖίΤίθησινκ
2525 5565 2688 5639 Deest
2726 5565 2829 5619 hoc
2858 5565 3084 5623 verbum
3121 5565 3178 5620 in
3223 5562 3402 5620 tribus
3446 5559 3600 5630 codi-

2011 5638 2188 5704 cibus,
2219 5653 2338 5720 ncc_
2352 5638 2730 5694 necessarium
2759 5647 2864 5692 est.
