3888 6214
272 335 375 387 241

1235 347 1725 409 EPISTOL‘ARUM
1758 354 2046 413 CLASSIS
2083 357 2125 414 l.
2162 353 2381 415 EPIST.
2429 357 2525 427 Vl.

3439 358 3550 417 962

275 452 615 526 συνεσόμεθα
647 455 729 528 τῷ
757 457 1095 531 ποθουμένῳ.
1123 460 1258 520 αύδὲ
1284 462 1452 528 πολὺς
1471 466 1501 518 6
1533 465 1721 536 χρόνος
1754 467 1855 539 τῆς

1986 471 2290 535 unctionis,
2356 486 2483 527 cum
2536 485 2729 525 omnes
2784 471 2837 525 in
2886 469 2990 525 hac
3037 471 3147 526 vita
3187 478 3449 542 tanquam
3489 475 3548 529 in

272 545 607 611 διαστάσεως
624 547 759 619 (29),
791 551 1010 606 πάντων
1033 553 1223 626 ὥσπερ
1242 556 1300 608 ὲν
1328 555 1432 627 ὁδῷ
1459 557 1538 629 τῷ
1567 558 1669 629 βίῳ
1691 559 1865 631 τούτῳ

274 634 415 706 πρὸς
448 636 509 689 τὸ
542 638 675 692 αὐτὸ
708 640 1053 710 καταγώγιον
1095 645 1468 715 ἐπειγομένων
1488 662 1502 675 ⁸
1527 648 1586 701 ὲν
1622 640 1667 715 ᾧ
1705 649 1734 701 6
1764 649 1864 720 μὲν

275 723 703 793 προκατέλυσεν,
741 730 770 782 ό
801 729 858 782 δὲ
891 729 1147 802 ἐπῆλθεν,
1177 735 1206 786 6
1236 733 1294 786 δὲ
1322 735 1621 804 ἐπείγεται,
1655 737 1864 803 πάντας

271 812 333 867 δὲ
373 812 432 866 ἓν
456 815 771 883 ὑποδέξεται
800 819 974 884 τέλος.
1000 822 1065 874 Et
1102 822 1213 894 γὰρ
1247 825 1342 877 καὶ
1376 824 1570 879 θᾶττον
1614 828 1713 899 τὴν
1742 828 1861 882 ὁδὸν

274 910 684 979 προκατέλυσεν
709 952 725 976 ,
756 912 894 967 ἀλλὰ
927 914 1127 978 πάντες
1178 916 1279 984 τὴν
1306 915 1480 987 αὐτὴν
1502 918 1617 988 (50)
1662 935 1859 990 πορευ-

276 1000 525 1070 σόμεθαο
571 1002 668 1055 καὶ
717 1003 926 1067 πάντας
973 1004 1035 1057 τὸ
1083 1005 1213 1058 αὐτὸ
1251 1007 1512 1078 ἀναμένει
1546 1009 1857 1081 κατάλυμα.

272 1088 456 1143 Μόνον
474 1091 683 1159 γένοιτο
712 1095 857 1162 ἡμᾶς
884 1093 952 1147 δι’
983 1094 1183 1167 ἀρετῆς
1210 1098 1276 1167 τῇ
1296 1097 1628 1169 καθαρότητι
1651 1101 1859 1153 ἐκείνου

272 1179 606 1252 ὁμοιωθῆναι
627 1202 639 1213 ·
674 1184 759 1237 ἴνα
785 1184 873 1238 διὰ
902 1187 983 1239 τὸν
1010 1186 1197 1241 ἄδολον
1220 1188 1324 1245 ,τοῦ
1368 1189 1529 1258 ἤθους
1562 1191 1663 1261 τῆς
1690 1190 1860 1262 αὐτῆς

273 1275 392 1334 τοῖς
456 1284 513 1325 εν
568 1275 791 1347 Χριστῷ
864 1277 1084 1347 νηπίοις
1150 1280 1512 1344 ἀναπαύσεως
1584 1282 1857 1355 ἐπιτύχω·

276 1378 384 1431 μεν
407 1362 538 1434 (31).

824 1479 1173 1540 ΕΠΙΣΤΟΛΗ
1212 1485 1304 1550 ς’.

1969 564 2059 618 via
2109 563 2177 618 ad
2237 563 2380 619 idem
2440 555 2810 618 diversorium
2864 562 3204 619 contendant
3244 581 3259 619 :
3303 564 3358 619 in
3397 565 3547 634 quod

1972 655 2062 710 hic
2095 655 2207 724 jam
2257 654 2513 721 advenit,
2565 654 2657 709 ille
2700 657 3051 725 supervenit,
3090 654 3230 710 alter
3278 654 3545 712 festinat:

1969 744 2095 798 ﬁnis
2150 750 2333 798 autem
2389 757 2535 798 unus
2589 757 2780 799 omnes
2827 743 3084 814 excipiet.
3120 742 3234 800 Etsi
3282 744 3428 800 enim
3461 744 3547 799 ci-

1969 838 2080 888 tius
2139 834 2284 886 viam
2351 830 2628 895 confecit,
2685 831 2936 888 eamdem
2999 847 3193 888 omnes
3261 831 3540 903 ingredie-

1971 940 2129 991 mur,
2181 938 2482 996 omnesque
2533 925 2677 980 idem
2731 934 2911 980 manet
2965 924 3351 979 diversorium.
3401 922 3548 978 Tan-

1969 1026 2086 1072 tum
2133 1017 2297 1072 nobis
2350 1017 2633 1088 contingat
2680 1017 2830 1072 illius
2879 1018 3104 1088 puritati
3153 1031 3249 1088 per
3293 1017 3547 1071 virtutem

1969 1111 2295 1174 assimilari,
2347 1117 2406 1164 ut
2461 1110 2714 1166 moribus
2750 1110 2862 1166 doli
2900 1111 3224 1182 expertibus
3260 1108 3506 1165 eamdem
3529 1147 3547 1174 ,

1965 1214 2030 1258 ac
2063 1200 2155 1268 qui
2189 1201 2242 1253 in
2274 1199 2495 1256 Christo
2520 1196 2761 1254 infantes
2790 1210 2939 1264 sunt,
2974 1200 3219 1270 requiem
3246 1212 3553 1255 consequa-

1965 1306 2109 1345 llllll'.

2507 1487 2842 1545 EPISTOLA
2883 1486 2991 1544 Vl'.

1284 1601 1501 1657 Basilius
1525 1605 1748 1658 Nectarii
1774 1620 1978 1660 uxorem
2008 1606 2229 1667 similiter
2251 1613 2543 1663 consolatur.

280 1709 443 1781 Πρός
484 1709 601 1778 τὴν
652 1710 943 1787 δμόζιξτον
1145 1716 1476 1785 Νεκταρίου
1527 1723 1874 1789 παραμυθη-
1903 1735 1945 1789 Β

355 1872 409 1925 ί.
439 1871 704 1943 Ἔμελλον
736 1872 1063 1946 ἀποσιωπᾴν
1091 1877 1230 1948 πρὸς
1256 1879 1357 1950 τὴν
1385 1879 1723 1953 κοσμιότητά
1749 1898 1863 1944 σου,

278 1963 651 2035 λογιζόμενος,
682 1965 785 2029 ὅτι,
823 1964 1014 2036 ὥσπερ
1054 1967 1317 2039 ὀφθαλμῷ
1347 1969 1733 2040 φλεγμαίνοντι
1776 1972 1867 2027 καὶ

279 2057 344 2110 τὸ
371 2054 733 2110 ἀωλὼτατον
753 2054 865 2115 τῶν
900 2070 1190 2130 παρηγορη
1201 2060 1386 2131 μάτων
1430 2061 1585 2116 ἀνίαν
1618 2062 1730 2133 (55)
1763 2063 1865 2133 ὲμο

282 2148 461 2209 ποιεῖ,
494 2143 638 2198 οὕτω
683 2146 778 2199 καὶ
821 2142 968 2217 ψυχῇ
1017 2147 1122 2200 ὑπὸ
1151 2148 1382 2218 θλίψεως
1429 2149 1654 2223 βαρείας
1695 2168 1867 2211 κεκα-

282 2234 548 2307 καομένῃ,
613 2234 717 2288 κᾶν
771 2236 973 2306 πολλὴν
1013 2234 1359 2309 παράκλησιν
1412 2239 1555 2313 φέρῃ
1602 2241 1632 2293 ό
1673 2239 1889 2309 λόγος.

281 2323 515 2397 ὀχληρός
546 2342 668 2388 πως
698 2320 839 2379 εἶναι
871 2325 1039 2392 δοκεῖ,
1072 2329 1133 2380 ἐν
1159 2328 1225 2400 τῇ
1266 2330 1597 2401 περιωδυνίᾳ
1631 2347 1871 2403 προσφε-

287 2416 536 2491 ρόμενος.
587 2415 740 2468 Ἐπεὶ
771 2416 829 2477 δέ
868 2433 936 2487 με
974 2416 1086 2489 (54)
1117 2418 1387 2490 εἰσῆλθεν,
1430 2421 1512 2474 ὅτι
1566 2422 1704 2494 πρὸς
1736 2420 1871 2494 Χρι-

286 2505 512 2575 στιανήν
548 2521 640 2574 μοι
667 2506 697 2558 6
728 2504 885 2573 λόγος
918 2504 1092 2572 ἔσται,
1130 2507 1299 2561 πάλαι
1329 2509 1772 2582 πεπαιδευμένην
1800 2511 1871 2564 τά

285 2595 428 2661 θεῖα,
461 2596 558 2649 καὶ
593 2597 1018 2669 ἐμπαράσκευον
1042 2593 1211 2653 οὖσαν
1252 2601 1388 2671 πρὸς
1429 2601 1497 2655 τὰ
1529 2601 1867 2673 ἀνθρώπινα,

282 2688 387 2741 οὐκ
434 2689 662 2759 ἐνόμισα
695 2689 903 2743 δίκαιον
935 2685 1438 2762 εῖναιςπαραλιπείν
1477 2693 1541 2746 τό
1584 2693 1870 2749 ἐπιϐάλλον

288 2796 379 2859 inor.
441 2779 574 2833 υἷδα
608 2780 832 2835 ποταπὰ
868 2781 977 2835 τῶν
1012 2782 1265 2857 μητέρων
1293 2784 1362 2838 τὰ
1408 2784 1695 2855 σπλάγχνα
1719 2801 1732 2815 ·
1777 2787 1870 2839 καὶ

284 2872 413 2925 ὅταν
444 2871 595 2936 ἰδίως
626 2871 687 2925 τὸ
716 2872 808 2926 σὸν
838 2873 969 2946 περὶ
998 2874 1206 2937 πάντας
1252 2876 1488 2946 χρηστὸν
1534 2877 1628 2929 καὶ
1661 2877 1870 2948 ἥμερον

286 2962 598 3035 ἐνθυμηθῶ,
620 2963 909 3036 λογίζομαι
951 2965 1128 3037 πόσην
1155 2966 1303 3032 εἰκὸς
1338 2968 1433 3021 ἐπὶ
1462 2971 1576 3032 τοῖς
1607 2969 1870 3041 παροῦσιν

2316 1722 2558 1780 Nectarii
2587 1724 2797 1794 coniugi
2830 1722 3210 1778 consolatorie.

2040 1877 2093 1932 1.
2140 1876 2402 1933 Nolebam
2448 1877 2651 1947 alloqui
2704 1876 3022 1948 dignitatem
3062 1883 3248 1942 tuam,
3296 1872 3553 1930 conside-

1969 1983 2118 2032 rans,
2176 1976 2235 2023 ut
2284 1968 2444 2023 oculo
2496 1964 2832 2027 inflammato
2867 1967 3228 2022 lenimentum
3253 1964 3340 2019 vel
3369 1970 3553 2020 tener-
3634 1968 3641 1981 '

1969 2059 2168 2114 rimum
2215 2059 2463 2114 dolorem
2513 2058 2703 2122 aﬂ‘ert,
2753 2058 2826 2112 ita
2871 2057 3066 2112 animae
3109 2055 3261 2126 gravi
3316 2068 3556 2111 mmrore

1971 2144 2213 2212 alllictm,
2274 2145 2493 2201 etiamsi
2527 2147 2759 2199 multum
2810 2145 2993 2205 solatii
3029 2143 3169 2200 ferat
3202 2142 3401 2209 oratio,
3432 2157 3555 2199 mo-

1969 2238 2162 2291 lestam
2206 2247 2387 2292 tamen
2425 2237 2833 2308 quodammodo
2863 2235 3074 2302 videri,
3107 2234 3166 2290 in
3201 2236 3322 2306 ipso
3345 2235 3553 2291 doloris

1970 2331 2206 2386 articulo
2242 2331 2567 2386 adhibitam.
2599 2330 2669 2384 At
2705 2330 2798 2385 ubi
2843 2329 2978 2383 mihi
3014 2329 3070 2383 in
3110 2336 3348 2385 mentem
3383 2328 3552 2392 venit,

1972 2435 2282 2476 sermonem
2328 2421 2462 2475 mihi
2510 2436 2635 2475 cum
2666 2420 2977 2476 Christiana
3010 2418 3294 2483 futurum,
3321 2417 3552 2488 jampri-

1970 2509 2092 2566 dem
2129 2509 2185 2564 in
2238 2509 2404 2566 rebus
2450 2508 2653 2565 divinis
2699 2508 2974 2574 instituta,
3030 2520 3132 2562 nec
3183 2506 3250 2562 ad
3281 2506 3557 2563 humanos

1970 2618 2136 2658 casus
2186 2603 2489 2673 imparata;
2537 2616 2648 2656 non
2695 2598 3002 2656 existimavi
3048 2615 3269 2671 aequum
3314 2613 3436 2654 esse
3491 2606 3552 2653 ut

1970 2692 2148 2749 ofﬁcio
2202 2708 2326 2749 meo
2387 2692 2656 2749 deessem.
2708 2691 2846 2748 Novi
2901 2692 3087 2763 qualia
3145 2691 3258 2747 sint
3310 2699 3550 2745 matrum

1971 2787 2215 2851 viscera;
2260 2800 2497 2854 cumque
2547 2784 2903 2854 peculiariter
2954 2782 3249 2839 considero
3296 2790 3444 2838 tuam
3498 2783 3556 2836 in

1971 2894 2162 2934 omnes
2204 2878 2597 2948 benignitatem
2630 2887 2797 2947 atque
2826 2876 3307 2932 mansuetudinem
3329 2915 3345 2941 ,
3377 2875 3558 2943 conji-

1970 2972 2057 3025 cio
2100 2978 2364 3040 quantum
2418 2968 2818 3039 probabilesit
2872 2967 2931 3022 in
2966 2967 3332 3038 praesentibus
3383 2970 3545 3023 malis

283 3050 429 3117 εἶναι
462 3057 565 3127 τὴν
590 3055 877 3127 ἀλγηδόνα.
916 3057 1090 3111 Παῖδα
1137 3057 1473 3130 ὲζημιὼθης,
1512 3055 1572 3115 ὃν
1611 3060 1868 3132 περιόντα

1986 3062 2223 3117 dolorem
2244 3075 2390 3116 esse.
2423 3058 2622 3116 Filium
2655 3058 2891 3115 amisisti
2919 3057 3050 3129 79,
3084 3073 3251 3128 quem
3280 3058 3555 3113 viventem

288 3148 393 3217 μὲν
421 3150 771 3220 ὲμακάρισαν
816 3151 990 3204 πᾶσαι
1022 3150 1292 3222 μητέρες,
1337 3151 1434 3204 καὶ
1480 3149 1718 3221 ηὔξαντο
1747 3151 1874 3216 τοὺς

285 3239 498 3294 δαπῶν
532 3240 808 3305 τοιούτους
850 3236 990 3296 εἶναι
1009 3259 1024 3274 ο
1066 3241 1406 3297 ἀποθανόντα
1453 3242 1511 3296 δὲ
1554 3242 1870 3308 ἐστέναξαν,

283 3331 364 3395 ὣς
387 3332 593 3404 ἑκάστη
628 3332 720 3387 τὸν
758 3332 960 3404 ἑαυτῆς
989 3336 1060 3405 γῇ
1100 3334 1523 3407 κατακρύψασα.
1580 3334 1816 3388 Ἐκείνου
1845 3335 1874 3387 6

288 3420 523 3485 θάνατος
565 3420 749 3493 πληγὴ
796 3423 1013 3491 ἐγένετο
1055 3423 1330 3497 πατρίδων
1372 3423 1467 3478 δύο
1496 3423 1634 3494 (55),
1673 3425 1774 3496 τῆς
1812 3440 1873 3479 τε

289 3512 566 3585 ἡμετέρας
594 3515 689 3567 καὶ
740 3514 843 3584 τῆς
895 3515 1159 3569 Κιλίκων.
1209 3515 1434 3585 Ἐκείνῳ
1476 3516 1535 3569 τὸ
1589 3515 1731 3587 μέγα
1780 3517 1873 3569 καὶ

290 3605 594 3676 περιφανὲς
623 3605 780 3675 γένος
821 3607 1266 3676 συγκατέπεσεν,
1313 3606 1503 3680 ὥσπερ
1547 3608 1871 3687 ἐρείσματος

289 3697 678 3769 ὑφαιρεθέντος
725 3699 1101 3753 κατασεισθὲν.
1145 3694 1216 3752 Ὦ
1264 3698 1581 3774 συνάντημα
1631 3699 1905 3771 πονηροῦ,

288 3787 569 3859 δαίμονος,
597 3790 763 3844 πόσον
793 3793 980 3862 ἴσχυσε
1013 3790 1193 3845 κακὸν»
1214 3789 1645 3862 ὲξεργάσασθαιζ
1677 3787 1746 3843 Ὦ
1774 3790 1869 3861 γῆ,

289 3881 532 3935 τοιοῦτον
564 3882 971 3951 άναγκασθεῖσα
1003 3881 1366 3947 ὐποδέξασθαι
1408 3882 1612 3946 πάθοςί
1644 3881 1871 3952 Ἔφριξε

289 3973 430 4045 τάχα
461 3974 558 4028 καὶ
587 3976 616 4028 6
647 3975 819 4046 ἥλιος,
851 3976 907 4029 εἷ
931 3992 1018 4039 τις
1048 3974 1300 4047 αἴσθησις
1330 3974 1499 4045 αὐτῷ,
1530 3974 1591 4028 τὸ
1622 3973 1889 4045 σκυθρω-.

291 4064 394 4118 πδν
420 4066 600 4119 ἐκεῖνο
626 4066 825 4137 θέαμα.
849 4068 962 4121 Καὶ
989 4066 1042 4119 τί
1071 4066 1152 4121 ἄν.
1168 4083 1252 4131 τις
1276 4065 1527 4120 τοσοῦτον
1548 4064 1715 4133 εἴποι,
1748 4066 1870 4118 ὅσον

289 4158 331 4228 ἡ
348 4157 633 4227 ἀμηχανία
652 4159 752 4229 τῆς
779 4157 956 4229 ψυχῆς
984 4157 1312 4223 ὑποϐάλλεις

357 4250 415 4304 2.
464 4247 604 4302 Ἀλλ’
624 4250 686 4303 οὐ
715 4249 825 4319 γὰρ
857 4251 1170 4322 ἀπρονόητα
1201 4249 1270 4303 τὰ
1300 4249 1562 4320 ἡμέτερα,
1590 4248 1666 4312 ὡς
1695 4265 1871 4319 μεμα-

1982 3160 2202 3207 matres.
2222 3166 2415 3207 omnes
2452 3149 2824 3222 praedicabant
2859 3150 3076 3204 beatum
3101 3190 3115 3215 ,
3146 3150 3396 3219 talesque
3425 3165 3557 3205 suos

1979 3259 2105 3300 esse
2135 3244 2400 3313 Optabant
2431 3261 2443 3297 :
2475 3250 2749 3297 mortuum
2780 3257 2908 3296 vere
2938 3241 3165 3312 perinde
3195 3244 3469 3304 luxerunt,
3493 3258 3558 3295 ac

1980 3337 2035 3391 si.
2076 3351 2234 3390 suum
2283 3349 2512 3404 quaeque
2563 3333 2732 3387 humo
2781 3334 3139 3389 contexisset.
3202 3332 3355 3389 Illius
3408 3348 3560 3390 mors

1979 3428 2134 3499 plaga
2169 3428 2382 3482 exstitit
2406 3426 2819 3497 provinciarum
2860 3424 3094 3479 duarum
3116 3467 3133 3493 ,
3154 3434 3211 3481 et
3241 3436 3474 3492 nostrae,
3504 3433 3564 3482 e‘.

1977 3519 2231 3575 Cilicum.
2262 3516 2399 3573 Cum
2448 3519 2547 3572 illo
2589 3532 2844 3588 magnum
2891 3526 2947 3573 et
2977 3516 3191 3573 illustre
3218 3532 3394 3588 genus
3424 3533 3559 3587 con-

1978 3611 2131 3672 cidit,
2160 3610 2326 3664 veluti
2359 3608 2539 3664 fulcro
2567 3609 2785 3665 sublato
2814 3624 3170 3665 concussum.
3198 3608 3244 3664 0
3274 3609 3559 3664 incursum

1978 3703 2108 3757 mali
2154 3701 2442 3768 daemonis,
2493 3711 2758 3772 quantum
2807 3702 2983 3771 potuit
3032 3702 3162 3756 mali
3212 3704 3462 3772 patrare?
3512 3699 3560 3757 ο

1979 3803 2126 3849 terra
2150 3796 2312 3850 talem
2345 3802 2537 3849 coacta
2582 3795 2863 3865 suscipere
2890 3795 3119 3849 casum!
3162 3792 3386 3849 Horruit
3418 3792 3561 3848 forte

1979 3885 2096 3955 ipse
2125 3884 2228 3947 sol,
2259 3885 2304 3939 si
2331 3885 2456 3954 quis
2481 3885 2534 3938 in
2563 3900 2639 3941 eo.
2667 3899 2887 3948 sensus,
2921 3884 3078 3940 triste
3108 3884 3244 3939 illud
3273 3893 3560 3955 spectacu-

1978 3979 2110 4032 lum.
2142 3972 2209 4030 Et
2242 3975 2368 4046 quis
2397 3976 2822 4034 tantumdicere
2863 3976 3086 4045 poterit,
3111 3982 3376 4046 quantum
3401 3976 3560 4045 inops

1977 4068 2192 4125 consilii
2218 4068 2438 4123 animus
2478 4067 2760 4139 suggerit?

2026 4244 2290 4301 2.Verum
2305 4252 2493 4299 nostra
2508 4259 2618 4299 non
2636 4243 2771 4299 liunt
2782 4243 2922 4298 citra
2936 4240 3358 4312 providentiam,
3370 4252 3559 4312 quem-

291 4339 542 4410 θήκαμεν
574 4340 632 4393 ἐν
653 4340 728 4411 τῷ
752 4340 1091 4412 Εὑαγγελίῳ,
1118 4342 1198 4395 ὅτι
1223 4341 1345 4399 οὐδὲ
1378 4339 1658 4411 στρουθίον
1681 4341 1868 4393 πίπτει

1986 4336 2267 4391 admodum
2300 4336 2356 4389 in
2378 4333 2673 4405 Evangeiio
2696 4334 3012 4396 didicimus,
3035 4347 3105 4387 ne
3136 4347 3414 4401 passerem
3443 4330 3560 4401 qui-

290 4428 425 4491 ἄνευ
457 4429 761 4501 θελήματος
792 4431 887 4484 τοῦ
936 4432 1152 4503 Πατρός
1181 4434 1213 4503 ἡ
1223 4431 1360 4503 μῶν.
1388 4432 1574 4495 Ὥστε,
1615 4432 1668 4485 el
1694 4448 1746 4484 τι
1778 4431 1868 4498 γέ-

1986 4429 2095 4484 lem
2132 4426 2330 4482 cadere
2350 4426 2469 4481 sine
2490 4425 2771 4479 voluntate
2792 4423 2973 4479 Patris
3002 4423 3177 4480 nostri
3208 4422 3275 4480 ³³.
3298 4421 3479 4488 Quare
3504 4420 3558 4479 ὁ

292 4537 438 4590 γονε,
472 4522 737 4594 θελήματι
782 4525 971 4592 γέγονε
1016 4522 1109 4577 τοῦ
1142 4524 1448 4586 Κτίσαντος
1493 4523 1659 4593 ἡμᾶς.
1694 4522 1784 4594 Τῷ
1817 4521 1868 4575 δὲ

1986 4520 2112 4592 quid
2147 4519 2415 4588 contigit,
2438 4518 2724 4572 voluntate
2758 4516 2986 4586 contigit
3011 4513 3326 4570 Conditoris
3357 4512 3554 4567 nostri.

294 4613 596 4686 βουλήματι
645 4614 740 4668 τοῦ
789 4614 927 4669 Θεοῦ
959 4615 1046 4681 τίς
1092 4615 1427 4687 avet-361nm;
1476 4612 1868 4684 Καταδεξώμε-

1986 4614 2113 4680 Quis
2131 4620 2313 4666 autem
2338 4609 2431 4665 Dei
2458 4609 2727 4667 voluntati
2751 4606 2991 4662 resistit?
3009 4604 3392 4675 Suscipiamus
3411 4603 3556 4672 quod

293 4704 360 4760 θα
387 4706 505 4778 (56)
537 4707 600 4760 τὸ
645 4707 859 4779 συμϐάν
879 4725 894 4739 ·
937 4706 1459 4778 δυσανασχετοῦντες
1504 4706 1615 4777 γὰρ
1649 4704 1773 4759 οὔτε
1811 4705 1868 4757 τὸ

1986 4702 2179 4758 accidit
2196 4718 2211 4767 ;
2230 4701 2458 4756 moleste
2477 4701 2622 4763 enim
2652 4698 3101 4766 ferentes,neque
3118 4693 3173 4748 id
3189 4692 3336 4762 quod
3356 4692 3558 4747 factum

329 4821 374 4853 ¹¹
396 4820 591 4875 Matth.
623 4837 680 4886 ι,
711 4821 805 4876 ‘29.

361 4941 477 5013 (29)
503 4940 657 4996 Οὐδὲ
683 4942 954 5013 πολὺς...
970 4939 1328 5013 ὑποδέξεται.
1349 4938 1731 5013 τέλοςχῐξεεεῑ
1756 4945 1869 4989 tota

291 5008 409 5066 hac
442 5008 733 5066 verborum
780 5012 1089 5066 complexio
1121 5011 1175 5064 in
1207 5010 1328 5064 Vat.
1376 5019 1432 5064 et
1469 5008 1637 5063 Coisl.
1677 5021 1870 5061 recen-

293 5083 460 5152 tiore,
490 5090 546 5134 et
573 5083 629 5135 in
660 5082 876 5137 duobus
907 5076 1117 5152 Regiis.
1154 5080 1292 5152 Huic
1327 5086 1506 5152 autem
1537 5085 1593 5133 et
1618 5076 1869 5152 sequenti

293 5151 543 5221 epistolae
573 5154 741 5205 multa
791 5152 981 5208 insunt
998 5148 1221 5221 'indicia
1262 5149 1500 5221 hominis
1518 5163 1559 5201 .a
1586 5148 1870 5221 rhetorum

295 5216 786 5277 eiercitationibus
811 5222 1069 5277 recentis.
1101 5219 1374 5275 Nonnulla
1405 5219 1592 5280 etiam,
1628 5233 1749 5287 qua:
1770 5216 1870 5269 Ba-

296 5291 456 5346 silius
488 5301 611 5361 apte
639 5292 705 5346 ad
728 5292 1046 5362 religionem
1073 5290 1442 5345 Christianam
1467 5288 1866 5344 accommodat.

297 5362 350 5408 in
381 5360 662 5408 learchi
694 5362 837 5408 lihrn
864 5360 936 5408 De
968 5361 1327 5408 consolatione
1352 5360 1628 5408 leguntur.
1651 5356 1702 5408 ls
1724 5358 1866 5408 enim

1440 5366 1628 5412 untur.
1651 5366 1702 5412 ις
1724 5366 1869 5413 enim

2050 4932 2164 5001 (51)
2204 4929 2631 5001 (Ἐπιτύχωμεν.
2667 4924 2744 4983 lta
2790 4933 2900 4980 tres
2922 4920 3285 4978 .vetustissimi
3314 4918 3555 4974 codices.

1979 5000 2422 5070 Ειιίιὶτύχωμεν.
2594 5065 2645 5070 __
2722 5063 2764 5070 __
2832 5064 2848 5070 _
2930 5059 3027 5070 _,.
3124 5066 3132 5070 Α
3245 5058 3256 5070 ,

2047 5070 2162 5155 (δῇ)
2189 5058 2683 5155 .·’ὸιίότυπτ)ν-,,δὲ9
2719 5059 3141 5155 ἓῑεξῑέοιῖέὶεξί
3165 5058 3408 5131 quinque
3437 5058 3555 5113 διεί-

1976 5132 2349 5198 (Ιοίειίἠίιιήυε
2383 5132 2674 5207 primus__et
2702 5132 2847 5207 editi
2872 5132 3142 5207 όμόζυγα.

2048 5211 2164 5294 (δε)
2210 5198 2434 5294 14W-
2469 5198 3203 5294 Sief'arl::_ceiitaprim“s
3227 5205 3283 5254 θ’
3312 5198 3558 5270 (ιυί“ί¹¹¹⁸

1978 5274 2092 5346 alii,
2126 5274 2320 5335 melius
2351 5292 2512 5346 quam
2551 5277 2605 5329 in
2626 5274 2788 5346 editis
2823 5274 3000 5346 ἀνιᾷν.

2053 5340 2384 5422 (34)]13531:
2413 5345 2488 5422 es
2515 5361 2612 5415 με.
2635 5340 3008 5422 “Siccodiees
3056 5340 3293 5422 antiqui
3320 5345 3551 5422 septem,

1981 5408 2090 5477 duo
2107 5408 2195 5475 alii
2236 5418 2389 5472 Ἐπεὶ
2408 5416 2464 5468 δέ
2497 5408 2609 5487 μοι.
2633 5412 2776 5468 Editi
2803 5413 2989 5485 ἐπειδὴ
3019 5428 3130 5483 μοι.
3158 5408 3352 5465 Statim
3378 5408 3554 5480 Bigot.

1980 5494 2074 5547 καὶ
2104 5488 2535 5558 εὐπαράσκευον.

2050 5561 2162 5632 (55)
2200 5551 2332 5612 Δῦο.
2368 5558 2632 5632 _Sie_mss.
2665 5562 2894 5632 septem.
2928 5552 3079 5632 _E_diti
3101 5551 3261 5630 δυοῖν.

2051 5563 2141 5617 (55
2200 5563 2332 5612 Δύο.
2374 5563 2466 5609 Sic
2494 5571 2632 5610 mss.
2665 5563 2894 5623 septem.
2930 5563 3075 5608 Editi
3101 5563 3261 5608 δυοῖν.

2051 5563 2162 5699 (56)
2194 5625 2677 5695 Καταδεξώμεθα.
2711 5625 2851 5679 Editi
2882 5624 3088 5699 addunt
3126 5621 3278 5691 γοῦν,
3309 5620 3406 5675 sed
3438 5620 3554 5672 haec

1978 5694 2171 5758 vocula
2210 5702 2361 5756 deest
2392 5700 2445 5751 in
2478 5694 2683 5765 septem
2726 5712 2859 5752 mss.
2888 5694 3196 5751 codicibus.

2053 5777 2067 5794 ⁸
2101 5773 2250 5829 Alias
2282 5767 2609 5827 CLXXXIX.
2644 5765 2858 5837 Scripta
2896 5765 3084 5824 eodem
3116 5773 3380 5833 Itempore.

296 5362 350 5436 i_n
380 5360 663 5436 Plutarchi
694 5360 937 5436 libro‘De
968 5361 1327 5436 consolariane
1352 5360 1628 5436 leguntur.
1651 5360 1702 5412 ls
1724 5360 1841 5436 enin

298 5428 459 5489 docet
486 5432 650 5486 vitam
687 5440 880 5486 mutuo
902 5431 1088 5485 datam
1115 5446 1236 5486 esse
1273 5429 1608 5489 hominibus,
1635 5442 1738 5482 nec
1772 5428 1876 5479 mi—

298 5513 420 5554 rum
446 5502 619 5556 videri
640 5501 862 5565 debere,
888 5502 939 5557 si.
966 5501 1236 5555 reddenda
1263 5501 1333 5555 sit
1357 5518 1370 5553 :
1396 5500 1537 5552 hanc
1562 5499 1727 5551 vitam
1751 5510 1875 5550 esse

300 5571 467 5640 veluti
497 5571 664 5633 viam,
702 5585 810 5640 qua
845 5585 1043 5626 omnes.
1076 5570 1143 5624 ad
1169 5571 1310 5625 idem
1343 5567 1706 5640 diversorium
1753 5575 1873 5621 ten-

299 5639 522 5697 d'tmtis:
558 5656 666 5696 non
706 5638 1145 5710 l‘ngendosesse,
1178 5655 1319 5710 quos
1360 5638 1510 5710 brevi
1558 5651 1867 5710 sequemur.

307 5776 319 5786 .
370 5710 485 5771 (50)
523 5711 647 5777 Τὴν
670 5706 886 5786 auctir.
922 5709 1063 5786 Editi
1101 5706 1513 5779 add'untaii-tdi,
1545 5706 1687 5778 quod
1719 5706 1873 5769 deest

305 5780 361 5835 in
392 5790 599 5851 septem
632 5781 909 5839 veteribus
937 5780 1111 5841 libris.
1429 5800 1435 5806 -
