3888 6214
367 538 455 634 Ne;
484 542 772 612 culpemus
804 544 1016 615 justum
1058 548 1152 605 Dei
1179 551 1470 621 judicium.
1507 538 1748 615 Nimium
1777 565 1947 634 impe-

367 632 458 686 riti
488 648 702 699 sumus,
735 651 898 706 quam
930 646 990 693 ut
1022 655 1222 696 arcana
1273 644 1423 700 illius
1457 646 1670 716 judicia
1694 632 1948 724 explore-

364 737 511 779 mus.
555 725 711 781 Tunc
756 727 1023 787 Dominus
1071 734 1274 790 amoris
1317 736 1371 790 in
1413 754 1471 793 se
1516 742 1595 796 tui
1641 748 1946 813 periculum

367 814 520 871 facit.
554 815 675 872 Tibi
708 836 856 876 nunc
887 829 1105 893 tempus
1136 833 1240 892 est,
1273 836 1332 880 ut
1366 845 1462 898 per
1489 835 1808 901 patientiam
1832 855 1949 909 par-

364 912 474 962 tem
526 919 826 982 martyrum
875 928 1239 986 consequare.
1293 919 1728 982 Macliabaaorum
1771 940 1949 987 mater

365 1009 575 1067 septem
621 1002 860 1058 ﬁliorum
912 1016 1142 1063 mortem
1174 1015 1496 1082 conspexit,
1528 1032 1630 1072 nec
1658 1019 1944 1089 ingemuit.

363 1108 466 1147 nec
519 1093 791 1163 ignobiles
840 1099 1111 1171 lacrymas
1137 1101 1328 1158 eﬂ’udit
1358 1123 1373 1172 ;
1417 1107 1513 1161 sed
1542 1112 1747 1179 gratias
1776 1128 1945 1182 agens

365 1182 494 1246 Deo,
526 1187 672 1256 quod
699 1189 909 1245 videret
938 1207 1033 1247 eos
1063 1192 1188 1263 igne
1224 1204 1283 1249 et
1313 1195 1460 1253 ferro
1484 1208 1541 1254 et
1571 1204 1945 1263 acerbissimis

361 1278 681 1335 verberibus
723 1297 754 1335 e
797 1283 1034 1339 vinculis
1077 1288 1259 1343 carnis
1290 1291 1535 1346 exsolvi.
1568 1292 1676 1348 Deo
1724 1298 1942 1365 quidem

362 1366 595 1434 probata
638 1366 775 1435 fuit,
817 1372 1051 1428 celebris
1081 1390 1211 1429 vero
1235 1376 1422 1431 habita
1454 1388 1541 1434 est
1582 1383 1724 1452 apud
1763 1384 1943 1439 homi-

358 1473 460 1514 nes
484 1459 546 1513 ³³.
578 1459 815 1517 Alﬂictio
844 1478 1063 1533 magna,
1090 1465 1268 1521 fateor
1297 1476 1359 1522 et
1380 1486 1482 1539 ego
1509 1491 1520 1525 :
1550 1473 1645 1527 sed
1672 1484 1726 1528 et
1749 1492 1943 1547 magna

357 1556 387 1601 'a
419 1549 654 1606 Domino
689 1556 915 1624 prmmia
959 1558 1293 1627 patientibus
1338 1566 1593 1633 reposita.
1620 1566 1793 1623 Mater
1817 1586 1941 1626 cum

355 1642 547 1697 el'l'ecta
569 1661 652 1707 es,
686 1662 1028 1718 puerumque
1059 1652 1264 1715 vidisti,
1297 1669 1361 1708 ac
1388 1657 1591 1726 gratias
1616 1660 1777 1729 egisti
1808 1661 1939 1731 Deo;

356 1734 517 1802 plane
563 1735 776 1791 sciebas
825 1741 1112 1795 mortalem
1161 1757 1191 1795 a
1239 1751 1312 1806 te,
1364 1761 1489 1799 cum
1546 1751 1795 1806 mortalis
1837 1752 1938 1814 sis,

1646 355 1705 413 S.
1748 359 1989 416 BASILH
2031 364 2259 422 MAGNI‘

2051 570 2143 640 Μὴ
2174 574 2641 646 κατηγορήσωμεν
2667 576 2768 647 τῆς
2815 577 3031 643 δικαίας
3064 581 3299 650 κρίσεως
3346 581 3438 635 τοῦ
3468 584 3624 638 Θεοῦ.

2063 662 2321 733 Ἀμαθεῖς
2367 667 2571 735 ἐσμεν,
2620 666 2760 720 ὥστε
2799 668 2867 721 τὰ
2907 670 3120 742 ἄρρητα
3178 670 3343 725 αὐτοῦ
3385 674 3626 744 κρίματα

2048 753 2383 825 δοκιμάζειν.
2406 756 2521 810 Νῦν
2552 774 2645 811 σου
2681 758 2946 830 λαμϐάνει
2975 761 3073 831 τὴν
3107 762 3334 834 δοκιμὴν
3367 766 3395 817 ὁ
3424 764 3626 836 Κύριος

2049 849 2149 917 τῆς
2188 848 2324 919 πρὸς
2372 850 2532 903 αὐτὸν
2579 852 2820 921 ἀγάπης.
2871 852 2986 906 Νῦν
3034 870 3116 906 σοι
3171 854 3403 926 πάρεστι
3438 856 3627 926 καιρὸς

2046 936 2135 991 διὰ
2155 938 2258 1007 τῆς
2288 940 2567 1011 ὑπομονῆς
2604 942 2702 1013 τὴν
2734 942 2930 1014 μερίδα
2958 943 3068 996 τῶν
3098 944 3393 1016 μαρτύρων
3419 945 3622 1001 λαϐεῖν.

2059 1028 2122 1080 Ἦ
2150 1028 2258 1081 τῶν
2290 1031 2667 1084 Μακκαϐαίων
2705 1034 2890 1103 μήτηρ
2923 1033 3060 1086 ἐπτά
3092 1035 3296 1087 παίδων
3322 1031 3429 1089 εἶδε
3458 1036 3625 1090 θάνα-

2044 1135 2138 1171 τον
2158 1159 2173 1183 ,
2213 1120 2311 1173 καὶ
2341 1122 2439 1173 οὐκ
2472 1122 2793 1186 ἐστέναξεν,
2848 1123 2972 1176 οὐδὲ
3022 1125 3236 1195 ἀφῆκεν
3268 1126 3489 1194 ἀγεννὲς
3533 1127 3625 1182 δάε

2046 1227 2212 1282 κρυον
2232 1228 2246 1241 ·
2280 1212 2395 1265 ἀλλ’
2426 1214 2823 1285 εύχαριστοῦσα
2861 1214 2939 1284 τῷ
2979 1215 3119 1287 Θεῷ,
3149 1218 3230 1270 ὃτι
3271 1216 3494 1271 ἔϐλεπεν
3527 1220 3625 1273 a6-

2044 1304 2170 1365 τοὺς
2189 1321 2261 1355 πυ
2271 1304 2323 1374 ρ).
2345 1304 2436 1357 καὶ
2462 1306 2686 1377 σιδήρῳ,
2712 1307 2805 1359 καὶ
2824 1309 2945 1370 ταῖς
2966 1307 3376 1379 χαλεπωτάταις
3396 1311 3621 1376 αἰκίαις,

2043 1391 2154 1444 τῶν
2186 1393 2401 1463 δεσμῶν
2440 1394 2540 1464 τῆς
2591 1396 2793 1466 σαρκὸς
2837 1397 3164 1467 λυομένους,
3200 1400 3484 1471 εὐδόκιμος
3524 1402 3623 1472 μὲν

2044 1483 2196 1552 παρά
2254 1484 2406 1554 Θεῷ,
2444 1485 2688 1555 ἀοίδιμος
2742 1486 2797 1539 δὲ
2849 1487 3002 1559 παρά
3047 1488 3353 1561 ἀνθρώποις
3405 1493 3620 1565 ἐκρίθη.

2043 1574 2203 1643 Μέγα
2236 1576 2296 1629 τὸ
2346 1576 2539 1641 πάθος,
2575 1579 2716 1650 φημὶ
2761 1578 2915 1648 κάγώ
2936 1596 2949 1609 '
3003 1580 3138 1634 ἀλλά
3188 1582 3411 1652 μεγάλοι
3444 1584 3537 1637 καὶ
3572 1584 3621 1637 οτ

2042 1664 2197 1735 παρά
2248 1665 2342 1719 τοῦ
2391 1667 2601 1737 Κυρίου
2635 1668 2818 1738 μισθοὶ
2861 1673 2973 1733 τοῖς
3003 1670 3368 1741 ὑπομένουσιν
3396 1672 3620 1727 ἀποκεί-

2046 1772 2219 1827 μενοι.
2252 1758 2380 1810 Ὅτε
2417 1759 2602 1828 ἐγένου
2645 1762 2849 1833 μήτηρ,
2884 1763 2978 1816 καὶ
3019 1760 3159 1828 εἶδες
3191 1764 3280 1817 τὸν
3315 1765 3498 1830 παῖδα,
3528 1766 3621 1820 καὶ

356 1825 600 1893 genitum
633 1841 777 1883 esse.
807 1828 949 1894 Quid
980 1831 1150 1903 igitur
1194 1835 1432 1903 mirum,
1486 1838 1533 1893 si
1581 1854 1829 1897 mortuus
1855 1854 1934 1896 est

2042 1825 2552 1921 noxapimoac‘cq}
2746 1825 2894 1923 ᾔδεις
2922 1825 3159 1921 πάντως,
3186 1855 3268 1908 ὅτι
3299 1854 3466 1928 θνητὴ
3484 1825 3624 1911 οὖσα

354 1918 647 1974 mortalis?
682 1918 789 1975 Sed
836 1922 984 1978 dolet
1030 1925 1227 1991 nobis,
1271 1930 1415 1997 quod
1463 1941 1934 2003 praetertempus.

354 2004 652 2075 Incertum,
692 2022 877 2066 utrum
908 2013 1011 2069 hoc
1041 2031 1150 2070 non
1184 2016 1350 2073 fuerit
1378 2024 1761 2091 tempestivum
1794 2042 1807 2078 ;
1836 2042 1939 2081 nos

355 2099 628 2169 siquidem
652 2104 855 2173 eligere
875 2121 997 2175 quae
1026 2108 1317 2166 animabus
1346 2113 1501 2167 utilia
1535 2123 1686 2180 sunt,
1718 2124 1772 2171 et
1800 2131 1941 2187 pra:-

352 2190 515 2247 ﬁnire
560 2195 826 2251 terminos
872 2198 1129 2253 humanae
1163 2201 1287 2257 vita:
1333 2219 1443 2258 non
1498 2206 1775 2264 novimus.
1816 2208 1940 2264 Cir-

351 2282 635 2351 cumspice
688 2290 1185 2343 totum-terrarum
1239 2292 1467 2353 orbem.
1518 2293 1731 2365 inquo
1783 2298 1940 2352 habi-

352 2381 474 2438 tas;
525 2385 577 2430 et
626 2379 804 2448 cogita
840 2381 1027 2435 omnia
1086 2384 1340 2438 mortalia
1392 2401 1517 2441 esse
1569 2405 1690 2457 quae
1742 2391 1938 2446 viden-

352 2476 465 2531 tur,
496 2473 683 2522 omnia
731 2473 1072 2541 corruptioni
1120 2475 1378 2530 obnoxia.
1430 2475 1664 2547 Respice
1711 2480 1778 2535 ad
1821 2497 1937 2538 cm-

352 2559 504 2625 lum;
562 2569 617 2616 et
667 2561 803 2617 illud
853 2564 1033 2635 ipsum
1092 2567 1388 2638 aliquando
1444 2571 1805 2642 dissolvetur;
1868 2575 1938 2630 ad

350 2651 526 2708 solem
549 2693 565 2717 ,
595 2669 665 2708 ne
694 2655 785 2711 ille
826 2656 1047 2726 quidem
1081 2661 1443 2729 permanebit.
1491 2660 1675 2720 Stellae
1704 2682 1898 2723 omnes
1919 2707 1936 2734 ,

352 2744 615 2798 animalia
667 2748 953 2803 terrestria
997 2759 1052 2803 et
1110 2752 1408 2820 aquatilia,
1461 2762 1620 2810 terrai
1671 2769 1934 2824 ornatus,

352 2841 501 2889 terra
524 2835 664 2905 ipsa,
688 2838 871 2892 omnia
902 2840 1245 2911 corruptioni
1275 2843 1535 2907 obnoxia,
1559 2847 1743 2900 omnia
1776 2849 1937 2917 paulo

353 2934 483 2996 post
511 2942 621 2982 non
648 2930 884 2999 amplius
908 2930 1112 2986 futura.
1153 2931 1358 2987 llorum
1391 2936 1649 3007 cogitatio
1679 2940 1749 2992 sit
1774 2953 1936 2996 casus

353 3020 634 3075 solatium.
685 3022 832 3078 Cave
880 3025 1245 3081 calamitatem
1293 3026 1473 3097 seipsa
1520 3029 1807 3096 metiaris,
1860 3030 1936 3085 ita

353 3111 497 3166 enim
525 3113 623 3167 tibi
649 3112 925 3169 videbitur
953 3116 1318 3175 intolerabilis
1393 3120 1491 3177 scd
1517 3137 1635 3176 eam
1670 3139 1793 3179 cum
1825 3141 1937 3179 om-

354 3203 519 3259 nibus
570 3205 737 3260 rebus
786 3206 1043 3263 bumanis
1089 3224 1456 3281 comparans,
1510 3213 1636 3269 inde
1692 3217 1933 3285 reperies

352 3297 504 3351 iﬂius
531 3298 815 3352 solatium.
846 3297 943 3355 His
983 3307 1165 3356 autem
1196 3305 1456 3381 omnibus
1486 3305 1621 3360 illud
1657 3306 1933 3363 validissi-

351 3403 501 3441 mum
533 3388 847 3444 addendtnm
888 3390 1066 3446 habeo
1093 3412 1106 3447 :
1135 3409 1299 3463 parce
1343 3396 1575 3462 marito;
1605 3397 1743 3451 alter
1780 3398 1938 3452 alteri

352 3481 599 3536 solamen
630 3491 846 3550 estote;
877 3499 946 3538 ne
977 3483 1150 3540 facias
1197 3487 1245 3541 ei
1293 3490 1601 3557 graviorem
1646 3490 1938 3547 calamita-

351 3580 493 3636 tem,
544 3558 735 3630 dolore
771 3589 823 3631 te
861 3577 979 3647 ipsa
1024 3578 1345 3635 conlicieus.
1379 3578 1615 3636 Omnino
1646 3590 1824 3636 autem
1860 3598 1944 3636 ar-

352 3664 531 3718 bitror
565 3678 874 3719 sermonem
902 3666 1101 3721 solatio
1132 3667 1395 3739 imparem
1423 3686 1545 3725 esse
1583 3693 1593 3724 ;
1628 3671 1726 3725 sed
1756 3671 1934 3740 preci-

349 3755 451 3809 bus
479 3756 533 3808 in
559 3771 617 3810 re
642 3756 897 3826 prmsenti
929 3772 1067 3827 opus
1103 3774 1226 3813 esse
1257 3775 1476 3814 censeo.
1518 3759 1719 3815 Precor
1750 3761 1933 3831 itaque

348 3845 527 3915 ipsum
556 3845 870 3916 Dominum,
903 3857 963 3902 ut
990 3865 1090 3904 sua
1117 3865 1227 3903 non
1249 3852 1541 3906 enarrabili
1564 3852 1933 3925 potentiaso

348 3946 579 4009 tangens
622 3955 721 3994 cor
770 3948 958 4006 tuum,
1005 3942 1434 4013 cogitationibus
1482 3944 1642 3999 bonis
1685 3946 1931 4000 animum

346 4036 503 4084 tuum
557 4031 825 4098 illustret,
864 4042 926 4088 ut
968 4034 1024 4088 in
1080 4035 1253 4105 teipsa
1286 4036 1683 4093 consolationis
1725 4036 1930 4093 habeas

347 4133 693 4195 argumenta.

873 4329 1212 4387 EPISTOLA
1251 4332 1380 4386 Vll‘.

2042 1938 2235 2009 θνητὸν
2258 1940 2574 2012 ἐγέννησας.
2602 1942 2666 1995 Τί
2698 1937 2793 1996 οὖν
2834 1941 3157 2014 παράδοξον,
3203 1944 3254 1996 εί
3295 1944 3562 1998 ἀπέθανεν
3590 1944 3623 1997 ὁ

2041 2028 2268 2100 θνητός;
2310 2029 2471 2082 Ἀλλά
2499 2029 2663 2083 λυπεῖ
2689 2032 2838 2102 ἡμᾶς
2862 2031 2925 2084 τὸ
2958 2032 3110 2103 παρὰ
3136 2033 3347 2103 καιρόν.
3370 2032 3620 2103 Ἀδηλον,

2040 2124 2090 2175 εί
2129 2123 2203 2193 μὴ
2252 2120 2507 2193 εύκαιρον
2541 2122 2701 2177 τοῦτο
2723 2140 2737 2155 ο
2776 2123 2964 2194 ἐπειδὴ
3018 2126 3182 2195 ἡμεῖς
3210 2123 3624 2192 ἐκλέγεσθαιτά

2042 2214 2389 2286 συμφέροντα
2431 2216 2571 2278 ταῖς⁸
2601 2213 2839 2285 ψυχαῖς,
2884 2214 2980 2268 καὶ
3028 2215 3231 2286 ὁρίζειν
3281 2213 3623 2285 προθεσμίας

2040 2302 2359 2375 ἀνθρωπίνῃ
2405 2303 2515 2374 ζωῇ
2568 2304 2680 2375 (57)
2732 2305 2833 2358 οὐκ
2875 2304 3243 2375 ἐπιστάμεθα.
3288 2304 3622 2375 Περίϐλεψαι

2038 2393 2129 2447 τὸν
2169 2393 2373 2463 κόσμον
2408 2393 2642 2459 ἅπαντα,
2687 2394 2745 2447 ἐν
2790 2386 2836 2462 ᾧ
2864 2397 3139 2459 κατοικεῖς
3160 2412 3175 2425 ·
3223 2395 3318 2447 καὶ
3344 2395 3619 2464 ἐννόησον,

2038 2486 2122 2539 ὅτι
2145 2483 2324 2537 πάντα
2349 2482 2529 2553 θνητὰ.
2543 2483 2612 2538 τὰ
2642 2482 2921 2556 ὁρώμενα,
2951 2485 3048 2539 καὶ
3076 2487 3253 2538 πάντα
3282 2484 3459 2556 φθορᾷ
3489 2486 3624 2538 ὑπο-

2039 2574 2289 2644 κείμενα.
2308 2573 2634 2643 ’Δνάϐλεψον
2659 2572 2794 2644 πρὸς
2815 2573 2905 2626 τὸν
2933 2574 3158 2645 οὐρανόν
3182 2572 3292 2642 (58)
3312 2589 3325 2602 ’
3350 2572 3445 2625 καὶ
3469 2567 3621 2636 οὗτός

2039 2681 2171 2718 ποτε
2193 2663 2520 2735 λυθήσεται·
2546 2662 2683 2735 πρὸς
2719 2663 2811 2716 τὸν
2839 2662 3022 2732 ἥλιον
3049 2663 3168 2715 οὐδὲ
3189 2656 3343 2725 οὗτος
3366 2660 3477 2733 (59)
3504 2661 3620 2715 διαο

2042 2757 2213 2827 μενεῖ.
2275 2756 2339 2808 Οἱ
2392 2755 2624 2824 ἀστέρες
2677 2753 3022 2824 σύμπαντες,
3075 2753 3190 2819 ζῶα
3237 2755 3469 2825 χερσαῖα
3526 2750 3623 2807 καὶ

2037 2844 2254 2917 ἔνυδρα,
2302 2844 2371 2899 τά
2409 2843 2539 2917 περὶ
2598 2844 2701 2915 γῆν
2760 2843 2955 2915 κάλλη,
3015 2843 3153 2915 αὐτὴ
3205 2845 3240 2914 ή
3276 2841 3390 2912 γῆ,
3442 2842 3622 2895 πάντα

2039 2937 2289 3011 φθαρτὰ,
2337 2937 2517 2991 πάντα
2572 2936 2768 3008 μικρὸν
2802 2936 2912 3007 (40)
2948 2935 3172 3007 ὕστερον
3229 2935 3329 2987 οὐκ
3359 2933 3614 3003 ἐσόμενα.

2049 3029 2114 3081 Ἠ
2149 3027 2357 3083 τούτων
2402 3026 2583 3081 ἔννοια
2639 3025 2965 3098 παραμυθία
3004 3025 3143 3078 ἔστω
3192 3023 3286 3078 τοῦ
3340 3022 3618 3094 συμϐεϐη-

2038 3120 2214 3183 κότος.
2268 3119 2360 3190 Μὴ
2400 3117 2522 3172 καθ’
2560 3117 2723 3172 ἐαυτὸ
2770 3117 2959 3189 μέτρει
3003 3116 3064 3169 τὸ
3096 3114 3302 3178 πάθοςο
3347 3114 3619 3186 ἀφόρητον

2038 3213 2146 3285 γὰρ
2177 3213 2318 3267 οὕτω
2346 3213 2597 3283 φανεῖταί
2634 3228 2749 3266 σοι·
2784 3211 2921 3265 ἀλλά
2947 3213 3060 3274 τοῖς
3091 3208 3453 3280 ἀνθρωπίνοις
3484 3208 3617 3261 πᾶσι

2040 3305 2435 3377 συγκρίνουσα,
2474 3303 2724 3357 ἐντεῦθεν
2773 3304 3026 3375 εὑρήσεις
3060 3301 3223 3355 αὐτοῦ
3284 3302 3385 3372 τὴν
3435 3318 3608 3373 παρα-

2043 3395 2260 3468 μυθίαν.
2301 3394 2427 3447 Ἐπὶ
2480 3395 2616 3447 πᾶσι
2667 3394 2725 3447 δὲ
2772 3395 2950 3446 ἐκεῖνο
2996 3394 3172 3445 εἰπεῖν
3215 3392 3432 3463 ἰσχυρὸν
3486 3390 3613 3461 ἔχω,

2042 3492 2224 3558 φεῖσαι
2270 3486 2365 3540 τοῦ
2403 3484 2675 3556 ὁμοζύγου
2697 3502 2710 3515 ·
2755 3485 3005 3555 ἀλλήλοις
3042 3483 3265 3552 γένεσθε
3299 3482 3407 3553 (41)
3440 3498 3623 3554 παραδ

2046 3580 2212 3652 μυθία
2234 3596 2247 3609 ·
2285 3577 2360 3649 μὴ
2398 3579 2630 3650 ποιήσῃς
2669 3576 2818 3648 αύτῷ
2846 3576 3231 3648 χαλεπωτέραν
3278 3576 3377 3647 τὴν
3411 3592 3619 3645 συμφο-

2040 3671 2162 3743 ρὰν,
2179 3669 2257 3741 τῷ
2285 3668 2447 3724 πάθει
2480 3668 2678 3740 ἑαυτὴν
2708 3668 3179 3723 καταναλίσκουσα
3204 3667 3336 3738 (42).
3357 3666 3536 3730 Ὂλως
3559 3664 3617 3719 δέ

2036 3764 2136 3815 οὐκ
2161 3753 2315 3832 οἶμαι
2344 3761 2501 3830 λόγον
2523 3760 2775 3840 ἐξαρκεῖν
2808 3762 2888 3823 εἰς
2917 3758 3286 3832 παράκλησιν,
3311 3756 3424 3811 ἀλλ’
3449 3756 3618 3827 εὐχῆς

2040 3853 2277 3925 ἠγοῦμαι
2304 3851 2491 3925 χρείαν
2523 3847 2664 3905 εἶναι
2698 3851 2836 3922 πρὸς
2860 3850 2931 3903 τὰ
2961 3849 3226 3921 παρόντα.
3256 3848 3499 3919 Εῦχομαι
3523 3843 3619 3901 οὖν

2038 3944 2201 3998 αὐτὸν
2224 3944 2314 3996 τὸν
2348 3942 2572 4014 Κύριον,
2599 3945 2667 4016 τῇ
2710 3941 2902 4012 ἀφάτῳ
2936 3940 3100 3995 αὑτοῦ
3149 3940 3376 4010 δυνάμει
3412 3937 3618 4008 ἐφαψά-

2042 4036 2202 4105 μενόν
2232 4052 2334 4091 σου.
2365 4035 2464 4107 τῆς
2495 4034 2743 4107 καρδίας,
2783 4034 3079 4106 ἐμποιῆσαι
3109 4031 3224 4102 φῶς
3252 4034 3320 4103 τῇ
3347 4031 3491 4101 ψυχῇ
3524 4046 3616 4083 σου

2037 4127 2126 4179 διὰ
2173 4125 2283 4180 τῶν
2330 4125 2550 4195 ἀγαθῶν
2610 4125 2923 4197 λογισμῶν,
2982 4126 3048 4178 ἵν’
3081 4123 3292 4178 οἴκοθεν
3336 4121 3468 4194 ἔχῃς
3516 4119 3619 4192 τῆς

2040 4218 2396 4288 παραμυθίας
2428 4218 2526 4282 τὰς
2557 4217 2834 4288 ἀφορμάς.

2603 4332 2951 4387 ΕΠΙΣΤΟΛΗ
2989 4333 3064 4384 Ζ¹.

344 4433 562 4489 Basilius
578 4436 821 4504 signiﬁcat
837 4438 1051 4501 [taurum
1060 4439 1419 4505 «providisse.
1439 4447 1490 4490 tu
1511 4441 1728 4505 penuria:
1747 4443 2000 4493 verborum
2022 4451 2364 4505 accusaretur,
2377 4456 2461 4494 nec
2482 4450 2636 4505 tamen
2657 4440 2841 4505 idcirco
2860 4439 3211 4505 consulentibus
3230 4437 3618 4505 respondendum

827 4514 921 4551 non
939 4515 1059 4552 8888.

898 4584 1152 4654 Gregorio
1181 4586 1378 4641 sodaii.

418 4675 495 4729 Ne
546 4685 659 4730 tum
725 4692 947 4745 quidem
1014 4677 1369 4747 ignorabam,
1445 4694 1575 4733 cum
1628 4679 1925 4734 scriberem

417 4767 462 4799 ³³
484 4767 524 4821 ll
552 4766 727 4824 Mach.
755 4785 852 4833 VII,
886 4771 907 4823 1
952 4786 1105 4838 seqq.

422 4863 436 4879 ‘
468 4860 617 4914 Alias
648 4860 709 4914 ll.
744 4860 957 4930 Scripta
986 4862 1199 4914 videtur
1224 4863 1274 4913 in
1304 4878 1542 4914 secessu.

420 4931 532 5001 (57)
582 4932 952 5000 Ἀνθρωπίνῃ
988 4930 1119 4998 (toﬁ.
1160 4931 1274 4983 Duo
1291 4930 1650 4986 vetustissimi
1681 4931 1924 4996 codices,

346 4998 521 5072 Harl...
551 5010 605 5054 et
635 5003 804 5072 Coisl.
840 4998 1185 5072 ἀνθρωπίνης
1218 5001 1383 5072 ζωῆς.

378 5067 713 5194 ὺ(5ἑι)οζιῖρὲ>νς
742 5071 850 5127 τὸν
878 5067 1157 5141 οὺξρανόνζ
1215 5067 1390 5135 llarl.,
1421 5079 1476 5127 et
1516 5070 1811 5129 Medicaeus
1847 5074 1929 5136 είς

342 5156 436 5193 τον
465 5156 526 5193 Ου
536 5156 693 5193 οανον
702 5182 713 5193 .

416 5158 720 5283 ῗὸἒῖρῧύοὲέ
743 5207 943 5276 οὗτος.
964 5210 1065 5283 Sic
1084 5212 1261 5278 Harl.,
1291 5219 1346 5268 et
1372 5210 1540 5267 Coisl.
1567 5212 1779 5283 primus
1797 5228 1923 5269 cum

342 5281 519 5333 tribus
546 5282 688 5334 aliis.
727 5283 866 5336 Editi
890 5282 1011 5334 οὐδὲ
1037 5283 1218 5346 αὑτός.

416 5351 528 5422 (ill)
565 5351 766 5422 Πάντα
795 5353 1030 5422 μικρόν.
1070 5353 1159 5407 Sic
1204 5351 1383 5415 Harl.,
1408 5350 1577 5407 Coisl.
1604 5361 1834 5422 uterque
1870 5362 1925 5407 et

342 5427 460 5494 tres
488 5420 662 5494 Regii.
699 5421 838 5494 Editi
874 5421 1179 5494 xa‘t_1cdtv~ca
1220 5423 1439 5494 μικροῦ.

414 5488 528 5559 (41)
570 5488 880 5559 ᾌλλήλοις
930 5488 1341 5559 γένεσθε.’8ἱό
1391 5500 1501 5546 tres
1563 5493 1922 5548 vetustissimi

341 5558 563 5633 codices
594 5558 768 5625 Harl.,
799 5558 969 5615 Coisl.
999 5571 1051 5615 et
1079 5562 1215 5617 Med.
1249 5561 1389 5616 Editi
1422 5562 1671 5633 ἀλλήλοις
1704 5564 1847 5617 ἐστέ.

415 5628 528 5699 (42)
548 5632 1110 5686 Καταναλίσκουσα.
1133 5634 1386 5703 Quinque
1425 5628 1665 5697 codices,
1697 5649 1806 5689 non
1838 5641 1921 5687 ta-

344 5711 468 5751 men
503 5702 880 5764 vetustissimi,
914 5703 1297 5756 ἀναλίσκουσα.

415 5768 546 5843 (45))
578 5772 896 5841 Γρηγοίίῳ.
947 5774 1021 5829 lta
1076 5776 1242 5827 codex
1289 5772 1584 5830 Vaticanus
1640 5780 1691 5830 et
1744 5773 1914 5832 Coisl.

1083 4502 1321 4552 uertatur
1345 4502 1651 4567 Gregorium,
1676 4513 1726 4554 ut
1744 4510 1893 4554 totum
1914 4518 1965 4555 se
1988 4505 2149 4554 tradat
2177 4502 2391 4555 veritatis
2410 4502 2695 4566 defensioni,
2716 4517 2801 4555 nec
2827 4517 2878 4555 se
2899 4504 3135 4553 consulat.

1955 4595 2005 4652 ι)

2473 4588 2782 4657 Γρηγορίῳ
2812 4587 3023 4657 ἑταίρῳ
3049 4587 3183 4657 (45).

2107 4684 2241 4737 Οὐδὲ
2272 4684 2394 4736 τότε
2423 4682 2531 4753 (JH)
2558 4682 2808 4751 ἠγνόουν,
2852 4682 2942 4735 ὅτε
2986 4679 3314 4734 ἐπέστελλον.
3346 4683 3413 4751 τῇ
3438 4677 3619 4748 λογιό-

2037 4862 2245 4928 primus
2275 4862 2365 4930 qui
2399 4870 2578 4915 tamen
2620 4859 2771 4914 addit
2816 4861 3120 4929 ἐπισκὸπῳ.
3161 4857 3392 4912 Codices
3422 4873 3617 4930 omnes

2035 4928 2305 4999 Gregorio
2358 4931 2701 4985 Nazianzeno
2752 4931 2891 4982 banc
2932 4928 3217 4995 epistolam
3276 4928 3616 4999 inscribunt,

2037 5002 2129 5055 sed
2154 4998 2217 5054 in
2246 5002 2434 5055 codice
2466 5000 2844 5054 vetustissimo
2874 4999 3213 5053 Coisliuiano
3245 5007 3365 5067 post
3396 4998 3618 5051 titulum

2038 5071 2233 5148 legitur
2288 5070 2508 5148 ea_dem_
2536 5086 2719 5148 manu"
2759 5085 2866 5148 γρ..
2902 5069 3154 5148 Εὑαγριίῳ
3217 5066 3617 5148 πρεσβυτέρῳ,

2036 5135 2291 5209 scriptum
2338 5142 2618 5201 invenitur,
2672 5135 2898 5205 Evagrio
2956 5135 3295 5209 presbytero.
3340 5135 3444 5192 Sed
3482 5135 3618 5209 tanti

2035 5207 2150 5264 nou
2172 5219 2255 5265 est
2295 5210 2564 5276 ejusmodi
2611 5207 2963 5265 observatio.
2985 5221 3036 5262 ut
3073 5207 3188 5262 haec
3215 5208 3445 5278 epistola
3479 5207 3620 5261 Eva-

2032 5282 2153 5349 grio
2182 5282 2503 5351 presbytero
2539 5279 2744 5348 scripta
2773 5279 2957 5351 potius
2992 5278 3262 5351 videatur,
3297 5294 3459 5346 quam
3488 5279 3618 5332 Gre-

2030 5347 2204 5420 gorio,
2240 5347 2429 5406 cui'et
2473 5347 3002 5428 veter1inrcodieiitii
3032 5349 3364 5428 testimonio
3414 5355 3469 5401 et
3517 5361 3619 5428 sua

2032 5416 2226 5490 sponte
2274 5425 2479 5490 optime
2515 5418 2788 5489 congruit.
2853 5416 3077 5487 Signata
3119 5426 3206 5472 est
3244 5419 3388 5490 enim
3423 5416 3621 5490 inani-

2028 5484 2184 5546 l‘éstis
2220 5484 2366 5546 notis
2411 5484 2795 5545 mutuae'illius
2834 5484 3031 5558 operae,
3065 5505 3228 5557 quam
3276 5487 3380 5558 sibi
3414 5484 3621 5558 Grego-

2028 5562 2143 5616 rius
2170 5570 2224 5616 et
2263 5561 2502 5617 Basilius
2535 5562 2589 5615 in
2628 5559 2802 5614 sacris
2832 5557 3030 5615 litteris
3061 5557 3405 5613 illustrandis
3438 5557 3623 5611 trade-

2025 5631 2177 5685 bant.

2097 5703 2208 5775 (44)
2251 5701 2411 5775 Οὐδὲ.
2439 5703 2588 5755 τότε.
2624 5702 2716 5755 Sic
2744 5702 2994 5775 quinque
3030 5715 3164 5775 mss.
3199 5697 3441 5775 codices.
3468 5692 3617 5750 Editi

2023 5768 2298 5828 οὐδέποτε.
2338 5773 2414 5826 Ad
2449 5775 2561 5827 haec
2597 5768 2845 5827 verba'in
2879 5768 3066 5826 codice
3099 5768 3291 5841 Regio,
3328 5782 3438 5839 quo
3478 5778 3614 5822 usus
