3888 6214
300 218 410 279 ρετ

1696 226 1753 285 5.
1790 227 2035 285 BASlLll
2097 229 2315 287 MAGNI

3467 222 3577 278 218

304 335 476 390 subiit
515 335 650 391 mihi
698 351 985 393 sacrorum
1036 335 1385 409 dogmatum,
1431 344 1484 393 et
1527 337 1893 409 philosophiae

2009 339 2088 405 io;
2111 358 2197 404 τις
2231 337 2480 409 ὑπεισῄει
2530 354 2633 408 μου
2680 335 2791 390 τῶν
2829 334 2989 389 θείων
3025 332 3333 405 δογμάτων,
3358 333 3452 385 καὶ
3476 336 3577 403 τῆξ

267 444 427 521 ἰιιιιειε
473 429 625 485 circa
672 429 765 485 illa
810 438 1080 487 versatur.
1126 431 1411 498 Quomodo
1458 431 1605 486 enim
1655 431 1886 502 possim,

267 521 542 589 éaiebam,
595 522 935 578 habitantem
989 524 1045 578 in
1099 524 1259 579 nobis
1314 524 1581 579 malitiam
1633 523 1890 579 domare?

274 592 286 707 ξ
305 612 442 678 Quis
476 615 613 669 mihi
661 615 754 670 ﬁat
797 616 1002 679 Laban,
1036 617 1279 671 liberans
1311 633 1398 672 me
1438 618 1506 672 ab
1550 616 1694 707 Esau
1726 625 1890 686 atque

307 705 376 757 ad
425 721 721 777 supernam
779 708 1179 780 philosophiam
1240 707 1555 763 deducens?
1618 706 1887 773 Quoniam

309 805 513 861 autem,
548 799 661 855 Deo
697 801 881 861 dante.
923 804 1035 857 voti
1076 811 1381 872 compotes,
1415 809 1680 872 quantum
1711 801 1887 864 licuit,

310 885 438 942 facti
471 904 687 954 sumus,
723 894 1011 949 electionis
1044 895 1266 947 invento
1298 910 1428 949 vase
1469 900 1524 948 et
1567 900 1731 963 puteo
1763 907 1892 963 pro-

311 979 504 1046 fundo,
549 981 675 1039 dico
731 993 913 1041 autem
964 986 1170 1044 Christi
1215 1002 1278 1042 os
1321 985 1692 1057 Gregorium:
1729 985 1891 1040 nobis

310 1085 641 1142 parumper,
688 1090 911 1145 quaeso,
967 1092 1191 1147 parum,
1255 1092 1549 1148 rogamus,
1605 1077 1893 1132 concedite

312 1163 613 1232 temporis;
640 1181 750 1221 non
797 1169 944 1237 quod
985 1170 1040 1223 in
1075 1170 1209 1224 urbe
1235 1168 1721 1223 commorationem
1777 1183 1893 1222 am-

312 1252 529 1308 biamus
574 1260 776 1326 (neque
816 1258 964 1313 enim
1012 1259 1355 1330 ignoramus,
1390 1259 1642 1314 homines
1673 1259 1778 1314 hoc
1807 1274 1898 1330 pa-

315 1352 404 1398 cto
440 1360 471 1399 a
504 1348 744 1418 maligno
784 1350 1007 1421 decipi),
1040 1354 1134 1408 sed
1176 1353 1320 1423 quod
1360 1353 1568 1408 versari
1599 1368 1724 1407 cum
1767 1370 1897 1408 san-

314 1433 421 1489 ctis
448 1434 606 1506 longe
635 1439 990 1494 utilissimum
1039 1458 1161 1497 esse
1198 1441 1534 1511 judicemus.
1570 1441 1708 1496 Dum
1749 1444 1894 1498 enim

314 1525 382 1579 de
426 1527 629 1585 divinis
659 1531 1011 1603 dogmatibus
1041 1535 1247 1605 aliquid
1290 1536 1514 1600 dicitur,
1567 1535 1898 1606 auditurque

315 1619 1231 1697 frequentius,contemplationum
1283 1629 1574 1698 quemdam
1626 1630 1892 1698 habitum,

314 1712 408 1784 qui
447 1730 591 1787 aagre
644 1718 959 1782 amittatur,
1016 1721 1370 1790 suscipimus.
1420 1718 1487 1774 Et
1536 1737 1626 1777 res
1675 1722 1892 1793 quidem

315 1813 520 1862 nostras
548 1809 621 1862 ita
648 1824 707 1865 se
737 1810 961 1869 habent.

383 1897 438 1954 2.
472 1897 583 1954 Vos
618 1909 798 1956 autem
821 1944 836 1970 ,
867 1919 900 1958 ο
930 1904 1115 1958 divina
1143 1914 1196 1961 et
1231 1908 1475 1965 omnium
1508 1908 1641 1962 mihi
1683 1908 1897 1963 charis-

316 1990 455 2043 sima
496 1993 674 2060 capita
702 2033 718 2057 ,
781 2005 972 2051 cavete
1024 1995 1438 2055 Philistinorum
1487 2008 1780 2070 pastores,
1826 2017 1897 2056 ne

317 2086 443 2150 quis
477 2094 683 2155 puteos
707 2096 920 2143 vestros
947 2091 1261 2146 clanculum
1293 2093 1542 2149 obstruat
1571 2133 1587 2158 ,
1615 2103 1667 2148 et
1703 2109 1896 2164 puram

316 2191 506 2229 eorum
529 2217 543 2240 ,
577 2194 699 2248 quae
747 2181 813 2234 ad
851 2181 1009 2236 ﬁdem
1044 2184 1349 2253 pertinent,
1387 2187 1754 2254 cognitionem
1797 2187 1898 2241 ob-

316 2267 520 2323 turbet.
554 2268 670 2324 Hoc
699 2272 848 2325 enim
892 2273 974 2327 eis
1018 2288 1233 2343 semper
1277 2275 1462 2328 studio
1511 2284 1633 2339 est,
1671 2292 1781 2330 non
1830 2290 1898 2329 ex

318 2357 624 2427 Scripturis
659 2362 833 2417 sacris
863 2361 1062 2416 docere
1106 2364 1318 2419 animas
1365 2366 1769 2435 simpliciores,
1803 2367 1900 2421 sed

319 2449 589 2517 sapientia
647 2459 913 2508 extranea
971 2455 1255 2509 veritatem
1320 2457 1744 2513 circumvenire.
1794 2458 1899 2524 Qui

318 2538 463 2592 enim
493 2541 782 2611 ingenitum
821 2550 874 2598 et
890 2546 1122 2613 genitum
1156 2546 1211 2600 in
1246 2558 1493 2603 nostram
1526 2550 1690 2604 ﬁdem
1723 2552 1904 2606 intro-

319 2627 504 2692 ducit,
538 2632 804 2701 docetque
853 2649 978 2688 eum
1029 2637 1123 2704 qui
1171 2651 1388 2707 semper
1432 2647 1556 2701 est,
1603 2639 1903 2709 aliquando

319 2737 430 2776 non
462 2721 669 2789 fuisse,
705 2739 942 2796 eumque
981 2730 1074 2798 qui
1125 2736 1323 2783 natura
1378 2747 1442 2786 ac
1497 2747 1714 2803 semper
1743 2732 1905 2790 Pater

319 2823 439 2878 est,
467 2824 677 2886 patrem
722 2817 875 2884 ﬁeri,
921 2827 976 2874 et
1034 2820 1300 2890 Spiritum
1341 2831 1590 2878 sanctum
1627 2839 1738 2879 non
1779 2839 1906 2882 esse

320 2908 753 2977 sempiternum,
815 2926 999 2966 nonne
1048 2913 1141 2967 ille
1199 2915 1375 2984 palam
1421 2915 1734 2973 Philistaaus
1785 2926 1900 2986 est,

1990 434 2119 505 περὶ
2159 434 2341 486 ἐκεῖνα
2389 428 2726 501 φιλοσοφίας.
2753 429 2879 492 Πῶς
2904 429 3015 499 γὰρ
3052 426 3117 481 ἂν
3148 426 3413 495 δυναίμην
3440 424 3576 495 (50),

1991 524 2125 595 ἔφην
2168 522 2298 592 ἐγὼ,
2339 522 2608 594 κρατῆσαι
2640 520 2740 592 τῆς
2779 517 3133 587 συνοικούσης
3172 517 3302 588 ἡμῖν
3344 514 3577 581 κακίας;

1992 617 2085 681 Τίς
2130 617 2174 670 δ’
2205 618 2271 672 ἄν
2307 633 2398 688 μοι
2428 616 2656 686 γένηται
2700 613 2916 677 Δάϐαν,
2965 611 3326 666 ἀπαλλάττων
3367 625 3436 679 με
3480 605 3577 660 τοῦ

2005 708 2195 774 Ἠσαῦ,
2236 710 2332 777 καὶ
2379 708 2517 781 πρὸς
2559 708 2658 778 τὴν
2708 706 2970 759 ἀνωτάτω
3015 701 3334 773 φιλοσοφίαν
3380 698 3580 754 παιδα-

1991 800 2220 871 γωγῶν;
2264 800 2402 854 Ἀλλ’
2460 796 2648 870 ἐπειδὴ
2704 800 2802 852 σὺν
2858 795 2976 867 Θεῷ
3030 794 3124 849 τοῦ
3183 792 3388 848 σκοποῦ
3438 789 3581 844 κατὰ

1991 892 2222 963 δύναμιν
2253 894 2654 964 τετυχήκαμεν,
2688 891 2942 962 εὑρόντες
2988 887 3182 951 σκεῦος
3226 884 3458 955 ἐκλογῆς
3484 884 3581 937 καὶ⁸

1994 986 2169 1059 φρέαρ
2191 985 2349 1056 βαθὺ,
2369 985 2513 1054 λέγω
2535 985 2592 1037 δὲ
2610 985 2668 1037 τὸ
2693 982 2785 1037 τοῦ
2807 979 3044 1054 Χριστοῦ
3066 980 3240 1050 στόμα
3259 977 3577 1051 Γρηγόριον·

1993 1077 2171 1147 ὀλίγον
2200 1080 2354 1148 ἡμῖν,
2385 1075 2713 1148 παρακαλῶ,
2743 1073 2921 1142 ὀλίγον
2952 1073 3343 1143 συγχωρήσατε
3369 1068 3581 1140 χρόνον,

1995 1170 2331 1242 αἰτούμεθα·
2378 1171 2439 1223 ού
2475 1169 2572 1238 τὴν
2617 1170 2674 1223 ὲν
2717 1170 2834 1231 ταῖς
2872 1166 3061 1220 πόλεσι
3097 1163 3378 1235 διατριϐὴν
3402 1164 3585 1216 ἀσπα-

1998 1261 2217 1331 ζόμενοι
2237 1277 2250 1291 ·
2281 1259 2399 1313 οὐδὲ
2426 1258 2535 1331 γὰρ
2577 1257 2801 1330 λέληθεν
2846 1258 2995 1329 ἡμᾶς
3025 1258 3053 1310 ὁ
3092 1256 3328 1327 πονηρὸς
3358 1254 3448 1308 διὰ
3475 1253 3585 1308 τῶν

1996 1353 2252 1407 τοιούτων
2298 1352 2397 1423 τὴν
2441 1336 2660 1422 ἀπάτην
2690 1353 2803 1414 τοῖς
2835 1349 3145 1421 ἀνθρώποις
3181 1347 3589 1419 προσμηχανώ-

2003 1462 2191 1519 μενος·
2235 1444 2370 1499 ἀλλὰ
2412 1444 2512 1516 τὴν
2562 1444 2851 1514 συντυχίαν
2892 1444 2993 1514 τὴν
3038 1442 3174 1514 πρὸς
3217 1442 3346 1505 τοὺς
3394 1441 3588 1510 ἁγίους

1999 1537 2256 1610 ἐπωφελῆ
2290 1538 2525 1608 μάλιστα
2552 1537 2828 1609 κρίνοντες
2865 1535 2998 1605 (51).
3043 1536 3131 1588 Ἐν
3155 1534 3264 1605 γὰρ
3293 1533 3371 1604 τῷ
3407 1532 3589 1601 λέγειν

1999 1649 2053 1685 τι
2080 1631 2210 1702 περὶ
2256 1628 2364 1683 τῶν
2388 1628 2547 1683 θείων
2583 1627 2893 1698 δογμάτων,
2940 1626 3035 1680 καὶ
3073 1626 3295 1679 ἀκούειν
3327 1623 3590 1678 πυκνότε-

2004 1742 2094 1797 ρον
2118 1764 2132 1789 ,
2178 1723 2291 1788 ἕξιν
2337 1721 2741 1792 δυσαπόϐλητον
2785 1720 3160 1792 θεωρημάτων
3217 1716 3585 1789 λαμϐάνομεν.

1997 1819 2109 1873 Καὶ
2134 1816 2206 1870 τά
2239 1816 2337 1887 μὲν
2362 1816 2484 1870 καθ’
2509 1817 2657 1886 ἡμᾶς
2678 1814 2864 1868 τοῦτον
2894 1814 3009 1885 ἔχει
3037 1813 3127 1867 τὸν
3156 1813 3379 1884 τρόπον.

2066 1908 2121 1962 Ξ.
2170 1908 2359 1978 Ὑμεῖς
2397 1905 2476 1971 δὲ,
2503 1900 2549 1958 ὦ
2571 1904 2711 1958 θεῖαί
2751 1921 2841 1975 μοι
2869 1903 2964 1957 καὶ
2984 1900 3447 1974 προσφιλέσταται
3480 1913 3589 1951 πα-

2001 1996 2109 2052 σῶν
2161 1997 2436 2066 κεφαλαὶ,
2493 1991 2828 2065 φυλάττεσθε
2890 1992 3019 2056 τοὺς
3073 1989 3184 2044 τῶν
3232 1987 3591 2042 Φυλιστιαίων

2000 2090 2286 2162 ποιμένας,
2318 2090 2392 2160 μή
2440 2106 2525 2152 τις
2566 2087 2744 2141 λαθὼν
2790 2084 3048 2158 ἐμφράξῃ
3078 2084 3232 2156 ὑμῶν
3258 2081 3327 2136 τὰ
3355 2081 3587 2153 φρέατα,

2002 2185 2098 2237 καὶ
2146 2183 2210 2236 τὸ
2262 2182 2502 2256 καθαρὸν
2533 2181 2634 2251 τῆς
2667 2178 2924 2249 γνώσεως
2955 2177 3056 2248 τῆς
3104 2177 3235 2247 περὶ
3265 2175 3366 2245 τὴν
3407 2174 3593 2228 πίστιν

2001 2273 2329 2346 ὲπιθολώσῃ.
2381 2272 2552 2326 Τοῦτο
2599 2271 2706 2343 γάρ
2750 2272 2933 2333 αὐτοῖς
2977 2268 3062 2323 ἀεί
3110 2269 3258 2323 ἐστιν
3308 2264 3589 2336 ἐπιμελὲς,

2006 2367 2081 2438 μὴ
2123 2369 2186 2419 ὲκ
2214 2365 2322 2418 τῶν
2355 2365 2516 2418 θείων
2561 2363 2793 2437 Γραφῶν
2816 2362 3089 2416 διδάσκειν
3130 2358 3227 2423 τὰς
3275 2355 3593 2428 ἀκεραιοτὲ-

2006 2476 2104 2530 ρας
2146 2456 2345 2528 ψυχὰς,
2375 2456 2490 2510 ἀλλ’
2529 2458 2593 2509 ὲκ
2631 2455 2733 2525 τῆς
2775 2452 2973 2520 ἔξωθεν
3012 2450 3206 2521 σοφίας
3246 2444 3592 2520 παρακρούε-

2005 2552 2129 2605 σθαι
2156 2550 2255 2622 τὴν
2284 2550 2561 2620 ἀλήθειαν.
2598 2548 2655 2602 Ὀ
2684 2546 2794 2618 γὰρ
2817 2545 3151 2614 ἀγέννητον
3176 2542 3272 2595 καὶ
3299 2540 3594 2610 γεννητὸν

2004 2643 2313 2711 ἐπεισάγων
2351 2640 2512 2712 ἡμῶν
2561 2639 2629 2710 τῇ
2677 2639 2881 2699 πίστει,
2937 2632 3031 2690 καὶ
3070 2634 3163 2689 τὸν
3210 2633 3298 2687 ἀεὶ
3338 2633 3467 2686 ὄντα
3517 2631 3592 2701 μὴ

2004 2735 2133 2789 ὅντα
2171 2734 2304 2787 ποτὲ
2335 2731 2696 2804 δογματίζων,
2735 2730 2828 2783 καὶ
2864 2729 2956 2782 τὸν
3002 2727 3160 2795 φύσει
3205 2726 3301 2779 κοιῖ⁹
3350 2724 3440 2777 ἀεὶ
3482 2724 3595 2776 Πα-

2003 2826 2138 2897 τέρα
2189 2823 2403 2895 πατέρα
2452 2821 2757 2892 γινόμενον,
2804 2819 2901 2872 καὶ
2949 2817 3009 2870 τὸ
3060 2815 3284 2887 Πνεῦμα
3330 2815 3391 2867 τὸ
3439 2813 3596 2881 ἅγιον

2005 2921 2106 2973 οὐκ
2142 2917 2331 2979 ἀΐδιον,
2364 2916 2465 2969 οὐκ
2509 2911 2768 2985 ἄντικρύς
2815 2912 2931 2963 ἐστι
2975 2908 3269 2971 Φυλιστεύς
3309 2906 3458 2977 (52);
3495 2905 3596 2976 βα-

319 3000 573 3054 invidens
610 3000 935 3070 patriarchae
962 3005 1136 3059 nostri
1181 3006 1379 3063 ovibus
1404 3048 1418 3071 ,
1455 3024 1524 3062 ne
1558 3025 1623 3063 ex
1678 3026 1817 3079 pura
1850 3021 1900 3066 et

2009 3009 2243 3064 σκαίνων
2270 3010 2383 3070 τοῖς
2431 3004 2525 3059 τοῦ
2576 3004 2915 3076 πατριάρχου
2951 3001 3107 3073 ἡμῶν
3146 3000 3461 3072 προϐάτοις,
3505 2998 3596 3051 ἵνα

323 3091 378 3145 in
402 3090 565 3167 vitam
600 3100 863 3147 aeternam
886 3095 1118 3151 saliente
1147 3112 1289 3168 aqua
1313 3098 1506 3153 bibant
1536 3100 1607 3164 “,
1642 3101 1737 3156 sed
1769 3101 1900 3156 illud

2010 3102 2085 3173 μὴ
2112 3101 2341 3154 πίνωσιν
2370 3100 2435 3151 ὲκ
2460 3096 2553 3150 τοῦ
2576 3094 2819 3167 καθαροῦ
2865 3094 2962 3148 καὶ
3004 3092 3296 3163 ἁλλομένου
3336 3092 3416 3155 εἰς
3448 3089 3597 3160 ζωὴν

322 3183 603 3253 prophetae
631 3186 917 3253 oraculum
943 3188 1163 3242 trahant
1196 3189 1251 3242 in
1290 3191 1654 3261 semetipsos:
1691 3191 1778 3246 Me
1813 3193 1907 3247 de-

321 3275 646 3346 reliquerunt
677 3278 875 3346 fontem
903 3296 1057 3350 aqure
1092 3283 1238 3343 vim,
1281 3299 1342 3335 ac
1372 3282 1621 3352 foderunt
1648 3285 1752 3339 sibi
1776 3287 1905 3348 ipsis

322 3369 580 3433 cisternas
610 3369 839 3427 obtritas
865 3410 881 3436 ,
912 3389 1031 3442 qua:
1084 3390 1189 3429 non
1228 3386 1474 3444 poterunt
1513 3394 1706 3448 aquam
1736 3381 1908 3433 conti-

321 3478 444 3517 nere
496 3462 583 3530 ";
636 3478 762 3518 cum
817 3463 1065 3519 conﬁteri
1117 3474 1367 3535 oporteat
1419 3467 1589 3524 Deum
1646 3469 1905 3538 Patrem,

322 3554 493 3609 Deum
545 3552 781 3621 Filium,
822 3554 993 3612 Deum
1027 3557 1292 3627 Spiritum
1343 3569 1598 3616 sanctum
1621 3601 1636 3626 ,
1669 3563 1749 3617 uti
1790 3564 1908 3618 elo-

322 3641 451 3710 quia
485 3642 672 3697 divina
694 3685 710 3708 ,
742 3652 798 3700 et
830 3645 925 3717 qui
980 3661 1044 3701 ea
1081 3648 1377 3705 sublimius
1410 3651 1731 3708 intellexere
1752 3693 1767 3717 ,
1801 3653 1906 3708 do-

324 3741 580 3790 cuerunt.
623 3736 890 3791 Caeterum
923 3738 991 3791 ad
1022 3753 1118 3794 eos
1156 3740 1248 3809 qui
1279 3748 1395 3797 tres
1441 3741 1575 3799 deos
1620 3745 1783 3800 nobis
1810 3761 1908 3799 ex-

324 3825 626 3894 probrant,
680 3827 817 3882 illud
863 3828 1127 3885 dicatur:
1180 3847 1351 3885 unum
1403 3848 1507 3889 nos
1561 3833 1733 3890 Deum
1793 3852 1907 3891 non

324 3930 556 3971 numero
592 3957 607 3982 ,
677 3919 772 3974 sed
825 3929 1026 3976 natura
1095 3924 1368 3979 confiteri.
1429 3926 1706 3998 Quidquid
1760 3932 1905 3985 enim

323 4021 497 4061 unum
527 4024 761 4065 numero
789 4011 1017 4075 dicitur,
1055 4012 1109 4067 id
1144 4030 1271 4069 vere
1303 4032 1473 4070 unum
1504 4032 1610 4072 non
1647 4027 1766 4082 est,
1814 4036 1911 4074 ne-

324 4112 433 4165 que
466 4108 665 4154 natura
694 4101 929 4171 simplex
959 4123 971 4157 :
1010 4104 1180 4160 Deum
1218 4122 1348 4160 vero
1389 4109 1691 4178 simplicem
1744 4120 1798 4165 et
1833 4111 1911 4165 in-

325 4190 689 4258 compositum
745 4193 1083 4248 conﬁtentur
1130 4212 1342 4251 omnes.
1402 4197 1518 4253 Non
1565 4200 1733 4269 igitur
1765 4216 1908 4255 unus

323 4296 556 4336 numero
585 4291 670 4338 est
705 4283 869 4339 Deus.
902 4287 1055 4351 Quod
1084 4298 1265 4342 autem
1297 4290 1452 4353 diro,
1488 4300 1572 4346 est
1612 4292 1903 4360 ejusmodi.

2006 3195 2225 3249 αἰώνιον
2252 3192 2464 3255 ὓδατος,
2499 3189 2635 3244 ἀλλά
2670 3190 2739 3243 τὸ
2784 3187 2877 3242 τοῦ
2922 3188 3204 3260 προφήτου
3249 3184 3428 3254 λόγιον
3458 3181 3595 3254 πρὸς
3666 3194 3677 3203 ·

2008 3286 2234 3348 ἑαυτοὺς
2273 3281 2684 3336 ἐπισπάσωνται
2720 3279 2854 3349 (55).
2892 3278 2984 3331 τόο
3024 3274 3157 3346 Ἐμὲ
3198 3272 3597 3345 ἐγκατέλιπον

2007 3376 2212 3446 πηγὴν
2240 3374 2461 3439 ὕδατος
2492 3372 2731 3438 ζῶντος,
2764 3371 2861 3426 καὶ
2899 3370 3142 3439 ὤρυξαν
3169 3365 3407 3432 ἑαυτοῖς
3446 3363 3598 3420 λάκ-

2007 3483 2154 3531 κους
2196 3461 2767 3532 συντετριμμένους,
2817 3460 2875 3515 οἲ
2924 3462 2997 3514 οὺ
3037 3457 3410 3525 δυνήσονται
3438 3453 3598 3521 ὕδωρ

2007 3556 2268 3625 συσχεῖν
2288 3571 2300 3584 ·
2344 3555 2464 3608 δέον
2521 3555 2806 3625 ὁμολογεῖν
2852 3553 2986 3607 Θεὸν
3023 3551 3115 3605 τὸν
3158 3549 3378 3622 Πατέρα
3403 3586 3415 3610 ,
3460 3546 3595 3601 Θεὸν

2006 3649 2099 3701 τὸν
2123 3648 2270 3712 Υίὸν,
2299 3646 2434 3700 Θεὸν
2462 3646 2524 3699 τὸ
2559 3645 2784 3717 Πνεῦμα
2822 3645 2883 3698 τὸ
2930 3644 3116 3713 ἅγιον·
3154 3642 3230 3707 ὡς
3255 3643 3306 3695 οἱ
3340 3640 3475 3694 θεῖοι
3506 3638 3598 3692 λό-

2008 3757 2115 3809 γοι,
2144 3740 2240 3793 καὶ
2282 3739 2333 3792 οἱ
2372 3738 2595 3803 τούτους
2626 3739 2736 3809 (54)
2769 3737 3105 3808 ὑψηλότερον
3144 3736 3464 3807 νενοηκότες
3491 3733 3597 3787 ἐδί-

2008 3829 2194 3897 δαξαν.
2219 3829 2362 3900 Πρὸς
2401 3828 2458 3881 δὲ
2499 3830 2628 3892 τοὺς
2668 3828 3077 3900 ὲπηρεάζοντας
3103 3829 3236 3896 ἡμῖν
3279 3826 3337 3879 τὸ
3384 3824 3599 3897 τρίθεον

2009 3925 2187 3975 ἐκεῖνο
2215 3922 2478 3991 λεγέσθω,
2511 3924 2699 3993 ὅτιπερ
2728 3923 2889 3991 ἡμεῖς
2932 3921 3030 3973 ἕνα
3057 3920 3192 3973 Θεὸν
3226 3920 3286 3972 οὐ
3324 3918 3404 3989 τῷ
3439 3917 3599 3989 ἀριθ-

2014 4014 2118 4085 μῷ,
2174 4015 2305 4068 ἀλλά
2355 4017 2422 4086 τῇ
2468 4014 2626 4082 φύσει
2683 4012 3076 4083 ὁμολογοῦμεν.
3141 4012 3259 4065 Πᾶν
3300 4011 3410 4082 γάρ
3459 4011 3487 4064 ὃ
3541 4009 3599 4063 ἓν

2011 4107 2229 4178 ἀριθμῷ
2256 4107 2493 4175 λέγεται.
2518 4106 2675 4161 τοῦτο
2702 4107 2800 4176 οὐχ
2846 4105 2904 4158 ἓν
2934 4106 3122 4167 ὅντως,
3143 4104 3268 4157 οὐδ’
3299 4102 3503 4157 ἁπλοῦν
3530 4105 3598 4175 τῇ

2012 4197 2172 4267 φύσει
2202 4198 2378 4250 ἐστίν’
2416 4198 2521 4252 ὁδὲ
2560 4197 2694 4260 Θεὸς
2734 4196 2937 4260 ἁπλοῦς
2986 4197 3080 4249 καὶ
3121 4195 3417 4259 ἀσύνθετος
3451 4194 3601 4267 παρὰ

2014 4289 2180 4341 πᾶσιν
2230 4289 2592 4358 ὁμολογεῖται.
2645 4287 2760 4339 Οὐκ
2800 4287 2908 4357 ἄρα
2970 4281 3050 4348 εἷς
3101 4284 3319 4357 ἀριθμῷ
3375 4286 3522 4338 ἐστιν
3571 4286 3601 4338 ὁ

325 4373 507 4429 Unum
550 4391 778 4431 numero
809 4379 1071 4432 mundum
1112 4397 1235 4435 esse
1283 4382 1544 4447 dicimus,
1577 4399 1685 4437 non
1725 4394 1900 4440 tamen

2014 4380 2164 4443 Θεός.
2199 4382 2263 4433 Ὃ
2307 4381 2363 4432 δὲ
2412 4380 2575 4449 λέγω,
2617 4378 2854 4432 τοιοῦτόν
2900 4380 3068 4433 ἐστιν.
3106 4379 3201 4430 Ἓν
3248 4376 3464 4449 ἀριθμῷ
3509 4376 3600 4430 τὸν

324 4482 495 4521 unum
535 4478 765 4534 natura,
817 4487 996 4542 neque
1031 4475 1337 4542 simplicem
1385 4477 1540 4531 illum
1579 4476 1895 4545 quemdam.

324 4558 634 4616 Dividimus
663 4561 809 4616 enim
843 4563 1021 4632 ipsum
1054 4565 1107 4618 in
1130 4567 1396 4621 elementa
1431 4585 1496 4623 ex
1534 4570 1734 4635 quibus
1769 4585 1908 4624 con-

325 4659 468 4716 stat,
496 4654 552 4707 in
580 4654 763 4725 ignem
785 4697 799 4717 ,
834 4671 1032 4728 aquam
1053 4695 1070 4720 ,
1098 4673 1279 4714 aerem
1315 4670 1368 4715 et
1432 4670 1657 4718 terram.
1693 4663 1906 4720 Rursus

325 4743 489 4796 homo
523 4761 666 4799 unus
706 4762 938 4804 numero
975 4748 1198 4806 dicitur.
1224 4751 1401 4806 Unum
1436 4755 1580 4809 enim
1626 4757 1907 4812 hominem

323 4850 471 4904 saepe
500 4837 773 4902 dicimus,
811 4838 909 4893 sed
962 4855 1069 4893 non
1105 4841 1341 4912 simplex
1385 4844 1607 4913 quidam
1651 4846 1743 4900 ille
1788 4856 1903 4919 est,

324 4939 450 4977 cum
495 4940 561 4981 ex
616 4940 851 4998 corpore
879 4937 935 4982 et
964 4929 1146 4984 anima
1176 4942 1409 4988 constet.
1442 4932 1707 4991 Similiter
1726 4947 1779 4991 et
1810 4953 1906 4991 an-

323 5015 503 5082 gelum
536 5032 706 5071 unum
741 5032 972 5072 numero
1003 5017 1239 5075 dicimus
1262 5061 1276 5083 ,
1309 5022 1401 5076 sed
1432 5037 1545 5079 non
1575 5039 1745 5080 unum
1791 5024 1903 5097 82

393 5171 435 5201 “
459 5169 618 5227 Joan.
654 5189 726 5235 ιν,
762 5173 850 5228 14.
925 5175 968 5207 ³⁵
991 5173 1190 5231 Jerem.
1216 5177 1395 5241 11,15.

391 5350 873 5437 (ξρ)Αυναίμηγ.
934 5357 1076 5437 Editi
1121 5360 1341 5437 iternm_
1373 5361 1581 5437 addunt
1618 5362 1749 5437 Πῶς
1797 5364 1904 5437 γὰρ

318 5421 403 5491 (έν.
436 5421 540 5477 Sed
573 5425 686 5478 haec
709 5421 904 5482 melius
933 5429 1131 5484 absunt
1161 5446 1190 5484 a
1215 5431 1431 5488 duobus
1455 5421 1744 5490 codicibus
1770 5421 1901 5491 niss‘.

318 5487 513 5545 Plures
548 5508 653 5548 non
685 5494 996 5553 habuimus.

546 5566 889 5644 Ιςρίγοντες.
1063 5570 1363 5644 ῃιεεηΕόὶιὶ
1398 5572 1698 5644 κρίναντες.

399 5632 511 5706 (δε)
552 5637 910 5705 Φυλιστεύς.
954 5638 1102 5693 Harl.
1138 5632 1495 5707 Φυλιστιαῖὁς.

2014 4472 2217 4542 κόσμον
2243 4468 2380 4525 εἷναί
2413 4489 2614 4542 φαμεν,
2637 4470 2751 4524 ἀλλ’
2784 4470 2881 4540 οὐχ
2913 4470 3008 4523 ἕνα
3036 4471 3101 4540 τῇ
3139 4469 3319 4538 φύσει,
3354 4469 3467 4522 ἀλλ’
3490 4468 3601 4523 οὐδ’

2016 4564 2220 4617 ἁπλοῦν
2244 4582 2365 4617 τινα
2388 4564 2596 4618 τοῦτον.
2633 4564 2914 4634 Τέμνομεν
2952 4562 3063 4633 γὰρ
3104 4562 3265 4615 αὐτὸν
3314 4563 3395 4625 είς
3445 4560 3513 4614 τὰ
3540 4561 3600 4628 ἐξ

2012 4650 2088 4710 ὧν
2119 4656 2413 4728 συνέστηκε
2459 4661 2720 4727 στοιχεῖα,
2750 4658 2829 4720 εἰς
2861 4656 2973 4726 πῦρ
3014 4656 3109 4708 καὶ
3142 4654 3286 4726 ὕδωρ
3326 4656 3420 4708 καὶ
3461 4655 3602 4725 ἀέρα

2014 4752 2109 4805 καὶ
2141 4751 2265 4821 γῆν.
2294 4750 2462 4803 Πάλιν
2492 4752 2520 4802 ὁ
2553 4748 2839 4821 ἄνθρωπος
2881 4745 2962 4812 εἷς
2990 4747 3213 4820 ἀριθμῷ
3250 4748 3601 4819 ὀνομάζεται.

2016 4844 2154 4899 Ἕνα
2206 4843 2314 4915 γὰρ
2360 4843 2645 4914 ἄνθρωπον
2689 4843 2952 4906 πολλάκις
3001 4841 3258 4913 λέγομεν.
3315 4841 3454 4895 Ἀλλ’
3502 4842 3604 4914 οὐχ

2015 4931 2218 4998 ἁπλοῦς
2241 4951 2325 4997 τις
2348 4928 2501 4998 οὗτός
2544 4936 2713 4997 ἐστιν,
2746 4935 2810 4986 ὲκ
2840 4931 3092 5003 σώματος
3121 4933 3216 4987 καὶ
3257 4932 3437 5003 ψυχῆς
3473 4947 3600 4985 συν-

2014 5021 2206 5088 εστώς.
2249 5023 2480 5094 Ὁμοίως
2523 5022 2580 5076 δὲ
2626 5024 2719 5077 καὶ
2770 5022 3001 5093 ἄγγελον
3045 5023 3142 5081 ἕνα
3186 5022 3404 5095 ἀριθμῷ
3442 5021 3601 5094 ὲροῦο

2086 5365 2199 5433 (55)
2253 5364 2757 5420 Ἐπισπάσωνται.
2812 5365 2904 5420 Sic
2958 5362 3086 5435 Reg.
3143 5370 3196 5419 et
3247 5361 3400 5422 Harl.
3457 5362 3606 5423 Editl

2012 5435 2429 5489 ὲπισπάσονται.

2086 5505 2197 5575 (54)
2238 5507 2511 5571 Τούτους.
2550 5504 2641 5560 Sic
2667 5505 2818 5560 Harl.
2845 5505 2987 5560 Editi
3017 5505 3240 5562 τούτων.
3275 5505 3444 5560 Paulo
3482 5510 3608 5572 post

2014 5590 2079 5629 ex
2108 5575 2335 5648 “duobus
2375 5592 2506 5631 mss.
2543 5578 2772 5648 legimus
2825 5575 3230 5648 ἐπηρεάζοντας
3279 5578 3426 5647 ἡμῖν.
3463 5576 3606 5634 Editi

2015 5645 2191 5709 ἡμῶν.
