3888 6214
95 325 197 382 H9

1085 335 1582 396 EPISTOLARUM
1622 340 1911 399 CLASSIS
1949 344 1991 400 Ι.
2034 344 2254 402 EPIST.
2297 345 2433 405 VIII.

3265 357 3374 415 εεο

97 455 214 533 μεν,
246 438 364 533 ἀλλ’
406 442 505 512 οὐχ
560 441 656 497 ἕνα
694 447 760 516 τῇ
806 445 987 514 φύσει,
1037 449 1157 503 οὐδὲ
1209 451 1454 505 ἀπλοῦνο
1507 453 1683 507 οὐσίαι

1799 466 2018 521 natura,
2051 475 2231 529 neque
2255 461 2558 531 simplicem
2590 480 2603 517 :
2633 463 2906 533 siquidem
2927 469 3221 523 essentiam
3244 485 3368 527 cum

92 531 198 601 γὰρ
227 529 345 600 μεθ’
383 533 659 603 ἁγιασμοῦ
708 534 808 606 τὴν
839 534 933 589 τοῦ
983 538 1081 606 ἀγιι
1096 539 1217 592 έλου
1264 542 1564 597 ὑπόστασιν
1594 545 1684 597 ὲν-

88 622 340 694 νοοῦμεν.
384 626 448 678 Εἰ
482 626 662 679 τοίνυν
711 628 818 680 πᾶν
863 629 923 681 τὸ
962 627 1022 681 ἓν
1067 630 1288 703 ἀριθμῷ
1327 632 1385 685 ἓν
1427 637 1492 707 τῇ
1525 633 1685 705 φύσει

89 716 189 769 οὐκ
220 717 358 780 ἐστι,
394 717 489 770 καὶ
519 718 581 771 τὸ
606 717 666 770 ἐν
687 721 751 790 τῇ
778 719 937 788 φύσει
970 721 1065 773 καὶ
1113 722 1320 778 ἁπλοῦν
1361 725 1422 777 ἓν
1464 724 1685 798 ἀριθμῷ

89 806 190 859 οὒκ
209 805 383 868 ἐστιν,
407 808 569 877 ἡμεῖς
605 807 665 860 δὲ
692 808 924 879 λέγομεν
957 811 1055 865 ἕνα
1085 814 1150 883 τῇ
1179 811 1339 881 φύσει
1363 813 1495 867 Θεόν
1518 832 1531 845 ο
1568 814 1686 878 πῶς

89 897 479 967 ἐπεισάγουσιν
510 902 643 971 ἡμῖν
673 900 763 954 τὸν
807 901 1043 974 ἀριθμὸν
1065 944 1081 970 ,
1124 904 1287 957 αὐτὸν
1318 905 1500 975 πάντη
1529 905 1684 976 ἡμῶν

84 989 441 1060 ἑξοριζόντων
473 992 572 1061 τῆς
621 993 901 1064 μακαρίας
948 995 1164 1066 ἐκείνης
1195 996 1305 1067 (55)
1342 997 1438 1049 καὶ
1489 997 1685 1069 νοητῆς

82 1080 338 1149 φύσεως-ς
381 1081 441 1135 '0
470 1081 579 1153 7&9
607 1083 840 1154 ἀριθμός
864 1088 981 1138 ὲστι
1023 1086 1120 1139 τοῦ
1159 1087 1328 1140 ποσοῦ
1356 1105 1369 1117 ·
1400 1087 1463 1141 τὸ
1493 1087 1550 1141 δὲ
1584 1104 1685 1141 πο-

80 1172 176 1224 σὸν
224 1177 297 1245 τῇ
356 1178 643 1248 σωματικῇ
689 1176 849 1245 φύσει
897 1179 1283 1243 συνέζευκται⁸
1338 1182 1368 1234 ό
1413 1180 1521 1251 γὰρ
1571 1180 1683 1252 (56)

78 1263 319 1336 ἀριθμὸς
367 1267 470 1338 τῆς
520 1269 841 1340 σωματικῆς
898 1269 1133 1339 φύσεως.
1172 1272 1449 1343 Σωμάτων
1486 1272 1543 1325 δὲ
1589 1272 1685 1343 δη-

85 1358 353 1428 μιουργὸν
403 1359 499 1412 τὸν
554 1360 759 1430 Κύριον
810 1360 969 1430 ἡμῶν
1025 1359 1164 1416 εἶναι
1218 1362 1683 1433 πεπιστεύκαμεν.

82 1450 174 1502 Διὸ
204 1450 306 1502 καὶ
328 1452 438 1514 πᾶς
475 1450 709 1521 ἀριθμὸς
745 1453 928 1505 ἐκεῖνα
963 1454 1218 1524 σημαίνει
1260 1453 1328 1506 τὰ
1371 1452 1555 1508 ἕνυλον
1590 1454 1686 1506 καὶ

82 1542 471 1613 περιγραπτὴν
513 1541 660 1611 ἔχειν
705 1542 937 1613 λαχόντα
983 1544 1082 1615 τὴν
1126 1545 1322 1614 φύσιν·
1350 1547 1384 1616 ἡ
1422 1544 1480 1597 δὲ
1517 1543 1685 1615 μονὰς

83 1633 179 1685 καὶ
221 1631 351 1698 ἑνὰς
392 1632 496 1702 τῆς
540 1634 719 1704 ἁπλῆς
770 1635 864 1687 καὶ
907 1635 1283 1707 ἀπεριλήπτου
1333 1637 1522 1699 οὐσίας
1567 1636 1687 1689 ἐστὶ

81 1724 397 1794 σημαντικὴ
435 1724 571 1795 (57).
619 1724 677 1776 Ὁ
707 1726 886 1777 τοίνυν
918 1725 1152 1797 ἀριθμὸν
1190 1726 1223 1798 ἢ
1268 1726 1473 1797 κτίσμα
1498 1726 1686 1797 ὁμολο-

77 1817 192 1884 γῶν
210 1817 307 1869 τὸν
335 1815 469 1869 mu
489 1815 585 1868 τοῦ
608 1815 802 1887 Θεοῦῆ
829 1818 889 1870 τὸ
913 1817 1139 1889 Πνεῦμα
1164 1818 1225 1871 τὸ
1251 1818 1403 1887 ἅγιον
1430 1818 1683 1872 λανθάνει
1717 1802 1758 1858 Β

79 1908 269 1961 ἔνυλον
316 1908 413 1961 καὶ
448 1908 834 1980 περιγραπτὴν
882 1910 1044 1977 φύσιν
1096 1911 1352 1979 εἰσάγων.
1410 1910 1684 1981 Περιγρα-

81 2000 221 2069 πτὴν
248 1998 310 2051 δὲ
336 1997 483 2066 λέγω
514 1999 576 2051 οὐ
615 1999 777 2069 μόνον
808 1999 907 2070 τὴν
932 2000 1332 2071 περιεχομένην
1362 2001 1467 2054 ὑπὸ
1492 2001 1680 2065 τόπου,

221 2089 405 2158 ἤνπερ
454 2088 551 2141 καὶ
585 2091 651 2160 τῇ
691 2088 990 2160 προγνώσει
1036 2089 1462 2162 ὲμπεριείληφεν
1493 2091 1522 2142 ό
1556 2089 1686 2160 μέλ-

79 2179 186 2233 λων
220 2181 396 2251 αὐτὴν
424 2182 531 2234 ἀπὸ
556 2182 650 2234 τοῦ
694 2182 767 2253 μὴ
811 2181 964 2243 ὄντος
1004 2184 1086 2245 εἰς
1133 2182 1192 2234 τὸ
1223 2179 1360 2235 εἶναι
1388 2182 1682 2252 παράγειν,

77 2274 147 2342 ἡν
167 2272 686 2344 καὶ(38)ἐπιστὴμῃ
710 2273 1023 2344 περιλαϐεῖν
1046 2275 1270 2327 δυνατόν
1301 2276 1434 2326 ἐστι.
1458 2274 1572 2326 Πᾶν
1594 2269 1686 2326 οὖν

79 2366 259 2432 ἆγιον,
293 2365 323 2418 ὁ
354 2367 741 2436 περιγραπτὴν
767 2365 879 2437 ἔχει
904 2368 1004 2436 τὴν
1039 2366 1221 2436 φύσιν,
1261 2367 1356 2419 καὶ
1390 2367 1685 2437 ἐπίκτητον

80 2454 191 2526 εχει
220 2457 325 2526 τὴν
355 2456 640 2526 ἁγιότητα,
680 2458 783 2510 οὐκ
827 2456 1176 2511 ἁνεπίδεκτόν
1210 2458 1327 2510 ἐστι
1373 2456 1590 2518 κακίας.
1630 2456 1688 2509 Ὀ

80 2547 137 2601 δὲ
166 2549 317 2613 Υἱὸς,
345 2552 442 2603 καὶ
474 2550 535 2603 τὸ
566 2550 792 2620 Πνεῦμα
838 2550 900 2602 τὺ
936 2550 1112 2619 ἅγιον,
1162 2550 1311 2620 πηγή
1359 2551 1507 2602 ὲστιν
1535 2550 1688 2618 ἁγια-

85 2639 252 2707 σμοῦ,
284 2640 377 2709 ὑφ’
410 2634 480 2711 ἧς
520 2642 673 2693 πᾶσα
710 2642 743 2711 ἡ
781 2641 975 2712 λογικὴ
1024 2641 1202 2704 κτίσις
1246 2643 1367 2694 κατ’
1397 2640 1690 2711 ἀναλογίαν

84 2729 181 2797 τῆς
208 2732 417 2801 ἀρετῆς
448 2732 761 2800 ἁγιάζεται.

152 2931 209 2984 5.
267 2932 463 2984 Καίτοι
504 2934 686 3002 ἡμεῖς,
738 2931 878 2985 κατὰ
931 2933 1021 2984 τὸν
1075 2931 1251 3002 ἀληθῆ
1305 2931 1463 3000 λόγον
1487 2972 1501 2996 ,
1565 2931 1689 2985 οὕτε

84 3026 265 3094 ὅμοιον
306 3024 435 3077 οὔτε
467 3024 718 3095 ἀνόμοιον
753 3024 983 3093 λέγομεν
1032 3023 1125 3076 τὸν
1182 3024 1310 3077 Υίὺν
1358 3024 1437 3095 τῷ
1490 3024 1685 3096 Πατρί.

95 3117 391 3188 Ἑκάτερον
422 3116 532 3187 γὰρ
565 3115 745 3168 αὐτῶν
789 3117 985 3186 ἐπίσης
1016 3115 1296 3169 ἀδύνατον.
1323 3116 1551 3187 Ὅμοιον
1577 3116 1686 3188 γὰρ
1713 3147 1756 3205 α

86 3211 174 3261 καὶ
225 3208 489 3278 ἀνόμοιον
534 3208 680 3260 κατὰ
724 3206 821 3270 τὰς
879 3208 1174 3278 ποιότητας
1217 3207 1464 3275 λέγεται·
1530 3207 1681 3260 ποιό-

86 3317 241 3369 ergo;
288 3299 347 3351 δὲ
395 3301 458 3351 τὸ
489 3298 632 3351 θεῖον
671 3297 973 3369 ἐλεύθερον.
1018 3290 1338 3368 Ταυτότητα
1370 3298 1427 3351 δὲ
1461 3300 1561 3369 τῆς
1589 3298 1686 3366 φύ-

91 3408 221 3453 σεως
254 3389 674 3460 ὁμολογοῦντες,
725 3389 818 3442 καὶ
858 3390 920 3441 τὸ
980 3390 1266 3460 όμοούσιον
1324 3389 1678 3460 ἐκδεχόμεθα,

89 3485 175 3536 καὶ
204 3483 272 3535 τὸ
308 3481 566 3535 σύνθετον
598 3480 892 3551 φεύγομεν,
921 3481 1015 3535 τοῦ
1058 3484 1179 3534 κατ’
1207 3481 1394 3534 οὐσίαν
1422 3479 1558 3534 Θεοῦ
1590 3481 1684 3534 καὶ

88 3574 305 3646 Πατρὺς
324 3574 421 3627 τὸν
446 3573 570 3626 κατ’
596 3574 784 3626 οὐσίαν
810 3574 944 3626 Θεὸν
977 3575 1072 3627 καὶ
1109 3573 1236 3627 Υἰὸν
1267 3574 1678 3644 γεγεννηκότος.

99 3665 189 3718 Ἐκ
213 3664 333 3735 7&9
362 3663 558 3717 τούτου
586 3663 647 3716 τὸ
672 3663 956 3731 ὁμοούσιον
980 3664 1279 3720 δείκνυται.
1323 3666 1381 3719 Ὀ
1409 3665 1519 3737 7&9
1558 3666 1680 3719 κατ’

87 3756 271 3809 ὠσίαν
316 3755 454 3819 Θεδς
496 3754 573 3825 τῷ
612 3756 731 3808 κατ’
779 3755 965 3808 οὐσίαν
1017 3755 1136 3827 Θεῷ
1178 3755 1465 3826 ὁμοούσιός
1516 3761 1684 3811 ἐστιν.

99 3847 249 3901 Ἐπεὶ
282 3846 342 3900 δὲ
373 3847 595 3915 λέγεται
632 3848 753 3910 θεὸς
796 3847 891 3900 καὶ
929 3850 958 3901 ὁ
1005 3847 1291 3920 ἄνθρωπος
1324 3850 1465 3921 (59)·
1498 3850 1573 3913 ὡς
1601 3850 1684 3915 τὸ,

97 3938 243 4008 Ἐγὼ
286 3935 429 3992 εἶπα
450 3955 463 3967 ·
499 3938 633 3991 Θεοί
672 3938 845 3990 ἐστεο
882 3938 975 3991 καὶ
1012 3939 1040 3989 ὁ
1071 3937 1278 4007 δαίμων
1311 3938 1451 4002 θεὸς,
1486 3939 1562 4002 ὡς
1586 3939 1646 3992 τὸ
1668 3978 1684 3999 .

90 4034 151 4083 Ol
208 4030 335 4084 θεοὶ
371 4028 494 4082 τῶν
535 4027 728 4083 ἐθνῶν
772 4027 1075 4097 δαιμόνια·
1132 4029 1246 4081 ἀλλ’
1294 4030 1343 4081 οἱ
1400 4028 1499 4099 μὲν
1547 4028 1688 4082 κατὰ

84 4122 243 4191 χαριν
290 4119 672 4189 ὀνομάζονται,
711 4122 761 4171 οἱ
800 4119 856 4173 δὲ
913 4119 1055 4173 κατὰ
1100 4118 1315 4189 ψεῦδος.
1362 4120 1420 4173 '0
1452 4120 1510 4173 δὲ
1553 4119 1687 4183 Θεὸς

88 4214 241 4281 μόνος
280 4214 402 4265 κατ’
427 4211 615 4264 οὐσίαν
660 4211 778 4264 ἐστὶ
824 4211 976 4274 Θεός.
1029 4212 1227 4277 Μόνος
1261 4211 1318 4265 δὲ
1361 4212 1488 4265 ὅταν
1527 4213 1686 4281 εἴπω,

81 4304 181 4372 τὴν
221 4302 416 4355 οὐσίαν
447 4300 543 4354 τοῦ
590 4301 726 4354 Θεοῦ
771 4301 868 4371 τὴν
910 4301 1072 4369 ἁγίαν
1109 4302 1204 4354 καὶ
1236 4300 1491 4354 ἄκτιστον
1517 4299 1682 4372 δηλῶ.

85 4395 159 4446 Τὸ
185 4394 297 4464 γὰρ
321 4395 517 4462 μόνος
540 4393 760 4461 λέγεται
791 4393 884 4446 καὶ
928 4392 1020 4446 ἐπί
1047 4410 1191 4458 τινος
1237 4391 1550 4463 ἀνθρώπου,
1586 4392 1684 4445 καὶ

1788 550 2531 623 sanctimonia.hypostasim
2561 556 2739 624 angeli
2774 556 3152 628 intelligimus.
3187 560 3372 632 Itaque

1787 639 1833 693 si
1859 640 2128 711 quidquid
2175 658 2345 697 unum
2386 653 2469 698 est
2518 660 2786 710 numero,
2817 663 2985 702 unum
3028 662 3223 705 natura
3262 668 3373 710 non

1786 741 1896 798 est,
1932 738 1986 786 et
2042 734 2192 802 quod
2232 744 2432 788 natura
2468 751 2636 789 unum
2676 752 2741 792 ac
2778 740 3010 812 simplex
3040 750 3162 806 est,
3205 760 3372 801 unum

1786 838 2016 878 numero
2051 840 2158 880 non
2191 833 2310 889 est,
2342 842 2445 880 nos
2494 835 2674 881 autem
2721 828 2891 885 Deum
2950 842 3145 887 natura
3193 852 3363 893 unum

1786 914 2066 983 dicimus;
2125 920 2401 987 quomodo
2476 921 2636 976 nobis
2698 939 2987 978 numerum
3071 925 3367 996 aﬂingmit,

1786 1022 1950 1076 quem
2007 1023 2236 1077 prorsus
2289 1024 2319 1063 a
2375 1011 2533 1066 beata
2599 1012 2692 1067 illa
2752 1028 2814 1067 ac
2861 1014 3130 1085 Spirituali
3174 1028 3370 1072 natura

1748 1101 2142 1155 ~amovemus?
2190 1099 2464 1158 Numerus
2515 1105 2661 1159 enim
2713 1106 2951 1175 pertinet
2987 1107 3054 1162 ad
3095 1110 3374 1178 quantita-

1785 1194 1937 1242 tem:
1984 1191 2267 1259 quantitas
2321 1207 2452 1246 vero
2498 1195 2770 1263 corporali
2817 1204 3028 1251 naturae
3078 1198 3373 1266 conjuncta

1785 1286 1905 1346 est;
1935 1296 2200 1335 numerus
2224 1297 2355 1353 ergo
2391 1298 2670 1354 corporeae
2694 1292 2779 1341 εει
2812 1294 3044 1343 naturae.
3077 1287 3149 1342 At
3184 1286 3375 1343 Domi-

1787 1384 1917 1421 num
1965 1377 2219 1425 nostrum
2253 1385 2547 1442 corporum
2582 1374 2833 1445 Opiﬁcem
2890 1392 3015 1433 esse
3066 1377 3368 1434 credimus.

1786 1460 2135 1532 Quapropter
2182 1470 2235 1518 et
2274 1480 2538 1522 numerus
2568 1468 2750 1524 omnis
2805 1483 2869 1524 ea
2902 1469 3192 1541 designat,
3250 1486 3374 1543 qua:

1787 1553 2126 1608 matcrialem
2185 1571 2250 1610 ac
2322 1556 2806 1631 circumscriptam
2872 1569 3128 1616 naturam
3183 1565 3373 1619 sortita

1788 1651 1954 1696 sunt:
1998 1660 2190 1701 monas
2219 1662 2351 1701 vero
2381 1656 2435 1702 et
2487 1651 2671 1705 unitas
2705 1651 2972 1722 simplicis
3027 1668 3090 1709 ac
3160 1653 3374 1709 incom-

1787 1736 2178 1804 prehensibilis
2214 1740 2471 1796 essentize
2495 1743 2730 1815 insigne.
2764 1744 3028 1815 Quisquis
3067 1746 3235 1815 igitur
3261 1763 3366 1802 nu-

1787 1840 1995 1878 merum
2045 1835 2140 1880 aut
2181 1838 2490 1885 creaturam
2522 1834 2818 1888 confitetur
2856 1833 3056 1889 Filium
3103 1835 3199 1892 Dei
3223 1876 3238 1901 ,
3274 1849 3371 1892 aut

1785 1913 2050 1984 Spiritum
2098 1926 2350 1973 sanctum
2373 1960 2388 1983 ,
2429 1921 2750 1991 imprudens
2782 1925 3117 1981 materialem
3169 1941 3234 1981 ac
3260 1927 3370 1982 cir-

1784 2007 2179 2078 cumscriptam
2210 2018 2464 2064 naturam
2499 2012 2730 2068 inducit.
2762 2012 3249 2087 Circumscriptam
3279 2032 3373 2071 au-

1788 2105 1895 2151 tem
1946 2099 2108 2165 dico,
2163 2116 2272 2155 non
2325 2102 2489 2156 modo
2534 2118 2653 2158 eam
2699 2120 2821 2175 quae
2865 2105 2987 2161 loco
3034 2109 3368 2172 continetur,

1786 2190 1882 2247 sed
1907 2193 2070 2247 etiam
2101 2208 2264 2263 quam
2315 2195 2657 2263 praenotione
2680 2197 3099 2267 comprehendit
3148 2200 3196 2255 is
3217 2238 3233 2264 ,
3264 2200 3362 2269 qui

1787 2282 1962 2352 ipsam
2006 2299 2036 2338 e
2090 2285 2262 2338 nihilo
2308 2285 2681 2355 producturus
2712 2296 2830 2353 est,
2862 2306 3094 2359 quaeque
3141 2291 3370 2346 scientia

1787 2364 2189 2445 comprehendi
2226 2385 2428 2446 potest.
2462 2376 2742 2448 Quidquid
2769 2380 2934 2450 igitur
2964 2392 3213 2437 sanctum
3246 2393 3329 2438 est
3351 2423 3367 2445 ,

1789 2464 1955 2519 habet
1988 2473 2171 2520 autem
2200 2476 2453 2521 naturam
2491 2469 3002 2539 circumscriptam,
3032 2478 3086 2526 et
3116 2472 3366 2525 adventi-

1787 2559 1919 2611 tiam
1978 2559 2359 2625 sanctitatem,
2407 2559 2705 2615 obnoxium
2739 2576 2863 2616 esse
2900 2570 3082 2632 potest
3126 2564 3365 2618 malitia).

1789 2647 1959 2704 Filius
1993 2658 2173 2704 autem
2198 2691 2212 2712 ,
2246 2658 2300 2705 et
2327 2651 2569 2720 Spiritus
2604 2659 2854 2718 sanctus,
2887 2652 3011 2707 fons
3041 2662 3126 2708 est
3166 2657 3371 2708 sancti-

1788 2741 1987 2794 moniae
2006 2782 2020 2806 ,
2042 2741 2186 2795 unde
2216 2741 2502 2796 rationalis
2530 2757 2762 2814 quaeque
2792 2750 3044 2798 creatura
3074 2758 3175 2814 pro
3205 2743 3373 2798 virtu-

1790 2830 1861 2888 tis
1884 2831 2098 2888 ratione
2124 2834 2525 2888 sanctiﬁcatur.

1862 2925 1916 2979 5.
1952 2924 2096 2990 Nos,
2134 2925 2437 2980 secundum
2474 2940 2658 2979 veram
2699 2924 3040 2991 doctrinam,
3076 2941 3254 2996 neque
3295 2941 3372 2981 ει-

1790 3016 2015 3080 milem,
2065 3032 2248 3086 neque
2293 3016 2612 3070 dissimilem
2669 3014 2821 3069 Patri
2853 3014 3053 3070 Filium
3109 3016 3367 3072 dicimus.

1790 3108 1923 3162 Nam
1960 3125 2116 3180 aeque
2148 3117 2444 3179 utrumque
2491 3109 2688 3163 horum
2741 3116 3037 3179 repugnat.
3082 3109 3373 3166 Enimvero

1790 3201 1969 3257 simile
2004 3209 2058 3256 et
2101 3199 2405 3263 dissimile,
2443 3199 2773 3269 qualitatum
2805 3199 2993 3252 habita
3040 3201 3255 3254 ratione
3283 3201 3371 3254 di-

1789 3302 2028 3346 cuntur:
2071 3290 2213 3346 Deus
2238 3298 2419 3344 autem
2476 3291 2724 3365 liber_est
2774 3307 2805 3344 a
2853 3291 3137 3360 qualitate.
3170 3289 3369 3345 Verum

1788 3382 2129 3436 identitatcm
2171 3388 2381 3435 natura:
2415 3379 2742 3434 conﬁtcntes
2783 3387 2838 3433 et
2900 3381 3373 3435 consubstantiale

1788 3475 2152 3537 admittimus,
2172 3484 2225 3528 et
2248 3474 2704 3543 compositionem
2736 3471 3007 3543 fugimus;
3038 3487 3163 3526 cum
3197 3474 3244 3527 is
3267 3472 3361 3541 qui

1789 3566 2090 3625 secundum
2131 3566 2424 3621 essentiam
2462 3565 2604 3620 Dens
2630 3574 2683 3621 et
2722 3564 2886 3619 Pater
2919 3575 3038 3626 est,
3078 3564 3245 3620 Deum
3277 3580 3365 3620 se-

1788 3658 2028 3712 cundum
2050 3656 2347 3712 essentiam
2374 3667 2428 3710 et
2459 3653 2656 3709 Filium
2683 3655 2957 3724 genuerit.
2984 3654 3060 3707 Ex
3094 3653 3198 3708 hoc
3222 3652 3371 3707 enim

1789 3745 2266 3802 consubstantiale
2318 3745 2649 3800 ostenditur.
2685 3743 2820 3796 Nam
2870 3742 3014 3798 Deus
3066 3742 3369 3797 secundum

1789 3839 2085 3894 essentiam
2114 3836 2222 3892 Deo
2256 3836 2561 3892 secundum
2594 3837 2894 3891 essentiam
2919 3837 3369 3890 consubstantia-

1788 3932 1877 3986 Iis.
1913 3930 2191 4000 Siquidem
2235 3936 2291 3983 et
2329 3929 2494 3983 homo
2526 3928 2730 3982 dicitur
2763 3929 2931 3989 deus,
2978 3927 3124 3981 velut
3170 3927 3225 3981 in
3266 3927 3372 3981 hoc.

1788 4025 1930 4085 loco,
1952 4022 2061 4093 Ego
2077 4020 2222 4075 dixi:
2249 4021 2336 4074 Dii
2355 4023 2481 4075 estis
2494 4021 2540 4052 ⁸⁸
2583 4019 2726 4086 Quin
2749 4020 2911 4073 etiam
2939 4019 3151 4073 daemon
3184 4018 3372 4089 appel-

1790 4118 1934 4171 Iatur
1951 4115 2107 4176 deus,
2125 4112 2424 4169 secundum
2461 4112 2619 4177 illud,
2638 4110 2729 4164 Dii
2750 4113 2985 4180 gentium
3015 4108 3282 4165 dwmenia
3302 4109 3371 4164 ³⁷.

1793 4207 1900 4263 Sed
1933 4207 2010 4261 illi
2049 4204 2269 4275 quidem
2297 4219 2363 4258 ex
2399 4203 2544 4258 dono
2564 4246 2578 4269 ,
2603 4203 2659 4256 hi
2701 4218 2832 4257 vero
2857 4219 2924 4257 ex
2957 4200 3243 4256 mendacio
3271 4216 3372 4255 no-

1789 4315 1915 4353 men
1934 4297 2227 4368 accipiunt.
2255 4295 2400 4352 Deus
2413 4312 2542 4351 vero
2565 4296 2717 4351 solus
2741 4303 2826 4351 est
2853 4293 3156 4350 secundum
3185 4308 3372 4348 essen-

1790 4391 1923 4445 tiam
1968 4389 2128 4443 Deus.
2160 4388 2296 4442 Cum
2342 4399 2523 4441 autem
2555 4386 2679 4439 dico
2704 4427 2719 4452 ,
2750 4387 2922 4449 solus,
2952 4384 3248 4440 essentiam
3277 4380 3371 4435 Dei

86 4485 179 4536 ἐπὶ
204 4485 426 4554 φύσεως
475 4482 659 4547 ἁπλῶς
678 4484 777 4553 τῆς
798 4483 1046 4537 καθόλου.
1079 4484 1202 4537 Ἐπί
1222 4500 1366 4547 τινος
1398 4483 1518 4553 μὲν,
1546 4479 1680 4550 οἷον,

1792 4485 2040 4533 sanctam
2087 4486 2142 4530 et
2170 4476 2472 4531 increatam
2518 4474 2796 4546 signiﬁco.
2840 4474 2977 4528 Nam
3026 4490 3169 4536 vox,
3202 4472 3368 4534 solus,

88 4576 218 4646 φέρε
270 4577 471 4638 εἰπεῖν,
523 4575 617 4627 ἐπὶ
668 4574 903 4638 Παύλου,
949 4577 1032 4629 ὅτι
1088 4576 1246 4647 μόνος
1297 4575 1524 4646 ἡρπάγη
1576 4575 1683 4638 ἕως

86 4666 269 4734 τρίτου
315 4664 548 4734 ούρανοῦ
570 4704 586 4728 ,
636 4663 733 4717 καὶ
786 4664 1015 4734 ἤκουσεν
1067 4664 1282 4735 ἄρῤητα
1347 4665 1590 4734 ῥήματα,
1647 4662 1684 4717 ἃ

84 4756 187 4809 οὐκ
214 4755 337 4821 ἐξὸν
366 4753 640 4826 ἀνθρώπῳ
670 4753 920 4824 λαλῆσαι·
959 4756 1052 4807 ἐπὶ
1090 4754 1305 4824 φύσεως
1329 4754 1385 4807 δὲ
1417 4754 1517 4825 τῆς
1545 4753 1683 4807 καθ-

86 4847 230 4911 ὁλου,
260 4848 340 4911 ὡς
368 4848 500 4901 ὅταν
549 4845 685 4917 λέγῃ
737 4845 847 4917 (60)
892 4846 1089 4899 Δαδιδ·
1122 4832 1487 4914 Ἀνθρωπος,
1538 4845 1683 4899 ὡσεὶ

90 4945 308 5013 κάρτος
341 4945 403 4996 al
446 4941 661 5012 ἡμέραι
694 4941 903 4996 αὑτοῦ.
921 4941 1185 4996 Ἐνταῦθα
1213 4941 1320 5011 γὰρ
1351 4939 1412 4992 ού
1437 4939 1528 4993 τόν
1560 4956 1681 4992 τινα

90 5036 398 5106 ἄνθρωπον,
425 5033 559 5087 ἀλλὰ
601 5032 702 5103 τὴν
734 5034 961 5087 καθόλου
1001 5034 1162 5102 φύσιν
1198 5032 1368 5101 δηλοῖ.
1413 5031 1529 5092 Πᾶς
1571 5029 1680 5101 γὰρ

94 5124 383 5197 ἄνθρωπος
431 5126 767 5197 πρόσκαιρος
820 5127 915 5179 καὶ
964 5126 1176 5198 θνητός.
1235 5124 1394 5177 Οὕτω
1447 5125 1676 5177 κάκεῖνα
1714 5129 1720 5136 ’

96 5219 325 5288 νοοῦμεν
358 5218 456 5271 ἐπὶ
502 5217 604 5286 τῆς
655 5216 872 5287 φύσεως
930 5218 1224 5289 εἰρημένα·
1262 5217 1344 5278 τὸ,
1393 5215 1455 5268 Ὀ
1490 5214 1680 5283 μόνος

1787 4582 1841 4628 ει
1869 4571 1936 4626 de
1980 4584 2092 4624 uno
2133 4569 2320 4638 aliquo
2358 4568 2581 4622 homine
2604 4610 2619 4634 ,
2649 4573 2704 4621 et
2736 4567 2803 4623 de
2835 4567 3098 4621 universa
3143 4580 3369 4636 prorsus

1787 4671 1984 4718 natura
2029 4661 2254 4716 dicitur.
2292 4658 2368 4714 De
2415 4673 2527 4713 uno
2583 4659 2800 4729 aliquo,
2856 4660 3007 4714 velut
3048 4674 3172 4712 cum
3216 4657 3366 4711 verbi

1786 4759 1960 4825 gratia
1999 4752 2202 4808 dicitur
2245 4751 2315 4806 de
2363 4750 2569 4815 Paulo,
2626 4751 2806 4805 solum
2853 4756 3069 4820 raptum
3124 4764 3247 4804 esse
3301 4749 3368 4803 ad

1785 4848 2008 4902 tertium
2048 4860 2225 4916 usque
2271 4843 2470 4898 coelum
2496 4883 2510 4907 ,
2543 4852 2598 4898 et
2640 4842 2865 4898 audisse
2912 4855 3116 4895 arcana
3168 4841 3366 4903 verba,

1787 4954 1909 5009 quae
1944 4952 2056 4991 non
2093 4936 2259 4991 liceat
2310 4933 2523 4990 homini
2566 4933 2716 5004 loqui
2747 4933 2793 4965 ’⁸
2826 4950 2839 4986 :
2889 4930 2956 4986 de
3005 4938 3204 4984 natura
3237 4945 3370 4984 vero

1787 5032 2066 5094 universa,
2099 5029 2246 5082 velut
2290 5043 2415 5099 cum
2460 5024 2630 5079 David
2665 5024 2838 5079 dicit:
2874 5022 3047 5077 Homo
3085 5064 3100 5089 ,
3135 5023 3273 5075 sicut
3301 5022 3373 5081 fe-

1787 5136 1911 5174 num
1946 5119 2057 5174 dies
2096 5118 2211 5189 ejus
2235 5118 2300 5171 ”.
2333 5115 2436 5171 Hic
2473 5116 2621 5172 enim
2652 5129 2760 5169 non
2789 5115 3067 5169 hominem
3105 5113 3365 5181 aliquem,

1788 5214 1884 5269 sed
1914 5212 2226 5267 universam
2257 5217 2512 5265 naturam
2542 5206 2751 5264 indicat
2782 5225 2796 5261 :
2832 5220 2959 5261 nam
2993 5204 3176 5259 omnis
3201 5204 3369 5275 homo

162 5333 209 5365 ³⁸
236 5333 385 5389 Psal.
416 5347 608 5396 Lxxxr,
638 5330 693 5386 6.
770 5330 814 5362 "’
838 5329 981 5387 Psal.
1011 5350 1133 5397 xcv,
1171 5333 1224 5387 5.
1304 5332 1347 5363 ³⁸
1370 5329 1557 5387 IICor.
1586 5345 1683 5395 xu,

1843 5327 1887 5359 ³⁹
1922 5325 2068 5382 Psal.
2103 5340 2201 5389 cn,
2244 5324 2332 5379 15.

162 5491 277 5555 I55)
330 5492 627 5556 Ἐκείνης.
660 5487 808 5542 Hanc
831 5503 1016 5544 vocem
1046 5487 1356 5543 addidimus
1377 5501 1443 5541 ex
1464 5485 1681 5541 duobus

98 5573 224 5614 mss.

162 5629 271 5685 (56)
318 5630 382 5682 '0
409 5629 544 5698 γάρ.
592 5627 753 5698 Lege
773 5628 830 5680 Ὀ
855 5644 1000 5694 γουν.

162 5692 699 5809 (εὓκῑηῂαἱετικήῖ
729 5695 818 5751 Sic
850 5692 1076 5767 uterque
1130 5694 1323 5750 codex.
1377 5692 1519 5748 Editi
1578 5708 1677 5763 ση-

106 5782 366 5823 ιιαντικλν.

1864 5480 1976 5550 (58)
2025 5481 2131 5533 Ἦν
2158 5478 2278 5550 καί.
2303 5476 2431 5531 Μεε.
2457 5485 2512 5530 ει
2536 5475 2667 5550 edit.
2705 5472 2867 5550 Dasil.
2895 5472 3044 5550 όκαι

1862 5544 1977 5623 (59)
2023 5548 2467 5623 Ὀ-Αᾷνθρωπος.
2512 5545 2811 5623 ,Λι-ιὶευ-Ιμε
2844 5544 3096 5623 additus“
3117 5554 3181 5594 ex
3199 5554 3362 5623 “iusst.

1790 5609 1940 5677 deest
1960 5609 2019 5673 in
2050 5619 2227 5673 editis.
2246 5609 2454 5671 Ibidem
2495 5614 2604 5669 duo
2633 5614 2849 5669 codices
2874 5628 3005 5668 mss.
3043 5609 3257 5681 Ἐπειδὴ
3285 5609 3365 5673 ﬁt,

1859 5691 1969 5764 (60)
2008 5689 2184 5760 Λέγῃ.
2224 5688 2313 5744 Sic
2350 5703 2481 5741 mss.
2511 5685 2650 5739 Editi
2678 5684 2821 5752 λέγει
