3888 6214
471 292 575 349 251

1814 286 1873 345 S.
1915 288 2175 346 BASILH‘
2202 292 2437 350 MAGNI"

3649 292 3768 350 252

442 410 846 481 .temporarius
892 417 948 466 et
979 409 1254 466 mortalis.
1307 406 1402 463 Sic
1448 408 1808 479 intelligimus
1851 407 1922 463 de
1958 424 2056 462 na-

2163 410 2316 481 ἕχων
2346 410 2723 467 ἀθανασίαν·
2767 412 2886 475 καὶ,
2934 410 3112 478 Μόνῳ
3143 410 3315 480 σοφῷ
3354 410 3497 477 Θεῷ,
3536 410 3647 466 xai‘
3670 413 3762 477 τὸ,

476 515 603 561 tura
633 508 782 561 dicta
815 520 939 561 esse
985 512 1041 559 et
1072 505 1162 561 illa
1194 522 1207 558 :
1240 502 1344 569 Qui
1368 502 1514 556 solus
1545 501 1700 554 habet
1743 500 2066 554 immortali-

478 609 641 653 tatem
660 599 736 665 ‘°;
769 609 844 662 et,
878 596 995 653 Soli
1029 596 1258 666 sapienti
1299 594 1409 648 Deo
1432 594 1510 660 δίς
1550 602 1628 658 et,
1664 591 1833 646 Nemo
1873 593 2061 659 bonus,

478 693 582 745 nisi
634 707 770 745 unus
814 689 954 744 Deus
978 689 1046 743 "'.
1082 688 1182 742 Hic
1213 689 1359 742 enim
1394 703 1532 739 unus
1574 685 1853 755 signiﬁcat
1894 684 2058 750 idem,

476 785 624 855 quod
654 786 820 838 solus.
849 783 937 847 Et,
967 782 1072 849 Qui
1100 782 1337 836 extendit
1362 779 1549 833 cwlum
1579 776 1723 832 solus
1746 778 1826 844 ⁸³;
1855 784 1907 832 et
1938 792 2065 830 rur-

477 892 599 938 sus,
642 876 929 930 Dominum
968 875 1137 929 Deum
1168 884 1317 929 tuum
1348 871 1621 933 adorabis,
1655 883 1703 924 et
1726 870 1809 924 illi
1831 871 1932 924 soli
1952 885 2064 923 ser-

473 971 582 1023 vies
605 969 650 999 “
678 988 693 1027 :
726 978 800 1028 et.
839 966 961 1020 Non
983 977 1061 1021 est
1091 966 1226 1020 Deus
1255 974 1447 1033 prwter
1476 980 1556 1018 me
1578 964 1646 1017 ⁸⁸.
1678 962 1815 1017 Nam
1847 980 1982 1017 unus
2009 969 2062 1018 et

478 1061 624 1115 solus
648 1060 717 1113 de
752 1059 862 1111 Deo
890 1059 1154 1113 dicuntur
1175 1057 1282 1128 83
1321 1056 1376 1110 in
1409 1054 1699 1124 Scriptura
1729 1069 1838 1108 non
1870 1053 1939 1107 ad
1975 1052 2062 1106 di-

469 1153 831 1251 ‘stinrtionem
863 1168 893 1205 a
928 1149 1067 1204 Filio
1109 1159 1204 1203 aut
1237 1149 1444 1237 Spiritu
1477 1156 1695 1210 sancto,
1731 1146 1827 1202 scd
1868 1145 2063 1200 adver—

472 1238 576 1347 ;sus
617 1260 712 1299 eos
742 1244 835 1314 qui
864 1258 989 1297 cum
1022 1242 1096 1296 dii
1129 1257 1237 1296 non
1273 1241 1405 1297 sint.
1440 1240 1516 1294 dii
1549 1248 1729 1294 tamen
1766 1238 1908 1293 falso
1954 1253 2059 1291 no—

480 1331 784 1400 minantur,
829 1343 886 1388 ιιι
921 1343 1005 1391 est
1035 1334 1168 1388 illud
1197 1353 1209 1389 :
1239 1333 1499 1387 Dominus
1526 1334 1671 1385 solus
1695 1331 1850 1383 duxit
1871 1347 1978 1395 eos,
2007 1340 2060 1384 et

477 1448 581 1484 non
622 1439 737 1483 erat
767 1446 885 1482 cum
916 1428 993 1481 eis
1026 1427 1154 1481 deus
1190 1427 1394 1479 alienus
1416 1425 1494 1487 ¹“⁵;
1535 1430 1611 1485 et.
1647 1421 1959 1475 Everlerunt
1993 1421 2060 1487 ﬁ-

477 1523 538 1576 lii
569 1520 744 1576 lsrael
775 1519 1010 1582 Bualim,
1044 1528 1092 1572 et
1127 1534 1343 1572 nemora
1371 1514 1649 1577 Astarotlt,
1682 1521 1731 1566 et
1768 1511 2059 1565 serviebant

478 1613 708 1668 Domino
745 1612 844 1665 soli
866 1611 932 1665 ‘7.
974 1610 1051 1674 Ει,
1095 1611 1295 1664 iterum
1339 1607 1545 1662 Paulus
1588 1605 1781 1661 :Sicut
1824 1613 1945 1658 sunt
1983 1603 2061 1656 dii

477 1705 655 1768 multi,
685 1714 733 1759 et
768 1703 970 1757 domini
998 1702 1178 1765 multi,
1208 1701 1359 1756 nobis
1386 1711 1560 1754 tamen
1583 1716 1719 1753 unus
1751 1697 1912 1760 Deus,
1947 1695 2055 1750 Pa-

478 1808 575 1862 ter,
619 1812 684 1850 ex
729 1812 831 1865 quo
879 1795 1081 1858 omnia,
1124 1803 1173 1847 et
1226 1809 1360 1847 unus
1402 1791 1664 1846 Dominus
1700 1788 1857 1843 Jesus
1904 1787 2061 1841 Chri-

475 1900 611 1951 stus,
667 1904 759 1958 per
815 1905 967 1958 quem
1028 1883 1521 1940 omnia“.Verum
1578 1883 1668 1937 hic
1728 1880 2058 1951 quaerimus,

474 1980 754 2052 quomodo
799 1994 926 2033 cum
967 1979 1222 2042 dixisset,
1264 1973 1412 2029 Unus
1460 1973 1624 2040 Deus,
1672 1988 1737 2027 ca
1772 1986 1906 2026 voce
1950 1986 2059 2025 non

477 2073 645 2129 fuerit
673 2079 971 2127 contentus
1004 2069 1269 2143 (diximus
1301 2071 1469 2129 enim,
1499 2083 1624 2121 cum
1651 2065 1798 2120 solus
1838 2073 1891 2120 et
1922 2081 2059 2118 unus

476 2168 544 2223 de
579 2165 692 2220 Deo
732 2165 1018 2223 dicuntur,
1073 2160 1369 2232 signiﬁcari
1404 2162 1704 2227 naturam),
1750 2158 1845 2212 sed
1878 2167 1933 2211 et
1965 2172 2061 2211 vo-

476 2274 593 2315 cem
644 2257 812 2311 Pater
853 2255 1193 2326 apposuerit,
1238 2262 1293 2307 ct
1344 2252 1551 2306 Christi
1597 2251 1788 2304 fecerit
1826 2252 2060 2303 mentio-

475 2366 620 2407 nem.
684 2348 952 2417 Suspicor
1005 2348 1190 2416 itaque
1248 2344 1594 2399 existimasse
1634 2342 1736 2395 hoc
1782 2341 1904 2395 loco
1962 2356 2059 2396 vas

473 2442 763 2497 electionis
818 2439 1084 2502 Paulum,
1142 2438 1277 2492 satis
1332 2450 1439 2490 non
1496 2449 1621 2489 esse
1674 2431 2059 2486 tantummodo

475 2535 647 2590 Deum
687 2532 910 2592 Filium,
951 2540 1006 2586 et
1048 2529 1217 2584 Deum
1253 2527 1521 2598 Spiritum
1560 2534 1813 2580 sanctum
1846 2524 2058 2595 przedi-

474 2641 636 2693 care;
679 2626 729 2680 id
764 2625 908 2696 quod
952 2638 1046 2693 per
1087 2622 1412 2683 dictionem,
1448 2618 1596 2673 Unus
1623 2617 1784 2678 Deus,
1809 2616 2060 2671 declara-

472 2726 649 2778 verat.
686 2718 793 2774 nisi
831 2727 1093 2788 praeterea
1139 2729 1234 2784 per
1279 2712 1642 2781 adjectionem
1679 2708 1879 2772 Patris,
1922 2724 2051 2762 eum

472 2829 541 2870 ex
567 2826 676 2883 quo
699 2810 882 2865 omnia
912 2816 1062 2875 sunt,
1093 2806 1464 2876 exprimeret;
1500 2809 1555 2858 et
1585 2817 1685 2872 per
1724 2801 2058 2855 mentionem

473 2901 712 2967 Domini,
758 2897 997 2954 Verbum
1044 2911 1141 2967 per
1173 2895 1321 2966 quod
1358 2894 1543 2955 omnia
1582 2899 1732 2953 sunt,
1786 2891 2059 2962 signiﬁca-

473 3002 579 3056 ret,
611 3000 667 3048 et
698 3007 915 3053 rursus,
948 3005 1045 3060 per
1071 2986 1201 3041 Jesu
1247 2985 1452 3040 Christi
1497 2984 1932 3053 adjunctioncm,
1973 2982 2057 3036 in-

2170 503 2383 571 Οὐδεὶς
2434 503 2655 574 ἀγαθὸς
2691 505 2744 557 εί
2771 502 2858 573 μὴ
2897 497 2987 569 εἷς
3018 505 3052 557 ό
3096 505 3262 570 Θεός.
3295 504 3369 556 Τὸ
3399 503 3508 578 γὰρ
3549 500 3638 571 εἷς
3670 508 3765 559 ὲν-

2165 596 2339 650 ταῦθα
2363 596 2440 667 τῷ
2472 597 2663 666 μόνος
2691 595 2886 649 ταυτὸν
2918 595 3101 667 δηλοῖ·
3141 598 3343 661 καὶτὸ,
3382 597 3445 651 '0
3480 600 3764 665 τανύσας
3817 594 3825 647 ἶ

2165 688 2272 742 τὸν
2287 688 2549 756 οὐρανὸν
2572 690 2761 758 μόνος
2777 704 2791 717 ’
2814 688 2907 740 καὶ
2931 688 3093 744 πάλιν
3112 706 3128 722 ο
3158 691 3350 758 Κιφίῳ
3374 688 3455 756 τῷ
3485 690 3606 756 Θεῷ
3632 707 3762 744 σου

2164 781 2637 849 προσκυνήσεις,
2673 783 2771 836 καὶ
2814 781 2976 847 αὐτῷ
3025 783 3192 851 μόνῳ
3218 784 3608 851 λατρεύσειςο
3658 782 3763 837 καὶ

2163 875 2246 940 τὸ,
2273 877 2394 928 Οὐκ
2424 875 2557 928 ἐστι
2583 877 2729 943 Θεὸς
2756 880 2925 945 πλὴν
2967 876 3134 947 ἐμοῦ.
3175 875 3247 929 Τὸ
3274 876 3384 947 γὰρ
3404 872 3501 942 εἷς
3534 878 3764 946 καὶνμό-

2162 979 2272 1028 νος
2295 964 2389 1016 ἐπὶ
2427 964 2563 1016 Θεοῦ
2596 965 2706 1037 (61)
2738 968 2796 1019 ὲν
2828 970 2894 1038 τῇ
2931 968 3119 1038 Γραφῇ
3161 967 3220 1020 οὐ
3248 967 3761 1038 πρὸςάντιδιαστοο

2162 1053 2261 1124 λὴν
2284 1054 2377 1107 τοῦ
2415 1055 2545 1109 Υἰοῦ
2573 1057 2607 1127 ἢ
2652 1056 2747 1110 τοῦ
2779 1059 2935 1126 ἁγίου
2977 1059 3292 1130 Πνεῦματος
3335 1058 3575 1127 λέγεται,
3616 1059 3759 1114 ἀλλὰ

2164 1147 2301 1217 πρὸς
2330 1150 2456 1211 τοὺς
2523 1148 2597 1220 μὴ
2647 1149 2808 1214 ὄντας
2842 1150 3018 1215 θεοὺς,
3064 1149 3498 1221 ὀνομαζομένους
3530 1151 3587 1203 δὲ
3615 1151 3758 1221 ψευε-

2163 1239 2269 1303 δῶς
2293 1257 2306 1270 ·
2330 1240 2407 1304 ὼς
2437 1242 2517 1307 τὸ,
2556 1243 2771 1311 Κύριος
2786 1244 2975 1313 μόνος
3000 1240 3147 1313 ἦγεν
3182 1245 3437 1310 αὐτοὰςξ
3476 1245 3592 1309 xai,
3627 1247 3757 1299 Οὐκ

2161 1331 2242 1406 ἦν
2269 1336 2397 1403 μετ’
2428 1335 2628 1390 αὐτῶν
2650 1337 2794 1403 Θεὸς
2822 1337 3142 1406 ἀλλότριος
3162 1355 3176 1368 ·
3204 1338 3404 1402 mus,
3439 1337 3763 1406 Hepteilor

2161 1425 2278 1479 υἱοί
2340 1424 2453 1495 (62)
2521 1426 2759 1494 Ἰσραὴλ
2821 1428 2893 1481 τὰ
2942 1428 3235 1498 Βααλεὶμ,
3290 1428 3389 1482 καί
3450 1430 3522 1485 τὰ
3581 1428 3768 1499 dolan-

2175 1516 2499 1584 Ἀσταρὼθ,
2534 1518 2632 1571 καὶ
2659 1518 2988 1573 ἐδούλευον
3006 1520 3203 1588 Κυρίῳ
3229 1524 3427 1590 μόνῳσ
3465 1522 3557 1575 καὶ
3585 1521 3777 1577 πάλιν.

2161 1610 2190 1662 ὀ
2222 1610 2472 1675 Παῦλος’
2514 1612 2740 1679 Ὥσπερ
2770 1613 2890 1665 εὶσὶ
2938 1613 3060 1667 θεοὶ
3097 1613 3337 1678 πολλοὶ,
3400 1615 3498 1669 καὶ
3553 1616 3753 1683 κύριοι
3849 1669 3858 1681 ,

2163 1702 2405 1765 πολλοὶ,
2450 1702 2587 1757 ἀλλ’
2639 1702 2784 1772 ἡμῖν
2835 1698 2924 1770 εἷς
2956 1704 3122 1771 Θεὸς,
3147 1707 3181 1759 ό
3215 1705 3438 1776 Πατὴρ,
3468 1706 3538 1772 ἐξ
3569 1702 3642 1763 οὗ
3672 1707 3775 1761 τάκ

2162 1792 2379 1857 πάντα,
2438 1796 2536 1848 καὶ
2579 1792 2667 1860 εἷς
2718 1796 2950 1864 Κύριος,
2993 1795 3224 1864 Ἰησοῦς
3268 1797 3540 1866 Χριστὸς,
3566 1796 3640 1852 δι’
3668 1793 3769 1854 οὗ

2160 1886 2233 1939 τὰ
2272 1886 2487 1942 πάντα.
2542 1886 2704 1939 Ἀλλὰ
2760 1887 3030 1959 ζητοῦμεν
3101 1889 3371 1955 ἐνταῦθα,
3430 1890 3582 1955 πῶς,
3636 1887 3752 1957 Εἷς

2164 1978 2309 2044 Θεὸς
2364 1976 2476 2050 (65)
2533 1976 2790 2051 εἰρηκὼς,
2825 1980 2926 2033 οὐκ
2955 1979 3199 2052 ἠρκέσθη
3242 1984 3307 2052 τῇ
3341 1981 3753 2053 φωνῇλ(ἕφαμεν

2161 2069 2292 2139 γὰρ,
2319 2069 2402 2121 ὅτι
2427 2069 2615 2137 μόνος
2644 2068 2737 2122 καὶ
2769 2068 2829 2122 τὸ
2847 2064 2937 2135 εἷς
2966 2070 3061 2122 ἐπὶ
3081 2068 3217 2124 Θεοῦ
3249 2070 3349 2142 τὴν
3371 2071 3531 2141 φύσιν
3551 2071 3748 2142 δηὶοῖὶ,

2162 2158 2297 2212 ἀλλὰ
2347 2160 2443 2212 καὶ
2494 2159 2555 2212 τὸ
2594 2159 2801 2228 Πατὴρ
2859 2161 3190 2233 προσέθηκε,
3242 2162 3337 2217 καὶ
3375 2162 3468 2217 τοῦ
3510 2162 3777 2235 Χριστοῦι.

2161 2251 2586 2322 ἐμνημόνευσεν.
2666 2251 2911 2305 ’Υπονοῶ
2947 2253 3160 2315 τοίνυν,
3211 2254 3294 2307 ὅτι
3346 2255 3446 2308 οὐκ
3495 2254 3751 2327 ἐξαρκεῖν

2161 2341 2315 2412 ᾠήθη
2348 2341 2445 2394 νῦν
2483 2343 2512 2395 ὁ
2556 2340 2788 2405 Παῦλος,
2820 2341 2883 2395 τὸ
2905 2341 3099 2406 σκεῦος
3129 2344 3230 2414 τῆς
3255 2343 3504 2416 ἐκλογῆς,
3540 2345 3785 2417 κηρύσ-κ

2163 2450 2277 2488 σειν
2337 2434 2495 2504 μόνον
2534 2433 2666 2487 Θεὸν
2692 2497 2697 2503 _
2722 2433 2813 2487 τὺν
2844 2434 2993 2501 Υἰὸν,
3050 2437 3144 2489 καὶ
3181 2435 3314 2489 Θεὸν
3341 2436 3403 2489 τὸ
3434 2437 3661 2509 Πνεῦμα
3683 2437 3781 2491 τὸ.

2161 2524 2338 2595 ἅγιον,
2371 2527 2509 2598 ὅπερ
2548 2520 2635 2581 διὰ
2664 2526 2767 2597 τῆς
2785 2522 2893 2591 Εἷς
2918 2526 3064 2594 Θεὸς
3090 2527 3324 2598 ἐδήλωσε
3376 2531 3609 2600 ρήσεως,
3649 2529 3751 2583 ἐὰν
3771 2566 3785 2577 -

2164 2620 2239 2690 μὴ
2265 2620 2359 2673 καὶ
2390 2620 2480 2673 διὰ
2516 2621 2614 2692 τῆς
2652 2620 2973 2693 προσθήκης
2997 2620 3091 2674 τοῦ
3130 2621 3343 2693 Πατρὸς
3374 2621 3466 2675 τὸν
3500 2621 3561 2687 ἐξ
3584 2613 3646 2675 οὗ
3677 2622 3787 2677 τὰ·

2161 2711 2341 2766 πάντα
2376 2710 2590 2784 δηλώσῃ
2613 2730 2627 2743 ·
2657 2714 2751 2767 καὶ
2773 2713 2863 2767 διὰ
2889 2714 2989 2784 τῆς
3025 2714 3246 2785 μνήμης
3276 2713 3371 2767 τοῦ
3400 2714 3627 2786 Κυρίου,
3654 2715 3752 2771 τὸν

2159 2803 2333 2873 Λόγον
2392 2803 2483 2859 τὸν
2535 2804 2603 2857 δι’
2631 2799 2693 2859 οῦ
2717 2805 2791 2859 τὰ
2824 2805 3004 2860 πάντα
3053 2807 3300 2877 σημάνῃ·
3334 2807 3427 2859 καὶ
3453 2792 3634 2871 πάλιν,
3658 2806 3752 2862 διὰ

2159 2896 2259 2966 τῆς
2303 2895 2477 2967 Ἰησοῦ
2527 2895 2765 2968 Χριστοῦ
2817 2896 3301 2969 συμπαραλήψεως
3348 2897 3447 2969 τὴν
3477 2896 3754 2971 ὲνανθρώ⁴

2163 3004 2330 3058 πησιν
2380 2987 2724 3061 παραγγείλῃ
2752 2988 2914 3075 iiii),
2960 2988 3054 3041 καὶ
3086 2987 3147 3040 τὸ
3183 2986 3354 3052 πάθος
3396 2990 3746 3060 παραστήσῃ,

472 3085 850 3141 earnationem
889 3080 1266 3141 annuntiaret,
1299 3086 1353 3132 et
1380 3079 1695 3148 passionem
1729 3084 1955 3145 poneret
1987 3073 2056 3128 ob

2166 3077 2259 3130 καὶ
2293 3076 2391 3148 τὴν
2424 3077 2720 3130 ἀνάστασιν
2761 3073 3071 3149 φανερώσῃ.
3107 3078 3179 3132 Τὸ
3220 3078 3353 3149 γὰρ,
3381 3078 3590 3149 Ἰησοῦς
3613 3078 3743 3148 Χρι-

474 3178 667 3233 oculos
716 3184 816 3229 :et
865 3174 1334 3228 resurrectionem
1389 3176 1871 3223 commonstraret.
1919 3164 2054 3219 Nam

2163 3167 2307 3232 στος,
2367 3167 2464 3245 τὰς
2505 3168 2759 3232 τοιαύτας
2787 3168 2995 3230 ἐννοίας
3029 3169 3160 3239 ἡμῖν
3196 3167 3470 3237 ἐμφαίνει.
3529 3168 3621 3221 Διὸ
3654 3169 3743 3221 καῖ

474 3269 634 3333 illud,
668 3265 831 3321 Jesus
857 3263 1151 3339 Christus,
1187 3263 1442 3317 notiones
1468 3261 1607 3315 tales
1638 3260 1795 3315 nobis
1829 3258 2054 3313 indicat.

472 3362 821 3432 Quapropter
865 3360 1031 3413 etiam
1085 3355 1353 3410 Dominus
1407 3363 1535 3408 ante
1586 3353 1899 3422 passionem
1946 3366 2057 3405 non

475 3454 590 3509 vult
616 3453 724 3508 dici
754 3450 918 3507 Jesus
953 3449 1231 3511 Christus,
1282 3455 1336 3502 et
1366 3444 1656 3514 discipulis
1693 3445 1959 3515 prazcipit,
2000 3449 2059 3495 ut

474 3561 543 3600 ne
572 3545 831 3613 cuiquam
863 3541 1054 3596 dicant
1093 3540 1269 3609 ipsum
1312 3553 1437 3593 esse
1465 3535 1650 3591 Jesum
1682 3526 1965 3590 Christum
1988 3533 2055 3588 "’.

472 3635 824 3704 Propositum
872 3633 1019 3686 enim
1050 3630 1127 3683 illi
1171 3637 1289 3682 erat
1332 3636 1454 3697 post
1490 3627 1800 3682 absolutam
1828 3626 2055 3695 dispen-

471 3728 740 3783 sationem
783 3739 848 3777 ac
881 3722 1343 3776 resurrectionem
1380 3734 1447 3773 ex
1480 3718 1734 3779 mortuis,
1770 3726 1823 3772 et
1853 3718 1908 3771 in
1945 3731 2060 3771 cce-

472 3821 556 3875 los
594 3817 1054 3887 assumptionem,
1094 3823 1208 3867 tum
1244 3812 1463 3866 demum
1498 3811 1633 3882 ipsis
1681 3812 2054 3873 conmittere,

472 3918 530 3965 ut
575 3925 699 3965 eum
741 3907 930 3963 Jesum
982 3906 1265 3961 Christum
1320 3903 1710 3973 praedicarent.
1769 3900 2054 3971 Ejusmodi

469 4009 637 4059 estet
668 3999 800 4054 illud
833 4019 845 4054 :
885 3996 953 4052 Ut
1001 4004 1320 4067 cognoscant
1356 4005 1404 4049 te
1443 3996 1616 4048 solum
1655 4011 1828 4048 verum
1862 3993 2053 4057 Deum,

469 4102 521 4150 at
554 4108 705 4161 quem
754 4091 949 4144 misisti
995 4087 1181 4143 Iesum
1224 4085 1604 4152 Christum";
1647 4086 1781 4139 illud
1822 4085 2050 4139 itidem:

473 4185 704 4243 Creditis
742 4185 797 4237 in
829 4182 1019 4253 Deum,
1049 4190 1098 4235 et
1129 4181 1184 4234 in
1218 4195 1298 4233 me
1331 4179 1526 4233 credite
1546 4179 1590 4211 ⁵¹
1627 4196 1641 4232 :
1675 4178 1877 4247 ubique
1905 4177 2057 4248 cogi-

473 4280 734 4335 tationem
764 4286 1012 4329 nostram
1054 4272 1451 4341 praemunieute
1481 4268 1691 4339 Spiritu
1727 4277 1921 4324 sancto
1947 4286 1962 4335 ;
1990 4284 2056 4322 ne

475 4366 798 4421 accedentes
860 4361 925 4414 ad
974 4364 1232 4419 alterum,
1280 4359 1453 4412 altero
1506 4358 1865 4424 excidamuS‘;
1918 4373 2055 4413 neve

2161 3263 2267 3332 πρὸ
2300 3261 2394 3315 τοῦ
2423 3262 2631 3326 πάθους
2681 3265 3030 3333 παραιτεῖται
3061 3265 3089 3315 ὁ
3124 3261 3333 3332 Κύριος
3374 3261 3581 3332 Ἰησοῦς
3611 3264 3717 3335 Χρι

2162 3352 2286 3417 στὸς
2334 3352 2830 3422 καταγγέλλεσθαιο
2885 3352 2980 3406 καὶ
3026 3351 3396 3405 διαστέλλεται
3424 3355 3538 3416 τοῖς
3569 3352 3743 3425 μαθη-

2160 3448 2299 3513 ταῖς,
2327 3447 2415 3499 ἵνα
2449 3447 2640 3518 μηδενὶ
2688 3446 2937 3510 εἴπωσιν,
2981 3446 3063 3498 ὃτι
3093 3444 3257 3508 αὑτός
3300 3446 3448 3499 ἐστιν
3493 3446 3735 3516 Ἰησοῦςὲ

2159 3539 2418 3610 Χριστός,
2481 3538 2771 3610 Πρὸκειται
2793 3538 2903 3608 γὰρ
2925 3537 3075 3608 αὑτῷ
3100 3536 3567 3608 τελειώσαντιτὴν
3601 3541 3734 3592 οἰκο-

2158 3632 2375 3701 νομίαν,
2432 3630 2573 3700 μετὰ
2623 3630 2723 3700 τὴν
2761 3631 2827 3682 ἐκ
2851 3627 3061 3699 νεκρῶν
3104 3629 3402 3683 ἀνάστασιν
3424 3629 3520 3683 καὶ
3538 3629 3637 3699 τὴν
3664 3631 3734 3688 είς

2157 3724 2420 3795 οὐρανοὺς
2440 3723 2728 3794 ἀνάληψιν,
2774 3721 3065 3793 ἐπιτρέψαι
3107 3723 3292 3785 αὐτοῖς
3325 3720 3621 3791 κηρύσσειν
3650 3723 3717 3774 αὖ
3746 3766 3751 3771 .

2156 3816 2249 3869 τὸν
2295 3815 2501 3886 Ἰησοῦν
2532 3816 2623 3869 τὸν
2658 3814 2918 3887 Χριστόν.
2960 3813 3215 3867 Τοιοῦτόν
3239 3815 3357 3866 ἐστι
3389 3815 3485 3867 καὶ
3506 3813 3585 3871 τὸ.
3613 3813 3735 3867 “Iw

2158 3907 2500 3978 γινώσκωσι
2547 3923 2621 3961 σε
2667 3907 2775 3960 τὸν
2807 3908 3002 3977 μόνον
3025 3904 3522 3973 ἀληθινὸν-Θεὸν,
3555 3905 3737 3979 auios

2160 3999 2525 4067 ἀπέστειλας
2558 3999 2793 4067 Ἰησοῦν
2824 4001 3084 4068 Χριστόν
3108 4016 3122 4030 ·
3149 3999 3243 4053 καὶ
3291 3999 3387 4064 τὸ,
3426 4001 3738 4056 Πιστεύετε

2156 4095 2243 4160 εἰς
2272 4091 2439 4156 Θεὸν,
2473 4092 2573 4145 καὶ
2618 4094 2706 4158 εἰς
2767 4090 2873 4161 ἐμὲ
2923 4093 3268 4146 πιστεύετε·
3320 4090 3595 4162 πανταχοῦ
3648 4093 3738 4164 τὴν

2158 4183 2365 4236 ἔννοιαν
2420 4182 2576 4254 ἡμῶν
2633 4181 3068 4253 ἁσφαλιζομένου
3131 4181 3224 4235 τοῦ
3284 4182 3604 4253 Πνεῦματος
3650 4183 3740 4236 τοί

2157 4274 2338 4343 ἁγίου,
2397 4274 2485 4326 ἵνα
2544 4273 2639 4346 μὴ,
2677 4274 2891 4346 θατέρῳ
2929 4273 3374 4345 προσεαίνοντες,
3407 4272 3640 4344 θατέρου
3663 4275 3736 4327 ἑκ

2159 4365 2482 4434 πίπτωμενο
2522 4364 2616 4417 καὶ
2657 4366 2721 4435 τῇ
2760 4362 3009 4434 θεολογίᾳ
3049 4363 3428 4434 προσέχοντες,
3461 4363 3562 4434 τῆς
3604 4366 3727 4418 οίκο

471 4454 763 4524 theoIOgiae
802 4452 996 4507 intenti
1044 4451 1387 4520 negligantus
1427 4450 1931 4520 dispensationem;
1971 4458 2056 4504 at-

2163 4454 2350 4526 νομίας
2406 4454 2869 4526 καταφρονῶμεν
2920 4456 3015 4509 καὶ
3066 4455 3292 4527 γένηται
3334 4456 3648 4526 ήμῖν.κατὰ
3688 4458 3745 4511 τὶ

471 4562 579 4617 que
614 4548 668 4599 in
702 4545 1062 4614 impietatem,
1092 4542 1223 4596 dum
1248 4541 1302 4595 in
1327 4542 1511 4611 aliquo
1535 4540 1884 4607 offendimus,
1920 4541 2049 4596 inci-

465 4639 687 4694 damus.

541 4731 595 4786 4.
641 4729 815 4785 Verba
849 4735 1031 4783 autem
1072 4727 1270 4781 divinae
1305 4725 1624 4794 Scripturte,
1667 4740 1790 4793 qua:
1830 4734 2051 4795 arrepta

470 4820 798 4882 adversarii,
822 4827 876 4872 et
902 4818 968 4871 ad
993 4832 1148 4872 suam
1177 4816 1418 4885 ipsorum
1452 4815 1779 4869 sententiam
1807 4814 2049 4880 detorta,

473 4914 633 4969 nobis
681 4913 748 4967 ad
810 4912 1153 4967 eversionem
1208 4907 1514 4977 maiestatis
1581 4905 1857 4977 Unigeniti
1911 4907 2051 4977 obji-

470 5006 646 5071 ciunt,
677 5005 843 5060 simili
877 5003 1039 5057 modo
1083 4998 1482 5070 expendamus,
1524 5000 1811 5053 notionem
1858 5013 2051 5053 eorum

2157 4548 2401 4603 ἐλλεῖπον
2432 4549 2464 4619 ἡ
2497 4546 2740 4602 ἀσέϐεια.

2224 4727 2278 4781 4.
2307 4727 2388 4781 Τὰ
2410 4728 2468 4781 δὲ
2489 4729 2710 4800 ῥήματα
2752 4729 2851 4798 τῆς
2889 4728 3038 4792 θείας
3080 4729 3326 4801 Γραφῆς,
3362 4729 3505 4801 ἅπερ
3526 4728 3745 4799 λαμϐά-

2157 4837 2342 4885 νοντες
2382 4823 2431 4873 οί
2467 4822 2835 4893 ἀντικείμενοι
2884 4822 2980 4877 καὶ
3027 4821 3442 4894 διαστρέφοντες
3470 4822 3605 4893 πρὸς
3643 4823 3763 4893 τὴν.

2153 4912 2365 4984 οἰκείαν
2395 4913 2701 4984 συνείδησιν
2741 4915 2821 4976 είς
2861 4913 3182 4986 καθαίρεσιν
3204 4914 3303 4983 τῆς
3330 4914 3486 4985 δόξης
3514 4913 3608 4966 τοῦ
3632 4915 3745 4967 Μο-

2156 5002 2409 5071 νογενοῦς
2448 5005 2580 5075 ἡμῖν
2613 5004 3000 5077 προφέρουσιν,
3024 5005 3197 5070 οὕτως
3231 5005 3575 5078 ἐξετάσωμεν
3606 5005 3758 5077 (65),.

543 5120 589 5151 ⁸ο
618 5116 638 5171 1
665 5115 806 5171 Tim.
844 5133 919 5180 νι,
946 5115 1039 5187 716.
1116 5114 1160 5147 ⁴⁵¹
1201 5114 1354 5187 Rom.
1387 5129 1500 5176 XVI,
1539 5113 1644 5187 27._
1706 5112 1751 5144 "
1779 5109 1911 5187 lane.
1937 5128 2047 5187 xyu

2163 5117 2214 5171 9.
2294 5119 2340 5151 ”
2372 5118 2477 5175 Job
2518 5136 2594 5184 Ix,
2637 5120 2692 5176 8.
2769 5121 2815 5153 “
2850 5120 3009 5176 Deut.
3046 5137 3122 5186 vr,
3152 5121 3238 5175 13.
3300 5120 3346 5153 ⁸⁸
3381 5120 3535 5177 Deut.
3564 5137 3750 5187 χχιιι,

469 5189 557 5242 59.
668 5189 714 5220 ’⁵⁸
752 5188 884 5243 ibid.
935 5186 1021 5239 12.

467 5260 512 5291 ‘"
536 5256 693 5313 Joan.
726 5274 838 5324 xw,
875 5258 927 5310 1.

539 5375 673 5455 (61).
725 5372 853 5426 Ἐπὶ
911 5370 1080 5428 Θεοῦ.
1142 5370 1285 5426 Editi
1341 5368 1550 5424 addunt
1585 5368 1903 5433 articulum,
1956 5366 2052 5423 sed

465 5445 618 5502 deest
634 5445 715 5516 ξιὶιι
753 5460 885 5516 mss.

540 5506 659 5587 (-62)'
691 5514 826 5567 Υίοί.
856 5512 1009 5587 lianc
1063 5511 1538 5587 vocept‘addimus
1579 5525 1647 5567 ex
1692 5506 1827 5580 Reg.
1884 5506 2051 5563 Paulo

466 5581 893 5663 pos_'._du_(_).tits‘s.
917 5582 1144 5663 ᾧσπερ.
1176 5581 1319 5635 Editi
1347 5582 1523 5654 είπερ.

541 5656 652 5726 (6'5)
684 5647 789 5719 Εἲς
819 5654 980 5726 Θεός.
1018 5647 1255 5726 Primam
1286 5647 1484 5726 _voc_em'
1523 5650 1780 5726 adtﬁmus
1811 5665 1875 5703 ex
1913 5664 2046 5703 mss.

469 5721 642 5783 Paulo
692 5733 814 5795 post
847 5723 903 5779 in
945 5723 1070 5782 cod,
1104 5721 1235 5796 Reg.
1285 5722 1479 5794 legitur
1511 5723 1569 5776 τὸ
1607 5721 1829 5792 Πνεῦμα
1880 5737 2039 5791 7:905-

1134 5186 1179 5217 "
1216 5188 1237 5239 Ι
1268 5185 1401 5255 Reg.
1459 5199 1554 5249 vn,
1616 5182 1671 5237 4.

1778 5184 1825 5214 ⁸⁸
1884 5181 1905 5235 1
1963 5183 2091 5240 Cor.
2147 5189 2351 5256 "11,5,
2380 5190 2434 5244 6.

2544 5190 2788 5246 “Matth.
2838 5208 2951 5259 xw,
3004 5192 3093 5248 20.
3206 5187 3252 5224 ⁸⁸
3276 5190 3437 5248 Joau.
3496 5207 3633 5257 xui,

2156 5368 2342 5422 έθηκε.
3300 5408 3305 5413 ,

2376 5439 2774 5516 ηοραησείλῃ.
2812 5438 2927 5516 D_u_o
2958 5455 3092 5516 mss.
3127 5408 3456 5516 ἀπαγγείλῃ.

2228 5507 2339 5579 (65)
2365 5507 2811 5580 ⁸Ἐοξετιίσιιιιιεν.
2844 5509 2935 5563 Sic
2962 5507 3094 5580 Reg.
3124 5519 3177 5564 et
3203 5507 3375 5579 prima
3401 5507 3565 5569 inanu
3591 5514 3747 5573 Harl.

2156 5577 2297 5634 Editi
2320 5577 2687 5648 ἐξετάσομεν.
2709 5580 2913 5634 Ibidem
2947 5577 3079 5634 editi
3107 5577 3545 5649 ἀναπτύσσοντες
3577 5586 3742 5649 αὑτά,

2156 5650 2274 5706 Duo
2300 5659 2508 5707 veteres
2540 5649 2665 5705 libri
2709 5658 2766 5704 ut
2796 5651 2857 5713 in,
2888 5657 3060 5706 textu.
