3888 6214
92 366 175 425 $53

30 550 33 557 ι
94 488 206 541 κατὰ
247 487 306 541 τὺ
366 487 595 544 δυνατὸν
642 491 777 563 ἡμῖν
825 493 1267 561 ἀναπτύσσοντες
1321 498 1502 552 αὐτῶν
1540 498 1714 568 τὴνλΑ

91 577 310 632 διάνοιαν.
342 579 454 633 Καὶ
483 580 700 651 πρῶτον
720 583 852 653 ἡμῖν
888 584 1228 654 προεκθέσθω
1244 587 1326 652 τὸ,
1364 586 1506 657 Ἐγὼ
1569 587 1643 648 GI)

92 668 171 722 διὰ
192 669 287 722 τὸν
311 669 566 740 Πατέρα.
600 672 771 726 Τοῦτο
798 673 908 745 γάρ
938 676 1088 731 ἔστιν
1114 675 1173 729 ἓν
1202 677 1313 730 τῶν
1336 676 1508 747 βελῶν
1532 677 1642 731 τῶν

92 763 156 826 εἰς
175 763 385 836 οὐρανὸν
419 765 792 835 πεμπομένων
838 766 945 819 ὑπὸ
977 767 1089 822 τῶν
1116 768 1331 832 ἀσεϐῶς
1358 769 1468 840 (66)
1494 767 1643 839 αὐτῷ

94 857 431 927 δχρημένων.
503 858 770 914 Ἐνταῦθα
808 859 865 913 δὲ
898 860 960 914 τὸ
986 859 1147 932 ῥητὸν
1183 863 1244 915 οὐ
1278 864 1377 933 τὴν
1407 861 1644 934 προαιώ-

90 963 201 1007 νιον,
220 947 289 1009 ὼς
316 943 491 1018 οἶμαι,
522 947 667 1019 ζωὴν
694 949 949 1018 ὀνομάζει
996 952 1124 1021 (πᾶν
1150 951 1259 1021 γὰρ
1316 953 1379 1005 τὸ
1413 953 1480 1006 δι’
1526 953 1645 1006 ἓτε-

92 1054 168 1107 ρον
192 1037 287 1102 ζῶν
337 1039 587 1111 αὑτοζωὴ
631 1035 768 1093 εἶναι
821 1042 882 1094 οὐ
914 1041 1157 1108 δύναται,
1193 1043 1270 1105 ὼς
1289 1043 1412 1096 οὐδὲ
1458 1044 1521 1097 τὸ
1550 1046 1641 1113 ὑφ’

34 1149 49 1165 ι
93 1128 249 1197 ἑτέρου
278 1128 582 1199 θερμανθὲν
625 1131 1029 1202 αὐτοθερμότης
1068 1128 1208 1187 εἶναι
1227 1150 1241 1164 ·
1267 1136 1296 1187 ό
1322 1134 1378 1186 δὲ
1408 1135 1644 1206 Χριστὸς

93 1221 167 1273 καὶ
196 1221 316 1285 Θεὸς
377 1221 537 1293 ἡμῶν
587 1222 846 1295 εἴρηκενο
911 1224 1056 1295 Ἐγώ
1098 1229 1213 1294 ειμι
1238 1226 1277 1295 ἡ
1321 1225 1479 1297 ζωὴ),
1506 1226 1644 1280 ἀλλὰ

94 1308 214 1379 ζωὴν
260 1312 461 1381 ταύτην
482 1312 586 1384 τὴν
626 1315 685 1366 ὲν
716 1316 900 1385 σαρκὶ,
943 1315 1037 1368 καὶ
1072 1316 1129 1368 ὲν
1148 1314 1227 1387 τῷ
1261 1316 1438 1387 χρόνῳ
1468 1316 1643 1387 τούτῳ

93 1405 456 1474 γεγενημένην,
517 1404 584 1475 ἢν
621 1404 782 1474 ἔζησε
832 1405 922 1459 διὰ
964 1407 1057 1460 τὸν
1104 1408 1344 1478 Πατέρα.
1383 1408 1642 1480 Βουλήσει

94 1492 183 1562 γὰρ
211 1493 364 1546 αὐτοῦ
399 1493 768 1565 ἐπιδεδήμηκε
795 1494 873 1565 τῷ
909 1495 1010 1568 βίῳ
1038 1496 1147 1550 τῶν
1184 1496 1487 1567 ἀνθρώπων
1510 1513 1523 1526 '
1549 1498 1644 1552 καὶ

90 1583 174 1635 οὐκ
198 1578 361 1646 εἶπεν,
401 1583 544 1652 Ἐγὼ
586 1583 757 1654 ἔζησα
792 1585 881 1639 διὰ
910 1586 1002 1639 τὸν
1033 1587 1255 1659 Πατέρα
1275 1603 1288 1617 °
1314 1587 1452 1645 ἀλλ’.
1495 1587 1644 1658 Ἐγὼ

90 1671 151 1733 ὧ
175 1675 263 1729 διὰ
290 1677 397 1730 τὸν
438 1676 695 1746 Πατέρα,
731 1680 920 1749 σαφῶς
947 1681 1039 1734 τὸν
1067 1680 1308 1751 παρόντα
1332 1681 1644 1751 προσημαί-

29 1740 43 1803 ῗ
88 1782 178 1818 νων
197 1767 398 1837 χρόνον.
428 1740 664 1822 Δύναται
680 1740 742 1822 δὲ
763 1740 855 1824 καὶ
885 1740 1029 1842 ξωὴν
1043 1740 1243 1840 λέγειν,
1267 1772 1333 1842 ἣν
1354 1740 1420 1843 ξῇ
1453 1773 1482 1824 ὁ
1498 1740 1644 1843 ’ξρι-

93 1857 215 1921 στδς,
241 1859 327 1912 τὸν
367 1861 542 1931 Λόγον
572 1861 667 1915 τοῦ
714 1861 849 1915 Θεοῦ
901 1838 1039 1934 ἔχων
1090 1838 1150 1917 ὲν
1192 1838 1533 1934 awaken.
1563 1838 1646 1918 δτι
1676 1838 1720 1892 Β

90 1949 225 2003 τοῦτό
248 1953 361 2005 ἐστι
387 1952 449 2006 τὺ
485 1953 837 2026 δηλούμενον,
871 1956 938 2009 ὲκ
968 1954 1063 2010 τοῦ
1083 1955 1479 2027 ἐπιφερομένου
1504 1956 1647 2010 εἰσό-

95 2040 233 2110 μεθα.
253 2044 358 2098 Καὶ
423 2047 458 2099 ὀ
515 2046 756 2116 τρώγων
785 2063 883 2116 με,
933 2048 1088 2119 φησὶ,
1133 2045 1373 2114 ζήσεται
1405 2047 1478 2100 δι’
1518 2045 1645 2116 ἐμέ.

30 2206 33 2219 ι
93 2131 360 2219 τρὼγομεν
390 2135 502 2208 γὰρ
523 2137 691 2192 αὑτοῦ
722 2137 821 2211 τὴν
862 2140 1063 2211 σάρκα,
1093 2141 1188 2193 καὶ
1224 2141 1452 2211 πίνομεν
1481 2139 1646 2195 αὐτοῦ

92 2222 143 2275 τὸ
169 2217 316 2295 αἷμα,
350 2228 598 2281 κοινωνοὶ⁵
621 2229 893 2300 γινόμενοι
932 2229 1021 2283 διὰ
1051 2231 1149 2300 τῆς
1183 2230 1649 2302 ὲνανθρωπήσεως

91 2316 171 2368 καὶ
206 2318 300 2388 τῆς
342 2318 611 2389 αἰσθητῆς
641 2319 788 2391 ζωῆς
823 2320 918 2375 τοῦ
968 2321 1143 2390 Λόγου
1184 2322 1280 2375 καὶ
1306 2321 1407 2391 τῆς
1431 2321 1644 2390 σοφίας.

89 2406 249 2479 Σάρκα
267 2408 373 2480 γὰρ
415 2413 511 2464 καὶ
536 2407 676 2480 αἷμα
710 2413 891 2468 πᾶσαν
907 2411 1073 2466 αὑτοῦ
1102 2412 1202 2484 τὴν
1240 2412 1508 2485 μυστικὴν
1536 2415 1653 2467 ἐπι-

89 2497 264 2571 δημίαν
287 2501 563 2573 ὠνόμασε,
589 2506 687 2557 καὶ
716 2504 813 2576 τὴν
846 2506 910 2558 ὲκ
940 2506 1253 2576 πρακτικῆς
1291 2504 1386 2558 καὶ
1410 2504 1648 2575 φυσικῆς

90 2592 495 2664 καὶθεολογικῆς
521 2594 864 2650 συνεστῶσαν
902 2595 1251 2650 διδασκαλίαν
1289 2597 1548 2667 ἐδήλωσε,
1579 2596 1647 2649 δι’

89 2677 145 2751 ἧς
180 2685 433 2755 τρέφεται
480 2685 652 2756 ψυχὴ,
707 2687 804 2740 καὶ
857 2687 993 2758 πρὸς
1038 2686 1139 2757 τὴν
1166 2685 1277 2739 τῶν
1312 2685 1482 2738 ὄντων
1507 2683 1649 2748 τέως

89 2771 295 2847 θεωρίαν
326 2775 833 2847 παρασκευάζεται.
865 2778 975 2831 Καὶ
1020 2777 1181 2831 τοῦτό
1205 2779 1322 2831 ἐστι
1346 2775 1408 2831 τὸ
1458 2777 1524 2829 ἐκ
1549 2773 1649 2829 τοῦ

30 2928 31 2931 η
92 2865 230 2935 ῥητοῦ
262 2867 390 2931 ἴσως
410 2866 769 2938 δηλούμενον.

144 2957 189 3011 5.
214 2959 319 3011 Καὶ
348 2961 516 3013 πάλιν
536 2975 551 2989 ’
610 2959 674 3013 Ὀ
705 2959 909 3029 Πατήρ
943 2979 1064 3030 μου
1091 2961 1306 3030 μείζων
1321 2980 1442 3032 μου
1488 2962 1645 3018 ἐστι.

88 3046 339 3120 Κέχρηται
364 3050 482 3122 (67)
510 3051 621 3123 γὰρ
651 3052 744 3105 καὶ
772 3052 948 3122 τούτῳ
975 3052 1054 3123 τῷ
1084 3053 1235 3125 ρητῷ
1272 3054 1344 3108 τὰ
1376 3053 1649 3126 ἀχάριστα

88 3142 351 3242 Triaria-ra,
377 3144 451 3197 τὰ
491 3143 594 3242 τοῦ
632 3143 872 3215 πονηροῦ
920 3146 1261 3216 γεννήματα.
1307 3144 1449 3213 Ἐγὼ
1472 3144 1529 3198 δὲ
1554 3147 1648 3199 καὶ
1676 3185 1719 3242 C

88 3231 138 3284 ἐκ
188 3234 389 3306 ταύτης
450 3234 558 3305 τῆς
586 3235 772 3305 φωνῆς
803 3235 863 3288 τὸ
884 3235 1170 3305 ὁμοούσιον
1209 3232 1349 3290 εἶναι
1387 3236 1479 3291 τὸν
1519 3235 1649 3291 Υἰδν

87 3323 146 3391 τῷ
170 3325 336 3397 Πατρὶ
363 3324 663 3397 δηλοῦσθαι
715 3328 1075 3380 πεπίστευκα.
1106 3325 1217 3390 Τὰς
1264 3327 1374 3395 γὰρ
1421 3319 1649 3398 συγκρί-

88 3429 180 3479 est;
203 3412 315 3471 οἶδα
344 3418 564 3491 κυρίως
596 3418 691 3472 ἐπὶ
718 3418 824 3471 τῶν
864 3419 964 3489 τῆς
992 3419 1162 3490 αὐτῆς
1193 3418 1409 3488 φύσεως
1427 3419 1653 3491 γινομέ-

86 3519 180 3567 νας.
210 3507 484 3577 Ἄγγελον
528 3507 639 3579 γὰρ
691 3508 925 3576 ἀγγέλου
984 3507 1217 3578 λέγομεν
1268 3507 1513 3578 μείζονα,
1558 3509 1655 3561 καὶ

86 3595 341 3668 ἄνθρωπον
369 3597 672 3670 ἀνθρώπου
700 3598 1057 3670 δικαιότερον,
1089 3599 1186 3651 καὶ
1214 3599 1417 3666 πτηνὸν
1445 3597 1652 3667 πτηνοῦ

84 3688 374 3760 ταχύτερον.
414 3690 683 3743 Ειτοίνυν
707 3692 763 3744 αί
794 3690 1112 3760 συγκρίσεις
1142 3690 1236 3743 ἐπὶ
1254 3688 1362 3744 τῶν
1393 3688 1654 3760 ὁμοειδῶν

84 3782 296 3845 γίνονται
316 3824 331 3847 ,
361 3782 577 3854 μείζων
599 3782 657 3835 δὲ
689 3782 828 3835 κατὰ
852 3781 1138 3852 σύγκρισιν
1184 3779 1400 3852 εἴρηται
1416 3783 1444 3833 ὁ
1462 3778 1654 3851 Πατὴρ

85 3874 162 3928 τοῦ
189 3876 349 3930 Υἰοῦ·
393 3875 691 3948 ὁμοούσιος
744 3873 822 3946 τῷ
858 3875 1035 3945 Πατρ).
1070 3875 1099 3927 ὁ
1128 3872 1276 3935 Υἱός.
1312 3873 1469 3925 Ἔστι
1494 3871 1550 3925 δέ
1571 3888 1655 3936 τις

85 3968 163 4019 καὶ
187 3969 315 4040 ἄλλη
337 3966 962 4036 ἔννοια-ἐναποκειμένη
995 3963 1074 4035 τῷ
1103 3963 1272 4036 ῥητῷ.
1310 3964 1375 4016 Τί
1394 3963 1501 4036 γὰρ
1529 3962 1656 4018 θαυ-

88 4060 284 4126 μαστὸν,
324 4062 376 4114 εἰ
415 4060 652 4129 μείζονα
686 4057 880 4111 ἑαυτοῦ
936 4057 1028 4126 τὸν
1062 4057 1283 4129 Πατέρα
1311 4055 1656 4127 ὡμολόγησε,

86 4151 233 4218 Λόγος
259 4151 338 4206 ὢν
372 4151 475 4206 καὶ
524 4149 667 4222 σὰρξ
712 4148 973 4218 γεγονὼς,
1007 4149 1210 4202 ὁπόταν
1262 4150 1357 4202 καὶ
1410 4148 1657 4217 ἀγγέλων

87 4237 216 4312 ὤφθη
250 4242 396 4298 κατὰ
452 4242 560 4314 τὴν
593 4239 755 4305 δόξαν
784 4238 1043 4302 ἐλάττων,
1067 4239 1162 4292 καὶ
1188 4237 1493 4310 ἀνθρώπων
1517 4237 1661 4292 κατὰ

84 4330 134 4383 τὸ
158 4327 315 4399 εἷδοςς
355 4330 751 4396 Ἠλάττωσας
777 4328 888 4397 γὰρ
924 4328 1135 4391 αὐτὸν,
1178 4329 1333 4399 φησὶ,
1362 4327 1565 4398 ,βραχύ
1602 4345 1661 4382 τι

84 4425 199 4491 παρ’
223 4425 533 4495 ἀγγέλους
551 4440 566 4453 ·
603 4423 698 4477 καὶ
727 4421 917 4476 πάλινο
962 4421 1075 4475 Τὸν
1116 4420 1185 4474 δὲ
1210 4421 1416 4490 βραχύ
1437 4438 1492 4475 τι
1521 4420 1659 4490 παρ’

1042 374 1542 434 EPISTOLARUM’
1575 376 1863 435 οιεεδιε
1901 376 1938 431 Ι.
1982 375 2207 434 EPIST.
2250 375 2387 432 Vill.

3218 379 3328 438 154

1746 511 1845 567 pro
1883 497 2096 554 viribus
2138 497 2498 568 esplicantes.
2533 494 2613 550 Ac
2644 495 2882 565 primum
2936 496 3095 552 nobis
3120 512 3317 567 propo-

1724 597 1907 644 -natur
1934 589 2070 644 illud
2100 610 2114 645 :
2152 589 2261 660 Ego
2293 589 2413 643 vivo-
2440 600 2654 658 propter
2686 586 2904 641 Patrem
2930 588 2996 641 δ’.
3032 586 3147 643 Hoc
3179 589 3324 643 enim

1745 699 1912 737 unum
1949 692 2135 738 estex
2163 682 2387 752 jaculis,
2436 695 2559 750 quae
2598 679 2655 733 in
2703 679 2900 733 caelum
2942 678 3230 732 vibrantur
3257 679 3325 735 ah

1744 774 1850 837 liis,
1886 774 1980 844 qui
2013 789 2083 829 eo
2113 774 2278 843 impie
2311 779 2561 827 utuntur.
2598 771 2736 825 Illud
2767 779 2950 825 autem
2982 770 3192 824 dictum
3222 770 3327 827 hoc

1743 865 1865 919 loco
1891 880 2000 918 non
2036 865 2211 935 ipsam
2241 872 2368 917 ante
2393 863 2591 919 saecula
2615 901 2629 927 ,
2666 870 2725 916 ut
2749 861 3009 926 arbitror,
3042 861 3211 914 vitam
3232 861 3328 916 de-

1743 956 1926 1026 signat
1956 955 2245 1026 (quidquid
2285 955 2430 1011 enim
2478 961 2702 1024 propter
2746 953 2978 1007 alterum
3015 952 3167 1015 vivit,
3208 952 3327 1006 vita

1745 1051 1861 1119 ipsa
1900 1064 2024 1103 esse
2072 1049 2295 1119 nequit;
2338 1045 2799 1116 quemadmodum
2850 1061 3028 1114 neque
3069 1044 3216 1115 quod
3256 1044 3327 1099 ab

1743 1138 1852 1192 alio
1894 1138 2220 1192 calefactum
2266 1144 2369 1201 est,
2406 1135 2559 1189 calor
2583 1135 2700 1205 ipse
2747 1149 2870 1189 esse
2914 1143 3137 1203 potest:
3173 1133 3330 1188 Chri-

1743 1237 1863 1284 stus
1896 1237 2078 1284 autem
2117 1236 2172 1283 et
2212 1228 2355 1282 Deus
2394 1234 2584 1283 noster
2612 1226 2752 1281 dixit
2780 1243 2795 1280 :
2826 1223 2937 1296 Ego
2957 1242 3075 1280 sum
3102 1227 3210 1280 vita
3229 1222 3324 1295 ⁸³),

1743 1321 1841 1376 sed
1881 1321 2053 1375 vitam
2098 1321 2241 1375 hanc
2275 1320 2328 1373 in
2372 1334 2562 1385 carne,
2614 1327 2670 1374 et
2713 1319 2766 1373 in
2817 1318 2922 1371 hoc
2968 1325 3214 1388 tempore
3244 1315 3327 1370 fa-

1742 1419 1909 1474 ctam,
1936 1426 2101 1481 quam
2126 1419 2351 1482 propter
2373 1410 2591 1465 Patrem
2614 1409 2767 1463 vixit.
2798 1408 2932 1462 Nam
2958 1409 3078 1478 ipso
3108 1408 3329 1463 volente

1741 1503 1797 1558 in
1831 1503 1999 1557 vitam
2027 1502 2315 1557 hominum
2359 1501 2583 1557 advenit
2613 1519 2626 1555 :
2658 1515 2838 1570 neque
2858 1500 3019 1565 dixit,
3067 1497 3184 1568 Ego
3212 1497 3326 1553 vixi

1741 1603 1967 1665 propter
2012 1594 2265 1661 Patrem;
2320 1594 2450 1658 sed,
2494 1592 2605 1664 Ego
2656 1593 2768 1647 vivo
2809 1602 3022 1662 propter
3068 1590 3324 1655 Patrem,

1743 1694 1928 1754 aperte
1966 1699 2209 1754 praesens
2265 1690 2483 1753 tempus
2524 1682 2861 1753 signiﬁcans.
2904 1680 3091 1735 Potest
3143 1686 3325 1733 autem

1746 1783 1800 1830 et
1835 1775 2002 1829 vitam
2027 1775 2234 1842 dicere,
2265 1789 2430 1846 quam
2466 1774 2602 1828 vivit
2648 1771 2928 1838 Christus,
2964 1770 3203 1825 Verbum
3228 1767 3327 1824 Dei

1749 1867 1961 1922 habens
2001 1866 2058 1921 in
2091 1865 2298 1937 seipso.
2348 1866 2529 1935 Atque
2562 1864 2615 1918 id
2656 1864 2837 1933 ipsum
2880 1878 3026 1931 esse,
3056 1860 3203 1932 quod
3250 1860 3331 1917 si-

1748 1957 2062 2030 gniﬁcatur,
2116 1973 2181 2012 ex
2231 1957 2317 2013 his
2353 1970 2477 2026 quae
2519 1962 2828 2025 sequuntur
2877 1953 3204 2008 videbimus.
3258 1948 3332 2005 Et

1748 2045 2293 2118 quiu'manducat
2344 2061 2448 2111 me,
2496 2044 2699 2114 inquit,
2743 2045 2863 2099 vivit
2907 2051 3120 2113 propter
3158 2057 3239 2096 me
3257 2040 3327 2096 “.

1748 2136 1978 2194 Edimus
2022 2140 2169 2194 enim
2224 2136 2401 2208 ipsius
2449 2151 2695 2201 carnem,
2749 2145 2803 2192 et
2858 2135 3101 2191 bibimus
3155 2133 3331 2205 ipsius

1750 2230 2095 2301 sanguinem,
2146 2229 2440 2300 participes
2474 2226 2625 2296 facti,
2664 2243 2762 2299 per
2790 2216 3225 2282 incarnationem
3273 2227 3334 2280 et

1751 2322 2072 2379 sensibilem
2103 2322 2294 2386 vitam,
2324 2319 2491 2376 Verbi
2518 2331 2571 2376 et
2595 2319 2899 2390 sapientiae.
2922 2316 3156 2372 Carnem
3178 2314 3331 2370 enim

1750 2418 1805 2467 et
1832 2411 2154 2482 sanguinem
2178 2418 2349 2465 totam
2380 2425 2538 2466 suam
2584 2408 2871 2481 mysticam
2900 2406 2955 2461 in
2988 2420 3156 2460 carne
3195 2417 3331 2458 con-
3446 2446 3451 2451 .

1749 2503 2118 2558 versationem
2158 2500 2399 2563 vocavit,
2448 2506 2505 2554 et
2533 2498 2839 2553 doctrinam
2888 2511 2957 2550 ex
2991 2493 3235 2565 practica
3274 2499 3332 2547 et

1751 2594 1989 2649 naturali
2024 2602 2080 2648 et
2111 2593 2419 2662 theologica
2455 2591 2678 2646 notione
2703 2597 3045 2643 constantem
3082 2585 3335 2640 declara-

1750 2686 1828 2741 vit
1855 2702 1870 2739 :
1902 2701 2001 2757 per
2023 2701 2188 2756 quam
2223 2691 2277 2738 et
2303 2683 2547 2738 nutritur
2575 2682 2780 2746 anima,
2811 2688 2864 2734 et
2899 2679 2967 2733 ad
2999 2692 3189 2733 eorum
3210 2688 3335 2746 quo

1752 2786 1882 2834 sunt
1915 2776 2436 2848 contemplationem
2468 2775 2687 2830 interim
2726 2778 3083 2844 praeparatur.
3120 2768 3184 2823 Et
3216 2770 3335 2825 hac

1751 2877 1838 2927 est
1861 2869 2096 2926 fortasse
2125 2868 2274 2924 illius
2302 2867 2435 2922 dicti
2465 2865 2759 2922 sententia.

1821 2962 1876 3018 5.
1919 2961 1998 3016 Ac
2032 2976 2249 3023 rursus,
2284 2957 2449 3013 Pater
2479 2973 2625 3012 meus
2647 2956 2822 3026 major
2858 2970 2940 3008 me
2964 2963 3044 3007 est
3069 2952 3136 3005 ".
3167 2950 3339 3006 Utun-
3382 3004 3391 3013 ,

1753 3062 1844 3110 tur
1875 3053 2023 3108 enim
2059 3060 2112 3107 et
2148 3052 2254 3106 hoc
2291 3050 2443 3106 dicto
2470 3050 2699 3119 ingrata:
2729 3056 3017 3107 creaturae,
3044 3043 3174 3098 mali
3205 3057 3335 3114 pro-

1753 3143 1963 3215 genies.
1996 3141 2113 3212 Ego
2140 3156 2270 3196 vero
2299 3156 2365 3196 ex
2391 3140 2494 3195 hac
2517 3140 2680 3196 etiam
2717 3153 2851 3193 voce
2874 3134 3332 3191 consubstantia-

1753 3236 1859 3291 lem
1893 3248 2017 3289 esse
2058 3231 2257 3288 Filium
2300 3229 2450 3284 Patri
2481 3231 2648 3286 credo
2681 3228 3069 3285 demonstrari.
3104 3224 3342 3296 Compa-

1751 3328 1996 3384 rationes
2036 3326 2184 3381 enim
2233 3325 2352 3381 scio
2389 3324 2611 3395 praprie
2642 3322 2784 3378 inter
2820 3338 2884 3377 ea
2930 3336 3052 3391 qua:
3090 3318 3338 3389 ejusdem

1752 3425 1966 3473 natura;
2007 3426 2136 3471 sunt
2169 3414 2311 3470 ﬁeri.
2348 3414 2619 3486 Angelum
2671 3427 2910 3481 namque
2958 3410 3154 3480 angelo
3199 3408 3343 3463 dici-

1753 3527 1880 3567 mus
1923 3507 2216 3579 majorem,
2265 3515 2320 3563 et
2352 3506 2631 3561 hominem
2669 3503 2892 3559 homine
2933 3502 3248 3573 justiorem,
3284 3503 3343 3554 et
3416 3552 3421 3553 ,

1757 3601 2033 3658 volucrem
2059 3598 2274 3655 volucri
2304 3597 2652 3653 velociorem.
2684 3594 2871 3664 Itaque
2896 3595 2942 3648 si
2968 3589 3341 3661 comparatio-

1756 3710 1856 3750 nes
1896 3694 2041 3748 inter
2071 3706 2136 3746 ea
2178 3705 2301 3760 quae
2335 3689 2584 3760 ejusdem
2615 3689 2820 3758 speetei
2852 3694 3015 3762 sunt,
3044 3683 3343 3738 instituun-

1759 3797 1883 3847 tur;
1921 3783 2084 3839 Pater
2111 3788 2294 3835 autem
2318 3779 2623 3835 secundum
2654 3774 3126 3846 comparationem
3160 3772 3346 3827 dictus

1759 3887 1843 3934 est
1873 3875 2013 3932 Filio
2038 3874 2247 3944 major;
2277 3867 2774 3929 consubstantialis
2799 3865 2950 3920 Patri
2972 3862 3167 3918 Filius.
3192 3860 3344 3917 Inest

1758 3977 1942 4027 autem
1977 3976 2034 4024 et
2064 3968 2175 4022 alia
2203 3966 2355 4021 notio
2385 3965 2471 4021 bis
2509 3961 2713 4017 verbis.
2761 3959 2902 4026 Quid
2934 3957 3080 4013 enim
3117 3955 3346 4023 mirum,

1760 4062 1811 4119 si
1859 4061 2122 4130 majorem
2155 4059 2338 4130 seipso
2365 4055 2584 4110 Patrem
2616 4051 2910 4107 confessus
2947 4057 3052 4114 est,
3086 4047 3179 4118 qui
3208 4045 3347 4103 Ver-

1759 4153 1889 4208 bum
1913 4157 2073 4207 estet
2101 4164 2232 4205 caro
2264 4148 2443 4203 factus
2466 4145 2632 4201 est"‘
2663 4162 2677 4198 :
2708 4158 2832 4197 cum
2868 4148 2924 4196 et
2957 4139 3165 4212 angelis
3191 4137 3346 4193 visus

1761 4246 1835 4301 sit
1871 4244 2174 4300 secundum
2221 4240 2454 4310 gloriam
2486 4237 2692 4300 minor,
2723 4243 2778 4291 et
2804 4232 3121 4288 hominibus
3147 4244 3349 4285 secun-

1760 4337 1892 4392 dum
1922 4333 2198 4405 speciem?
2227 4330 2474 4386 Minuisti
2493 4329 2638 4384 enim
2666 4344 2806 4389 eum,
2834 4324 3033 4394 inquit,
3057 4320 3218 4393 paulo
3245 4321 3347 4375 mi—

1762 4444 1862 4482 nus
1902 4426 1967 4481 ab
1999 4425 2198 4497 angelis
2215 4425 2298 4491 ⁸⁶;
2331 4432 2385 4478 et
2442 4423 2642 4477 iterum
2675 4438 2688 4475 :
2719 4419 2855 4473 Eum
2891 4425 3067 4472 autem
3101 4415 3193 4483 qui
3229 4429 3346 4468 mo-

82 4515 353 4584 drréJovc
393 4513 833 4585 ἠλαττωμένον
856 4531 869 4544 ·
915 4514 1010 4568 καὶ
1039 4513 1122 4578 τὸ,
1149 4512 1408 4582 Είδομεν
1449 4512 1653 4581 αὐτὸν,

1768 4519 1887 4574 dico
1935 4534 2095 4588 quam
2140 4514 2313 4586 angeli
2356 4514 2652 4567 minoratus
2698 4511 2863 4578 est";
2910 4510 3062 4570 item,
3104 4506 3346 4581 Vidimus

85 4608 168 4660 ml
192 4612 297 4664 οὐκ
321 4607 501 4679 εἶχεν
517 4603 702 4672 εἶδος,
735 4604 877 4661 οὐδὲ
899 4605 1129 4672 κάλλος
1149 4622 1163 4636 ’
1213 4605 1377 4661 ἀλλὰ
1408 4605 1477 4660 τὸ
1498 4602 1658 4673 εἶδος

85 4701 245 4756 αὑτοῦ
291 4701 601 4757 ἐκλεῖπον
654 4698 813 4768 παρὰ
854 4698 1087 4764 πάντας
1118 4697 1262 4765 τοὺς
1285 4697 1658 4767 ἀνθρώπους.

85 4790 277 4849 Τούτων
307 4794 369 4847 δὲ
433 4792 667 4847 πάντων
710 4790 971 4861 ἠνέσχετο
1003 4789 1092 4844 διὰ
1121 4789 1221 4861 τὴν
1266 4790 1465 4862 πολλὴν
1493 4790 1660 4846 αὐτοῦ

85 4884 194 4955 περὶ
222 4884 281 4937 τὸ
299 4885 545 4955 πλάσμα
579 4880 1011 4952 φιλανθρωπίαν,
1038 4880 1124 4933 ἵνα
1146 4881 1207 4933 τὸ
1233 4879 1510 4944 ἀπολωλὸς
1530 4881 1664 4951 πρό-

87 4971 222 5027 ϐατον
234 4975 599 5045 ἀνασὼσηται
618 4972 752 5041 (68),
769 4971 863 5025 zeal.
882 4971 943 5026 τὸ
968 4970 1137 5025 σωθὲν
1150 4988 1288 5025 κατα
1295 4970 1444 5045 μίξῃ,
1459 4972 1554 5027 καὶ
1569 4971 1663 5025 τὸν

87 5067 389 5122 κατελθόντα
456 5064 581 5119 ἀπὸ
619 5061 971 5133 Ἰερουσαλὴμ
1028 5064 1109 5128 είς
1174 5061 1407 5133 Ἱεριχὼ,
1442 5064 1537 5116 καὶ
1574 5062 1668 5119 διὰ

87 5157 219 5211 τοῦτο
242 5156 635 5231 περιπεσόντα
648 5154 895 5226 λῃσταῖς,
912 5156 994 5219 είς
1011 5156 1110 5226 τὴν
1122 5154 1329 5209 οἰκείαν
1350 5155 1664 5225 ὑγιαίνοντα

90 5249 224 5306 πᾶλιν
249 5250 600 5320 ἐπαναγάγῃ
642 5246 894 5319 πατρίδα.
919 5248 990 5300 Ἦ
1032 5247 1125 5301 καὶ
1150 5248 1249 5319 τὴν
1279 5247 1486 5320 φάτνην
1514 5245 1664 5319 αὐτῷ

144 5407 183 5436 ⁸²
204 5406 360 5464 Joan.
390 5424 472 5472 vt,
503 5405 604 5461 58.
680 5404 727 5438 ⁸³
757 5403 916 5460 Joan.
942 5419 1021 5467 au,
1049 5404 1143 5459 25.
1215 5404 1262 5437 “
1296 5402 1454 5459 Joau.
1492 5420 1573 5472 Vt,
1603 5403 1693 5461 58.

94 5473 126 5503 ’τ
158 5476 309 5535 Hebr.
342 5496 408 5544 Il,
444 5482 508 5533 9.
597 5476 643 5508 ⁸⁸
670 5472 777 5531 Isa.
798 5490 916 5539 un,
944 5474 1000 5538 2,
1029 5475 1081 5528 3.

151 5593 249 5666 (66)
294 5589 624 5666 Ἀιγεὸἰῖ›ς.Δ
653 5588 743 5666 Sic
798 5603 932 5643 mss.
994 5587 1134 5666 E_dili
1184 5585 1416 5666 ἀσξδῷν.
1459 5585 1669 5666 [labent

102 5656 243 5717 mea;
282 5667 518 5721 codices
570 5660 634 5712 οὺ
685 5660 785 5731 τὴν
843 5658 1183 5731 προαιώνιον.
1210 5656 1380 5731 -Ειίὶίί
1420 5658 1533 5731 Δοὐκ
1582 5657 1672 5731 αυ-

104 5732 313 5823 igas.
345 5735 535 5793 Paulo
578 5737 702 5801 post
741 5727 901 5786 mss;
932 5744 1030 5799 pro
1069 5727 1317 5799 αὐτοζωή
1344 5727 1547 5784 habent
1573 5728 1671 5782 αὑ-

107 5816 258 5867 πίων.

1763 4624 1907 4671 eum,
1950 4617 2001 4662 et
2042 4624 2147 4663 non
2182 4604 2407 4659 habebat
2450 4603 2694 4673 speciem.
2738 4616 2901 4672 neque
2939 4600 3178 4654 decorem
3208 4610 3227 4649 :
3257 4594 3347 4650 sed

1766 4701 1960 4767 species
1988 4699 2102 4769 ejus
2132 4698 2380 4768 deﬁciens
2409 4710 2521 4765 pra:
2543 4691 2786 4748 omnibus
2810 4689 3107 4746 hominibus
3124 4688 3193 4740 ⁵⁸.
3222 4685 3348 4741 Haec

1768 4800 1949 4849 autem
1992 4791 2177 4847 omnia
2232 4788 2497 4847 sustinuit
2537 4794 2762 4856 prepter
2809 4783 3035 4837 multam
3085 4793 3239 4835 suam
3291 4777 3349 4832 in

1771 4898 1911 4954 opus
1941 4896 2101 4937 suum
2140 4880 2553 4949 benignitatem,
2598 4883 2657 4929 ut
2688 4872 2954 4944 perditam
2992 4883 3147 4923 ovem
3191 4880 3351 4920 recu-

1774 4982 2011 5045 peraret,
2045 4980 2100 5027 et
2129 4971 2506 5026 introduceret
2539 4976 2833 5028 servatam,
2881 4971 2937 5019 et
2974 4975 3124 5025 eum,
3155 4959 3251 5029 qui
3277 4959 3349 5013 ab

1768 5065 2128 5137 Jerosolymis
2157 5062 2483 5119 Jerichunta
2529 5057 2915 5121 descenderat,
2959 5054 3030 5110 ob
3062 5054 3226 5123 idque
3265 5051 3352 5106 ἰιι-

1770 5155 1980 5210 ciderat
2028 5155 2083 5208 in
2128 5154 2394 5216 latrones,
2449 5149 2525 5205 a’d
2554 5148 2834 5219 prOpriam
2882 5159 3079 5199 rursus
3116 5142 3349 5213 patriam

1772 5263 1968 5305 sanum
1990 5247 2431 5315 incolumemque
2454 5243 2759 5299 reduceret.
2794 5238 2880 5293 An
2904 5238 3069 5294 etiam
3101 5249 3344 5306 praesepe

1773 5404 1819 5437 ³⁸
1854 5401 2014 5458 Joan.
2047 5417 2157 5465 xiv,
2183 5399 2274 5455 28.
2350 5398 2418 5430 η’
2447 5395 2608 5452 Joan.
2634 5411 2673 5462 ι,
2709 5393 2797 5449 li.
2875 5391 2922 5424 “
2948 5388 3096 5444 Psal.
3136 5401 3253 5450 vui,
3287 5382 3349 5442 6.

1847 5582 1962 5653 (67)
2002 5579 2317 5653 Κέχρηται.
2346 5577 2439 5631 Sic
2467 5574 2769 5653 πρίω-βάξιί
2791 5574 3106 5653 κέχρηνται.

1852 5641 1964 5723 (68)
1991 5641 2556 5723 ξΑιλξισῶσηταιῖ-ὃξο
2602 5646 2725 5701 libri
2774 5641 3012 5723 veteres.
3054 5641 3357 5723 Ediitibvct-

1782 5712 1957 5795 σώσῃί
1988 5718 2158 5795 Paulo
2185 5712 2309 5795 post
2328 5733 2393 5773 ex
2425 5715 2617 5795 iisdem
2650 5732 2787 5773 mss.
2820 5714 3102 5772 codicibus
3126 5712 3357 5783 legimus

1783 5786 2112 5864 ἀπαῦἀγάγῃ
2144 5786 2242 5861 pro
2274 5786 2636 5859 ἐπεισαγάγῃ.
