3888 6214
514 295 625 355 255

1796 297 1853 352 δ’.
1897 297 2138 354 B’ASlI‘JI
2180 296 2415 351 ΜἎΟΝῘἸ

3688 295 3836 350 258

515 417 569 473 ei
596 417 952 487 exprobrabit
988 417 1317 481 haereticus,
1352 432 1450 488 per
1494 418 1640 489 quod
1685 434 1811 474 cum
1843 429 1991 476 esset
2024 436 2096 474 ra-

2211 419 2451 475 ὀνειδίσει
2484 417 2761 490 αἱρετικὸς
2786 455 2802 478 ,
2860 417 2926 470 δι’
2962 411 3030 489 ἧς
3062 414 3256 484 ἄλογος
3301 412 3378 467 ὢν
3411 414 3639 487 ἐτράφη
3691 414 3837 469 ὑπὸ

521 514 666 564 tione
691 508 1015 572 destitutus,
1048 524 1076 563 a
1108 506 1289 563 Verbo
1316 509 1564 565 nutritus
1606 510 1730 565 est?
1770 526 1840 566 an
1874 512 2102 581 objiciet

520 609 921 671 paupertatem,
963 601 1110 672 quod
1144 602 1380 658 lectulus
1413 601 1588 657 defuit
1617 600 1767 673 fabri
1790 604 1941 659 lilio?
1964 604 2100 658 Pro-

519 704 703 763 pterea
735 691 897 748 Patre
942 693 1122 747 minor
1154 691 1347 757 Filius,
1396 692 1543 763 quod
1581 700 1674 747 tua
1729 709 1899 750 causa
1926 695 2102 751 factus

516 795 605 841 est
637 796 906 849 mortuus,
957 793 1016 838 ut
1050 795 1100 839 te
1140 799 1171 837 a
1207 786 1544 840 mortalitate
1587 786 1866 847 liberaret.
1904 794 1961 842 et
1989 802 2103 840 cm-

518 877 675 932 lestis
706 876 1027 947 participem
1073 877 1198 931 vitae
1230 876 1454 933 faceret.
1484 877 1646 932 Velut
1675 878 1720 932 si
1750 878 1875 947 quis
1903 887 1957 932 ct
1986 893 2101 933 tne--

518 970 700 1023 dicunt
740 977 987 1032 accuset,
1022 970 1167 1038 quod
1199 969 1495 1025 demittens
1524 985 1584 1025 se
1614 970 1683 1024 ad
1708 970 1951 1035 morbos,
1978 986 2099 1040 par-

518 1064 693 1133 ticeps
723 1060 917 1117 fetoris
955 1062 1070 1125 fiat,
1101 1069 1161 1115 ut
1191 1072 1346 1116 sanet
1371 1070 1738 1132 aegrotantem-

589 1252 642 1308 6.
683 1252 912 1324 Propter
941 1262 993 1306 te
1023 1261 1077 1307 et
1115 1252 1306 1307 horam
1339 1259 1393 1307 et
1430 1254 1574 1309 diem
1615 1253 1813 1323 juilicii
1854 1254 2095 1324 ignorat,

520 1360 835 1416 quanquam
890 1344 1025 1398 nihil
1082 1345 1408 1414 sapientiam
1459 1359 1643 1400 veram
1688 1346 1865 1410 latet;
1915 1347 2103 1401 omnia

516 1437 662 1492 enim
681 1451 777 1506 per
800 1434 972 1504 ipsam
1002 1433 1150 1488 facta
1179 1446 1306 1490 sunt
1325 1437 1394 1488 ⁸⁸.
1414 1434 1707 1490 Hominum
1732 1442 1912 1491 autem
1938 1450 2099 1491 nemo

474 1592 479 1595 _
518 1543 763 1598 unquam
794 1527 940 1598 quod
985 1528 1117 1584 fecit
1158 1529 1392 1598 ignorat.
1432 1528 1630 1589 Verum
1676 1529 1729 1584 id
1767 1531 1840 1584 ita
1876 1530 2098 1599 dispert-

520 1631 607 1676 sat
641 1622 712 1674 ob
745 1628 894 1673 tuam
942 1620 1319 1673 infirmitatem
1345 1659 1365 1685 ,
1399 1628 1459 1673 ut
1499 1635 1675 1689 neque
1704 1621 1741 1673 ii
1774 1621 1866 1689 qui
1906 1635 2099 1688 pecca-

519 1721 737 1773 verunt,
771 1710 844 1766 ob
876 1711 1127 1780 praeliniti
1160 1711 1425 1780 temporis
1451 1714 1763 1781 angustiam
1803 1713 1859 1765 in
1901 1713 2098 1779 desire-

2202 511 2297 565 τοῦ
2325 510 2497 579 Λόγου
2533 509 2684 581 (69);
2720 507 2815 563 καὶ
2838 507 2935 578 τὴν
2979 507 3168 561 πενίαν
3203 505 3463 578 προοίσει,
3496 506 3580 559 ὅτι
3616 507 3837 561 κλινι-

2202 601 2315 657 δίου
2341 603 2442 656 οὐκ
2471 602 2783 673 ηὐπόρησεν
2839 602 2868 654 ὁ
2911 599 3004 653 τοῦ
3033 599 3281 663 τέκτονος
3313 598 3462 664 υίός;
3493 598 3593 652 Διά
3628 599 3831 652 τοῦτο

2204 693 2417 765 Πατρὸς
2445 693 2680 747 ἐλάττων
2705 695 2732 746 ὁ
2761 690 2906 755 Υἱὸς,
2931 691 3012 744 ὅτι
3042 690 3129 744 διὰ
3152 690 3211 743 σὲ
3233 689 3423 759 γέγονε
3446 691 3668 762 νεκρὸς,
3711 691 3828 743 ἵνα.

2204 803 2265 840 σε
2315 787 2415 857 τῆς
2454 786 2778 856 νεκρότητος
2839 782 3144 857 ἀπαλλάξῃ,
3200 783 3296 839 καὶ
3354 782 3500 854 ζωῆς
3553 783 3828 854 μέτοχον

2202 876 2522 948 ἐπουρανίου
2573 876 2793 947 ποιήσῃ.
2833 874 3048 945 Ὥσπερ
3098 872 3186 937 ἂν,
3226 875 3278 927 εἴ
3314 891 3396 937 τις
3437 873 3533 927 καὶ
3569 874 3673 927 τὸν
3717 875 3826 926 ία-

2200 967 2329 1040 τρὸν
2362 968 2474 1038 (70)
2503 966 2742 1037 αἰτιῷτο,
2775 966 2857 1018 ὅτι
2893 964 3221 1034 συγκύπτων
3248 965 3340 1017 ἐπὶ
3370 964 3438 1019 τὰ
3470 964 3651 1035 πάθη,
3690 966 3821 1035 τῆς

2199 1058 2462 1121 δυσωδίας
2504 1056 2874 1128 συναπολαύῃ,
2905 1056 2992 1110 ἵνα
3015 1058 3148 1121 τοὺς,
3167 1056 3501 1122 πεπονθότας
3527 1057 3675 1129 (71),
3717 1057 3824 1110 [dt-

2203 1166 2383 1221 σηται.

2272 1261 2328 1315 6.
2361 1261 2460 1315 Διὰ
2492 1262 2552 1314 σέ
2610 1263 2704 1315 κα)⁸
2742 1262 2840 1333 τὴν
2881 1259 3151 1339 ὥρανκαῗι
3173 1258 3269 1338 τὴν
3301 1257 3511 1330 ἡμέραν
3542 1257 3649 1330 τῆς
3670 1257 3822 1328 κρί-

2201 1369 2339 1418 σεως
2379 1355 2596 1422 ἀγνοεῖο
2660 1353 2837 1407 καίτοι
2876 1352 3025 1405 οὐδὲν
3077 1350 3329 1409 λανθάνει
3367 1350 3466 1420 τὴν
3489 1348 3668 1411 ὄντως
3706 1366 3821 1400 σο-

2200 1443 2328 1514 φίαν
2347 1459 2363 1474 ⁸
2395 1443 2574 1497 πάντα
2592 1443 2698 1515 γὰρ
2718 1441 2784 1494 δι’
2811 1441 2983 1513 αὐτῆς
3010 1441 3243 1509 ἐγένετο.
3272 1440 3459 1503 Οὐδεὶς
3485 1438 3541 1491 δὲ
3576 1437 3818 1509 ἀνθρὼ-

2201 1553 2318 1588 πων
2350 1532 2566 1587 πώποτε
2595 1533 2623 1586 ὃ
2667 1535 2966 1604 πεποίηκεν
3004 1533 3209 1601 ἀγνοεῖ.
3252 1531 3412 1585 Ἀλλά
3447 1532 3604 1583 τοῦτο
3642 1534 3818 1583 οἰκο-

2199 1629 2356 1698 νομεῖ
2375 1626 2463 1680 διὰ
2490 1626 2587 1697 τὴν
2611 1626 2708 1697 σὴν
2746 1624 3049 1688 ἀσθένειαν,
3079 1625 3164 1678 ἵνα
3211 1625 3346 1695 μήτε
3379 1623 3456 1694 τῷ
3486 1623 3666 1695 στενῷ
3688 1623 3815 1692 τῆς

2202 1719 2541 1791 προθεσμίας
2585 1710 2635 1770 οἱ
2674 1718 3090 1789 ἀμαρτήσαντες
3110 1718 3177 1787 τῇ
3218 1714 3423 1787 ἀθυμίᾳ
3466 1718 3815 1775 καταπέσοι.

518 1802 787 1860 rationem
837 1800 1202 1865 adducantur,
1233 1803 1393 1870 quasi
1434 1817 1544 1857 non
1581 1802 1832 1857 relictum
1871 1803 1944 1858 sit
1978 1817 2095 1872 pm-

2211 1828 2305 1872 Itv,
2328 1810 2401 1873 ὼς
2417 1810 2513 1879 οὐχ
2540 1807 2997 1879 ὑπολελειμμένου
3018 1805 3210 1878 καιροῦ
3231 1806 3541 1877 μετανοίας·
3567 1806 3700 1879 μηδ’
3721 1805 3810 1860 αὖ

516 1897 760 1953 nitentia:
817 1903 1035 1966 tempus
1090 1914 1103 1951 :
1146 1911 1325 1966 neque
1377 1912 1575 1951 rursus
1606 1897 1664 1975 .ii
1705 1896 1801 1966 qui
1841 1896 1936 1951 diu
1970 1911 2107 1950 cum

519 1986 835 2042 adversaria
876 1994 1148 2056 potestate
1191 1994 1459 2058 pugnant,
1495 1988 1567 2041 ob
1590 1986 1855 2057 temporis
1884 1988 2099 2043 diutur-

518 2081 749 2135 nitatem
788 2081 960 2133 aciem
998 2079 1277 2134 deserant.
1324 2077 1513 2148 Itaque
1558 2079 1799 2134 consulit
1851 2081 2102 2149 utrisque

514 2170 628 2243 85
680 2186 777 2241 per
826 2171 1224 2240 ignorationem
1265 2187 1432 2240 quam
1482 2186 1594 2241 pra:
1636 2186 1697 2225 se
1735 2170 1886 2236 fert;
1941 2170 2096 2225 alteri

516 2260 736 2332 quidem
760 2260 831 2314 ob
856 2261 1177 2330 prazclarnm
1206 2273 1483 2316 certamen
1508 2270 1724 2331 tempus
1743 2261 2094 2328 contrahens,

518 2353 679 2408 alteri
736 2367 867 2408 vero
923 2359 1149 2422 propter
1196 2361 1419 2423 peccata
1478 2352 1814 2423 poenitentiae
1883 2361 2097 2422 tempus

516 2460 828 2503 reservans.
878 2444 1203 2515 Quanquam
1248 2461 1373 2499 cum
1419 2462 1478 2501 se
1515 2447 1633 2515 ipse
1683 2446 1739 2499 in
1787 2444 2096 2516 Evangeliis

516 2538 663 2593 inter
707 2552 803 2593 eos
843 2538 937 2608 qui
996 2537 1272 2608 ignorant,
1322 2538 1394 2591 ob
1447 2538 1782 2600 multorum,
1829 2536 1907 2590 uti
1949 2536 2093 2602 dixi,

515 2631 915 2692 infirmitatem,
949 2631 1258 2684 numeravit
1297 2630 1341 2661 “
1377 2647 1392 2695 ;
1438 2630 1495 2683 in
1523 2629 1678 2683 Actis
1718 2628 2095 2698 apostolorum

515 2725 666 2777 velut
714 2720 983 2792 perfectos
1027 2736 1278 2775 seorsum
1326 2721 1645 2789 alloquens,
1690 2736 1798 2774 non
1846 2721 1964 2775 sine
2010 2721 2098 2774 sui

518 2813 694 2880 ipsius
734 2814 1057 2881 exceptione
1115 2811 1251 2865 dicit
1302 2830 1316 2866 :
1363 2810 1488 2864 Non
1543 2821 1618 2865 est
1667 2820 1893 2864 uestrum
1944 2826 2097 2865 nosse

518 2914 751 2973 tempora
806 2905 885 2958 vel
935 2912 1219 2967 momenta,
1265 2919 1383 2974 quc
1440 2903 1607 2957 Pater
1654 2904 1831 2971 posuit
1887 2905 1945 2956 in
1996 2918 2096 2957 sua

512 3005 773 3063 potestate
813 2996 879 3051 σι.
912 2996 1091 3065 Atque
1135 2995 1251 3049 haec
1276 2994 1496 3065 quidem
1540 2995 1715 3065 prima
1744 2995 2096 3065 aggressione

515 3087 661 3142 dicta
709 3088 820 3142 sint
864 3086 1077 3141 rudius.
1136 3085 1244 3141 Sed
1277 3086 1390 3156 jam
1437 3088 1763 3157 inquirenda
1803 3086 2094 3142 sublimior
2120 3127 2162 3184 C

515 3179 650 3234 dicti
687 3179 1070 3250 intelligentia,
1116 3187 1171 3233 et
1204 3179 1490 3249 pulsanda:
1535 3179 1683 3235 fores
1727 3180 1996 3242 scientiae.
2046 3180 2093 3234 si

513 3286 627 3341 quo
675 3272 836 3326 modo
895 3271 1104 3341 possim
1152 3269 1603 3339 patremfamilias
1660 3273 1934 3336 excitare,
1996 3273 2092 3342 qui

515 3363 834 3431 spirituales
878 3377 1073 3431 panes_
1123 3361 1439 3432 petentibus
1490 3377 1550 3417 se
1606 3362 1880 3432 largitur;
1927 3376 2103 3432 quan-

515 3453 804 3524 doquidem
833 3454 992 3507 amici
1020 3461 1151 3508 sunt
1183 3461 1238 3509 et
1265 3453 1465 3509 fratres
1497 3469 1639 3524 quos
1667 3453 1923 3509 convivio
1951 3455 2102 3510 exci-

515 3561 646 3616 pere
671 3546 948 3615 cupimus.

588 3656 639 3710 7.
700 3654 889 3711 Sancti
937 3655 1195 3727 discipuli
1249 3654 1551 3713 Salvatoris
1604 3657 1810 3722 nostri,
1862 3672 1985 3711 cum
2028 3658 2097 3713 ad

524 3763 796 3804 summum
879 3748 1402 3819 contemplationis,
1458 3757 1728 3819 quantum
1781 3747 2097 3802 hominibus

520 3840 607 3896 fas
649 3847 757 3903 est,
806 3840 1207 3909 pervenissent,
1260 3848 1315 3895 et
1350 3839 1559 3896 Christi
1604 3855 1858 3896 sermone
1897 3854 2093 3909 expur‘

512 3932 626 4003 gati
690 3930 968 3995 fuissent,
1027 3933 1188 3987 linem
1247 3939 1539 4001 quaerunt,
1601 3941 1656 3987 et
1705 3931 2095 3986 beatitudinem

512 4028 817 4075 extremam
871 4034 1038 4074 nosse
1084 4023 1439 4088 desiderant;
1488 4021 1541 4074 id
1602 4021 1747 4091 quod
1793 4027 1848 4074 et
1898 4035 1928 4074 ο
1980 4020 2097 4074 suis

515 4112 729 4179 angelis
768 4122 822 4165 et
855 4129 883 4165 a
915 4116 1098 4179 seipso
1124 4113 1365 4183 ignorari
1408 4112 1672 4168 Dominus
1701 4114 2090 4183 pronuntiavit,

515 4202 662 4255 diem
707 4205 986 4271 appellans
1017 4212 1330 4258 accuratam
1372 4220 1592 4259 omnem
1632 4220 1845 4270 eorum,
1881 4219 2002 4275 quae
2029 4203 2096 4259 de

517 4290 630 4347 Deo
661 4295 995 4363 cogitantur,
1047 4297 1591 4365 comprehensionem
1641 4316 1653 4352 :
1706 4298 1893 4351 horam
1939 4311 2091 4361 vero,

586 4472 633 4505 ³⁸
665 4469 824 4525 Joan.
849 4488 888 4536 ι,
916 4472 969 4525 5.
1047 4475 1092 4504 ⁸ο
1122 4486 1289 4528 mare.
1324 4489 1444 4538 xm,
1477 4474 1566 4527 52.
1645 4473 1686 4505 ⁸³
1714 4474 1832 4526 Act.
1863 4489 1901 4536 ι,
1934 4473 1986 4527 7.

2202 1900 2362 1953 πάλιν
2377 1901 2425 1951 οί
2453 1898 2815 1970 πολεμοῦντες
2840 1898 3056 1971 μακρὰν
3086 1900 3151 1969 τῇ
3184 1898 3534 1970 ἀντικειμένῃ
3549 1898 3812 1968 δυνάμει

2197 1992 2285 2045 διὰ
2298 1992 2359 2045 τὸ
2381 1992 2553 2063 μῆκος
2571 1990 2664 2044 τοῦ
2698 1991 2896 2061 χρόνου
2911 1990 3240 2060 λειποτακτή
3249 2007 3432 2043 σωσιν.
3452 1990 3648 2043 Ἐκατέ
3654 2009 3811 2062 ρους

2197 2084 2374 2137 τοίνυν
2406 2082 2494 2135 διὰ
2517 2084 2617 2153 τῆς
2648 2082 3019 2155 προσποιητῆς
3062 2081 3172 2153 (72)
3212 2081 3434 2150 ἀγνοίας
3481 2082 3803 2153 οἰκονομεῑο
3834 2120 3846 2124 ς

2195 2174 2274 2245 τῷ
2297 2175 2393 2245 μὲν
2425 2175 2514 2227 διὰ
2566 2174 2659 2229 τὸν
2696 2173 2862 2228 καλὸν
2888 2172 3075 2242 ἀγῶνα
3105 2173 3415 2244 συντέμνων
3438 2171 3527 2226 τὸν
3566 2174 3804 2244 χρόνον,
3834 2236 3845 2242 ,

2195 2265 2274 2336 τῷ
2298 2265 2354 2318 δὲ
2372 2264 2458 2318 διὰ
2481 2264 2580 2329 τὰς
2603 2264 2879 2337 ἁμαρτίας
2909 2263 3100 2335 καιρὸν
3135 2263 3420 2334 μετανοίας
3447 2263 3807 2335 ταμιευόμε-

2198 2373 2304 2420 νος.
2324 2357 2517 2410 Καίτοι
2535 2358 2593 2409 ἐν
2613 2359 2725 2420 τοῖς
2750 2356 3101 2424 Εὐαγγελίοις
3129 2355 3317 2439 ἐαυτρν
3335 2354 3808 2428 συγκαταριθμή-
3844 2405 3847 2407 .

2199 2465 2297 2512 σας
2314 2452 2425 2512 τοῖς
2449 2447 2705 2518 ἀγνοοῦσι
2724 2447 2811 2501 διὰ
2828 2447 2925 2520 τὴν
2949 2446 3058 2500 τῶν
3080 2446 3310 2510 πολλῶν,
3341 2446 3416 2510 ὡς
3432 2445 3588 2516 ἔφην,
3612 2446 3804 2500 ἀσθέ-

2196 2556 2345 2593 νειαν
2368 2558 2382 2572 ο
2430 2542 2488 2593 ἐν
2537 2542 2658 2603 ταῖς
2700 2538 2942 2611 Πράξεσι
2974 2538 3083 2591 τῶν
3118 2537 3428 2592 ἀποστόλων
3455 2537 3531 2601 ὡς
3553 2537 3803 2604 τελείοις
3862 2538 3863 2543 “

2197 2632 2317 2684 κατ’
2365 2630 2502 2684 ίδίαν
2555 2630 2958 2701 διαλεγόμενος,
3015 2629 3139 2684 καθ’
3185 2627 3532 2700 ὑπεξαίρεσιν
3581 2629 3802 2683 ἑαυτοῦ

2198 2737 2363 2789 φησιν
2379 2738 2393 2751 ·
2414 2722 2539 2789 Οὐχ
2563 2719 2730 2787 ὑμῶν
2751 2721 2883 2773 ἐστι
2914 2717 3138 2787 γνῶναι
3163 2720 3423 2787 χρόνους
3447 2718 3485 2788 ἣ
3511 2717 3800 2787 καιροὺς,

2197 2812 2304 2877 οὓς
2330 2816 2361 2865 ὁ
2392 2810 2594 2879 Πατὴρ
2616 2810 2782 2865 ἔθετο
2811 2810 2881 2863 ἐν
2912 2808 2988 2878 τῇ
3016 2809 3136 2877 ἰδίᾳ
3165 2809 3438 2877 ἐξουσίᾳ.
3465 2811 3575 2864 Καὶ
3602 2808 3821 2864 ταῦτα,

2200 2906 2297 2976 μὲν
2335 2903 2475 2958 κατὰ
2521 2904 2621 2974 τὴν
2667 2903 2939 2974 προτέραν
2983 2901 3240 2974 ἐπιϐολὴν
3268 2902 3508 2976 εἰρήσθω
3532 2903 3643 2973 (75)
3678 2920 3801 2956 πα-

2195 2995 2439 3066 χύτερον.
2472 2995 2610 3065 Ἤδη
2638 2994 2695 3047 δὲ
2726 2992 3038 3058 ἐξεταστέον
3057 2993 3387 3065 ὑψηλότερον
3413 2993 3509 3066 τὴν
3537 2994 3829 3051 διάνοιαν.

2196 3087 2290 3141 τοῦ
2321 3085 2507 3158 ῥητοῦ.
2544 3088 2636 3140 καὶ
2650 3087 2939 3160 κρουστέον
2971 3087 3073 3158 τὴν
3100 3085 3269 3160 θύραν
3297 3088 3397 3158 τῆς
3429 3088 3703 3156 γνώσεως,
3735 3091 3802 3141 εἴ

2202 3196 2319 3244 πως
2349 3180 2458 3251 (74)
2502 3180 2784 3252 δυνηθείην
2812 3180 3084 3251 ἐξεγεῖραι
3107 3179 3198 3233 τὸν
3243 3180 3649 3250 οἰκοδεσπότην,
3687 3181 3796 3234 τὸν

2199 3275 2326 3337 τοὺς
2362 3274 2765 3343 πνευματικοὺς
2814 3272 3014 3343 ἄρτους
3041 3271 3251 3326 διδόντα
3274 3273 3386 3335 τοῖς
3418 3271 3660 3325 αἰτοῦσιν
3681 3273 3797 3325 αὐ-

2200 3365 2311 3431 τὸν,
2364 3365 2554 3435 ἐπειδὴ
2614 3364 2758 3435 φίλοι
2784 3362 2880 3417 καὶ
2932 3361 3150 3433 ἀδελφοί
3196 3363 3357 3429 εἰσιν,
3402 3363 3496 3427 οὒς
3530 3365 3795 3418 ἑστιᾶσαι

2201 3456 2598 3528 σπουδάζομεν.

2240 3704 2245 3710 .
2270 3655 2321 3709 7.
2341 3656 2403 3708 Οί
2430 3653 2577 3723 ἅγιοι
2619 3653 2858 3726 μαθηταὶ
2892 3650 2988 3707 τοῦ
3018 3653 3271 3729 Σωτῆρος
3319 3650 3478 3721 ἡμῶν
3522 3651 3791 3708 ἐπέκεινα.
3820 3712 3825 3717 ,

2199 3747 2451 3819 θεωρίας,
2495 3746 2570 3811 ὡς
2631 3746 2711 3800 ένι
2764 3745 3094 3819 ἀνθρώποις,
3131 3745 3395 3808 ἐλθόντες,
3445 3745 3539 3798 καὶ
3567 3744 3789 3817 καθαρ-

2199 3838 2383 3901 θέντες
2404 3838 2511 3892 ἀπὸ
2548 3838 2642 3892 τοῦ
2669 3838 2830 3907 λόγου
2866 3837 3001 3910 (75),
3028 3839 3089 3891 τὸ
3120 3837 3271 3901 τέλος
3307 3834 3644 3907 ἐπιζητοῦσι,
3680 3840 3789 3893 καὶ

2197 3929 2293 4001 τὴν
2346 3930 2580 4002 ἐσχάτην
2623 3932 3004 4003 μακαριότητα
3042 3929 3243 3999 γνῶναι
3307 3926 3579 3992 ποθοῦσιν,
3629 3928 3781 4001 ὅπερ

2198 4022 2410 4089 ἀγνοεῖν
2434 4022 2528 4074 καὶ
2567 4023 2693 4084 τοὺς
2734 4021 2998 4090 ἀγγέλους
3028 4021 3192 4074 αὑτοῦ
3215 4020 3306 4074 καὶ
3328 4020 3489 4073 αὐτὸν
3513 4021 3541 4072 ό
3573 4018 3786 4091 Κύριος

2196 4113 2350 4184 ἡμῶν
2378 4113 2695 4182 ἀπεφήνατο
2716 4130 2729 4143 °
2755 4114 2969 4185 ἡμέραν
3009 4112 3120 4184 (76)
3164 4113 3261 4185 μὲν
3283 4111 3457 4181 λέγων
3478 4112 3652 4164 πᾶσαν
3672 4112 3783 4181 τὴν
3815 4151 3819 4154 -

2196 4207 2398 4278 ἀκριϐῆ
2422 4205 2723 4276 κατάληψιν
2768 4205 2877 4260 τῶν
2924 4206 3176 4258 ἐπινοιῶν
3201 4205 3294 4258 τοῦ
3341 4203 3507 4258 Θεοῦ⁹
3546 4204 3690 4273 ὥραν
3714 4202 3783 4257 δὲ

2194 4297 2292 4368 τὴν
2305 4297 2490 4360 ἐνάδος
2519 4298 2611 4349 καὶ
2640 4296 2874 4367 μονάδος
2906 4296 3164 4368 θεωρίαν,
3190 4289 3264 4349 ὧν
3286 4296 3386 4367 τὴν
3407 4294 3605 4367 εἴδησιν
3626 4293 3799 4366 μόνῳ-

589 4649 700 4721 (69)
734 4651 992 4720 Ἀλογος
1021 4649 1377 4722 (ὒν-ἐτράφη
1416 4651 1536 4722 ὑπό
1582 4651 1688 4705 τοῦ
1737 4654 1952 4722 Λόγου.
2004 4651 2096 4706 Sic

2211 4659 2349 4712 nota,
2379 4663 2501 4719 quae
2523 4648 2768 4722 nondum
2791 4647 2992 4722 saeculo
3019 4644 3545 4722 quarto_prodierat,
3583 4651 3638 4697 ut
3672 4644 3775 4722 de-

515 4715 628 4777 duo
663 4715 796 4792 mss.
846 4715 1098 4792 codices.
1122 4715 1261 4792 Editi
1295 4715 1454 4784 ἄλλος
1480 4720 1574 4792 (ὢν
1612 4715 1842 4792 ἐτράφη
1869 4723 1975 4776 ὑπὸ
1999 4722 2094 4775 τοῦ

2211 4715 2469 4792 umnstrat
2522 4717 2906 4774 Tillemontius
2929 4715 3195 4773 adversus
3225 4715 3540 4778 Baronium,
3568 4722 3696 4769 tom.
3723 4715 3769 4780 Ι,

514 4790 905 4863 Λό-γουοιλοεὶι
949 4790 1312 4863 Cptiibelisius
1346 4795 1373 4863 ό
1415 4791 1586 4863 Λόγος
1622 4790 1699 4863 ὢν
1743 4790 1952 4863 ἐτράφη
1994 4792 2099 4845 ὑπὸ

519 4859 863 4931 τοῦᾼὰλόγου,
893 4877 955 4913 ac
980 4859 1207 4931 Regium
1235 4862 1478 4915 codicem
1507 4862 1586 4931 sic
1617 4859 1820 4916 habere
1845 4859 2095 4924 testatur.

525 4929 671 4984 unde
706 4933 981 4984 com-ludit
1019 4929 1098 4986 Sic
1138 4945 1260 4986 esse
1292 4930 1628 4985 reddendum
1666 4950 1679 4985 :
1726 4932 1829 4997 Qui
1874 4932 2098 4985 Verbum

517 5010 672 5060 esset,
706 5018 738 5054 a
779 5000 933 5054 bruta
966 5002 1196 5055 nutritus
1225 5004 1493 5055 animante
1523 5010 1621 5056 est.
1656 4999 1762 5056 Sed
1789 5001 1871 5055 vir
1892 5002 2101 5056 doctis-

519 5073 695 5142 simus
723 5072 938 5125 videtur
965 5072 1323 5142 negligentius
1348 5074 1563 5142 legisse.
1596 5070 1730 5125 Nam
1776 5072 1967 5126 eodem
2001 5086 2098 5124 co-

516 5141 639 5194 dice
672 5142 757 5195 usi
800 5157 1010 5201 sumus.
1056 5141 1157 5197 nec
1208 5156 1387 5197 tamen
1406 5141 1562 5196 hanc
1605 5142 1891 5196 lectionem
1939 5144 1992 5194 in
2024 5156 2090 5196 eo

518 5210 850 5267 invenimus.
870 5214 1237 5265 Conlirmatur
1269 5216 1566 5280 scriptura,
1599 5227 1760 5280 quam
1783 5210 2087 5280 sequimur,

518 5281 836 5351 testimonio
870 5281 1112 5348 Gregorii
1155 5281 1503 5344 Nazianzeni,
1529 5283 1619 5351 qui
1663 5289 1804 5336 orat.
1830 5282 1899 5335 58
1945 5280 2092 5351 Basi-

521 5349 579 5401 lii
616 5352 861 5437 vestigiis
907 5353 985 5437 sic
1019 5351 1258 5437 loquitur:
1291 5370 1304 5404 :
1337 5351 1439 5433 ficti.
1467 5349 1564 5437 την
1590 5350 2089 5437 ’φάτηνηνοπροσκέῖ

520 5434 703 5488 νησον,
733 5420 799 5472 δι’
831 5421 897 5491 ἢν
927 5419 1116 5488 ἄλογος
1136 5419 1210 5473 ὢν
1242 5422 1483 5491 ἐτράφης
1511 5419 1730 5475 ὗπὺίτοῦ
1758 5419 1931 5489 Λόγου
1967 5439 1979 5472 :
2018 5419 2088 5472 Et

519 5501 749 5557 prwsepc
786 5495 972 5560 adora,
1024 5502 1232 5557 propter
1274 5492 1434 5560 quod,
1488 5508 1607 5543 cum
1641 5492 1866 5544 rationis
1905 5506 2089 5559 expers

520 5571 683 5622 asses,
725 5575 757 5611 a
792 5558 953 5612 Verbo
975 5562 1205 5613 nutritus
1234 5558 1309 5619 es.
1348 5577 1466 5630 pag.
1501 5562 1623 5615 625.
1658 5558 1979 5615 Conibelisii
2008 5562 2092 5614 in-

524 5630 853 5703 terpretatio
885 5631 986 5703 hoc
1029 5631 1207 5703 etiam
1238 5632 1371 5685 vitio
1404 5631 1649 5703 laborat,
1701 5630 1845 5699 quod
1885 5631 2093 5703 nitatur

523 5699 732 5765 vulgari
771 5699 1119 5767 Opinione‘de
1151 5700 1368 5756 Christo
1400 5702 1541 5755 inter
1571 5701 1761 5755 bovem
1795 5709 1846 5754 ct
1873 5701 2086 5755 asinum

2201 4790 2535 4928 ρ’ίςθῖΐόν
2573 4858 2796 4928 ξατρόν.
2825 4855 3024 4928 Eodem
3055 4855 3309 4928 exemplo
3337 4870 3400 4928 ac
3429 4853 3616 4928 iisdem
3643 4869 3772 4907 rer-

2204 4930 2291 4984 his
2330 4921 2530 4984 refellit
2557 4921 2856 4996 Gregorius
2886 4921 3265 4981 Nazianzenus
3298 4925 3550 4996 inimicos
3582 4921 3768 4977 lucar-

2199 5000 2441 5054 nationis
2475 5001 2528 5053 in
2552 4994 2802 5052 oratione
2831 4997 2994 5052 modo
3028 4998 3215 5056 citata,
3251 5010 3303 5064 p.
3333 4994 3463 5048 621.

2272 5070 2384 5140 (7l)
2420 5069 2822 5140 Πεπονθότας.
2875 5067 3152 5140 Sicutoss.
3190 5061 3348 5140 _Ed_iti
3398 5061 3767 5140 πεπτωκότας.

2196 5132 2376 5209 Paulo
2404 5147 2625 5209 postiex
2660 5139 2855 5209 iisdem
2882 5136 3165 5209 codicibus
3190 5136 3422 5209 legimus
3445 5132 3684 5187 λανθάνει
3709 5143 3777 5191 οι

2204 5208 2271 5261 δι’
2308 5204 2499 5279 αὐτῆς.
2534 5208 2675 5261 Editi
2706 5206 2959 5279 ἐλᾲνθανε
2990 5204 3359 5279 et6t‘_t1t’i‘:_oii.

2263 5279 2374 5349 (72)
2408 5272 2848 5349 Προσποιητῇς.
2872 5277 2965 5349 Sic
2988 5275 3287 5349 niss._i-§di_ti
3305 5272 3762 5349 _ﬂ&067t0t1]1t%ﬁ€.

2265 5344 2377 5417 (³75)
2404 5347 2715 5417 Εἰρήσθω.
2743 5345 2834 5400 Sic
2870 5346 3001 5416 Reg.
3043 5346 3182 5417 Editi
3214 5344 3469 5417 είρῆσθαι

2263 5415 2486 5484 (74)]:71'
2510 5435 2653 5481 πως.
2690 5415 2824 5484 Reg.
2857 5418 2910 5470 ετ
2939 5415 3063 5479 που,
3100 5415 3249 5469 Harl.
3288 5417 3340 5468 ετ
3374 5430 3472 5482 πη.

2269 5481 2379 5558 (75)
2425 5489 2564 5541 Ἀπὸ
2597 5486 2702 5558 τοῦ
2730 5481 2935 5555 nam.
2973 5486 3219 5558 Respicit
3251 5485 3318 5539 ad
3351 5481 3550 5538 Christi
3584 5481 3760 5539 verba.

2196 5550 2474 5619 Joanfxv,
2501 5560 2534 5613 5
2562 5578 2574 5614 :
2603 5557 2729 5610 Jam
2769 5550 2856 5610 vos
2887 5550 3225 5619 mandastis
3245 5564 3458 5623 praeter
3484 5567 3760 5607 sermonem

2198 5646 2353 5701 quem
2370 5629 2591 5701 locum:
2621 5626 2928 5701 sum_t,jobis.
3034 5683 3075 5701 Α,

2272 5699 2383 5768 (76)
2427 5699 2699 5768 ’Πμέραν.
2735 5694 2825 5750 Sic
2856 5713 2989 5754 mss.
3032 5690 3179 5751 Editi‘
3203 5695 3432 5767 ἡμέρας.
