3888 6214
54 270 149 326 257
1032 262 1537 328 ‘EPISTOLARUM
1577 271 1640 327 Cl

1751 271 1859 328 .SIS
1894 272 1954 328 I.’
1977 273 2195 370 ιῑιζιετ.
2242 273 2378 330 VIII.

3231 279 3340 333 258

50 392 375 462 προσένειμε
409 382 511 462 ’τῷ
558 390 755 463 Πατρί.
808 392 1055 445 ’Υπονοῶ
1100 394 1299 457 τοίνυν,
1346 394 1427 447 ὅτι
1467 396 1640 446 ἐκεῖνο

1751 394 1980 450 unitatis
2037 410 2100 448 ac
2159 395 2412 449 monadis
2491 394 3042 464 contemplationem,
3099 411 3340 465 quarum

46 485 264 549 λέγεται
277 482 409 553 περὶ
432 483 627 536 ἑαυτοῦ
651 482 848 536 εἰδέναι
866 486 893 536 6
913 483 1067 551 Θεὸς,
1091 485 1228 556 ὅπερ
1247 485 1362 537 ἐστί
1381 503 1394 514 ·
1423 486 1643 539 κάκεῖνο

48 578 121 646 μὴ
153 577 350 629 εἰδέναι
395 578 536 647 ὅπερ
591 578 690 630 οὐκ
729 575 864 630 ἔστι.
892 577 1252 648 Δικαιοσύνην
1283 579 1380 650 μὲν
1411 577 1520 652 γὰρ
1550 579 1642 633 καὶ

43 670 238 736 στιφέαν
281 669 502 737 λέγεται
549 669 746 722 εἰδέναι
795 671 823 722 6
865 669 1020 734 Θεὸς,
1048 670 1498 743 αὑτοδικαιοσύνη
1530 670 1640 741 (77)

44 764 135 814 καὶ
158 762 321 829 aegri:
346 761 613 833 ὑπάρχων
636 778 650 791 ⁸
677 761 889 814 ἀδικίαν
905 763 962 815 δὲ
995 764 1091 816 καὶ
1113 764 1383 834 πονηρίαν
1404 765 1638 832 ἀγνοεῖν·

44 854 100 904 ού
118 854 227 923 γάρ
250 855 399 906 ἐστιν
440 855 624 906 ἀδικία
651 854 745 906 καὶ⁹
777 856 1011 924 πονηρία
1041 857 1069 908 6
1097 856 1290 920 κτίσας
1315 859 1467 928 ἡμᾶς
1488 857 1638 921 Θεός.

43 945 101 996 ΕΞ
131 944 315 998 τοίνυν
353 947 534 998 ἐκεῖνο
575 945 793 1014 λέγεται
835 946 964 1016 περὶ
997 946 1192 999 ἑαυτοῦ
1224 947 1423 1000 εἰδέναι
1447 949 1475 1000 6
1511 946 1644 1010 Θεὸς

41 1037 171 1107 ὅπερ
222 1037 367 1099 ἐστὶ,
409 1038 632 1090 κάκεῖνο
663 1038 738 1108 μὴ
781 1037 979 1090 εἰδέναι
1003 1038 1140 1108 ὅπερ
1175 1039 1276 1092 οὐκ
1317 1039 1496 1091 ἔστιν·
1545 1039 1646 1092 οὐκ

43 1129 236 1183 ἔστιδὲ
265 1133 295 1183 6
328 1131 535 1201 Κύριος
556 1135 588 1202 ἡ
600 1130 717 1202 μῶν
747 1130 888 1184 κατὰ
908 1131 1010 1202 τὴν
1048 1133 1146 1199 τῆς
1175 1133 1645 1203 ὲνανθρωπήσεως

42 1223 327 1284 ἐπίνοιαν,
366 1224 464 1276 καὶ
508 1223 827 1294 παχυτέραν
874 1223 1253 1287 διδασκαλίαν,
1301 1224 1363 1278 τὸ
1420 1224 1645 1294 ἔσχατον

39 1313 266 1384 ὀρεκτόν
289 1331 302 1342 ο
339 1314 442 1366 ούκ
469 1314 578 1386 ἄρα
608 1309 752 1367 οἶδεν
781 1313 894 1380 (78)
923 1316 952 1366 6
987 1313 1181 1384 Σωτὴρ
1208 1314 1366 1385 ἡμῶν
1399 1313 1462 1367 τὸ
1493 1315 1645 1379 τέλος

41 1409 132 1458 καὶ
158 1406 263 1477 τὴν
297 1407 540 1478 ἐσχάτην
577 1407 975 1478 μακαριότητα.
1020 1406 1174 1461 Ἀλλ’
1213 1405 1355 1461 οὐδὲ
1387 1409 1441 1460 οἱ
1469 1406 1644 1478 ἅγγε-

37 1503 155 1558 λοι,
173 1499 368 1568 φησιν,
392 1485 601 1553 ἵσασιλ
639 1499 1075 1565 τουτέστιν,ούδὲ
1097 1501 1130 1571 ή
1154 1500 1210 1552 ὲν
1240 1499 1426 1564 αὐτοῖς
1443 1498 1646 1573 Θεωρία

36 1589 134 1639 καὶ
165 1590 216 1640 oi
247 1588 402 1657 λόγοι
459 1589 569 1642 τῶν
595 1588 881 1642 διακονιῶν
909 1590 1018 1643 είσι
1047 1587 1110 1642 τὸ
1140 1589 1367 1659 ἔσχατον
1393 1589 1640 1661 ὀρεκτόν..

39 1680 252 1750 Παχεῖα
282 1681 396 1752 γὰρ
424 1681 520 1733 καὶ
552 1679 760 1733 τούτων
794 1681 826 1751 ἡ
857 1679 1061 1749 γνῶσις
1097 1680 1382 1751 συγκρίσει
1409 1679 1505 1733 τοῦ
1532 1681 1644 1752 (79)

1746 488 2032 542 Scientiam
2060 488 2162 542 soli
2189 487 2336 541 Patri
2368 489 2638 541 attribuit.
2675 487 2938 556 Suspicor
2970 489 3135 558 igitur
3167 486 3338 542 Deum

1745 579 1852 634 dici
1884 580 1936 634 id
1971 580 2116 649 quod
2147 589 2231 634 est
2261 579 2326 634 de
2359 581 2539 648 seipso
2571 579 2732 641 scire,
2768 587 2820 633 et
2850 579 2903 632 id
2938 579 3151 634 nescire
3182 578 3331 648 quod

1751 685 1862 723 non
1900 678 2004 723 est.
2054 669 2329 724 Justitiam
2363 669 2507 723 enim
2545 676 2598 721 et
2642 668 2966 736 sapientiam
3010 683 3173 722 nosse
3203 667 3342 721 dici—

1757 772 1849 816 tur
1878 762 2046 826 Deus,
2080 778 2205 816 cuni
2240 763 2354 832 ipse
2389 761 2604 830 justitia
2636 769 2692 814 et
2741 762 3008 830 sapientia
3044 762 3115 813 sit
3147 778 3162 826 ;
3197 761 3343 830 inju-

1747 852 1952 906 stitiam
1997 868 2128 904 vero
2154 859 2206 905 et
2251 852 2513 904 malitiam
2556 851 2859 923 ignorare;
2909 867 3016 904 non
3058 852 3203 905 enim
3257 860 3342 905 est

1747 945 2018 1015 injustitia
2070 961 2247 1015 neque
2305 947 2532 1005 malitia,
2583 944 2678 1013 qui
2731 943 2979 997 condidit
3031 959 3132 998 nos
3175 942 3340 998 Deus.

1752 1038 1944 1108 Itaque
1975 1039 2021 1092 si
2049 1037 2254 1090 dicitur
2283 1037 2446 1097 Deus,
2481 1036 2533 1089 id
2562 1036 2706 1104 quod
2735 1043 2819 1090 est
2848 1036 2915 1090 de
2943 1037 3125 1106 scipso
3154 1051 3340 1102 nosse,

1749 1141 1914 1201 atque
1967 1130 2020 1184 id
2076 1129 2292 1184 nescire
2330 1128 2477 1198 quod
2524 1144 2633 1182 non
2688 1139 2814 1185 est:
2869 1143 2978 1182 non
3025 1137 3107 1182 est
3158 1137 3340 1182 autem

1747 1222 2014 1277 Dominus
2062 1229 2252 1276 noster
2291 1220 2596 1276 secundum
2646 1220 3042 1294 incarnationis
3088 1219 3344 1274 conside—

1748 1316 2057 1378 rationem,
2101 1325 2157 1369 et
2219 1314 2552 1369 crassiorem
2617 1312 2969 1376 doctrinam,
3031 1322 3341 1368 extremum

1749 1405 1885 1459 illud
1939 1405 2143 1459 bonum
2209 1403 2571 1458 desiderabile
2628 1420 2641 1456 2
2697 1417 2808 1456 non
2865 1401 3034 1472 igitur
3081 1402 3343 1470 cognovit

1750 1495 2004 1549 Salvator
2035 1504 2225 1550 noster
2267 1493 2430 1549 linem
2487 1501 2541 1549 et
2571 1500 2876 1548 extremam
2921 1493 3338 1550 beatitudinem.

1748 1586 1852 1641 Sed
1881 1603 2046 1657 neque
2085 1586 2281 1657 angeli,
2310 1586 2703 1656 inquit,sciunt
2735 1586 2801 1618 ⁸³·
2835 1605 2849 1642 :
2890 1587 2990 1642 hoc
3023 1595 3127 1653 est,
3164 1603 3343 1659 neque

1747 1681 2136 1750 contemplatio
2187 1695 2310 1750 quae
2354 1680 2410 1733 in
2445 1679 2581 1749 ipsis
2611 1686 2716 1744 est,
2757 1695 2935 1750 neque
2967 1682 3213 1736 rationes
3241 1681 3344 1734 nti-

40 1771 336 1839 πρόσωπον
370 1769 508 1841 πρὸς
541 1770 1050 1842 πρόσωπον.Μόνος
1079 1770 1134 1824 δὲ
1159 1773 1186 1824 6
1216 1772 1426 1842 Πατὴρ,
1459 1771 1640 1843 φησὶν,

1751 1773 2103 1827 nisteriorutn
2137 1781 2268 1826 sunt
2295 1780 2603 1826 extremum
2649 1769 2783 1823 illud
2815 1771 3018 1824 bonum
3059 1770 3341 1826 desidera-

39 1861 372 1914 ἐπίσταται·
436 1862 561 1914 ἐπεὶ
625 1863 720 1915 καὶ
775 1863 935 1925 αὑτός
987 1863 1102 1915 ἐστι
1162 1863 1222 1916 τὸ
1269 1863 1452 1928 τέλος,
1487 1864 1583 1917 καὶ
1613 1865 1647 1935 ἡ

41 1953 245 2024 ἐσχάτη
287 1954 657 2025 μακαριότης.
695 1955 864 2008 Ὅταν
897 1955 1009 2026 γὰρ
1046 1956 1245 2026 μηκέτι
1292 1956 1422 2010 Θεὸν
1451 1960 1508 2010 ὲν
1536 1960 1650 2021 τοῖς

41 2045 400 2116 κατόπτροις,
439 2045 574 2118 μηδὲ
597 2046 685 2099 διὰ
718 2045 826 2098 τῶν
850 2047 1146 2119 ἀλλοτρίων
1168 2047 1645 2120 ἐπιγινώσκωμεν,

42 2138 156 2190 ἀλλ’
185 2137 343 2208 αὐτῷ
375 2137 451 2202 ὡς
501 2138 649 2212 μόνῳ
678 2141 774 2191 καὶ
810 2141 890 2193 ἑνὶ
931 2138 1323 2212 προσέλθωμεν
1345 2159 1357 2170 ·
1400 2141 1518 2195 τότε
1554 2143 1648 2197 καὶ

40 2230 100 2281 τὸ
127 2229 366 2300 ἔσχατον
429 2230 586 2294 τέλος
632 2231 914 2302 εἰσόμεθα.
947 2231 1186 2303 Χριστοῦ
1227 2231 1337 2303 γὰρ
1373 2232 1648 2303 βασιλείαν

49 2324 210 2389 φασιν
258 2319 401 2375 εἶναι
435 2325 618 2378 πᾶσαν
646 2325 746 2394 τὴν
789 2324 975 2378 ἕνυλον
1005 2325 1208 2394 γνῶσιν
1229 2345 1241 2357 ·
1286 2327 1380 2380 τοῦ
1415 2328 1472 2381 δὲ
1511 2327 1647 2381 Θεοῦ

43 2414 138 2465 καὶ
197 2412 421 2483 Πατρὸς
465 2412 565 2483 τὴν
596 2413 778 2472 ἆῦλον.
806 2416 898 2468 καὶ
931 2415 1008 2478 ὡς
1048 2413 1115 2468 ἂν
1150 2416 1295 2470 εἴποι
1334 2434 1440 2481 τις,
1478 2418 1648 2489 αὐτῆς

46 2507 140 2574 τῆς
173 2506 438 2574 θεότητος
481 2505 736 2576 Θεωρίαν.
775 2508 935 2560 Ἔστι
966 2506 1024 2559 δὲ
1062 2509 1157 2560 καὶ
1187 2510 1215 2562 6
1247 2509 1450 2580 Κύριος
1484 2509 1646 2580 ἡμῶν

43 2601 136 2650 καὶ
164 2597 336 2660 αὐτὸς
382 2597 443 2650 τὸ
473 2597 646 2663 τέλος,
686 2599 782 2652 καὶ
809 2601 844 2670 ἡ
873 2598 1076 2670 ἐσχάτη
1115 2601 1478 2671 μακαριότης,
1506 2603 1648 2656 κατὰ

44 2689 139 2759 τὴν
162 2689 263 2742 τοῦ
313 2689 492 2756 Λόγου
531 2689 798 2742 ἐπίνοιαν.
833 2690 898 2742 Τί
928 2689 1038 2762 γάρ
1072 2707 1235 2760 φησιν
1272 2691 1328 2744 ὲν
1357 2691 1435 2761 τῷ
1469 2692 1646 2761 Εὐαγ-

47 2783 244 2852 γελίῳς
304 2781 483 2851 Κάγὼ
539 2781 872 2848 ἀναστήσω
926 2783 1117 2836 αὐτὸν
1168 2783 1238 2835 ἐν
1288 2781 1360 2852 τῇ
1415 2782 1645 2852 ἐσχάτῃ

49 2875 271 2944 ήμέρᾳο
323 2875 624 2928 ἀνάστασιν
676 2874 852 2942 λέγων
881 2875 979 2946 τὴν
1017 2875 1126 2928 ἀπὸ
1171 2875 1271 2946 τῆς
1305 2873 1491 2927 ἐνύλου
1514 2875 1648 2944 γνὼ-

51 2983 182 3030 σεως
229 2967 327 3019 ἐπὶ
358 2965 457 3036 τὴν
493 2966 656 3020 ᾰῦλον
697 2965 930 3037 θεωρίαν
971 2966 1271 3037 μετάϐασιν
1303 2966 1437 3039 (80),
1478 2966 1643 3036 ἐσχά-

51 3073 144 3126 την
177 3057 234 3110 δὲ
272 3058 491 3128 ἡμέραν
548 3058 648 3128 τὴν
680 3057 882 3127 γνῶσιν
927 3057 1131 3128 ταύτην
1186 3057 1376 3120 είπὼν,
1424 3057 1542 3129 μεθ’
1576 3060 1643 3130 ἢν

39 3150 143 3202 ὀὐκ
168 3149 321 3202 ἔστιν
352 3149 538 3220 ἑτέρα.
587 3149 903 3221 Τηνικαῦτα
929 3149 1038 3222 γὰρ
1064 3153 1092 3203 6
1129 3149 1252 3214 νοῦς
1286 3149 1447 3221 ἡμῶν
1480 3149 1640 3217 ἐξαν-

55 3241 285 3302 ίπαται,
333 3240 432 3294 καὶ
483 3240 619 3312 πρὸς
655 3240 790 3310 ῦψος
824 3243 1094 3312 μακάριον
1126 3242 1472 3315 διεγείρεται,
1502 3243 1644 3314 ὁπη-

45 3335 165 3388 νίκα
201 3336 273 3389 ἂν
319 3335 580 3406 θεωρήσῃ
608 3334 706 3405 τὴν
751 3335 911 3388 ὲνάδα
953 3336 1048 3388 καὶ
1079 3335 1283 3406 μονάδα
1319 3335 1414 3389 τοῦ
1445 3336 1642 3404 Λόγου.

64 3427 193 3479 ’AJJ.‘
220 3427 421 3498 ἐπειδὴ
454 3426 752 3496 παχυνθείς
772 3427 930 3498 ἡμῶν
949 3430 978 3480 6
1005 3428 1130 3491 νοῦς
1160 3429 1236 3500 τῷ
1258 3427 1342 3498 χοῖ
1364 3429 1643 3500 συνεδέθη,

52 3520 136 3570 καὶ
155 3518 236 3588 τῷ
275 3517 437 3589 πηλῷ
490 3517 860 3589 συμφύρεται,
904 3520 1000 3572 καὶ
1050 3519 1180 3591 ψιλῇ
1211 3523 1277 3591 τῇ
1307 3519 1511 3591 θεωρίᾳ
1552 3521 1641 3574 ὲν-

49 3609 313 3673 ατενίζειν
354 3608 631 3670 ἀδυνατεῖ,
663 3608 751 3661 διὰ
803 3609 913 3662 τῶν
949 3609 1228 3679 συγγενῶν
1257 3610 1352 3664 τοῦ
1393 3610 1644 3681 σώματος

51 3705 206 3758 αὑτοῦ
269 3705 502 3774 κόσμων
558 3703 672 3774 (81)
715 3703 1156 3775 ποδηγούμενος·
1211 3703 1310 3768 τὰς
1363 3703 1646 3776 ἐνεργείας

47 3798 134 3849 τοῦ
183 3797 416 3849 κτίστου
461 3797 735 3862 κατανοεῖ,
777 3795 874 3848 καὶ
909 3795 1085 3848 ταῦτα
1121 3797 1186 3848 ἐκ
1229 3794 1339 3848 τῶν
1383 3794 1642 3848 ἀποτελε-

51 3890 272 3959 σμάτων
325 3887 468 3951 τέως
538 3885 917 3956 ἐπιγινώσκει,
961 3888 1028 3942 ἵν’
1077 3888 1220 3941 οὕτω
1275 3888 1420 3942 κατὰ
1448 3887 1644 3960 μικρὸν

49 3981 308 4053 αὐξηθεὶς
328 3979 529 4053 ἰσχύσῃ
571 3979 701 4032 ποτὲ
727 3981 823 4033 καὶ
845 3980 981 4052 αὐτῇ
1022 3983 1203 4052 γυμνῇ
1239 3979 1556 4052 προσελθεῖν
1575 3982 1644 4051 τῇ

48 4073 286 4142 θεότητι.
319 4071 484 4126 Κατὰ
511 4070 716 4144 ταύτην
737 4071 794 4124 δὲ
825 4067 980 4143 οἶμαι
1008 4072 1109 4144 τὴν
1125 4072 1370 4126 ἐπίνοιαν
1391 4070 1645 4144 εἰρῆσθαι

47 4168 138 4219 καὶ
187 4168 271 4229 τὸ,
321 4165 378 4218 Ὀ
419 4163 625 4233 Πατήρ
665 4183 788 4235 μου
827 4164 1041 4234 μείζων
1081 4183 1202 4234 μου
1229 4165 1394 4219 ἐστι·
1435 4165 1642 4232 καὶτὸ,

116 4323 181 4353 ⁶¹’
205 4320 382 4376 Marc.
412 4337 533 4385 xm,
557 4321 647 4376 52.
725 4323 771 4354 “
809 4321 942 4375 ibid.
1019 4321 1064 4352 ⁸³
1101 4321 1119 4375 I
1157 4320 1284 4376 Cor.
1338 4336 1460 4386 χιιι,
1507 4320 1598 4377 12.

1750 1863 1877 1918 bile.
1939 1861 2075 1915 Nam
2138 1862 2336 1917 borum
2395 1861 2559 1915 etiam
2620 1861 2853 1915 scientia
2907 1876 3094 1916 crassa
3142 1871 3244 1923 est,
3293 1859 3345 1916 si

1749 1966 2102 2025 comparetur
2149 1970 2274 2009 cum
2306 1970 2392 2017 ea,
2420 1970 2542 2024 qua:
2571 1963 2656 2009 est
2691 1953 2828 2006 facie
2868 1953 2934 2006 ad
2983 1955 3204 2007 lactem.
3242 1955 3344 2009 So-

1747 2047 1836 2102 lus
1889 2054 2072 2102 autem
2128 2045 2310 2112 Pater,
2364 2046 2564 2116 inquit,
2603 2047 2756 2099 novit
2788 2046 2872 2097 εις
2908 2046 3110 2115 quippe
3141 2054 3195 2098 et
3223 2044 3344 2115 ipse

1748 2146 1834 2194 est
1881 2137 2052 2202 linis,
2098 2145 2154 2193 et
2196 2147 2443 2193 extrema
2495 2137 2798 2191 beatitudo.
2848 2136 2984 2191 Cum
3034 2137 3178 2190 enim
3230 2151 3344 2191 non

1749 2229 1983 2299 amplius
2015 2228 2186 2283 Deum
2221 2229 2274 2282 in
2300 2229 2563 2297 speculis,
2591 2243 2770 2298 neque
2803 2243 2898 2297 per
2930 2228 3109 2282 aliena
3131 2241 3343 2296 cogno-

1749 2337 1970 2378 scemus
2022 2321 2089 2385 ⁸³,
2146 2321 2240 2375 sed
2290 2321 2357 2374 ad
2406 2321 2585 2390 ipsum
2633 2322 2802 2374 veluti
2842 2321 3020 2374 solum
3072 2328 3128 2376 et
3171 2335 3342 2374 unum

1751 2417 2130 2481 accedemus;
2187 2423 2319 2468 tunc
2367 2422 2420 2469 et
2481 2423 2790 2469 extremum
2843 2413 3006 2468 ﬁnem
3070 2415 3332 2470 sciemus.

1747 2505 1882 2560 Nam
1904 2507 2112 2561 Christi
2139 2521 2366 2576 regnum
2391 2520 2514 2562 esse
2545 2506 2728 2562 ferunt
2753 2521 2972 2560 onmem
3002 2506 3344 2561 materialcm

1749 2599 2116 2669 cognitionem
2145 2615 2160 2664 ;
2194 2597 2290 2652 Dei
2321 2613 2452 2652 vero
2479 2605 2534 2652 et
2558 2597 2760 2665 Patris,
2793 2597 3233 2665 immaterialem,
3265 2605 3340 2666 et,

1749 2696 1808 2744 ut
1839 2691 1912 2742 ita
1946 2689 2202 2752 dixerim,
2239 2689 2411 2758 ipsius
2441 2689 2748 2742 divinitatis
2782 2689 3326 2758 contemplationem.

1747 2781 1925 2852 Atque
1964 2781 2128 2835 etiam
2173 2779 2438 2834 Dominus
2488 2787 2678 2835 noster
2724 2789 2778 2834 et
2815 2781 2940 2850 ipse
2991 2779 3115 2832 linis
3158 2788 3260 2843 est,
3288 2788 3343 2836 et

1747 2884 1989 2928 extrema
2035 2873 2318 2928 beatitudo
2371 2873 2679 2930 secundum
2739 2871 2902 2928 Verbi
2941 2873 3343 2928 consideratio-

1748 2983 1893 3020 nem.
1930 2965 2074 3030 Quid
2118 2967 2264 3021 enim
2298 2967 2375 3019 ait
2411 2966 2466 3020 in
2502 2964 2840 3035 Evangelia?
2877 2963 2943 3017 Et
2974 2981 3070 3034 ego
3112 2966 3343 3018 resusci-

1751 3057 1873 3112 tabo
1909 3075 2027 3112 eum
2072 3059 2127 3112 in
2175 3060 2461 3113 novissimo
2492 3057 2578 3112 die
2605 3058 2650 3090 ⁸⁸
2694 3077 2707 3112 :
2755 3058 3214 3112 resurrectionem
3258 3059 3342 3110 di-

1750 3167 1882 3206 cens
1912 3152 2206 3206 transitum
2241 3167 2270 3204 a
2307 3151 2579 3205 niateriali
2626 3149 2940 3220 cognitione
2963 3149 3028 3203 ad
3060 3150 3344 3203 immorta-

1750 3243 1854 3298 letn
1880 3245 2402 3314 contemplationem
2425 3262 2439 3308 ;
2468 3243 2580 3314 86
2602 3243 2746 3296 dtem
2775 3252 2954 3296 autem
2981 3242 3339 3296 novissimum

1752 3338 2036 3408 appellans
2085 3351 2206 3391 eam
2274 3336 2678 3405 cognitionem,
2725 3342 2849 3405 post
2891 3349 3058 3404 quam
3102 3349 3212 3387 non
3255 3341 3344 3388 est

1752 3429 1882 3486 alia.
1913 3428 2068 3484 Tunc
2099 3429 2244 3483 enim
2282 3445 2436 3483 mens
2469 3437 2656 3484 nostra
2682 3428 2978 3492 excitatur,
3023 3433 3077 3480 et
3108 3427 3176 3480 ad
3207 3425 3339 3480 bea-

1747 3528 1856 3574 tam
1889 3521 2287 3575 sublimitatem
2333 3520 2588 3589 erigitur,
2621 3535 2746 3572 cum
2781 3517 2946 3572 Verbi
2982 3518 3247 3573 unitatem
3276 3534 3342 3573 ac

1748 3614 1983 3669 monada
2039 3613 2406 3684 contemplata
2465 3613 2650 3667 fuerit.
2717 3610 2824 3666 Sed
2874 3615 3129 3680 quoniam
3183 3625 3340 3666 mens

1747 3715 1940 3761 nostra
1986 3707 2232 3762 crassior
2271 3705 2464 3761 elfecta
2515 3713 2676 3759 terra:
2725 3704 2929 3774 illigata
2974 3713 3080 3769 est,
3128 3709 3184 3757 et
3225 3703 3340 3757 luto

1753 3797 2112 3860 admiscetur,
2164 3807 2219 3852 et
2263 3796 2715 3865 contemplationi
2763 3792 2924 3848 nuda:
2965 3795 3172 3847 intenta
3216 3807 3341 3847 esse

1753 3907 1864 3947 non
1897 3900 2078 3962 potest
2105 3908 2120 3957 ;
2153 3906 2251 3960 per
2291 3897 2558 3960 cognatas
2586 3888 2806 3958 corpori
2835 3887 3009 3957 ipsius
3040 3887 3342 3955 pulchritu-

1754 3983 1915 4039 dines
1947 3999 2114 4037 manu
2153 3983 2340 4046 ducta,
2377 3981 2682 4036 conditoris
2706 3980 3054 4050 operationes
3085 3977 3341 4032 conside-

1753 4083 1862 4139 rat,
1897 4090 2072 4144 eaque
2106 4074 2328 4130 interim
2380 4087 2449 4127 ex
2496 4071 2785 4128 effectibus
2829 4071 3138 4142 cognoscit,
3171 4077 3230 4124 ut
3262 4070 3340 4124 ita

1754 4167 2023 4238 paulatim
2069 4172 2254 4234 aucta,
2288 4163 2506 4236 possint
2545 4161 2838 4235 aliquando
2863 4164 2930 4218 ad
2961 4163 3133 4233 ipsam
3174 4163 3339 4218 etiam

1676 4321 1723 4354 “
1755 4321 1916 4376 Joan.
1971 4339 2046 4387 vt,
2099 4321 2189 4375 40.

117 4435 228 4505 (77)
263 4433 808 4506 Αὑτοδικαιοσύνη.
868 4433 960 4489 Sic
1001 4450 1133 4491 mss.
1188 4434 1327 4489 Male
1375 4433 1432 4488 in
1481 4433 1640 4492 editis

1751 4436 1842 4490 Ait
1868 4438 2015 4492 enim
2050 4445 2204 4491 ‘tom.
2252 4435 2319 4500 II,
2371 4453 2425 4506 p.
2465 4437 2592 4500 520,
2625 4435 2848 4506 angelos
2879 4435 2934 4488 in
2963 4432 3204 4506 divinam
3254 4432 3340 4486 fa-

45 4507 207 4568 αὐτὸς
239 4508 338 4576 και
356 4505 714 4576 δικαιοσύνη.

116 4577 232 4644 (78)
267 4573 468 4631 Οἶδεν.
511 4575 605 4647 Sic
647 4571 772 4630 libri
810 4584 1023 4631 veteres
1054 4590 1154 4646 pro
1191 4571 1354 4639 εἶδεν,
1385 4583 1439 4631 et
1477 4576 1642 4647 paulo

46 4659 166 4717 post
199 4650 352 4700 ἶσα-σι
385 4661 484 4716 pro
510 4645 703 4699 οἴδασι.

115 4718 230 4787 (79)
267 4714 592 4784 Συπλκρίσει
616 4716 745 4778 τοῦ,
775 4723 881 4770 etc.
910 4714 1045 4770 Tota
1075 4715 1190 4787 haec
1218 4715 1527 4785 explicandi
1561 4732 1643 4770 ra-

47 4785 135 4841 tio‘
159 4785 271 4843 nOn
306 4804 408 4843 sua
445 4796 641 4854 sponte
671 4787 928 4849 deducta,
964 4787 1058 4842 sed
1090 4785 1142 4838 vi
1178 4795 1456 4854 pertracta
1498 4789 1638 4841 mul-

47 4863 116 4912 tis
145 4858 448 4913 videbitur.
483 4857 590 4911 Sed
621 4857 754 4911 illud
803 4857 870 4910 ad
907 4857 1284 4912 excusandum
1339 4857 1636 4924 diﬂicilius,

48 4930 189 4996 quod
240 4929 323 4982 ait
382 4928 619 4982 Basilius
671 4928 987 4998 angelorum
1045 4927 1330 4998 scientiam
1370 4941 1638 4998 crassam

49 5017 184 5064 esse,
237 5001 288 5054 si
325 5008 678 5068 comparetur
723 4997 847 5052 cum
898 5013 961 5051 ea
1000 5013 1122 5066 qua:
1151 5005 1234 5051 est
1277 4997 1414 5068 facie
1453 4997 1520 5050 ad
1556 4997 1638 5050 fa-

49 5087 203 5124 Cleln.
237 5067 473 5124 Videtur
515 5068 735 5123 subtilis
782 5068 1096 5137 explicatio,
1126 5082 1290 5136 quam
1323 5067 1412 5120 hic
1450 5069 1637 5138 sequi-

51 5150 152 5202 tur,
186 5142 586 5195 necessitatem
615 5140 664 5191 ei
692 5139 1022 5208 imposuisse
1063 5139 1136 5190 ita
1175 5138 1241 5190 de
1274 5138 1482 5204 angelis
1509 5155 1638 5192 sen-

29 5214 236 5268 tiendi.
277 5210 423 5264 Nam
451 5226 578 5264 cum
613 5210 757 5264 diem
787 5217 842 5263 et
871 5210 1058 5263 horam
1106 5209 1249 5261 idem
1277 5222 1397 5261 esse
1435 5217 1640 5263 statue-

53 5293 145 5341 ret,
181 5297 250 5336 ac
300 5289 606 5336 extremam
661 5280 1096 5342 beatitudinem;
1129 5277 1262 5330 illud
1318 5277 1636 5345 Scripturas,

33 5351 145 5420 ,δαί
168 5369 340 5421 neque
370 5351 550 5421 angeli
570 5351 767 5414 scium,
794 5349 1022 5421 cogebat
1040 5349 1147 5400 illis
1163 5348 1443 5421 visionem
1462 5349 1634 5421 illam,

56 5437 163 5503 quae
195 5417 259 5475 ﬁt
309 5417 459 5503 facie
488 5420 560 5503 ad
588 5421 804 5503 facient,
854 5417 1162 5503 denegare;
1218 5420 1346 5503 quia
1393 5417 1537 5498 idem
1569 5419 1638 5499 de

59 5492 154 5545 illis
197 5509 311 5547 non
348 5498 567 5562 poterat
626 5490 733 5544 dici
777 5490 936 5562 acde
968 5489 1133 5562 Filio,
1182 5504 1278 5542 eos
1309 5489 1375 5541 de
1437 5489 1635 5562 sejpsii

60 5563 188 5616 seire
223 5565 279 5616 id
327 5558 477 5633 quod
515 5569 665 5624 sunt,
710 5561 922 5615 nescire
953 5559 1102 5633 quod
1137 5573 1258 5633 non
1295 5568 1441 5633 sunt.
1477 5558 1633 5624 Quod

63 5634 104 5685 ιι
131 5635 272 5686 hunc
295 5629 485 5688 hausit
517 5633 830 5702 opinionem
859 5647 924 5685 ex
955 5629 1205 5700 Origenis
1237 5629 1502 5702 fontibus,
1539 5633 1631 5699 qui

65 5705 297 5770 panibus
349 5705 489 5759 locis
535 5699 656 5758 eam
706 5702 968 5768 insinuat,
1017 5699 1163 5756 certe
1211 5699 1322 5753 cito
1355 5699 1608 5770 deposuit

1751 4509 1892 4560 ciem
1926 4512 2272 4562 continenter
2304 4505 2543 4562 intentos
2581 4505 2772 4562 oculos
2811 4506 3028 4560 habere.
3069 4505 3209 4556 Idem
3241 4520 3339 4556 ιο-

1750 4587 1834 4631 cet
1872 4579 1924 4631 in
1969 4579 2378 4632 Con'inzentario
2419 4580 2474 4631 in
2520 4577 2722 4631 Isaiam
2767 4593 2819 4646 p.
2855 4575 2980 4640 515,
3013 4591 3070 4627 ιι.
3121 4572 3244 4635 183,
3282 4581 3338 4627 et

1751 4648 1806 4702 in
1841 4648 1978 4702 libro
2013 4648 2090 4701 De
2116 4648 2318 4715 Spiritu
2353 4659 2558 4708 sancto.
2598 4664 2718 4718 cap.
2748 4647 2834 4700 16.

1824 4718 1937 4788 (80)
1969 4719 2330 4773 Μετάϐασιν.
2377 4719 2527 4772 Ilanc
2561 4717 2746 4771 vocem
2805 4717 3057 4788 addimus
3084 4730 3148 4767 ex
3197 4730 3329 4788 mss.

1751 4785 1830 4927 Εήιι
1864 4785 2056 4844 iisdem
2101 4791 2336 4860 legimus
2369 4791 2584 4862 ἡμέραν
2617 4789 2671 4842 δὲ
2713 4791 2812 4860 τήν
2847 4802 2946 4856 pro
2985 4785 3083 4856 τὴν
3119 4785 3336 4854 ἡμέραν

1751 4875 1776 4910 τ
1819 4876 1867 4912 ν.

1746 4875 1867 4912 την.

1821 4929 1934 5000 (81)
1979 4932 2256 5000 Κόσμων.
2303 4931 2396 4984 Ait
2443 4929 2806 4984 Combeﬁsius
2842 4945 2856 4981 :
2895 4925 3044 5000 Dura
3089 4923 3218 5000 mihi
3251 4923 3338 4978 hic

1747 4995 1853 5072 eoa;
1875 4995 1987 5072 :_'sit
2013 4995 2121 5068 ρινο’
2133 5002 2433 5072 στοιχείων,
2463 5016 2556 5072 per
2573 5009 2796 5068 cognata
2827 4997 3036 5072 corpori
3056 4995 3332 5072 elementa.

1750 5069 1857 5144 Sed
1897 5067 2081 5125 hacin
2117 5067 2394 5144 reptninus
2429 5071 2562 5126 vidit
2595 5067 2692 5144 vir
2727 5067 3013 5144 eruditus;
3052 5082 3158 5118 non
3187 5067 3331 5144 enim

1751 5139 1894 5194 idem
1948 5151 2107 5195 sonat
2142 5143 2232 5195 illa
2284 5159 2385 5196 vox
2419 5158 2482 5196 ac
2531 5140 2733 5204 mundi,
2764 5138 2920 5208 quasi
2952 5139 3135 5206 plures
3183 5138 3335 5201 ejus-

1749 5212 1898 5265 modi
1942 5214 2176 5266 mundos
2207 5213 2460 5266 admittat
2497 5211 2762 5277 Basilius;
2794 5209 2888 5262 sed
2928 5209 3067 5260 idem
3107 5220 3336 5277 prorsus

1748 5295 1813 5333 ac
1846 5292 2098 5346 ornatus,
2135 5284 2248 5336 sive
2273 5291 2330 5335 ut
2357 5284 2432 5335 ait
2455 5282 2688 5334 Basilius
2718 5275 2772 5332 in
2804 5279 2966 5346 epist.
2991 5277 3024 5330 6
3055 5296 3065 5329 :
3099 5275 3180 5326 Τὰ
3205 5276 3334 5345 περὶ

1747 5352 1851 5422 γῆν
1891 5353 2084 5422 κάλλη,
2133 5353 2552 5422 pulchritudines
2601 5361 2871 5422 qua:_sunt
2921 5364 3065 5422 circa
3086 5357 3329 5422 _terran_t.

1748 5416 2245 5478 Iit'Commentario
2275 5425 2326 5475 in
2365 5421 2569 5476 Isaiam
2600 5416 2656 5474 ιί.
2686 5420 2774 5483 58,
2820 5435 2873 5488 p.
2908 5417 3034 5480 422,
3083 5416 3332 5470 Ecclesia

1745 5493 1951 5547 dicitur
1981 5495 2284 5564 πρέπουσιν
2311 5495 2476 5563 ἑαυτῇ
2507 5492 2731 5562 κόσμοις
2763 5488 3180 5564 κεκοσμημένη,
3211 5502 3336 5540 con-

1744 5559 2066 5618 venientibus
2117 5563 2220 5618 sibi
2263 5559 2587 5618 ornamentis
2615 5559 2916 5614 instructa.
2962 5559 3162 5614 Eadem
3193 5572 3333 5614 voce

1745 5637 1918 5689 utitur
1949 5634 2243 5706 Gregorius
2273 5633 2650 5689 Nazianzenus
2683 5631 2842 5704 epist.
2880 5629 3004 5686 107.
