3888 6214
526 171 634 229 259

1777 162 1848 220 δε.
1886 160 2134 218 ΒΑδιιιι
2171 158 2386 218 MAGNI

3705 150 3874 210 960

484 348 488 352 ,
524 286 731 347 nudam
779 284 1122 342 divinitatem
1170 280 1456 340 accedere.
1495 280 1567 336 In
1609 278 1872 337 teamdem
1923 285 2104 333 autem

2269 282 2335 335 ῡκ
2362 280 2536 333 ἐστιν
2565 275 2714 346 ἐμὸν
2744 270 2976 339 δοῦναι,
3009 271 3148 329 ἀλλ’
3180 263 3272 339 οἷς
3293 269 3655 340 ἡτοίμασται
3692 266 3874 323 ὑπὸ

472 392 486 436 ἰ
528 380 770 435 arbitror
810 375 1137 433 sententiam
1176 374 1384 428 dictum
1434 373 1606 428 fuisse
1632 379 1700 427 εει
1738 371 1869 427 illud
1905 386 1918 422 :
1950 369 2116 423 Pater

484 456 487 459 5
528 471 707 542 major
736 485 818 524 me
846 477 922 523 est
954 468 998 499 ⁸⁸
1030 484 1045 522 :
1087 465 1221 521 illud
1244 466 1454 532 itidem,
1483 462 1606 517 Non
1641 474 1720 517 est
1750 479 1921 517 meum
1960 465 2112 525 dare,

529 566 621 622 sed
664 562 852 636 quibus
897 568 1146 629 paratum
1183 566 1264 612 est
1295 574 1328 611 a
1377 555 1540 611 Patre
1576 556 1644 609 °‘.
1677 554 1791 609 Hoc
1840 553 1986 609 enim
2029 561 2116 608 est

530 658 679 728 quod
718 664 774 711 et
813 653 1070 710 Christus
1115 666 1344 721 regnum
1383 649 1611 704 tradere
1662 648 1869 703 dicitur
1900 646 2012 702 Deo
2060 653 2116 701 et

530 745 681 803 Patri
713 746 801 813 ⁶⁷;
847 760 972 801 cum
1016 742 1293 813 primitiae,
1341 756 1449 796 non
1501 740 1626 796 linis
1668 741 1761 802 sit,
1813 738 2114 795 secundum

528 838 845 901 rudiorem,
910 843 971 892 ut
1018 835 1163 899 dixi,
1215 835 1559 898 doctrinam,
1611 848 1732 903 quae
1782 832 1955 887 nostri
2003 846 2116 887 non

530 925 713 1001 ipsius
756 926 881 981 Filii
913 933 1169 996 respectu
1212 924 1559 994 intelligitur.
1604 922 1760 989 Quod
1788 931 1969 978 autem
2000 922 2117 976 haec

529 1019 607 1074 ita
634 1034 694 1076 se
720 1018 942 1083 habent,
989 1031 1183 1072 rursus
1234 1015 1524 1085 discipulis
1547 1015 1619 1086 ιἰιι
1650 1014 1805 1069 Actis
1835 1014 2116 1084 apostolo-

529 1125 653 1166 rum
732 1109 1244 1180 interrogantibus,
1300 1106 1528 1174 Quando
1590 1107 1832 1162 restitues
1896 1122 2114 1177 regnum

533 1202 730 1265 Israel,
760 1200 1076 1273 respondit,
1126 1198 1248 1253 Non
1285 1208 1361 1253 est
1404 1209 1634 1253 vestrum
1679 1213 1831 1251 nosse
1879 1204 2115 1266 tempora

529 1297 611 1353 uel
672 1303 959 1373 momenta,
1005 1309 1122 1364 qua:
1162 1292 1331 1348 Pater
1372 1293 1551 1360 posuit
1599 1293 1653 1345 in
1700 1292 1919 1362 propria
1965 1301 2113 1359 pote-

530 1390 672 1442 state
719 1388 785 1442 ⁸⁸.
831 1384 949 1440 Hoc
992 1392 1097 1451 est,
1151 1399 1263 1439 non
1315 1397 1508 1438 eorum
1558 1389 1667 1437 est.
1714 1380 1809 1452 qui
1859 1381 2011 1436 carni
2058 1392 2114 1438 et

529 1478 785 1550 sanguini
819 1476 1012 1548 illigati
1056 1482 1207 1539 sunt,
1257 1474 1384 1529 talis
1430 1472 1586 1544 regni
1634 1471 1897 1543 cognitio.
1923 1471 2115 1527 Posuit

528 1572 677 1628 enim
734 1572 902 1625 Pater
963 1567 1483 1638 contemplationem
1550 1565 1715 1620 istam
1774 1565 1831 1618 in
1889 1563 2113 1635 propria

528 1669 800 1735 potestate
844 1679 859 1716 :
900 1667 1222 1731 potestatem
1267 1659 1457 1714 dicens
1494 1672 1612 1722 eos,
1651 1657 1745 1728 qui
1792 1656 1897 1712 sub
1939 1656 2115 1727 ipsius
2145 1647 2188 1701 Β

530 1762 661 1811 sunt
709 1759 1031 1826 potestate;
1079 1748 1335 1823 praprios
1382 1765 1514 1806 vero
1559 1765 1678 1813 eos,
1736 1765 1879 1820 quos
1925 1765 2114 1805 rerum

528 1847 853 1903 inferiorum
897 1845 1170 1917 ignoratio
1211 1857 1322 1898 non
1366 1848 1538 1898 tenet.
1590 1839 1770 1895 Nolim
1816 1847 2003 1895 autem
2031 1840 2117 1893 in-

528 1943 743 2013 telligas
786 1949 1034 2011 tempora
1071 1946 1127 1994 et
1165 1943 1446 1992 momenta
1499 1934 1807 2000 sensibilia,
1841 1934 1936 1989 sed
1968 1948 2118 2004 quae-

528 2034 654 2089 dam
680 2032 1013 2104 cognitionis
1057 2028 1343 2085 intervalla
1372 2042 1405 2082 a
1436 2027 1552 2083 sole
1578 2024 1913 2097 intelligibili
1949 2023 2113 2080 facta.

528 2124 757 2196 Oportet
817 2124 964 2179 enim
1017 2123 1176 2178 istam
1240 2119 1459 2176 Domini
1506 2118 1687 2175 nostri
1741 2116 2115 2190 precationem

530 2218 599 2273 ad
644 2218 805 2273 tinem
845 2215 1069 2287 perduci
1117 2229 1184 2269 ac
1229 2212 1472 2284 impleri.
1505 2210 1671 2268 Jesus
1699 2211 1847 2266 enim
1886 2216 1973 2266 est
2020 2208 2114 2280 qui

528 2315 791 2383 precatus
822 2314 909 2364 est
946 2325 960 2362 :
989 2307 1076 2360 Da
1096 2306 1196 2371 eis,
1224 2314 1282 2359 ut
1312 2314 1362 2359 et
1394 2304 1502 2375 ipsi
1528 2304 1584 2358 in
1619 2303 1768 2358 nobis
1800 2318 1963 2357 unum
1983 2302 2113 2366 sint,

527 2401 667 2457 sicut
698 2416 792 2472 ego
821 2408 873 2454 et
904 2410 983 2465 tu,
1017 2399 1205 2463 Pater,
1248 2413 1414 2452 unum
1458 2412 1645 2451 sumus
1683 2395 1750 2449 θ’.
1780 2393 1927 2450 Deus
1967 2394 2114 2449 enim

528 2508 655 2549 cum
696 2508 844 2549 unus
884 2492 978 2560 sit,
1023 2491 1072 2547 si
1116 2491 1174 2545 in
1216 2489 1449 2561 singulis
1485 2487 1674 2554 fuerit,
1716 2502 1912 2543 omnes
1943 2490 2130 2542 unum

529 2584 735 2653 eﬂicit;
768 2592 823 2639 et
848 2581 1411 2650 accedenteunitate,
1439 2578 1584 2651 perit
1620 2592 1906 2633 numerus.
1938 2575 2116 2646 Atque

530 2675 788 2747 equidem
828 2675 911 2729 sic
945 2687 1241 2745 aggressus
1286 2686 1409 2728 sum
1458 2671 1563 2724 hoc
1614 2668 1821 2722 dictum
1872 2667 2117 2723 secundo

526 2766 855 2822 tentamine.
886 2765 1045 2833 Quod
1092 2764 1139 2820 si
1174 2763 1301 2834 quis
1342 2762 1570 2817 meliora
1602 2760 1774 2824 dicat,
1803 2766 1899 2814 aut
1922 2767 2115 2815 nostra

528 2861 621 2931 pie
646 2857 941 2925 emendet;
998 2864 1053 2912 et
1106 2856 1274 2921 dicat,
1320 2861 1375 2910 et
1415 2853 1691 2919 emendet,
1743 2861 1798 2909 et
1840 2867 1965 2907 eum
2013 2867 2115 2923 pro

528 2951 692 3006 nobis
723 2948 1099 3005 remunerabit
1143 2945 1429 3002 Dominus.
1459 2943 1620 2999 Nulla
1649 2944 1793 2999 enim
1831 2942 1974 3015 apud
2011 2959 2114 2999 nos

529 3041 743 3097 habitat
772 3040 1001 3103 invidia,
1032 3048 1091 3093 ut
1114 3037 1210 3109 qui
1243 3053 1345 3094 nec
1367 3037 1762 3102 contentionis,
1789 3051 1891 3092 nec
1925 3036 2113 3091 inanis

529 3134 721 3207 gloria:
761 3132 947 3189 studio
998 3131 1067 3186 ad
1108 3131 1252 3186 hanc
1295 3130 1590 3186 verborum
1634 3129 2113 3200 investigationem

534 3225 940 3283 accesserimus
970 3241 985 3291 ;
1036 3223 1133 3279 sed
1167 3229 1395 3293 propter
1424 3221 1659 3276 fratrum
1688 3222 2008 3288 utilitatem,
2044 3236 2115 3277 ne

544 3326 789 3375 testacea
815 3329 947 3371 vasa
985 3314 1307 3370 thesaurum
1337 3312 1433 3368 Dei
1464 3313 1724 3370 habentia
1754 3314 1826 3368 ab
1870 3313 2113 3369 homini-

531 3408 638 3465 bus
670 3422 837 3470 saxeo
882 3405 1048 3462 corde
1081 3404 1326 3476 praeditis
1387 3412 1442 3461 et
1481 3405 1911 3471 incircumcisis,
1985 3405 2083 3476 qui
2120 3421 2189 3462 ex

525 3504 786 3559 deantur.

606 3594 661 3649 8.
703 3591 920 3649 Rursus
967 3607 1064 3664 per
1109 3593 1415 3664 sapientem
1476 3589 1827 3648 Salomonem
1884 3592 1939 3646 in
1980 3589 2118 3646 Pro-

525 3685 734 3742 verbiis
776 3692 996 3741 creatus
1026 3693 1131 3742 est.
1171 3685 1432 3740 Dominus
1477 3685 1639 3749 enim,
1675 3685 1876 3755 inquit,
1923 3686 2121 3739 creavit

530 3797 612 3835 me
636 3779 705 3835 7°.
741 3776 808 3832 Et
853 3778 1073 3833 initium
1106 3779 1323 3834 viarum
1372 3777 1812 3847 evangelicarum
1864 3780 2118 3833 nomina-

528 3879 641 3934 tur,
673 3884 796 3940 quae
846 3884 950 3924 nos
997 3866 1065 3921 ad
1106 3881 1337 3936 regnum
1386 3865 1660 3919 caelorum
1706 3865 1965 3928 ducunt;
2008 3878 2119 3917 non

538 3960 841 4016 secundum
886 3958 1186 4015 essentiam
1224 3965 1502 4019 creatura,
1538 3956 1633 4010 sed
1673 3956 1973 4011 secundum
2005 3956 2123 4010 dis-

529 4054 913 4125 pensationem
939 4052 1118 4107 factus
1151 4051 1260 4108 via.
1290 4049 1426 4104 Nam
1463 4050 1669 4120 factum
1700 4066 1832 4115 esse,
1879 4055 1934 4103 et
1968 4065 2117 4103 crea-

530 4150 643 4197 tum
669 4158 800 4210 esse,
835 4142 979 4196 idem
1007 4141 1338 4211 signiﬁcant.
1374 4139 1578 4196 Factus
1615 4151 1702 4196 est
1742 4143 1888 4195 enim
1921 4150 2115 4209 quate-

2140 2994 2189 3056 ϐ

2215 371 2324 427 τοῦ
2346 372 2602 440 Πατρός.
2636 369 2806 423 Τοῦτο
2835 368 2947 441 γάρ
2973 369 3090 422 ἐστι
3126 368 3222 422 καί
3244 367 3306 422 τὸ
3346 363 3695 438 παραδοῦναι
3722 363 3874 433 τὴν

2218 463 2493 536 βασιλείαν
2517 461 2608 515 τὸν
2638 460 2873 534 Χριστὸν
2901 458 2981 533 τῷ
3008 458 3127 531 Θεῷ
3165 461 3261 513 καὶ
3300 457 3473 529 Πατρί
3495 472 3509 487 ⁸
3543 454 3874 526 ἀπαρχὴν

2214 558 2345 611 ὄντα
2371 557 2467 611 καὶ
2512 555 2575 609 ού
2628 554 2804 619 τέλος,
2834 555 2978 608 κατὰ
3004 554 3104 624 τὴν
3156 551 3491 625 παχυτέραν,
3533 549 3614 613 ὡς
3648 548 3874 617 ἔφην,

2214 648 2587 714 διδασκαλίαν,
2617 649 2740 719 ἥτις
2767 647 2844 711 ὡς
2876 645 3015 719 πρὸς
3042 647 3215 718 ἡμᾶς,
3250 646 3344 700 καί⁵
3383 645 3445 698 ού
3481 642 3622 713 πρὸς
3647 638 3874 694 αὐτὸν

2215 742 2306 796 τὸν
2340 741 2469 795 Υἰὸν
2491 741 2797 810 θεωρεῖται.
2835 739 2957 793 Ὅτι
2988 738 3045 791 δὲ
3082 736 3238 791 ταῦθ’
3270 735 3442 799 οὕτως
3471 733 3610 805 ἔχει,
3642 730 3874 785 πάλιν

2217 835 2525 906 ὲρωτήσασι
2553 835 2668 896 τοῖς
2684 830 2952 903 μαθηταῖς
2994 832 3052 883 ὲν
3085 832 3207 889 ταῖς
3233 826 3472 900 Πρὰξεσι
3518 824 3632 879 τῶν
3670 826 3874 878 ἀποα-

2219 925 2420 980 στόλων
2448 925 2528 979 τό⁶
2581 925 2733 979 Πότε
2773 920 3281 988 ἀποκαθιστανεῒς
3317 918 3434 988 τὴν
3472 918 3874 984 βασιλείαν

2215 1016 2298 1084 τῷ
2335 1016 2596 1087 Ἰσραὴλ,
2653 1015 2817 1087 φησίν
2837 1030 2850 1045 ·
2887 1016 3012 1083 Οὐχ
3057 1011 3230 1083 ἡμῶν
3258 1013 3394 1066 ἐστι
3423 1009 3653 1081 γνῶναι
3678 1010 3874 1078 χρόπ

2216 1130 2365 1177 νους
2386 1111 2424 1180 ἢ
2451 1109 2698 1179 καιροὺς
2729 1107 2839 1176 (82)
2861 1147 2876 1173 ,
2928 1107 3057 1175 οὓς⁹
3085 1108 3118 1159 ό
3170 1103 3377 1172 Πατὴρ
3421 1104 3589 1158 ἔθετο
3624 1102 3709 1154 ἐν
3766 1098 3874 1170 τῇ

2216 1203 2337 1272 ἰδίᾳ
2366 1202 2640 1269 ἐξουσίᾳ.
2666 1200 2981 1261 Τουτέστιν,
3005 1198 3066 1252 ού
3086 1196 3195 1252 τῶν
3214 1195 3612 1266 συνδεδεμένων
3646 1194 3874 1265 σαρκὶ

2216 1299 2312 1351 καὶ
2327 1297 2524 1368 αἵματι
2553 1296 2655 1366 τῆς
2686 1293 2942 1365 τοιαύτης
2976 1290 3253 1364 βασιλείας
3276 1291 3310 1362 ἡ
3330 1288 3550 1358 γνῶσις.
3585 1287 3874 1359 Ταύτην

2216 1389 2325 1461 γὰρ
2347 1387 2445 1459 τὴν
2475 1386 2707 1458 θεωρίαν
2739 1388 2769 1439 6
2789 1385 2981 1456 Πατὴρ
3008 1383 3302 1438 ἐναπέθετο
3324 1385 3391 1452 τῇ
3420 1381 3525 1453 ἰδίᾳ
3543 1379 3827 1452 ἐξουσίᾳ
3854 1399 3873 1410 ·

2216 1480 2462 1548 ἐξουσίαν
2493 1480 2664 1549 λέγων
2686 1478 2813 1542 τοὺς
2853 1475 3360 1548 ὲξουσιαζομένους,
3401 1475 3563 1538 ἰδίους
3597 1473 3685 1538 δὲ,
3734 1474 3874 1538 οὓς

2221 1573 2296 1644 μὴ
2338 1571 2559 1642 κατέχει
2597 1571 2711 1641 (85)
2742 1571 2933 1635 ἄγνοια
2960 1569 3068 1622 τῶν
3094 1569 3397 1640 κατωτέρω
3437 1567 3873 1639 πραγμάτων.

2218 1664 2458 1735 Χρόνους
2481 1664 2538 1717 δὲ
2572 1663 2666 1717 καὶ
2692 1664 2920 1734 καιροὺς
2954 1664 3029 1734 μή
3057 1679 3155 1733 μοι
3187 1662 3298 1715 νόει
3323 1659 3641 1732 αἰσθητοὺς,
3674 1661 3874 1716 ἀλλὰ

2218 1755 2565 1826 διαστήματά
2578 1771 2698 1808 τινα
2717 1753 2972 1823 γνώσεως
3005 1753 3110 1806 ὑπὸ
3139 1753 3234 1807 τοῦ
3252 1752 3444 1823 νοητοῦ
3473 1751 3628 1823 ἡλίου
3662 1755 3874 1823 γινό-

2218 1864 2381 1919 μενα.
2401 1850 2493 1900 Δεῖ
2510 1846 2616 1920 γὰρ
2640 1845 2736 1917 τὴν
2759 1845 3067 1919 προσευχὴν
3085 1845 3302 1917 ἐκείνην
3324 1845 3418 1898 ἐπὶ
3433 1845 3608 1917 πέρας
3641 1846 3873 1919 ἀχθῆ-

2218 1939 2417 1994 ναιτοῦ
2445 1940 2715 1993 Δεσπότου
2752 1938 2929 2010 ἡμῶν.
2963 1938 3171 2010 Ἰησοῦς
3201 1939 3311 2009 γάρ
3327 1940 3474 1991 ἐστιν
3510 1939 3539 1990 6
3566 1954 3874 2009 προσευ-

2221 2030 2451 2102 ξάμενος
2477 2044 2491 2058 ·
2558 2030 2669 2097 Δὸς
2702 2030 2931 2097 αὐτοῖς,
2981 2031 3083 2084 ἵνα
3136 2033 3235 2084 καὶ
3262 2030 3436 2085 αὐτοὶ
3463 2030 3532 2084 ἐν
3564 2030 3744 2100 ἡμῖν
3780 2033 3874 2087 ἐν

2215 2118 2352 2187 ὦσι,
2375 2121 2571 2190 καθὼς
2584 2123 2701 2193 ἐγὼ
2720 2123 2820 2176 καὶ
2854 2123 2937 2177 σὺ
2975 2122 3047 2177 ἓν
3076 2123 3285 2193 ἐσμεν,
3329 2122 3541 2193 Πάτερ.
3576 2119 3681 2188 Εἷς
3716 2127 3874 2197 γὰρ

2217 2216 2294 2271 ῶν
2317 2218 2346 2269 ὁ
2374 2215 2530 2281 Θεὸς,
2567 2217 2627 2269 ἐν
2668 2216 2886 2286 ἑκάστῳ
2928 2216 3234 2287 γινόμενος,
3264 2218 3376 2271 ὲνοῖ
3409 2218 3536 2281 τοὺς
3560 2217 3830 2283 πάντας
3856 2240 3874 2252 -

2218 2310 2314 2365 καὶ
2343 2309 2641 2364 ἀπόλλυται
2670 2311 2700 2362 6
2742 2310 2977 2382 ἀριθμὸς
3005 2313 3070 2383 τῇ
3098 2311 3200 2382 τῆς
3248 2309 3476 2382 μονάδος
3511 2309 3870 2386 ἐπιδημίᾳ.

2215 2400 2391 2471 Κάγὼ
2446 2400 2545 2473 μὲν
2586 2399 2762 2465 οὕτως
2796 2400 3064 2456 ἐπέϐαλον
3103 2402 3182 2474 τῷ
3211 2400 3361 2475 ρητῷ
3397 2401 3509 2475 (84)
3539 2402 3698 2456 κατὰ
3732 2405 3873 2477 τὴν

2215 2491 2474 2564 δευτέραν
2504 2490 2869 2564 ἐπιχείρησιν.
2900 2492 2965 2546 Et
2993 2491 3051 2545 δέ
3072 2509 3157 2556 τις
3172 2491 3378 2563 βέλτιον
3400 2492 3567 2562 λέγοι,
3599 2493 3636 2565 ἢ
3666 2493 3874 2569 διορτ

2217 2583 2336 2656 θοίη
2359 2583 2600 2648 εὐσεϐῶς
2615 2584 2684 2637 τὰ
2709 2586 2974 2657 ἡμέτερα,
3000 2585 3095 2638 καὶ
3116 2584 3321 2654 λεγέτω
3335 2585 3428 2639 καὶ
3446 2584 3868 2657 διορθούσθω,

2216 2677 2312 2728 καὶ
2367 2676 2396 2728 6
2438 2675 2644 2748 Κύριος
2691 2675 3062 2730 ἀνταποδώσει
3092 2676 3233 2746 ὑπὲρ
3265 2677 3445 2747 ἡμῶν.
3485 2675 3691 2740 Οὐδεὶς
3717 2680 3873 2753 γὰρ

2217 2767 2346 2840 παρ’
2401 2769 2533 2840 ἡμῖν
2586 2766 2863 2833 αὐλίζεται
2896 2766 3108 2837 φθόνος,
3150 2768 3238 2821 ὅτι
3292 2767 3428 2839 μηδὲ
3471 2767 3871 2837 φιλονεικίας

2216 2860 2401 2914 ἕνεκεν
2433 2858 2467 2931 ἢ
2499 2859 2805 2926 κενοδοξίας
2832 2859 2942 2930 (83)
2965 2860 3059 2912 ἐπὶ
3090 2860 3248 2931 τήνδε
3280 2859 3383 2930 τὴν
3414 2858 3671 2924 ἐξέτασιν
3718 2864 3871 2917 τῶν

2219 2951 2479 3022 ῥημάτων
2543 2950 2943 3021 κεχωρήκαμεν
2962 2961 2976 2976 ⁸
3014 2947 3131 3001 ἀλλ’
3161 2947 3434 3018 ὠφελείας
3469 2949 3660 3002 ἕνεκεν
3713 2953 3868 3007 τῶν

2219 3041 2485 3112 ἀδελφῶν,
2539 3041 2682 3113 ὑπὲρ
2734 3041 2828 3095 τοῦ
2893 3040 2969 3112 μὴ
3014 3040 3207 3094 δοκεῖν
3235 3038 3703 3113 παρακρούεσθαι
3775 3044 3870 3099 τὰ

2220 3133 2521 3205 ὀστράκινα
2549 3131 2742 3204 σκεύη,
2780 3130 2851 3185 τὰ
2885 3131 2977 3185 τὸν
3012 3131 3284 3204 θησαυρὸν
3309 3131 3503 3202 ἔχοντα
3524 3132 3625 3186 τοῦ
3649 3132 3866 3201 Θεοῦ,

2221 3225 2327 3279 ὑπὸ
2357 3225 2466 3279 τῶν
2523 3223 2880 3295 λιθοκαρδίων
2932 3224 3028 3279 καὶ
3063 3225 3455 3296 ἀπεριτμήτων
3478 3223 3868 3297 ἀνθρώπων,

2221 3316 2328 3369 τῶν
2363 3318 2428 3368 ὲκ
2447 3314 2550 3385 τῆς
2570 3315 2760 3385 μωρᾶς
2786 3314 3147 3386 ὡπλισμένων
3173 3314 3388 3385 σοφίας.

2228 3409 2396 3465 stulta
2450 3408 2719 3478 sapientia
2782 3410 2979 3462 armati
3049 3395 3221 3475 sunt,
3281 3409 3683 3464 circumveniri
3771 3413 3869 3465 vi-

2293 3591 2346 3646 8.
2382 3591 2554 3645 Πὰλιν
2585 3590 2674 3644 διὰ
2694 3589 2790 3644 τοῦ
2816 3590 2981 3660 σοφοῦ
3012 3591 3356 3663 Σολομῶντος
3385 3597 3443 3648 ὲν
3476 3596 3865 3670 Παροιμίαις

2220 3682 2483 3738 ἔκτισται.
2517 3683 2732 3751 Κῦριος
2780 3683 2911 3753 γὰρ,
2950 3685 3135 3757 φησὶν,
3169 3685 3484 3756 ἕκτισέμε.
3519 3689 3636 3741 Καὶ
3666 3692 3863 3770 ἁρχὴ

2220 3775 2356 3828 ὁδῶν
2378 3775 2748 3844 εὐαγγελικῶν
2774 3775 3123 3847 ὀνομάζεται,
3136 3778 3384 3846 ἀγουσῶν
3397 3781 3544 3851 ἡμᾶς
3557 3783 3712 3854 πρὸς
3729 3788 3867 3861 τὴν

2226 3866 2501 3937 βασιλείαν
2525 3866 2632 3919 τῶν
2679 3867 2946 3939 οὐρανῶν,
2973 3868 3034 3921 ού
3074 3871 3195 3922 κατ’
3222 3870 3410 3924 οὐσίαν
3446 3872 3648 3937 κτίσις,
3675 3878 3868 3936 ἀλλὰ

2223 3957 2367 4010 κατὰ
2392 3957 2490 4027 τὴν
2518 3956 2827 4028 οἰκονομίαν
2869 3958 2990 4022 ὁδὸς
3024 3958 3284 4028 γεγονώς.
3325 3961 3399 4014 Τὸ
3426 3964 3533 4035 γὰρ
3566 3973 3867 4035 γεγ-ονέ-

2222 4064 2345 4112 ναι,
2398 4049 2493 4100 καὶ
2544 4048 2605 4101 τὸ
2651 4048 2941 4113 ἐκτίσθαι,
2969 4052 3164 4104 ταυτὸν
3207 4052 3376 4124 δηλοῖ.
3427 4055 3513 4118 Ὠς
3552 4055 3669 4129 γὰρ
3702 4062 3867 4129 ὁδὸς

2220 4139 2433 4207 γέγονε,
2468 4140 2563 4192 καὶ
2586 4138 2746 4212 θύρα,
2783 4142 2877 4194 καὶ
2901 4143 3122 4214 ποιμὴν,
3142 4148 3235 4198 καὶ
3259 4146 3508 4215 ἄγγελος,
3546 4153 3644 4205 καί⁵
3676 4160 3862 4228 πρό-

531 4251 640 4290 nus
674 4236 762 4289 via
791 4244 843 4288 et
869 4235 1038 4303 janna
1085 4246 1139 4289 et
1174 4244 1364 4304 pastor
1406 4243 1462 4289 et
1498 4235 1729 4289 nuntius
1771 4242 1827 4289 et
1868 4236 2007 4300 ovis,
2051 4248 2117 4288 ac

2269 4247 2420 4295 ιτον,
2475 4237 2570 4286 καὶ
2621 4232 2784 4286 πάλιν
2835 4235 3131 4307 ἀρχιερεὺς
3183 4240 3279 4293 καὶ
3324 4241 3623 4308 ἀπόστολος
3647 4265 3663 4277 -
3732 4253 3859 4306 ἄλ-

531 4338 730 4378 rursus
795 4324 1041 4392 pontifex
1106 4331 1160 4378 et
1217 4325 1547 4393 apostolus;
1608 4325 1930 4380 nominibus
1991 4325 2116 4380 aliis

530 4429 632 4487 pro
658 4415 764 4468 alia
797 4414 1189 4470 considerandi
1219 4416 1432 4471 ratione
1460 4417 1681 4486 positis.
1720 4416 1935 4473 Rursus
1984 4418 2112 4487 quid

532 4508 680 4562 dicat
712 4507 1000 4563 hmreticus
1039 4508 1149 4578 87
1196 4508 1265 4562 de
1296 4523 1407 4563 non
1452 4508 1703 4577 subjecto
1732 4508 1865 4573 Deo,
1907 4518 1961 4564 et
1990 4524 2117 4579 pro-

531 4609 655 4670 pter
700 4614 802 4653 nos
856 4599 1000 4653 facto
1049 4600 1313 4669 peccato?
1377 4598 1652 4670 Scriptum
1702 4616 1938 4670 namque
1977 4609 2112 4655 cst:

531 4688 666 4747 Cum
697 4690 935 4760 subjecta
978 4691 1179 4760 fuerint
1209 4690 1294 4744 illi
1329 4692 1530 4752 omnia,
1563 4701 1686 4745 tunc
1713 4701 1762 4746 et
1792 4695 1907 4762 ipse
1933 4691 2115 4746 Filius

531 4779 797 4847 subjectus
838 4780 939 4833 erit
979 4781 1049 4845 ei,
1102 4780 1194 4848 qui
1239 4778 1466 4849 subjecit
1512 4779 1615 4835 sibi
1661 4782 1841 4835 omnia
1884 4781 1953 4835 η.
1993 4780 2115 4835 Non

532 4869 713 4930 times,
747 4883 781 4923 ο
814 4868 997 4928 homo.
1031 4885 1155 4922 cum
1190 4868 1337 4926 Deus
1379 4886 1491 4925 non
1534 4871 1825 4941 subjectus
1869 4872 2112 4942 appella-

531 4961 654 5013 turl
695 4957 868 5014 Tuam
924 4962 1069 5016 enim
1121 4962 1558 5031 subiectionem,
1614 4979 1772 5019 suam
1834 4963 2005 5030 facit;
2058 4971 2114 5019 et

606 5109 650 5144 "
679 5110 837 5186 Joan.
862 5114 1119 5186 Axrv,‘28.
1195 5114 1459 5186 “‘Matth.
1501 5132 1594 5182 xx,
1640 5116 1726 5171 50.
1805 5117 1851 5148 ⁸⁷
1878 5117 1899 5172 Ι
1929 5116 2057 5175 Cor.
2103 5137 2194 5186 xv,

531 5194 653 5244 Vm,
690 5184 779 5237 22.
856 5184 900 5216 “
934 5183 1100 5239 lCor.
1129 5202 1217 5250 xv,
1243 5184 1335 5240 28.

758 5305 831 5386 ξιξ
857 5306 1120 5386 καιρούς.
1138 5303 1257 5386 ,8ἰο
1284 5321 1419 5386 mss.
1449 5305 1599 5386 ἰξόίιί
1620 5308 1727 5386 ’καὶ
1748 5308 1993 5386 καιρούς.

605 5371 716 5511 ἒὸὂ)
750 5373 867 5439 Οὓς
893 5375 979 5442 μὴ
1013 5371 1270 5454 κατέχει.
1312 5376 1443 5432 Mss.
1468 5372 1543 5430 ὧν
1574 5379 1648 5450 μὴ
1678 5371 1911 5450 μετέχει.

630 5441 720 5510 84)
762 5443 1093 5500 Ἐπέϐαλον
1116 5464 1197 5511 τῳ
1212 5442 1395 5511 ῥητῷ.
1426 5446 1615 5501 Melior
1643 5453 1856 5504 videtur
1885 5451 1911 5503 h

630 5441 720 5510 84)
762 5441 1093 5500 Ἐπέϐαλον
1116 5441 1197 5512 τῷ
1212 5442 1395 5514 ῥητῷ.
1426 5441 1615 5501 Melior
1636 5441 1856 5504 videtur
1885 5451 1998 5505 hac
2022 5466 2113 5506 ve-

534 5514 712 5590 t_cru_m
734 5514 986 5569 codicum
1009 5517 1281 5587 scriptura
1313 5532 1478 5586 quam
1507 5521 1726 5590 vulgata
1753 5520 2024 5574 ἀπέλαϐον
2053 5521 2116 5575 τὸ

536 5580 722 5652 ῥητόν.

2221 4321 2328 4376 λων
2358 4322 2468 4394 (86)
2503 4325 2623 4377 κατ’
2646 4323 2813 4395 ἄλλην
2859 4327 3103 4382 ἐπίνοιαν
3146 4329 3254 4382 τῶν
3299 4331 3579 4405 ὀνομάτων
3616 4354 3687 4391 κε
3700 4347 3860 4413 ιμέ-

2221 4432 2346 4469 νων.
2381 4416 2445 4468 Τί
2467 4415 2532 4469 ἂν
2565 4416 2711 4469 εἴποι
2750 4416 2913 4471 πάλιν
2952 4420 2981 4472 6
3008 4421 3286 4492 αἱρετικὸς
3320 4424 3449 4495 περί
3485 4425 3579 4479 τοῦ
3609 4429 3863 4489 ἀνυπο-

2218 4507 2419 4561 τάκτου
2471 4507 2628 4571 Θεοῦ,
2672 4509 2767 4561 καί
2803 4509 2899 4562 τοῦ
2928 4510 2995 4563 δι’
3021 4514 3169 4582 ἡμᾶς
3205 4514 3478 4586 ἁμαρτίαν
3511 4533 3728 4595 γεγενη
3742 4530 3863 4597 μέ..

2219 4617 2347 4667 νου;
2410 4601 2724 4672 Γέγραπται
2781 4603 2919 4674 γάρ’
2978 4604 3163 4660 Ὅταν
3206 4610 3481 4679 decoram"
3533 4614 3712 4681 αὐτῷ
3768 4624 3862 4677 τὰ

2220 4688 2437 4755 πάντα,
2466 4692 2602 4743 τότε
2657 4691 2757 4744 καὶ
2817 4693 3054 4760 αὐτὸςὸ
3092 4697 3225 4762 Υἱὸς
3258 4701 3717 4769 ὑποταγήσεται
3756 4712 3860 4779 τῷ

2216 4782 2586 4846 ὑποτάξαντι
2634 4784 2796 4850 αὐτῷ
2847 4787 2920 4841 τὰ
2961 4788 3177 4843 πάντα.
3215 4792 3289 4844 Ού
3333 4794 3493 4864 φοϐῇ,
3530 4796 3854 4868 ἄνθρωπε,

2216 4874 2468 4969 τὺνεθεὸν
2520 4876 2899 4969 άνυπότακτον
2935 4880 3341 4953 ὀνομαζόμενον
3369 4901 3384 4950 ;
3419 4886 3530 4957 Τὴν
3573 4890 3698 4963 γὰρ
3729 4899 3858 4969 σὴν

2216 4965 2494 5037 ὑποταγὴν
2521 4966 2656 5021 ἰδίαν
2684 4973 2940 5036 ποιεῖται,
2964 4976 3059 5027 καὶ
3078 4976 3135 5028 ὲν
3154 4974 3233 5045 τῷ
3255 4976 3571 5031 ἀντιτείνειν
3590 4997 3659 5034 σε
3685 4965 3860 5057 προς

2236 5119 2330 5174 24.
2409 5121 2455 5153 ⁶⁸
2481 5123 2605 5179 Act.
2644 5140 2682 5187 ι,
2720 5125 2776 5190 6,
2835 5127 2885 5183 7.
2964 5129 3008 5161 “
3040 5126 3201 5186 Joan.
3238 5148 3369 5198 xvn,
3397 5135 3488 5188 21.
3565 5136 3614 5168 ⁷⁵
3650 5137 3848 5203 Prov.

2252 5328 2253 5331 ‘
2297 5310 2408 5383 (85)
2436 5313 2817 5390 Κενρδοξίας.
2840 5316 2940 5390 5Ῑο
2966 5333 3098 5373 mss.
3130 5318 3266 5373 Editi
3293 5320 3614 5390 φιλοδοξίας.
3645 5324 3853 5388 Paulo

2226 5382 2510 5460 postnctul.
2541 5382 2677 5460 Bcg.
2724 5387 3016 5460 μὴδοκεῖν
3042 5382 3487 5460 περικρούέσθαι.

2298 5453 2408 5529 (86)
2445 5453 2886 5529 Ἀλᾼωνξίιῌὶιι
2919 5453 3129 5513 ιιιίιίιιηί
3168 5453 3247 5520 δέ.
3280 5466 3373 5518 sed
3403 5468 3555 5520 deest
3581 5466 3639 5519 in
3677 5485 3846 5529 mss.

2224 5519 2543 5656 galina???
2568 5525 2815 5597 ἁμαρτία
2835 5529 3202 5600 γεγενημένου
3232 5519 3285 5587 in
3303 5533 3427 5589 cod.
3452 5519 3615 5606 Reg;
3640 5519 3855 5617 ἁῐᾶξί
