3888 6214
80 253 162 309 261
1054 243 1548 304 EPISTOLARUM
1586 241 1877 301 CLA‘SSIS
1904 242 1954 299 ί.
1995 239 2215 298 EPIST.
2246 239 2384 299 V’lll.

3225 235 3336 293 969

84 366 166 436 τὴν
213 361 449 435 ἀρετὴ-ι,
495 360 874 416 ἀνυπότακτον
916 361 1123 417 ἑαυτὸν
1164 361 1440 434 ὀνομάζει.
1503 363 1660 417 Οὖτιν)

1766 362 1909 433 quod
1932 368 1991 416 tu
2019 362 2313 419 reluctaris
2343 359 2608 415 adversus
2635 357 2917 423 virtutem,
2948 358 3190 430 seipsum
3224 375 3339 415 non

86 457 196 511 ποτέ
221 457 318 509 καὶ
369 455 563 509 ἐαυτὸν
619 454 722 527 ἔφη
756 449 894 508 εἶναι
936 455 1029 509 τὸν
1076 455 1426 527 διωκόμενον.
1459 457 1656 512 Σαῦλε

84 548 197 619 γὰρ,
238 547 401 617 φησὶ,
438 545 640 600 Σαῦλε
662 586 678 610 ,
700 544 777 597 ντί
805 561 883 613 με
928 543 1195 612 διώκεις;
1235 546 1399 617 ἡνίκα
1434 545 1528 623 ἐ,πὶ
1554 548 1656 599 Δα-

89 637 277 708 μασκὸν
310 637 501 709 ἔτρεχε
535 636 671 707 (87),
707 636 833 699 τοὺς
860 635 1109 707 μαθητὰς
1141 637 1236 690 τοῦ
1266 637 1505 709 Χριστοῦ
1534 655 1661 692 συν⁶

85 730 227 800 δῆσαι
262 729 611 801 βουλόμενος.
648 731 761 782 Καὶ
786 729 952 782 πάλιν
984 729 1186 783 ἑαυτὸν
1217 731 1423 802 γυμνὸν
1456 731 1657 804 ὀνομά-

88 822 176 887 ζει,
192 822 306 885 ws;
331 838 477 883 τινος
505 820 613 873 τῶν
635 820 880 889 ἀδελφῶν
908 821 1368 892 γυμνητεύοντος.
1417 824 1657 893 Γυμνὸς

85 915 202 983 τὰρ,
231 916 421 985 φησὶν,
446 913 631 983 ἢμην,
667 913 765 967 καὶ
798 913 1181 981 περιεϐάλπέ
1220 932 1319 984 με.
1364 915 1474 968 Καὶ
1495 915 1655 970 ἄλλου

87 1010 137 1060 ἐν
159 1007 366 1078 φυλακῇ
388 1006 564 1071 ὄντος,
592 1007 786 1060 ἐαυτὸν
814 1006 920 1076 ἔφη
945 1003 1085 1061 εἶναι
1123 1007 1214 1061 τὸν
1237 1007 1654 1080 καθειργμένον.

84 1100 238 1164 Αὐτὸς
261 1100 374 1173 γάρ
407 1101 507 1165 τὰς
554 1099 828 1171 ἁμαρτίας
850 1099 1008 1171 ἡμῶν
1052 1096 1178 1173 ἦρε,
1215 1101 1309 1155 καὶ
1340 1101 1439 1166 τὰς
1467 1102 1659 1166 νόσους

86 1192 356 1246 ἐϐάστασε.
406 1192 524 1247 Μία
554 1192 613 1245 δέ
659 1192 766 1246 τῶν
795 1191 1095 1246 ἀσθενειῶν
1119 1194 1237 1247 ἐστι
1264 1194 1358 1248 καὶ
1396 1196 1657 1267 ἡάνυπο-

84 1282 257 1347 ταξξα·
311 1287 410 1338 καὶ
464 1285 671 1356 ταύτην
720 1286 1013 1340 ἐϐάστασε.
1060 1286 1152 1340 Διὸ
1184 1288 1279 1341 καὶ
1325 1286 1394 1340 τὰ
1425 1287 1658 1358 συμϐαί-

85 1393 226 1430 νοντα
252 1377 387 1447 ἡμῖν
416 1377 780 1448 περιστατικά
805 1377 1144 1432 ίδιοποιεῖται
1170 1381 1200 1433 6
1224 1378 1445 1449 Κύριος,
1465 1381 1530 1431 ἐκ
1558 1380 1658 1450 τῆς

86 1470 204 1539 πρὸς
251 1471 402 1540 ἡμᾶς
453 1471 740 1535 κοινωνίας
795 1470 864 1525 τὰ
898 1472 1147 1543 ἠμέτερα
1194 1472 1351 1544 πάθη
1409 1473 1659 1545 ἀναδεχό-

62 1577 254 1630 αμενος.

1759 455 2069 524 subjectum
2104 453 2373 508 nominat.
2413 451 2489 505 lta
2533 450 2832 522 aliquando
2857 460 2912 507 et
2937 452 3178 522 seipsum
3207 451 3341 507 dicit

1756 561 1885 601 esse
1932 545 2304 617 persecutioni
2356 543 2675 598 obnoxium.
2724 542 2816 597 Ait
2868 544 3014 599 enim
3065 563 3080 598 :
3137 542 3341 610 Saule,

1758 638 1942 700 Saule.
1978 639 2104 711 quid
2148 656 2230 693 me
2263 641 2589 709 persequeris
2637 639 2728 692 7'?
2778 654 2902 693 cum
2948 636 3202 692 videlicet
3234 635 3341 692 Da-

1758 745 2004 785 mascum
2063 737 2334 795 curreret,
2392 730 2598 786 Christi
2647 730 2952 800 discipulos
2990 729 3197 783 vincire
3242 744 3342 784 vo-

1757 819 1896 873 lens.
1947 820 2013 875 Et
2060 836 2256 875 rursus
2307 821 2552 891 seipsum
2606 823 2813 874 nudum
2862 827 3053 884 vocat,
3092 822 3342 898 silunus

1758 913 1960 981 aliquis
1997 928 2064 967 ex
2095 912 2360 966 fratribus
2402 912 2583 967 nudus
2610 912 2899 967 exstiterit.
2939 910 3134 966 Nudus
3177 913 3341 980 enim,

1758 1003 1955 1074 inquit,
1979 1021 2147 1066 eram,
2167 1013 2219 1058 et
2249 1005 2592 1074 rooperuistis
2624 1022 2703 1058 me
2732 1005 2799 1060 ⁷⁸.
2838 1004 2990 1067 Item,
3029 1020 3153 1059 cum
3197 1005 3344 1061 alius

1758 1093 1814 1148 in
1840 1111 2065 1150 carcere
2093 1102 2366 1161 versatur,
2422 1097 2664 1165 seipsum
2710 1097 2989 1150 inclusum
3032 1111 3156 1151 esse
3189 1096 3343 1153 dicit.

1758 1184 1879 1255 Ipse
1906 1188 2050 1241 enim
2078 1197 2304 1256 peccata
2340 1198 2527 1242 nostra
2556 1189 2700 1250 tulit,
2730 1196 2784 1243 et
2815 1189 3036 1242 morbos
3074 1190 3340 1257 portavit.

1760 1275 1879 1331 Una
1911 1286 2191 1351 autemex
2226 1279 2639 1333 inﬁrmitatibus
2674 1286 2758 1333 est
2792 1279 2937 1347 quod
2963 1279 3196 1346 subjecti
3230 1293 3343 1334 non

1760 1368 1934 1425 simus
1968 1387 1983 1436 ;
2013 1379 2067 1423 et
2090 1370 2232 1424 hanc
2257 1372 2516 1440 portavit.
2557 1370 2903 1441 Quapropter
2939 1377 2996 1425 et
3025 1386 3116 1425 res
3151 1370 3349 1427 adver-

1757 1474 1871 1522 sas,
1901 1475 2024 1529 qum
2059 1463 2219 1518 nobis
2241 1464 2523 1528 accidunt,
2559 1464 2810 1533 proprias
2837 1479 2969 1519 suas
3001 1463 3133 1518 facit
3160 1463 3348 1519 Domi-

1758 1567 1905 1607 nus:
1958 1554 2028 1606 ob
2075 1569 2196 1608 eam
2246 1571 2412 1624 quam
2463 1557 2749 1611 nobiscum
2799 1556 2963 1611 habet
3002 1557 3348 1628 societatem,

1761 1645 2141 1713 perpessiones
2177 1655 2397 1703 nostras
2440 1649 2772 1718 suscipiens.

147 1737 194 1794 θ.
232 1738 394 1793 Ἀλλά
425 1741 522 1793 καὶ
558 1739 641 1803 τὸ,
673 1742 757 1794 Οὐ
798 1739 1051 1794 δύναται
1079 1741 1119 1793 ὁ
1160 1740 1293 1805 Υἱὸς
1328 1739 1522 1794 ποιεῖν
1552 1739 1652 1809 ἀφ’

1827 1736 1880 1790 9.
1925 1736 2029 1791 Sed
2086 1745 2141 1792 et
2201 1739 2334 1793 illud
2371 1779 2387 1799 .
2449 1738 2573 1793 Non
2604 1749 2771 1809 potest
2805 1739 2984 1795 Filius
3029 1740 3204 1810 facere
3231 1758 3264 1794 a
3293 1755 3350 1795 se

86 1829 287 1883 ἑαυτοῦ
314 1830 520 1891 οὐδὲν,
562 1829 930 1901 λαμϐάνουσιν
967 1831 1017 1883 οἱ
1061 1829 1320 1901 θεομάχοι
1349 1831 1442 1884 ἐπὶ
1487 1848 1657 1884 κατα-

74 1925 278 1994 στροφῇ
316 1922 423 1975 τῶν
445 1921 770 1975 ἀκουόντων.
811 1921 965 1992 Ἐμοὶ
997 1920 1053 1974 δέ
1092 1922 1186 1976 καὶ
1213 1921 1372 1975 τοῦτο
1396 1921 1457 1975 τὸ
1491 1921 1655 1993 ῥητὸν

94 2014 307 2083 μάλιστα
332 2012 691 2082 καταγγέλλει
714 2014 814 2084 τῆς
841 2013 1009 2084 αὐτῆς
1033 2013 1249 2083 φύσεως
1265 2010 1402 2067 εἷναι
1427 2013 1518 2067 τὸν
1531 2014 1656 2067 Υἰὺν

89 2104 156 2174 τῷ
186 2104 378 2175 Πατρί.
411 2104 474 2156 Εἰ
511 2103 622 2175 γὰρ
663 2103 892 2178 ἕκαστον
920 2104 1029 2158 τῶν
1073 2102 1309 2173 λογικῶν
1341 2104 1657 2173 κτισμάτων

89 2193 293 2248 δύναταί
332 2212 386 2247 τι
433 2197 606 2247 ποιεῖν
636 2193 730 2263 ἀφ’
759 2193 975 2260 ἐαυτοῦ,
1011 2195 1359 2262 αὐτεξούσιον
1397 2194 1516 2266 ἔχον
1545 2195 1654 2266 (88)

90 2289 177 2358 τὴν
206 2290 298 2342 ἐπὶ
333 2288 396 2341 τὸ
430 2288 611 2359 χεῖρόν
652 2305 712 2341 τε
736 2289 830 2342 καὶ
871 2291 1118 2361 κρεῖττον
1152 2289 1325 2360 ῥοπὴν
1345 2328 1359 2351 ,
1390 2290 1419 2342 ό
1440 2289 1496 2341 δὲ
1533 2289 1658 2352 Υίὸς

72 2381 143 2433 τὺ
172 2380 390 2435 δύναταί
420 2398 475 2434 τι
512 2384 691 2434 ποιεῖν
732 2381 823 2449 ἀφ’
855 2380 1050 2434 ἑαυτοῦ
1073 2398 1089 2411 ’
1116 2382 1177 2434 οὒ
1212 2382 1420 2453 κτίσμα
1450 2385 1479 2436 6
1505 2382 1655 2447 Υἱός.

90 2473 147 2524 Ei
175 2472 226 2523 δέ
256 2473 331 2544 μὴ
357 2472 586 2543 κτίσμα,
634 2472 919 2543 ὁμοούσιος
962 2472 1040 2543 τῷ
1086 2473 1284 2544 Πατρί.
1318 2474 1430 2526 Καὶ
1473 2472 1654 2537 πάλιν,

92 2564 229 2618 οὐδὲ)
269 2565 380 2617 τῶν
410 2566 730 2636 κτισμάτων
769 2565 839 2618 τά
883 2565 984 2618 ὅσα
1013 2564 1264 2635 βούλεται
1304 2564 1559 2644 δύναται..
1601 2566 1659 2620 '0

78 2656 141 2710 te
174 2657 297 2722 Υἱὸς
330 2661 389 2712 ἐν
432 2657 512 2728 τῷ
551 2657 767 2729 οὐρανῷ
805 2658 901 2711 καὶ
942 2659 1035 2711 ἐπὶ
1063 2658 1164 2728 τῆς
1208 2657 1312 2728 γῆς
1353 2658 1531 2712 πάντα
1559 2659 1659 2711 ὅσα

92 2743 360 2815 ἠθέλησεν,
408 2745 699 2815 ἐποίησεν·
733 2747 833 2800 οὐκ
885 2746 993 2819 ἄρα
1024 2747 1233 2817 κτίσμα
1283 2749 1312 2801 6
1342 2748 1493 2812 Υἱός.
1550 2750 1661 2802 Καὶ

88 2834 255 2897 πάλιν,
288 2837 472 2890 πάντα
512 2836 583 2889 τά
609 2837 886 2907 κτίσματα
915 2837 949 2907 ἢ
997 2839 1063 2890 ἐκ
1095 2837 1205 2890 τῶν
1248 2840 1507 2893 ἐναντίων
1538 2858 1661 2894 συν-

93 2926 321 2998 έστηκεν,
355 2928 392 2999 ἢ
426 2927 538 2980 τῶν
578 2928 838 2983 ἐναντίων
871 2930 987 2982 ἐστὶ
1032 2929 1279 2983 δεκτικά.
1318 2931 1378 2983 '0
1428 2930 1486 2984 δέ
1540 2931 1660 2996 Υίὸς

84 3019 549 3091 αὐτοδικαιοσύνη,
579 3021 673 3073 καὶ
699 3020 862 3084 ἀῦλός
902 3023 1081 3074 ἐστιν·
1116 3022 1217 3075 οὐκ
1248 3022 1357 3094 ἀρα
1390 3026 1598 3095 κτίσμα
1630 3024 1660 3077 6

94 3110 223 3175 Υἱός.
248 3113 313 3165 Εἰ
334 3112 397 3167 δὲ
442 3112 519 3184 μὴ
546 3112 727 3177 τοῦτο,
757 3111 1042 3183 όμοούσιος
1069 3111 1148 3183 τῷ
1177 3113 1374 3183 Πατρί.

149 3285 230 3340 10.
251 3288 365 3343 Καὶ
400 3287 544 3359 αῦτη
576 3287 679 3359 μέν
708 3288 988 3361 αὐτάρκης
1002 3290 1136 3361 ἡμῖν
1161 3291 1194 3360 ἡ
1229 3289 1492 3355 ἐξέτασις,
1521 3290 1664 3345 κατά

93 3373 174 3443 τὴν
194 3375 430 3449 δύναμιν
460 3378 561 3449 τὴν
582 3379 857 3451 ἡμετέραν
884 3379 994 3433 τῶν
1016 3378 1281 3433 τεθέντων
1310 3381 1662 3454 ρητῶν.Ἤδη

85 3463 139 3516 δέ
159 3467 339 3522 λοιπὸν
370 3485 477 3523 και
507 3469 646 3540 πρὸς
674 3471 799 3533 τοὺς
830 3469 1249 3534 ἅντιπίπτοντας
1277 3470 1355 3542 τῷ
1388 3470 1664 3542 Πνεῦματι

95 3557 158 3627 τῷ
202 3560 343 3632 ἁγίῳ
390 3560 478 3630 τῷ
505 3560 652 3632 λόγῳ
705 3563 1047 3634 χωρήσωμεν
1082 3562 1224 3635 (89),
1276 3562 1668 3635 καθαιροῦντες

94 3651 251 3703 αὐτῶν
292 3654 406 3706 πᾶν
456 3651 661 3723 ὕψωμα
710 3653 950 3717 διανοίας
981 3655 1344 3726 ἐπαιρόμενον
1386 3655 1529 3708 κατὰ
1565 3656 1667 3726 τῆς

90 3742 326 3810 rubeam;
380 3744 485 3800 τοῦ
519 3745 676 3799 Θεοῦ.
727 3746 947 3812 Κτίσμα
994 3747 1175 3816 λέγεις
1230 3748 1293 3801 τὺ
1337 3748 1563 3819 Πνεῦμα
1604 3749 1669 3802 τὸ

92 3832 247 3901 ἅγιον.
289 3838 411 3891 Πᾶν
452 3837 515 3891 δὲ
566 3837 774 3908 κτίσμα
822 3839 1006 3893 δοῦλόν
1040 3842 1158 3893 ἐστι
1201 3840 1294 3894 τοῦ
1345 3840 1665 3903 κτίσαντοςο

100 3928 164 3981 Τὰ
185 3928 294 3998 γὰρ
330 3932 691 4001 σύμπαντα,
720 3933 874 4003 φησι,
913 3931 1108 3987 δοῦλα
1148 3931 1249 3987 σά.
1294 3934 1356 3986 Et
1395 3933 1452 3987 δὲ
1483 3933 1669 3986 δοῦλόν

96 4018 215 4082 ἐστι,
260 4023 359 4077 καὶ
390 4023 694 4095 ἐπίκτητον
743 4023 857 4094 ἔχει
905 4023 1004 4094 τὴν
1058 4024 1352 4097 ἀγιότητα·
1398 4025 1508 4078 πᾶν
1548 4024 1606 4077 δέ
1641 4023 1671 4076 ὃ

1757 1826 2041 1897 quidquam
2066 1827 2147 1891 7‘,
2201 1837 2471 1898 usurpant
2519 1829 2608 1884 Dei
2668 1830 2856 1885 hostes
2910 1831 2976 1884 ad
3009 1831 3349 1886 audientium

1757 1921 2120 1974 eversionem.
2162 1920 2292 1975 Mihi
2354 1930 2537 1975 autem
2571 1930 2626 1975 et
2685 1922 2789 1977 hoc
2844 1924 3051 1977 dictum
3107 1923 3350 1977 maxime

1758 2012 1999 2065 declarat
2053 2013 2299 2081 ejusdem
2353 2024 2568 2067 natura:
2602 2029 2724 2069 esse
2770 2013 2967 2068 Filium
3000 2029 3064 2068 ac
3102 2012 3346 2070 Patrem.

1758 2103 1998 2169 Etenim,
2052 2106 2097 2159 si
2162 2121 2504 2175 unaquaeque
2558 2107 2903 2159 rationalium
2970 2113 3349 2160 creaturarum

1760 2196 1963 2264 aliquid
2026 2209 2058 2248 a
2114 2195 2294 2265 seipsa
2353 2196 2533 2249 facere
2588 2203 2799 2265 potest,
2848 2196 3017 2251 libere
3078 2196 3135 2250 in
3189 2195 3352 2266 pejus
3403 2233 3411 2241 -

1760 2289 2026 2343 meliusve
2097 2289 2413 2351 inclinans,
2468 2286 2643 2343 Filius
2693 2295 2875 2342 autem
2921 2303 3031 2342 non
3090 2295 3270 2358 potest
3317 2301 3353 2343 ιι

1761 2380 2054 2449 semetipso
2084 2379 2381 2450 quidquam
2420 2380 2636 2441 facere;
2720 2377 2896 2436 Filius
2929 2389 3184 2435 creatura
3237 2394 3351 2436 non

1759 2479 1862 2524 est.
1903 2469 2060 2536 Quod
2092 2470 2138 2523 si
2187 2478 2439 2525 creatura
2470 2486 2580 2525 non
2621 2480 2727 2535 est,
2780 2470 2928 2526 Patri
2984 2479 3069 2528 est
3116 2472 3354 2527 consub-

1761 2563 2057 2619 stantialis.
2123 2561 2203 2617 Ac
2233 2578 2426 2618 rursus
2456 2604 2470 2628 ,
2509 2564 2658 2617 nulla
2699 2573 2951 2620 creatura
2983 2564 3355 2635 quodcunque

1762 2654 1924 2717 vult,
1971 2659 2153 2722 potest
2203 2650 2416 2706 eﬂicere
2452 2670 2466 2705 :
2501 2649 2675 2706 Filius
2727 2660 2910 2705 autem
2966 2652 3152 2705 omnia
3204 2665 3355 2720 quab-

1761 2758 1978 2813 cunque
2019 2743 2233 2807 voluit,
2269 2741 2396 2797 fecit
2438 2744 2494 2795 in
2540 2742 2681 2797 coelo
2725 2748 2781 2795 et
2828 2743 2885 2795 in
2917 2749 3060 2795 terra
3090 2759 3104 2795 :
3133 2755 3243 2795 non
3269 2748 3356 2797 est

1763 2835 1932 2906 igitur
1964 2842 2217 2889 creatura
2259 2832 2455 2887 Filius.
2492 2831 2792 2888 Et'iterum
2813 2871 2829 2898 ,
2862 2840 3130 2887 creatura
3162 2847 3354 2887 omnes

1764 2932 1858 2980 aut
1888 2933 2146 2981 constant
2176 2941 2242 2980 ex
2276 2924 2601 2989 contrariis,
2636 2931 2731 2977 aut
2786 2925 3189 2978 contrariorum
3225 2931 3356 2978 sunt

1764 3031 2017 3088 capaces.
2060 3015 2231 3072 Filius
2259 3031 2389 3071 vero
2421 3024 2506 3071 est
2540 3017 2659 3086 ipsa
2682 3016 2900 3085 justitia
2921 3056 2935 3081 ,
2969 3023 3025 3071 et
3065 3030 3095 3069 a
3124 3017 3356 3070 materia

1766 3119 2013 3165 secretus
2050 3126 2063 3161 :
2096 3109 2327 3181 proinde
2356 3107 2530 3163 Filius
2584 3117 2836 3163 creatura
2883 3123 2991 3162 non
3044 3117 3149 3163 est.
3195 3105 3357 3174 Quod

1764 3201 1811 3257 si
1842 3210 2092 3256 creatura
2118 3216 2229 3257 non
2261 3209 2346 3256 est
2373 3241 2386 3264 ,
2418 3200 2908 3256 consubstantialis
2931 3207 3014 3255 est
3041 3198 3214 3255 Patri.

1836 3295 1923 3349 10.
1968 3293 2074 3350 Sed
2102 3295 2217 3366 jam
2277 3293 2496 3365 quidem
2555 3295 2693 3350 satis
2743 3308 2846 3364 pro
2883 3293 3096 3349 viribus
3146 3306 3353 3364 propo-

1766 3388 1871 3443 sita
1924 3389 2072 3444 dicta
2128 3388 2563 3459 explanavimus.
2612 3384 2731 3439 Jam
2789 3386 3050 3455 deinceps
3089 3385 3252 3439 etiam
3290 3382 3360 3440 ad

1766 3495 1864 3535 eos
1897 3482 1991 3551 qui
2046 3477 2309 3550 Spiritum
2364 3486 2619 3534 sanctum
2661 3486 3006 3548 Oppugnant,
3044 3490 3359 3532 sermonem

1767 3585 2195 3638 eonvertamus,
2254 3579 2314 3625 ut
2367 3585 2586 3626 onmem
2654 3570 2824 3623 animi
2878 3582 3068 3624 eorum
3114 3565 3364 3621 altitudi-

1768 3682 1914 3733 nem,
1952 3681 2075 3737 quae
2102 3681 2161 3720 se
2194 3673 2388 3720 contra
2423 3664 2520 3720 Dei
2553 3664 2922 3736 cognitionem
2955 3661 3191 3727 eﬂert",
3222 3660 3362 3730 deji-

1769 3759 1998 3814 ciamus.
2034 3756 2297 3826 Spiritum
2335 3766 2586 3812 sanctum
2620 3764 2930 3811 creaturam
2969 3753 3131 3809 dicis.
3166 3753 3361 3807 Omnis

1771 3859 1952 3906 autem
1987 3858 2238 3904 creatura
2284 3864 2441 3903 serva
2471 3858 2554 3904 est
2589 3848 2870 3902 Creatoris
2911 3861 2925 3897 :
2962 3845 3157 3902 Omnia
3196 3846 3359 3910 enim,

1771 3937 1975 4006 inquit,
2009 3945 2130 3988 sunt
2163 3951 2312 3989 serva
2346 3934 2520 3987 tua".
2555 3932 2611 3987 Si
2631 3946 2778 3987 'vero
2802 3946 2996 3987 servus
3022 3938 3127 3992 est,
3158 3931 3362 3983 adven-

1770 4023 1949 4077 titiam
1999 4037 2219 4091 quoque
2248 4020 2410 4073 habet
2446 4018 2792 4072 sanctitatem
2833 4031 2846 4066 :
2879 4013 3147 4085 quidquid
3179 4022 3361 4066 autem

94 4109 368 4184 ἐπίκτητον
402 4114 524 4185 ἔχει
564 4114 663 4185 τὴν
695 4116 996 4186 ἁγιότητα,
1035 4116 1138 4169 οὐκ
1166 4116 1518 4170 ἀνεπίδεκτόν
1553 4116 1663 4168 ἐστι

1773 4112 2122 4166 adventitiam
2159 4109 2505 4165 sanctitatem
2537 4108 2722 4168 habet,
2755 4121 2927 4175 capax
2965 4112 3050 4160 est
3103 4103 3358 4157 malitiae:

98 4205 305 4270 κακίας·
332 4207 399 4260 τὸ
425 4207 488 4260 δὲ
511 4206 741 4278 Πνεῦμα
764 4207 825 4260 τὸ
854 4208 1029 4276 ἆγιον,
1053 4208 1174 4261 κατ’
1199 4208 1386 4262 οὐσίαν
1406 4208 1466 4261 ὃν
1495 4208 1663 4276 ἅγιον,

1775 4211 1830 4257 at
1881 4202 2120 4272 Spiritus
2171 4210 2435 4264 sanctus,
2505 4215 2628 4254 cum
2695 4198 2997 4252 secundum
3057 4196 3360 4251 essentiam

99 4298 231 4368 πηγὴ
254 4299 538 4370 ἁγιασμοῦ
582 4300 1050 4371 προσηγόρευταιο
1084 4300 1185 4354 οὐκ
1217 4300 1328 4373 ἄρα
1371 4300 1579 4371 κτίσμα
1613 4300 1663 4353 τὲ

1776 4303 2001 4350 sanctus
2029 4294 2098 4347 sit
2118 4335 2132 4358 ,
2165 4292 2287 4347 fons
2318 4291 2627 4361 appellatur
2671 4289 2984 4355 sanctitatis
3009 4288 3054 4319 ⁷⁷
3085 4306 3098 4342 :
3136 4304 3244 4342 non
3277 4293 3365 4342 est

98 4385 301 4461 Πνεῦμα
332 4393 398 4445 τὸ
422 4394 605 4460 ἆγιον.
640 4392 705 4444 Et
743 4391 801 4444 δὲ
837 4392 911 4464 μὴ
946 4393 1177 4463 κτίσμα,
1216 4392 1506 4464 όμοούσιόν
1555 4394 1663 4445 ἐστι

1779 4386 1942 4455 igitur
1970 4394 2222 4439 creatura
2269 4384 2508 4453 Spiritus
2542 4390 2791 4437 sanctus.
2837 4380 2991 4448 Quod
3030 4381 3074 4434 si
3107 4387 3365 4433 creatura

97 4478 163 4549 τῷ
191 4481 323 4553 Θεῷ.
352 4483 489 4547 Πῶς
521 4482 581 4536 δὲ
601 4481 785 4535 δοῦλον
818 4484 1138 4547 ἀποκαλεῖς,
1174 4483 1295 4537 είπέ
1328 4500 1436 4555 μοι,
1470 4482 1561 4536 τὸν
1584 4483 1663 4536 διὰ

1779 4495 1889 4533 non
1922 4488 2028 4534 est.
2089 4475 2579 4532 consubstantialis
2625 4483 2710 4530 est
2758 4472 2888 4529 Deo.
2941 4472 3229 4539 Quomodo
3267 4487 3368 4525 au-

99 4573 178 4626 τοῦ
213 4574 598 4648 βαπτίσματος
632 4576 1021 4648 ἐλευθεροῦντα
1049 4593 1111 4630 σε
1151 4577 1251 4646 τῆς
1287 4574 1571 4640 δουλείας;
1610 4576 1673 4628 '0

100 4666 193 4733 τὰρ
217 4669 423 4737 νόμος,
457 4668 619 4738 φησὶ,
649 4667 757 4721 τοῦ
789 4670 1135 4738 Πνεύματος
1155 4666 1267 4735 τῆς
1304 4665 1454 4734 ζωῆς
1492 4666 1675 4734 quem-

99 4755 299 4826 θέρωσέ
336 4777 419 4830 με
468 4758 584 4830 (90)
630 4759 748 4814 ἀπὸ
798 4759 903 4813 τοῦ
949 4761 1140 4828 νόμου
1198 4756 1312 4827 τῆς
1363 4758 1671 4827 ἁμαρτίας.

106 4847 231 4903 Ἀλλ’
260 4853 382 4906 οὐδὲ
413 4850 666 4924 τρεπτὴν
693 4851 859 4906 αὐτοῦ
894 4868 1022 4905 ποτε
1046 4850 1145 4922 τὴν
1171 4849 1359 4903 οὐσίαν
1383 4849 1676 4920 τολμήσεις

100 4943 282 5007 εἰπεῖν,
317 4942 557 5015 ἀφορῶν
590 4945 670 5006 είς
694 4944 794 5014 τὴν
832 4943 993 5012 φύσιν
1036 4942 1138 5013 τῆς
1166 4940 1552 5012 ἀντικειμένης
1584 4941 1678 4994 δυο

159 5079 200 5111 "
230 5082 350 5137 Act.
377 5097 459 5146 Ix,
483 5080 544 5134 4.

102 5148 147 5204 ι.
213 5153 254 5182 ⁷⁸
286 5151 455 5206 Rom.
503 5165 605 5206 vui
631 5188 647 5213 ,
681 5150 737 5204 2.

162 5306 263 5375 {87)
294 5310 581 5377 Ἐτρεχε.
611 5305 834 5377 Addunt
872 5304 1023 5377 editi
1043 5305 1272 5377 ἐκεῖνος,
1301 5303 1405 5377 sed
1434 5303 1588 5377 deest
1621 5303 1677 5357 in

104 5388 219 5449 ψει.
247 5374 425 5435 Paulo
456 5374 591 5449 post
617 5376 751 5449 editi
784 5374 1202 5449 περιῴάλλετες
1266 5374 1424 5449 aliter
1454 5375 1508 5427 in
1540 5389 1673 5429 mss.

109 5446 323 5503 Subinde
357 5443 495 5503 cod.
535 5444 688 5499 Harl.
723 5443 1009 5508 ἀσθενείας
1038 5460 1138 5514 pro
1167 5443 1461 5515 ἁμαρτίας.

164 5517 261 5587 (88)
291 5517 724 5587 Αὐτεξούσιον
768 5516 933 5587 ἕχον.
984 5515 1107 5587 Haec
1140 5516 1304 5587 verba
1337 5522 1392 5569 et
1417 5527 1555 5587 qua}
1587 5529 1675 5569 se-

110 5583 325 5652 quuntur
342 5603 541 5660 ysque
569 5585 637 5660 ad
666 5583 886 5648 ἰδίει,ὸὺ
910 5585 1118 5660 κτίσμα
1135 5585 1164 5638 ὁ
1180 5585 1333 5660 Υίός,
1365 5583 1677 5660 addidimus

112 5642 164 5707 ex
522 5642 633 5712 icui
677 5642 955 5713 consentit
982 5642 1154 5721 Harl.,
1187 5642 1483 5726 nisinquod
1517 5654 1677 5709 habet

622 5077 669 5109 "
694 5078 883 5133 Matth.
911 5095 1037 5144 xxv,
1063 5077 1156 5133 36.
1233 5079 1280 5111 ⁷⁸
1312 5078 1475 5134 Joan.
1519 5097 1552 5131 ν
1572 5119 1588 5143 ,
1624 5078 1710 5134 19.

1777 4583 1889 4628 tem
1953 4587 2169 4627 servum
2217 4585 2425 4633 vocas,
2474 4568 2564 4623 dic
2607 4566 2743 4621 mihi
2772 4606 2787 4629 ,
2839 4582 3000 4629 eum,
3053 4565 3146 4635 qui
3179 4573 3232 4618 te
3268 4577 3369 4632 per

1747 4650 2112 4733 'haptismum
2160 4678 2190 4717 e
2226 4662 2492 4717 servitute
2538 4659 2770 4715 eximit?
2800 4657 2966 4723 Nam,
3011 4656 3225 4726 inquit,
3282 4656 3368 4708 lea:

1781 4753 2018 4824 Spiritus
2064 4754 2185 4808 vitae
2222 4753 2465 4807 liberavit
2526 4768 2607 4805 me
2664 4769 2698 4805 α
2758 4751 2867 4819 lege
2912 4750 3112 4819 peccati
3127 4748 3191 4800 ⁷⁸.
3256 4745 3367 4802 Sed

1778 4861 1958 4916 neque
2006 4846 2322 4901 mutabilem
2354 4843 2582 4899 audebis
2634 4858 2874 4913 unquam
2915 4840 3037 4910 ejus
3068 4837 3367 4894 essentiam

1780 4938 1998 5004 dicere;
2054 4940 2100 4992 si
2160 4935 2325 4991 modo
2377 4936 2446 4990 ad
2496 4934 2753 5006 potentiae
2806 4933 3051 4987 adversae
3110 4937 3367 4983 naturam

1787 5081 1832 5112 "
1862 5077 1907 5132 ll
1937 5079 2065 5134 Cor.
2097 5093 2129 5132 x
2152 5120 2168 5141 ,
2205 5078 2259 5133 5.
2334 5077 2384 5109 "
2421 5077 2563 5131 Psal.
2607 5091 2776 5133 cum
2800 5114 2815 5130 .
2851 5072 2942 5127 9|.
3019 5071 3064 5104 "
3103 5070 3263 5123 Rom.
3303 5085 3364 5132 ι,

1782 5302 2127 5367 αὐτεξούσιον
2156 5303 2251 5357 καὶ
2282 5302 2406 5374 ἴσην
2433 5300 2555 5372 ἕχον
2580 5300 2675 5354 ἐπὶ
2699 5298 2758 5353 τὸ
2789 5299 2970 5369 χεῖρον
2992 5295 3087 5350 καὶ
3119 5295 3369 5366 κρεῖττον

1851 5390 1976 5427 πην.

1995 5439 2389 5512 Χωρήσωμεν.
2427 5438 2519 5512 _S_ic
2543 5455 2678 5512 mss.
2707 5438 2850 5512 Editi
2876 5437 3219 5512 χωρήσομεν.
3243 5433 3367 5512 Non

1781 5505 1956 5566 multo
1992 5505 2112 5581 post
2152 5505 2220 5567 ex
2254 5505 2395 5581 'cod.
2429 5510 2580 5581 Harl.
2616 5510 2800 5565 addita
2835 5505 2972 5565 sunt
3015 5505 3127 5561 haec
3173 5505 3365 5574 verba,

1781 5585 1890 5637 πᾶν
1916 5583 1975 5635 δὲ
1994 5580 2030 5635 ίὸ
2059 5583 2349 5651 ἐπίκτητον
2373 5580 2486 5651 ἔχει
2516 5580 2615 5651 τὴν
2645 5581 2927 5651 ἁγιότητα.

1852 5599 1890 5635 ιν
1916 5599 1975 5635 οε
2001 5599 2030 5635 ο
2059 5599 2188 5635 επικ
2258 5599 2349 5635 τον
2373 5599 2399 5635 ε
2438 5599 2486 5635 ει
2516 5599 2548 5634 τ
2587 5599 2615 5634 ν
2645 5599 2927 5651 αγιοτητα.

1852 5654 1965 5725 (90)
2005 5599 2638 5722 Ἠλευέἓρωσέμεηιέ
2687 5653 2742 5707 in
2767 5650 2982 5708 duobus
3016 5662 3152 5705 mss.
