3888 6214
506 209 618 267 863

1860 198 1921 252 Β.
1962 192 2203 252 BASlLlI
2245 192 2457 251 MAGNI

3680 187 3813 245 264

449 370 457 379 .
505 323 776 394 respicias
798 363 812 388 ,
844 336 968 392 quae
998 319 1231 390 fulguris
1263 318 1318 373 in
1352 331 1560 372 morem
1584 332 1615 371 e
1638 316 1782 370 cmlo
1813 316 1964 385 lapsa
1991 323 2097 379 est,

2203 317 2438 387 νάμεως,
2462 317 2605 386 ἥτις,
2634 315 2710 378 ὡς
2736 308 3015 386 ἀστραπὴ,
3045 308 3334 364 πέπτωκεν
3362 301 3471 362 ἀπὸ
3502 306 3596 360 τοῦ
3624 307 3815 380 οὖρα-

506 425 563 471 et
602 430 730 470 vera
766 415 877 468 vita
910 413 1135 477 excidit,
1187 418 1480 483 propterea
1513 408 1660 478 quod
1722 406 1954 461 ascitam
2005 420 2102 459 ex-

506 515 837 575 ternamque
887 505 1235 560 sanctitatem
1272 502 1504 562 habuit,
1543 498 1924 567 successitque
1967 510 2102 550 con-

509 600 636 654 silio
664 598 807 651 malo
848 596 1099 649 mutatio.
1143 594 1333 663 Itaque
1368 602 1722 661 posteaquam
1747 590 1862 659 88
1893 597 1947 643 et
1982 587 2102 641 uni-

513 701 624 746 tate
655 689 878 753 cxcidit,
940 695 994 741 et
1056 686 1360 757 angelicam
1398 684 1599 752 abjecit
1630 683 1994 751 dignitatem,
2033 697 2101 734 ex

512 788 758 841 moribus
810 786 990 838 dictus
1041 791 1126 837 est
1194 781 1493 845 diabolus,
1558 780 1829 833 exsuincto
1881 776 2101 846 quidem

511 877 699 947 priore
740 891 803 928 ac
839 875 999 928 beato
1035 872 1219 926 habitu
1244 913 1258 931 .
1305 871 1541 925 excitata
1572 884 1702 923 vero
1747 870 1973 921 adversa
2008 866 2101 919 illa

522 966 783 1035 potentia.
812 966 893 1019 Ad
919 966 1034 1018 base
1063 964 1107 1018 si
1138 961 1406 1033 Spiritum
1434 968 1690 1016 sanctum
1723 959 1858 1013 dicit
1879 967 2100 1012 creatu-

508 1070 654 1119 ram,
702 1054 1178 1124 circumscriptam
1216 1066 1281 1106 ac
1310 1051 1517 1105 finitam
1552 1051 1698 1104 illius
1730 1058 1983 1103 naturam
2023 1048 2103 1100 in-

506 1144 682 1199 ducit.
741 1145 1030 1211 Quomodo
1085 1160 1216 1212 ergo
1268 1143 1433 1197 stabit
1502 1142 1631 1195 illud
1675 1141 1958 1209 :Spiritus
1997 1137 2102 1191 Do-

511 1237 643 1289 mini
692 1236 907 1302 replevit
936 1234 1113 1288 orbem
1149 1243 1412 1286 terrarum
1436 1231 1525 1284 '9?
1561 1231 1693 1285 illud
1719 1245 1955 1300 quoque,
1984 1229 2101 1295 Quo

507 1326 595 1381 ibo
631 1343 665 1380 α
699 1324 907 1396 Spiritu
941 1337 1030 1379 tuo
1054 1326 1099 1357 ⁸⁸
1135 1325 1159 1377 i
1185 1323 1291 1379 Sed
1319 1338 1497 1394 neque
1526 1323 1703 1392 ipsum
1736 1329 1934 1375 natura
1964 1325 2099 1376 sim-

510 1418 732 1487 plicem,
789 1424 851 1471 ut
903 1423 1161 1487 apparet,
1193 1413 1506 1470 conﬁtetur.
1562 1412 1704 1468 Dicit
1735 1414 1881 1467 enim
1918 1413 2101 1483 ipsum

511 1524 744 1564 numero
775 1524 967 1562 unum.
1000 1506 1277 1577 Quidquid
1312 1514 1493 1561 autem
1526 1520 1696 1559 unum
1729 1519 1962 1559 numero
1991 1511 2097 1570 est,

512 1599 590 1663 id,
626 1606 685 1652 ut
719 1599 856 1656 dixi.
909 1599 1141 1668 simplex
1176 1613 1288 1652 non
1338 1605 1442 1653 est.
1480 1594 1539 1650 Si
1569 1608 1698 1652 vero
1730 1597 1959 1666 simplex
1988 1612 2097 1650 non

2203 410 2317 475 νοῦ,
2353 410 2447 462 καὶ
2477 409 2699 476 ἐξέπεσε
2728 407 2827 479 τῆς
2860 406 3029 469 ὅντως
3068 404 3233 474 ζωῆς,
3260 402 3347 456 διὰ
3379 400 3442 455 τὸ
3488 402 3814 471 ἐπίκτητον

2200 502 2495 572 ἐσχηκέναι
2545 501 2643 570 τὴν
2689 501 2987 570 ἁγιότητα,
3022 497 3116 551 καὶ
3164 493 3673 566 ἐπηκολουθηκέναι
3729 495 3812 564 τῇ

2202 599 2343 668 κακῇ
2393 595 2554 667 βουλῇ
2591 594 2687 666 τὴν
2722 592 3028 645 ἀλλοίωσιν.
3062 586 3365 659 Τοιγαροῦν
3405 586 3501 639 καὶ
3531 583 3812 638 ἐκπεσὼν

2200 687 2300 755 τῆς
2335 685 2564 758 μονάδος
2584 725 2598 748 ,
2632 684 2728 738 ml.
2777 683 2837 736 τὸ
2870 680 3159 750 ἀγγελικδν
3190 675 3500 749 ἀπορρίψας
3538 672 3808 745 ἀξίωμα,

2202 778 2310 830 ἀπὸ
2350 777 2444 831 τοῦ
2473 777 2677 851 τρόπου
2705 772 3000 844 ὠνομάσθη
3038 768 3280 832 διάϐολος
3301 785 3314 799 ο
3352 766 3812 836 ἀποσϐεσθείσης

2206 869 2305 938 μὲν
2336 868 2502 922 αὐτοῦ
2538 868 2637 938 τῆς
2686 867 2961 936 προτέρας
3002 862 3096 916 καὶ
3133 861 3408 933 μακαρίας
3444 858 3641 922 ἕξεως,
3683 856 3804 927 τῆς

2201 959 2259 1012 δὲ
2285 958 2668 1029 ἀντικειμένης
2689 956 2890 1027 ταύτης
2917 954 3199 1023 δυνάμεως
3227 949 3575 1019 ἀναφθείσης.
3594 947 3807 999 Ἐπει-

2200 1068 2270 1103 τα
2297 1053 2344 1103 εἰ
2373 1049 2579 1121 κτίσμα
2610 1049 2757 1117 λέγει
2790 1046 2852 1100 τὸ
2892 1045 3121 1115 Πνεῦμα
3152 1042 3212 1097 τὸ
3245 1042 3419 1111 ἅγιον,
3458 1055 3806 1109 πεπερατω-

2207 1144 2375 1214 μένην
2404 1144 2500 1215 τὴν
2526 1142 2688 1213 φύσιν
2717 1139 2881 1195 αὐτοῦ
2915 1140 3146 1207 εἰσάγει.
3176 1135 3302 1199 Πῶς
3329 1131 3423 1188 οὖν
3453 1132 3803 1203 σταθήσεται

2200 1234 2282 1297 τὸ,
2313 1231 2556 1301 Πνεῦμα
2588 1234 2812 1300 Κυρίου
2848 1228 3204 1296 πεπλήρωκε
3236 1225 3350 1293 τὴν
3385 1220 3800 1291 olxovpémr;

2202 1325 2403 1392 καὶτὸ,
2452 1323 2579 1378 Ποῦ
2626 1320 2897 1391 πορευθῶ
2933 1319 3053 1375 ἀπὸ
3088 1318 3195 1373 τοῦ
3233 1317 3581 1386 Πνεύματός
3624 1325 3801 1378 σου;

2214 1417 2354 1471 Ἀλλ’
2389 1417 2500 1470 οὐδ’
2539 1416 2745 1469 ἁπλοῦν
2782 1414 2913 1468 αὐτὸ
2959 1412 3025 1485 τῇ
3078 1411 3258 1481 φύσει,
3291 1409 3368 1473 ὡς
3399 1409 3594 1471 ἔοικεν,
3646 1409 3798 1477 ὁμο-

2201 1513 2369 1582 λογεῖ.
2408 1510 2654 1584 Ἀριθμῷ
2703 1509 2814 1582 γὰρ
2845 1508 2903 1561 ἓν
2947 1504 3077 1561 αὐτὸ
3104 1505 3381 1577 ὀνομάζει.
3422 1504 3536 1556 Πᾶν
3574 1502 3633 1556 δέ
3659 1501 3689 1555 ὃ
3732 1501 3799 1555 ἓν

2202 1606 2444 1679 ἀριθμῷ,
2477 1604 2635 1659 τοῦτο
2674 1604 2774 1675 οὐχ
2804 1601 3043 1661 ἁπλοῦν,
3088 1600 3164 1663 ὡς
3197 1599 3368 1669 ἔφην,
3402 1596 3570 1651 ἐστιν.
3612 1596 3678 1649 El
3732 1594 3798 1647 δὲ

511 1698 600 1746 est
630 1688 869 1761 Spiritus
900 1700 1123 1744 sanctus
1145 1730 1160 1755 ,
1193 1704 1262 1745 ex
1289 1687 1531 1744 essentia
1563 1696 1617 1743 et
1645 1661 1935 1743 sanctitate
1969 1703 2098 1742 con-

2211 1661 2287 1767 μὴ
2321 1661 2525 1749 item
2567 1696 2683 1748 ἐστι
2726 1661 2786 1745 τδ
2816 1689 3042 1761 Πνεῦμα
3077 1661 3433 1757 τὸῗᾶγιον,νέξ
3474 1686 3663 1749 οὐσίας
3690 1687 3799 1738 καὶ

502 1791 621 1840 stat
666 1802 681 1838 :
730 1784 877 1852 quod
910 1790 1093 1837 autem
1123 1789 1209 1837 est
1258 1781 1551 1851 ejusmodi,
1591 1783 1956 1850 compositum
1989 1791 2093 1835 est.

508 1873 618 1929 Sed
650 1874 775 1943 quis
799 1874 935 1928 adeo
963 1874 1191 1929 demens
1220 1871 1407 1937 fuerit,
1441 1881 1501 1926 ut
1540 1870 1809 1941 Spiritum
1841 1884 2093 1926 sanctum

514 1966 665 2020 dicat
697 1965 1063 2035 compositum
1090 2007 1106 2031 ,
1144 1979 1209 2019 ac
1231 1979 1344 2018 non
1392 1963 1724 2033 simplicem,
1754 1975 1808 2016 et
1861 1962 2011 2017 Patri
2044 1971 2098 2016 et

508 2052 653 2111 Filio
702 2056 1230 2112 consubstantialem
1259 2055 1563 2111 secundum
1600 2054 1972 2124 simplicitatis
2017 2070 2099 2108 ra-

508 2146 757 2204 tionem?

580 2275 669 2332 11.
710 2273 870 2343 Quod
906 2280 955 2332 si
1012 2291 1266 2332 sermone
1319 2274 1783 2347 progrediendum
1811 2283 1929 2340 est,
1976 2291 2095 2330 ma-

505 2367 739 2438 joraque
785 2367 1133 2437 inspicienda
1154 2406 1170 2432 ,
1205 2366 1335 2421 hinc
1381 2368 1621 2421 maxime
1643 2365 1883 2420 divinam
1915 2368 2093 2421 sancti

510 2456 754 2529 Spiritus
801 2459 1105 2529 potentiam
1161 2459 1616 2528 contemplemur.
1666 2455 1797 2511 Tria
1854 2458 2095 2513 creatio-

510 2566 642 2605 num
698 2564 899 2621 genera
964 2550 1020 2603 in
1058 2547 1345 2619 Scriptura
1398 2549 1681 2603 nominata
1730 2549 2091 2605 invenimus:

510 2655 681 2694 unum
734 2639 956 2710 quidem
1012 2653 1076 2693 ac
1128 2640 1399 2709 primum,
1450 2655 1514 2695 cx
1560 2639 1734 2694 nihilo
1774 2643 2095 2710 productio-

509 2745 675 2798 nem;
728 2728 1029 2784 secundum
1075 2743 1248 2793 vero,
1307 2744 1376 2784 ex
1430 2729 1619 2799 pejore
1660 2730 1715 2785 in
1748 2732 1944 2786 melius
1990 2732 2095 2786 im-

512 2822 906 2889 mutationem;
979 2821 1243 2884 tertium,
1295 2822 1761 2876 resurrectionem
1844 2834 2092 2877 mortuo-

508 2929 653 2966 rum.
691 2913 750 2967 ln
794 2912 880 2968 his
930 2912 1173 2982 reperies
1229 2908 1495 2981 Spiritum
1541 2920 1792 2966 sanctum
1827 2928 1935 2967 una
1967 2929 2092 2968 cum

2208 1785 2484 1857 ἁγιασμοῦ
2516 1785 2851 1854 συνέστηκε·
2885 1782 2945 1835 τὸ
2984 1781 3042 1835 δὲ
3076 1781 3342 1843 τοιοῦτον,
3369 1777 3643 1832 σύνθετον.
3680 1776 3799 1831 Kal.

2204 1880 2289 1941 τίς
2315 1876 2487 1941 οὕτως
2516 1875 2761 1947 ἀνόητος,
2794 1874 2867 1937 ὡς
2902 1871 3154 1926 σύνθετον
3184 1871 3358 1922 εἰπεῖν
3389 1864 3450 1920 τὸ
3475 1864 3705 1936 Πνεῦμα
3729 1864 3798 1917 τὸ

2206 1974 2380 2043 ἅγιον,
2421 1972 2517 2025 καὶ
2552 1970 2626 2041 μὴ
2656 1966 2882 2029 ἁπλοῦν,
2914 1966 3007 2020 καὶ
3044 1964 3187 2017 κατὰ
3214 1963 3305 2017 τὸν
3338 1961 3438 2032 τῆς
3480 1958 3798 2030 ἁπλότητος

2204 2066 2360 2135 λόγον
2388 2062 2674 2137 ὁμοούσιον
2699 2060 2878 2133 Πατρ).
2906 2060 3002 2113 καὶ
3030 2057 3180 2129 Υίῷ;

2276 2293 2366 2347 H.
2402 2291 2465 2344 El
2490 2289 2650 2342 δέδεί
2674 2286 2944 2359 προϐῆναι
2962 2282 3074 2354 (91)
3100 2279 3178 2350 τῷ
3200 2295 3362 2349 Λογῳ,
3390 2276 3487 2331 καὶ
3511 2274 3792 2329 ἐποπτεῦι

2204 2398 2296 2436 σαι
2338 2379 2408 2433 τά
2438 2375 2682 2449 μείζονα,
2718 2376 2783 2426 ἐκ
2829 2371 3022 2424 τούτου
3057 2367 3292 2438 μάλιστα
3330 2365 3429 2435 τὴν
3469 2362 3656 2434 θεῖκὴν
3685 2361 3789 2414 δύ-

2202 2491 2366 2545 ναμιν
2394 2471 2488 2525 τοῦ
2524 2469 2680 2537 ἁγίου
2705 2465 3023 2536 Πνεύματος
3063 2461 3449 2531 θεωρήσωμεν.
3476 2458 3637 2527 Τρεῖς
3665 2455 3794 2509 κτί-

2203 2581 2317 2630 σεις
2361 2562 2678 2634 εὑρήκαμεν
2712 2554 3118 2628 ὀνομαζομένας
3166 2553 3224 2604 ἐν
3266 2552 3330 2617 τῇ
3376 2549 3599 2621 Γραφῇ·
3650 2546 3791 2634 μίαν

2205 2657 2303 2730 μέν
2484 2650 2709 2724 πρώτην
2738 2650 2838 2720 τὴν
2875 2647 2982 2701 ἀπὸ
3012 2644 3106 2699 τοῦ
3142 2645 3217 2716 μὴ
3248 2643 3401 2704 ὄντος
3434 2642 3515 2702 εἰς
3545 2637 3605 2692 τὸ
3643 2633 3790 2691 εἶναι

2202 2749 2575 2821 παραγωγήνο
2604 2742 2859 2815 δευτέραν
2904 2740 2961 2792 δὲ
3009 2738 3107 2808 τὴν
3137 2733 3246 2789 ἀπὸ
3290 2733 3382 2787 τοῦ
3429 2731 3672 2802 χείρονος
3698 2730 3792 2792 εις

2199 2843 2261 2896 τὸ
2306 2844 2552 2914 κρεῖττον
2603 2834 2920 2891 ἀλλοίωσιν’
2957 2830 3148 2899 τρίτην
3180 2828 3237 2880 δὲ
3284 2825 3383 2896 τὴν
3420 2822 3787 2890 ἐξανάστασιν

2197 2935 2308 2988 τῶν
2343 2931 2577 3004 νεκρῶν.
2618 2931 2706 2983 Ἐν
2751 2926 2974 2987 ταύταις
3007 2924 3259 2994 εὑρήσεις
3309 2916 3568 2989 συνεργὸν
3601 2915 3788 2986 Πατρὶ

510 3007 673 3062 Patre
705 3015 759 3061 et
809 3004 947 3060 Filio
990 3013 1331 3076 operantem.
1387 3005 1523 3060 Caeli
1579 3011 1725 3060 enim
1777 3009 2092 3078 producun-

2203 3026 2295 3079 καὶ
2337 3024 2452 3094 Υἱῷ
2499 3022 2560 3074 τὸ
2590 3022 2744 3089 ἅγιον
2784 3015 3026 3086 Πνεῦμα.
3067 3009 3327 3083 Οὐρανῶν
3355 3013 3465 3079 γὰρ
3501 3006 3786 3069 οὐσίωσις.

512 3109 624 3153 tur.
658 3099 801 3165 Quid
853 3100 967 3169 jam
1021 3099 1156 3154 dicit
1206 3097 1426 3155 David?
1478 3099 1645 3154 Verbo
1701 3100 1919 3157 Domini
1983 3106 2098 3159 ειειὶ

510 3193 712 3261 ﬁrmati
769 3200 933 3256 sunt,
1002 3199 1052 3244 et
1097 3191 1292 3259 spiritu
1357 3195 1466 3246 oris
1528 3192 1645 3261 ejus
1706 3195 1875 3248 omnis
1932 3197 2097 3250 virtus

509 3283 771 3337 eorum".
808 3281 1024 3337 Rursus
1063 3293 1287 3336 creatur
1346 3282 1512 3336 homo
1559 3298 1654 3353 per
1685 3284 1974 3354 baptisma.
2037 3286 2099 3343 Si

509 3392 615 3445 qua
668 3376 805 3429 enim
860 3377 915 3428 in
963 3374 1182 3429 Christo
1233 3392 1371 3429 nova
1411 3388 1684 3429 -creatura
1706 3376 1776 3429 θ’.
1808 3376 1925 3431 Jam
1966 3380 2097 3449 quid

510 3467 645 3521 dicit
695 3467 983 3536 discipulis
1044 3465 1343 3520 Salvator?
1409 3465 1609 3521 Euntes
1667 3467 1846 3522 docete
1922 3486 2098 3525 omnes

509 3571 704 3629 gentes,
758 3560 1091 3629 baptizantes
1152 3576 1241 3613 eos
1276 3560 1331 3613 in
1367 3559 1576 3613 nomine
1626 3559 1812 3615 Patris
1866 3575 1916 3615 et
1965 3561 2102 3617 Filii

511 3667 561 3707 et
595 3653 825 3723 Spiritus
876 3655 1050 3707 sancti
1076 3653 1142 3706 ⁸³.
1199 3650 1368 3707 Vides
1396 3662 1453 3706 et
1487 3652 1577 3707 hic
1609 3669 1717 3707 una
1745 3652 1942 3709 adesse
1972 3670 2098 3709 cum

509 3740 672 3798 Patre
703 3752 756 3799 et
789 3741 926 3797 Filio
952 3741 1218 3811 Spiritum
1250 3750 1524 3797 sanctum.
1563 3740 1708 3808 Quid
1739 3751 1921 3797 autem
1944 3744 2098 3800 dices

511 3848 565 3892 et
617 3837 684 3891 de
741 3837 1142 3891 resurrectione
1196 3846 1540 3890 mortuorum
1568 3875 1583 3899 ,
1626 3843 1917 3905 postquam
1952 3836 2101 3892 defe-

511 3930 749 3985 cerimus
779 3968 794 3991 ,
841 3938 893 3982 et
934 3929 990 3981 in
1042 3934 1296 3982 nostrum
1341 3928 1619 3997 pulverem
1668 3928 1874 3982 reversi
1928 3926 2117 4001 fueri-V

508 4021 673 4078 mus?
702 4019 871 4075 Terra
914 4021 1058 4075 enim
1086 4036 1311 4085 sumus,
1346 4028 1402 4076 et
1446 4022 1501 4076 in
1544 4029 1744 4075 terram
1775 4021 2001 4087 ibimus,
2045 4031 2101 4076 et

510 4112 688 4167 mittet
734 4109 998 4181 Spiritum
1043 4120 1293 4165 sanctum
1322 4153 1340 4178 ,
1393 4121 1448 4168 et
1485 4113 1699 4166 creabit
1728 4127 1831 4167 nos
1860 4152 1876 4177 ,
1906 4123 1961 4168 et
2014 4129 2101 4170 re-

511 4204 739 4259 novabit
765 4203 956 4258 faciem
998 4213 1162 4257 terra:
1181 4203 1249 4257 ⁸⁸.
1291 4201 1428 4257 Nam
1464 4202 1611 4274 quod
1638 4217 1863 4261 sanctus
1891 4204 2098 4262 Paulus

408 4314 411 4315 '
507 4292 970 4349 resurrectionem
1029 4291 1196 4354 dixit,
1250 4292 1306 4345 id
1356 4290 1526 4347 David
1560 4295 1967 4351 renovatiouem
2001 4311 2097 4365 ap-

507 4383 751 4455 pellavit.
800 4380 1019 4437 Rursus
1073 4390 1261 4439 autem
1315 4384 1605 4439 audiamus
1656 4399 1825 4449 eum,
1879 4386 1975 4455 qui
2027 4386 2093 4441 ad

512 4476 736 4529 tertium
820 4489 995 4543 usque
1043 4475 1245 4528 caelum
1310 4482 1503 4544 raptus
1569 4485 1673 4530 est.
1722 4475 1862 4542 Quid
1918 4477 2099 4534 dicit?

517 4554 787 4635 Templum
855 4568 980 4620 estis
1020 4566 1255 4637 Spiritus
1286 4567 1459 4621 sancti
1516 4568 1572 4621 in
1605 4568 1752 4623 vobis
1788 4569 2098 4625 inhabitan-

514 4660 582 4713 tis
602 4659 668 4714 ³⁵.
714 4657 998 4729 Templum
1048 4667 1229 4713 autem
1282 4673 1485 4724 omne,
1527 4658 1621 4715 Dei
1676 4662 1937 4731 templum
1990 4672 2094 4718 est.

509 4748 669 4818 Quod
712 4751 758 4807 si
795 4750 1062 4822 templum
1088 4767 1282 4807 sumus
1324 4748 1564 4822 Spiritus
1592 4753 1812 4819 sancti;
1859 4752 2099 4824 Spiritus

511 4850 737 4897 sanctus
791 4842 937 4898 Deus
965 4851 1072 4897 est.
1120 4840 1333 4897 Dicitur
1375 4850 1559 4899 autem
1610 4852 1665 4899 et
1705 4845 1967 4916 templum
1999 4844 2101 4900 Sa-

510 4930 786 5003 lomonis;
854 4951 1043 4990 verum
1117 4942 1379 5006 tanquam
1449 4936 1572 5005 ejus
1646 4936 1739 5006 qui
1802 4939 2095 4994 exstruxit.

512 5025 670 5091 Quod
709 5029 758 5081 si
812 5026 892 5081 sic
927 5042 1120 5082 sumus
1163 5028 1429 5098 templum
1460 5025 1703 5097 Spiritus
1738 5029 1937 5092 sancti,
1976 5028 2101 5099 Spi-

510 5120 652 5173 ritus
687 5126 913 5174 sanctus
948 5118 1094 5174 Deus
1125 5129 1249 5175 est:
1314 5119 1419 5186 Qui
1470 5121 1616 5174 enim
1679 5121 1858 5174 omnia
1912 5121 2098 5174 condi-

508 5209 611 5278 dit,
636 5211 779 5266 Deus
827 5222 904 5266 est
927 5213 973 5244 ⁸⁸
1007 5230 1024 5279 ;
1070 5213 1119 5269 si
1144 5228 1276 5268 vero
1307 5221 1569 5283 tanquam
1601 5210 1745 5282 ejus,
1776 5211 1872 5282 qui
1902 5212 2098 5267 adora-

579 5370 626 5402 "
658 5368 787 5442 Sap.
820 5387 872 5442 ι,
895 5370 967 5442 77.
1076 5372 1122 5404 ⁸⁸
1156 5371 1303 5426 Psal.
1329 5385 1595 5442 cxxxvm,
1621 5372 1673 5425 '7.

507 5451 630 5505 cui,
660 5441 750 5495 '50.
824 5441 869 5475 ⁸⁵
894 5441 911 5494 l
933 5443 1059 5500 Cor.
1092 5460 1168 5508 γι,
1199 5443 1267 5497 19
1349 5442 1395 5474 ⁸⁸
1428 5441 1592 5496 Hebr.
1632 5457 1715 5507 Ill,
1749 5441 1808 5498 4.

491 5608 495 5614 Ι
579 5641 695 5716 (91)
722 5642 1036 5712 Προῦἦῡκιι.
1069 5641 1199 5696 Mss.
1234 5639 1559 5711 προσϐῆναι.

2201 3118 2313 3172 Καὶ
2341 3115 2395 3169 τί
2428 3130 2592 3185 φησιν
2619 3114 2648 3165 ὁ
2679 3110 2876 3176 Δαὸίδ;
2903 3106 2986 3174 Τῷ
3010 3106 3170 3175 λόγῳ
3199 3101 3424 3171 Kvplov
3449 3101 3503 3154 οἱ
3532 3096 3787 3165 οὐρανοί

2198 3208 2654 3277 ἐστερεώθησαν
2672 3244 2689 3269 ,
2724 3202 2825 3257 καὶ
2867 3200 2948 3267 τῷ
3001 3199 3292 3267 πνεύματι
3330 3193 3438 3249 τοῦ
3482 3194 3788 3259 στόματος

2199 3301 2386 3357 αὑτοῦ
2440 3297 2610 3354 πᾶσα
2652 3295 2691 3364 ἠ
2732 3295 2987 3362 δύναμις
3011 3289 3229 3346 αὐτῶν.
3282 3286 3452 3340 Πάλιν
3493 3283 3789 3353 ἄνθρωπος

2199 3392 2289 3446 διὰ
2335 3390 2708 3463 βαπτίσματος
2752 3383 3020 3450 κτίζεταιο
3070 3382 3150 3437 ΕΖ
3185 3398 3276 3438 τις
3304 3379 3415 3449 γὰρ
3456 3372 3531 3463 ἐκ
3547 3371 3792 3443 Χριστῷ

2201 3460 2377 3553 καινῆ
2405 3460 2622 3547 κτίσις.
2649 3478 2761 3534 Καὶ
2795 3478 2848 3531 τί
2885 3490 3019 3546 φησι
3043 3469 3158 3536 τοῖς
3189 3470 3460 3542 μαθηταῖς
3487 3460 3783 3536 summa;

2214 3579 2614 3640 Ἀπελθόντες,
2660 3570 3075 3643 μαθητεύσατε
3113 3564 3313 3618 πάντα
3343 3560 3417 3614 τὰ
3457 3560 3626 3626 ἔθνη,
3660 3558 3786 3621 ,ϐα-

2202 3669 2506 3733 πτίζοντες
2544 3664 2766 3729 αὐτοὺς
2811 3663 2898 3727 εἰς
2925 3658 2993 3712 τὸ
3033 3658 3223 3725 ὄνομα
3252 3653 3357 3708 τοῦ
3398 3651 3628 3718 Πατρός
3676 3647 3787 3701 καὶ

2199 3760 2309 3816 τοῦ
2349 3758 2482 3813 Υἱοῦ
2529 3756 2627 3810 καὶ
2661 3753 2765 3808 τοῦ
2818 3751 2990 3821 ἁγίου
3035 3746 3399 3813 Πνεύματος.
3441 3739 3603 3810 Ὀρᾷς
3641 3738 3785 3790 κάνο

2202 3853 2377 3909 ταῦθα
2412 3848 2698 3921 συμπαρὸν
2739 3844 2915 3915 Πατρὶ
2966 3842 3060 3896 καὶ
3099 3839 3214 3909 Υἱῷ
3245 3837 3306 3890 τὸ
3337 3836 3490 3904 ἅγιον
3529 3831 3781 3902 Πνεῦμα.

2201 3947 2268 4000 Τί
2295 3946 2339 3999 δ’
2365 3944 2431 3998 ἂν
2456 3942 2632 4004 εἴποις
2656 3937 2898 4007 καὶπερὶ
2924 3936 3022 4006 τῆς
3041 3930 3395 3992 ἀναστάσεως
3415 3926 3522 3980 τῶν
3545 3923 3782 3995 νεκρῶν,

2199 4040 2327 4093 ὅταν
2368 4034 2730 4103 ἐκλείψωμεν,
2765 4030 2861 4084 καὶ
2909 4031 2988 4090 εἰς
3024 4025 3114 4079 τὸν
3150 4023 3281 4094 χοῦν
3321 4019 3478 4091 ήμῶν
3527 4014 3791 4086 ἐπιστρέ-

2200 4131 2427 4202 ψωμεν;
2456 4127 2531 4197 Γῆ
2559 4125 2666 4195 γάρ
2707 4125 2898 4192 ἐσμεν,
2934 4119 3028 4172 κα).
3076 4119 3155 4180 είς
3196 4115 3296 4202 τὴν
3335 4110 3438 4182 γῆν
3477 4107 3785 4202 ἀπελευσό-

2206 4192 2366 4291 μεθα,
2393 4192 2489 4270 καὶ
2508 4192 2796 4268 ἀποστελεῖ
2826 4208 2889 4262 τὸ
2919 4204 3144 4275 Πνεῦμα
3164 4201 3224 4255 τὸ
3263 4199 3440 4268 ἅγιον,
3470 4195 3566 4249 καὶ
3600 4192 3785 4245 κτίσει

2203 4283 2370 4383 ἦμᾶς,
2419 4308 2513 4361 κα)¹
2557 4301 2898 4359 ἀνακαινίσει
2936 4299 2996 4352 τὸ
3035 4295 3325 4367 πρόσωπον
3373 4289 3472 4360 τῆς
3509 4283 3787 4383 γῆς,.“Ην

2126 4363 2173 4418 D
2202 4363 2567 4473 ⁹Παῦλος
2609 4398 2638 4449 ὁ
2675 4395 2830 4463 ἅγιος
2880 4363 3238 4457 ἐξανάστασιν
3293 4384 3490 4473 εἴρηκεΔ
3513 4417 3530 4443 ,
3571 4375 3787 4473 ταύτην

2198 4466 2363 4545 dubio
2409 4483 2802 4556 ἀνακαινισμὸν
2849 4478 3283 4553 προσηγόρευσε.
3335 4468 3679 4539 Ἀκούσωμεν
3719 4466 3789 4521 δὲ

2198 4582 2361 4636 πάλιν
2394 4578 2506 4651 (92)
2536 4575 2631 4630 τοῦ
2670 4572 3012 4648 ἁρπαγέντος
3055 4569 3159 4632 ἓως
3208 4563 3393 4637 τρίτου
3421 4558 3673 4651 οὐρανοῦ.
3711 4558 3787 4651 τί

2200 4649 2412 4743 φησινξ
2436 4670 2557 4722 Ὅτι
2597 4664 2744 4730 ναὸς
2788 4662 2894 4717 τοῦ
2937 4661 3007 4714 ἐν
3044 4657 3188 4727 ὑμῖν
3228 4649 3785 4743 ἁγίουῨΠνεύματός

2197 4736 2360 4817 ἐστε.
2382 4736 2510 4824 Πᾶς
2548 4757 2606 4810 δὲ
2635 4756 2761 4818 ναὸς
2795 4751 2932 4806 Θεοῦ
2971 4751 3115 4813 ναός.
3146 4748 3210 4800 El
3242 4745 3300 4799 δὲ
3323 4742 3452 4806 ναός
3485 4742 3650 4807 ἐσμεν
3680 4736 3783 4791 τοῦ

2200 4851 2518 4922 Πνεύματος
2567 4846 2661 4900 τοῦ
2714 4844 2894 4913 ἀγίου,
2928 4839 3061 4902 Θεὸς
3098 4838 3160 4891 τὸ
3214 4833 3440 4903 Πνεῦμα
3493 4828 3556 4881 τὸ
3598 4826 3780 4895 ἅγιον.

2200 4944 2434 5012 Λέγεται
2479 4941 2538 4994 δὲ
2598 4939 2691 4992 καὶ
2743 4936 2872 4998 ναὸς
2917 4929 3286 5002 Σολομῶντος,
3320 4924 3436 4979 ἀλλ’
3487 4922 3563 5012 ὡς
3604 4936 3781 5012 κατα-

2202 5009 2592 5091 σκευάσαντος.
2635 5027 2700 5080 Εἰ
2755 5024 2813 5077 δέ
2865 5023 3039 5085 οὓτως
3088 5018 3257 5090 ἐσμὲν
3298 5015 3428 5078 ναὸς
3471 5010 3564 5066 τοῦ
3615 5009 3781 5078 ἁγίου

2198 5123 2537 5192 Πνεύματος,
2581 5117 2715 5179 Θεὸς
2759 5115 2820 5168 τὸ
2859 5116 3012 5182 ἀγιον
3059 5110 3305 5179 Πνεῦμα.
3352 5107 3414 5161 '0
3442 5105 3551 5175 γὰρ
3580 5101 3785 5158 πάντα

2200 5209 2666 5275 κατασκευάσας
2681 5209 2825 5273 Θεός
2842 5223 2856 5238 ·
2893 5207 2942 5258 εί
2972 5204 3029 5258 δέ
3051 5203 3126 5266 ὡς
3154 5198 3652 5272 προσκυνουμένου,
3683 5195 3783 5248 κα)¹

1767 5371 1809 5403 ³³
1840 5369 1987 5428 Psal.
2012 5387 2184 5439 xxxii,
2213 5370 2266 5427 6.
2346 5372 2391 5403 δ’
2413 5370 2457 5425 ll
2476 5370 2605 5425 Cor.
2636 5366 2798 5423 v.17.
2876 5366 2923 5398 ⁸⁸
2950 5363 3142 5418 Matth.
3174 5374 3367 5423 xxvm,
3397 5356 3481 5412 l9.
3558 5354 3603 5386 “
3624 5351 3775 5408 Psal.

2273 5633 2381 5707 (92)
2416 5634 2626 5689 Πάλιν.
2660 5632 2809 5688 lla-1c
2840 5647 3024 5689 vocem
3057 5630 3370 5685 addidimus
3403 5641 3469 5681 ex
3495 5638 3632 5682 mss.
