3888 6214
166 304 256 360 165
1126 294 1618 358 ιεΡιετοιλιιωι
1654 296 1726 359 'CI

1832 296 1946 362 .‘Sl‘S
1978 297 2020 360 Ι.
2063 300 2282 361 ΕΡΙδΤ.
2326 302 2462 362 VIII.

3306 311 3413 366 866

168 418 483 486 ἐνοικοῦντος
510 423 570 474 ὲν
600 417 756 493 ἡμῖν,
784 422 1213 495 ὁμολογήσωμεν
1241 423 1376 476 αὐτὸ
1403 416 1543 476 εἶναι
1573 420 1726 478 Θεόν.

1834 432 1945 489 tur,
2002 436 2055 481 et
2086 425 2357 480 inhabitat
2386 427 2443 480 in
2469 425 2653 491 nobis,
2689 425 3051 482 conﬁteamur
3080 426 3261 497 ipsum
3287 441 3414 483 esse

170 513 343 582 Κυρίῳ
375 514 486 583 γὰρ
514 511 597 578 τῷ
632 511 754 578 Θεῷ
787 528 905 566 σου
928 511 1404 581 προσκυνήσεις,
1442 513 1540 566 καί
1567 511 1726 577 αὐτῷ

169 607 311 674 μόνῳ
353 605 728 671 λατρεύσεις.
771 604 836 656 Et
864 602 923 655 δὲ
969 602 1066 674 τὴν
1109 603 1255 668 Θεὸς
1301 602 1483 674 φωνὴν
1524 619 1724 674 παραι-

171 699 343 759 τοῖντο,
383 693 806 766 μανθανέτωσαν
834 692 977 756 τίνος
1004 694 1122 746 ἐστὶ
1151 692 1484 764 σημαντικὸν
1523 693 1584 746 τὸ
1611 693 1728 745 ὅνο-

174 805 238 858 μα
262 786 438 840 τοῦτο.
463 785 622 857 Παρὰ
652 784 761 856 γὰρ
791 783 852 837 τὸ
890 781 1194 837 τεθεικέναι
1219 782 1289 837 τά
1338 783 1571 855 πάνταῆ
1604 781 1729 837 θεᾶ-

173 880 274 932 σθαι
314 878 385 931 τά
432 878 611 931 πάντα
644 879 673 930 ὁ
716 876 848 940 Θεὸς
899 875 1226 947 ὀνομάζεται
1255 875 1389 946 (95).
1440 878 1502 930 Εἰ
1547 876 1725 931 τοίνυν

170 972 281 1035 Θεὸς
297 972 510 1042 εἴρηται
538 969 691 1040 παρὰ
710 968 773 1021 τὸ
798 968 1102 1021 τεθεικέναι
1129 968 1162 1036 ἢ
1185 966 1411 1021 θεᾶσθαι
1439 968 1505 1021 τά
1526 969 1724 1033 πάντα,

168 1063 220 1115 τὸ
244 1062 293 1115 δὲ
326 1061 550 1132 Πνεῦμα
594 1063 770 1113 πάντα
802 1059 1059 1129 γινώσκει
1107 1059 1177 1114 τά
1223 1059 1316 1113 τοῦ
1364 1059 1521 1127 Θεοῦ,
1560 1060 1636 1124 ὡς
1668 1061 1727 1114 τὸ

169 1154 364 1226 πνεῦμα
397 1155 458 1207 τὸ
494 1155 550 1206 ὲν
584 1155 718 1224 ἡμῖν
754 1153 824 1205 τὰ
867 1152 1146 1224 ἡμέτεραο
1182 1152 1316 1216 Θεὸς
1350 1147 1443 1207 οὖν
1465 1153 1526 1206 τὸ
1557 1152 1727 1207 Πνεῦ-

170 1263 236 1317 μα
258 1247 313 1299 τὸ
344 1248 519 1315 ἆγιον.
550 1245 662 1298 Καὶ
702 1244 886 1310 πάλιν,
921 1246 971 1296 εἰ
1003 1245 1034 1314 ή
1077 1243 1326 1314 μάχαιρα
1350 1242 1444 1296 τοῦ
1474 1243 1725 1313 Πνεύμα-

168 1355 244 1403 τος
270 1339 415 1411 ῥῆμά
439 1342 556 1392 ἐστι
582 1334 740 1399 Θεοῦ,
763 1336 893 1400 Θεὸς
920 1337 982 1388 τὸ
1006 1334 1232 1407 Πνεῦμα
1251 1335 1312 1388 τὸ
1344 1335 1537 1411 ἆγιονη
1554 1334 1726 1387 Ἐκείο

168 1449 248 1485 νου
281 1432 385 1501 γάρ
435 1432 583 1483 ἐστιν
617 1432 653 1501 ὴ
701 1431 973 1500 μάχαιρα,
1006 1422 1068 1482 οῦ
1117 1428 1210 1481 καὶ
1258 1426 1409 1499 ῥῆμα
1457 1426 1723 1480 καλεῖται.

170 1524 265 1578 Καὶ
289 1524 333 1575 εἰ
360 1524 455 1577 καὶ
481 1520 632 1589 δεξιά
660 1521 769 1590 (9i)
795 1522 889 1574 τοῦ
918 1520 1134 1590 Πατρὸς
1155 1519 1482 1590 ὀνομάζεται
1516 1518 1728 1586 (Δεξιὰ

171 1614 497 1683 ΊύρΚυρίου
534 1614 785 1682 ἐποίησε
829 1613 1088 1682 δύναμιν
1109 1629 1121 1641 ·
1155 1614 1270 1671 καὶ,
1308 1612 1367 1665 Ἠ
1389 1609 1556 1675 δεξιά
1586 1625 1724 1678 σου,

170 1709 355 1776 Κύριε,
386 1707 683 1775 ἔθραυσεν
729 1706 1015 1776 ἐχθρούς’
1075 1703 1337 1767 δάκτυλος
1384 1703 1441 1757 δὲ
1485 1702 1620 1757 Θεοῦ
1665 1705 1727 1757 τὸ

1834 513 2026 571 Deum.
2069 516 2334 571 Adorabis
2389 533 2610 588 namque
2656 517 2942 572 Dominum
3004 517 3172 572 Deum
3216 527 3412 586 tuum,

1828 617 1880 661 et
1930 607 2013 662 illi
2050 608 2154 663 soli
2184 611 2372 664 servies
2393 610 2459 663 ⁸⁷.
2508 609 2667 676 Quod
2711 612 2759 666 si
2797 612 2881 667 eis
2927 626 3030 667 vox
3057 611 3172 675 illa,
3218 610 3362 666 Deus
3392 650 3414 680 ,

1832 700 2132 770 displicet,
2188 701 2405 757 discant
2448 702 2580 772 quid
2612 702 2717 758 hoc
2766 718 2964 758 nomen
2991 704 3284 774 signiﬁcet.
3315 701 3412 757 Ni—

1830 791 2033 845 mirum
2084 806 2153 846 ex
2197 806 2263 847 eo
2318 793 2467 863 quod
2516 793 2761 864 posuerit
2788 794 3012 872 omnia”
3061 794 3149 849 vel
3197 800 3409 864 spectet

1832 882 2034 950 omnia,
2087 882 2231 939 Deus
2260 885 2596 939 nominatur.
2648 883 2709 938 Si
2750 886 2919 955 igitur
2967 883 3111 940 Deus
3166 884 3406 949 dicitur,

1832 986 1899 1025 eo
1927 970 2073 1042 quod
2119 976 2364 1042 posuerit
2414 976 2499 1028 vel
2542 982 2750 1044 spectet
2782 974 3006 1041 omnia;
3042 973 3280 1044 Spiritus
3312 988 3412 1027 au-

1834 1072 1947 1119 tem
1998 1065 2280 1134 cognoscit
2330 1067 2513 1120 omnia
2569 1082 2691 1137 qua:
2733 1064 2831 1121 Dei
2862 1075 3013 1131 sunt,
3070 1067 3219 1121 velut
3247 1066 3412 1136 spiri-

1833 1163 1944 1217 tus,
1975 1155 2070 1225 qui
2099 1157 2154 1209 in
2183 1157 2342 1212 nobis
2372 1164 2478 1222 est,
2508 1159 2658 1212 novit
2687 1172 2808 1229 qua:
2839 1167 3027 1213 nostra
3050 1157 3244 1213 sunt"
3279 1156 3411 1228 :igi-

1834 1257 1923 1301 tur
1947 1244 2186 1317 Spiritus
2214 1257 2437 1303 sanctus
2466 1248 2608 1304 Deus
2637 1258 2743 1305 est.
2770 1249 2837 1303 Et
2866 1264 3082 1314 rursus,
3113 1250 3161 1304 si
3191 1247 3408 1319 gladius

1834 1334 2070 1408 Spiritus
2121 1339 2349 1393 verbum
2374 1347 2460 1393 est
2490 1339 2585 1395 Dei
2604 1339 2649 1371 ⁸9
2670 1379 2686 1404 ,
2725 1340 2871 1396 Deus
2895 1352 2979 1397 est
3010 1334 3251 1411 Spiritus
3278 1355 3410 1397 san—

1834 1443 1979 1492 ctus.
2045 1435 2193 1492 Illius
2224 1446 2311 1493 est
2341 1438 2487 1492 enim
2538 1438 2774 1509 gladius,
2800 1439 2962 1508 cujus
2983 1440 3147 1495 etiam
3182 1439 3407 1494 verbum

1836 1536 2078 1584 vocatur.
2115 1529 2272 1595 Quod
2305 1529 2417 1601 89
2439 1530 2483 1584 si
2513 1532 2679 1585 etiam
2729 1532 3046 1585 nominatur
3071 1527 3251 1587 Patris
3277 1530 3408 1585 dex-

1832 1606 1946 1677 tera
1975 1622 2227 1691 (Dextera
2248 1623 2387 1676 enim
2412 1621 2625 1677 Domini
2647 1622 2767 1691 fecit
2790 1623 3108 1689 virtutem“;
3136 1632 3189 1679 et
3216 1641 3230 1676 :
3265 1621 3408 1676 Dea:-

1837 1722 1949 1766 tera
1979 1726 2071 1766 tua
2097 1752 2114 1776 ,
2154 1712 2378 1767 Domine
2402 1752 2417 1776 ,
2464 1713 2725 1782 percussit
2758 1714 2998 1768 inimicos
3025 1712 3069 1744 ἰ
3096 1734 3112 1778 ;
3165 1712 3260 1768 Dei
3308 1728 3408 1767 au-

169 1800 373 1871 Πνεῦμα
403 1800 467 1851 τὸ
502 1800 679 1868 ἅγιον,
728 1797 871 1852 κατὰ
925 1797 987 1850 τὸ
1027 1796 1226 1868 ῥητόν
1271 1796 1353 1861 τὸ,
1402 1799 1471 1850 El
1498 1796 1613 1867 ἐγὼ
1656 1798 1726 1851 ἐν

1832 1812 1936 1859 tem
1970 1802 2175 1874 digitus
2206 1803 2446 1873 Spiritus
2490 1813 2717 1860 sanctus
2741 1812 2825 1859 est
2846 1845 2861 1869 ,
2894 1804 3196 1871 secundum
3226 1805 3360 1860 illud
3390 1825 3404 1859 :

170 1889 421 1957 δακτύλῳ
453 1889 602 1943 Θεοῦ
626 1888 898 1943 ἐκϐάλλω
923 1886 999 1941 τὰ
1028 1886 1308 1957 δαιμόνια
1327 1904 1339 1916 ·
1367 1888 1503 1958 ὅπερ
1532 1890 1589 1940 ὲν
1614 1889 1728 1941 ὲτέο

172 1997 239 2050 ρῳ
265 1980 578 2051 Εὐαγγελξῳ
611 1980 943 2052 γέγραπται,
976 1979 1060 2043 τὸ,
1098 1978 1306 2050 Εὶὲνὼ
1342 1980 1412 2033 ἐν
1433 1981 1725 2050 Πνεύματι

168 2071 303 2126 Θεοῦ
337 2070 612 2126 ἐκϐάλλω
644 2072 717 2126 τὰ
749 2069 1095 2141 δαιμόνια)·
1140 2069 1241 2141 τῆς
1294 2072 1467 2141 αὐτῆς
1516 2071 1730 2141 φύσεως

171 2164 239 2234 τῷ
263 2166 431 2236 Πινιτρ)⁵
459 2164 554 2218 καὶ
570 2163 687 2234 Υἱῷ
722 2164 784 2217 τὸ
814 2161 1042 2233 Πνεῦμα
1064 2162 1126 2215 τὸ
1158 2163 1336 2230 διγιον.

232 2257 313 2311 12.
352 2257 464 2310 Καὶ
517 2255 646 2327 περὶ
691 2255 790 2326 μὲν
842 2253 945 2325 τῆς
984 2255 1370 2325 προσκυνητῆς
1427 2255 1520 2308 καὶ
1568 2256 1726 2324 ἁγίας

170 2347 375 2419 τριάδος
415 2347 655 2401 τοσαῦτα
682 2345 794 2417 (95)
839 2349 975 2417 ἡμῖν
1010 2345 1103 2398 ὲπὶ
1143 2345 1238 2399 τοῦ
1266 2345 1533 2418 παρόντος
1576 2348 1729 2418 εἰρή-

170 2437 415 2507 σθω(96).
452 2439 528 2490 Οὐ
562 2437 672 2508 γάρ
703 2436 797 2489 νῦν
835 2434 1056 2489 δυνατὸν
1096 2435 1432 2507 πλατύτερον
1477 2436 1728 2502 ἐξετάσαι

169 2528 249 2581 τὸν
270 2530 391 2599 περὶ
427 2529 602 2599 αὐτῆς
630 2528 808 2596 λόγον.
845 2527 1035 2598 Ὑμεῖς
1073 2527 1151 2591 δὲ,
1174 2527 1427 2591 λαϐόντες
1453 2529 1603 2600 παρὰ
1628 2530 1730 2599 τῆς

169 2621 422 2690 ἡμετέρας
466 2619 849 2683 ταπεινώσεως
898 2619 1220 2690 σπέρματα,
1268 2620 1468 2690 στάχυν
1519 2619 1728 2692 ῶριμον

168 2712 362 2776 ἑαυτοῖς
390 2714 771 2783 γεωργήσατε,
803 2711 926 2764 ἐπεὶ
955 2712 1050 2764 καὶ
1081 2710 1293 2775 τόκους,
1314 2712 1397 2775 ὡς
1443 2713 1579 2775 ἴστε,
1621 2713 1728 2765 τῶν

165 2802 403 2855 τοιούτων
438 2801 980 2873 προσαπαιτούμεθα.
1007 2801 1256 2856 Πιστεύω
1293 2802 1352 2856 δὲ
1376 2802 1455 2875 τῷ
1478 2803 1618 2875 Θεῷ,
1646 2806 1727 2858 ὅτι

166 2895 602 2964 καρποφορήσετε
660 2893 754 2947 καὶ
787 2893 1114 2965 τριάκοντα,
1157 2894 1252 2947 καὶ
1313 2895 1576 2966 ἐξήκοντα
1632 2896 1726 2949 καὶ

166 2984 365 3051 ἑκατὸν,
410 2984 503 3038 διὰ
521 2985 618 3056 τὴν
648 2984 996 3055 καθαρότητα
1042 2982 1135 3037 τοῦ
1166 2984 1282 3055 βίου
1312 2985 1487 3055 ὑμῶν.
1521 2986 1724 3039 Μακά-

1832 1896 1893 1952 Si
1915 1913 2008 1967 ego
2042 1898 2097 1951 in
2145 1896 2312 1967 digito
2358 1896 2456 1950 Dei
2482 1897 2638 1966 ejicio
2660 1895 3031 1962 daemonia“;
3066 1897 3119 1951 id
3149 1897 3301 1967 quod
3348 1899 3405 1951 in

1829 1989 1936 2044 alio
1961 1988 2254 2061 Evangelio
2297 1989 2563 2059 scriptum
2597 1997 2682 2044 est
2720 2010 2734 2044 :
2779 1987 2841 2044 Si
2866 2005 2959 2059 ego
2985 1990 3040 2042 in
3073 1987 3275 2057 Spiritu
3306 1988 3408 2044 Dei

1827 2081 1982 2152 eiicio
2040 2081 2307 2136 daemonia
2323 2082 2392 2152 ⁹³)
2425 2097 2440 2132 :
2498 2080 2739 2151 Spiritus
2774 2092 3003 2137 sanctus
3034 2081 3282 2151 ejusdem
3309 2098 3407 2137 na-

1826 2179 1964 2228 tura:
1986 2187 2050 2228 ac
2065 2172 2227 2227 Pater
2252 2179 2307 2227 et
2336 2171 2529 2229 Filius.

1903 2262 1994 2318 12.
2029 2264 2205 2332 Atque
2266 2263 2370 2317 ista
2433 2250 2654 2332 quidem
2717 2261 2877 2317 nobis
2934 2262 3002 2317 de
3036 2261 3319 2317 adoranda
3349 2270 3406 2317 et

1829 2334 2022 2409 sancta
2052 2351 2323 2408 Trinitate
2347 2354 2402 2407 in
2435 2352 2691 2422 praesenti
2719 2352 2864 2406 dicta
2893 2353 3022 2407 sint.
3071 2352 3227 2407 Nunc
3255 2353 3402 2408 enim

1831 2444 1947 2501 ﬁeri
1975 2446 2187 2515 nequit,
2232 2452 2293 2499 ut
2324 2440 2502 2499 latius
2533 2443 2801 2499 rationem
2830 2443 2979 2497 illius
3022 2444 3400 2514 exquiramus.

1830 2534 1943 2591 Vos
1968 2551 2120 2600 vero,
2168 2537 2412 2605 acceptis
2437 2550 2468 2589 a
2512 2543 2702 2590 nostra
2734 2535 3043 2590 humilitate
3074 2536 3401 2605 seminibus,

1831 2632 2101 2679 maturam
2164 2625 2373 2694 spicam
2442 2624 2739 2693 vobisipsis
2794 2624 3072 2689 excolite,
3132 2626 3403 2696 siquidem

1829 2721 1880 2768 et
1930 2730 1960 2767 a
1995 2714 2177 2777 nobis,
2209 2722 2268 2766 ut
2294 2715 2490 2777 nostis,
2525 2714 2761 2784 exigitur
2800 2714 2993 2767 talium
3036 2729 3223 2769 usura.
3268 2716 3405 2770 Con-

1833 2805 1939 2860 iido
1969 2813 2150 2861 autem
2187 2805 2316 2869 Deo,
2374 2805 2610 2859 fructum
2660 2807 2925 2861 allaturos
2976 2822 3074 2862 vos
3125 2814 3179 2863 et
3237 2809 3404 2880 trige-

1830 2901 2052 2970 cuplum
2103 2905 2158 2952 et
2210 2898 2669 2968 sexagecuplum,
2714 2906 2767 2951 et
2811 2899 3148 2968 centuplum,
3193 2900 3263 2954 ob
3314 2916 3405 2956 ve-

1833 2999 1960 3045 stra:
2017 2989 2141 3043 vitae
2203 2988 2516 3058 puritatem.
2572 2986 2705 3040 Nam
2769 2987 2908 3042 beati
2951 2988 3146 3044 mundo
3202 2990 3401 3055 corde,

153 3075 415 3147 ριοιγὰρ,
467 3076 634 3147 φησὶν
665 3075 810 3147 (97),
868 3079 921 3130 οἱ
954 3077 1200 3145 καθαροὶ
1244 3074 1318 3145 τῇ
1347 3075 1589 3146 καρδίᾳ,
1636 3077 1724 3131 ὅτι

1832 3082 2082 3153 quoniam
2117 3080 2229 3148 (ipsi
2284 3078 2453 3132 Deum
2498 3077 2744 3132 videbunt
2766 3079 2832 3131 θδ.
2894 3078 3082 3149 Neque
3123 3095 3253 3135 vero
3313 3097 3403 3137 re-

164 3168 315 3220 αὐτοὶ
342 3167 452 3221 τὸν
478 3168 631 3222 Θεὸν
659 3167 931 3236 ὄψονται.
977 3168 1089 3220 Καὶ
1135 3167 1270 3239 μηδὲ
1298 3167 1426 3221 ἄλλο
1458 3185 1532 3232 τι,
1575 3168 1729 3222 ἀδελ-

164 3256 260 3323 φοὶ,
289 3256 387 3329 τὴν
420 3256 703 3326 βασιλείαν
736 3255 842 3309 τῶν
870 3255 1117 3327 οὐρανῶν
1142 3256 1402 3327 νομίσητε
1429 3255 1539 3327 (98)
1570 3257 1603 3328 ἢ
1631 3256 1728 3328 τὴν

162 3348 258 3401 τῶν
290 3350 461 3403 ὅντων
487 3348 663 3418 ἀληθῆ
709 3347 1071 3417 κατανόησιν,
1107 3346 1176 3418 ἦν
1208 3346 1304 3400 καὶ
1347 3347 1729 3419 μακαριότητα

157 3439 500 3511 ὀνομάζουσιν
534 3441 591 3493 αἱ
622 3438 763 3492 θεῖαι
795 3439 1024 3510 Γραφαί.
1059 3439 1131 3493 Ἠ
1152 3436 1262 3508 γὰρ
1288 3439 1579 3502 ,βασιλεία
1611 3437 1730 3492 τῶν

159 3531 416 3599 οὐρανῶν
443 3530 622 3597 ἐντὸς
647 3530 815 3600 ὑμῶν
837 3530 1137 3601 sertulam
1158 3529 1215 3583 δὲ
1233 3530 1324 3583 τὸν
1340 3529 1490 3594 ἐντὸς
1519 3530 1728 3602 ἄνθρω-

163 3636 249 3675 nov
267 3624 418 3678 οὐδὲν
442 3623 634 3693 ἕτερον
661 3622 694 3693 ἦ
721 3620 922 3694 θεωρία
950 3622 1288 3676 συνίσταται.
1306 3622 1524 3693 Θεωρία
1549 3623 1615 3677 ἂν
1643 3624 1729 3695 εἴη

162 3708 325 3766 λοιπὴν
353 3714 386 3784 ἠ
414 3712 669 3784 βασιλεία
689 3712 799 3766 τῶν
830 3712 1094 3786 οὐρανῶν.
1111 3707 1211 3767 ’Ὧν
1240 3714 1349 3787 γάρ
1377 3716 1471 3769 νῦν
1490 3716 1600 3789 (99)
1631 3717 1730 3780 τάς

163 3803 304 3868 σκιάς
326 3803 659 3878 καθορῶμεν
680 3804 755 3868 ώς
779 3806 837 3857 ὲν
868 3807 1179 3877 κατόπτρῳ,
1212 3805 1461 3879 ὕστερον,
1487 3808 1729 3863 ἀπαλλα-

160 3894 331 3961 γέντες
369 3896 466 3950 τοῦ
499 3894 740 3965 γεώδους
785 3893 1036 3967 σώματος
1067 3894 1287 3960 τούτου,
1319 3897 1414 3951 καὶ
1456 3898 1729 3970 ἄφθαρτον

158 3984 573 4057 ἐτανδυσάμενοι
618 3985 711 4038 καὶ
746 3983 1043 4049 ἀθάνατον,
1077 3985 1285 4039 τούτων
1333 3986 1401 4039 τά
1444 3986 1728 4058 ἀρχέτυπα

162 4074 521 4147 κατοψόμεθα.
586 4073 862 4146 Ὀψόμεθα
889 4074 980 4141 δὲ,
1019 4075 1073 4127 εἴ
1106 4093 1170 4144 γε
1220 4077 1312 4129 τὸν
1359 4077 1567 4132 ἑαυτῶν
1614 4078 1728 4149 βίον

162 4166 284 4235 πρὸς
304 4167 365 4220 τὸ
396 4167 562 4230 εὐθὲς
582 4166 1007 4237 κυδερνοὶημεν,
1040 4168 1135 4220 καὶ
1166 4168 1266 4238 τῆς
1290 4168 1458 4240 ὀρθῆς
1492 4170 1726 4234 πίστεως

164 4258 436 4331 ποιοίμεθα
489 4260 788 4332 πρόνοιαν,
827 4254 901 4313 ὧν
952 4262 1123 4333 χωρὶς
1174 4260 1350 4324 οὐδεὶς
1394 4260 1581 4330 biberat
1635 4263 1727 4315 τὸν

163 4349 365 4423 Κύριον.
396 4355 507 4419 Είς
540 4352 650 4421 γὰρ
696 4351 1065 4420 κακότεχνον
1095 4350 1341 4420 ψυχὴν,
1385 4352 1579 4420 φησὶν,
1617 4352 1728 4405 οὐκ

1829 3185 1999 3242 gnum
2027 3170 2295 3224 cmlorum
2342 3168 2490 3222 aliud
2525 3167 2822 3237 quidquam
2873 3170 3075 3236 putetis
3099 3209 3114 3233 ,
3162 3167 3361 3225 fratres
3386 3209 3402 3235 ,

1829 3274 1993 3330 quam
2023 3273 2214 3313 eorum
2264 3272 2383 3327 quae
2432 3268 2560 3310 sunt
2612 3258 3175 3327 contemplationem,
3237 3275 3403 3331 quam

1828 3351 1992 3409 etiam
2067 3350 2266 3407 divinae
2333 3347 2634 3419 Scriptura:
2714 3357 2912 3405 vocant
2984 3350 3398 3408 beatitudinem.

1829 3445 2068 3517 Regnum
2112 3446 2252 3498 enim
2298 3442 2554 3498 caelorum
2590 3444 2732 3496 intra
2786 3456 2875 3497 vos
2899 3444 3070 3497 est”.
3115 3445 3275 3500 Circa
3318 3445 3400 3499 in-

1829 3544 2047 3592 ternum
2105 3541 2286 3590 autem
2335 3534 2610 3589 hominem
2658 3533 2795 3588 nihil
2847 3533 2997 3588 aliud
3042 3550 3209 3605 quam
3267 3552 3403 3591 con-

1828 3628 2113 3698 templatio
2170 3626 2441 3682 consistit.
2492 3624 2779 3696 Reliquum
2815 3632 2898 3681 est
2937 3626 3136 3696 igitur,
3170 3638 3232 3682 ut
3264 3643 3401 3683 con-

1827 3721 2108 3790 templatio
2168 3733 2397 3789 regnum
2460 3717 2532 3772 sit
2600 3717 2884 3771 cmlorum.
2959 3708 3202 3783 Quorum
3257 3719 3402 3774 enim

1829 3827 1978 3866 nunc
2016 3812 2241 3865 umbras
2289 3810 2536 3863 videmus
2602 3809 2760 3877 quasi
2808 3810 2864 3862 in
2923 3809 3191 3878 speculo,
3249 3820 3403 3880 post-

1830 3902 2053 3958 modum
2100 3910 2326 3956 terreno
2371 3901 2472 3954 hoc
2523 3915 2755 3969 corpore
2804 3900 3061 3963 liberati,
3111 3910 3164 3953 et
3223 3901 3403 3956 incor-

1829 4002 1992 4064 rupto
2049 4007 2115 4047 ac
2165 3992 2458 4046 immortali
2518 3991 2748 4057 induti,
2830 3992 3023 4046 horum
3106 3993 3402 4064 archetypa

1828 4086 2159 4141 videbimus.
2194 4084 2498 4139 Cernemus
2543 4091 2748 4149 autem,
2807 4085 2853 4137 si
2897 4085 3061 4139 modo
3092 4086 3257 4139 vitam
3311 4102 3398 4142 no-

1829 4186 2001 4231 stram
2034 4175 2103 4228 ad
2148 4173 2201 4227 id
2246 4174 2391 4243 quod
2425 4182 2634 4228 rectum
2666 4180 2772 4237 est,
2813 4174 3201 4239 direxerimus,
3239 4182 3405 4247 atque

1829 4274 1981 4320 recta
2041 4263 2175 4319 ﬁdes
2214 4278 2362 4318 curae
2394 4264 2554 4318 nobis
2610 4264 2813 4331 fuerit,
2859 4268 2979 4321 sine
3008 4265 3210 4335 quibus
3243 4281 3405 4322 nemo

1830 4355 2119 4412 Dominum
2173 4353 2397 4410 videbit.
2465 4352 2611 4409 Nam
2663 4357 2717 4408 in
2778 4357 3069 4428 malignam
3123 4359 3401 4423 animam,

161 4444 563 4500 εὶσελεύσεται
590 4444 798 4513 σοφία,
845 4443 987 4497 οὐδὲ
1013 4441 1358 4510 κατοικήσει
1395 4444 1465 4497 ἐν
1500 4443 1726 4512 σώματι

1832 4447 2010 4518 inquit
2040 4487 2054 4507 ,
2113 4462 2216 4499 non
2268 4445 2510 4499 introibit
2564 4448 2825 4514 sapientia
2856 4489 2871 4512 ,
2932 4464 3092 4519 neque
3144 4448 3403 4503 habitabit

160 4536 448 4607 καταχρέῳ
472 4536 789 4607 ἁμαρτίας.
811 4537 920 4590 Καὶ
945 4536 1134 4607 μηδεὶς
1161 4536 1510 4609 ὑποκρουέτω
1529 4536 1726 4616 λέγων,

1832 4539 1880 4591 in
1922 4551 2136 4604 corpore
2184 4536 2409 4590 obnoxio
2439 4547 2652 4604 peccato
2671 4538 2739 4592 ⁸⁸.
2795 4535 2966 4592 Nemo
3005 4546 3187 4593 autem
3230 4539 3401 4594 recla~

159 4628 231 4680 ὅτι
271 4628 349 4683 Τά
380 4632 440 4684 ὲν
487 4628 653 4682 ποσὶν
711 4629 921 4697 ἀγνοῶν
974 4629 1103 4700 περὶ
1153 4628 1252 4697 τῆς
1305 4628 1597 4699 ἀσωμάτου
1632 4624 1726 4681 ua!

1832 4636 1960 4693 .net,
1990 4627 2179 4682 dicens
2209 4643 2222 4677 :
2265 4626 2368 4692 Qui
2399 4641 2487 4680 res
2518 4635 2646 4700 ante
2679 4626 2846 4697 pedes
2889 4627 3100 4697 positas
3154 4627 3397 4697 ignoras.

159 4719 319 4792 πάντη
347 4720 426 4792 (Ι)
456 4719 660 4774 άνύλου
706 4719 893 4783 οὐσίας
920 4721 1053 4790 ἡμῖν
1085 4719 1420 4790 φιλοσοφεῖς.
1469 4720 1579 4772 Καὶ
1617 4718 1724 4789 γάρ

1832 4720 1897 4775 de
1947 4720 2274 4789 incorporea
2321 4726 2376 4773 et
2446 4734 2677 4789 prorsus
2747 4719 3095 4775 immateriali
3163 4719 3402 4775 essentia

157 4808 337 4865 ἄτοπον
372 4813 553 4886 κρίνω
584 4811 685 4875 τὰς
713 4811 811 4881 μὲν
844 4811 1125 4883 αἰσθήσεις
1160 4811 1254 4883 ὲᾷν
1289 4811 1584 4877 ἀκωλύτως
1616 4812 1726 4866 τῶν

1832 4812 1987 4867 nobis
2042 4807 2468 4882 philosopharis.
2544 4806 2679 4863 Illud
2750 4810 2897 4864 enim
2956 4809 3254 4865 absurdum
3311 4809 3404 4879 ju—

160 4900 287 4958 ἰδίων
323 4902 713 4959 ἐμπίπλασθαι
746 4903 922 4968 ὑλῶν,
956 4905 1046 4958 τὸν
1084 4904 1140 4957 δὲ
1185 4904 1310 4957 νοῦν
1356 4905 1514 4975 μόνον
1554 4904 1726 4976 εἴργε-

1832 4905 1976 4969 dico,
2023 4912 2084 4958 ut
2127 4919 2325 4959 sensus
2382 4903 2601 4974 quidem
2643 4903 2889 4956 sinamus
2946 4902 3116 4957 libere
3155 4904 3273 4958 suis
3306 4917 3405 4973 op-

214 5055 255 5087 ⁸⁷
291 5057 484 5115 Matth.
527 5059 722 5123 "1,10.
796 5056 843 5089 ⁸⁸
872 5055 890 5109 Ι
922 5056 1049 5112 Cor.
1090 5057 1261 5121 ΠΛΟ,
1298 5058 1385 5110 il.
1462 5058 1507 5089 ⁸³
1532 5056 1726 5127 Ephes.

1833 5058 1950 5120 ,l7.
2013 5035 2072 5092 ’⁸ο
2102 5057 2247 5113 Psal.
2284 5072 2452 5121 cxvn,
2494 5056 2577 5110 16.
2653 5057 2697 5088 θ’
2736 5056 2907 5112 Exod.
2937 5072 3029 5122 xv,
3059 5056 3113 5111 6.
3190 5057 3235 5089 ⁸⁸
3264 5055 3399 5112 Luc.

158 5139 223 5190 ιι,
254 5129 343 5184 20.
418 5132 467 5161 ’³
503 5129 698 5183 Matth.
739 5128 943 5193 xu,28.
1014 5129 1060 5159 9”
1094 5127 1288 5182 Matth.
1314 5142 1365 5191 v,
1390 5129 1444 5182 8.
1523 5129 1568 5160 ¹³⁸
1600 5127 1726 5182 Luc.-

1832 5144 1902 5191 ιι,
1926 5127 2018 5182 21.
2096 5129 2149 5160 ⁸⁸
2174 5128 2301 5198 Sap.
2333 5145 2371 5192 ι,
2397 5129 2448 5182 4,

216 5284 319 5355 (93)
355 5287 421 5340 '0
451 5284 606 5350 Θεὸς
642 5282 998 5355 ὀνομάζετιῃ.
1034 5281 1144 5355 llas
1183 5297 1347 5355 voces
1378 5289 1431 5337 et
1471 5298 1593 5352 quae
1628 5298 1714 5338 se-

188 5351 378 5409 uuntur
407 5371 595 5424 usque
627 5356 695 5424 ad
727 5353 789 5406 τὸ
829 5353 885 5405 δὲ
926 5353 1151 5424 Πνεῦμα
1182 5351 1433 5424 addimus
1473 5351 1538 5405 ex
1581 5368 1713 5407 mss.

1832 5354 1877 5405 in
1904 5361 2088 5424 textu.

158 5420 397 5495 Displicet
420 5420 615 5479 autem
643 5423 967 5478 Combeiisio
980 5420 1303 5488 τεθεικέναι,
1319 5436 1382 5476 ac
1397 5425 1574 5492 legere
1588 5425 1718 5476 mal-

158 5493 219 5547 let
241 5494 671 5549 τεθεωοηκέναι.

1894 5422 2005 5492 (96)
2037 5420 2196 5492 (Vide
2220 5420 2527 5491 Addenda.)

1894 5493 2005 5549 (97)
2033 5492 2178 5549 Γὰρ,
2203 5491 2413 5549 φησίν.
2452 5488 2650 5546 Ultima
2680 5508 2786 5547 vox
2822 5492 2971 5547 addit

218 5536 219 5543 η
241 5495 671 5568 τεθεωρηκέναι.

218 5565 320 5636 (94)
359 5568 474 5623 Καὶ
510 5568 571 5618 ει
616 5562 716 5636 καί
738 5561 926 5636 δεξιᾷ.
957 5560 1050 5636 Sic
1079 5577 1214 5633 mss.
1246 5560 1387 5615 Editi
1422 5561 1516 5614 καὶ
1545 5560 1714 5627 δεξιά,

1915 5495 2005 5562 97)
2033 5495 2178 5559 mp,
2203 5495 2413 5559 φησίν.
2452 5495 2650 5546 Ultima
2680 5508 2786 5547 vox
2822 5495 3004 5547 addita
3037 5505 3104 5548 ex
3134 5508 3269 5550 mss.

2036 5559 2636 5636 ﬁoptqnte._lta_mss.
2672 5562 2817 5617 Editi
2848 5564 3160 5635 νομίσηται.
3238 5634 3250 5636 Α

157 5626 355 5693 omissis
388 5638 488 5691 καὶ
518 5637 595 5688 εἰ.
629 5631 785 5703 (Vide
816 5632 1116 5701 Addenda.)
1319 5700 1330 5703 _
1516 5701 1524 5703 _
1620 5626 1625 5627 ⁷
1652 5701 1681 5703 η

1896 5626 2007 5703 (99)
2038 5626 2149 5703 Ὧῶ·
2174 5626 2287 5703 γὰρ
2307 5630 2444 5685 νῦν.
2481 5630 2680 5686 Ultima
2712 5626 2989 5689 vocula-ex
3022 5626 3157 5691 mss.
3189 5632 3397 5692 addita.

216 5706 316 5779 (95)
360 5700 664 5762 Τοσαῦτα.
700 5701 780 5754 Ita
811 5717 941 5757 mss.
975 5718 1071 5771 pro
1096 5717 1162 5756 eo
1190 5700 1335 5772 quod
1364 5709 1479 5759 erat
1514 5701 1569 5753 in
1599 5701 1716 5755 edi-

1883 5700 2235 5772 (1)Πάντη.
2270 5701 2347 5756 Ita
2377 5715 2512 5759 mss.
2548 5703 2691 5761 Editi
2720 5705 2914 5759 πάντα.
3400 5711 3408 5719 “

372 5803 661 5864 Parnm.
694 5795 815 5858 Gn.
851 5798 1114 5861 XXXII.
3037 5797 3077 5855 9

1824 5282 1897 5355 tis
1922 5283 2168 5337 τοιαῦτα.
2203 5282 2324 5338 Non
2356 5284 2528 5339 multo
2568 5292 2686 5354 post
2727 5282 2862 5338 editi
2897 5284 3137 5355 σπέρμα.
3171 5283 3304 5342 Mss.
3339 5292 3404 5341 ut
