3888 6214
282 223 393 284 2U

1679 230 1737 289 S.
1773 230 2019 290 BASILII
2080 234 2298 291 MAGNI

3449 225 3557 280 218

286 341 458 396 subiit
497 340 633 396 mihi
681 356 968 399 sacrorum
1019 340 1368 413 dogmatum,
1414 348 1467 398 et
1510 342 1875 414 philosophia

1993 344 2070 408 ὶος
2095 362 2180 408 τις
2214 341 2463 413 ὑπεισῄει
2513 358 2616 413 μου
2663 338 2774 394 τῶν
2812 337 2972 392 θείων
3008 335 3316 408 δογμάτων,
3341 336 3435 388 καὶ
3459 339 3557 405 τῆς

250 449 409 524 ἱιιιιιιε
456 434 608 490 circa
654 435 748 490 illa
792 443 1062 492 versatur.
1109 435 1394 503 Quomodo
1442 435 1589 490 enim
1638 435 1869 506 possim,

249 526 525 610 2.aiebam,
578 527 918 583 habitantem
973 528 1028 583 in
1082 529 1243 584 nobis
1297 528 1563 583 malitiam
1617 527 1873 583 domare?

256 616 425 715 {Quis
458 621 596 674 mihi
643 620 737 675 ﬁat
779 621 985 684 Laban,
1018 621 1262 675 liberans
1295 637 1381 677 me
1422 623 1490 677 ab
1534 620 1677 715 Esau
1709 629 1873 690 atque

289 711 358 764 ad
407 727 704 782 supernam
762 713 1163 785 philosophiam
1223 712 1539 768 deducens?
1601 710 1870 777 Quoniam

291 811 496 866 autem.
530 804 643 860 Deo
680 806 864 866 dante.
907 808 1019 862 voti
1059 816 1365 877 compotes,
1399 814 1664 878 quantum
1694 806 1871 867 licuit,

294 891 420 948 facti
454 910 670 959 sumus,
707 899 995 954 electionis
1028 900 1250 953 invento
1281 915 1411 954 vase
1453 906 1507 953 et
1551 906 1714 968 puteo
1746 912 1876 967 pro-

294 984 487 1051 fundo,
532 987 659 1044 dico
715 999 896 1046 autem
947 992 1154 1050 Christi
1199 1008 1262 1047 os
1305 990 1675 1062 Gregorium:
1712 990 1874 1045 nobis

293 1090 624 1147 parumper,
672 1095 895 1151 quaso,
951 1098 1175 1152 parum,
1239 1097 1497 1153 rogamus
1518 1123 1532 1147 ,
1588 1081 1877 1137 concedite

295 1169 597 1237 temporis;
624 1186 734 1225 non
781 1173 927 1242 quod
970 1175 1023 1228 in
1059 1175 1193 1230 urbe
1219 1173 1705 1228 commorationem
1760 1188 1876 1227 am-

296 1257 513 1313 biamus
558 1266 759 1332 (neque
801 1263 948 1317 enim
996 1264 1339 1336 ignoramus,
1373 1264 1625 1318 homines
1656 1263 1761 1318 hoc
1790 1278 1881 1334 pa-

299 1358 388 1404 (διο
424 1367 455 1405 a
487 1354 728 1424 maligno
767 1355 991 1426 decipi),
1024 1358 1117 1413 sed
1160 1358 1304 1428 quod
1344 1358 1552 1412 versari
1583 1373 1708 1412 cum
1751 1374 1880 1412 san-

298 1438 405 1496 ctis
432 1439 589 1511 longe
619 1445 975 1499 utilissimum
1024 1463 1145 1502 esse
1182 1446 1519 1516 judicemus.
1554 1446 1691 1500 Dum
1733 1448 1877 1503 enim

298 1531 365 1586 de
410 1533 613 1591 divinis
642 1537 995 1609 dogmatibus
1024 1540 1232 1609 aliquid
1274 1541 1498 1605 dicitur,
1551 1539 1881 1611 auditurque

299 1625 660 1698 frequentius,
690 1633 1215 1703 contemplationum
1268 1634 1557 1702 quemdam
1610 1634 1875 1702 habitum,

298 1719 392 1790 qui
431 1737 574 1793 agre
627 1724 943 1788 amittatur,
1000 1725 1355 1795 suscipimus.
1404 1723 1471 1778 Et
1520 1741 1610 1781 res
1658 1726 1875 1797 quidem

299 1819 504 1868 nostra
532 1814 605 1868 ita
632 1830 691 1871 se
721 1816 944 1873 habent.

367 1902 423 1960 2.
456 1903 566 1960 Vos
602 1915 782 1962 autem
805 1949 820 1976 ,
851 1924 885 1963 ο
914 1908 1099 1963 divina
1127 1917 1181 1965 et
1215 1911 1460 1967 omnium
1492 1912 1625 1966 mihi
1667 1912 1880 1967 charis—

300 1995 438 2049 sima
480 1998 659 2066 capita
686 2038 702 2064 ,
765 2010 956 2056 cavete
1008 2001 1422 2059 Philistinorum
1471 2013 1723 2075 pastores
1750 2044 1764 2068 ,
1810 2022 1881 2060 ne

302 2091 427 2156 quis
462 2099 667 2160 puteos
691 2101 903 2149 vestros
932 2095 1245 2150 clanculum
1278 2097 1526 2153 obstruat
1555 2137 1571 2162 ,
1600 2107 1651 2152 et
1686 2113 1879 2168 puram

301 2198 528 2245 eorum,
562 2199 683 2254 qua
731 2186 797 2240 ad
835 2187 994 2241 [idem
1028 2189 1334 2258 pertinent,
1372 2191 1738 2259 cognitionem
1781 2191 1881 2245 ob-

301 2272 505 2328 turbet.
538 2273 655 2329 Hoc
684 2277 833 2330 enim
876 2277 958 2332 eis
1002 2293 1217 2348 semper
1261 2279 1446 2333 studio
1495 2288 1617 2343 est,
1656 2296 1765 2334 non
1814 2295 1882 2333 ex

303 2363 609 2433 Scripturis
644 2367 817 2421 sacris
848 2366 1046 2421 docere
1090 2369 1303 2423 animas
1350 2370 1753 2440 simpliciores,
1787 2371 1885 2425 sed

304 2455 574 2523 sapientia
632 2464 897 2513 extranea
956 2460 1240 2514 veritatem
1305 2462 1728 2517 circumvenire.
1778 2462 1885 2528 Qui

302 2544 447 2598 enim
478 2546 767 2616 ingenitum
806 2556 859 2603 et
874 2551 1107 2619 genitum
1141 2551 1195 2604 in
1231 2563 1478 2607 nostram
1510 2554 1675 2608 ﬁdem
1706 2556 1888 2611 intro-

304 2633 489 2696 ducit,
523 2636 789 2706 docetque
838 2654 963 2694 enm
1014 2641 1108 2709 qui
1155 2656 1372 2712 semper
1417 2652 1540 2706 est,
1587 2644 1888 2713 aliquando

303 2743 415 2782 non
447 2726 654 2794 fuisse,
690 2745 927 2801 eumque
966 2735 1058 2802 qui
1110 2739 1308 2788 natura
1362 2751 1426 2790 ac
1481 2752 1699 2807 semper
1728 2736 1889 2794 Pater

303 2828 423 2884 est,
453 2830 662 2891 patrem
707 2822 859 2890 ﬁeri,
906 2832 961 2879 et
1019 2824 1284 2895 Spiritum
1325 2836 1574 2883 sanctum
1612 2844 1723 2883 non
1764 2844 1891 2886 esse

304 2913 739 2983 sempiternum,
800 2931 984 2970 nonne
1034 2917 1126 2972 ille
1183 2919 1360 2988 palam
1406 2919 1719 2977 Philistaus
1769 2931 1885 2990 est,

1973 438 2102 508 napi.
2142 438 2325 489 ἐκεῖνα
2372 432 2709 505 φιλοσοφίας.
2736 432 2862 495 Πῶς
2888 432 2997 503 γὰρ
3035 429 3100 484 ἂν
3130 429 3396 498 δυναίμην
3423 428 3557 499 (50),

1974 528 2108 599 ἔφην
2150 526 2282 596 ἐγὼ,
2321 526 2591 598 κρατῆσαι
2624 524 2723 596 τῆς
2763 521 3115 591 συνοικούσης
3155 521 3285 591 ἡμῖν
3327 517 3558 583 κακίας;

1974 622 2067 685 Τίς
2113 621 2157 674 δ’
2189 621 2254 676 ἄν
2291 637 2381 693 μοι
2412 619 2639 689 γένηται
2683 616 2900 680 Λάϐαν,
2948 613 3308 669 ἀπαλλάττων
3350 628 3419 682 με
3463 608 3559 663 τοῦ

1987 712 2178 779 Ἠσαῦ,
2220 714 2315 780 καὶ
2362 712 2500 785 πρὸς
2543 712 2642 782 τὴν
2691 708 2953 763 ἀνωτάτω
2999 704 3317 777 φιλοσοφίαν
3363 701 3560 757 παιδα-

1974 804 2203 875 γωγῶν;
2247 803 2385 857 Ἀλλ’
2443 801 2632 874 ἐπειδὴ
2687 803 2785 855 σὺν
2841 799 2960 870 Θεῷ
3012 797 3108 853 τοῦ
3167 794 3371 851 σκοποῦ
3421 792 3562 847 κατὰ

1975 896 2205 968 δύναμιν
2236 897 2638 968 τετυχήκαμεν,
2672 894 2926 965 εὑρόντες
2971 891 3165 954 σκεῦος
3209 887 3440 958 ἐκλογῆς
3467 887 3562 940 καὶ

1977 990 2152 1063 φρέαρ
2174 989 2332 1060 βαθὺ,
2352 989 2496 1059 λέγω
2518 988 2575 1041 δὲ
2594 988 2651 1041 τὸ
2677 986 2769 1040 τοῦ
2790 982 3027 1057 Χριστοῦ
3050 983 3223 1053 στόμα
3242 981 3558 1053 Γρηγόριον·

1977 1082 2155 1151 ὀλίγον
2183 1084 2337 1152 ἡμῖν,
2368 1078 2697 1152 παρακαλῶ,
2727 1076 2904 1146 ὀλίγον
2935 1076 3327 1146 συγχωρήσατε
3353 1071 3562 1143 χρόνον,

1978 1174 2314 1246 αίτούμεθα·
2361 1174 2422 1226 οὐ
2458 1173 2556 1241 τὴν
2601 1174 2658 1225 ὲν
2701 1174 2818 1234 ταῖς
2856 1171 3045 1224 πόλεσι
3081 1165 3361 1238 διατριδὴν
3386 1166 3566 1219 ἀσπα-

1981 1264 2200 1335 ζόμενοι
2219 1281 2233 1295 ·
2264 1263 2383 1317 οὐδὲ
2410 1261 2519 1334 γὰρ
2560 1260 2784 1333 λέληθεν
2830 1262 2977 1333 ἡμᾶς
3008 1262 3037 1312 ὁ
3076 1259 3311 1330 πονηρὸς
3342 1256 3431 1311 διὰ
3458 1256 3566 1310 τῶν

1979 1357 2236 1411 τοιούτων
2281 1355 2380 1426 τὴν
2424 1339 2644 1425 ἀπάτην
2673 1356 2786 1417 τοῖς
2818 1352 3128 1424 ἀνθρώποις
3163 1350 3570 1422 προσμηχανὼ-

1986 1466 2175 1523 μενος’
2219 1448 2353 1502 ἀλλὰ
2396 1448 2495 1520 τὴν
2546 1447 2835 1517 συντυχίαν
2876 1447 2976 1517 τὴν
3022 1445 3158 1517 πρὸς
3200 1445 3330 1508 τοὺς
3378 1444 3569 1513 ἁγίους

1983 1540 2240 1613 ἐπωφελῆ
2273 1541 2509 1612 μάλιστα
2535 1540 2812 1612 κρίνοντες
2849 1537 2981 1609 (Si).
3027 1539 3114 1592 ’Ev
3138 1538 3248 1608 γὰρ
3276 1537 3355 1607 τῷ
3391 1535 3571 1604 λέγειν

1983 1653 2036 1689 τι
2064 1634 2194 1706 περὶ
2239 1632 2347 1686 τῶν
2371 1632 2531 1686 θείων
2567 1631 2877 1702 δογμάτων,
2924 1629 3019 1683 καὶ
3057 1628 3279 1682 ἀκούειν
3311 1626 3572 1681 πυκνότε-

1987 1746 2116 1801 ρον,
2161 1727 2274 1793 ἓξιν
2321 1725 2725 1796 δυσαπόϐλητον
2770 1723 3144 1795 θεωρημάτων
3201 1719 3567 1791 λαμϐάνομεν.

1981 1823 2092 1877 Καὶ
2118 1820 2190 1875 τὰ
2222 1820 2321 1890 μὲν
2347 1819 2467 1874 καθ’
2494 1820 2640 1890 ἡμᾶς
2662 1817 2847 1872 τοῦτον
2878 1817 2992 1888 ἔχει
3020 1816 3110 1871 τὸν
3140 1816 3363 1887 τρόπον.

2050 1912 2105 1966 2.
2154 1912 2343 1982 Ὑμεῖς
2381 1909 2460 1974 δὲ,
2487 1903 2532 1963 ὦ
2555 1907 2694 1961 θεῖαί
2735 1925 2824 1978 μοι
2853 1906 2948 1961 καὶ
2968 1903 3431 1976 προσφιλέσταται
3464 1916 3570 1954 πα-

1984 2001 2093 2056 σῶν
2144 2000 2420 2070 κεφαλαὶ,
2477 1995 2813 2069 φυλάττεσθε
2875 1995 3002 2060 τοὺς
3057 1992 3169 2047 τῶν
3216 1990 3573 2046 Φυλιστιαίων

1983 2094 2271 2166 ποιμένας,
2302 2094 2376 2164 μή
2424 2110 2510 2156 τις
2551 2091 2728 2145 λαθὼν
2775 2087 3032 2162 ἐμφράξῃ
3062 2088 3217 2159 ὑμῶν
3242 2085 3312 2139 τὰ
3339 2084 3569 2156 φρέατα,

1985 2189 2082 2242 καὶ
2131 2187 2194 2240 τὸ
2247 2186 2486 2260 καθαρὸν
2517 2185 2618 2255 τῆς
2650 2181 2909 2252 γνώσεως
2939 2181 3040 2252 τῆς
3089 2180 3219 2250 περὶ
3250 2179 3350 2249 τὴν
3391 2177 3574 2231 πίστιν

1985 2277 2313 2350 ἐπιθολώσῃ.
2365 2276 2537 2329 Τοῦτο
2583 2275 2690 2347 γὰρ
2734 2275 2918 2336 αὐτοῖς
2961 2271 3046 2326 ἀεί
3095 2272 3242 2324 ἐστιν
3292 2267 3572 2338 ἐπιμελὲς,

1991 2371 2065 2442 μὴ
2107 2374 2170 2424 ἐκ
2198 2369 2307 2422 τῶν
2339 2368 2500 2421 θείων
2545 2367 2777 2440 Γραφῶν
2800 2365 3074 2419 διδάσκειν
3113 2362 3212 2426 τὰς
3259 2358 3576 2432 ἀκεραιοτὲκ

1991 2481 2088 2534 ρας
2131 2460 2329 2532 ψυχὰς,
2359 2460 2474 2513 ἀλλ’
2514 2461 2578 2512 ὲκ
2616 2458 2718 2529 τῆς
2760 2455 2956 2523 ἔξωθεν
2996 2453 3190 2524 σοφίας
3231 2447 3575 2523 παρακροῦε-

1990 2556 2113 2609 σθαι
2140 2555 2239 2625 τὴν
2268 2553 2544 2623 ἀλήθειαν,
2582 2551 2640 2605 '0
2668 2550 2779 2621 γὰρ
2803 2547 3136 2618 ἀγέννητον
3160 2546 3256 2599 καὶ
3282 2542 3577 2614 γεννητὸν

1989 2647 2297 2715 ἐπεισάγων
2335 2643 2497 2715 ἡμῶν
2546 2644 2613 2715 τῇ
2662 2642 2864 2703 πίστει,
2922 2637 3015 2693 καὶ
3055 2637 3147 2693 τὸν
3194 2636 3282 2690 ἀεὶ
3323 2635 3450 2689 ὄντα
3500 2634 3575 2705 μὴ

1988 2739 2118 2793 ὄντα
2156 2738 2289 2791 ποτὲ
2320 2735 2681 2808 δογματίζων,
2720 2733 2812 2787 καὶ
2848 2733 2941 2786 τὸν
2987 2730 3144 2799 φύσει
3189 2729 3286 2782 καί¹
3334 2727 3423 2780 ἀεὶ
3466 2727 3578 2778 Πα-

1988 2830 2123 2901 τέρα
2174 2827 2388 2899 πατέρα
2438 2824 2743 2896 γινόμενον,
2790 2823 2886 2876 καὶ
2933 2820 2994 2873 τὸ
3044 2818 3269 2890 Πνεῦμα
3315 2817 3375 2870 τὸ
3423 2816 3579 2884 ἆγιον

1990 2925 2091 2977 οὐκ
2127 2921 2316 2983 ἀΐδιον,
2348 2920 2450 2973 οὐκ
2494 2915 2754 2988 ἄντικρύς
2801 2915 2916 2967 ὲστι
2960 2911 3253 2975 Φυλιστεύς
3293 2909 3442 2981 (52);
3480 2908 3580 2979 βα-

304 3005 558 3059 invidens
595 3006 921 3075 patriarcha
947 3009 1121 3063 nostri
1166 3010 1364 3067 ovibus
1389 3053 1403 3076 ,
1440 3029 1510 3067 ne
1542 3030 1609 3068 ex
1663 3031 1801 3084 pura
1835 3025 1885 3070 et

1994 3013 2228 3068 σκαίνων
2255 3014 2368 3075 τοῖς
2416 3009 2510 3063 τοῦ
2561 3008 2900 3079 πατριάρχου
2936 3005 3091 3076 ἡμῶν
3131 3003 3445 3075 προϐάτοις,
3490 3002 3580 3054 ἵνα

307 3096 363 3150 in
386 3096 550 3173 vitam
585 3106 848 3153 aternam
872 3100 1103 3156 saliente
1133 3117 1274 3172 aqua
1298 3103 1491 3159 bibant
1520 3104 1592 3169 ³⁸,
1627 3106 1721 3160 sed
1753 3106 1885 3161 illud

1995 3106 2069 3178 μὴ
2097 3104 2326 3159 πίνωσιν
2355 3104 2420 3155 ὲκ
2446 3100 2539 3155 τοῦ
2562 3097 2804 3170 καθαροῦ
2850 3098 2946 3152 καὶ
2988 3096 3281 3166 ἁλλομένου
3321 3096 3400 3157 είς
3433 3092 3580 3162 ζωὴν

307 3189 588 3259 propheta
616 3191 902 3259 oraculum
928 3193 1148 3247 trahant
1181 3194 1236 3248 in
1274 3196 1639 3265 semetipsos:
1676 3196 1763 3251 Me
1798 3198 1891 3252 de-

307 3281 633 3352 reliquerunt
663 3283 860 3352 fontem
889 3302 1042 3355 aqua:
1078 3287 1223 3349 vim,
1266 3304 1327 3340 ac
1358 3287 1606 3357 foderunt
1633 3289 1737 3343 sibi
1761 3292 1889 3353 ipsis

307 3375 566 3439 cisternas
596 3375 824 3432 obtritas
850 3415 866 3442 ,
898 3393 1017 3447 qua:
1069 3395 1174 3434 non
1213 3390 1458 3448 poterunt
1498 3399 1692 3453 aquam
1722 3386 1893 3438 conti-

307 3483 430 3523 nere
482 3469 569 3534 '5;
622 3483 749 3523 cum
802 3468 1051 3524 conﬁteri
1103 3479 1352 3539 oporteat
1404 3472 1575 3528 Deum
1631 3474 1890 3544 Patrem,

308 3559 479 3614 Deum
531 3558 766 3626 Filium,
807 3560 978 3617 Deum
1012 3561 1277 3632 Spiritum
1328 3572 1583 3620 sanctum
1606 3605 1621 3630 ,
1655 3568 1734 3621 uti
1775 3569 1894 3623 elo-

308 3646 438 3715 quia
471 3647 658 3702 divina
680 3689 695 3713 ,
728 3658 783 3705 et
816 3650 910 3722 qui
966 3666 1030 3706 ea
1066 3652 1363 3710 sublimius
1396 3655 1752 3722 intellexere,
1786 3657 1891 3712 do-

310 3746 566 3795 cuerunt.
609 3740 877 3796 (laterum
908 3743 976 3797 ad
1007 3759 1103 3799 eos
1141 3745 1234 3814 qui
1264 3753 1380 3802 tres
1426 3746 1561 3803 deos
1605 3749 1769 3805 nobis
1796 3765 1894 3805 ex-

310 3830 613 3899 probrant,
666 3832 803 3887 illud
848 3832 1112 3890 dicatur:
1165 3853 1337 3890 unum
1389 3854 1491 3893 nos
1546 3838 1718 3895 Deum
1779 3856 1893 3896 non

309 3935 542 3975 numero
577 3961 593 3987 ,
663 3924 759 3978 sed
811 3933 1012 3981 natura
1081 3929 1353 3984 conﬁteri.
1414 3931 1691 4003 Quidquid
1746 3937 1891 3989 enim

309 4027 483 4067 unum
514 4029 747 4070 numero
775 4016 1004 4080 dicitur,
1041 4018 1095 4072 id
1129 4035 1255 4074 vere
1288 4037 1458 4074 unum
1490 4037 1595 4077 non
1632 4031 1751 4085 est,
1800 4040 1897 4078 ηοε-

310 4118 418 4171 que
450 4113 650 4159 natura
680 4106 915 4176 simplex
946 4127 958 4162 :
996 4109 1166 4164 Deum
1202 4127 1333 4165 vero
1374 4113 1676 4182 simplicem
1730 4125 1784 4169 ct
1819 4115 1897 4168 in-

311 4195 675 4263 compositum
731 4199 1069 4253 conﬁtentur
1116 4216 1327 4255 omnes.
1387 4201 1503 4257 Non
1551 4204 1719 4273 igitur
1750 4220 1894 4260 unus

310 4302 542 4341 numero
570 4297 657 4343 est
692 4289 856 4344 Deus.
888 4292 1042 4356 Quod
1070 4302 1250 4346 autem
1282 4293 1437 4357 dim,
1473 4304 1557 4350 est
1598 4296 1889 4365 ejusmodi.

1991 3200 2210 3254 αἰώνιον
2237 3196 2450 3260 ὓδατος,
2485 3194 2620 3248 ἀλλὰ
2656 3193 2724 3247 τὸ
2769 3191 2862 3245 τοῦ
2908 3191 3188 3263 προφήτου
3233 3187 3411 3257 λόγιον
3442 3184 3579 3257 πρὸς

1992 3290 2219 3352 ἑαυτοὺς
2258 3285 2670 3340 ἐπισπάσωνται
2706 3282 2840 3353 (55),
2877 3282 2968 3335 τό·
3009 3279 3142 3349 Ἐμὲ
3182 3275 3580 3348 ἐγκατέλιπον

1992 3380 2197 3451 πηγὴν
2226 3378 2446 3443 ὕδατος
2477 3375 2716 3442 ζῶντος,
2750 3374 2847 3429 καί
2885 3373 3127 3442 ὤρυξαν
3153 3369 3391 3436 ἑαυτοῖς
3430 3367 3582 3423 λάκ-

1992 3488 2139 3536 κους
2181 3466 2753 3536 συντετριμμένους,
2803 3464 2861 3518 οἳ
2910 3465 2981 3518 οὐ
3022 3461 3394 3528 δυνήσονται
3423 3457 3582 3525 ὕδωρ

1992 3561 2285 3631 συσχεῖν·
2328 3559 2448 3613 δέον
2506 3558 2791 3630 ὁμολογεῖν
2837 3557 2971 3611 Θεὸν
3008 3555 3100 3609 τὸν
3142 3552 3362 3626 Πατέρα
3387 3590 3400 3613 ,
3444 3550 3579 3604 Θεὸν

1991 3654 2084 3707 τὸν
2109 3652 2255 3717 Υίὸν,
2285 3650 2419 3705 Θεὸν
2447 3650 2509 3703 τὸ
2543 3650 2769 3721 Πνεῦμα
2807 3649 2868 3702 τὸ
2916 3647 3101 3717 ἅγιονο
3139 3646 3215 3711 ὡς
3241 3646 3291 3698 οἱ
3326 3644 3459 3698 θεῖοι
3490 3642 3582 3696 λό-

1993 3762 2100 3814 γοι,
2130 3744 2225 3798 καὶ
2267 3744 2318 3797 οί
2357 3742 2581 3806 τούτους
2610 3743 2721 3814 (54)
2754 3741 3090 3812 ὑψηλότερον
3129 3739 3448 3810 νενοηκότες
3475 3736 3583 3791 ὲδί-

1993 3834 2179 3901 δαξαν.
2204 3834 2347 3905 Πρὸς
2386 3833 2444 3885 δὲ
2484 3834 2613 3896 τοὺς
2653 3832 3063 3903 ὲπηρεάζοντας
3089 3833 3221 3900 ἡμῖν
3264 3829 3322 3882 τὸ
3368 3828 3584 3900 τρίθεον

1995 3929 2173 3980 ἐκεῖνο
2200 3926 2462 3995 λεγέσθω,
2496 3928 2684 3996 ὅτιπερ
2714 3927 2875 3995 ἡμεῖς
2918 3924 3015 3977 ἕνα
3043 3923 3177 3975 Θεὸν
3211 3924 3271 3976 οὐ
3308 3922 3389 3992 τῷ
3424 3921 3585 3992 ἀριθ-

2000 4018 2104 4089 μῷ,
2159 4019 2290 4072 ἀλλὰ
2341 4021 2408 4089 τῇ
2453 4017 2611 4086 φύσει
2668 4016 3063 4087 ὁμολογοῦμεν.
3127 4016 3244 4068 Πᾶν
3285 4013 3395 4086 γὰρ
3444 4014 3473 4067 ὅ
3526 4013 3585 4066 ἓν

1997 4110 2216 4183 ἀριθμῷ
2242 4111 2478 4179 λέγεται,
2503 4110 2660 4165 τοῦτο
2688 4111 2786 4180 οὐχ
2832 4108 2889 4162 ἓν
2919 4110 3107 4171 ὅντως,
3130 4108 3253 4161 οὐδ’
3284 4105 3488 4161 ἁπλοῦν

1998 4202 2158 4271 φύσει
2188 4202 2363 4254 ἐστίν·
2402 4202 2507 4255 ὁδὲ
2544 4201 2680 4264 Θεὸς
2720 4200 2922 4264 ἁπλοῦς
2972 4201 3066 4253 καὶ
3107 4199 3402 4263 άσύνθετος
3437 4198 3587 4271 παρὰ

2000 4294 2165 4345 πᾶσιν
2216 4293 2577 4361 ὁμολογεῖται.
2630 4292 2745 4344 Οὐκ
2786 4290 2894 4360 ἄρα
2956 4284 3036 4353 εἷς
3086 4288 3305 4361 ἀριθμῷ
3361 4290 3507 4342 ἐστιν
3557 4290 3587 4342 ό

311 4379 493 4435 Unum
537 4396 765 4436 numero
796 4384 1057 4437 mundum
1098 4402 1221 4439 esse
1268 4386 1531 4452 dicimus,
1562 4404 1671 4441 non
1710 4398 1885 4445 tamen

1999 4385 2150 4447 Θεὸς.
2185 4386 2249 4437 Ὃ
2294 4385 2349 4437 δὲ
2397 4383 2561 4452 λέγω,
2602 4383 2840 4435 τοιοῦτόν
2886 4384 3054 4437 ἐστιν.
3091 4383 3187 4434 Ἓν
3233 4380 3450 4453 ἀριθμῷ
3495 4380 3587 4434 τὸν

310 4488 481 4526 uinum
522 4484 752 4539 natura,
804 4492 983 4546 neque
1017 4479 1323 4546 simplicem
1371 4481 1527 4534 illum
1565 4480 1881 4549 quemdam.

310 4563 621 4621 Dividimus
650 4566 796 4621 enim
831 4568 1008 4637 ipsum
1040 4569 1093 4622 in
1116 4571 1382 4625 elementa
1417 4589 1481 4626 ex
1520 4574 1720 4639 quibus
1756 4588 1894 4628 con-

312 4664 455 4720 stat,
483 4659 538 4711 in
567 4659 749 4729 ignem
773 4701 786 4723 ,
822 4675 1019 4732 aquam
1040 4700 1056 4724 ,
1084 4678 1265 4718 aerem
1300 4674 1354 4719 et
1419 4674 1643 4722 terram.
1679 4667 1892 4724 Rursus

312 4748 476 4802 homo
510 4767 652 4804 unus
694 4767 925 4808 numero
962 4752 1184 4810 dicitur.
1210 4755 1387 4810 Unum
1422 4759 1566 4813 enim
1613 4760 1893 4816 hominem

310 4855 458 4909 sape
487 4841 760 4907 dicimus,
798 4842 897 4897 sed
949 4859 1056 4897 non
1092 4846 1327 4916 simplex
1371 4848 1593 4917 quidam
1638 4851 1729 4904 ille
1774 4860 1890 4921 est,

311 4944 437 4983 cum
483 4945 548 4986 ex
603 4945 838 5002 corpore
866 4941 921 4987 et
951 4933 1132 4988 anima
1163 4945 1395 4991 constet.
1428 4936 1694 4994 Similiter
1713 4950 1893 5001 etan-

311 5020 490 5087 gelum
523 5036 694 5076 unum
728 5036 960 5077 numero
990 5021 1227 5079 dicimus
1248 5065 1262 5087 ,
1295 5026 1387 5080 sed
1419 5041 1531 5081 non
1562 5043 1731 5081 unum
1778 5028 1889 5101 82

380 5177 423 5207 “
446 5175 605 5232 loan.
641 5194 714 5241 IV,
749 5178 837 5234 l4.
912 5180 955 5212 "
977 5178 1177 5235 Jerem.
1204 5195 1265 5245 κ,
1294 5181 1381 5235 15.

327 5427 337 5441 ν
378 5356 860 5442 (ἔξῼχᾼυναίμην.
920 5362 1063 5442 E_diti
1108 5365 1328 5442 iternm_
1360 5365 1569 5442 addunt
1604 5367 1735 5442 ΔΠῶς
1783 5368 1890 5442 γὰρ

305 5427 390 5495 sv.
424 5427 527 5482 Sed
559 5431 674 5483 hac
696 5427 891 5486 melius
919 5433 1118 5488 absunt
1148 5450 1176 5488 a
1202 5435 1417 5492 duobus
1441 5427 1730 5495 codicibus
1757 5427 1888 5495 mss.

307 5493 501 5551 Plures
536 5512 641 5552 non
673 5500 982 5557 habuimus.

534 5570 875 5649 Ιςρίνοντες.
918 5574 1010 5649 S_i_c
1050 5574 1350 5649 niss._Editi
1385 5577 1684 5649 κρίναντες.

386 5637 498 5711 (52)
540 5642 896 5708 Φυλιστεύς.
940 5642 1091 5698 Harl.
1126 5637 1482 5711 Φυλιστιαῖὁς.

2000 4476 2203 4546 κόσμον
2229 4472 2366 4529 εἷναί
2398 4493 2600 4545 φαμεν,
2623 4473 2737 4528 ἀλλ’
2770 4474 2867 4544 οὐχ
2899 4474 2995 4528 ἕνα
3021 4475 3087 4544 τῇ
3124 4473 3304 4541 φύσει,
3339 4473 3453 4526 ἀλλ’
3476 4472 3588 4526 οὐδ’

2002 4568 2206 4621 ἁπλοῦν
2230 4587 2350 4621 τινα
2374 4568 2582 4622 τοῦτον.
2619 4568 2900 4638 Τέμνομεν
2938 4565 3049 4636 γὰρ
3090 4565 3250 4619 αὐτὸν
3300 4566 3381 4629 είς
3430 4564 3500 4618 τά
3526 4564 3587 4632 se

1998 4654 2074 4713 ὧν
2105 4660 2399 4731 συνέστηκε
2445 4665 2706 4731 στοιχεῖα,
2736 4662 2815 4723 εἰς
2847 4660 2959 4730 πῦρ
3001 4661 3095 4713 καὶ
3128 4658 3272 4731 ὕδωρ
3312 4659 3406 4712 καὶ
3447 4659 3589 4729 ἀέρα

2000 4756 2094 4808 καὶ⁵
2128 4756 2251 4825 γῆν.
2281 4755 2449 4807 Πάλιν
2477 4756 2506 4806 ό
2539 4753 2825 4825 ἄνθρωπος
2868 4749 2948 4816 εἷς
2977 4751 3199 4824 ἀριθμῷ
3236 4752 3587 4823 ὀνομάζεται.

2002 4849 2140 4902 Ἕνα
2193 4847 2301 4919 γάρ
2347 4847 2632 4917 ἄνθρωπον
2676 4846 2938 4910 πολλάκις
2988 4845 3243 4918 λέγομεν.
3300 4845 3440 4899 Ἀλλ’
3488 4846 3590 4917 οὐχ

2001 4935 2205 5002 ἁπλοῦς
2228 4955 2311 5001 τις
2335 4932 2487 5002 οὗτός
2530 4940 2699 5001 ἐστιν,
2732 4939 2797 4990 ἐκ
2826 4935 3077 5007 σώματος
3107 4937 3202 4991 καὶ
3243 4936 3422 5007 ψυχῆς
3459 4950 3586 4988 συνο

2000 5025 2192 5091 εστώς.
2235 5026 2467 5098 Ὁμοίως
2510 5025 2567 5079 δὲ
2612 5028 2705 5081 καὶ
2756 5026 2988 5096 ἄγγελον
3032 5028 3128 5085 ἕνα
3171 5026 3391 5099 ἀριθμῷ
3428 5025 3587 5098 ἐροῦσ

2073 5368 2186 5437 (5'5)
2240 5367 2743 5423 Ἐπισπάσωνται.
2798 5369 2890 5424 Sic
2944 5366 3072 5438 Reg.
3129 5374 3182 5423 et
3233 5364 3386 5425 Harl.
3442 5366 3592 5427 Editi

1998 5438 2416 5493 ὲπισπάσονται.

2072 5509 2184 5580 (54)
2225 5511 2498 5575 Τούτους.
2536 5508 2628 5564 Sic
2654 5509 2805 5564 Harl.
2832 5509 2973 5564 Editi
3003 5509 3226 5580 τούτων,
3260 5508 3430 5563 Paulo
3468 5513 3594 5580 post

2000 5579 2321 5702 gxﬁuobus
2363 5596 2493 5635 mss.
2530 5582 2759 5652 legimus
2811 5579 3216 5651 ἐπηρεάζοντας
3265 5582 3412 5651 ἡμῖν.
3449 5579 3593 5637 Editi

2026 5668 2178 5702 μων.

2026 5668 2034 5704 :
2042 5668 2181 5714 μων.
