3888 6214
108 310 211 368 249

1098 323 1595 386 EPISTOLARUM
1635 330 1923 389 CLASSIS
1963 335 2005 390 1.
2048 335 2267 393 EPIST.
2311 337 2446 397 VIII.

3280 352 3389 410 τεο

110 440 228 526 μεν,
259 425 377 526 ἀλλ’
408 428 519 526 ὀὐχ
574 428 671 483 ἕνα
708 433 773 502 τῇ
820 433 1001 501 φύσει,
1050 437 1170 491 οὐδὲ
1222 439 1466 494 ἁπλοῦν’
1520 442 1689 496 οὐσίαε

1812 456 2032 511 natura,
2064 465 2244 520 neque
2268 453 2572 523 simplicem
2604 472 2617 509 :
2647 456 2920 526 siquidem
2941 463 3235 517 essentiam
3259 479 3383 522 cum

105 516 211 587 γὰρ
240 515 359 586 μεθ’
395 518 672 590 ἁγιασμοῦ
721 521 821 593 τὴν
853 522 947 577 τοῦ
997 526 1094 594 ἀγγ
1109 527 1230 581 έλου
1276 530 1576 587 ὑπόστασιν
1607 535 1697 587 ὲν-

103 608 353 679 νοοῠμεν.
397 612 462 664 Εἰ
496 612 675 666 τοίνυν
724 616 832 667 πᾶν
876 616 936 668 τὸ
974 615 1035 669 ἒν
1079 618 1299 692 ἀριθμῷ
1339 621 1397 674 ἓν
1439 626 1504 696 τῇ
1537 622 1697 694 φύσει

102 701 201 755 οὐκ
234 702 372 765 ἔστι,
407 704 502 756 καὶ
534 704 595 757 τὸ
620 704 679 758 ἓν
700 708 764 777 τῇ
790 706 950 776 φύσει
982 709 1077 761 καὶ
1125 710 1331 767 ἁπλοῦν
1374 714 1435 766 ἓν
1477 713 1698 787 ἀριθμῷ

103 791 204 845 οὐκ
224 791 396 856 ἔστιν,
420 795 582 863 ἡμεῖς
619 794 677 848 δὲ
705 794 935 867 λέγομεν
969 798 1068 853 ἕνα
1096 802 1162 871 τῇ
1190 799 1350 869 φύσει
1375 802 1506 857 Θεόν
1530 822 1542 834 ·
1580 804 1698 869 πῶς

103 884 491 953 ἐπεισάγουσιν
524 888 656 957 ἡμῖν
685 887 775 941 τὸν
819 888 1055 961 ἀριθμὸν
1077 932 1093 957 ,
1135 893 1298 946 αὑτὸν
1330 894 1511 965 πάντη
1540 894 1696 965 ἡμῶν

98 974 455 1046 ἔξοριξόντων
486 978 584 1048 τῆς
633 981 913 1051 μακαρίας
960 983 1175 1054 ἐκείνης
1206 984 1317 1056 (55)
1354 986 1449 1038 καὶ
1500 988 1697 1058 νοητῆς

98 1065 352 1133 ᾳύσεωςς
393 1068 454 1121 '0
481 1069 590 1140 γὰρ
619 1070 851 1142 ἀριθμός
876 1075 992 1126 ἐστι
1035 1075 1131 1128 τοῦ
1170 1076 1338 1129 ποσοῦ
1368 1094 1381 1107 ·
1412 1077 1474 1130 τὸ
1504 1077 1561 1130 δὲ
1595 1095 1695 1131 πο-

95 1157 193 1209 σὸν
241 1162 312 1231 τῇ
369 1165 655 1235 σωματικῇ
700 1164 860 1233 φύσει
908 1167 1294 1231 συνέζευκται·
1349 1171 1378 1223 ὁ
1424 1169 1531 1241 γὰρ
1581 1170 1694 1242 (56)

94 1248 333 1321 ἀριθμὸς
381 1252 491 1324 τῆς
532 1256 851 1327 σωματικῆς
909 1257 1144 1326 φύσεως.
1183 1261 1460 1332 Σωμάτων
1496 1262 1553 1315 δὲ
1600 1261 1697 1332 δη-

99 1344 367 1414 μιουργὸν
416 1345 510 1398 τὸν
566 1346 769 1416 Κύριον
819 1348 979 1419 ἡμῶν
1034 1347 1174 1404 εἶναι
1228 1351 1692 1423 πεπιστεύκαμεν.

96 1435 189 1487 Διὸ
219 1436 319 1488 καὶ
341 1438 450 1499 πᾶς
486 1436 719 1507 ἀριθμὸς
754 1440 938 1493 ἐκεῖνα
972 1443 1228 1512 σημαίνει
1270 1442 1338 1495 τὰ
1381 1441 1565 1497 ἐνυλον
1600 1444 1696 1497 καὶ

95 1528 481 1599 περιγραπτὴν
524 1527 669 1599 ἔχειν
715 1528 947 1600 λαχόντα
993 1532 1091 1603 τὴν
1136 1534 1296 1602 φύσιν
1319 1551 1332 1565 ·
1360 1537 1393 1605 ἡ
1432 1533 1489 1586 δὲ
1527 1534 1695 1605 μονὰς

95 1618 194 1671 καὶ
235 1617 363 1684 ἑνὰς
403 1619 506 1688 τῆς
550 1620 728 1691 ἁπλῆς
779 1622 873 1674 καὶ
918 1624 1292 1694 ἀπεριλήπτου
1343 1626 1532 1689 οὐσίας
1576 1626 1696 1678 ἐστὶ

94 1711 407 1779 σημαντικὴ
446 1710 581 1781 (57).
629 1711 686 1763 '0
716 1713 896 1765 τοίνυν
928 1714 1161 1784 ἀριθμὸν
1200 1716 1232 1787 ἢ
1277 1715 1482 1787 κτίσμα
1507 1715 1695 1786 ὁμολο-

90 1802 205 1869 γῶν
224 1803 319 1854 τὸν
347 1801 478 1855 Υἱὸν
498 1802 593 1855 τοῦ
616 1802 754 1856 Θεοῦ
779 1804 811 1875 ἢ
837 1805 899 1857 τὸ
923 1805 1148 1877 Πνεῦμα
1173 1807 1234 1860 τὸ
1261 1807 1412 1877 ἆγιον
1440 1808 1692 1862 λανθάνει
1726 1793 1766 1849 Β

92 1892 281 1946 ενυλον
327 1894 423 1947 καὶ
459 1896 843 1967 περιγραπτὴν
891 1897 1054 1965 φύσιν
1106 1900 1360 1967 εἰσάγων.
1420 1900 1693 1971 Περιγρα-

94 1984 234 2055 πτὴν
261 1984 320 2037 δὲ
349 1983 491 2053 λέγω
522 1986 584 2037 οὐ
623 1986 786 2056 μόνον
816 1987 915 2057 τὴν
941 1989 1341 2061 περιεχομένην
1371 1990 1475 2043 ὑπὸ
1500 1991 1688 2054 τόπου,

93 2073 205 2126 ἀλλ’
233 2074 415 2145 ἥνπερ
463 2075 560 2127 καὶ
593 2078 658 2147 τῇ
698 2076 999 2148 προγνώσει
1045 2078 1471 2151 ὲμπεριείληφεν
1502 2080 1530 2132 ό
1564 2079 1694 2150 μέλ-

94 2165 198 2218 λων
232 2166 405 2237 αὐτὴν
433 2167 539 2220 ἀπὸ
564 2168 657 2221 τοῦ
701 2170 775 2240 μὴ
818 2168 972 2231 ὄντος
1013 2171 1094 2233 εἰς
1141 2170 1201 2223 τὸ
1231 2167 1367 2224 εἶναι
1396 2171 1690 2242 παράγειν,

91 2259 158 2327 ἡν
179 2257 693 2330 καὶ(58)ὲπιστήμῃ
717 2261 1032 2332 περιλαϐεῖν
1055 2262 1277 2315 δυνατόν
1309 2265 1441 2315 ἐστι.
1465 2264 1579 2315 Πᾶν
1602 2258 1693 2316 οὖν

91 2350 271 2417 ἅγιον,
302 2350 332 2404 ὃ
364 2354 748 2424 περιγραπτὴν
774 2353 886 2425 ἔχει
912 2356 1012 2425 τὴν
1046 2355 1229 2425 φύσιν,
1268 2356 1363 2408 καὶ
1397 2356 1692 2427 ἐπίκτητον

90 2439 203 2511 ἔχει
232 2442 334 2513 τὴν
364 2442 648 2513 ἀγιότητα,
687 2446 790 2498 οὐκ
834 2445 1183 2499 ἀνεπίδεκτόν
1218 2448 1334 2498 ἐστι
1379 2446 1598 2508 κακίας.
1637 2445 1694 2499 Ὀ

88 2532 147 2586 δὲ
176 2534 327 2599 Υἱὸς,
354 2538 449 2589 καὶ
481 2537 542 2590 τὸ
572 2538 798 2607 Πνεῦμα
845 2539 907 2590 τὸ
942 2538 1118 2607 ἅγιον,
1169 2539 1319 2609 πηγή
1366 2540 1513 2591 ἐστιν
1541 2540 1695 2608 ἁγια-

92 2624 263 2693 σμοῦ,
293 2626 385 2695 ὑφ’
417 2621 488 2697 ἦς
527 2629 679 2680 πᾶσα
716 2629 750 2699 ἡ
788 2628 980 2700 λογικὴ
1030 2630 1209 2693 κτίσις
1252 2632 1374 2683 κατ’
1403 2630 1696 2700 ἀναλογίαν

92 2714 192 2783 τῆς
220 2717 424 2787 ἀρετῆς
456 2718 767 2786 ἁγιάζεται.

162 2916 219 2970 5.
275 2917 469 2970 Καίτοι
510 2921 692 2989 ἡμεῖς,
743 2919 884 2973 κατὰ
937 2920 1027 2973 τὸν
1081 2919 1256 2991 ἀληθῆ
1310 2920 1506 2989 λόγον,
1571 2919 1695 2975 οὔτε

91 3011 274 3079 ὅμοιον
313 3011 440 3063 οὕτε
473 3011 723 3081 ἀνόμοιον
758 3011 988 3082 λέγομεν
1038 3012 1130 3065 τὸν
1186 3013 1314 3066 Υίὸν
1364 3013 1442 3084 τῷ
1497 3013 1691 3085 Πατρί.

102 3102 397 3173 Ἑκάτερον
427 3102 537 3174 γὰρ
571 3103 750 3155 αὐτῶν
795 3105 990 3174 ἐπίσης
1022 3103 1301 3158 ἀδύνατον.
1328 3105 1556 3175 Ὅμοιον
1582 3105 1692 3177 γὰρ
1718 3136 1761 3194 α

93 3196 185 3247 καὶ
236 3194 493 3264 ἀνόμοιον
539 3196 685 3246 κατὰ
729 3194 825 3257 τὰς
884 3196 1178 3267 ποιότητας
1222 3196 1469 3265 λέγεται·
1536 3197 1686 3250 ποιό-

92 3302 251 3354 τητος
296 3284 355 3337 δὲ
401 3285 463 3337 τὸ
494 3284 638 3338 θεῖον
675 3284 978 3356 ἐλεύθερον.
1022 3279 1342 3357 Ταυτότητα
1374 3288 1432 3341 δὲ
1465 3289 1565 3359 τῆς
1594 3287 1691 3356 φύ-

96 3393 231 3437 σεως
265 3375 678 3446 ὁμολογοῦντες,
730 3377 822 3429 καὶ
863 3378 925 3429 τὸ
984 3378 1270 3448 ὁμοούσιον
1327 3378 1683 3450 ὲκδεχόμεθα,

93 3468 186 3520 καὶ
216 3467 281 3520 τὸ
313 3467 571 3520 σύνθετον
602 3466 896 3537 φεύγομεν,
925 3469 1019 3522 τοῦ
1063 3472 1182 3522 κατ’
1210 3471 1398 3523 οὐσίαν
1426 3469 1562 3523 Θεοῦ
1594 3472 1689 3524 καὶ

91 3559 311 3630 Πατρὸς
332 3559 426 3612 τὸν
452 3559 574 3613 κατ’
600 3560 789 3613 οὐσίαν
815 3561 948 3614 Θεὸν
981 3563 1076 3614 καὶ
1113 3562 1240 3615 Υἱὸν
1270 3563 1682 3633 γεγεννηκότος.

103 3650 200 3703 Ἐκ
225 3649 339 3720 γὰρ
370 3649 562 3703 τούτου
589 3649 651 3703 τὺ
676 3649 960 3718 όμοούσιον
984 3652 1282 3709 δείκνυται.
1327 3654 1384 3708 Ὀ
1412 3654 1522 3726 γὰρ
1562 3655 1684 3709 κατ’

90 3741 280 3793 οὐσίαν
323 3740 458 3804 Θεὸς
499 3741 577 3812 τῷ
615 3742 734 3794 κατ’
783 3742 969 3796 οὐσίαν
1020 3743 1138 3815 Θεῷ
1181 3743 1468 3813 όμοούσιός
1519 3749 1687 3800 ἐστιν.

103 3832 259 3885 Ἐπεὶ
289 3831 349 3885 δὲ
378 3832 597 3901 λέγεται
635 3834 755 3897 θεὸς
800 3834 895 3888 καὶ
932 3837 961 3888 ὁ
1009 3835 1293 3907 ἄνθρωπος
1327 3838 1468 3909 (59)·
1500 3839 1576 3902 ὡς
1605 3839 1687 3904 τὸ,

101 3923 252 3993 Ἐγὼ
293 3919 433 3977 εἶπα
455 3940 468 3953 ·
502 3925 635 3977 Θεοί
675 3925 847 3977 ἐστε·
885 3925 978 3978 κα)⁸
1015 3926 1043 3977 ό
1073 3924 1281 3996 δαίμων
1314 3927 1453 3992 θεὸς,
1488 3928 1565 3991 ὼς
1589 3929 1649 3981 τὸ
1671 3967 1686 3988 ,

92 4019 158 4069 Ol
216 4015 341 4069 θεοὶ
378 4014 496 4068 τῶν
538 4014 731 4069 ἐθνῶν
774 4014 1078 4084 δαιμόνια·
1134 4016 1249 4069 ἀλλ’
1297 4019 1345 4070 oi
1402 4017 1500 4087 μὲν
1549 4017 1691 4071 κατὰ

86 4107 252 4176 χάριν
296 4105 673 4175 ὀνομάζονται,
713 4108 762 4159 οἱ
801 4106 857 4160 δὲ
916 4106 1057 4160 κατὰ
1102 4106 1317 4177 ψεῦδος.
1363 4109 1421 4162 '0
1453 4109 1512 4162 δὲ
1555 4108 1690 4173 Θεὸς

91 4200 249 4267 μόνος
285 4200 405 4251 κατ’
430 4198 616 4250 οὐσίαν
662 4199 779 4251 ἐστὶ
825 4198 978 4262 Θεός.
1032 4201 1230 4265 Μόνος
1264 4200 1320 4253 δὲ
1363 4201 1489 4255 ὅταν
1528 4202 1688 4271 εἴπω,

83 4289 188 4357 τὴν
228 4288 417 4341 οὐσίαν
450 4287 545 4340 τοῦ
591 4288 727 4341 Θεοῦ
770 4289 869 4359 τὴν
912 4289 1074 4357 ἁγίαν
1111 4290 1207 4342 καὶ
1238 4289 1492 4343 ἄκτιστον
1518 4289 1684 4362 δηλῶ.

86 4381 165 4432 Τὸ
191 4379 300 4450 γὰρ
324 4381 517 4448 μόνος
541 4379 760 4447 λέγεται
792 4382 887 4433 καὶ
929 4380 1021 4434 ἐπί
1049 4399 1193 4446 τινος
1238 4380 1551 4452 ἀνθρώπου,
1587 4382 1686 4435 καὶ

1800 540 2544 614 sanctimonia.liypostasim
2574 549 2753 617 angeli
2787 549 3166 622 intelligimus.
3200 555 3386 626 Itaque

1800 629 1845 683 si
1872 630 2140 702 quidquid
2188 649 2358 688 unum
2399 645 2483 690 est
2532 651 2798 703 numero,
2832 656 2999 695 unum
3040 657 3237 700 natura
3276 663 3387 705 non

1797 730 1908 788 est,
1944 729 1999 777 et
2055 725 2205 793 quod
2244 736 2445 780 natura
2480 743 2650 782 unum
2689 744 2754 785 ac
2791 733 3023 805 simplex
3053 744 3176 800 est,
3218 755 3386 796 unum

1798 828 2028 868 numero
2062 831 2170 871 non
2203 825 2323 881 est,
2356 834 2458 873 nos
2506 827 2687 875 autem
2734 820 2904 878 Deum
2963 837 3158 882 natura
3206 846 3377 887 unum

1797 905 2078 974 dicimus;
2137 911 2414 979 quomodo
2488 913 2649 969 nobis
2711 932 3000 972 numerum
3084 920 3380 990 aﬂinguut,

1798 1012 1961 1066 quem
2020 1014 2248 1069 prorsus
2301 1016 2331 1055 a
2386 1003 2545 1058 beata
2612 1005 2705 1060 illa
2764 1021 2827 1061 ac
2873 1009 3143 1078 spirituali
3186 1024 3384 1068 natura

1759 1092 2153 1146 ~amovemus?
2201 1091 2475 1150 Numerus
2526 1098 2674 1151 enim
2725 1100 2963 1169 pertinet
2999 1101 3067 1156 ad
3108 1105 3387 1172 quantita-

1795 1184 1948 1233 tem:
1995 1182 2279 1250 quantitas
2332 1199 2463 1238 vero
2509 1187 2782 1256 corporali
2828 1198 3040 1246 naturte
3090 1193 3385 1260 conjuncta

1796 1277 1915 1337 est;
1946 1287 2211 1327 numerus
2235 1289 2367 1345 ergo
2402 1290 2681 1347 corporeae
2705 1285 2790 1334 est
2823 1287 3056 1337 naturae.
3088 1282 3160 1336 At
3195 1281 3386 1338 Domi-

1797 1374 1928 1412 num
1976 1369 2230 1416 nostrum
2264 1377 2557 1434 corporum
2593 1367 2844 1437 Opiﬁceiu
2900 1386 3026 1427 esse
3077 1372 3379 1430 credimus.

1796 1450 2145 1523 Quapropter
2192 1461 2245 1510 et
2285 1472 2549 1514 numerus
2579 1461 2760 1517 omnis
2816 1477 2879 1517 ea
2913 1450 3203 1535 designat,
3261 1482 3385 1539 qua;

1797 1544 2136 1599 materialem
2195 1561 2260 1601 ac
2332 1549 2816 1623 circumscriptam
2883 1563 3139 1610 naturam
3193 1561 3383 1615 sortita

1796 1641 1963 1687 sunt:
2008 1651 2199 1692 monas
2229 1654 2361 1693 vero
2391 1648 2444 1695 et
2497 1644 2681 1698 unitas
2714 1644 2982 1715 simplicis
3037 1662 3100 1702 ac
3170 1648 3397 1704 iucom-r

1796 1727 2188 1794 prehensibilis
2224 1733 2480 1788 essentize
2505 1735 2739 1807 insigne.
2773 1737 3038 1808 Quisquis
3076 1740 3245 1809 igitur
3270 1758 3375 1797 uu-

1795 1830 2004 1870 merum
2055 1826 2149 1872 aut
2189 1829 2499 1876 creaturam
2531 1826 2827 1882 confitetur
2865 1827 3066 1883 Filium
3112 1830 3209 1886 Dei
3232 1871 3247 1896 ,
3283 1843 3380 1887 aut

1793 1903 2058 1975 Spiritum
2107 1917 2358 1964 sanctum
2382 1952 2396 1975 ,
2437 1913 2759 1984 imprudens
2791 1920 3126 1975 materialem
3178 1935 3243 1976 ac
3269 1922 3379 1977 cir-

1792 1999 2187 2069 cumscriptam
2218 2008 2473 2056 naturam
2507 2004 2739 2061 inducit.
2770 2006 3258 2081 Circumscriptam
3288 2027 3381 2066 au-

1796 2095 1903 2142 tem
1954 2089 2117 2157 dico,
2170 2107 2280 2147 non
2333 2094 2496 2148 modo
2543 2111 2662 2151 eam
2709 2114 2830 2168 qua:
2873 2099 2996 2154 loco
3042 2104 3376 2166 continetur,

1793 2180 1889 2236 sed
1914 2183 2078 2237 etiam
2108 2200 2272 2255 quam
2323 2187 2665 2255 praenotione
2689 2191 3107 2260 comprehendit
3156 2194 3240 2259 is,
3272 2194 3370 2263 qui

1794 2272 1970 2342 ipsam
2014 2290 2044 2329 e
2098 2276 2269 2329 nihilo
2316 2278 2689 2347 producturus
2719 2289 2838 2346 est,
2870 2299 3101 2353 quaeque
3149 2286 3377 2340 scientia

1794 2356 2197 2436 comprehendi.
2234 2377 2435 2437 potest.
2470 2369 2749 2441 Quidquid
2776 2373 2941 2443 igitur
2971 2385 3221 2430 sanctum
3253 2387 3336 2432 est
3358 2417 3374 2440 ,

1796 2455 1962 2510 habet
1997 2464 2178 2511 autem
2206 2468 2460 2513 naturam
2498 2461 2976 2532 circumscriptam
2995 2503 3009 2528 ,
3038 2471 3093 2519 et
3123 2466 3373 2520 adventi-

1795 2549 1926 2601 tiam
1984 2550 2365 2616 sanctitatem,
2414 2550 2711 2606 obnoxium
2746 2569 2869 2609 esse
2907 2563 3089 2625 potest
3132 2558 3372 2612 malitias.

1794 2637 1965 2695 Filius
1999 2648 2180 2695 autem
2205 2682 2219 2703 ,
2253 2650 2307 2696 et
2334 2642 2576 2711 Spiritus
2611 2651 2861 2711 sanctus,
2894 2645 3018 2701 l'ons
3047 2655 3132 2701 est
3172 2651 3378 2702 sancti-

1795 2731 1993 2785 monia:
2012 2773 2027 2796 ,
2048 2731 2192 2786 unde
2222 2733 2509 2788 rationalis
2536 2751 2769 2806 qumque
2798 2743 3050 2790 creatura
3080 2752 3182 2808 pro
3211 2737 3379 2792 virtu-

1796 2820 1867 2878 tis
1889 2822 2104 2879 ratione
2130 2825 2531 2880 sanctiﬁcatur.

1868 2915 1922 2969 5.
1958 2915 2102 2980 Nos,
2140 2917 2442 2971 secundum
2479 2932 2664 2972 veram
2705 2917 3045 2984 doctrinam,
3082 2935 3260 2989 neque
3301 2935 3377 2976 sn-

1796 3007 2021 3071 milem,
2071 3022 2254 3077 neque
2299 3008 2618 3062 dissimilem
2674 3006 2826 3062 Patri
2859 3007 3059 3063 Filium
3114 3010 3373 3066 dicimus.

1795 3098 1929 3152 Nam
1966 3115 2120 3170 teque
2153 3108 2449 3171 utrumque
2496 3101 2693 3156 horum
2747 3110 3042 3172 repugnat.
3088 3102 3378 3160 Enimvero

1795 3191 1974 3247 simile
2009 3199 2063 3246 et
2106 3190 2409 3255 dissimile,
2449 3192 2779 3261 qualitatum
2810 3192 2998 3246 habita
3045 3195 3259 3248 ratione
3287 3195 3375 3248 di-

1793 3292 2033 3336 cuntur:
2076 3281 2217 3337 Deus
2242 3290 2424 3336 autem
2480 3283 2729 3358 liberest
2779 3300 2810 3337 a
2858 3284 3142 3354 qualitate.
3175 3283 3374 3339 Verum

1793 3372 2133 3427 identitatem
2175 3380 2385 3426 natura:
2419 3371 2746 3427 conﬁtentes
2787 3381 2842 3427 et
2905 3375 3378 3429 consubstantiale

1792 3465 2155 3529 admittimus,
2176 3475 2229 3519 et
2252 3466 2708 3535 compositionem
2740 3463 3011 3536 fugimus;
3042 3480 3166 3519 cum
3202 3467 3249 3521 is
3272 3466 3365 3535 qui

1793 3557 2094 3615 secundum
2134 3559 2427 3613 essentiam
2467 3558 2608 3612 Deus
2634 3567 2687 3612 et
2728 3557 2890 3613 Pater
2923 3568 3042 3619 est,
3081 3557 3249 3613 Deum
3281 3575 3369 3615 se-

1792 3648 2031 3703 cundum
2053 3648 2350 3703 essentiam
2378 3658 2431 3702 et
2462 3644 2660 3701 Filium
2687 3648 2960 3716 genuerit.
2989 3648 3063 3701 Ex
3098 3647 3201 3702 hoc
3226 3647 3375 3702 enim

1792 3737 2269 3792 consubstantiale
2321 3736 2652 3792 ostenditur.
2689 3735 2824 3789 Nam
2875 3735 3018 3792 Deus
3069 3737 3373 3790 secundum

1792 3829 2089 3884 essentiam
2117 3826 2224 3883 Deo
2258 3829 2563 3884 secundum
2596 3829 2897 3884 essentiam
2922 3829 3372 3883 consubstantia-

1791 3922 1880 3975 lis.
1916 3920 2194 3990 Siquidem
2238 3928 2294 3974 et
2332 3920 2496 3975 homo
2528 3921 2732 3975 dicitur
2766 3922 2934 3984 deus,
2980 3921 3126 3974 velut
3173 3921 3227 3974 in
3269 3920 3375 3975 hoc

1791 4015 1933 4075 loco,
1954 4012 2064 4083 Ego
2080 4011 2225 4065 dixi:
2252 4011 2339 4064 Dii
2358 4014 2483 4066 estis
2497 4014 2542 4045 ³⁸
2585 4013 2728 4079 Quin
2751 4013 2913 4066 etiam
2941 4012 3153 4067 daemon
3186 4012 3375 4082 appel-

1791 4107 1937 4161 latur
1953 4104 2110 4166 deus,
2127 4103 2426 4158 secundum
2463 4104 2622 4170 illud,
2641 4103 2730 4157 Dii
2752 4106 2987 4174 gentium
3018 4102 3285 4158 dwmania
3305 4103 3373 4159 ³⁷.

1795 4198 1901 4253 Sed
1935 4197 2011 4251 illi
2051 4194 2271 4266 quidem
2299 4210 2365 4249 ex
2401 4195 2546 4250 dono
2566 4237 2580 4260 ,
2605 4195 2661 4248 hi
2703 4211 2835 4250 vero
2859 4212 2925 4251 ex
2959 4194 3245 4250 mendacio
3273 4211 3374 4250 no-

1791 4305 1916 4344 men
1935 4287 2228 4358 accipiunt.
2257 4285 2402 4343 Deus
2416 4302 2544 4341 vero
2567 4287 2719 4343 solus
2743 4296 2828 4342 est
2855 4287 3158 4343 secundum
3187 4303 3374 4342 essen-

1792 4381 1924 4435 tiam
1970 4379 2129 4433 Deus.
2161 4378 2298 4432 Cum
2344 4390 2525 4432 autem
2557 4377 2681 4431 dico
2706 4419 2721 4444 ,
2752 4380 2923 4443 solus,
2954 4378 3249 4433 essentiam
3279 4374 3372 4429 Dei

88 4471 183 4523 ἐπὶ
210 4470 426 4539 φύσεως
475 4470 660 4534 ἁπλῶς
679 4471 777 4541 τῆς
799 4471 1047 4526 καθόλου.
1080 4473 1203 4525 Ἐπί
1222 4488 1367 4536 τινος
1399 4472 1518 4542 μὲν,
1548 4468 1682 4539 οἷον,

1796 4475 2040 4523 sanctam
2087 4476 2143 4521 et
2172 4467 2474 4522 iucrcatam
2520 4466 2797 4538 signiﬁco.
2842 4466 2978 4521 Nam
3029 4483 3170 4530 vox,
3204 4467 3369 4528 solus,

88 4561 224 4631 φέρε
274 4563 472 4623 είπεῖν,
523 4562 619 4614 ἐπὶ
668 4561 904 4626 Παύλου,
951 4565 1033 4616 ὅτι
1088 4564 1246 4634 μόνος
1298 4564 1524 4635 ἡρπάγη
1577 4565 1685 4627 ἕως

86 4651 271 4719 τρίτου
315 4650 586 4720 οὐρανοῦ,
637 4651 733 4703 καὶ
786 4651 1015 4722 ἤκουσεν
1067 4652 1282 4723 ἄρῤητα
1347 4653 1590 4723 ῥήματα,
1648 4651 1685 4705 ἃ

84 4742 191 4794 οὐκ
218 4740 339 4806 ἐξὸν
367 4740 641 4812 ἀνθρώπῳ
670 4741 920 4811 λαλῆσαν
959 4744 1052 4795 ἐπὶ
1091 4742 1306 4812 φύσεως
1329 4742 1386 4795 δὲ
1418 4743 1517 4813 τῆς
1545 4742 1684 4796 καθ-

84 4832 233 4897 όλου,
263 4833 342 4897 ὡς
369 4834 500 4886 ὅταν
551 4832 684 4905 λέγῃ
735 4832 847 4904 (60)
892 4834 1055 4887 Δαϐίό
1075 4852 1088 4865 ο
1122 4821 1487 4902 Ἀνθρωπος,
1538 4834 1684 4888 ὡσεὶ

88 4931 307 4999 χόρτος
342 4931 403 4983 a1
445 4928 659 4998 ἡμέραι
693 4929 901 4983 αὐτοῦ.
919 4929 1185 4983 Ἐνταῦθα
1212 4928 1319 4999 γὰρ
1351 4928 1412 4980 οὑ
1437 4928 1529 4981 τόν
1560 4945 1682 4981 τινα

88 5020 398 5092 ἄνθρωπον,
424 5020 560 5073 ἀλλὰ
601 5019 701 5090 τὴν
732 5021 959 5074 καθόλου
1000 5022 1161 5089 φύσιν
1198 5020 1368 5089 δηλοῖ.
1413 5019 1529 5081 Πᾶς
1571 5018 1681 5090 γὰρ

92 5110 384 5182 ἄνθρωπος
431 5112 763 5183 πρόσκαιρος
817 5115 913 5167 καὶ
962 5114 1176 5186 θνητός.
1234 5113 1395 5166 Οὕτω
1446 5114 1676 5166 κάκεῖνα
1714 5118 1721 5125 “

93 5203 325 5274 νοοῦμεν
358 5203 457 5257 ἐπὶ
502 5202 603 5272 τῆς
654 5203 870 5273 φύσεως
928 5206 1224 5277 εἰρημέναο
1261 5204 1343 5267 τὸ,
1392 5204 1455 5256 '0
1489 5204 1681 5273 μόνος

1789 4572 1842 4617 et
1869 4562 1937 4616 de
1980 4575 2093 4614 uno
2135 4560 2321 4631 aliquo
2358 4560 2582 4614 homine
2605 4602 2620 4626 ,
2650 4565 2705 4613 et
2737 4559 2805 4614 de
2836 4559 3099 4615 universa
3145 4574 3370 4629 prorsus

1788 4662 1984 4708 natura
2028 4653 2255 4707 dicitur.
2294 4650 2369 4706 De
2417 4665 2528 4705 uno
2584 4652 2801 4722 aliquo,
2858 4653 3009 4707 velut
3049 4667 3173 4704 cum
3217 4651 3367 4705 verbi

1787 4749 1960 4815 gratia
1999 4743 2203 4799 dicitur
2245 4742 2315 4797 de
2362 4741 2569 4807 Paulo,
2626 4743 2807 4799 solum
2854 4749 3069 4813 raptum
3125 4758 3247 4797 esse
3302 4744 3369 4796 ad

1786 4837 2007 4892 tertium
2049 4852 2225 4907 usque
2271 4836 2510 4899 cmlum,
2544 4845 2599 4890 et
2640 4835 2866 4890 audisse
2912 4848 3115 4888 arcana
3169 4835 3367 4897 verba,

1787 4944 1909 4999 qua
1945 4943 2055 4982 non
2093 4927 2263 4981 liceat
2311 4925 2523 4981 homini
2566 4926 2716 4996 loqui
2747 4925 2794 4958 ³⁸
2826 4943 2839 4978 ι
2888 4922 2957 4978 de
3005 4932 3204 4977 natura
3238 4939 3371 4979 vero

1787 5023 2066 5085 universa,
2099 5020 2246 5073 velut
2289 5034 2416 5091 cum
2460 5016 2630 5072 David
2665 5016 2837 5071 dicit:
2874 5015 3047 5070 Homo
3085 5057 3099 5082 ,
3135 5017 3273 5068 sicut
3301 5016 3373 5075 fe-

1788 5125 1909 5164 num
1945 5109 2056 5163 dies
2096 5109 2211 5178 ejus
2234 5110 2300 5162 ³⁹.
2333 5107 2435 5163 Hic
2473 5108 2620 5164 enim
2651 5122 2759 5161 non
2789 5107 3066 5162 hominem
3104 5107 3365 5176 aliquem,

1787 5203 1883 5259 sed
1913 5203 2226 5257 universam
2256 5208 2511 5256 naturam
2542 5199 2750 5255 indicat
2782 5218 2795 5254 :
2831 5213 2958 5254 nam
2993 5198 3175 5253 omnis
3200 5198 3369 5270 homo

166 5318 213 5350 ³⁸
239 5318 386 5375 Psal.
415 5333 605 5383 um,
636 5317 690 5373 6.
766 5317 811 5350 ⁸⁷
835 5318 980 5374 Psal.
1011 5338 1132 5385 xcv,
1170 5320 1222 5375 5.
1302 5321 1346 5352 ³⁸
1369 5318 1556 5376 llCor.
1584 5335 1685 5384 xu,

1842 5317 1886 5348 ³⁹
1921 5315 2067 5372 Psal.
2102 5331 2200 5381 cn,
2243 5315 2330 5370 15.

162 5475 279 5541 (55)
330 5477 625 5544 ’Exetrnc.
656 5475 804 5529 Hanc
828 5491 1014 5531 vocem
1043 5475 1354 5531 addidimus
1376 5490 1441 5531 ex
1463 5474 1679 5531 duobus

90 5559 273 5674 miihi
318 5615 383 5665 '0
410 5615 543 5684 γάρ.
588 5614 745 5685 ιεεε
769 5616 825 5668 ’0
851 5631 998 5681 γουν.

160 5681 692 5795 (δημεηιὶαντικήῖ
723 5683 813 5739 Sic
846 5694 1073 5755 uterque
1128 5681 1321 5739 codex.
1375 5681 1517 5737 Editi
1576 5697 1674 5752 ση-

95 5769 367 5812 μαντικὴ.

1862 5471 1974 5539 (58)
2024 5472 2130 5524 Ἢν
2157 5468 2276 5521 καί.
2302 5467 2429 5522 Mss.
2456 5476 2510 5522 et
2535 5466 2666 5539 edit.
2703 5463 2866 5539 Basil.
2894 5464 3043 5539 _6_?tat

1860 5535 1973 5612 (59)
2021 5539 2465 5612 Ὀμᾷνθθῳδζοᾳ
2509 5536 2810 5612 _Articu_l_us
2844 5535 3095 5612 additus_
3116 5547 3179 5586 ex
3197 5547 3361 5612 Just}.

1788 5602 1938 5667 deest
1959 5602 2017 5664 in
2047 5610 2225 5664 editis.
2246 5602 2453 5662 ibidem
2493 5606 2602 5661 duo
2631 5606 2848 5660 codices
2874 5620 3004 5660 mss.
3042 5602 3255 5674 Ἐπειδὴ
3283 5602 3363 5667 δέ’,

1857 5682 1967 5754 (60)
2004 5679 2181 5750 Λέγῃ.
2221 5677 2311 5734 Sic
2348 5694 2479 5733 mss.
2509 5677 2649 5731 Editi
2676 5676 2820 5744 λέγει
