3888 6214
473 305 577 361 251

1817 300 1876 358 S.
1919 301 2179 359 BASlLll‘
2205 305 2440 363 MAGNI“

3652 306 3770 365 252

444 423 848 494 -temporarius
894 430 950 479 et
981 422 1256 479 mortalis.
1309 419 1404 476 Sic
1451 421 1810 492 intelligimus
1855 420 1925 477 de
1962 438 2058 476 na-

2165 424 2319 496 ἔχων
2349 424 2691 481 ἀθανασίαν
2713 440 2726 455 ο
2770 426 2888 489 καὶ,
2936 424 3113 491 Μόνῳ
3144 424 3318 495 σοφῷ
3356 424 3499 492 Θεῷ,
3538 424 3651 480 και
3674 427 3765 492 τὸ,

479 527 605 574 tura
636 520 785 573 dicta
817 533 941 574 esse
987 525 1044 572 et
1074 518 1165 575 illa
1196 535 1209 571 :
1242 515 1347 583 Qui
1371 515 1517 569 solus
1548 514 1702 568 habet
1746 514 2070 568 immortali-

480 621 644 665 tatem
663 611 739 677 “;
771 621 846 674 et,
880 610 998 666 Soli
1031 610 1260 679 sapienti
1301 607 1411 662 Deo
1434 607 1513 673 “;
1553 615 1630 671 et,
1667 605 1836 660 Nemo
1876 607 2064 673 bonus,

480 705 585 758 nisi
635 720 773 757 unus
816 702 956 757 Deus
981 702 1048 756 ".
1085 701 1184 755 Hic
1215 702 1361 755 enim
1397 715 1535 753 unus
1576 698 1856 769 signiﬁcat
1897 698 2062 763 idem,

479 798 626 868 quod
657 799 822 851 solus.
851 796 939 860 Et,
969 795 1074 861 Qui
1103 796 1340 849 extendit
1365 793 1553 847 caelum
1582 790 1727 845 solus
1750 792 1829 857 “;
1859 798 1911 845 el
1940 805 2068 844 rur~

480 905 601 950 sus,
644 889 932 943 Dominum
970 888 1139 943 Deum
1171 897 1319 942 tuum
1350 884 1624 947 adorabis,
1658 896 1706 939 et
1729 884 1812 937 illi
1833 885 1934 938 soli
1955 899 2067 936 ser-

476 983 584 1036 uies
607 981 653 1013 “
681 1001 695 1039 :
728 990 803 1041 et,
841 979 963 1033 Non
986 990 1062 1035 est
1093 979 1228 1033 Deus
1257 987 1449 1046 prwter
1478 994 1558 1032 me
1581 978 1649 1029 ”.
1681 975 1817 1030 Nam
1849 993 1984 1030 unus
2012 982 2065 1031 et

481 1074 627 1128 solus
651 1073 719 1127 de
755 1072 864 1124 Deo
893 1071 1285 1141 dicuntur83
1323 1070 1377 1123 iu
1411 1067 1701 1137 Scriptura
1731 1083 1840 1122 non
1873 1066 1941 1120 ad
1978 1066 2065 1119 di-

472 1166 832 1264 ‘stinrtionem
865 1180 896 1218 a
930 1162 1069 1217 Filio
1111 1172 1206 1216 aut
1239 1162 1445 1251 Spiritu
1479 1169 1697 1224 sancto,
1733 1159 1830 1215 sed
1870 1158 2065 1213 adver-

474 1248 578 1359 ;sus
619 1273 714 1312 eos
744 1257 838 1326 qui
866 1271 991 1310 cum
1025 1255 1098 1309 dii
1131 1270 1239 1309 non
1274 1248 1408 1311 sint.
1442 1252 1519 1307 dii
1552 1262 1732 1307 tamen
1769 1251 1910 1306 falso
1957 1266 2062 1305 no-

482 1344 786 1413 minantur,
832 1355 889 1401 ut
923 1355 1008 1403 est
1038 1347 1170 1401 illud
1199 1366 1211 1402 :
1242 1345 1501 1400 Dominus
1528 1348 1673 1399 solus
1697 1344 1853 1397 duxit
1873 1360 1981 1410 eos,
2009 1353 2063 1398 et

478 1460 583 1497 non
624 1452 739 1496 erat
770 1458 888 1495 cum
918 1441 994 1494 eis
1029 1441 1156 1494 deus
1193 1440 1396 1492 alienus
1418 1438 1496 1499 “;
1536 1444 1613 1497 et.
1650 1434 1961 1488 Everterunt
1995 1434 2062 1501 [i-

479 1535 540 1589 tii
572 1532 746 1588 Israel
777 1532 1013 1595 Bualim,
1046 1541 1095 1584 et
1130 1546 1345 1584 nemora
1373 1527 1650 1590 Astaroth,
1683 1535 1733 1580 et
1769 1524 2060 1579 serviebant

480 1626 710 1680 Domino
746 1625 847 1678 soli
868 1624 934 1677 ".
977 1622 1054 1687 Et_
1097 1623 1297 1677 iterum
1341 1620 1547 1675 Paulus
1590 1618 1784 1674 :Sicut
1827 1626 1947 1671 sunt
1985 1616 2063 1670 dii

479 1718 657 1782 multi,
687 1727 735 1772 et
770 1716 973 1770 domini
1000 1715 1180 1777 multi,
1209 1714 1361 1768 nobis
1388 1724 1562 1767 tamen
1584 1729 1720 1766 unus
1752 1710 1915 1773 Deus,
1949 1708 2058 1763 Pa-

479 1820 578 1874 ter,
621 1824 686 1863 ex
731 1825 833 1878 quo
881 1808 1083 1871 omnia,
1127 1815 1175 1860 et
1228 1822 1362 1859 unus
1404 1804 1664 1859 Dominus
1702 1801 1859 1855 Jesus
1906 1800 2063 1854 Chri-

477 1913 613 1963 stus,
669 1917 761 1971 per
817 1917 969 1971 quem
1030 1898 1297 1953 omnia“.
1322 1896 1523 1952 Verum
1580 1896 1670 1950 hic
1729 1893 2061 1964 qumrimus,

476 1993 756 2064 quomodo
801 2007 928 2046 cum
969 1992 1225 2054 dixisset,
1267 1987 1414 2043 Unus
1463 1986 1625 2052 Deus,
1674 2001 1738 2041 ea
1773 2000 1907 2039 voce
1951 1999 2061 2038 non

478 2086 647 2141 fuerit
675 2092 973 2140 contentus
1005 2082 1271 2155 (diximus
1302 2084 1470 2141 enim,
1500 2095 1626 2134 cum
1653 2078 1799 2132 solus
1839 2086 1893 2132 et
1924 2093 2061 2131 unus

477 2180 546 2235 de
581 2178 694 2233 Deo
734 2178 1020 2237 dicuntur,
1074 2173 1371 2245 signiﬁcari
1406 2175 1706 2239 naturam),
1752 2171 1846 2225 sed
1880 2180 1934 2224 et
1966 2185 2063 2224 vo-

478 2287 595 2327 cem
645 2269 813 2324 Pater
855 2269 1194 2339 apposuerit,
1240 2274 1295 2319 ct
1345 2264 1552 2319 Christi
1599 2264 1790 2317 fecerit
1827 2265 2062 2316 mentio-

477 2378 622 2420 nem.
685 2360 953 2430 Suspicor
1006 2360 1192 2429 itaque
1249 2356 1595 2412 existimasse
1635 2355 1738 2408 hoc
1784 2354 1906 2407 loco
1964 2368 2061 2408 vas

475 2454 765 2509 electionis
819 2452 1085 2515 Paulum,
1143 2451 1278 2505 satis
1334 2463 1440 2502 non
1497 2462 1622 2502 esse
1676 2443 2060 2499 tantummodo

476 2548 648 2603 Deum
689 2544 912 2605 Filium,
951 2553 1008 2599 et
1049 2542 1219 2597 Deum
1255 2540 1523 2611 Spiritum
1561 2546 1814 2594 sanctum
1847 2537 2059 2608 praedi-

476 2654 637 2706 care;
680 2639 732 2693 id
765 2637 910 2708 quod
953 2651 1048 2706 per
1088 2635 1413 2695 dictionem,
1449 2630 1597 2686 Unus
1624 2630 1785 2692 Deus,
1811 2629 2061 2684 declara-

474 2739 650 2791 verat.
688 2730 794 2786 nisi
832 2739 1094 2800 praeterea
1139 2741 1235 2796 per
1280 2725 1643 2794 adjectionem
1680 2721 1879 2785 Patris,
1922 2737 2053 2775 cum

473 2841 543 2882 ex
569 2839 678 2895 quo
701 2822 883 2878 omnia
913 2828 1062 2887 sunt,
1094 2818 1465 2888 exprimeret;
1501 2822 1556 2870 et
1587 2830 1686 2885 per
1725 2814 2058 2868 mentionem

474 2914 714 2980 Domini,
760 2909 998 2966 Verbum
1045 2924 1142 2979 per
1174 2908 1322 2978 quod
1360 2907 1545 2963 omnia
1584 2913 1733 2966 sunt,
1786 2904 2061 2975 signiﬁca-

474 3014 580 3068 ret.
612 3012 668 3060 et
699 3018 916 3065 rursus,
949 3017 1046 3072 per
1073 2999 1202 3054 Jesu
1248 2998 1453 3053 Christi
1498 2996 1933 3066 adjunctioncm,
1974 2997 2058 3050 iu-

474 3097 851 3153 carnationem
890 3092 1267 3154 annuntiaret,
1300 3098 1355 3145 et
1382 3091 1695 3161 passionem
1730 3097 1957 3158 poneret
1988 3086 2059 3141 ob

475 3190 668 3245 OCIIIOS
716 3195 817 3241 ίθῐ
866 3186 1336 3240 resurrectionem
1390 3189 1871 3236 cmmnunstraret.
1920 3177 2055 3232 Nam

475 3282 635 3345 illud,
669 3277 832 3333 Jesus
858 3275 1153 3351 Christus,
1188 3276 1443 3329 notiones
1469 3273 1608 3328 tales
1639 3273 1796 3327 nobis
1829 3271 2056 3326 indicat.

473 3373 822 3444 Quapropter
866 3372 1033 3425 etiam
1086 3367 1354 3422 Dominus
1408 3376 1536 3421 ante
1586 3366 1900 3435 passionem
1947 3379 2058 3419 non

475 3467 591 3521 vult
617 3465 725 3520 dici
755 3462 919 3519 Jesus
954 3462 1233 3523 Christus,
1283 3467 1338 3515 et
1368 3457 1657 3527 discipulis
1694 3457 1961 3528 pt‘mcipil,
2001 3462 2059 3508 ut

473 3573 544 3612 ne
572 3557 832 3625 cuiquam
864 3554 1055 3609 dicant
1093 3553 1270 3622 ipsum
1313 3566 1438 3605 esse
1466 3548 1650 3605 Jesum
1682 3540 1965 3603 Christum
1990 3546 2056 3601 δ’.

472 3648 825 3717 Propositum
873 3645 1020 3699 enim
1052 3642 1128 3695 illi
1172 3650 1291 3695 erat
1334 3649 1456 3710 post
1492 3640 1801 3694 absolutam
1828 3638 2056 3708 dispen-

472 3741 741 3796 sationem
784 3752 849 3790 ac
881 3735 1345 3789 resurrectionem
1381 3747 1449 3786 ex
1482 3731 1735 3791 mortuis,
1770 3738 1823 3785 et
1854 3731 1908 3784 in
1946 3744 2061 3783 ca:-

472 3834 557 3887 los
594 3829 1054 3900 assumptioncm,
1095 3836 1209 3880 tum
1245 3825 1464 3879 demum
1499 3824 1634 3894 ipsis
1682 3824 2055 3885 committere,

473 3931 530 3978 ut
576 3938 700 3978 eum
743 3920 930 3977 Jcsum
982 3919 1266 3974 Christqu
1321 3916 1710 3986 praedicarent.
1770 3913 2055 3984 Ejusmodi

470 4022 556 4071 est
584 4022 638 4069 et
670 4013 801 4068 illud
833 4031 846 4067 :
885 4009 952 4066 Ut
1002 4017 1321 4080 cognoscant
1357 4018 1406 4062 te
1444 4009 1616 4061 solum
1655 4023 1828 4061 verum
1863 4006 2053 4070 Deum,

469 4115 522 4163 et
555 4121 706 4174 quem
756 4103 951 4157 misisti
995 4100 1181 4156 Iesum
1225 4098 1499 4155 Christum
1522 4100 1605 4166 ⁵⁰;
1648 4098 1782 4152 illud
1822 4098 2051 4153 itidem:

474 4197 705 4255 Creditis
743 4198 797 4250 in
829 4196 1019 4267 Deum,
1050 4204 1097 4247 et
1129 4195 1184 4247 in
1218 4209 1299 4246 me
1331 4192 1526 4246 credite
1547 4193 1590 4224 ³¹
1627 4210 1641 4245 :
1674 4191 1877 4261 ubique
1906 4191 2057 4261 engi-

473 4294 735 4348 tationem
765 4299 1011 4342 nostram
1053 4285 1452 4355 praemunieute
1481 4281 1692 4352 Spiritu
1727 4290 1921 4337 sancto
1947 4298 1961 4347 ;
1991 4297 2057 4335 ne

476 4379 798 4434 accedentes
860 4374 926 4427 ad
975 4377 1232 4432 alterum,
1280 4373 1453 4426 altero
1506 4370 1866 4437 excidamuS‘;
1918 4386 2056 4425 neve

2173 517 2387 584 Οὐδείς
2437 516 2658 587 ἀγαθὸς
2694 519 2747 570 εί
2774 516 2860 587 μὴ
2899 511 2988 583 εἷς
3019 520 3053 571 ὁ
3098 519 3264 585 Θεός.
3296 518 3370 570 Τὸ
3401 517 3510 591 γὰρ
3550 514 3642 585 εἷς
3674 522 3769 573 ὲν-

2168 609 2342 664 ταῦθα
2366 610 2443 681 τῷ
2475 611 2666 680 μόνος
2693 609 2889 663 ταυτὸν
2920 610 3102 680 δηλοῖ·
3142 612 3345 675 καὶτὸ,
3384 611 3447 666 '0
3482 614 3769 679 τανύσας
3826 622 3837 677 ﬂ

2168 702 2274 755 τὸν
2289 702 2552 770 οὐρανὸν
2575 704 2763 771 μόνος
2779 718 2795 731 ’
2817 702 2909 754 καὶ
2933 702 3095 757 πάλιν
3114 720 3129 736 ο
3160 705 3352 773 Κιιρίῳ
3376 702 3456 770 τῷ
3487 704 3609 770 Θεῷ
3634 721 3765 759 σου

2167 794 2640 862 προσκυνήσεις,
2675 797 2774 849 καὶ
2817 795 2978 862 αὐτῷ
3026 797 3193 865 μόνῳ
3220 797 3608 865 λατρεύσεις·
3662 797 3767 850 καὶ

2165 887 2248 953 τὸ,
2275 891 2396 941 Οὐκ
2426 888 2559 942 ἔστι
2586 890 2731 956 Θεὸς
2759 893 2926 958 πλὴν
2968 890 3136 960 ἐμοῦ.
3176 889 3248 943 Τὸ
3276 891 3385 962 γὰρ
3406 886 3502 957 »εἷς
3536 892 3767 960 καὶμό-

2165 992 2275 1041 νος
2298 977 2391 1029 ἐπὶ
2430 977 2565 1030 Θεοῦ
2598 978 2708 1050 (61)
2740 981 2798 1032 ὲν
2830 984 2895 1052 τῇ
2932 982 3121 1052 Γραφῇ
3162 981 3222 1034 οὺ
3250 981 3388 1052 πρὸς
3422 982 3766 1035 ἀντιδιαστοο

2166 1066 2264 1138 λὴν
2286 1067 2380 1120 τοῦ
2418 1068 2547 1122 Υἱοῦ
2575 1071 2609 1141 ἢ
2654 1070 2750 1123 τοῦ
2781 1073 2937 1140 ἁγίου
2979 1072 3295 1143 Πνεύματος
3336 1073 3575 1141 λέγεται,
3618 1074 3764 1128 ἀλλὰ

2167 1160 2302 1231 πρὸς
2332 1164 2459 1224 τοὺς
2525 1162 2599 1234 μὴ
2649 1162 2810 1227 ὄντας
2845 1164 3020 1228 θεοὺς,
3066 1162 3500 1235 ὀνομαζομένους
3531 1165 3588 1217 δὲ
3617 1165 3765 1235 citau-

2165 1252 2271 1316 δῶς
2295 1271 2309 1284 ο
2333 1254 2408 1318 ὡς
2439 1255 2519 1320 τὸ,
2558 1256 2773 1324 Κύριος
2787 1258 2976 1326 μόνος
3000 1254 3149 1327 ἦγεν
3184 1259 3439 1323 αὐτούς·
3478 1259 3592 1322 καὶ,
3630 1261 3763 1313 Οὐκ

2164 1344 2245 1419 ἥν
2270 1350 2399 1417 μετ’
2431 1348 2630 1403 αὐτῶν
2652 1351 2796 1416 Θεὸς
2824 1351 3143 1420 ἀλλότριος
3164 1368 3178 1382 ·
3206 1351 3406 1415 καὶτὸ,
3441 1350 3767 1419 Περιεῖλονι

2164 1438 2280 1493 υἱοί
2342 1438 2454 1508 (62)
2523 1439 2761 1507 Ἰσραὴλ
2823 1441 2895 1495 τὰ
2943 1442 3235 1512 Βααλεὶμ,
3291 1442 3391 1495 καὶ
3451 1443 3523 1497 τὰ
3581 1442 3773 1512 ἄλση

2177 1529 2500 1598 Ἀσταρὼϐ,
2536 1532 2633 1585 καὶ
2660 1532 2990 1586 ἐδούλευον
3007 1534 3205 1602 Κυρίῳ
3230 1537 3398 1604 μόνῳ
3416 1552 3428 1566 ·
3465 1534 3558 1588 καὶ
3586 1534 3784 1590 πάλιν.

2163 1624 2191 1676 ὀ
2224 1623 2474 1689 Παῦλοςο
2514 1626 2741 1693 ’Ὥσπερ
2772 1626 2891 1679 είσί
2939 1627 3061 1681 θεοὶ
3098 1627 3338 1692 πολλοὶ,
3401 1628 3499 1682 καὶ
3554 1629 3759 1697 κύριοι

2165 1716 2406 1779 πολλοὶ,
2451 1715 2588 1771 ἀλλ’
2640 1716 2786 1786 ’ἡμῖν
2836 1712 2925 1783 εἷς
2958 1718 3123 1784 Θεὸς,
3148 1721 3182 1773 ό
3215 1719 3439 1789 Πατὴρ,
3469 1719 3539 1785 ἐξ
3571 1715 3779 1776 οὗτὼ

2163 1805 2381 1871 πάντα,
2439 1808 2537 1861 καὶ
2580 1804 2669 1873 εἷς
2719 1809 2951 1877 Κύριος.
2994 1809 3225 1877 Ἰησοῦς
3269 1811 3541 1879 Χριστὸς,
3568 1806 3754 1867 δι’νοῦ⁹

2162 1899 2235 1953 τὰ
2274 1899 2489 1955 πάντα.
2543 1899 2705 1953 Ἀλλὰ
2760 1900 3031 1972 ζητοῦμεν
3101 1902 3372 1968 ἐνταῦθα,
3431 1904 3583 1969 πῶς,
3639 1900 3757 1969 Εἷς

2166 1991 2310 2057 Θεὸς
2365 1990 2476 2063 (65)
2534 1989 2792 2063 εἰρηκὼς,
2826 1993 2928 2045 οὐκ
2957 1992 3199 2065 ἠρκέσθη
3242 1997 3308 2065 τῇ
3342 1995 3759 2066 φωνῇ’(ἕφαμεν

2162 2081 2293 2151 γὰρ,
2321 2081 2403 2134 ὅτι
2428 2082 2616 2150 μόνος
2646 2081 2739 2134 καὶ
2771 2081 2830 2135 τὸ
2848 2077 2938 2148 εἷς
2966 2083 3061 2136 ἐπὶ
3082 2081 3217 2137 Θεοῦ
3250 2084 3349 2156 τὴν
3371 2084 3532 2153 φύσιν
3553 2085 3753 2155 δηλοῖ),

2163 2170 2298 2225 ἀλλὰ
2348 2172 2444 2225 καὶ
2495 2171 2556 2224 τὸ
2596 2172 2803 2240 Πατὴρ
2860 2174 3190 2245 προσέθηκε,
3242 2175 3337 2230 καὶ
3375 2176 3468 2230 τοῦ
3510 2176 3773 2248 Χριστοῦι

2162 2263 2588 2334 ἐμνημόνευσεν.
2667 2264 2913 2318 ’Υπονοῶ
2948 2266 3161 2329 τοίνυν,
3211 2268 3295 2320 ὅτι
3346 2268 3447 2322 οὐκ
3496 2266 3755 2340 ἐξαρκεῖν

2162 2353 2316 2425 ᾠήθη
2349 2353 2446 2407 νῦν
2484 2356 2513 2407 ὁ
2558 2353 2790 2418 Παῦλος,
2822 2354 2885 2408 τὸ
2906 2354 3100 2420 σκεῦος
3130 2357 3230 2428 τῆς
3256 2356 3505 2429 ἐκλογῆς,
3541 2358 3791 2431 κηρύσ-ὴ

2164 2463 2278 2500 σειν
2338 2448 2496 2517 μόνον
2535 2446 2668 2499 Θεὸν
2693 2510 2699 2517 ,
2723 2447 2814 2500 τὸν
2845 2447 2995 2515 Υίὸν,
3052 2451 3145 2502 καὶ⁹
3182 2449 3315 2503 Θεὸν
3342 2450 3404 2503 τὸ
3435 2451 3663 2522 Πνεῦμα
3688 2450 3793 2504 τὸν

2161 2537 2339 2607 ἅγιον,
2371 2540 2510 2611 ὅπερ
2550 2534 2636 2594 διὰ
2666 2539 2768 2610 τῆς
2787 2535 2895 2605 Εἷς
2920 2540 3065 2608 Θεὸς
3091 2541 3325 2612 ἐδήλωσε
3377 2544 3610 2614 ρήσεως,
3652 2543 3754 2597 ἐὰν
3776 2579 3787 2591 ς

2165 2633 2240 2704 μὴ
2265 2634 2359 2686 καὶ
2391 2633 2481 2687 διὰ
2517 2634 2615 2706 τῆς
2654 2634 2974 2707 προσθήκης
2998 2634 3092 2688 τοῦ
3131 2636 3344 2707 Πατρὸς
3375 2635 3467 2689 τὸν
3501 2636 3561 2701 ἐξ
3585 2627 3648 2689 οὗ
3682 2636 3791 2691 τὰ·

2162 2725 2342 2780 πάντα
2377 2723 2592 2798 δηλώσῃ
2615 2743 2629 2757 ·
2659 2728 2753 2781 καὶ
2775 2727 2864 2781 διὰ
2890 2728 2990 2799 τῆς
3026 2728 3246 2798 μνήμης
3276 2726 3372 2781 τοῦ
3400 2728 3629 2800 Κυρίου,
3656 2729 3755 2784 τὸν

2160 2817 2333 2887 Λόγον
2392 2817 2483 2872 τὸν
2536 2818 2605 2871 δι’
2633 2813 2695 2873 οῦ
2719 2818 2793 2871 τὰ
2826 2819 3004 2873 πάντα
3053 2820 3300 2892 σημάνῃ’
3335 2821 3428 2873 καὶ
3454 2806 3635 2886 πάλιν,
3659 2820 3753 2875 διὰ

2160 2910 2260 2979 τῆς
2303 2908 2477 2980 Ἰησοῦ
2528 2909 2766 2982 Χριστοῦ
2818 2910 3302 2982 συμπαραλήψεως
3349 2912 3448 2983 τὴν
3479 2910 3754 2984 ὲνοινθρῴ⁶

2163 3017 2331 3072 πησιν
2381 3000 2725 3074 παραγγείλῃ
2752 3000 2916 3087 ~(64),
2961 3001 3055 3054 καὶ
3086 3001 3148 3054 τὸ
3183 3000 3354 3066 πάθος
3397 3004 3745 3074 παραστήσῃ,

2086 3124 2128 3180 c
2167 3090 2260 3143 καὶ
2294 3090 2392 3161 τὴν
2424 3090 2721 3144 ἀνάστασιν
2762 3091 3071 3162 φανερώσῃ.
3107 3092 3180 3144 Τὸ
3221 3092 3353 3163 γάρ,
3383 3091 3589 3163 Ἰησοῦς
3613 3092 3743 3162 Χρι-

2164 3180 2308 3245 στὸς,
2367 3181 2464 3259 τάς
2504 3181 2760 3245 τοιαύτας
2789 3181 2996 3243 ἑννοίας
3030 3182 3160 3252 ἡμῖν
3197 3181 3472 3251 ἐμφαίνει.
3530 3181 3621 3234 Διὸ
3654 3183 3742 3235 καῖ

2161 3276 2268 3346 πρὸ
2300 3274 2394 3328 τοῦ
2423 3275 2631 3340 πάθους
2682 3278 3031 3347 παραιτεῖται
3061 3278 3088 3329 ὁ
3125 3275 3335 3345 Κύριος,
3375 3275 3581 3345 Ἰησοῦς
3612 3277 3742 3348 Χριν

2163 3366 2285 3430 στος
2334 3366 2830 3435 καταγγέλλεσθαι·
2886 3365 2981 3419 καὶ
3026 3365 3397 3418 διαστέλλεται
3424 3368 3538 3430 τοῖς
3570 3366 3742 3438 μαθη-

2160 3462 2299 3524 ταῖς,
2327 3459 2415 3513 ἵνα
2449 3460 2642 3531 μηδενὶ
2690 3459 2937 3524 εἴπωσιν,
2982 3459 3063 3512 ὅτι
3094 3458 3258 3522 αὐτός
3301 3459 3449 3513 ἐστιν
3494 3459 3734 3530 Ἰησοῦς(

2160 3552 2418 3624 Χριστός.
2482 3552 2772 3623 Πρόκειται
2794 3552 2904 3622 γὰρ
2926 3550 3075 3621 αὐτῷ
3100 3549 3567 3622 τελειώσαντιτὴν
3601 3554 3732 3605 οἰκο-

2159 3645 2374 3714 νομίαν,
2432 3644 2573 3714 μετὰ
2624 3643 2724 3713 τὴν
2763 3645 2827 3696 ἐκ
2851 3641 3062 3713 νεκρῶν
3104 3643 3402 3697 ἀνάστασιν
3425 3643 3520 3696 καὶ
3539 3643 3636 3712 τὴν
3664 3644 3731 3701 εἰς

2158 3737 2419 3808 οὐρανοὺς
2440 3736 2729 3807 ἀνάληψιν,
2775 3735 3065 3807 ἐπιτρέψαι
3108 3737 3292 3798 αὐτοῖς
3325 3735 3620 3805 κηρύσσειν
3648 3736 3736 3788 αὖ·

2157 3829 2249 3882 τὸν
2295 3829 2501 3900 Ἰησοῦν
2532 3830 2623 3882 τὸν
2658 3828 2919 3901 Χριστόν.
2960 3827 3215 3881 Τοιοῦτόν
3239 3828 3357 3880 ἐστι
3390 3829 3484 3881 καὶ
3506 3827 3584 3885 τὸ.
3613 3827 3732 3880 "Iw

2159 3920 2500 3991 γινώσκουσί
2547 3937 2621 3975 σε
2667 3921 2775 3974 τὸν
2808 3922 3003 3991 μόνον
3026 3918 3521 3988 ἀληθινὸν-Θεὸν,
3555 3920 3653 3993 καὶ
3673 3920 3732 3976 ὃ)

2161 4012 2525 4080 ἀπέστειλας
2557 4013 2793 4081 Ἰησοῦν
2824 4016 3084 4082 Χριστόν
3108 4030 3122 4044 ·
3149 4013 3243 4067 καὶ
3291 4013 3374 4078 τὸ,
3425 4015 3734 4069 Πιστεύετε

2157 4109 2244 4173 είς
2272 4105 2439 4170 Θεὸν,
2472 4105 2573 4159 καὶ
2618 4108 2706 4172 είς
2768 4103 2874 4175 ἐμὲ
2923 4107 3268 4160 πιστεύετεο
3321 4104 3595 4176 πανταχοῦ
3645 4107 3733 4178 τὴς

2159 4196 2366 4249 ἔννοιαν
2420 4195 2576 4267 ἡμῶν
2632 4195 3068 4266 άσφαλιζομένου
3131 4195 3224 4249 τοῦ
3284 4187 3602 4266 Πνεύματος
3648 4197 3735 4251 τοί

2158 4287 2338 4356 ἁγίου,
2398 4288 2484 4340 ἵνα
2543 4287 2639 4360 μὴ,
2677 4288 2891 4359 θατέρῳ
2930 4287 3375 4358 προσϐαίνοντες,
3407 4286 3637 4358 θατέρου
3661 4289 3729 4342 ἐκ

2160 4378 2482 4447 πίπτωμεν⁶
2522 4378 2615 4431 καὶ
2656 4380 2721 4448 τῇ
2760 4376 3009 4448 θεολογίᾳ
3049 4377 3428 4448 προσέχοντες,
3460 4377 3563 4448 τῆς
3603 4379 3723 4432 οίκο

472 4468 764 4537 theologia:
802 4465 996 4520 intenti
1043 4464 1387 4533 negligamus
1427 4463 1931 4533 dispensationem;
1970 4471 2056 4517 at-

2165 4468 2351 4539 νομίας
2406 4468 2869 4539 καταφρονῶμεν·
2920 4469 3015 4522 καὶ
3066 4469 3295 4541 γένηται
3334 4472 3478 4541 ἡμῖν.
3501 4470 3644 4523 κατὰ
3686 4472 3739 4525 τὲ

472 4575 580 4630 que
614 4561 669 4612 in
702 4558 1062 4627 impietatem,
1093 4554 1223 4609 dum
1249 4554 1303 4609 in
1328 4555 1510 4624 aliquo
1534 4552 1884 4619 olfendimus,
1920 4553 2049 4609 inci.

467 4652 687 4707 damus.

542 4744 596 4798 4.
642 4742 815 4797 Verba
849 4749 1032 4796 autem
1072 4740 1270 4794 divinae
1305 4737 1624 4806 Scripturae,
1667 4752 1789 4806 qua:
1830 4746 2051 4808 arrepta

470 4833 798 4894 adversarii,
822 4840 877 4886 et
902 4831 968 4884 ad
993 4844 1148 4884 suam
1176 4829 1417 4898 ipsorum
1451 4827 1778 4881 sententiam
1806 4826 2049 4893 detorta,

473 4928 633 4983 nobis
681 4926 748 4980 ad
810 4925 1153 4980 eversionem
1208 4920 1514 4990 majestatis
1581 4917 1856 4990 Unigeniti
1911 4920 2051 4990 obji-

471 5019 646 5084 ciunt,
677 5018 843 5073 simili
877 5016 1039 5071 modo
1083 5011 1481 5084 expendamus,
1524 5013 1810 5067 notionem
1857 5026 2052 5066 eorum

2158 4561 2402 4616 ἐλλεῖπον
2432 4562 2464 4632 ἡ
2496 4560 2740 4615 ἀσέϐεια.

2225 4741 2280 4794 4.
2308 4740 2388 4794 Τὰ
2410 4740 2467 4794 δὲ
2488 4742 2710 4813 ῥήματα
2752 4743 2851 4812 τῆς
2889 4741 3039 4805 θείας
3080 4742 3325 4815 Γραφῆς,
3361 4743 3505 4815 άπερ
3526 4741 3737 4812 λαμϐά-

2158 4850 2344 4898 νοντες
2383 4835 2431 4887 oi
2467 4835 2834 4907 ἀντικείμενοι
2884 4836 2980 4891 καὶ
3026 4835 3442 4908 διαστρέφοντες
3470 4836 3604 4907 πρὸς
3639 4837 3753 4906 τὴν.

2156 4925 2365 4978 οἰκείαν
2395 4926 2701 4997 συνείδησιν
2741 4928 2821 4990 είς
2860 4926 3182 5000 καθαίρεσιν
3204 4927 3302 4997 τῆς
3330 4927 3486 4999 δόξης
3514 4927 3606 4980 τοῦ
3629 4929 3736 4981 Μο·

2156 5015 2408 5085 νογενοῦς
2449 5019 2580 5088 ἡμῖν
2612 5018 2999 5091 προφέρουσιν,
3024 5019 3196 5083 οὕτως
3231 5019 3574 5091 ἐξετάσωμεν
3604 5019 3747 5090 (65)..

543 5132 589 5163 ⁴⁰
619 5129 638 5183 l
665 5127 806 5184 Tim.
844 5128 1039 5201 vr,_16.
1115 5126 1178 5201 ‘1
1200 5126 1353 5201 lium.
1386 5141 1500 5189 XVI,
1539 5126 1643 5201 27._
1706 5125 1751 5157 ⁸³
1779 5122 1911 5201 Duc.
1936 5141 2058 5201 xyw

2165 5130 2214 5184 9.
2294 5132 2341 5163 ”
2371 5131 2477 5188 Job
2518 5149 2594 5197 ιι,
2636 5133 2692 5190 8.
2768 5134 2814 5167 “
2849 5134 3008 5190 Deut.
3045 5151 3121 5201 Vl,
3152 5135 3238 5201 15.
3300 5133 3346 5167 "
3381 5134 3536 5190 Deut.
3564 5150 3739 5201 xxxn,

469 5201 558 5254 59.
668 5201 714 5233 ’⁵³
751 5201 884 5255 ibid.
935 5199 1020 5252 12.

468 5272 512 5303 ⁵¹
536 5268 693 5325 Joan.
726 5287 838 5336 xiv,
875 5270 926 5323 1.

540 5387 673 5466 (61)-
724 5385 852 5438 Ἐπὶ
910 5382 1079 5440 Θεοῦ.
1141 5382 1284 5439 Editi
1341 5381 1550 5437 addunt
1584 5381 1903 5446 articulum,
1955 5379 2051 5436 sed

465 5457 618 5514 deest
635 5457 715 5527 ιιι.
752 5472 885 5527 mss.

539 5519 658 5599 (-62)'
691 5526 826 5579 Υἱοί.
856 5524 1009 5599 lianc
1062 5523 1537 5599 vocgnaddimus
1579 5538 1646 5580 ex
1691 5519 1826 5594 Reg.
1884 5519 2051 5576 Paulo

544 5593 893 5676 :s_t_du_o'ntss.
916 5594 1144 5676 ᾧσπερ.
1175 5593 1318 5647 Editi
1346 5595 1523 5666 εἴπερ.

540 5667 652 5738 (6'5)
684 5659 790 5731 Εἷς
818 5665 979 5738 Θεός.
1018 5659 1254 5738 Primam
1285 5659 1483 5738 _voc_em'
1523 5663 1779 5738 addimus
1811 5678 1875 5717 ex
1912 5678 2046 5716 mss.

468 5733 642 5795 Paulo
692 5745 815 5807 post
846 5735 903 5791 iu
945 5735 1069 5794 cod,
1104 5733 1235 5809 Reg.
1284 5735 1478 5806 legitur
1510 5735 1568 5789 τὸ
1606 5733 1829 5805 Πνεῦμα
1880 5750 2038 5804 προσ-

1133 5199 1178 5230 "
1216 5197 1400 5268 lkeg.
1458 5212 1554 5261 vn,
1615 5196 1670 5250 4.

1777 5196 1825 5227 ⁸⁸
1884 5194 1906 5247 ι
1963 5196 2091 5253 Cor.
2147 5217 2267 5268 \‘lll,
2293 5202 2350 5270 5,
2380 5203 2434 5258 6.

2544 5204 2787 5259 "Matth.
2838 5220 2951 5272 xvt,
3004 5205 3093 5262 20.
3205 5200 3252 5238 ⁸⁸
3276 5204 3437 5261 Joau.
3496 5221 3629 5271 ml,
3682 5200 3737 5262 '5.

2156 5381 2342 5435 έθηκε.
3300 5420 3305 5426 .

2375 5452 2773 5529 Euganea".
2811 5451 2926 5529 D_u_o
2957 5468 3091 5529 mss.
3126 5420 3456 5529 ἀπαγγείλῃ.

2228 5520 2338 5593 (65)
2365 5520 2810 5593 -Ἐξετᾶσωμεν,
2843 5523 2934 5577 Sic
2961 5520 3093 5593 Reg.
3123 5533 3177 5578 et
3203 5520 3375 5593 prima
3401 5520 3564 5582 manu
3589 5528 3735 5588 Harl.

2156 5590 2296 5648 Editi
2320 5590 2687 5664 ἐξετάσομεν.
2708 5593 2912 5655 ibidem
2947 5590 3079 5649 editi
3106 5590 3546 5663 ἀναπτύσσοντες
3576 5600 3730 5664 αὑτά..

2156 5664 2273 5719 Duo
2299 5672 2508 5720 vctcrcs
2540 5662 2664 5719 libri
2707 5671 2766 5717 ut
2795 5665 2858 5727 iu,
2887 5670 3059 5720 textu.
