3888 6214
77 343 195 401 ⁸353

1084 353 1585 414 EPISTOLABUM‘
1617 356 1905 415 οικδδιδ
1943 358 1981 412 1.
2024 356 2249 416 ΕΡΙδΤ.
2292 357 2431 414 VIII.

3261 362 3370 421 156

82 465 234 518 κατὰ
286 465 348 519 τὸ
407 465 636 523 δυνατὸν
685 471 818 542 ἡμῖν
867 471 1308 540 ἀναπτύσσοντες
1362 477 1543 532 αὐτῶν
1582 478 1689 548 τὴν

1793 493 1888 547 pro
1925 478 2137 535 viribus
2180 478 2540 549 explicantes.
2576 476 2655 532 Ac
2686 477 2924 548 primum
2978 479 3136 535 nobis
3163 494 3360 551 propo-

78 554 351 610 διάνοιαν.
384 558 495 610 Καὶ
526 558 740 629 πρῶτον
761 562 893 631 ἡμῖν
929 563 1269 634 πρπιθέσθω
1285 566 1367 631 τὸ,
1405 566 1548 637 Ἐγὼ
1611 567 1685 628 ζῶ

81 645 189 701 διὰ
215 646 328 700 τὸν
352 647 606 717 Πατέρα.
641 651 812 704 Τοῦτο
839 652 950 723 γάρ
980 655 1129 709 ἐστιν
1156 654 1214 709 ἓν
1243 656 1354 710 τῶν
1378 656 1550 726 βελῶν
1574 657 1684 711 τῶν

80 741 172 803 εἰς
195 740 426 812 οὐρανὸν
460 743 833 813 πεμπομένων
879 744 986 798 ὑπὸ
1019 746 1130 801 τῶν
1157 748 1372 811 ἀσεϐῶς
1400 748 1510 820 (66)
1536 748 1685 819 αὑτῷ

83 835 472 904 κεχρημένων.
545 836 810 891 Ἐνταῦθα
848 838 906 891 δὲ
938 838 1001 892 τὸ
1028 838 1188 910 ῥητὸν
1224 842 1286 895 οὑ
1318 843 1417 913 τὴν
1448 841 1686 914 προαιώ-

79 939 224 985 νιον,
250 923 327 986 ὡς
356 920 533 995 οἶμαι,
562 925 707 997 ζωὴν
733 927 990 997 ὀνομάζει
1037 930 1165 999 (πᾶν
1191 930 1300 1000 γὰρ
1357 932 1419 985 τὸ
1455 933 1521 986 δι’
1567 933 1687 986 ἓτε-

83 1031 185 1084 ρον
214 1014 326 1080 ζῶν
377 1017 628 1089 αὑτοζωὴ
671 1013 807 1071 εἶναι
861 1021 923 1072 οὐ
955 1020 1198 1087 δύναται,
1233 1022 1311 1085 ὡς
1330 1023 1453 1076 οὐδὲ
1499 1024 1562 1076 τὸ
1591 1026 1682 1093 ὑφ’

82 1105 283 1176 ἑτέρου
315 1106 622 1177 θερμανθὲν
665 1109 1069 1181 αὐτοθερμότης
1109 1107 1247 1166 εἶναι
1268 1130 1281 1144 ο
1307 1115 1336 1167 6
1363 1114 1419 1166 δὲ
1449 1116 1685 1186 Χριστὸς

82 1198 185 1250 καὶ
219 1198 354 1262 Θεὸς
416 1200 576 1270 ἡμῶν
627 1201 886 1273 εἴρηκεν
952 1203 1096 1275 Ἐγώ
1138 1209 1253 1274 εἰμι
1277 1205 1318 1275 ἡ
1361 1204 1519 1277 ζωὴ),
1546 1206 1684 1261 ἀλλὰ

85 1286 240 1357 ζωὴν
294 1289 501 1359 ταύτην
522 1291 626 1362 τὴν
665 1293 725 1345 ὲν
756 1294 940 1364 σαρκὶ,
984 1294 1077 1347 καὶ
1112 1294 1267 1366 ἐντῷ
1300 1296 1478 1367 χρόνῳ
1507 1296 1683 1367 τούτῳ

84 1382 496 1453 γεγενημένην,
557 1383 625 1453 ἠν
660 1382 821 1453 ἔζησε
872 1384 962 1438 διὰ
1004 1387 1097 1440 τὸν
1142 1387 1383 1458 Πατέρα.
1422 1388 1682 1460 Βουλήσει

85 1470 201 1540 γὰρ
235 1471 404 1525 αὐτοῦ
439 1471 807 1544 ἐπιδεδήμηκε
834 1473 912 1545 τῷ
949 1474 1049 1547 βίῳ
1077 1475 1186 1530 τῶν
1223 1476 1526 1547 ἀνθρώπων
1550 1492 1564 1506 °
1589 1479 1683 1532 καὶ

81 1563 192 1614 οὐκ
220 1556 400 1625 εἶπεν,
440 1561 583 1631 Ἐγὼ
626 1562 796 1633 ἔζησα
831 1564 921 1618 διὰ
949 1565 1042 1619 τὸν
1072 1567 1294 1639 Πατέρα
1314 1583 1327 1596 ·
1353 1566 1492 1627 ἀλλ’.
1534 1567 1683 1638 Ἐγὼ

81 1650 163 1714 ᾇῦ
193 1654 296 1708 διὰ
325 1654 437 1709 τὸν
477 1655 733 1724 Πατέρα,
769 1659 959 1728 σαφῶς
985 1661 1079 1714 τὸν
1106 1660 1347 1731 παρόντα
1371 1660 1684 1732 προσημαί·

80 1761 197 1798 νων
220 1745 437 1816 χρόνον.
468 1745 704 1800 Δύναται
723 1747 780 1802 δὲ
801 1749 894 1804 καὶ
924 1749 1069 1821 ζωὴν
1082 1750 1281 1819 λέγειν,
1306 1751 1372 1822 ἣν
1393 1750 1459 1823 ζῇ
1492 1753 1521 1804 6
1548 1753 1682 1823 Χρι-

86 1836 240 1900 στὸς,
272 1838 366 1890 τὸν
407 1839 581 1909 Λόγον
611 1840 706 1894 τοῦ
752 1840 887 1894 Θεοῦ
939 1819 1078 1913 ἔχων
1128 1843 1188 1897 ἐν
1230 1819 1572 1915 subripi-Kal.
1601 1819 1685 1900 δτι
1715 1819 1759 1873 Β

84 1928 252 1982 τοῦτό
281 1931 401 1983 ἐστι
427 1931 489 1984 τὸ
524 1932 876 2004 δηλούμενον,
910 1936 976 1988 ἐκ
1006 1934 1101 1989 τοῦ
1121 1935 1518 2007 ἐπιφερομένου
1543 1937 1686 1990 εἰσό-

92 2020 261 2090 μεθα.
285 2023 398 2076 Καὶ
461 2025 497 2077 ὁ
554 2025 794 2095 τρώγων
823 2042 920 2096 με,
971 2027 1126 2099 φησὶ,
1172 2025 1411 2094 ζήσεται
1443 2027 1517 2080 δι’
1557 2026 1683 2097 ἐμέ.

89 2111 399 2183 Τρὼγομεν
430 2113 541 2186 γὰρ
561 2115 729 2170 αὐτοῦ
760 2117 859 2190 τὴν
900 2119 1101 2191 σάρκα,
1131 2121 1227 2173 καὶ
1262 2121 1490 2192 πίνομεν
1519 2120 1685 2176 αὑτοῦ

87 2203 157 2255 τὸ
188 2197 354 2273 αἷμα,
389 2207 636 2259 κοινωνοὶ
659 2207 931 2279 γινόμενοι
970 2209 1059 2263 διὰ
1088 2211 1187 2281 τῆς
1220 2211 1687 2283 ὲνανθρωπήσεως

89 2296 191 2348 καὶ
231 2296 336 2367 τῆς
383 2297 648 2368 αἰσθητῆς
678 2299 826 2370 ζωῆς
862 2299 956 2354 τοῦ
1005 2301 1180 2369 Λόγου
1222 2301 1445 2372 καὶτῆς
1468 2301 1682 2371 σοφίας.

88 2386 283 2458 Σάρκα
303 2385 413 2458 γὰρ
454 2392 549 2442 καὶ
574 2385 713 2459 αἷμα
748 2392 927 2447 πᾶσαν
945 2391 1110 2445 αὐτοῦ
1140 2393 1239 2464 τὴν
1277 2392 1546 2465 μυστικὴν
1574 2396 1690 2448 ὲπι-

86 2479 300 2551 δημίαν
325 2479 600 2551 ὠνόμασε,
628 2484 725 2536 καὶ
754 2483 851 2555 τὴν
884 2486 948 2536 ἐκ
977 2486 1290 2556 πρακτικῆς
1328 2485 1423 2538 καὶ
1447 2485 1686 2556 φυσικῆς

90 2572 194 2624 καὶ
214 2572 532 2642 θεολογικῆς
560 2574 901 2629 συνεστῶσαν
940 2575 1287 2631 διδασκαλίαν
1327 2577 1584 2648 ἐδήλωσε,
1616 2577 1684 2630 δι’

88 2658 164 2733 ἧς
206 2662 473 2734 τρέφεται
519 2664 689 2735 ψυχὴ,
744 2667 841 2719 καὶ
895 2666 1030 2737 πρὸς
1075 2665 1175 2737 τὴν
1203 2665 1314 2719 τῶν
1349 2665 1519 2719 ὄντων
1544 2664 1686 2729 τέως

92 2752 336 2825 θεωρίαν
369 2754 870 2824 παρασκευάζεται.
901 2757 1013 2811 Καὶ
1058 2756 1218 2811 τοῦτό
1241 2759 1360 2810 ὲστι
1383 2756 1445 2811 τὸ
1495 2758 1561 2809 ἐκ
1586 2754 1687 2810 τοῦ

95 2843 268 2915 ῥητοῦ
302 2844 432 2908 ἴσως
452 2844 804 2916 δηλούμενον.

164 2936 219 2991 ε.
248 2936 364 2990 Καὶ
393 2938 554 2990 πάλιν
574 2954 588 2967 ·
648 2937 711 2992 '0
742 2938 946 3008 Πατήρ
980 2958 1101 3008 μου
1127 2940 1343 3010 μείζων
1357 2960 1478 3012 μου
1524 2943 1681 2998 ἐστι.

91 3028 383 3099 Κέχρηται
409 3027 520 3099 (67)
548 3028 659 3102 γὰρ
687 3030 780 3082 καὶ
809 3031 984 3101 τούτῳ
1011 3031 1091 3102 τῷ
1120 3032 1271 3105 ρητῷ
1308 3034 1380 3088 τὰ
1412 3034 1686 3106 ἀχάριστα

93 3123 396 3192 κτίσματα,
420 3121 490 3174 τὰ
534 3121 630 3175 τοῦ
668 3121 908 3194 πονηροῦ
957 3125 1297 3196 γεννήματα.
1343 3124 1485 3194 Ἐγὼ
1507 3125 1564 3179 δὲ
1590 3127 1684 3179 καὶ

92 3213 159 3266 ὲκ
219 3213 432 3283 ταύτης
490 3212 595 3282 τῆς
624 3213 808 3284 φωνῆς
839 3214 899 3266 τὸ
919 3214 1205 3284 ὁμοούσιον
1244 3212 1385 3270 εἶναι
1423 3217 1514 3271 τὸν
1556 3216 1684 3271 Υίὸν

93 3304 170 3373 τῷ
197 3303 383 3375 Πατρὶ
409 3302 699 3375 δηλοῦσθαι
751 3306 1110 3359 πεπίστευκα.
1141 3305 1252 3369 Τὰς
1299 3307 1409 3375 γὰρ
1456 3300 1684 3377 συγκρί-

96 3411 211 3460 σεις
238 3391 361 3448 οἶδα
392 3396 600 3468 κυρίως
632 3397 727 3450 ἐπὶ
753 3397 860 3450 τῶν
900 3398 999 3468 τῆς
1027 3398 1197 3468 αὐτῆς
1228 3397 1443 3467 φύσεως
1462 3400 1687 3471 γινομέ-

94 3502 212 3549 νας.
248 3485 520 3553 Ἄγγελον
564 3484 675 3557 γὰρ
727 3486 961 3554 ἀγγέλου
1018 3486 1251 3557 λέγομεν
1303 3486 1548 3557 μείζονα,
1592 3490 1690 3541 καὶ

93 3578 390 3649 ἄνθρωπον
416 3575 707 3648 ἀνθρώπου
735 3577 1093 3649 δικαιότερον,
1124 3578 1220 3631 καὶ
1249 3578 1452 3647 πτηνὸν
1480 3576 1686 3647 πτηνοῦ

90 3668 420 3740 ταχύτερον.
458 3668 718 3721 Είτοίνυν
743 3670 797 3722 αἱ
829 3669 1146 3739 συγκρίσεις
1177 3668 1396 3724 ἐπὶτῶν
1428 3668 1689 3740 ὁμοειδῶν

92 3763 342 3830 γίνονται
364 3802 379 3825 ,
409 3760 611 3831 μείζων
633 3760 692 3814 δὲ
724 3761 862 3814 κατὰ
886 3760 1173 3831 σύγκρισιν
1219 3759 1434 3832 εἴρηται
1451 3763 1478 3814 ὁ
1497 3758 1690 3831 Πατὴρ

94 3856 190 3910 τοῦ
224 3854 361 3909 Υἱοῦ
383 3872 397 3885 ·
439 3854 725 3925 δμοούσιος
778 3852 856 3925 τῷ
893 3854 1071 3924 Πατρὶ
1104 3854 1134 3906 6
1162 3851 1311 3915 Υἱός.
1348 3853 1504 3905 Ἔστι
1528 3851 1585 3905 δέ
1606 3869 1690 3916 τις

94 3948 193 4003 καὶ
223 3948 363 4018 ἄλλη
386 3946 996 4015 ἔννοια-ὲναποκειμένη
1029 3943 1108 4015 τῷ
1137 3942 1306 4015 ῥητῷ.
1344 3943 1409 3996 Τί
1428 3943 1536 4016 γὰρ
1563 3943 1692 3998 θαυ-

101 4040 333 4110 μαστὸν,
372 4039 425 4091 εί
460 4038 686 4107 μείζονα
720 4036 913 4090 ἑαυτοῦ
970 4036 1062 4105 τὸν
1096 4036 1318 4108 Πατέρα
1346 4035 1691 4107 ὡμολόγησε,

99 4132 279 4199 Λόγος
307 4128 388 4183 ὢν
420 4129 515 4185 καὶ
560 4128 700 4201 σὰρξ
746 4127 1007 4197 γεγονὼς,
1041 4129 1245 4182 ὁπόταν
1297 4129 1392 4182 καὶ
1444 4128 1692 4197 ἀγγέλων

101 4220 260 4291 ὤφθη
297 4218 444 4275 κατά
494 4219 595 4292 τὴν
626 4218 788 4284 δόξαν
817 4218 1077 4282 ἐλάττων,
1100 4219 1196 4271 καὶ
1222 4216 1527 4289 ἀνθρώπων
1552 4217 1696 4272 κατὰ

98 4313 162 4366 τὸ
190 4307 365 4377 5:50;;
406 4308 784 4375 Ἠλὰττωσας
810 4307 921 4376 τὰρ
957 4307 1169 4371 αὐτὸν,
1212 4308 1366 4378 φησὶ,
1396 4308 1599 4378 ,βραχύ
1637 4325 1695 4362 τι

100 4404 239 4473 παρ’
269 4401 569 4473 ἀγγέλους
586 4419 600 4432 ·
636 4402 731 4455 κο.)¹
759 4400 950 4455 πάλιν*
995 4400 1109 4454 Τὸν
1150 4399 1219 4454 δὲ
1243 4400 1449 4469 βραχύ
1471 4418 1527 4454 τι
1555 4400 1693 4470 παρ’

1712 3166 1754 3223 C

1766 578 1948 625 ~natur
1976 570 2111 625 illud
2142 591 2155 626 :
2194 571 2302 642 Ego
2335 571 2445 625 vivo
2483 581 2697 640 propter
2729 568 2946 624 Patrem
2973 571 3038 624 ⁵⁸.
3075 569 3188 625 Hoc
3220 572 3366 626 enim

1787 679 1954 718 unum
1991 672 2176 719 estex
2203 663 2429 734 jaculis,
2477 677 2600 732 qure
2641 660 2696 715 in
2745 661 2943 715 cmlum
2984 661 3271 715 vibrantur
3299 662 3368 719 ab

1786 754 1892 817 his,
1928 755 2021 825 qui
2054 770 2125 810 eo
2154 755 2319 825 impie
2352 761 2603 808 utuntur.
2640 753 2778 807 ιιιυά
2809 760 2991 807 autem
3024 752 3233 807 dictum
3264 753 3368 811 hoc

1784 845 1907 899 loco
1932 860 2040 899 non
2077 845 2251 916 ipsam
2282 853 2409 899 ante
2434 844 2632 900 saecula
2657 883 2671 909 ,
2708 852 2766 898 ut
2790 844 3050 908 arbitror,
3083 844 3253 898 vitam
3273 844 3370 900 de-

1785 937 1966 1006 signat
1996 935 2286 1007 (quidquid
2327 937 2471 992 enim
2519 943 2743 1006 propter
2788 935 3019 989 alterum
3056 935 3209 998 vivit,
3249 934 3367 989 vita

1786 1031 1903 1099 ipsa
1941 1044 2065 1084 esse
2112 1030 2334 1100 nequit;
2379 1027 2840 1098 quemadmodum
2891 1043 3069 1096 neque
3110 1027 3258 1098 quod
3297 1028 3369 1082 ab

1784 1118 1893 1171 alio
1934 1118 2261 1172 calefactum
2307 1125 2410 1183 est,
2447 1117 2599 1171 calor
2624 1116 2741 1186 ipse
2788 1131 2911 1171 esse
2955 1126 3179 1186 potest:
3214 1116 3372 1171 Chri-

1783 1217 1904 1265 stus
1936 1217 2118 1264 autem
2157 1217 2212 1263 et
2253 1209 2396 1264 Deus
2434 1216 2626 1264 noster
2653 1208 2793 1263 dixit
2821 1225 2835 1262 :
2867 1206 2977 1278 Ego
2998 1225 3116 1262 sum
3143 1210 3252 1263 vita
3271 1206 3365 1279 ⁸³),

1783 1301 1881 1357 sed
1920 1302 2093 1356 vitam
2138 1302 2281 1356 hanc
2315 1302 2369 1355 in
2412 1316 2603 1367 carne,
2655 1308 2710 1356 et
2752 1301 2806 1354 in
2857 1301 2963 1354 hoc
3009 1307 3255 1370 tempore
3284 1298 3368 1353 fa-

1782 1399 1949 1455 ctam,
1976 1407 2141 1462 quam
2166 1400 2392 1463 prapter
2413 1392 2631 1447 Patrem
2653 1392 2806 1446 vixit.
2838 1390 2972 1444 Nam
2999 1391 3119 1461 ipso
3149 1391 3369 1446 volente

1780 1484 1837 1538 in
1870 1484 2039 1538 vitam
2067 1484 2356 1538 hominum
2399 1483 2623 1539 advenit
2653 1501 2667 1537 :
2698 1498 2877 1552 neque
2897 1482 3059 1548 dixit,
3107 1480 3224 1551 Ego
3253 1480 3366 1536 vixi

1780 1584 2007 1646 propter
2051 1575 2305 1643 Patrem;
2360 1576 2490 1640 sed,
2534 1574 2644 1646 Ego
2696 1575 2807 1630 vivo
2847 1584 3063 1645 propter
3106 1573 3363 1638 Patrem,

1782 1676 1967 1735 aperte
2006 1681 2248 1736 prasens
2304 1672 2523 1736 tempus
2563 1665 2900 1735 signiﬁcans.
2943 1663 3130 1719 Potest
3182 1668 3365 1716 autem

1784 1764 1839 1811 et
1873 1756 2042 1811 vitam
2067 1757 2273 1824 dicere,
2303 1772 2469 1828 quam
2505 1756 2641 1811 vivit
2687 1754 2966 1820 Christus,
3002 1753 3242 1809 Verbum
3267 1750 3366 1808 Dei

1788 1848 1999 1903 habens
2039 1848 2097 1903 in
2130 1848 2337 1919 seipso.
2387 1849 2568 1917 Atque
2600 1846 2654 1901 id
2695 1847 2874 1916 ipsum
2918 1861 3065 1914 esse,
3094 1844 3242 1916 quod
3290 1843 3370 1900 si-

1786 1938 2100 2011 gniﬁcatur,
2154 1955 2220 1994 ex
2270 1939 2356 1996 his
2392 1954 2516 2008 qua:
2557 1945 2866 2008 sequuntur
2915 1937 3242 1992 videbimus.
3297 1931 3371 1988 Et

1786 2027 2332 2099 quiu'manducat
2383 2043 2487 2094 me,
2534 2027 2737 2097 inquit,
2780 2028 2901 2082 vivit
2945 2035 3159 2097 propter
3196 2041 3277 2079 me
3295 2024 3365 2080 “.

1786 2117 2016 2176 Edimus
2060 2121 2208 2175 enim
2262 2120 2439 2190 ipsius
2487 2134 2733 2183 carnem,
2787 2129 2841 2175 et
2896 2119 3139 2174 bibimus
3192 2116 3369 2188 ipsius

1789 2212 2133 2282 sanguinem,
2184 2211 2478 2282 participes
2511 2209 2663 2279 facti,
2702 2226 2800 2282 per
2828 2200 3263 2265 incarnationem
3311 2211 3373 2265 et

1789 2303 2110 2360 sensibilem
2140 2304 2332 2368 vitam,
2361 2302 2528 2359 Verbi
2556 2314 2609 2358 et
2633 2302 2937 2373 sapientiae.
2960 2300 3194 2357 Carnem
3215 2298 3368 2354 enim

1787 2400 1843 2448 et
1871 2394 2192 2463 sanguinem
2216 2400 2387 2447 totam
2417 2408 2575 2448 suam
2620 2392 2908 2465 mysticam
2937 2390 2992 2444 in
3025 2404 3193 2443 carne
3232 2401 3368 2441 con-
3484 2430 3489 2436 .

1787 2485 2155 2539 versationem
2198 2482 2436 2545 vocavit,
2485 2489 2541 2536 et
2570 2481 2876 2536 doctrinam
2925 2494 2995 2534 ex
3028 2477 3273 2549 practica
3311 2483 3369 2531 et

1788 2575 2026 2630 naturali
2061 2584 2118 2630 et
2148 2575 2456 2645 theologica
2492 2574 2714 2629 notione
2739 2580 3082 2627 constantem
3119 2568 3371 2624 declara-

1787 2667 1866 2722 vit
1892 2684 1907 2721 :
1939 2682 2038 2738 per
2060 2682 2225 2737 quam
2260 2673 2314 2721 et
2340 2666 2584 2720 nutritur
2612 2665 2817 2729 anima,
2848 2671 2902 2718 et
2936 2662 3004 2716 ad
3035 2677 3225 2717 eorum
3247 2672 3372 2731 qua

1788 2768 1919 2815 sunt
1952 2758 2473 2830 contemplationem
2506 2757 2724 2813 interim
2761 2762 3120 2827 praeparatur.
3156 2752 3221 2807 Et
3253 2753 3372 2809 hac

1787 2859 1875 2908 est
1897 2850 2133 2908 fortasse
2161 2849 2310 2906 illius
2339 2849 2470 2904 dicti
2502 2849 2796 2905 sententia.

1857 2944 1912 2999 5.
1956 2942 2036 2998 Ac
2068 2957 2286 3004 rursus,
2320 2939 2486 2994 Pater
2515 2955 2661 2995 meus
2685 2939 2858 3009 major
2895 2953 2976 2991 me
3001 2946 3081 2991 est
3105 2935 3173 2988 ".
3204 2933 3377 2990 Utun-
3418 2989 3428 2997 ,

1789 3041 1880 3091 tur
1911 3035 2059 3089 enim
2095 3042 2148 3088 et
2185 3034 2290 3088 hoc
2327 3032 2479 3088 dicto
2507 3033 2735 3102 ingrata:
2766 3039 3054 3093 creaturae,
3081 3027 3210 3081 mali
3242 3041 3372 3098 pro-

1789 3124 1999 3195 genies.
2032 3123 2151 3194 Ego
2176 3137 2306 3178 vero
2335 3138 2401 3178 ex
2426 3122 2531 3177 hac
2553 3123 2717 3178 etiam
2754 3137 2887 3176 voce
2911 3118 3368 3175 consubstantia-

1788 3216 1895 3271 lem
1929 3229 2053 3270 esse
2094 3213 2293 3269 Filium
2335 3211 2486 3266 Patri
2517 3213 2684 3269 credo
2717 3212 3105 3269 demonstrari.
3140 3208 3378 3280 Compa-

1787 3309 2032 3365 rationes
2073 3307 2220 3363 enim
2268 3307 2387 3363 scio
2424 3306 2651 3377 proprie
2678 3305 2821 3362 inter
2857 3321 2921 3361 ea
2966 3320 3088 3375 quae
3126 3302 3375 3372 ejusdem

1787 3406 2002 3455 natura:
2044 3408 2171 3453 sunt
2204 3395 2346 3452 ﬁeri.
2383 3397 2655 3469 Angelum
2707 3410 2946 3464 namque
2994 3394 3190 3463 angelo
3235 3392 3378 3447 dici-

1789 3508 1915 3548 mus
1959 3489 2251 3560 majorem,
2300 3497 2356 3545 et
2387 3488 2667 3544 hominem
2704 3487 2928 3543 homine
2969 3486 3284 3556 justiorem,
3320 3487 3379 3538 et

1793 3583 2068 3639 volucrem
2095 3579 2310 3636 volucri
2339 3580 2688 3635 velociorem.
2719 3577 2907 3647 Itaque
2931 3578 2978 3631 si
3003 3573 3377 3645 comparatio-

1790 3690 1891 3731 nes
1931 3675 2076 3729 inter
2106 3687 2171 3727 ea
2214 3686 2336 3742 qua:
2371 3671 2619 3742 ejusdem
2651 3671 2855 3740 speciei
2887 3677 3051 3745 sunt,
3079 3667 3379 3721 instituun-

1794 3777 1919 3829 tur;
1956 3764 2119 3819 Pater
2146 3770 2328 3816 autem
2353 3761 2659 3817 secundum
2689 3757 3161 3829 comparationem
3196 3756 3381 3811 dictus

1793 3868 1878 3914 est
1909 3856 2049 3912 Filio
2073 3855 2282 3926 major;
2311 3850 2808 3909 consubstantialis
2834 3848 2986 3903 Patri
3008 3846 3201 3901 Filius.
3228 3844 3378 3901 lnest

1793 3958 1977 4007 autem
2012 3957 2068 4005 et
2099 3950 2209 4003 alia
2236 3948 2390 4002 notio
2420 3946 2506 4002 bis
2544 3944 2748 3999 verbis.
2795 3942 2937 4008 Quid
2970 3941 3115 3996 enim
3151 3939 3381 4007 mirum,

1794 4043 1845 4099 si
1893 4041 2157 4111 majorem
2189 4040 2373 4111 seipso
2399 4036 2619 4092 Patrem
2650 4032 2944 4089 confessus
2981 4040 3087 4096 est,
3121 4031 3214 4100 qui
3242 4028 3382 4086 Vero

1793 4133 1924 4189 bum
1947 4139 2033 4188 est
2052 4138 2108 4186 et
2135 4145 2267 4186 caro
2298 4128 2478 4184 factus
2500 4126 2667 4183 est"‘
2698 4144 2712 4181 :
2743 4140 2866 4179 cum
2902 4131 2959 4179 et
2991 4122 3199 4194 angelis
3227 4121 3380 4177 visus

1795 4227 1870 4282 sit
1905 4224 2208 4281 secundum
2255 4222 2488 4292 gloriam
2520 4218 2726 4283 minor,
2757 4224 2812 4273 et
2837 4214 3155 4270 hominibus
3181 4227 3382 4268 secun-

1795 4317 1926 4373 dum
1956 4315 2232 4386 speciem?
2261 4311 2509 4367 Minuisti
2527 4312 2672 4366 enim
2700 4326 2840 4371 eum,
2867 4306 3067 4376 inquit,
3090 4303 3252 4375 paulo
3279 4303 3381 4358 mi-

1796 4425 1897 4462 nus
1937 4407 2001 4462 ab
2033 4407 2232 4478 angelis
2249 4406 2332 4472 ⁸⁶;
2365 4414 2419 4459 et
2475 4404 2676 4458 iterum
2708 4420 2721 4458 :
2753 4401 2889 4456 Eum
2925 4408 3100 4454 autem
3135 4398 3226 4466 qui
3263 4413 3379 4451 mo-

98 4494 404 4566 ἀγγέλους
442 4492 864 4563 ἠλαττωμένον
887 4510 902 4523 ο
949 4493 1044 4547 καὶ
1073 4492 1155 4557 τὸ,
1182 4491 1441 4561 Εῑδομεν
1483 4492 1689 4561 αὐτὸν,

1802 4499 1921 4554 dico
1969 4515 2129 4569 quam
2174 4496 2347 4567 angeli
2389 4495 2686 4549 minaratus
2731 4493 2897 4561 est";
2943 4492 3095 4552 item,
3138 4489 3380 4565 Vidimus

101 4588 203 4642 καὶ
234 4589 349 4641 οὐκ
374 4582 539 4655 εἶχεν
553 4582 734 4651 εἶδος,
766 4583 909 4640 οὐδὲ
932 4584 1162 4651 κάλλος
1182 4601 1196 4616 ’
1246 4584 1410 4640 ἀλλὰ
1442 4585 1510 4639 τὸ
1532 4581 1693 4653 εἶδος

102 4679 294 4734 αὐτοῦ
342 4678 633 4733 ἐκλεῖπον
686 4676 845 4746 παρὰ
886 4677 1119 4743 πάντας
1151 4676 1295 4744 τοὺς
1318 4677 1691 4746 ἀνθρώπους.

103 4771 329 4825 Τούτων
360 4769 420 4823 δὲ
481 4769 699 4824 πάντων
740 4768 1004 4841 ἠνέσχετο
1036 4768 1125 4823 διὰ
1153 4768 1254 4839 τὴν
1299 4769 1499 4842 πολλὴν
1526 4770 1694 4826 αὐτοῦ

103 4864 238 4934 περὶ
270 4860 333 4913 τὺ
354 4860 580 4931 πλάσμα
610 4858 1043 4930 φιλανθρωπίαν,
1070 4858 1156 4913 ἴνα
1178 4860 1239 4912 τὸ
1265 4859 1543 4924 ἀπολωλὸς
1564 4861 1698 4931 πρό-

105 4953 270 5007 ϐατον
284 4950 630 5021 ἀνασὼσηται
650 4949 784 5019 (68),
800 4950 895 5004 καὶ
914 4950 975 5004 τὸ
1000 4949 1170 5004 σωθὲν
1182 4968 1320 5004 κατα
1328 4950 1478 5024 μίξῃ,
1492 4952 1587 5006 καὶ
1603 4951 1697 5005 τὸν

104 5043 441 5098 κατελθόντα
503 5041 611 5095 ἀπὸ
650 5040 1003 5112 Ἰερουσαλὴμ
1060 5043 1141 5107 είς
1207 5041 1440 5113 ’ῐεριχὼ,
1476 5044 1570 5096 καὶ
1607 5042 1702 5098 διὰ

104 5136 268 5189 τοῦτο
293 5133 667 5205 περιπεσόντα
679 5132 927 5204 λῃσταῖς,
944 5134 1026 5197 είς
1043 5135 1142 5204 τὴν
1153 5134 1361 5188 οἰκείαν
1382 5135 1697 5205 ὑγιαίνοντα

106 5228 274 5282 πάλιν
301 5226 630 5298 ὲπαναγάγη
674 5224 926 5297 πατρίδα.
950 5227 1022 5279 Ἦ
1063 5226 1157 5280 καὶ
1182 5228 1282 5298 τὴν
1311 5227 1519 5299 φάτνην
1546 5225 1697 5299 αὐτῷ

176 5385 225 5415 ⁸⁸
250 5380 415 5437 Joan.
443 5398 518 5446 VI,
545 5382 634 5438 58.
710 5382 758 5452 Ϋ³
789 5381 948 5439 Joan.
974 5397 1052 5445 xl,
1081 5382 1175 5439 25.
1247 5383 1294 5415 ”
1328 5381 1486 5439 Joan.
1524 5399 1606 5452 vr,
1636 5383 1727 5441 58.

108 5453 152 5485 ⁸⁷
193 5452 364 5509 Hebr.
397 5469 460 5517 ιι,
494 5455 548 5508 9.
628 5453 674 5485 ⁵⁸
701 5451 806 5509 Isa.
829 5468 947 5518 un,
975 5453 1032 5517 2,
1060 5454 1112 5507 5.

182 5568 301 5639 (66)
349 5565 630 5634 Ἀσεϐὧς.
685 5566 774 5622 Sic
829 5582 963 5622 mss.
1025 5566 1166 5639 Edili
1216 5565 1448 5639 ἀσεϐῶν.
1490 5565 1702 5639 llabent

117 5635 291 5694 iidem
335 5640 558 5694 codices
603 5639 666 5691 οὐ
716 5639 816 5709 τὴν
874 5637 1215 5709 προαιώνιον.
1242 5635 1412 5709 _Etliti
1452 5637 1564 5709 οὐκ
1614 5637 1703 5709 αό-

118 5712 243 5801 τήν.
258 5720 366 5767 etc.
400 5710 573 5766 Paulo
611 5716 733 5780 post
771 5706 931 5765 ’mss.
962 5724 1059 5779 pro
1099 5706 1349 5778 αὐτοζωή
1375 5707 1579 5763 habent
1606 5708 1703 5762 αὑ-

122 5796 305 5845 “trgum.

1797 4606 1941 4653 eum,
1984 4597 2034 4643 et
2076 4606 2181 4643 non
2216 4585 2441 4641 habebat
2484 4585 2728 4654 speciem.
2772 4598 2935 4653 neque
2972 4582 3211 4636 decorem
3242 4593 3260 4631 :
3290 4577 3381 4633 sed

1799 4682 1993 4747 species
2021 4680 2135 4751 ejus
2166 4679 2414 4749 deﬁciens
2442 4691 2554 4746 pra:
2577 4673 2819 4730 omnibus
2843 4671 3140 4727 hominibus
3158 4670 3226 4724 ⁸⁸.
3256 4667 3382 4723 Haec

1801 4781 1982 4829 autem
2025 4773 2210 4828 omnia
2265 4770 2530 4827 sustinuit
2570 4775 2796 4838 propter
2842 4765 3068 4819 multam
3119 4775 3273 4817 suam
3324 4759 3382 4814 in

1805 4878 1945 4934 opus
1974 4877 2133 4918 suum
2173 4861 2586 4931 benignitatem,
2630 4864 2690 4910 ut
2720 4854 2987 4925 perditam
3025 4865 3180 4905 ovem
3225 4863 3384 4903 recu-

1807 4963 2043 5024 peraret,
2078 4960 2133 5008 et
2162 4952 2538 5006 introduceret
2571 4957 2867 5009 servatam,
2914 4953 2971 5000 et
3008 4958 3156 5007 eum,
3188 4942 3283 5011 qui
3311 4941 3382 4996 ab

1802 5045 2161 5118 Jerosolymis
2189 5042 2515 5099 .Ierichunta
2561 5039 2948 5103 descenderat,
2992 5036 3063 5092 ob
3095 5036 3258 5105 idque
3299 5034 3384 5089 in-

1803 5135 2013 5191 ciderat
2061 5135 2115 5189 in
2160 5134 2426 5197 latrones,
2481 5132 2548 5186 a’d
2587 5129 2867 5201 propriam
2915 5142 3111 5181 rursus
3148 5125 3381 5195 patriam

1805 5243 2001 5285 sanum
2023 5227 2464 5296 incolumemque
2486 5224 2792 5280 reduceret.
2827 5220 2913 5275 An
2936 5221 3102 5275 etiam
3133 5232 3376 5289 praesepe

1806 5384 1852 5417 ⁸⁸
1886 5382 2046 5438 Joan.
2079 5396 2190 5446 xiv,
2216 5379 2307 5435 28.
2382 5379 2451 5411 ⁸⁸”
2479 5376 2641 5434 Joan.
2667 5393 2705 5444 ι,
2741 5375 2830 5431 14.
2908 5374 2954 5407 ⁵⁸
2980 5370 3129 5426 Psal.
3169 5384 3285 5432 vni,
3320 5365 3381 5426 6.

1880 5562 1994 5633 (67)
2033 5559 2349 5633 Κέχρηται.
2379 5558 2471 5612 Sic
2498 5556 2801 5633 mss.hlj3diti
2824 5557 3137 5633 κέχρηνται.

1884 5623 1995 5702 (68)
2023 5623 2589 5702 [Ανᾶσῶσητιιιηδιο
2633 5628 2757 5683 libri
2806 5623 3044 5702 veteres.
3086 5623 3389 5702 Editidvc‘p

1814 5694 1987 5775 σώσῃ.
2019 5699 2190 5775 Paulo
2217 5694 2342 5775 post
2360 5714 2425 5754 ex
2457 5697 2649 5775 iisdem
2682 5714 2819 5756 mss.
2851 5697 3134 5754 codicibus
3158 5694 3389 5765 legimus

1814 5768 2143 5844 ἅπαναγάγῃ
2176 5768 2274 5842 pro
2306 5768 2668 5841 ὲπεισαγάγῃ.
