3888 6214
499 308 609 366 255
1780 310 1837 364 S.
1880 309 2122 365 B‘ASlBll
2165 308 2401 364 MAGNP.
3665 307 3794 363 2'58

500 429 553 485 ei
580 428 937 499 exprobrabit
972 429 1303 493 haereticus,
1338 444 1436 499 per
1479 429 1625 501 quod
1669 445 1795 486 cum
1827 440 1975 488 esset
2009 448 2080 486 ra-

2193 431 2436 486 ὀνειδίσει
2469 428 2746 502 αἱρετικὸς
2770 468 2786 491 ,
2845 428 2910 483 δι’
2947 423 3015 501 ἦς
3046 426 3240 496 ἄλογος
3286 425 3362 479 ὢν
3395 426 3619 499 ἐτράφη
3668 425 3795 481 ὑπὸ

505 526 651 576 tione
676 520 999 584 destitutus,
1032 535 1061 574 a
1093 518 1274 575 Verbo
1302 521 1549 577 nutritus
1591 522 1714 577 est?
1755 538 1824 578 an
1858 523 2080 592 objiciet

2193 523 2282 576 τοῦ
2310 522 2482 591 Λόγου
2518 520 2669 594 (69);
2705 519 2800 574 καὶ
2822 519 2920 591 τὴν
2963 518 3153 573 πενίαν
3188 517 3447 590 προοίσει,
3480 518 3563 570 ὅτι
3600 519 3795 574 κλινι-

505 621 906 683 paupertatem,
948 612 1095 683 quod
1129 613 1366 670 lectulus
1398 612 1573 669 defuit
1602 611 1743 669 fabri
1774 615 1925 671 lilio?
1949 616 2085 670 Pro-

504 715 689 775 pterea
720 703 882 760 Patre
927 704 1108 759 minor
1139 703 1331 768 Filius,
1382 704 1529 774 quod
1566 711 1660 760 tua
1713 720 1883 761 causa
1910 706 2086 763 factus

501 807 590 852 est
622 808 891 861 mortuus,
943 805 1001 850 ut
1035 806 1086 851 te
1125 811 1156 850 a
1192 798 1529 851 mortalitate
1572 797 1851 858 liberaret,
1888 806 1945 854 et
1974 813 2088 853 cm-

503 889 660 944 lestis
690 889 1012 959 participem
1059 888 1183 943 vitae
1216 888 1438 945 faceret.
1470 889 1631 943 Velut
1659 890 1705 944 si
1735 890 1859 959 quis
1887 899 1941 944 et
1969 905 2086 945 me»

503 981 685 1035 dicunt
725 988 973 1044 accuset,
1007 981 1153 1051 quod
1185 980 1480 1037 demittens
1509 997 1568 1037 se
1600 982 1668 1036 ad
1693 982 1934 1047 morbos,
1963 997 2084 1052 par-

502 1075 678 1144 ticeps
708 1072 903 1129 fetoris
941 1073 1056 1137 flat,
1086 1081 1146 1127 ut
1176 1084 1331 1128 sanet
1356 1081 1723 1143 aegrotantes.

574 1263 627 1321 6.
667 1263 898 1336 Propter
926 1273 978 1318 te
1008 1271 1063 1319 et
1101 1263 1292 1319 horam
1324 1271 1379 1319 et
1415 1265 1559 1321 diem
1600 1265 1797 1335 jmlicii
1839 1266 2095 1336 ignorat,

505 1371 820 1428 quanquam
875 1355 1011 1409 nihil
1067 1356 1393 1426 sapientiam
1444 1371 1628 1412 veram
1674 1358 1850 1422 latet;
1899 1358 2087 1413 omnia

501 1448 647 1504 enim
666 1462 762 1519 per
785 1446 958 1515 ipsam
988 1445 1136 1500 facta
1164 1458 1292 1502 sunt
1311 1449 1379 1501 ⁸⁸.
1399 1446 1692 1503 Hominum
1717 1454 1896 1503 autem
1922 1463 2083 1502 nemo

458 1604 465 1607 _
504 1555 748 1611 unquam
779 1539 925 1610 quod
970 1540 1103 1595 fecit
1144 1541 1377 1610 ignorat.
1417 1540 1614 1601 Verum
1661 1541 1714 1596 id
1751 1543 1824 1596 ita
1860 1542 2082 1610 dispen-

505 1643 593 1688 sat
626 1635 696 1686 ob
728 1640 879 1685 tuam
927 1631 1305 1686 infirmitatem
1331 1671 1349 1697 ,
1384 1640 1444 1685 ut
1485 1647 1660 1701 neque
1689 1633 1725 1685 ii
1758 1632 1851 1701 qui
1890 1648 2083 1700 pecca-

504 1733 722 1785 verunt,
757 1722 828 1778 ob
861 1722 1112 1792 prmt‘miti
1146 1723 1410 1792 temporis
1435 1727 1749 1793 angustiam
1788 1725 1843 1776 in
1886 1725 2083 1791 despe-

2187 613 2300 668 δίου
2326 615 2426 667 οὐκ
2456 614 2768 685 ηὐπόρησεν
2823 615 2852 665 ό
2895 610 2988 665 τοῦ
3017 610 3266 675 τέκτονος
3296 610 3446 675 υίός;
3477 610 3576 664 Διά
3608 611 3790 664 τοῦτο

2188 705 2401 777 Πατρός
2430 704 2665 759 ἐλάττων
2688 706 2718 758 ὁ
2745 703 2890 767 Υἱὸς,
2915 703 2996 755 ὅτι
3026 702 3113 755 διὰ
3136 702 3195 754 σὲ
3217 701 3407 771 γέγονε
3431 702 3646 773 νεκρὸς,
3686 703 3787 755 ἵνα
3862 738 3863 757 1

2189 815 2250 852 σε
2300 798 2399 869 τῆς
2439 798 2763 868 νεκρότητος
2824 794 3128 868 ἀπαλλάξῃ,
3185 795 3281 849 καὶ
3339 793 3484 866 ζωῆς
3536 795 3787 866 μέτοχον

2186 888 2507 960 ἐπουρανίου
2557 888 2778 958 ποιήσῃ.
2818 886 3033 957 Ὠσπερ
3083 884 3170 949 ἂν,
3209 886 3262 938 εἴ
3298 902 3382 949 τις
3421 885 3517 939 καὶ
3552 885 3650 938 τὸν
3691 887 3786 938 ία-

2185 980 2313 1052 τρὸν
2347 980 2459 1049 (70)
2487 977 2727 1049 αἰτιῷτο,
2759 977 2842 1031 ὅτι
2878 976 3206 1045 συγκύπτων
3232 976 3324 1029 ἐπὶ
3354 976 3423 1030 τὰ
3455 976 3629 1046 πάθη,
3668 977 3781 1047 τῆς

2184 1069 2446 1133 δυσωδίας
2488 1068 2858 1139 συναπολαύῃ,
2889 1068 2977 1121 ἵνα
2999 1069 3128 1133 τοὺς
3151 1068 3486 1133 πεπονθότας
3513 1068 3654 1140 (71),
3691 1069 3785 1122 ici-

2188 1178 2369 1233 σηται.

2256 1272 2313 1327 6.
2345 1272 2445 1327 Διὰ
2476 1273 2536 1326 σὲ
2594 1274 2688 1327 καὶ
2727 1273 2825 1345 τὴν
2866 1271 3136 1350 ὤρανκαῗι
3158 1269 3254 1342 τὴν
3285 1268 3496 1342 ἡμέραν
3527 1269 3628 1341 τῆς
3648 1268 3782 1340 κρῖ-

2186 1381 2322 1430 σεως
2363 1366 2581 1434 ἀγνοεϊ’
2645 1365 2822 1419 καίτοι
2861 1363 3010 1416 οὐδὲν
3061 1362 3313 1421 λανθάνει
3352 1362 3450 1431 τὴν
3473 1359 3645 1423 ὅντως
3684 1377 3782 1411 σο-

2185 1455 2313 1525 φίαν
2331 1470 2347 1485 ⁸
2380 1454 2559 1508 πάντα
2576 1455 2683 1526 γὰρ
2703 1453 2769 1507 δι’
2796 1454 2967 1525 αὐτῆς
2993 1453 3227 1521 ἐγένετο.
3256 1451 3444 1514 Οὐδεὶς
3470 1449 3525 1502 δὲ
3561 1449 3780 1521 ἀνθρώ-

2185 1564 2301 1600 πων
2334 1544 2551 1599 πώποτε
2579 1545 2608 1598 ὃ
2652 1546 2950 1616 πεποίηκεν
2988 1545 3191 1612 ἀγνοεῖ.
3236 1543 3396 1596 Ἀλλὰ
3431 1544 3588 1595 τοῦτο
3622 1546 3780 1594 obto-

2184 1641 2340 1709 νομεί
2359 1639 2448 1692 διὰ
2473 1637 2572 1709 τὴν
2596 1638 2692 1709 σὴν
2731 1636 3033 1700 ἀσθένειαν,
3063 1637 3149 1689 ἵνα
3195 1637 3331 1707 μήτε
3363 1634 3441 1706 τῷ
3470 1635 3644 1707 στενῷ
3666 1635 3777 1704 τῆς

2186 1731 2525 1803 προθεσμίας
2569 1722 2620 1782 οἱ
2659 1730 3075 1801 ἀμαρτήσαντες
3095 1731 3161 1799 τῇ
3202 1726 3409 1799 ἀθυμίᾳ
3451 1729 3778 1781 καταπέσοι-

502 1815 773 1873 rationem
822 1813 1188 1878 adducantur,
1219 1814 1379 1883 quasi
1419 1830 1529 1868 non
1566 1814 1817 1868 relictum
1855 1815 1928 1869 sit
1962 1829 2080 1884 pw—

2193 1840 2289 1884 σιν,
2312 1822 2385 1885 ὼς
2401 1822 2497 1891 οὐχ
2524 1819 2981 1891 ὑπολελειμμένου
3002 1818 3195 1891 καιροῦ
3215 1818 3525 1888 μετανοίας*
3550 1819 3677 1891 μηδ’
3696 1816 3774 1872 αὖ

502 1909 745 1966 nitentia:
801 1916 1020 1978 tempus
1075 1927 1089 1963 :
1132 1923 1311 1978 neque
1363 1923 1559 1963 rursus
1590 1908 1649 1986 _ii
1689 1908 1785 1978 qui
1825 1907 1921 1962 diu
1954 1923 2091 1962 cum

503 1999 820 2055 adversaria
862 2006 1134 2068 potestate
1176 2006 1445 2071 pugnant,
1481 1999 1552 2052 ob
1574 1996 1840 2068 temporis
1868 1999 2084 2054 diutur-

504 2093 734 2148 nitatem
773 2094 945 2145 aciem
982 2091 1262 2146 deserant.
1309 2089 1499 2160 Itaque
1543 2092 1783 2145 consulit
1835 2093 2087 2160 utrisque

499 2183 613 2255 85
666 2198 762 2253 per
811 2183 1209 2252 ignorationem
1250 2199 1417 2252 quam
1467 2197 1579 2253 pra:
1622 2198 1682 2237 se
1719 2182 1870 2248 fert;
1924 2182 2080 2237 alteri

502 2272 722 2344 quidem
745 2273 816 2326 ob
840 2273 1162 2343 praeclarum
1192 2285 1468 2328 certamen
1493 2282 1708 2342 tempus
1727 2273 2079 2340 contrahens,

504 2364 665 2420 alteri
722 2379 852 2420 vero
909 2372 1133 2434 propter
1180 2373 1405 2435 pecrata
1464 2364 1799 2435 pmnitentize
1867 2373 2082 2434 tempus

502 2472 814 2514 reservans.
863 2456 1187 2527 Quanquam
1233 2473 1358 2511 cum
1404 2474 1463 2513 se
1500 2458 1617 2527 ipse
1667 2458 1724 2511 in
1772 2455 2081 2527 Evangeliis

501 2550 648 2604 inter
693 2564 788 2605 eos
829 2550 923 2620 qui
982 2549 1257 2620 ignorant,
1307 2550 1379 2602 ob
1432 2549 1766 2611 multorum,
1812 2548 1891 2601 uti
1933 2548 2077 2613 dixi,

501 2642 900 2704 infirmitatem,
935 2643 1243 2696 numeravit
1283 2641 1326 2673 ⁸⁸
1362 2658 1378 2707 ;
1423 2641 1480 2695 in
1508 2641 1663 2695 Actis
1701 2640 2079 2710 apostolorum

500 2736 652 2789 velut
700 2732 969 2803 perfectos
1013 2747 1263 2787 seorsum
1311 2732 1626 2801 alloquens,
1675 2747 1782 2785 non
1831 2733 1949 2786 sine
1994 2732 2082 2785 sui

503 2825 680 2892 ipsius
719 2825 1043 2893 exceptione
1101 2823 1236 2877 dicit
1287 2841 1301 2878 :
1349 2821 1474 2876 Non
1526 2833 1602 2876 est
1651 2832 1878 2876 vestrum
1928 2838 2081 2876 nosse

504 2926 737 2985 tempora
791 2917 871 2970 vel
920 2925 1204 2979 momenta,
1250 2931 1367 2986 qua:
1424 2914 1590 2969 Pater
1639 2915 1815 2982 posuit
1871 2916 1929 2967 in
1980 2930 2081 2968 sua

498 3016 758 3075 potestate
798 3007 865 3062 ⁶¹.
899 3008 1076 3077 Atque
1119 3007 1237 3061 haec
1261 3006 1481 3076 quidem
1524 3006 1700 3076 prima
1729 3008 2080 3077 aggressione

501 3099 648 3154 dicta
695 3099 806 3154 sint
850 3097 1062 3153 rudius.
1122 3096 1229 3153 Sed
1261 3098 1375 3168 jam
1421 3099 1748 3168 inquirenda
1788 3098 2079 3154 sublimior
2105 3139 2147 3196 α

501 3190 636 3246 dicti
673 3191 1056 3261 intelligentia,
1101 3199 1155 3245 et
1189 3190 1474 3261 pulsanda:
1520 3191 1667 3246 fores
1711 3192 1980 3253 scientiae,
2031 3192 2077 3246 si

498 3297 613 3353 quo
661 3283 823 3338 modo
881 3282 1090 3353 possim
1137 3281 1588 3351 patremfamilias
1644 3284 1919 3349 excitare,
1981 3285 2076 3355 qui

501 3374 820 3444 Spirituales
864 3388 1059 3445 panes.
1108 3372 1424 3443 petentibus
1475 3389 1534 3429 se
1590 3375 1864 3444 largitur;
1911 3388 2087 3444 quan-

501 3466 790 3536 doquidem
818 3466 977 3519 amici
1006 3473 1136 3520 sunt
1169 3473 1223 3521 et
1249 3464 1450 3520 fratres
1482 3481 1623 3536 quos
1651 3465 1907 3521 convivio
1935 3467 2086 3522 exci-

501 3574 632 3629 pere
656 3558 933 3626 cupimus.

573 3668 625 3722 7.
685 3666 875 3723 Sancti
922 3666 1180 3739 discipuli
1234 3666 1535 3725 Salvatoris
1588 3669 1794 3734 nostri,
1847 3684 1969 3723 cum
2012 3669 2080 3725 ad

509 3775 781 3816 summum
863 3760 1386 3829 contemplationis,
1444 3769 1713 3830 quantum
1765 3759 2081 3815 hominibus

507 3852 592 3908 fas
635 3859 741 3915 est,
791 3852 1193 3920 pervenissent,
1245 3860 1301 3906 et
1335 3850 1543 3908 Christi
1588 3867 1843 3907 sermone
1882 3866 2077 3921 expur‘

498 3944 611 4015 εειιί
675 3942 953 4006 fuissent,
1013 3944 1173 3998 tinem
1232 3951 1524 4013 qna'runt,
1586 3952 1641 3998 et
1690 3943 2079 3998 beatitudinem

498 4039 802 4087 extremam
856 4046 1023 4086 nosse
1070 4034 1423 4099 desiderant;
1473 4033 1525 4087 id
1587 4033 1731 4103 quod
1778 4039 1833 4086 et
1883 4047 1913 4085 ο
1965 4032 2081 4085 suis

501 4122 714 4191 angelis
753 4133 807 4176 et
840 4140 868 4176 a
900 4127 1084 4190 seipso
1109 4124 1350 4195 ignorari
1393 4124 1657 4179 Dominus
1686 4126 2075 4195 pronuntiavit,

500 4213 647 4266 diem
691 4215 971 4282 appellans
1003 4223 1315 4269 accuratam
1357 4231 1577 4270 omnem
1617 4232 1829 4282 eorum,
1865 4231 1986 4287 quae
2014 4214 2081 4270 de

502 4301 615 4359 Deo
645 4306 979 4374 cogitantur,
1032 4308 1576 4376 comprehensionem
1625 4328 1639 4363 :
1691 4309 1878 4362 horam
1923 4324 2076 4373 vero,

571 4484 618 4516 "
649 4480 809 4537 Joan.
834 4499 873 4547 ι,
901 4483 954 4536 5.
1032 4485 1078 4515 ⁶⁰
1107 4496 1274 4539 mare.
1309 4500 1429 4549 xm,
1462 4485 1551 4538 52.
1630 4485 1670 4515 ⁶¹
1699 4486 1817 4537 Act.
1847 4500 1886 4549 ι,
1919 4484 1971 4538 7.

575 4660 685 4732 (69)
720 4662 977 4731 Ἀλογος
1006 4660 1114 4732 ὢν,
1137 4661 1362 4731 ἐτράφη
1401 4661 1520 4732 ὑπὸ
1567 4661 1673 4716 τοῦ
1721 4664 1917 4732 Λόγου

501 4731 613 4788 duo
648 4748 780 4803 mss.
832 4733 1069 4787 codices.
1106 4731 1247 4803 Editi
1284 4733 1439 4795 ἄλλος
1483 4731 1559 4784 ὢν
1598 4731 1824 4803 ἐτράφη
1854 4733 1960 4786 ὑπὸ
1984 4733 2079 4785 τοῦ

499 4801 891 4874 Λόγουηιλθείι
935 4802 1296 4874 Οριιὼείίεὶυε
1331 4805 1358 4874 ό
1400 4803 1571 4874 Λόγος
1602 4801 1685 4874 ὢν
1728 4801 1937 4874 ἐτράφη
1979 4803 2084 4856 ὑπὸ

505 4870 848 4942 τοῦᾼάλόγου,
878 4888 939 4925 ac
966 4870 1192 4942 Regium
1220 4873 1463 4926 codicem
1491 4873 1572 4942 sic
1601 4870 1805 4927 habere
1830 4870 2079 4934 testatur,

509 4940 656 4995 unde
692 4940 966 4995 cent-ludit
1003 4940 1083 4996 sic
1123 4956 1244 4997 esse
1277 4941 1613 4995 reddendum
1650 4960 1664 4996 :
1710 4943 1815 5008 Qui
1860 4943 2084 4996 Verbum

502 5021 658 5071 esset,
691 5030 724 5065 a
765 5012 919 5065 bruta
951 5012 1180 5065 nutritus
1210 5015 1478 5066 animante
1508 5021 1606 5066 est.
1641 5011 1747 5068 Sed
1774 5012 1857 5065 vir
1877 5013 2086 5067 doctis-

504 5084 680 5135 simus
708 5083 923 5136 videtur
950 5083 1308 5152 negligentius
1332 5084 1549 5152 legisse.
1582 5081 1714 5136 Nam
1760 5083 1953 5136 eodem
1986 5097 2083 5135 co-

502 5152 624 5205 dice
657 5153 742 5205 usi
785 5168 995 5210 sumus.
1041 5167 1141 5206 nec
1193 5166 1371 5207 tamen
1406 5153 1548 5206 hanc
1590 5153 1876 5207 lectionem
1924 5154 1977 5205 in
2009 5167 2075 5206 eo

503 5220 835 5276 invenimus.
854 5223 1223 5292 Conlirmatur
1254 5226 1552 5292 scriptura,
1583 5238 1745 5291 quam
1768 5222 2073 5292 sequimur,

503 5292 820 5362 testimonio
855 5291 1098 5358 Gregorii
1140 5291 1488 5355 Nazianzeni,
1514 5294 1604 5362 qui
1648 5300 1789 5347 orat.
1814 5292 1883 5346 58
1930 5291 2076 5362 Basi-

505 5359 564 5412 lii
601 5361 845 5449 vestigiis
892 5362 971 5449 sic
1004 5362 1244 5449 loquitur:
1277 5381 1290 5416 :
1323 5362 1424 5446 Ιᾴαὶ
1453 5359 1550 5449 την
1575 5361 2074 5449 ’φάτνηνιπροσκῐιξῖ

504 5444 688 5498 νησον,
718 5430 783 5481 δι’
816 5431 881 5500 ἢν
912 5430 1101 5499 ἄλογος
1121 5430 1196 5485 ὢν
1228 5433 1469 5502 ἐτράφης
1497 5430 1715 5486 ὑπὸήτοῦ
1743 5430 1916 5500 Λόγου
1951 5451 1964 5483 :
2004 5431 2073 5484 Et

504 5511 734 5567 pra-sepe
771 5505 959 5572 odora,
1010 5514 1218 5569 propter
1260 5502 1421 5572 quod,
1474 5520 1591 5555 cum
1625 5503 1850 5556 rationis
1889 5517 2075 5571 expers

504 5581 668 5633 asses,
710 5585 741 5621 a
775 5568 939 5642 γετίλο
961 5573 1191 5625 nutritus
1221 5568 1295 5631 es.
1333 5589 1451 5642 pag.
1487 5574 1608 5627 625.
1643 5568 1965 5627 (Σοωυείίεἱῖ
1993 5574 2077 5626 in-

508 5640 839 5714 terpretatio
871 5641 972 5714 huc
1015 5642 1193 5714 etiam
1224 5640 1356 5696 vitio
1402 5640 1634 5714 laborat,
1686 5643 1829 5711 quod
1870 5643 2078 5714 nitatur

507 5710 717 5776 vulgari
756 5710 1105 5779 opinione‘de
1137 5712 1354 5767 Christo
1386 5713 1527 5767 inter
1556 5710 1746 5767 bovem
1780 5720 1831 5766 ct
1857 5713 2071 5767 asinum

2187 1912 2347 1965 πάλιν
2362 1913 2409 1963 οἱ
2437 1910 2800 1982 πολεμοῦντες
2824 1910 3041 1984 μακρὰν
3070 1912 3135 1981 τῇ
3168 1910 3519 1982 ἀντικειμένῃ
3534 1909 3775 1981 δυνάμει

2182 2004 2269 2056 διὰ
2282 2004 2343 2056 τὸ
2366 2004 2538 2074 μῆκος
2555 2002 2648 2055 τοῦ
2683 2003 2880 2073 χρόνου
2895 2002 3418 2072 λειποτακτήσωσιν.
3437 2000 3775 2074 Ἐκατέρους

2181 2096 2359 2147 τοίνυν
2390 2094 2478 2147 διὰ
2502 2096 2601 2165 τῆς
2632 2094 3004 2166 προσπιητῆς
3046 2093 3157 2165 (72)
3197 2093 3418 2162 ἀγνοίας
3466 2094 3769 2165 οἱκονομεῑσ

2180 2186 2258 2256 τῷ
2281 2187 2378 2256 μὲν
2410 2185 2498 2239 διὰ
2551 2185 2643 2240 τὸν
2681 2185 2846 2240 καλὸν
2872 2184 3060 2254 ἀγῶνα
3090 2185 3399 2256 συντέμνων
3422 2184 3512 2238 τὸν
3550 2187 3770 2257 χρόνον,
3806 2246 3825 2254 _

2179 2276 2258 2347 τῷ
2282 2277 2339 2329 δὲ
2356 2275 2443 2329 διὰ
2465 2275 2563 2339 τὰς
2588 2276 2864 2348 ἁμαρτίας
2893 2275 3084 2347 καιρὸν
3120 2275 3405 2346 μετανοίας
3431 2275 3772 2348 ταμιευόμε-

2182 2384 2289 2431 νος.
2308 2369 2502 2421 Καίτοι
2520 2369 2578 2421 ἐν
2598 2370 2710 2431 τοῖς
2735 2367 3086 2436 Εὑαγγελίοις
3113 2366 3302 2450 ἐαυτρν
3319 2365 3652 2440 συγκαταριθ
3661 2368 3775 2439 μή-

2184 2477 2280 2523 σας
2298 2463 2409 2523 τοῖς
2434 2458 2690 2528 ἀγνοοῦσι
2709 2458 2796 2512 διὰ
2813 2458 2910 2530 τὴν
2934 2457 3042 2512 τῶν
3064 2457 3294 2521 πολλῶν,
3325 2457 3400 2521 ὡς
3417 2457 3572 2529 ἔφην,
3596 2457 3771 2512 ἀσθέ-

2181 2568 2329 2605 νειαν
2352 2569 2366 2583 ·
2415 2553 2473 2604 ἐν
2521 2553 2642 2614 ταῖς
2685 2549 2928 2621 Πράξεσι
2959 2549 3067 2603 τῶν
3102 2547 3413 2603 ἀποστόλων
3439 2549 3514 2613 ὡς
3538 2549 3771 2615 τελείοις
3856 2552 3861 2555 “

2181 2644 2302 2696 κατ’
2349 2642 2486 2696 ἰδίαν
2540 2641 2943 2712 διαλεγόμενος,
3000 2640 3125 2694 καθ’
3170 2639 3518 2711 ὑπεξαίρεσιν
3565 2640 3770 2693 ἑαυτοῦ

2182 2748 2378 2801 φησιν·
2398 2733 2523 2800 Οὐχ
2547 2730 2714 2799 ὑμῶν
2736 2731 2867 2784 ἐστι
2899 2729 3123 2799 γνῶναι
3147 2730 3407 2798 χρόνους
3432 2729 3470 2799 ἣ
3496 2729 3770 2798 καιροὺς,

2180 2823 2288 2888 οὓς
2314 2827 2345 2876 ὁ
2376 2822 2578 2890 Πατὴρ
2600 2821 2767 2876 ἔθετο
2796 2821 2865 2874 ἐν
2898 2819 2973 2890 τῇ
3001 2820 3121 2888 ἰδίᾳ
3149 2820 3423 2888 ἐξουσίᾳ.
3450 2822 3560 2876 Καὶ
3587 2821 3771 2875 ταῦτα.

2184 2917 2282 2988 μὲν
2318 2914 2460 2969 κατὰ
2506 2915 2605 2986 τὴν
2651 2913 2924 2986 προτέραν
2968 2913 3225 2985 ἐπιϐολὴν
3253 2914 3493 2987 εἰρήσθω
3517 2914 3627 2983 (75)
3660 2931 3772 2967 πα-

2179 3007 2422 3078 χύτερον.
2456 3006 2595 3077 ’Ήδη
2622 3005 2679 3058 δὲ
2711 3003 3023 3070 ἐξεταστέον
3042 3004 3371 3076 ὑψηλότερον
3398 3005 3495 3077 τὴν
3523 3006 3777 3059 διάνοιαν
3798 3054 3815 3061 ν

2180 3099 2274 3152 τοῦ
2305 3097 2491 3170 ῥητοῦ,
2529 3099 2621 3152 καὶ
2634 3098 2924 3171 κρουστέον
2955 3099 3058 3170 τὴν
3085 3097 3255 3171 θύραν
3282 3099 3381 3170 τῆς
3414 3100 3686 3169 γνώσεως,
3713 3100 3777 3152 εἴ

2186 3209 2304 3256 πως
2333 3192 2442 3263 (74)
2486 3192 2769 3263 δυνηθείην
2798 3192 3068 3263 ἐξεγεῖραι
3092 3191 3184 3245 τὸν
3228 3192 3634 3262 οἰκοδεσπότην,
3670 3192 3769 3245 τὸν

2183 3286 2310 3349 τοὺς
2347 3286 2749 3355 πνευματικοὺς
2799 3284 2998 3355 ἄρτους
3026 3283 3236 3337 διδόντα
3259 3285 3371 3347 τοῖς
3404 3283 3645 3337 αἰτοῦσιν
3665 3285 3771 3337 αὐ-

2184 3377 2295 3443 τὺν,
2348 3378 2538 3448 ἐπειδὴ
2599 3375 2743 3447 φίλοι
2769 3374 2865 3429 καὶ
2917 3374 3135 3444 ἀδελφοί
3181 3375 3342 3440 εἰσιν,
3388 3375 3482 3440 οὓς
3516 3377 3768 3429 ἑστιᾶσαι

2186 3469 2582 3539 σπουδάζομεν.

2224 3716 2229 3721 .
2255 3667 2305 3721 7.
2325 3668 2387 3721 Oi
2414 3666 2560 3736 ἅγιοι
2603 3664 2842 3737 μαθηταὶ
2877 3661 2973 3719 τοῦ
3003 3665 3256 3741 Σωτῆρος
3305 3662 3463 3733 ἡμῶν
3508 3663 3768 3718 ἐπέκεινα
3794 3722 3805 3727 ,

2183 3758 2435 3830 θεωρίας,
2479 3759 2554 3823 ὡς
2615 3759 2695 3813 ἐνι
2748 3757 3078 3830 ἀνθρώποις,
3116 3758 3381 3820 ἐλθόντες,
3430 3756 3525 3810 καὶ
3553 3756 3765 3829 καθαρ-
3800 3807 3805 3810 ,

2183 3850 2367 3913 θέντες
2388 3850 2495 3904 ἀπὸ
2532 3850 2626 3904 τοῦ
2654 3850 2813 3919 λόγου
2850 3849 2986 3921 (75),
3013 3850 3074 3903 τὸ
3104 3849 3256 3913 τέλος
3293 3846 3632 3919 ἐπιζητοῦσι,
3667 3849 3766 3903 καὶ
3800 3906 3805 3911 _

2180 3941 2277 4012 τὴν
2331 3942 2564 4014 ἐσχάτην
2607 3943 2989 4014 μακαριότητα
3026 3941 3228 4010 γνῶναι
3292 3938 3566 4003 ποθοῦσιν,
3617 3940 3759 4010 ὅπερ

2182 4034 2395 4101 ἀγνοεῖν
2418 4033 2512 4086 καὶ
2551 4035 2677 4097 τοὺς
2718 4033 2983 4102 ἀγγέλους
3012 4032 3177 4086 αὐτοῦ
3200 4033 3290 4086 καὶ
3314 4031 3474 4085 αὑτὸν
3498 4033 3526 4084 ό
3559 4031 3765 4102 Κύριος
3796 4068 3799 4071 -

2181 4126 2213 4195 ἡ
2222 4124 2334 4196 μῶν
2362 4125 2679 4195 ἀπεφήνατο
2700 4141 2713 4154 ·
2740 4125 2953 4196 ἡμέραν
2993 4123 3104 4195 (76)
3149 4124 3246 4196 μὲν
3268 4123 3441 4192 λέγων
3462 4123 3640 4175 πᾶσαν
3660 4123 3763 4193 τὴν

2180 4218 2382 4289 ἀκριϐῆ
2407 4217 2706 4288 κατάληψιν
2753 4216 2861 4271 τῶν
2908 4217 3162 4271 ἐπινοιῶν
3185 4217 3279 4270 τοῦ
3326 4214 3491 4270 Θεοῦο
3531 4215 3680 4284 ὥραν
3704 4214 3764 4267 δὲ

2178 4309 2277 4381 τὴν
2289 4309 2474 4372 ὲνάδος
2503 4310 2594 4361 καὶ
2624 4308 2858 4379 μονάδος
2890 4307 3149 4380 θεωρίαν,
3175 4300 3248 4360 ὧν
3270 4308 3370 4378 τὴν
3392 4305 3593 4377 εἴδησιν
3614 4305 3779 4376 μόνῳ-

1923 4701 1938 4716 .
1989 4661 2080 4716 Sic
2112 4671 2157 4726 1)
2188 4670 2334 4723 nota,
2363 4674 2487 4730 quae
2511 4660 2751 4730 nondum
2774 4659 2975 4715 saeculo
3004 4665 3202 4730 quarto
3210 4656 3530 4730 prodierat,
3570 4663 3627 4709 ut
3660 4655 3759 4730 de-

2185 4726 2454 4788 monstrat
2507 4728 2889 4785 Tillemontius
2913 4726 3179 4785 adversus
3210 4726 3525 4790 Baronium,
3554 4734 3684 4780 tom.
3712 4726 3754 4789 l,

2186 4818 2241 4873 p.
2275 4801 2401 4873 ιιπ.

2255 4879 2270 4929 ί
2282 4871 2369 4939 70)
2410 4871 2519 4925 Τόν
2558 4869 2781 4939 ίατρόν.
2809 4867 3008 4939 Eodem
3039 4867 3292 4939 exemplo
3321 4881 3385 4939 ac
3415 4864 3604 4939 iisdem
3633 4879 3756 4917 ver-

2188 4941 2275 4996 bis
2314 4933 2515 4995 refellit
2542 4933 2840 5008 Gregorius
2870 4933 3249 4993 Nazianzenus
3281 4936 3535 5008 inimicos
3567 4933 3752 4988 lncar-

2184 5011 2427 5066 nationis
2460 5013 2514 5063 in
2538 5005 2786 5062 oratione
2815 5009 2978 5063 modo
3012 5009 3199 5069 citata,
3234 5021 3287 5076 p.
3317 5005 3447 5060 621.

2257 5081 2370 5152 (71)
2405 5081 2807 5152 Horam-Bome.
2859 5079 3137 5152 Sichmss.
3175 5074 3332 5152 _Ed_iti
3382 5074 3751 5152 πεπτωκότας.

2181 5144 2361 5220 Paulo
2390 5158 2512 5220 post
2544 5166 2609 5220 ex
2645 5150 2838 5220 iisdem
2867 5148 3148 5220 codicibus
3174 5148 3407 5220 legimus
3428 5144 3673 5200 λανθάνει
3698 5152 3762 5200 ει

2190 5216 2484 5291 δι’ίαὺτῆς.
2520 5219 2659 5273 Editi
2691 5217 2943 5291 ἐλάνθανε
2974 5226 3028 5272 et
3053 5216 3343 5291 δι’-αὑτοῦ.

2248 5290 2359 5361 (72)
2393 5284 2833 5361 Προσποιητῇς.
2856 5289 2949 5361 Sic
2973 5287 3270 5361 mss._i~;di_ti
3290 5284 3749 5361 Διτροσποιητικῆς.

2250 5356 2704 5430 (75)Elp1ia'0w._
2727 5356 2819 5412 Sic
2854 5357 2985 5428 Reg.
3027 5357 3167 5430 Editi
3197 5356 3451 5430 εἰρῆσθαι

2248 5427 2360 5499 (74)
2386 5427 2470 5482 Εἴ
2494 5447 2638 5493 πως.
2664 5427 2809 5499 Reg.
2841 5430 2894 5482 ei’
2923 5427 3047 5499 που,
3085 5427 3234 5480 Harl.
3273 5429 3324 5499 εί

2253 5493 2365 5571 (75)
2410 5501 2550 5554 Ἀπὸ
2581 5498 2686 5571 τοῦ
2714 5493 2919 5567 λὸγου.
2958 5498 3204 5571 Respicit
3236 5497 3303 5550 ad
3335 5493 3536 5550 Christi
3569 5493 3747 5548 verba.

2181 5561 2459 5631 Joanfxv,
2485 5572 2519 5625 5
2546 5589 2559 5627 :
2588 5568 2713 5621 Jam
2753 5561 2840 5621 vos
2871 5561 3209 5630 muudPestir
3229 5576 3442 5633 propter
3468 5578 3749 5619 sermonem

2183 5658 2339 5713 quem
2354 5642 2576 5713 locutus
2606 5638 2912 5713 sum_tgobis.
3017 5695 3059 5713 Δ,

2257 5711 2367 5779 (76)
2411 5711 2683 5780 Ἣμέραν.
2719 5706 2809 5762 Sic
2841 5724 2973 5765 mss.
3016 5702 3163 5762 Editi‘
3187 5706 3417 5778 ἡμέρας.
