3888 6214
59 254 160 312 257
1045 248 1551 315 EPISTULARUM
1589 257 1653 314 CI

1761 257 1871 314 .SlS
1905 258 1967 316 l.’
1987 260 2207 358 ιῖιῃετ.
2254 259 2390 318 Vlll.
2722 294 2729 303 ρ
3245 267 3354 321 258

57 376 390 448 προσένειμε
422 366 524 448 ’τῷ
572 376 769 448 Πατρί.
821 376 1068 431 ’Υπονοῶ
1112 379 1313 444 τοίνυν,
1358 380 1441 433 ὅτι
1480 382 1653 433 ἐκεῖνο

1764 381 1993 438 unitatis
2048 396 2112 435 ac
2170 381 2424 437 monadis
2502 381 3057 451 contemplationem,
3112 397 3355 453 quarum

54 469 280 535 λέγεται
291 467 423 539 περὶ
445 468 641 522 ἐαυτοῦ
664 467 862 522 εἰδέναι
878 471 907 523 6
926 469 1081 537 Θεὸς,
1103 471 1241 543 ὅπερ
1260 470 1406 523 ἐστί·
1435 473 1653 525 κάκεῖνο

1761 475 2045 529 scientiam
2071 475 2175 529 soli
2200 473 2349 528 Patri
2380 474 2651 529 attribuit.
2688 472 2951 544 Suspicor
2983 475 3148 546 igitur
3180 473 3352 530 Deum

57 563 134 632 μὴ
163 561 367 615 εἰδέναι
409 563 549 634 ὅπερ
604 563 705 616 οὐκ
742 560 877 616 ἐστι.
905 563 1265 635 Δικαιοσύνην
1295 564 1395 636 μὲν
1422 564 1533 638 γάρ
1562 566 1655 619 καὶ

52 654 256 722 σοφίαν
296 654 516 723 λέγεται
560 654 760 708 εἰδέναι
807 657 836 709 6
878 655 1033 721 Θεὸς,
1060 656 1511 729 αὑτοδικαιοσύνη
1542 656 1654 727 (77)

54 749 151 800 καὶ
172 747 337 816 σοφία
361 747 629 819 ὑπάρχων
650 763 664 777 ·
690 747 903 801 ἀδικίαν
918 748 975 802 δὲ
1007 750 1105 802 καὶ
1126 750 1397 821 πονηρίαν
1416 750 1651 819 ἀγνοεῖνο

54 840 115 890 οὐ
131 839 245 909 γάρ
267 840 415 892 ἐστιν
452 839 639 893 ἀδικία
664 840 758 893 καὶ
788 842 1024 910 πονηρία
1053 843 1082 894 6
1109 842 1303 906 κτίσας
1327 845 1480 915 ἡμᾶς
1501 843 1652 907 Θεός.

54 930 117 982 Et
146 929 332 985 τοίνυν
368 931 547 984 ἐκεῖνο
587 930 807 1000 λέγεται
848 932 977 1003 περ).
1009 932 1204 985 ἑαυτοῦ
1237 932 1437 987 εἰδέναι
1460 934 1488 986 6
1523 931 1656 997 Θεὸς

52 1022 189 1093 ὅπερ
239 1022 383 1086 ἐστὶ,
423 1023 647 1076 κάκεῖνο
677 1023 751 1095 μὴ
793 1022 992 1077 εἰδέναι
1015 1024 1153 1094 ὅπερ
1188 1025 1289 1077 οὐκ
1329 1025 1509 1078 ἔστιν·
1557 1025 1659 1078 οὐκ

10 1140 11 1149 ι
54 1113 171 1167 ἔστι
192 1114 254 1169 δὲ
281 1118 312 1169 6
342 1109 548 1188 Κύριος
568 1119 602 1188 ἡ
613 1115 729 1188 μῶν
759 1115 902 1170 κατὰ
920 1116 1022 1188 τὴν
1060 1117 1160 1185 τῆς
1188 1118 1658 1189 ἐνανθρωπήσεως

54 1208 305 1261 ἐπίνοιαν
326 1248 343 1270 ,
379 1209 477 1262 καὶ
520 1208 840 1281 παχυτέραν
886 1208 1266 1274 διδασκαλίαν,
1312 1209 1376 1263 τὸ
1432 1209 1658 1281 ἔσχατον

51 1298 283 1370 ὀρεκτόν
304 1316 318 1328 ·
352 1299 455 1352 οὐκ
480 1299 593 1372 ἄρα
621 1294 763 1353 οἶδεν
793 1298 906 1367 (78)
935 1301 965 1352 6
999 1298 1194 1371 Σωτὴρ
1221 1299 1379 1372 ἡμῶν
1411 1299 1474 1353 τὸ
1505 1299 1658 1365 τέλος

52 1392 150 1445 καὶ
174 1391 280 1462 τὴν
312 1393 553 1464 ἐσχάτην
589 1392 988 1465 μακαριότητα.
1032 1392 1186 1447 Ἀλλ’
1224 1391 1368 1447 οὐδὲ
1399 1395 1454 1447 οἱ
1480 1392 1656 1463 ἅγγε-

49 1488 173 1547 Jor,
189 1484 382 1554 φησιν,
405 1470 614 1539 ἴσασι)
651 1485 950 1550 τουτέστιν,
965 1486 1088 1539 οὐδὲ
1109 1486 1143 1556 ἡ
1166 1485 1223 1538 ἐν
1252 1485 1439 1550 αὐτοῖς
1453 1484 1658 1559 θεωρία

20 1574 150 1625 καὶ
180 1575 232 1626 oi
263 1572 416 1642 λόγοι
471 1573 583 1629 τῶν
607 1574 894 1629 διακονιῶν
922 1575 1030 1629 εισι
1059 1572 1122 1628 τὸ
1152 1573 1380 1645 ἔσχατον
1404 1575 1653 1648 ὀρεκτόν.

49 1665 268 1736 Παχεῖα
296 1665 410 1737 γάρ
436 1666 533 1719 καὶ
563 1664 772 1719 τούτων
805 1667 839 1738 ἡ
869 1665 1074 1735 γνῶσις
1108 1665 1395 1737 συγκρίσει
1420 1665 1517 1720 τοῦ
1543 1666 1657 1739 (79)

50 1755 350 1826 πρόσωπον
382 1754 521 1827 πρὸς
553 1755 1063 1828 πρόσωπονηΜόνος
1091 1755 1147 1810 δὲ
1170 1759 1198 1810 6
1226 1758 1439 1829 Πατὴρ,
1470 1757 1656 1830 φησὶν,

49 1846 385 1900 ἐπίσταται’
447 1847 573 1900 ἐπεὶ
638 1847 732 1901 καὶ
786 1848 947 1911 αὑτός
998 1849 1114 1901 ἐστι
1172 1849 1234 1902 τὸ
1280 1848 1464 1914 τέλος,
1498 1849 1658 1922 καὶὴ

51 1938 260 2010 ἐσχάτη
300 1939 669 2012 μακαριότης.
706 1939 877 1994 Ὅταν
909 1940 1021 2012 γὰρ
1057 1941 1256 2013 μηκέτι
1303 1941 1434 1996 Θεὸν
1462 1945 1519 1997 ἐν
1547 1946 1662 2007 τοῖς

34 2030 414 2102 ’κατότι-τροις,
450 2031 587 2103 μηδὲ
608 2030 698 2085 διά
729 2029 838 2085 τῶν
862 2032 1158 2105 ἀλλοτρίων
1179 2033 1657 2107 ἐπιγινώσκωμεν,

50 2123 171 2177 ἀλλ’
199 2122 357 2194 αὐτῷ
387 2123 464 2188 ὡς
511 2123 661 2198 μόνῳ
689 2126 786 2177 καὶ
822 2126 904 2179 ἐν).
943 2124 1335 2199 προσέλθωμεν
1356 2145 1369 2157 ·
1410 2127 1531 2181 τότε
1565 2128 1660 2183 καὶ

48 2215 113 2268 τὸ
140 2214 379 2286 ἔσχατον
441 2214 599 2280 τέλος
643 2216 925 2288 εἰσόμεθα.
957 2217 1197 2290 Χριστοῦ
1237 2217 1349 2289 γὰρ
1384 2217 1660 2289 βασιλείαν

56 2309 226 2375 φασιν
271 2304 413 2361 εἶναι
446 2309 631 2363 πᾶσαν
657 2310 757 2381 τὴν
800 2309 987 2364 ἐνυλον
1017 2310 1219 2381 γνῶσιν
1239 2331 1252 2343 ·
1296 2311 1392 2366 τοῦ
1426 2313 1484 2367 δὲ
1522 2312 1659 2367 Θεοῦ

52 2398 154 2452 καὶ
210 2397 435 2469 Πατρὸς
475 2397 578 2469 τὴν
607 2398 790 2457 άῦλον.
817 2401 910 2453 καὶ
943 2401 1020 2464 ὡς
1059 2399 1126 2455 ἂν
1161 2402 1306 2455 εἴποι
1345 2420 1451 2468 τις,
1488 2403 1660 2475 αὐτῆς

54 2492 155 2561 τῆς
188 2491 452 2561 θεότητος
492 2491 749 2563 θεωρίαν.
786 2493 948 2546 Ἐστι
977 2492 1036 2545 δὲ
1072 2494 1168 2547 καὶ
1196 2496 1226 2548 6
1255 2494 1461 2566 Κύριος
1494 2494 1658 2566 ἡμῶν

52 2584 152 2637 καὶ
179 2582 350 2645 αὐτὸς
393 2582 456 2636 τὸ
485 2582 657 2649 τέλος,
697 2583 795 2638 καὶ
821 2586 855 2655 ἡ
883 2583 1087 2657 ἐσχάτη
1125 2586 1490 2657 μακαριότης,
1517 2589 1659 2643 κατὰ

52 2675 155 2745 τὴν
176 2673 277 2727 τοῦ
327 2674 505 2743 Λόγου
542 2674 810 2728 ἐπίνοιαν.
844 2674 910 2728 Τί
939 2675 1050 2748 γάρ
1083 2692 1247 2747 φησιν
1283 2677 1340 2730 ἐν
1367 2676 1447 2748 τῷ
1480 2678 1658 2747 Εὐαγ-

54 2768 260 2838 γελίῳς
317 2766 496 2837 Κάγὼ
550 2766 883 2835 ἀναστήσω
937 2768 1129 2823 αὐτὸν
1178 2768 1250 2821 ἐν
1299 2766 1372 2838 τῇ
1425 2768 1656 2839 ἐσχάτῃ

56 2860 287 2930 ⁴ἡμέρᾳ·
336 2859 637 2913 ἀνάστασιν
687 2859 864 2929 λέγων
891 2860 991 2932 τὴν
1027 2861 1138 2914 άπὸ
1182 2860 1283 2932 τῆς
1315 2858 1502 2914 ἐνύλου
1524 2860 1660 2931 γνώ-

60 2968 196 3015 σεως
243 2952 341 3005 ἐπὶ
370 2950 470 3022 τὴν
504 2951 668 3006 ᾶῦλον
707 2950 941 3023 θεωρίαν
982 2951 1282 3023 μετάϐασιν
1314 2951 1449 3025 (80),
1488 2951 1655 3023 ἐσχά-

60 3058 158 3111 την
190 3042 248 3095 es
284 3042 504 3114 ἡμέραν
558 3044 659 3114 τὴν
690 3042 893 3113 γνῶσιν
936 3042 1143 3115 ταύτην
1197 3042 1387 3107 εἰπὼν,
1435 3043 1553 3115 μεθ’
1586 3045 1654 3116 ἢν

44 3135 157 3188 vix
181 3133 335 3187 ἐστιν
364 3134 550 3206 ἐτέρα.
597 3134 914 3207 Τηνικαῦτα
939 3134 1049 3208 γὰρ
1074 3137 1103 3189 6
1138 3134 1263 3200 νοῦς
1298 3134 1458 3207 ἡμῶν
1490 3135 1651 3203 ἐξαν-

63 3225 298 3289 ίσταται,
344 3225 443 3279 καὶ
492 3225 630 3298 πρὸς
666 3225 801 3296 ὕψος
834 3227 1105 3299 μακάριον
1136 3227 1483 3301 διεγείρεται,
1512 3228 1654 3300 ὀπη-

52 3320 181 3374 νίκα
215 3320 288 3375 ἂν
330 3320 591 3392 θεωρήσῃ
618 3319 718 3391 τὴν
761 3320 923 3374 ὲνάδα
964 3321 1059 3375 καὶ
1089 3320 1294 3392 μονάδα
1330 3320 1425 3376 τοῦ
1455 3322 1652 3391 Λόγου.

74 3411 208 3465 Ἀλλ’
234 3412 433 3483 ἐπειδὴ
464 3411 763 3483 παχυνθεὶς
782 3412 941 3484 ἡμῶν
960 3415 989 3467 6
1016 3413 1141 3478 νοῦς
1170 3414 1248 3486 τῷ
1268 3413 1353 3485 χοῖ
1374 3414 1654 3487 συνεδέθη,

61 3505 152 3555 καὶ
169 3503 250 3574 τῷ
286 3501 448 3575 πηλῷ
499 3502 870 3574 συμφύρεται,
914 3505 1011 3559 καὶ
1060 3504 1190 3578 ψιλῇ
1221 3509 1288 3577 τῇ
1318 3505 1522 3577 θεωρίᾳ
1562 3507 1651 3561 ἐν·

56 3594 326 3658 ατενίζειν
366 3593 642 3656 ἀδυνατεῖ,
672 3593 762 3647 διὰ
812 3594 923 3649 τῶν
959 3595 1239 3665 συγγενῶν
1268 3595 1363 3649 τοῦ
1403 3596 1655 3667 σώματος

58 3690 221 3743 αὑτοῦ
281 3688 512 3760 κόσμων
567 3688 683 3760 (81)
725 3687 1167 3761 ποδηγούμενος·
1220 3688 1321 3754 τὰς
1373 3689 1657 3762 ἐνεργείας

56 3783 150 3835 τοῦ
197 3783 427 3835 κτίστου
471 3782 746 3848 κατανοεῖ,
786 3780 884 3835 καὶ
919 3780 1096 3834 ταῦτα
1132 3782 1196 3834 ἐκ
1239 3779 1349 3834 τῶν
1393 3779 1653 3834 ἀποτελε-

62 3875 288 3944 σμάτων
336 3872 480 3937 τέως
548 3871 928 3942 ἐπιγινώσκει,
971 3873 1040 3928 ἶν’
1087 3873 1231 3927 οὕτω
1285 3874 1431 3927 κατά
1458 3873 1655 3947 μικρὸν

58 3966 321 4039 αὐξηθεὶς
340 3964 539 4039 ἰσχύσῃ
581 3964 711 4018 ποτέ
737 3966 833 4019 καὶ
854 3965 993 4038 αὐτῇ
1032 3968 1214 4038 γυμνῇ
1249 3964 1567 4037 προσελθεῖν
1586 3967 1654 4037 τῇ

59 4058 299 4128 θεότητι.
329 4057 495 4112 Κατὰ
520 4055 727 4130 ταύτην
746 4056 803 4110 δὲ
834 4052 991 4129 οἶμαι
1019 4056 1119 4129 τὴν
1134 4057 1381 4112 ἐπίνοιαν
1401 4055 1656 4130 εἰρῆσθαι

59 4153 153 4205 καὶ
199 4152 287 4215 τὸ,
333 4151 390 4204 '0
427 4148 635 4219 Πατήρ
674 4168 798 4221 μου
835 4149 1052 4220 μείζων
1091 4168 1212 4220 μου
1239 4150 1405 4205 ἐστι·
1444 4151 1652 4218 καὶτὸ,

1757 566 1866 621 dici
1896 566 1950 621 id
1983 566 2129 636 quod
2159 575 2244 622 est
2272 566 2339 621 de
2370 567 2552 636 seipso
2583 566 2745 628 scire,
2780 573 2833 621 et
2862 565 2917 620 id
2950 566 3164 621 nescire
3195 565 3345 635 quod

1762 671 1875 711 non
1912 664 2017 711 est.
2066 654 2341 711 Justitiam
2375 655 2519 710 enim
2557 663 2611 709 et
2654 654 2979 723 sapientiam
3022 669 3187 709 nosse
3216 653 3356 709 dici-

1769 758 1861 803 tur
1891 747 2059 813 Deus,
2092 764 2217 803 cum
2251 748 2367 818 ipse
2401 748 2617 817 justitia
2648 755 2704 802 et
2754 748 3022 817 sapientia
3057 749 3128 800 sit
3160 764 3176 813 ;
3209 748 3357 818 inju-

1759 838 1965 893 stitiam
2008 854 2140 892 vero
2165 844 2219 891 et
2263 838 2525 891 malitiam
2568 837 2872 910 ignorare;
2922 853 3029 892 non
3071 839 3217 893 enim
3269 846 3356 893 est

1759 931 2031 1001 injustitia
2080 946 2259 1002 neque
2316 932 2544 992 malitia,
2594 930 2690 1000 qui
2742 929 2992 985 condidit
3043 946 3146 986 nos
3187 929 3353 986 Deus.

1763 1024 1956 1095 itaque
1986 1025 2034 1078 si
2060 1023 2266 1077 dicitur
2294 1023 2459 1085 Deus,
2491 1022 2545 1075 id
2573 1023 2719 1091 quod
2746 1030 2832 1077 est
2860 1022 2928 1077 de
2955 1023 3138 1093 seipso
3166 1038 3353 1091 nosse,

1760 1126 1927 1187 atque
1978 1116 2032 1170 id
2088 1115 2304 1170 nescire
2341 1114 2489 1185 quod
2535 1130 2645 1168 non
2700 1125 2826 1172 est:
2880 1129 2990 1169 non
3037 1124 3120 1169 est
3171 1125 3352 1170 autem

1759 1207 2026 1264 Dominus
2073 1215 2264 1262 noster
2302 1205 2609 1261 secundum
2657 1206 3056 1281 incarnationis
3100 1207 3357 1262 conside-

1758 1301 2070 1365 rationem,
2112 1310 2168 1355 et
2229 1300 2564 1356 crassiorem
2629 1298 2982 1363 doctrinam,
3043 1309 3354 1356 extremum

1760 1390 1898 1445 illud
1950 1390 2155 1445 bonum
2219 1389 2583 1445 desiderabile
2639 1407 2653 1443 :
2708 1404 2821 1443 non
2877 1388 3047 1460 igitur
3093 1388 3354 1457 cognovit

1761 1480 2016 1536 Salvator
2045 1490 2237 1537 noster
2278 1478 2442 1536 tinem
2497 1486 2553 1536 et
2583 1487 2888 1535 extremam
2932 1479 3351 1537 beatitudinem.

1759 1571 1865 1627 Sed
1892 1589 2058 1644 neque
2097 1572 2293 1644 angeli,
2321 1572 2715 1643 inquit,aciunt
2746 1573 2812 1605 “‘
2846 1591 2861 1629 :
2900 1573 3003 1629 lioc
3033 1581 3139 1641 est,
3175 1590 3355 1646 neque

1759 1666 2148 1736 contemplatio
2198 1681 2321 1737 qua:
2365 1666 2422 1720 in
2456 1665 2592 1736 ipsis
2622 1672 2728 1731 est,
2767 1680 2946 1737 neque
2978 1668 3224 1723 rationes
3251 1668 3355 1722 mi-

1761 1759 2115 1814 nisteriorum
2148 1767 2279 1813 sunt
2305 1766 2615 1812 extremum
2660 1755 2795 1810 illud
2825 1758 3029 1812 bonum
3068 1757 3352 1814 desidera-

1761 1849 1890 1904 bile.
1951 1847 2086 1902 Nam
2149 1848 2348 1904 borum
2406 1847 2571 1903 etiam
2630 1847 2865 1902 scientia
2917 1863 3105 1903 crassa
3152 1857 3256 1910 est,
3303 1845 3356 1903 si

1760 1952 2113 2012 comparetur
2159 1956 2285 1995 cum
2317 1956 2404 2004 ea,
2431 1956 2554 2012 quae
2582 1948 2667 1996 est
2702 1939 2839 1993 facie
2879 1938 2946 1993 ad
2993 1940 3215 1994 faelem.
3252 1940 3355 1996 So-

1758 2032 1848 2088 lus
1900 2040 2084 2088 autem
2138 2030 2321 2099 Pater,
2375 2032 2576 2102 inquit,
2613 2033 2768 2086 novit
2798 2031 2883 2084 “z
2918 2032 3121 2102 quippe
3151 2040 3206 2085 et
3233 2030 3354 2102 ipse

1759 2132 1845 2180 est
1892 2123 2064 2189 ﬁnis,
2109 2131 2166 2180 et
2206 2132 2454 2179 extrema
2506 2122 2808 2178 beatitudo.
2858 2122 2995 2177 Cum
3044 2123 3189 2177 enim
3241 2136 3355 2178 non

1760 2215 1994 2285 a‘mplius
2026 2214 2198 2269 Deum
2231 2215 2286 2268 in
2311 2213 2574 2284 speculis,
2601 2229 2781 2284 neque
2813 2229 2910 2284 per
2940 2214 3120 2269 aliena
3142 2228 3354 2283 cogno-

1760 2322 1981 2364 scemus
2032 2306 2100 2372 ⁸³,
2157 2307 2252 2361 sed
2300 2307 2369 2360 ad
2416 2307 2596 2377 ipsum
2643 2308 2813 2361 veluti
2852 2307 3031 2361 solum
3082 2314 3139 2362 et
3182 2321 3352 2361 unum

1762 2402 2142 2468 accedemus;
2197 2408 2330 2454 tunc
2378 2407 2432 2455 et
2492 2409 2801 2455 extremum
2852 2399 3017 2455 tinem
3080 2401 3343 2456 sciemus.

1758 2490 1893 2546 Nam
1915 2492 2123 2548 Christi
2149 2507 2378 2562 regnum
2401 2506 2525 2548 esse
2555 2491 2739 2548 ferunt
2764 2507 2983 2547 omnem
3013 2492 3354 2549 materialcm

1759 2585 2127 2655 cognitionem
2156 2600 2172 2651 ;
2204 2582 2301 2639 Dei
2331 2599 2463 2639 vero
2490 2590 2545 2639 et
2568 2582 2771 2652 Patris,
2803 2583 3244 2652 iminaterialem,
3274 2591 3351 2652 et,

1759 2682 1819 2730 ut
1849 2676 1924 2729 ita
1956 2675 2213 2739 dixerim,
2249 2674 2422 2744 ipsius
2452 2674 2759 2730 divinitatis
2792 2674 3337 2745 contemplationem.

1756 2767 1937 2838 Atque
1974 2768 2139 2822 etiam
2182 2765 2449 2821 Dominus
2498 2773 2688 2822 noster
2734 2774 2789 2821 et
2823 2766 2952 2836 ipse
3000 2765 3126 2820 ﬁnis
3168 2774 3271 2830 est,
3298 2774 3354 2822 et

1757 2869 2000 2915 extrema
2046 2859 2329 2915 beatitudo
2382 2859 2690 2916 secundum
2749 2856 2914 2915 Verbi
2951 2858 3354 2915 consideratio-

1758 2968 1904 3006 nem.
1941 2951 2085 3017 Quid
2128 2952 2275 3007 enim
2308 2953 2386 3006 ait
2420 2951 2477 3006 in
2511 2950 2852 3022 Evangelii»?
2886 2949 2955 3004 Et
2984 2966 3081 3022 ego
3122 2951 3354 3005 resusci-

1761 3043 1884 3098 tabo
1919 3061 2038 3098 cum
2082 3046 2139 3099 in
2186 3046 2473 3100 novissimo
2503 3043 2588 3098 die
2614 3044 2661 3076 “
2704 3062 2718 3099 :
2765 3044 3225 3098 resurrectionem
3269 3044 3354 3097 di—

1760 3153 1894 3193 cens
1921 3138 2217 3193 transitum
2251 3153 2281 3191 a
2317 3137 2590 3192 materiali
2637 3134 2951 3207 cognitione
2972 3135 3039 3190 ad
3070 3135 3355 3190 immorta-

1760 3228 1864 3285 lem
1890 3231 2450 3301 contemplationem;
2478 3229 2591 3301 86
2612 3228 2756 3283 diem
2785 3237 2966 3283 autem
2990 3227 3350 3283 novissimum

1762 3323 2048 3394 appellans
2096 3337 2217 3378 eam
2284 3322 2688 3391 cognitionem,
2735 3328 2860 3393 post
2902 3335 3068 3391 quam
3112 3335 3223 3374 non
3266 3328 3355 3375 est

1762 3414 1893 3473 alia.
1923 3413 2079 3471 Tunc
2109 3415 2256 3470 enim
2292 3431 2447 3470 mens
2479 3423 2667 3470 nostra
2692 3414 2989 3479 excitatur,
3032 3419 3087 3467 et
3118 3412 3187 3466 ad
3217 3411 3350 3467 bea-

1756 3514 1867 3561 tani
1899 3507 2298 3562 sublimitatem
2343 3505 2599 3577 erigitur,
2631 3520 2757 3560 cum
2791 3503 2956 3559 Verbi
2992 3504 3258 3560 unitatem
3286 3521 3353 3560 ac

1758 3599 1995 3656 monada
2049 3599 2417 3671 contemplata
2474 3598 2661 3654 fuerit.
2727 3596 2836 3653 Sed
2884 3601 3140 3668 quoniam
3193 3611 3351 3653 mens

1756 3701 1952 3748 nostra
1996 3693 2243 3750 crassior
2281 3691 2475 3748 elfecta
2524 3700 2686 3746 terra:
2734 3690 2939 3762 illigata
2984 3698 3091 3756 est,
3138 3695 3195 3744 et
3235 3689 3351 3744 luto

1762 3783 2124 3847 admiscetur,
2174 3793 2230 3840 et
2273 3782 2726 3851 contemplationi
2773 3778 2934 3835 nudat
2975 3781 3183 3834 intenta
3225 3793 3352 3835 esse

1762 3892 1875 3933 non
1906 3886 2089 3947 potest
2115 3894 2130 3944 ;
2163 3892 2262 3947 per
2300 3883 2568 3947 cognatas
2596 3875 2817 3944 corpori
2845 3873 3019 3944 ipsius
3049 3872 3352 3941 pulchritu-

1763 3968 1925 4026 dines
1944 3954 2125 4024 manu
2162 3969 2350 4032 ducta,
2387 3967 2692 4023 conditoris
2716 3966 3064 4037 operationes
3095 3964 3351 4020 conside-

1762 4069 1873 4125 rat,
1906 4075 2083 4130 eaque
2116 4060 2339 4116 interim
2389 4073 2460 4114 ex
2505 4057 2795 4114 eﬂ'ectibus
2839 4057 3148 4129 cognoscit,
3181 4064 3241 4111 ut
3272 4056 3351 4111 ita

1763 4152 2033 4225 paulatim
2078 4158 2265 4220 aucta,
2297 4149 2516 4223 possint
2555 4148 2849 4221 aliquando
2873 4150 2942 4204 ad
2970 4149 3144 4220 ipsam
3184 4149 3350 4204 etiam

12 4298 13 4305 “
128 4308 195 4339 ⁶¹⁸
218 4305 392 4362 Mare.
418 4322 544 4371 xm,
567 4306 658 4362 32.
735 4308 781 4340 “
817 4306 953 4361 ibid.
1028 4306 1075 4339 “
1111 4306 1131 4361 l
1167 4305 1295 4362 Cor.
1348 4321 1470 4371 xm,
1517 4305 1609 4362 12.

1765 4306 1926 4363 Joan.
1980 4324 2056 4374 v1,
2109 4306 2200 4362 40.

129 4420 242 4493 (π)
275 4419 817 4493 Αὐτοδικαιοσύνη.
877 4418 971 4475 Sic
1012 4435 1144 4477 mss.
1198 4419 1338 4475 Male
1385 4419 1442 4475 in
1491 4418 1653 4479 editis

1761 4422 1853 4476 Ait
1877 4424 2025 4479 enim
2060 4430 2214 4477 'tom.
2261 4421 2329 4487 ll,
2380 4438 2436 4493 p.
2475 4422 2602 4487 520,
2635 4421 2859 4493 angelos
2889 4421 2944 4493 in
2972 4418 3216 4493 divinam
3264 4418 3349 4473 fa-

60 4490 227 4554 αὐτὸς
252 4490 724 4563 καῖᾼδικαῳσύνη.

129 4562 245 4631 (78)
279 4559 478 4617 Οἶδεν.
521 4560 614 4633 Sic
656 4557 781 4617 libri
818 4569 1034 4617 veteres
1065 4575 1165 4631 pro
1201 4557 1363 4625 εἶδεν,
1394 4568 1449 4616 et
1486 4561 1652 4633 paulo

62 4643 181 4703 post
212 4635 363 4686 ῖσασι
394 4647 505 4703 pro?
518 4631 712 4703 οἴδασι.

128 4702 243 4773 (79)
279 4699 601 4771 Συγίκρίσει
624 4701 892 4773 πίλοις.
919 4699 1065 4773 Tota
1084 4700 1201 4773 haec
1228 4700 1538 4770 explicandi
1570 4717 1654 4757 ra-

61 4770 149 4827 tio'
170 4770 285 4828 non
316 4770 418 4829 sua
455 4781 651 4840 sponte
679 4771 939 4836 deducta,
974 4771 1069 4828 sed
1099 4770 1153 4825 vi
1187 4780 1467 4840 pertracta
1507 4774 1648 4827 mul-

14 4894 15 4911 ξ
62 4848 131 4898 tis
158 4842 459 4898 videbitur.
491 4841 599 4897 Sed
630 4841 764 4897 illud
812 4842 880 4897 ad
915 4842 1294 4897 excusandum
1348 4841 1646 4910 dilﬁcilius,

62 4915 203 4982 quod
253 4914 335 4967 ait
393 4912 629 4967 Basilius
680 4913 998 4984 angelorum
1055 4911 1341 4984 scientiam
1379 4926 1649 4984 crassam

63 5001 199 5049 esse,
250 4985 300 5039 si
336 4992 688 5053 comparetur
733 4982 857 5038 cum
908 4998 972 5036 ea
1010 4997 1133 5052 quae
1160 4990 1245 5037 est
1286 4982 1425 5053 facie
1463 4982 1531 5035 ad
1565 4982 1648 5037 fa-

63 5060 219 5109 ciem.
249 5052 485 5108 Videtur
525 5053 745 5109 subtilis
791 5053 1107 5122 explicatio,
1136 5067 1301 5122 quam
1332 5052 1423 5106 hic
1459 5054 1647 5123 sequi—

66 5134 167 5189 tur,
199 5125 596 5180 necessitatem
624 5124 674 5177 ei
701 5124 1032 5193 imposuisse
1072 5124 1148 5175 ita
1184 5123 1252 5176 de
1284 5123 1492 5190 angelis
1518 5139 1649 5178 sen-

44 5196 250 5255 ,tiendi.
290 5194 433 5248 Nam
461 5210 588 5248 cum
622 5195 767 5249 diem
797 5202 852 5249 et
879 5195 1069 5249 horam
1115 5193 1260 5247 idem
1286 5206 1407 5246 esse
1445 5202 1651 5249 statue-

67 5276 160 5327 ret.
195 5280 266 5320 ac
311 5273 617 5320 extremam
670 5264 1107 5328 beatitudinem;
1139 5262 1273 5316 illud
1327 5262 1647 5331 Scriptum,

45 5334 159 5419 (Sed
182 5352 353 5419 neque
381 5336 564 5419 angeli;
580 5335 778 5419 sciunt,
803 5334 1033 5419 cogebat
1049 5333 1158 5386 illis
1174 5333 1454 5419 visionenr
1471 5334 1644 5419 illam,

68 5421 177 5472 qua
208 5402 274 5460 ﬁt
319 5402 471 5460 facie
498 5405 568 5458 ad
598 5406 815 5469 facient,
864 5402 1174 5472 denegare;
1228 5405 1357 5472 quia
1403 5402 1546 5458 idem
1578 5404 1648 5459 de

70 5477 168 5530 illis
210 5493 324 5531 non
359 5483 579 5548 poterat
636 5474 744 5530 dici
786 5475 946 5548 aede
977 5474 1144 5548 Filio,
1192 5488 1288 5527 eos
1318 5474 1386 5527 de
1445 5474 1645 5548 sejpsif

72 5548 202 5602 seire
234 5549 293 5601 id
337 5542 489 5617 quod
525 5554 676 5610 sunt,
720 5546 933 5601 nescire
963 5545 1112 5617 quod
1147 5558 1256 5617 non
1304 5553 1452 5617 sunt.
1485 5542 1643 5610 Quod

73 5617 115 5671 si
142 5619 285 5672 hanc
305 5614 498 5673 hausit
527 5617 841 5686 opinionem
869 5632 934 5671 ex
965 5614 1216 5686 Origenis
1247 5614 1514 5686 fontibus,
1548 5618 1641 5685 qui

74 5690 309 5756 pluribus
359 5690 501 5745 locis
545 5683 667 5743 eam
715 5687 978 5754 insinuat,
1026 5683 1174 5742 certe
1221 5684 1333 5739 cito
1364 5683 1618 5755 deposuit

1760 4495 1902 4547 ciem
1935 4497 2283 4549 continenter
2313 4491 2554 4549 intentos
2591 4491 2783 4550 oculos
2820 4492 3038 4546 habere.
3078 4491 3220 4543 Idem
3250 4505 3349 4543 uo-

1760 4572 1845 4618 cet
1882 4564 1934 4618 in
1978 4564 2388 4619 Commentario
2429 4566 2484 4618 in
2529 4563 2733 4618 Isaiam
2776 4579 2829 4633 p.
2865 4561 2990 4627 515,
3023 4576 3080 4615 ιι.
3130 4558 3254 4622 185,
3291 4567 3348 4614 et

1760 4634 1816 4688 in
1850 4634 1989 4705 libro
2022 4634 2101 4688 De
2125 4634 2328 4705 Spiritu
2362 4645 2569 4705 sancto.
2607 4650 2728 4705 cap.
2757 4633 2844 4687 16.

1834 4704 1947 4775 (80)
1979 4704 2340 4759 Μετάϐασιν.
2386 4704 2537 4759 lianc
2571 4702 2756 4758 vocent
2814 4702 3067 4775 addimus
3093 4716 3158 4775 ex
3206 4716 3340 4775 mss.

1760 4770 1849 4849 E_x'
1873 4770 2067 4830 iisdem
2110 4777 2346 4848 legimus
2378 4776 2594 4849 ἡμέραν
2626 4775 2681 4829 δὲ
2723 4777 2823 4847 τήν
2857 4787 2957 4843 pro
2994 4771 3093 4842 τὴν
3128 4770 3346 4842 ἡμέραν

1755 4859 1878 4898 την.
3314 4872 3317 4873 ⁷

1790 4844 1944 4987 ήῖἑι)
1970 4917 2267 4987 Κόσμων.
2312 4916 2406 4970 Ait
2452 4914 2817 4971 Combeﬂsius
2851 4930 2865 4967 :
2905 4910 3054 4987 Dure
3097 4910 3228 4987 mihi
3260 4872 3348 4964 hic

1757 4981 1866 5067 goat.
1884 4981 1998 5067 {sit
2022 4981 2131 5067 pro
2142 4987 2444 5067 στοιχείων,
2473 5002 2566 5067 per
2582 4994 2806 5067 cognata
2837 4983 3046 5067 corpori
3065 4981 3342 5062 elementa.

1759 5054 1867 5131 Sed
1906 5056 2008 5112 bac
2024 5053 2091 5111 in
2128 5053 2405 5131 reminus
2438 5056 2573 5112 vidit
2605 5053 3023 5131 vir_gerudit_us_;
3061 5068 3168 5105 non
3196 5053 3342 5131 enim

1759 5125 1905 5180 idem
1958 5136 2117 5181 sonat
2151 5128 2243 5181 illa
2292 5144 2395 5182 vox
2428 5143 2493 5182 ac
2539 5125 2743 5191 mutuli,
2773 5124 2931 5195 quasi
2961 5124 3145 5191 plures
3192 5124 3345 5189 ejus-

1758 5197 1909 5251 modi
1950 5198 2185 5279 mundos
2216 5196 2772 5280 admittatnBa'silius;
2798 5194 2899 5274 Sed
2937 5195 3077 5280 idem
3108 5206 3348 5280 prorsus

1758 5280 1823 5319 ac
1855 5277 2109 5331 ornatus,
2144 5269 2258 5322 sive
2282 5276 2340 5321 ut
2366 5269 2443 5321 ait
2464 5268 2699 5321 Basilius
2727 5261 2783 5319 in
2813 5265 2976 5333 Epist.
3000 5262 3034 5316 6
3064 5282 3075 5317 :
3108 5261 3190 5313 Τὰ
3215 5262 3344 5332 περὶ

1756 5338 1861 5407 γῆν
1900 5338 2094 5407 κάλλη,
2142 5338 2562 5407 pulchritudines
2610 5346 2882 5407 quw‘sunt
2931 5349 3075 5407 circa
3096 5343 3339 5407 ferron}.

1756 5402 1827 5460 ln'
1847 5402 2256 5463 Commentario
2284 5410 2337 5461 in
2373 5407 2579 5462 Isaiam
2610 5402 2667 5461 ιι.
2695 5405 2785 5470 58,
2830 5420 2883 5474 p.
2917 5403 3044 5468 4‘22,
3092 5402 3343 5457 Ecclesia

1755 5478 1960 5533 dicitur
1990 5479 2294 5550 πρέπουσιν
2320 5480 2487 5549 ἑαυτῇ
2516 5478 2741 5550 κόσμοις
2772 5474 3191 5550 κεκοσμημένη,
3220 5488 3346 5527 cort-

1753 5545 2076 5604 venientibus
2126 5549 2231 5604 sibi
2272 5545 2597 5604 ornaméntis
2624 5545 2927 5600 instructa.
2972 5545 3172 5601 Eadem
3202 5557 3344 5601 voce

1754 5623 1928 5675 utitur
1957 5619 2253 5692 Gregorius
2283 5619 2661 5675 Nazianzenus
2692 5616 2853 5690 epist.
2888 5615 3013 5673 107.
