3888 6214
543 197 651 255 259

1793 187 1864 245 'S.
1903 184 2150 243 ΒΑειιιί
2187 183 2403 242 ΜΑοΜ

3718 174 3872 234 Ξῧθ

540 312 748 372 nudam
795 310 1139 367 divinitatem
1186 306 1473 365 accedere.
1512 305 1583 362 In
1625 304 1888 363 ieamdem
1939 310 2121 358 autem

2265 307 2351 360 ’ὺκ
2378 305 2552 359 ἐστιν
2581 300 2730 371 ἐμόν
2761 296 2992 364 δοῦναι,
3025 296 3164 354 ἀλλ’
3196 290 3288 364 οἷς
3308 295 3667 366 ἡτοίμασται
3702 289 3872 347 ὑπὸ

488 418 503 461 ‘1
544 405 787 461 arbitror
826 401 1155 458 sententiam
1192 399 1401 454 dictum
1450 398 1622 453 fuisse
1648 405 1716 452 vet
1753 396 1885 451 illud
1921 411 1935 447 :
1967 394 2133 448 Pater

498 480 503 485 6
544 497 724 567 major
752 511 834 550 me
862 503 939 548 est
970 493 1014 525 "
1047 509 1062 548 :
1102 490 1237 546 illud
1260 490 1470 557 itidem,
1500 488 1623 543 Non
1658 498 1736 542 est
1766 504 1937 541 meum
1976 490 2128 550 dare,

545 591 637 647 sed
680 587 868 661 quibus
914 593 1163 654 paratum
1199 591 1280 637 est
1312 599 1345 636 a
1394 580 1557 636 Patre
1593 581 1660 634 “.
1693 578 1808 635 Hoc
1856 578 2002 635 enim
2045 586 2132 633 est

546 683 695 753 quod
734 688 790 736 et
830 678 1086 735 Christus
1132 691 1361 746 regnum
1408 673 1628 729 tradere
1679 673 1885 728 dicitur
1917 671 2029 727 Deo
2076 679 2133 727 et

546 770 698 828 Patri
730 771 817 839 ⁶¹¹;
863 785 988 826 cum
1033 768 1310 839 primitiae,
1357 781 1465 820 non
1516 765 1642 820 ﬁnis
1684 766 1778 828 sit,
1829 764 2131 820 secundum

545 864 862 926 rudiorem,
926 869 988 917 ut
1034 860 1179 924 dixi,
1232 860 1576 924 doctrinam,
1628 873 1749 928 quae
1799 857 1971 912 nostri
2020 871 2131 912 non

547 950 730 1026 ipsius
772 951 898 1007 Filii
929 959 1185 1022 respectu
1228 949 1575 1020 intelligitur.
1621 948 1776 1015 Quod
1805 956 1986 1002 autem
2016 947 2133 1001 haec

545 1046 624 1100 ita
650 1059 710 1101 se
736 1044 959 1108 habent,
1006 1057 1200 1097 rursus
1250 1040 1540 1110 discipulis
1563 1041 1637 1111 ιἱιι
1666 1039 1822 1094 Actis
1852 1038 2133 1109 apostolo—

546 1151 669 1192 rum
747 1134 1260 1206 interrogantibus,
1317 1132 1544 1199 Quando
1606 1132 1849 1187 restitues
1913 1147 2131 1202 regnum

548 1228 747 1291 Israel,
776 1226 1093 1299 respondit,
1143 1223 1264 1279 Non
1301 1234 1378 1278 est
1421 1234 1650 1278 vestrum
1696 1239 1848 1277 nosse
1896 1230 2132 1291 tempora

545 1323 627 1379 uel
688 1329 975 1399 momenta,
1021 1335 1138 1390 qui:
1178 1318 1348 1373 Pater
1388 1319 1568 1385 posuit
1615 1318 1671 1371 in
1716 1317 1935 1387 propria
1982 1327 2130 1384 pote-

546 1423 688 1468 state
735 1414 801 1467 “.
847 1410 964 1465 Hoc
1008 1417 1113 1476 est,
1166 1424 1278 1464 non
1332 1423 1524 1463 eorum
1574 1415 1683 1463 est.
1730 1406 1826 1477 qui
1875 1407 2028 1461 carni
2075 1418 2131 1463 et

545 1503 800 1576 sanguini
836 1501 1027 1573 illigati
1072 1508 1224 1564 sunt,
1273 1500 1400 1555 talis
1447 1498 1603 1569 regni
1650 1497 1913 1569 cognitio.
1939 1496 2131 1552 Posuit

545 1598 693 1653 enim
750 1597 918 1650 Pater
979 1592 1500 1663 contemplationem
1566 1591 1731 1645 istam
1790 1591 1848 1644 in
1906 1589 2130 1660 propria

545 1694 816 1761 potestate
860 1705 875 1742 :
916 1693 1238 1757 potestatem
1284 1684 1473 1740 dicens
1511 1697 1629 1748 eos,
1667 1683 1762 1754 qui
1809 1682 1914 1737 sub
1955 1682 2131 1753 ipsius
2161 1672 2205 1727 Β

546 1787 678 1836 sunt
726 1785 1047 1851 potestate;
1095 1774 1351 1848 proprios
1398 1790 1531 1832 vero
1575 1790 1695 1839 eos,
1752 1791 1895 1846 quos
1941 1790 2131 1830 rerum

544 1872 869 1929 inferiorum
914 1870 1187 1942 ignoratio
1228 1883 1339 1924 non
1384 1874 1555 1923 tenet.
1606 1865 1786 1921 Nolim
1833 1873 2019 1920 autem
2047 1865 2134 1919 in-

544 1968 760 2038 telligas
803 1974 1051 2037 tempora
1087 1972 1144 2019 et
1181 1970 1462 2018 momenta
1515 1959 1823 2025 sensibilia,
1858 1959 1953 2015 sed
1984 1974 2134 2029 quae-

544 2059 670 2114 dam
696 2057 1029 2130 cognitionis
1072 2053 1360 2110 intervalla
1389 2067 1421 2107 a
1452 2053 1569 2108 sole
1594 2050 1929 2122 intelligibili
1965 2049 2129 2105 facta.

545 2149 773 2222 Oportet
834 2150 981 2204 enim
1033 2148 1193 2203 istam
1256 2145 1475 2202 Domini
1523 2143 1703 2201 nostri
1757 2141 2131 2215 precationem

547 2243 616 2298 ad
660 2243 822 2299 ﬁnem
862 2241 1085 2313 perduci
1134 2255 1201 2295 ac
1246 2238 1488 2310 impleri.
1521 2236 1687 2294 Jesus
1715 2237 1864 2292 enim
1903 2242 1990 2292 est
2037 2235 2131 2306 qui

544 2341 807 2408 precatus
838 2340 925 2389 est
962 2350 977 2387 :
1006 2332 1093 2386 Da
1112 2332 1213 2397 eis,
1241 2339 1300 2384 ut
1328 2339 1380 2385 et
1410 2328 1519 2400 ipsi
1544 2330 1601 2384 in
1635 2328 1785 2383 nobis
1816 2344 1980 2383 unum
2000 2328 2129 2392 sint,

544 2427 684 2482 sicut
714 2442 809 2497 ego
837 2433 889 2479 et
920 2435 1000 2490 tu,
1034 2424 1221 2488 Pater,
1265 2439 1431 2477 unum
1475 2437 1661 2477 sumus
1700 2421 1766 2474 ⁸⁸.
1797 2419 1944 2475 Deus
1983 2420 2131 2475 enim

545 2533 671 2574 cum
713 2533 861 2574 unus
900 2517 994 2584 sit,
1040 2517 1089 2572 si
1134 2516 1191 2570 in
1232 2515 1466 2586 singulis
1502 2513 1691 2579 fuerit,
1734 2528 1928 2569 omnes
1960 2516 2146 2567 unum

546 2609 752 2677 edicit;
785 2617 840 2664 et
865 2607 1428 2674 accedenteunitate,
1456 2604 1600 2676 perit
1636 2617 1923 2658 numerus.
1955 2602 2133 2671 Atque

547 2700 805 2772 equidem
844 2700 928 2754 sic
962 2713 1258 2770 aggressus
1303 2711 1426 2753 sum
1475 2696 1580 2749 hoc
1631 2694 1838 2748 dictum
1888 2693 2133 2749 secundo

543 2791 872 2848 tentamine.
902 2790 1062 2858 Quod
1109 2789 1156 2845 si
1190 2789 1318 2859 quis
1359 2787 1588 2843 meliora
1619 2786 1790 2850 dicat,
1820 2793 1916 2840 aut
1939 2792 2132 2840 nostra

545 2885 637 2957 pie
664 2882 958 2950 emendet;
1015 2889 1070 2937 et
1122 2881 1291 2946 dicat,
1336 2887 1392 2936 et
1432 2879 1708 2945 emendet,
1760 2887 1815 2934 et
1856 2892 1982 2933 eum
2031 2892 2132 2949 pro

2232 397 2341 452 τοῦ
2363 397 2618 465 Πατρός.
2652 393 2823 448 Τοῦτο
2852 393 2963 466 γάρ
2989 395 3106 448 ἐστι
3142 392 3320 447 καὶτὸ
3360 387 3705 463 παραδοῦναι
3736 386 3872 457 “chi

2234 488 2509 561 βασιλείαν
2533 487 2625 540 τὸν
2655 486 2889 559 Χριστὸν
2917 484 2997 557 τῷ
3024 483 3143 556 Θεῷ
3181 486 3276 538 καὶ
3315 482 3488 554 Πατρί
3509 498 3523 511 ⁸
3557 479 3872 551 ἀπαρχὴη

2230 584 2361 637 ὄντα
2387 582 2484 635 καὶ
2528 580 2592 634 οὐ
2645 580 2821 644 τέλος,
2851 580 2994 634 κατά
3020 579 3119 649 τὴν
3171 577 3505 650 παχυτέραν,
3548 574 3626 638 ὡς
3659 573 3872 641 ἔφην,

2230 673 2604 739 διδασκαλίαν,
2633 674 2757 744 ἥτις
2784 672 2861 736 ὼς
2892 670 3031 745 πρὸς
3058 672 3230 743 ἡμᾶς,
3265 671 3360 725 καὶ
3397 670 3459 723 οὐ
3495 667 3634 738 πρὸς
3658 663 3872 718 αὺτδηι

2231 767 2323 821 τὸν
2356 766 2486 820 Υἱὸν
2508 767 2814 835 θεωρεῖται.
2852 764 2973 818 ’Ότι
3004 763 3061 816 δὲ
3097 761 3253 816 ταῦθ’
3285 760 3456 824 οὕτως
3485 758 3622 830 ἔχει,
3652 755 3872 810 «diu

2233 860 2541 931 έρωτὴσασι
2570 860 2684 921 τοῖς
2701 856 2969 928 μαθηταῖς
3010 858 3068 909 ὲν
3100 857 3222 915 ταῖς
3248 851 3487 925 Πράξεσι
3532 849 3643 904 τῶν
3681 851 3872 903 ἀπο*

2235 950 2437 1005 στόλων
2464 950 2545 1005 τό·
2598 950 2750 1004 Πότε
2790 945 3297 1013 ἀποκαθιστανεῒς
3332 943 3448 1013 τὴν
3486 943 3872 1009 ,βασιλείαν

2231 1042 2314 1110 τῷ
2351 1042 2613 1112 Ἰσραὴλ,
2669 1040 2834 1113 φησίν
2853 1056 2867 1070 ·
2903 1041 3027 1109 Οὐχ
3073 1037 3245 1108 ἡμῶν
3273 1038 3409 1092 ἐστι
3437 1035 3663 1106 γνῶναι
3687 1035 3872 1103 κρέξ

2232 1156 2382 1203 νους
2402 1136 2441 1205 ἢ
2468 1134 2714 1205 καιροὺς
2745 1133 2856 1202 (82)
2877 1173 2893 1198 ,
2945 1132 3074 1200 οὓς⁹
3100 1134 3134 1184 ό
3186 1128 3392 1197 Πατὴρ
3436 1128 3602 1183 ἔθετο
3636 1126 3718 1180 ἐν
3775 1122 3872 1194 τῇ

2233 1229 2353 1297 ἰδίᾳ
2383 1228 2656 1294 ἐξουσίᾳ.
2682 1227 2726 1279 Τ
2728 1226 2997 1287 ουτέστιν,
3020 1224 3082 1277 οὐ
3102 1222 3211 1277 τῶν
3229 1220 3624 1291 συνδεδεμένων
3658 1220 3872 1290 σαρκὶ

2233 1324 2328 1377 καὶ
2346 1323 2540 1394 αἵματι
2570 1321 2672 1391 τῆς
2702 1318 2958 1390 τοιαύτης
2992 1315 3268 1389 βασιλείας
3291 1317 3324 1387 ὴ
3345 1313 3566 1383 γνῶσις.
3598 1312 3872 1382 Ταύτην

2232 1414 2342 1486 γὰρ
2363 1413 2461 1485 τὴν
2492 1411 2723 1483 θεωρίαν
2755 1414 2785 1465 6
2806 1411 2997 1482 Πατὴρ
3024 1408 3318 1463 ἐναπέθετο
3340 1409 3407 1478 τῇ
3435 1406 3540 1476 ἰδίᾳ
3558 1404 3830 1476 ἐξουσίᾳ
3856 1423 3872 1434 ·

2232 1506 2479 1573 ἐξουσίαν
2508 1505 2680 1575 λέγων
2702 1504 2829 1567 τοὺς
2869 1500 3375 1573 ὲξουσιαζομένους,
3416 1500 3579 1562 ἰδίους
3611 1498 3696 1563 δὲ,
3742 1497 3872 1561 οὓς

2237 1599 2313 1670 μὴ
2355 1597 2576 1667 κατέχει
2614 1596 2727 1666 (85)
2758 1596 2949 1660 ἄγνοια
2976 1594 3084 1648 τῶν
3114 1594 3413 1666 κατωτέρω
3452 1593 3872 1664 πραγμάτων.

2234 1689 2475 1761 Χρόνους
2497 1690 2555 1743 δὲ
2588 1688 2683 1743 καὶ
2709 1689 2936 1759 καιροὺς
2969 1689 3044 1759 μή
3072 1704 3171 1758 μοι
3203 1687 3314 1741 νόει
3337 1684 3656 1757 αἰσθητοὺς,
3689 1685 3872 1739 ἀλλὰ

2234 1780 2582 1851 διαστήματά
2594 1796 2714 1833 τινα
2734 1777 2989 1848 γνώσεως
3021 1778 3126 1831 ὑπὸ
3155 1778 3250 1832 τοῦ
3267 1777 3458 1849 νοητοῦ
3488 1776 3644 1848 ἡλίου
3680 1779 3872 1847 γινό-

2235 1889 2397 1944 μενα.
2417 1875 2510 1925 Δεῖ
2526 1872 2633 1945 γὰρ
2656 1872 2753 1943 τὴν
2776 1870 3083 1944 προσευχὴν
3101 1870 3317 1941 εκείνην
3340 1871 3433 1923 ἐπὶ
3448 1870 3622 1941 πέρας
3658 1870 3870 1942 ἀχθῆ-

2235 1983 2324 2021 ναι
2339 1964 2435 2019 τοῦ
2461 1965 2732 2018 Δεσπότου
2768 1963 2946 2035 ἡμῶν.
2979 1962 3186 2035 Ἰησοῦς
3217 1964 3326 2034 γάρ
3342 1965 3489 2016 ἐστιν
3525 1964 3555 2015 6
3581 1980 3872 2034 προσευ-

2238 2055 2468 2128 ξάμενος
2493 2069 2508 2083 ⁶
2575 2055 2686 2123 Δὸς
2719 2056 2947 2122 αὐτοῖς,
2997 2056 3099 2109 ἵνα
3152 2058 3251 2109 καὶ
3278 2055 3451 2110 αὐτοὶ
3479 2056 3548 2108 ἐν
3579 2055 3749 2125 ἡμῖν
3781 2056 3872 2109 ἐν

2232 2144 2368 2213 ὦσι,
2391 2146 2717 2219 καθὼςὲγὼ
2737 2149 2837 2202 καί
2870 2148 2953 2201 σὺ
2991 2147 3063 2202 ἓν
3092 2148 3301 2219 ἐσμεν,
3345 2147 3557 2217 Πάτερ.
3591 2144 3695 2212 Εἷς
3721 2150 3872 2219 γὰρ

2233 2242 2310 2297 ὣν
2333 2243 2363 2295 6
2390 2241 2547 2306 Θεὸς,
2584 2242 2644 2294 ἐν
2685 2241 2902 2311 ἑκάστῳ
2945 2241 3250 2312 γινόμενος,
3280 2243 3392 2295 ἑνοῖ
3424 2242 3552 2306 τοὺς
3575 2242 3829 2306 πάντας
3852 2261 3872 2274 ·

2234 2336 2330 2391 καὶ
2359 2334 2658 2390 ἀπόλλυται
2686 2336 2717 2387 ὁ
2760 2335 2993 2407 ἀριθμὸς
3021 2338 3086 2407 τῇ
3115 2335 3217 2407 τῆς
3265 2334 3492 2408 μονάδος
3527 2334 3866 2408 ἐπιδημίᾳ..

2231 2426 2408 2497 Κάγὼ
2462 2426 2562 2499 μὲν
2603 2425 2779 2491 οὕτως
2813 2426 3080 2481 ἐπέϐαλον
3119 2427 3198 2499 τῷ
3227 2425 3377 2500 ρητῷ
3412 2426 3524 2500 (84)
3555 2426 3703 2480 κατά
3736 2427 3869 2498 τὴν

2232 2516 2491 2590 δευτέραν
2522 2516 2885 2589 ἐπιχείρησιν.
2916 2518 2981 2571 Εἰ
3009 2516 3067 2570 δέ
3088 2534 3174 2580 τις
3188 2516 3394 2588 βέλτιον
3415 2517 3584 2587 λέγοι,
3614 2518 3650 2589 ἢ
3681 2518 3871 2591 Scopa

2233 2609 2353 2682 θοίη
2375 2609 2617 2674 εὐσεϐῶς
2632 2609 2701 2663 τὰ
2726 2612 2758 2681 ἡ
2770 2611 2990 2683 μέτερα,
3016 2610 3111 2664 καὶ
3132 2609 3337 2679 λεγέτω
3351 2610 3443 2664 καὶ
3462 2608 3862 2682 διορθούσϐω,

2232 2702 2328 2754 καὶ
2383 2701 2412 2754 6
2454 2700 2660 2774 Κύριος
2708 2700 3078 2755 ἀνταποδὼσει
3108 2701 3249 2771 ὑπὲρ
3281 2701 3461 2773 ἡμῶν.
3501 2700 3698 2764 Οὐδεὶς
3720 2702 3865 2774 γὰρ

2234 2793 2363 2866 παρ’
2418 2795 2551 2865 ἡμῖν
2603 2792 2879 2859 αὐλίζεται
2913 2792 3125 2863 φθόνος,
3166 2792 3253 2845 ὅτι
3308 2791 3444 2864 μηδὲ
3487 2792 3865 2862 φιλονεικίας

2233 2886 2418 2939 ἕνεκεν
2450 2884 2484 2956 ἢ
2516 2884 2822 2952 κενοδοξίας
2848 2884 2958 2956 (85)
2981 2885 3075 2937 ἐπὶ
3106 2886 3265 2956 τήνδε
3297 2885 3399 2955 τὴν
3430 2883 3685 2949 ἐξέτασιν
3719 2886 3863 2939 τῶν

546 2976 710 3032 nobis
740 2973 1116 3030 remunerabit
1159 2971 1446 3027 Dominus.
1475 2968 1636 3025 Nulla
1665 2970 1810 3025 enim
1848 2968 1991 3041 apud
2028 2985 2130 3025 nos

2265 2977 2496 3047 ημάτων
2559 2977 2992 3046 κεχωρήκαμεν⁶
3031 2973 3147 3026 ἀλλ’
3176 2972 3450 3043 ὠφελείας
3485 2974 3674 3027 ἕνεκεν
3716 2975 3861 3028 τῶν

546 3067 759 3123 habitat
789 3065 1017 3129 invidia,
1049 3074 1108 3119 ut
1131 3063 1227 3134 qui
1260 3078 1362 3119 nec
1383 3063 1778 3127 contentionis,
1805 3077 1908 3118 nec
1942 3062 2130 3117 inanis

2265 3066 2502 3138 ιδελφῶν,
2556 3068 2699 3138 ὑπὲρ
2750 3066 2844 3120 τοῦ
2909 3065 2984 3137 μὴ
3030 3065 3208 3119 δοκεῖν
3251 3063 3706 3137 παρακρούεσθαι
3774 3065 3861 3119 τὰ

546 3159 738 3233 glorise
778 3157 964 3215 studio
1014 3157 1083 3212 ad
1125 3157 1268 3211 hanc
1312 3156 1607 3211 verborum
1651 3155 2129 3226 investigationem

550 3252 957 3308 accesserimus
986 3266 1002 3315 ;
1053 3248 1150 3305 sed
1184 3255 1413 3319 propter
1441 3246 1676 3302 fratrum
1704 3248 2025 3313 utilitatem,
2061 3262 2132 3303 ne

561 3352 806 3400 testacea
832 3355 964 3397 vasa
1002 3340 1324 3396 thesaurum
1354 3338 1450 3395 Dei
1481 3339 1739 3396 habentia
1770 3340 1842 3394 ab
1887 3339 2130 3395 homini-

2237 3159 2537 3231 ὀστράκινα
2567 3156 2759 3229 σκεύη,
2796 3155 2867 3209 τὰ
2901 3156 2993 3209 τὸν
3028 3155 3300 3229 θησαυρὸν
3325 3156 3520 3227 ἔχοντα
3541 3156 3639 3210 τοῦ
3662 3156 3857 3221 Θεοῦ,

2238 3251 2345 3305 ὑπὸ
2374 3245 2482 3305 τῶν
2540 3248 2896 3321 λιθοκαρδίων
2948 3249 3043 3303 καί⁸
3079 3250 3471 3321 ἀπεριτμήτων
3495 3248 3858 3321 ἀνθρώπιον,

2238 3342 2345 3395 τῶν
2380 3343 2446 3394 ὲκ
2464 3339 2567 3410 τῆς
2586 3341 2777 3411 μωρᾶς
2802 3338 3162 3411 ὡπλισμένων
3189 3339 3404 3430 σοφίας.

547 3433 654 3491 bus
687 3448 853 3495 saxeo
898 3431 1065 3488 corde
1098 3431 1342 3502 praeditis
1403 3438 1458 3486 et
1498 3431 1928 3497 incircumcisis,
2002 3431 2100 3502 qui
2137 3447 2205 3488 ex
2245 3435 2412 3490 stulta
2467 3433 2736 3504 sapientia
2798 3435 2995 3487 armati
3065 3443 3237 3499 sunt,
3296 3433 3695 3489 circumveniri
3772 3434 3860 3486 vi-

542 3529 802 3585 deantur.

622 3619 678 3674 8.
720 3617 936 3674 Rursus
984 3633 1081 3690 per
1125 3619 1433 3689 sapientem
1493 3615 1844 3674 Salomonem
1900 3617 1956 3671 in
1996 3615 2135 3672 Pro-

2309 3616 2363 3672 8.
2399 3616 2570 3671 Πάλιν
2601 3615 2690 3670 διὰ
2711 3614 2806 3669 τοῦ
2832 3615 2997 3685 σοφοῦ
3028 3616 3373 3687 Σολομῶντος
3401 3622 3459 3673 ὲν
3492 3621 3855 3694 Παροιμίαις

542 3711 751 3767 verbiis
793 3718 1013 3766 creatus
1043 3718 1148 3767 est.
1187 3710 1449 3765 Dominus
1494 3711 1656 3774 enim,
1691 3710 1893 3781 inquit,
1939 3712 2132 3765 creavit

2268 3726 2499 3763 κτισται.
2533 3709 2748 3776 Κῦριος
2797 3708 2927 3779 γὰρ,
2966 3710 3151 3781 φησὶν,
3185 3709 3391 3765 ἔκτισέ
3403 3729 3500 3781 με.
3536 3713 3651 3766 Καὶ
3681 3716 3852 3789 ἀρχὴ

547 3822 629 3860 me
653 3804 722 3860 "°.
758 3801 825 3858 Et
869 3804 1089 3858 initium
1123 3804 1340 3859 viarum
1389 3803 1829 3873 evangelicarum
1880 3806 2135 3859 nomina-

2237 3801 2373 3853 ὁδῶν
2394 3800 2764 3870 εὑαγγελικῶν
2790 3801 3139 3872 ὀνομάζεται,
3153 3802 3401 3871 ἀγουσῶν
3414 3806 3561 3876 ἡμᾶς
3575 3808 3717 3878 πρὸς
3732 3811 3855 3882 τὴν

545 3903 658 3959 tur,
690 3909 813 3965 quas
863 3909 966 3949 nos
1013 3891 1082 3946 ad
1123 3906 1354 3962 regnum
1403 3890 1676 3945 caelorum
1722 3890 1981 3954 ducunt;
2026 3904 2132 3943 non

2265 3892 2518 3944 ιασιλείαν
2541 3891 2649 3944 τῶν
2695 3893 2962 3964 οὐρανῶν,
2990 3893 3051 3946 οὐ
3091 3895 3211 3947 κατ’
3237 3894 3426 3949 οὐσίαν
3462 3897 3664 3962 κτίσις,
3691 3900 3856 3956 ἀλλὰ

554 3985 857 4041 secundum
903 3984 1203 4039 essentiam
1240 3990 1519 4044 creatura,
1555 3982 1650 4036 sed
1690 3982 1990 4036 secundum
2022 3981 2139 4035 dis-

545 4079 928 4150 pensationem
956 4077 1135 4132 l‘actus
1167 4076 1277 4133 via.
1308 4073 1443 4129 Nam
1480 4077 1686 4145 factum
1716 4092 1849 4141 esse,
1896 4081 1951 4129 et
1984 4091 2134 4128 crea-

547 4175 660 4221 tum
686 4184 817 4234 esse,
852 4167 995 4221 idem
1023 4166 1354 4236 significant.
1391 4164 1595 4222 Factus
1632 4176 1719 4221 est
1759 4168 1905 4221 enim
1937 4176 2131 4235 quate-

2240 3982 2384 4035 κατὰ
2409 3982 2507 4053 τὴν
2535 3982 2844 4053 οἰκονομίαν
2886 3983 3006 4046 ὁδὸς
3041 3983 3300 4053 γεγονώς.
3341 3986 3415 4039 Τὸ
3442 3988 3550 4060 γὰρ
3585 3993 3854 4060 γεγονέ-

2240 4090 2362 4137 ναι,
2415 4074 2509 4126 καί
2561 4073 2622 4126 τὸ
2667 4074 2957 4139 ἐκτίσθαι,
2985 4077 3180 4129 ταυτὸν
3223 4076 3392 4148 δηλοῖ.
3443 4080 3531 4144 Ὠς
3571 4080 3685 4154 γὰρ
3712 4085 3854 4149 ὁδὸς

2237 4164 2449 4233 γέγονε,
2484 4166 2580 4218 καὶ
2603 4164 2762 4237 θύρα,
2800 4168 2893 4219 καὶ
2917 4168 3139 4239 ποιμὴν,
3158 4173 3252 4224 καὶ
3276 4171 3525 4240 ἄγγελος,
3564 4177 3660 4229 καὶ
3691 4181 3849 4250 πρό-

548 4276 657 4314 nus
691 4261 779 4315 via
807 4269 859 4314 et
885 4260 1054 4329 janua
1101 4271 1155 4315 et
1190 4269 1380 4329 pastor
1423 4268 1479 4314 et
1515 4261 1745 4314 nuntius
1788 4268 1843 4313 et
1885 4262 2024 4325 ovis,
2068 4274 2132 4313 ac

2265 4256 2437 4321 ἰατον,
2492 4262 2587 4311 καὶ
2638 4258 2801 4311 πάλιν
2851 4261 3148 4331 ἀρχιερεὺς
3200 4265 3296 4317 καὶ
3340 4266 3678 4332 ἀπόστολος·
3735 4274 3847 4327 ἄλ-

548 4363 747 4403 rursus
812 4350 1058 4417 pontifex
1122 4356 1177 4403 et
1234 4350 1565 4419 apostolus;
1624 4349 1947 4406 nominibus
2008 4350 2132 4405 aliis

547 4454 649 4512 pro
674 4441 780 4493 alia
814 4440 1205 4496 considerandi
1235 4441 1449 4496 ratione
1478 4443 1698 4512 positis.
1738 4441 1952 4498 Rursus
2001 4442 2130 4513 quid

549 4533 697 4588 dicat
728 4533 1016 4588 harreticus
1055 4534 1166 4603 87
1213 4534 1281 4588 de
1314 4549 1423 4589 non
1470 4534 1719 4603 subjecto
1750 4533 1882 4597 Deo,
1924 4542 1979 4590 et
2006 4550 2134 4604 pro-

548 4633 671 4695 pter
717 4640 818 4679 nos
873 4624 1017 4679 facto
1066 4625 1330 4694 peccato?
1393 4624 1669 4695 Scriptum
1719 4641 1955 4696 namque
1994 4635 2129 4681 est:

547 4713 683 4772 Cum
714 4716 951 4786 subjecta
995 4716 1195 4786 fuerint
1225 4716 1311 4770 illi
1345 4718 1546 4779 omnia,
1580 4726 1702 4771 tunc
1730 4727 1779 4771 et
1809 4721 1924 4787 ipse
1950 4717 2000 4770 F
2002 4718 2132 4771 ilius

547 4804 814 4872 subjectus
855 4805 956 4858 erit
996 4806 1065 4870 ei,
1119 4806 1211 4874 qui
1257 4804 1483 4874 subjecit
1529 4805 1633 4861 sibi
1678 4807 1858 4860 omnia
1902 4807 1970 4861 ἰ.
2010 4805 2132 4861 Non

549 4893 729 4955 times,
764 4908 798 4948 o
831 4893 1013 4953 homo.
1047 4910 1173 4948 cum
1208 4893 1355 4951 Deus
1395 4912 1509 4951 non
1550 4897 1842 4966 subjectus
1886 4898 2128 4968 appella-

547 4985 671 5037 turi
712 4982 885 5039 Tuam
941 4987 1086 5041 enim
1138 4987 1576 5057 subiectionem,
1631 5005 1790 5045 suam
1852 4989 2023 5055 facit;
2074 4996 2131 5044 et

2237 4347 2345 4402 λων
2375 4348 2485 4420 (86)
2520 4351 2640 4402 κατ’
2662 4349 2830 4420 ἄλλην
2876 4352 3119 4407 ἐπίνοιαν
3162 4354 3271 4407 τῶν
3315 4356 3597 4430 ὀνομάτων
3630 4368 3849 4435 κειμέο

2238 4457 2363 4495 νων.
2397 4442 2462 4493 Τί
2484 4440 2549 4494 ἂν
2582 4440 2728 4495 εἴποι
2767 4442 2930 4496 πάλιν
2968 4446 2997 4497 6
3024 4446 3303 4517 αἰρετικὸς
3336 4449 3465 4520 περὶ
3502 4450 3596 4504 τοῦ
3624 4454 3851 4509 ἀνυπο-

2235 4532 2436 4586 τάκτου
2487 4532 2644 4597 Θεοῦ,
2688 4535 2784 4587 καὶ
2820 4534 2916 4588 τοῦ
2944 4535 3011 4589 δι’
3037 4539 3186 4607 ἡμᾶς
3221 4539 3495 4611 ἁμαρτίαν
3528 4558 3732 4617 γεγενη
3745 4549 3852 4618 μέ..

2237 4642 2364 4692 νου;
2428 4625 2741 4698 Γέγραπται
2798 4629 2936 4699 γάρ·
2993 4629 3179 4684 Ὅταν
3223 4634 3498 4704 ὑποταγῇ
3550 4638 3717 4703 αὐτῷ
3768 4642 3850 4695 τὰ

2237 4713 2454 4779 πάντα,
2483 4717 2619 4769 τότε·
2675 4717 2773 4770 καὶ
2833 4718 3017 4784 αὐτὸς
3037 4723 3071 4773 ό
3108 4721 3241 4786 Υἱὸς
3275 4725 3722 4793 ὑποταγήσεται
3756 4731 3848 4797 τῷ

2233 4807 2604 4871 ὑποτάξαντι
2652 4809 2813 4875 αὐτῷ
2864 4813 2936 4865 τὰ
2977 4812 3193 4867 πάντα.
3231 4817 3306 4868 Οὐ
3349 4819 3510 4888 φοϐῇ,
3546 4820 3843 4887 ἄνθρωπε,

2232 4899 2486 4953 τὸνεθεὸν
2538 4901 2917 4956 ἀνυπότακτον
2951 4905 3401 4977 ὀνομαζόμενονς
3435 4910 3547 4981 Τὴν
3590 4913 3705 4986 γάρ
3732 4920 3845 4989 σὴν

2232 4990 2512 5062 ὑποταγὴν
2538 4991 2673 5046 ἰδίαν
2702 4998 2957 5062 ποιεῖται,
2981 5000 3075 5051 καὶ
3094 5000 3152 5052 ἐν
3172 4998 3250 5070 τῷ
3270 5001 3587 5056 ἀντιτείνειν
3607 5021 3669 5056 σε
3693 5010 3845 5078 πρὸς

623 5134 667 5169 ⁸⁵
697 5136 1136 5221 Jnoan._xl_v,.98.
1212 5139 1476 5221 “ﬁalatth.
1519 5158 1611 5208 xx,
1657 5142 1744 5196 50.
1823 5142 1868 5173 ⁸⁷
1895 5143 1917 5197 1
1946 5142 2074 5200 Cor.
2119 5163 2132 5200 ι

2265 5144 2346 5200 24.
2426 5146 2472 5178 ⁶⁸
2498 5148 2622 5203 Act.
2661 5165 2699 5212 ι,
2737 5150 2794 5215 6,
2852 5151 2902 5208 7.
2980 5154 3024 5185 ”
3056 5151 3217 5210 Joan.
3255 5173 3387 5221 xvu,
3413 5159 3505 5214 21.
3581 5161 3628 5192 ⁷⁸³
3661 5160 3837 5221 Prov.
3870 5130 3871 5167 ἶ

548 5220 670 5268 vm,
706 5208 796 5262 22.
874 5209 917 5240 “
950 5208 1117 5264 lCor.
1145 5227 1234 5275 xv,
1260 5209 1353 5266 28.

624 5326 736 5467 (82;
775 5329 848 5381 Ἢ
874 5331 1137 5397 καιρούς.
1181 5328 1274 5385 Sic
1301 5347 1436 5386 mss.
1468 5330 1617 5386 Editi
1648 5334 1745 5387 καὶ
1766 5333 2010 5406 καιρούς.

624 5396 713 5467 (85
767 5398 884 5464 Οὓς
909 5401 996 5467 μὴ
1030 5400 1286 5467 κατέχει.
1330 5401 1461 5458 Mss.
1486 5398 1560 5455 ὦν
1586 5404 1665 5467 μὴ
1696 5406 1929 5467 μετέχει.

622 5396 733 5536 ἒεό)
767 5398 884 5464 Οὓς
909 5401 996 5468 μὴ
1030 5396 1286 5478 κατέχει.
1330 5401 1461 5480 ηδε.
1486 5398 1560 5455 ὦν
1586 5404 1665 5475 ⁷μὴ
1696 5396 1929 5475 μετέχει.

647 5466 736 5535 84)
779 5468 1109 5525 Ἐπέϐαλον
1133 5489 1214 5536 τῳ
1229 5474 1413 5536 ρητῳ.
1444 5472 1633 5527 Melior
1660 5478 1873 5529 vnletur
1902 5476 1929 5528 li

647 5466 736 5535 84)
779 5466 1109 5525 Ἐπέϐαλον
1133 5466 1214 5537 τῷ
1229 5467 1413 5540 ῥητῷ.
1444 5466 1633 5527 Melior
1654 5466 1873 5529 videtur
1902 5476 2015 5529 haec
2038 5491 2130 5530 ve-

551 5540 729 5614 terum
751 5540 1003 5594 codicum
1026 5541 1298 5612 scriptura
1330 5558 1495 5612 quam
1524 5546 1743 5614 vulgata
1770 5545 2040 5599 ἀπέλαϐον
2070 5546 2133 5600 τὸ

554 5605 738 5677 ῥητόν.

2314 5336 2425 5408 (85)
2453 5339 2834 5415 Κετςοδοξίας.
2858 5341 2956 5415 Sic
2982 5358 3114 5397 mss.
3146 5342 3283 5398 Editi
3310 5345 3630 5415 φιλοδοξίας.
3656 5346 3839 5407 Paulo

2243 5407 2527 5484 βοείη-(δρᾷ.
2561 5407 2694 5484 Reg.
2741 5412 2816 5484 μὴ
2849 5413 3024 5466 δοκεῖν
3058 5407 3505 5484 περικρούέσθαι.

2315 5478 2425 5545 (86)
2462 5478 2903 5537 Ἀ.ἰλων.’[⁴.ἰ1ὶιὶ
2936 5478 3146 5537 addunt
3184 5478 3263 5544 δέ.
3297 5490 3390 5542 sed
3420 5492 3572 5543 deest
3598 5490 3652 5542 in
3686 5506 3833 5548 mss.

2240 5545 2561 5681 ἷᾷιέιῇἓριει
2585 5550 2831 5622 ἁμαρτία
2851 5553 3218 5624 γεγενημένου
3248 5558 3302 5612 in
3319 5558 3445 5613 cod.
3471 5557 3630 5630 Reg.;
3653 5545 3840 5637 ἀμαρξ
