  <div class='ocr_page' id='page_1' title='image "/cluster/home/n/w/nwhite01/storage/ocr_20150623/32/nnc1.0046978879/163.png"; bbox 0 0 3888 6214; ppageno 0'>
   <div class='ocr_carea' id='block_1_1' title="bbox 507 206 620 265">
    <p class='ocr_par' dir='ltr' id='par_1_1' title="bbox 507 206 620 265">
     <span class='ocr_line' id='line_1_1' title="bbox 507 206 620 265; baseline -0.035 0"><span class='ocrx_word' id='word_1_1' title='bbox 507 206 620 265; x_wconf 65' lang='lat'><strong>$63</strong></span> 
     </span>
    </p>
   </div>
   <div class='ocr_carea' id='block_1_2' title="bbox 1861 188 2458 250">
    <p class='ocr_par' dir='ltr' id='par_1_2' title="bbox 1861 188 2458 250">
     <span class='ocr_line' id='line_1_2' title="bbox 1861 188 2458 250; baseline -0.002 0"><span class='ocrx_word' id='word_1_2' title='bbox 1861 195 1922 250; x_wconf 65' lang='grc' dir='ltr'>Β.</span> <span class='ocrx_word' id='word_1_3' title='bbox 1963 188 2204 249; x_wconf 75' lang='lat' dir='ltr'><strong>BASILII</strong></span> <span class='ocrx_word' id='word_1_4' title='bbox 2246 190 2458 249; x_wconf 71' lang='lat' dir='ltr'><strong>MAGNI</strong></span> 
     </span>
    </p>
   </div>
   <div class='ocr_carea' id='block_1_3' title="bbox 3693 185 3826 242">
    <p class='ocr_par' dir='ltr' id='par_1_3' title="bbox 3693 185 3826 242">
     <span class='ocr_line' id='line_1_3' title="bbox 3693 185 3826 242; baseline 0.008 -1"><span class='ocrx_word' id='word_1_5' title='bbox 3693 185 3826 242; x_wconf 70' lang='grc' dir='ltr'><strong>εει</strong></span> 
     </span>
    </p>
   </div>
   <div class='ocr_carea' id='block_1_4' title="bbox 450 300 2099 392">
    <p class='ocr_par' dir='ltr' id='par_1_4' title="bbox 450 313 2098 392">
     <span class='ocr_line' id='line_1_4' title="bbox 450 313 2098 392; baseline -0.008 -16"><span class='ocrx_word' id='word_1_6' title='bbox 450 367 459 376; x_wconf 86' lang='grc'><strong>.</strong></span> <span class='ocrx_word' id='word_1_7' title='bbox 506 320 777 392; x_wconf 81' lang='lat' dir='ltr'><strong>respicias</strong></span> <span class='ocrx_word' id='word_1_8' title='bbox 800 360 813 385; x_wconf 89' lang='lat'><strong>,</strong></span> <span class='ocrx_word' id='word_1_9' title='bbox 845 333 969 389; x_wconf 69' lang='lat' dir='ltr'><strong>quae</strong></span> <span class='ocrx_word' id='word_1_10' title='bbox 1000 316 1233 388; x_wconf 72' lang='lat' dir='ltr'><strong>fulguris</strong></span> <span class='ocrx_word' id='word_1_11' title='bbox 1264 315 1319 370; x_wconf 91' lang='lat' dir='ltr'><strong>in</strong></span> <span class='ocrx_word' id='word_1_12' title='bbox 1354 328 1562 370; x_wconf 85' lang='lat' dir='ltr'><strong>morem</strong></span> <span class='ocrx_word' id='word_1_13' title='bbox 1586 329 1617 369; x_wconf 87' lang='lat' dir='ltr'><strong>e</strong></span> <span class='ocrx_word' id='word_1_14' title='bbox 1640 313 1783 367; x_wconf 76' lang='lat' dir='ltr'><strong>cmlo</strong></span> <span class='ocrx_word' id='word_1_15' title='bbox 1815 313 1966 383; x_wconf 86' lang='lat' dir='ltr'><strong>lapsa</strong></span> <span class='ocrx_word' id='word_1_16' title='bbox 1993 321 2098 377; x_wconf 86' lang='lat' dir='ltr'><strong>est,</strong></span> 
     </span>
    </p>
   </div>
   <div class='ocr_carea' id='block_1_5' title="bbox 2205 300 3828 392">
    <p class='ocr_par' dir='ltr' id='par_1_5' title="bbox 2205 300 3828 385">
     <span class='ocr_line' id='line_1_5' title="bbox 2205 300 3828 385; baseline -0.007 -20"><span class='ocrx_word' id='word_1_17' title='bbox 2205 315 2440 384; x_wconf 85' lang='grc' dir='ltr'>νάμεως,</span> <span class='ocrx_word' id='word_1_18' title='bbox 2463 314 2606 385; x_wconf 72' lang='grc' dir='ltr'>ἥτις,</span> <span class='ocrx_word' id='word_1_19' title='bbox 2635 313 2711 376; x_wconf 84' lang='grc' dir='ltr'>ὡς</span> <span class='ocrx_word' id='word_1_20' title='bbox 2737 307 3016 383; x_wconf 79' lang='grc' dir='ltr'>ἀστραπὴ,</span> <span class='ocrx_word' id='word_1_21' title='bbox 3045 306 3335 362; x_wconf 83' lang='grc' dir='ltr'><strong>πέπτωκεν</strong></span> <span class='ocrx_word' id='word_1_22' title='bbox 3363 300 3470 358; x_wconf 72' lang='grc' dir='ltr'>ἀπὸ</span> <span class='ocrx_word' id='word_1_23' title='bbox 3502 303 3604 357; x_wconf 88' lang='grc' dir='ltr'><strong>τοῦ</strong></span> <span class='ocrx_word' id='word_1_24' title='bbox 3633 304 3828 377; x_wconf 74' lang='grc' dir='ltr'>οὖρα-</span> 
     </span>
    </p>
   </div>
   <div class='ocr_carea' id='block_1_6' title="bbox 507 403 2102 480">
    <p class='ocr_par' dir='ltr' id='par_1_6' title="bbox 507 403 2102 480">
     <span class='ocr_line' id='line_1_6' title="bbox 507 403 2102 480; baseline -0.007 -13"><span class='ocrx_word' id='word_1_25' title='bbox 507 423 565 468; x_wconf 75' lang='grc' dir='ltr'>ιτι</span> <span class='ocrx_word' id='word_1_26' title='bbox 604 427 731 467; x_wconf 81' lang='lat' dir='ltr'><strong>vera</strong></span> <span class='ocrx_word' id='word_1_27' title='bbox 767 413 878 466; x_wconf 84' lang='lat' dir='ltr'><strong>vita</strong></span> <span class='ocrx_word' id='word_1_28' title='bbox 911 410 1136 475; x_wconf 75' lang='lat' dir='ltr'><strong>excidit,</strong></span> <span class='ocrx_word' id='word_1_29' title='bbox 1189 416 1481 480; x_wconf 73' lang='lat' dir='ltr'><strong>propterea</strong></span> <span class='ocrx_word' id='word_1_30' title='bbox 1514 406 1661 476; x_wconf 90' lang='lat' dir='ltr'><strong>quod</strong></span> <span class='ocrx_word' id='word_1_31' title='bbox 1723 403 1956 458; x_wconf 78' lang='lat' dir='ltr'><strong>ascitum</strong></span> <span class='ocrx_word' id='word_1_32' title='bbox 2007 417 2102 457; x_wconf 78' lang='lat' dir='ltr'><strong>ex-</strong></span> 
     </span>
    </p>
   </div>
   <div class='ocr_carea' id='block_1_7' title="bbox 509 496 2103 573">
    <p class='ocr_par' dir='ltr' id='par_1_7' title="bbox 509 496 2103 573">
     <span class='ocr_line' id='line_1_7' title="bbox 509 496 2103 573; baseline -0.009 -13"><span class='ocrx_word' id='word_1_33' title='bbox 509 513 838 573; x_wconf 83' lang='lat' dir='ltr'><strong>ternamque</strong></span> <span class='ocrx_word' id='word_1_34' title='bbox 888 503 1236 557; x_wconf 72' lang='lat' dir='ltr'><strong>sanctitatem</strong></span> <span class='ocrx_word' id='word_1_35' title='bbox 1272 500 1505 560; x_wconf 88' lang='lat' dir='ltr'><strong>habuit,</strong></span> <span class='ocrx_word' id='word_1_36' title='bbox 1544 496 1925 564; x_wconf 82' lang='lat' dir='ltr'><strong>successitque</strong></span> <span class='ocrx_word' id='word_1_37' title='bbox 1968 508 2103 547; x_wconf 93' lang='lat' dir='ltr'><strong>con-</strong></span> 
     </span>
    </p>
   </div>
   <div class='ocr_carea' id='block_1_8' title="bbox 509 584 2102 660">
    <p class='ocr_par' dir='ltr' id='par_1_8' title="bbox 509 584 2102 660">
     <span class='ocr_line' id='line_1_8' title="bbox 509 584 2102 660; baseline -0.008 -10"><span class='ocrx_word' id='word_1_38' title='bbox 509 597 637 651; x_wconf 86' lang='lat' dir='ltr'><strong>silio</strong></span> <span class='ocrx_word' id='word_1_39' title='bbox 665 596 809 649; x_wconf 87' lang='lat' dir='ltr'><strong>male</strong></span> <span class='ocrx_word' id='word_1_40' title='bbox 850 594 1099 647; x_wconf 85' lang='lat' dir='ltr'><strong>mutatio.</strong></span> <span class='ocrx_word' id='word_1_41' title='bbox 1144 592 1334 660; x_wconf 87' lang='lat' dir='ltr'><strong>Itaque</strong></span> <span class='ocrx_word' id='word_1_42' title='bbox 1369 600 1724 659; x_wconf 83' lang='lat' dir='ltr'><strong>posteaquam</strong></span> <span class='ocrx_word' id='word_1_43' title='bbox 1748 587 1863 657; x_wconf 76' lang='lat'><strong>88</strong></span> <span class='ocrx_word' id='word_1_44' title='bbox 1894 595 1948 640; x_wconf 91' lang='lat' dir='ltr'><strong>et</strong></span> <span class='ocrx_word' id='word_1_45' title='bbox 1983 584 2102 639; x_wconf 41' lang='lat' dir='ltr'><strong>unis</strong></span> 
     </span>
    </p>
   </div>
   <div class='ocr_carea' id='block_1_9' title="bbox 513 680 2102 754">
    <p class='ocr_par' dir='ltr' id='par_1_9' title="bbox 513 680 2102 754">
     <span class='ocr_line' id='line_1_9' title="bbox 513 680 2102 754; baseline -0.008 -11"><span class='ocrx_word' id='word_1_46' title='bbox 513 699 624 744; x_wconf 79' lang='lat' dir='ltr'><strong>tate</strong></span> <span class='ocrx_word' id='word_1_47' title='bbox 656 686 880 751; x_wconf 83' lang='lat' dir='ltr'><strong>excidit,</strong></span> <span class='ocrx_word' id='word_1_48' title='bbox 941 693 995 739; x_wconf 88' lang='lat' dir='ltr'><strong>et</strong></span> <span class='ocrx_word' id='word_1_49' title='bbox 1057 683 1361 754; x_wconf 76' lang='lat' dir='ltr'><strong>angelicam</strong></span> <span class='ocrx_word' id='word_1_50' title='bbox 1400 681 1601 750; x_wconf 86' lang='lat' dir='ltr'><strong>abjecit</strong></span> <span class='ocrx_word' id='word_1_51' title='bbox 1631 680 1994 749; x_wconf 82' lang='lat' dir='ltr'><strong>dignitatem,</strong></span> <span class='ocrx_word' id='word_1_52' title='bbox 2035 694 2102 731; x_wconf 81' lang='lat' dir='ltr'><strong>ex</strong></span> 
     </span>
    </p>
   </div>
   <div class='ocr_carea' id='block_1_10' title="bbox 513 774 2102 844">
    <p class='ocr_par' dir='ltr' id='par_1_10' title="bbox 513 774 2102 844">
     <span class='ocr_line' id='line_1_10' title="bbox 513 774 2102 844; baseline -0.007 -7"><span class='ocrx_word' id='word_1_53' title='bbox 513 785 761 838; x_wconf 88' lang='lat' dir='ltr'><strong>moribus</strong></span> <span class='ocrx_word' id='word_1_54' title='bbox 811 784 991 836; x_wconf 85' lang='lat' dir='ltr'><strong>dictus</strong></span> <span class='ocrx_word' id='word_1_55' title='bbox 1042 788 1127 834; x_wconf 83' lang='lat' dir='ltr'><strong>est</strong></span> <span class='ocrx_word' id='word_1_56' title='bbox 1196 779 1494 843; x_wconf 87' lang='lat' dir='ltr'><strong>diabolus,</strong></span> <span class='ocrx_word' id='word_1_57' title='bbox 1559 777 1830 830; x_wconf 71' lang='lat' dir='ltr'><strong>cxsuinctu</strong></span> <span class='ocrx_word' id='word_1_58' title='bbox 1882 774 2102 844; x_wconf 85' lang='lat' dir='ltr'><strong>quidem</strong></span> 
     </span>
    </p>
   </div>
   <div class='ocr_carea' id='block_1_11' title="bbox 512 864 2102 945">
    <p class='ocr_par' dir='ltr' id='par_1_11' title="bbox 512 864 2102 945">
     <span class='ocr_line' id='line_1_11' title="bbox 512 864 2102 945; baseline -0.006 -19"><span class='ocrx_word' id='word_1_59' title='bbox 512 874 701 945; x_wconf 88' lang='lat' dir='ltr'><strong>priore</strong></span> <span class='ocrx_word' id='word_1_60' title='bbox 742 888 805 925; x_wconf 91' lang='lat' dir='ltr'><strong>ac</strong></span> <span class='ocrx_word' id='word_1_61' title='bbox 840 873 1000 925; x_wconf 83' lang='lat' dir='ltr'><strong>beato</strong></span> <span class='ocrx_word' id='word_1_62' title='bbox 1037 869 1259 928; x_wconf 84' lang='lat' dir='ltr'><strong>habitu.</strong></span> <span class='ocrx_word' id='word_1_63' title='bbox 1306 868 1541 922; x_wconf 82' lang='lat' dir='ltr'><strong>excitata</strong></span> <span class='ocrx_word' id='word_1_64' title='bbox 1573 882 1703 920; x_wconf 81' lang='lat' dir='ltr'><strong>vero</strong></span> <span class='ocrx_word' id='word_1_65' title='bbox 1747 867 1975 919; x_wconf 82' lang='lat' dir='ltr'><strong>adversa</strong></span> <span class='ocrx_word' id='word_1_66' title='bbox 2010 864 2102 917; x_wconf 91' lang='lat' dir='ltr'><strong>illa</strong></span> 
     </span>
    </p>
   </div>
   <div class='ocr_carea' id='block_1_12' title="bbox 523 957 2101 1033">
    <p class='ocr_par' dir='ltr' id='par_1_12' title="bbox 523 957 2101 1033">
     <span class='ocr_line' id='line_1_12' title="bbox 523 957 2101 1033; baseline -0.005 -18"><span class='ocrx_word' id='word_1_67' title='bbox 523 964 784 1033; x_wconf 84' lang='lat' dir='ltr'><strong>potentia.</strong></span> <span class='ocrx_word' id='word_1_68' title='bbox 813 963 894 1016; x_wconf 81' lang='lat' dir='ltr'><strong>Ad</strong></span> <span class='ocrx_word' id='word_1_69' title='bbox 920 963 1036 1016; x_wconf 68' lang='lat' dir='ltr'><strong>haec</strong></span> <span class='ocrx_word' id='word_1_70' title='bbox 1064 961 1109 1016; x_wconf 88' lang='lat' dir='ltr'><strong>si</strong></span> <span class='ocrx_word' id='word_1_71' title='bbox 1140 958 1408 1030; x_wconf 87' lang='lat' dir='ltr'><strong>Spiritum</strong></span> <span class='ocrx_word' id='word_1_72' title='bbox 1434 966 1691 1013; x_wconf 88' lang='lat' dir='ltr'><strong>sanctum</strong></span> <span class='ocrx_word' id='word_1_73' title='bbox 1724 957 1860 1011; x_wconf 85' lang='lat' dir='ltr'><strong>dicit</strong></span> <span class='ocrx_word' id='word_1_74' title='bbox 1881 965 2101 1009; x_wconf 87' lang='lat' dir='ltr'><strong>creatu-</strong></span> 
     </span>
    </p>
   </div>
   <div class='ocr_carea' id='block_1_13' title="bbox 510 1046 2104 1121">
    <p class='ocr_par' dir='ltr' id='par_1_13' title="bbox 510 1046 2104 1121">
     <span class='ocr_line' id='line_1_13' title="bbox 510 1046 2104 1121; baseline -0.005 -16"><span class='ocrx_word' id='word_1_75' title='bbox 510 1068 655 1117; x_wconf 85' lang='lat' dir='ltr'><strong>ram,</strong></span> <span class='ocrx_word' id='word_1_76' title='bbox 703 1052 1179 1121; x_wconf 86' lang='lat' dir='ltr'><strong>circumscriptam</strong></span> <span class='ocrx_word' id='word_1_77' title='bbox 1217 1064 1283 1103; x_wconf 87' lang='lat' dir='ltr'><strong>ac</strong></span> <span class='ocrx_word' id='word_1_78' title='bbox 1312 1048 1518 1102; x_wconf 83' lang='lat' dir='ltr'><strong>ﬁnitam</strong></span> <span class='ocrx_word' id='word_1_79' title='bbox 1553 1048 1699 1102; x_wconf 91' lang='lat' dir='ltr'><strong>illius</strong></span> <span class='ocrx_word' id='word_1_80' title='bbox 1732 1056 1984 1100; x_wconf 86' lang='lat' dir='ltr'><strong>naturam</strong></span> <span class='ocrx_word' id='word_1_81' title='bbox 2025 1046 2104 1098; x_wconf 82' lang='lat' dir='ltr'><strong>in-</strong></span> 
     </span>
    </p>
   </div>
   <div class='ocr_carea' id='block_1_14' title="bbox 508 1135 2104 1209">
    <p class='ocr_par' dir='ltr' id='par_1_14' title="bbox 508 1135 2104 1209">
     <span class='ocr_line' id='line_1_14' title="bbox 508 1135 2104 1209; baseline -0.005 -14"><span class='ocrx_word' id='word_1_82' title='bbox 508 1141 682 1197; x_wconf 87' lang='lat' dir='ltr'><strong>ducit.</strong></span> <span class='ocrx_word' id='word_1_83' title='bbox 742 1143 1031 1209; x_wconf 88' lang='lat' dir='ltr'><strong>Quomodo</strong></span> <span class='ocrx_word' id='word_1_84' title='bbox 1087 1157 1217 1209; x_wconf 80' lang='lat' dir='ltr'><strong>ergo</strong></span> <span class='ocrx_word' id='word_1_85' title='bbox 1269 1140 1435 1195; x_wconf 85' lang='lat' dir='ltr'><strong>stabit</strong></span> <span class='ocrx_word' id='word_1_86' title='bbox 1503 1140 1633 1193; x_wconf 87' lang='lat' dir='ltr'><strong>illud</strong></span> <span class='ocrx_word' id='word_1_87' title='bbox 1675 1154 1688 1189; x_wconf 91' lang='lat'><strong>:</strong></span> <span class='ocrx_word' id='word_1_88' title='bbox 1724 1138 1960 1206; x_wconf 75' lang='lat' dir='ltr'><strong>Spiritus</strong></span> <span class='ocrx_word' id='word_1_89' title='bbox 1998 1135 2104 1188; x_wconf 87' lang='lat' dir='ltr'><strong>Do-</strong></span> 
     </span>
    </p>
   </div>
   <div class='ocr_carea' id='block_1_15' title="bbox 512 1227 2102 1300">
    <p class='ocr_par' dir='ltr' id='par_1_15' title="bbox 512 1227 2102 1300">
     <span class='ocr_line' id='line_1_15' title="bbox 512 1227 2102 1300; baseline -0.004 -13"><span class='ocrx_word' id='word_1_90' title='bbox 512 1235 644 1287; x_wconf 85' lang='lat' dir='ltr'><strong>mini</strong></span> <span class='ocrx_word' id='word_1_91' title='bbox 693 1233 907 1300; x_wconf 82' lang='lat' dir='ltr'><strong>replevit</strong></span> <span class='ocrx_word' id='word_1_92' title='bbox 937 1231 1114 1285; x_wconf 81' lang='lat' dir='ltr'><strong>orbem</strong></span> <span class='ocrx_word' id='word_1_93' title='bbox 1150 1240 1414 1283; x_wconf 86' lang='lat' dir='ltr'><strong>terrarum</strong></span> <span class='ocrx_word' id='word_1_94' title='bbox 1437 1229 1527 1281; x_wconf 69' lang='lat'><strong>7°?</strong></span> <span class='ocrx_word' id='word_1_95' title='bbox 1562 1229 1695 1282; x_wconf 89' lang='lat' dir='ltr'><strong>illud</strong></span> <span class='ocrx_word' id='word_1_96' title='bbox 1720 1243 1957 1298; x_wconf 89' lang='lat' dir='ltr'><strong>quoque,</strong></span> <span class='ocrx_word' id='word_1_97' title='bbox 1985 1227 2102 1293; x_wconf 83' lang='lat' dir='ltr'><strong>Quo</strong></span> 
     </span>
    </p>
   </div>
   <div class='ocr_carea' id='block_1_16' title="bbox 508 1321 2100 1394">
    <p class='ocr_par' dir='ltr' id='par_1_16' title="bbox 508 1321 2100 1394">
     <span class='ocr_line' id='line_1_16' title="bbox 508 1321 2100 1394; baseline -0.004 -16"><span class='ocrx_word' id='word_1_98' title='bbox 508 1324 596 1378; x_wconf 84' lang='lat' dir='ltr'><strong>ibo</strong></span> <span class='ocrx_word' id='word_1_99' title='bbox 632 1341 666 1377; x_wconf 90' lang='lat' dir='ltr'><strong>a</strong></span> <span class='ocrx_word' id='word_1_100' title='bbox 700 1322 909 1394; x_wconf 80' lang='lat' dir='ltr'><strong>Spiritu</strong></span> <span class='ocrx_word' id='word_1_101' title='bbox 942 1334 1031 1377; x_wconf 90' lang='lat' dir='ltr'><strong>tuo</strong></span> <span class='ocrx_word' id='word_1_102' title='bbox 1054 1323 1100 1355; x_wconf 81' lang='grc'><strong><em>⁸⁸</em></strong></span> <span class='ocrx_word' id='word_1_103' title='bbox 1136 1322 1161 1374; x_wconf 74' lang='lat' dir='ltr'><strong>Y</strong></span> <span class='ocrx_word' id='word_1_104' title='bbox 1186 1321 1290 1377; x_wconf 88' lang='lat' dir='ltr'><strong>Sed</strong></span> <span class='ocrx_word' id='word_1_105' title='bbox 1320 1336 1498 1392; x_wconf 89' lang='lat' dir='ltr'><strong>neque</strong></span> <span class='ocrx_word' id='word_1_106' title='bbox 1527 1321 1705 1389; x_wconf 87' lang='lat' dir='ltr'><strong>ipsum</strong></span> <span class='ocrx_word' id='word_1_107' title='bbox 1738 1326 1935 1373; x_wconf 88' lang='lat' dir='ltr'><strong>natura</strong></span> <span class='ocrx_word' id='word_1_108' title='bbox 1966 1322 2100 1373; x_wconf 89' lang='lat' dir='ltr'><strong>sim-</strong></span> 
     </span>
    </p>
   </div>
   <div class='ocr_carea' id='block_1_17' title="bbox 511 1410 2102 1485">
    <p class='ocr_par' dir='ltr' id='par_1_17' title="bbox 511 1410 2102 1485">
     <span class='ocr_line' id='line_1_17' title="bbox 511 1410 2102 1485; baseline -0.002 -17"><span class='ocrx_word' id='word_1_109' title='bbox 511 1416 732 1485; x_wconf 88' lang='lat' dir='ltr'><strong>plicem,</strong></span> <span class='ocrx_word' id='word_1_110' title='bbox 791 1422 852 1468; x_wconf 87' lang='lat' dir='ltr'><strong>ut</strong></span> <span class='ocrx_word' id='word_1_111' title='bbox 904 1420 1162 1485; x_wconf 75' lang='lat' dir='ltr'><strong>apparet,</strong></span> <span class='ocrx_word' id='word_1_112' title='bbox 1195 1410 1508 1467; x_wconf 81' lang='lat' dir='ltr'><strong>conﬁtetur.</strong></span> <span class='ocrx_word' id='word_1_113' title='bbox 1563 1410 1705 1466; x_wconf 91' lang='lat' dir='ltr'><strong>Dicit</strong></span> <span class='ocrx_word' id='word_1_114' title='bbox 1736 1411 1883 1465; x_wconf 91' lang='lat' dir='ltr'><strong>enim</strong></span> <span class='ocrx_word' id='word_1_115' title='bbox 1920 1411 2102 1481; x_wconf 90' lang='lat' dir='ltr'><strong>ipsum</strong></span> 
     </span>
    </p>
   </div>
   <div class='ocr_carea' id='block_1_18' title="bbox 512 1504 2098 1575">
    <p class='ocr_par' dir='ltr' id='par_1_18' title="bbox 512 1504 2098 1575">
     <span class='ocr_line' id='line_1_18' title="bbox 512 1504 2098 1575; baseline -0.004 -14"><span class='ocrx_word' id='word_1_116' title='bbox 512 1522 744 1561; x_wconf 88' lang='lat' dir='ltr'><strong>numero</strong></span> <span class='ocrx_word' id='word_1_117' title='bbox 776 1522 967 1560; x_wconf 88' lang='lat' dir='ltr'><strong>unum.</strong></span> <span class='ocrx_word' id='word_1_118' title='bbox 1000 1504 1279 1575; x_wconf 82' lang='lat' dir='ltr'><strong>Quidquid</strong></span> <span class='ocrx_word' id='word_1_119' title='bbox 1314 1512 1495 1558; x_wconf 83' lang='lat' dir='ltr'><strong>autem</strong></span> <span class='ocrx_word' id='word_1_120' title='bbox 1527 1518 1697 1557; x_wconf 84' lang='lat' dir='ltr'><strong>unum</strong></span> <span class='ocrx_word' id='word_1_121' title='bbox 1730 1517 1963 1556; x_wconf 90' lang='lat' dir='ltr'><strong>numero</strong></span> <span class='ocrx_word' id='word_1_122' title='bbox 1992 1509 2098 1567; x_wconf 89' lang='lat' dir='ltr'><strong>est,</strong></span> 
     </span>
    </p>
   </div>
   <div class='ocr_carea' id='block_1_19' title="bbox 513 1592 2098 1666">
    <p class='ocr_par' dir='ltr' id='par_1_19' title="bbox 513 1592 2098 1666">
     <span class='ocr_line' id='line_1_19' title="bbox 513 1592 2098 1666; baseline -0.003 -15"><span class='ocrx_word' id='word_1_123' title='bbox 513 1596 592 1661; x_wconf 90' lang='lat' dir='ltr'><strong>id,</strong></span> <span class='ocrx_word' id='word_1_124' title='bbox 626 1604 686 1650; x_wconf 94' lang='lat' dir='ltr'><strong>ut</strong></span> <span class='ocrx_word' id='word_1_125' title='bbox 719 1596 856 1654; x_wconf 81' lang='lat' dir='ltr'><strong>dixi.</strong></span> <span class='ocrx_word' id='word_1_126' title='bbox 910 1597 1142 1666; x_wconf 83' lang='lat' dir='ltr'><strong>simplex</strong></span> <span class='ocrx_word' id='word_1_127' title='bbox 1178 1610 1289 1650; x_wconf 89' lang='lat' dir='ltr'><strong>non</strong></span> <span class='ocrx_word' id='word_1_128' title='bbox 1339 1603 1443 1650; x_wconf 90' lang='lat' dir='ltr'><strong>est.</strong></span> <span class='ocrx_word' id='word_1_129' title='bbox 1481 1592 1540 1648; x_wconf 88' lang='lat' dir='ltr'><strong>Si</strong></span> <span class='ocrx_word' id='word_1_130' title='bbox 1570 1604 1699 1649; x_wconf 81' lang='lat' dir='ltr'><strong>vero</strong></span> <span class='ocrx_word' id='word_1_131' title='bbox 1731 1595 1960 1664; x_wconf 78' lang='lat' dir='ltr'><strong>simplex</strong></span> <span class='ocrx_word' id='word_1_132' title='bbox 1990 1609 2098 1648; x_wconf 85' lang='lat' dir='ltr'><strong>non</strong></span> 
     </span>
    </p>
   </div>
   <div class='ocr_carea' id='block_1_20' title="bbox 512 1658 2175 1758">
    <p class='ocr_par' dir='ltr' id='par_1_20' title="bbox 512 1658 2175 1758">
     <span class='ocr_line' id='line_1_20' title="bbox 512 1658 2175 1758; baseline -0.003 -14"><span class='ocrx_word' id='word_1_133' title='bbox 512 1696 601 1744; x_wconf 87' lang='lat' dir='ltr'><strong>est</strong></span> <span class='ocrx_word' id='word_1_134' title='bbox 632 1686 869 1758; x_wconf 84' lang='lat' dir='ltr'><strong>Spiritus</strong></span> <span class='ocrx_word' id='word_1_135' title='bbox 900 1698 1125 1743; x_wconf 89' lang='lat' dir='ltr'><strong>sanctus</strong></span> <span class='ocrx_word' id='word_1_136' title='bbox 1147 1727 1162 1751; x_wconf 90' lang='lat'><strong>,</strong></span> <span class='ocrx_word' id='word_1_137' title='bbox 1195 1702 1262 1742; x_wconf 81' lang='lat' dir='ltr'><strong>ex</strong></span> <span class='ocrx_word' id='word_1_138' title='bbox 1290 1685 1533 1741; x_wconf 89' lang='lat' dir='ltr'><strong>essentia</strong></span> <span class='ocrx_word' id='word_1_139' title='bbox 1564 1693 1618 1740; x_wconf 88' lang='lat' dir='ltr'><strong>et</strong></span> <span class='ocrx_word' id='word_1_140' title='bbox 1645 1658 1935 1740; x_wconf 71' lang='lat' dir='ltr'><strong>sanctitate</strong></span> <span class='ocrx_word' id='word_1_141' title='bbox 1970 1700 2099 1739; x_wconf 85' lang='lat' dir='ltr'><strong>con—</strong></span> <span class='ocrx_word' id='word_1_142' title='bbox 2133 1658 2175 1717; x_wconf 73' lang='grc' dir='ltr'><strong><em>Β</em></strong></span> 
     </span>
    </p>
   </div>
   <div class='ocr_carea' id='block_1_21' title="bbox 504 1778 2095 1850">
    <p class='ocr_par' dir='ltr' id='par_1_21' title="bbox 504 1778 2095 1850">
     <span class='ocr_line' id='line_1_21' title="bbox 504 1778 2095 1850; baseline -0.004 -12"><span class='ocrx_word' id='word_1_143' title='bbox 504 1788 622 1838; x_wconf 70' lang='lat' dir='ltr'><strong>stat</strong></span> <span class='ocrx_word' id='word_1_144' title='bbox 668 1799 682 1835; x_wconf 89' lang='lat'>:</span> <span class='ocrx_word' id='word_1_145' title='bbox 731 1781 877 1850; x_wconf 90' lang='lat' dir='ltr'><strong>quod</strong></span> <span class='ocrx_word' id='word_1_146' title='bbox 911 1787 1094 1835; x_wconf 89' lang='lat' dir='ltr'><strong>autem</strong></span> <span class='ocrx_word' id='word_1_147' title='bbox 1124 1786 1210 1835; x_wconf 91' lang='lat' dir='ltr'><strong>est</strong></span> <span class='ocrx_word' id='word_1_148' title='bbox 1260 1778 1552 1848; x_wconf 83' lang='lat' dir='ltr'><strong>ejusmodi,</strong></span> <span class='ocrx_word' id='word_1_149' title='bbox 1592 1781 1957 1848; x_wconf 89' lang='lat' dir='ltr'><strong>compositum</strong></span> <span class='ocrx_word' id='word_1_150' title='bbox 1990 1788 2095 1832; x_wconf 89' lang='lat' dir='ltr'><strong>est.</strong></span> 
     </span>
    </p>
   </div>
   <div class='ocr_carea' id='block_1_22' title="bbox 510 1867 2095 1941">
    <p class='ocr_par' dir='ltr' id='par_1_22' title="bbox 510 1867 2095 1941">
     <span class='ocr_line' id='line_1_22' title="bbox 510 1867 2095 1941; baseline -0.003 -15"><span class='ocrx_word' id='word_1_151' title='bbox 510 1870 619 1926; x_wconf 85' lang='lat' dir='ltr'><strong>Sed</strong></span> <span class='ocrx_word' id='word_1_152' title='bbox 651 1871 776 1941; x_wconf 91' lang='lat' dir='ltr'><strong>quis</strong></span> <span class='ocrx_word' id='word_1_153' title='bbox 800 1872 936 1926; x_wconf 81' lang='lat' dir='ltr'><strong>adeo</strong></span> <span class='ocrx_word' id='word_1_154' title='bbox 964 1872 1193 1926; x_wconf 89' lang='lat' dir='ltr'><strong>demens</strong></span> <span class='ocrx_word' id='word_1_155' title='bbox 1221 1868 1409 1934; x_wconf 79' lang='lat' dir='ltr'><strong>fuerit,</strong></span> <span class='ocrx_word' id='word_1_156' title='bbox 1443 1879 1502 1923; x_wconf 92' lang='lat' dir='ltr'><strong>ut</strong></span> <span class='ocrx_word' id='word_1_157' title='bbox 1541 1867 1810 1939; x_wconf 89' lang='lat' dir='ltr'><strong>Spiritum</strong></span> <span class='ocrx_word' id='word_1_158' title='bbox 1842 1881 2095 1923; x_wconf 83' lang='lat' dir='ltr'><strong>sanctum</strong></span> 
     </span>
    </p>
   </div>
   <div class='ocr_carea' id='block_1_23' title="bbox 515 1959 2099 2033">
    <p class='ocr_par' dir='ltr' id='par_1_23' title="bbox 515 1959 2099 2033">
     <span class='ocr_line' id='line_1_23' title="bbox 515 1959 2099 2033; baseline -0.003 -16"><span class='ocrx_word' id='word_1_159' title='bbox 515 1963 666 2018; x_wconf 87' lang='lat' dir='ltr'><strong>dicat</strong></span> <span class='ocrx_word' id='word_1_160' title='bbox 698 1963 1064 2033; x_wconf 88' lang='lat' dir='ltr'><strong>compositum</strong></span> <span class='ocrx_word' id='word_1_161' title='bbox 1090 2004 1107 2028; x_wconf 92' lang='lat'><strong>,</strong></span> <span class='ocrx_word' id='word_1_162' title='bbox 1144 1976 1210 2017; x_wconf 87' lang='lat' dir='ltr'><strong>ac</strong></span> <span class='ocrx_word' id='word_1_163' title='bbox 1232 1977 1345 2016; x_wconf 91' lang='lat' dir='ltr'><strong>non</strong></span> <span class='ocrx_word' id='word_1_164' title='bbox 1394 1960 1725 2030; x_wconf 87' lang='lat' dir='ltr'><strong>simplicem,</strong></span> <span class='ocrx_word' id='word_1_165' title='bbox 1755 1972 1809 2013; x_wconf 89' lang='lat' dir='ltr'><strong>et</strong></span> <span class='ocrx_word' id='word_1_166' title='bbox 1862 1959 2013 2015; x_wconf 78' lang='lat' dir='ltr'><strong>Patri</strong></span> <span class='ocrx_word' id='word_1_167' title='bbox 2045 1968 2099 2013; x_wconf 83' lang='lat' dir='ltr'><strong>et</strong></span> 
     </span>
    </p>
   </div>
   <div class='ocr_carea' id='block_1_24' title="bbox 510 2050 2101 2121">
    <p class='ocr_par' dir='ltr' id='par_1_24' title="bbox 510 2050 2101 2121">
     <span class='ocr_line' id='line_1_24' title="bbox 510 2050 2101 2121; baseline -0.003 -13"><span class='ocrx_word' id='word_1_168' title='bbox 510 2050 654 2109; x_wconf 85' lang='lat' dir='ltr'><strong>Filio</strong></span> <span class='ocrx_word' id='word_1_169' title='bbox 703 2054 1231 2110; x_wconf 86' lang='lat' dir='ltr'><strong>consubstantialem</strong></span> <span class='ocrx_word' id='word_1_170' title='bbox 1260 2052 1563 2109; x_wconf 86' lang='lat' dir='ltr'><strong>secundum</strong></span> <span class='ocrx_word' id='word_1_171' title='bbox 1601 2051 1974 2121; x_wconf 64' lang='lat' dir='ltr'><strong>simplicitatis</strong></span> <span class='ocrx_word' id='word_1_172' title='bbox 2018 2067 2101 2105; x_wconf 82' lang='lat' dir='ltr'><strong>ra-</strong></span> 
     </span>
    </p>
   </div>
   <div class='ocr_carea' id='block_1_25' title="bbox 509 2144 759 2201">
    <p class='ocr_par' dir='ltr' id='par_1_25' title="bbox 509 2144 759 2201">
     <span class='ocr_line' id='line_1_25' title="bbox 509 2144 759 2201; baseline 0.008 -2"><span class='ocrx_word' id='word_1_173' title='bbox 509 2144 759 2201; x_wconf 70' lang='lat' dir='ltr'><strong>tionem&quot;!</strong></span> 
     </span>
    </p>
   </div>
   <div class='ocr_carea' id='block_1_26' title="bbox 581 2271 2096 2345">
    <p class='ocr_par' dir='ltr' id='par_1_26' title="bbox 581 2271 2096 2345">
     <span class='ocr_line' id='line_1_26' title="bbox 581 2271 2096 2345; baseline -0.001 -16"><span class='ocrx_word' id='word_1_174' title='bbox 581 2273 671 2330; x_wconf 77' lang='grc'><strong>11.</strong></span> <span class='ocrx_word' id='word_1_175' title='bbox 712 2271 871 2340; x_wconf 85' lang='lat' dir='ltr'><strong>Quod</strong></span> <span class='ocrx_word' id='word_1_176' title='bbox 907 2277 956 2329; x_wconf 86' lang='lat' dir='ltr'><strong>si</strong></span> <span class='ocrx_word' id='word_1_177' title='bbox 1013 2289 1267 2330; x_wconf 86' lang='lat' dir='ltr'><strong>sermone</strong></span> <span class='ocrx_word' id='word_1_178' title='bbox 1320 2272 1784 2345; x_wconf 74' lang='lat' dir='ltr'><strong>progrediendum</strong></span> <span class='ocrx_word' id='word_1_179' title='bbox 1812 2281 1929 2338; x_wconf 90' lang='lat' dir='ltr'><strong>est,</strong></span> <span class='ocrx_word' id='word_1_180' title='bbox 1976 2288 2096 2328; x_wconf 89' lang='lat' dir='ltr'><strong>ma-</strong></span> 
     </span>
    </p>
   </div>
   <div class='ocr_carea' id='block_1_27' title="bbox 506 2363 2093 2435">
    <p class='ocr_par' dir='ltr' id='par_1_27' title="bbox 506 2363 2093 2435">
     <span class='ocr_line' id='line_1_27' title="bbox 506 2363 2093 2435; baseline 0.001 -18"><span class='ocrx_word' id='word_1_181' title='bbox 506 2365 740 2435; x_wconf 72' lang='lat' dir='ltr'><strong>ioraque</strong></span> <span class='ocrx_word' id='word_1_182' title='bbox 786 2365 1134 2435; x_wconf 82' lang='lat' dir='ltr'><strong>inspicienda</strong></span> <span class='ocrx_word' id='word_1_183' title='bbox 1155 2404 1171 2429; x_wconf 92' lang='lat'><strong>,</strong></span> <span class='ocrx_word' id='word_1_184' title='bbox 1206 2364 1335 2418; x_wconf 84' lang='lat' dir='ltr'><strong>hinc</strong></span> <span class='ocrx_word' id='word_1_185' title='bbox 1382 2366 1622 2419; x_wconf 79' lang='lat' dir='ltr'><strong>maxime</strong></span> <span class='ocrx_word' id='word_1_186' title='bbox 1644 2363 1884 2417; x_wconf 86' lang='lat' dir='ltr'><strong>divinam</strong></span> <span class='ocrx_word' id='word_1_187' title='bbox 1916 2365 2093 2420; x_wconf 88' lang='lat' dir='ltr'><strong>sancti</strong></span> 
     </span>
    </p>
   </div>
   <div class='ocr_carea' id='block_1_28' title="bbox 511 2452 2096 2526">
    <p class='ocr_par' dir='ltr' id='par_1_28' title="bbox 511 2452 2096 2526">
     <span class='ocr_line' id='line_1_28' title="bbox 511 2452 2096 2526; baseline -0.001 -17"><span class='ocrx_word' id='word_1_188' title='bbox 511 2454 755 2526; x_wconf 81' lang='lat' dir='ltr'><strong>Spiritus</strong></span> <span class='ocrx_word' id='word_1_189' title='bbox 803 2456 1105 2526; x_wconf 89' lang='lat' dir='ltr'><strong>potentiam</strong></span> <span class='ocrx_word' id='word_1_190' title='bbox 1162 2457 1617 2525; x_wconf 87' lang='lat' dir='ltr'><strong>contemplemur.</strong></span> <span class='ocrx_word' id='word_1_191' title='bbox 1668 2452 1798 2509; x_wconf 86' lang='lat' dir='ltr'><strong>Tria</strong></span> <span class='ocrx_word' id='word_1_192' title='bbox 1855 2456 2096 2511; x_wconf 78' lang='lat' dir='ltr'><strong>creatio-</strong></span> 
     </span>
    </p>
   </div>
   <div class='ocr_carea' id='block_1_29' title="bbox 512 2544 2092 2619">
    <p class='ocr_par' dir='ltr' id='par_1_29' title="bbox 512 2544 2092 2619">
     <span class='ocr_line' id='line_1_29' title="bbox 512 2544 2092 2619; baseline -0.001 -17"><span class='ocrx_word' id='word_1_193' title='bbox 512 2563 643 2602; x_wconf 88' lang='lat' dir='ltr'><strong>num</strong></span> <span class='ocrx_word' id='word_1_194' title='bbox 700 2562 901 2619; x_wconf 77' lang='lat' dir='ltr'><strong>genera</strong></span> <span class='ocrx_word' id='word_1_195' title='bbox 965 2547 1022 2601; x_wconf 89' lang='lat' dir='ltr'><strong>in</strong></span> <span class='ocrx_word' id='word_1_196' title='bbox 1059 2544 1347 2616; x_wconf 90' lang='lat' dir='ltr'><strong>Scriptura</strong></span> <span class='ocrx_word' id='word_1_197' title='bbox 1398 2546 1682 2601; x_wconf 90' lang='lat' dir='ltr'><strong>nominata</strong></span> <span class='ocrx_word' id='word_1_198' title='bbox 1732 2547 2092 2603; x_wconf 73' lang='lat' dir='ltr'><strong>invenimus:</strong></span> 
     </span>
    </p>
   </div>
   <div class='ocr_carea' id='block_1_30' title="bbox 511 2636 2096 2708">
    <p class='ocr_par' dir='ltr' id='par_1_30' title="bbox 511 2636 2096 2708">
     <span class='ocr_line' id='line_1_30' title="bbox 511 2636 2096 2708; baseline 0.002 -18"><span class='ocrx_word' id='word_1_199' title='bbox 511 2652 682 2691; x_wconf 90' lang='lat' dir='ltr'><strong>unum</strong></span> <span class='ocrx_word' id='word_1_200' title='bbox 736 2636 958 2707; x_wconf 90' lang='lat' dir='ltr'><strong>quidem</strong></span> <span class='ocrx_word' id='word_1_201' title='bbox 1013 2651 1077 2690; x_wconf 88' lang='lat' dir='ltr'><strong>ac</strong></span> <span class='ocrx_word' id='word_1_202' title='bbox 1130 2637 1400 2707; x_wconf 88' lang='lat' dir='ltr'><strong>primum,</strong></span> <span class='ocrx_word' id='word_1_203' title='bbox 1451 2653 1515 2692; x_wconf 88' lang='lat' dir='ltr'><strong>ex</strong></span> <span class='ocrx_word' id='word_1_204' title='bbox 1561 2636 1735 2692; x_wconf 87' lang='lat' dir='ltr'><strong>nihilo</strong></span> <span class='ocrx_word' id='word_1_205' title='bbox 1775 2640 2096 2708; x_wconf 76' lang='lat' dir='ltr'><strong>produc1io-</strong></span> 
     </span>
    </p>
   </div>
   <div class='ocr_carea' id='block_1_31' title="bbox 510 2725 2096 2797">
    <p class='ocr_par' dir='ltr' id='par_1_31' title="bbox 510 2725 2096 2797">
     <span class='ocr_line' id='line_1_31' title="bbox 510 2725 2096 2797; baseline 0.001 -16"><span class='ocrx_word' id='word_1_206' title='bbox 510 2743 676 2794; x_wconf 91' lang='lat' dir='ltr'><strong>nem;</strong></span> <span class='ocrx_word' id='word_1_207' title='bbox 729 2725 1030 2782; x_wconf 87' lang='lat' dir='ltr'><strong>secundum</strong></span> <span class='ocrx_word' id='word_1_208' title='bbox 1077 2741 1248 2791; x_wconf 86' lang='lat' dir='ltr'><strong>vero,</strong></span> <span class='ocrx_word' id='word_1_209' title='bbox 1309 2742 1377 2781; x_wconf 81' lang='lat' dir='ltr'><strong>ex</strong></span> <span class='ocrx_word' id='word_1_210' title='bbox 1432 2726 1620 2797; x_wconf 89' lang='lat' dir='ltr'><strong>pejore</strong></span> <span class='ocrx_word' id='word_1_211' title='bbox 1661 2728 1716 2782; x_wconf 94' lang='lat' dir='ltr'><strong>in</strong></span> <span class='ocrx_word' id='word_1_212' title='bbox 1750 2729 1945 2784; x_wconf 90' lang='lat' dir='ltr'><strong>melius</strong></span> <span class='ocrx_word' id='word_1_213' title='bbox 1992 2729 2096 2783; x_wconf 88' lang='lat' dir='ltr'><strong>im-</strong></span> 
     </span>
    </p>
   </div>
   <div class='ocr_carea' id='block_1_32' title="bbox 514 2818 2093 2886">
    <p class='ocr_par' dir='ltr' id='par_1_32' title="bbox 514 2818 2093 2886">
     <span class='ocr_line' id='line_1_32' title="bbox 514 2818 2093 2886; baseline 0.002 -14"><span class='ocrx_word' id='word_1_214' title='bbox 514 2819 909 2886; x_wconf 88' lang='lat' dir='ltr'><strong>mutationem;</strong></span> <span class='ocrx_word' id='word_1_215' title='bbox 980 2818 1244 2882; x_wconf 87' lang='lat' dir='ltr'><strong>tertium,</strong></span> <span class='ocrx_word' id='word_1_216' title='bbox 1295 2819 1763 2874; x_wconf 82' lang='lat' dir='ltr'><strong>resurrectionem</strong></span> <span class='ocrx_word' id='word_1_217' title='bbox 1845 2832 2093 2875; x_wconf 89' lang='lat' dir='ltr'><strong>mortuo-</strong></span> 
     </span>
    </p>
   </div>
   <div class='ocr_carea' id='block_1_33' title="bbox 510 2905 2092 2979">
    <p class='ocr_par' dir='ltr' id='par_1_33' title="bbox 510 2905 2092 2979">
     <span class='ocr_line' id='line_1_33' title="bbox 510 2905 2092 2979; baseline 0.002 -16"><span class='ocrx_word' id='word_1_218' title='bbox 510 2926 654 2963; x_wconf 87' lang='lat' dir='ltr'><strong>rum.</strong></span> <span class='ocrx_word' id='word_1_219' title='bbox 692 2910 751 2964; x_wconf 86' lang='lat' dir='ltr'><strong>ln</strong></span> <span class='ocrx_word' id='word_1_220' title='bbox 795 2909 881 2964; x_wconf 91' lang='lat' dir='ltr'><strong>his</strong></span> <span class='ocrx_word' id='word_1_221' title='bbox 932 2909 1174 2979; x_wconf 89' lang='lat' dir='ltr'><strong>reperies</strong></span> <span class='ocrx_word' id='word_1_222' title='bbox 1230 2905 1496 2978; x_wconf 90' lang='lat' dir='ltr'><strong>Spiritum</strong></span> <span class='ocrx_word' id='word_1_223' title='bbox 1542 2918 1793 2964; x_wconf 89' lang='lat' dir='ltr'><strong>sanctum</strong></span> <span class='ocrx_word' id='word_1_224' title='bbox 1829 2926 1936 2964; x_wconf 85' lang='lat' dir='ltr'><strong>una</strong></span> <span class='ocrx_word' id='word_1_225' title='bbox 1968 2926 2092 2966; x_wconf 91' lang='lat' dir='ltr'><strong>cum</strong></span> 
     </span>
    </p>
   </div>
   <div class='ocr_carea' id='block_1_34' title="bbox 2204 397 3828 477">
    <p class='ocr_par' dir='ltr' id='par_1_34' title="bbox 2204 397 3828 477">
     <span class='ocr_line' id='line_1_34' title="bbox 2204 397 3828 477; baseline -0.007 -17"><span class='ocrx_word' id='word_1_226' title='bbox 2204 407 2318 473; x_wconf 87' lang='grc' dir='ltr'>νοῦ,</span> <span class='ocrx_word' id='word_1_227' title='bbox 2355 408 2449 459; x_wconf 78' lang='grc' dir='ltr'><strong>καὶ</strong></span> <span class='ocrx_word' id='word_1_228' title='bbox 2478 406 2700 473; x_wconf 77' lang='grc' dir='ltr'><strong>ἐξέπεσε</strong></span> <span class='ocrx_word' id='word_1_229' title='bbox 2730 405 2829 477; x_wconf 80' lang='grc' dir='ltr'>τῆς</span> <span class='ocrx_word' id='word_1_230' title='bbox 2861 404 3031 466; x_wconf 78' lang='grc' dir='ltr'>ὄντως</span> <span class='ocrx_word' id='word_1_231' title='bbox 3069 401 3234 471; x_wconf 79' lang='grc' dir='ltr'>ζωῆς,</span> <span class='ocrx_word' id='word_1_232' title='bbox 3260 399 3348 454; x_wconf 87' lang='grc' dir='ltr'><strong>διά</strong></span> <span class='ocrx_word' id='word_1_233' title='bbox 3381 397 3443 452; x_wconf 81' lang='grc' dir='ltr'><strong>τδ</strong></span> <span class='ocrx_word' id='word_1_234' title='bbox 3488 399 3828 468; x_wconf 76' lang='grc' dir='ltr'><strong>ἐπίκτητον</strong></span> 
     </span>
    </p>
   </div>
   <div class='ocr_carea' id='block_1_35' title="bbox 2202 491 3825 570">
    <p class='ocr_par' dir='ltr' id='par_1_35' title="bbox 2202 491 3825 570">
     <span class='ocr_line' id='line_1_35' title="bbox 2202 491 3825 570; baseline -0.006 -18"><span class='ocrx_word' id='word_1_235' title='bbox 2202 500 2496 570; x_wconf 77' lang='grc' dir='ltr'><strong>ἐσχηκέναι</strong></span> <span class='ocrx_word' id='word_1_236' title='bbox 2546 499 2644 568; x_wconf 81' lang='grc' dir='ltr'><strong>τὴν</strong></span> <span class='ocrx_word' id='word_1_237' title='bbox 2690 499 2988 568; x_wconf 80' lang='grc' dir='ltr'>ἀγιότητα,</span> <span class='ocrx_word' id='word_1_238' title='bbox 3022 494 3116 548; x_wconf 74' lang='grc' dir='ltr'><strong>καὶ</strong></span> <span class='ocrx_word' id='word_1_239' title='bbox 3165 491 3685 563; x_wconf 77' lang='grc' dir='ltr'><strong>ἐπηκολουθηκέναι</strong></span> <span class='ocrx_word' id='word_1_240' title='bbox 3741 493 3825 561; x_wconf 76' lang='grc' dir='ltr'>τῇ</span> 
     </span>
    </p>
   </div>
   <div class='ocr_carea' id='block_1_36' title="bbox 2203 581 3826 666">
    <p class='ocr_par' dir='ltr' id='par_1_36' title="bbox 2203 581 3826 666">
     <span class='ocr_line' id='line_1_36' title="bbox 2203 581 3826 666; baseline -0.008 -18"><span class='ocrx_word' id='word_1_241' title='bbox 2203 597 2345 666; x_wconf 82' lang='grc' dir='ltr'>κακῇ</span> <span class='ocrx_word' id='word_1_242' title='bbox 2395 593 2555 664; x_wconf 81' lang='grc' dir='ltr'>βουλῇ</span> <span class='ocrx_word' id='word_1_243' title='bbox 2593 592 2688 663; x_wconf 82' lang='grc' dir='ltr'><strong>τὴν</strong></span> <span class='ocrx_word' id='word_1_244' title='bbox 2723 590 3028 643; x_wconf 83' lang='grc' dir='ltr'>ἀλλοίωσιν.</span> <span class='ocrx_word' id='word_1_245' title='bbox 3062 583 3365 656; x_wconf 77' lang='grc' dir='ltr'>Τοιγαροῦν</span> <span class='ocrx_word' id='word_1_246' title='bbox 3406 583 3502 636; x_wconf 75' lang='grc' dir='ltr'>καὶ</span> <span class='ocrx_word' id='word_1_247' title='bbox 3532 581 3826 636; x_wconf 82' lang='grc' dir='ltr'>ἐκπεσὼν</span> 
     </span>
    </p>
   </div>
   <div class='ocr_carea' id='block_1_37' title="bbox 2200 669 3822 755">
    <p class='ocr_par' dir='ltr' id='par_1_37' title="bbox 2200 669 3822 755">
     <span class='ocr_line' id='line_1_37' title="bbox 2200 669 3822 755; baseline -0.009 -17"><span class='ocrx_word' id='word_1_248' title='bbox 2200 684 2302 753; x_wconf 77' lang='grc' dir='ltr'>τῆς</span> <span class='ocrx_word' id='word_1_249' title='bbox 2336 682 2599 755; x_wconf 83' lang='grc' dir='ltr'>μονάδος,</span> <span class='ocrx_word' id='word_1_250' title='bbox 2634 681 2729 735; x_wconf 74' lang='grc' dir='ltr'><strong>καὶ</strong></span> <span class='ocrx_word' id='word_1_251' title='bbox 2778 681 2838 732; x_wconf 85' lang='grc' dir='ltr'><strong>τὸ</strong></span> <span class='ocrx_word' id='word_1_252' title='bbox 2872 677 3160 747; x_wconf 75' lang='grc' dir='ltr'>ἁγγελικὺν</span> <span class='ocrx_word' id='word_1_253' title='bbox 3191 672 3500 746; x_wconf 76' lang='grc' dir='ltr'>ἀπορρίψας</span> <span class='ocrx_word' id='word_1_254' title='bbox 3539 669 3822 742; x_wconf 84' lang='grc' dir='ltr'>ἀξίωμα,</span> 
     </span>
    </p>
   </div>
   <div class='ocr_carea' id='block_1_38' title="bbox 2203 762 3826 848">
    <p class='ocr_par' dir='ltr' id='par_1_38' title="bbox 2203 762 3826 848">
     <span class='ocr_line' id='line_1_38' title="bbox 2203 762 3826 848; baseline -0.008 -20"><span class='ocrx_word' id='word_1_255' title='bbox 2203 775 2311 828; x_wconf 84' lang='grc' dir='ltr'><strong>ἀπὸ</strong></span> <span class='ocrx_word' id='word_1_256' title='bbox 2352 775 2445 828; x_wconf 88' lang='grc' dir='ltr'><strong>τοῦ</strong></span> <span class='ocrx_word' id='word_1_257' title='bbox 2474 775 2677 848; x_wconf 81' lang='grc' dir='ltr'>τρόπου</span> <span class='ocrx_word' id='word_1_258' title='bbox 2706 769 3001 842; x_wconf 74' lang='grc' dir='ltr'>ὠνομάσθη</span> <span class='ocrx_word' id='word_1_259' title='bbox 3039 765 3281 830; x_wconf 75' lang='grc' dir='ltr'>διάϐολος</span> <span class='ocrx_word' id='word_1_260' title='bbox 3302 783 3314 796; x_wconf 89' lang='grc'><strong>·</strong></span> <span class='ocrx_word' id='word_1_261' title='bbox 3352 762 3826 834; x_wconf 77' lang='grc' dir='ltr'>ἀποσϐεσθείσης</span> 
     </span>
    </p>
   </div>
   <div class='ocr_carea' id='block_1_39' title="bbox 2207 854 3819 936">
    <p class='ocr_par' dir='ltr' id='par_1_39' title="bbox 2207 854 3819 936">
     <span class='ocr_line' id='line_1_39' title="bbox 2207 854 3819 936; baseline -0.009 -16"><span class='ocrx_word' id='word_1_262' title='bbox 2207 866 2307 936; x_wconf 81' lang='grc' dir='ltr'><strong>μὲν</strong></span> <span class='ocrx_word' id='word_1_263' title='bbox 2337 866 2503 919; x_wconf 83' lang='grc' dir='ltr'>αὐτοῦ</span> <span class='ocrx_word' id='word_1_264' title='bbox 2539 866 2639 936; x_wconf 77' lang='grc' dir='ltr'>τῆς</span> <span class='ocrx_word' id='word_1_265' title='bbox 2687 864 2962 934; x_wconf 77' lang='grc' dir='ltr'><strong>προτέρας</strong></span> <span class='ocrx_word' id='word_1_266' title='bbox 3003 860 3097 914; x_wconf 69' lang='grc' dir='ltr'>καὶ</span> <span class='ocrx_word' id='word_1_267' title='bbox 3134 859 3409 931; x_wconf 84' lang='grc' dir='ltr'>μακαρίας</span> <span class='ocrx_word' id='word_1_268' title='bbox 3444 856 3651 919; x_wconf 75' lang='grc' dir='ltr'>ἕξεως,</span> <span class='ocrx_word' id='word_1_269' title='bbox 3696 854 3819 924; x_wconf 74' lang='grc' dir='ltr'>τῆς</span> 
     </span>
    </p>
   </div>
   <div class='ocr_carea' id='block_1_40' title="bbox 2202 945 3823 1026">
    <p class='ocr_par' dir='ltr' id='par_1_40' title="bbox 2202 945 3823 1026">
     <span class='ocr_line' id='line_1_40' title="bbox 2202 945 3823 1026; baseline -0.009 -16"><span class='ocrx_word' id='word_1_270' title='bbox 2202 956 2259 1009; x_wconf 84' lang='grc' dir='ltr'>δὲ</span> <span class='ocrx_word' id='word_1_271' title='bbox 2286 956 2670 1026; x_wconf 81' lang='grc' dir='ltr'>ἀντικειμένης</span> <span class='ocrx_word' id='word_1_272' title='bbox 2690 953 2891 1024; x_wconf 80' lang='grc' dir='ltr'>ταύτης</span> <span class='ocrx_word' id='word_1_273' title='bbox 2918 951 3199 1022; x_wconf 87' lang='grc' dir='ltr'>δυνάμεως</span> <span class='ocrx_word' id='word_1_274' title='bbox 3227 946 3579 1016; x_wconf 82' lang='grc' dir='ltr'>ἀναφθείσης.</span> <span class='ocrx_word' id='word_1_275' title='bbox 3600 945 3823 996; x_wconf 82' lang='grc' dir='ltr'>Ἐπει-</span> 
     </span>
    </p>
   </div>
   <div class='ocr_carea' id='block_1_41' title="bbox 2201 1038 3820 1117">
    <p class='ocr_par' dir='ltr' id='par_1_41' title="bbox 2201 1038 3820 1117">
     <span class='ocr_line' id='line_1_41' title="bbox 2201 1038 3820 1117; baseline -0.008 -17"><span class='ocrx_word' id='word_1_276' title='bbox 2201 1066 2271 1100; x_wconf 88' lang='grc' dir='ltr'><strong>τα</strong></span> <span class='ocrx_word' id='word_1_277' title='bbox 2298 1050 2346 1101; x_wconf 83' lang='grc' dir='ltr'><strong>εί</strong></span> <span class='ocrx_word' id='word_1_278' title='bbox 2375 1047 2581 1117; x_wconf 78' lang='grc' dir='ltr'>κτίσμα</span> <span class='ocrx_word' id='word_1_279' title='bbox 2612 1046 2758 1115; x_wconf 81' lang='grc' dir='ltr'>λέγει</span> <span class='ocrx_word' id='word_1_280' title='bbox 2791 1044 2852 1098; x_wconf 85' lang='grc' dir='ltr'>τὸ</span> <span class='ocrx_word' id='word_1_281' title='bbox 2894 1043 3121 1113; x_wconf 83' lang='grc' dir='ltr'>Πνεῦμα</span> <span class='ocrx_word' id='word_1_282' title='bbox 3153 1038 3213 1094; x_wconf 85' lang='grc' dir='ltr'>τὺ</span> <span class='ocrx_word' id='word_1_283' title='bbox 3245 1040 3419 1109; x_wconf 82' lang='grc' dir='ltr'>ἆγιον,</span> <span class='ocrx_word' id='word_1_284' title='bbox 3458 1052 3820 1107; x_wconf 73' lang='grc' dir='ltr'>πεπερατωο</span> 
     </span>
    </p>
   </div>
   <div class='ocr_carea' id='block_1_42' title="bbox 2208 1128 3817 1213">
    <p class='ocr_par' dir='ltr' id='par_1_42' title="bbox 2208 1128 3817 1213">
     <span class='ocr_line' id='line_1_42' title="bbox 2208 1128 3817 1213; baseline -0.009 -19"><span class='ocrx_word' id='word_1_285' title='bbox 2208 1141 2376 1212; x_wconf 89' lang='grc' dir='ltr'>μένην</span> <span class='ocrx_word' id='word_1_286' title='bbox 2404 1142 2501 1213; x_wconf 85' lang='grc' dir='ltr'>τὴν</span> <span class='ocrx_word' id='word_1_287' title='bbox 2527 1140 2689 1211; x_wconf 80' lang='grc' dir='ltr'>φύσιν</span> <span class='ocrx_word' id='word_1_288' title='bbox 2718 1136 2882 1192; x_wconf 81' lang='grc' dir='ltr'>αὑτοῦ</span> <span class='ocrx_word' id='word_1_289' title='bbox 2916 1138 3147 1204; x_wconf 82' lang='grc' dir='ltr'>εἰσάγει.</span> <span class='ocrx_word' id='word_1_290' title='bbox 3177 1133 3302 1196; x_wconf 84' lang='grc' dir='ltr'><strong>Πῶς</strong></span> <span class='ocrx_word' id='word_1_291' title='bbox 3330 1128 3423 1185; x_wconf 84' lang='grc' dir='ltr'><strong>οῦν</strong></span> <span class='ocrx_word' id='word_1_292' title='bbox 3453 1131 3817 1201; x_wconf 76' lang='grc' dir='ltr'>σταθήσεται</span> 
     </span>
    </p>
   </div>
   <div class='ocr_carea' id='block_1_43' title="bbox 2202 1218 3814 1298">
    <p class='ocr_par' dir='ltr' id='par_1_43' title="bbox 2202 1218 3814 1298">
     <span class='ocr_line' id='line_1_43' title="bbox 2202 1218 3814 1298; baseline -0.009 -14"><span class='ocrx_word' id='word_1_293' title='bbox 2202 1231 2283 1295; x_wconf 89' lang='grc' dir='ltr'><strong>τὸ,</strong></span> <span class='ocrx_word' id='word_1_294' title='bbox 2315 1229 2557 1298; x_wconf 80' lang='grc' dir='ltr'>Πνεῦμα</span> <span class='ocrx_word' id='word_1_295' title='bbox 2589 1231 2813 1297; x_wconf 78' lang='grc' dir='ltr'><strong>Κυρίου</strong></span> <span class='ocrx_word' id='word_1_296' title='bbox 2849 1226 3203 1293; x_wconf 80' lang='grc' dir='ltr'><strong>πεπλήρωκε</strong></span> <span class='ocrx_word' id='word_1_297' title='bbox 3236 1223 3351 1290; x_wconf 79' lang='grc' dir='ltr'><strong>τὴν</strong></span> <span class='ocrx_word' id='word_1_298' title='bbox 3386 1218 3814 1289; x_wconf 76' lang='grc' dir='ltr'>οἱκουμένην;</span> 
     </span>
    </p>
   </div>
   <div class='ocr_carea' id='block_1_44' title="bbox 2203 1314 3815 1389">
    <p class='ocr_par' dir='ltr' id='par_1_44' title="bbox 2203 1314 3815 1389">
     <span class='ocr_line' id='line_1_44' title="bbox 2203 1314 3815 1389; baseline -0.007 -14"><span class='ocrx_word' id='word_1_299' title='bbox 2203 1322 2403 1389; x_wconf 80' lang='grc' dir='ltr'>καὶτὸ,</span> <span class='ocrx_word' id='word_1_300' title='bbox 2453 1320 2580 1376; x_wconf 87' lang='grc' dir='ltr'><strong>Ποῦ</strong></span> <span class='ocrx_word' id='word_1_301' title='bbox 2627 1318 2898 1389; x_wconf 80' lang='grc' dir='ltr'>πορευθῶ</span> <span class='ocrx_word' id='word_1_302' title='bbox 2934 1317 3054 1373; x_wconf 85' lang='grc' dir='ltr'>ἀπὸ</span> <span class='ocrx_word' id='word_1_303' title='bbox 3089 1316 3195 1370; x_wconf 87' lang='grc' dir='ltr'><strong>τοῦ</strong></span> <span class='ocrx_word' id='word_1_304' title='bbox 3232 1314 3586 1384; x_wconf 82' lang='grc' dir='ltr'>Πνεύματός</span> <span class='ocrx_word' id='word_1_305' title='bbox 3630 1324 3815 1375; x_wconf 82' lang='grc' dir='ltr'>σου;</span> 
     </span>
    </p>
   </div>
   <div class='ocr_carea' id='block_1_45' title="bbox 2216 1405 3811 1482">
    <p class='ocr_par' dir='ltr' id='par_1_45' title="bbox 2216 1405 3811 1482">
     <span class='ocr_line' id='line_1_45' title="bbox 2216 1405 3811 1482; baseline -0.008 -13"><span class='ocrx_word' id='word_1_306' title='bbox 2216 1415 2355 1469; x_wconf 83' lang='grc' dir='ltr'>Ἀλλ’</span> <span class='ocrx_word' id='word_1_307' title='bbox 2390 1415 2501 1468; x_wconf 72' lang='grc' dir='ltr'>οὐδ’</span> <span class='ocrx_word' id='word_1_308' title='bbox 2541 1414 2746 1466; x_wconf 85' lang='grc' dir='ltr'>ἁπλοῦν</span> <span class='ocrx_word' id='word_1_309' title='bbox 2783 1412 2914 1466; x_wconf 79' lang='grc' dir='ltr'>αὐτὸ</span> <span class='ocrx_word' id='word_1_310' title='bbox 2959 1410 3025 1482; x_wconf 83' lang='grc' dir='ltr'>τῇ</span> <span class='ocrx_word' id='word_1_311' title='bbox 3078 1408 3258 1479; x_wconf 81' lang='grc' dir='ltr'>φύσει,</span> <span class='ocrx_word' id='word_1_312' title='bbox 3292 1407 3368 1470; x_wconf 87' lang='grc' dir='ltr'>ὡς</span> <span class='ocrx_word' id='word_1_313' title='bbox 3399 1405 3600 1470; x_wconf 76' lang='grc' dir='ltr'>ἔοικεν,</span> <span class='ocrx_word' id='word_1_314' title='bbox 3656 1407 3811 1475; x_wconf 82' lang='grc' dir='ltr'>ὀμο-</span> 
     </span>
    </p>
   </div>
   <div class='ocr_carea' id='block_1_46' title="bbox 2202 1499 3811 1581">
    <p class='ocr_par' dir='ltr' id='par_1_46' title="bbox 2202 1499 3811 1581">
     <span class='ocr_line' id='line_1_46' title="bbox 2202 1499 3811 1581; baseline -0.006 -18"><span class='ocrx_word' id='word_1_315' title='bbox 2202 1511 2371 1580; x_wconf 84' lang='grc' dir='ltr'>λογεῖ.</span> <span class='ocrx_word' id='word_1_316' title='bbox 2410 1508 2655 1581; x_wconf 82' lang='grc' dir='ltr'>Ἀριθμῷ</span> <span class='ocrx_word' id='word_1_317' title='bbox 2705 1507 2814 1580; x_wconf 85' lang='grc' dir='ltr'><strong>γὰρ</strong></span> <span class='ocrx_word' id='word_1_318' title='bbox 2846 1506 2904 1559; x_wconf 83' lang='grc' dir='ltr'>ἓν</span> <span class='ocrx_word' id='word_1_319' title='bbox 2948 1502 3078 1559; x_wconf 82' lang='grc' dir='ltr'>αὐτὸ</span> <span class='ocrx_word' id='word_1_320' title='bbox 3105 1503 3381 1574; x_wconf 80' lang='grc' dir='ltr'>ὀνομάζει.</span> <span class='ocrx_word' id='word_1_321' title='bbox 3421 1502 3537 1555; x_wconf 83' lang='grc' dir='ltr'><strong>Πᾶν</strong></span> <span class='ocrx_word' id='word_1_322' title='bbox 3578 1501 3640 1554; x_wconf 82' lang='grc' dir='ltr'>δὲ</span> <span class='ocrx_word' id='word_1_323' title='bbox 3669 1499 3699 1553; x_wconf 85' lang='grc' dir='ltr'><strong>δ</strong></span> <span class='ocrx_word' id='word_1_324' title='bbox 3742 1499 3811 1553; x_wconf 79' lang='grc' dir='ltr'>ἓν</span> 
     </span>
    </p>
   </div>
   <div class='ocr_carea' id='block_1_47' title="bbox 2204 1592 3810 1677">
    <p class='ocr_par' dir='ltr' id='par_1_47' title="bbox 2204 1592 3810 1677">
     <span class='ocr_line' id='line_1_47' title="bbox 2204 1592 3810 1677; baseline -0.009 -19"><span class='ocrx_word' id='word_1_325' title='bbox 2204 1603 2444 1677; x_wconf 83' lang='grc' dir='ltr'>ἀριθμῷ,</span> <span class='ocrx_word' id='word_1_326' title='bbox 2478 1601 2636 1656; x_wconf 89' lang='grc' dir='ltr'>τοῦτο</span> <span class='ocrx_word' id='word_1_327' title='bbox 2675 1602 2775 1672; x_wconf 81' lang='grc' dir='ltr'>οὐχ</span> <span class='ocrx_word' id='word_1_328' title='bbox 2805 1599 3044 1657; x_wconf 80' lang='grc' dir='ltr'>ἁπλοῦν.</span> <span class='ocrx_word' id='word_1_329' title='bbox 3089 1598 3165 1661; x_wconf 87' lang='grc' dir='ltr'>ὼς</span> <span class='ocrx_word' id='word_1_330' title='bbox 3198 1597 3368 1667; x_wconf 78' lang='grc' dir='ltr'>ἔφην,</span> <span class='ocrx_word' id='word_1_331' title='bbox 3402 1595 3573 1649; x_wconf 82' lang='grc' dir='ltr'>ἐστιν.</span> <span class='ocrx_word' id='word_1_332' title='bbox 3618 1595 3688 1647; x_wconf 76' lang='lat' dir='ltr'><strong>Et</strong></span> <span class='ocrx_word' id='word_1_333' title='bbox 3741 1592 3810 1645; x_wconf 80' lang='grc' dir='ltr'>δὲ</span> 
     </span>
    </p>
   </div>
   <div class='ocr_carea' id='block_1_48' title="bbox 2212 1684 3811 1765">
    <p class='ocr_par' dir='ltr' id='par_1_48' title="bbox 2212 1684 3811 1765">
     <span class='ocr_line' id='line_1_48' title="bbox 2212 1684 3811 1765; baseline -0.008 -18"><span class='ocrx_word' id='word_1_334' title='bbox 2212 1694 2288 1765; x_wconf 80' lang='grc' dir='ltr'>μὴ</span> <span class='ocrx_word' id='word_1_335' title='bbox 2322 1690 2526 1746; x_wconf 88' lang='grc' dir='ltr'>άπλοῦν</span> <span class='ocrx_word' id='word_1_336' title='bbox 2568 1694 2684 1745; x_wconf 80' lang='grc' dir='ltr'>ἐστι</span> <span class='ocrx_word' id='word_1_337' title='bbox 2726 1691 2786 1743; x_wconf 86' lang='grc' dir='ltr'><strong>τὸ</strong></span> <span class='ocrx_word' id='word_1_338' title='bbox 2817 1688 3042 1759; x_wconf 82' lang='grc' dir='ltr'>Πνεῦμα</span> <span class='ocrx_word' id='word_1_339' title='bbox 3078 1686 3139 1740; x_wconf 82' lang='grc' dir='ltr'><strong>τὸ</strong></span> <span class='ocrx_word' id='word_1_340' title='bbox 3167 1687 3341 1755; x_wconf 79' lang='grc' dir='ltr'>ἆγιον,</span> <span class='ocrx_word' id='word_1_341' title='bbox 3375 1684 3433 1751; x_wconf 81' lang='grc' dir='ltr'><strong>ἐξ</strong></span> <span class='ocrx_word' id='word_1_342' title='bbox 3474 1684 3672 1747; x_wconf 79' lang='grc' dir='ltr'>οὐσίας</span> <span class='ocrx_word' id='word_1_343' title='bbox 3701 1684 3811 1736; x_wconf 61' lang='grc' dir='ltr'>καὶ</span> 
     </span>
    </p>
   </div>
   <div class='ocr_carea' id='block_1_49' title="bbox 2209 1773 3808 1854">
    <p class='ocr_par' dir='ltr' id='par_1_49' title="bbox 2209 1773 3808 1854">
     <span class='ocr_line' id='line_1_49' title="bbox 2209 1773 3808 1854; baseline -0.007 -15"><span class='ocrx_word' id='word_1_344' title='bbox 2209 1783 2486 1854; x_wconf 87' lang='grc' dir='ltr'>άγιασμοῦ</span> <span class='ocrx_word' id='word_1_345' title='bbox 2517 1783 2852 1852; x_wconf 85' lang='grc' dir='ltr'>συνέστηκε’</span> <span class='ocrx_word' id='word_1_346' title='bbox 2885 1781 2945 1833; x_wconf 82' lang='grc' dir='ltr'><strong>τὸ</strong></span> <span class='ocrx_word' id='word_1_347' title='bbox 2984 1780 3042 1833; x_wconf 85' lang='grc' dir='ltr'>δὲ</span> <span class='ocrx_word' id='word_1_348' title='bbox 3076 1779 3342 1842; x_wconf 82' lang='grc' dir='ltr'>τοιοῦτον,</span> <span class='ocrx_word' id='word_1_349' title='bbox 3369 1775 3650 1830; x_wconf 85' lang='grc' dir='ltr'>σύνθετον.</span> <span class='ocrx_word' id='word_1_350' title='bbox 3690 1773 3808 1828; x_wconf 78' lang='grc' dir='ltr'><strong>Καὶ</strong></span> 
     </span>
    </p>
   </div>
   <div class='ocr_carea' id='block_1_50' title="bbox 2205 1862 3807 1944">
    <p class='ocr_par' dir='ltr' id='par_1_50' title="bbox 2205 1862 3807 1944">
     <span class='ocr_line' id='line_1_50' title="bbox 2205 1862 3807 1944; baseline -0.009 -15"><span class='ocrx_word' id='word_1_351' title='bbox 2205 1876 2290 1939; x_wconf 89' lang='grc' dir='ltr'><strong>τίς</strong></span> <span class='ocrx_word' id='word_1_352' title='bbox 2316 1874 2489 1938; x_wconf 77' lang='grc' dir='ltr'>οὕτως</span> <span class='ocrx_word' id='word_1_353' title='bbox 2517 1873 2763 1944; x_wconf 85' lang='grc' dir='ltr'>ἀνόητος,</span> <span class='ocrx_word' id='word_1_354' title='bbox 2794 1872 2868 1935; x_wconf 82' lang='grc' dir='ltr'>ὡς</span> <span class='ocrx_word' id='word_1_355' title='bbox 2902 1869 3155 1923; x_wconf 84' lang='grc' dir='ltr'>σύνθετον</span> <span class='ocrx_word' id='word_1_356' title='bbox 3184 1869 3359 1920; x_wconf 78' lang='grc' dir='ltr'>εἰπεῖν</span> <span class='ocrx_word' id='word_1_357' title='bbox 3389 1863 3450 1918; x_wconf 82' lang='grc' dir='ltr'><strong>τὸ</strong></span> <span class='ocrx_word' id='word_1_358' title='bbox 3475 1862 3714 1934; x_wconf 86' lang='grc' dir='ltr'>Πνεῦμα</span> <span class='ocrx_word' id='word_1_359' title='bbox 3737 1862 3807 1915; x_wconf 74' lang='grc' dir='ltr'>τὸ</span> 
     </span>
    </p>
   </div>
   <div class='ocr_carea' id='block_1_51' title="bbox 2208 1956 3807 2041">
    <p class='ocr_par' dir='ltr' id='par_1_51' title="bbox 2208 1956 3807 2041">
     <span class='ocr_line' id='line_1_51' title="bbox 2208 1956 3807 2041; baseline -0.011 -16"><span class='ocrx_word' id='word_1_360' title='bbox 2208 1972 2381 2041; x_wconf 79' lang='grc' dir='ltr'>ἅγιον,</span> <span class='ocrx_word' id='word_1_361' title='bbox 2423 1969 2518 2023; x_wconf 72' lang='grc' dir='ltr'><strong>καὶ</strong></span> <span class='ocrx_word' id='word_1_362' title='bbox 2553 1968 2628 2039; x_wconf 84' lang='grc' dir='ltr'>μὴ</span> <span class='ocrx_word' id='word_1_363' title='bbox 2657 1964 2883 2026; x_wconf 86' lang='grc' dir='ltr'>ἁπλοῦν,</span> <span class='ocrx_word' id='word_1_364' title='bbox 2915 1963 3008 2017; x_wconf 74' lang='grc' dir='ltr'>καὶ</span> <span class='ocrx_word' id='word_1_365' title='bbox 3044 1962 3188 2015; x_wconf 87' lang='grc' dir='ltr'><strong>κατά</strong></span> <span class='ocrx_word' id='word_1_366' title='bbox 3215 1961 3306 2014; x_wconf 83' lang='grc' dir='ltr'><strong>τὸν</strong></span> <span class='ocrx_word' id='word_1_367' title='bbox 3338 1959 3439 2030; x_wconf 81' lang='grc' dir='ltr'><strong>τῆς</strong></span> <span class='ocrx_word' id='word_1_368' title='bbox 3480 1956 3807 2028; x_wconf 81' lang='grc' dir='ltr'>ἁπλότητος</span> 
     </span>
    </p>
   </div>
   <div class='ocr_carea' id='block_1_52' title="bbox 2206 2054 3181 2134">
    <p class='ocr_par' dir='ltr' id='par_1_52' title="bbox 2206 2054 3181 2134">
     <span class='ocr_line' id='line_1_52' title="bbox 2206 2054 3181 2134; baseline -0.006 -19"><span class='ocrx_word' id='word_1_369' title='bbox 2206 2065 2361 2132; x_wconf 75' lang='grc' dir='ltr'>λόγον</span> <span class='ocrx_word' id='word_1_370' title='bbox 2390 2060 2675 2134; x_wconf 83' lang='grc' dir='ltr'>ὁμοούσιον</span> <span class='ocrx_word' id='word_1_371' title='bbox 2700 2058 2879 2130; x_wconf 77' lang='grc' dir='ltr'>Πατρὶ</span> <span class='ocrx_word' id='word_1_372' title='bbox 2908 2058 3003 2110; x_wconf 75' lang='grc' dir='ltr'><strong>καὶ</strong></span> <span class='ocrx_word' id='word_1_373' title='bbox 3031 2054 3181 2127; x_wconf 81' lang='grc' dir='ltr'><strong>Υἱῷ;</strong></span> 
     </span>
    </p>
   </div>
   <div class='ocr_carea' id='block_1_53' title="bbox 2278 2271 3799 2356">
    <p class='ocr_par' dir='ltr' id='par_1_53' title="bbox 2278 2271 3799 2356">
     <span class='ocr_line' id='line_1_53' title="bbox 2278 2271 3799 2356; baseline -0.014 -12"><span class='ocrx_word' id='word_1_374' title='bbox 2278 2290 2367 2345; x_wconf 76' lang='lat' dir='ltr'><strong>ll.</strong></span> <span class='ocrx_word' id='word_1_375' title='bbox 2404 2288 2467 2341; x_wconf 83' lang='lat' dir='ltr'><strong>Ei</strong></span> <span class='ocrx_word' id='word_1_376' title='bbox 2491 2287 2549 2340; x_wconf 77' lang='grc' dir='ltr'>δὲ</span> <span class='ocrx_word' id='word_1_377' title='bbox 2570 2286 2652 2339; x_wconf 83' lang='grc' dir='ltr'>δεῖ</span> <span class='ocrx_word' id='word_1_378' title='bbox 2676 2284 2945 2356; x_wconf 79' lang='grc' dir='ltr'>προὸἦναι</span> <span class='ocrx_word' id='word_1_379' title='bbox 2963 2280 3075 2351; x_wconf 81' lang='lat' dir='ltr'><strong>(9i)</strong></span> <span class='ocrx_word' id='word_1_380' title='bbox 3100 2277 3178 2348; x_wconf 78' lang='grc' dir='ltr'><strong>τῷ</strong></span> <span class='ocrx_word' id='word_1_381' title='bbox 3201 2293 3363 2346; x_wconf 77' lang='grc' dir='ltr'>Αογῳ,</span> <span class='ocrx_word' id='word_1_382' title='bbox 3391 2274 3488 2328; x_wconf 76' lang='grc' dir='ltr'>καὶ</span> <span class='ocrx_word' id='word_1_383' title='bbox 3512 2271 3799 2327; x_wconf 67' lang='grc' dir='ltr'>ἐποπτεῦδ</span> 
     </span>
    </p>
   </div>
   <div class='ocr_carea' id='block_1_54' title="bbox 2205 2359 3796 2447">
    <p class='ocr_par' dir='ltr' id='par_1_54' title="bbox 2205 2359 3796 2447">
     <span class='ocr_line' id='line_1_54' title="bbox 2205 2359 3796 2447; baseline -0.013 -15"><span class='ocrx_word' id='word_1_384' title='bbox 2205 2394 2298 2433; x_wconf 86' lang='grc' dir='ltr'><strong>σαι</strong></span> <span class='ocrx_word' id='word_1_385' title='bbox 2340 2377 2409 2430; x_wconf 89' lang='grc' dir='ltr'><strong>τά</strong></span> <span class='ocrx_word' id='word_1_386' title='bbox 2439 2372 2684 2447; x_wconf 74' lang='grc' dir='ltr'>μείζονα,</span> <span class='ocrx_word' id='word_1_387' title='bbox 2719 2373 2784 2423; x_wconf 88' lang='grc' dir='ltr'><strong>ἐκ</strong></span> <span class='ocrx_word' id='word_1_388' title='bbox 2831 2368 3023 2421; x_wconf 80' lang='grc' dir='ltr'>τούτου</span> <span class='ocrx_word' id='word_1_389' title='bbox 3058 2364 3293 2436; x_wconf 83' lang='grc' dir='ltr'>μάλιστα</span> <span class='ocrx_word' id='word_1_390' title='bbox 3330 2363 3430 2433; x_wconf 82' lang='grc' dir='ltr'>τὴν</span> <span class='ocrx_word' id='word_1_391' title='bbox 3469 2360 3661 2432; x_wconf 80' lang='grc' dir='ltr'>θεῖκὴν</span> <span class='ocrx_word' id='word_1_392' title='bbox 3692 2359 3796 2412; x_wconf 79' lang='grc' dir='ltr'>δύ-</span> 
     </span>
    </p>
   </div>
   <div class='ocr_carea' id='block_1_55' title="bbox 2203 2453 3798 2542">
    <p class='ocr_par' dir='ltr' id='par_1_55' title="bbox 2203 2453 3798 2542">
     <span class='ocr_line' id='line_1_55' title="bbox 2203 2453 3798 2542; baseline -0.014 -16"><span class='ocrx_word' id='word_1_393' title='bbox 2203 2488 2367 2542; x_wconf 87' lang='grc' dir='ltr'>ναμιν</span> <span class='ocrx_word' id='word_1_394' title='bbox 2395 2468 2489 2522; x_wconf 86' lang='grc' dir='ltr'><strong>τοῦ</strong></span> <span class='ocrx_word' id='word_1_395' title='bbox 2525 2467 2681 2535; x_wconf 84' lang='grc' dir='ltr'>ἁγίου</span> <span class='ocrx_word' id='word_1_396' title='bbox 2706 2462 3023 2533; x_wconf 85' lang='grc' dir='ltr'>Πνεύματος</span> <span class='ocrx_word' id='word_1_397' title='bbox 3064 2458 3451 2529; x_wconf 79' lang='grc' dir='ltr'>θεωρήσωμεν.</span> <span class='ocrx_word' id='word_1_398' title='bbox 3477 2455 3642 2525; x_wconf 82' lang='grc' dir='ltr'>Τρεῖς</span> <span class='ocrx_word' id='word_1_399' title='bbox 3671 2453 3798 2507; x_wconf 87' lang='grc' dir='ltr'>κτί-</span> 
     </span>
    </p>
   </div>
   <div class='ocr_carea' id='block_1_56' title="bbox 2205 2544 3795 2631">
    <p class='ocr_par' dir='ltr' id='par_1_56' title="bbox 2205 2544 3795 2631">
     <span class='ocr_line' id='line_1_56' title="bbox 2205 2544 3795 2631; baseline -0.012 -15"><span class='ocrx_word' id='word_1_400' title='bbox 2205 2579 2317 2627; x_wconf 87' lang='grc' dir='ltr'>σεις</span> <span class='ocrx_word' id='word_1_401' title='bbox 2363 2559 2679 2631; x_wconf 84' lang='grc' dir='ltr'>εὑρήκαμεν</span> <span class='ocrx_word' id='word_1_402' title='bbox 2713 2552 3119 2625; x_wconf 77' lang='grc' dir='ltr'>ὀνομαζομένας</span> <span class='ocrx_word' id='word_1_403' title='bbox 3167 2551 3224 2602; x_wconf 85' lang='grc' dir='ltr'>ὲν</span> <span class='ocrx_word' id='word_1_404' title='bbox 3266 2550 3331 2615; x_wconf 80' lang='grc' dir='ltr'>τῇ</span> <span class='ocrx_word' id='word_1_405' title='bbox 3377 2547 3603 2619; x_wconf 42' lang='grc' dir='ltr'>Γραφῇ</span> <span class='ocrx_word' id='word_1_406' title='bbox 3655 2544 3795 2615; x_wconf 83' lang='grc' dir='ltr'>μίαν</span> 
     </span>
    </p>
   </div>
   <div class='ocr_carea' id='block_1_57' title="bbox 2206 2631 3792 2727">
    <p class='ocr_par' dir='ltr' id='par_1_57' title="bbox 2206 2631 3792 2727">
     <span class='ocr_line' id='line_1_57' title="bbox 2206 2631 3792 2727; baseline -0.013 -19"><span class='ocrx_word' id='word_1_407' title='bbox 2206 2655 2304 2727; x_wconf 78' lang='grc' dir='ltr'>μὲν</span> <span class='ocrx_word' id='word_1_408' title='bbox 2352 2653 2447 2706; x_wconf 77' lang='grc' dir='ltr'><strong>καὶ</strong></span> <span class='ocrx_word' id='word_1_409' title='bbox 2485 2647 2711 2721; x_wconf 81' lang='grc' dir='ltr'>πρώτην</span> <span class='ocrx_word' id='word_1_410' title='bbox 2739 2648 2839 2718; x_wconf 85' lang='grc' dir='ltr'><strong>τὴν</strong></span> <span class='ocrx_word' id='word_1_411' title='bbox 2876 2645 2984 2698; x_wconf 83' lang='grc' dir='ltr'><strong>ἀπὸ</strong></span> <span class='ocrx_word' id='word_1_412' title='bbox 3013 2642 3107 2696; x_wconf 88' lang='grc' dir='ltr'><strong>τοῦ</strong></span> <span class='ocrx_word' id='word_1_413' title='bbox 3143 2641 3218 2713; x_wconf 81' lang='grc' dir='ltr'>μὴ</span> <span class='ocrx_word' id='word_1_414' title='bbox 3249 2641 3402 2702; x_wconf 74' lang='grc' dir='ltr'>ὄντος</span> <span class='ocrx_word' id='word_1_415' title='bbox 3434 2640 3515 2700; x_wconf 85' lang='grc' dir='ltr'><strong>είς</strong></span> <span class='ocrx_word' id='word_1_416' title='bbox 3546 2635 3608 2689; x_wconf 88' lang='grc' dir='ltr'>τὸ</span> <span class='ocrx_word' id='word_1_417' title='bbox 3647 2631 3792 2688; x_wconf 80' lang='grc' dir='ltr'>εἶναι</span> 
     </span>
    </p>
   </div>
   <div class='ocr_carea' id='block_1_58' title="bbox 2203 2727 3793 2818">
    <p class='ocr_par' dir='ltr' id='par_1_58' title="bbox 2203 2727 3793 2818">
     <span class='ocr_line' id='line_1_58' title="bbox 2203 2727 3793 2818; baseline -0.016 -15"><span class='ocrx_word' id='word_1_418' title='bbox 2203 2746 2576 2818; x_wconf 78' lang='grc' dir='ltr'>παραγωγήνο</span> <span class='ocrx_word' id='word_1_419' title='bbox 2605 2739 2861 2813; x_wconf 83' lang='grc' dir='ltr'>δευτέραν</span> <span class='ocrx_word' id='word_1_420' title='bbox 2905 2737 2962 2789; x_wconf 87' lang='grc' dir='ltr'>δὲ</span> <span class='ocrx_word' id='word_1_421' title='bbox 3011 2736 3108 2807; x_wconf 77' lang='grc' dir='ltr'>τὴν</span> <span class='ocrx_word' id='word_1_422' title='bbox 3139 2730 3247 2787; x_wconf 80' lang='grc' dir='ltr'>ἀπὸ</span> <span class='ocrx_word' id='word_1_423' title='bbox 3290 2730 3383 2785; x_wconf 92' lang='grc' dir='ltr'><strong>τοῦ</strong></span> <span class='ocrx_word' id='word_1_424' title='bbox 3430 2729 3676 2801; x_wconf 83' lang='grc' dir='ltr'>χείρονος</span> <span class='ocrx_word' id='word_1_425' title='bbox 3705 2727 3793 2789; x_wconf 88' lang='grc' dir='ltr'><strong>είς</strong></span> 
     </span>
    </p>
   </div>
   <div class='ocr_carea' id='block_1_59' title="bbox 2199 2820 3787 2911">
    <p class='ocr_par' dir='ltr' id='par_1_59' title="bbox 2199 2820 3787 2911">
     <span class='ocr_line' id='line_1_59' title="bbox 2199 2820 3787 2911; baseline -0.014 -18"><span class='ocrx_word' id='word_1_426' title='bbox 2199 2840 2263 2893; x_wconf 80' lang='grc' dir='ltr'>τὸ</span> <span class='ocrx_word' id='word_1_427' title='bbox 2308 2841 2553 2911; x_wconf 85' lang='grc' dir='ltr'>κρεῖττον</span> <span class='ocrx_word' id='word_1_428' title='bbox 2605 2831 2921 2888; x_wconf 81' lang='grc' dir='ltr'>ἀλλοίωσιν’</span> <span class='ocrx_word' id='word_1_429' title='bbox 2959 2827 3150 2897; x_wconf 84' lang='grc' dir='ltr'>τρίτην</span> <span class='ocrx_word' id='word_1_430' title='bbox 3181 2826 3238 2879; x_wconf 83' lang='grc' dir='ltr'>δὲ</span> <span class='ocrx_word' id='word_1_431' title='bbox 3285 2823 3384 2894; x_wconf 81' lang='grc' dir='ltr'>τὴν</span> <span class='ocrx_word' id='word_1_432' title='bbox 3422 2820 3787 2888; x_wconf 83' lang='grc' dir='ltr'>ἐξανάστασιν</span> 
     </span>
    </p>
   </div>
   <div class='ocr_carea' id='block_1_60' title="bbox 2198 2911 3786 3002">
    <p class='ocr_par' dir='ltr' id='par_1_60' title="bbox 2198 2911 3786 3002">
     <span class='ocr_line' id='line_1_60' title="bbox 2198 2911 3786 3002; baseline -0.013 -16"><span class='ocrx_word' id='word_1_433' title='bbox 2198 2932 2309 2985; x_wconf 82' lang='grc' dir='ltr'><strong>τῶν</strong></span> <span class='ocrx_word' id='word_1_434' title='bbox 2344 2928 2577 3002; x_wconf 85' lang='grc' dir='ltr'>νεκρῶν.</span> <span class='ocrx_word' id='word_1_435' title='bbox 2619 2927 2708 2979; x_wconf 89' lang='grc' dir='ltr'>Ἐν</span> <span class='ocrx_word' id='word_1_436' title='bbox 2752 2923 2976 2985; x_wconf 87' lang='grc' dir='ltr'>ταύταις</span> <span class='ocrx_word' id='word_1_437' title='bbox 3008 2922 3260 2991; x_wconf 80' lang='grc' dir='ltr'>εὑρήσεις</span> <span class='ocrx_word' id='word_1_438' title='bbox 3309 2914 3570 2986; x_wconf 83' lang='grc' dir='ltr'>συνεργὸν</span> <span class='ocrx_word' id='word_1_439' title='bbox 3604 2911 3786 2983; x_wconf 67' lang='grc' dir='ltr'>Πατρὶ</span> 
     </span>
    </p>
   </div>
   <div class='ocr_carea' id='block_1_61' title="bbox 511 3000 2099 3092">
    <p class='ocr_par' dir='ltr' id='par_1_61' title="bbox 511 3000 2093 3075">
     <span class='ocr_line' id='line_1_61' title="bbox 511 3000 2093 3075; baseline 0.002 -17"><span class='ocrx_word' id='word_1_440' title='bbox 511 3004 674 3059; x_wconf 82' lang='lat' dir='ltr'><strong>Patre</strong></span> <span class='ocrx_word' id='word_1_441' title='bbox 706 3011 760 3058; x_wconf 88' lang='lat' dir='ltr'><strong>et</strong></span> <span class='ocrx_word' id='word_1_442' title='bbox 810 3000 949 3057; x_wconf 92' lang='lat' dir='ltr'><strong>Filio</strong></span> <span class='ocrx_word' id='word_1_443' title='bbox 991 3010 1332 3073; x_wconf 87' lang='lat' dir='ltr'><strong>operantem.</strong></span> <span class='ocrx_word' id='word_1_444' title='bbox 1388 3002 1524 3058; x_wconf 66' lang='grc' dir='ltr'>(ΣιεΙί</span> <span class='ocrx_word' id='word_1_445' title='bbox 1580 3009 1727 3058; x_wconf 90' lang='lat' dir='ltr'><strong>enim</strong></span> <span class='ocrx_word' id='word_1_446' title='bbox 1779 3006 2093 3075; x_wconf 89' lang='lat' dir='ltr'><strong>producun-</strong></span> 
     </span>
    </p>
   </div>
   <div class='ocr_carea' id='block_1_62' title="bbox 2205 3000 3782 3092">
    <p class='ocr_par' dir='ltr' id='par_1_62' title="bbox 2205 3000 3782 3092">
     <span class='ocr_line' id='line_1_62' title="bbox 2205 3000 3782 3092; baseline -0.014 -16"><span class='ocrx_word' id='word_1_447' title='bbox 2205 3023 2295 3076; x_wconf 71' lang='grc' dir='ltr'><strong>καὶ</strong></span> <span class='ocrx_word' id='word_1_448' title='bbox 2338 3000 2460 3092; x_wconf 70' lang='grc' dir='ltr'>Υιῷ</span> <span class='ocrx_word' id='word_1_449' title='bbox 2500 3019 2561 3072; x_wconf 87' lang='grc' dir='ltr'><strong>τὸ</strong></span> <span class='ocrx_word' id='word_1_450' title='bbox 2592 3019 2746 3086; x_wconf 83' lang='grc' dir='ltr'>ἆγιον</span> <span class='ocrx_word' id='word_1_451' title='bbox 2785 3012 3027 3083; x_wconf 86' lang='grc' dir='ltr'>Πνεῦμα.</span> <span class='ocrx_word' id='word_1_452' title='bbox 3069 3007 3328 3080; x_wconf 86' lang='grc' dir='ltr'>Οὐρανῶν</span> <span class='ocrx_word' id='word_1_453' title='bbox 3355 3010 3466 3076; x_wconf 86' lang='grc' dir='ltr'><strong>γάρ</strong></span> <span class='ocrx_word' id='word_1_454' title='bbox 3502 3004 3782 3065; x_wconf 83' lang='grc' dir='ltr'>οὐσίωσις.</span> 
     </span>
    </p>
   </div>
   <div class='ocr_carea' id='block_1_63' title="bbox 514 3094 2099 3166">
    <p class='ocr_par' dir='ltr' id='par_1_63' title="bbox 514 3094 2099 3166">
     <span class='ocr_line' id='line_1_63' title="bbox 514 3094 2099 3166; baseline 0.004 -16"><span class='ocrx_word' id='word_1_455' title='bbox 514 3107 625 3150; x_wconf 88' lang='lat' dir='ltr'><strong>tur.</strong></span> <span class='ocrx_word' id='word_1_456' title='bbox 660 3096 801 3162; x_wconf 86' lang='lat' dir='ltr'><strong>Quid</strong></span> <span class='ocrx_word' id='word_1_457' title='bbox 854 3097 968 3166; x_wconf 89' lang='lat' dir='ltr'><strong>jam</strong></span> <span class='ocrx_word' id='word_1_458' title='bbox 1023 3096 1157 3151; x_wconf 86' lang='lat' dir='ltr'><strong>dicit</strong></span> <span class='ocrx_word' id='word_1_459' title='bbox 1207 3094 1427 3151; x_wconf 82' lang='lat' dir='ltr'><strong>David?</strong></span> <span class='ocrx_word' id='word_1_460' title='bbox 1479 3097 1646 3151; x_wconf 82' lang='lat' dir='ltr'><strong>Verbo</strong></span> <span class='ocrx_word' id='word_1_461' title='bbox 1702 3096 1920 3154; x_wconf 85' lang='lat' dir='ltr'><strong>Domini</strong></span> <span class='ocrx_word' id='word_1_462' title='bbox 1985 3104 2099 3156; x_wconf 69' lang='grc' dir='ltr'>ειειὶ</span> 
     </span>
    </p>
   </div>
   <div class='ocr_carea' id='block_1_64' title="bbox 510 3189 2099 3258">
    <p class='ocr_par' dir='ltr' id='par_1_64' title="bbox 510 3189 2099 3258">
     <span class='ocr_line' id='line_1_64' title="bbox 510 3189 2099 3258; baseline 0.004 -17"><span class='ocrx_word' id='word_1_463' title='bbox 510 3191 713 3258; x_wconf 79' lang='lat' dir='ltr'><strong>ﬁrmati</strong></span> <span class='ocrx_word' id='word_1_464' title='bbox 771 3197 935 3253; x_wconf 82' lang='lat' dir='ltr'><strong>sunt,</strong></span> <span class='ocrx_word' id='word_1_465' title='bbox 1003 3196 1054 3241; x_wconf 84' lang='lat' dir='ltr'><strong>et</strong></span> <span class='ocrx_word' id='word_1_466' title='bbox 1098 3189 1293 3256; x_wconf 80' lang='lat' dir='ltr'><strong>spiritu</strong></span> <span class='ocrx_word' id='word_1_467' title='bbox 1357 3192 1467 3243; x_wconf 84' lang='lat' dir='ltr'><strong>oris</strong></span> <span class='ocrx_word' id='word_1_468' title='bbox 1530 3190 1647 3258; x_wconf 79' lang='lat' dir='ltr'><strong>ejus</strong></span> <span class='ocrx_word' id='word_1_469' title='bbox 1707 3193 1875 3245; x_wconf 88' lang='lat' dir='ltr'><strong>omnis</strong></span> <span class='ocrx_word' id='word_1_470' title='bbox 1933 3194 2099 3248; x_wconf 85' lang='lat' dir='ltr'><strong>virtus</strong></span> 
     </span>
    </p>
   </div>
   <div class='ocr_carea' id='block_1_65' title="bbox 510 3278 2099 3351">
    <p class='ocr_par' dir='ltr' id='par_1_65' title="bbox 510 3278 2099 3351">
     <span class='ocr_line' id='line_1_65' title="bbox 510 3278 2099 3351; baseline 0.003 -17"><span class='ocrx_word' id='word_1_471' title='bbox 510 3280 772 3334; x_wconf 77' lang='lat' dir='ltr'><strong>eorum&quot;.</strong></span> <span class='ocrx_word' id='word_1_472' title='bbox 809 3278 1026 3334; x_wconf 84' lang='lat' dir='ltr'><strong>Rursus</strong></span> <span class='ocrx_word' id='word_1_473' title='bbox 1064 3290 1288 3333; x_wconf 79' lang='lat' dir='ltr'><strong>creatur</strong></span> <span class='ocrx_word' id='word_1_474' title='bbox 1346 3279 1512 3333; x_wconf 87' lang='lat' dir='ltr'><strong>homo</strong></span> <span class='ocrx_word' id='word_1_475' title='bbox 1560 3296 1655 3349; x_wconf 86' lang='lat' dir='ltr'><strong>per</strong></span> <span class='ocrx_word' id='word_1_476' title='bbox 1686 3281 1976 3351; x_wconf 89' lang='lat' dir='ltr'><strong>baptisma.</strong></span> <span class='ocrx_word' id='word_1_477' title='bbox 2038 3284 2099 3340; x_wconf 91' lang='lat' dir='ltr'><strong>Si</strong></span> 
     </span>
    </p>
   </div>
   <div class='ocr_carea' id='block_1_66' title="bbox 510 3371 2099 3446">
    <p class='ocr_par' dir='ltr' id='par_1_66' title="bbox 510 3371 2099 3446">
     <span class='ocr_line' id='line_1_66' title="bbox 510 3371 2099 3446; baseline 0.004 -21"><span class='ocrx_word' id='word_1_478' title='bbox 510 3389 616 3442; x_wconf 87' lang='lat' dir='ltr'><strong>qua</strong></span> <span class='ocrx_word' id='word_1_479' title='bbox 669 3373 806 3426; x_wconf 87' lang='lat' dir='ltr'><strong>enim</strong></span> <span class='ocrx_word' id='word_1_480' title='bbox 861 3374 917 3425; x_wconf 88' lang='lat' dir='ltr'><strong>in</strong></span> <span class='ocrx_word' id='word_1_481' title='bbox 965 3371 1183 3427; x_wconf 79' lang='lat' dir='ltr'><strong>Christo</strong></span> <span class='ocrx_word' id='word_1_482' title='bbox 1234 3388 1372 3426; x_wconf 84' lang='lat' dir='ltr'><strong>nova</strong></span> <span class='ocrx_word' id='word_1_483' title='bbox 1412 3385 1684 3427; x_wconf 74' lang='lat' dir='ltr'><strong>&#39;creatura</strong></span> <span class='ocrx_word' id='word_1_484' title='bbox 1707 3373 1776 3427; x_wconf 80' lang='grc'><strong>⁸³.</strong></span> <span class='ocrx_word' id='word_1_485' title='bbox 1809 3373 1926 3428; x_wconf 81' lang='lat' dir='ltr'><strong>Jam</strong></span> <span class='ocrx_word' id='word_1_486' title='bbox 1967 3378 2099 3446; x_wconf 88' lang='lat' dir='ltr'><strong>quid</strong></span> 
     </span>
    </p>
   </div>
   <div class='ocr_carea' id='block_1_67' title="bbox 511 3461 2099 3533">
    <p class='ocr_par' dir='ltr' id='par_1_67' title="bbox 511 3461 2099 3533">
     <span class='ocr_line' id='line_1_67' title="bbox 511 3461 2099 3533; baseline 0.004 -17"><span class='ocrx_word' id='word_1_487' title='bbox 511 3464 647 3518; x_wconf 83' lang='lat' dir='ltr'><strong>dicit</strong></span> <span class='ocrx_word' id='word_1_488' title='bbox 697 3465 984 3533; x_wconf 85' lang='lat' dir='ltr'><strong>discipulis</strong></span> <span class='ocrx_word' id='word_1_489' title='bbox 1046 3462 1344 3517; x_wconf 74' lang='lat' dir='ltr'><strong>Salvator?</strong></span> <span class='ocrx_word' id='word_1_490' title='bbox 1410 3461 1610 3518; x_wconf 84' lang='lat' dir='ltr'><strong>Euntes</strong></span> <span class='ocrx_word' id='word_1_491' title='bbox 1668 3465 1847 3519; x_wconf 83' lang='lat' dir='ltr'><strong>docete</strong></span> <span class='ocrx_word' id='word_1_492' title='bbox 1923 3483 2099 3522; x_wconf 87' lang='lat' dir='ltr'><strong>omnes</strong></span> 
     </span>
    </p>
   </div>
   <div class='ocr_carea' id='block_1_68' title="bbox 510 3556 2102 3626">
    <p class='ocr_par' dir='ltr' id='par_1_68' title="bbox 510 3556 2102 3626">
     <span class='ocr_line' id='line_1_68' title="bbox 510 3556 2102 3626; baseline 0.003 -16"><span class='ocrx_word' id='word_1_493' title='bbox 510 3568 705 3626; x_wconf 71' lang='lat' dir='ltr'><strong>gentes,</strong></span> <span class='ocrx_word' id='word_1_494' title='bbox 758 3557 1092 3626; x_wconf 83' lang='lat' dir='ltr'><strong>baptizantes</strong></span> <span class='ocrx_word' id='word_1_495' title='bbox 1153 3573 1242 3610; x_wconf 87' lang='lat' dir='ltr'><strong>eos</strong></span> <span class='ocrx_word' id='word_1_496' title='bbox 1278 3557 1333 3610; x_wconf 87' lang='lat' dir='ltr'><strong>in</strong></span> <span class='ocrx_word' id='word_1_497' title='bbox 1367 3557 1577 3611; x_wconf 84' lang='lat' dir='ltr'><strong>nomine</strong></span> <span class='ocrx_word' id='word_1_498' title='bbox 1627 3556 1812 3612; x_wconf 83' lang='lat' dir='ltr'><strong>Patris</strong></span> <span class='ocrx_word' id='word_1_499' title='bbox 1866 3572 1918 3613; x_wconf 86' lang='lat' dir='ltr'><strong>et</strong></span> <span class='ocrx_word' id='word_1_500' title='bbox 1967 3558 2102 3615; x_wconf 85' lang='lat' dir='ltr'><strong>Filii</strong></span> 
     </span>
    </p>
   </div>
   <div class='ocr_carea' id='block_1_69' title="bbox 513 3647 2099 3720">
    <p class='ocr_par' dir='ltr' id='par_1_69' title="bbox 513 3647 2099 3720">
     <span class='ocr_line' id='line_1_69' title="bbox 513 3647 2099 3720; baseline 0.002 -16"><span class='ocrx_word' id='word_1_501' title='bbox 513 3664 562 3704; x_wconf 88' lang='lat' dir='ltr'><strong>et</strong></span> <span class='ocrx_word' id='word_1_502' title='bbox 595 3650 827 3720; x_wconf 84' lang='lat' dir='ltr'><strong>Spiritus</strong></span> <span class='ocrx_word' id='word_1_503' title='bbox 876 3652 1051 3704; x_wconf 82' lang='lat' dir='ltr'><strong>sancti</strong></span> <span class='ocrx_word' id='word_1_504' title='bbox 1077 3650 1143 3702; x_wconf 84' lang='grc'>⁸³.</span> <span class='ocrx_word' id='word_1_505' title='bbox 1201 3647 1370 3704; x_wconf 83' lang='lat' dir='ltr'><strong>Vides</strong></span> <span class='ocrx_word' id='word_1_506' title='bbox 1398 3659 1453 3703; x_wconf 91' lang='lat' dir='ltr'><strong>et</strong></span> <span class='ocrx_word' id='word_1_507' title='bbox 1488 3650 1579 3704; x_wconf 87' lang='lat' dir='ltr'><strong>hic</strong></span> <span class='ocrx_word' id='word_1_508' title='bbox 1610 3667 1718 3704; x_wconf 91' lang='lat' dir='ltr'><strong>una</strong></span> <span class='ocrx_word' id='word_1_509' title='bbox 1746 3649 1943 3707; x_wconf 87' lang='lat' dir='ltr'><strong>adesse</strong></span> <span class='ocrx_word' id='word_1_510' title='bbox 1973 3668 2099 3707; x_wconf 91' lang='lat' dir='ltr'><strong>cum</strong></span> 
     </span>
    </p>
   </div>
   <div class='ocr_carea' id='block_1_70' title="bbox 510 3737 2099 3808">
    <p class='ocr_par' dir='ltr' id='par_1_70' title="bbox 510 3737 2099 3808">
     <span class='ocr_line' id='line_1_70' title="bbox 510 3737 2099 3808; baseline 0.002 -14"><span class='ocrx_word' id='word_1_511' title='bbox 510 3737 673 3794; x_wconf 82' lang='lat' dir='ltr'><strong>Patre</strong></span> <span class='ocrx_word' id='word_1_512' title='bbox 704 3749 756 3795; x_wconf 90' lang='lat' dir='ltr'><strong>et</strong></span> <span class='ocrx_word' id='word_1_513' title='bbox 791 3738 927 3793; x_wconf 84' lang='lat' dir='ltr'><strong>Filio</strong></span> <span class='ocrx_word' id='word_1_514' title='bbox 954 3738 1219 3808; x_wconf 88' lang='lat' dir='ltr'><strong>Spiritum</strong></span> <span class='ocrx_word' id='word_1_515' title='bbox 1252 3747 1525 3794; x_wconf 86' lang='lat' dir='ltr'><strong>sanctum.</strong></span> <span class='ocrx_word' id='word_1_516' title='bbox 1564 3737 1710 3805; x_wconf 92' lang='lat' dir='ltr'><strong>Quid</strong></span> <span class='ocrx_word' id='word_1_517' title='bbox 1740 3748 1922 3795; x_wconf 90' lang='lat' dir='ltr'><strong>autem</strong></span> <span class='ocrx_word' id='word_1_518' title='bbox 1946 3742 2099 3797; x_wconf 88' lang='lat' dir='ltr'><strong>dices</strong></span> 
     </span>
    </p>
   </div>
   <div class='ocr_carea' id='block_1_71' title="bbox 512 3833 2102 3903">
    <p class='ocr_par' dir='ltr' id='par_1_71' title="bbox 512 3833 2102 3903">
     <span class='ocr_line' id='line_1_71' title="bbox 512 3833 2102 3903; baseline 0.001 -14"><span class='ocrx_word' id='word_1_519' title='bbox 512 3844 566 3889; x_wconf 89' lang='lat' dir='ltr'><strong>et</strong></span> <span class='ocrx_word' id='word_1_520' title='bbox 618 3834 685 3888; x_wconf 90' lang='lat' dir='ltr'><strong>de</strong></span> <span class='ocrx_word' id='word_1_521' title='bbox 742 3834 1143 3888; x_wconf 88' lang='lat' dir='ltr'><strong>resurrectione</strong></span> <span class='ocrx_word' id='word_1_522' title='bbox 1196 3843 1540 3887; x_wconf 88' lang='lat' dir='ltr'><strong>mortuorum</strong></span> <span class='ocrx_word' id='word_1_523' title='bbox 1569 3872 1584 3896; x_wconf 93' lang='lat'><strong>,</strong></span> <span class='ocrx_word' id='word_1_524' title='bbox 1627 3840 1918 3903; x_wconf 87' lang='lat' dir='ltr'><strong>postquam</strong></span> <span class='ocrx_word' id='word_1_525' title='bbox 1953 3833 2102 3890; x_wconf 82' lang='lat' dir='ltr'><strong>defe-</strong></span> 
     </span>
    </p>
   </div>
   <div class='ocr_carea' id='block_1_72' title="bbox 512 3924 2102 3994">
    <p class='ocr_par' dir='ltr' id='par_1_72' title="bbox 512 3924 2102 3994">
     <span class='ocr_line' id='line_1_72' title="bbox 512 3924 2102 3994; baseline -0.001 -12"><span class='ocrx_word' id='word_1_526' title='bbox 512 3927 749 3982; x_wconf 87' lang='lat' dir='ltr'><strong>cerimus</strong></span> <span class='ocrx_word' id='word_1_527' title='bbox 780 3965 795 3988; x_wconf 89' lang='lat'><strong>,</strong></span> <span class='ocrx_word' id='word_1_528' title='bbox 842 3934 895 3980; x_wconf 92' lang='lat' dir='ltr'><strong>et</strong></span> <span class='ocrx_word' id='word_1_529' title='bbox 936 3926 991 3978; x_wconf 89' lang='lat' dir='ltr'><strong>in</strong></span> <span class='ocrx_word' id='word_1_530' title='bbox 1043 3931 1296 3979; x_wconf 87' lang='lat' dir='ltr'><strong>nostrum</strong></span> <span class='ocrx_word' id='word_1_531' title='bbox 1343 3925 1620 3994; x_wconf 87' lang='lat' dir='ltr'><strong>pulverem</strong></span> <span class='ocrx_word' id='word_1_532' title='bbox 1668 3926 1875 3979; x_wconf 83' lang='lat' dir='ltr'><strong>reversi</strong></span> <span class='ocrx_word' id='word_1_533' title='bbox 1929 3924 2102 3980; x_wconf 85' lang='lat' dir='ltr'><strong>fueri-</strong></span> 
     </span>
    </p>
   </div>
   <div class='ocr_carea' id='block_1_73' title="bbox 509 4016 2102 4084">
    <p class='ocr_par' dir='ltr' id='par_1_73' title="bbox 509 4016 2102 4084">
     <span class='ocr_line' id='line_1_73' title="bbox 509 4016 2102 4084; baseline -0.001 -9"><span class='ocrx_word' id='word_1_534' title='bbox 509 4018 674 4075; x_wconf 87' lang='lat' dir='ltr'><strong>mus?</strong></span> <span class='ocrx_word' id='word_1_535' title='bbox 703 4016 873 4071; x_wconf 90' lang='lat' dir='ltr'><strong>Terra</strong></span> <span class='ocrx_word' id='word_1_536' title='bbox 915 4018 1059 4072; x_wconf 91' lang='lat' dir='ltr'><strong>enim</strong></span> <span class='ocrx_word' id='word_1_537' title='bbox 1087 4033 1312 4083; x_wconf 90' lang='lat' dir='ltr'><strong>sumus,</strong></span> <span class='ocrx_word' id='word_1_538' title='bbox 1348 4025 1403 4073; x_wconf 90' lang='lat' dir='ltr'><strong>et</strong></span> <span class='ocrx_word' id='word_1_539' title='bbox 1447 4019 1503 4073; x_wconf 88' lang='lat' dir='ltr'><strong>in</strong></span> <span class='ocrx_word' id='word_1_540' title='bbox 1545 4027 1745 4072; x_wconf 90' lang='lat' dir='ltr'><strong>terram</strong></span> <span class='ocrx_word' id='word_1_541' title='bbox 1776 4018 2002 4084; x_wconf 89' lang='lat' dir='ltr'><strong>ibimus,</strong></span> <span class='ocrx_word' id='word_1_542' title='bbox 2047 4028 2102 4074; x_wconf 89' lang='lat' dir='ltr'><strong>et</strong></span> 
     </span>
    </p>
   </div>
   <div class='ocr_carea' id='block_1_74' title="bbox 511 4106 2103 4178">
    <p class='ocr_par' dir='ltr' id='par_1_74' title="bbox 511 4106 2103 4178">
     <span class='ocr_line' id='line_1_74' title="bbox 511 4106 2103 4178; baseline 0.001 -14"><span class='ocrx_word' id='word_1_543' title='bbox 511 4109 689 4164; x_wconf 86' lang='lat' dir='ltr'><strong>mittet</strong></span> <span class='ocrx_word' id='word_1_544' title='bbox 735 4106 1000 4178; x_wconf 85' lang='lat' dir='ltr'><strong>Spiritum</strong></span> <span class='ocrx_word' id='word_1_545' title='bbox 1044 4117 1294 4162; x_wconf 88' lang='lat' dir='ltr'><strong>sanctum</strong></span> <span class='ocrx_word' id='word_1_546' title='bbox 1323 4149 1341 4175; x_wconf 90' lang='lat'><strong>,</strong></span> <span class='ocrx_word' id='word_1_547' title='bbox 1395 4118 1449 4165; x_wconf 91' lang='lat' dir='ltr'><strong>et</strong></span> <span class='ocrx_word' id='word_1_548' title='bbox 1487 4110 1700 4164; x_wconf 89' lang='lat' dir='ltr'><strong>creabit</strong></span> <span class='ocrx_word' id='word_1_549' title='bbox 1730 4125 1832 4165; x_wconf 85' lang='lat' dir='ltr'><strong>nos</strong></span> <span class='ocrx_word' id='word_1_550' title='bbox 1862 4150 1878 4174; x_wconf 93' lang='lat'><strong>,</strong></span> <span class='ocrx_word' id='word_1_551' title='bbox 1907 4120 1963 4165; x_wconf 91' lang='lat' dir='ltr'><strong>et</strong></span> <span class='ocrx_word' id='word_1_552' title='bbox 2015 4126 2103 4166; x_wconf 89' lang='lat' dir='ltr'><strong>re-</strong></span> 
     </span>
    </p>
   </div>
   <div class='ocr_carea' id='block_1_75' title="bbox 513 4199 2099 4271">
    <p class='ocr_par' dir='ltr' id='par_1_75' title="bbox 513 4199 2099 4271">
     <span class='ocr_line' id='line_1_75' title="bbox 513 4199 2099 4271; baseline 0.002 -15"><span class='ocrx_word' id='word_1_553' title='bbox 513 4201 739 4256; x_wconf 85' lang='lat' dir='ltr'><strong>novabit</strong></span> <span class='ocrx_word' id='word_1_554' title='bbox 766 4201 957 4255; x_wconf 78' lang='lat' dir='ltr'><strong>faciem</strong></span> <span class='ocrx_word' id='word_1_555' title='bbox 999 4210 1164 4253; x_wconf 71' lang='lat' dir='ltr'><strong>terra:</strong></span> <span class='ocrx_word' id='word_1_556' title='bbox 1182 4200 1251 4255; x_wconf 69' lang='grc'><strong>⁸⁸.</strong></span> <span class='ocrx_word' id='word_1_557' title='bbox 1292 4199 1429 4254; x_wconf 90' lang='lat' dir='ltr'><strong>Nam</strong></span> <span class='ocrx_word' id='word_1_558' title='bbox 1465 4200 1613 4271; x_wconf 91' lang='lat' dir='ltr'><strong>quod</strong></span> <span class='ocrx_word' id='word_1_559' title='bbox 1639 4214 1864 4258; x_wconf 81' lang='lat' dir='ltr'><strong>sanctus</strong></span> <span class='ocrx_word' id='word_1_560' title='bbox 1892 4201 2099 4259; x_wconf 79' lang='lat' dir='ltr'><strong>Paulus</strong></span> 
     </span>
    </p>
   </div>
   <div class='ocr_carea' id='block_1_76' title="bbox 509 4288 2099 4362">
    <p class='ocr_par' dir='ltr' id='par_1_76' title="bbox 509 4288 2099 4362">
     <span class='ocr_line' id='line_1_76' title="bbox 509 4288 2099 4362; baseline -0.001 -16"><span class='ocrx_word' id='word_1_561' title='bbox 509 4290 971 4346; x_wconf 80' lang='lat' dir='ltr'><strong>resurrectionem</strong></span> <span class='ocrx_word' id='word_1_562' title='bbox 1031 4288 1197 4352; x_wconf 81' lang='lat' dir='ltr'><strong>dixit,</strong></span> <span class='ocrx_word' id='word_1_563' title='bbox 1251 4288 1307 4342; x_wconf 90' lang='lat' dir='ltr'><strong>id</strong></span> <span class='ocrx_word' id='word_1_564' title='bbox 1357 4288 1527 4344; x_wconf 85' lang='lat' dir='ltr'><strong>David</strong></span> <span class='ocrx_word' id='word_1_565' title='bbox 1561 4291 1968 4348; x_wconf 86' lang='lat' dir='ltr'><strong>renovationem</strong></span> <span class='ocrx_word' id='word_1_566' title='bbox 2001 4308 2099 4362; x_wconf 84' lang='lat' dir='ltr'><strong>ap-</strong></span> 
     </span>
    </p>
   </div>
   <div class='ocr_carea' id='block_1_77' title="bbox 509 4378 2094 4452">
    <p class='ocr_par' dir='ltr' id='par_1_77' title="bbox 509 4378 2094 4452">
     <span class='ocr_line' id='line_1_77' title="bbox 509 4378 2094 4452; baseline 0.003 -20"><span class='ocrx_word' id='word_1_567' title='bbox 509 4380 752 4452; x_wconf 80' lang='lat' dir='ltr'><strong>pellavit.</strong></span> <span class='ocrx_word' id='word_1_568' title='bbox 800 4378 1020 4434; x_wconf 80' lang='lat' dir='ltr'><strong>Rursus</strong></span> <span class='ocrx_word' id='word_1_569' title='bbox 1074 4387 1262 4436; x_wconf 88' lang='lat' dir='ltr'><strong>autem</strong></span> <span class='ocrx_word' id='word_1_570' title='bbox 1316 4381 1606 4435; x_wconf 89' lang='lat' dir='ltr'><strong>audiamus</strong></span> <span class='ocrx_word' id='word_1_571' title='bbox 1657 4396 1826 4446; x_wconf 88' lang='lat' dir='ltr'><strong>eum,</strong></span> <span class='ocrx_word' id='word_1_572' title='bbox 1880 4383 1976 4452; x_wconf 90' lang='lat' dir='ltr'><strong>qui</strong></span> <span class='ocrx_word' id='word_1_573' title='bbox 2027 4384 2094 4438; x_wconf 90' lang='lat' dir='ltr'><strong>ad</strong></span> 
     </span>
    </p>
   </div>
   <div class='ocr_carea' id='block_1_78' title="bbox 513 4472 2100 4541">
    <p class='ocr_par' dir='ltr' id='par_1_78' title="bbox 513 4472 2100 4541">
     <span class='ocr_line' id='line_1_78' title="bbox 513 4472 2100 4541; baseline 0.003 -15"><span class='ocrx_word' id='word_1_574' title='bbox 513 4473 736 4526; x_wconf 79' lang='lat' dir='ltr'><strong>tertium</strong></span> <span class='ocrx_word' id='word_1_575' title='bbox 821 4486 996 4541; x_wconf 89' lang='lat' dir='ltr'><strong>usque</strong></span> <span class='ocrx_word' id='word_1_576' title='bbox 1044 4472 1246 4526; x_wconf 73' lang='lat' dir='ltr'><strong>cmlum</strong></span> <span class='ocrx_word' id='word_1_577' title='bbox 1311 4479 1505 4541; x_wconf 88' lang='lat' dir='ltr'><strong>raptus</strong></span> <span class='ocrx_word' id='word_1_578' title='bbox 1571 4482 1674 4527; x_wconf 90' lang='lat' dir='ltr'><strong>est.</strong></span> <span class='ocrx_word' id='word_1_579' title='bbox 1724 4472 1863 4538; x_wconf 92' lang='lat' dir='ltr'><strong>Quid</strong></span> <span class='ocrx_word' id='word_1_580' title='bbox 1919 4474 2100 4531; x_wconf 81' lang='lat' dir='ltr'><strong>dicit?</strong></span> 
     </span>
    </p>
   </div>
   <div class='ocr_carea' id='block_1_79' title="bbox 518 4551 2099 4634">
    <p class='ocr_par' dir='ltr' id='par_1_79' title="bbox 518 4551 2099 4634">
     <span class='ocr_line' id='line_1_79' title="bbox 518 4551 2099 4634; baseline 0.001 -15"><span class='ocrx_word' id='word_1_581' title='bbox 518 4551 788 4632; x_wconf 76' lang='lat' dir='ltr'><strong>Templum</strong></span> <span class='ocrx_word' id='word_1_582' title='bbox 855 4566 981 4617; x_wconf 85' lang='lat' dir='ltr'><strong>estis</strong></span> <span class='ocrx_word' id='word_1_583' title='bbox 1021 4563 1256 4634; x_wconf 86' lang='lat' dir='ltr'><strong>Spiritus</strong></span> <span class='ocrx_word' id='word_1_584' title='bbox 1287 4564 1461 4618; x_wconf 83' lang='lat' dir='ltr'><strong>sancti</strong></span> <span class='ocrx_word' id='word_1_585' title='bbox 1518 4565 1573 4618; x_wconf 89' lang='lat' dir='ltr'><strong>in</strong></span> <span class='ocrx_word' id='word_1_586' title='bbox 1606 4564 1753 4619; x_wconf 84' lang='lat' dir='ltr'><strong>vobis</strong></span> <span class='ocrx_word' id='word_1_587' title='bbox 1790 4565 2099 4621; x_wconf 77' lang='lat' dir='ltr'><strong>inhabitan-</strong></span> 
     </span>
    </p>
   </div>
   <div class='ocr_carea' id='block_1_80' title="bbox 515 4654 2095 4727">
    <p class='ocr_par' dir='ltr' id='par_1_80' title="bbox 515 4654 2095 4727">
     <span class='ocr_line' id='line_1_80' title="bbox 515 4654 2095 4727; baseline 0.002 -16"><span class='ocrx_word' id='word_1_588' title='bbox 515 4658 583 4711; x_wconf 86' lang='lat' dir='ltr'><strong>tis</strong></span> <span class='ocrx_word' id='word_1_589' title='bbox 604 4656 670 4711; x_wconf 84' lang='grc'><strong>⁸⁸.</strong></span> <span class='ocrx_word' id='word_1_590' title='bbox 715 4654 999 4726; x_wconf 88' lang='lat' dir='ltr'><strong>Templum</strong></span> <span class='ocrx_word' id='word_1_591' title='bbox 1050 4664 1230 4709; x_wconf 89' lang='lat' dir='ltr'><strong>autem</strong></span> <span class='ocrx_word' id='word_1_592' title='bbox 1282 4670 1485 4721; x_wconf 80' lang='lat' dir='ltr'><strong>omne,</strong></span> <span class='ocrx_word' id='word_1_593' title='bbox 1528 4654 1623 4711; x_wconf 91' lang='lat' dir='ltr'><strong>Dei</strong></span> <span class='ocrx_word' id='word_1_594' title='bbox 1678 4658 1939 4727; x_wconf 91' lang='lat' dir='ltr'><strong>templum</strong></span> <span class='ocrx_word' id='word_1_595' title='bbox 1991 4669 2095 4714; x_wconf 90' lang='lat' dir='ltr'><strong>est.</strong></span> 
     </span>
    </p>
   </div>
   <div class='ocr_carea' id='block_1_81' title="bbox 509 4745 2100 4820">
    <p class='ocr_par' dir='ltr' id='par_1_81' title="bbox 509 4745 2100 4820">
     <span class='ocr_line' id='line_1_81' title="bbox 509 4745 2100 4820; baseline 0.004 -19"><span class='ocrx_word' id='word_1_596' title='bbox 509 4745 670 4816; x_wconf 79' lang='lat' dir='ltr'><strong>Quod</strong></span> <span class='ocrx_word' id='word_1_597' title='bbox 713 4749 759 4804; x_wconf 90' lang='lat' dir='ltr'><strong>si</strong></span> <span class='ocrx_word' id='word_1_598' title='bbox 796 4748 1062 4819; x_wconf 87' lang='lat' dir='ltr'><strong>templum</strong></span> <span class='ocrx_word' id='word_1_599' title='bbox 1089 4764 1283 4804; x_wconf 89' lang='lat' dir='ltr'><strong>sumus</strong></span> <span class='ocrx_word' id='word_1_600' title='bbox 1325 4745 1564 4819; x_wconf 85' lang='lat' dir='ltr'><strong>Spiritus</strong></span> <span class='ocrx_word' id='word_1_601' title='bbox 1594 4750 1815 4815; x_wconf 82' lang='lat' dir='ltr'><strong>saneti;</strong></span> <span class='ocrx_word' id='word_1_602' title='bbox 1860 4748 2100 4820; x_wconf 89' lang='lat' dir='ltr'><strong>Spiritus</strong></span> 
     </span>
    </p>
   </div>
   <div class='ocr_carea' id='block_1_82' title="bbox 513 4838 2103 4912">
    <p class='ocr_par' dir='ltr' id='par_1_82' title="bbox 513 4838 2103 4912">
     <span class='ocr_line' id='line_1_82' title="bbox 513 4838 2103 4912; baseline 0.001 -18"><span class='ocrx_word' id='word_1_603' title='bbox 513 4848 739 4894; x_wconf 86' lang='lat' dir='ltr'><strong>sanctus</strong></span> <span class='ocrx_word' id='word_1_604' title='bbox 793 4838 937 4896; x_wconf 89' lang='lat' dir='ltr'><strong>Deus</strong></span> <span class='ocrx_word' id='word_1_605' title='bbox 965 4848 1073 4895; x_wconf 92' lang='lat' dir='ltr'><strong>est.</strong></span> <span class='ocrx_word' id='word_1_606' title='bbox 1120 4838 1333 4894; x_wconf 87' lang='lat' dir='ltr'><strong>Dicitur</strong></span> <span class='ocrx_word' id='word_1_607' title='bbox 1376 4846 1561 4896; x_wconf 87' lang='lat' dir='ltr'><strong>autem</strong></span> <span class='ocrx_word' id='word_1_608' title='bbox 1611 4848 1666 4895; x_wconf 90' lang='lat' dir='ltr'><strong>et</strong></span> <span class='ocrx_word' id='word_1_609' title='bbox 1707 4841 1968 4912; x_wconf 90' lang='lat' dir='ltr'><strong>templum</strong></span> <span class='ocrx_word' id='word_1_610' title='bbox 2000 4841 2103 4896; x_wconf 81' lang='lat' dir='ltr'><strong>Sa-</strong></span> 
     </span>
    </p>
   </div>
   <div class='ocr_carea' id='block_1_83' title="bbox 510 4931 2097 5003">
    <p class='ocr_par' dir='ltr' id='par_1_83' title="bbox 510 4931 2097 5003">
     <span class='ocr_line' id='line_1_83' title="bbox 510 4931 2097 5003; baseline 0.003 -16"><span class='ocrx_word' id='word_1_611' title='bbox 510 4931 788 5000; x_wconf 89' lang='lat' dir='ltr'><strong>lomonis;</strong></span> <span class='ocrx_word' id='word_1_612' title='bbox 855 4947 1043 4988; x_wconf 89' lang='lat' dir='ltr'><strong>verum</strong></span> <span class='ocrx_word' id='word_1_613' title='bbox 1117 4939 1380 5003; x_wconf 89' lang='lat' dir='ltr'><strong>tanquam</strong></span> <span class='ocrx_word' id='word_1_614' title='bbox 1450 4933 1573 5002; x_wconf 79' lang='lat' dir='ltr'><strong>ejus</strong></span> <span class='ocrx_word' id='word_1_615' title='bbox 1647 4933 1740 5003; x_wconf 90' lang='lat' dir='ltr'><strong>qui</strong></span> <span class='ocrx_word' id='word_1_616' title='bbox 1804 4935 2097 4991; x_wconf 80' lang='lat' dir='ltr'><strong>exstruxit.</strong></span> 
     </span>
    </p>
   </div>
   <div class='ocr_carea' id='block_1_84' title="bbox 513 5022 2103 5096">
    <p class='ocr_par' dir='ltr' id='par_1_84' title="bbox 513 5022 2103 5096">
     <span class='ocr_line' id='line_1_84' title="bbox 513 5022 2103 5096; baseline 0.003 -20"><span class='ocrx_word' id='word_1_617' title='bbox 513 5023 673 5088; x_wconf 83' lang='lat' dir='ltr'><strong>Quod</strong></span> <span class='ocrx_word' id='word_1_618' title='bbox 710 5026 760 5078; x_wconf 88' lang='lat' dir='ltr'><strong>si</strong></span> <span class='ocrx_word' id='word_1_619' title='bbox 813 5023 894 5078; x_wconf 84' lang='lat' dir='ltr'><strong>sic</strong></span> <span class='ocrx_word' id='word_1_620' title='bbox 928 5039 1120 5079; x_wconf 87' lang='lat' dir='ltr'><strong>sumus</strong></span> <span class='ocrx_word' id='word_1_621' title='bbox 1164 5025 1430 5095; x_wconf 84' lang='lat' dir='ltr'><strong>templum</strong></span> <span class='ocrx_word' id='word_1_622' title='bbox 1462 5022 1704 5094; x_wconf 80' lang='lat' dir='ltr'><strong>Spiritus</strong></span> <span class='ocrx_word' id='word_1_623' title='bbox 1739 5026 1938 5090; x_wconf 89' lang='lat' dir='ltr'><strong>sancti,</strong></span> <span class='ocrx_word' id='word_1_624' title='bbox 1978 5025 2103 5096; x_wconf 91' lang='lat' dir='ltr'><strong>Spi-</strong></span> 
     </span>
    </p>
   </div>
   <div class='ocr_carea' id='block_1_85' title="bbox 511 5115 2098 5183">
    <p class='ocr_par' dir='ltr' id='par_1_85' title="bbox 511 5115 2098 5183">
     <span class='ocr_line' id='line_1_85' title="bbox 511 5115 2098 5183; baseline 0.001 -13"><span class='ocrx_word' id='word_1_625' title='bbox 511 5117 654 5171; x_wconf 85' lang='lat' dir='ltr'><strong>ritus</strong></span> <span class='ocrx_word' id='word_1_626' title='bbox 688 5123 914 5172; x_wconf 89' lang='lat' dir='ltr'><strong>sanctus</strong></span> <span class='ocrx_word' id='word_1_627' title='bbox 950 5115 1094 5171; x_wconf 89' lang='lat' dir='ltr'><strong>Deus</strong></span> <span class='ocrx_word' id='word_1_628' title='bbox 1126 5127 1249 5172; x_wconf 88' lang='lat' dir='ltr'><strong>est:</strong></span> <span class='ocrx_word' id='word_1_629' title='bbox 1315 5116 1420 5183; x_wconf 84' lang='lat' dir='ltr'><strong>Qui</strong></span> <span class='ocrx_word' id='word_1_630' title='bbox 1471 5117 1617 5171; x_wconf 92' lang='lat' dir='ltr'><strong>enim</strong></span> <span class='ocrx_word' id='word_1_631' title='bbox 1679 5119 1859 5171; x_wconf 82' lang='lat' dir='ltr'><strong>omnia</strong></span> <span class='ocrx_word' id='word_1_632' title='bbox 1913 5118 2098 5172; x_wconf 83' lang='lat' dir='ltr'><strong>condi-</strong></span> 
     </span>
    </p>
   </div>
   <div class='ocr_carea' id='block_1_86' title="bbox 510 5206 2099 5280">
    <p class='ocr_par' dir='ltr' id='par_1_86' title="bbox 510 5206 2099 5280">
     <span class='ocr_line' id='line_1_86' title="bbox 510 5206 2099 5280; baseline 0.003 -19"><span class='ocrx_word' id='word_1_633' title='bbox 510 5206 612 5275; x_wconf 86' lang='lat' dir='ltr'><strong>dit,</strong></span> <span class='ocrx_word' id='word_1_634' title='bbox 638 5208 779 5263; x_wconf 85' lang='lat' dir='ltr'><strong>Deus</strong></span> <span class='ocrx_word' id='word_1_635' title='bbox 828 5219 905 5263; x_wconf 88' lang='lat' dir='ltr'><strong>est</strong></span> <span class='ocrx_word' id='word_1_636' title='bbox 929 5210 974 5241; x_wconf 70' lang='grc'><strong>⁸³</strong></span> <span class='ocrx_word' id='word_1_637' title='bbox 1008 5227 1026 5276; x_wconf 87' lang='grc'>;</span> <span class='ocrx_word' id='word_1_638' title='bbox 1071 5210 1120 5265; x_wconf 91' lang='lat' dir='ltr'><strong>si</strong></span> <span class='ocrx_word' id='word_1_639' title='bbox 1145 5225 1277 5265; x_wconf 82' lang='lat' dir='ltr'><strong>vero</strong></span> <span class='ocrx_word' id='word_1_640' title='bbox 1307 5218 1570 5280; x_wconf 90' lang='lat' dir='ltr'><strong>tauquam</strong></span> <span class='ocrx_word' id='word_1_641' title='bbox 1602 5207 1746 5279; x_wconf 82' lang='lat' dir='ltr'><strong>ejus,</strong></span> <span class='ocrx_word' id='word_1_642' title='bbox 1776 5209 1873 5280; x_wconf 88' lang='lat' dir='ltr'><strong>qui</strong></span> <span class='ocrx_word' id='word_1_643' title='bbox 1903 5210 2099 5265; x_wconf 88' lang='lat' dir='ltr'><strong>adora-</strong></span> 
     </span>
    </p>
   </div>
   <div class='ocr_carea' id='block_1_87' title="bbox 580 5366 1674 5440">
    <p class='ocr_par' dir='ltr' id='par_1_87' title="bbox 580 5366 1674 5440">
     <span class='ocr_line' id='line_1_87' title="bbox 580 5366 1674 5440; baseline -0.001 -18"><span class='ocrx_word' id='word_1_644' title='bbox 580 5368 627 5399; x_wconf 83' lang='lat'><strong>&quot;</strong></span> <span class='ocrx_word' id='word_1_645' title='bbox 660 5366 788 5440; x_wconf 87' lang='lat' dir='ltr'><strong>Sap.</strong></span> <span class='ocrx_word' id='word_1_646' title='bbox 821 5385 873 5440; x_wconf 86' lang='grc' dir='ltr'><strong>ι,</strong></span> <span class='ocrx_word' id='word_1_647' title='bbox 895 5368 968 5440; x_wconf 92' lang='lat'><strong>_7.</strong></span> <span class='ocrx_word' id='word_1_648' title='bbox 1077 5369 1123 5402; x_wconf 81' lang='grc' dir='ltr'><strong>⁸ο</strong></span> <span class='ocrx_word' id='word_1_649' title='bbox 1157 5368 1304 5424; x_wconf 91' lang='lat' dir='ltr'><strong>Psal.</strong></span> <span class='ocrx_word' id='word_1_650' title='bbox 1330 5383 1596 5440; x_wconf 45' lang='lat' dir='ltr'><strong>cxxgvm,</strong></span> <span class='ocrx_word' id='word_1_651' title='bbox 1622 5369 1674 5422; x_wconf 89' lang='lat'><strong>7.</strong></span> 
     </span>
    </p>
   </div>
   <div class='ocr_carea' id='block_1_88' title="bbox 508 5438 1809 5506">
    <p class='ocr_par' dir='ltr' id='par_1_88' title="bbox 508 5438 1809 5506">
     <span class='ocr_line' id='line_1_88' title="bbox 508 5438 1809 5506; baseline 0.002 -12"><span class='ocrx_word' id='word_1_652' title='bbox 508 5449 630 5502; x_wconf 83' lang='lat' dir='ltr'><strong>cm,</strong></span> <span class='ocrx_word' id='word_1_653' title='bbox 661 5438 752 5493; x_wconf 77' lang='grc' dir='ltr'><strong>5οζ</strong></span> <span class='ocrx_word' id='word_1_654' title='bbox 825 5438 1060 5498; x_wconf 76' lang='lat' dir='ltr'><strong>l&quot;lGor.</strong></span> <span class='ocrx_word' id='word_1_655' title='bbox 1094 5457 1169 5505; x_wconf 76' lang='lat' dir='ltr'><strong>vn,</strong></span> <span class='ocrx_word' id='word_1_656' title='bbox 1200 5441 1267 5494; x_wconf 81' lang='lat' dir='ltr'><strong>i‘J</strong></span> <span class='ocrx_word' id='word_1_657' title='bbox 1349 5440 1396 5471; x_wconf 79' lang='grc'>⁸⁸</span> <span class='ocrx_word' id='word_1_658' title='bbox 1429 5438 1594 5494; x_wconf 84' lang='lat' dir='ltr'><strong>Hebr.</strong></span> <span class='ocrx_word' id='word_1_659' title='bbox 1634 5455 1716 5506; x_wconf 86' lang='grc' dir='ltr'>ιιι,</span> <span class='ocrx_word' id='word_1_660' title='bbox 1751 5438 1809 5496; x_wconf 78' lang='grc'>4.</span> 
     </span>
    </p>
   </div>
   <div class='ocr_carea' id='block_1_89' title="bbox 492 5604 1559 5714">
    <p class='ocr_par' dir='ltr' id='par_1_89' title="bbox 492 5604 1559 5714">
     <span class='ocr_line' id='line_1_89' title="bbox 492 5604 1559 5714; baseline -0.006 -18"><span class='ocrx_word' id='word_1_661' title='bbox 492 5604 497 5611; x_wconf 31' lang='grc' dir='ltr'><strong>Ι</strong></span> <span class='ocrx_word' id='word_1_662' title='bbox 580 5639 696 5714; x_wconf 75' lang='lat'><strong>(9|)</strong></span> <span class='ocrx_word' id='word_1_663' title='bbox 723 5639 1037 5710; x_wconf 76' lang='grc' dir='ltr'>Προΰῆναι.</span> <span class='ocrx_word' id='word_1_664' title='bbox 1070 5638 1200 5693; x_wconf 76' lang='lat' dir='ltr'><strong>Mss.</strong></span> <span class='ocrx_word' id='word_1_665' title='bbox 1234 5637 1559 5709; x_wconf 78' lang='grc' dir='ltr'>προσϐῆναι.</span> 
     </span>
    </p>
   </div>
   <div class='ocr_carea' id='block_1_90' title="bbox 2202 3092 3782 3182">
    <p class='ocr_par' dir='ltr' id='par_1_90' title="bbox 2202 3092 3782 3182">
     <span class='ocr_line' id='line_1_90' title="bbox 2202 3092 3782 3182; baseline -0.015 -13"><span class='ocrx_word' id='word_1_666' title='bbox 2202 3115 2313 3169; x_wconf 72' lang='grc' dir='ltr'>Καὶ</span> <span class='ocrx_word' id='word_1_667' title='bbox 2342 3113 2396 3166; x_wconf 87' lang='grc' dir='ltr'><strong>τί</strong></span> <span class='ocrx_word' id='word_1_668' title='bbox 2429 3128 2593 3182; x_wconf 89' lang='grc' dir='ltr'>φησιν</span> <span class='ocrx_word' id='word_1_669' title='bbox 2621 3112 2649 3163; x_wconf 84' lang='grc' dir='ltr'>ὁ</span> <span class='ocrx_word' id='word_1_670' title='bbox 2681 3108 2877 3174; x_wconf 77' lang='grc' dir='ltr'>Δαϐίδ;</span> <span class='ocrx_word' id='word_1_671' title='bbox 2904 3104 2988 3171; x_wconf 84' lang='grc' dir='ltr'>Τῷ</span> <span class='ocrx_word' id='word_1_672' title='bbox 3012 3104 3172 3172; x_wconf 77' lang='grc' dir='ltr'>λόγῳ</span> <span class='ocrx_word' id='word_1_673' title='bbox 3201 3099 3425 3168; x_wconf 67' lang='grc' dir='ltr'>Κυρίου</span> <span class='ocrx_word' id='word_1_674' title='bbox 3450 3099 3505 3151; x_wconf 82' lang='grc' dir='ltr'>οὶ</span> <span class='ocrx_word' id='word_1_675' title='bbox 3534 3092 3782 3163; x_wconf 79' lang='grc' dir='ltr'>οὐρανοί</span> 
     </span>
    </p>
   </div>
   <div class='ocr_carea' id='block_1_91' title="bbox 2200 3191 3782 3274">
    <p class='ocr_par' dir='ltr' id='par_1_91' title="bbox 2200 3191 3782 3274">
     <span class='ocr_line' id='line_1_91' title="bbox 2200 3191 3782 3274; baseline -0.015 -11"><span class='ocrx_word' id='word_1_676' title='bbox 2200 3205 2655 3274; x_wconf 77' lang='grc' dir='ltr'>ἐστερεώθησαν</span> <span class='ocrx_word' id='word_1_677' title='bbox 2674 3241 2691 3267; x_wconf 91' lang='grc'><strong>,</strong></span> <span class='ocrx_word' id='word_1_678' title='bbox 2726 3200 2827 3254; x_wconf 79' lang='grc' dir='ltr'><strong>καί</strong></span> <span class='ocrx_word' id='word_1_679' title='bbox 2868 3198 2950 3265; x_wconf 85' lang='grc' dir='ltr'>τῷ</span> <span class='ocrx_word' id='word_1_680' title='bbox 3001 3196 3293 3264; x_wconf 78' lang='grc' dir='ltr'>πνεύματι</span> <span class='ocrx_word' id='word_1_681' title='bbox 3332 3191 3439 3245; x_wconf 81' lang='grc' dir='ltr'><strong>τοῦ</strong></span> <span class='ocrx_word' id='word_1_682' title='bbox 3483 3192 3782 3257; x_wconf 64' lang='grc' dir='ltr'>στόματος</span> 
     </span>
    </p>
   </div>
   <div class='ocr_carea' id='block_1_92' title="bbox 2200 3281 3781 3361">
    <p class='ocr_par' dir='ltr' id='par_1_92' title="bbox 2200 3281 3781 3361">
     <span class='ocr_line' id='line_1_92' title="bbox 2200 3281 3781 3361; baseline -0.015 -7"><span class='ocrx_word' id='word_1_683' title='bbox 2200 3299 2388 3354; x_wconf 84' lang='grc' dir='ltr'>αὑτοῦ</span> <span class='ocrx_word' id='word_1_684' title='bbox 2441 3295 2611 3351; x_wconf 84' lang='grc' dir='ltr'>πᾶσα</span> <span class='ocrx_word' id='word_1_685' title='bbox 2654 3292 2692 3361; x_wconf 83' lang='grc' dir='ltr'><strong>ή</strong></span> <span class='ocrx_word' id='word_1_686' title='bbox 2733 3293 2988 3359; x_wconf 77' lang='grc' dir='ltr'>δύναμις</span> <span class='ocrx_word' id='word_1_687' title='bbox 3013 3286 3230 3342; x_wconf 79' lang='grc' dir='ltr'>αὐτῶν.</span> <span class='ocrx_word' id='word_1_688' title='bbox 3283 3284 3453 3338; x_wconf 86' lang='grc' dir='ltr'>Πάλιν</span> <span class='ocrx_word' id='word_1_689' title='bbox 3494 3281 3781 3351; x_wconf 84' lang='grc' dir='ltr'>ἄνθρωπος</span> 
     </span>
    </p>
   </div>
   <div class='ocr_carea' id='block_1_93' title="bbox 2200 3367 3782 3461">
    <p class='ocr_par' dir='ltr' id='par_1_93' title="bbox 2200 3367 3782 3461">
     <span class='ocr_line' id='line_1_93' title="bbox 2200 3367 3782 3461; baseline -0.015 -16"><span class='ocrx_word' id='word_1_690' title='bbox 2200 3389 2290 3444; x_wconf 86' lang='grc' dir='ltr'><strong>διά</strong></span> <span class='ocrx_word' id='word_1_691' title='bbox 2336 3388 2709 3461; x_wconf 83' lang='grc' dir='ltr'>βαπτίσματος</span> <span class='ocrx_word' id='word_1_692' title='bbox 2753 3380 3021 3447; x_wconf 69' lang='grc' dir='ltr'>κτίζεταιο</span> <span class='ocrx_word' id='word_1_693' title='bbox 3072 3380 3151 3435; x_wconf 79' lang='grc' dir='ltr'><strong>Εἷ</strong></span> <span class='ocrx_word' id='word_1_694' title='bbox 3187 3396 3278 3434; x_wconf 82' lang='grc' dir='ltr'><strong>τις</strong></span> <span class='ocrx_word' id='word_1_695' title='bbox 3306 3376 3416 3446; x_wconf 77' lang='grc' dir='ltr'><strong>τὰρ</strong></span> <span class='ocrx_word' id='word_1_696' title='bbox 3457 3370 3533 3461; x_wconf 48' lang='grc' dir='ltr'><strong>ἐνί</strong></span> <span class='ocrx_word' id='word_1_697' title='bbox 3549 3367 3782 3440; x_wconf 82' lang='grc' dir='ltr'>Χριστῷ</span> 
     </span>
    </p>
   </div>
   <div class='ocr_carea' id='block_1_94' title="bbox 2202 3457 3774 3549">
    <p class='ocr_par' dir='ltr' id='par_1_94' title="bbox 2202 3457 3774 3549">
     <span class='ocr_line' id='line_1_94' title="bbox 2202 3457 3774 3549; baseline -0.016 -11"><span class='ocrx_word' id='word_1_698' title='bbox 2202 3457 2379 3549; x_wconf 71' lang='grc' dir='ltr'>καινῆ</span> <span class='ocrx_word' id='word_1_699' title='bbox 2406 3457 2623 3545; x_wconf 80' lang='grc' dir='ltr'>κτίσις.</span> <span class='ocrx_word' id='word_1_700' title='bbox 2650 3476 2762 3531; x_wconf 75' lang='grc' dir='ltr'><strong>Καὶ</strong></span> <span class='ocrx_word' id='word_1_701' title='bbox 2796 3475 2850 3529; x_wconf 88' lang='grc' dir='ltr'><strong>τί</strong></span> <span class='ocrx_word' id='word_1_702' title='bbox 2886 3489 3020 3544; x_wconf 85' lang='grc' dir='ltr'>φησι</span> <span class='ocrx_word' id='word_1_703' title='bbox 3045 3466 3160 3533; x_wconf 71' lang='grc' dir='ltr'>τοῖς</span> <span class='ocrx_word' id='word_1_704' title='bbox 3190 3467 3461 3539; x_wconf 77' lang='grc' dir='ltr'>μαθηταῖς</span> <span class='ocrx_word' id='word_1_705' title='bbox 3487 3457 3774 3533; x_wconf 76' lang='grc' dir='ltr'>δ’Σωτήρς</span> 
     </span>
    </p>
   </div>
   <div class='ocr_carea' id='block_1_95' title="bbox 2215 3555 3777 3639">
    <p class='ocr_par' dir='ltr' id='par_1_95' title="bbox 2215 3555 3777 3639">
     <span class='ocr_line' id='line_1_95' title="bbox 2215 3555 3777 3639; baseline -0.017 -7"><span class='ocrx_word' id='word_1_706' title='bbox 2215 3576 2616 3639; x_wconf 79' lang='grc' dir='ltr'>Ἀπελθόντες,</span> <span class='ocrx_word' id='word_1_707' title='bbox 2661 3568 3076 3639; x_wconf 82' lang='grc' dir='ltr'>μαθητεύσατε</span> <span class='ocrx_word' id='word_1_708' title='bbox 3115 3561 3314 3615; x_wconf 79' lang='grc' dir='ltr'>πάντα</span> <span class='ocrx_word' id='word_1_709' title='bbox 3344 3557 3418 3612; x_wconf 81' lang='grc' dir='ltr'>τὰ</span> <span class='ocrx_word' id='word_1_710' title='bbox 3458 3558 3627 3623; x_wconf 76' lang='grc' dir='ltr'>ἔθνη,</span> <span class='ocrx_word' id='word_1_711' title='bbox 3662 3555 3777 3618; x_wconf 76' lang='grc' dir='ltr'><strong>βα-</strong></span> 
     </span>
    </p>
   </div>
   <div class='ocr_carea' id='block_1_96' title="bbox 2203 3642 3776 3731">
    <p class='ocr_par' dir='ltr' id='par_1_96' title="bbox 2203 3642 3776 3731">
     <span class='ocr_line' id='line_1_96' title="bbox 2203 3642 3776 3731; baseline -0.017 -8"><span class='ocrx_word' id='word_1_712' title='bbox 2203 3666 2507 3731; x_wconf 76' lang='grc' dir='ltr'>πτίζοντες</span> <span class='ocrx_word' id='word_1_713' title='bbox 2546 3661 2767 3725; x_wconf 85' lang='grc' dir='ltr'>αὐτοὺς</span> <span class='ocrx_word' id='word_1_714' title='bbox 2813 3661 2899 3725; x_wconf 85' lang='grc' dir='ltr'><strong>είς</strong></span> <span class='ocrx_word' id='word_1_715' title='bbox 2926 3656 2994 3710; x_wconf 84' lang='grc' dir='ltr'>τὸ</span> <span class='ocrx_word' id='word_1_716' title='bbox 3034 3655 3224 3723; x_wconf 78' lang='grc' dir='ltr'>ὄνομα</span> <span class='ocrx_word' id='word_1_717' title='bbox 3252 3649 3358 3705; x_wconf 83' lang='grc' dir='ltr'><strong>τοῦ</strong></span> <span class='ocrx_word' id='word_1_718' title='bbox 3399 3647 3628 3715; x_wconf 79' lang='grc' dir='ltr'>Πατρός</span> <span class='ocrx_word' id='word_1_719' title='bbox 3677 3642 3776 3698; x_wconf 76' lang='grc' dir='ltr'><strong>καί</strong></span> 
     </span>
    </p>
   </div>
   <div class='ocr_carea' id='block_1_97' title="bbox 2200 3735 3776 3819">
    <p class='ocr_par' dir='ltr' id='par_1_97' title="bbox 2200 3735 3776 3819">
     <span class='ocr_line' id='line_1_97' title="bbox 2200 3735 3776 3819; baseline -0.017 -6"><span class='ocrx_word' id='word_1_720' title='bbox 2200 3758 2310 3813; x_wconf 78' lang='grc' dir='ltr'><strong>τοῦ</strong></span> <span class='ocrx_word' id='word_1_721' title='bbox 2350 3756 2484 3811; x_wconf 80' lang='grc' dir='ltr'><strong>Υἰοῦ</strong></span> <span class='ocrx_word' id='word_1_722' title='bbox 2529 3754 2627 3807; x_wconf 75' lang='grc' dir='ltr'><strong>καί</strong></span> <span class='ocrx_word' id='word_1_723' title='bbox 2662 3751 2766 3806; x_wconf 86' lang='grc' dir='ltr'><strong>τοῦ</strong></span> <span class='ocrx_word' id='word_1_724' title='bbox 2819 3749 2991 3819; x_wconf 78' lang='grc' dir='ltr'>ἁγίου</span> <span class='ocrx_word' id='word_1_725' title='bbox 3036 3744 3400 3810; x_wconf 81' lang='grc' dir='ltr'>Πνεύματος.</span> <span class='ocrx_word' id='word_1_726' title='bbox 3442 3737 3604 3807; x_wconf 76' lang='grc' dir='ltr'>Ὁρᾷς</span> <span class='ocrx_word' id='word_1_727' title='bbox 3640 3735 3776 3788; x_wconf 63' lang='grc' dir='ltr'>κὰνο</span> 
     </span>
    </p>
   </div>
   <div class='ocr_carea' id='block_1_98' title="bbox 2203 3827 3771 3918">
    <p class='ocr_par' dir='ltr' id='par_1_98' title="bbox 2203 3827 3771 3918">
     <span class='ocr_line' id='line_1_98' title="bbox 2203 3827 3771 3918; baseline -0.017 -12"><span class='ocrx_word' id='word_1_728' title='bbox 2203 3850 2378 3907; x_wconf 90' lang='grc' dir='ltr'>ταῦθα</span> <span class='ocrx_word' id='word_1_729' title='bbox 2413 3846 2699 3918; x_wconf 82' lang='grc' dir='ltr'>συμπαρὸν</span> <span class='ocrx_word' id='word_1_730' title='bbox 2740 3841 2916 3913; x_wconf 79' lang='grc' dir='ltr'>Πατρὶ</span> <span class='ocrx_word' id='word_1_731' title='bbox 2969 3840 3061 3893; x_wconf 72' lang='grc' dir='ltr'><strong>καὶ</strong></span> <span class='ocrx_word' id='word_1_732' title='bbox 3100 3836 3216 3906; x_wconf 87' lang='grc' dir='ltr'><strong>Υίῷ</strong></span> <span class='ocrx_word' id='word_1_733' title='bbox 3246 3835 3307 3888; x_wconf 83' lang='grc' dir='ltr'><strong>τὸ</strong></span> <span class='ocrx_word' id='word_1_734' title='bbox 3338 3833 3492 3902; x_wconf 70' lang='grc' dir='ltr'>ἅγιον</span> <span class='ocrx_word' id='word_1_735' title='bbox 3531 3827 3771 3899; x_wconf 86' lang='grc' dir='ltr'>Πνεῦμα.</span> 
     </span>
    </p>
   </div>
   <div class='ocr_carea' id='block_1_99' title="bbox 2202 3920 3771 4005">
    <p class='ocr_par' dir='ltr' id='par_1_99' title="bbox 2202 3920 3771 4005">
     <span class='ocr_line' id='line_1_99' title="bbox 2202 3920 3771 4005; baseline -0.017 -7"><span class='ocrx_word' id='word_1_736' title='bbox 2202 3945 2269 3997; x_wconf 89' lang='grc' dir='ltr'>Τί</span> <span class='ocrx_word' id='word_1_737' title='bbox 2296 3943 2340 3997; x_wconf 82' lang='grc' dir='ltr'>δ’</span> <span class='ocrx_word' id='word_1_738' title='bbox 2366 3942 2432 3996; x_wconf 79' lang='grc' dir='ltr'><strong>ἂν</strong></span> <span class='ocrx_word' id='word_1_739' title='bbox 2457 3939 2632 4002; x_wconf 74' lang='grc' dir='ltr'>εἴποις</span> <span class='ocrx_word' id='word_1_740' title='bbox 2657 3935 2900 4005; x_wconf 76' lang='grc' dir='ltr'>καὶπερὶ</span> <span class='ocrx_word' id='word_1_741' title='bbox 2925 3933 3023 4004; x_wconf 81' lang='grc' dir='ltr'><strong>τῆς</strong></span> <span class='ocrx_word' id='word_1_742' title='bbox 3042 3928 3396 3989; x_wconf 83' lang='grc' dir='ltr'>ἀναστάσεως</span> <span class='ocrx_word' id='word_1_743' title='bbox 3416 3924 3523 3977; x_wconf 84' lang='grc' dir='ltr'><strong>τῶν</strong></span> <span class='ocrx_word' id='word_1_744' title='bbox 3546 3920 3771 3992; x_wconf 85' lang='grc' dir='ltr'>νεκρῶν,</span> 
     </span>
    </p>
   </div>
   <div class='ocr_carea' id='block_1_100' title="bbox 2200 4010 3780 4100">
    <p class='ocr_par' dir='ltr' id='par_1_100' title="bbox 2200 4010 3780 4100">
     <span class='ocr_line' id='line_1_100' title="bbox 2200 4010 3780 4100; baseline -0.017 -10"><span class='ocrx_word' id='word_1_745' title='bbox 2200 4037 2329 4090; x_wconf 85' lang='grc' dir='ltr'>ὅταν</span> <span class='ocrx_word' id='word_1_746' title='bbox 2369 4031 2731 4100; x_wconf 79' lang='grc' dir='ltr'>ἐκλείψωμεν,</span> <span class='ocrx_word' id='word_1_747' title='bbox 2767 4028 2863 4082; x_wconf 71' lang='grc' dir='ltr'><strong>καὶ</strong></span> <span class='ocrx_word' id='word_1_748' title='bbox 2910 4027 2990 4088; x_wconf 84' lang='grc' dir='ltr'><strong>είς</strong></span> <span class='ocrx_word' id='word_1_749' title='bbox 3025 4022 3115 4075; x_wconf 83' lang='grc' dir='ltr'><strong>τὸν</strong></span> <span class='ocrx_word' id='word_1_750' title='bbox 3152 4020 3282 4091; x_wconf 88' lang='grc' dir='ltr'>χοῦν</span> <span class='ocrx_word' id='word_1_751' title='bbox 3322 4016 3479 4088; x_wconf 78' lang='grc' dir='ltr'>ἡμῶν</span> <span class='ocrx_word' id='word_1_752' title='bbox 3528 4010 3780 4083; x_wconf 85' lang='grc' dir='ltr'>ἐπιστρέ-</span> 
     </span>
    </p>
   </div>
   <div class='ocr_carea' id='block_1_101' title="bbox 2201 4103 3773 4199">
    <p class='ocr_par' dir='ltr' id='par_1_101' title="bbox 2201 4103 3773 4199">
     <span class='ocr_line' id='line_1_101' title="bbox 2201 4103 3773 4199; baseline -0.018 -17"><span class='ocrx_word' id='word_1_753' title='bbox 2201 4128 2427 4199; x_wconf 75' lang='grc' dir='ltr'>ψωμενς</span> <span class='ocrx_word' id='word_1_754' title='bbox 2458 4124 2533 4194; x_wconf 86' lang='grc' dir='ltr'><strong>Γῆ</strong></span> <span class='ocrx_word' id='word_1_755' title='bbox 2560 4123 2668 4193; x_wconf 88' lang='grc' dir='ltr'><strong>γάρ</strong></span> <span class='ocrx_word' id='word_1_756' title='bbox 2709 4122 2899 4189; x_wconf 86' lang='grc' dir='ltr'>ἐσμεν,</span> <span class='ocrx_word' id='word_1_757' title='bbox 2935 4116 3030 4169; x_wconf 77' lang='grc' dir='ltr'>καὶ</span> <span class='ocrx_word' id='word_1_758' title='bbox 3076 4117 3156 4176; x_wconf 80' lang='grc' dir='ltr'><strong>εἰς</strong></span> <span class='ocrx_word' id='word_1_759' title='bbox 3197 4112 3297 4199; x_wconf 71' lang='grc' dir='ltr'>τὴν</span> <span class='ocrx_word' id='word_1_760' title='bbox 3336 4107 3439 4179; x_wconf 84' lang='grc' dir='ltr'><strong>γῆν</strong></span> <span class='ocrx_word' id='word_1_761' title='bbox 3478 4103 3773 4199; x_wconf 78' lang='grc' dir='ltr'>ἀπελευσό-</span> 
     </span>
    </p>
   </div>
   <div class='ocr_carea' id='block_1_102' title="bbox 2207 4189 3773 4288">
    <p class='ocr_par' dir='ltr' id='par_1_102' title="bbox 2207 4189 3773 4288">
     <span class='ocr_line' id='line_1_102' title="bbox 2207 4189 3773 4288; baseline -0.021 -16"><span class='ocrx_word' id='word_1_762' title='bbox 2207 4189 2367 4288; x_wconf 78' lang='grc' dir='ltr'>μεθα,</span> <span class='ocrx_word' id='word_1_763' title='bbox 2394 4189 2490 4268; x_wconf 78' lang='grc' dir='ltr'>καὶ</span> <span class='ocrx_word' id='word_1_764' title='bbox 2509 4189 2797 4265; x_wconf 77' lang='grc' dir='ltr'>ἀποστελεῖ</span> <span class='ocrx_word' id='word_1_765' title='bbox 2827 4205 2889 4259; x_wconf 78' lang='grc' dir='ltr'>τὸ</span> <span class='ocrx_word' id='word_1_766' title='bbox 2920 4201 3145 4272; x_wconf 86' lang='grc' dir='ltr'>Πνεῦμα</span> <span class='ocrx_word' id='word_1_767' title='bbox 3165 4197 3226 4252; x_wconf 85' lang='grc' dir='ltr'>τὸ</span> <span class='ocrx_word' id='word_1_768' title='bbox 3265 4197 3441 4265; x_wconf 76' lang='grc' dir='ltr'>ἅγιον,</span> <span class='ocrx_word' id='word_1_769' title='bbox 3471 4192 3567 4246; x_wconf 74' lang='grc' dir='ltr'><strong>καὶ</strong></span> <span class='ocrx_word' id='word_1_770' title='bbox 3600 4189 3773 4288; x_wconf 69' lang='grc' dir='ltr'>κτίσει</span> 
     </span>
    </p>
   </div>
   <div class='ocr_carea' id='block_1_103' title="bbox 2204 4279 3774 4380">
    <p class='ocr_par' dir='ltr' id='par_1_103' title="bbox 2204 4279 3774 4380">
     <span class='ocr_line' id='line_1_103' title="bbox 2204 4279 3774 4380; baseline -0.044 -13"><span class='ocrx_word' id='word_1_771' title='bbox 2204 4279 2372 4380; x_wconf 62' lang='grc' dir='ltr'>ἦμᾶς,</span> <span class='ocrx_word' id='word_1_772' title='bbox 2420 4306 2515 4358; x_wconf 75' lang='grc' dir='ltr'><strong>καὶ</strong></span> <span class='ocrx_word' id='word_1_773' title='bbox 2558 4299 2899 4356; x_wconf 85' lang='grc' dir='ltr'>ἀνακαινίσει</span> <span class='ocrx_word' id='word_1_774' title='bbox 2936 4296 2997 4350; x_wconf 80' lang='grc' dir='ltr'><strong>τὸ</strong></span> <span class='ocrx_word' id='word_1_775' title='bbox 3036 4293 3327 4365; x_wconf 85' lang='grc' dir='ltr'>πρόσωπον</span> <span class='ocrx_word' id='word_1_776' title='bbox 3375 4286 3473 4357; x_wconf 80' lang='grc' dir='ltr'><strong>τῆς</strong></span> <span class='ocrx_word' id='word_1_777' title='bbox 3510 4279 3774 4380; x_wconf 39' lang='grc' dir='ltr'><strong>γῆς’-Ἢν</strong></span> 
     </span>
    </p>
   </div>
   <div class='ocr_carea' id='block_1_104' title="bbox 2128 4360 3773 4470">
    <p class='ocr_par' dir='ltr' id='par_1_104' title="bbox 2128 4360 3773 4470">
     <span class='ocr_line' id='line_1_104' title="bbox 2128 4360 3773 4470; baseline -0.017 -17"><span class='ocrx_word' id='word_1_778' title='bbox 2128 4360 2174 4415; x_wconf 79' lang='lat' dir='ltr'><strong>D</strong></span> <span class='ocrx_word' id='word_1_779' title='bbox 2203 4360 2568 4470; x_wconf 51' lang='grc' dir='ltr'>’Παῦλος</span> <span class='ocrx_word' id='word_1_780' title='bbox 2610 4395 2639 4447; x_wconf 84' lang='grc' dir='ltr'>ὁ</span> <span class='ocrx_word' id='word_1_781' title='bbox 2676 4392 2831 4461; x_wconf 75' lang='grc' dir='ltr'>ἅγιος</span> <span class='ocrx_word' id='word_1_782' title='bbox 2881 4360 3240 4455; x_wconf 71' lang='grc' dir='ltr'>ἐξανάστασιν</span> <span class='ocrx_word' id='word_1_783' title='bbox 3295 4381 3531 4470; x_wconf 74' lang='grc' dir='ltr'>εἴρηκε,</span> <span class='ocrx_word' id='word_1_784' title='bbox 3572 4373 3773 4470; x_wconf 67' lang='grc' dir='ltr'>ταύτην</span> 
     </span>
    </p>
   </div>
   <div class='ocr_carea' id='block_1_105' title="bbox 2200 4462 3773 4553">
    <p class='ocr_par' dir='ltr' id='par_1_105' title="bbox 2200 4462 3773 4553">
     <span class='ocr_line' id='line_1_105' title="bbox 2200 4462 3773 4553; baseline -0.018 -11"><span class='ocrx_word' id='word_1_785' title='bbox 2200 4462 2364 4542; x_wconf 68' lang='grc' dir='ltr'>Ᾰαδὶδ</span> <span class='ocrx_word' id='word_1_786' title='bbox 2411 4481 2803 4553; x_wconf 84' lang='grc' dir='ltr'>ἀνακαινισμὸν</span> <span class='ocrx_word' id='word_1_787' title='bbox 2850 4476 3284 4551; x_wconf 80' lang='grc' dir='ltr'>προσηγόρευσε.</span> <span class='ocrx_word' id='word_1_788' title='bbox 3336 4466 3674 4536; x_wconf 81' lang='grc' dir='ltr'>Ἀκούσωμεν</span> <span class='ocrx_word' id='word_1_789' title='bbox 3709 4462 3773 4516; x_wconf 67' lang='grc' dir='ltr'>δὲ</span> 
     </span>
    </p>
   </div>
   <div class='ocr_carea' id='block_1_106' title="bbox 2200 4554 3772 4648">
    <p class='ocr_par' dir='ltr' id='par_1_106' title="bbox 2200 4554 3772 4648">
     <span class='ocr_line' id='line_1_106' title="bbox 2200 4554 3772 4648; baseline -0.017 -15"><span class='ocrx_word' id='word_1_790' title='bbox 2200 4579 2363 4633; x_wconf 84' lang='grc' dir='ltr'>πάλιν</span> <span class='ocrx_word' id='word_1_791' title='bbox 2396 4576 2507 4648; x_wconf 72' lang='grc'><strong>(92)</strong></span> <span class='ocrx_word' id='word_1_792' title='bbox 2538 4573 2632 4627; x_wconf 90' lang='grc' dir='ltr'><strong>τοῦ</strong></span> <span class='ocrx_word' id='word_1_793' title='bbox 2671 4570 3012 4645; x_wconf 84' lang='grc' dir='ltr'>άρπαγέντος</span> <span class='ocrx_word' id='word_1_794' title='bbox 3056 4567 3160 4629; x_wconf 74' lang='grc' dir='ltr'><strong>ἕως</strong></span> <span class='ocrx_word' id='word_1_795' title='bbox 3209 4561 3394 4635; x_wconf 88' lang='grc' dir='ltr'>τρίτου</span> <span class='ocrx_word' id='word_1_796' title='bbox 3422 4555 3669 4648; x_wconf 82' lang='grc' dir='ltr'>οὐρανοῦ.</span> <span class='ocrx_word' id='word_1_797' title='bbox 3703 4554 3772 4648; x_wconf 80' lang='grc' dir='ltr'><strong>Τί</strong></span> 
     </span>
    </p>
   </div>
   <div class='ocr_carea' id='block_1_107' title="bbox 2201 4645 3769 4740">
    <p class='ocr_par' dir='ltr' id='par_1_107' title="bbox 2201 4645 3769 4740">
     <span class='ocr_line' id='line_1_107' title="bbox 2201 4645 3769 4740; baseline -0.017 -18"><span class='ocrx_word' id='word_1_798' title='bbox 2201 4645 2558 4740; x_wconf 49' lang='grc' dir='ltr'>φησινξὍτι</span> <span class='ocrx_word' id='word_1_799' title='bbox 2599 4662 2745 4727; x_wconf 74' lang='grc' dir='ltr'>ναὸς</span> <span class='ocrx_word' id='word_1_800' title='bbox 2789 4659 2896 4714; x_wconf 84' lang='grc' dir='ltr'><strong>τοῦ</strong></span> <span class='ocrx_word' id='word_1_801' title='bbox 2939 4659 3008 4711; x_wconf 77' lang='grc' dir='ltr'>ἐν</span> <span class='ocrx_word' id='word_1_802' title='bbox 3046 4655 3190 4725; x_wconf 73' lang='grc' dir='ltr'><strong>ὑμῖν</strong></span> <span class='ocrx_word' id='word_1_803' title='bbox 3229 4645 3769 4740; x_wconf 71' lang='grc' dir='ltr'>ἁγίουΠνεύματός</span> 
     </span>
    </p>
   </div>
   <div class='ocr_carea' id='block_1_108' title="bbox 2199 4732 3766 4820">
    <p class='ocr_par' dir='ltr' id='par_1_108' title="bbox 2199 4732 3766 4820">
     <span class='ocr_line' id='line_1_108' title="bbox 2199 4732 3766 4820; baseline -0.018 -6"><span class='ocrx_word' id='word_1_804' title='bbox 2199 4732 2361 4814; x_wconf 56' lang='grc' dir='ltr'>ἐστε.</span> <span class='ocrx_word' id='word_1_805' title='bbox 2384 4732 2510 4820; x_wconf 81' lang='grc' dir='ltr'><strong>Πᾶς</strong></span> <span class='ocrx_word' id='word_1_806' title='bbox 2549 4754 2607 4807; x_wconf 86' lang='grc' dir='ltr'><strong>δέ</strong></span> <span class='ocrx_word' id='word_1_807' title='bbox 2636 4754 2763 4815; x_wconf 85' lang='grc' dir='ltr'>ναὸς</span> <span class='ocrx_word' id='word_1_808' title='bbox 2796 4749 2933 4803; x_wconf 82' lang='grc' dir='ltr'>Θεοῦ</span> <span class='ocrx_word' id='word_1_809' title='bbox 2972 4748 3116 4810; x_wconf 88' lang='grc' dir='ltr'>ναός.</span> <span class='ocrx_word' id='word_1_810' title='bbox 3147 4745 3211 4797; x_wconf 87' lang='grc' dir='ltr'>Εί</span> <span class='ocrx_word' id='word_1_811' title='bbox 3243 4743 3301 4796; x_wconf 85' lang='grc' dir='ltr'><strong>δέ</strong></span> <span class='ocrx_word' id='word_1_812' title='bbox 3325 4739 3453 4803; x_wconf 85' lang='grc' dir='ltr'>ναός</span> <span class='ocrx_word' id='word_1_813' title='bbox 3486 4740 3645 4805; x_wconf 76' lang='grc' dir='ltr'>ἐσμεν</span> <span class='ocrx_word' id='word_1_814' title='bbox 3673 4732 3766 4787; x_wconf 86' lang='grc' dir='ltr'><strong>τοῦ</strong></span> 
     </span>
    </p>
   </div>
   <div class='ocr_carea' id='block_1_109' title="bbox 2201 4823 3763 4919">
    <p class='ocr_par' dir='ltr' id='par_1_109' title="bbox 2201 4823 3763 4919">
     <span class='ocr_line' id='line_1_109' title="bbox 2201 4823 3763 4919; baseline -0.019 -15"><span class='ocrx_word' id='word_1_815' title='bbox 2201 4848 2519 4919; x_wconf 80' lang='grc' dir='ltr'>Πνεῦματος</span> <span class='ocrx_word' id='word_1_816' title='bbox 2568 4843 2662 4897; x_wconf 87' lang='grc' dir='ltr'><strong>τοῦ</strong></span> <span class='ocrx_word' id='word_1_817' title='bbox 2715 4841 2895 4909; x_wconf 81' lang='grc' dir='ltr'>ἁγίου,</span> <span class='ocrx_word' id='word_1_818' title='bbox 2931 4836 3063 4899; x_wconf 78' lang='grc' dir='ltr'>θεὸς</span> <span class='ocrx_word' id='word_1_819' title='bbox 3099 4836 3162 4888; x_wconf 82' lang='grc' dir='ltr'><strong>τὸ</strong></span> <span class='ocrx_word' id='word_1_820' title='bbox 3216 4830 3441 4900; x_wconf 90' lang='grc' dir='ltr'>Πνεῦμα</span> <span class='ocrx_word' id='word_1_821' title='bbox 3495 4826 3557 4880; x_wconf 80' lang='grc' dir='ltr'><strong>τὸ</strong></span> <span class='ocrx_word' id='word_1_822' title='bbox 3597 4823 3763 4892; x_wconf 80' lang='grc' dir='ltr'>ἆγιον.</span> 
     </span>
    </p>
   </div>
   <div class='ocr_carea' id='block_1_110' title="bbox 2202 4919 3764 5008">
    <p class='ocr_par' dir='ltr' id='par_1_110' title="bbox 2202 4919 3764 5008">
     <span class='ocr_line' id='line_1_110' title="bbox 2202 4919 3764 5008; baseline -0.017 -13"><span class='ocrx_word' id='word_1_823' title='bbox 2202 4941 2436 5008; x_wconf 87' lang='grc' dir='ltr'>Λέγεται</span> <span class='ocrx_word' id='word_1_824' title='bbox 2480 4938 2539 4991; x_wconf 84' lang='grc' dir='ltr'>δὲ</span> <span class='ocrx_word' id='word_1_825' title='bbox 2600 4935 2692 4988; x_wconf 71' lang='grc' dir='ltr'><strong>καὶ</strong></span> <span class='ocrx_word' id='word_1_826' title='bbox 2745 4934 2873 4996; x_wconf 78' lang='grc' dir='ltr'>ναὸς</span> <span class='ocrx_word' id='word_1_827' title='bbox 2919 4927 3287 5000; x_wconf 82' lang='grc' dir='ltr'>Σολομῶντος,</span> <span class='ocrx_word' id='word_1_828' title='bbox 3321 4922 3437 4977; x_wconf 81' lang='grc' dir='ltr'>ἀλλ’</span> <span class='ocrx_word' id='word_1_829' title='bbox 3488 4919 3564 4982; x_wconf 85' lang='grc' dir='ltr'><strong>ὡς</strong></span> <span class='ocrx_word' id='word_1_830' title='bbox 3602 4933 3764 5008; x_wconf 79' lang='grc' dir='ltr'>κατα-</span> 
     </span>
    </p>
   </div>
   <div class='ocr_carea' id='block_1_111' title="bbox 2203 5005 3762 5088">
    <p class='ocr_par' dir='ltr' id='par_1_111' title="bbox 2203 5005 3762 5088">
     <span class='ocr_line' id='line_1_111' title="bbox 2203 5005 3762 5088; baseline -0.015 -7"><span class='ocrx_word' id='word_1_831' title='bbox 2203 5005 2594 5088; x_wconf 83' lang='grc' dir='ltr'>σκευάσαντος.</span> <span class='ocrx_word' id='word_1_832' title='bbox 2637 5025 2701 5077; x_wconf 76' lang='lat' dir='ltr'><strong>Et</strong></span> <span class='ocrx_word' id='word_1_833' title='bbox 2756 5021 2815 5074; x_wconf 84' lang='grc' dir='ltr'><strong>δὲ</strong></span> <span class='ocrx_word' id='word_1_834' title='bbox 2866 5020 3041 5083; x_wconf 71' lang='grc' dir='ltr'>οὕτως</span> <span class='ocrx_word' id='word_1_835' title='bbox 3091 5016 3258 5087; x_wconf 77' lang='grc' dir='ltr'>ἐσμὲν</span> <span class='ocrx_word' id='word_1_836' title='bbox 3299 5013 3430 5076; x_wconf 80' lang='grc' dir='ltr'>ναὸς</span> <span class='ocrx_word' id='word_1_837' title='bbox 3473 5008 3565 5063; x_wconf 88' lang='grc' dir='ltr'><strong>τοῦ</strong></span> <span class='ocrx_word' id='word_1_838' title='bbox 3613 5005 3762 5075; x_wconf 86' lang='grc' dir='ltr'>ἁγίου</span> 
     </span>
    </p>
   </div>
   <div class='ocr_carea' id='block_1_112' title="bbox 2201 5099 3765 5189">
    <p class='ocr_par' dir='ltr' id='par_1_112' title="bbox 2201 5099 3765 5189">
     <span class='ocr_line' id='line_1_112' title="bbox 2201 5099 3765 5189; baseline -0.014 -16"><span class='ocrx_word' id='word_1_839' title='bbox 2201 5121 2538 5189; x_wconf 88' lang='grc' dir='ltr'>Πνεύματος,</span> <span class='ocrx_word' id='word_1_840' title='bbox 2583 5114 2717 5177; x_wconf 82' lang='grc' dir='ltr'>Θεὸς</span> <span class='ocrx_word' id='word_1_841' title='bbox 2760 5113 2821 5166; x_wconf 86' lang='grc' dir='ltr'><strong>τὸ</strong></span> <span class='ocrx_word' id='word_1_842' title='bbox 2860 5114 3014 5180; x_wconf 73' lang='grc' dir='ltr'>ἅγιον</span> <span class='ocrx_word' id='word_1_843' title='bbox 3061 5108 3306 5176; x_wconf 88' lang='grc' dir='ltr'>Πνεῦμα.</span> <span class='ocrx_word' id='word_1_844' title='bbox 3353 5105 3415 5158; x_wconf 81' lang='lat'><strong>&#39;0</strong></span> <span class='ocrx_word' id='word_1_845' title='bbox 3443 5102 3552 5173; x_wconf 81' lang='grc' dir='ltr'><strong>γὰρ</strong></span> <span class='ocrx_word' id='word_1_846' title='bbox 3580 5099 3765 5153; x_wconf 79' lang='grc' dir='ltr'>πάντα</span> 
     </span>
    </p>
   </div>
   <div class='ocr_carea' id='block_1_113' title="bbox 2201 5191 3764 5273">
    <p class='ocr_par' dir='ltr' id='par_1_113' title="bbox 2201 5191 3764 5273">
     <span class='ocr_line' id='line_1_113' title="bbox 2201 5191 3764 5273; baseline -0.013 -8"><span class='ocrx_word' id='word_1_847' title='bbox 2201 5206 2667 5273; x_wconf 82' lang='grc' dir='ltr'>κατασκευάσας</span> <span class='ocrx_word' id='word_1_848' title='bbox 2681 5207 2858 5271; x_wconf 78' lang='grc' dir='ltr'>Θεόςο</span> <span class='ocrx_word' id='word_1_849' title='bbox 2894 5204 2942 5256; x_wconf 84' lang='grc' dir='ltr'>εἰ</span> <span class='ocrx_word' id='word_1_850' title='bbox 2974 5202 3031 5255; x_wconf 80' lang='grc' dir='ltr'>δὲ</span> <span class='ocrx_word' id='word_1_851' title='bbox 3053 5201 3128 5264; x_wconf 83' lang='grc' dir='ltr'>ὡς</span> <span class='ocrx_word' id='word_1_852' title='bbox 3155 5195 3645 5270; x_wconf 76' lang='grc' dir='ltr'>προσκυνουμένου,</span> <span class='ocrx_word' id='word_1_853' title='bbox 3673 5191 3764 5245; x_wconf 75' lang='grc' dir='ltr'><strong>καὶ</strong></span> 
     </span>
    </p>
   </div>
   <div class='ocr_carea' id='block_1_114' title="bbox 1768 5349 3755 5437">
    <p class='ocr_par' dir='ltr' id='par_1_114' title="bbox 1768 5349 3755 5437">
     <span class='ocr_line' id='line_1_114' title="bbox 1768 5349 3755 5437; baseline -0.011 -13"><span class='ocrx_word' id='word_1_854' title='bbox 1768 5368 1811 5401; x_wconf 81' lang='grc'>⁸¹</span> <span class='ocrx_word' id='word_1_855' title='bbox 1841 5367 1988 5425; x_wconf 86' lang='lat' dir='ltr'><strong>Psal.</strong></span> <span class='ocrx_word' id='word_1_856' title='bbox 2013 5385 2186 5437; x_wconf 80' lang='lat' dir='ltr'><strong>xxxii,</strong></span> <span class='ocrx_word' id='word_1_857' title='bbox 2214 5368 2268 5425; x_wconf 90' lang='lat'><strong>6.</strong></span> <span class='ocrx_word' id='word_1_858' title='bbox 2348 5370 2392 5401; x_wconf 69' lang='grc' dir='ltr'>θ’</span> <span class='ocrx_word' id='word_1_859' title='bbox 2415 5367 2459 5422; x_wconf 91' lang='lat' dir='ltr'><strong>ll</strong></span> <span class='ocrx_word' id='word_1_860' title='bbox 2478 5368 2607 5423; x_wconf 88' lang='lat' dir='ltr'><strong>Cor.</strong></span> <span class='ocrx_word' id='word_1_861' title='bbox 2637 5363 2799 5420; x_wconf 70' lang='lat' dir='ltr'><strong>v.17.</strong></span> <span class='ocrx_word' id='word_1_862' title='bbox 2876 5363 2924 5395; x_wconf 83' lang='grc'>⁸³</span> <span class='ocrx_word' id='word_1_863' title='bbox 2952 5360 3144 5416; x_wconf 84' lang='lat' dir='ltr'><strong>Matth.</strong></span> <span class='ocrx_word' id='word_1_864' title='bbox 3175 5372 3368 5421; x_wconf 81' lang='lat' dir='ltr'><strong>xxvul,</strong></span> <span class='ocrx_word' id='word_1_865' title='bbox 3398 5353 3481 5409; x_wconf 83' lang='lat' dir='ltr'><strong>i9.</strong></span> <span class='ocrx_word' id='word_1_866' title='bbox 3558 5349 3755 5405; x_wconf 71' lang='lat' dir='ltr'><strong>“Psal.</strong></span> 
     </span>
    </p>
   </div>
   <div class='ocr_carea' id='block_1_115' title="bbox 2273 5628 3626 5705">
    <p class='ocr_par' dir='ltr' id='par_1_115' title="bbox 2273 5628 3626 5705">
     <span class='ocr_line' id='line_1_115' title="bbox 2273 5628 3626 5705; baseline -0.01 -14"><span class='ocrx_word' id='word_1_867' title='bbox 2273 5632 2383 5705; x_wconf 71' lang='lat'><strong>(92)</strong></span> <span class='ocrx_word' id='word_1_868' title='bbox 2417 5631 2627 5687; x_wconf 66' lang='grc' dir='ltr'>Πάλιν.</span> <span class='ocrx_word' id='word_1_869' title='bbox 2661 5630 2809 5685; x_wconf 68' lang='lat' dir='ltr'><strong>Hanc</strong></span> <span class='ocrx_word' id='word_1_870' title='bbox 2841 5645 3026 5685; x_wconf 88' lang='lat' dir='ltr'><strong>vocem</strong></span> <span class='ocrx_word' id='word_1_871' title='bbox 3060 5628 3371 5683; x_wconf 86' lang='lat' dir='ltr'><strong>addidimus</strong></span> <span class='ocrx_word' id='word_1_872' title='bbox 3405 5640 3470 5680; x_wconf 78' lang='lat' dir='ltr'><strong>ex</strong></span> <span class='ocrx_word' id='word_1_873' title='bbox 3496 5636 3626 5680; x_wconf 81' lang='lat' dir='ltr'><strong>mss.</strong></span> 
     </span>
    </p>
   </div>
  </div>
