3888 6214
170 324 279 381 265

1155 311 1648 376 ῑΡιετοιλιιυιι
1684 312 1975 377 CLA'SSI‘S
2007 314 2049 376 I.
2093 315 2311 376 EPIST.
2355 318 2492 377 Vill.

3334 322 3441 377 366

173 440 512 507 ἐνοικοῦντος
539 444 599 495 ὲν
629 442 786 513 ἡμῖν,
814 440 1242 514 ὁμολογήσωμεν
1271 440 1404 494 αὐτὸ
1432 434 1572 493 εἶναι
1602 437 1757 494 Θεόν.

1870 448 1974 505 tur,
2032 452 2084 496 et
2116 440 2387 495 inhabitat
2416 442 2473 495 in
2499 440 2682 504 nobis,
2719 438 3080 495 conﬁteamur
3109 438 3291 509 ipsum
3315 452 3443 494 esse

174 534 372 603 Κυρίῳ
403 534 516 603 γὰρ
543 531 626 599 τῷ
662 532 783 598 Θεῷ
817 547 934 585 σου
957 529 1433 599 προσκυνήσεις,
1472 530 1570 584 καὶ
1597 528 1756 594 αὐτῷ

172 628 341 697 μόνῳ
382 625 757 691 λατρεύσεις.
801 624 865 675 Ei
894 622 953 675 δὲ
998 621 1095 692 τὴν
1140 620 1284 686 Θεὸς
1331 619 1513 691 φωνὴν
1554 636 1754 690 παραι-

175 720 372 780 τοίντο,
413 714 837 787 μανθανέτωσαν
863 712 1007 774 τίνος
1034 712 1152 764 ἐστὶ
1181 710 1514 782 σημαντικὸν
1553 710 1614 763 τὸ
1642 710 1757 762 δνο-

179 827 258 879 μα
287 807 468 861 τοῦτο.
493 805 654 876 Παρά
683 804 791 875 γὰρ
820 802 883 856 τὸ
921 800 1224 855 τεθεικέναι
1249 800 1320 854 τὰ
1368 801 1544 854 πάντα
1568 800 1602 872 ἢ
1634 798 1759 853 θεᾶ-

177 900 301 954 σθαι
345 900 415 952 τὰ
461 898 641 951 πάντα
675 898 703 950 ὁ
746 895 879 958 Θεὸς
930 894 1257 965 ὀνομάζεται
1285 893 1419 965 (95).
1471 895 1533 947 Εἰ
1578 893 1757 947 τοίνυν

172 994 308 1057 Θεὸς
327 992 541 1063 εἴρηται
569 989 721 1059 παρὰ
740 988 803 1040 τὸ
828 986 1134 1040 τεθεικέναι
1160 986 1192 1055 ἢ
1216 985 1442 1039 θεᾶσθαι
1469 985 1536 1038 τὰ
1558 986 1754 1049 πάντα,

171 1085 235 1137 τὸ
264 1084 323 1137 δὲ
356 1081 583 1152 Πνεῦμα
626 1082 801 1133 πάντα
833 1078 1091 1147 γινώσκει
1139 1077 1209 1131 τὰ
1254 1077 1346 1131 τοῦ
1395 1076 1552 1143 Θεοῦ,
1592 1077 1667 1140 ὡς
1699 1077 1759 1131 τὸ

172 1176 395 1247 πνεῦμα
428 1175 488 1227 τὸ
526 1176 583 1226 ὲν
617 1175 749 1244 ἡμῖν
785 1172 855 1225 τὰ
898 1171 1177 1242 ἡμέτεραο
1214 1170 1347 1234 Θεὸς
1382 1165 1474 1224 οῦν
1496 1170 1557 1223 τὸ
1588 1169 1759 1223 Πνεῦ-

173 1284 255 1339 μα
281 1268 344 1321 τὸ
374 1269 551 1335 ἆγιον.
582 1264 694 1318 Καὶ
734 1262 919 1329 πάλιν,
954 1264 1002 1315 εί
1034 1264 1067 1333 ἡ
1109 1260 1357 1332 μάχαιρα
1382 1259 1475 1314 τοῦ
1505 1259 1757 1330 Πνεῦμα·

171 1377 262 1425 τος
294 1359 447 1431 ῥῆμά
470 1362 589 1412 ἐστι
615 1354 772 1419 Θεοῦ,
794 1355 926 1418 Θεὸς
953 1356 1014 1406 τὸ
1039 1352 1264 1424 Πνεῦμα
1282 1353 1343 1406 τὸ
1375 1351 1758 1428 ἆγιονηἙκεί-

170 1470 269 1506 νου
307 1452 417 1522 γάρ
467 1452 616 1503 ἐστιν
650 1451 684 1520 ἡ
733 1451 1007 1519 μάχαιρα,
1039 1441 1100 1500 οῦ
1149 1446 1242 1499 καὶ
1290 1444 1442 1517 ῥῆμα
1490 1443 1755 1497 καλεῖται.

172 1547 288 1600 Καὶ⁵
316 1545 365 1597 εἰ
392 1545 487 1597 καὶ
514 1541 663 1608 δεξιὰ
692 1540 801 1609 (94)
828 1540 922 1593 τοῦ
953 1538 1166 1609 Πατρὸς
1187 1537 1515 1608 ὀνομάζεται
1549 1535 1760 1603 (Δεξιὰ

174 1636 287 1707 τὰρ
306 1624 530 1704 Κὺρίου
566 1634 818 1701 ἐποίησε
863 1632 1121 1700 δύναμιν
1142 1647 1154 1659 ·
1187 1631 1302 1688 καὶ,
1340 1629 1399 1683 Ἠ
1421 1626 1589 1692 δεξιά
1619 1643 1757 1695 σου,

173 1730 387 1797 Κύριε,
419 1728 716 1795 ἔθραυσεν
762 1724 1048 1795 ἐχθρούς-ο
1108 1721 1370 1784 δάκτυλος
1417 1720 1474 1774 δὲ
1517 1719 1653 1774 Θεοῦ
1698 1721 1760 1773 τὸ

1862 529 2056 587 Deum.
2099 531 2364 586 Adorabis
2418 546 2641 602 namque
2686 530 2971 586 Dominum
3034 529 3201 593 Deum
3245 539 3440 597 tuum,

1861 633 1911 677 et
1960 623 2044 678 illi
2081 623 2184 678 soli
2214 625 2402 679 servies
2423 625 2489 677 ⁸⁷.
2538 623 2696 690 Quod
2740 625 2789 679 si
2828 624 2910 680 eis
2957 638 3060 679 vox
3086 623 3201 687 illa,
3246 621 3391 676 Deus
3421 661 3443 691 ,

1862 715 2163 787 displicet,
2218 715 2435 771 discant
2478 716 2608 787 quid
2642 716 2747 771 hoc
2796 731 2995 771 nomen
3021 716 3313 786 signiticet.
3344 712 3442 769 Ni-

1863 807 2064 860 mirum
2115 821 2184 861 ex
2226 820 2294 862 eo
2349 807 2497 877 quod
2547 806 2791 876 posuerit
2818 807 3043 884 omnia"
3091 806 3178 861 vel
3227 812 3439 875 spectet

1863 898 2066 965 omnia,
2118 897 2262 953 Deus
2290 899 2625 953 nominatur.
2679 896 2739 951 Si
2781 899 2949 968 igitur
2996 895 3142 953 Deus
3196 896 3437 961 dicitur,

1864 1002 1930 1041 eo
1958 986 2105 1057 quod
2150 990 2394 1057 posuerit
2445 989 2530 1042 vel
2573 995 2780 1057 spectet
2812 987 3036 1053 omnia;
3073 985 3310 1057 Spiritus
3343 999 3443 1039 au-

1865 1087 1978 1135 tem
2030 1081 2311 1150 cognoscit
2361 1080 2544 1134 omnia
2598 1095 2723 1150 qua;
2764 1078 2862 1134 Dei
2893 1087 3044 1144 sunt,
3101 1079 3250 1133 velut
3278 1078 3443 1148 spiri-

1865 1179 1975 1233 tus,
2006 1170 2101 1241 qui
2130 1171 2185 1225 iu
2214 1171 2373 1226 nobis
2404 1179 2510 1237 est,
2539 1172 2691 1225 novit
2719 1185 2840 1241 quae
2871 1180 3059 1226 nostra
3082 1178 3214 1226 sunt
3231 1169 3276 1201 ⁸⁸
3310 1169 3444 1241 :igi-

1867 1273 1955 1317 tur
1979 1260 2218 1332 Spiritus
2246 1271 2469 1318 sanctus
2498 1262 2641 1318 Deus
2669 1272 2776 1318 est.
2802 1262 2870 1317 Et
2898 1277 3115 1327 rursus,
3145 1262 3193 1316 si
3223 1260 3440 1332 gladius

1865 1350 2103 1423 Spiritus
2152 1354 2382 1408 verbum
2407 1361 2493 1408 est
2522 1354 2618 1409 Dei
2637 1353 2681 1385 ⁸⁹
2702 1392 2718 1418 ,
2759 1352 2903 1409 Deus
2927 1365 3012 1410 est
3042 1346 3284 1424 Spiritus
3311 1367 3442 1410 san-

1866 1459 2010 1507 ctus.
2077 1451 2226 1508 Illius
2257 1461 2343 1508 est
2373 1452 2520 1506 enim
2571 1452 2807 1523 gladius,
2833 1452 2995 1521 cujus
3017 1452 3179 1507 etiam
3214 1451 3440 1506 verbum

1868 1552 2111 1600 vocatur.
2148 1544 2305 1611 Quod
2337 1543 2451 1615 89
2472 1544 2516 1599 si
2546 1546 2711 1598 etiam
2761 1545 3079 1598 nominatur
3104 1540 3284 1599 Patris
3309 1541 3441 1597 dex-

1866 1622 1980 1691 tera
2008 1637 2260 1706 (Dextera
2281 1637 2420 1690 enim
2445 1635 2658 1690 Domini
2680 1635 2799 1705 fecit
2823 1636 3141 1702 virtutem”;
3169 1644 3222 1693 et
3249 1653 3263 1688 :
3298 1633 3440 1689 Dea:-

1870 1738 1982 1781 tera
2012 1742 2104 1781 tua
2131 1767 2147 1791 ,
2187 1727 2412 1781 Domine
2436 1766 2452 1790 ,
2498 1727 2758 1796 percussit
2791 1727 3031 1781 inimicos
3057 1725 3102 1757 ’ί
3129 1746 3145 1791 ;
3198 1724 3293 1780 Dei
3340 1740 3441 1779 au-

171 1821 406 1892 Πνεῦμα
435 1820 498 1872 τὸ
536 1820 712 1888 ἆγιον,
760 1816 905 1871 κατὰ
958 1816 1020 1868 τὸ
1061 1815 1259 1886 ρητόνο
1304 1814 1387 1879 τὸ,
1436 1816 1505 1867 Ei
1531 1812 1647 1884 ἐγὼ
1691 1815 1762 1867 ἐν

1870 1828 1970 1874 tem
2003 1818 2209 1889 digitus
2239 1818 2479 1888 Spiritus
2523 1827 2751 1874 sanctus
2774 1825 2859 1873 est
2880 1858 2894 1882 ,
2927 1817 3229 1885 secundum
3260 1816 3393 1872 illud
3423 1836 3436 1870 :

172 1912 455 1978 δακτύλῳ
485 1908 635 1963 Θεοῦ
660 1908 933 1962 ἐκϐάλλω
958 1905 1032 1960 τὰ
1062 1905 1372 1975 δαιμόνια·
1400 1905 1537 1975 ὅπερ
1566 1907 1622 1957 ὲν
1648 1906 1762 1958 ἐτέ-

176 2021 258 2074 ρῳ
288 2000 611 2070 Εὐαγγελίῳ
644 1999 976 2071 γέγραπται,
1011 1997 1094 2061 τὸ,
1132 1996 1340 2068 Elimia
1376 1997 1445 2050 ἐν
1468 1998 1759 2067 Πνεύματι

172 2092 331 2150 Θεοῦ
368 2090 646 2146 ἐκϐάλλω
677 2091 750 2145 τὰ
782 2086 1129 2159 δαιμόνια)ο
1174 2088 1275 2159 τῆς
1329 2089 1500 2158 αὐτῆς
1550 2088 1764 2157 φύσεως

176 2186 258 2258 τῷ
286 2186 464 2257 Harp).
492 2184 588 2238 καὶ¹
606 2182 722 2253 Υίῷ
756 2182 819 2236 τὸ
849 2180 1077 2252 Πνεῦμα
1098 2181 1161 2233 τὸ
1193 2181 1370 2247 ἅγιον.

252 2279 344 2333 12.
386 2278 498 2331 Καὶ
551 2275 681 2347 περὶ
725 2275 825 2345 μὲν
876 2272 980 2343 τῆς
1020 2273 1406 2343 προσκυνητῆς
1462 2272 1555 2325 καὶ
1603 2273 1760 2341 ἁγίας

176 2370 411 2442 τριάδος
451 2366 690 2422 τοσαῦτα
717 2364 828 2437 (95)
874 2367 1010 2435 ἡμῖν
1045 2363 1139 2417 ἐπὶ
1178 2362 1274 2417 τοῦ
1302 2363 1568 2435 παρόντος
1612 2364 1763 2434 εἰρή-

177 2460 297 2513 σθω
318 2459 452 2528 (96).
487 2459 563 2510 Οὐ
597 2456 707 2528 γὰρ
737 2456 831 2509 νῦν
870 2453 1091 2507 δυνατὸν
1131 2453 1467 2524 πλατύτερον
1512 2453 1762 2519 ἐξετάσαι

175 2551 274 2605 τὸν
298 2551 429 2619 περὶ
463 2550 638 2619 αὐτῆς
665 2548 843 2616 λόγον.
880 2546 1071 2616 Ὑμεῖς
1109 2545 1187 2609 δὲ,
1210 2545 1463 2608 λαϐόντες
1489 2545 1638 2616 παρὰ
1664 2546 1765 2616 τῆς

177 2642 459 2714 ἡμετέρας
502 2639 884 2702 ταπεινώσεως
934 2638 1256 2708 σπέρματα,
1304 2638 1504 2707 στάχυν
1555 2636 1764 2708 ὥριμον

177 2736 400 2796 tau-toi;
427 2733 806 2803 γεωργήσατε,
838 2730 962 2783 ἐπεὶ
991 2731 1086 2783 καὶ
1117 2728 1329 2792 τόκους,
1351 2729 1433 2792 ὡς
1478 2730 1615 2791 ἴστε,
1657 2728 1765 2782 τῶν

175 2824 443 2878 τοιούτων
476 2820 1015 2893 προσαπαιτούμεθα.
1042 2819 1292 2874 Πιστεύω
1329 2820 1388 2873 δὲ
1412 2819 1491 2891 τῷ
1515 2820 1653 2892 Θεῷ,
1683 2822 1763 2875 ὅτι

176 2915 639 2985 καρποφορήσετε
696 2913 790 2967 καὶ
822 2912 1152 2984 τριάκοντα,
1193 2912 1289 2965 καὶ
1349 2912 1613 2983 ἐξήκοντα
1669 2912 1762 2965 καὶ

178 3005 405 3070 ἑκατὸν,
450 3004 540 3058 διὰ
558 3005 655 3076 τὴν
684 3003 1034 3075 καθαρότητα
1078 3001 1172 3056 τοῦ
1203 3002 1318 3072 βίου
1350 3002 1524 3073 ὑμῶν.
1558 3001 1761 3056 Μακά-

1866 1912 1926 1968 Si
1948 1929 2042 1983 ego
2076 1913 2131 1966 in
2179 1911 2346 1982 digito
2392 1910 2490 1964 Dei
2516 1911 2671 1980 ejicio
2694 1910 3065 1975 dtemonia“;
3100 1909 3151 1964 id
3182 1909 3334 1980 quod
3382 1910 3439 1962 in

1863 2005 1971 2059 alio
1996 2003 2288 2076 Evangelia
2332 2004 2598 2073 scriptum
2631 2011 2717 2058 est
2753 2022 2767 2057 :
2814 2000 2874 2057 Si
2898 2018 2993 2072 ego
3018 2003 3073 2054 in
3106 1999 3308 2069 Spiritu
3339 1999 3441 2055 Dei

1861 2098 2017 2168 eiicio
2074 2097 2342 2151 damonia
2357 2096 2425 2167 ’³)
2460 2111 2473 2146 :
2532 2094 2773 2165 Spiritus
2809 2104 3037 2150 sanctus
3068 2093 3315 2163 ejusdem
3342 2109 3441 2148 na-

1861 2195 1999 2244 tura:
2021 2203 2084 2242 ac
2099 2187 2261 2242 Pater
2286 2193 2342 2241 et
2371 2185 2563 2242 Filius.

1937 2277 2028 2332 12.
2064 2278 2240 2347 Atque
2300 2277 2405 2332 ista
2468 2264 2689 2346 quidem
2750 2274 2911 2330 nobis
2968 2274 3036 2329 de
3072 2273 3353 2329 adoranda
3383 2281 3439 2327 et

1864 2348 2057 2425 sancta
2087 2367 2357 2422 Trinitate
2382 2368 2437 2422 in
2470 2365 2726 2437 praesenti
2753 2365 2899 2419 dicta
2928 2365 3056 2419 sint.
3105 2363 3261 2419 Nunc
3289 2364 3435 2419 enim

1867 2460 1980 2516 ﬁeri
2010 2461 2223 2530 nequit,
2267 2467 2328 2514 ut
2372 2459 2537 2513 latius
2568 2457 2836 2512 rationem
2864 2456 3013 2510 illius
3057 2456 3433 2526 exquiramus.

1865 2550 1978 2607 Vos
2003 2565 2155 2615 vero,
2203 2550 2446 2619 acceptis
2473 2565 2505 2603 a
2547 2557 2738 2603 nostra
2769 2548 3078 2602 humilitate
3108 2547 3436 2615 seminibus,

1867 2647 2136 2695 maturam
2201 2640 2410 2710 spicam
2478 2637 2774 2706 vobisipsis
2829 2637 3107 2701 excolite,
3167 2637 3439 2707 siquidem

1864 2737 1916 2784 et
1967 2745 1997 2782 a
2031 2729 2214 2793 nobis,
2246 2737 2303 2781 ut
2330 2729 2526 2791 nostis,
2561 2727 2796 2798 exigitur
2836 2727 3028 2780 talium
3072 2740 3258 2782 usura.
3303 2727 3441 2781 Con-

1869 2821 1974 2876 iido
2005 2828 2186 2876 autem
2222 2820 2352 2884 Deo,
2410 2820 2646 2874 fructum
2696 2821 2961 2875 allaturos
3012 2834 3110 2874 vos
3161 2826 3215 2874 et
3273 2820 3440 2890 trige-

1866 2916 2088 2985 cuplum
2139 2920 2194 2967 et
2247 2912 2705 2982 sexagecuplum,
2750 2919 2803 2964 et
2847 2911 3184 2980 centuplum,
3228 2911 3298 2966 ob
3350 2927 3441 2966 ve-

1869 3014 1996 3061 strae
2053 3003 2178 3058 vitae
2240 3002 2552 3072 puritatem.
2609 2999 2742 3053 Nam
2805 3000 2944 3054 beati
2988 3000 3183 3055 mundo
3238 3001 3437 3066 corde,

163 3115 297 3168 ριοι
321 3096 456 3168 γὰρ,
505 3096 671 3167 φησὶν
701 3095 846 3167 (97),
904 3098 958 3148 oi
992 3095 1237 3163 καθαροὶ
1281 3092 1356 3163 τῇ
1384 3092 1627 3162 καρδίᾳ,
1673 3093 1761 3147 ὅτι

1870 3097 2120 3169 quoniam
2155 3095 2266 3163 (ipsi
2320 3093 2490 3147 Deum
2535 3090 2781 3145 videbunt
2803 3091 2869 3144 ’⁵.
2932 3090 3118 3161 Neque
3159 3107 3290 3147 vero
3349 3108 3439 3148 re-

175 3189 355 3244 αὐτοὶ
383 3188 491 3241 τὸν
518 3187 668 3242 Θεὸν
697 3187 968 3255 ὄψονται.
1015 3187 1126 3239 Καὶ
1171 3185 1307 3256 μηδὲ
1336 3184 1464 3239 ἄλλο
1495 3202 1569 3248 τι,
1612 3184 1766 3238 ἀδελ-

177 3279 296 3349 φοὶ,
328 3277 430 3349 τὴν
464 3276 739 3346 βασιλείαν
772 3275 878 3328 τῶν
907 3274 1155 3346 οὐρανῶν
1180 3273 1439 3344 νομίσητε
1467 3272 1577 3344 (98)
1608 3273 1640 3344 ἢ
1668 3272 1765 3344 τὴν

174 3372 294 3426 τῶν
328 3372 503 3425 ὄντων
528 3368 701 3439 ἀληθῆ
746 3366 1108 3437 κατανόησιν,
1145 3365 1214 3436 ἢν
1246 3364 1342 3417 καὶ
1385 3364 1767 3435 μακαριότητα

172 3461 542 3534 ὀνομάζουσιν
574 3461 630 3513 αἱ
661 3458 799 3512 θεῖαι
830 3456 1063 3529 Γραφαί.
1098 3457 1169 3511 Ἠ
1191 3455 1301 3527 γὰρ
1327 3456 1617 3520 ,ϐασιλεία
1649 3453 1768 3508 τῶν

174 3551 460 3622 οὐρανῶν
486 3550 661 3617 ἐντὸς
686 3549 852 3619 ὑμῶν
875 3548 1176 3620 ἐστι.Περὶ
1197 3547 1254 3600 δὲ
1272 3547 1363 3600 τὸν
1379 3546 1528 3610 ἐντὸς
1556 3546 1766 3618 ἄνθρω-

178 3661 286 3698 πον
306 3644 466 3698 οὐδὲν
488 3642 673 3714 ἓτερον
700 3642 733 3712 ἦ
759 3640 961 3713 θεωρία
990 3641 1327 3694 συνίσταται.
1345 3639 1563 3709 Θεωρία
1588 3640 1653 3693 ἂν
1681 3640 1767 3710 εἴη

177 3734 370 3790 λοιπὸν
399 3735 434 3804 ή
462 3730 708 3803 βασιλεία
728 3730 836 3785 τῶν
868 3725 1250 3804 οὐρανῶν.Ὦν
1278 3731 1388 3804 γὰρ
1416 3733 1510 3787 νῦν
1529 3732 1638 3805 (99)
1670 3733 1768 3797 τὰς

180 3825 347 3891 σκιὰς
373 3822 699 3897 καθορῶμεν
720 3824 794 3887 ὡς
817 3826 875 3877 ὲν
906 3824 1219 3896 κατόπτρῳ,
1251 3823 1499 3896 ὕστερον,
1526 3825 1769 3879 ἀπαλλα-

174 3918 379 3987 γέντες
416 3915 511 3970 τοῦ
543 3912 779 3984 γεώδους
823 3912 1076 3987 σώματος
1108 3913 1327 3977 τούτου,
1358 3913 1454 3967 καὶ
1496 3915 1768 3986 ἄφθαρτον

174 4006 613 4076 ὲπενδυσάμενοι
658 4005 751 4058 καὶ
786 4002 1082 4067 ἀθάνατον,
1117 4002 1324 4056 τούτων
1373 4003 1440 4057 τά
1484 4002 1768 4074 ἀρχέτυπα

180 4094 564 4167 κατοψόμεθα.
628 4092 901 4165 Ὀψόμεθα
928 4093 1020 4161 δὲ,
1059 4092 1113 4145 εἴ
1146 4110 1210 4162 γε
1261 4094 1352 4146 τὸν
1399 4094 1607 4148 ἑαυτῶν
1655 4094 1767 4164 βίον

182 4188 327 4260 πρὸς
350 4188 414 4240 τὸ
446 4186 604 4250 εὐθὲς
624 4185 1047 4256 κυδερνοίημεν,
1080 4186 1176 4238 καὶ
1206 4184 1307 4255 τῆς
1330 4185 1498 4257 ὀρθῆς
1533 4186 1766 4250 πίστεως

185 4280 486 4352 ποιοίμεθα
535 4280 828 4352 πρόνοιαν,
866 4273 941 4332 ὧν
993 4280 1163 4351 χωρὶς
1215 4278 1391 4341 οὐδεὶς
1435 4278 1621 4347 ὄψεται
1675 4278 1768 4331 τὸν

184 4374 416 4447 Κύριον.
447 4374 553 4438 Εἰς
584 4371 691 4441 γὰρ
736 4370 1105 4439 κακότεχνον
1136 4367 1381 4438 ψυχὴν,
1426 4369 1620 4437 φησὶν,
1658 4368 1769 4421 οὐκ

1866 3200 2036 3258 gnum
2065 3185 2332 3239 cmlorum
2379 3182 2527 3235 aliud
2562 3180 2858 3250 quidquam
2909 3182 3111 3249 putetis
3136 3220 3150 3245 ,
3200 3179 3399 3236 fratres
3423 3219 3439 3245 ,

1866 3289 2031 3345 quam
2061 3287 2252 3328 eorum
2301 3286 2421 3341 quae
2469 3281 2598 3324 sunt
2650 3270 3213 3339 contemplationem,
3274 3285 3439 3342 quam

1865 3366 2030 3425 etiam
2104 3365 2304 3421 divina:
2371 3361 2672 3433 Scriptura;
2752 3370 2949 3417 vocant
3022 3362 3436 3419 beatitudinem.

1867 3460 2106 3532 Regnum
2150 3460 2290 3513 enim
2336 3456 2592 3511 caelorum
2628 3457 2769 3509 intra
2823 3470 2913 3509 vos
2937 3464 3019 3509 est
3039 3457 3108 3509 ⁸⁸.
3152 3456 3313 3511 Circa
3355 3457 3437 3510 in-

1867 3560 2086 3608 ternum
2143 3556 2324 3605 autem
2373 3548 2648 3602 hominem
2696 3546 2833 3601 nihil
2885 3546 3036 3600 aliud
3080 3562 3248 3617 quam
3305 3562 3441 3602 con-

1866 3643 2151 3714 templatio
2208 3640 2480 3697 consistit.
2530 3638 2818 3708 Reliquum
2853 3645 2936 3694 est
2976 3638 3175 3708 igitur,
3210 3649 3271 3694 ut
3303 3653 3440 3694 con-

1866 3736 2147 3806 templatio
2206 3747 2436 3803 regnum
2499 3731 2570 3786 sit
2639 3730 2923 3785 cmlorum.
2997 3720 3240 3795 Quorum
3296 3730 3441 3786 enim

1868 3842 2017 3882 nunc
2054 3826 2280 3879 umbras
2328 3824 2575 3876 videmus
2641 3823 2799 3890 quasi
2847 3823 2903 3875 in
2962 3821 3230 3891 speculo,
3288 3830 3442 3892 post-

1869 3918 2092 3973 modum
2140 3924 2365 3970 terreno
2408 3915 2512 3968 hoc
2563 3928 2793 3983 corpore
2843 3913 3101 3975 liberati,
3150 3922 3204 3965 et
3263 3913 3442 3967 incor-

1868 4018 2031 4079 rupto
2089 4022 2154 4061 ac
2204 4006 2497 4061 immortali
2557 4005 2788 4069 induti,
2870 4005 3063 4059 horum
3146 4005 3441 4076 archetypa

1867 4102 2199 4157 videbimus.
2234 4098 2537 4153 Cernemus
2583 4104 2788 4161 autem,
2847 4098 2893 4150 si
2938 4097 3101 4151 modo
3132 4097 3297 4150 vitam
3351 4113 3438 4153 no-

1869 4202 2040 4247 stram
2074 4189 2142 4243 ad
2186 4188 2242 4241 id
2286 4187 2433 4258 quod
2464 4196 2674 4242 rectum
2707 4194 2812 4250 est,
2853 4187 3242 4250 direxerimus,
3280 4194 3445 4259 atque

1870 4290 2020 4335 recta
2081 4278 2215 4334 ﬁdes
2254 4293 2403 4332 curae
2435 4277 2595 4332 nobis
2651 4278 2853 4344 fuerit,
2900 4280 3019 4333 sine
3049 4278 3251 4347 quibus
3283 4292 3446 4333 nemo

1870 4371 2159 4427 Dominum
2213 4368 2437 4424 videbit.
2507 4366 2651 4422 Nam
2704 4370 2759 4422 in
2819 4369 3110 4440 malignam
3163 4370 3443 4435 animam,

185 4466 603 4521 εισελεύσεται
631 4464 837 4532 σοφία,
886 4461 1029 4516 οὐδὲ
1055 4458 1399 4526 κατοικήσει
1436 4461 1506 4513 ἐν
1541 4459 1762 4528 σώματι

1872 4462 2051 4533 inquit
2080 4502 2094 4522 ,
2154 4477 2257 4514 non
2309 4459 2551 4513 introibit
2606 4462 2866 4528 sapientia
2897 4501 2912 4526 ,
2974 4476 3134 4531 neque
3186 4460 3445 4514 habitabit

184 4556 499 4628 ωταχρέῳ
521 4556 829 4626 ἁμαρτίας.
850 4556 961 4609 Καὶ
987 4554 1175 4626 μηδεὶς
1202 4553 1552 4625 ὑποκρουέτω
1570 4553 1771 4631 λέγων,

183 4653 270 4705 ὃτι
316 4650 402 4703 Τὰ
433 4651 493 4703 ὲν
536 4648 694 4701 ποσὶν
751 4648 963 4715 ἀγνοῶν
1016 4647 1145 4718 περὶ
1194 4645 1294 4715 τῆς
1346 4644 1639 4715 ἀσωμάτου
1674 4638 1772 4697 zeal!

184 4743 371 4813 πάντη
400 4740 480 4811 (Ι)
508 4739 702 4793 ἀνύλου
748 4738 934 4802 οὐσίας
962 4739 1095 4808 ἡμῖν
1127 4737 1462 4808 φιλοσοφεῖς.
1511 4736 1621 4789 Καὶ
1659 4734 1767 4805 γὰρ

184 4832 390 4887 ἄτοπον
425 4831 597 4904 κρίνω
627 4831 726 4894 τὰς
755 4830 852 4900 μὲν
885 4829 1166 4901 αἰσθήσεις
1202 4831 1297 4900 ὲᾷν
1331 4828 1626 4893 ἀκωλύτως
1659 4828 1769 4882 τῶν

187 4926 335 4980 ἰδίων
376 4922 756 4978 ἐμπίπλασθαι
788 4923 964 4986 ὑλῶν,
999 4923 1089 4975 τὸν
1127 4922 1182 4974 δὲ
1227 4921 1353 4975 νοῦν
1398 4921 1556 4992 μόνον
1597 4920 1772 4993 εἴργε-

1866 4555 1922 4608 in
1962 4566 2177 4619 corpore
2226 4551 2450 4605 obnoxio
2481 4560 2694 4618 peccato
2713 4551 2781 4606 ⁸⁸.
2836 4548 3008 4605 Nemo
3047 4558 3229 4605 autem
3272 4550 3442 4605 recla-

1872 4652 2001 4709 .net,
2031 4642 2220 4697 dicens
2250 4658 2264 4691 :
2307 4641 2411 4707 Qui
2441 4655 2529 4694 res
2561 4649 2688 4713 ante
2722 4639 2888 4710 pedes
2930 4639 3142 4709 positas
3196 4638 3439 4708 ignoras.

1870 4736 1939 4790 de
1990 4735 2317 4804 incorporea
2364 4741 2419 4788 et
2488 4748 2719 4803 prorsus
2789 4731 3137 4787 immateriali
3205 4731 3445 4786 essentia

1870 4827 2029 4882 nobis
2084 4823 2510 4896 philosopharis.
2586 4820 2723 4876 Illud
2793 4822 2939 4877 enim
2998 4820 3296 4877 absurdum
3354 4821 3447 4890 ju-

1871 4921 2018 4984 dico,
2065 4927 2126 4973 ut
2170 4934 2369 4974 sensus
2425 4916 2644 4988 quidem
2686 4916 2932 4970 sinamus
2989 4914 3158 4969 libere
3198 4914 3315 4969 suis
3349 4929 3448 4985 op-

254 5079 301 5110 "
341 5076 536 5134 Matth.
575 5094 651 5142 tv,
679 5079 763 5131 19.
838 5075 885 5107 ⁸⁸
916 5074 934 5127 l
966 5074 1094 5130 Cor.
1134 5091 1192 5139 ιι,
1216 5075 1303 5135 10,
1340 5075 1428 5127 Η.
1505 5074 1550 5107 ⁸⁸
1575 5073 1762 5143 Ephes.

1876 5073 1993 5135 .11.
2055 5051 2115 5107 ἰο
2145 5072 2291 5128 Psal.
2328 5087 2496 5135 cxvn,
2537 5069 2621 5124 ts.
2697 5071 2741 5101 οι
2779 5069 2950 5124 Exod.
2980 5085 3073 5135 xv,
3102 5068 3156 5124 ο.
3232 5069 3278 5101 υ·
3307 5067 3442 5123 Luc.

188 5165 265 5215 XI,
301 5150 399 5205 20.
474 5150 522 5179 ’³
555 5147 740 5202 Matth.
781 5146 987 5211 xn,28.
1059 5146 1105 5176 ⁸³
1138 5145 1331 5199 Matth.
1355 5160 1409 5208 ν,
1433 5146 1487 5199 8.
1566 5146 1611 5177 "
1642 5144 1775 5198 Luc.
1810 5159 1945 5207 xvn,
1968 5143 2062 5198 21.
2139 5144 2193 5175 "
2217 5143 2345 5212 Sap.
2377 5159 2415 5206 ι,
2441 5143 2491 5196 4.

258 5306 374 5376 (95)
413 5306 478 5358 Ὀ
506 5302 650 5369 Θεὸς
685 5300 1043 5376 ὀνομάζει-τερ.
1078 5299 1187 5376 [ias
1227 5314 1390 5376 voces
1421 5306 1475 5353 et
1515 5314 1637 5368 quae
1671 5314 1758 5354 se—

226 5368 436 5431 nuntur
464 5368 639 5442 usque
671 5374 738 5426 ad
770 5368 831 5425 τὸ
872 5372 930 5424 δὲ
972 5370 1195 5442 Πνεῦμα
1224 5368 1477 5442 addimus
1517 5384 1582 5421 ex
1625 5384 1756 5442 mss.

226 5393 436 5431 nuntur
464 5393 639 5442 usque
671 5393 738 5426 au
770 5393 831 5425 το
872 5393 930 5424 οε
972 5393 1195 5439 ιινευμα
1228 5393 1477 5423 nummus
1517 5393 1582 5421 cx
1625 5393 1756 5423 mss.

185 5393 456 5528 Displicet
478 5453 660 5528 autem
686 5441 1011 5497 Combeﬁsio
1024 5440 1347 5505 τεθεικέναι,
1363 5453 1426 5492 ac
1442 5442 1617 5508 legere
1632 5440 1762 5491 mal-

189 5518 263 5572 let
290 5516 716 5586 τεθεωρηκέναι.

261 5587 377 5657 (94)
416 5586 530 5657 Καὶ
564 5586 617 5657 εί
780 5580 971 5657 ῥεξιᾴ.
1003 5578 1096 5657 Sic
1125 5593 1259 5657 mss.
1290 5576 1432 5632 Editi
1466 5577 1560 5630 καὶ
1589 5576 1759 5643 δεξιά,

190 5649 413 5714 omissis
448 5655 543 5707 καὶ
571 5656 639 5706 εἰ.
672 5651 828 5722 (Vide
860 5649 1161 5718 Addenda.)

261 5726 373 5797 (95)
418 5717 708 5780 Τοσαῦτα.
744 5720 822 5773 ita
852 5736 986 5775 mss.
1020 5735 1116 5788 pro
1141 5717 1208 5773 eo
1236 5717 1381 5789 quod
1409 5725 1524 5777 erat
1558 5719 1613 5770 in
1643 5717 1761 5772 eili-

429 5821 706 5882 ΡΑτιοι..
738 5814 857 5877 Gn.
894 5816 1160 5879 XXXII.

1867 5297 1941 5377 tis
1966 5298 2212 5420 τοιῗιῢτα.
2247 5297 2368 5353 Non
2400 5298 2572 5352 multo
2612 5306 2730 5368 post
2771 5296 2905 5351 editi
2941 5297 3181 5369 σπέρμα.
3215 5294 3348 5354 Mss.
3384 5304 3447 5353 ut

1867 5383 1921 5420 Ill
1964 5379 2048 5420 tex
2079 5385 2132 5420 ll.

1866 5383 1921 5420 Ill
1964 5379 2132 5422 textu.

1938 5437 2049 5508 (96)
2081 5436 2240 5507 (Vide
2266 5435 2571 5508 Addenda.)

1960 5503 2050 5577 97)
2077 5503 2223 5574 Γειρ,
2248 5506 2459 5577 φησίν.
2497 5503 2694 5560 Ultima
2720 5521 2830 5577 vox
2866 5505 3049 5561 addita
3082 5516 3148 5561 ex
3178 5520 3314 5563 mss.

1960 5510 2050 5577 97)
2077 5510 2223 5574 Γειρ,
2248 5510 2459 5575 φησιν.
2497 5510 2694 5560 Ultima
2724 5521 2830 5560 vox
2866 5510 3049 5561 addita
3082 5516 3148 5561 ex
3178 5522 3205 5560 ιι

1938 5510 2054 5648 (98)
2081 5574 2680 5648 ἐνομίσητεχιιε-ιιιεε.
2718 5575 2861 5630 Editi
2892 5577 3205 5648 νομίσηται.

1942 5642 2052 5717 (99)
2083 5642 2194 5699 Ὧιὶνο
2219 5642 2332 5715 γὰρ
2353 5645 2489 5699 νῦν.
2526 5645 2724 5700 Ultima
2755 5642 3034 5703 voculae:
3067 5642 3203 5704 mss.
3234 5645 3443 5705 addita.

1929 5716 2281 5788 -(1)ίΠάντη.
2316 5717 2392 5772 Ita
2423 5730 2558 5774 mss.
2593 5717 2736 5772 Editi
2765 5718 2960 5773 πάντα.
3446 5724 3454 5732 ”

3082 5808 3123 5867 9
