3888 6214
422 313 523 368 2ϋῖ

1724 309 1790 371 ‘8.
1835 309 2074 372 BA'SlLll
2112 309 2325 372 MAG'NI

3569 316 3676 370 268

423 437 562 511 pleri
618 438 903 503 materiis,
953 453 1112 495 mens
1152 455 1282 496 vero
1333 441 1449 496 sola
1495 455 1524 495 a
1559 441 1782 512 propria
1811 456 1996 512 opera-

2105 441 2226 496 σθαι
2250 442 2353 513 τῆς
2380 430 2588 505 οἰκείας
2619 441 2924 513 ἐνεργείας.
2973 440 3060 504 Ὠς
3093 439 3202 512 γὰρ
3295 435 3546 510 αἴσθησις
3568 436 3679 493 τῶν

421 531 574 588 tione
641 540 913 588 arceatur.
955 531 1027 588 Ut
1085 534 1233 589 enim
1297 551 1495 592 sensus
1558 537 1882 602 sensibilia,
1927 535 2004 590 ita

421 639 580 680 mens
623 625 990 696 intelligibilia
1045 627 1284 698 attingit.
1329 625 1502 681 Simul
1567 636 1752 683 autem
1802 635 1858 682 et
1898 628 2004 682 hoc

419 714 715 773 dicendum
743 755 760 780 ,
805 717 1080 771 naturalia
1129 718 1340 788 judicia
1383 720 1701 774 documenti
1755 719 2002 789 expertia

421 825 454 862 ει
481 809 762 864 conditore
793 818 986 870 nostro
1006 809 1118 866 Deo
1152 810 1326 865 indita
1382 811 1572 867 fuisse.
1606 810 1801 866 Visum
1853 812 2001 866 enim

420 916 583 955 nemo
641 901 836 956 edocet
898 909 957 955 ut
1028 902 1295 972 percipiat
1339 904 1551 958 colores
1604 913 1699 956 aut
1756 902 2000 974 ﬁguras;

421 1005 598 1062 neque
651 991 898 1046 auditum
955 999 1015 1046 ut
1079 1008 1246 1048 sonos
1279 1001 1332 1048 et
1379 1009 1590 1059 voces;
1632 1009 1808 1064 neque
1863 994 2001 1048 olla-

418 1091 570 1139 ctum
594 1124 611 1149 ,
670 1090 732 1137 ut
766 1085 904 1140 bene
934 1091 988 1140 et
1032 1086 1174 1140 male
1206 1085 1468 1140 olentium
1502 1102 1684 1142 rerum
1717 1101 1950 1158 vapores
1984 1104 1998 1149 ;

419 1191 598 1246 neque
643 1183 887 1246 gustum,
937 1187 997 1230 ιιι
1034 1193 1257 1246 sapores
1300 1194 1364 1233 ac
1415 1194 1610 1234 SUCCOS
1640 1197 1654 1246 ;
1687 1195 1865 1250 neque
1920 1187 2003 1234 ta-

420 1276 568 1320 ctum
595 1308 609 1331 ,
642 1275 703 1321 ut
735 1268 916 1346 mollia
957 1277 1011 1323 et
1058 1269 1196 1323 dura
1222 1309 1238 1333 ,
1302 1279 1361 1324 ut
1416 1270 1591 1325 calida
1634 1284 1728 1325 aut
1780 1270 1998 1341 frigida.

419 1357 606 1428 Neque
652 1374 786 1414 sane
831 1361 1122 1430 quisquam
1187 1371 1424 1416 mentem
1471 1362 1690 1418 docebit
1744 1362 2003 1434 intelligi-

419 1451 552 1503 bilia
603 1452 842 1522 assequi.
892 1451 957 1506 Et
989 1453 1448 1522 quemadmodum
1513 1472 1736 1522 sensus,
1787 1457 1836 1512 si
1869 1456 2000 1526 quid

421 1541 557 1607 ipsis
619 1542 878 1596 acciderit
955 1543 1331 1609 incommodi,
1388 1556 1550 1615 egent
1610 1547 1787 1602 solum
1848 1563 2003 1602 cura—

418 1632 607 1694 tione,
659 1642 713 1688 et
771 1649 931 1688 suum
982 1636 1226 1705 ipsorum
1279 1653 1478 1692 munus
1524 1639 1744 1708 explent
1793 1639 1996 1706 facile;

2104 537 2397 608 αἰσθητῶν,
2429 536 2604 601 οὐτως
2637 538 2666 590 6
2699 536 2826 600 νοῦς
2851 535 2957 589 τῶν
2985 535 3192 605 νοητῶν
3229 533 3476 596 ἐπίϐολός
3506 534 3676 587 ἐστιν.

2105 629 2258 700 Ἀμα
2283 629 2340 681 δέ
2371 630 2466 682 καὶ
2493 628 2652 682 τοῦτο
2691 628 2932 693 λεκτέον,
2969 628 3050 680 ὅτι
3078 627 3147 680 τά
3189 624 3393 695 φυσικά
3421 626 3680 696 κριτήρια

2102 721 2363 776 ἀδίδακτα
2395 721 2692 792 πεποίηκεν
2725 723 2753 775 6
2785 721 2980 784 κτίσας
3003 721 3152 790 ἡμᾶς
3175 718 3325 781 Θεός.
3355 718 3544 780 Οὐδεὶς
3569 716 3677 788 γὰρ

2101 811 2342 866 διδάσκει
2377 815 2477 878 τὰς
2506 814 2658 882 ὄψεις
2698 813 3005 884 χρωμάτων
3037 812 3069 883 ἢ
3100 812 3395 882 σχημάτων
3419 810 3680 880 ἀντιλαμο

2103 903 2398 969 ϐάνεσθαι,
2437 905 2545 958 οὐδ’
2610 903 2779 975 ἀκοὴν
2831 903 3018 973 ψόφων
3059 921 3118 956 τε
3160 903 3254 955 καὶ
3305 900 3530 970 φωνῶν,
3565 897 3677 951 οὐδ’

2102 999 2369 1068 ὄσφρησιν
2399 998 2586 1067 ἀτμῶν
2610 995 2826 1051 εὐωδῶν
2845 1014 2904 1049 τε
2927 997 3020 1049 καὶ
3052 994 3322 1058 δυσωδῶν,
3344 993 3465 1046 οὐδὲ
3487 992 3675 1061 γεῦσιν

2102 1084 2291 1154 χυμῶν
2317 1084 2409 1136 καὶ
2441 1083 2638 1152 χυλῶν,
2672 1082 2780 1135 οὐδ’
2809 1083 2951 1151 ἁφὴν
2989 1080 3246 1151 μαλακῶν
3273 1080 3366 1133 καὶ
3402 1076 3672 1148 σκληρῶν,

2101 1179 2135 1248 ἢ
2163 1177 2378 1248 θερμῶν
2406 1173 2498 1229 καὶ
2517 1176 2760 1245 ψυχρῶν.
2793 1175 2927 1228 Οὐδὲ
2957 1176 3048 1227 τὸν
3077 1173 3199 1227 νοῦν
3227 1173 3535 1226 ἐπιϐάλλειν
3563 1173 3676 1232 τοῖς

2101 1271 2312 1339 νοητοῖς
2357 1267 2555 1332 διδάξαι
2594 1284 2678 1330 τις
2729 1267 2812 1320 ἂν.
2858 1268 2970 1318 Καὶ
3010 1265 3199 1336 ῶσπερ
3253 1266 3306 1318 εῐ
3351 1281 3404 1317 τι
3452 1261 3678 1316 πάθοιεν

2101 1355 2285 1427 αὗται,
2303 1360 2622 1430 ἐπιμελείας
2649 1359 2808 1430 μόνον
2834 1359 3203 1430 προσδέονται,
3228 1357 3323 1410 καὶ
3351 1356 3448 1427 τὴν
3467 1355 3676 1407 οἰκείαν

2102 1453 2383 1521 ἐνέργειαν
2415 1452 2651 1515 εὐκόλως
2685 1451 3122 1523 ὰποπληροῦσινο
3155 1449 3326 1513 οὕτως
3360 1449 3452 1502 καὶ
3475 1449 3502 1500 6
3527 1446 3672 1510 νοῦς,

2104 1547 2267 1615 σαρκὶ
2297 1544 2585 1607 συνδεθεὶς,
2622 1543 2714 1596 καὶ
2745 1543 2853 1595 τῶν
2881 1543 2945 1595 ἐκ
2976 1542 3178 1613 ταύτης
3213 1539 3522 1610 φαντασιῶν
3545 1538 3678 1608 πλη-

2105 1637 2318 1706 ρωΟεὶς,
2347 1637 2579 1699 πίστεως
2606 1635 2775 1688 δεῖται
2809 1636 2901 1688 καὶ
2941 1635 3221 1694 πολιτείας
3249 1632 3437 1704 ὀρθῆς,
3472 1631 3675 1694 αἵτινες

420 1722 496 1774 ita
535 1731 584 1777 et
627 1739 780 1779 mens
807 1726 958 1780 carni
989 1727 1216 1797 illigata,
1253 1739 1306 1782 et
1327 1732 1464 1784 ortis
1493 1746 1558 1784 ex
1590 1747 1652 1786 ea
1692 1731 1996 1800 phantasiis

2105 1728 2488 1800 καταρτίζουσι
2540 1729 2667 1792 τοὺς
2702 1728 2868 1790 πόδας
2901 1727 3063 1779 αὐτοῦ
3114 1727 3246 1778 ὡσεὶ
3294 1725 3529 1793 ἐλάφου,
3581 1725 3678 1776 καὶ

418 1814 633 1884 oppleta
666 1857 681 1881 ,
722 1816 827 1872 ﬁde
871 1792 1096 1888 indiget.
1132 1829 1188 1874 et
1249 1829 1398 1875 recta
1455 1822 1565 1877 vita
1598 1864 1613 1886 ,
1665 1792 1787 1892 quae
1832 1823 1996 1893 pedes

2106 1823 2198 1875 ἐπὶ
2231 1792 2300 1875 τὰ
2331 1822 2512 1892 ὐψηλά
2555 1821 2773 1874 ἱστῶσιν
2816 1820 2999 1873 αὐτόν.
3027 1816 3195 1870 Τοῦτό
3235 1833 3316 1868 τοι
3359 1792 3488 1868 αὐτὸ
3516 1815 3611 1867 καὶ
3646 1816 3678 1867 6
3741 1833 3750 1850 ν

420 1907 594 1976 ipsius
620 1909 763 1962 velut
794 1910 940 1964 cervi
969 1912 1256 1979 cujusdam
1324 1925 1636 1984 praeparant
1663 1917 1732 1978 ⁸⁷,
1765 1931 1996 1985 eamque

419 1999 486 2052 ad
540 2001 648 2054 alta
706 2003 939 2071 erigunt.
1002 2002 1116 2058 Hoc
1172 2005 1350 2073 ipsum
1409 2008 1571 2060 etiam
1615 2008 1844 2076 sapiens
1904 2008 1996 2063 ille

421 2091 677 2146 Salomon
709 2092 1005 2162 admonet;
1057 2112 1126 2151 'ac
1174 2113 1321 2151 nunc
1349 2098 1563 2166 quidem
1620 2101 1778 2154 nobis
1797 2099 1998 2169 objicit

418 2199 528 2236 non
589 2187 1048 2242 verecundantem
1104 2189 1352 2258 opiﬁcem
1385 2190 1668 2244 formicam
1697 2192 1766 2256 ⁸⁸,
1803 2206 1868 2245 ac
1899 2207 1997 2261 per

421 2289 542 2328 eam
596 2275 756 2330 nobis
798 2284 1082 2332 actuosam
1115 2277 1258 2332 viam
1303 2277 1610 2334 describit:
1663 2295 1812 2335 nunc
1867 2296 2000 2336 vero

419 2366 682 2435 sapientis
734 2367 964 2438 apiculae
1023 2369 1074 2422 in
1116 2368 1386 2440 ﬁngendis
1431 2371 1571 2428 favis
1614 2387 1880 2441 organum
1907 2372 1994 2426 ὀε

419 2472 483 2508 ac
543 2473 640 2526 per
697 2473 817 2512 eam
907 2461 1213 2514 naturalem
1285 2463 1797 2532 contemplationem
1870 2478 1998 2534 sug-

418 2548 596 2617 gerit,
655 2550 711 2602 in
763 2566 872 2620 qua
935 2552 1095 2604 etiam
1164 2550 1233 2607 de
1293 2562 1483 2608 sancta
1558 2553 1828 2610 Trinitate
1891 2555 1994 2610 do-

417 2639 594 2692 cuina
655 2641 1021 2708 admiscetur";
1080 2643 1349 2714 siquidem
1421 2661 1486 2701 ex
1542 2661 1726 2701 rerum
1789 2655 1996 2703 creata-

415 2745 538 2783 rum
574 2731 978 2801 pulchritudine
1015 2733 1124 2804 90
1163 2737 1556 2792 convenienter
1599 2746 1818 2793 creator
1859 2753 1989 2793 con-

417 2824 710 2880 sideratur.
769 2824 876 2880 Sed
937 2825 1051 2896 jam
1111 2829 1302 2898 gratiis
1368 2830 1506 2884 actis
1557 2829 1705 2884 Patri
1758 2837 1812 2885 et
1853 2828 1993 2884 Filio

2105 1912 2266 1983 σοφὸς
2300 1916 2586 1984 παρεγγυᾷ
2629 1911 2906 1982 Σολομῶν·
2940 1911 3034 1964 καὶ
3076 1907 3207 1960 ποτέ
3241 1907 3338 1978 μὲν
3371 1909 3502 1978 ἡμῖν
3536 1903 3678 1977 ’προι-

2101 2001 2260 2074 φέρει
2290 2002 2366 2073 (2)
2395 2002 2487 2055 τὸν
2528 2002 2952 2071 ἀνεπαίσχυντον
2992 1998 3230 2070 ἐργάτην
3264 1998 3355 2050 τὸν
3385 1996 3671 2068 μύρμηκα,

2101 2095 2196 2147 καὶ
2229 2095 2296 2148 δι’
2330 2093 2493 2150 αὐτοῦ
2531 2094 2630 2165 τὴν
2670 2092 2979 2165 πρακτικὴν
3006 2095 3142 2163 ἡμῖν
3174 2091 3293 2144 ὁδὸν
3327 2089 3633 2160 ὑπογράφει
3655 2105 3672 2119 '

2102 2189 2233 2240 ποτέ
2253 2187 2308 2240 δέ
2337 2186 2397 2240 τὺ
2416 2187 2516 2257 τῆς
2540 2186 2709 2257 σοφῆς
2739 2186 2990 2256 μελίττης
3011 2203 3079 2256 κη
3088 2185 3386 2256 ρόπ).αστον
3409 2184 3638 2254 ὄργανον
3654 2197 3675 2216 ⁵

2103 2279 2198 2332 καὶ
2237 2279 2305 2331 δι’
2335 2279 2504 2348 αὐτῆς
2540 2278 2616 2347 (5)
2648 2277 2881 2346 φυσικὴν
2926 2275 3158 2346 Θεωρίαν
3194 2275 3504 2336 αἰνίττεται,
3539 2273 3597 2324 ἐν

2102 2372 2196 2424 καὶ
2230 2373 2269 2424 '6
2323 2371 2449 2442 περὶ
2492 2372 2590 2440 τῆς
2635 2369 2797 2437 ἁγίας
2838 2369 3064 2440 Τριάδος
3107 2369 3438 2436 ἐγκέκραται
3481 2366 3675 2433 λόγος’·

2103 2463 2259 2534 εἴπερ
2310 2465 2374 2515 ἐκ
2432 2461 2696 2532 καλλονῆς
2758 2460 3070 2530 κτισμάτων
3121 2458 3398 2526 ἀναλόγως
3448 2460 3477 2511 6
3519 2473 3675 2524 γενε-

2103 2553 2354 2626 σιουργὸς
2396 2554 2700 2623 θεωρεῖται.
2752 2550 2891 2603 Ἀλλ’
2919 2551 3412 2622 εὐχαριστήσαντες
3441 2549 3518 2618 (4)
3561 2549 3677 2601 Πα-

2100 2644 2192 2716 τρὶ
2243 2646 2338 2698 καὶ
2381 2644 2494 2714 Υἱῴ
2527 2645 2622 2697 καὶ
2665 2643 2804 2714 ἁγίῳ
2847 2641 3152 2713 Πνεύματι,
3191 2642 3364 2711 πέρας
3399 2639 3676 2710 ἐπιθῶμεν

2100 2737 2178 2808 τῷ
2222 2738 2532 2809 γράμματισ
2581 2737 2770 2811 ἐπειδὴ
2804 2737 2912 2790 πᾶν
2963 2737 3158 2808 μέτρον
3210 2735 3454 2807 ἄριστον,
3503 2732 3598 2787 καὶ
3636 2733 3674 2802 ἡ

2099 2829 2368 2902 παροιμία
2399 2827 2582 2900 φησιν.

417 2927 471 2970 et
507 2918 734 2988 Spiritui
796 2929 1009 2987 sancto,
1080 2921 1242 2978 ﬁnem
1294 2925 1644 2994 imponamus
1693 2925 1941 2981 litteris:
1980 2925 2252 2999 siquidem
2305 2926 2498 2981 modus
2547 2926 2749 2989 omnis,
2811 2931 2871 2978 tit
2917 2924 3081 2980 etiam
3110 2930 3193 2978 est
3258 2922 3314 2976 in
3364 2916 3673 3010 proverbio,

418 3008 657 3077 optimus
685 3016 788 3064 est.

957 3151 1287 3212 EPISTOLA
1316 3152 1443 3213 IX‘.

2667 3161 3012 3215 ΕΠΙΣΤΟΛΗ
3050 3157 3131 3215 Θ’.

416 3290 1386 3372 “34%-Piﬂfi‘itﬁe-{mmemorem
1406 3297 1760 3372 ιξνξηιιξτίρτιιηι
1783 3300 2040 3372 honoraria
2056 3315 2196 3372 διαίτη
2217 3303 2276 3353 de
2315 3300 2532 3372 Dionysii
2554 3298 3110 3372 4lmn4rini.§cr.irtis.
3130 3297 3376 3372 Midam
3402 3296 3606 3360 ντοῑετιι
3629 3303 3679 3372 εξ

479 3358 540 3406 de
561 3355 713 3428 simili
733 3358 994 3428 secundum
1013 3356 1284 3428 essentiam.
1316 3355 1564 3410 Invitat-ut
1585 3362 1650 3411 ad
1673 3375 1724 3414 se
1745 3361 1902 3415 veniat
1927 3355 2040 3428 (sibi
2061 3364 2191 3417 enim
2212 3355 2533 3428 wgrotant'i’et
2557 3361 2720 3414 latenti
2743 3361 2793 3412 in
2815 3355 3072 3414 solitudine
3095 3355 3334 3426 integrum
3370 3355 3465 3410 non
3485 3355 3588 3410 esse
3607 3357 3676 3408 all

479 3431 589 3468 eum
607 3416 721 3481 ire),
744 3424 826 3467 aut
847 3417 1019 3468 saltem
1047 3418 1242 3469 scribat.

914 3544 1149 3599 Maximo
1177 3544 1503 3617 philosopho.

489 3659 540 3714 1.
566 3657 835 3729 imagines
855 3675 977 3715 vere
994 3661 1300 3716 animorum
1317 3671 1444 3716 sunt
1461 3678 1764 3720 sermones.
1785 3665 1994 3737 Cogno-

416 3748 597 3803 vimus
631 3749 816 3818 itaque
848 3758 901 3803 te
922 3764 986 3804 ex
1017 3750 1236 3810 litteris.
1265 3760 1553 3820 quantum,
1583 3755 1758 3822 aiunt,
1791 3771 1857 3811 ex
1887 3774 1990 3812 un-

416 3841 615 3914 gul'ms
654 3842 898 3897 leonem:
938 3843 1221 3914 gavisique
1259 3861 1450 3900 sumus
1474 3886 1488 3908 ,
1536 3847 1682 3916 quod
1717 3851 1994 3904 inveneri-

416 3947 540 3988 mus
595 3939 647 3986 te
694 3932 842 3986 haud
890 3933 1131 4003 segniter
1175 3933 1429 3988 all'ectum
1461 3951 1588 4006 erga
1633 3938 1891 4007 primaria
1930 3955 1994 3994 ac

418 4021 653 4074 maxima
680 4021 842 4083 bona,
868 4021 1212 4075 dilectionem
1243 4021 1333 4076 Dei
1357 4029 1410 4075 et
1437 4023 1691 4091 proximi.
1724 4023 1991 4079 Iudicium

419 4118 600 4166 antem
638 4111 870 4166 facimus
899 4113 1063 4182 hujus
1100 4113 1319 4182 quidem
1343 4155 1356 4179 ,
1387 4122 1534 4166 tuam
1579 4115 1633 4167 in
1667 4130 1767 4171 nos
1797 4115 1992 4169 buma-

418 4204 663 4269 nitatem,
702 4203 850 4259 illius
875 4220 1024 4269 vero,
1050 4204 1289 4260 studium
1317 4206 1576 4260 scientiae.
1601 4205 1792 4261 Omnia
1813 4214 1992 4260 autem

419 4298 476 4351 in
511 4297 598 4352 bis
624 4298 836 4352 duobus
883 4298 1060 4370 poSita
1105 4316 1260 4364 esse,
1297 4301 1431 4354 nulli
1476 4301 1681 4358 Christi
1726 4303 1995 4372 discipulo

421 4389 666 4460 ignOlum
699 4399 803 4445 est.

490 4482 545 4535 2.
587 4481 852 4537 Caeterum
885 4500 1006 4554 quae
1038 4486 1283 4555 postulas
1329 4485 1573 4558 Dionysii
1625 4488 1826 4556 scripta
1850 4527 1864 4548 ,
1900 4503 1994 4541 ve-

421 4587 552 4628 nere
587 4573 678 4627 illa
716 4573 934 4644 quidem
974 4576 1041 4629 ad
1069 4592 1168 4632 nos
1197 4617 1212 4640 ,
1249 4587 1303 4632 et
1335 4579 1489 4634 valde
1519 4579 1723 4633 multa:
1759 4578 1853 4634 sed
1887 4595 1996 4633 non

423 4661 626 4717 adsunt
649 4661 800 4728 libri,
829 4671 882 4718 et
907 4664 1114 4720 idcirco
1143 4682 1250 4720 non
1276 4668 1547 4724 misimus.
1568 4667 1866 4723 'Sententia
1900 4685 1998 4722 au-

422 4764 532 4808 tem
558 4754 889 4810 nostra'baec
920 4763 1024 4811 est.
1061 4754 1180 4810 Non
1210 4759 1394 4812 omnia
1424 4759 1525 4812 viri
1559 4759 1724 4828 hujus
1759 4759 1996 4812 admira—

418 4863 577 4903 mur:
619 4850 730 4903 imo
769 4856 918 4914 sunt,
969 4863 1090 4918 qua:
1120 4864 1346 4918 prorsus
1381 4851 1545 4904 etiam
1595 4847 1993 4921 imp‘robemus.

416 4935 554 4991 Nam
577 4936 702 4993 fere
718 4937 867 4993 illius
893 4953 1015 5008 qua:
1034 4953 1182 4992 nunc
1207 4939 1635 5006 circumstrepit,
1674 4939 1990 5010 impietatis,

415 5028 740 5084 Anomoeam
767 5029 926 5096 dico,
966 5031 1012 5084 is
1044 5036 1161 5095 est,
1194 5039 1457 5102 quantum
1499 5031 1716 5102 quidem
1760 5033 1988 5096 scimus,

489 5183 534 5218 ’⁷
557 5183 705 5240 Psal.
733 5199 867 5248 xvii,
896 5184 986 5238 54.
1065 5183 1112 5218 "
1151 5182 1311 5238 Prov.
1345 5201 1420 5249 vi,
1457 5186 1508 5239 6.
1583 5186 1632 5217 ’⁸
1666 5186 1833 5239 Εοειὶ.
1858 5202 1933 5250 x1,
1968 5187 2024 5239 5.

487 5336 694 5408 ‘__Alias
721 5336 854 5408 XLI.
890 5335 1105 5408 scripta
1135 5339 1282 5408 circa
1315 5353 1516 5392 annum
1558 5339 1681 5394 56L

489 5405 566 5482 (ἓ)
599 5407 912 5482 ζζροςαέρει.
934 5405 1182 5482 Ita—mss.
1217 5407 1356 5463 Editi
1373 5410 1684 5482 προσφέρει

489 5475 567 5548 (5)
602 5477 711 5548 Καὶ
744 5475 819 5548 δι’
849 5476 1058 5546 αὐτῆς.
1094 5477 1164 5531 Ita
1207 5494 1340 5533 mss.
1373 5475 1513 5533 Editi
1543 5475 1649 5532 ’κάι
1692 5479 1760 5531 δι’
1795 5475 1986 5548 αὐτοῦ.

491 5546 568 5616 (4)
617 5546 781 5599 Ἀλλ’
822 5548 1393 5614 εὐχαριστήσαντες.
1444 5549 1626 5602 Prima
1667 5564 1768 5603 vox
1807 5547 1992 5602 addita

415 5630 716 5759 “($32!!!
737 5685 1009 5756 μέγιστα.
1043 5687 1132 5743 Sic
1163 5687 1379 5746 codices
1424 5704 1557 5745 mss.
1588 5705 1795 5744 omnes.
1848 5686 1992 5742 Elii“

2575 3549 2824 3618 Μαξίμῳ
2854 3537 3189 3617 φιλοσόφῳ.

2167 3667 2219 3721 1.
2262 3661 2483 3728 Εἰκόνες
2515 3662 2686 3725 ὅντως
2723 3660 2830 3715 τῶν
2867 3659 3056 3730 ψυχῶν
3083 3661 3220 3712 εἰσιν
3247 3659 3297 3711 oi
3321 3657 3486 3727 λόγοι.
3527 3657 3678 3712 Κατ-

2095 3757 2369 3829 εμάθομεν
2421 3752 2515 3810 οὖν
2567 3773 2625 3808 σε
2663 3753 2752 3808 διὰ
2800 3751 2891 3807 τοῦ
2928 3754 3279 3824 γράμματος,
3311 3751 3455 3819 ὅσον,
3485 3751 3672 3820 φασὶν,

2096 3849 2155 3913 ἐξ
2182 3843 2387 3918 ὀνύχων
2432 3847 2520 3900 τὸν
2553 3847 2768 3899 λέοντα·
2810 3845 2906 3897 καὶ
2945 3842 3222 3914 ἥσθημεν,
3258 3843 3509 3915 εὑρόντες
3543 3858 3678 3912 περι

2093 3940 2162 3993 τά
2192 3939 2387 4010 πρῶτα
2428 3937 2524 3992 καὶ
2569 3937 2803 4010 μέγιστα
2829 3934 2906 4007 (5)
2948 3936 3056 3988 τῶν
3089 3934 3310 4003 ἀγαθῶν
3349 3935 3450 3988 οὐκ
3486 3932 3678 4004 ἀργῶς

2095 4029 2468 4098 διακείμενον,
2508 4029 2607 4098 τήν
2647 4045 2704 4080 τε
2738 4026 2874 4098 πρὸς
2912 4022 3002 4079 τὸν
3041 4025 3173 4077 Θεὸν
3211 4023 3432 4094 ἀγάπην
3461 4024 3554 4076 καὶ
3572 4021 3676 4074 -τδν

2097 4120 2342 4190 πλησίον.
2396 4114 2626 4191 Σημεῖον
2670 4114 2725 4172 δέ
2759 4116 3060 4190 ποιούμεθα
3104 4117 3199 4171 τοῦ
3257 4115 3356 4186 μὲν
3399 4114 3498 4184 τὴν
3544 4113 3679 4186 περὶ

2097 4213 2244 4281 ἡμᾶς
2286 4209 2567 4280 δεξιότητά
2612 4229 2704 4264 σου
2735 4250 2750 4274 ,
2797 4209 2890 4263 τοῦ
2939 4210 2996 4263 δέ
3043 4209 3144 4281 τὴν
3175 4209 3304 4279 περὶ
3347 4205 3445 4278 τὴν
3472 4204 3678 4274 γνῶσιν

2100 4306 2354 4372 σπουδήν.
2391 4306 2514 4358 Ὅτι
2544 4305 2600 4358 δὲ
2626 4307 2682 4358 ἐν
2709 4305 2854 4357 δυοῖν
2891 4303 3102 4356 τούτοιν
3134 4302 3251 4355 ἐστὶ
3279 4301 3347 4355 τὰ
3383 4300 3499 4365 ὅλα,
3529 4298 3677 4368 γνώι

2101 4413 2260 4467 ριμον
2288 4397 2451 4448 παντὶ
2483 4395 2720 4466 Χριστοῦ
2758 4394 2996 4466 μαθητῇ.
3045 4421 3053 4426 -

2169 4489 2222 4542 ‘2.
2263 4489 2330 4539 ’Ἀ
2371 4487 2426 4540 δὲ
2473 4489 2748 4558 ἐπιζητεῖς
2798 4488 2907 4540 τῶν
2954 4487 3231 4540 Διονυσίου
3260 4485 3366 4557 (6),
3396 4480 3525 4557 ἦλθε
3574 4484 3680 4556 μὲν

2099 4579 2179 4640 εἰς
2216 4579 2362 4647 ἡμᾶς
2384 4616 2398 4638 ,
2431 4579 2524 4630 καὶ
2567 4579 2706 4631 πάνυ
2739 4577 2913 4630 πολλά
2935 4595 2948 4608 ο
2979 4571 3041 4629 οὐ
3073 4577 3304 4648 πάρεστί
3353 4592 3416 4644 γε
3459 4575 3566 4646 μὴν
3605 4574 3680 4628 τὰ

2103 4669 2316 4738 βιϐλία,
2359 4669 2548 4740 διόπερ
2593 4671 2692 4722 οὐκ
2734 4669 3150 4740 ἀπεστείλαμεν.
3185 4669 3421 4739 Ἕχομεν
3454 4668 3509 4720 δὲ
3538 4667 3683 4737 γνῶς-

2103 4778 2211 4831 μης
2239 4760 2430 4824 οὕτως.
2467 4762 2540 4813 Οὐ
2577 4761 2757 4816 πάντα
2788 4759 3140 4832 θαυμάζομεν
3169 4760 3264 4814 τοῦ
3297 4759 3520 4833 ἀνδρόςο
3561 4760 3681 4814 ἐστι

2099 4851 2155 4903 δέ
2185 4851 2220 4904 ἃ
2269 4852 2362 4906 καὶ
2416 4852 2695 4916 παντελῶς
2743 4852 3134 4924 διαγράφομεν.
3169 4849 3361 4921 Σχεδὸν
3406 4850 3514 4920 γὰρ
3547 4867 3684 4902 *παυσ-

2098 4941 2225 5013 τησὶ
2249 4941 2348 5012 τῆς
2378 4939 2474 4994 νῦν
2508 4941 3036 5013 περιθρυλλουμένης
3071 4935 3357 5004 ἀσεϐείας,
3391 4940 3488 5008 τῆς
3535 4938 3685 4992 κατὰ

2097 5033 2158 5085 τὸ
2201 5032 2474 5103 Ἀνόμοιον
2501 5032 2644 5101 λέγω
2665 5073 2679 5096 ,
2713 5027 2868 5098 οὗτός
2893 5035 3063 5097 ἐστιν,
3091 5033 3190 5086 ὅσα
3219 5048 3283 5100 γε
3311 5032 3472 5101 ἡμεῖς
3498 5032 3684 5100 ἴσμεν,

2091 5340 2186 5392 καὶ
2233 5337 2488 5408 μάλιστα.
2557 5337 2647 5391 Sic
2709 5336 2873 5408 etiam
2929 5334 3076 5408 infra
3121 5350 3151 5388 a
3200 5334 3474 5408 veteribus
3520 5330 3685 5408 libris

2091 5405 2407 5478 discrepant
2438 5408 2592 5473 editi,
2650 5408 2705 5462 in
2739 5407 2938 5478 quibus
2979 5407 3177 5477 legitur
3221 5406 3279 5457 ἐν
3323 5405 3536 5458 τούτων
3565 5405 3686 5458 τοῖν

2090 5478 2256 5532 δυοῖν.

2429 5549 2768 5604 Διονυσίου.
2814 5545 3018 5602 Desunt
3047 5545 3163 5600 haec
3197 5544 3251 5600 in
3289 5544 3504 5601 duobus
3542 5556 3682 5600 mss.

2203 5635 2270 5674 ιρι
2315 5635 2401 5674 us.

2093 5635 2401 5676 COOICIDUS.
