3888 6214
188 294 294 352 ἳῦθ

1162 280 1658 365 'E'ets‘rourmu
1691 292 1982 365 Iussus
2008 306 2059 365 ι.
2092 308 2319 366 EPIST.
2360 309 2451 365 Ix.

3352 320 3463 375 270

188 413 219 468 ό
269 412 487 487 πρῶτος
527 417 846 489 ἀνθρώποις
893 420 970 490 (7)
1013 420 1081 475 τὰ
1124 423 1418 504 σπέρματα
1450 425 1764 497 παρασχών.

1876 427 1972 497 qui
2019 428 2232 499 primus
2284 431 2495 487 semina
2543 431 2862 490 hominibus
2907 437 3226 505 praebuerit.
3276 437 3462 495 Causa

188 507 371 563 Δῖτιον
404 509 461 563 δὲ
478 549 493 575 ,
528 506 684 582 οἴμαι
705 555 720 578 ,
754 514 817 566 ού
849 515 1083 586 πονηρία
1110 514 1336 587 γνώμης
1356 557 1371 582 ,
1396 517 1532 571 ἀλλὰ
1557 519 1621 572 τὸ
1646 520 1774 587 σφό-

190 596 291 669 δρα
324 598 612 669 βούλεσθαι
645 603 964 659 ἀντιτείνειν
995 604 1074 675 τῷ
1106 606 1404 677 Σαϐελλίῳ.
1430 608 1612 662 Ετωθα
1644 608 1774 678 γοῦν

189 690 510 756 ἀπεικάζειν
555 692 745 748 τοῦτον
784 695 859 766 (8)
908 698 1022 764 ἐγω
1064 697 1361 769 φυτοκόμῳ
1386 740 1399 764 ,
1437 699 1631 770 νεαροῦ
1673 717 1775 769 φυ-

192 780 282 832 τοῦ
311 781 647 855 διαστροφὴν
694 786 1055 841 ἀπευθύνοντι
1080 827 1095 852 ,
1133 783 1252 842 εἶτα
1292 791 1359 860 τῇ
1392 790 1632 862 ἀμετρίᾳ
1674 791 1775 857 τῆς

191 871 456 943 ἀνθολκῆς
512 876 868 947 διαμαρτόντι
936 878 1031 932 τοῦ
1092 880 1261 950 μέσου
1294 919 1309 944 ,
1367 881 1460 934 καὶ
1517 881 1655 952 πρὸς
1715 862 1777 934 τὸ

191 964 430 1020 ἐναντίον
460 968 801 1038 ἀπαγαγόντι
834 970 898 1024 τὸ
927 969 1236 1042 βλάστημα.
1272 971 1527 1026 Τοιοῦτόν
1576 989 1632 1024 τι
1680 973 1775 1025 καὶ

191 1059 316 1127 περὶ
339 1058 433 1111 τὸν
461 1058 633 1131 ἄνδρα
676 1061 866 1137 τοῦτον
899 1064 1270 1134 γεγενημένον
1296 1063 1553 1135 εὕρομεν.
1596 1064 1772 1117 Ἀντι-

189 1148 388 1205 6αίνων
432 1152 543 1225 γὰρ
589 1154 835 1225 σφοδρῶς
879 1158 948 1227 τῇ
995 1156 1223 1227 ἀσεϐείᾳ
1247 1154 1344 1210 τοῦ
1376 1156 1611 1223 Λίϐυος,
1649 1155 1774 1209 ἔλα-

190 1239 277 1296 θεν
320 1244 517 1298 ἑαυτὸν
546 1247 628 1310 εἰς
656 1247 720 1299 τὸ
746 1247 989 1301 ἐναντίον
1030 1248 1201 1303 κακὸν
1242 1249 1317 1320 (9)
1352 1250 1459 1303 ὑπὸ
1490 1250 1589 1320 τῆς
1630 1249 1773 1317 ἄγαν

189 1333 499 1406 φιλοτιμίας
523 1337 638 1408 (ιθ)
671 1337 1006 1409 ὑπενεχθείς.
1040 1334 1111 1412 ᾯ
1136 1358 1200 1409 γε
1223 1340 1480 1394 τοσοῦτον
1503 1338 1772 1412 ἐξαρκοῦν

186 1423 394 1491 δεῖξαι,
428 1428 514 1482 ὅτι
564 1430 626 1483 οὐ
677 1418 873 1485 ταυτὸν
922 1432 1000 1503 τῷ
1048 1434 1394 1504 ὑποπιμένῳ
1434 1434 1627 1504 Πατὴρ
1676 1433 1773 1486 καὶ

190 1510 313 1577 Υἱὸς
332 1555 348 1579 ,
373 1519 471 1570 καὶ
501 1517 676 1572 ταῦτα
704 1520 818 1591 (Η)
848 1520 993 1590 ἔχειν
1022 1522 1164 1575 κατὰ
1195 1521 1291 1574 τοῦ
1323 1520 1772 1591 βλασφημοῦντος

186 1604 252 1659 τὰ
291 1609 622 1678 νικητήρια·
673 1612 702 1664 ὁ
736 1610 829 1673 δὲ,
875 1612 962 1664 ἵνα
994 1613 1135 1666 πάνυ
1166 1613 1414 1684 ἐναργῶς
1462 1613 1554 1666 καὶ
1577 1614 1643 1666 ὲκ
1675 1610 1769 1665 τοῦ

186 1695 463 1767 περιόντος
491 1703 834 1771 κατακρατῇ,
866 1701 964 1771 οὐχ
980 1701 1278 1773 ἑτερότητα
1308 1703 1467 1773 μόνον
1495 1702 1604 1756 τῶν
1637 1702 1770 1755 ὑπο-

1877 527 2059 575 autem
2080 561 2095 586 ,
2129 521 2355 590 opinor,
2387 537 2499 577 non
2534 526 2815 579 sententias
2846 527 3121 595 pravitas,
3156 527 3254 584 sed
3290 529 3459 586 vehe-

1876 625 2031 665 mens
2062 611 2305 667 studium
2336 611 2573 670 Sabellio
2599 616 2949 672 adversandi.
2990 616 3150 674 Hunc
3188 636 3322 692 ergo
3354 638 3458 694 ego

1875 702 2134 757 arborum
2168 705 2368 758 cultori
2397 705 2549 760 soleo
2577 721 2920 777 comparare,
2957 709 3226 765 detortam
3260 727 3455 768 recen-

1875 800 1981 846 tem
2024 793 2265 861 plantam
2299 795 2564 864 erigenti,
2607 795 2842 862 deinde,
2885 797 3243 857 immoderate
3274 808 3456 855 retra-

1877 883 2078 950 hendo,
2113 885 2396 939 aberranti
2420 901 2451 939 ιι
2481 886 2681 954 medio,
2708 895 2763 942 et
2788 889 2856 943 ad
2881 892 3213 946 contrariam
3244 899 3453 963 partem

1874 976 2118 1045 plantam
2150 977 2463 1032 abducenti.
2497 977 2629 1034 Tale
2656 980 2863 1051 aliquid
2894 992 2947 1036 et
2975 984 3106 1037 huic
3130 985 3250 1039 viro
3280 986 3457 1040 conti-

1872 1066 2020 1136 gisse
2038 1067 2427 1135 comperimus.
2463 1064 2603 1122 Cum
2638 1068 2784 1123 enim
2819 1067 3022 1141 Libyes
3055 1071 3325 1142 impietati
3354 1087 3453 1127 oc-‘-

1873 1166 2121 1213 curreret
2150 1158 2540 1227 vehementer;
2578 1174 2689 1214 non
2724 1161 2994 1217 intellexit
3024 1178 3083 1217 se
3121 1164 3293 1218 nimio
3321 1181 3457 1219 con-

1870 1248 2130 1304 tendendi
2177 1249 2359 1304 studio
2407 1250 2461 1304 in
2510 1252 2851 1307 contrarium
2902 1252 3105 1308 malum
3151 1254 3349 1311 delabi.
3386 1255 3454 1311 Et

1871 1355 1996 1417 cum
2034 1341 2083 1396 ei
2133 1341 2268 1396 satis
2297 1350 2444 1398 esset
2473 1358 2585 1398 non
2622 1343 2767 1398 idem
2800 1359 2924 1400 esse
2962 1345 3214 1416 subjecto
3234 1346 3453 1404 Patrem

1872 1441 1927 1488 et
1961 1431 2163 1488 Filium
2201 1434 2601 1501 demonstrare,
2640 1443 2805 1506 atque
2839 1437 2954 1490 haec
2988 1437 3254 1496 adversus
3304 1440 3456 1495 blas-

1872 1525 2131 1594 phemum
2166 1527 2430 1595 palmaria
2474 1535 2694 1592 teneret;
2738 1536 2801 1582 ut
2834 1528 3183 1584 manifestam
3221 1546 3454 1602 prorsus

1872 1624 1928 1670 et
1964 1614 2365 1671 redundantem
2412 1618 2698 1672 victoriam
2734 1618 2967 1683 habeat,
2999 1636 3109 1675 non
3154 1622 3315 1678 modo
3346 1624 3451 1695 hy:-

1874 1713 2191 1775 postaseum
2241 1707 2518 1764 alietatem
2570 1708 2802 1773 statuit,
2849 1710 2943 1765 sed
2989 1711 3155 1767 etiam
3197 1720 3452 1771 essentia

189 1786 429 1876 στάσεων
473 1787 711 1855 τίθεται,
760 1790 898 1844 ἀλλὰ
949 1793 1045 1845 καὶ
1097 1792 1288 1856 οὐσίας
1336 1792 1637 1863 διαφορὰν,
1675 1791 1764 1846 καὶ

1876 1799 2257 1864 differentiam,
2296 1815 2361 1855 ac
2387 1802 2646 1870 potentiae
2666 1802 2893 1873 gradus,
2930 1812 2984 1861 et
3006 1805 3193 1876 gloriae
3217 1807 3453 1865 diversi-‘-

185 1874 464 1947 δυνάμεως
521 1878 714 1949 ὕφεσιν
736 1910 758 1948 ο,
804 1883 902 1936 καὶ
957 1882 1117 1955 δόξης
1170 1883 1552 1956 παραλλαγήν.
1606 1885 1768 1938 Ὥστε

186 1970 248 2022 ἐκ
270 1970 468 2025 τούτου
510 1974 707 2046 συνέϐη
744 1975 918 2030 κακοῦ
965 1977 1066 2046 μὲν
1110 1977 1274 2031 αὐτὸν
1327 1978 1499 2032 κακὸν
1550 1977 1768 2047 διαμεῖ-

185 2059 300 2128 ψαι,
330 2062 432 2132 τῆς
463 2063 523 2116 δὲ
550 2064 844 2137 ὀρθότητος
871 2066 965 2120 τοῦ
1004 2067 1169 2136 λόγου
1195 2068 1539 2141 διαμαρτεῖν.
1580 2070 1768 2142 Ταύτῃ

183 2168 263 2205 τοι
310 2155 409 2208 καὶ
460 2157 803 2222 παντοδαπός
849 2161 998 2214 ἐστιν
1046 2162 1105 2215 ὲν
1145 2163 1261 2224 τοῖς
1311 2162 1765 2233 συγγράμμασιν,

184 2242 275 2296 νῦν
310 2246 412 2315 μὲν
439 2248 681 2319 ἀναιρῶν
705 2251 820 2322 (i2)
853 2252 915 2305 τὸ
949 2252 1231 2324 ὁμοούσιον
1260 2253 1351 2307 διὰ
1382 2254 1474 2307 τιν
1509 2255 1597 2307 ἐπ’
1637 2252 1767 2307 ἀθε-

182 2336 337 2406 ’.ἡσει
398 2338 510 2392 τῶν
582 2342 934 2398 ὑποστάσεων
998 2346 1187 2410 κακῶς
1271 2346 1424 2418 αὐτῷ
1490 2347 1771 2418 κεχρημέ-

183 2428 269 2483 νον
296 2432 435 2503 (l5),
464 2432 562 2487 νῦν
587 2434 645 2488 δὲ
663 2437 1020 2508 προσιέμενος
1050 2439 1109 2493 ὲν
1141 2432 1224 2501 οἷς
1252 2437 1602 2507 ἀπολογεῖται
1635 2439 1771 2509 πρὸς

182 2522 271 2603 τὸν
306 2525 618 2598 ὁμώνυμον.
654 2530 800 2600 Πρὸς
843 2529 902 2583 δὲ
944 2531 1157 2596 τούτοις
1201 2532 1297 2586 καὶ¹
1339 2532 1470 2602 περὶ
1522 2531 1619 2587 τοῦ
1657 2531 1768 2602 (14)

181 2616 503 2689 Πνεύματος
551 2622 734 2692 ἀφῆκε
787 2624 972 2692 φωνὰς
1034 2625 1235 2695 ἥκιστα
1302 2622 1622 2696 πρεπούσας
1691 2622 1771 2695 τῷ

182 2710 500 2783 Πνεύματι,
545 2714 649 2784 τῆς
694 2717 1178 2788 προσκυνουμένης
1218 2716 1352 2771 αὐτὸ
1397 2716 1651 2786 θεότητος
1690 2716 1773 2783 ἐξ·

182 2802 399 2873 ορίζων,
429 2807 527 2859 καὶ
551 2808 702 2861 κάτω
730 2825 834 2861 που
860 2812 926 2880 τῇ
956 2812 1149 2881 κτιστῇ
1168 2810 1262 2863 καὶ
1284 2806 1586 2880 λειτουργῷ
1611 2807 1771 2877 φύσει

183 2897 553 2969 σνναριθμῶν.
590 2886 656 2952 ’Ὁ
684 2888 782 2971 μὲν
808 2896 904 2955 οὖν
939 2901 1079 2974 ἀνὴρ
1120 2901 1382 2966 τοιοῦτος.

248 2989 300 3044 5.
342 2989 490 3059 Ἐγὼ
516 2990 574 3044 δὲ
606 2992 754 3063 (15),
803 2994 852 3045 εἰ
892 2994 996 3064 χρὴ
1037 2993 1238 3063 τούμὸν
1284 2992 1417 3046 ῐδιον
1465 2993 1672 3057 εἰπεῖν,
1702 2989 1769 3043 τὸ

247 3148 325 3213 (7)
378 3150 763 3218 Ἀνθρώποις.
790 3150 956 3206 Deest
985 3151 1038 3205 in
1074 3145 1290 3206 duobus
1330 3168 1461 3207 mss.

248 3221 325 3291 (3)
371 3221 618 3275 Τοῦτον.
652 3221 815 3276 Deest
841 3222 896 3275 in
933 3236 1025 3276 sex
1077 3238 1211 3275 mss.
1256 3221 1455 3291 Eadem
1486 3232 1767 3291 Compara-

177 3290 444 3415 302391³8
485 3293 747 3361 persimili
789 3292 931 3362 apud
977 3292 1299 3363 Gregorium
1327 3290 1457 3345 Naz.
1493 3300 1635 3345 orat.
1674 3290 1766 3355 29,

177 3374 595 3511 Τλῶῗὶῖίς-τὸ.
628 3431 909 3511 erantet:-
956 3420 1164 3486 κακόν.
1210 3429 1484 3511 _l\"onnulla
1538 3439 1667 3511 sunt
1713 3433 1768 3511 in

174 3498 278 3574 hac
307 3498 514 3574 Basilii
562 3502 631 3557 de
674 3502 937 3574 Dionysio
986 3501 1452 3574 sententia._qua:
1491 3509 1675 3574 notata
1716 3508 1769 3554 et

175 3571 565 3627 animadversa
624 3571 831 3628 velim.’
874 3573 929 3625 1°
984 3572 1208 3627 Fatetur
1284 3571 1599 3643 Dionysium
1658 3588 1766 3624 non

174 3644 454 3713 pravitate
525 3646 809 3699 sententiae
869 3658 1150 3713 peccasse,
1206 3642 1300 3696 sed
1360 3642 1543 3697 studio
1595 3656 1768 3711 Oppu-

175 3712 378 3780 gnandi
431 3711 658 3779 Sabelli,
720 3711 885 3783 atque
940 3723 1011 3783 ut,
1061 3714 1273 3783 plenam
1339 3722 1392 3765 et
1456 3713 1770 3783 redundan-

172 3792 278 3836 tem
325 3784 623 3838 victoriam
669 3782 956 3838 obtineret.
1004 3782 1143 3837 Hinc
1182 3782 1649 3836 censubstautiale
1699 3783 1768 3836 ab

172 3866 237 3905 eo
277 3855 503 3909 admitti
544 3854 678 3907 dicit
703 3856 758 3907 in
800 3854 1059 3925 Apologia
1104 3852 1172 3906 ad
1220 3851 1550 3925 Dionysium?
1580 3850 1770 3905 Roma-

171 3937 296 3976 num
334 3942 355 3980 :
388 3925 453 3978 in
492 3926 615 3979 aliis
648 3934 828 3978 autem
880 3925 1035 3979 libris
1081 3938 1189 3976 non
1243 3924 1350 3978 alio
1400 3924 1634 3977 consilio
1678 3937 1768 3976 re-

162 3992 282 4058 jici.
308 3996 423 4049 nisi
479 4002 539 4049 ut
570 3994 890 4049 adversetur
937 3993 1174 4050 Sabellio
1200 3995 1300 4047 bac
1338 4008 1472 4048 voce
1498 3993 1762 4047 abutenti.

169 4063 224 4115 2⁸
254 4062 498 4120 Frustra
520 4066 645 4134 quis
672 4081 794 4118 cum
819 4065 1165 4119 Tillemontio
1197 4063 1477 4131 conjiciat,
1505 4059 1763 4116 Basilium

66 4178 77 4193 ,
167 4142 422 4191 mutasse
449 4135 800 4197 sententiam,
834 4145 887 4189 et
909 4137 1052 4204 quod
1089 4134 1277 4203 junior
1306 4134 1549 4204 dixerat,
1572 4148 1765 4204 recan-

169 4209 320 4259 tasse
348 4208 407 4259 in
454 4206 594 4258 libro
626 4204 703 4258 De
741 4202 945 4273 Spiritu
982 4202 1185 4273 sancto,
1223 4219 1343 4273 cap.
1373 4203 1467 4265 29,
1499 4202 1588 4256 ubi
1623 4217 1764 4273 prae-

167 4276 552 4346 clarissimum
579 4270 821 4346 Dionysii
851 4276 919 4330 de
939 4270 1208 4330 Trinitatc
1237 4270 1765 4346 testimonium'pro-

170 4342 294 4397 fert.
334 4346 573 4401 Frustra
596 4342 992 4414 hoc,'inquam,
1031 4346 1314 4400 sententia:
1343 4345 1643 4414 immutata:
1678 4344 1763 4414 in—

166 4414 372 4470 dicium
408 4417 779 4471 existimetur.
810 4413 947 4469 Tum
970 4431 1096 4469 cum
1129 4416 1273 4469 enim
1301 4416 1432 4468 citat
1460 4413 1590 4467 illud
1614 4413 1762 4467 testi-

1872 1899 2063 1949 tatem.
2113 1891 2295 1957 Quare
2345 1892 2472 1947 inde
2525 1893 2796 1964 contigit,
2841 1903 2899 1949 ut
2950 1897 3174 1951 mutarit
3226 1898 3449 1969 quidem

1871 1984 2078 2039 malum
2114 1985 2296 2049 malo,
2333 2000 2363 2037 a
2411 1993 2561 2039 recta
2614 1994 2794 2040 autem
2853 1986 3104 2043 doctrina
3155 1990 3449 2049 aberrarit.

1869 2075 2013 2132 Hinc
2039 2078 2205 2132 etiam
2241 2093 2353 2131 non
2383 2077 2488 2132 sibi
2527 2086 2743 2132 constat
2775 2079 2828 2132 in
2865 2081 3105 2151 scriptis,
3136 2099 3285 2139 nunc
3321 2086 3449 2156 qui-

1870 2169 1995 2225 dem
2035 2169 2236 2224 tollens
2262 2169 2735 2226 consubstantiale
2776 2170 2883 2240 91
2924 2181 3148 2241 pr0pter
3178 2189 3325 2238 eum,
3350 2177 3447 2245 qui

1871 2264 1975 2318 hac
1996 2279 2132 2318 voce
2152 2264 2219 2317 ad
2244 2263 2568 2334 hypostases
2587 2263 2949 2318 destruendus
2970 2281 3136 2334 prave
3156 2267 3445 2336 utebatur;

1828 2398 1831 2401 λ
1872 2369 2021 2410 nunc
2069 2370 2201 2410 vero
2245 2355 2543 2410 admittens
2578 2355 2634 2409 in
2669 2355 2739 2409 iis
2765 2370 2887 2425 qua:
2916 2355 3254 2414 defensionis
3281 2374 3450 2416 causa

1871 2445 1939 2500 ad
1965 2445 2347 2517 cognominem
2386 2447 2629 2515 scripsit.
2663 2444 2746 2499 Ad
2789 2444 2904 2501 haec
2943 2444 3012 2502 de
3042 2444 3253 2519 Spiritu
3286 2465 3450 2506 voces

1872 2538 2058 2594 emisit
2103 2537 2327 2593 minime
2377 2538 2571 2609 dignas
2617 2537 2823 2608 Spiritu
2849 2578 2864 2601 ,
2911 2539 2980 2593 ab
3027 2538 3253 2594 adorata
3293 2541 3449 2596 illum

1873 2630 2073 2684 deitate
2099 2629 2415 2700 sejungens,
2442 2638 2498 2684 et
2526 2628 2581 2683 in
2607 2627 2959 2685 inferioribus
2988 2644 3096 2683 una
3117 2646 3243 2685 cum
3267 2641 3451 2688 creata

1873 2737 1939 2775 ac
1977 2722 2234 2776 ministra
2284 2730 2485 2776 natura
2532 2735 2852 2776 numerans.
2903 2719 2998 2775 Vir
3030 2720 3198 2793 igitur
3242 2722 3335 2780 ille
3368 2732 3450 2781 est

1871 2811 2162 2884 ejusmodi.

1940 2995 1997 3051 5.
2024 2992 2138 3066 Ego
2166 3007 2315 3061 vero,
2350 2992 2398 3048 si
2434 3006 2558 3047 mea
2594 2991 2767 3060 ipsius
2795 2991 3118 3063 exponenda
3152 2996 3447 3065 sententia,

1797 3135 1841 3191 (ἶ
1873 3151 2022 3223 modi
2077 3149 2222 3223 apud
2276 3150 2598 3223 Dionysium
2664 3163 2978 3223 occurrere.
3042 3142 3205 3223 Forte
3248 3144 3452 3223 Basilio

1874 3222 2058 3276 fucum
2095 3218 2344 3277 fecerunt
2374 3218 2510 3275 falsa
2540 3218 2809 3285 ejusmodi
2847 3221 3190 3287 testimonia;
3225 3222 3311 3277 vel
3340 3237 3453 3279 non

1872 3291 2256 3347 animadvertit
2279 3292 2367 3362 vir
2394 3288 2798 3362 sanctissimus,
2829 3289 2876 3343 si
2908 3290 3039 3362 quid
3064 3289 3321 3362 Dionysio
3348 3294 3454 3348 mi-

1870 3379 1978 3419 nus
2007 3362 2294 3417 commode
2337 3360 2543 3432 dictum
2577 3358 2894 3421 excidisset,
2921 3358 2977 3414 id
3008 3368 3063 3432 et
3109 3358 3220 3432 sua'
3255 3372 3453 3432 sponte

1872 3435 1941 3487 ab
1980 3432 2200 3486 Arianis
2250 3432 2413 3502 «lictis
2442 3430 2755 3502 distaretet
2781 3444 2844 3482 ex
2874 3432 2996 3484 aliis
3026 3430 3162 3502 locis
3188 3430 3449 3502 explicari

1870 3504 2090 3567 debere,
2123 3511 2184 3556 ut
2221 3502 2290 3555 ab
2322 3500 2634 3570 Athanasio
2671 3498 2875 3553 factum
2917 3508 3022 3566 est,
3059 3501 3220 3570 cujus
3259 3498 3449 3557 'elucu-

1868 3566 2175 3627 brationem
2230 3572 2278 3627 si
2332 3570 2556 3644 vidisset
2601 3566 2856 3628 Basilius,
2910 3585 3018 3644 non
3078 3566 3269 3644 dubito
3313 3573 3449 3644 quin

1868 3653 2179 3712 promptum
2209 3651 2264 3696 et
2297 3643 2532 3712 alacrem
2577 3653 2861 3712 assensum
2878 3640 3232 3712 praebuisset.

1940 3706 2051 3783 (10)
2090 3714 2450 3781 Φιλοτιμίας.
2470 3709 2727 3783 ACodices
2761 3706 2912 3762 Harl.
2934 3719 2989 3766 et
3014 3710 3154 3767 Med.
3180 3726 3305 3766 cum
3338 3727 3450 3769 uno

1867 3785 1932 3836 ex
1950 3781 1956 3783 ⁷
1972 3782 2156 3854 Regiis
2188 3781 2570 3854 φιλονεικίας.

1939 3851 2203 3925 (“fimi
2239 3853 2444 3925 ταῦτα.
2494 3852 2612 3907 Duo
2651 3853 2871 3909 codices
2916 3851 3232 3925 uicatim,
3265 3861 3315 3925 et
3349 3852 3449 3925 hoc

1864 3922 2041 3992 pacto.
2070 3923 2192 3978 Mox
2225 3923 2443 3977 codices
2472 3938 2564 3978 sex
2599 3925 2774 3978 secuti
2803 3937 2996 3992 sumus
3024 3922 3078 3975 in
3100 3922 3445 3978 emendando

1866 3991 2013 4063 quod
2046 3995 2117 4055 in
2166 3993 2330 4048 editis
2384 3994 2465 4049 sic
2519 3994 2804 4064 legebatur
2841 4012 2855 4048 :
2901 3995 2931 4046 ὁ
2978 3991 3055 4060 δὲ,
3078 3992 3243 4047 ἕνα...
3273 4009 3446 4047 κατα-

1866 4064 2059 4144 κρατξῖ
2079 4081 2102 4144 ⁸.
2126 4064 2221 4117 καὶ
2250 4065 2370 4144 οὐχ.

1938 4134 2050 4205 (12)
2088 4131 2394 4205 Ἀναιρῶῂ
2423 4140 2530 4205 etc.
2562 4131 2733 4189 Valde
2773 4132 3005 4205 dubium
3048 4132 3308 4205 estquod
3337 4132 3445 4189 hoc

1864 4202 1987 4259 loco
2026 4202 2600 4274 asseveratBasilius,
2626 4211 2680 4258 et
2705 4218 2735 4256 a
2786 4202 3046 4274 Dionysio
3077 4202 3351 4274 sublatum
3387 4213 3444 4260 et

1864 4290 1893 4327 a
1933 4274 2169 4346 Sabellio
2208 4273 2513 4346 adhibitum
2544 4272 3035 4330 consubstantiale.
3084 4272 3204 4346 Ipse
3240 4274 3444 4346 Diony-

1865 4345 1983 4399 sius
2037 4344 2341 4399 confutavit
2374 4352 2722 4399 accusatores
2763 4360 2914 4404 suos,
2957 4350 3094 4398 teste
3121 4344 3439 4409 Athanasio,

1864 4415 2063 4469 ibidem
2098 4430 2154 4484 p.
2184 4414 2290 4469 255
2329 4430 2343 4467 :
2378 4415 2482 4481 Qui
2508 4432 2627 4468 eum
2674 4414 3060 4468 mentiebantur
3096 4413 3294 4469 dixisse
3342 4413 3430 4469 Fi-

165 4488 442 4557 lttOniurn,
479 4485 786 4557 παράδοξον
822 4485 1075 4548 ἀκοῦσαι,
1114 4483 1358 4557 mirabile
1399 4482 1587 4557 auditu
1634 4498 1758 4538 esse
1789 4478 1834 4533 D
1864 4487 1994 4557 lium
2036 4478 2172 4539 inter
2221 4501 2301 4557 res
2333 4478 2535 4557 creatas
2563 4488 2856 4554 computari
2889 4493 2935 4537 et
2974 4500 3442 4557 nequaquanressc

164 4553 316 4611 dicit.

162 4622 395 4694 quidem
443 4622 643 4696 magis'
680 4626 898 4683 favisse.
928 4624 1154 4690 Verum,
1198 4634 1277 4696 ut,
1308 4622 1421 4693 jam
1462 4622 1595 4686 dixi,
1624 4638 1757 4696 _non

162 4691 387 4763 sensus,
424 4696 529 4751 sed
544 4691 728 4751 'verba
759 4697 1151 4768 displicebant,
1174 4691 1323 4749 unde
1338 4709 1601 4768 magnum
1624 4691 1756 4768 Dio-

160 4768 382 4836 nysium
442 4768 634 4821 dicere
690 4782 800 4822 non
849 4765 1086 4821 ’dubitat
1140 4767 1224 4836 in
1266 4766 1454 4836 ψει.-
1489 4765 1755 4836 canonica

248 4854 337 4891 ma
378 4857 394 4891 :
431 4838 588 4907 quod
624 4837 870 4906 proiecto
898 4853 1005 4892 non
1032 4833 1398 4907 commisisset
1422 4833 1677 4907 Basilius,
1705 4834 1753 4888 si

203 4896 494 4979 ionysiuiii
543 4896 758 4979 Alfi-ana
802 4907 1100 4979 impietatis
1141 4896 1374 4979 Διιιῖὶιιεξιῆ
1428 4896 1752 4979 judi_casset.

155 4975 211 5030 3'
238 4970 363 5033 Non
408 4979 493 5031 ita
532 4978 822 5033 vehemens
844 4970 1027 5032 Basilii
1063 4970 1453 5032 defensoresse
1475 4975 1657 5038 velim,
1694 4983 1755 5028 ut

156 5061 280 5103 cum
311 5051 424 5104 hac
484 5051 544 5101 in
574 5062 660 5117 ﬂre
703 5050 906 5103 nullam
943 5062 1170 5117 prorsus
1197 5047 1433 5117 .culpam
1478 5045 1753 5101 sustinere

154 5121 523 5175 contendam.
568 5116 681 5172 Etsi
715 5120 860 5174 enim
887 5115 1002 5173 sola
1032 5117 1280 5187 Dionysii
1310 5115 1518 5187 verba
1541 5118 1753 5187 vitupef

152 5198 257 5254 rat,
288 5190 377 5245 sic
436 5198 633 5242 tamen
679 5205 741 5245 ea
796 5190 1089 5257 vituperat,
1136 5185 1293 5257 quasi
1340 5185 1556 5257 usitatis
1609 5186 1751 5257 apud

150 5261 393 5316 Arianos
426 5259 783 5316 sermonibus
809 5255 932 5313 non
972 5255 1369 5325 discreparent.
1400 5256 1469 5308 At
1507 5255 1751 5325 profecto

350 4556 522 4624 Quod
554 4554 875 4636 argumento
920 4565 1005 4636 est
1036 4572 1161 4610 eum
1212 4554 1586 4636 Dionysio__ne
1627 4560 1759 4608 tunc

151 5339 303 5385 extra
364 5331 526 5384 hanc
569 5330 783 5399 culpam
832 5328 934 5383 fuit
972 5324 1481 5399 DionySiusaMulta
1510 5324 1751 5379 ’dixerat
1783 5356 1791 5364 -

149 5417 269 5471 qua:
300 5401 588 5471 Arianam
647 5396 899 5471 liaeresim
934 5396 1155 5469 penitus
1194 5396 1566 5471 profligarent,
1612 5410 1751 5471 non:

150 5465 297 5526 nulla
345 5485 484 5542 qua:
532 5467 718 5542 favere
758 5465 1105 5542 videren_t_ur,
1150 5465 1288 5521 nihil
1327 5465 1571 5542 prorsus
1583 5465 1748 5542 quod

148 5558 265 5614 eam
299 5535 510 5614 aperte
558 5538 1261 5614 exprimeret._Finxe‘runt
1313 5537 1501 5590 Ariani
1541 5535 1750 5589 dixisse

150 5608 506 5685 Dionysium,
549 5608 724 5685 Filius
752 5625 869 5685 cum
900 5610 967 5662 sit
1002 5625 1083 5685 res
1113 5608 1281 5685 facta,
1322 5623 1426 5659 non
1458 5614 1570 5685 erat
1600 5615 1749 5685 ante-

148 5675 306 5750 φιατιὶ
319 5687 511 5753 ﬁeret,
526 5681 673 5753 apud
694 5682 985 5753 Atbanas.,
1013 5675 1355 5753 Deﬂionya,
1378 5692 1434 5729 ιι.
1448 5676 1519 5753 4,.
1535 5692 1585 5744 p.
1603 5675 1709 5753 246
1730 5694 1743 5729 :

148 5746 240 5811 sed
269 5746 485 5826 probat
524 5746 862 5809 Athanasius
898 5764 1076 5823 neque
1095 5748 1221 5826 haec
1239 5746 1417 5819 neque
1453 5746 1561 5803 alia
1591 5746 1744 5817 ejus-

1863 4555 2017 4608 Patri
2052 4554 2576 4609 consubstantialem.
2609 4553 2763 4623 Quod
2794 4561 3004 4624 spectat
3029 4553 3095 4607 ad
3120 4553 3437 4617 Sabelliutn,

1859 4626 2141 4694 probabile
2174 4640 2283 4679 non
2313 4634 2398 4680 est
2429 4627 2478 4679 ei
2509 4628 2764 4681 arrisisse
2789 4623 3273 4694 consubStantiale,
3293 4626 3441 4692 quod

1859 4693 1969 4750 non
2025 4698 2210 4751 minus
2262 4694 2365 4765 ipsi
2408 4695 2780 4751 adversarium
2826 4693 3435 4765 estquam‘AArianis:

1858 4781 2131 4837 nusquam
2157 4763 2431 4837 liae—voce
2465 4768 2819 4837 perhibentur
2848 4764 2932 4837 usi
2964 4778 3090 4837 esse
3113 4763 3435 4818 Sabelliani.

1860 4835 1965 4890 Sed
1986 4833 2120 4890 cum
2150 4853 2214 4892 ea
2254 4833 2484 4892 Basilius
2524 4837 2625 4892 sibi
2652 4834 3015 4906 persuasisset
3044 4833 3274 4887 abusum
3297 4848 3440 4906 esse

1858 4906 2176 4961 Marcellum
2201 4908 2572 4976 Ancyranum,
2598 4902 2756 4961 facile
2774 4905 3043 4959 adductus
3068 4911 3172 4968 est,
3204 4909 3265 4956 ut
3293 4902 3439 4960 idem

1856 4977 1924 5032 de
1956 4977 2192 5031 Sabellio
2216 4977 2484 5046 judicium
2514 4978 2699 5031 ferret.

1927 5046 2039 5119 (l3)
2081 5047 2185 5100 Διὰ
2217 5042 2431 5119 ’τόν-..η
2461 5044 2851 5119 κεχρημένον.
2906 5043 3002 5119 Sic
3043 5042 3441 5119 consentienti-

1853 5113 1959 5173 bus
1988 5113 2121 5174 mss.
2155 5117 2414 5172 omnibus
2468 5113 2815 5171 emendatum
2852 5113 2999 5184 quod
3027 5121 3145 5167 erat
3180 5113 3234 5165 in
3274 5115 3439 5167 editis

1852 5188 1940 5242 διὰ
1970 5188 2169 5242 τῶν....
2199 5187 2572 5258 κεχρημένῳν.

1924 5260 2038 5330 (14)
2078 5258 2190 5330 Καὶ
2221 5252 2518 5330 @1306.
2547 5255 2874 5330 Cotijunctio
2902 5252 3084 5308 addita
3107 5266 3173 5330 ex
3198 5260 3438 5330 quatuor

1852 5322 1989 5386 mss.
2020 5322 2225 5383 Statim
2249 5322 2546 5381 Vaticanus
2574 5322 2698 5380 cum
2726 5323 2896 5393 Regio
2923 5323 3248 5393 secundget
3276 5322 3437 5379 Cois-

1851 5399 2060 5476 liniano
2094 5394 2706 5476 secundo-immoderate”
2726 5391 3111 5465 πνέυματικῷ,
3144 5391 3305 5448 Voces
3332 5393 3435 5447 mi-

1850 5470 1990 5525 nime
2004 5469 2191 5539 dignas
2202 5466 2706 5539 _Ito‘n_tine_spiritualg'
2713 5504 2726 5539 .

1923 5532 2236 5612 (15)⁷ᾜνὼ
2265 5535 2352 5590 δέ.
2401 5532 2553 5612 nan.
2592 5544 2646 5590 et
2670 5534 2828 5612 alea.
2856 5532 3069 5612 saepe.
3119 5532 3286 5588 Paulo
3310 5540 3435 5612 post

1849 5603 1964 5666 tre‘s
2012 5603 2234 5663 codices
2294 5609 2631 5663 recentiores
2667 5605 2779 5679 ἔχοι
2824 5603 2904 5661 τό.
2958 5603 3081 5661 Mox
3117 5603 3436 5678 praepositio

1850 5684 1931 5746 εις
1965 5681 2149 5739 addita
2185 5693 2253 5737 ex
2282 5686 2489 5750 septem
2521 5692 2656 5737 mss.
