3888 6214
485 307 589 363 251

1828 301 1888 359 5.
1930 303 2190 361 BASlLll'
2216 306 2452 364 MAGNI“

3681 308 3819 366 253

456 424 860 495 .temporarius
906 431 961 480 et
993 424 1268 480 mortalis.
1321 420 1417 477 Sic
1462 422 1822 493 intelligimus
1866 421 1935 477 de
1972 438 2069 477 na-

2176 425 2330 497 ἕχων
2360 425 2702 483 ἀθανασίαν
2724 442 2737 455 ·
2758 446 2761 449 ν
2781 426 2900 490 καὶ,
2948 425 3125 492 Μόνῳ
3156 425 3329 495 σοςρῷ
3367 425 3510 493 Θεῷ,
3553 425 3681 481 καῖ
3705 428 3811 493 τὺ,

490 528 617 575 tura
648 522 797 574 dicta
829 535 953 574 esse
998 527 1055 574 et
1086 519 1177 575 illa
1208 537 1221 572 :
1253 517 1358 583 Qui
1382 516 1529 570 solus
1560 516 1714 569 habet
1756 515 2080 569 immortali-

493 622 656 666 tatem
674 613 751 679 ";
783 623 858 675 et,
892 610 1009 667 Soli
1042 611 1273 680 sapienti
1313 609 1423 663 Deo
1446 608 1524 674 “;
1564 617 1642 672 ει,
1678 606 1847 661 Nemo
1887 607 2075 673 bonus,

491 706 597 759 nisi
647 721 784 758 unus
828 703 968 758 Deus
992 703 1060 757 ".
1096 702 1196 757 Hic
1226 703 1372 756 enim
1408 717 1546 754 unus
1588 700 1867 770 signiﬁcat
1909 699 2073 764 idem,

491 799 638 869 quod
668 800 834 851 solus.
863 797 951 861 Et,
981 796 1086 863 Qui
1114 796 1351 851 extendit
1377 793 1563 848 castum
1593 791 1738 847 solus
1761 793 1841 858 “;
1870 798 1921 846 et
1952 806 2079 845 rur-

491 906 613 951 sus.
656 890 943 944 Dominum
981 889 1152 944 Deum
1183 898 1331 943 tuum
1361 885 1635 948 adorabis,
1670 897 1717 939 et
1740 885 1823 938 illi
1845 886 1946 938 soli
1966 900 2078 938 ser-

487 985 596 1037 uies
619 982 664 1014 ’⁵³⁵
692 1002 707 1040 :
740 991 815 1042 et,
853 980 975 1034 Non
997 991 1075 1035 est
1105 981 1239 1034 Deus
1268 988 1460 1048 pra’ter
1490 995 1570 1032 me
1593 978 1660 1031 "'.
1692 976 1828 1031 Nam
1861 994 1996 1030 unus
2023 983 2076 1032 et

491 1074 638 1129 solus
662 1074 731 1127 de
766 1073 876 1125 Deo
904 1071 1297 1141 dicuntur83
1335 1071 1390 1124 in
1423 1068 1713 1138 Scriptura
1743 1083 1851 1123 non
1884 1067 1953 1121 ad
1988 1066 2076 1120 di-

483 1167 844 1264 stinctionem
877 1181 908 1220 a
942 1163 1081 1218 Filio
1123 1173 1218 1217 aut
1251 1162 1458 1232 Spiritu
1491 1169 1708 1225 sancto,
1745 1160 1841 1215 sed
1882 1159 2077 1214 adver-

485 1252 590 1361 ;sus
631 1274 726 1313 eos
756 1258 849 1327 qui
878 1272 1003 1311 cum
1036 1256 1109 1310 dii
1143 1272 1251 1309 non
1287 1256 1419 1311 sint.
1453 1253 1530 1307 dii
1563 1262 1743 1308 tamen
1780 1252 1922 1306 falso
1968 1267 2073 1306 no-

493 1345 797 1414 minantur,
843 1356 900 1402 ut
935 1356 1018 1404 est
1050 1348 1181 1402 illud
1210 1367 1222 1402 :
1253 1346 1512 1401 Dominus
1540 1348 1685 1399 solus
1709 1345 1865 1398 duxit
1884 1361 1993 1409 eos,
2021 1355 2074 1398 et

490 1461 594 1498 non
636 1453 751 1496 erat
781 1459 899 1496 cum
929 1442 1006 1495 eis
1041 1442 1167 1495 deus
1204 1440 1408 1493 alienus
1430 1439 1508 1499 “;
1549 1445 1624 1498 et,
1660 1436 1972 1489 Everlerunt
2006 1435 2074 1499 ﬁ-

491 1537 552 1590 lii
583 1534 758 1589 Israel
790 1532 1025 1596 Baalim,
1058 1542 1106 1586 et
1141 1547 1356 1585 nemora
1386 1528 1662 1591 Astarotlt,
1696 1536 1745 1580 et
1781 1525 2073 1579 serviebant

492 1627 722 1681 Domino
758 1625 945 1679 soli".
988 1624 1065 1688 Et_
1108 1625 1309 1678 iterum
1353 1621 1559 1676 Paulus
1602 1619 1795 1675 :Sicut
1839 1627 1959 1672 sunt
1997 1617 2074 1670 dii

490 1719 668 1782 multi,
698 1728 747 1773 et
782 1717 984 1771 domini
1012 1716 1191 1778 multi,
1221 1715 1373 1770 nobis
1401 1725 1574 1769 tamen
1596 1730 1732 1767 unus
1766 1710 1926 1774 Deus,
1961 1709 2069 1764 Pa-

491 1821 589 1875 ter,
633 1825 698 1864 ea:
742 1825 845 1879 quo
893 1809 1095 1872 omnia,
1138 1816 1186 1861 et
1240 1823 1375 1860 unus
1415 1805 1677 1859 Dominus
1714 1802 1871 1857 Jesus
1918 1801 2073 1855 Chri-

489 1914 625 1964 stus,
681 1918 773 1971 per
829 1918 981 1972 quem
1042 1897 1535 1954 omnia“.Veruni
1592 1897 1682 1950 hic
1741 1894 2071 1965 qua-rimus,

488 1994 767 2065 quomodo
813 2008 940 2047 cum
981 1993 1236 2055 dixisset,
1279 1987 1425 2043 Unus
1474 1987 1638 2054 Deus,
1687 2002 1751 2042 ca
1785 2001 1920 2040 voce
1963 2001 2072 2040 non

490 2086 660 2143 fuerit
688 2093 984 2141 contentus
1017 2084 1283 2157 (diximus
1314 2086 1482 2143 enini,
1513 2097 1638 2135 cum
1665 2079 1812 2134 solus
1851 2087 1904 2133 et
1936 2094 2073 2132 unus

489 2181 558 2237 de
593 2178 706 2234 Deo
746 2179 1031 2237 dicuntur,
1086 2174 1383 2246 signiﬁcari
1418 2176 1718 2241 naturam),
1764 2172 1858 2226 sed
1892 2181 1946 2225 et
1978 2186 2074 2225 vo-

490 2288 607 2328 cem
658 2270 826 2325 Pater
867 2269 1206 2340 apposuerit,
1252 2275 1307 2321 et
1357 2266 1565 2320 Christi
1610 2265 1802 2318 fecerit
1839 2266 2073 2317 mentio-

489 2379 633 2421 nem.
698 2361 965 2431 Suspicor
1019 2361 1204 2430 itaque
1261 2358 1607 2413 existimasse
1646 2356 1749 2409 hoc
1795 2355 1918 2409 loco
1976 2370 2072 2409 vas

487 2456 776 2510 electionis
831 2454 1097 2516 Paulum,
1155 2452 1290 2506 satis
1345 2464 1453 2504 non
1510 2464 1634 2503 esse
1687 2445 2072 2500 tantummodo

489 2548 660 2603 Deum
700 2545 924 2607 Filium,
964 2554 1020 2600 et
1061 2543 1231 2599 Deum
1267 2541 1534 2612 Spiritum
1573 2548 1826 2595 sanctum
1859 2538 2072 2609 praedi—

488 2655 649 2707 care;
692 2640 742 2694 id
777 2638 922 2710 quod
965 2652 1060 2707 per
1100 2636 1425 2697 dictionem,
1461 2631 1609 2687 Unus
1636 2632 1797 2693 Deus,
1822 2630 2074 2685 declara-

487 2741 662 2792 verat,
700 2732 807 2787 nisi
845 2741 1106 2801 praeterea
1152 2742 1247 2797 per
1292 2726 1655 2795 adiectionem
1692 2723 1891 2786 Patris,
1935 2738 2065 2777 eum

485 2842 555 2883 ex
580 2839 689 2896 quo
713 2824 895 2879 omnia
926 2830 1075 2888 sunt,
1106 2819 1477 2890 exprimeret;
1513 2822 1568 2871 et
1599 2831 1698 2885 per
1737 2815 2070 2870 mentionem

486 2915 726 2981 Domini,
772 2910 1010 2968 Verbum
1058 2925 1154 2982 per
1186 2909 1334 2979 quod
1371 2908 1557 2962 omnia
1596 2913 1745 2967 sunt,
1798 2905 2072 2975 signiﬁca-

486 3015 592 3069 ret,
625 3014 680 3062 et
711 3021 928 3066 rursus,
962 3019 1058 3074 per
1085 3001 1214 3056 Jesu
1260 2999 1465 3055 Christi
1510 2998 1945 3068 adjunctioncin,
1986 2997 2070 3050 in-

2185 518 2398 586 Οὐδείς
2448 518 2670 589 ἀγαθὸς
2705 520 2758 572 εὶ
2785 516 2872 588 μὴ
2911 512 3001 584 εἷς
3031 521 3065 572 ό
3110 520 3275 585 Θεός.
3308 519 3382 571 Τὸ
3413 518 3521 592 γὰρ
3567 515 3669 586 εἷς
3705 524 3814 574 ὲν-

2179 611 2353 665 ταῦθα
2378 611 2455 682 τῷ
2486 612 2678 681 μόνος
2705 610 2901 664 ταυτὸν
2932 611 3114 681 δηλοῖ”
3154 612 3356 675 καὶτὸ,
3396 612 3458 667 '0
3494 615 3812 680 τανύσας

2179 703 2287 756 τὸν
2301 703 2563 771 οὐρανὸν
2586 705 2775 772 μόνος
2791 719 2806 732 ⁸
2829 703 2921 755 καὶ
2944 702 3107 758 πάλιν
3126 721 3141 736 ο
3172 705 3364 773 Κιρίῳ
3387 703 3468 770 τῷ
3498 705 3631 771 Θεῷ
3659 723 3809 760 σου

2178 796 2650 863 προσκυνήσεις,
2687 798 2785 851 καὶ
2829 796 2989 863 αὐτῷ
3038 798 3205 866 μόνῳ
3232 798 3631 865 λατρεύσεις·
3689 798 3808 851 καὶ

2177 888 2259 954 τὸ,
2286 891 2407 943 Οὐκ
2439 890 2571 943 ἔστι
2597 891 2743 957 Θεὸς
2771 895 2938 959 πλὴν
2980 891 3148 961 ἐμοῦ.
3188 890 3260 944 Τὸ
3288 892 3397 962 γὰρ
3418 886 3515 957 εἷς
3550 893 3809 961 καὶμόο

2176 993 2286 1042 νος
2309 978 2403 1031 ἐπὶ
2442 978 2577 1031 Θεοῦ
2610 979 2720 1050 (61)
2752 982 2810 1034 ἐν
2842 984 2907 1053 τῇ
2944 983 3133 1053 Γραφῇ
3173 982 3233 1035 οὐ
3262 982 3399 1052 πρὸς
3433 982 3805 1036 ἀντιδιαστο-

2177 1067 2275 1138 λὴν
2298 1068 2391 1121 τοῦ
2430 1069 2619 1141 Υἱοῦῆ
2666 1070 2762 1124 τοῦ
2793 1073 2949 1140 ἁγίου
2991 1073 3305 1144 Πνεῦματος
3348 1073 3593 1142 λέγεται,
3640 1074 3802 1129 ἀλλὰ

2178 1161 2315 1232 πρὸς
2344 1164 2470 1226 τοὺς
2536 1163 2611 1235 μὴ
2661 1163 2821 1227 ὄντας
2856 1164 3032 1229 θεοὺς,
3078 1163 3512 1236 ὀνομαζομένους
3544 1166 3607 1219 δὲ
3638 1166 3799 1235 ψευ-

2177 1253 2283 1317 δῶς
2307 1272 2320 1284 ·
2344 1254 2419 1318 ὡς
2451 1256 2531 1320 τὸ,
2569 1257 2785 1324 Κύριος
2799 1259 2989 1327 μόνος
3014 1254 3160 1327 ἦγεν
3196 1260 3450 1324 αὐτούς’
3489 1260 3610 1323 καὶ,
3650 1261 3800 1314 Οὐκ

2176 1345 2256 1420 ἦν
2282 1351 2410 1418 μετ’
2442 1349 2642 1404 αὐτῶν
2663 1351 2807 1417 Θεὸς
2835 1352 3155 1420 ἀλλότριος
3176 1368 3190 1382 ’
3218 1351 3418 1415 καὶτὸ,
3453 1351 3801 1420 Περιεῗλονε

2175 1439 2292 1493 υἱοὶ
2353 1438 2466 1509 (62)
2534 1440 2773 1507 Ἰσραὴλ
2834 1442 2907 1495 τὰ
2955 1442 3251 1512 Βααλεὶμ,
3303 1442 3403 1496 καί
3463 1444 3537 1499 τὰ
3598 1443 3809 1513 dion-

2189 1530 2511 1598 Ἀσταρὼθ,
2548 1532 2645 1585 καὶ
2672 1533 3002 1587 ἐδούλευον
3019 1535 3217 1603 Κιφίῳ
3242 1538 3441 1605 μόνῳθ
3478 1537 3573 1589 καὶ
3603 1536 3801 1591 πάλιν

2174 1624 2203 1677 ὁ
2235 1624 2485 1690 Παῦλος’
2526 1626 2753 1693 Ὥσπερ
2784 1626 2903 1679 εἰσὶ
2951 1627 3073 1681 θεοὶ
3111 1628 3351 1692 πολλοὶ,
3413 1629 3511 1684 καὶ
3569 1630 3791 1697 κύριοι

2177 1716 2418 1780 πολλοὶ,
2463 1716 2600 1771 ἀλλ’
2652 1717 2797 1786 ἡμῖν
2848 1713 2936 1784 εἷς
2969 1718 3136 1785 Θεὸς,
3161 1722 3194 1773 ό
3228 1719 3451 1790 Πατὴρ,
3481 1720 3553 1786 ἐξ
3584 1716 3664 1777 οὗ
3699 1721 3813 1775 τὰς

2175 1806 2392 1872 πάντα,
2451 1809 2549 1862 καὶ
2592 1805 2680 1875 εἷς
2730 1811 2963 1877 Κύριος.
3006 1810 3237 1877 Ἰησοῦς
3281 1812 3554 1880 Χριστὸςή
3581 1810 3661 1866 δι’
3693 1806 3785 1868 οὗ

2174 1900 2246 1953 τὰ
2286 1900 2501 1956 πάντα.
2556 1900 2716 1954 Ἀλλὰ
2773 1901 3043 1973 ζητοῦμεν
3114 1903 3384 1969 ἐνταῦθα,
3443 1904 3597 1969 πῶς,
3656 1901 3786 1970 Εἷς

2177 1992 2322 2059 Θεὸς
2377 1990 2489 2064 (65)
2547 1991 2804 2065 εἰρηκὼς,
2837 1994 2939 2047 οὐκ
2968 1993 3212 2066 ἠρκέσθη
3255 1998 3321 2065 τῇ
3354 1999 3505 2067 φωνῇ
3529 1995 3787 2066 (ἔφαμεν

2174 2082 2305 2153 γὰρ,
2332 2083 2416 2136 ὃτι
2440 2084 2628 2151 μόνος
2658 2082 2750 2136 καὶ
2782 2082 2842 2136 τὸ
2860 2078 2950 2149 εἷς
2978 2085 3074 2136 ἐπὶ
3095 2082 3229 2137 Θεοῦ
3262 2084 3361 2156 τὴν
3383 2086 3544 2154 φύσιν
3565 2085 3778 2156 δηλοῖὶ,

2175 2172 2310 2226 ἀλλὰ
2361 2174 2456 2226 κα).
2507 2173 2568 2226 τὸ
2608 2173 2814 2242 Πατὴρ
2872 2175 3202 2247 προσέθηκε,
3255 2176 3349 2231 καὶ
3387 2176 3480 2231 τοῦ
3522 2176 3799 2249 Χριστοᾶ

2175 2265 2599 2336 ἐμνημόνευσεν.
2679 2265 2924 2319 ’Υπονοῶ
2960 2267 3172 2330 τοίνυν,
3224 2269 3307 2321 ὃτι
3359 2269 3459 2322 οὐκ
3508 2266 3779 2341 ἐξαρκεῖν

2175 2355 2328 2426 ᾠήθη
2361 2355 2457 2408 νῦν
2496 2357 2524 2409 ὁ
2568 2354 2801 2419 Παῦλος,
2833 2355 2896 2409 τὸ
2917 2355 3112 2421 σκεῦος
3142 2358 3242 2428 τῆς
3268 2357 3517 2430 ἐκλογῆς,
3553 2359 3813 2432 κηρύσι

2177 2464 2290 2502 σειν
2350 2448 2508 2519 μόνον
2547 2447 2679 2501 Θεὸν
2704 2512 2711 2518 _
2734 2448 2826 2501 τὸν
2856 2448 3007 2516 Υίὺν,
3064 2451 3157 2503 καὶ
3194 2450 3327 2503 Θεὸν
3354 2450 3415 2503 τὸ
3446 2451 3678 2523 Πνεῦμα
3704 2451 3812 2505 τὸ.

2173 2538 2350 2609 ἅγιον,
2383 2541 2522 2612 ὅπερ
2560 2536 2648 2595 διὰ
2677 2540 2779 2611 τῆς
2798 2536 2906 2606 Εἷς
2932 2540 3077 2608 Θεὸς
3103 2541 3337 2612 ἐδήλωσε
3389 2545 3623 2614 ῥήσεως,
3666 2544 3774 2597 ἐὰν
3799 2580 3813 2591 .

2177 2634 2252 2705 μὴ
2277 2635 2371 2687 καὶ
2403 2634 2493 2688 διὰ
2528 2635 2626 2707 τῆς
2665 2634 2986 2707 προσθήκης
3010 2634 3104 2689 τοῦ
3143 2636 3356 2707 Πατρδς
3387 2636 3478 2689 τὸν
3512 2636 3574 2702 ἐξ
3598 2627 3661 2689 οὗ
3695 2636 3776 2692 τὰ
3804 2665 3813 2671 -

2174 2726 2354 2780 πάντα
2388 2725 2603 2799 δηλώσῃ
2626 2744 2641 2758 ο
2670 2729 2763 2781 καὶ
2787 2728 2876 2781 διὰ
2902 2729 3002 2799 τῆς
3038 2728 3259 2800 μνήμης
3289 2728 3383 2781 τοῦ
3412 2729 3640 2800 Κυρίου,
3669 2729 3774 2785 τὸν

2172 2817 2345 2888 Λόγον
2405 2817 2495 2874 τὸν
2548 2818 2616 2872 δι’
2645 2814 2706 2874 οὗ
2730 2820 2804 2873 τὰ
2837 2820 3017 2874 πάντα
3065 2821 3312 2892 σημάντγ
3346 2822 3439 2874 καὶ
3465 2808 3647 2886 πάλιν,
3672 2821 3772 2877 διὰ

2172 2910 2272 2981 τῆς
2316 2909 2489 2981 Ἰησοῦ
2539 2910 2778 2983 Χριστοῦ
2830 2911 3313 2983 συμπαραλήψεως
3360 2912 3459 2983 τὴν
3490 2911 3771 2984 ὲνανθρώ-

2176 3019 2342 3072 πησιν
2393 3001 2737 3076 παραγγείλῃ
2765 3002 2927 3089 ,(64),
2973 3002 3067 3056 καὶ
3098 3002 3160 3055 τὸ
3196 3001 3366 3067 πάθος
3408 3005 3763 3075 παραστήσῃ,

486 3099 863 3155 carnationem
903 3094 1279 3155 annuntiaret,
1312 3100 1366 3146 et
1393 3093 1707 3162 passionem
1743 3098 1969 3159 poneret
2000 3088 2069 3143 ob

2179 3091 2272 3145 καὶ
2306 3091 2404 3163 τὴν
2436 3092 2733 3145 ἀνάστασιν
2773 3088 3083 3164 φανερὼσῃ.
3119 3092 3192 3146 Τὺ
3232 3093 3365 3164 γὰρ,
3394 3092 3602 3163 Ἰησοῦς
3625 3093 3759 3163 Χρι-

487 3192 681 3247 oculos
729 3197 829 3243 :et
878 3187 1347 3242 resurrectionem
1402 3191 1884 3237 commonstraret.
1932 3179 2067 3233 Nam

487 3283 647 3347 illud,
681 3279 844 3335 Jesus
870 3277 1165 3354 Christus,
1200 3277 1455 3331 notiones
1480 3275 1620 3330 tales
1651 3274 1808 3329 nobis
1841 3273 2067 3327 indicat.

485 3376 835 3446 Quapropter
878 3373 1045 3427 etiam
1097 3369 1366 3424 Dominus
1420 3377 1548 3423 ante
1598 3368 1912 3437 passionem
1959 3380 2070 3420 non

487 3468 603 3523 vult
629 3467 736 3522 dici
768 3464 932 3521 Jesus
966 3463 1244 3525 Christus,
1295 3469 1350 3516 et
1379 3459 1669 3529 discipulis
1706 3459 1972 3529 principii,
2013 3463 2071 3510 ut

486 3574 556 3613 ne
585 3558 844 3626 cuiquam
876 3555 1067 3610 dicant
1106 3555 1282 3623 ipsum
1324 3567 1450 3607 esse
1477 3549 1662 3606 Jesuni
1695 3540 1977 3605 Christum
2001 3547 2068 3602 δ’.

485 3649 837 3718 Piopositum
886 3646 1032 3699 enim
1064 3644 1140 3696 illi
1184 3651 1302 3696 erat
1346 3650 1467 3711 post
1504 3640 2067 3709 absolutamdispen-

484 3742 753 3796 sationem
796 3752 860 3791 ac
894 3736 1356 3790 resurrectionem
1392 3748 1460 3787 ex
1493 3732 1747 3792 mortuis,
1782 3740 1836 3786 et
1866 3733 1921 3785 in
1957 3746 2073 3784 cui-

484 3835 570 3888 los
607 3829 1067 3900 assumptioncm,
1107 3837 1221 3881 tum
1257 3826 1475 3879 deiiium
1511 3825 1646 3895 ipsis
1694 3826 2067 3887 committere.

485 3932 543 3980 ut
588 3939 712 3979 eum
755 3920 943 3977 Jesum
994 3919 1278 3974 Christum
1333 3917 1723 3987 praedicarent.
1782 3915 2066 3985 Ejusmodi

482 4024 569 4072 est
596 4023 650 4069 et
681 4013 812 4068 illud
846 4032 858 4068 :
897 4010 965 4066 Ut
1014 4018 1333 4081 cognoscant
1369 4018 1417 4063 te
1455 4010 1629 4062 solum
1668 4025 1841 4062 verum
1875 4007 2065 4072 Deum,

481 4116 535 4164 at
567 4122 718 4174 quem
768 4105 962 4158 misisti
1007 4101 1193 4157 Iesum
1237 4099 1510 4155 Christum
1533 4101 1616 4167 ⁸⁰;
1660 4100 1793 4153 illud
1835 4100 2062 4154 itidem:

486 4199 717 4256 Creditis
754 4199 809 4251 in
841 4196 1031 4267 Deum,
1062 4205 1110 4248 et
1142 4195 1196 4247 in
1230 4210 1312 4247 me
1343 4193 1539 4247 credite
1559 4194 1602 4225 ⁵⁸
1640 4211 1654 4247 :
1686 4193 1888 4262 ubique
1918 4192 2069 4263 (30θὶ-

485 4295 746 4349 tationem
777 4300 1024 4343 nostram
1066 4286 1464 4356 praemunieute
1494 4282 1704 4352 Spiritu
1740 4291 1932 4338 sancto
1959 4301 1974 4349 ;
2002 4299 2069 4336 ne

487 4380 810 4434 accedentes
872 4375 938 4429 ad
987 4378 1245 4432 alterum,
1292 4374 1466 4426 altero
1519 4372 1878 4438 excidamuS‘;
1930 4388 2067 4427 neve

2176 3181 2320 3247 στὺς,
2380 3182 2477 3246 τὰς
2517 3182 2772 3246 τοιαύτας
2800 3183 3008 3245 ἐννοίας
3042 3184 3172 3254 ἡμῖν
3209 3182 3485 3252 ἐμφαίνει.
3541 3182 3631 3236 Διὸ
3664 3184 3758 3236 κοιἲ

2173 3277 2280 3347 πρὸ
2312 3276 2406 3329 τοῦ
2436 3276 2643 3341 πάθους
2694 3281 3042 3348 παραιτεῖται
3073 3280 3101 3330 ὁ
3137 3276 3345 3347 Κύριος
3386 3277 3592 3347 Ἰησοῦς
3623 3279 3731 3349 Χρι

2175 3367 2298 3431 στὸς
2347 3367 2843 3437 καταγγέλλεσθαιο
2898 3367 2992 3421 καὶ
3039 3366 3409 3420 διαστέλλεται
3436 3370 3550 3431 τοῖς
3580 3366 3755 3440 μαθη-

2172 3462 2311 3527 ταῖς,
2340 3461 2427 3514 ἴνα
2462 3462 2653 3532 μηδενὶ
2701 3460 2950 3525 εἴπωσιν,
2994 3460 3076 3513 ὃτι
3105 3460 3270 3523 αὐτός
3313 3461 3461 3514 ἐστιν
3505 3460 3746 3531 Ἰησοῦςὲ

2173 3554 2431 3625 Χριστός.
2494 3554 2783 3625 Πρόκειται
2806 3552 2916 3623 γὰρ
2938 3551 3087 3622 αὐτῷ
3112 3551 3578 3623 τελειώσαντιτὴν
3611 3556 3743 3606 οἰκο-

2171 3645 2387 3716 νομίαν,
2444 3645 2584 3715 μετὰ
2636 3645 2735 3714 τὴν
2774 3646 2839 3697 ἐκ
2863 3642 3073 3714 νεκρῶν
3116 3643 3414 3697 ἀνάστασιν
3437 3644 3532 3697 καὶ
3550 3644 3645 3713 τὴν
3674 3645 3743 3702 εἰς

2170 3738 2432 3809 οὐρανοὺς
2453 3738 2740 3809 ἀνάληψιν,
2786 3735 3077 3807 ἐπιτρέψαι
3119 3738 3304 3799 αὐτοῖς
3337 3735 3629 3806 κηρύσσειν
3657 3737 3759 3789 αὖ»

2169 3831 2261 3883 τὸν
2308 3830 2514 3901 Ἰησοῦν
2544 3831 2635 3883 τὸν
2670 3829 2930 3901 Χριστόν.
2972 3828 3227 3882 Τοιοῦτόν
3251 3829 3368 3881 ἐστι
3401 3830 3497 3882 καὶ
3518 3828 3595 3885 τὸ.
3622 3828 3743 3881 "Iw

2171 3921 2513 3992 γινώσκωσι
2560 3938 2634 3975 σε
2679 3923 2787 3975 τὸν
2819 3923 3015 3992 μόνον
3038 3920 3342 3988 ἀληθινὸν
3363 3921 3533 3986 Θεὸν,
3566 3919 3659 3976 καὶ
3682 3922 3742 3976 δι

2172 4013 2538 4081 ἀπέστειλας
2570 4014 2804 4082 Ἰησοῦν
2836 4017 3096 4083 Χριστόν
3120 4030 3135 4045 ·
3161 4014 3255 4067 καὶ
3304 4014 3386 4079 τὸ,
3437 4016 3741 4071 Πιστεύετε

2168 4109 2256 4174 εἰς
2285 4106 2452 4171 Θεὸν,
2485 4106 2586 4160 καὶ
2630 4109 2718 4172 εἰς
2779 4105 2885 4176 ἐμὲ
2934 4108 3279 4161 πιστεύετε’
3333 4104 3604 4177 πανταχοῦ
3653 4107 3740 4178 τὴν

2169 4198 2378 4250 ἔννοιαν
2432 4197 2588 4268 ἡμῶν
2644 4196 3079 4267 ἀσφαλιζομένου
3142 4195 3236 4250 τοῦ
3296 4188 3611 4267 Πνεῦμα-ξος
3655 4198 3742 4252 toi

2170 4289 2350 4357 ἁγίου,
2410 4289 2497 4341 ἵνα
2556 4288 2651 4360 μὴ,
2689 4289 2902 4360 θατέρῳ
2942 4287 3386 4360 προσϐαίνοντες,
3419 4287 3644 4359 θατέρου
3667 4290 3734 4342 ἐκ

2171 4379 2494 4448 πίπτωμεν·
2535 4379 2628 4432 καὶ
2669 4380 2732 4449 τῇ
2772 4377 3021 4449 θεολογίᾳ
3061 4378 3440 4448 προσέχοντες,
3473 4378 3573 4449 τῆς
3611 4380 3725 4433 οἰκο

484 4469 775 4538 theologia:
814 4466 1008 4520 intenti
1056 4465 1399 4534 negligaiiius
1439 4464 1943 4534 dispensationem;
1982 4472 2068 4519 at-

2176 4469 2363 4540 νομίας
2418 4468 2880 4540 καταφρονῶμεν·
2932 4470 3027 4523 καὶ⁹
3078 4470 3305 4542 γένηται
3346 4472 3489 4541 ἡμῖν.
3513 4471 3650 4525 κατὰ
3690 4473 3742 4527 τὲ

484 4576 592 4631 que
627 4561 681 4613 in
714 4559 1075 4628 impietatem,
1105 4556 1235 4610 dum
1260 4556 1314 4609 in
1339 4556 1524 4624 aliquo
1547 4553 1896 4621 oﬂ‘endimus,
1933 4555 2061 4611 inci-

478 4653 700 4708 damus.

554 4745 608 4799 4.
654 4743 827 4798 Verba
861 4749 1044 4797 autem
1084 4740 1283 4795 divinae
1317 4739 1637 4808 Scriptum,
1680 4753 1802 4807 qum
1843 4747 2063 4809 arrepta

482 4834 811 4896 adversarii,
834 4841 889 4886 et
915 4831 980 4885 ad
1006 4845 1161 4885 suam
1188 4830 1430 4899 ipsorum
1464 4828 1790 4883 sententiam
1819 4828 2061 4894 detorta,

486 4929 645 4984 nobis
694 4926 760 4981 ad
823 4926 1166 4980 eversionem
1221 4921 1527 4991 niajestatis
1593 4919 1868 4991 Unigcniti
1923 4921 2063 4991 obji-

483 5020 658 5085 ciunt,
689 5019 855 5074 simili
889 5016 1051 5071 modo
1096 5013 1494 5085 expendamus,
1536 5013 1822 5067 notionem
1870 5027 2064 5067 eorum

2170 4563 2413 4617 ἐλλεῖπον
2444 4563 2477 4633 ἡ
2509 4561 2752 4617 ἀσέϐεια.

2237 4742 2291 4795 4.
2320 4741 2400 4796 Τὰ
2422 4742 2479 4796 δὲ
2500 4744 2722 4814 ῥήματα
2764 4744 2863 4813 τῆς
2901 4743 3051 4807 θείας
3092 4744 3338 4816 Γραφῆς,
3374 4745 3517 4816 ἅπερ
3537 4743 3738 4814 λαμϐά-

2170 4851 2355 4899 νοντες
2394 4837 2443 4888 oi
2479 4837 2847 4908 ἀντικείμενοι
2896 4838 2991 4893 καὶ
3038 4837 3454 4909 διαστρέφοντες
3482 4837 3611 4908 πρὸς
3645 4838 3755 4907 τὴν.

2168 4926 2377 4981 οἰκείαν
2407 4928 2713 4999 συνείδησιν
2753 4931 2833 4991 εἰς
2873 4929 3194 5001 καθαίρεσιν
3217 4930 3315 4999 τῆς
3342 4929 3499 5000 δόξης
3527 4928 3613 4981 τοῦ
3634 4930 3737 4982 Μο-

2169 5016 2420 5085 νογενοῦς
2460 5020 2592 5090 ἡμῖν
2624 5019 3012 5092 προφέρουσιν,
3035 5021 3209 5085 οὕτως
3243 5020 3583 5092 ἐξετάσωμεν
3610 5020 3748 5091 (65),.

555 5133 601 5164 ⁸ο
630 5130 651 5185 ι
677 5129 819 5185 Titii.
856 5147 931 5202 in,
956 5129 1052 5202 A16.
1128 5128 1190 5202 ειη
1214 5128 1367 5202 Rom.
1399 5143 1513 5191 xw,
1552 5127 1655 5202 27._
1718 5127 1764 5159 ⁸³
1791 5123 1924 5202 Duc.
1948 5142 2059 5202 ινιι

2176 5131 2226 5185 9.
2307 5134 2353 5164 ⁸³
2383 5132 2489 5189 Job
2530 5150 2607 5199 ix,
2649 5135 2704 5192 8.
2781 5136 2827 5169 “
2861 5136 3020 5191 Deut.
3057 5153 3133 5202 Vl,
3164 5136 3250 5190 l5.
3312 5135 3358 5168 ⁸⁸
3393 5135 3546 5192 Deut.
3574 5151 3739 5201 xxxii,

481 5203 569 5256 59.
680 5202 727 5234 ‘°
764 5201 896 5256 ibid.
948 5200 1033 5253 i2.

479 5274 524 5305 “
548 5270 706 5327 Joan.
738 5288 850 5337 xw,
888 5272 939 5325 i.

552 5389 685 5468 (6t)_
737 5386 865 5440 Ἐπὶ
923 5385 1093 5442 Θεοῦ.
1154 5385 1297 5441 Editi
1354 5382 1562 5438 addunt
1597 5382 1914 5448 articulum,
1967 5380 2064 5437 sed

477 5459 630 5516 deest
648 5459 727 5529 tiu
765 5474 898 5529 mss.

552 5520 670 5601 (δεῖ
703 5527 838 5581 Υιοι.
869 5526 1022 5601 lianc
1075 5525 1550 5601 vocgiiaddimus
1592 5540 1659 5581 ex
1704 5521 1839 5595 Reg.
1897 5520 2063 5577 Paulo

479 5595 906 5677 pos‘Ldquns‘s.
929 5596 1157 5677 ,ὥσ-περ.
1188 5595 1331 5649 Editi
1359 5596 1535 5668 εἴπερ.

552 5669 664 5739 (65)
696 5661 802 5732 Εἷς
831 5667 992 5739 Θεός.
1031 5661 1267 5739 Primam
1298 5661 1495 5739 _voc_eiii'
1536 5665 1791 5739 addimus
1823 5680 1886 5719 ex
1925 5679 2058 5718 mss.

480 5735 654 5797 Paulo
705 5746 827 5809 post
860 5736 916 5792 in
958 5737 1082 5796 cod,
1118 5735 1247 5810 Reg.
1297 5736 1491 5808 legitur
1523 5738 1581 5791 τὸ
1618 5735 1842 5807 Πνεῦμα
1892 5752 2050 5806 προσ-

1146 5200 1191 5231 "
1229 5199 1413 5270 liieg.
1471 5213 1567 5263 vti,
1628 5197 1683 5251 4.

1790 5198 1837 5228 ⁸⁸
1895 5196 1918 5249 ι
1976 5197 2103 5254 Cor.
2159 5218 2279 5269 vni,
2305 5203 2363 5271 5,
2392 5205 2446 5259 6.

2556 5205 2800 5261 “Matth.
2851 5223 2963 5274 xw,
3016 5207 3105 5263 20.
3218 5202 3265 5239 ⁸⁸
3288 5205 3449 5263 Joan.
3507 5222 3632 5271 mi,
3680 5210 3735 5263 5.

2169 5382 2355 5436 έθηκε.

2389 5453 2785 5529 ῃοραγηοείλῃ.
2822 5452 2939 5529 υιιο
2969 5469 3103 5529 mss.
3137 5456 3467 5529 ἀπαγγείλῃ.

2375 5515 2832 5605 βἘξετὶίο-ωμξν..
2855 5523 2947 5577 Sic
2973 5522 3104 5605 Reg.
3129 5533 3188 5605 ει
3214 5515 3385 5605 prima
3412 5515 3573 5583 ίὶιιιιιιι
3595 5528 3732 5605 Harl.

2168 5591 2309 5649 Editi
2332 5591 2699 5665 ἐξετάσομεν.
2720 5594 2924 5657 Ibidem
2959 5591 3091 5649 editi
3118 5591 3556 5664 ἀναπτύσσοντες
3584 5600 3726 5665 αὑτά.

2168 5665 2285 5721 Duo
2312 5674 2520 5721 veteres
2552 5664 2677 5719 libri
2720 5672 2777 5718 ut
2808 5666 2869 5728 iti~
2899 5671 3071 5720 textu.
3739 5706 3743 5709 .
