3888 6214
88 366 178 425 $53

1057 376 1558 436 EPISTOLARUM‘
1591 378 1878 437 CLASSIS
1915 379 1955 434 l.
1997 378 2223 437 EPIST.
2265 378 2402 435 νιιι.

3234 383 3343 442 254

91 488 212 542 κατὰ
258 488 320 542 τὸ
380 488 610 545 δυνατὸν
658 493 792 564 ἡμῖν
840 495 1282 564 ἀναπτύσσοντες
1335 499 1517 554 αὐτῶν
1556 500 1664 569 τὴν

1769 514 1861 569 pro
1898 500 2110 557 viribus
2152 499 2513 571 explicantes.
2548 497 2628 553 Ac
2659 498 2898 568 primum
2952 500 3110 556 nobis
3136 515 3334 572 propo-

88 578 323 633 διάνοιαν.
357 580 467 634 Καὶ
498 581 714 652 πρῶτον
734 585 867 654 ἡμῖν
903 586 1243 656 προτιθὲσθω
1258 589 1340 654 τὸ,
1378 589 1521 659 Ἐγὼ
1585 589 1658 650 ζὶῦ

88 668 172 723 διὰ
196 670 300 723 τὸν
325 670 580 740 Πατέρα.
614 674 785 727 Τοῦτο
812 674 924 746 γάρ
954 677 1103 732 ἐστιν
1129 677 1188 732 ἓν
1217 678 1328 732 τῶν
1351 678 1524 750 βελῶν
1548 679 1656 733 τῶν

87 764 157 825 εἰς
176 763 399 836 οὐρανὸν
434 766 806 836 πεμπομένων
853 767 959 821 ὑπὸ
993 768 1103 823 τῶν
1131 770 1345 834 ἀσεϐῶς
1373 770 1483 842 (66)
1509 770 1658 841 αὑτῷ

89 857 445 927 ιεχρημὲνων.
518 859 783 915 Ἐνταῦθα
822 860 879 914 δὲ
912 861 975 915 τὸ
1001 862 1162 933 ῥητὸν
1198 865 1259 917 οὐ
1292 865 1392 935 τὴν
1421 863 1659 936 προαιώ-

86 963 203 1007 νιον,
225 947 300 1009 ὡς
329 943 507 1018 οἶμαι,
536 948 681 1020 ζωὴν
707 950 965 1020 ὀνομάζει
1010 954 1139 1022 (πᾶν
1164 953 1273 1023 γὰρ
1330 954 1393 1007 τὸ
1428 955 1494 1007 δι’
1540 955 1659 1008 ἓτε-

87 1054 168 1107 ρον
193 1037 299 1102 ζῶν
351 1040 601 1112 αὑτοζωὴ
644 1036 781 1094 εἶναι
835 1043 897 1095 οὐ
928 1043 1172 1109 δύναται,
1207 1045 1284 1107 ὡς
1303 1045 1426 1098 οὐδὲ
1473 1046 1535 1099 τὸ
1565 1048 1655 1115 ὑφ’

86 1128 256 1199 ἑτέρου
289 1129 595 1200 θερμανθὲν
638 1132 1043 1203 αὐτοθερμότης
1082 1130 1221 1189 εἶναι
1241 1152 1255 1165 ·
1281 1138 1310 1188 ὁ
1336 1136 1393 1188 δὲ
1422 1137 1658 1208 Χριστὸς

86 1221 167 1273 καὶ
197 1221 329 1285 Θεὸς
390 1222 551 1293 ἡμῶν
600 1224 860 1296 εἴρηκενο
926 1226 1070 1297 Ἐγώ
1111 1227 1291 1297 εὶμιὴ
1334 1227 1493 1299 ζωὴ),
1519 1228 1658 1283 ἀλλὰ

88 1309 218 1380 ζωὴν
267 1312 475 1382 ταύτην
496 1314 599 1385 τὴν
639 1316 698 1367 ὲν
729 1317 914 1386 σαρκὶ,
957 1317 1051 1369 καὶ
1086 1316 1240 1388 ἐντῷ
1274 1318 1452 1389 χρόνῳ
1481 1318 1657 1389 τούτῳ

88 1405 469 1476 γεγενημένην,
530 1406 599 1476 ἣν
634 1405 795 1475 ἔζησε
846 1407 936 1460 διὰ
978 1409 1071 1461 τὸν
1117 1409 1357 1479 Πατέρα.
1396 1410 1655 1482 Βουλήσει

88 1493 183 1563 γὰρ
214 1494 378 1548 αὐτοῦ
412 1494 781 1567 ἐπιδεδήμηκε
808 1496 886 1567 τῷ
923 1496 1023 1570 βίῳ
1051 1498 1160 1552 τῶν
1196 1498 1500 1570 ἀνθρώπων
1525 1513 1537 1527 ⁸
1563 1500 1657 1554 καὶ

85 1585 175 1637 οὐκ
200 1579 374 1648 εἶπεν,
414 1584 557 1654 Ἐγὼ
599 1584 770 1656 ἔζησα
805 1586 894 1641 διὰ
923 1588 1016 1641 τὸν
1046 1590 1268 1661 Πατέρα
1289 1606 1301 1619 ’
1328 1588 1466 1649 ἀλλ’.
1509 1588 1657 1660 Ἐγὼ

84 1672 150 1735 ὧ
176 1676 270 1731 διὰ
299 1677 411 1732 τὸν
450 1678 707 1747 Πατέρα,
743 1682 934 1751 σαφῶς
959 1683 1053 1736 τὸν
1080 1682 1321 1752 παρόντα
1346 1682 1658 1754 προσημαί-

83 1783 180 1819 νων
200 1768 411 1839 χρόνον.
442 1769 677 1823 Δύναται
696 1770 755 1825 δὲ
775 1772 868 1826 καὶ
898 1772 1043 1844 ζωὴν
1056 1772 1256 1842 λέγειν,
1280 1774 1346 1844 ῆν
1368 1772 1433 1845 ζῇ
1467 1775 1495 1826 ὁ
1523 1775 1658 1845 Χρι-

88 1858 219 1923 στὸς,
247 1861 340 1913 τὸν
381 1862 555 1932 Δόγον
585 1863 680 1917 τοῦ
726 1863 861 1917 Θεοῦ
913 1840 1053 1935 ἔχων
1102 1840 1163 1919 ὲν
1204 1840 1547 1937 ἑαυτῷί-Καὶ
1576 1840 1659 1921 δτι
1690 1840 1733 1895 Β

86 1950 230 2004 τοῦτό
256 1954 376 2006 ἐστι
401 1954 463 2007 τὸ
498 1955 850 2027 δηλούμενον,
884 1958 950 2011 ὲκ
980 1956 1075 2011 τοῦ
1095 1957 1492 2029 ἐπιφερομένου
1516 1959 1661 2012 είσό-

92 2041 238 2111 μεθα.
260 2046 374 2099 Καὶ
436 2048 472 2100 ό
528 2047 768 2117 τρώγων
797 2065 895 2118 με,
944 2050 1101 2121 φησὶ,
1146 2048 1386 2116 ζήσεται
1417 2049 1491 2102 δι’
1530 2048 1659 2119 ἐμέ.

91 2132 374 2205 Τρώγομεν
404 2136 515 2209 γὰρ
536 2138 702 2193 αὑτοῦ
733 2139 833 2213 τὴν
874 2142 1076 2213 σάρκα,
1106 2143 1201 2196 καὶ
1236 2143 1464 2214 πίνομεν
1494 2142 1659 2198 αὐτοῦ

89 2224 144 2277 τὸ
172 2219 327 2296 αἷμα,
363 2230 611 2283 κοινωνῶ⁵
634 2230 906 2302 γινόμενοι
944 2231 1033 2285 διὰ
1064 2233 1161 2303 τῆς
1195 2233 1662 2305 ὲνανθρωπήσεως

88 2318 175 2369 καὶ
210 2318 310 2389 τῆς
356 2319 623 2391 αἰσθητῆς
653 2321 799 2392 ζωῆς
836 2321 930 2377 τοῦ
980 2323 1156 2391 Λόγου
1196 2324 1420 2394 καὶτῆς
1443 2324 1657 2394 σοφίας.

88 2408 256 2480 Σάρκα
275 2409 387 2481 γὰρ
428 2413 525 2465 καὶ
549 2408 689 2481 αἷμα
723 2414 902 2470 πᾶσαν
919 2413 1086 2468 αὐτοῦ
1115 2415 1214 2486 τὴν
1252 2415 1521 2487 μυστικὴν
1548 2418 1665 2469 ἐπι-

87 2499 272 2572 δημίαν
298 2502 576 2573 ὠνόμασε,
602 2507 700 2558 καὶ
729 2506 825 2577 τὴν
858 2508 923 2559 ὲκ
952 2508 1267 2578 πρακτικῆς
1303 2507 1398 2560 καὶ
1421 2507 1661 2578 φυσικῆς

89 2594 175 2646 καὶ
193 2594 507 2666 θεολογικῆς
535 2596 876 2651 συνεστῶσαν
915 2598 1263 2653 διδασκαλίαν
1301 2599 1560 2670 ἐδήλωσε,
1591 2599 1660 2652 δι’

88 2679 149 2754 ἧς
185 2685 448 2757 τρέφεται
494 2687 665 2757 ψυχὴ,
720 2689 816 2741 καὶ
869 2688 1005 2760 πρὸς
1051 2688 1151 2760 τὴν
1178 2687 1290 2741 τῶν
1324 2687 1495 2741 ὄντων
1520 2686 1661 2752 τέως

90 2774 305 2847 θεωρίαν
338 2776 845 2848 παρασκευάζεται.
877 2780 988 2833 Καὶ
1034 2779 1194 2833 τοῦτό
1218 2781 1335 2833 ἐστι
1359 2778 1420 2833 τὸ
1470 2780 1536 2831 ὲκ
1561 2776 1661 2832 τοῦ

93 2867 238 2937 ῥητοῦ
272 2867 404 2932 ἴσως
425 2866 781 2940 δηλούμενον.

148 2958 196 3012 5.
221 2960 332 3013 Καὶ
362 2961 529 3014 πάλιν
550 2977 563 2990 ·
623 2960 687 3015 Ὀ
717 2960 922 3031 Πατήρ
956 2980 1077 3032 μου
1103 2962 1319 3032 μείζων
1333 2982 1453 3035 μου
1500 2964 1657 3021 ἐστί.

89 3048 352 3121 Κέχρηται
379 3051 495 3123 (67)
524 3052 634 3124 γὰρ
663 3053 755 3106 καὶ
785 3053 960 3125 τούτῳ
988 3053 1067 3125 τῷ
1096 3055 1247 3127 ῥητῷ
1285 3056 1355 3110 τὰ
1388 3056 1661 3128 ἀχάριστα

90 3143 366 3245 κτίσμα-τα,
392 3145 467 3197 τὰ
510 3144 607 3197 τοῦ
644 3145 884 3217 πονηροῦ
933 3148 1272 3218 γεννήματα.
1319 3146 1460 3216 Ἐγὼ
1483 3147 1540 3201 δὲ
1565 3149 1660 3202 καὶ
1688 3187 1730 3245 c

89 3232 143 3285 ἐκ
195 3236 405 3307 ταύτης
466 3235 571 3306 τῆς
600 3236 783 3307 φωνῆς
815 3237 875 3289 τὸ
895 3237 1181 3307 ὁμοούσιον
1220 3234 1360 3292 εἶναι
1399 3238 1490 3293 τὸν
1531 3238 1661 3293 Υἰὸν

89 3325 152 3393 τῷ
178 3327 351 3398 Πατρὶ
379 3325 675 3398 δηλοῦσθαι
727 3329 1087 3382 πεπίστευκα.
1117 3327 1228 3392 Τὰς
1275 3329 1385 3397 γὰρ
1432 3321 1660 3400 συγκρί-

91 3431 188 3481 σεις
213 3414 330 3472 οἶδα
360 3419 576 3490 κυρίως
608 3420 703 3473 ἐπὶ
729 3419 837 3473 τῶν
876 3420 976 3490 τῆς
1003 3421 1173 3491 αὐτῆς
1204 3420 1420 3489 φύσεως
1438 3421 1664 3493 γινομέ-

89 3522 189 3569 νας.
221 3508 497 3577 Ἄγγελον
540 3508 652 3579 γὰρ
704 3509 937 3577 ἀγγέλου
995 3508 1228 3579 λέγομεν
1279 3509 1524 3580 μείζονα,
1568 3511 1666 3563 καὶ

88 3599 358 3670 ἄνθρωπον
386 3598 684 3670 ἀνθρώπου
712 3599 1069 3672 δικαιότερον,
1100 3600 1195 3653 καὶ
1225 3600 1428 3668 πτηνὸν
1457 3598 1663 3670 πτηνοῦ

86 3690 391 3762 ταχύτερον.
433 3691 695 3744 Είτοίνυν
719 3692 774 3745 ai
806 3691 1122 3762 συγκρίσεις
1152 3692 1247 3745 ἐπὶ
1264 3690 1373 3746 τῶν
1404 3690 1665 3763 ὁμοειδῶν

87 3783 348 3848 γίνονται,
378 3783 588 3854 μείζων
610 3783 668 3836 δὲ
700 3783 838 3837 κατὰ
863 3783 1149 3854 σύγκρισιν
1195 3781 1410 3854 εἴρηται
1427 3785 1455 3836 ὁ
1474 3780 1665 3854 Πατὴρ

88 3876 170 3930 τοῦ
200 3877 330 3932 Υἱοῦ
351 3895 366 3908 ο
411 3877 702 3948 ὁμοούσιος
755 3874 833 3947 τῷ
871 3876 1047 3946 Πατρὶ
1081 3876 1110 3928 ό
1138 3874 1287 3937 Υἱός.
1324 3875 1480 3927 Ἔστι
1505 3873 1561 3927 δέ
1582 3890 1666 3938 τις

89 3970 173 4022 καὶ
199 3970 331 4041 ἄλλη
354 3968 973 4037 ἔννοιαοὲναποκειμένη
1006 3965 1085 4037 τῷ
1114 3965 1282 4038 ῥητῷ.
1320 3965 1385 4018 Τί
1405 3964 1513 4038 γὰρ
1539 3964 1668 4020 θαυ-

92 4061 301 4129 μαστὸν,
341 4062 395 4115 εί
434 4060 662 4129 μείζονα
697 4058 891 4112 ἑαυτοῦ
947 4058 1039 4127 τὸν
1074 4058 1294 4130 Πατέρα
1321 4057 1666 4129 ὡμολόγησε,

91 4152 248 4219 Λόγος
276 4152 356 4206 ὣν
390 4151 492 4207 καὶ
537 4150 677 4223 σὰρξ
722 4149 984 4219 γεγονὼς,
1018 4150 1221 4204 ὁπόταν
1273 4152 1368 4204 καὶ
1421 4150 1668 4219 ἀγγέλων

91 4239 232 4313 ὤφθη
266 4242 416 4297 κατὰ
471 4242 572 4313 τὴν
603 4240 766 4306 δόξαν
794 4240 1054 4303 ἐλάττων,
1078 4241 1173 4294 καὶ
1199 4238 1503 4312 ἀνθρώπων
1528 4239 1672 4294 κατὰ

89 4333 144 4385 τὸ
169 4329 334 4400 εΜ;
375 4330 761 4398 Ἠλὰττωσας
787 4330 899 4399 γὰρ
934 4330 1146 4393 αὐτὸν,
1189 4331 1343 4401 φησι,
1372 4330 1576 4400 ,βραχύ
1613 4347 1671 4384 τι

90 4425 213 4492 παρ’
240 4426 545 4496 ἀγγέλους
563 4442 577 4454 ·
614 4424 708 4478 καὶ⁵
737 4423 928 4478 πάλινο
972 4422 1086 4476 Τὸν
1127 4421 1196 4476 δὲ
1220 4422 1426 4492 ,βραχύ
1447 4440 1503 4476 τι
1532 4423 1669 4492 παρ’

1740 599 1922 647 matur
1948 592 2085 647 illud
2114 612 2129 647 ε
2167 592 2276 663 Ego
2308 592 2417 646 vivo
2455 602 2670 661 propter
2701 589 2920 645 Patrem
2946 592 3013 645 ⁸⁸.
3048 589 3163 646 Hoc
3195 593 3340 648 enim

1760 701 1926 739 unum
1964 694 2149 740 estex
2177 685 2402 755 jaculis,
2450 697 2573 753 quae
2613 681 2670 736 in
2718 682 2917 736 caelum
2959 681 3246 736 vibrantur
3274 683 3343 739 ab

1760 776 1865 840 his,
1901 777 1994 847 qui
2028 792 2098 831 eo
2127 776 2292 846 impie
2325 782 2576 830 utuntur.
2614 774 2752 828 illud
2782 781 2966 828 autem
2998 773 3208 827 dictum
3238 774 3344 832 hoc

1758 867 1879 921 loco
1904 882 2013 920 non
2050 867 2225 937 ipsam
2255 875 2382 921 ante
2407 865 2606 921 saecula
2630 905 2645 930 ,
2682 873 2740 919 ut
2764 865 3026 929 arbitror,
3059 864 3227 919 vitam
3248 865 3345 920 de-

1758 958 1939 1028 signat
1969 957 2259 1028 (quidquid
2300 958 2444 1013 enim
2492 964 2717 1027 propter
2763 956 2993 1010 alterum
3031 956 3184 1019 vivit,
3224 956 3343 1010 vita

1760 1053 1876 1120 ipsa
1914 1066 2039 1106 esse
2085 1051 2309 1121 nequit;
2352 1048 2814 1119 quemadmodum
2866 1064 3044 1118 neque
3085 1049 3233 1119 quod
3273 1049 3344 1103 ab

1757 1140 1867 1194 alio
1907 1140 2234 1194 calefactum
2281 1146 2384 1204 est,
2420 1138 2574 1192 calor
2598 1138 2715 1208 ipse
2763 1152 2886 1192 esse
2929 1147 3153 1207 potest:
3189 1137 3347 1192 Chri-

1757 1239 1877 1286 stus
1909 1239 2092 1286 autem
2131 1238 2186 1285 et
2226 1231 2369 1285 Deus
2408 1237 2600 1285 noster
2627 1230 2768 1285 dixit
2795 1246 2810 1283 :
2841 1227 2952 1299 Ego
2973 1246 3090 1284 sum
3118 1231 3225 1283 vita
3245 1226 3340 1300 ⁸³),

1756 1323 1855 1378 sed
1894 1324 2068 1378 vitam
2112 1323 2255 1378 hanc
2289 1322 2342 1376 in
2385 1337 2577 1387 carne,
2629 1330 2685 1377 et
2727 1322 2781 1375 in
2831 1322 2937 1375 hoc
2984 1329 3230 1391 tempore
3259 1319 3343 1375 fa-

1756 1421 1923 1476 ctam,
1950 1428 2115 1484 quam
2140 1421 2365 1484 pr0pter
2388 1413 2605 1468 Patrem
2629 1413 2781 1467 vixit.
2812 1411 2946 1466 Nam
2973 1413 3093 1482 ipso
3125 1412 3344 1467 volente

1754 1505 1811 1560 in
1845 1506 2013 1560 vitam
2039 1505 2329 1560 hominum
2373 1505 2597 1560 advenit
2628 1523 2641 1558 :
2672 1519 2851 1574 neque
2872 1503 3034 1569 dixit,
3083 1501 3199 1572 Ego
3227 1501 3341 1557 vixi

1755 1605 1981 1668 propter
2025 1596 2279 1664 Patrem;
2333 1597 2464 1661 sed,
2508 1596 2619 1667 Ego
2670 1597 2781 1651 vivo
2821 1605 3036 1666 propter
3081 1593 3338 1659 Patrem,

1756 1697 1941 1757 aperte
1981 1702 2223 1758 praesens
2278 1694 2497 1757 tempus
2537 1686 2874 1756 signiﬁcans.
2918 1684 3104 1740 Potest
3156 1689 3339 1737 autem

1759 1786 1813 1833 et
1848 1779 2016 1832 vitam
2041 1778 2247 1845 dicere,
2278 1793 2443 1849 quam
2479 1777 2616 1832 vivit
2661 1775 2941 1842 Christus,
2977 1774 3217 1829 Verbum
3242 1771 3342 1829 Dei

1763 1870 1974 1925 habens
2014 1870 2071 1925 in
2105 1869 2312 1940 seipso.
2362 1870 2543 1938 Atque
2575 1868 2629 1922 id
2669 1868 2849 1937 ipsum
2892 1882 3039 1935 esse,
3068 1864 3216 1936 quod
3264 1864 3345 1921 si-

1761 1960 2075 2033 gniﬁcatur,
2129 1976 2194 2015 ex
2244 1960 2330 2016 his
2366 1974 2491 2029 quae
2532 1967 2840 2029 sequuntur
2889 1958 3217 2013 videbimus.
3271 1952 3346 2009 Et

1761 2049 2306 2121 quiu'manducat
2358 2064 2462 2114 me,
2509 2048 2712 2118 inquit,
2755 2049 2876 2103 vivit
2920 2056 3134 2117 propter
3171 2062 3252 2100 me
3270 2045 3340 2101 “.

1761 2139 1991 2198 Edimus
2035 2143 2182 2197 enim
2237 2140 2414 2211 ipsius
2462 2154 2708 2205 carnem,
2762 2149 2815 2196 et
2871 2139 3114 2195 bibimus
3168 2137 3344 2209 ipsius

1763 2233 2108 2303 sanguinem,
2158 2232 2453 2304 participes
2486 2230 2638 2299 facti,
2677 2247 2774 2303 per
2803 2221 3239 2286 incarnationem
3286 2232 3348 2285 et

1764 2325 2086 2381 sensibilem
2115 2325 2307 2390 vitam,
2337 2323 2503 2379 Verbi
2531 2334 2583 2379 et
2608 2323 2911 2394 sapientiae.
2934 2320 3169 2377 Carnem
3191 2318 3343 2375 enim

1762 2421 1818 2470 et
1845 2414 2167 2485 sanguinem
2192 2422 2362 2469 totam
2392 2428 2551 2470 suam
2596 2412 2883 2485 mysticam
2912 2410 2967 2465 in
3000 2424 3168 2463 carne
3208 2421 3343 2462 con-
3458 2451 3464 2456 .

1762 2507 2130 2561 versationem
2172 2503 2411 2567 vocavit,
2460 2510 2517 2558 et
2545 2502 2851 2557 doctrinam
2900 2515 2969 2555 ex
3003 2497 3247 2569 practica
3286 2503 3345 2551 et

1763 2597 2002 2652 naturali
2037 2605 2093 2652 et
2123 2597 2431 2666 theologica
2467 2595 2690 2650 notione
2714 2601 3057 2648 constantem
3094 2589 3347 2645 declara-

1762 2689 1841 2744 vit
1867 2705 1882 2743 :
1914 2704 2013 2760 per
2035 2704 2201 2759 quam
2235 2695 2290 2743 et
2316 2687 2559 2741 nutritur
2587 2686 2792 2749 anima,
2822 2692 2876 2738 et
2911 2683 2979 2738 ad
3009 2697 3200 2738 eorum
3221 2692 3347 2751 qua

1764 2790 1895 2838 sunt
1927 2780 2449 2850 contemplationem
2481 2778 2700 2834 interim
2737 2783 3095 2848 praeparatur.
3132 2773 3196 2828 Et
3228 2774 3347 2829 haec

1763 2880 1850 2930 est
1873 2872 2108 2930 fortasse
2137 2871 2286 2927 illius
2314 2870 2447 2926 dicti
2477 2870 2771 2926 sententia.

1833 2965 1888 3021 5.
1931 2965 2011 3019 Ac
2044 2979 2262 3026 rursus,
2296 2960 2462 3016 Pater
2491 2976 2636 3016 meus
2659 2960 2834 3030 major
2870 2974 2951 3012 me
2976 2967 3055 3012 est
3080 2957 3147 3010 ".
3179 2954 3351 3011 Utun-
3394 3010 3403 3017 ,

1765 3063 1856 3113 tur
1887 3056 2035 3111 enim
2070 3064 2124 3110 et
2160 3055 2266 3110 hoc
2304 3053 2455 3109 dicto
2483 3053 2710 3123 ingrata:
2741 3060 3028 3112 creaturae,
3056 3048 3185 3102 mali
3216 3061 3348 3118 pro-

1765 3146 1974 3217 genies.
2007 3144 2125 3215 Ego
2152 3159 2282 3200 vero
2311 3159 2377 3199 ex
2402 3143 2506 3197 hac
2529 3144 2693 3199 etiam
2730 3157 2862 3196 voce
2885 3139 3343 3196 consubstantia-

1765 3238 1870 3293 lem
1904 3251 2029 3292 esse
2071 3234 2269 3290 Filium
2311 3232 2462 3287 Patri
2493 3234 2660 3290 credo
2692 3232 3081 3288 demonstrari.
3115 3229 3353 3301 Compa-

1763 3331 2008 3386 rationes
2048 3329 2196 3384 enim
2244 3328 2363 3384 scio
2401 3327 2625 3398 praprie
2654 3326 2796 3382 inter
2832 3341 2896 3381 ea
2941 3340 3063 3395 quae
3102 3322 3351 3393 ejusdem

1764 3428 1977 3476 natura:
2018 3429 2147 3475 sunt
2180 3417 2322 3474 ﬁeri.
2359 3419 2630 3490 Angelum
2682 3431 2921 3485 namque
2969 3415 3165 3484 angelo
3210 3412 3354 3468 dici-

1765 3530 1891 3570 mus
1934 3510 2227 3582 majorem,
2276 3518 2332 3567 et
2363 3510 2642 3565 hominem
2680 3507 2903 3563 homine
2944 3506 3259 3576 justiorem,
3296 3508 3354 3558 et

1769 3605 2044 3660 volucrem
2070 3601 2285 3657 volucri
2315 3601 2663 3656 velociorem.
2695 3598 2882 3667 Itaque
2907 3598 2954 3651 si
2979 3593 3353 3666 comparatio-

1766 3712 1867 3752 nes
1907 3697 2052 3750 inter
2081 3708 2147 3749 ea
2190 3708 2312 3764 qua:
2346 3692 2595 3764 ejusdem
2626 3691 2831 3761 speciei
2862 3698 3025 3765 sunt,
3055 3687 3354 3742 instituun-

1770 3799 1894 3850 tur;
1931 3786 2095 3842 Pater
2122 3791 2305 3838 autem
2329 3782 2635 3839 secundum
2665 3778 3137 3849 comparationem
3172 3776 3356 3832 dictus

1769 3889 1854 3936 est
1885 3878 2024 3934 Filio
2048 3877 2258 3947 major;
2287 3870 2784 3931 consubstantialis
2811 3868 2961 3923 Patri
2984 3866 3178 3922 Filius.
3204 3865 3354 3921 inest

1769 3979 1953 4028 autem
1988 3978 2044 4027 et
2075 3971 2185 4025 alia
2213 3970 2366 4024 notio
2396 3968 2483 4024 his
2520 3964 2724 4020 verbis.
2771 3962 2913 4029 Quid
2945 3961 3091 4016 enim
3128 3960 3356 4027 mirum,

1771 4064 1821 4121 si
1869 4063 2133 4133 majorem
2165 4062 2349 4133 seipso
2376 4058 2595 4114 Patrem
2626 4053 2921 4110 confessus
2957 4060 3063 4116 est,
3097 4052 3190 4121 qui
3218 4048 3358 4107 Ver-

1770 4155 1900 4210 bum
1923 4160 2084 4209 estet
2112 4167 2243 4207 caro
2274 4150 2455 4206 factus
2477 4148 2643 4204 est"‘
2673 4165 2688 4202 :
2718 4161 2843 4200 cum
2878 4152 2935 4200 et
2968 4142 3176 4215 angelis
3202 4142 3356 4198 visus

1771 4249 1845 4303 sit
1881 4246 2184 4303 secundum
2231 4244 2465 4313 gloriam
2496 4241 2702 4303 minor,
2733 4246 2788 4294 et
2814 4235 3131 4292 hominibus
3157 4248 3359 4290 secun-

1770 4339 1902 4394 dum
1932 4336 2208 4408 speciem?
2238 4333 2485 4389 Minuisti
2504 4333 2649 4387 enim
2676 4347 2817 4393 eum,
2844 4328 3044 4397 inquit,
3067 4324 3228 4397 paulo
3255 4324 3357 4378 mi-

1772 4447 1873 4485 nus
1913 4429 1978 4483 ab
2010 4428 2209 4500 angelis
2226 4427 2309 4494 ³⁶;
2342 4436 2395 4481 et
2452 4426 2653 4480 iterum
2685 4441 2698 4478 :
2730 4423 2865 4477 Eum
2902 4429 3077 4476 autem
3111 4419 3203 4487 qui
3239 4434 3355 4472 mo-

89 4516 373 4586 drréJouc
414 4515 842 4585 ἠλαττωμένον
866 4532 879 4545 ·
926 4515 1021 4569 καὶ
1049 4514 1132 4580 τὸ,
1160 4513 1418 4583 Ετδομεν
1459 4515 1664 4583 αὐτὸν,

1777 4521 1897 4576 dico
1945 4536 2105 4591 quam
2150 4517 2324 4589 angeli
2366 4517 2662 4571 minoratus
2707 4514 2873 4582 est";
2920 4514 3072 4573 item,
3115 4510 3355 4585 Vidimus

93 4610 183 4662 atat
208 4613 317 4664 οὐκ
341 4607 514 4679 εἶχεν
528 4605 712 4674 εἶδος,
744 4606 887 4663 οὐδὲ
909 4607 1140 4673 κάλλος
1160 4624 1174 4638 ’
1224 4607 1387 4662 ἀλλὰ
1419 4607 1486 4661 τὸ
1508 4603 1669 4675 εἶδος

93 4702 264 4756 αὑτοῦ
311 4702 611 4757 ἐκλεῖπον
664 4699 823 4769 παρὰ
864 4700 1097 4765 πάντας
1128 4699 1272 4767 τοὺς
1294 4698 1668 4768 ἀνθρώπους.

93 4792 298 4848 Τούτων
327 4794 389 4848 δὲ
454 4793 677 4848 πάντων
719 4791 981 4863 ἠνέσχετο
1013 4791 1103 4845 διὰ
1132 4791 1231 4861 τὴν
1275 4791 1475 4865 πολλὴν
1503 4792 1670 4848 αὐτοῦ

94 4885 212 4955 περὶ
241 4884 301 4937 τὸ
320 4884 557 4956 πλάσμα
588 4881 1021 4953 φιλανθρωπίαν,
1047 4881 1134 4935 ἵνα
1156 4882 1217 4934 τὸ
1243 4880 1519 4946 ἀπολωλὸς
1540 4882 1674 4953 πρό-

95 4972 242 5027 ϐατον
254 4975 609 5045 ἀνασώσηται
628 4973 761 5042 (68),
777 4973 872 5026 καὶ
891 4973 953 5026 τὸ
978 4971 1148 5027 σωθὲν
1160 4990 1298 5026 κατα
1304 4972 1453 5047 μίξῃ,
1468 4974 1563 5028 καὶ
1579 4973 1673 5027 τὸν

95 5067 411 5120 κατελθόντα
477 5064 590 5118 ἀπὸ
628 5063 981 5135 Ἰερουσαλὴμ
1038 5065 1119 5129 εἰς
1184 5063 1416 5135 Ἰεριχὼ,
1452 5066 1546 5119 καὶ
1583 5064 1678 5120 διὰ

95 5157 238 5211 τοῦτο
261 5156 645 5229 περιπεσόντα
657 5155 904 5227 λῃσταῖς,
921 5157 1003 5220 εἰς
1020 5157 1120 5227 τὴν
1131 5156 1338 5210 οἰκείαν
1360 5157 1673 5227 ὑγιαίνοντα

98 5249 243 5305 πάλιν
269 5249 609 5321 ὲπαναγὰγῃ
652 5248 903 5320 πατρίδα.
927 5249 999 5302 ’Ἡ
1040 5249 1135 5303 καὶ
1159 5250 1259 5321 τὴν
1288 5248 1495 5322 φάτνην
1523 5247 1673 5321 αὐτῷ

156 5407 201 5438 ⁸³
222 5404 381 5462 Joan.
412 5423 492 5470 vt,
521 5405 613 5461 58.
689 5405 736 5438 ⁸³
767 5405 925 5462 Joan.
951 5421 1029 5467 χι,
1058 5405 1152 5460 ‘15.
1225 5405 1271 5439 ”
1305 5403 1463 5461 Joan.
1501 5422 1581 5474 vr,
1612 5405 1702 5463 58.

98 5473 135 5504 "
171 5475 330 5534 Hebr.
363 5495 429 5543 ιι,
465 5480 525 5532 9.
606 5476 652 5509 "
680 5474 785 5532 isa.
806 5491 924 5540 un,
952 5475 1008 5540 2,
1037 5477 1090 5530 3.

161 5592 269 5664 (66)
315 5589 631 5664 Ἀονεὸῶς.Δ
663 5589 753 5664 Sic
807 5605 941 5645 mss.
1002 5589 1144 5664 Editi
1193 5587 1425 5664 ἀσεδῷν.
1467 5587 1678 5664 l-labent

105 5657 261 5717 iidem'
302 5666 535 5720 codices
580 5661 644 5714 οὐ
694 5661 794 5732 τὴν
851 5659 1193 5733 προαιώνιον.
1219 5657 1388 5733 _E«_liti
1428 5660 1541 5733 pint
1590 5659 1681 5733 αῦ-

107 5733 335 5822 τήνεειο.
366 5734 551 5790 Paulo
588 5738 712 5803 post
749 5728 909 5789 mss.
940 5747 1038 5801 pro
1077 5728 1326 5801 αὐτοζωή
1353 5729 1555 5785 habent
1582 5730 1679 5784 αὑ-

110 5816 277 5866 τιμον.

1773 4627 1917 4674 eum,
1960 4619 2011 4665 et
2052 4627 2157 4665 non
2192 4607 2419 4663 habebat
2461 4606 2705 4676 speciem.
2748 4620 2912 4675 neque
2948 4603 3187 4657 decorem
3218 4613 3236 4652 :
3266 4597 3357 4654 sed

1776 4703 1970 4769 species
1998 4701 2112 4772 ejus
2143 4701 2391 4771 deﬁciens
2419 4713 2531 4768 pra:
2553 4695 2796 4752 omnibus
2819 4692 3116 4749 hominibus
3134 4690 3203 4743 ⁸⁸.
3232 4688 3358 4745 Hac

1778 4803 1958 4850 autem
2001 4794 2187 4849 omnia
2242 4791 2507 4850 sustinuit
2547 4797 2772 4860 pr0pter
2818 4785 3045 4840 multam
3095 4796 3249 4838 suam
3301 4781 3358 4836 in

1781 4900 1921 4956 opus
1950 4898 2111 4939 suum
2150 4882 2563 4951 benignitatem,
2608 4886 2667 4931 ut
2697 4875 2963 4946 perditam
3002 4886 3156 4926 ovem
3201 4883 3360 4924 recu-

1784 4984 2020 5046 peraret,
2055 4982 2110 5030 et
2139 4973 2516 5028 introduceret
2548 4979 2843 5031 servatam,
2890 4973 2946 5021 et
2984 4978 3133 5027 eum,
3164 4962 3260 5031 qui
3286 4962 3358 5016 ab

1778 5067 2138 5139 Jerosolymis
2166 5064 2492 5121 Jerichunta
2538 5060 2924 5123 descenderat,
2968 5057 3039 5113 ob
3072 5056 3235 5126 idque
3275 5054 3361 5109 in.

1779 5158 1989 5213 ciderat
2037 5157 2092 5210 in
2137 5156 2403 5219 latrones,
2458 5154 2525 5208 a’d
2564 5150 2843 5222 propriam
2892 5162 3088 5202 rursus
3125 5146 3358 5217 patriam

1781 5266 1977 5307 sanum
1999 5249 2440 5318 incolumemque
2463 5245 2768 5302 reduceret.
2804 5241 2889 5296 An
2912 5241 3079 5297 etiam
3110 5252 3353 5310 praesepe

1782 5406 1829 5439 ⁸⁸
1863 5403 2023 5460 Joan.
2056 5418 2167 5468 xlv,
2192 5401 2283 5457 28.
2359 5401 2427 5432 ’ν
2456 5397 2617 5455 Joan.
2644 5414 2682 5465 ι,
2718 5397 2806 5452 Η.
2884 5394 2930 5428 ⁵⁸
2957 5392 3105 5448 Psal.
3146 5404 3261 5454 vut,
3296 5385 3358 5446 6.

1856 5584 1970 5655 (67)
2011 5581 2325 5655 Κέχρηται.
2354 5579 2448 5633 Sic
2475 5577 2778 5655 mss.__lj3diti
2800 5578 3114 5655 κέχρηνται.

1860 5644 1972 5724 (68)
2000 5644 2565 5724 ξΑτὲἆσῶσηταικὸιο
2611 5650 2733 5704 libri
2783 5644 3021 5724 veteres.
3062 5644 3366 5724 Editidva—

1791 5716 1964 5796 σώσῃζ
1996 5720 2167 5796 Paulo
2195 5716 2318 5796 post
2336 5736 2402 5775 ex
2433 5719 2625 5796 iisdem
2658 5735 2796 5778 mss.
2828 5717 3111 5775 codicibus
3135 5716 3366 5786 legimus

1791 5790 2122 5866 ἅπαναγάγῃ
2153 5790 2251 5863 pro
2283 5790 2645 5862 ὲπεισαγάγῃ.
