3888 6214
523 304 634 362 255

1804 305 1861 360 S‘.
1904 305 2145 362 B‘ASlLll
2188 304 2425 360 MAGNR

3716 303 3856 358 25¢

524 425 576 481 ei
605 425 961 495 exprobrabit
996 426 1324 489 haereticus,
1361 441 1459 496 per
1502 426 1648 497 quod
1692 441 1818 482 cum
1851 436 1999 484 esset
2033 444 2104 482 ra-

2215 427 2460 482 ὀνειδίσει
2493 425 2769 498 αἱρετικδς
2795 463 2810 487 ,
2869 424 2934 478 δι’
2970 418 3039 497 ἧς
3070 421 3263 492 ἄλογος
3309 420 3386 475 ὢν
3419 422 3662 494 ετράιρη
3719 422 3856 476 ὑπὸ

529 522 675 573 tione
699 516 1023 580 destitutus,
1056 532 1084 571 a
1116 514 1297 571 Verbo
1325 517 1572 573 nutritus
1614 518 1737 573 est?
1777 534 1848 574 an
1881 519 2110 588 objiciet

529 617 928 679 paupertatem,
972 609 1118 680 quod
1152 610 1389 667 lectulus
1421 609 1596 665 defuit
1624 608 1765 666 fabri
1797 612 1948 667 lilio?
1973 612 2109 667 Pro-

528 711 712 770 pterea
743 699 905 756 Patre
951 701 1131 756 minor
1162 699 1355 764 Filius,
1405 700 1551 770 quod
1589 708 1682 755 tua
1736 717 1906 758 causa
1934 703 2110 759 factus

525 803 614 848 est
646 804 914 857 mortuus,
965 801 1025 846 ut
1059 802 1109 847 te
1149 807 1180 845 a
1216 794 1553 848 mortalitate
1596 793 1874 855 liberaret,
1912 803 1969 850 et
1997 810 2111 849 cm-

527 884 683 940 lestis
714 885 1035 955 participem
1081 885 1207 939 vitae
1240 885 1462 940 faceret.
1494 885 1654 940 Velut
1683 886 1728 941 si
1758 886 1883 955 quis
1910 895 1965 940 et
1993 901 2109 941 tne--

526 977 709 1031 dicunt
749 984 996 1040 accuset,
1031 977 1176 1047 quod
1208 976 1504 1033 demittens
1533 993 1592 1033 se
1623 978 1691 1031 ad
1716 978 1958 1043 morbos,
1986 994 2108 1048 par-

526 1072 702 1140 ticeps
732 1068 926 1125 fetoris
964 1069 1079 1133 ﬁat,
1110 1077 1170 1122 ut
1199 1080 1355 1124 sanet
1380 1077 1745 1140 tegrotantesa

598 1259 651 1316 6.
691 1259 921 1332 Propter
950 1269 1001 1314 te
1032 1268 1086 1314 et
1124 1260 1315 1315 horam
1348 1268 1402 1314 et
1439 1261 1583 1317 diem
1624 1261 1820 1331 juilicii
1863 1262 2119 1332 ignorat,

528 1367 844 1424 quanquam
898 1352 1034 1406 nihil
1090 1353 1416 1422 sapientiam
1468 1367 1652 1408 veram
1698 1354 1873 1417 latet;
1923 1354 2113 1409 omnia

525 1445 672 1501 enim
689 1458 786 1515 per
809 1443 981 1512 ipsam
1011 1441 1159 1496 facta
1187 1454 1316 1498 sunt
1335 1445 1403 1497 ⁵⁸.
1422 1442 1715 1499 Hominum
1740 1450 1919 1499 autem
1946 1459 2107 1499 nemo

482 1600 487 1605 ς
527 1551 772 1607 unquam
802 1536 949 1607 quod
994 1536 1126 1592 fecit
1167 1537 1401 1606 ignorat.
1441 1535 1639 1597 Verum
1685 1537 1737 1592 id
1775 1539 1848 1592 ita
1884 1538 2105 1607 dispen-

529 1639 616 1685 sat
650 1631 720 1683 ob
752 1636 903 1682 tuam
951 1628 1328 1682 inﬁrmitatem
1354 1667 1373 1693 ,
1408 1636 1467 1681 ut
1508 1643 1684 1697 neque
1712 1628 1749 1681 ii
1782 1629 1874 1697 qui
1914 1644 2106 1696 pecca-

527 1730 746 1781 verunt,
780 1718 852 1774 ob
884 1718 1136 1789 pmﬁniti
1169 1719 1435 1788 temporis
1459 1722 1772 1789 angustiam
1811 1721 1867 1773 in
1909 1721 2106 1788 desire-

2209 519 2304 572 τοῦ
2334 518 2505 587 Λόγου
2541 516 2693 589 (69);
2728 516 2824 571 καὶ
2846 514 2944 586 τὴν
2987 514 3177 569 πενίαν
3212 513 3470 586 προοίσει,
3504 514 3597 566 ὅτι
3638 514 3856 569 κλινι-

2210 609 2323 665 δίου
2350 611 2450 664 οὐκ
2480 610 2792 681 ηὐπόρησεν
2847 610 2876 661 ό
2919 606 3012 660 τοῦ
3040 606 3290 671 τέκτονος
3321 606 3470 671 υίός;
3501 606 3612 660 Διὰ
3650 607 3856 660 τοῦτο

2212 701 2425 772 Πατρὸς
2454 700 2689 755 ἐλάττων
2713 702 2741 753 ὁ
2768 698 2914 762 Υἱὸς,
2939 699 3020 751 ὅτι
3050 697 3136 752 διά
3160 697 3219 750 σὲ
3241 697 3430 766 γέγονε
3454 699 3692 769 νεκρὸς,
3738 699 3852 751 ἵνα

2212 810 2273 849 σε
2323 794 2423 865 τῆς
2463 794 2787 863 νεκρότητος
2847 790 3152 863 ἀπαλλάξῃ,
3209 791 3305 846 καὶ
3362 789 3508 862 ζωῆς
3566 790 3851 862 μέτοχον

2209 884 2530 956 ἐπουρανίου
2582 883 2802 954 ποιήσῃ.
2842 882 3057 952 ’Ὠσπερ
3106 880 3194 945 ἀν,
3233 882 3285 934 εἰ
3322 898 3405 945 τις
3445 881 3542 935 καὶ
3585 881 3696 934 τὸν
3743 883 3849 933 ία-

2208 975 2337 1048 τρὸν
2370 976 2482 1044 (70)
2511 973 2750 1044 αἰτιῷτο,
2783 973 2865 1027 ὅτι
2901 972 3230 1041 συγκύπτων
3256 972 3349 1025 ἐπὶ
3378 972 3446 1026 τὰ
3479 972 3672 1042 πάθη,
3716 973 3843 1043 τῆς

2207 1065 2471 1129 δυσωδίας
2512 1064 2882 1135 συναπολαύῃ,
2913 1064 3000 1117 ἵνα
3023 1065 3151 1129 τοὺς
3175 1064 3510 1129 πεπονθότας
3536 1064 3697 1136 (71),
3740 1065 3846 1117 ίά-

2211 1174 2392 1229 σηται.

2280 1269 2337 1323 6.
2369 1269 2468 1322 Διά
2500 1269 2560 1322 σὲ
2618 1269 2712 1323 καὶ
2751 1269 2849 1341 τὴν
2890 1267 3160 1346 ὦρανικαὶ
3181 1265 3278 1338 τὴν
3309 1264 3520 1338 ἡμέραν
3555 1265 3668 1337 τῆς
3691 1264 3840 1335 κρί-

2209 1377 2346 1425 σεως
2387 1362 2604 1430 ἀγνοεῖ’
2669 1360 2845 1414 καίτοι
2884 1359 3034 1412 οὐδὲν
3084 1358 3337 1417 λανθάνει
3376 1358 3475 1428 τὴν
3497 1355 3688 1418 ὅντως
3729 1373 3838 1407 σο-

2208 1451 2337 1522 φίαν
2355 1466 2371 1481 ⁶
2403 1450 2583 1505 πάντα
2600 1450 2707 1522 γὰρ
2727 1449 2793 1502 δι’
2820 1450 2992 1521 αὑτῆς
3018 1449 3251 1517 ἐγένετο.
3281 1447 3468 1511 Οὐδεὶς
3494 1445 3551 1499 δὲ
3591 1445 3704 1498 ἀνθ
3713 1445 3834 1516 ρώ-

2209 1561 2325 1597 πων
2357 1540 2575 1595 πώποτε
2604 1541 2632 1594 ὃ
2676 1543 2974 1612 πεποίηκεν
3013 1541 3215 1608 ἀγνοεῖ,
3260 1539 3421 1592 Ἀλλὰ
3455 1539 3621 1591 τοῦτο
3660 1542 3833 1590 οἰκο-

2207 1636 2364 1705 νομεῖ
2383 1635 2471 1688 διὰ
2498 1634 2596 1705 τὴν
2619 1634 2716 1705 σὴν
2755 1632 3057 1696 ἀσθένειαν,
3087 1633 3173 1685 ἵνα
3219 1632 3354 1703 μήτε
3388 1630 3465 1701 τῷ
3495 1631 3683 1702 στενῷ
3706 1631 3827 1699 τῆς

2210 1727 2549 1799 προθεσμίας
2594 1719 2643 1778 οἱ
2683 1726 3099 1796 ἁμαρτήσαντες
3118 1727 3185 1794 τῇ
3226 1721 3433 1795 ἀθυμίᾳ.
3475 1725 3826 1777 καταπέσυμ

526 1811 796 1869 rationem
845 1809 1211 1875 adducantur,
1242 1810 1403 1879 quasi
1443 1825 1553 1864 non
1590 1810 1841 1864 relictum
1880 1811 1952 1865 sit
1986 1826 2104 1880 pm-

2215 1837 2312 1881 σιν,
2336 1818 2410 1881 ὡς
2425 1818 2521 1887 οὑχ
2548 1815 3005 1887 ὑπολελειμμένου
3026 1813 3218 1886 καιροῦ
3239 1813 3550 1885 μετανοίαςο
3579 1814 3718 1886 μηδ’
3739 1811 3821 1867 αὖ

525 1906 769 1962 nitentia:
825 1912 1044 1975 tempus
1098 1923 1112 1960 :
1155 1920 1334 1974 neque
1386 1919 1583 1960 rursus
1614 1905 1673 1983 ⁸ἱί
1714 1905 1810 1974 qui
1849 1903 1944 1958 diu
1979 1919 2115 1958 cum.

527 1996 844 2051 adversaria
885 2002 1157 2064 potestate
1199 2002 1468 2067 pugnant,
1503 1996 1576 2049 ob
1598 1994 1864 2065 temporis
1892 1996 2107 2051 diutur-

527 2089 758 2143 nitatem
796 2089 969 2141 aciem
1006 2087 1286 2142 deserant.
1332 2086 1522 2156 Itaque
1566 2087 1808 2142 consulit
1859 2089 2113 2157 utrisque

523 2178 636 2251 85
689 2194 786 2250 per
835 2179 1233 2248 ignorationem
1274 2195 1440 2248 quam
1490 2194 1602 2249 pra:
1646 2194 1706 2233 se
1743 2178 1895 2243 fert;
1948 2178 2104 2233 atteri

526 2268 746 2341 quidem
769 2268 840 2322 ob
865 2269 1186 2339 praeclarum
1215 2281 1491 2324 certamen
1517 2278 1732 2339 tempus
1751 2269 2103 2336 contrahens,

527 2361 689 2416 alteri
746 2375 876 2416 vero
932 2369 1157 2431 propter
1204 2369 1429 2431 peccata
1488 2360 1823 2431 poenitentiae
1891 2368 2105 2430 tempus

525 2468 837 2511 reservans.
887 2452 1211 2523 Quanquam
1257 2469 1382 2507 cum
1428 2470 1486 2509 se
1523 2454 1642 2523 ipse
1691 2454 1747 2507 in
1796 2452 2104 2523 Evangeliis

525 2546 672 2601 inter
716 2560 812 2601 eos
853 2546 947 2616 qui
1005 2546 1281 2616 ignorant,
1331 2546 1402 2599 oh
1455 2546 1791 2608 multorum,
1837 2544 1916 2598 uti
1957 2545 2101 2609 dixi,

525 2638 924 2700 inﬁrmitatem,
958 2639 1267 2692 numeravit
1306 2638 1350 2669 ⁰⁶
1385 2654 1401 2703 ;
1447 2638 1504 2691 in
1532 2637 1687 2692 Actis
1725 2637 2100 2706 apostolorum

524 2733 675 2785 velut
724 2729 993 2800 perfectos
1036 2743 1287 2783 seorsum
1336 2728 1651 2797 alloquens,
1699 2744 1806 2782 non
1855 2729 1973 2782 sine
2018 2729 2105 2781 sui

526 2821 703 2889 ipsius
743 2821 1066 2889 exceptione
1124 2819 1259 2873 dicit
1311 2836 1326 2874 :
1373 2817 1497 2871 Non
1550 2829 1627 2872 est
1675 2829 1902 2871 uestrum
1953 2834 2105 2872 nosse

526 2923 761 2982 tempora
815 2912 894 2966 vel
943 2921 1228 2975 momenta,
1273 2926 1392 2982 quc
1448 2910 1614 2964 Pater
1663 2912 1839 2979 posuit
1895 2913 1953 2963 in
2004 2926 2105 2965 sua

521 3013 782 3072 potestate
822 3004 888 3059 ⁶¹.
921 3004 1100 3073 Atque
1143 3003 1261 3057 hare
1285 3002 1505 3072 quidem
1548 3002 1724 3072 prima
1753 3003 2104 3073 aggressione

524 3095 670 3151 dicta
718 3096 828 3150 sint
872 3094 1086 3150 rudius.
1145 3092 1253 3149 Sed
1285 3094 1399 3164 jam
1446 3095 1772 3165 inquirenda
1812 3095 2103 3150 sublimior
2128 3135 2171 3192 Ο

524 3186 659 3243 dicti
697 3187 1079 3257 intelligentia,
1125 3195 1180 3241 et
1212 3187 1499 3257 pulsanda:
1544 3187 1693 3242 fores
1735 3188 2004 3249 scientiae.
2054 3188 2101 3242 si

521 3293 636 3349 quo
684 3279 846 3334 modo
906 3279 1113 3349 possim
1161 3277 1613 3347 patremfamilias
1670 3281 1943 3345 excitare,
2004 3281 2100 3350 qui

525 3370 843 3439 spirituales
886 3385 1083 3439 panes.
1132 3368 1448 3439 petentibus
1499 3385 1559 3425 se
1615 3370 1888 3439 largitur;
1935 3385 2111 3440 quan-

524 3461 813 3532 doquidem
841 3462 1001 3515 amici
1030 3469 1160 3516 sunt
1192 3468 1247 3518 et
1273 3460 1474 3516 fratres
1507 3477 1648 3532 quos
1676 3462 1930 3517 convivio
1959 3463 2109 3518 exci-

524 3569 655 3624 pere
680 3554 956 3623 cupimus.

596 3664 648 3718 7.
709 3662 897 3719 Sancti
946 3663 1204 3735 discipuli
1258 3662 1560 3721 Salvatoris
1613 3664 1818 3730 nostri,
1870 3679 1992 3719 eum
2036 3665 2105 3720 ad

532 3771 806 3811 summum
888 3756 1410 3826 contemplationis,
1467 3764 1737 3826 quantum
1788 3755 2104 3810 hominibus

531 3848 616 3903 fas
659 3854 766 3911 est,
815 3848 1216 3917 pervenissent,
1269 3856 1324 3902 et
1359 3847 1567 3903 Christi
1613 3863 1867 3903 sermone
1906 3862 2100 3916 expur-

522 3939 635 4011 gati
699 3937 977 4002 fuissent,
1036 3940 1197 3994 linem
1257 3947 1548 4009 quaerunt.
1609 3949 1665 3994 et
1715 3938 2102 3994 beatitudinem

521 4035 826 4083 extremam
881 4042 1047 4081 nosse
1094 4029 1447 4095 desiderant;
1497 4029 1549 4082 id
1610 4029 1755 4098 quod
1802 4035 1857 4081 et
1906 4042 1936 4081 a
1989 4028 2105 4082 suis

525 4119 738 4187 angelis
776 4129 832 4172 et
865 4136 893 4172 a
924 4122 1108 4186 seipso
1133 4120 1375 4190 ignorari
1417 4120 1681 4175 Dominus
1710 4121 2099 4190 pronuntiavit,

523 4209 671 4262 diem
716 4211 995 4278 appellans
1026 4219 1339 4265 accuratam
1381 4227 1601 4266 omnem
1640 4228 1854 4278 eorum,
1889 4227 2010 4282 quae
2038 4211 2105 4266 de

525 4298 638 4355 Deo
669 4301 1004 4371 cogitantur,
1056 4303 1600 4371 comprehensionem
1650 4324 1663 4359 :
1715 4304 1902 4358 horam
1947 4319 2100 4369 vero,

594 4480 642 4512 ⁸⁸
673 4477 832 4533 Joan.
859 4495 897 4544 ι,
925 4479 978 4532 5.
1056 4481 1103 4511 °°
1131 4492 1299 4535 mare.
1333 4495 1453 4544 xm,
1486 4480 1574 4534 52.
1653 4480 1694 4512 ⁸⁸
1723 4481 1842 4532 Act.
1872 4496 1910 4544 ι,
1943 4480 1995 4534 7.

2210 1908 2370 1962 πάλιν
2385 1908 2433 1959 oi
2461 1906 2824 1977 πολεμοῦντες
2848 1906 3064 1980 μακράν
3094 1908 3159 1976 τῇ
3191 1906 3544 1978 ἀντικειμένῃ
3560 1905 3821 1975 δυνάμει

2205 2000 2292 2053 διὰ
2306 2000 2367 2053 τὸ
2389 2000 2562 2070 μῆκος
2580 1998 2673 2052 τοῦ
2707 1998 2905 2069 χρόνου
2919 1998 3441 2067 λειποτακτήσωσιν.
3461 1997 3819 2070 Ἐκατέρους
3854 2060 3855 2063 η

2204 2092 2382 2143 τοίνυν
2414 2090 2502 2143 διὰ
2526 2092 2625 2161 τῆς
2656 2090 3028 2162 προσποιητῆς
3070 2089 3180 2161 (72)
3220 2088 3442 2158 ἀγνοίας
3490 2090 3809 2161 οἱκονομείο
3848 2126 3856 2131 κ

2203 2182 2281 2253 τῷ
2304 2183 2402 2253 μὲν
2434 2182 2522 2235 διὰ
2576 2182 2667 2237 τὸν
2705 2182 2871 2235 καλὸν
2897 2180 3084 2250 ἀγῶνα
3113 2181 3423 2252 συντέμνων
3447 2179 3535 2234 τὸν
3578 2183 3810 2253 χρόνον,
3842 2241 3855 2250 ο

2203 2273 2282 2343 τῷ
2306 2273 2361 2326 δὲ
2380 2273 2467 2326 διὰ
2489 2272 2589 2336 τὰς
2612 2272 2888 2345 ἁμαρτίας
2917 2271 3108 2343 καιρὸν
3144 2270 3429 2342 μετανοίας
3456 2271 3810 2343 ταμιευόμε-

2206 2381 2312 2427 νος.
2332 2365 2526 2417 Καίτοι
2544 2366 2602 2417 ἐν
2621 2366 2734 2427 τοῖς
2758 2363 3110 2432 Εὑαγγελίοις
3137 2363 3325 2446 ὲαυῖρν
3343 2362 3811 2436 συγκαταριθμη-

2207 2473 2304 2519 σας
2322 2459 2432 2519 τοῖς
2457 2454 2714 2525 ἀγνοοῦσι
2734 2454 2820 2508 διὰ
2837 2454 2934 2527 τὴν
2957 2454 3066 2508 τῶν
3088 2453 3318 2517 πολλῶν,
3349 2453 3424 2517 ὡς
3441 2453 3599 2524 ἔφην,
3625 2452 3805 2507 ἀσθέ-

2204 2564 2354 2601 νειαν
2376 2565 2390 2580 ·
2439 2550 2497 2600 ἐν
2545 2549 2667 2610 ταῖς
2709 2545 2952 2618 Πράξεσι
2982 2545 3091 2599 τῶν
3127 2544 3436 2599 ἀποστόλων
3463 2545 3539 2609 ὡς
3563 2544 3804 2610 τελείοις

2204 2640 2325 2691 κατ’
2373 2638 2510 2692 ἰδίαν
2564 2638 2966 2708 διαλεγόμενος,
3023 2636 3147 2690 καθ’
3194 2634 3541 2708 ὑπεξαίρεσιν
3591 2635 3802 2689 ἑαυτοῦ

2206 2744 2371 2797 φησιν
2386 2745 2401 2758 ·
2423 2729 2547 2796 Οὐχ
2571 2726 2738 2794 ὑμῶν
2760 2727 2891 2780 ἐστι
2923 2725 3146 2795 γνῶναι
3171 2727 3431 2793 χρόνους
3455 2725 3493 2795 ἢ
3520 2725 3797 2795 καιροὺς,

2205 2819 2312 2885 οὓς
2338 2823 2370 2872 ὁ
2399 2818 2602 2887 Πατὴρ
2624 2818 2791 2873 ἔθετο
2820 2818 2889 2871 ἐν
2922 2816 2997 2886 τῇ
3024 2817 3145 2884 ἰδίᾳ
3173 2816 3447 2884 ἐξουσίᾳ.
3474 2818 3585 2871 Kal.
3612 2816 3819 2871 ταῦτα..

2209 2913 2305 2984 μὲν
2342 2912 2483 2966 κατά
2530 2911 2629 2982 τὴν
2675 2910 2948 2982 προτέραν
2991 2909 3248 2981 ἐπιϐολὴν
3277 2910 3517 2983 εἰρήσθω
3540 2910 3653 2980 (75)
3686 2927 3799 2963 πι-

2203 3003 2445 3074 χύτερον.
2480 3002 2620 3072 Ἤδη
2646 3001 2702 3054 δὲ
2735 3000 3046 3067 ἐξεταστέον
3065 3000 3394 3072 ὑψηλότερον
3421 3001 3518 3073 τὴν
3546 3002 3827 3057 διάνοιαν,

2203 3094 2297 3148 τοῦ
2328 3092 2515 3166 ῥητοῦ.
2553 3095 2645 3147 καὶ
2658 3093 2948 3167 κρουστέον
2979 3094 3081 3165 τὴν
3108 3093 3278 3167 θύραν
3305 3095 3405 3166 τῆς
3438 3096 3710 3164 γνώσεως,
3738 3095 3798 3147 εἴ

2209 3204 2326 3252 πως
2356 3188 2466 3259 (74)
2510 3187 2793 3259 δυνηθείην
2822 3187 3092 3258 ἐξεγεῖραι
3116 3186 3207 3240 τὸν
3252 3188 3656 3258 οἰκοδεσπότην,
3691 3187 3790 3239 τὸν

2207 3282 2333 3344 τοὺς
2370 3281 2773 3351 πνευματικοὺς
2824 3280 3022 3350 ἄρτους
3049 3278 3260 3332 διδόντα
3283 3281 3394 3343 τοῖς
3427 3278 3666 3332 αἰτοῦσιν
3685 3281 3791 3332 αὐ-

2208 3373 2318 3439 τὸν,
2372 3373 2562 3443 ἐπειδὴ
2622 3371 2767 3442 φίλοι
2793 3370 2889 3425 καὶ
2940 3369 3159 3440 ἀδελφοί
3205 3370 3366 3436 είσιν,
3411 3371 3505 3435 οὒς
3539 3372 3786 3424 ἑστιᾶσαι

2209 3464 2606 3536 σπουδάζομεν.

2247 3712 2253 3717 ,
2279 3662 2329 3717 7.
2349 3663 2410 3716 Οἱ
2438 3661 2585 3731 ἅγιοι
2627 3660 2867 3733 μαθηταὶ
2901 3657 2996 3715 τοῦ
3027 3660 3280 3737 Σωτῆρος
3329 3658 3487 3729 ἡμῶν
3531 3659 3781 3713 ἐπέκεινα
3808 3718 3815 3723 ,

2207 3754 2459 3826 θεωρίας,
2503 3755 2578 3818 ὡς
2640 3754 2719 3808 ἐνι
2772 3752 3102 3826 ἀνθρώποις,
3139 3753 3405 3815 ἐλθόντες,
3454 3752 3547 3805 καὶ
3574 3751 3779 3824 καθαρ-

2207 3846 2391 3909 θέντες
2412 3845 2519 3900 ἀπὸ
2556 3846 2650 3899 τοῦ
2679 3845 2838 3914 λόγου
2874 3844 3011 3918 (75),
3036 3847 3098 3899 τὸ
3129 3845 3281 3909 τέλος
3316 3842 3649 3914 ἐπιζητοῦσι,
3682 3845 3780 3899 καὶ

2204 3937 2301 4009 τὴν
2355 3938 2588 4009 ἐσχάτην
2631 3939 3013 4010 μακαριότητα
3050 3936 3252 4006 γνῶναι
3315 3933 3586 3998 ποθοῦσιν,
3634 3936 3774 4007 ὅπερ

2205 4030 2419 4097 ἀγνοεῖν
2442 4029 2536 4082 καὶ
2574 4030 2702 4092 τοὺς
2742 4028 3007 4098 ἀγγέλους
3037 4028 3200 4082 αὐτοῦ
3223 4028 3314 4081 καὶ
3337 4027 3497 4080 αὑτὸν
3522 4028 3549 4079 ό
3579 4025 3778 4097 Κύριος

2205 4121 2358 4192 ἡμῶν
2386 4121 2703 4190 ἀπεφήνατο
2724 4137 2737 4150 ·
2764 4121 2977 4192 ἡμέραν
3017 4119 3128 4191 (76)
3172 4120 3269 4191 μὲν
3291 4118 3465 4188 λέγων
3487 4119 3654 4171 πᾶσαν
3673 4119 3775 4188 τὴν

2204 4214 2406 4285 ἀκριϐῆ
2430 4214 2731 4284 κατάληψιν
2777 4212 2886 4267 τῶν
2933 4213 3185 4265 ἐπινοιῶν
3208 4213 3303 4265 τοῦ
3349 4210 3515 4265 Θεοῦ’
3554 4210 3689 4280 ὤραν
3715 4209 3774 4262 δέ

2202 4305 2301 4377 τὴν
2313 4305 2498 4368 ἐνάδος
2527 4306 2618 4358 καὶ
2648 4304 2882 4375 μονάδος
2915 4303 3172 4375 θεωρίαν,
3199 4296 3272 4356 ὧν
3294 4303 3394 4373 τὴν
3416 4301 3609 4373 εἴδησιν
3629 4300 3769 4372 μόνῳ
3797 4350 3801 4355 .

599 4657 709 4728 (69)
743 4659 1001 4728 Ἀλογος
1030 4656 1386 4729 ὢνᾲέτράερη
1426 4657 1544 4729 ὑπό
1591 4657 1697 4712 τοῦ
1745 4660 1962 4729 Λόγου.
2014 4658 2104 4713 Sic

2215 4666 2358 4719 nota,
2388 4671 2511 4726 qua:
2532 4656 2775 4729 nondum
2799 4656 3000 4729 steculo
3028 4662 3225 4726 quarto
3233 4652 3553 4729 prodierat,
3588 4658 3640 4704 ut
3671 4651 3764 4729 de-

524 4721 637 4784 duo
672 4721 805 4799 mss.
855 4721 1092 4782 codices.
1131 4721 1271 4799 Edi'ti
1304 4721 1463 4791 ἀλλος
1488 4727 1583 4799 θὼν
1622 4721 1851 4799 ἐτράφη⁷
1878 4729 1984 4782 ὑπὸ
2008 4730 2104 4782 τοῦ

2215 4721 2478 4799 monstrat
2532 4725 2913 4782 Tillemontius
2937 4721 3203 4780 adversus
3233 4721 3548 4786 Baronium,
3574 4729 3692 4776 tom.
3719 4721 3758 4785 Ι,

523 4798 915 4871 Λόγουηιλρείι
958 4798 1320 4871 Οριιιὺοίίεἰυε
1354 4802 1383 4871 ό
1425 4798 1596 4871 Λόγος
1752 4797 1961 4871 ἐτράφη
2003 4799 2109 4852 ὑπὸ

528 4866 871 4938 τοῦίάλόγου,
902 4885 964 4921 ac
989 4866 1216 4938 Regium
1244 4869 1487 4923 codicem
1516 4869 1595 4938 sic
1626 4866 1829 4923 habere
1854 4866 2104 4931 testatur,

533 4937 680 4991 unde
715 4940 990 4991 concludit
1027 4937 1107 4992 Sic
1146 4952 1268 4993 esse
1301 4937 1637 4992 reddendum
1675 4958 1688 4993 :
1734 4940 1839 5005 Qui
1884 4940 2109 4993 Verbum

526 5017 681 5069 esset,
716 5026 748 5062 a
788 5008 942 5061 bruta
974 5009 1205 5062 nutritus
1234 5011 1503 5062 animante
1532 5018 1630 5063 est.
1666 5007 1771 5064 Sed
1798 5009 1881 5062 vir
1901 5010 2110 5064 doctis-

528 5080 704 5150 simus
732 5079 946 5150 videtur
973 5079 1333 5148 negligentius
1358 5080 1573 5150 legisse.
1605 5078 1739 5132 Nam
1785 5080 1976 5134 eodem
2010 5094 2107 5132 co-

526 5148 647 5201 dice
681 5149 766 5202 usi
809 5165 1019 5207 sumus.
1065 5163 1166 5203 nec
1218 5162 1397 5203 tamen
1417 5148 1572 5203 hanc
1614 5150 1900 5203 lectionem
1948 5151 2001 5201 in
2032 5164 2099 5204 eo

528 5217 858 5273 invenimus.
878 5220 1246 5288 Conlirmatur
1278 5223 1576 5288 scriptura,
1608 5234 1770 5288 quam
1793 5219 2096 5287 sequimur,

527 5288 844 5358 testimonio
878 5287 1122 5355 Gregorii
1164 5287 1512 5352 Nazianzcni,
1539 5287 1641 5358 qui
1672 5297 1814 5343 orat.
1839 5289 1907 5343 ’58
1954 5288 2101 5343 Basi-

529 5355 587 5408 lii
625 5359 869 5445 vestigiis
1028 5358 1268 5445 loquitur:
1301 5377 1314 5412 :
1348 5358 1449 5442 Καὶ
1477 5355 1574 5445 τὴν
1600 5358 2098 5445 ’φάτνηνοπροσκέ-

528 5441 711 5495 νησον,
741 5427 807 5478 δι’
840 5427 905 5497 ἢν
935 5429 1126 5495 ἄλογος
1145 5427 1220 5481 ὢν
1253 5429 1494 5498 ἐτράφης
1521 5427 1740 5483 ὑπὸίτοῦ
1767 5427 1940 5496 Λόγου
1975 5447 1988 5479 :
2027 5427 2097 5480 Et

528 5508 758 5564 prwsepc
795 5502 982 5568 odora,
1034 5510 1243 5565 propter
1284 5500 1444 5568 quod,
1498 5516 1616 5551 cum
1650 5500 1875 5553 rationis
1914 5514 2099 5567 expers

529 5578 692 5629 esses,
734 5583 765 5618 a
799 5565 962 5638 Verbo
984 5570 1214 5621 nutritus
1244 5565 1319 5627 es.
1358 5586 1476 5638 pag.
1511 5570 1633 5623 625.
1668 5565 1988 5622 Combelisii
2018 5570 2101 5622 in-

533 5637 861 5709 terpretatio
895 5638 995 5709 hoc
1038 5639 1198 5709 etiam
1248 5637 1381 5693 vitio
1426 5637 1659 5704 laborat,
1711 5639 1854 5707 quod
1895 5639 2102 5692 nitatur

532 5707 740 5772 nugari
780 5707 1129 5775 opinione'de
1161 5708 1379 5764 Christo
1409 5710 1552 5764 inter
1580 5710 1771 5763 bovem
1804 5717 1855 5762 ct
1881 5709 2096 5763 asinum

2210 4815 2543 4935 p’tiiul'mr
2583 4866 2804 4935 iatpdr.
2832 4863 3032 4935 Eodem
3062 4863 3315 4935 exemplo
3344 4877 3407 4935 ac
3438 4860 3618 4935 iisdem
3644 4876 3759 4913 ver-

2213 4937 2299 4992 bis
2339 4929 2539 4992 refellit
2566 4929 2864 5004 Gregorius
2894 4929 3273 4989 Nazianzenus
3305 4933 3558 5004 inimicos
3586 4929 3755 4984 lncar—

2209 5008 2538 5089 nati_o_r|is__in
2562 5002 2810 5089 oratione
2839 5005 3003 5089 modo
3036 5002 3471 5089 citata,np..‘ti2l.

2281 5078 2394 5148 (71)
2430 5077 2830 5140 Πεπονθόττις.
2883 5076 2975 5129 Sic
3026 5090 3160 5129 mss.
3213 5069 3355 5126 Editi
3406 5069 3751 5134 πεπτωκότας.

2205 5144 2379 5222 Paulo
2414 5155 2536 5222 post
2544 5162 2639 5222 εἷς
2668 5147 2866 5222 iisdem
2891 5144 3172 5222 codicibus
3198 5144 3430 5222 legimus
3452 5140 3679 5196 λανθάνει
3702 5149 3760 5197 ει

2214 5216 2281 5269 δι’
2300 5214 2508 5287 αὐτῆς.
2543 5215 2683 5270 Editi
2715 5214 2968 5287 ἐλάνθανε
2998 5222 3053 5268 et
3077 5214 3366 5287 δι’-αὑτοῦ.

2273 5286 2384 5356 (72)
2418 5279 2856 5356 Προσποιητῇς.
2881 5285 2973 5356 _Sic
2996 5283 3294 5356 mgsJﬁditi
3314 5279 3746 5356 necas-commit;

2274 5352 2387 5428 (75)
2413 5355 2732 5428 Είρήσθωζ
2751 5353 2842 5408 Sic
2878 5354 3009 5428 Reg.
3051 5354 3191 5428 Editi
3220 5352 3477 5428 εἰρῆσθαι

2273 5423 2385 5491 (74)
2411 5423 2494 5478 Εἴ
2518 5443 2662 5489 πως.
2699 5423 2832 5492 Reg.
2866 5426 2918 5478 εῐ
2947 5423 3071 5488 που,
3109 5423 3258 5477 Harl.
3296 5425 3348 5476 εί
3382 5438 3479 5491 πη.

2278 5488 2389 5566 (75)
2434 5497 2573 5549 Ἀπό
2605 5488 2711 5566 τοῦ
2738 5488 2943 5563 λὸγου.
2981 5494 3228 5566 Respicit
3259 5493 3327 5547 ad
3359 5488 3556 5546 Christi
3585 5488 3743 5547 verba.

2206 5558 2482 5627 Joamxv,
2510 5568 2543 5621 5
2571 5585 2583 5622 :
2612 5564 2738 5618 Jam
2777 5558 2864 5618 vos
2896 5558 3234 5627 manifestis
3253 5572 3465 5631 propter
3492 5574 3743 5615 sermonem

2207 5637 2600 5709 quantumuis
2630 5635 2936 5709 sunt_uobis.
3041 5691 3082 5709 Α,

2280 5706 2391 5776 (76)
2435 5707 2706 5777 Ἣμέραν.
2744 5703 2834 5758 Sic
2865 5721 2997 5761 mss.
3040 5698 3187 5759 Editi'
3212 5703 3440 5775 ἡμέρας.
