3888 6214
61 265 156 321 257

1051 260 1550 326 EPISTOLARUM
1590 254 1872 325 (jussus
1907 270 2208 368 txreisr.
2255 272 2390 329 Vlll.

3245 279 3353 332 258

59 387 390 458 προσένειμε
421 377 525 458 ’τῷ
573 387 768 459 Πατρί.
821 387 1068 441 ’Υπονοῶ
1113 390 1312 454 τοίνυν,
1359 391 1440 444 ὅτι
1480 393 1650 444 ἐκεῖνο

1764 392 1992 448 unitatis
2050 408 2112 446 ac
2172 393 2424 448 monadis
2503 392 3056 462 contemplationem,
3112 409 3353 464 quarum

56 478 422 549 λέγεταιπερὶ
445 479 640 532 ἑαυτοῦ
664 479 860 532 εἰδέναι
879 482 906 533 6
927 480 1080 547 Θεὸς,
1103 481 1240 553 ὅπερ
1260 482 1406 534 ἐστί·
1435 484 1656 535 κάκεῖνο

58 573 131 641 μὴ
162 573 365 624 εἰδέναι
409 573 549 643 ὅπερ
604 574 703 626 οὐκ
741 571 876 626 ἐστι.
906 574 1264 645 Δικαιοσύνην
1295 576 1394 646 μὲν
1423 575 1533 648 γὰρ
1563 577 1655 630 καὶ

55 665 252 732 σοφίαν
295 664 515 732 λέγεται
561 665 758 718 εἰδέναι
807 667 835 718 6
877 666 1032 729 Θεὸς,
1060 667 1511 740 αὑτοδικαιοσύνη
1543 667 1653 738 (77)

55 760 147 809 καὶ
171 757 336 825 σοφία
362 757 627 828 ὑπάρχων
649 775 663 788 ο
690 757 902 811 ἀδικίαν
919 759 974 811 δὲ
1008 761 1104 812 καὶ
1127 761 1396 832 πονηρίαν
1417 761 1652 829 ἀγνοεῖν·

54 850 110 900 οὐ
129 850 242 918 γάρ
265 851 413 902 ἐστιν
453 850 637 902 ἀδικία
663 851 757 902 καὶ
788 852 1023 920 πονηρία
1053 854 1081 905 6
1110 853 1302 916 κτίσας
1327 855 1480 924 ἡμᾶς
1501 854 1652 918 Θεός.

54 940 113 992 Et
145 940 330 993 τοίνυν
369 943 546 994 ἐκεῖνο
587 941 805 1010 λέγεται
847 942 976 1012 περὶ
1009 943 1204 996 ἑαυτοῦ
1237 944 1436 997 εἰδέναι
1460 945 1488 996 ὁ
1523 943 1656 1007 Θεὸς

52 1032 185 1102 ὅπερ
236 1033 382 1095 ἐστὶ,
422 1033 644 1086 κάκεῖνο
675 1034 749 1105 μὴ
792 1033 992 1086 εἰδέναι
1015 1035 1153 1104 ὅπερ
1189 1036 1288 1088 οὐκ
1329 1035 1508 1088 ἔστιν·
1557 1036 1658 1089 οὐκ

7 1147 14 1162 ι
52 1124 250 1178 ἔστιδὲ
279 1129 310 1179 6
341 1126 546 1198 Κύριος
569 1126 728 1198 ἡμῶν
758 1126 900 1180 κατὰ
920 1127 1021 1198 τὴν
1060 1128 1158 1196 τῆς
1188 1129 1657 1200 ὲνανθρωπήσεως

52 1218 341 1278 ἐπίνοιαν,
379 1220 476 1272 καὶ
520 1219 838 1292 παχυτέραν
885 1219 1265 1284 διδασκαλίαν,
1313 1221 1375 1274 τὸ
1432 1221 1657 1292 ἔσχατον

50 1308 280 1380 ὀρεκτόν
303 1327 316 1337 ·
352 1310 454 1362 οὐκ
479 1310 590 1382 ἄρα
619 1305 762 1363 οἶδεν
793 1309 905 1377 (78)
935 1311 964 1363 6
999 1310 1193 1381 Σωτὴρ
1220 1310 1379 1382 ἡμῶν
1411 1310 1474 1364 τὸ
1505 1312 1657 1376 τέλος

51 1403 144 1454 καὶ
172 1401 278 1472 τὴν
311 1402 551 1474 ἐσχάτην
589 1403 986 1474 μακαριότητα.
1031 1403 1186 1458 Ἀλλ’
1225 1402 1367 1457 οὐδὲ
1399 1407 1453 1457 οἱ
1481 1403 1656 1474 ἄγγε-

49 1498 168 1556 λοι,
186 1495 380 1564 φησὶν,
405 1494 577 1549 ἴσασι
598 1509 613 1524 ’
651 1496 1087 1560 τουτέστιν,οὐδὲ
1109 1497 1142 1568 ἠ
1166 1497 1222 1548 ὲν
1252 1496 1438 1560 αὐτοῖς
1454 1495 1658 1570 θεωρία

47 1585 147 1635 καὶ
179 1586 230 1636 οἱ
260 1584 415 1652 λόγοι
471 1585 581 1638 τῶν
607 1585 893 1638 διακονιῶν
921 1587 1029 1639 είσι
1059 1584 1121 1638 τὸ
1152 1585 1379 1656 ἔσχατον
1404 1587 1652 1658 ὀρεκτόν..

0 1739 6 1758 ι
48 1676 265 1746 Παχεῖα
294 1676 409 1748 γάρ
437 1677 532 1729 καὶ
563 1675 772 1729 τούτων
805 1678 838 1748 ἡ
870 1676 1073 1745 γνῶσις
1108 1677 1394 1747 συγκρίσει
1420 1676 1516 1730 τοῦ
1543 1677 1656 1749 (79)

47 1767 349 1835 πρόσωπον
382 1765 520 1837 πρὸς
554 1767 865 1838 πρόσωπον.
885 1766 1062 1830 Μόνος
1090 1767 1146 1820 δὲ
1170 1770 1197 1820 6
1226 1769 1438 1840 Πατὴρ,
1470 1769 1656 1840 φησιν,

49 1856 384 1910 ἐπίσταται·
447 1858 572 1910 ἐπεὶ
639 1858 732 1912 καὶ
785 1859 946 1922 αὑτός
997 1859 1113 1912 ἐστι
1173 1859 1233 1912 τὸ
1280 1859 1463 1925 τέλος,
1498 1861 1658 1932 καὶὴ

51 1948 259 2019 ἐσχάτη
301 1949 668 2021 μακαριότης.
707 1951 875 2004 Ὅταν
909 1951 1020 2022 γὰρ
1057 1953 1255 2023 μηκέτι
1303 1952 1434 2007 Θεὸν
1462 1956 1519 2007 ἐν
1547 1957 1661 2017 τοῖς

50 2041 412 2112 κατόπτροις,
451 2041 586 2113 μηδὲ
609 2041 697 2095 διά
729 2041 837 2095 τῶν
861 2043 1158 2115 ἀλλοτρίων
1180 2044 1656 2117 ἐπιγινώσκωμεν,

50 2133 169 2186 ἀλλ’
197 2133 356 2204 αὐτῷ
387 2133 464 2198 ὡς
511 2134 660 2207 μόνῳ
690 2136 785 2188 καὶ
822 2137 902 2189 ἑνὶ
943 2135 1335 2209 προσέλθωμεν
1356 2155 1369 2167 °
1411 2139 1530 2192 τότε
1565 2140 1659 2194 καὶ

48 2226 111 2278 τὸ
140 2226 378 2296 ἔσχατον
441 2225 598 2290 τέλος
644 2227 925 2298 εἰσόμεθα.
958 2228 1196 2300 Χριστοῦ
1238 2228 1348 2300 γὰρ
1385 2229 1660 2300 βασιλείαν

55 2320 223 2386 φασιν
272 2315 412 2371 εῖναι
446 2320 630 2373 πᾶσαν
657 2321 756 2391 τὴν
800 2320 986 2374 ἕνυλον
1017 2321 1218 2391 γνῶσιν
1239 2342 1252 2354 ο
1297 2323 1391 2377 τοῦ
1427 2325 1484 2378 δὲ
1522 2324 1658 2378 Θεοῦ

52 2409 151 2462 καὶ
210 2408 433 2478 Πατρὸς
475 2409 577 2479 τὴν
607 2409 789 2468 ᾶῦλον,
816 2412 909 2464 καὶ
943 2412 1020 2474 ὼς
1059 2411 1126 2465 ἂν
1161 2413 1306 2466 εἴποι
1345 2431 1450 2478 τις,
1488 2415 1659 2486 αὐτῆς

52 2503 153 2570 τῆς
185 2502 450 2571 θεότητος
492 2501 748 2573 θεωρίαν.
785 2505 946 2556 Ἔστι
977 2503 1035 2556 δὲ
1073 2505 1168 2558 καὶ
1197 2507 1226 2558 6
1257 2505 1461 2576 Κύριος
1494 2505 1657 2576 ἡμῶν

49 2596 147 2647 καὶ
177 2593 348 2655 αὐτὸς
393 2593 454 2646 τὸ
484 2594 656 2659 τέλος,
697 2595 793 2648 καὶ
820 2597 854 2666 ἡ
883 2594 1086 2666 ἐσχάτη
1125 2597 1489 2668 μακαριότης,
1517 2600 1658 2654 κατὰ

51 2686 150 2755 τὴν
174 2684 276 2738 τοῦ
327 2685 504 2752 Λόγου
542 2685 807 2738 ἐπίνοιαν.
843 2687 908 2738 Τί
938 2686 1049 2758 γάρ
1083 2703 1246 2757 φησιν
1283 2688 1340 2740 ὲν
1368 2687 1446 2758 τῷ
1480 2689 1657 2758 Εὐαγ-

53 2778 257 2848 γελίῳ;
316 2777 494 2847 Κάγὼ
550 2776 882 2845 ἀναστήσω
937 2779 1127 2832 αὐτὸν
1178 2779 1249 2831 ἐν
1299 2777 1372 2848 τῇ
1425 2779 1656 2850 ἐσχάτῃ

55 2871 283 2940 ἡμέρᾳ·
336 2870 634 2922 ἀνάστασιν
687 2870 862 2939 λέγων
891 2871 990 2941 τὴν
1027 2872 1137 2924 ἀπὸ
1181 2871 1282 2942 τῆς
1315 2869 1501 2924 ἐνύλου
1525 2871 1658 2940 γνώ-

0 2947 2 2952 ’
57 2979 193 3025 σεως
241 2963 338 3014 ἐπὶ
370 2961 468 3032 τὴν
504 2962 666 3015 ἆῦλον
707 2961 940 3034 θεωρίαν
982 2962 1282 3033 μετάϐασιν
1314 2962 1448 3035 (80),
1488 2963 1653 3033 ἐσχά-

57 3069 155 3122 την
188 3053 246 3106 δὲ
284 3053 502 3124 ἡμέραν
557 3054 657 3125 τὴν
689 3053 891 3122 γνῶσιν
936 3052 1141 3125 ταύτην
1197 3053 1386 3118 εἰπὼν,
1434 3054 1552 3126 μεθ’
1587 3056 1653 3126 ἢν

45 3145 154 3198 ὀῦκ
179 3145 333 3197 ἐστιν
364 3144 548 3216 ἑτέρα.
596 3145 912 3217 Τηνικαῦτα
938 3145 1048 3218 γὰρ
1074 3149 1102 3199 6
1138 3146 1262 3210 νοῦς
1297 3145 1457 3218 ἡμῶν
1490 3147 1650 3214 ἐξαν-

62 3237 296 3298 ίπαται,
344 3235 442 3289 καὶ
491 3236 628 3308 πρὸς
665 3235 799 3307 ὕψος
833 3239 1103 3308 μακάριον
1136 3239 1482 3311 διεγείρεται,
1511 3239 1654 3311 ὁπη-

53 3332 176 3384 νίκα
214 3331 286 3384 ἂν
331 3331 588 3402 θεωρήσῃ
617 3330 716 3402 τὴν
760 3331 921 3384 ὲνάδα
963 3333 1058 3384 καὶ
1089 3332 1293 3402 μονάδα
1329 3331 1424 3386 τοῦ
1455 3333 1651 3401 Λόγου.

71 3422 205 3475 'AD.‘
232 3423 431 3493 ἐπειδὴ
463 3422 761 3492 παχυνθείς
781 3423 940 3494 ἡμῶν
959 3427 987 3476 6
1015 3425 1139 3488 νοῦς
1170 3425 1246 3496 τῷ
1267 3425 1352 3495 χοῒ
1374 3425 1652 3497 συνεδέθη,

59 3515 146 3566 καὶ
165 3514 248 3583 τῷ
285 3513 447 3585 πηλῷ
499 3513 868 3585 συμφύρεται,
913 3516 1010 3569 κα)⁸
1059 3515 1188 3588 ψιλῇ
1220 3520 1286 3588 τῇ
1317 3516 1520 3588 θεωρίᾳ
1561 3519 1650 3571 ὲν-

53 3604 324 3668 ατενίξειν
365 3604 640 3665 ἀδυνατεῖ,
671 3603 760 3657 διὰ
812 3605 921 3658 τῶν
959 3606 1236 3675 συγγενῶν
1266 3607 1361 3660 τοῦ
1403 3607 1654 3678 σώματος

57 3701 218 3753 αιτοῦ
281 3699 510 3769 κόσμων
567 3699 681 3770 (8l)
724 3699 1165 3771 ποδηγούμενοςο
1219 3699 1319 3764 τὰς
1373 3700 1655 3772 ἐνεργείας

53 3794 145 3845 τοῦ
196 3793 426 3844 κτίστου
471 3792 744 3856 κατανοεῖ,
785 3791 882 3844 καὶ
918 3791 1095 3844 ταῦτα
1131 3793 1194 3844 ὲκ
1238 3791 1348 3844 τῶν
1393 3790 1651 3844 ἀποτελε-

58 3886 284 3954 σμάτων
336 3883 479 3947 τέως
547 3881 926 3952 ἐπιγινώσκει,
969 3884 1038 3938 ἵν’
1086 3884 1230 3938 οὕτω
1284 3884 1429 3938 κατὰ
1457 3883 1654 3957 μικρὸν

55 3977 319 4048 αὐξηθεὶς
339 3974 537 4048 ἰσχύσῃ
579 3975 710 4028 ποτὲ
737 3977 831 4029 καὶ
854 3976 990 4048 αὐτῇ
1032 3979 1212 4048 γυμνῇ
1248 3975 1565 4048 προσελθεῖν
1585 3979 1652 4048 τῇ

57 4069 297 4137 θεότητι.
329 4067 493 4121 Κατὰ
520 4065 725 4140 ταύτην
745 4067 801 4120 δὲ
833 4063 988 4139 οἶμαι
1017 4068 1118 4140 τὴν
1134 4069 1379 4122 ἐπίνοιαν
1400 4067 1654 4140 εἰρῆσθαι

56 4164 149 4214 καὶ
198 4163 284 4224 τὸ,
333 4161 389 4214 Ὁ
429 4158 633 4228 Πατήρ
673 4179 796 4230 μου
834 4160 1050 4230 μείζων
1090 4179 1210 4230 μου
1239 4161 1404 4214 ἐστι·
1443 4162 1651 4228 καὶτὸ,

125 4316 392 4371 “'Marc.
420 4332 543 4380 xm,
567 4317 655 4372 52.
732 4319 778 4349 “
817 4317 951 4371 ibid.
1027 4317 1073 4349 “
1109 4317 1128 4371 1
1166 4316 1292 4372 Cor.
1347 4332 1468 4381 xm,
1515 4316 1606 4372 l2.

1759 486 2045 540 scientiam
2072 487 2174 540 soli
2201 485 2349 539 Patri
2380 487 2650 540 attribuit.
2687 484 2951 554 Suspicor
2983 487 3147 556 igitur
3180 485 3351 541 Deum

1758 577 1864 632 dici
1896 578 1949 632 id
1983 578 2128 647 quod
2159 587 2244 632 est
2273 577 2338 632 de
2371 579 2552 647 seipse
2583 578 2744 639 scire,
2780 585 2833 631 et
2862 577 2916 631 id
2951 578 3164 632 nescire
3195 577 3344 646 quod

1763 683 1874 721 non
1913 676 2017 721 est.
2067 666 2341 722 Justitiam
2376 667 2520 720 enim
2557 674 2610 720 et
2653 666 2978 734 sapientiam
3022 681 3186 720 nosse
3216 666 3355 720 dici-

1770 769 1862 813 tur
1891 759 2058 824 Deus,
2093 776 2217 813 cum
2252 761 2367 829 ipse
2402 759 2616 828 justitia
2648 767 2704 813 et
2753 759 3021 828 sapientia
3057 761 3127 812 sit
3160 777 3175 824 ;
3210 760 3356 829 inju-

1759 849 1965 903 stitiam
2009 865 2140 902 vero
2166 856 2219 903 et
2264 850 2525 902 malitiam
2568 849 2872 921 ignorare;
2922 866 3028 903 non
3071 852 3216 904 enim
3269 858 3355 904 est

1760 943 2030 1012 injustitia
2081 958 2260 1012 neque
2317 944 2544 1003 malitia,
2595 943 2690 1011 qui
2742 941 2990 996 condidit
3043 958 3145 997 nos
3187 941 3352 997 Deus.

1764 1035 1956 1105 Itaque
1987 1037 2034 1089 si
2061 1035 2266 1088 dicitur
2295 1035 2459 1096 Deus,
2492 1034 2545 1086 id
2573 1034 2718 1103 quod
2746 1042 2831 1088 est
2859 1034 2927 1088 de
2955 1035 3137 1104 seipse
3167 1050 3352 1102 nosse,

1761 1137 1927 1198 atque
1979 1128 2032 1181 id
2089 1127 2304 1181 nescire
2342 1126 2489 1196 quod
2535 1141 2644 1179 non
2700 1137 2826 1182 est:
2880 1141 2989 1180 non
3037 1136 3119 1180 est
3171 1136 3352 1180 autem

1759 1219 2026 1274 Dominus
2074 1227 2264 1273 noster
2303 1218 2608 1272 secundum
2657 1218 3054 1292 incarnationis
3100 1219 3357 1273 conside-

1760 1313 2070 1376 rationem,
2113 1322 2168 1366 et
2230 1311 2564 1366 crassiorem
2629 1310 2981 1374 doctrinam,
3043 1321 3354 1366 extremum

1761 1401 1897 1456 illud
1951 1402 2155 1456 bonum
2220 1401 2582 1456 desiderabile
2639 1419 2653 1454 :
2709 1416 2820 1454 non
2877 1400 3046 1471 igitur
3093 1400 3354 1468 cognovit

1762 1491 2016 1547 Salvator
2046 1502 2236 1548 noster
2279 1490 2441 1547 linem
2498 1498 2552 1547 et
2583 1499 2888 1547 extremam
2933 1491 3350 1548 beatitudinem.

1761 1583 1864 1638 Sed
1892 1601 2058 1654 neque
2096 1584 2292 1655 angeli,
2321 1584 2714 1654 inquit,sciunt
2746 1585 2812 1616 “'
2847 1603 2860 1640 :
2901 1585 3002 1641 hoc
3034 1593 3138 1652 est,
3175 1602 3354 1657 neque

1759 1678 2147 1747 contemplatio
2199 1693 2320 1748 qua:
2365 1678 2420 1730 in
2457 1677 2592 1747 ipsis
2622 1685 2728 1742 est,
2767 1693 2946 1748 neque
2977 1681 3223 1734 rationes
3251 1681 3355 1733 tui-

1761 1771 2114 1824 nisteriorum
2147 1779 2279 1824 sunt
2305 1777 2614 1824 extremum
2661 1767 2794 1821 illud
2827 1769 3028 1822 bonum
3069 1769 3352 1825 desidera-

1762 1861 1889 1914 bile.
1951 1859 2086 1912 Nam
2149 1859 2348 1915 borum
2405 1859 2570 1913 etiam
2631 1859 2864 1913 scientia
2917 1875 3104 1915 crassa
3152 1870 3255 1922 est,
3303 1858 3356 1914 si

1760 1964 2112 2022 comparetur
2160 1968 2284 2006 cum
2317 1967 2403 2015 ea,
2431 1968 2553 2022 qua:
2582 1960 2666 2006 est
2702 1952 2838 2004 l'acie
2879 1951 2945 2004 ad
2993 1953 3214 2006 faciem.
3251 1953 3354 2007 Eo-

1758 2044 1847 2099 lus
1900 2051 2083 2098 autem
2139 2042 2320 2110 Pater,
2375 2043 2575 2113 inquit,
2613 2045 2767 2097 novit
2797 2043 2882 2095 ⁶²ε
2917 2044 3120 2113 quippe
3151 2052 3204 2097 et
3233 2043 3354 2114 ipse

1759 2143 1845 2191 est
1893 2135 2063 2200 ﬁnis,
2109 2143 2165 2190 et
2207 2144 2454 2190 extrema
2506 2135 2808 2189 beatitudo.
2858 2134 2994 2189 Cum
3043 2135 3188 2188 enim
3241 2149 3354 2189 non

1760 2227 1994 2296 amplius
2026 2226 2197 2280 Deum
2232 2226 2285 2279 in
2311 2226 2573 2295 speculis,
2601 2241 2780 2296 neque
2813 2241 2908 2295 per
2939 2225 3119 2280 aliena
3142 2240 3353 2294 cogno-

1760 2335 1980 2374 scemus
2032 2319 2100 2382 ⁸³,
2157 2319 2251 2372 sed
2301 2319 2368 2372 ad
2417 2319 2595 2388 ipsum
2643 2319 2811 2372 veluti
2852 2319 3030 2372 solum
3082 2326 3138 2373 et
3182 2333 3351 2372 unum

1761 2413 2141 2479 accedemus;
2197 2420 2329 2465 tunc
2377 2420 2431 2466 et
2491 2421 2799 2466 extremum
2852 2411 3015 2466 ﬁnem
3080 2413 3343 2467 sciemus.

1758 2502 1892 2556 Nam
1915 2504 2122 2558 Christi
2149 2519 2377 2573 regnum
2401 2518 2524 2558 esse
2555 2503 2738 2559 ferunt
2763 2519 2982 2558 onmem
3013 2504 3353 2559 materialem

1759 2596 2126 2666 cognitionem
2155 2612 2171 2662 ;
2204 2594 2300 2650 Dei
2332 2611 2462 2650 vero
2489 2602 2544 2650 et
2569 2594 2770 2663 Patris,
2802 2595 3242 2663 immaterialem,
3275 2603 3350 2664 et,

1759 2694 1818 2740 ut
1849 2688 1922 2739 ita
1956 2686 2212 2749 dixerim,
2249 2686 2420 2755 ipsius
2451 2685 2758 2740 divinitatis
2792 2686 3336 2756 contemplationem.

1757 2778 1936 2848 Atque
1974 2779 2138 2832 etiam
2182 2777 2448 2832 Dominus
2497 2785 2687 2832 noster
2734 2786 2787 2832 et
2823 2778 2950 2847 «ipse
3000 2777 3124 2830 linis
3168 2786 3270 2841 est,
3297 2786 3353 2834 et

1757 2881 1999 2925 extrema
2045 2871 2328 2926 beatitudo
2382 2871 2688 2927 secundum
2749 2869 2912 2926 Verbi
2951 2870 3353 2926 consideratio-

1759 2979 1903 3016 nem.
1940 2963 2084 3027 Quid
2128 2964 2274 3018 enim
2308 2964 2385 3016 ait
2420 2963 2475 3017 in
2511 2961 2850 3033 Evangelia?
2886 2961 2953 3015 Et
2984 2979 3079 3032 ego
3121 2964 3352 3016 resuscio

1761 3055 1883 3108 tabo
1919 3073 2037 3109 eum
2082 3057 2138 3109 in
2185 3058 2471 3110 novissimo
2502 3055 2587 3110 die
2614 3056 2659 3087 ⁶⁴
2703 3075 2716 3110 :
2765 3057 3224 3109 resurrectionem
3268 3057 3353 3109 di-

1760 3164 1893 3203 cens
1922 3149 2216 3203 transitum
2251 3165 2280 3202 a
2317 3149 2588 3202 materiali
2636 3147 2949 3218 cognitione
2972 3147 3038 3202 ad
3070 3148 3354 3202 immorta-

1759 3240 1863 3294 lem
1890 3242 2448 3312 contemplationem;
2477 3241 2590 3312 86
2611 3240 2754 3294 diem
2784 3250 2964 3294 autem
2990 3239 3349 3295 novissimum

1761 3335 2046 3404 appellans
2095 3349 2216 3388 eam
2283 3334 2686 3402 cognitionem,
2733 3340 2858 3403 post
2901 3347 3067 3402 quam
3111 3347 3221 3385 non
3265 3340 3354 3386 cst

1762 3426 1892 3483 alia.
1923 3425 2078 3480 Tunc
2108 3426 2254 3480 enim
2291 3442 2446 3480 mens
2479 3434 2665 3480 nostra
2691 3425 2987 3489 excitatur,
3031 3431 3085 3478 et
3117 3425 3185 3478 ad
3216 3423 3348 3478 bea-

1755 3525 1866 3571 tam
1898 3518 2296 3572 sublimitatem
2342 3517 2597 3587 erigitur,
2631 3532 2755 3570 cum
2791 3514 2954 3570 Verbi
2991 3516 3256 3571 unitatem
3285 3533 3351 3572 ac

1757 3611 1992 3666 monada
2049 3610 2416 3682 contemplata
2473 3610 2659 3665 fuerit.
2726 3608 2833 3664 Sed
2883 3612 3138 3679 quoniam
3192 3623 3350 3664 mens

1755 3712 1950 3758 nostra
1995 3704 2241 3759 crassior
2280 3702 2472 3758 ell‘ecta
2523 3711 2684 3756 terrae
2734 3702 2938 3772 illigata
2983 3711 3089 3767 est,
3137 3707 3193 3755 et
3234 3701 3349 3755 luto

1761 3794 2121 3858 admiscetur,
2173 3804 2228 3849 et
2272 3794 2724 3862 contemplationi
2773 3791 2932 3846 nudae
2975 3793 3182 3845 intenta
3224 3804 3350 3846 esse

1762 3903 1873 3943 non
1905 3897 2087 3958 potest
2114 3905 2128 3954 ;
2162 3904 2260 3957 per
2299 3895 2566 3958 cognatas
2595 3886 2815 3956 corpori
2844 3885 3018 3955 ipsius
3048 3884 3350 3952 pulchritu-

1763 3979 1923 4036 dines
1955 3996 2123 4034 manu
2161 3980 2348 4043 ducta,
2386 3979 2690 4034 conditoris
2715 3977 3062 4048 operationes
3093 3975 3350 4030 conside-

1762 4080 1871 4136 rat,
1905 4087 2080 4141 eaque
2116 4072 2337 4126 interim
2388 4085 2458 4125 ex
2505 4069 2794 4125 effectibus
2837 4069 3147 4140 cognoscit,
3180 4075 3239 4122 ut
3271 4069 3348 4121 ita

1763 4163 2031 4235 paulatim
2077 4169 2264 4231 aucta,
2296 4161 2514 4233 possint
2554 4160 2847 4233 aliquando
2872 4162 2939 4216 ad
2969 4161 3142 4232 ipsam
3183 4161 3348 4216 etiam

1684 4317 1732 4350 “
1764 4317 1924 4373 Joan.
1979 4335 2054 4384 vi,
2108 4317 2197 4372 40.

127 4431 239 4504 (π)
274 4429 815 4504 Αὐτοδικαιοσύνη.
876 4429 969 4485 Sic
1010 4447 1142 4486 mss.
1196 4430 1336 4484 Male
1384 4430 1440 4484 in
1489 4429 1656 4489 editis
1691 4433 2022 4493 DAitenim
2077 4443 2212 4488 tom.
2258 4432 2327 4498 ll,
2380 4450 2434 4504 p.
2474 4434 2600 4498 520,
2634 4433 2856 4504 angelos
2888 4433 2942 4486 in
2972 4430 3213 4504 divinam
3263 4431 3347 4484 fa—

57 4503 122 4555 αὖ
130 4503 218 4563 τὸς
250 4503 349 4572 καί.
365 4500 699 4572 δικαιοσύνη
710 4545 722 4556 ,

126 4573 243 4639 (78)
279 4569 478 4626 Οἶδεν.
520 4571 612 4643 Sic
654 4568 778 4626 libri
817 4579 1031 4627 veteres
1063 4585 1164 4642 pro
1199 4568 1362 4635 εἶδεν,
1393 4579 1448 4626 ει
1485 4572 1650 4643 paulo

57 4654 178 4713 post
211 4646 364 4695 ἱσασι
396 4657 502 4713 pro
518 4642 710 4713 οἴδασι.

127 4713 242 4783 (79)
281 4710 599 4780 Συγλκρίσει
624 4712 752 4783 τοῦ,
781 4719 888 4766 etc.
917 4710 1062 4783 Tota
1083 4711 1199 4783 hate
1227 4711 1536 4780 explicandi
1569 4728 1652 4767 ra-

57 4781 145 4836 tio
171 4799 285 4838 non
317 4799 418 4838 sua
455 4792 649 4850 sponte
677 4782 936 4845 deducta,
972 4782 1066 4838 sed
1098 4781 1150 4834 vi
1186 4791 1465 4850 pertracta
1507 4784 1646 4837 mul-

57 4859 127 4907 tis
157 4853 456 4908 videbitur.
491 4853 596 4906 Sed
629 4853 761 4907 illud
809 4853 878 4907 ad
914 4853 1292 4908 excusandum
1347 4852 1644 4920 dillicilius,

57 4925 202 4993 quod
253 4925 334 4977 ait
394 4923 626 4977 Basilius
677 4924 995 4994 angelorum
1053 4922 1338 4994 scientiam
1378 4937 1646 4994 crassam

59 5013 197 5060 esse,
251 4997 300 5048 si
336 5003 685 5063 comparetur
730 4993 854 5048 cum
906 5009 969 5046 ea
1007 5008 1130 5062 qua:
1159 5001 1242 5047 est
1285 4993 1423 5047 facie
1462 4993 1529 5046 ad
1565 4993 1646 5046 fa-

58 5071 216 5120 ciem.
248 5063 482 5118 Videtur
523 5064 742 5119 subtilis
789 5064 1104 5132 explicatio,
1133 5078 1299 5133 quam
1331 5063 1420 5116 hic
1458 5065 1645 5133 sequi-

59 5146 163 5199 tur,
197 5137 593 5190 necessitatem
621 5135 670 5187 ei
698 5136 1030 5203 imposuisse
1071 5135 1144 5186 ita
1182 5135 1249 5186 de
1281 5134 1490 5200 angelis
1517 5150 1646 5188 sen-

34 5208 247 5264 ,tiendi.
289 5205 428 5258 Nam
458 5221 585 5259 cum
619 5206 763 5260 diem
795 5213 849 5259 et
878 5207 1066 5258 horam
1113 5204 1257 5257 idem
1285 5218 1405 5256 esse
1443 5213 1648 5259 statue-

62 5289 154 5337 ret.
191 5293 260 5330 ac
307 5285 613 5330 extremam
667 5276 1104 5338 beatitudinem;
1137 5273 1270 5326 illud
1326 5273 1644 5342 Scriptura;

62 5347 153 5398 Sed
177 5364 348 5416 neque
378 5346 557 5416 angeli
578 5346 774 5411 sciunt,
800 5345 1030 5416 cogebat
1048 5345 1155 5397 illis
1172 5344 1450 5416 visionem
1470 5345 1642 5416 illam,

37 5403 171 5494 ὀυτ
203 5403 271 5470 ﬁt:
315 5403 474 5470 facit;
495 5415 563 5468 ad
596 5403 811 5496 faciem,
861 5403 1171 5496 denegare;
1226 5416 1354 5496 quia
1401 5413 1544 5494 idem
1577 5403 1645 5495 de

64 5489 160 5541 illis
204 5504 318 5542 non
355 5494 576 5558 poterat
634 5485 740 5540 dici
784 5486 943 5558 aede
975 5485 1142 5558 Filio,
1190 5500 1286 5538 eos
1316 5485 1383 5537 de
1444 5485 1642 5558 δείρειν

63 5560 194 5612 scire
229 5561 285 5612 id
333 5553 484 5628 quod
522 5564 673 5620 sunt,
717 5557 929 5611 nescire
961 5556 1109 5628 quod
1145 5569 1254 5628 non
1303 5564 1450 5628 sunt.
1484 5553 1640 5620 Quod

65 5630 106 5682 si
135 5631 276 5682 hanc
300 5625 492 5684 hausit
524 5628 838 5696 opinionem
867 5643 930 5681 ex
963 5625 1213 5696 Origenis
1245 5625 1511 5696 t'ontibus,
1546 5629 1638 5694 qui

67 5703 301 5766 pluribus
354 5702 496 5755 locis
543 5695 666 5752 eam
715 5697 974 5764 insinuat,
1025 5695 1171 5752 certe
1219 5695 1330 5749 cito
1363 5695 1615 5765 deposuit

1759 4505 1900 4557 ciem
1934 4508 2280 4559 continenter
2311 4503 2552 4559 intentos
2590 4503 2780 4560 oculos
2819 4504 3036 4559 habere.
3078 4503 3218 4554 Idem
3249 4518 3347 4554 uo-

1759 4584 1842 4628 cet
1881 4575 1932 4628 in
1977 4575 2386 4629 Ceii'imentario
2428 4577 2482 4629 in
2528 4574 2730 4629 Isaiam
2775 4591 2827 4644 p.
2863 4573 2988 4637 515,
3022 4589 3078 4626 ιι.
3129 4570 3252 4634 185,
3290 4579 3346 4625 et

1759 4645 1814 4698 in
1849 4644 1986 4716 libro
2020 4645 2098 4698 De
2123 4645 2326 4716 Spiritu
2361 4657 2566 4716 sancto.
2607 4663 2726 4716 cap.
2757 4645 2841 4698 l6.

1832 4715 1945 4785 (80)
1977 4715 2338 4769 Μετάϐασιν.
2385 4715 2535 4770 Hauc
2570 4714 2753 4769 vocem
2813 4714 3065 4785 addimus
3092 4728 3156 4765 ex
3205 4728 3337 4785 mss.

1759 4782 1838 4924 Εήχ
1872 4782 2064 4841 iisdem
2109 4788 2344 4858 legimus
2377 4788 2592 4860 ἡμέραν
2625 4787 2680 4840 δὲ
2721 4789 2820 4857 τήν
2855 4800 2954 4853 pro
2993 4783 3091 4854 τὴν
3127 4783 3344 4853 ἡμέραν

1759 4871 1784 4906 τ
1826 4873 1875 4908 ν.

1754 4871 1875 4908 την.

1828 4925 1941 4997 (8l)
1987 4928 2264 4997 Κόσμων.
2311 4928 2404 4981 Ait
2451 4926 2815 4982 Combeﬂsius
2851 4943 2863 4979 :
2904 4923 3052 4997 Dura
3097 4923 3226 4997 inihi
3259 4922 3346 4976 hic

1755 4994 1861 5068 eoa;
1882 4994 1995 5068 {sit
2021 4994 2127 5065 pro'
2140 4999 2440 5068 στοιχείων,
2471 5014 2564 5064 per
2581 5007 2804 5066 cognata
2835 4995 3044 5068 corpori
3064 4994 3340 5068 elementa.

1758 5065 1865 5120 Sed
1904 5067 2004 5122 hac
2035 5069 2088 5121 in
2125 5084 2184 5122 re
2219 5065 2402 5122 minus
2437 5069 2570 5123 vidit
2603 5065 2689 5121 vir
2735 5065 3022 5128 eruditus;
3060 5081 3166 5116 non
3195 5065 3339 5116 enim

1758 5136 1902 5190 idem
1955 5147 2114 5192 sonat
2149 5139 2240 5191 illa
2291 5155 2393 5192 vox
2426 5155 2490 5193 ac
2539 5138 2741 5202 mundi,
2772 5136 2928 5206 quasi
2960 5137 3144 5204 plures
3191 5132 3342 5199 ejus-

1756 5209 1906 5261 modi
1949 5211 2182 5263 mundos
2214 5209 2468 5262 admittat
2505 5209 2770 5274 Basilius;
2803 5207 2896 5259 sed
2937 5208 3076 5258 idem
3115 5219 3344 5274 prorsus

1756 5291 1821 5329 ac
1853 5288 2106 5342 ornatus,
2142 5280 2255 5332 sive
2281 5287 2337 5331 tit
2364 5280 2440 5331 ait
2462 5279 2697 5332 Basilius
2726 5281 2780 5330 iii
2811 5277 2975 5344 epist.
2999 5276 3032 5328 6
3063 5295 3073 5327 :
3107 5275 3188 5325 Τὰ
3214 5274 3342 5343 περὶ

1755 5348 1858 5418 γῆν
1897 5349 2092 5418 κάλλη,
2139 5349 2559 5418 pulchritudines
2609 5365 2726 5418 qua:
2760 5359 2880 5400 sunt
2931 5362 3073 5418 circa
3095 5356 3337 5418 _tcrran_i.

1754 5414 1824 5470 lii
1845 5414 2252 5474 Commentario
2282 5421 2333 5472 in
2372 5418 2576 5472 Isaiam
2609 5414 2664 5472 ιί.
2694 5418 2783 5480 58,
2828 5433 2882 5486 p.
2916 5416 3042 5478 422,
3091 5414 3340 5468 Ecclesia

1753 5490 1958 5544 dicitur
1988 5491 2291 5560 πρέπουσιν
2318 5491 2484 5559 ἑαυτῇ
2514 5489 2739 5559 κόσμοις
2771 5485 3188 5560 κεκοσμημένη,
3219 5500 3344 5538 con-

1751 5557 2074 5614 venientibus
2124 5560 2228 5614 sibi
2270 5557 2594 5614 ornamentis
2622 5557 2924 5612 instructa.
2971 5557 3169 5612 Eadem
3201 5570 3341 5612 voce

1752 5633 1925 5685 utitur
1955 5630 2250 5702 Gregorius
2281 5631 2659 5686 Nazianzenus
2690 5629 2850 5702 epist.
2887 5627 3011 5684 107.
