3888 6214
531 166 639 224 259

1781 155 1852 214 ‘S.
1892 153 2138 212 BASlLll
2175 152 2391 211 MAGM

3695 145 3801 204 τοο

490 344 491 347 η
529 281 736 342 nudam
784 279 1126 336 divinitatem
1175 275 1460 335 accedere.
1499 274 1572 330 1n
1613 273 1876 332 «eamdem
1927 279 2109 327 autem

2234 276 2340 329 )im
2367 274 2540 328 ἐστιν
2570 269 2719 340 ἐμὸν
2748 266 2980 333 δοῦναι,
3014 265 3153 322 ἀλλ’
3185 257 3277 332 οἷς
3297 263 3656 335 ἡτοίμασται
3684 261 3795 316 ὑπὸ

477 389 491 429 ’ξ
533 375 775 431 arbitror
814 370 1142 428 sententiam
1180 368 1389 423 dictum
1439 367 1611 422 fuisse
1636 374 1705 422 et
1742 365 1873 420 illud
1909 380 1923 416 ε
1955 363 2121 417 Pater

488 452 491 455 l
533 466 712 537 major
740 481 823 519 me
851 472 927 518 est
958 463 1003 494 °'
1036 478 1050 518 :
1091 459 1225 515 illud
1248 460 1458 526 itidem,
1489 457 1611 512 Non
1646 468 1725 512 est
1754 473 1926 511 meum
1965 459 2116 518 dare,

534 561 626 617 sed
668 557 857 631 quibus
902 564 1151 623 paratum
1187 560 1268 607 est
1300 568 1333 605 a
1382 549 1544 605 Patre
1582 550 1648 604 “.
1681 548 1795 604 Hoc
1845 547 1990 604 enim
2034 555 2120 602 est

535 653 683 722 quod
723 658 778 706 et
818 648 1075 705 Christus
1120 660 1349 715 regnum
1388 642 1616 698 tradere
1667 642 1874 698 dicitur
1905 640 2018 696 Deo
2065 647 2120 696 et

535 741 686 799 Patri
718 741 805 808 ";
851 754 976 796 cum
1020 737 1297 808 primitite,
1345 750 1453 790 non
1505 734 1630 790 ﬁnis
1673 735 1766 797 sit,
1817 732 2119 789 secundum

534 834 850 896 rudiorem,
914 839 975 886 ut
1022 829 1167 894 dixi,
1220 828 1564 893 doctrinam,
1616 843 1737 897 qua:
1787 826 1960 881 nostri
2009 839 2120 880 non

535 919 718 996 ipsius
761 921 886 976 Filii
918 928 1173 991 respectu
1216 918 1564 989 intelligitur.
1610 916 1764 984 Quod
1793 925 1974 972 autem
2005 915 2122 971 haec

534 1014 612 1069 ita
639 1028 698 1071 se
724 1013 947 1078 habent,
994 1026 1188 1066 rursus
1238 1008 1529 1079 discipulis
1552 1009 1625 1080 Ι,ίιι
1655 1009 1811 1063 Actis
1840 1007 2121 1078 apostolo-

535 1120 658 1161 rum
736 1103 1248 1175 interrogantibus,
1305 1100 1533 1168 Quando
1595 1101 1837 1156 restitues
1901 1116 2119 1171 regnum

537 1197 734 1260 Israel,
764 1194 1081 1268 respondit,
1131 1192 1252 1247 Non
1290 1202 1366 1247 est
1408 1203 1638 1247 vestrum
1685 1207 1836 1245 nosse
1885 1199 2121 1259 tempora

534 1292 615 1348 uel
677 1298 963 1368 momenta,
1009 1303 1126 1359 qua:
1166 1286 1337 1342 Pater
1376 1287 1556 1354 posuit
1603 1287 1659 1340 in
1704 1285 1924 1356 propria
1971 1295 2119 1353 pote-

535 1392 676 1436 state
724 1382 789 1437 “.
835 1378 953 1435 Hoc
996 1386 1101 1445 est,
1154 1392 1267 1433 non
1321 1392 1513 1431 eorum
1563 1383 1671 1431 est.
1719 1375 1815 1445 qui
1864 1375 2017 1430 carni
2064 1386 2119 1432 et

535 1472 789 1545 sanguini
824 1470 1016 1542 illigati
1059 1476 1211 1534 sunt,
1261 1468 1389 1523 talis
1435 1466 1591 1538 regni
1639 1464 1902 1537 cognitio.
1928 1464 2120 1520 Posuit

534 1567 681 1622 enim
739 1566 907 1620 Pater
967 1561 1489 1632 contemplationem
1555 1559 1719 1614 istam
1779 1559 1836 1612 in
1894 1557 2119 1629 propria

533 1664 805 1730 potestate
849 1673 864 1710 :
904 1662 1227 1726 potestatem
1272 1653 1462 1708 dicens
1499 1666 1618 1717 eos,
1656 1651 1751 1722 qui
1797 1650 1903 1706 sub
1944 1651 2120 1721 ipsius
2149 1640 2194 1695 Β

534 1756 666 1805 sunt
714 1754 1035 1820 potestate;
1082 1743 1340 1817 proprios
1387 1759 1519 1800 vero
1564 1759 1684 1808 eos,
1741 1759 1884 1814 quos
1931 1759 2120 1799 rerum

533 1841 858 1898 inferiorum
902 1838 1175 1911 ignoratio
1216 1852 1327 1893 non
1372 1841 1544 1892 tenet.
1596 1834 1775 1889 Nolim
1822 1841 2008 1889 autem
2036 1834 2123 1887 in-

533 1937 749 2007 telligas
792 1944 1039 2006 tempora
1076 1940 1131 1988 et
1170 1938 1451 1987 momenta
1504 1928 1813 1994 sensibilia,
1847 1928 1942 1983 sed
1973 1942 2123 1998 quae-

533 2028 659 2084 dam
685 2026 1018 2098 cognitionis
1061 2022 1349 2079 intervalla
1378 2036 1410 2076 a
1441 2021 1558 2077 sole
1583 2019 1919 2091 intelligibili
1954 2018 2118 2074 facta.

534 2118 762 2190 Oportet
822 2118 969 2173 enim
1022 2116 1181 2172 istam
1246 2113 1464 2170 Domini
1513 2113 1692 2169 nostri
1746 2110 2120 2185 precationem

536 2213 605 2268 ad
650 2212 810 2267 linem
850 2209 1074 2282 perduci
1123 2224 1189 2263 ac
1235 2206 1477 2278 impleri.
1510 2204 1676 2262 Jesus
1705 2204 1853 2261 enim
1892 2210 1979 2260 est
2026 2203 2120 2274 qui

2220 366 2328 421 τοῦ
2351 366 2607 434 Πατρός.
2641 362 2811 417 Τοῦτο
2840 361 2951 434 γάρ
2978 363 3095 416 ἐστι
3131 362 3227 415 καὶ
3248 361 3310 415 τὸ
3350 357 3686 431 παραδοῦναι
3705 357 3799 427 τὴν

2222 457 2497 530 βασιλείαν
2521 456 2613 509 τὸν
2643 455 2878 528 Χριστὸν
2905 453 2985 526 τῷ
3013 452 3132 524 Θεῷ
3169 454 3266 507 καὶ
3304 450 3478 522 [πατρί
3499 466 3513 480 .
3548 446 3835 579 ἀπῖρχὴνῇ

2222 552 2346 579 ιη--
2376 551 2466 579 ..-ι
2517 549 2580 579 η’.
2634 548 2789 579 -n..-
2839 548 2980 579 ...ω-λ.
3008 547 3108 579 με...
3161 545 3474 579 “numam”
3539 543 3616 579 ,ειμ-
3677 558 3787 579 ..την

2219 552 2350 605 ὄντα
2376 551 2472 604 καὶ
2517 549 2580 603 ού
2634 548 2809 613 τέλος,
2839 548 2982 602 κατὰ
3008 547 3108 617 τὴν
3161 545 3495 618 παχυτέραν,
3539 543 3616 607 ὡς
3647 541 3859 610 {armi

2219 642 2592 708 διδασκαλίαν,
2621 643 2744 713 ἥτις
2772 641 2849 705 ὡς
2881 639 3019 713 πρὸς
3047 641 3219 712 ἡμᾶς,
3255 639 3349 693 καὶ
3387 638 3449 691 οὐ
3486 635 3622 706 πρὸς
3645 632 3812 687 αὐτὸν
3857 652 3859 680 :

2220 736 2311 789 τὸν
2345 734 2475 789 Υἰὸν
2496 735 2802 804 θεωρεῖται.
2840 733 2962 786 Ὅτι
2992 732 3050 785 δὲ
3087 730 3242 784 ταῦθ’
3274 728 3446 793 οὕτως
3476 727 3612 799 ἔχει,
3640 716 3835 804 πάλινί

2222 766 2311 789 ἰυν
2354 766 2474 789 ιιυν
2496 766 2802 804 νιωικνινυωι.
2867 766 2962 786 vn
2993 766 3050 785 υς
3097 766 3223 784 νυνιυυ
3274 766 3445 793 νει-ω,
3476 766 3612 799 ελεγι,
3648 766 3808 778 ην...

2222 829 2530 901 ἐρωτήσασι
2558 829 2673 889 τοῖς
2689 825 2957 897 μαθηταῖς
2998 826 3056 877 ὲν
3090 826 3211 883 ταῖς
3238 820 3477 894 Πράξεσι
3523 818 3631 873 τῶν
3665 766 3835 901 ἀποειί

2224 886 2425 973 στόλων
2453 919 2533 973 τόο
2586 886 2738 972 Ποτε
2779 886 3438 982 ἀαοκαθιστανεῖςίτὴν
3478 886 3841 1009 ,βασιλείανὶ

2220 1010 2303 1079 τῷ
2340 1010 2602 1081 Ἰσραὴλ,
2658 1009 2822 1081 φησίν
2842 1024 2856 1039 ο
2892 1009 3015 1077 Οὐχ
3063 1005 3235 1077 ’ἡμῶν
3263 1007 3399 1061 ἐστι
3426 1003 3649 1074 γνῶναι
3670 1003 3859 1071 χρόδίτ

2220 1124 2370 1171 γους
2391 1104 2429 1173 ἢ
2456 1102 2703 1173 καιροὺς
2733 1100 2845 1170 (82)
2866 1141 2882 1166 ,
2932 1101 3063 1169 οὓς,
3090 1102 3123 1153 ὁ
3175 1097 3382 1166 Πατὴρ
3426 1097 3593 1151 ἔθετο
3623 1095 3695 1148 ὲν
3732 1091 3823 1161 τῇ
3838 1096 3859 1147 l:

2221 1197 2342 1265 ἰδίᾳ
2371 1196 2645 1263 ἐξουσία.
2671 1193 2986 1255 Τουτέστιν,
3009 1192 3071 1245 οὐ
3091 1190 3200 1245 τῶν
3218 1189 3612 1259 συνδεδεμένων
3642 1187 3816 1258 σαρκὶ

2221 1197 2342 1265 ἰδίᾳ
2371 1196 2645 1263 ἐξουσία.
2671 1196 2986 1255 Τουτέστιν,
3009 1196 3071 1245 οὺ
3091 1196 3200 1245 τῶν
3218 1196 3612 1259 συνδεδεμένων
3642 1196 3816 1258 σαρκὶ
3840 1196 3859 1341 ῐ

2221 1293 2317 1345 καὶ
2334 1291 2529 1363 αἵματι
2559 1289 2660 1359 τῆς
2692 1287 2947 1359 τοιαύτης
2982 1284 3258 1357 βασιλείας
3281 1285 3314 1355 ἡ
3334 1282 3555 1352 γνῶσις.
3589 1280 3814 1351 Ταύτην
3858 1306 3859 1311 η

2220 1382 2330 1454 γάρ
2352 1381 2450 1453 τὴν
2480 1380 2712 1452 θεωρίαν
2745 1382 2774 1433 6
2794 1379 2986 1450 Πατὴρ
3014 1376 3307 1431 ἐναπέθετο
3330 1378 3396 1446 τῇ
3424 1375 3530 1445 ἰδίᾳ.
3549 1373 3775 1444 ἐξουσίᾳ
3796 1391 3809 1402 ’
3836 1370 3851 1483 Ι

2221 1474 2467 1542 ἐξουσίαν
2497 1474 2669 1543 λέγων
2691 1471 2819 1535 τοὺς
2858 1469 3364 1541 ὲξουσιαζομένους,
3406 1469 3569 1531 ἰδίους
3599 1467 3677 1531 δὲ,
3712 1465 3859 1571 οὒςς,

2226 1568 2302 1638 μὴ
2343 1565 2564 1636 κατέχει
2603 1564 2716 1635 (85)
2747 1565 2938 1629 ἄγνοια
2965 1562 3073 1616 τῶν
3099 1562 3402 1634 ’κατωτέρω
3441 1560 3811 1632 πραγμάτων.

2223 1656 2463 1730 Χρόνους
2486 1658 2544 1711 δὲ
2577 1657 2671 1711 καὶ
2698 1657 2925 1728 καιροὺς
2958 1657 3034 1727 μή
3062 1671 3160 1727 μοι
3192 1655 3303 1708 νόει
3327 1652 3639 1725 αἰσθητοὺς,
3670 1642 3851 1707 ἀλλὰΔ

2223 1748 2570 1820 διαστήματά
2584 1765 2703 1801 τινα
2723 1746 2978 1817 γνώσεως
3010 1746 3116 1800 ὑπὸ
3144 1746 3239 1800 τοῦ
3256 1745 3448 1817 νοητοῦ
3477 1744 3629 1817 ἡλίου
3661 1746 3817 1815 γινό-

2223 1859 2387 1913 μενα.
2406 1843 2498 1894 Δεῖ
2515 1840 2622 1914 γὰρ
2645 1839 2742 1911 τὴν
2765 1838 3072 1912 προσευχὴν
3090 1838 3307 1910 ἐκείνην
3329 1839 3423 1891 ἐπὶ
3438 1839 3610 1910 πέρας
3641 1838 3815 1909 ἀχθῆ-
3856 1850 3859 1881 1

2224 1933 2423 1989 ναιτοῦ
2450 1933 2721 1986 Δεσπότου
2758 1931 2935 2003 ἡμῶν.
2968 1931 3175 2003 Ἰησοῦς
3206 1932 3316 2003 γάρ
3331 1932 3479 1984 ἐστιν
3515 1932 3544 1984 6
3571 1947 3818 2002 προσευ-
3854 1968 3859 2003 γ

2226 2023 2497 2096 ξάμενος’
2564 2024 2674 2091 Δὸς
2709 1990 2937 2090 αὐτοῖς,
2986 1990 3088 2077 Ζοία
3141 1990 3240 2077 αἱαὶ
3267 1990 3441 2078 αὐτοὶ
3468 2024 3538 2078 ἐν
3569 1990 3718 2093 ἡμῖν
3744 1990 3859 2078 ἑνί

2220 2112 2357 2182 ὦσι,
2380 2114 2577 2183 καθὼς
2590 2116 2707 2187 ἐγὼ
2726 2117 2826 2170 καὶ
2859 2117 2943 2170 σὺ
2981 2116 3052 2170 ἓν
3081 2116 3290 2187 ἐσμεν,
3334 2116 3547 2185 Πάτερ.
3581 2112 3677 2181 Εἷς
3700 2118 3823 2187 γὰρ
3850 2112 3860 2203 ι

2223 2210 2299 2265 ὢν
2322 2212 2351 2262 6
2379 2209 2535 2274 Θεὸς,
2572 2211 2633 2262 ὲν
2674 2209 2891 2280 ἑκάστῳ
2934 2209 3240 2281 γινόμενος,
3269 2211 3381 2264 ἑνοῖ
3414 2211 3540 2274 τοὺς
3565 2210 3783 2273 πάντας
3803 2229 3820 2242 ο
3838 2242 3859 2279 ε

533 2310 797 2377 precatus
827 2309 914 2358 est
951 2319 965 2356 :
995 2301 1081 2355 Da
1101 2300 1202 2365 eis,
1230 2308 1288 2354 ut
1317 2309 1368 2353 et
1399 2298 1508 2368 ipsi
1533 2298 1590 2353 in
1624 2297 1774 2352 nobis
1806 2312 1969 2351 unum
1990 2296 2119 2360 sint,

2234 2304 2319 2358 mi.
2348 2303 2647 2358 ἀπόλλυται
2676 2305 2706 2356 6
2748 2303 2982 2375 ἀριθμὸς
3009 2306 3075 2376 τῇ
3104 2304 3206 2375 τῆς
3254 2302 3481 2375 μονάδος
3517 2302 3818 2375 ἐπιδημίᾳ.

533 2396 672 2452 sicut
702 2410 797 2466 ego
826 2402 878 2448 et
909 2404 989 2460 tu,
1022 2393 1210 2457 Pater,
1254 2407 1419 2446 unum
1464 2406 1651 2445 sumus
1689 2389 1755 2443 ”.
1785 2388 1933 2444 Deus
1973 2388 2120 2443 enim

2234 2394 2397 2465 Κάγὼ
2451 2395 2551 2466 μὲν
2592 2393 2768 2459 οὕτως
2803 2394 3069 2449 ἐπέϐαλον
3107 2395 3187 2468 τῷ
3216 2394 3366 2468 ρητῷ
3402 2394 3514 2468 (84)
3545 2396 3687 2449 κατά
3710 2395 3821 2466 τὴν

534 2502 661 2544 cum
702 2502 849 2544 unus
889 2486 983 2554 sit,
1028 2486 1078 2542 si
1123 2485 1180 2539 in
1221 2483 1454 2555 singulis
1490 2481 1680 2549 fuerit,
1723 2496 1918 2537 omnes
1949 2494 2120 2535 unum

2234 2484 2480 2558 Βευτέραν
2510 2484 2875 2557 ἐπιχείρησιν.
2906 2485 2970 2539 Εἰ
2998 2485 3056 2538 δέ
3077 2502 3163 2549 τις
3177 2485 3384 2557 βέλτιον
3405 2485 3573 2555 λέγοι,
3603 2486 3637 2558 ἢ
3667 2486 3822 2559 διορ-

534 2579 740 2647 elﬁcit;
772 2586 828 2633 et
853 2576 1417 2644 accedenteunitate,
1446 2572 1590 2645 perit
1625 2585 1912 2627 numerus.
1944 2570 2121 2639 Atque

2234 2577 2341 2650 30in
2364 2578 2423 2631 εὑ
2432 2577 2606 2642 σεὸῶς
2621 2577 2690 2631 τὰ
2715 2580 2748 2650 ἡ
2759 2579 2979 2651 μέτερα,
3007 2579 3100 2632 καὶ
3121 2577 3327 2648 λεγέτω
3340 2578 3433 2633 καὶ
3451 2577 3663 2650 διορθού
3672 2578 3818 2644 σθω,

535 2669 792 2741 equidem
833 2669 917 2724 sic
950 2682 1246 2739 aggressus
1292 2679 1415 2721 sum
1465 2665 1570 2718 hoc
1621 2662 1827 2717 dictum
1878 2661 2121 2717 secundo

2234 2670 2317 2722 καὶ
2372 2670 2402 2721 6
2443 2668 2649 2742 Κύριος
2697 2668 3068 2724 ἀνταποδώσει
3098 2669 3239 2739 ὑπὲρ
3271 2670 3451 2741 ἡμῶν.
3491 2668 3684 2733 Οὐδεὶς
3700 2670 3822 2742 γὰρ
3857 2661 3859 2711 l

531 2761 860 2817 tentamine.
891 2760 1051 2827 Quod
1098 2758 1145 2814 si
1180 2757 1307 2828 quis
1348 2755 1576 2811 meliora
1608 2755 1780 2819 dicat,
1809 2760 1905 2808 aut
1929 2760 2121 2808 nostra

2234 2761 2352 2834 παρ’
2407 2763 2539 2833 ἡμῖν
2592 2760 2868 2827 αὐλίζεται
2902 2760 3114 2830 φθόνος,
3155 2761 3243 2814 ὅτι
3298 2760 3434 2831 μηδὲ
3477 2760 3822 2829 φιλονεικίας
3858 2755 3859 2799 ξ

533 2855 626 2926 pie
652 2851 947 2919 emendet;
1003 2858 1059 2907 et
1111 2850 1280 2915 dicat,
1325 2856 1380 2905 et
1421 2847 1697 2913 emendet,
1749 2855 1804 2902 et
1846 2861 1971 2901 eum
2020 2861 2120 2917 pro

2234 2853 2407 2906 ἕνεκεν
2439 2852 2473 2924 ἢ
2505 2853 2811 2920 κενοδοξίας
2837 2852 2948 2924 (85)
2971 2853 3064 2905 ἐπὶ
3095 2853 3254 2924 τήνδε
3287 2852 3388 2923 τὴν
3420 2851 3671 2917 ἐξέτασιν
3701 2853 3822 2906 τῶν
3858 2896 3859 2926 γ

534 2945 698 3001 nobis
728 2942 1105 2999 remunerabit
1149 2939 1435 2996 Dominus.
1465 2937 1626 2993 Nulla
1654 2937 1799 2993 enim
1837 2936 1979 3009 apud
2016 2953 2119 2993 nos

2234 2920 2485 3015 ῥημάτων
2548 2920 2949 3014 κεχωρήκαμεν
2967 2955 2982 2969 θ
3020 2920 3440 3010 ἀλλ’-ὠφελείας
3475 2943 3661 2995 ἕνεκεν
3699 2942 3822 2995 τῶν
3858 2920 3859 2937 ἰ

535 3036 748 3092 habitat
777 3034 1006 3098 invidia,
1038 3042 1096 3088 ut
1120 3031 1216 3103 qui
1249 3046 1351 3088 nec
1372 3031 1767 3095 contentionis,
1794 3045 1897 3086 nec
1931 3030 2119 3084 inanis

2234 3035 2491 3106 ἀδελφῶν,
2545 3035 2688 3106 ὑπὲρ
2740 3034 2834 3088 τοῦ
2899 3034 2975 3106 μὴ
3020 3034 3214 3087 δοκεῖν·
3241 3032 3692 3106 παρακρούεσθαι
3744 3034 3859 3087 th‘

535 3128 727 3201 gloriae
766 3126 953 3183 studio
1004 3125 1073 3181 ad
1115 3125 1257 3180 hanc
1301 3125 1596 3180 verborum
1640 3122 2118 3194 investigationem

2234 3126 2526 3199 ὀστράκινα
2556 3125 2747 3197 σκεύη,
2785 3123 2856 3178 τὰ
2891 3124 2983 3178 τὸν
3018 3124 3290 3197 θησαυρὸν
3315 3124 3510 3196 ἔχοντα
3531 3125 3627 3179 τοῦ
3650 3125 3821 3189 Θεοῦ,

539 3219 946 3277 accesserimus
976 3235 991 3285 ;
1042 3217 1139 3274 sed
1174 3223 1402 3287 propter
1430 3215 1665 3270 fratrum
1694 3216 2013 3281 utilitatem,
2050 3230 2121 3270 ne

2234 3218 2333 3273 ὑπὸ
2363 3219 2472 3272 τῶν
2529 3216 2886 3289 λιθοκαρδίων
2938 3218 3033 3272 καὶ
3068 3218 3461 3290 ἀπεριτμήτων
3484 3216 3823 3289 ἀνθρώπων,

550 3320 795 3369 testacea
821 3323 953 3365 vasa
991 3309 1313 3365 thesaurum
1343 3306 1439 3363 Dei
1470 3307 1728 3364 habentia
1759 3308 1832 3362 ab
1877 3306 2119 3363 homini-

2234 3310 2334 3363 τῶν
2368 3310 2435 3362 ὲκ
2453 3307 2556 3378 τῆς
2576 3309 2766 3379 μωρᾶς
2792 3307 3152 3378 ὡπλισμένων
3178 3308 3394 3378 σοφίας.

537 3402 644 3459 bus
676 3417 843 3463 saxeo
887 3400 1054 3456 corde
1087 3399 1331 3470 praeditis
1392 3406 1448 3455 et
1487 3399 1917 3465 incircumcisis,
1990 3399 2089 3470 qui
2126 3414 2194 3456 ex
2234 3403 2402 3458 stulta
2456 3401 2725 3472 sapientia
2788 3403 2985 3455 armati
3055 3388 3227 3468 sunt,
3287 3401 3681 3457 circumveniri
3745 3402 3827 3453 vi-

532 3498 792 3554 deantur.

3854 2298 3860 2519 ι

612 3588 667 3643 8.
709 3586 926 3642 Rursus
973 3601 1070 3658 per
1115 3586 1422 3658 sapientem
1482 3583 1833 3642 Salomonem
1890 3585 1945 3640 in
1986 3584 2123 3640 Pro-

532 3679 741 3736 verbiis
782 3686 1002 3735 creatus
1032 3687 1137 3735 est.
1176 3679 1438 3734 Dominus
1484 3680 1646 3743 enim,
1681 3679 1882 3749 inquit,
1929 3680 2127 3733 creavit

537 3790 619 3829 me
643 3773 712 3828 7°.
747 3770 814 3826 Et
858 3773 1079 3827 initium
1112 3773 1330 3828 viarum
1378 3771 1819 3842 evangelicarum
1869 3774 2124 3827 nomina-

534 3872 647 3928 tur,
679 3877 803 3934 quaa
852 3877 956 3917 nos
1003 3860 1071 3915 ad
1113 3875 1344 3931 regnum
1392 3858 1666 3913 caelorum
1712 3859 1971 3922 ducunt;
2015 3872 2125 3911 non

544 3954 847 4010 secundum
893 3953 1192 4009 essentiam
1230 3959 1509 4012 creatura,
1545 3951 1640 4004 sed
1680 3950 1980 4005 secundum
2011 3950 2128 4003 dis-

535 4048 919 4119 pensationem
946 4046 1124 4100 factus
1157 4045 1267 4102 via.
1296 4043 1433 4098 Nam
1470 4044 1675 4114 factum
1706 4060 1839 4109 esse,
1885 4049 1941 4097 et
1974 4059 2123 4096 crea-

536 4145 650 4191 tum
675 4152 806 4203 esse,
842 4136 986 4190 idem
1013 4135 1344 4204 signiﬁcant.
1380 4132 1585 4190 Factus
1622 4144 1709 4190 est
1749 4136 1894 4188 enim
1927 4143 2120 4203 quate-

2299 3584 2353 3640 8.
2389 3585 2560 3639 Πάλιν
2591 3583 2680 3638 διὰ
2700 3583 2796 3637 τοῦ
2821 3583 2987 3654 σοφοῦ
3018 3584 3362 3659 Σολομῶντος
3391 3591 3449 3641 ὲν
3481 3589 3824 3662 Παροιμίαις

2226 3677 2489 3732 ἔκτισται.
2523 3678 2738 3745 Κῦριος
2786 3676 2917 3747 γὰρ,
2956 3678 3141 3749 φησὶν,
3175 3678 3490 3750 ἐκτισέμε.
3526 3682 3637 3734 Καὶ
3667 3684 3824 3757 ἀρχὴ

2226 3769 2362 3822 ὁδῶν
2383 3769 2754 3839 εὐαγγελικῶν
2779 3769 3129 3841 ὀνομάζεται,
3142 3771 3275 3840 ἀγου
3283 3772 3391 3825 σῶν
3404 3774 3550 3844 ἡμᾶς
3564 3776 3701 3847 πρὸς
3712 3777 3827 3849 τὴν

2232 3860 2508 3930 βασιλείαν
2530 3860 2639 3913 τῶν
2684 3862 2952 3933 οὐρανῶν,
2979 3862 3040 3915 ού
3081 3864 3201 3916 κατ’
3227 3863 3416 3917 οὐσίαν
3453 3865 3649 3930 κτίσις,
3676 3867 3829 3923 ἀλλά

2229 3951 2373 4003 κατὰ
2399 3951 2497 4021 τὴν
2524 3951 2834 4022 οἰκονομίαν
2875 3952 2995 4016 ὁδὸς
3030 3952 3289 4022 γεγονώς.
3331 3955 3405 4008 Τὸ
3432 3957 3540 4028 γὰρ
3573 3960 3827 4027 γεγονέ-

2228 4058 2351 4105 ναι,
2404 4043 2499 4094 καὶ
2550 4041 2612 4095 τὸ
2656 4042 2947 4107 ἐκτίσθαι,
2975 4046 3169 4097 ταυτὸν
3213 4045 3381 4116 δηλοῖ.
3433 4048 3520 4111 Ὠς
3559 4048 3669 4121 γὰρ
3696 4050 3829 4116 ὁδὸς

2226 4133 2439 4201 γέγονε,
2474 4134 2569 4186 καὶ
2592 4132 2753 4206 θύρα,
2790 4136 2884 4187 καὶ
2906 4136 3128 4207 ποιμὴν,
3148 4141 3241 4192 καὶ
3265 4139 3514 4208 ἄγγελος,
3553 4145 3645 4196 καὶ
3676 4148 3825 4216 πρό-

537 4245 646 4284 nus
681 4230 768 4283 via
797 4238 850 4282 et
875 4229 1043 4297 janua
1090 4239 1145 4283 et
1180 4237 1370 4298 pastor
1413 4237 1468 4283 et
1505 4229 1734 4283 nuntius
1778 4236 1833 4282 et
1874 4230 2013 4293 ovis,
2057 4242 2121 4282 ac

2234 4223 2426 4289 Satov,
2482 4230 2577 4279 καὶ
2627 4226 2791 4280 πάλιν
2841 4229 3137 4300 ἀρχιερεὺς
3189 4233 3285 4285 καὶ
3329 4234 3663 4300 ἀπόστολος·
3716 4240 3823 4293 ἄλο

537 4332 737 4372 rursns
802 4318 1048 4386 pontifex
1112 4325 1167 4372 et
1224 4319 1555 4387 apostolus;
1615 4318 1936 4373 nominibus
1996 4318 2122 4373 aliis

536 4423 638 4481 pro
664 4410 771 4463 alia
803 4409 1195 4464 considerandi
1224 4409 1439 4465 ratione
1467 4410 1688 4480 positis.
1727 4409 1941 4465 Rursus
1991 4411 2118 4480 quid

539 4502 687 4557 dicat
718 4502 1006 4556 haereticus
1045 4502 1155 4572 87
1202 4503 1272 4556 de
1304 4517 1413 4556 non
1459 4501 1709 4570 subjecto
1740 4501 1871 4565 Deo,
1913 4511 1967 4557 et
1997 4518 2123 4573 pro-

538 4602 661 4664 pter
706 4608 808 4648 nos
862 4593 1007 4647 facto
1056 4593 1320 4663 peccato?
1383 4592 1658 4663 Scriptum
1709 4609 1945 4664 namque
1984 4602 2118 4648 cst:

537 4683 673 4742 Cum
704 4684 941 4755 subjecta
985 4685 1185 4754 fuerint
1215 4684 1301 4738 illi
1336 4686 1536 4746 omnia,
1569 4695 1692 4740 tunc
1719 4694 1769 4739 et
1798 4688 1913 4755 ipse
1940 4684 2122 4738 Filius

537 4773 803 4841 subjectus
844 4774 946 4827 erit
986 4775 1055 4839 ei,
1109 4774 1202 4842 qui
1246 4772 1472 4842 subjecit
1519 4773 1622 4829 sibi
1667 4776 1848 4829 omnia
1891 4775 1960 4829 η.
2000 4773 2121 4829 Non

539 4863 720 4925 times,
753 4877 788 4917 o
820 4862 1003 4922 homo.
1037 4879 1163 4917 cum
1197 4862 1345 4920 Deus
1385 4880 1498 4919 non
1541 4865 1831 4935 subjectus
1875 4866 2118 4936 appella-

537 4954 661 5007 turl
702 4951 875 5008 Tuam
930 4956 1076 5010 enim
1128 4956 1565 5026 subjectionem,
1621 4973 1779 5013 suam
1841 4958 2012 5024 facit;
2064 4965 2120 5013 et

2227 4315 2335 4369 λων
2365 4316 2474 4388 (86)
2509 4318 2630 4370 κατ’
2652 4317 2820 4389 ἄλλην
2865 4320 3108 4375 ἐπίνοιαν
3152 4322 3260 4375 τῶν
3304 4324 3586 4397 ὀνομάτων
3620 4334 3825 4401 κειμέ-

2227 4426 2353 4462 νων.
2387 4410 2452 4461 Τί
2474 4408 2539 4462 ἂν
2571 4409 2717 4463 εἴποι
2757 4409 2919 4463 πάλιν
2958 4413 2986 4465 6
3014 4413 3292 4484 αἱρετικὺς
3326 4417 3455 4488 περὶ⁵
3491 4418 3586 4471 τοῦ
3614 4421 3829 4476 ἀνυπο·

2225 4501 2426 4555 τάκτου
2477 4500 2634 4565 Θεοῦ,
2679 4502 2773 4555 καί¹
2809 4502 2905 4555 τοῦ
2933 4503 3001 4556 δι’
3027 4507 3175 4575 ἡμᾶς
3211 4507 3484 4579 ἁμαρτίαν
3517 4516 3830 4584 γεγενημέ-

2226 4610 2354 4660 νου;
2417 4594 2731 4666 Γέγραπται
2787 4597 2925 4667 γάρ·
2983 4597 3168 4652 Ὅταν
3213 4603 3488 4673 ὑποταγῇ
3539 4607 3703 4671 αὐτῷ
3748 4610 3830 4663 τὰ

2226 4681 2443 4747 πάντα,
2472 4685 2608 4737 τότε
2664 4685 2763 4737 καὶ
2823 4686 3007 4752 αὐτὸς
3026 4690 3060 4741 ὁ
3099 4689 3231 4755 Υἱὸς
3264 4694 3708 4762 ὑποταγήσεται
3739 4698 3829 4764 τῷ

2223 4775 2593 4839 ὑποτάξαντι
2640 4776 2802 4843 αὐτῷ
2854 4780 2926 4833 τὰ
2966 4780 3182 4836 πάντα.
3220 4785 3294 4837 Οὐ
3338 4788 3500 4857 φοϐῇ,
3536 4789 3824 4855 ἄνθρωπε,

2222 4867 2475 4921 τδνοΘεὸν
2527 4869 2906 4924 ἀνυπότακτον
2940 4872 3347 4945 ὀνομαζόμενον
3375 4893 3390 4941 ;
3425 4879 3537 4950 Τὴν
3581 4881 3692 4954 γὰρ
3719 4886 3827 4956 σὴν

2222 4958 2501 5030 ὑποταγὴν
2527 4959 2662 5014 ἰδίαν
2691 4966 2946 5030 ποιεῖται,
2970 4968 3065 5020 καὶ
3084 4968 3141 5020 ὲν
3160 4967 3239 5038 τῷ
3260 4969 3578 5024 ἀντιτείνειν
3598 4990 3657 5025 σε
3681 4976 3828 5045 πρὸς

612 5104 657 5138 ⁸⁸
686 5105 1126 5191 ξρξλη..δι-νλ28.
1202 5109 1466 5191 “Ab-iani).
1508 5126 1601 5176 xx,
1647 5110 1733 5165 50.
1813 5110 1857 5142 ⁸⁷
1885 5112 1907 5166 ι
1936 5110 2063 5169 Cor.
2110 5131 2121 5169 1

2243 5112 2335 5168 24.
2415 5115 2461 5146 ⁶³
2488 5116 2611 5172 Act.
2650 5134 2689 5181 ι,
2727 5119 2783 5184 6,
2841 5120 2891 5176 7.
2970 5122 3014 5153 θ’
3046 5120 3206 5178 Joan.
3244 5141 3376 5191 xvn,
3403 5128 3494 5182 21.
3572 5129 3618 5160 τ’
3650 5128 3821 5188 Prov.
3858 5114 3859 5145 ξ

538 5189 660 5238 VIII,
697 5178 786 5232 22.
864 5179 907 5210 ‘”
940 5178 1107 5233 lCor.
1136 5197 1224 5243 xv,
1250 5178 1342 5235 28.

765 5299 838 5376 ξῌ
864 5300 1126 5376 καιρούς.
1146 5297 1264 5376 Δδίο
1291 5315 1426 5376 mss.
1456 5299 1606 5376 Editi
1628 5302 1734 5376 ⁸καὶ
1755 5301 2000 5376 καιρούς.

612 5366 724 5449 ἓξὲξ)
757 5368 874 5449 φένς
895 5370 986 5449 ei!
1004 5369 1276 5449 ,κατέιεί-
1319 5366 1550 5449 δίεεεέῖογ
1577 5373 1655 5443 μὴ
1685 5366 1918 5449 μτέκέι·

613 5435 727 5506 (84)
770 5435 1099 5494 Ἐπέϐαλον
1123 5435 1204 5506 τῷ
1219 5435 1402 5508 ῥητῷ.
1434 5435 1623 5495 Melior
1644 5435 1863 5498 ’νίιιειιίὶ-
1892 5445 2005 5498 haec
2029 5459 2121 5499 ve-

541 5510 719 5583 terum
741 5509 993 5564 codicum
1016 5511 1288 5580 scriptura
1320 5526 1484 5581 quam
1514 5515 1732 5583 vulgata
1759 5513 2030 5568 ἀπέλαϐον
2060 5515 2123 5569 τὸ

544 5575 729 5647 ῥητόν.

2257 5323 2260 5327 ‘
2303 5305 2414 5378 (85)
2442 5307 2823 5383 Κενρδοξίας.
2846 5309 2945 5383 εἰς
2971 5326 3103 5366 mss.
3136 5310 3272 5366 Editi
3300 5313 3619 5383 φιλοδοξίας.
3646 5314 3825 5374 Paulo

2233 5376 2515 5452 postrinl.
2550 5376 2683 5448 Reg.
2730 5381 2805 5452 μὴ
2838 5381 3014 5434 δοκεῖν
3048 5376 3495 5452 περικρούέσθαι.

2305 5448 2414 5514 (86)
2451 5448 2891 5505 Ἀλλωνξιιίίὶιὶ
2925 5448 3135 5506 addunt
3174 5448 3253 5512 δέ.
3286 5459 3380 5511 sed
3409 5461 3562 5512 deest
3588 5459 3641 5512 in
3676 5473 3820 5514 mss.

2232 5514 2550 5640 Ξᾷιέιῇἓρῧι
2573 5519 2820 5591 ἁμαρτία
2840 5522 3208 5593 γεγενημένου
3238 5527 3291 5581 in
3309 5526 3435 5581 cod.
3460 5525 3620 5599 Βυκά
3643 5529 3829 5603 ἁμαρο

2232 5602 2353 5649 τιας
2382 5602 2526 5640 nari.
