3888 6214
89 261 191 317 261

1090 252 1583 312 EPISTOLARUM
1621 248 1912 310 σωθεὶς.
1940 250 1989 306 ·Ι.
2029 248 2251 305 EPIST.
2282 246 2420 307 Vlll.

3260 242 3371 301 969

91 374 193 444 τὴν
246 368 485 442 ἀρετὴ-θ,
532 368 909 425 ἀνυπότακτον
952 370 1158 425 ἑαυτὸν
1199 370 1475 442 ὀνομάζει.
1539 370 1695 425 Οὕτω

1804 370 1943 441 quod
1968 377 2025 424 tu
2055 370 2348 426 reluctaris
2379 367 2643 422 adversus
2670 365 2952 431 virtutem,
2982 365 3225 437 seipsum
3260 382 3374 422 non

92 465 226 519 ποτὲ
254 465 354 518 καὶ
405 464 598 517 ἑαυτὸν
654 463 758 536 ἔφη
793 457 930 516 εἶναι
972 463 1065 518 τὸν
1112 464 1461 536 διωκόμενον.
1494 465 1692 520 Σαῦλε

89 555 228 627 γὰρ,
270 555 438 625 φησὶ,
473 554 676 608 Σαῦλε
699 595 715 619 ,
755 553 813 605 τί
841 569 919 622 με
965 552 1231 621 διώκεις;
1270 554 1434 625 ἡνίκα
1469 553 1563 631 ὲοπὶ
1589 556 1692 607 Δα-

94 645 314 716 μασκὸν
346 645 535 716 ἔτρεχε
571 644 707 715 (87),
744 645 869 708 τοὺς
896 643 1145 714 μαθητὰς
1177 645 1271 698 τοῦ
1302 644 1541 718 Χριστοῦ
1570 663 1697 700 συν⁴

88 739 261 808 δῆσαι
300 738 646 809 βουλόμενος.
684 739 798 791 Καὶ
823 737 988 791 πάλιν
1020 738 1222 792 ἑαυτὸν
1252 739 1458 810 γυμνὸν
1492 739 1693 811 ὀνομά-

92 830 201 896 ζει,
220 831 343 893 ἑνός
366 847 513 891 τινος
540 828 648 882 τῶν
671 828 917 898 ἀδελφῶν
945 829 1403 901 γυμνητεύοντος.
1453 832 1693 900 Γυμνὸς

89 924 232 992 γὰρ,
265 923 458 994 φησὶν,
482 921 666 991 ἤμην,
703 922 802 975 καὶ
835 921 1217 990 περιεϐάλετέ
1255 940 1355 992 με.
1399 924 1510 976 Καὶ
1530 923 1691 978 ἄλλου

89 1018 152 1069 ὲν
180 1016 403 1087 φυλακῇ
425 1015 599 1079 ὄντος,
628 1016 822 1069 ἑαυτὸν
851 1014 957 1084 ἔφη
981 1011 1120 1069 εἶναι
1159 1016 1250 1069 τὸν
1273 1015 1689 1088 καθειργμένον.

87 1108 274 1173 Αὐτὸς
299 1109 411 1181 γὰρ
444 1110 543 1173 τὰς
590 1107 864 1179 ἁμαρτίας
885 1107 1044 1179 ἡμῶν
1087 1104 1214 1181 ἦρε,
1251 1108 1345 1162 καὶ
1376 1110 1475 1174 τὰς
1503 1110 1694 1174 νόσους

88 1201 395 1255 ἐϐάστασε.
444 1201 560 1255 Μία
590 1201 648 1254 δὲ
694 1200 803 1254 τῶν
832 1198 1130 1255 ἀσθενειῶν
1154 1202 1273 1254 ἐστι
1299 1202 1394 1255 καὶ
1431 1204 1465 1274 ἡ
1488 1203 1693 1256 ἀνυπο-

86 1291 294 1356 ταξίαο
348 1295 446 1347 καὶ
500 1294 707 1365 ταύτην
757 1294 1049 1348 ἐϐάστασε.
1096 1295 1188 1348 Διὸ
1220 1296 1315 1349 καὶ
1360 1294 1430 1348 τὰ
1461 1294 1694 1366 συμϐαί-

87 1402 260 1438 νοντα
290 1386 424 1456 ἡμῖν
452 1385 816 1457 περιστατικὰ
841 1386 1180 1440 ίδιοποιεῖται
1207 1389 1235 1441 ὁ
1258 1386 1481 1457 Κύριος,
1501 1388 1566 1439 ὲκ
1594 1388 1694 1458 τῆς

90 1478 232 1549 πρὸς
288 1479 439 1548 ἡμᾶς
489 1479 776 1543 κοινωνίας
831 1478 900 1533 τὰ
935 1479 1183 1552 ἡμέτερα
1230 1480 1387 1552 ’πάθη
1444 1481 1695 1553 ἀναδεχό-

1794 462 2105 532 subjectum
2140 461 2409 516 nominat.
2449 459 2524 512 Ita
2569 457 2867 530 aliquando
2892 468 2948 515 et
2973 459 3213 530 seipsum
3242 458 3376 515 dicit

1793 569 1920 610 esse
1968 552 2340 625 persecutioni
2392 551 2710 606 obnoxium.
2760 549 2852 605 Ait
2904 552 3049 607 enim
3102 571 3115 606 :
3172 549 3376 617 Saule,

1794 646 1978 708 Saule,
2013 647 2140 718 quid
2184 664 2265 701 me
2298 648 2625 717 persequeris
2672 646 2763 700 πῖ
2813 661 2937 700 cum
2984 644 3238 699 videlicet
3268 643 3377 699 Da-

1794 753 2039 793 mascum
2099 745 2369 803 curreret,
2427 737 2633 793 Christi
2682 738 2987 807 discipulos
3026 736 3232 791 vincire
3278 751 3378 791 v0-

1793 827 1932 881 lens.
1983 827 2048 883 Et
2096 844 2292 883 rursus
2343 829 2587 898 seipsum
2642 831 2849 882 nudum
2898 834 3089 891 vocat,
3128 829 3377 906 si'unus

1794 920 1997 989 aliquis
2033 936 2100 975 ex
2131 920 2396 974 fratribus
2438 920 2619 974 nudus
2646 920 2934 975 exstiterit.
2975 918 3169 974 Nudus
3214 920 3376 988 enim,

1794 1011 1991 1081 inquit,
2015 1028 2183 1073 eram,
2203 1021 2253 1066 et
2285 1013 2628 1081 cooperuistis
2661 1029 2739 1065 me
2768 1012 2835 1068 ⁷³.
2872 1011 3026 1074 Item,
3065 1027 3189 1066 cum
3232 1012 3380 1068 alius

1795 1101 1849 1156 in
1876 1118 2101 1158 carcere
2129 1110 2403 1168 versatur,
2458 1104 2700 1173 seipsum
2745 1103 3025 1157 inclusum
3068 1118 3192 1159 esse
3225 1104 3380 1160 dicit.

1793 1192 1915 1263 Ipse
1942 1196 2086 1248 enim
2115 1205 2340 1263 peccata
2377 1206 2563 1249 nostra
2592 1196 2735 1257 tulit,
2766 1204 2821 1249 et
2851 1197 3072 1250 morbos
3110 1197 3377 1265 portavit.

1796 1283 1916 1338 Una
1947 1294 2129 1339 autem
2158 1301 2227 1339 ex
2261 1286 2675 1340 infirmitatibus
2711 1293 2795 1340 est
2828 1286 2973 1354 quod
3000 1286 3232 1352 subjecti
3266 1301 3380 1341 non

1795 1376 1970 1432 simus
2004 1394 2019 1442 ;
2050 1387 2103 1431 et
2127 1377 2268 1432 hanc
2294 1379 2552 1448 portavit.
2593 1378 2938 1447 Quapropter
2976 1385 3032 1432 et
3062 1393 3151 1432 res
3187 1377 3384 1433 adver-

1793 1482 1907 1530 sas,
1937 1483 2059 1536 quae
2094 1470 2254 1525 nobis
2277 1471 2560 1534 accidunt,
2595 1471 2846 1540 proprias
2873 1485 3004 1525 suas
3039 1470 3169 1525 facit
3195 1470 3384 1527 Domi-

1794 1574 1941 1614 nus:
1994 1563 2065 1613 ob
2112 1576 2231 1615 eam
2282 1578 2448 1631 quam
2499 1564 2785 1618 nobiscum
2834 1563 2999 1618 habet
3038 1565 3384 1635 societatem,

1797 1652 2177 1720 perpessiones
2212 1663 2433 1710 nostras
2476 1656 2808 1725 suscipiens.

164 1747 222 1803 9.
266 1747 430 1801 Ἀλλά
462 1749 557 1802 καὶ
594 1748 676 1812 τὸ,
709 1750 793 1802 Οὐ
835 1747 1087 1802 δύναται
1116 1749 1154 1801 ὀ
1196 1748 1329 1813 Υἱὸς
1364 1747 1558 1802 ποιεῖν
1589 1747 1689 1816 ἀφ’

1862 1743 1916 1798 9.
1961 1743 2065 1799 Sed
2123 1752 2177 1799 et
2236 1746 2370 1800 illud
2406 1786 2423 1807 ,
2486 1745 2609 1801 Non
2641 1757 2808 1817 potest
2840 1746 3020 1802 Filius
3065 1747 3240 1818 facere
3266 1765 3300 1801 a
3329 1761 3386 1802 se

88 1838 325 1893 ἑαυτοῦ
352 1838 556 1899 οὐδὲν,
597 1837 965 1908 λαμϐάνουσιν
1004 1839 1054 1891 οί
1097 1837 1356 1909 θεομάχοι
1386 1839 1478 1891 ἐπὶ
1523 1855 1693 1891 κατα-

76 1933 316 2001 -στροφῇ
352 1929 460 1982 τῶν
482 1929 806 1983 ἀκουόντων.
846 1929 1001 2000 Ἐμοὶ
1032 1928 1089 1982 δὲ
1128 1930 1223 1983 καὶ
1249 1928 1408 1983 τοῦτο
1432 1929 1494 1982 τὸ
1528 1929 1691 2001 ῥητὸν

98 2023 346 2094 μάλιστα
369 2020 728 2090 καταγγέλλει
751 2023 851 2093 τῆς
875 2021 1045 2092 αὐτῆς
1069 2021 1285 2091 φύσεως
1301 2017 1439 2075 εἶναι
1463 2021 1554 2074 τὸν
1567 2022 1693 2075 Υἱὸν

92 2114 179 2185 τῷ
213 2112 417 2184 Πατρί.
448 2112 510 2164 Et
547 2111 659 2183 γάρ
699 2111 928 2185 ἕκαστον
956 2112 1066 2165 τῶν
1110 2110 1345 2180 λογικῶν
1378 2111 1693 2181 κτισμάτων

93 2203 331 2258 δύναταί
371 2220 424 2256 τι
471 2206 643 2255 ποιεῖν
672 2201 767 2271 ἀφ’
795 2201 1011 2267 ἑαυτοῦ,
1048 2203 1395 2270 αὐτεξούσιον
1433 2202 1553 2273 ἔχον
1581 2202 1691 2273 (88)

94 2299 203 2368 τὴν
238 2298 336 2350 ἐπὶ
372 2296 435 2349 τὸ
467 2296 647 2368 χεῖρόν
688 2313 749 2349 τε
773 2298 866 2350 καὶ
907 2299 1154 2369 κρεῖττον
1188 2297 1395 2368 ῥοπὴν,
1427 2298 1456 2350 ό
1477 2296 1532 2349 δὲ
1569 2296 1694 2360 Yth

70 2390 162 2443 '06
198 2389 427 2443 δύναταί
458 2406 513 2441 τι
548 2391 726 2442 ποιεῖν
768 2389 860 2457 ἀφ’
884 2389 1087 2443 ’ἑαυτοῦ
1110 2406 1125 2419 ·
1153 2390 1214 2442 οὐ
1248 2390 1456 2460 κτίσμα
1486 2392 1516 2443 ὁ
1541 2390 1692 2454 Υἱός.

95 2484 166 2536 Et
201 2481 260 2533 δὲ
294 2481 370 2553 μὴ
396 2480 623 2552 κτίσμα,
672 2480 956 2551 όμοούσιος
998 2480 1076 2551 τῷ
1123 2481 1321 2552 Πατρί.
1355 2482 1466 2534 Καὶ
1509 2480 1691 2544 πάλιν,

95 2574 262 2628 οὐδὲ)
308 2573 420 2626 τῶν
449 2575 766 2644 κτισμάτων
806 2573 875 2626 τά
919 2573 1020 2626 ὅσα
1050 2572 1302 2643 βούλεται
1340 2572 1595 2651 δύναται..
1636 2573 1696 2628 Ὁ

76 2666 159 2722 ⁵τδὲ
202 2666 337 2730 Yth;
369 2668 429 2719 ὲν
470 2665 549 2737 τῷ
588 2665 804 2737 οὐρανῷ
842 2666 938 2719 καὶ
979 2667 1071 2719 ἐπὶ
1100 2666 1200 2736 τῆς
1244 2665 1349 2736 γῆς
1389 2666 1568 2720 πάντα
1596 2666 1696 2719 ὅσα

96 2754 401 2825 ἠθέλησεν,
447 2753 735 2823 ἐποίησεν⁸
769 2755 869 2808 οὐκ
921 2753 1030 2827 ἄρα
1061 2755 1269 2826 κτίσμα
1320 2757 1349 2809 ὁ
1380 2756 1530 2820 Υἱός.
1586 2758 1698 2810 Καὶ

94 2844 294 2905 πάλιν,
329 2845 509 2897 πάντα
549 2844 620 2898 τά
646 2845 922 2916 κτίσματα
952 2846 986 2915 ἢ
1035 2847 1100 2898 ὲκ
1132 2845 1241 2899 τῶν
1285 2848 1544 2901 ἐναντίων
1574 2865 1698 2902 συν-

99 2938 363 3008 έστηκεν,
398 2935 433 3007 ἢ
464 2936 574 2988 τῶν
614 2936 874 2991 ἐναντίων
908 2938 1024 2990 ἐστὶ
1068 2937 1315 2991 δεκτικά.
1355 2939 1414 2991 Ὀ
1464 2939 1522 2992 δὲ
1576 2939 1697 3004 Υίδς

86 3028 585 3099 αὐτοδικαιοσύνη,
614 3029 710 3082 καὶ
736 3028 898 3092 ante;
939 3030 1118 3082 ἐστιν·
1153 3030 1254 3083 οὐκ
1284 3030 1393 3102 ἄρα
1428 3034 1635 3102 κτίσμα
1667 3032 1697 3085 ὃ

100 3121 259 3185 Υἱός.
288 3122 356 3174 Et
378 3121 437 3174 δὲ
480 3119 554 3192 μὴ
584 3120 764 3185 τοῦτο,
794 3120 1078 3192 όμοούσιος
1107 3119 1185 3191 τῷ
1214 3121 1411 3191 Πατρί.

173 3295 269 3350 10.
293 3296 409 3351 Καὶ
441 3295 581 3369 αὕτη
612 3295 717 3367 μὲν
744 3296 1026 3369 αὐτάρκης
1040 3299 1172 3369 ἡμῖν
1198 3300 1231 3369 ὴ
1266 3297 1529 3363 ἐξέτασις,
1558 3297 1701 3353 κατά

100 3384 203 3455 τὴν
226 3385 469 3457 δύναμιν
497 3387 598 3457 τὴν
618 3387 894 3459 ἡμετέραν
921 3387 1031 3440 τῶν
1053 3387 1318 3441 τεθέντων
1348 3388 1698 3461 ρητῶν.”Ηδη

90 3475 159 3528 δὲ
184 3477 384 3530 λοιπὸν
416 3493 513 3530 και
544 3478 682 3548 πρὸς
711 3479 836 3541 τοὺς
867 3477 1286 3542 ἀντιπίπτοντας
1314 3479 1393 3550 τῷ
1425 3478 1702 3549 Πνεῦματι

103 3569 185 3639 τῷ
236 3569 390 3640 ἀγίῳ
434 3568 514 3639 τῷ
542 3569 688 3640 λόγῳ
742 3571 1083 3643 χωρήσωμεν
1119 3570 1261 3643 (89),
1313 3570 1704 3643 καθαιροῦντες

105 3661 295 3714 αὐτῶν
337 3661 451 3713 πᾶν
494 3660 698 3731 ὕψωμα
746 3661 988 3726 διανοίας
1017 3663 1380 3735 ἐπαιρόμενον
1423 3663 1566 3716 κατά
1602 3663 1704 3734 τῆς

98 3753 375 3821 γνώσεως
427 3753 522 3807 τοῦ
555 3753 713 3807 Θεοῦ.
764 3755 985 3820 κτίσμα
1032 3755 1212 3825 λέγεις
1268 3756 1330 3809 τὸ
1374 3755 1600 3827 Πνεῦμα
1641 3756 1705 3810 τὸ

103 3844 291 3914 ἅγιον.
338 3846 457 3899 Πᾶν
492 3845 552 3899 δὲ
602 3844 810 3917 κτίσμα
858 3847 1043 3901 δοῦλόν
1077 3850 1195 3901 ἐστι
1238 3847 1332 3901 τοῦ
1381 3849 1701 3911 κτίσαντος’

114 3939 194 3993 Τὰ
221 3938 342 4008 γὰρ
380 3939 727 4009 σύμπαντα,
756 3941 911 4011 φησὶ,
950 3939 1145 3995 δοῦλα
1185 3939 1286 3995 σά.
1331 3941 1393 3993 El
1431 3941 1488 3994 δὲ
1521 3940 1706 3994 δοῦλόν

109 4032 255 4091 ἐστι,
307 4030 409 4084 καὶ
438 4031 731 4103 ἐπίκτητον
778 4031 893 4102 ἔχει
941 4031 1041 4103 τὴν
1095 4032 1390 4104 ἁγιότητα·
1436 4033 1545 4085 πᾶν
1586 4031 1642 4084 δὲ
1678 4031 1708 4084 ὃ

108 4122 419 4193 ἐπίκτητον
450 4120 562 4192 ἔχει
600 4123 699 4193 τὴν
732 4124 998 4194 ἀγιότητα
1018 4162 1033 4186 ,
1072 4124 1175 4177 οὐκ
1203 4124 1554 4178 ἀνεπίδεκτόν
1590 4124 1708 4176 ἐστι

113 4214 323 4278 κακίας
339 4231 355 4244 ·
382 4213 446 4267 τὸ
471 4214 530 4267 δὲ
552 4214 778 4285 Πνεῦμα
801 4215 862 4268 τὸ
890 4216 1066 4284 ἆγιον,
1090 4216 1211 4268 κατ’
1236 4215 1424 4269 οὐσίαν
1443 4216 1503 4268 ὃν
1532 4215 1705 4284 ἄτιον,

114 4306 273 4377 πηγὴ
302 4307 577 4377 ἀγιασμοῦ
618 4308 1087 4379 προσηγόρευταιο
1120 4308 1222 4361 οὐκ
1254 4308 1366 4380 ἄρα
1408 4308 1616 4379 κτίσμα
1650 4307 1710 4361 τὸ

1793 1834 2078 1904 quidquam
2102 1835 2182 1898 7‘,
2238 1844 2507 1905 usurpant
2555 1836 2644 1891 Dei
2704 1838 2892 1892 hostes
2947 1838 3012 1891 ad
3045 1838 3385 1892 audientium

1793 1928 2156 1982 eversionem.
2198 1927 2328 1982 Mihi
2389 1937 2573 1982 autem
2607 1937 2662 1982 et
2722 1930 2826 1984 hoc
2880 1931 3087 1985 dictum
3143 1930 3385 1984 maxime

1794 2020 2035 2073 declarat
2088 2020 2335 2089 ejusdem
2389 2031 2604 2074 naturae
2638 2036 2761 2076 esse
2807 2020 3004 2075 Filium
3036 2036 3101 2076 ac
3139 2020 3381 2077 Patrem.

1794 2111 2034 2175 Etenim,
2088 2114 2132 2166 si
2198 2128 2540 2182 unaquaeque
2594 2114 2939 2167 rationalium
3006 2120 3384 2167 creaturarum

1795 2204 1998 2271 aliquid
2062 2216 2093 2255 a
2150 2202 2330 2272 seipsa
2389 2203 2569 2257 facere
2624 2210 2835 2272 potest,
2883 2202 3052 2258 libere
3112 2203 3170 2257 in
3225 2202 3387 2273 pejus
3438 2240 3447 2248 υ

1797 2297 2062 2351 meliusve
2133 2295 2450 2359 inclinans,
2504 2293 2678 2351 Filius
2729 2302 2911 2349 autem
2956 2310 3067 2349 non
3125 2301 3305 2365 potest
3352 2308 3388 2349 α

1797 2388 2090 2457 semetipso
2120 2387 2417 2457 quidquam
2456 2387 2672 2448 facere;
2756 2385 2932 2443 Filius
2965 2396 3220 2442 creatura
3272 2401 3387 2443 non

1796 2486 1898 2532 est.
1939 2476 2097 2543 Quod
2127 2477 2174 2531 si
2223 2485 2476 2532 creatura
2506 2494 2616 2533 non
2657 2487 2762 2543 est,
2815 2477 2964 2532 Patri
3020 2486 3105 2535 est
3151 2478 3390 2534 consub-

1797 2570 2094 2626 stantialis.
2159 2569 2239 2625 Ac
2269 2585 2462 2625 rursus
2492 2611 2506 2635 ,
2545 2571 2695 2624 nulla
2735 2580 2987 2627 creatura
3019 2571 3391 2641 quodcunque

1797 2662 1960 2724 vult,
2007 2666 2189 2730 potest
2239 2658 2452 2713 efficere
2489 2677 2503 2713 :
2538 2656 2711 2713 Filius
2763 2666 2945 2712 autem
3002 2659 3188 2712 omnia
3240 2671 3391 2727 quae-

1797 2767 2014 2821 cunque
2056 2750 2270 2815 voluit,
2305 2748 2433 2804 fecit
2474 2751 2530 2803 in
2576 2749 2718 2804 coelo
2762 2755 2817 2803 et
2864 2750 2921 2802 in
2953 2756 3096 2803 terra
3126 2766 3140 2802 :
3169 2762 3279 2802 non
3305 2755 3391 2803 est

1798 2843 1968 2914 igitur
2001 2850 2254 2897 creatura
2295 2839 2491 2895 Filius.
2528 2839 2829 2894 Et'iterum
2849 2879 2865 2904 ,
2898 2847 3166 2893 creaturae
3198 2853 3390 2894 omnes

1800 2939 1895 2987 aut
1925 2940 2182 2988 constant
2213 2948 2279 2987 ex
2313 2930 2637 2996 contrariis,
2673 2937 2767 2984 aut
2822 2932 3226 2985 contrariorum
3260 2937 3392 2985 sunt

1801 3039 2054 3095 capaces.
2096 3022 2268 3079 Filius
2295 3039 2426 3077 vero
2457 3031 2542 3078 est
2577 3024 2696 3093 ipsa
2718 3023 2971 3092 justitia,
3006 3030 3062 3078 et
3101 3037 3131 3076 a
3160 3023 3393 3077 materia

1802 3129 2050 3173 secretus
2086 3133 2099 3169 :
2132 3116 2363 3188 proinde
2393 3114 2566 3170 Filius
2620 3125 2873 3170 creatura
2919 3130 3028 3169 non
3080 3123 3185 3170 est.
3232 3113 3392 3181 Quod

1801 3210 1849 3264 si
1878 3218 2130 3264 creatura
2154 3224 2266 3264 non
2297 3215 2382 3264 est
2409 3248 2423 3271 ,
2455 3207 2944 3263 consubstantialis
2967 3215 3051 3262 est
3077 3204 3250 3261 Patri.

1873 3303 1960 3357 10.
2004 3300 2110 3358 Sed
2138 3302 2254 3373 jam
2314 3300 2533 3372 quidem
2591 3301 2730 3357 satis
2780 3315 2882 3371 pro
2920 3300 3132 3355 viribus
3182 3312 3389 3370 propo-

1803 3395 1907 3450 sita
1961 3396 2108 3451 dicta
2164 3395 2600 3467 explanavimus.
2648 3391 2768 3446 Jam
2826 3392 3086 3461 deinceps
3126 3391 3289 3446 etiam
3326 3388 3396 3446 ad

1803 3503 1901 3543 eos
1935 3489 2027 3558 qui
2083 3485 2346 3557 Spit-itum
2400 3493 2657 3540 sanctum
2698 3492 3042 3554 Oppugnant,
3080 3496 3395 3538 sermonem

1805 3593 2231 3645 oonvertamus,
2291 3586 2351 3633 ut
2404 3592 2623 3633 omnem
2691 3576 2861 3630 animi
2914 3589 3105 3630 eorum
3150 3571 3400 3628 altitudi-

1804 3690 1951 3740 nem,
1989 3688 2111 3744 qum
2138 3688 2197 3727 se
2230 3681 2425 3727 contra
2460 3672 2557 3727 Dei
2590 3671 2958 3743 cognitionem
2991 3668 3227 3734 effert",
3259 3666 3398 3736 deji-

1806 3767 2035 3821 ciamus.
2071 3763 2334 3833 Spiritum
2372 3773 2622 3819 sanctum
2657 3771 2967 3818 creaturam
3005 3760 3167 3816 dicis.
3202 3758 3397 3813 Omnis

1808 3866 1989 3913 autem
2024 3865 2275 3911 creatura
2321 3871 2478 3911 serva
2508 3866 2591 3912 est
2626 3854 2908 3909 Creatoris
2948 3868 2961 3905 :
2999 3851 3194 3908 Omnia
3233 3852 3395 3916 enim,

1809 3944 2012 4014 inquit,
2046 3951 2167 3995 sunt
2200 3959 2349 3997 serva
2383 3941 2557 3995 tua".
2592 3940 2647 3994 Si
2668 3954 2814 3994 'vero
2839 3952 3032 3994 servus
3057 3945 3163 3999 est,
3194 3937 3398 3989 adven-

1806 4030 1986 4085 titiam
2036 4044 2256 4099 quoque
2287 4028 2447 4081 habet
2483 4025 2830 4080 sanctitatem
2870 4037 2882 4073 :
2916 4019 3184 4092 quidquid
3215 4028 3397 4072 autem

1810 4119 2158 4173 adventitiam
2196 4117 2542 4173 sanctitatem
2573 4115 2759 4175 habet,
2792 4127 2964 4182 capax
3001 4118 3086 4166 est
3140 4110 3394 4163 malitiae:

1811 4218 1867 4264 at
1918 4209 2157 4279 Spiritus
2208 4218 2472 4271 sanctus,
2543 4222 2665 4262 cum
2732 4205 3034 4260 secundum
3093 4203 3396 4257 essentiam

1813 4310 2038 4357 sanctus
2066 4301 2168 4365 sit,
2202 4300 2324 4354 fons
2354 4298 2664 4369 appellatur
2708 4296 3021 4351 sanctitatis
3046 4294 3090 4326 ⁷⁷
3122 4313 3134 4347 :
3172 4309 3281 4348 non
3313 4300 3401 4348 est

114 4397 351 4469 Πνεῦμα
383 4399 447 4451 τὸ
469 4400 642 4468 ἅγιον.
676 4400 742 4452 Εἰ
779 4399 837 4452 δὲ
874 4400 948 4472 μὴ
984 4401 1214 4470 κτίσμα,
1253 4399 1543 4471 ὁμοούσιόν
1592 4402 1701 4453 ἐστι

1816 4393 1980 4463 igitur
2007 4401 2258 4447 creatura
2306 4391 2545 4460 Spiritus
2579 4397 2828 4443 sanctus.
2874 4386 3028 4454 Quod
3067 4386 3111 4440 si
3144 4393 3402 4439 creatura

113 4489 197 4561 τῷ
228 4490 374 4560 Θεῷ.
404 4490 531 4553 Πῶς
560 4490 619 4543 δὲ
637 4488 822 4543 δοῦλον
855 4492 1175 4555 ἀποκαλεῖς,
1211 4490 1332 4544 είπέ
1365 4508 1473 4562 μοι,
1507 4490 1598 4543 τὸν
1621 4490 1710 4544 διὰ

116 4584 215 4637 τοῦ
255 4583 636 4654 βαπτίσματος
669 4583 1058 4656 ἐλευθεροῦπά
1087 4601 1147 4637 σε
1188 4584 1289 4653 τῆς
1325 4582 1607 4648 δουλείας;
1646 4583 1710 4636 '0

118 4677 231 4746 τὰρ
260 4677 471 4746 νόμος,
502 4676 656 4746 φησὶ,
687 4674 795 4729 τοῦ
825 4677 1172 4745 Πνεύματος
1192 4674 1304 4743 τῆς
1342 4673 1491 4742 ζωῆς
1529 4674 1712 4741 ἠλευ-

118 4767 351 4837 θέρωσέ
388 4783 467 4836 με
512 4765 621 4838 (90)
667 4767 785 4822 ἀπὸ
835 4766 941 4821 τοῦ
986 4768 1177 4836 νόμου
1236 4763 1350 4835 τῆς
1401 4766 1708 4835 ἁμαρτίας.

126 4860 279 4912 Ἀλλ’
313 4859 436 4912 οὐδὲ
463 4859 704 4931 τρεπτὴν
730 4859 896 4914 αὐτοῦ
931 4876 1061 4913 ποτε
1085 4857 1182 4930 τὴν
1208 4857 1396 4911 οὐσίαν
1420 4856 1714 4927 τολμήσεις

120 4954 336 5013 εἰπεῖν,
371 4950 594 5021 ἀφορῶν
625 4952 708 5014 είς
731 4952 831 5022 τὴν
869 4951 1031 5020 φύσιν
1074 4949 1175 5021 τῆς
1203 4947 1590 5019 ἀντικειμένης
1622 4948 1715 5001 δυ·

193 5090 244 5120 "
280 5088 406 5142 Act.
431 5102 507 5151 ix,
528 5087 582 5141 4.

121 5160 179 5216 ι.
258 5160 307 5189 ⁷³
340 5157 505 5212 Rom.
545 5173 643 5213 vni
670 5195 687 5221 ,
720 5157 776 5211 2.

198 5314 323 5384 (8η
348 5315 618 5383 Ἕτρεχε.
648 5312 871 5368 Addunt
908 5312 1310 5384 editisston
1342 5311 1443 5384 sed
1472 5310 1625 5384 deest
1659 5310 1715 5365 in

124 5382 264 5442 mss.
298 5382 476 5440 Paulo
505 5382 628 5455 post
655 5383 788 5455 editi
822 5382 1240 5455 περιεϐάλλετεζ
1304 5382 1461 5455 aliter
1490 5382 1546 5435 in
1578 5396 1711 5436 mss.

128 5455 378 5511 Subinde
412 5451 539 5508 cod.
573 5452 727 5507 Harl.
761 5451 1059 5523 ἀσθενείας
1076 5466 1177 5521 pro
1206 5451 1499 5523 ἁμαρτίας.

198 5526 312 5595 (88)
345 5524 762 5595 Αὐτεξούοζιον
805 5524 971 5595 ἕχον.
1022 5522 1146 5595 Haec
1179 5522 1342 5595 yerba
1375 5529 1430 5576 et
1456 5535 1593 5595 qua}
1624 5536 1713 5576 se-

130 5590 379 5664 quuntur
394 5610 578 5666 usque
604 5594 675 5666 ad
704 5590 923 5655 istafot';
946 5593 1156 5666 κτίσμα
1174 5592 1203 5645 ό
1219 5592 1372 5666 Υίός,
1403 5590 1715 5666 addidimus

132 5649 196 5720 ἐι
226 5649 532 5751 cod’Reﬁ.
558 5649 671 5721 chi
715 5649 992 5721 consentit
1020 5649 1192 5728 Ηὰτι..
1226 5649 1520 5733 ηἰεί”(ιυοό
1554 5661 1715 5717 habet

660 5086 708 5117 ⁷³
732 5085 921 5142 Matth.
948 5103 1075 5152 xxv,
1102 5084 1194 5141 56.
1271 5087 1318 5119 ⁷⁸
1350 5086 1513 5142 Joan.
1556 5104 1589 5139 ν
1609 5126 1625 5150 ,
1662 5086 1748 5142 l9.

1816 4503 1927 4541 non
1959 4495 2065 4542 est.
2126 4470 2616 4540 consubstantialis
2662 4490 2747 4537 est
2795 4480 2925 4535 Deo.
2977 4478 3266 4545 Quomodo
3303 4493 3405 4532 au-

1814 4590 1926 4636 tem
1990 4594 2206 4634 servum
2253 4592 2463 4641 vocas,
2510 4575 2601 4630 dic
2645 4573 2779 4628 mihi
2810 4613 2824 4636 ,
2876 4588 3037 4634 eum,
3090 4572 3182 4640 qui
3216 4578 3269 4624 te
3306 4583 3405 4638 per

1784 4658 2149 4740 'baptismum
2197 4686 2228 4725 e
2263 4668 2529 4724 servitute
2575 4666 2807 4722 eximit?
2837 4663 3002 4729 Nam,
3048 4662 3262 4732 inquit,
3319 4661 3405 4715 (ea:

1818 4761 2054 4830 Spiritus
2101 4761 2222 4815 vita:
2259 4761 2502 4814 liberavit
2563 4775 2644 4812 me
2701 4775 2736 4812 a
2795 4758 2904 4826 lege
2948 4754 3229 4825 peccati".
3293 4751 3404 4808 Sed

1815 4868 1995 4923 neque
2043 4853 2359 4908 mutabilem
2391 4850 2619 4905 audebis
2671 4864 2911 4920 unquam
2952 4847 3073 4916 ejus
3105 4843 3403 4900 essentiam

1817 4946 2036 5011 dicere;
2091 4947 2137 5000 si
2198 4943 2362 4999 modo
2414 4943 2484 4997 ad
2532 4940 2790 5013 potentiae
2843 4939 3088 4993 adversa:
3147 4943 3404 4990 naturam

1824 5088 1870 5120 "
1899 5084 1944 5139 ll
1975 5086 2103 5142 Cor.
2134 5101 2205 5149 χ,
2243 5085 2295 5140 5.
2371 5084 2421 5117 ⁷⁸
2458 5084 2600 5139 Psal.
2645 5098 2813 5139 cxvttt
2837 5121 2852 5137 .
2888 5079 2979 5135 9|.
3055 5077 3101 5110 "
3139 5076 3299 5130 Rom.
3340 5091 3400 5138 ι,

1820 5310 2165 5375 αὐτεξούσιον
2193 5310 2288 5364 καὶ
2319 5309 2443 5380 ῐσην
2470 5307 2593 5379 ἔχον
2618 5307 2712 5361 ἐπὶ
2736 5304 2795 5359 τδ
2826 5306 3007 5376 χεῖρον
3029 5301 3124 5356 καὶ
3155 5301 3405 5372 κρεῖττον

1821 5382 2014 5529 pagg?
2033 5447 2426 5529 Χωρήσωμετς.
2464 5446 2557 5529 Sic
2581 5462 2718 5529 ςῐιεεζ
2742 5445 2887 5529 Εςίἰιί
2913 5439 3404 5529 χωρήσομενὶξοη

1818 5510 1995 5573 multo
2029 5510 2150 5589 post
2188 5510 2258 5572 ex
2291 5510 2435 5589 'cod.
2466 5517 2618 5589 Harl.
2654 5517 2838 5589 addita
2873 5510 3010 5572 sunt
3052 5510 3165 5568 haec
3211 5510 3402 5580 verba,

1818 5592 1928 5644 πᾶν
1954 5590 2012 5643 δὲ
2031 5586 2068 5643 ’ὃ
2096 5589 2387 5658 ἐπίκτητον
2411 5586 2524 5658 ἔχει
2554 5586 2653 5658 τὴν
2682 5588 2965 5658 ἁγιότητα.

1889 5608 1928 5643 ιν
1954 5605 2012 5643 οε
2038 5605 2068 5643 ο
2096 5605 2258 5643 επικτ
2295 5605 2387 5641 τον
2411 5605 2437 5641 ε
2475 5605 2524 5641 ει
2624 5606 2653 5641 ν
2682 5605 2965 5658 αγιοτητα.

1889 5661 2002 5732 (90)
2043 5605 2676 5730 Ἡλευθὲρωσέχμεῗτέέ
2724 5660 2780 5714 in
2805 5657 3020 5714 duobus
3054 5668 3189 5711 mss.
