3888 6214
499 203 611 262 $03

498 419 555 465 ct
593 425 722 464 vera
759 410 870 462 vita
903 408 1127 472 excidit,
1180 414 1474 477 propterea
1506 403 1653 472 quod
1715 400 1947 455 ascitum
1999 415 2096 453 ex-

500 510 830 570 ternamque
879 499 1228 554 sanctitatem
1264 496 1497 556 habuit,
1536 493 1917 561 successitque
1960 504 2095 544 con-

501 594 629 648 silio
656 593 800 646 malo
841 591 1092 644 mutatio.
1135 589 1325 657 Itaque
1361 597 1715 656 posteaquam
1741 584 1855 654 88
1886 592 1941 637 et
1976 581 2095 636 uni-

505 696 617 741 tate
647 684 871 748 excidit,
932 690 986 736 et
1048 681 1352 751 angelicam
1391 678 1593 747 abiecit
1623 677 1987 746 dignitatem,
2026 691 2093 729 ex

505 782 752 835 moribus
802 781 983 833 dictus
1034 785 1118 831 est
1187 776 1485 839 diabolus,
1551 775 1822 827 exsuinctu
1874 771 2094 841 quidem

504 871 692 941 priore
733 885 797 922 ac
832 870 991 923 beato
1029 867 1212 920 habitu
1237 908 1251 926 ,
1298 865 1533 919 excitata
1565 879 1695 918 vero
1739 864 1967 916 adversa
2002 861 2094 914 illa

515 961 775 1030 potentia.
805 960 885 1013 Ad
912 960 1027 1012 haec
1056 959 1100 1013 si
1132 956 1399 1027 Spiritum
1426 963 1683 1010 sanctum
1716 954 1851 1008 dicit
1872 962 2093 1006 creatu-

501 1065 647 1113 ram,
695 1049 1171 1118 circumscriptam
1209 1061 1275 1100 ac
1303 1046 1509 1099 ﬁnitam
1544 1046 1691 1099 illius
1723 1053 1976 1097 naturam
2016 1043 2096 1095 in-

499 1138 675 1193 ducit.
734 1139 1023 1205 Quomodo
1078 1154 1209 1206 ergo
1261 1137 1427 1192 stabit
1494 1136 1625 1190 illud
1668 1152 1680 1186 :
1716 1135 1952 1203 Spiritus
1990 1133 2095 1186 Do-

504 1230 636 1283 mini
685 1230 899 1297 replevit
928 1229 1105 1282 orbem
1142 1237 1405 1280 terrarum
1429 1226 1518 1279 "7
1554 1225 1686 1279 illud
1712 1240 1948 1295 quoque,
1977 1224 2094 1290 Quo

499 1320 588 1375 ibo
624 1337 658 1374 a
692 1319 901 1390 Spiritu
934 1331 1023 1374 tuo
1046 1320 1092 1352 ⁸ο
1128 1320 1153 1371 Y
1178 1317 1282 1373 Sed
1311 1333 1489 1388 neque
1518 1318 1697 1387 ipsum
1730 1324 1927 1370 natura
1957 1320 2092 1371 sim-

502 1413 724 1482 plicem,
782 1418 843 1465 ut
896 1417 1154 1481 apparet,
1186 1408 1499 1464 conﬁtetur.
1555 1407 1697 1463 Dicit
1728 1409 1874 1462 enim
1911 1408 2094 1478 ipsum

504 1519 736 1558 numero
768 1519 960 1557 unum.
992 1500 1270 1571 Quidquid
1305 1509 1486 1555 autem
1519 1516 1689 1554 unum
1722 1514 1955 1553 numero
1984 1506 2090 1564 est,

495 1786 613 1836 stat
658 1796 673 1832 :
722 1778 868 1847 quod
903 1784 1086 1832 autem
1116 1783 1201 1832 est
1251 1775 1544 1845 ejusmodi,
1584 1778 1949 1845 compositum
1981 1786 2086 1829 est.

502 1868 610 1924 Sed
642 1868 768 1939 quis
792 1869 927 1923 adeo
956 1869 1184 1923 demens
1212 1865 1401 1932 fuerit,
1434 1876 1494 1920 ut
1533 1864 1802 1936 Spiritum
1834 1878 2086 1920 sanctum

1854 192 1915 247 Β.
1955 186 2196 246 ΒΑειιιιι
2238 186 2450 246 MAGNI

442 364 451 373 .
498 318 769 389 respicias
791 358 805 382 ,
836 331 960 387 quas
991 314 1224 385 fulguris
1256 313 1311 367 in
1345 325 1553 367 morem
1577 326 1609 366 e
1632 310 1776 365 emlo
1806 310 1957 380 lapsa
1984 318 2090 374 est,

2196 312 2432 381 νάμεως,
2455 311 2599 381 ἥτις,
2627 310 2703 373 ὼς
2729 304 3008 381 ἀστραπὴ,
3037 302 3327 359 πέπτωκεν
3355 296 3463 356 ἀπὸ
3494 300 3588 354 τοῦ
3614 302 3773 375 οὖρα·
3822 312 3835 359 ι

2196 404 2310 469 νοῦ,
2346 405 2441 456 καὶ
2470 403 2692 471 ἐξέπεσε
2722 403 2821 473 τῆς
2853 401 3023 464 ὅντως
3061 399 3226 469 ζωῆς,
3252 397 3340 451 διὰ
3373 395 3435 450 rb
3480 396 3775 466 ἐπίκτητον
3828 390 3837 458 έ

2194 497 2488 567 ἐσχηκέναι
2538 496 2635 565 τὴν
2682 496 2980 565 άγιότητα,
3015 492 3108 545 καὶ
3157 489 3659 561 ἐπηκολουθηκέναι
3706 491 3773 559 τῇ
3824 484 3836 541 τ

2195 594 2336 663 κακῇ
2386 590 2547 661 βουλῇ
2584 588 2680 660 τὴν
2715 587 3020 641 ἀλλοίωσιν.
3054 581 3357 654 Τοιγαροῦν
3397 581 3492 634 καὶ
3524 578 3776 633 ἐκπεσὼν

2192 681 2293 749 τῆς
2328 680 2591 752 μονάδος,
2626 679 2721 733 καὶ
2770 678 2830 731 rb
2863 675 3152 745 ἀγγελικὸν
3182 670 3491 744 ἀπορρίψας
3530 667 3774 740 ἀξίωμα,
3828 690 3835 739 ι

2195 772 2303 825 ἀπὸ
2344 772 2437 825 τοῦ
2467 772 2669 845 τρόπου
2698 766 2993 839 ὠνομάσθη
3031 763 3273 828 διάϐολος
3294 781 3307 794 ·
3345 761 3778 831 ἀποσϐεσθείσης

3436 854 3494 885 ας

2199 863 2299 933 μὲν
2329 863 2495 917 αὐτοῦ
2530 863 2630 933 τῆς
2679 862 2954 931 προτέρας
2995 857 3089 911 καὶ
3126 857 3400 928 μακαρίας
3436 854 3630 917 ἕξεως,
3669 852 3774 921 τῆς

2194 953 2251 1007 δὲ
2278 952 2662 1024 ἀντικειμένης
2682 951 2882 1022 ταύτης
2910 949 3191 1019 δυνάμεως
3218 944 3566 1014 ἀναφθείσης.
3586 943 3779 994 Ἔπει-

2193 1063 2263 1098 τα
2290 1048 2337 1098 εί
2366 1045 2572 1116 κτίσμα
2603 1043 2750 1112 λέγει
2783 1041 2844 1095 rb
2885 1040 3113 1111 Πνεῦμα
3145 1036 3204 1092 rb
3237 1038 3411 1105 ἅγιον,
3450 1050 3777 1104 πεπερατω-

2200 1138 2368 1210 μένην
2396 1139 2493 1210 τὴν
2519 1137 2681 1208 φύσιν
2710 1134 2874 1190 αὐτοῦ
2908 1135 3139 1201 εἰσάγει.
3168 1130 3294 1194 Πῶς
3322 1126 3414 1183 οῦν
3445 1127 3777 1198 σταθήσεται

2193 1228 2275 1291 rb,
2306 1226 2549 1296 Πνεῦμα
2581 1228 2805 1294 Κιμερίου
2842 1223 3196 1290 πεπλήρωκε
3228 1220 3343 1288 τὴν
3377 1215 3775 1286 οὶκουμένην;

2195 1321 2290 1373 καὶ
2314 1320 2396 1386 rb,
2445 1318 2571 1373 Ποῦ
2619 1316 2890 1386 πορευθῶ
2926 1315 3046 1371 ἀπὸ
3080 1314 3187 1368 τοῦ
3225 1312 3573 1381 Πνεύματός
3615 1324 3777 1373 σου;

3826 758 3842 1023 l

3664 182 3770 239 εσι
3850 218 3853 250 ῖ

3839 1095 3850 1341 l

2207 1412 2347 1466 Ἀλλ’
2380 1368 2493 1466 οὐδ’
3070 1406 3250 1476 φύσει,
3284 1404 3360 1468 ὡς
3383 1368 3586 1467 ἔοικεν,
3636 1368 3775 1472 όμοξ
3834 1368 3847 1509 ρ

2194 1508 2363 1577 λογεῖ.
2401 1505 2646 1578 ’Λριθμῷ
2696 1504 2806 1576 γὰρ
2838 1503 2896 1556 ἒν
2939 1500 3070 1555 αὐτὸ
3097 1501 3373 1572 ὀνομάζει.
3412 1500 3529 1552 Πᾶν
3566 1498 3624 1551 δὲ
3649 1497 3678 1551 ὃ
3715 1496 3776 1550 ἒν

505 1593 583 1658 id,
617 1601 678 1647 ut
711 1593 848 1651 dixi.
902 1593 1134 1663 simplex
1169 1607 1280 1647 non
1331 1600 1434 1648 εει.
1473 1589 1532 1645 Si
1563 1602 1691 1646 vero
1722 1591 1951 1661 simplex
1982 1606 2090 1645 non

2196 1600 2437 1674 ἀριθμῷ,
2470 1599 2628 1654 τοῦτο
2667 1599 2767 1670 οὐχ
2797 1596 3036 1656 ἁπλοῦν,
3081 1595 3157 1658 ὼς
3189 1594 3360 1664 ἔφην,
3394 1592 3563 1646 ἐστιν.
3604 1592 3668 1644 El
3715 1590 3777 1642 δὲ
3843 1589 3851 1661 ξ

503 1693 593 1741 εει
623 1683 861 1756 Spiritus
892 1695 1116 1740 sanctus
1138 1724 1153 1749 ,
1186 1699 1254 1739 ex
1282 1682 1524 1738 essentia
1556 1690 1610 1737 et
1637 1655 1927 1737 sanctitate
1962 1697 2091 1737 con-

2204 1655 2279 1762 μὴ
2314 1655 2518 1744 άπλοῦν
2560 1691 2677 1743 ὲστι
2718 1655 2779 1740 r'b
2809 1685 3034 1756 Πνεῦμα
3070 1655 3425 1752 τὸϋᾶγιονίὲξ
3465 1681 3653 1744 οὐσίας
3680 1682 3779 1732 καὶ⁵

2201 1781 2477 1852 ἁγιασμοῦ
2508 1781 2844 1849 συνέστηκε’
2877 1778 2937 1831 τὸ
2976 1777 3033 1830 δὲ
3069 1776 3334 1839 τοιοῦτον,
3361 1772 3634 1827 σύνθετον.
3670 1771 3779 1825 Καὶ

2198 1874 2282 1936 τίς
2308 1871 2481 1935 οὕτως
2509 1870 2754 1942 ἀνόητος,
2787 1869 2859 1932 ὼς
2895 1867 3148 1921 σύνθετον
3176 1866 3350 1918 εἰπεῖν
3380 1860 3441 1915 rb
3466 1860 3694 1931 Πνεῦμα
3714 1860 3779 1912 τὸ

3844 1684 3853 1923 l

507 1960 658 2015 dicat
690 1960 1056 2030 compositum
1083 2001 1099 2026 ,
1136 1974 1202 2014 ac
1224 1974 1336 2014 non
1385 1958 1717 2028 simplicem,
1746 1969 1800 2011 et
1853 1956 2005 2012 Patri
2037 1965 2091 2011 et

2199 1969 2373 2038 ἇγιον,
2414 1966 2510 2020 καὶ
2544 1964 2620 2036 μὴ
2648 1962 2874 2023 ἁπλοῦν,
2907 1961 2999 2015 καὶ
3037 1959 3179 2013 κατὰ
3207 1958 3297 2012 τὸν
3330 1956 3430 2028 τῆς
3471 1954 3780 2025 ἁπλότητος
3848 1974 3854 2061 1

500 2048 646 2106 Filio
695 2051 1223 2107 consubstantialem
1252 2049 1555 2106 secundum
1593 2048 1965 2119 simplicitatis
2010 2065 2092 2103 ra-

500 2141 750 2199 tionem?

572 2271 661 2327 Η.
703 2269 862 2338 Quod
898 2275 947 2326 si
1004 2286 1258 2327 sermone
1312 2270 1776 2342 progrediendum
1804 2278 1921 2335 est,
1968 2286 2087 2324 ma-

497 2361 731 2432 ioraque
777 2362 1125 2432 inspicienda
1147 2401 1163 2427 ,
1198 2362 1327 2416 hinc
1374 2364 1613 2417 maxime
1636 2361 1876 2415 divinam
1908 2362 2085 2417 sancti

502 2451 746 2522 Spiritus
795 2454 1098 2524 potentiam
1154 2454 1608 2523 contemplemur.
1659 2450 1789 2506 Tria
1847 2453 2087 2508 creatio-

503 2560 634 2599 uum
690 2559 892 2616 genera
957 2545 1013 2598 in
1051 2542 1338 2614 Scriptura
1389 2545 1673 2598 nominata
1723 2544 2083 2600 invenimus:

503 2649 673 2689 ultum
726 2633 949 2705 quidem
1005 2649 1069 2688 ac
1121 2634 1391 2704 primum,
1442 2650 1507 2689 ex
1553 2635 1726 2689 nihilo
1766 2637 2087 2705 productio-

501 2740 667 2792 nem;
720 2723 1021 2779 secundum
1068 2738 1240 2788 vero,
1300 2739 1369 2778 ex
1423 2723 1612 2795 pejore
1652 2725 1708 2780 in
1740 2727 1936 2781 melius
1983 2727 2087 2780 im-

504 2816 899 2883 mutationem;
972 2816 1236 2879 tertium,
1287 2817 1753 2871 resurrectionem
1837 2829 2084 2872 mortuo-

501 2923 644 2960 rum.
683 2907 743 2962 ln
786 2906 872 2962 his
922 2906 1165 2977 reperies
1221 2902 1487 2975 Spiritum
1534 2914 1785 2961 sanctum
1820 2923 1927 2962 una
1959 2924 2084 2963 cum

2198 2061 2353 2130 λόγον
2382 2057 2667 2131 ὁμοούσιον
2692 2055 2870 2127 Πατρὶ
2900 2055 2994 2107 καὶ
3023 2052 3173 2125 Υίῷς

2270 2288 2359 2342 Η.
2396 2286 2459 2339 El
2483 2284 2541 2338 δὲ
2562 2283 2643 2337 δεῖ
2668 2281 2936 2353 προϐῆναι
2954 2277 3066 2348 (9|)
3092 2275 3170 2345 τῷ
3193 2290 3354 2344 Λογῳ,
3383 2272 3478 2326 καὶ
3503 2268 3777 2324 ἐποπτεῦι
3844 2256 3853 2353 Ῑ

2197 2392 2289 2431 σαι
2331 2374 2400 2427 τά
2431 2370 2675 2444 μείζονα,
2711 2371 2776 2421 ὲκ
2822 2366 3014 2419 τούτου
3050 2362 3284 2433 μάλιστα
3322 2361 3420 2430 τὴν
3461 2357 3647 2429 θεῖκὴν
3676 2356 3776 2409 δύ-

2194 2486 2359 2540 ναμιν
2387 2465 2481 2519 τοῦ
2516 2464 2673 2532 ἁγίου
2698 2460 3015 2531 Πνεῦματος
3055 2456 3441 2527 θεωρήσωμεν.
3468 2452 3629 2522 Τρεῖς
3657 2450 3779 2503 κτί-

2196 2576 2309 2624 σεις
2354 2557 2670 2629 εὑρήκαμεν
2705 2549 3111 2622 ὀνομαζομένας
3159 2548 3216 2599 ὲν
3258 2548 3323 2612 τῇ
3368 2544 3592 2615 Γραφῇο
3642 2541 3777 2612 μίαν
3848 2572 3849 2593 λ

2198 2653 2296 2725 μὲν
2343 2651 2438 2704 καὶ
2476 2645 2702 2719 πρώτην
2730 2645 2831 2715 τὴν
2867 2642 2975 2696 ἀπὸ
3005 2639 3099 2693 τοῦ
3135 2638 3209 2711 μὴ
3242 2638 3393 2698 ὄντος
3425 2637 3506 2697 εἰς
3536 2632 3597 2687 rb
3635 2629 3777 2685 εἶναι

3846 2110 3854 2201 Ι

3844 2296 3854 2523 l

3848 2572 3853 2709 l

2195 2720 2567 2817 παραγωγήν·
2597 2736 2852 2810 δευτέραν
2897 2734 2954 2786 δὲ
3002 2733 3100 2804 τὴν
3129 2727 3238 2784 ἀπὸ
3282 2728 3374 2782 τοῦ
3421 2727 3664 2797 χείρονος
3692 2724 3778 2786 εἰς
3852 2720 3853 2755 1

2191 2838 2254 2890 rb
2298 2838 2544 2909 κρεῖττον
2596 2829 2912 2886 ἀλλοίωσιν·
2951 2825 3141 2893 τρίτην
3172 2824 3229 2876 δὲ
3277 2820 3375 2891 τὴν
3412 2817 3775 2885 ἐξανάστασιν

2189 2929 2301 2983 τῶν
2335 2908 2569 2999 νεκρῶν.
2611 2925 2699 2977 Ἐν
2744 2920 2967 2982 ταύταις
2999 2919 3252 2989 εὑρήσεις
3301 2911 3559 2983 συνεργὸν
3593 2908 3776 2980 Πατρὶ

502 3001 665 3056 Patre
697 3009 751 3056 et
801 2998 940 3055 Filio
982 3008 1323 3070 operantem.
1378 2999 1516 3055 Caeli
1571 3006 1717 3055 enim
1769 3004 2084 3073 producun-

2196 3021 2286 3074 καὶ
2330 2998 2450 3089 Υἱῷ
2491 3016 2553 3069 τὸ
2583 3017 2736 3083 ἅγιον
2777 3010 3018 3080 Πνεῦμα.
3060 3004 3320 3078 Οὐρανῶν
3347 3008 3457 3074 γάρ
3492 3001 3774 3062 οὑσίωσις.

504 3104 616 3148 tur.
650 3093 793 3160 Quid
846 3094 960 3162 jam
1014 3093 1148 3148 dicit
1198 3091 1418 3149 David?
1470 3094 1637 3148 Verbo
1692 3093 1911 3151 Domini
1976 3101 2091 3154 caeli

502 3188 704 3256 ﬁrmati
762 3194 926 3250 sunt,
995 3194 1045 3238 et
1089 3186 1283 3254 spiritu
1349 3190 1458 3240 oris
1520 3187 1638 3256 ejus
1698 3191 1867 3243 omnis
1924 3191 2090 3245 virtus

501 3278 763 3331 eorum“.
800 3275 1016 3332 Rursus
1055 3287 1280 3331 creatur
1338 3277 1503 3331 homo
1551 3293 1646 3347 per
1677 3278 1967 3349 baptisma.
2030 3281 2091 3337 Si

501 3386 607 3440 qua
660 3371 797 3424 enim
853 3371 908 3423 in
955 3367 1174 3424 Christo
1226 3386 1363 3423 nova
1403 3383 1677 3424 'creatura
1698 3371 1768 3424 θ’.
1801 3371 1918 3426 lam
1958 3375 2090 3444 quid

502 3462 638 3515 dicit
688 3462 976 3531 discipulis
1037 3460 1335 3514 Salvator?
1401 3458 1601 3515 Euntes
1660 3462 1838 3516 docete
1915 3481 2091 3520 omnes

501 3566 696 3623 gentes,
750 3554 1083 3624 baptizantes
1143 3570 1234 3608 eos
1268 3554 1324 3607 in
1358 3554 1568 3608 nomine
1618 3554 1804 3610 Patris
1859 3570 1908 3610 et
1958 3556 2094 3612 Filii

503 3662 553 3701 et
586 3646 818 3717 Spiritus
868 3649 1043 3701 sancti
1068 3647 1135 3700 ⁸³.
1191 3645 1360 3702 Vides
1389 3656 1444 3701 et
1480 3647 1569 3702 hic
1601 3664 1710 3702 una
1738 3646 1934 3704 adesse
1964 3665 2091 3704 cum

501 3735 664 3792 Patre
695 3746 748 3792 et
782 3735 918 3791 Filio
944 3735 1210 3805 Spiritum
1242 3744 1515 3791 sanctum.
1555 3735 1700 3803 Quid
1731 3746 1913 3792 autem
1937 3739 2090 3794 dices

503 3842 558 3886 et
608 3831 676 3886 de
733 3831 1134 3885 resurrectione
1187 3840 1532 3884 mortuorum
1560 3870 1575 3894 ,
1618 3838 1910 3900 postquam
1944 3830 2093 3886 dele-

502 3924 741 3979 cerimus
771 3962 786 3986 ,
833 3932 885 3977 ει
926 3923 982 3976 in
1034 3928 1288 3976 nostrum
1333 3922 1611 3992 pulverem
1660 3923 1866 3976 reversi
1920 3921 2111 3995 fueri-q

500 4015 665 4072 mus?
694 4013 864 4069 Terra
906 4016 1050 4069 enim
1078 4031 1303 4079 sumus,
1338 4022 1394 4070 et
1439 4016 1493 4070 in
1536 4024 1736 4070 terram
1768 4015 1993 4081 ibimus,
2038 4026 2093 4071 et

502 4107 680 4161 mittet
725 4103 990 4175 Spiritum
1034 4114 1285 4159 sanctum
1314 4147 1331 4172 ,
1385 4115 1440 4162 et
1478 4107 1691 4161 creabit
1721 4122 1823 4162 nos
1853 4147 1869 4171 ,
1899 4118 1954 4162 et
2007 4124 2093 4164 re-

503 4198 731 4254 novabit
757 4198 948 4252 faciem
990 4207 1154 4251 terra:
1172 4197 1241 4251 ⁸⁸.
1282 4196 1420 4251 Nam
1456 4197 1604 4269 quod
1630 4212 1855 4255 sanctus
1883 4199 2090 4257 Paulus

400 4308 403 4309 '
500 4287 962 4343 resurrectionem
1021 4285 1188 4349 dixit,
1242 4286 1297 4340 id
1348 4285 1519 4342 David
1552 4289 1959 4346 renovationem
1993 4306 2090 4360 ap-

499 4377 742 4449 pellavit.
792 4375 1010 4432 Rursus
1065 4384 1252 4433 autem
1307 4378 1597 4433 audiamus
1648 4394 1817 4443 cum,
1871 4381 1967 4450 qui
2019 4381 2086 4436 ad

504 4470 727 4523 tertium
812 4484 987 4538 usque
1034 4470 1237 4523 coelum
1302 4477 1496 4538 raptus
1562 4480 1664 4525 est.
1714 4469 1854 4536 Quid
1910 4471 2092 4529 dicit?

508 4549 779 4630 Templum
847 4563 971 4614 estis
1011 4560 1247 4631 Spiritus
1278 4561 1451 4615 sancti
1508 4562 1564 4615 in
1597 4561 1744 4617 vobis
1780 4563 2091 4619 inhabitan-

506 4655 573 4707 tis
593 4653 661 4708 ⁸³.
705 4651 990 4723 Templum
1040 4662 1221 4707 autem
1273 4668 1476 4718 omne,
1518 4651 1613 4708 Dei
1668 4656 1929 4725 templum
1982 4667 2086 4712 est.

500 4743 659 4812 Quod
704 4746 749 4801 si
786 4744 1053 4816 templum
1080 4761 1274 4801 sumus
1316 4743 1556 4816 Spiritus
1585 4748 1762 4802 sancti
1792 4765 1805 4813 ;
1851 4746 2091 4818 Spiritus

503 4845 729 4891 sanctus
782 4835 928 4892 Deus
956 4845 1063 4892 est.
1112 4836 1324 4892 Dicitur
1367 4844 1552 4892 autem
1602 4846 1657 4893 et
1696 4839 1959 4910 templum
1991 4839 2094 4895 Sa-

501 4928 778 4997 lomonis;
845 4945 1034 4985 verum
1108 4936 1371 5000 tanquam
1441 4930 1564 4999 ejus
1638 4931 1731 5000 qui
1795 4933 2087 4988 exstruxit.

503 5019 661 5086 Quod
701 5022 750 5075 si
803 5020 883 5075 sic
919 5036 1111 5077 sumus
1157 5022 1421 5093 templum
1453 5019 1696 5091 Spiritus
1730 5024 1929 5087 sancti,
1969 5023 2094 5094 Spi-

502 5115 644 5167 ritus
678 5120 905 5169 sauctus
940 5112 1085 5169 Deus
1117 5124 1240 5169 est:
1306 5114 1411 5181 Qui
1462 5114 1608 5168 enim
1671 5116 1850 5169 omnia
1904 5116 2090 5170 condi-

500 5203 602 5272 dit,
628 5204 770 5261 Deus
819 5216 896 5261 est
919 5207 965 5238 ⁸⁸
998 5224 1016 5274 ;
1062 5207 1110 5263 si
1136 5222 1268 5263 vero
1298 5215 1561 5277 tauquam
1593 5205 1737 5277 ejus,
1768 5206 1864 5277 qui
1894 5207 2090 5262 adora-

571 5364 617 5396 "
651 5363 778 5436 Sap.
812 5365 959 5436 1,77.
1068 5366 1114 5399 ⁸⁰
1148 5364 1295 5421 Psal.
1321 5381 1587 5436 cxxixvut,
1614 5366 1666 5419 7.

498 5446 620 5500 ctu,
652 5435 742 5490 '50;
815 5437 861 5469 ⁸⁸
885 5435 902 5489 1
925 5437 1051 5495 Cor.
1084 5454 1160 5502 vr,
1190 5438 1258 5491 19
1340 5438 1386 5468 ⁸⁸
1420 5435 1584 5491 Hebr.
1624 5452 1707 5501 ιιι,
1741 5436 1800 5493 4.

482 5602 487 5608 1
570 5636 1027 5711 (91)Προϐῆναι.
1061 5635 1191 5691 Mss.
1226 5633 1551 5706 προσϐῆναι.

2193 3112 2305 3167 Καὶ
2333 3110 2387 3164 τί
2421 3125 2585 3179 φησιν
2612 3108 2640 3160 ό
2671 3105 2868 3171 Δαϐίδ;
2895 3102 2979 3169 Τῷ
3003 3101 3163 3170 λόγῳ
3192 3096 3416 3166 Κυρίου
3441 3096 3495 3149 οἱ
3524 3091 3775 3160 οὐρανοὶ

2191 3203 2646 3272 ἐστερεώθησαν
2665 3238 2682 3264 ,
2717 3197 2818 3251 καὶ
2859 3195 2941 3262 τῷ
2993 3194 3285 3261 πνεύματι
3323 3188 3430 3243 τοῦ
3473 3189 3777 3254 στόματος

2191 3296 2379 3352 αὐτοῦ
2432 3293 2603 3349 πᾶσα
2645 3290 2684 3359 ἡ
2725 3290 2980 3357 δύναμις
3003 3284 3221 3340 αὐτῶν.
3274 3281 3444 3335 Πάλιν
3484 3278 3777 3348 ἄνθρωπος

2192 3387 2281 3441 διὰ
2327 3385 2700 3458 βαπτίσματος
2744 3378 3012 3444 κτίζεταιο
3062 3377 3141 3432 Et
3178 3393 3268 3432 τι(-
3297 3374 3407 3443 τὰρ
3447 3368 3523 3458 ἐν.
3539 3365 3779 3438 Χριστῷ

2194 3455 2370 3547 καινῆ
2397 3455 2615 3542 κτίσις.
2641 3474 2753 3528 Καὶ
2788 3473 2841 3526 τί
2877 3484 3011 3541 φησι
3035 3464 3151 3530 τοῖς
3181 3465 3451 3536 μαθηταῖς
3477 3455 3772 3530 δ’Σωτὴρς

2206 3573 2606 3636 Ἀπελθόντες,
2653 3565 3067 3637 μαθητεύσατε
3106 3558 3305 3613 πάντα
3334 3554 3408 3609 τὰ
3449 3555 3619 3620 ἔθνη,
3655 3552 3775 3615 ,βα-

2194 3663 2498 3728 πτίζοντες
2537 3658 2759 3723 αὐτοὺς
2804 3658 2890 3722 είς
2918 3653 2984 3707 τὸ
3025 3653 3214 3720 ὄνομα
3243 3647 3349 3702 τοῦ
3389 3645 3621 3712 Πατρός
3671 3641 3776 3695 καὶ

2191 3756 2301 3811 τοῦ
2342 3754 2475 3808 Tim“)
2521 3752 2619 3805 καὶ
2653 3748 2758 3803 τοῦ
2811 3746 2982 3816 ἁγίου
3027 3741 3391 3808 Πνεύμιιτος.
3433 3734 3596 3805 Ὁρᾷς
3633 3732 3776 3785 κάν*

2193 3848 2369 3904 ταῦθα
2405 3843 2691 3916 συμπαρὸν
2732 3839 2907 3910 Πατρὶ
2959 3837 3052 3890 καὶ¹
3091 3833 3206 3904 Υἱῷ
3237 3832 3297 3885 rb
3328 3831 3482 3899 ἅγιον
3521 3825 3771 3897 Πνεῦμα.

2194 3942 2260 3995 Τί
2287 3940 2331 3994 δ’
2357 3939 2423 3993 ἂν
2448 3936 2624 3999 εἴποις
2648 3932 2891 4002 καὶπερὶ
2916 3931 3014 4000 τῆς
3033 3925 3386 3987 ἀναστάσεως
3406 3922 3513 3975 τῶν
3536 3918 3772 3989 νεκρῶν,

2192 4035 2319 4088 ὅταν
2361 4029 2722 4098 ὲκλείψωμεν,
2758 4026 2854 4079 καὶ
2901 4024 2980 4085 είς
3015 4020 3106 4073 τὸν
3142 4017 3273 4089 χοῦν
3313 4014 3470 4085 ἡμῶν
3518 4008 3781 4080 ἐπιστρέ-

2193 4126 2419 4197 ψωμεν;
2448 4122 2523 4192 Γῆ
2551 4120 2658 4191 γάρ
2700 4121 2890 4187 ἐσμεν,
2927 4114 3021 4167 καὶ
3068 4114 3147 4174 εἰς
3188 4110 3287 4197 τὴν
3326 4105 3428 4176 γῆν
3469 4101 3775 4197 ἀπελευισόέ

2198 4186 2358 4286 italia,
2385 4186 2481 4266 καὶ
2818 4203 2880 4256 rb
2911 4199 3136 4270 Πνεῦμα
3156 4195 3217 4249 τὸ
3255 4194 3431 4263 ἅγιον,
3461 4189 3565 4286 κοιλ1
3592 4186 3776 4286 κτίσει

2195 4276 2363 4377 ἦμᾶς,
2411 4303 2505 4356 καὶ
2549 4297 2890 4354 ἀνακαινίσει
2928 4294 2988 4347 rb
3027 4291 3317 4362 πρόσωπον
3364 4284 3463 4354 τῆς
3500 4280 3625 4350 γῆς,
3648 4276 3778 4377 ’Ἦν

2195 4370 2306 4468 γάρ
2347 4393 2559 4456 Παῦλος
2602 4393 2630 4444 ὁ
2667 4390 2822 4458 άγιος
2872 4384 3231 4453 ἐξανάστασιν
3285 4378 3481 4468 εῑξρηκε.
3504 4412 3521 4437 ,
3563 4370 3778 4468 ταύτην

2191 4459 2356 4540 Ᾰαϐὶδ
2402 4478 2794 4551 άνακαινισμὸν
2841 4473 3275 4548 προσηγόρευσε.
3327 4463 3672 4533 Ἀκούσωμεν
3711 4459 3779 4513 δὲ

2191 4577 2354 4631 πάλιν
2387 4573 2498 4645 (92)
2529 4570 2623 4625 τοῦ
2662 4567 3003 4643 ἁρπαγέντες
3047 4564 3151 4626 ἕως
3199 4558 3384 4632 τρίτου
3412 4552 3667 4645 οὐρανοῦ.
3704 4551 3779 4645 Τί

2543 4797 3152 4907 *τοξάγίοῦῑθεδςπὸ
3206 4797 3436 4898 Πνεῦμα
3484 4797 3557 4877 τὸ⁷
3590 4820 3772 4890 ἅγιον.

2193 4939 2426 5006 Λέγεται
2471 4936 2530 4989 δὲ
2590 4934 2684 4986 καὶ
2736 4931 2863 4993 ναὸς
2910 4924 3277 4997 Σολομῶντος,
3312 4919 3427 4974 ἀλλ’
3478 4916 3555 5006 ὡς
3596 4930 3772 5006 κατα-

2195 5003 2584 5085 σκευάσαντος.
2628 5022 2692 5074 Εί
2747 5019 2804 5072 δὲ
2857 5018 3031 5080 οὕτως
3081 5013 3249 5085 ἐσμὲν
3290 5010 3419 5073 ναὸς
3463 5005 3556 5060 τοῦ
3608 5003 3772 5072 ἁγίου

2191 5118 2529 5186 Πνεῦματος,
2574 5112 2707 5174 Θεὸς
2751 5110 2812 5163 rb
2851 5111 3004 5177 ἅγιον
3052 5105 3296 5174 Πνεῦμα.
3344 5102 3406 5155 '0
3433 5100 3543 5170 γὰρ
3572 5096 3775 5150 πάντα

2192 5204 2658 5270 κατασκευάσας
2672 5203 2848 5268 Θεόςο
2884 5201 2933 5253 εί
2965 5199 3021 5253 δὲ
3043 5198 3118 5261 ὡς
3146 5192 3644 5267 προσκυνουμένου,
3676 5188 3775 5242 καὶ

1759 5365 1802 5398 ⁸³
1832 5364 1979 5423 Psal.
2004 5382 2177 5434 xxxii,
2205 5366 2259 5422 6.
2339 5367 2383 5398 δ’
2405 5364 2450 5419 ll
2469 5364 2597 5420 Cor.
2628 5361 2790 5418 v.17.
2867 5360 2915 5392 ⁸³
2942 5358 3134 5414 Matth.
3166 5369 3359 5418 xxviii,
3389 5351 3472 5406 l9.
3549 5349 3596 5381 "
3616 5346 3767 5402 Psal.

2264 5628 2373 5702 (92)
2408 5628 2617 5683 Πάλιν.
2652 5627 2801 5682 Hauc
2831 5642 3016 5683 vocem
3050 5625 3362 5681 addidimus
3395 5637 3460 5676 ex
3486 5633 3624 5677 mss.
