3888 6214
418 311 518 366 267

1719 306 1785 369 Β.
1830 307 2070 370 BASILII
2107 305 2321 370 MAGNI

3564 313 3669 368 263

419 435 557 509 pleri
613 435 899 502 materiis,
949 451 1107 494 mens
1147 452 1277 494 vero
1329 439 1444 494 sola
1490 453 1519 492 a
1555 438 1778 510 propria
1807 454 1992 510 opera-

2099 439 2222 494 σθαι
2247 440 2349 510 τῆς
2377 428 2584 503 οίκείας
2615 437 2919 510 ἐνεργείας.
2968 437 3055 502 Ὦς
3088 437 3196 510 γὰρ
3290 433 3541 508 αἴσθησις
3563 434 3672 491 τῶν

416 530 569 586 tione
636 538 908 586 arceatur.
951 529 1022 586 Ut
1081 532 1228 587 enim
1292 548 1490 589 sensus
1553 534 1877 598 sensibilia,
1922 534 1999 588 ita

417 637 576 678 mens
619 623 985 694 intelligibilia
1039 624 1279 695 attingit.
1325 623 1497 679 Simul
1562 633 1748 680 autem
1798 633 1854 680 et
1894 626 1999 680 hoc

415 712 710 770 dicendum
739 753 755 778 ,
801 715 1076 769 naturalia
1123 715 1335 785 judicia
1378 717 1696 772 documenti
1751 717 1998 787 expertia

417 823 449 860 a
477 806 757 862 conditore
788 816 980 868 nostro
1002 807 1113 864 Deo
1147 808 1322 862 indita
1377 809 1567 865 fuisse.
1601 809 1797 865 Visum
1849 810 1996 864 enim

416 914 578 953 nemo
637 899 832 955 edocet
893 907 952 953 ut
1023 900 1290 969 percipiat
1334 901 1547 956 colores
1600 911 1695 954 aut
1752 900 1996 971 ﬁguras;

416 1003 594 1060 neque
646 989 892 1044 auditum
950 997 1010 1044 ut
1074 1006 1242 1046 sonos
1275 999 1327 1046 et
1374 1007 1586 1057 voces;
1627 1007 1804 1062 neque
1859 992 1997 1045 olla-

413 1089 565 1138 ctum
589 1122 606 1147 ,
665 1088 727 1135 ut
760 1082 900 1137 bene
929 1089 984 1137 et
1027 1083 1168 1137 male
1201 1083 1464 1138 olentium
1498 1100 1680 1140 rerum
1713 1099 1946 1156 vapores
1980 1102 1994 1146 ;

415 1189 594 1244 neque
639 1181 882 1244 gustum,
932 1184 992 1228 ut
1029 1189 1252 1244 sapores
1295 1191 1360 1231 ac
1411 1192 1650 1244 succos;
1683 1193 1861 1247 neque
1915 1185 1999 1232 ta-

415 1275 563 1318 ctum
591 1306 604 1329 ,
637 1273 698 1319 ut
730 1266 911 1346 mollia
952 1275 1006 1321 et
1053 1267 1190 1321 dura
1219 1307 1233 1330 ,
1298 1276 1356 1321 ut
1411 1267 1587 1323 calida
1629 1282 1723 1322 aut
1777 1268 1994 1338 frigida.

415 1355 601 1426 Neque
647 1372 782 1412 sane
826 1359 1118 1427 quisquam
1183 1369 1420 1414 mentem
1467 1360 1686 1415 docebit
1740 1361 1999 1432 intelligi-

414 1449 547 1501 bilia
598 1451 837 1520 assequi.
887 1449 952 1504 Et
984 1451 1445 1520 quemadmodum
1509 1470 1732 1520 sensus,
1783 1455 1831 1510 si
1864 1454 1996 1524 quid

416 1539 553 1606 ipsis
614 1540 873 1594 acciderit
950 1541 1326 1607 incommodi,
1385 1553 1546 1612 egent
1606 1545 1784 1599 solum
1845 1561 2000 1600 cura-

413 1631 602 1694 tione,
654 1640 708 1686 et
765 1647 926 1686 suum
977 1634 1221 1703 ipsorum
1274 1651 1474 1690 munus
1521 1638 1740 1706 explent
1789 1636 1992 1704 facile;

2100 535 2393 606 αἰσθητῶν,
2425 534 2600 598 οὕτως
2632 535 2661 588 6
2694 534 2821 598 νοῦς
2846 533 2952 587 τῶν
2980 533 3188 603 νοητῶν
3224 531 3470 594 ἐπίϐολός
3501 532 3670 585 ἐστιν.

2102 627 2254 697 Ἀμα
2279 626 2337 678 δὲ
2367 627 2462 680 καὶ
2489 625 2647 679 τοῦτο
2687 627 2928 692 λεκτέον,
2963 626 3044 679 ὅτι
3073 624 3142 678 τά
3184 623 3388 693 φυσικά
3415 625 3674 694 κριτήρια

2098 719 2359 773 άδίδακτα
2391 719 2689 789 πεποίηκεν
2721 721 2748 773 6
2781 719 2974 782 κτίσας
2999 719 3147 788 ἡμᾶς
3169 716 3320 779 Θεός.
3349 716 3539 778 Οὐδεὶς
3565 714 3672 786 γὰρ

2097 809 2338 864 διδάσκει
2374 812 2472 875 τὰς
2502 811 2653 880 ὄψεις
2694 811 3000 881 χρωμάτων
3032 810 3064 880 ἢ
3095 810 3389 879 σχημάτων
3414 808 3675 878 ἀντιλαμι

2099 901 2394 966 ϐάνεσθαι,
2433 903 2541 956 οὐδ’
2606 901 2775 972 ἀκοὴν
2827 901 3014 970 ψόφων
3054 919 3114 953 τε
3156 900 3249 953 καὶ
3299 898 3525 968 φωνῶν,
3561 896 3672 949 οὐδ’

2097 997 2364 1066 ὄσφρησιν
2394 995 2582 1065 ἀτμῶν
2606 993 2821 1048 εὐωδῶν
2841 1011 2899 1046 τε
2923 994 3016 1046 καὶ
3047 992 3316 1056 δυσωδῶν,
3339 991 3460 1044 οὐδὲ
3482 990 3670 1060 γεῦσιν

2098 1081 2286 1152 χυμῶν
2313 1081 2404 1134 καὶ
2437 1080 2634 1149 χυλῶν,
2668 1079 2776 1132 οὐδ’
2805 1079 2948 1148 ἁφὴν
2985 1078 3241 1148 μαλακῶν
3268 1078 3360 1131 καὶ
3397 1074 3668 1146 σκληρῶν,

2097 1177 2131 1246 ἢ
2159 1175 2374 1246 θερμῶν
2401 1172 2494 1227 καὶ
2514 1173 2756 1243 ψυχρῶν.
2789 1173 2924 1226 Οὐδὲ
2954 1173 3044 1225 τὸν
3071 1171 3194 1225 νοῦν
3222 1171 3530 1224 ἐπιϐάλλειν
3558 1171 3672 1231 τοῖς

2097 1269 2307 1337 νοητοῖς
2353 1265 2550 1330 διδάξαι
2590 1282 2674 1328 τις
2724 1264 2809 1318 ἄν.
2855 1265 2966 1316 Καὶ
3006 1263 3194 1334 ῶσπερ
3249 1263 3301 1316 εῐ
3346 1279 3398 1315 τι
3447 1260 3674 1314 πάθοιεν

2097 1353 2281 1425 αὗται,
2299 1358 2617 1428 ἐπιμελείας
2645 1357 2804 1428 μόνον
2829 1357 3198 1427 προσδέονται,
3223 1355 3318 1408 καὶ
3345 1354 3443 1424 τὴν
3463 1353 3672 1406 οίκείαν

2097 1451 2380 1520 ἐνέργειαν
2411 1451 2647 1513 εὐκόλως
2681 1449 3118 1520 ἀποπληροῦσιν·
3150 1447 3321 1511 οὕτως
3355 1447 3448 1500 καὶ
3469 1447 3498 1498 ὁ
3523 1444 3667 1508 νοῦς,

2100 1544 2263 1614 σαρκὶ
2293 1542 2580 1605 συνδεθεὶς,
2617 1541 2710 1594 καὶ
2741 1541 2848 1593 τῶν
2877 1541 2940 1593 ἐκ
2972 1539 3174 1610 ταύτης
3209 1537 3517 1608 φαντασιῶν
3541 1535 3672 1606 πληυ

2101 1635 2314 1704 ρωθεὶς,
2343 1635 2575 1697 πίστεως
2602 1633 2770 1686 δεῖται
2805 1633 2897 1686 καὶ
2936 1633 3216 1693 πολιτείας
3245 1630 3432 1701 ὀρθῆς,
3468 1629 3670 1692 αἵτινες

416 1721 492 1773 ita
531 1731 580 1776 et
622 1739 775 1778 mens
801 1725 953 1778 carni
984 1725 1211 1795 illigata,
1248 1737 1301 1781 et
1323 1729 1460 1782 ortis
1490 1744 1554 1782 ex
1587 1745 1648 1783 ea
1689 1729 1992 1798 phantasiis

2099 1726 2484 1797 καταρτίζουσι
2535 1727 2663 1789 τοὺς
2697 1725 2864 1788 πόδας
2896 1725 3059 1777 αὐτοῦ
3110 1724 3241 1776 ὡσεὶ
3289 1723 3524 1791 ἐλάφου,
3577 1723 3672 1774 καὶ

413 1813 628 1882 oppleta
662 1857 676 1879 ,
717 1815 822 1870 ﬁde
865 1790 1092 1886 indiget.
1127 1827 1183 1872 et
1244 1828 1394 1874 recta
1451 1819 1562 1874 vita
1595 1862 1609 1885 ,
1661 1790 1784 1890 q-uze
1828 1820 1992 1891 pedes

2102 1821 2194 1872 ἐπὶ
2227 1790 2296 1872 «Ea:
2327 1819 2508 1890 ὑψηλά
2551 1819 2769 1872 ἱστῶσιν
2811 1817 2995 1871 αὐτόν.
3023 1815 3191 1868 Τοῦτό
3230 1831 3312 1866 τοι
3355 1790 3484 1866 αὐτὸ
3512 1813 3607 1866 καὶ
3643 1814 3672 1865 6
3732 1831 3740 1846 ι

415 1906 589 1974 ipsius
615 1907 758 1961 velut
789 1909 935 1962 cervi
963 1910 1251 1977 cujusdam
1319 1923 1633 1982 prteparant
1660 1915 1728 1976 ’⁷,
1762 1929 1992 1984 eamque

2101 1910 2263 1980 σοφὸς
2295 1913 2582 1982 παρεγγυᾷ
2624 1909 2902 1980 Σολομώνο
2935 1909 3030 1962 κα)⁵
3072 1906 3203 1959 ποτέ
3236 1905 3333 1976 μὲν
3367 1907 3497 1976 ημῖν
3532 1901 3673 1975 ’προει

415 1999 482 2051 ad
535 2000 643 2052 alta
701 2001 934 2070 erigunt.
997 2001 1111 2056 Hoc
1167 2003 1345 2072 ipsum
1404 2006 1567 2058 etiam
1612 2007 1840 2075 sapiens
1901 2007 1992 2061 ille

417 2089 672 2145 Salomon
704 2091 999 2161 admonet;
1057 2110 1122 2149 ac
1170 2112 1316 2150 nunc
1345 2097 1560 2165 quidem
1616 2097 1994 2167 nobisobjicit

414 2197 524 2236 non
584 2185 1042 2241 verecundantem
1099 2188 1347 2256 opiﬁcem
1381 2188 1666 2243 formicam
1695 2190 1762 2254 ⁸⁸,
1799 2204 1864 2243 ac
1895 2205 1993 2259 per

416 2287 538 2326 eam
592 2273 750 2328 nobis
793 2283 1076 2331 actuosam
1111 2276 1254 2330 viam
1299 2276 1606 2333 describit:
1660 2294 1809 2334 nunc
1863 2294 1995 2334 vero

415 2365 677 2433 sapientis
729 2365 958 2436 apicula:
1017 2367 1068 2420 in
1111 2367 1382 2438 ﬁngendis
1426 2369 1567 2426 favis
1611 2385 1876 2440 organum
1903 2371 1990 2424 ὀε

415 2470 479 2507 ac
539 2471 635 2524 per
691 2471 812 2511 eam
903 2459 1208 2513 naturalem
1280 2461 1794 2530 contemplationem
1866 2477 1994 2532 sug-

414 2546 592 2615 gerit,
651 2549 706 2601 in
758 2565 866 2618 qua
930 2551 1090 2603 etiam
1159 2549 1228 2605 de
1289 2560 1480 2605 sancta
1554 2551 1824 2608 Trinitate
1887 2553 1991 2608 do-

413 2637 590 2690 ctrina
650 2639 1016 2707 admiscetur;
1075 2641 1345 2712 siquidem
1416 2659 1482 2699 ex
1538 2659 1722 2699 rerum
1786 2653 1992 2701 creata-

412 2742 534 2781 rum
570 2729 974 2799 pulchritudine
1009 2732 1119 2803 90
1159 2735 1552 2790 convenienter
1595 2744 1814 2791 creator
1856 2751 1985 2791 con-

413 2822 705 2877 sideratur.
764 2822 870 2878 Sed
932 2823 1046 2893 jam
1106 2827 1297 2896 gratiis
1363 2828 1502 2882 actis
1553 2827 1702 2882 Patri
1755 2835 1809 2883 et
1850 2826 1989 2882 Filio

2097 1999 2256 2072 φέρει
2286 1999 2361 2070 (2)
2391 1999 2483 2052 τὸν
2524 1999 2948 2069 ἀνεπαίσχυντον
2988 1996 3226 2068 ἐργάτην
3259 1995 3350 2048 τὸν
3381 1994 3666 2066 μύρμηκα,

2097 2093 2192 2146 καὶ
2225 2093 2291 2146 δι’
2326 2091 2490 2148 αὐτοῦ
2527 2092 2625 2162 τὴν
2665 2091 2976 2162 πρακτικὴν
3003 2093 3138 2161 ἡμῖν
3170 2089 3288 2143 ὁδὸν
3323 2087 3629 2158 ὑπογράφει
3652 2103 3666 2116 ·

2098 2185 2304 2239 ποτὲδέ
2332 2184 2393 2238 τὺ
2412 2185 2512 2255 τῆς
2535 2184 2705 2255 σοφῆς
2735 2184 2987 2255 μελίττης
3008 2201 3076 2254 κη
3085 2182 3381 2254 ρόπλαστον
3404 2182 3634 2251 ὄργανον
3651 2196 3668 2213 ·

2099 2278 2194 2330 καὶ
2233 2277 2300 2329 δι’
2329 2276 2500 2346 αὐτῆς
2536 2276 2612 2345 (3)
2644 2275 2878 2344 φυσικὴν
2923 2273 3153 2344 θεωρίαν
3190 2273 3499 2334 αἰνίττεται,
3534 2271 3592 2322 ὲν

2098 2371 2192 2423 καὶ
2236 2371 2265 2422 6
2319 2370 2445 2440 περὶ
2488 2370 2586 2439 τῆς
2631 2368 2793 2435 ἁγίας
2834 2367 3060 2439 Τριάδος
3103 2367 3432 2434 ἐγκέκραται
3476 2364 3668 2430 λόγος’·

2099 2462 2254 2532 εἴπερ
2306 2463 2369 2514 ἐκ
2428 2460 2692 2530 καλλονῆς
2754 2458 3067 2528 κτισμάτων
3117 2456 3392 2524 ἀναλόγως
3443 2458 3471 2508 6
3513 2471 3669 2522 γενε-

2099 2552 2350 2624 σιουργὺς
2391 2553 2696 2621 θεωρεῖται.
2748 2548 2888 2601 Ἀλλ’
2915 2549 3407 2620 εὐχαριστήσαντες
3436 2546 3512 2616 (4)
3557 2546 3670 2598 Ila-

2096 2642 2188 2713 οπερ)⁵
2238 2644 2333 2696 καὶ
2377 2642 2489 2713 Υίῴ
2518 2644 2618 2696 ’καὶ
2661 2641 2801 2712 ἁγίῳ
2843 2639 3149 2710 Πνεύματι,
3186 2640 3360 2710 πέρας
3393 2637 3670 2707 ἐπιθῶμεν

2095 2735 2174 2806 τῷ
2219 2736 2528 2808 γράμματιο
2578 2735 2766 2809 ἐπειδὴ
2801 2735 2908 2788 πᾶν
2959 2735 3154 2806 μέτρον
3206 2733 3448 2805 ἄριστον,
3497 2730 3592 2785 καὶ
3632 2731 3669 2799 ἡ

2095 2827 2364 2900 παροιμία
2395 2825 2578 2898 φησίν.

413 2925 467 2968 et
503 2916 729 2986 Spiritui
791 2927 1004 2986 sancto,
1075 2919 1237 2976 ﬁnem
1290 2923 1640 2992 imponamus
1689 2923 1938 2979 litteris:
1977 2923 2248 2996 siquidem
2300 2923 2494 2978 modus
2543 2923 2745 2987 omnis,
2808 2929 2867 2976 ut
2913 2922 3077 2977 etiam
3107 2927 3188 2976 est
3254 2919 3309 2973 in
3359 2914 3670 2986 proverbio,

413 3005 653 3074 optimus
680 3014 784 3062 est.

952 3149 1283 3210 EPISTOLA
1312 3152 1439 3211 -lX'.

2664 3159 3009 3213 ΕΠΙΣΤΟΛΗ
3046 3155 3127 3212 Θ’.

413 3288 1382 3370 “Edeﬁtfiﬁtiie{ﬂammarant
1402 3296 1756 3370 arimsriqrum
1780 3298 2036 3370 δομρηιηι».
2052 3312 2192 3370 suam
2213 3300 2272 3350 de
2312 3297 2529 3370 υἰοηιιδίὶ
2551 3295 3105 3370 4¹ατμμςιτθυξρενὲριίι
3126 3294 3371 3370 iudicium
3398 3293 3676 3370 Prom?!

475 3355 536 3404 de
557 3353 708 3426 sintiii
727 3356 989 3426 secundum
1009 3354 1280 3426 essentiam.
1312 3353 1559 3408 Invitat-ut
1581 3359 1646 3409 ad
1669 3373 1720 3412 se
1742 3359 1899 3413 veniat
1923 3353 2036 3426 (sibi
2057 3361 2187 3414 enim
2208 3353 2531 3426 wgrotam'i-et
2554 3359 2716 3412 latenti
2740 3359 2789 3410 in
2811 3353 3068 3410 solitudine
3091 3353 3330 3423 integrum
3365 3353 3460 3407 non
3479 3353 3583 3408 esse
3604 3355 3672 3405 ait

474 3429 584 3466 eum
603 3413 716 3478 ire),
739 3422 821 3465 aut
842 3415 1014 3466 saltem
1043 3416 1238 3467 scribat.

909 3541 1144 3597 Maximo
1173 3542 1499 3614 philosopho.
2004 3561 2060 3618 ὀ

486 3657 538 3712 l.
563 3655 830 3726 imagines
850 3673 973 3713 vere
990 3659 1296 3713 animorum
1313 3669 1440 3714 sunt
1457 3675 1760 3718 sermones.
1781 3663 1990 3734 Cogno-

413 3746 594 3801 vimus
627 3747 811 3816 itaque
843 3756 897 3802 te
918 3762 982 3802 ex
1014 3748 1231 3808 litteris.
1261 3757 1549 3818 quantum,
1579 3753 1755 3819 aiunt,
1787 3769 1854 3808 ex
1883 3771 1986 3809 un-

412 3839 612 3912 gulius
651 3840 894 3895 leonem:
934 3841 1216 3912 gavisique
1255 3859 1446 3898 sumus
1470 3883 1484 3907 ,
1532 3845 1679 3914 quod
1714 3849 1990 3901 inveneri-

412 3945 536 3986 mus
591 3937 643 3984 te
690 3929 837 3984 haud
885 3931 1126 4001 segniter
1171 3931 1426 3986 allectum
1457 3949 1584 4004 erga
1629 3936 1887 4004 primaria
1926 3953 1991 3991 ac

413 4019 649 4072 maxima
676 4019 838 4081 bona,
863 4019 1208 4073 dilectionem
1238 4018 1329 4074 Dei
1353 4027 1406 4072 et
1434 4021 1687 4089 proximi.
1720 4021 1987 4076 Indicium

415 4117 596 4164 antem
634 4109 865 4165 facimus
895 4111 1058 4179 hujus
1095 4111 1353 4181 quidem,
1383 4120 1530 4165 tuam
1575 4113 1630 4165 in
1663 4128 1763 4168 nos
1792 4113 1988 4167 huma-

414 4203 658 4267 nitatem,
697 4201 845 4258 illius
871 4218 1018 4268 vero,
1045 4202 1285 4258 studium
1312 4204 1572 4258 scientiae.
1597 4203 1788 4258 Omnia
1809 4212 1989 4258 autem

415 4297 472 4349 in
507 4295 593 4350 his
619 4295 832 4351 duobus
879 4296 1056 4368 poSita
1099 4315 1255 4362 esse,
1293 4299 1427 4353 nulli
1472 4299 1678 4356 Christi
1722 4301 1990 4370 discipulo

416 4387 661 4457 ignOtum
694 4398 799 4444 est.

486 4480 540 4532 2.
583 4479 847 4534 Czeterum
880 4497 1001 4552 quae
1035 4484 1279 4552 postulas
1324 4483 1569 4556 Dionysii
1621 4487 1822 4555 scripta
1846 4525 1860 4546 ,
1896 4501 1990 4540 ve-

416 4585 548 4626 nere
583 4571 674 4625 illa
712 4572 930 4642 quidem
969 4575 1037 4627 ad
1065 4590 1164 4629 nos
1193 4615 1207 4639 ,
1245 4584 1299 4630 et
1331 4577 1484 4632 valde
1515 4577 1718 4632 multa:
1754 4577 1848 4632 sed
1884 4593 1992 4631 non

418 4660 622 4714 adsunt
641 4659 797 4726 'libri,
825 4669 878 4716 et
902 4662 1110 4717 ideirco
1139 4680 1246 4718 non
1272 4665 1543 4721 misimus.
1564 4665 1862 4722 'Sententia
1896 4683 1993 4720 au-

417 4761 528 4805 tem
554 4751 886 4808 nostra‘haac
916 4761 1020 4808 est.
1056 4752 1175 4808 Non
1207 4757 1390 4810 omnia
1421 4756 1522 4810 viri
1555 4758 1720 4825 hujus
1754 4757 1992 4810 admira—

414 4861 572 4900 mur:
615 4848 726 4901 imo
765 4855 914 4910 sunt,
965 4861 1086 4916 quae
1116 4861 1342 4916 prorsus
1378 4849 1541 4902 etiam
1592 4847 1989 4918 imp'robemus.

412 4933 550 4989 Nam
574 4935 698 4990 fere
715 4934 863 4991 illius
889 4951 1011 5006 qua:
1030 4951 1178 4990 nunc
1203 4937 1631 5004 circumstrepit,
1671 4937 1986 5007 impietatis,

411 5026 736 5082 Anomoeam
763 5027 923 5094 dico,
962 5029 1008 5082 is
1040 5034 1157 5093 est,
1191 5037 1453 5099 quantum
1496 5028 1712 5099 quidem
1756 5031 1984 5093 scimus,

485 5181 530 5215 "
554 5181 701 5238 Psal.
729 5197 864 5246 xvn,
893 5182 982 5236 54.
1061 5181 1108 5216 ⁵⁸
1147 5179 1307 5235 Prov.
1343 5197 1417 5246 vt,
1454 5183 1505 5236 6.
1581 5183 1628 5215 ν’
1662 5184 1830 5237 Εοοιί.
1855 5200 1930 5247 xu,
1964 5185 2019 5237 5.

483 5336 501 5358 ⁸
539 5335 690 5390 Alias
717 5333 850 5389 XLI.
887 5332 1101 5405 Scripta
1130 5335 1278 5388 circa
1312 5350 1512 5389 annum
1555 5337 1678 5392 561.

485 5405 562 5478 (ξ)
596 5405 906 5478 Προφέρει.
931 5404 1178 5478 Ιιξιίῐη-εε.
1213 5405 1352 5460 Editi
1369 5407 1682 5478 προσφέρει

485 5473 564 5547 (5)
598 5475 708 5547 Kal
740 5473 816 5547 δι’
845 5475 1053 5544 αὐτῆς.
1090 5475 1160 5547 Ita
1203 5491 1336 5530 mss.
1369 5473 1509 5547 Editi
1540 5473 1646 5529 ’καὶ
1689 5476 1758 5529 δι’
1792 5473 1983 5547 αὐτοῦ.

487 5545 564 5615 (4)
613 5545 776 5598 Ἀλλ’
818 5545 1388 5613 εὐχαριστήσαντες.
1440 5546 1623 5600 Prima
1665 5562 1766 5600 vox
1804 5545 1988 5600 addita

411 5629 712 5758 “(gsiial
731 5682 1005 5754 μέγιστα.
1039 5684 1128 5741 Sic
1159 5685 1375 5744 codices
1421 5701 1554 5743 mss.
1586 5703 1792 5742 omnes.
1846 5684 1989 5740 Editi

2573 3547 2821 3616 Μαξίμῳ
2851 3535 3185 3615 φιλοσόφῳ.

2163 3665 2215 3718 1.
2257 3658 2479 3725 Εἰκόνες
2512 3660 2682 3722 ὅντως
2720 3657 2827 3713 τῶν
2863 3656 3052 3727 ψυχῶν
3079 3659 3214 3710 είσιν
3243 3656 3293 3708 οἱ
3317 3655 3482 3724 λόγοι.
3523 3655 3674 3709 Κατ-

2091 3755 2366 3826 εμόιθομεν
2417 3749 2512 3806 οὖν
2564 3770 2622 3806 σε
2661 3750 2749 3805 διὰ
2797 3749 2888 3804 τοῦ
2924 3751 3275 3821 γράμματος,
3305 3749 3450 3816 ὅσον,
3480 3748 3668 3817 φασὶν,

2091 3846 2151 3910 ἐξ
2177 3840 2384 3916 ὀνύχων
2429 3844 2517 3898 τὸν
2549 3844 2765 3897 λέοντα·
2807 3843 2902 3894 καὶ
2941 3840 3218 3911 ἥσθημεν,
3254 3840 3504 3912 εὑρόντες
3539 3856 3674 3910 περι

2089 3938 2158 3990 τὰ
2188 3937 2383 4008 πρῶτα
2424 3935 2521 3989 καὶ
2566 3935 2800 4007 μέγιστα
2826 3932 2902 4004 (5)
2944 3933 3053 3986 τῶν
3085 3931 3305 4000 ἀγαθῶν
3344 3932 3446 3985 οὐκ
3482 3929 3674 4001 ἀργῶς

2091 4027 2464 4096 διακείμενον,
2504 4026 2604 4096 τήν
2643 4042 2701 4077 τε
2735 4023 2870 4096 πρὸς
2909 4019 2999 4076 τὸν
3038 4022 3169 4074 Θεὸν
3207 4020 3427 4090 ἀγάπην
3457 4021 3550 4073 καὶ
3568 4018 3672 4072 -τὸν

2093 4118 2338 4187 πλησίον.
2392 4111 2622 4188 Σημεῗον
2667 4111 2722 4169 δέ
2755 4113 3057 4187 ποιούμεθα
3101 4114 3194 4168 τοῦ
3251 4112 3351 4183 μὲν
3395 4111 3494 4182 τὴν
3540 4110 3676 4184 περῖ

2093 4211 2240 4279 ἡμᾶς
2282 4207 2563 4278 δεξιότητά
2609 4227 2701 4262 σου
2732 4247 2747 4271 ,
2794 4206 2887 4260 τοῦ
2935 4207 2992 4260 δέ
3039 4206 3140 4278 τὴν
3171 4205 3299 4276 περ).
3343 4203 3441 4275 τὴν
3468 4201 3675 4271 γνῶσιν

2096 4304 2350 4369 σπουδήν.
2387 4303 2510 4355 ’Ότι
2540 4303 2596 4356 δὲ
2623 4304 2678 4355 ἐν
2706 4301 2851 4354 δυοῖν
2887 4301 3098 4354 τούτοιν
3129 4299 3246 4352 ἐστὶ
3274 4298 3342 4352 τὰ
3379 4297 3494 4362 ὅλα,
3525 4297 3674 4366 γνώω

2097 4411 2256 4465 ριμον
2284 4394 2447 4446 παντὶ
2479 4393 2717 4463 Χριστοῦ
2755 4391 2992 4464 μαθητῇ.
3041 4419 3049 4424 -

2165 4487 2218 4540 2.
2259 4487 2325 4536 ’Ἀ
2367 4485 2422 4537 δὲ
2469 4486 2745 4555 ἐπιζητεῖς
2795 4485 2904 4538 τῶν
2951 4484 3226 4538 Διονυσίου
3255 4482 3362 4554 (6),
3392 4478 3521 4555 ῆλθε
3570 4482 3675 4553 μὲν

2095 4577 2174 4638 εἰς
2211 4576 2357 4645 ἡμᾶς
2379 4614 2394 4635 ,
2427 4577 2521 4628 καὶ
2564 4576 2703 4628 πάνυ
2736 4574 2910 4628 πολλά
2933 4593 2944 4605 ·
2976 4569 3037 4626 οὐ
3069 4574 3299 4646 πάρεστί
3349 4590 3412 4641 γε
3455 4573 3561 4644 μὴν
3602 4571 3675 4626 τὰ

2098 4667 2312 4736 βιϐλία,
2355 4667 2544 4738 διόπερ
2590 4669 2689 4720 οὐκ
2731 4667 3147 4738 ἀπεστείλαμεν.
3182 4665 3416 4737 Ἔχομεν
3451 4666 3505 4718 δὲ
3534 4665 3678 4734 γνώι-

2099 4776 2206 4828 μης
2234 4759 2426 4822 οὕτως.
2463 4760 2536 4812 Οὐ
2573 4759 2754 4813 πάντα
2785 4757 3137 4829 θαυμάζομεν
3166 4757 3260 4811 τοῦ
3293 4757 3515 4830 ἀνδρόςο
3557 4757 3676 4811 ἔστι

2095 4849 2152 4901 δὲ
2181 4848 2216 4902 ἃ
2265 4851 2358 4904 καὶ
2412 4850 2691 4913 παντελῶς
2740 4849 3130 4922 διαγράφομεν.
3166 4846 3357 4919 Σχεδὸν
3401 4847 3510 4918 γάρ
3543 4865 3679 4900 ταυ-ι

2093 4939 2220 5010 τησὶ
2246 4939 2344 5010 τῆς
2375 4938 2470 4992 νῦν
2504 4938 3033 5010 περιθρυλλουμένης
3067 4938 3353 5002 ἀσεϐείας,
3386 4937 3483 5006 τῆς
3531 4936 3680 4989 κατὰ

2093 5031 2154 5083 τὸ
2197 5030 2471 5100 Ἀνόμοιον
2498 5031 2641 5098 λέγω
2661 5070 2676 5094 ,
2710 5025 2864 5095 οὗτός
2890 5033 3060 5094 ἐστιν,
3087 5031 3188 5084 ὅσα
3217 5046 3280 5098 γε
3307 5030 3468 5099 ἡμεῖς
3493 5030 3679 5097 ἴσμεν,

2088 5337 2182 5390 καὶ
2229 5335 2484 5406 μάλιστα.
2543 5335 2655 5406 Sic
2705 5333 2870 5406 etiam
2927 5332 3075 5406 infra
3117 5348 3148 5386 a
3197 5331 3470 5406 veteribus
3516 5327 3680 5406 libris

2087 5402 2402 5494 discrepant
2435 5406 2588 5471 editi,
2646 5405 2701 5459 in
2735 5404 2934 5475 quibus
2977 5404 3174 5474 legitur
3218 5404 3275 5455 ἐν
3319 5403 3532 5455 τούτοιν
3561 5402 3681 5454 τοῖν

2426 5546 2764 5602 Διονυσίου.
2810 5542 3015 5600 Desunt
3045 5542 3160 5598 haec
3193 5542 3248 5599 in
3285 5541 3500 5598 duobus
3539 5553 3678 5598 mss.

2088 5633 2155 5672 co
2199 5633 2265 5672 tot
2310 5633 2397 5672 us.

2088 5633 2397 5673 COGICIDUS.
