3888 6214
540 165 647 222 259

1788 153 1859 213 'S.
1898 151 2146 209 BASILII
2182 150 2398 209 MAG-NI

3702 142 3859 202 $60

497 341 501 345 ,
536 279 744 340 nudam
792 277 1135 335 divinitatem
1183 273 1468 332 accedere.
1507 272 1579 329 In
1620 271 1884 329 (eamdem
1935 277 2116 325 autem

2292 274 2347 325 ’m
2374 272 2547 325 ἐστιν
2577 267 2726 337 ἐμὸν
2756 262 2987 330 δοῦναι,
3021 263 3160 320 ἀλλ’
3192 254 3284 330 οἷς
3305 260 3665 332 ἡτοίμασται
3692 257 3860 314 ὑπὸ

484 384 499 429 'i
540 373 783 428 arbitror
822 369 1151 425 sententiam
1188 366 1397 421 dictum
1447 364 1619 420 fuisse
1644 372 1712 419 tet
1749 363 1881 418 illud
1917 378 1930 414 :
1962 360 2128 415 Pater

496 446 499 453 ‘
541 464 720 535 major
748 478 830 517 me
859 470 935 515 est
966 460 1011 492 ⁸⁸
1044 476 1058 515 :
1098 457 1233 513 illud
1257 458 1466 523 itidem,
1496 455 1619 510 Non
1654 466 1731 510 est
1761 471 1933 509 meum
1972 457 2123 517 dare,

542 558 634 615 sed
677 555 864 628 quibus
910 560 1159 621 paratum
1196 558 1275 604 est
1308 567 1341 603 a
1390 547 1552 603 Patre
1589 549 1656 601 “.
1688 546 1803 602 Hoc
1853 545 1998 602 enim
2041 552 2128 600 est

542 650 693 721 quod
731 656 786 703 et
826 646 1083 703 Christus
1129 657 1356 713 regnum
1396 641 1624 696 tradere
1675 640 1880 695 dicitur
1912 638 2024 694 Deo
2071 645 2128 693 et

543 738 694 796 Patri
726 739 813 806 ‘7;
860 752 985 793 cum
1030 735 1306 806 primitiae,
1353 748 1461 788 non
1513 732 1638 787 linis
1680 733 1773 794 sit,
1825 730 2126 786 secundum

541 831 858 893 rudiorem,
923 836 984 884 ut
1031 827 1176 890 dixi,
1228 826 1571 890 doctrinam,
1624 840 1744 895 quae
1794 823 1968 879 nostri
2016 837 2128 878 non

543 917 726 993 ipsius
769 918 895 974 Filii
926 925 1182 989 respectu
1224 916 1571 986 intelligitur.
1617 914 1772 981 Quod
1801 922 1982 969 autem
2013 913 2129 968 haec

542 1012 620 1067 ita
647 1026 706 1068 se
732 1010 955 1075 habent,
1003 1023 1196 1063 rursus
1247 1006 1536 1076 discipulis
1559 1007 1632 1078 lin
1663 1006 1817 1061 Actis
1847 1005 2128 1076 apostolo-

542 1118 666 1159 rum
743 1101 1256 1173 interrogantibus,
1313 1098 1540 1165 Quando
1602 1099 1845 1153 restitues
1908 1113 2127 1168 regnum

545 1194 743 1258 Israel,
772 1192 1089 1265 respondit,
1139 1189 1261 1244 Non
1298 1200 1374 1245 est
1417 1200 1646 1244 vestrum
1692 1205 1844 1243 nosse
1892 1196 2128 1257 tempora

541 1290 623 1346 uel
684 1295 971 1365 momenta,
1018 1301 1135 1356 qua:
1174 1284 1344 1339 Pater
1384 1285 1564 1352 posuit
1611 1284 1666 1337 in
1712 1283 1932 1353 propria
1977 1293 2126 1351 pote-

543 1390 684 1434 state
732 1380 797 1434 ⁶⁸.
844 1376 961 1432 Ηοο
1004 1383 1110 1443 est,
1163 1390 1275 1431 non
1329 1389 1521 1429 eorum
1571 1381 1679 1429 est.
1727 1372 1822 1443 qui
1872 1373 2024 1427 carni
2070 1384 2127 1429 et

542 1470 797 1543 sanguini
832 1469 1024 1540 illigati
1068 1474 1220 1531 sunt,
1270 1466 1397 1521 talis
1443 1464 1599 1535 regni
1647 1463 1909 1535 cognitio.
1935 1462 2127 1518 Posuit

541 1565 689 1620 enim
746 1564 915 1617 Pater
976 1558 1498 1630 contemplationem
1563 1557 1727 1611 istam
1786 1557 1844 1610 in
1901 1555 2126 1626 propria

2227 363 2336 418 τοῦ
2358 336 2617 431 Πατρός-ί
2648 359 2819 415 Τοῦτο
2847 359 2959 432 γάρ
2985 360 3103 413 ἐστι
3139 358 3318 413 καὶτὸ
3358 354 3694 429 παραδοῦναι
3717 336 3860 424 τὴν

2230 454 2505 527 βασιλείαν
2529 453 2620 507 τὸν
2651 452 2884 525 Χριστὸν
2912 451 2993 523 τῷ
3021 449 3139 522 Θεῷ
3177 452 3273 504 καὶ
3312 448 3486 520 Πατρί
3507 464 3521 477 ο
3557 445 3860 517 ἀπαρχὴν

2227 550 2357 603 ὄντα
2383 548 2479 602 καὶ
2524 547 2588 600 ού
2641 546 2816 611 τέλος,
2846 546 2990 599 κατά
3016 545 3115 615 τὴν
3168 543 3503 616 παχυτέραν,
3547 540 3624 604 ὡς
3656 539 3860 608 ἔφην,

2226 640 2599 705 διδασκαλίαν,
2629 640 2752 710 ἥτις
2780 639 2857 702 ὡς
2888 637 3027 711 πρὸς
3054 638 3227 709 ἡμᾶς,
3262 637 3357 690 καὶ
3395 636 3456 689 οὺ
3494 633 3631 704 πρὸς
3655 629 3860 685 αὑτὸν

2227 733 2318 786 τὸν
2352 733 2481 787 Υίὸν
2504 733 2810 801 θεωρεῖται.
2847 730 2969 784 Ὅτι
2999 729 3057 782 δὲ
3094 727 3250 782 ταῦθ’
3282 726 3454 790 οὕτως
3484 724 3620 796 ἔχει,
3649 721 3860 776 πάλιν

2229 826 2537 898 ἐρωτήσασι
2565 826 2680 887 τοῖς
2697 822 2965 894 μαθηταῖς
3006 824 3064 875 ἐν
3097 823 3219 881 ταῖς
3245 817 3485 891 Πράξεσι
3531 815 3640 870 τῶν
3675 816 3860 869 ἀποδ-

2231 916 2432 971 στόλων
2460 916 2540 971 τό’
2593 917 2746 970 Πότε
2786 912 3294 979 ἀποκαθιστανεῒς
3329 909 3446 980 τὴν
3485 908 3860 975 ,βασιλείαν

2227 1008 2310 1076 τῷ
2347 1007 2608 1078 Ἰσραὴλ,
2665 1006 2830 1079 φησίν
2849 1022 2863 1037 °
2899 1007 3024 1075 Οὐχ
3070 1003 3242 1074 ἡμῶν
3271 1004 3406 1058 ἔστι
3435 1000 3660 1072 γνῶναι
3681 1000 3860 1069 χρόδ

2228 1122 2378 1169 γους
2398 1102 2436 1170 ἢ
2463 1100 2710 1171 καιροὺς
2741 1099 2852 1168 (82)
2873 1139 2889 1164 ,
2938 1098 3070 1166 οὓς,
3097 1100 3130 1150 ὀ
3182 1094 3390 1163 Πατὴρ
3434 1094 3601 1149 ἐθετο
3632 1093 3707 1145 ἐν
3753 1088 3860 1159 τῇ

2228 1195 2349 1263 ἰδίᾳ
2378 1194 2652 1260 ἐξουσία.
2679 1191 2993 1253 Τουτέστιν,
3016 1190 3078 1243 ού
3098 1188 3208 1243 τῶν
3226 1186 3620 1257 συνδεδεμένων
3652 1185 3860 1255 σαρκὶ

2228 1291 2324 1343 καὶ
2340 1289 2536 1360 αἵματι
2566 1287 2668 1357 τῆς
2699 1284 2954 1357 τοιαύτης
2989 1282 3265 1355 βασιλείας
3289 1283 3322 1353 ἡ
3342 1280 3564 1350 γνῶσις.
3598 1277 3860 1349 Ταύτην

2228 1380 2338 1452 γὰρ
2359 1379 2457 1451 τὴν
2487 1378 2720 1450 θεωρίαν
2753 1380 2781 1431 6
2802 1377 2993 1448 Πατὴρ
3021 1374 3315 1429 ἐναπέθετο
3337 1375 3403 1443 τῇ
3433 1372 3538 1443 ἰδίᾳ
3557 1370 3811 1442 ἐξουσίᾳ
3838 1389 3856 1400 ο

2229 1472 2475 1539 ἐξουσίαν
2505 1472 2676 1541 λέγων
2698 1469 2826 1533 τοὺς
2865 1466 3372 1539 ἐξουσιαζομένους,
3414 1466 3577 1529 ίδίους
3608 1464 3688 1529 δὲ,
3728 1463 3860 1528 οὓς

2233 1564 2309 1635 μὴ
2350 1563 2572 1633 κατέχει
2611 1562 2723 1631 (85)
2754 1562 2945 1626 ἄγνοια
2972 1560 3080 1613 τῶν
3110 1560 3410 1632 κατωτέρω
3449 1557 3856 1629 πραγμάτων.

541 1661 813 1727 potestate
857 1671 871 1709 :
913 1659 1235 1723 potestatem
1280 1650 1470 1706 dicens
1507 1663 1626 1714 eos,
1664 1649 1758 1720 qui
1805 1648 1910 1704 sub
1952 1648 2127 1719 ipsius

2292 1654 2471 1726 ρόνους
2493 1656 2551 1708 δὲ
2585 1655 2679 1709 xui.
2706 1655 2933 1725 καιροὺς
2965 1655 3041 1725 μή
3069 1670 3167 1725 ,μοι
3199 1653 3311 1706 νόει
3335 1650 3649 1723 αἰσθητοὺς,
3681 1651 3860 1705 ἀλλά

543 1754 674 1803 sunt
722 1752 1044 1818 potestate;
1092 1740 1348 1814 proprios
1394 1756 1527 1798 vero
1572 1756 1691 1805 eos,
1749 1757 1891 1812 quos
1937 1756 2127 1796 rerum

542 1839 865 1896 inferiorum
910 1836 1183 1909 ignoratio
1225 1849 1334 1890 non
1380 1839 1552 1890 tenet.
1603 1831 1783 1888 Nolim
1830 1838 2015 1887 autem
2042 1831 2130 1885 in-

542 1935 756 2005 telligas
799 1941 1047 2003 tempora
1084 1938 1140 1986 et
1178 1935 1459 1984 momenta
1512 1925 1820 1992 sensibilia,
1854 1925 1949 1981 sed
1980 1940 2131 1995 quaa-

541 2026 667 2081 dam
692 2024 1026 2096 cognitionis
1069 2020 1356 2076 intervalla
1386 2034 1418 2074 a
1449 2019 1566 2075 sole
1591 2016 1926 2089 intelligibili
1962 2015 2126 2072 facta.

534 2115 770 2188 Oportet
831 2116 977 2171 enim
1030 2114 1189 2170 istam
1253 2111 1472 2168 Domini
1520 2110 1700 2167 nostri
1754 2108 2128 2182 precationem

543 2210 613 2265 ad
657 2209 819 2265 linem
858 2207 1083 2279 perduci
1131 2221 1197 2261 ac
1243 2204 1485 2276 impleri.
1518 2202 1684 2260 Jesus
1713 2202 1860 2258 enim
1899 2208 1987 2258 est
2033 2201 2127 2272 qui

541 2307 804 2375 precatus
835 2306 922 2356 est
959 2317 974 2354 :
1003 2298 1089 2352 Da
1109 2299 1210 2363 eis,
1238 2305 1296 2351 ut
1326 2306 1377 2351 et
1407 2294 1516 2366 ipsi
1541 2296 1598 2350 in
1632 2294 1781 2350 nobis
1813 2310 1976 2349 unum
1997 2294 2125 2357 sint,

541 2393 680 2449 sicut
711 2408 806 2463 ego
835 2400 886 2445 et
917 2401 996 2457 tu,
1032 2390 1218 2455 Pater,
1262 2404 1428 2443 unum
1472 2403 1658 2443 sumus
1697 2386 1763 2440 °‘.
1793 2385 1940 2441 Deus
1980 2385 2127 2441 enim

541 2500 669 2541 cum
711 2500 858 2541 unus
897 2483 992 2552 sit,
1037 2483 1086 2539 si
1130 2483 1188 2537 in
1230 2481 1462 2552 singulis
1499 2479 1688 2546 fuerit,
1730 2493 1926 2534 omnes
1957 2482 2141 2532 unum'

543 2576 749 2644 edicit;
782 2585 837 2630 et
862 2573 1425 2641 accedente_unitate,
1453 2569 1598 2642 perit
1633 2583 1919 2624 numerus.
1950 2566 2130 2636 Atque

544 2666 802 2738 equidem
841 2666 925 2721 sic
959 2678 1255 2737 aggressus
1301 2677 1423 2719 sum
1472 2662 1577 2715 hoc
1629 2660 1835 2714 dictum
1885 2658 2129 2714 secundo

540 2758 869 2815 tentamine.
900 2756 1059 2824 Quod
1106 2755 1153 2812 si
1188 2755 1315 2825 quis
1356 2753 1584 2808 meliora
1616 2751 1787 2816 dicat,
1817 2757 1912 2805 aut
1935 2757 2129 2805 nostra

542 2852 634 2924 pie
661 2849 955 2916 emendet;
1011 2855 1067 2904 et
1119 2847 1289 2912 dicat,
1334 2852 1389 2901 et
1429 2844 1705 2909 emendet,
1757 2852 1812 2899 et
1853 2857 1979 2898 eum
2027 2858 2128 2913 pro

542 2942 706 2998 nobis
737 2938 1113 2996 remunerabit
1158 2936 1443 2993 Dominus.
1472 2934 1633 2990 Nulla
1662 2935 1808 2991 enim
1844 2933 1987 3006 apud
2024 2950 2127 2990 nos

543 3033 757 3089 habitat
786 3031 1014 3095 invidia,
1046 3039 1105 3085 ut
1128 3028 1225 3100 qui
1256 3044 1359 3085 nec
1380 3028 1775 3092 contentionis,
1802 3042 1905 3083 nec
1939 3027 2126 3082 inanis

543 3125 735 3199 gloria:
775 3123 961 3181 studio
1012 3122 1081 3178 ad
1122 3123 1265 3177 hanc
1309 3122 1604 3177 verborum
1648 3120 2125 3191 investigationem

547 3217 954 3274 accesserimus
984 3232 1000 3282 ;
1050 3214 1148 3270 sed
1181 3220 1410 3285 propter
1438 3212 1673 3267 fratrum
1702 3212 2021 3279 utilitatem,
2057 3227 2128 3267 ne

558 3318 803 3366 testacea
829 3321 961 3362 vasa
999 3306 1321 3362 thesaurum
1352 3303 1448 3360 Dei
1478 3304 1737 3361 habentia
1767 3304 1840 3359 ab
1884 3304 2127 3360 homini-

2231 1746 2578 1818 διαστήματά
2590 1762 2711 1799 τινα
2730 1743 2985 1815 γνώσεως
3017 1744 3123 1798 ὑπὸ
3152 1744 3247 1798 τοῦ
3264 1743 3457 1814 νοητοῦ
3486 1742 3638 1814 ἡλίου
3672 1745 3860 1813 γινό-

2232 1855 2394 1910 μενα.
2414 1841 2506 1891 Δεῖ
2523 1838 2628 1912 γὰρ
2652 1837 2749 1909 τὴν
2772 1836 3079 1909 προσευχὴν
3097 1835 3314 1907 ἐκείνην
3337 1836 3430 1889 ἐπὶ
3446 1836 3618 1907 πέρας
3651 1836 3857 1908 ἀχθῆ-

2232 1930 2431 1987 ναιτοῢ
2458 1931 2728 1984 Δεσπότου
2765 1929 2942 2000 ἡμῶν.
2975 1929 3182 2000 Ἰησοῦς
3213 1929 3323 2000 γάρ
3339 1930 3487 1982 ἐστιν
3523 1929 3553 1981 6
3579 1944 3859 2000 προσευ-

2234 2021 2464 2094 ξάμενος
2490 2035 2505 2049 ⁶
2571 2021 2682 2088 Δὸς
2715 2021 2943 2087 αὐτοῖς,
2993 2021 3095 2075 ἵνα
3148 2024 3247 2075 καὶ
3274 2021 3449 2076 αὐτοὶ
3476 2021 3546 2075 ἐν
3578 2020 3738 2091 ’ἡμῖν
3768 2022 3860 2077 ἐν

2228 2110 2364 2179 ὦσι,
2388 2112 2585 2181 καθὼς
2597 2114 2713 2184 ἐγὼ
2733 2114 2833 2167 καὶ
2867 2113 2949 2167 σὺ
2987 2113 3058 2168 ἓν
3089 2114 3298 2184 ἐσμεν,
3342 2113 3555 2183 Πάτερ.
3590 2110 3689 2178 Εἷς
3713 2116 3860 2186 γὰρ

2230 2207 2307 2263 ὢν
2329 2209 2359 2261 6
2387 2206 2543 2271 Θεὸς,
2580 2208 2640 2260 ἐν
2681 2207 2899 2277 ἑκάστῳ
2941 2207 3247 2278 γινόμενος,
3277 2209 3389 2261 ἐνοῖ
3421 2208 3550 2272 τοὺς
3574 2208 3816 2272 πάντας
3839 2228 3859 2241 ο

2231 2302 2326 2356 καὶ
2356 2300 2653 2355 ἀπόλλυται
2683 2301 2712 2353 6
2755 2301 2989 2373 ἀριθμὸς
3016 2303 3083 2373 τῇ
3111 2301 3214 2373 τῆς
3262 2300 3489 2373 μονάδος
3525 2300 3854 2374 ἐπιδημίᾳ.

2227 2391 2404 2462 Κάγὼ
2459 2392 2558 2465 μὲν
2599 2390 2774 2456 οὕτως
2809 2392 3076 2446 ἐπέϐαλον
3115 2393 3195 2465 τῷ
3224 2391 3374 2465 ῥητῷ
3409 2392 3522 2466 (84)
3553 2392 3698 2447 κατά
3727 2394 3859 2465 τὴν

2228 2483 2487 2556 δευτέραν
2517 2481 2881 2555 ἐπιχείρησιν.
2913 2483 2977 2537 El
3005 2482 3064 2536 δέ
3084 2500 3170 2546 τις
3185 2482 3392 2554 βέλτιον
3412 2482 3582 2553 λέγοι,
3612 2483 3647 2556 ἢ
3678 2483 3859 2558 διορτ

2230 2574 2349 2647 θοίη
2372 2574 2613 2639 εὐσεϐῶς
2628 2575 2697 2628 τά
2722 2577 2986 2648 ἡμέτερα,
3013 2575 3108 2629 καὶ
3129 2575 3334 2644 λεγέτω
3348 2576 3441 2630 καὶ⁵
3459 2574 3853 2648 διορθούσθω,

2228 2667 2324 2719 καὶ
2379 2667 2409 2719 6
2450 2666 2657 2739 Κύριος
2704 2665 3075 2721 ἀνταποδὼσει
3105 2666 3246 2737 ὑπὲρ
3279 2667 3459 2738 ἡμῶν.
3499 2666 3693 2730 Οὐδεὶς
3716 2668 3857 2741 γὰρ

2230 2758 2360 2831 παρ’
2414 2760 2547 2830 ἡμῖν
2598 2757 2876 2824 αὐλίζεται
2909 2758 3122 2828 φθόνος,
3162 2758 3251 2811 ὅτι
3305 2757 3441 2829 μηδὲ
3485 2757 3856 2827 φιλονεικίας

2229 2851 2414 2904 ἐνεκεν
2446 2849 2480 2921 ἢ
2513 2850 2818 2917 κενοδοξίας
2845 2850 2955 2921 (85)
2978 2850 3072 2903 ἐπὶ
3103 2852 3261 2922 τήνδε
3294 2850 3396 2920 τὴν
3427 2848 3680 2914 ἐξέτασιν
3716 2852 3856 2906 τῶν

2232 2942 2492 3014 ῥημάτων
2556 2941 2989 3011 κεχωρήκαμεν·
3027 2938 3144 2992 ἀλλ’
3173 2938 3447 3008 ὠφελείας
3483 2940 3670 2993 ἕνεκεν
3712 2941 3855 2994 τῶν

2232 3031 2498 3103 ἀδελφῶν,
2552 3032 2695 3103 ὑπὲρ
2747 3032 2841 3085 τοῦ
2905 3031 2981 3103 μὴ
3027 3031 3221 3085 δοκεῖν
3248 3029 3703 3103 παρακρούεσθαι
3771 3032 3859 3087 τὰ

2233 3124 2534 3195 ὀστράκινα
2563 3121 2755 3194 σκεύη,
2793 3121 2864 3175 τὰ
2898 3121 2990 3175 τὸν
3025 3121 3297 3194 θησαυρὸν
3322 3122 3518 3193 ἔχοντα
3539 3121 3636 3176 τοῦ
3659 3122 3854 3189 Θεοῦ,

2234 3216 2340 3269 ὑπὸ
2371 3216 2479 3270 τῶν
2536 3213 2893 3286 λιθοκαρδίων
2945 3215 3041 3268 καὶ
3077 3215 3469 3287 ἀπεριτμήτων
3493 3213 3856 3287 ἀνθρώπιον,

2235 3307 2341 3360 τῶν
2376 3308 2443 3359 ἐκ
2460 3304 2563 3376 τῆς
2583 3306 2774 3376 μωρᾶς
2799 3304 3160 3376 ὡπλισμένων
3186 3305 3402 3376 σοφίας.

545 3399 652 3456 bus
685 3413 851 3461 saxeo
895 3397 1063 3454 corde
1096 3396 1340 3467 praeditis
1400 3404 1456 3453 et
1495 3396 1925 3462 incircumcisis,
1999 3396 2096 3467 qui
2133 3411 2202 3453 ex
2241 3400 2409 3455 stulta
2464 3398 2732 3468 sapientia
2795 3400 2993 3452 armati
3062 3408 3234 3465 sunt,
3294 3398 3691 3455 circumveniri
3770 3401 3859 3453 vi-

540 3496 800 3551 deantur.

620 3586 675 3640 8.
717 3583 934 3640 Rursus
982 3599 1079 3655 per
1123 3583 1429 3655 sapientem
1491 3581 1841 3638 Salomonem
1897 3582 1953 3636 in
1993 3580 2131 3637 Pro-

2306 3581 2361 3637 8.
2396 3582 2567 3635 Πάλιν
2598 3580 2687 3635 διὰ
2707 3579 2803 3634 τοῦ
2829 3580 2994 3651 σοφοῦ
3025 3581 3371 3653 Σολομῶντος
3399 3588 3457 3639 ἐν
3490 3586 3855 3659 Παροιμίαις

539 3677 749 3734 verbiis
790 3684 1010 3732 creatus
1041 3684 1145 3733 est.
1185 3676 1446 3731 Dominus
1491 3677 1653 3740 enim,
1689 3676 1889 3746 inquit,
1936 3677 2128 3731 creavit

2292 3690 2496 3729 ιτισται.
2530 3674 2744 3742 Κῧριος
2794 3673 2925 3744 γὰρ,
2964 3675 3148 3747 φησὶν,
3182 3675 3389 3730 ἐκτισέ
3399 3695 3498 3747 με.
3534 3679 3647 3731 Καὶ
3676 3682 3852 3756 ἀρχὴ

544 3788 626 3826 me
651 3771 719 3826 ⁷⁸.
755 3768 823 3823 Et
867 3769 1087 3824 initium
1120 3770 1338 3825 viarum
1386 3768 1826 3838 evangelicarum
1877 3770 2131 3824 nomina-

2234 3765 2369 3818 ὁδῶν
2391 3765 2761 3835 εύαγγελικῶν
2787 3766 3136 3837 ὀνομάζεται,
3149 3768 3398 3837 ἀγουσῶν
3412 3772 3558 3842 ἡμᾶς
3571 3773 3716 3843 πρὸς
3734 3776 3855 3849 τὴν

543 3869 655 3925 tur,
687 3875 811 3931 quas
861 3874 964 3915 nos
1011 3856 1080 3912 ad
1120 3872 1351 3927 regnum
1400 3855 1673 3910 caelorum
1720 3855 1978 3919 ducunt;
2022 3869 2128 3907 non

2292 3857 2515 3910 ισιλείαν
2538 3856 2646 3910 τῶν
2692 3858 2960 3930 οὐρανῶν,
2987 3858 3048 3911 ού
3088 3861 3208 3913 κατ’
3235 3860 3424 3914 οὐσίαν
3460 3862 3659 3927 κτίσις,
3685 3866 3857 3923 ἀλλὰ

552 3951 855 4007 secundum
901 3949 1200 4006 essentiam
1238 3956 1517 4009 creatura,
1552 3947 1648 4001 sed
1687 3947 1987 4001 secundum
2019 3946 2136 4000 dis-

543 4045 927 4116 pensationem
954 4043 1132 4096 factus
1164 4041 1274 4098 via.
1304 4039 1440 4094 Nam
1477 4041 1683 4110 factum
1714 4056 1847 4105 esse,
1893 4046 1949 4094 et
1981 4056 2131 4093 crea-

545 4141 658 4188 tum
683 4149 814 4200 esse,
849 4133 994 4187 idem
1021 4131 1353 4201 signiﬁcant.
1388 4129 1592 4187 Factus
1629 4140 1716 4186 est
1756 4133 1902 4185 enim
1934 4140 2128 4200 quate-

2237 3946 2380 4001 κατὰ
2406 3947 2504 4017 τὴν
2532 3947 2840 4019 οἰκονομίαν
2882 3948 3003 4012 ὁδὸς
3038 3949 3296 4019 γεγονώς.
3339 3952 3413 4005 Τὸ
3440 3954 3548 4024 γὰρ
3582 3960 3853 4026 γετονέ-

2236 4055 2359 4103 ναι,
2412 4039 2506 4090 καὶ
2557 4038 2619 4091 τὺ
2664 4038 2955 4104 ἐκτίσθαι,
2983 4043 3177 4094 ταυτὸν
3221 4042 3389 4114 δηλοῖ.
3440 4046 3528 4109 Ὡς
3567 4045 3685 4120 γάρ
3713 4051 3854 4116 ὁδὸς

2233 4130 2446 4198 γέγονε,
2482 4131 2577 4183 καὶ
2600 4129 2759 4202 θύρα,
2797 4133 2891 4185 καὶ
2914 4133 3136 4204 ποιμὴν,
3156 4138 3250 4188 καὶ
3273 4136 3522 4205 ἄγγελος,
3561 4143 3659 4195 καὶ
3691 4148 3850 4217 πρό-

547 4242 655 4281 nus
688 4227 776 4280 via
805 4234 858 4279 et
883 4226 1052 4294 janua
1099 4236 1154 4280 et
1188 4234 1378 4295 pastor
1420 4233 1477 4279 et
1512 4225 1742 4279 nuntius
1786 4232 1841 4279 et
1882 4226 2021 4290 ovis,
2065 4238 2128 4279 ac

2292 4237 2434 4287 ιτον,
2489 4227 2584 4276 καὶ
2635 4223 2798 4276 πάλιν
2848 4226 3145 4297 ἀρχιερεὺς
3197 4230 3292 4283 καὶ
3337 4231 3637 4298 ἀπόστολος
3661 4255 3677 4268 ο
3736 4240 3847 4293 ἀλ..

545 4329 744 4369 rursus
810 4315 1057 4383 pontifex
1120 4321 1175 4369 et
1232 4315 1562 4383 apostolus;
1622 4315 1944 4370 nominibus
2005 4315 2130 4370 aliis

545 4420 647 4478 pro
673 4406 778 4459 alia
811 4406 1204 4461 considerandi
1233 4406 1447 4461 ratione
1475 4407 1695 4477 positis.
1735 4407 1949 4463 Rursus
1998 4407 2126 4477 quid

547 4499 695 4554 dicat
726 4498 1013 4553 haereticus
1053 4499 1163 4569 87
1211 4499 1279 4553 de
1311 4514 1421 4553 non
1467 4498 1717 4568 subjecto
1748 4498 1879 4562 Deo,
1921 4508 1976 4555 et
2004 4514 2131 4570 pro.

546 4599 670 4660 pter
715 4605 816 4644 nos
871 4590 1014 4644 facto
1064 4590 1328 4659 peccato?
1390 4589 1667 4660 Scriptum
1717 4606 1952 4661 namque
1991 4599 2126 4645 cst:

545 4679 681 4738 Cum
712 4681 949 4752 subjecta
993 4682 1193 4751 fuerint
1223 4680 1309 4735 illi
1343 4683 1544 4743 omnia,
1577 4691 1700 4736 tunc
1727 4691 1777 4736 et
1806 4685 1921 4752 ipse
1948 4681 2129 4736 Filius

545 4770 811 4838 subjectus
852 4771 954 4823 erit
994 4772 1063 4835 ei,
1117 4771 1209 4839 qui
1254 4769 1479 4839 subjecit
1527 4770 1630 4825 sibi
1676 4772 1856 4825 omnia
1899 4771 1968 4826 ’⁸.
2008 4770 2129 4825 Non

546 4859 727 4921 times,
762 4874 796 4914 o
829 4858 1011 4919 homo.
1045 4876 1171 4914 cum
1205 4858 1352 4916 Deus
1394 4876 1506 4915 non
1548 4861 1839 4931 subjectus
1883 4862 2126 4932 appella-

546 4951 669 5003 turl
710 4948 883 5005 Tuam
938 4952 1084 5006 enim
1136 4952 1573 5021 subjectionem,
1629 4970 1786 5009 suam
1849 4954 2020 5020 facit;
2072 4961 2129 5009 et

2234 4312 2342 4366 λων
2372 4312 2482 4385 (86)
2516 4316 2637 4367 κατ’
2660 4314 2827 4385 ἀλλην
2872 4317 3116 4372 ἐπίνοιαν
3159 4319 3268 4372 τῶν
3312 4321 3593 4395 ὀνομάτων
3628 4333 3849 4402 κειμέο

2234 4423 2360 4459 νων.
2394 4406 2459 4458 Τί
2481 4404 2546 4459 ἂν
2578 4405 2725 4459 εἴποι
2764 4407 2927 4461 πάλιν
2965 4411 2994 4462 6
3022 4411 3300 4482 αἱρετικὸς
3334 4414 3463 4485 περὶ
3499 4415 3594 4469 τοῦ
3622 4419 3852 4475 ἀνυπο-

2233 4496 2433 4551 τάκτου
2484 4497 2642 4562 Θεοῦ,
2686 4499 2781 4552 καὶ
2816 4499 2912 4553 τοῦ
2942 4500 3008 4554 δι’
3034 4504 3183 4572 ἡμᾶς
3218 4504 3492 4576 ἁμαρτίαν
3525 4516 3853 4584 γεγενημέ-

2234 4607 2361 4658 νου;
2423 4591 2738 4662 Γέγραπται
2795 4594 2933 4665 γάρ’
2991 4594 3176 4650 Ὅταν
3220 4600 3496 4669 ὑποταγῇ
3547 4605 3720 4669 αὐτῷ
3768 4609 3851 4663 τὰ

2234 4678 2450 4744 πάντα,
2480 4682 2616 4734 τότε
2671 4682 2771 4735 καὶ
2831 4683 3068 4750 αὐτὸςὸ
3106 4686 3239 4752 Υἱὸς
3272 4691 3725 4758 ὑποταγήσεται
3759 4697 3850 4764 τῷ

2230 4772 2601 4836 ὑποτάξαντι
2649 4775 2810 4840 αὑτῷ
2861 4778 2934 4831 τὰ
2973 4778 3302 4858 πάντα..ού
3346 4784 3508 4854 φοϐῇ,
3544 4785 3847 4855 ἄνθρωπε,

2230 4863 2483 4956 τὸνιΘεὸν
2535 4866 2913 4921 ἀνυπότακτον
2948 4870 3397 4943 ὀνομαζόμενον;
3433 4876 3544 4948 Τὴν
3588 4879 3707 4952 γὰρ
3736 4885 3849 4956 σὴν

2230 4955 2509 5027 ὑποταγὴν
2535 4956 2670 5011 ἰδίαν
2698 4963 2953 5027 ποιεῖται,
2977 4966 3072 5017 καὶ
3091 4965 3149 5017 ἐν
3168 4964 3247 5035 τῷ
3268 4966 3585 5021 ἀντιτείνειν
3605 4986 3669 5022 σε
3694 4976 3852 5044 πρὸς

620 5101 665 5134 ⁸⁵
694 5101 1134 5188 ἀρρηκξιιγλὶε.
1210 5104 1474 5188 ⁸⁸)ξαιι11.
1516 5123 1608 5173 xx,
1655 5107 1740 5162 50.
1820 5107 1865 5139 ⁸⁷
1893 5108 1914 5162 Ι
1943 5106 2071 5164 Cor.
2117 5128 2128 5165 1

2292 5110 2344 5165 4.
2423 5111 2469 5143 ⁸⁸
2496 5112 2620 5169 Act.
2658 5130 2697 5178 ι,
2734 5115 2791 5180 6,
2848 5116 2898 5173 7.
2977 5119 3021 5151 ⁶⁹
3053 5117 3214 5176 Joan.
3252 5137 3383 5187 xvn,
3410 5125 3502 5179 21.
3580 5126 3626 5157 τ’
3661 5126 3843 5188 Prov.

546 5185 668 5235 Vm,
705 5174 794 5228 22.
871 5175 915 5206 “
948 5175 1116 5230 lCor.
1143 5193 1232 5240 xv,
1257 5175 1350 5231 28.

773 5295 846 5371 :Ig
872 5297 1135 5371 γαιρούς.
1154 5294 1271 5371 _Sic
1299 5312 1433 5371 mss.
1464 5295 1614 5371 Ἐξᾱίιί
1636 5298 1742 5371 ,καὶ
1763 5298 2007 5371 καιρούς.

620 5363 732 5445 (ﬁ?!)
765 5364 882 5445 931’s
903 5366 994 5445 liii
1012 5365 1284 5445 ,κατέιείο
1327 5363 1557 5445 “sui”!
1584 5369 1663 5440 μὴ
1693 5363 1926 5445 μετέκέι·

621 5430 735 5501 (84)
778 5430 1107 5490 Ἐπέὄιιλον
1131 5430 1211 5501 τῷ
1227 5431 1410 5504 ῥητῷ.
1441 5430 1631 5491 Melior
1651 5430 1870 5494 'videtur
1899 5441 2013 5495 hac
2036 5456 2129 5496 ve-

549 5505 727 5579 terum
750 5505 1001 5560 codicum
1024 5506 1296 5576 scriptura
1328 5522 1493 5577 quam
1522 5511 1740 5579 vulgata
1768 5510 2039 5565 ἀπέλαϐον
2068 5512 2131 5566 τὸ

552 5571 737 5643 ῥητόν.

2312 5301 2424 5373 (85)
2451 5303 2832 5379 Κενρδοξίας.
2856 5305 2953 5379 Sic
2978 5322 3110 5362 mss.
3142 5306 3280 5362 Edili
3307 5309 3627 5379 φιλοδοξίας.
3656 5312 3848 5373 Paulo

2241 5372 2524 5448 posthcod.
2559 5372 2691 5444 Reg.
2738 5377 2813 5448 μὴ
2846 5378 3021 5431 δοκεῖν
3055 5372 3502 5448 περικρούέσθαι.

2313 5444 2423 5510 (86)
2459 5444 2899 5502 Ἀλλωνζιιὶιὶιί
2933 5444 3142 5502 addunt
3181 5444 3259 5509 δέ.
3294 5454 3387 5507 sed
3417 5456 3570 5509 deest
3596 5455 3652 5509 in
3689 5472 3840 5514 mss.

2239 5510 2559 5636 ἷᾷιέιῇξιοιει
2582 5515 2828 5587 ἁμαρτία
2848 5518 3215 5589 γεγενημένου
3245 5523 3298 5578 in
3316 5522 3442 5578 cod.
3468 5521 3629 5596 ch.;
3654 5510 3849 5602 άεῐᾱρἒ

2334 5616 2357 5646 ξ
2390 5616 2486 5636 uas
2502 5616 2534 5636 ιο
