3888 6214
95 265 171 321 261
1048 254 1541 314 ΕΡιετοιιΑιιυΜ
1579 252 1630 312 σ

1792 251 1869 309 FIS
1897 252 1946 309 1.
1987 249 2208 308 EPIST.
2239 248 2377 308 Vlll.
3218 244 3327 302 969

98 378 175 447 τὴν
217 371 444 446 ἀρετὴν,
492 370 868 427 ἀνυπότακτον
911 372 1116 428 ἑαυτὸν
1157 372 1434 444 ὀνομάζει.
1497 372 1633 427 Οὖτο

1796 372 1901 428 uod
1925 379 1984 426 tu
2012 371 2305 428 reluctaris
2335 368 2600 424 adversus
2627 366 2909 432 virtutem,
2940 367 3182 439 seipsum
3217 384 3329 424 non

101 469 201 522 ποτὲ
224 468 313 521 καὶ
364 466 558 520 ἑαυτὸν
614 465 716 538 ἔφη
751 460 888 519 εἶναι
930 465 1023 520 τὸν
1070 466 1419 538 διωκόμενον.
1453 467 1636 521 Σαῦλε

1797 465 2062 534 ῖιιῇεριιιῐη
2096 462 2366 517 nominat.
2406 460 2481 514 Ita
2526 459 2825 531 aliquando
2850 468 2904 516 et
2930 461 3170 531 seipsum
3199 459 3332 516 dicit

100 559 203 629 γὰρ,
235 557 396 628 φησι,
432 557 636 611 Σαῦλε
658 597 674 621 ,
714 556 772 608 τί
800 572 877 624 με
922 555 1188 622 diceresic;
1228 556 1392 627 ἡνίκα
1427 555 1521 632 ἐστὶ
1546 559 1635 609 Δα-

1798 571 1878 611 sse
1926 554 2297 627 persecutioni
2349 552 2667 607 obnoxium.
2718 551 2809 605 Ait
2861 553 3007 608 enim
3058 572 3072 607 :
3130 550 3333 619 Saule,

104 648 276 718 μασκὺν
306 648 495 719 ἔτρεχε
530 648 667 719 (87),
703 648 827 710 τοὺς
854 646 1102 717 μαθητὰς
1135 647 1229 700 τοῦ
1259 646 1499 720 Χριστοῦ
1528 665 1639 701 συν⁴

1798 648 1935 709 aule.
1970 649 2097 719 quid
2142 665 2223 702 me
2256 648 2582 717 persequeris
2630 648 2721 701 "?
2771 662 2895 701 cum
2942 646 3195 700 videlicet
3226 644 3333 701 Da~

100 742 230 811 δῆσαι
262 740 606 811 βουλόμενος.
644 742 757 793 Καὶ
781 740 946 793 πάλιν
977 739 1180 794 ἑαυτὸν
1210 740 1416 811 γυμνὸν
1450 741 1635 813 ὀνομά-

1800 754 1997 794 iascum
2057 745 2327 803 curreret,
2385 738 2590 794 Christi
2640 738 2945 808 discipulos
2984 737 3190 792 vincire
3236 753 3335 792 vo-

102 832 303 897 ζει,ἐνὸς
326 849 472 894 τινος
500 831 609 884 τῶν
631 831 875 900 ἀδελφῶν
903 832 1361 903 γυμνητεύοντος.
1410 833 1637 902 Γυμνὸς

1799 845 1890 882 ns.
1940 828 2006 884 Et
2054 845 2250 884 rursus
2301 830 2545 900 seipsum
2600 832 2807 883 nudum
2855 835 3047 892 vocat,
3086 830 3334 907 si’unus

99 926 208 993 τὰρ,
234 926 417 995 φησὶν,
441 923 626 994 ἢμην,
663 924 761 977 καὶ
793 923 1175 992 περιεϐάλετέ
1213 942 1312 994 με.
1358 925 1468 978 Καὶ
1488 925 1634 980 ἄλλοι

1798 922 1954 991 liquis
1990 937 2058 976 ex
2088 921 2354 975 fratribus
2396 921 2576 975 nudus
2603 921 2892 976 exstiterit.
2933 918 3127 975 Nudus
3171 922 3333 989 enim,

101 1019 147 1070 ὲν
167 1017 362 1089 φυλακῇ
385 1017 560 1081 ὄντος,
588 1018 781 1070 ἑαυτὸν
810 1017 914 1086 ἔφη
939 1013 1078 1071 εἶναι
1116 1018 1208 1071 τὸν
1231 1017 1636 1090 καθειργμένον.

1801 1015 1948 1083 ιιιιιίι,
1972 1030 2140 1075 eram,
2161 1022 2211 1067 et
2243 1014 2586 1082 rooperuistis
2618 1030 2697 1067 me
2726 1014 2793 1069 ⁷⁸.
2831 1012 2984 1075 Item.
3023 1029 3146 1067 cum
3191 1013 3336 1069 alius

97 1110 242 1175 Αὐτὸς
263 1111 370 1183 γὰρ
404 1112 503 1175 τὰς
550 1110 823 1181 ἁμαρτίας
844 1110 1002 1182 ἡμῶν
1046 1106 1172 1183 ἦρε,
1208 1112 1303 1165 καὶ
1334 1112 1433 1176 τὰς
1460 1112 1632 1174 νόσους

1801 1121 2059 1160 icarcere
2087 1111 2360 1169 versatur,
2416 1107 2657 1174 seipsum
2703 1105 2983 1158 inclusum
3026 1120 3150 1159 esse
3183 1104 3336 1161 dicit.

100 1202 353 1257 ἐϐάστασε.
404 1203 520 1257 Μία
550 1202 609 1255 δὲ
655 1203 762 1256 τῶν
790 1201 1088 1257 ἀσθενειῶν
1113 1205 1230 1257 ἐστι
1258 1205 1352 1258 καὶ
1389 1207 1422 1276 ἠ
1446 1207 1635 1258 averto-

1798 1212 1873 1252 ise
1900 1198 2044 1251 enim
2072 1207 2298 1265 peccata
2334 1207 2520 1251 nostra
2551 1198 2693 1258 tulit,
2724 1205 2778 1251 et
2808 1197 3030 1250 morbos
3068 1198 3333 1265 portavit.

97 1292 260 1357 ταξίαο
308 1296 407 1349 καὶ
459 1296 668 1366 ταύτην
717 1296 1008 1350 ἐϐάστασε.
1054 1297 1146 1351 Διὸ
1178 1299 1273 1351 καὶ
1318 1297 1388 1351 τὰ
1419 1297 1632 1368 συμϐαί-

1804 1304 1874 1341 na
1905 1296 2087 1341 autem
2117 1303 2185 1341 ex
2219 1288 2632 1342 inﬁrmitatibus
2668 1294 2752 1341 est
2785 1287 2931 1355 quod
2957 1287 3190 1353 subjecti
3224 1302 3336 1341 non

99 1403 230 1440 νοντα
256 1388 383 1457 ἡμῖν
412 1388 775 1459 περιστατικὰ
800 1388 1139 1442 ίδιοποιεῖται
1164 1392 1193 1443 ὁ
1217 1388 1439 1460 Κύριος,
1459 1390 1525 1442 ἐκ
1551 1390 1634 1461 τῆς

1806 1396 1928 1434 mus
1962 1397 1978 1445 ;
2008 1389 2061 1434 et
2084 1380 2226 1434 hanc
2252 1381 2510 1450 portavit.
2550 1380 2896 1449 Quapropter
2933 1386 2989 1433 et
3018 1394 3110 1433 res
3146 1378 3341 1434 adver-

99 1480 209 1549 πρὸς
253 1482 397 1551 ἡμᾶς
449 1481 736 1545 κοινωνίας
791 1481 859 1535 τὰ
894 1482 1141 1554 ἡμέτερα
1188 1483 1345 1554 ’πάθη
1403 1483 1634 1555 ἀναδεχό

1806 1486 1865 1532 ιε,
1895 1485 2017 1539 qum
2052 1472 2212 1528 nobis
2235 1473 2517 1536 accidunt,
2553 1472 2803 1542 proprias
2830 1486 2962 1526 suas
2995 1471 3127 1526 facit
3153 1471 3341 1527 Domi-

76 1587 257 1640 ,μενος
1752 1576 1899 1617 nus:
1952 1564 2022 1616 ob
2069 1579 2189 1618 eam
2240 1580 2405 1633 quam
2457 1566 2743 1619 nobiscum
2792 1565 2956 1619 habet
2996 1566 3341 1635 societatem,

1755 1655 2135 1723 perpessiones
2170 1664 2391 1712 nostras
2433 1658 2765 1726 suscipiens.

154 1747 199 1805 θ.
236 1749 390 1804 Ἀλλὰ
422 1752 519 1804 καὶ
555 1750 637 1813 τὺ,
670 1752 753 1804 Οὐ
795 1750 1046 1804 δύναται
1074 1751 1112 1803 ὁ
1154 1750 1287 1815 Υἱὸς
1323 1749 1517 1804 ποιεῖν
1546 1749 1647 1819 ἀφ’
1682 1740 1689 1793 Ι

1821 1746 1874 1800 9.
1919 1746 2023 1801 Sed
2080 1756 2134 1802 et
2195 1749 2329 1803 illud
2364 1789 2380 1809 ,
2443 1748 2567 1802 Non
2598 1759 2765 1819 potest
2797 1747 2978 1804 Filius
3023 1748 3198 1819 facere
3225 1766 3257 1802 a
3287 1762 3343 1801 se

97 1839 287 1894 ἑαυτοῦ
312 1840 517 1901 οὐδὲν,
558 1839 924 1911 λαμϐάνουσιν
963 1841 1012 1893 oi
1056 1839 1315 1911 θεομάχοι
1344 1842 1437 1894 ὲπὶ
1482 1858 1632 1893 κατα¹

1806 1836 2141 1906 iidquam",
2196 1847 2464 1908 usurpant
2512 1839 2602 1893 Dei
2663 1840 2850 1894 hostes
2904 1840 2970 1893 ad
3003 1840 3341 1894 audientium

86 1936 279 2003 στροφῇ
314 1932 419 1985 τῶν
441 1932 766 1985 ἀκουόντων.
806 1932 961 2003 Ἑμώ¹
992 1931 1048 1984 δὲ
1086 1931 1181 1986 καὶ¹
1209 1930 1367 1985 τοῦτο
1391 1931 1452 1984 τὸ
1486 1931 1620 2003 ῥητὸ

1807 1930 2114 1984 'ersionem.
2156 1930 2286 1985 Mihi
2347 1940 2619 1985 autemet
2680 1933 2783 1986 hoc
2837 1933 3045 1987 dictum
3101 1931 3342 1985 maxime

104 2024 307 2092 μάλιστα
328 2023 689 2092 καταγγέλλει
711 2024 811 2095 τῆς
832 2022 1004 2094 αὐτῆς
1028 2023 1245 2093 φύσεως
1259 2020 1397 2077 εἶναι
1422 2024 1513 2077 τὸν
1526 2024 1639 2076 Tibi

1803 2022 1994 2074 aclarat
2047 2022 2293 2090 ejusdem
2347 2034 2561 2076 natura:
2596 2039 2717 2078 esse
2764 2023 2961 2077 Filium
2994 2038 3058 2077 ac
3096 2021 3338 2077 Patrem.

98 2114 162 2184 τῷ
190 2114 375 2185 Πατρξ.
407 2114 471 2166 Et
508 2113 620 2185 γὰρ
660 2113 887 2186 ἕκαστον
916 2114 1025 2167 τῶν
1069 2112 1304 2182 λογικῶν
1336 2113 1633 2183 κτισμάτωγ

1806 2115 1992 2178 Lenim,
2047 2116 2091 2168 si
2156 2130 2498 2185 unaquaeque
2551 2116 2897 2169 rationalium
2964 2122 3341 2169 creaturarum

100 2202 292 2257 δύναταί
329 2222 381 2257 τι
431 2208 605 2257 ποιεῖν
634 2202 726 2274 ἀφ’
755 2204 970 2269 ἑαυτοῦ,
1007 2205 1354 2272 αὐτεξούσιον
1391 2204 1511 2275 ἕχον
1540 2205 1635 2275 (88ξ

1868 2205 1957 2257 uid
2021 2218 2052 2257 a
2109 2204 2288 2275 seipsa
2348 2205 2527 2259 facere
2582 2213 2793 2275 potest,
2841 2205 3010 2260 libere
3071 2204 3128 2258 in
3183 2204 3345 2274 pejus
3397 2242 3403 2249 -

100 2299 181 2367 τὴν
210 2300 296 2352 ἐπὶ
331 2298 393 2352 τὸ
429 2298 609 2369 χεῖρόν
648 2316 709 2352 τε
733 2299 827 2352 καὶ
867 2302 1114 2371 κρεῖττον
1147 2299 1354 2370 ῥοπὴν,
1385 2300 1414 2352 ὁ
1436 2299 1491 2351 δὲ
1528 2299 1635 2360 Tibi:

1811 2298 2021 2352 eliusve
2092 2297 2408 2361 inclinans,
2463 2296 2636 2353 Filius
2686 2304 2869 2351 autem
2915 2312 3025 2351 non
3083 2302 3264 2367 potest
3311 2309 3346 2351 a

83 2389 150 2441 ~05
177 2389 384 2445 δύναταί
418 2409 473 2443 τι
511 2393 687 2444 ποιεῖν
729 2391 820 2459 ἀφ’
843 2391 1046 2445 ’ἑαυτοῦ
1069 2408 1085 2422 ·
1112 2392 1173 2444 οὐ
1207 2392 1416 2462 κτίσμα
1446 2394 1475 2445 ὁ
1500 2392 1618 2456 Υἱός

1809 2389 2050 2459 :metipso
2079 2389 2376 2459 quidquam
2415 2388 2630 2450 facere;
2713 2386 2889 2445 Filius
2923 2397 3179 2444 creatura
3232 2402 3344 2444 non

100 2482 152 2533 Εί
179 2481 228 2533 δὲ
256 2482 329 2554 μὴ
353 2483 585 2553 κτίσμα,
632 2482 916 2553 ὁμοούσιος
958 2482 1036 2554 τῷ
1082 2482 1279 2554 Πατρί.
1315 2484 1426 2535 Καὶ
1468 2482 1630 2537 πάλιν

1812 2489 1857 2533 .ι.
1898 2479 2055 2544 Quod
2086 2479 2133 2532 si
2182 2487 2434 2534 creatura
2465 2496 2574 2534 non
2614 2489 2720 2544 est,
2774 2478 2921 2534 Patri
2978 2488 3063 2536 est
3110 2480 3347 2535 consub-

100 2574 230 2627 οὐδὲ)
268 2574 377 2628 τῶν
407 2576 726 2646 κτισμάτων
766 2575 835 2628 τὰ
880 2575 980 2628 ὅσα
1010 2575 1261 2645 βούλεται
1300 2574 1555 2653 δύναται..
1595 2576 1635 2630 ⁸(

1813 2572 2052 2627 antialis.
2118 2570 2198 2626 Ac
2228 2586 2421 2627 rursus
2450 2612 2465 2636 ,
2503 2572 2652 2626 nulla
2693 2582 2946 2628 creatura
2977 2572 3348 2643 quodcunque

87 2665 145 2719 ‘Gé
179 2667 296 2731 Υἱὸς
327 2671 385 2721 ὲν
429 2668 511 2739 τῷ
550 2667 765 2739 οὐρανῷ
802 2668 898 2721 καλ⁸
938 2668 1031 2720 ἐπὶ
1059 2668 1160 2738 τῆς
1204 2667 1308 2738 γῆς
1348 2668 1526 2722 πάντα
1555 2669 1622 2721 ὅσ

1813 2664 1873 2715 ιΙι
1904 2702 1919 2726 ,
1966 2668 2148 2731 potest
2198 2659 2411 2715 edicere
2448 2678 2461 2714 :
2496 2658 2669 2715 Filius
2721 2668 2903 2713 autem
2959 2660 3147 2713 omnia
3199 2672 3348 2728 qua-

99 2753 356 2826 ὴθέλησεν,
405 2755 697 2826 ἐποίησεν·
730 2758 830 2810 οὐκ
881 2756 989 2828 ἄρα
1021 2757 1228 2827 κτίσμα
1279 2759 1308 2811 ὁ
1338 2757 1489 2822 Υἱός.
1545 2760 1634 2812 κα

1813 2768 1973 2823 mque
2015 2751 2229 2816 voluit,
2264 2750 2391 2805 fecit
2433 2751 2489 2804 in
2535 2750 2676 2804 coelo
2720 2756 2775 2803 et
2822 2751 2879 2803 in
2911 2757 3054 2803 terra
3085 2767 3099 2804 :
3127 2764 3238 2803 non
3264 2756 3348 2805 est

94 2844 256 2905 πάλιν,
287 2847 468 2899 πάντα
510 2847 581 2900 τὰ
608 2846 883 2918 κτίσματα
912 2848 947 2917 ἢ
995 2849 1060 2899 ὲκ
1091 2847 1200 2901 τῶν
1244 2850 1502 2903 ἐναντίων
1534 2867 1628 2904 συν

1816 2845 1927 2898 itur
1959 2851 2212 2898 creatura
2254 2840 2450 2896 Filius.
2487 2840 2786 2895 Et’iterum
2807 2880 2823 2906 ,
2856 2848 3124 2895 creatura:
3157 2854 3348 2895 omnes

100 2935 319 3007 ἔστηκεν,
353 2939 388 3010 ἢ
421 2938 537 2991 τῶν
576 2938 835 2993 ἐναντίων
869 2940 984 2992 ἐστὶ
1028 2939 1275 2993 δεκτικά.
1314 2941 1374 2993 '0
1424 2941 1481 2994 δὲ
1536 2941 1635 2993 Tibi

1814 2941 1854 2988 ιι
1883 2941 2140 2990 constant
2171 2950 2238 2989 ex
2272 2932 2596 2997 contrariis,
2632 2939 2725 2984 aut
2781 2933 3184 2986 contrariorum
3219 2938 3349 2985 sunt

92 3029 547 3101 οὖτοδικαιοσύνη,
578 3032 671 3084 καὶ
697 3030 859 3094 dum;
900 3033 1078 3084 ἐστιν·
1113 3033 1214 3085 οὐκ
1243 3032 1353 3103 ἄρα
1387 3036 1594 3104 κτίσμα
1626 3062 1627 3071 ι

1816 3041 2012 3097 ipaces.
2054 3025 2227 3081 Filius
2254 3040 2385 3079 vero
2415 3032 2501 3079 est
2536 3025 2654 3094 ipsa
2677 3024 2895 3093 justitia
2916 3065 2930 3088 ,
2964 3031 3021 3079 et
3060 3038 3090 3077 a
3119 3024 3351 3078 materia

102 3118 226 3185 Tag.
249 3124 311 3176 Et
333 3124 392 3178 δὲ
436 3122 517 3195 μὴ
545 3122 725 3187 τοῦτο,
755 3122 1038 3194 ὁμοούσιος
1066 3121 1145 3194 τῷ
1174 3122 1370 3193 Πατρί.

1815 3129 2009 3174 :cretus
2045 3134 2058 3171 :
2091 3118 2322 3190 proinde
2352 3116 2525 3171 Filius
2579 3126 2831 3171 creatura
2878 3131 2986 3170 non
3039 3124 3144 3171 cst.
3191 3113 3350 3182 Quod

918 3242 931 3256 -
1760 3211 1808 3265 si
1838 3219 2088 3265 creatura
2114 3225 2224 3265 non
2256 3217 2341 3265 est
2368 3250 2382 3273 ,
2414 3208 2903 3265 consubstantialis
2926 3216 3010 3263 est
3036 3205 3209 3262 Patri.

155 3295 232 3350 10.
251 3298 361 3354 Καὶ
395 3298 543 3370 αὕτη
575 3298 678 3370 μὲν
706 3298 984 3371 αὐτάρκης
999 3301 1131 3371 ἡμῖν
1157 3302 1190 3371 ἠ
1224 3299 1488 3365 ἐξέτασις,
1517 3299 1660 3355 κατὰ

1832 3304 1919 3359 10.
1964 3302 2069 3359 Sed
2098 3304 2213 3375 jam
2273 3302 2492 3373 quidem
2550 3303 2688 3358 satis
2738 3316 2841 3372 pro
2878 3301 3091 3357 viribus
3142 3314 3347 3371 propoo

101 3382 179 3453 τὴν
198 3385 423 3460 δύναμιν
452 3389 561 3460 τὴν
580 3390 855 3461 ἡμετέραν
881 3389 990 3443 τῶν
1013 3389 1278 3443 τεθέντων
1307 3391 1636 3463 ῥητῶν.’Ήδτ

1819 3405 1866 3451 ta
1920 3398 2067 3452 dicta
2123 3397 2559 3468 explanavimus.
2608 3393 2727 3448 Jam
2785 3394 3046 3463 deinceps
3085 3393 3248 3447 etiam
3285 3389 3354 3447 ad

92 3471 144 3525 ἃ
162 3476 336 3533 λοιπὸν
367 3496 470 3533 και
502 3480 644 3550 πρὸς
672 3481 797 3543 τοὺς
827 3480 1245 3544 ἀντιπίπτοντας
1273 3481 1352 3552 τῷ
1384 3480 1627 3551 Πνεῦματ

1818 3505 1860 3544 is
1893 3491 1987 3560 qui
2042 3486 2305 3559 Spiritum
2359 3494 2615 3543 sanctum
2656 3494 3001 3556 oppugnant,
3040 3497 3353 3540 sermonem

101 3567 162 3637 τῷ
203 3571 342 3642 ἁγίῳ
386 3571 470 3642 τῷ
501 3572 650 3642 λόγῳ
703 3573 1043 3644 χωρήσωμεν
1078 3572 1221 3645 (89),
1262 3573 1636 3644 καθαιροῦντε

1823 3595 2191 3647 invertamus,
2250 3589 2310 3634 ut
2363 3594 2582 3634 onmem
2650 3578 2820 3631 animi
2873 3590 3064 3632 eorum
3110 3572 3358 3629 altitudi-

101 3660 252 3713 αὐτῶν
292 3664 401 3716 πᾶν
448 3663 659 3733 ὕψωμα
708 3663 947 3727 διανοίας
977 3665 1341 3736 ἐπαιρόμενον
1383 3665 1525 3718 κατὰ
1561 3665 1631 3735 τῆ

1821 3692 1910 3742 ειη,
1947 3690 2070 3746 quae
2097 3690 2156 3730 se
2190 3682 2384 3729 contra
2420 3673 2516 3729 Dei
2549 3672 2917 3745 cognitionem
2951 3670 3186 3735 effert",
3218 3668 3356 3737 deji-

96 3751 325 3820 γίοώσεως
376 3756 477 3810 τοῦ
514 3754 674 3809 Θεοῦ.
724 3757 944 3822 κτίσμα
991 3757 1172 3826 λέγεις
1227 3759 1290 3811 τὸ
1334 3758 1560 3829 Πνεῦμα
1600 3773 1631 3810 τ

1821 3782 1994 3823 amus.
2030 3766 2293 3835 Spiritum
2331 3774 2581 3820 sanctum
2617 3773 2926 3820 creaturam
2965 3762 3126 3817 dicis.
3163 3760 3356 3815 Omnis

98 3841 248 3909 ἅγιον.
289 3848 407 3901 Πᾶν
445 3848 509 3902 δὲ
565 3846 772 3919 κτίσμα
819 3848 1002 3902 δοῦλόν
1036 3852 1155 3903 ἐστι
1198 3849 1291 3903 τοῦ
1341 3850 1628 3913 κτίσαντος

1821 3868 1949 3915 item
1983 3868 2234 3913 creatura
2280 3873 2437 3912 serva
2467 3867 2550 3913 est
2585 3856 2867 3911 Creatoris
2908 3869 2921 3906 :
2958 3853 3153 3910 Omnia
3192 3853 3354 3917 enim,

106 3937 168 3991 Τὰ
189 3938 293 4007 γὰρ
329 3942 689 4012 σύμπαντα,
717 3943 872 4013 φησι,
910 3941 1105 3997 δοῦλα
1145 3941 1246 3997 σά.
1291 3943 1354 3995 Et
1391 3942 1448 3996 δὲ
1480 3942 1641 3996 δοῦλόε

1829 3946 1971 4016 quit,
2005 3954 2126 3998 sunt
2159 3961 2308 3999 serva
2342 3954 2433 3996 tua
2449 3943 2516 3996 ⁷⁸.
2552 3941 2607 3996 Si
2627 3955 2774 3995 'vero
2799 3954 2992 3995 servus
3017 3946 3122 4000 est,
3154 3938 3357 3991 adven-

104 4027 217 4091 ἐστι,
260 4034 357 4085 καὶ
387 4034 693 4105 ἐπίκτητον
739 4032 854 4104 ἔχει
902 4033 1001 4104 τὴν
1055 4034 1349 4106 ἁγιότητα·
1396 4035 1505 4087 πᾶν
1545 4033 1603 4086 δὲ
1638 4064 1639 4073 ι

1820 4033 1945 4085 liam
1996 4046 2215 4100 quoque
2245 4029 2406 4082 habet
2443 4027 2789 4081 sanctitatem
2829 4039 2842 4075 :
2876 4021 3142 4093 quidquid
3174 4029 3355 4074 autem

98 4118 365 4194 {aiam-.101:
398 4124 521 4195 ἔχει
562 4124 660 4194 τὴν
693 4125 959 4196 ἀγιότητα
978 4164 993 4188 ,
1032 4126 1135 4179 οὐκ
1163 4125 1514 4180 ἀνεπίδεκτον
1551 4127 1633 4177 εστ

1818 4121 2118 4175 lventitiam
2155 4119 2501 4174 sanctitatem
2533 4117 2718 4176 habet,
2751 4129 2923 4184 capax
2961 4120 3046 4168 est
3100 4112 3353 4165 malitiae:

104 4213 304 4279 κακίας·
330 4217 394 4270 τὸ
420 4217 482 4270 δὲ
508 4216 739 4287 Πνεῦμα
762 4217 823 4269 τὸ
851 4218 1027 4285 ἆγιον,
1050 4218 1172 4270 κατ’
1196 4217 1384 4271 οὐσίαν
1404 4217 1463 4270 ὂν
1492 4217 1639 4286 ἅγιον

1820 4250 1826 4265 .
1877 4211 2117 4281 Spiritus
2168 4220 2432 4273 sanctus,
2502 4223 2624 4264 cum
2691 4207 2993 4262 secundum
3053 4204 3355 4259 essentiam

105 4306 232 4377 πηγὴ
255 4309 537 4380 ἀγιασμοῦ
577 4309 1047 4381 προσηγόρευται·
1081 4310 1183 4363 οὐκ
1215 4310 1326 4382 ἄρα
1369 4310 1576 4381 κτίσμα
1609 4327 1640 4362 τ

1825 4313 1998 4358 metus
2025 4304 2128 4368 sit,
2162 4302 2283 4355 fons
2315 4301 2623 4370 appellatur
2667 4298 2980 4352 sanctitatis
3005 4297 3050 4327 ⁷⁷
3081 4314 3094 4348 :
3132 4311 3240 4349 non
3272 4302 3360 4349 est

104 4394 301 4471 Πνεῦμα
331 4403 394 4455 τὸ
417 4404 603 4471 ἆγιον.
638 4402 703 4454 Ei
741 4401 799 4453 δὲ
835 4401 909 4473 μὴ
945 4403 1174 4472 κτίσμα,
1213 4401 1504 4473 ὁμοούσιόν
1553 4404 1639 4455 ὲστ

1829 4396 1939 4449 itur
1967 4403 2219 4449 creatura
2266 4392 2505 4462 Spiritus
2538 4399 2787 4445 sanctus.
2833 4388 2987 4457 Quod
3027 4388 3070 4442 si
3103 4394 3360 4441 creatura

105 4487 168 4557 τῷ
195 4490 322 4562 Θεῷ.
350 4493 483 4557 Πῶς
516 4493 579 4546 δὲ
597 4491 783 4545 δοῦλον
815 4472 1136 4557 ἀποκαλεῖς,
1171 4472 1293 4546 είπέ
1326 4510 1435 4564 μοι,
1468 4492 1559 4545 τὸν
1582 4492 1640 4545 διε

1828 4505 1886 4543 an
1919 4497 2025 4543 est.
2086 4472 2576 4541 consubstantialis
2621 4491 2707 4539 est
2754 4481 2884 4537 Deo.
2937 4481 3225 4547 Quomodo
3263 4494 3363 4533 au-

107 4582 183 4635 τοῦ
216 4584 596 4658 βαπτίσματος
631 4586 1018 4659 ἐλευθεροῦπά
1047 4603 1108 4639 σε
1149 4586 1249 4656 τῆς
1286 4584 1568 4650 δουλείας;
1608 4585 1642 4638 't

1829 4598 1885 4636 cm
1950 4595 2165 4636 servum
2213 4594 2423 4643 vocas,
2470 4577 2561 4632 dic
2605 4575 2739 4630 mihi
2769 4614 2784 4638 ,
2836 4590 2997 4637 eum,
3050 4573 3141 4642 qui
3175 4580 3228 4625 te
3265 4585 3364 4640 per

106 4674 197 4742 γὰρ
220 4679 419 4748 νόμος,
450 4678 618 4748 φησὶ,
648 4677 755 4731 τσῦ
786 4680 1133 4748 Πνεύματος
1154 4676 1266 4745 τῆς
1303 4675 1452 4743 ζωῆς
1490 4676 1641 4743 ἡλευ

1828 4673 2109 4742 iptismum
2157 4687 2188 4726 e
2224 4671 2489 4726 servitute
2535 4668 2767 4724 eximit?
2797 4665 2962 4731 Nam,
3008 4664 3222 4734 inquit,
3278 4663 3363 4716 lea:

107 4764 299 4834 θέρωσέ
334 4787 413 4840 με
461 4768 580 4840 (90)
628 4769 745 4824 ἀπὸ
796 4769 901 4823 τοῦ
947 4771 1138 4838 ’νόμου
1197 4766 1311 4836 τῆς
1361 4767 1642 4836 ἁμαρτίας

1828 4764 2014 4830 piritus
2061 4763 2181 4817 vin
2219 4763 2462 4816 liberavit
2523 4776 2604 4814 me
2661 4777 2695 4813 a
2755 4759 2863 4828 lege
2908 4755 3188 4826 peccati".
3253 4752 3363 4809 Sed

113 4856 235 4911 Ἀλλ’
263 4862 379 4915 οὐδὲ
408 4861 665 4934 τρεπτὴν
692 4860 856 4915 αὑτοῦ
893 4878 1021 4915 ποτε
1045 4859 1143 4932 τὴν
1169 4859 1357 4912 οὐσίαν
1381 4857 1648 4928 τολμήσειε

1827 4871 1956 4925 aque
2003 4855 2319 4910 mutabilem
2352 4852 2578 4907 audebis
2632 4866 2871 4921 unquam
2912 4848 3033 4917 ejus
3065 4845 3362 4901 essentiam

108 4951 283 5018 εἰπεῖν,
316 4954 550 5025 ἀφορῶν
586 4954 669 5016 εἰς
693 4953 793 5024 τὴν
830 4953 992 5022 φύσιν
1035 4951 1136 5023 τῆς
1164 4948 1551 5021 ἀντικειμένης
1582 4949 1643 5003 δυ

1827 4949 1996 5013 icere;
2052 4949 2098 5002 si
2158 4945 2323 5000 modo
2375 4944 2443 4998 ad
2493 4942 2750 5014 potentiae
2803 4941 3048 4995 adversae
3107 4944 3362 4991 naturam

108 5157 135 5209 4
164 5088 349 5214 "1ft;-
375 5107 453 5156 IX.
477 5090 538 5145 4ο
621 5087 881 5213 "gauli.
910 5105 1036 5153 xxv,
1062 5087 1155 5143 '56.
1231 5089 1279 5121 ⁷⁸
1311 5087 1474 5143 Joan.
1517 5106 1586 5151 v,
1623 5087 1709 5143 l9.
1785 5089 1830 5121 ⁷⁸
1860 5085 1904 5140 ll
1936 5088 2062 5143 Cor.
2094 5102 2126 5140 κ
2149 5129 2165 5150 ,
2203 5086 2256 5142 5.
2332 5086 2382 5118 ⁷⁸
2418 5085 2561 5139 Psal.
2605 5099 2773 5140 cxvut
2797 5121 2813 5138 .
2848 5080 2939 5135 9|.
3015 5079 3061 5111 "
3100 5077 3260 5131 Rom.
3301 5092 3360 5138 ι,

140 5200 151 5212 ι
332 5177 451 5215 om.
496 5176 605 5215 vm
632 5198 648 5215 .
723 5199 738 5212 .

168 5314 275 5389 (8η
293 5320 576 5389 Ἐτρεχε.
610 5314 831 5389 Addunt
870 5314 1270 5389 εάἰιίλξκεϊνος,
1300 5312 1403 5389 _sed
1432 5312 1586 5389 deest
1619 5312 1676 5366 in

1830 5311 2125 5389 51s€060t0v
2153 5311 2249 5365 καὶ
2280 5311 2403 5382 ῐσην
2431 5308 2553 5381 ἔχον
2578 5309 2673 5362 ἐπὶ
2696 5305 2756 5360 τὸ
2787 5307 2968 5376 χεῖρον
2990 5303 3085 5358 καὶ
3115 5303 3365 5373 κρεῖττον

111 5384 222 5442 mss.
247 5384 421 5445 Paulo
452 5384 589 5460 post
618 5386 750 5440 editi
784 5384 1165 5456 περιεϐάλλετε
1185 5399 1200 5412 ·
1264 5384 1422 5438 aliter
1451 5384 1507 5436 in
1538 5398 1646 5438 mss

114 5455 323 5505 Subinde
355 5461 487 5505 and-
527 5455 689 5505 Harl.
724 5455 1008 5505 ἀσθενείας
1037 5468 1138 5505 nro
1167 5452 1459 5505 ἁμαρτίας.

1782 5384 1975 5505 ροῗῧὶο
1993 5448 2386 5505 Χωοήσωιιεν.
2425 5447 2516 5502 Sic
2541 5463 2674 5504 mss.
2706 5446 2848 5502 Editi
2874 5445 3216 5505 γωρήσομεν.
3241 5440 3285 5495 Ν

114 5441 487 5514 δυὺίιιάενεὸιιῗ
527 5441 689 5510 Harl.
724 5441 1008 5517 ἀσθενείας
1037 5468 1138 5524 pro
1167 5452 1459 5524 ἁμαρτίας.

1850 5441 1964 5524 (89)
1993 5448 2386 5524 Χωρήσωμενς.
2425 5447 2516 5524 _S_ic
2541 5463 2677 5524 mss.
2702 5446 2848 5524 Editi
2874 5445 3216 5524 χωρήσομεν.
3241 5441 3363 5524 Ιῗοιι

168 5512 724 5598 (δεμῠὲέξούοῖιρν
767 5526 933 5598 ἐκεῖνο
983 5512 1106 5598 Hice
1139 5512 1303 5598 γ’εὲβρ
1336 5531 1391 5579 ει
1415 5512 1554 5598 fail-te
1585 5538 1674 5577 se-

1826 5512 1959 5598 iuth
1990 5512 2110 5598 post
2137 5512 2218 5598 _ex
2252 5512 2396 5598 ὀοιίζ
2427 5518 2578 5598 Harl.
2614 5518 2798 5598 addita
2834 5512 2971 5572 sunt
3013 5512 3125 5569 llaec
3172 5512 3361 5582 verba,

116 5588 324 5662 quitntur
339 5588 532 5672 usque
562 5596 638 5672 ad
667 5588 884 5657 ἱεια,ὀὺ
908 5595 1116 5672 κτίσμα
1135 5593 1331 5672 ὁΥίός,
1364 5588 1651 5672 addidimu:

1389 5588 1676 5672 idd_id_imus
1780 5591 1973 5672 πᾶν
1992 5588 2348 5672 ίΞ-επίκτῃτον
2371 5588 2484 5672 ἔχει
2515 5588 2924 5672 τὴχὰγιότητᾳ.

118 5652 169 5717 ἐκ
192 5652 634 5755 τοιῆῐῇξξξθσυί
678 5652 953 5723 consentit
981 5652 1154 5730 Harl"
1187 5652 1481 5735 nisi"un
1515 5663 1649 5719 habe

1614 5669 1676 5718 »ει
1850 5662 1963 5733 (90)
2005 5652 2528 5731 Ἡλευθέρωσέ’με.
2566 5652 2636 5714 Σέ
2685 5652 2740 5715 in
2765 5652 2981 5715 duobus
3014 5670 3149 5713 mss.
