3888 6214
512 211 624 270 ’65

1865 199 1927 255 S.
1968 195 2209 254 BASlLll
2251 194 2462 253 HAGNI

3677 188 3812 246 εει

455 372 465 381 .
511 325 782 397 respicias
804 365 818 390 ,
849 338 974 395 qua:
1004 321 1237 393 fulguris
1269 320 1324 375 in
1357 333 1566 375 morem
1590 334 1622 374 e
1644 318 1787 372 cmlo
1819 318 1970 388 lapsa
1997 326 2103 382 est,

2209 319 2445 389 νάμεως,
2468 319 2611 389 ἥτις,
2640 317 2715 381 ὡς
2741 310 3020 388 ἀστραπὴ,
3050 310 3339 367 πέπτωκεν
3367 303 3477 363 ἀπὸ
3508 307 3601 361 τοῦ
3627 308 3817 381 οὖρα-

512 428 568 473 ct
608 433 735 472 vera
772 418 882 471 vita
916 415 1141 480 excidit,
1192 421 1486 485 propterea
1519 411 1666 481 quod
1728 408 1960 462 ascitam
2011 422 2108 461 ex-

514 518 843 577 ternamqne
893 507 1241 562 sanctitatem
1278 504 1510 564 habuit,
1549 501 1930 568 successitque
1972 512 2108 551 con-

515 602 642 656 silio
670 601 813 653 malo
854 598 1105 652 mutatio.
1148 596 1339 664 Itaque
1374 604 1728 663 posteaquam
1753 591 1867 661 88
1898 599 1953 644 et
1987 588 2107 643 uni-

519 704 630 749 tate
661 691 884 755 excidit,
946 698 999 743 et
1062 688 1366 759 angelicam
1404 685 1605 754 abjecit
1636 685 1962 752 dignitatem
1986 722 1999 745 ,
2038 698 2107 736 ex

519 790 765 843 moribus
816 788 996 841 dictus
1047 793 1131 839 est
1200 783 1498 847 diabolus,
1563 782 1835 834 exsdncto
1886 778 2107 848 quidem

517 879 706 949 priore
746 893 810 930 ac
845 878 1004 931 beato
1042 874 1264 933 habitu.
1311 873 1546 926 excitata
1578 886 1708 925 vero
1752 872 1980 923 adversa
2014 869 2106 921 illa

528 969 789 1037 potentia.
818 967 899 1020 Ad
925 968 1040 1020 haec
1069 967 1113 1020 si
1145 963 1412 1035 Spiritum
1439 970 1696 1017 sanctum
1729 962 1864 1016 dicit
1885 969 2106 1014 creatu-

515 1073 661 1121 ram,
709 1057 1184 1125 circumscriptam
1222 1069 1288 1108 ac
1317 1053 1523 1107 ﬁnitam
1557 1053 1704 1106 illius
1736 1060 1989 1104 naturam
2029 1050 2109 1102 in-

513 1146 689 1201 ducit.
748 1148 1036 1213 Quomodo
1092 1161 1223 1214 ergo
1274 1145 1439 1199 stabit
1507 1145 1637 1197 illud
1680 1159 1693 1194 :
1729 1142 1964 1210 Spiritus
2003 1139 2108 1193 Do-

518 1239 649 1291 mini
698 1237 913 1305 replevit
942 1236 1120 1290 orbem
1155 1244 1418 1288 terrarum
1442 1233 1531 1286 "‘1
1567 1232 1700 1287 illud
1725 1247 1961 1302 quoque,
1990 1231 2107 1297 Quo

513 1328 601 1383 ibo
637 1345 672 1382 a
706 1327 914 1398 Spiritu
947 1339 1036 1381 tuo
1060 1328 1105 1360 ⁸⁸
1142 1325 1299 1381 ‘lSed
1325 1340 1503 1396 neque
1531 1326 1709 1394 ipsum
1743 1331 1940 1377 natura
1970 1327 2104 1378 sim-

516 1420 738 1490 plicem,
795 1426 857 1473 ut
909 1425 1167 1489 apparet,
1201 1415 1512 1471 conﬁtetur.
1568 1415 1710 1471 Dicit
1741 1416 1887 1469 enim
1924 1415 2106 1485 ipsum

517 1526 750 1566 numero
782 1526 973 1564 unum.
1006 1508 1283 1579 Quidquid
1319 1516 1499 1562 autem
1532 1522 1701 1561 unum
1734 1521 1968 1561 numero
1997 1513 2103 1571 est,

518 1600 597 1666 id,
632 1609 691 1654 ut
725 1600 862 1658 dixi.
916 1601 1147 1670 simplex
1183 1615 1293 1654 non
1344 1606 1448 1655 est.
1486 1596 1544 1652 Si
1575 1609 1704 1653 vero
1736 1598 1964 1668 simplex
1993 1613 2103 1652 non

517 1701 606 1748 est
637 1690 875 1763 Spiritus
906 1702 1129 1746 sanctus
1152 1731 1167 1756 ,
1200 1706 1267 1746 ex
1295 1689 1537 1746 essentia
1569 1697 1623 1744 et
1650 1662 1940 1744 sanctitate
1975 1704 2104 1744 con-
2138 1662 2180 1721 Β

508 1793 627 1843 stat
673 1804 686 1840 :
736 1785 882 1855 quod
917 1791 1099 1839 autem
1130 1790 1215 1839 est
1264 1783 1557 1853 ejusmodi,
1597 1785 1962 1851 compositum
1995 1792 2099 1836 est.

514 1875 624 1930 Sed
656 1875 782 1946 quis
805 1876 940 1930 adeo
970 1876 1197 1929 demens
1226 1872 1413 1939 fuerit,
1447 1883 1507 1927 ut
1546 1871 1815 1942 Spiritum
1847 1884 2099 1928 sanctum

521 1968 671 2022 dicat
703 1967 1069 2037 compositum
1095 2008 1112 2032 ,
1149 1980 1215 2020 ac
1238 1981 1350 2020 non
1399 1964 1730 2034 simplicem,
1759 1976 1814 2018 et
1867 1963 2017 2035 Patri
2049 1973 2104 2018 et

514 2055 659 2113 Filio
708 2057 1236 2114 consubstantialem
1265 2056 1568 2112 secundum
1606 2055 1979 2126 simplicitatis
2024 2071 2105 2110 ra-

514 2148 763 2206 tionem?

586 2277 675 2333 il.
717 2276 875 2344 Quod
912 2282 961 2333 si
1017 2293 1272 2334 sermone
1325 2277 1790 2349 progrediendum
1817 2285 1935 2341 est,
1981 2292 2100 2331 ma-

510 2369 745 2439 ioraque
791 2369 1137 2439 inspicienda
1160 2408 1177 2434 ,
1210 2369 1341 2423 hinc
1387 2370 1627 2423 maxime
1649 2367 1890 2421 divinam
1921 2369 2099 2423 sancti

516 2457 760 2529 Spiritus
808 2461 1111 2530 potentiam
1167 2461 1622 2530 contemplemur.
1672 2457 1803 2513 Tria
1861 2459 2101 2515 creatio-

517 2567 649 2605 nmn
705 2566 906 2622 genera
971 2551 1027 2605 in
1065 2549 1352 2620 Scriptura
1404 2551 1687 2605 nominata
1737 2551 2096 2607 invenimus:

517 2656 689 2695 unum
741 2639 963 2711 quidem
1019 2655 1083 2695 ac
1135 2640 1405 2711 primum,
1456 2657 1521 2696 ex
1567 2640 1739 2696 nihilo
1780 2643 2101 2711 productio-

515 2746 683 2799 nem;
735 2729 1036 2785 seeundum
1083 2744 1254 2794 vero,
1314 2746 1383 2785 ex
1437 2730 1625 2800 pejore
1666 2731 1721 2786 in
1754 2732 1950 2787 melius
1996 2733 2100 2786 im-

519 2823 914 2889 mutationem;
987 2822 1249 2886 tertium,
1301 2823 1768 2877 resurrectionem
1850 2835 2098 2878 mortuo-

2208 411 2322 477 νοῦ,
2358 412 2453 464 καὶ
2482 411 2704 478 ἐξέπεσε
2734 409 2833 481 τῆς
2866 409 3035 470 ὅντως
3073 406 3238 476 ζωῆς,
3265 404 3352 458 διά
3385 402 3448 456 τὸ
3494 403 3818 473 ἐπίκτητον

2207 504 2500 575 ἐσχηκέναι
2550 504 2649 572 τὴν
2694 503 2992 573 ἀγιότητα,
3026 498 3121 553 καὶ
3170 495 3673 568 ἐπηκολουθηκέναι
3724 496 3816 566 τῇ

2208 601 2350 670 κακῇ
2399 597 2560 669 βουλῇ
2597 596 2693 667 τὴν
2727 594 3033 647 ἀλλοίωσιν.
3066 588 3370 661 Τοιγαροῦν
3410 587 3507 641 καὶ
3538 584 3819 640 ἐκπεσὼν

2205 689 2306 757 τῆς
2342 688 2603 759 μονάδος,
2638 686 2734 740 καὶ
2782 685 2843 738 τὸ
2876 682 3164 752 ἀγγελικδν
3195 676 3505 751 ἀπορρίψας
3544 674 3815 747 ἀξίωμα,

2208 779 2316 832 ἀπὸ
2357 779 2450 832 τοῦ
2480 779 2682 852 τρόπου
2710 774 3005 846 ὠνομάσθη
3043 770 3285 834 διάϐολος
3306 787 3319 801 ο
3357 767 3821 838 ἀποσϐεσθείσης

2211 871 2311 940 μὲν
2342 870 2508 923 αὐτοῦ
2543 870 2642 940 τῆς
2691 869 2966 938 προτέρας
3008 865 3102 918 κα)⁸
3138 863 3414 936 μακαρίας
3449 860 3646 924 ἕξεως,
3685 858 3813 928 τῆς

2207 960 2264 1014 δὲ
2291 960 2673 1031 ἀντικειμένης
2694 958 2895 1029 ταύτης
2922 956 3203 1026 δυνάμεως
3231 951 3580 1021 ἀναφθείσης.
3599 948 3820 1000 Ἐπει-

2205 1070 2275 1105 τα
2302 1055 2350 1105 εἰ
2379 1051 2585 1122 κτίσμα
2617 1050 2762 1119 λέγει
2795 1048 2857 1102 τὸ
2897 1047 3125 1117 Πνεῦμα
3158 1042 3217 1099 τὸ
3250 1044 3424 1112 ἅγιον,
3463 1056 3817 1111 πεπερατω-

2212 1146 2380 1216 μένην
2409 1146 2505 1217 τὴν
2531 1143 2693 1215 φύσιν
2722 1140 2887 1196 αὑτοῦ
2920 1142 3152 1208 είσάγει.
3181 1136 3307 1200 Πῶς
3335 1132 3428 1190 οὖν
3458 1134 3814 1205 σταθήσεται

2206 1236 2288 1299 τὸ,
2318 1233 2562 1303 Πνεῦμα
2594 1235 2817 1301 Κιιρίου
2854 1230 3208 1297 πεπλήρωκε
3241 1227 3355 1295 τὴν
3391 1222 3762 1293 οὶκουμένην
3786 1238 3813 1286 ;

2208 1326 2408 1393 καὶτὸ,
2457 1325 2584 1380 Ποῦ
2631 1323 2902 1393 πορευθῶ
2938 1321 3058 1377 ἀπὸ
3093 1320 3200 1375 τοῦ
3237 1319 3587 1388 Πνεύματός
3630 1332 3757 1370 σου
3786 1328 3814 1379 ;

2220 1419 2360 1473 Ἀλλ’
2394 1419 2506 1473 οὐδ’
2545 1418 2750 1471 ἁπλοῦν
2788 1416 2918 1470 αὐτὸ
2963 1416 3030 1486 τῇ
3082 1413 3263 1483 φύσει,
3297 1411 3373 1475 ὼς
3405 1411 3600 1474 ἔοικεν,
3651 1410 3811 1479 spo-

2207 1515 2375 1583 λογεῖ.
2414 1512 2659 1586 Ἀριθμῷ
2708 1511 2818 1583 γὰρ
2850 1511 2908 1563 ἓν
2952 1506 3083 1562 αὐτὸ
3110 1507 3386 1579 ὀνομάζει.
3426 1506 3542 1558 Πᾶν
3579 1504 3638 1558 δὲ
3665 1503 3694 1557 ὃ
3737 1503 3813 1557 ἓν

2208 1608 2449 1680 ἀριθμῷ,
2483 1606 2640 1661 τοῦτο
2680 1607 2779 1677 οὐχ
2809 1603 3048 1660 ἁπλοῦν.
3093 1602 3169 1665 ὼς
3202 1600 3337 1670 ἔφην
3358 1641 3373 1664 ,
3407 1598 3575 1653 ἔστιν.
3617 1598 3684 1650 Et
3737 1596 3813 1649 δὲ

2217 1698 2293 1769 μὴ
2327 1695 2531 1752 ἁπλοῦν
2573 1699 2689 1749 ὲστι
2731 1694 2791 1747 τὸ
2821 1691 3047 1763 Πνεῦμα
3082 1690 3143 1744 τὺ
3171 1691 3346 1759 ἆγιον,
3379 1688 3438 1755 ἐξ
3478 1688 3669 1750 οὐσίας
3695 1688 3814 1740 καὶ

2214 1788 2490 1859 ἀγιασμοῦ
2521 1788 2856 1856 συνέστηκε·
2889 1784 2950 1837 τὸ
2989 1783 3047 1836 δὲ
3081 1782 3347 1845 τοιοῦτον,
3374 1778 3648 1833 σύνθετον.
3686 1777 3815 1833 Καὶ

2210 1882 2295 1944 τίς
2320 1879 2493 1942 οὕτως
2522 1877 2766 1949 ἀνόητος,
2799 1876 2872 1938 ὼς
2907 1873 3160 1927 σύνθετον
3189 1873 3364 1924 εἰπεῖν
3394 1866 3455 1922 τὸ
3480 1866 3712 1938 Πνεῦμα
3737 1866 3813 1919 τὸ

2212 1977 2385 2045 ἅγιον,
2427 1973 2522 2027 καὶ
2557 1972 2632 2043 μὴ
2661 1969 2887 2031 ἁπλοῦν,
2920 1967 3012 2020 καὶ
3049 1966 3192 2019 κατά
3220 1965 3310 2018 τὸν
3342 1963 3443 2034 τῆς
3485 1960 3814 2032 ἁπλότητος

2210 2069 2366 2137 λόγον
2394 2063 2679 2138 ὁμοούσιον
2704 2061 2883 2134 Πατρὶ
2912 2061 3007 2114 κα)⁴
3035 2059 3187 2131 Υίῷ;

2282 2295 2372 2349 il.
2408 2293 2471 2345 Εἰ
2495 2291 2554 2344 δὲ
2574 2290 2656 2343 δεῖ
2680 2288 2949 2360 προϐῆναι
2967 2283 3079 2356 (91)
3104 2281 3183 2352 τῷ
3206 2296 3367 2350 Αογῳ,
3396 2277 3492 2332 καὶ
3516 2275 3807 2330 ἐποπτεῦι

2210 2398 2302 2437 σαι
2344 2380 2413 2434 τὰ
2444 2376 2687 2450 μείζονα,
2724 2377 2788 2427 ἐκ
2835 2372 3028 2426 τούτου
3063 2368 3297 2440 μάλιστα
3335 2367 3433 2437 τὴν
3474 2363 3663 2435 θεῖκὴν
3692 2362 3805 2416 δύ-

2207 2492 2371 2546 ναμιν
2400 2471 2494 2525 τοῦ
2529 2470 2685 2539 ἁγίου
2711 2466 3028 2537 Πνεύματος
3069 2462 3455 2533 θεωρήσωμεν.
3481 2458 3645 2528 Τρεῖς
3672 2457 3810 2510 κτί-

2209 2583 2322 2631 σεις
2367 2563 2684 2635 εὑρήκαμεν
2717 2556 3123 2628 ὀνομαζομένας
3172 2554 3229 2606 ἐν
3271 2553 3336 2619 τῇ
3381 2551 3607 2622 Γραφῇδ
3658 2549 3806 2618 μίαν

2211 2658 2308 2731 μὲν
2356 2656 2451 2710 καὶ
2489 2652 2716 2725 πρώτην
2744 2652 2844 2721 τὴν
2880 2648 2988 2702 ἀπὸ
3018 2645 3111 2700 τοῦ
3147 2645 3222 2717 μὴ
3254 2645 3406 2706 ὄντος
3439 2644 3519 2704 εἰς
3551 2638 3612 2693 τὸ
3651 2635 3805 2692 εἶναι

2208 2750 2580 2823 παραγωγήν·
2610 2743 2865 2817 δευτέραν
2909 2741 2967 2793 δὲ
3015 2739 3113 2810 τὴν
3142 2734 3251 2791 ἀπὸ
3295 2734 3388 2789 τοῦ
3435 2733 3680 2805 χείρονος
3708 2732 3807 2794 εις

2204 2844 2267 2897 τὸ
2312 2845 2558 2915 κρεῖττον
2609 2835 2925 2892 ἀλλοίωσιν·
2964 2831 3154 2900 τρίτην
3185 2829 3242 2882 δὲ
3290 2826 3388 2898 τὴν
3426 2824 3803 2892 ἐξανάστασιν

517 2930 660 2967 rum.
698 2914 757 2968 In
801 2912 887 2968 his
937 2912 1179 2982 reperies
1235 2908 1501 2982 Spiritum
1547 2921 1798 2967 sanclum
1833 2930 1941 2968 una
1973 2930 2097 2969 cum

2209 2936 2314 2989 τῶν
2349 2908 2582 3006 νεκρῶν.
2624 2931 2712 2983 Ἐν
2757 2926 2980 2988 ταύταις
3012 2925 3266 2995 εὑρήσεις
3315 2918 3573 2990 συνεργὸν
3609 2915 3803 2988 Πατρὶ

517 3007 679 3063 Patre
712 3016 766 3062 et
815 3004 954 3061 Filio
997 3013 1337 3077 operantem.
1393 3005 1529 3061 Caeli
1585 3012 1731 3062 enim
1783 3010 2097 3079 producun-

2209 3027 2300 3081 καὶ
2343 3004 2464 3095 Υἱῷν
2505 3023 2566 3076 τὸ
2596 3023 2750 3090 ἅγιον
2789 3016 3031 3087 Πνεῦμα.
3073 3010 3333 3084 Οὐρανῶν
3360 3015 3470 3080 γάρ
3506 3008 3800 3070 οὑσίωσις.

519 3110 631 3154 tur.
666 3100 809 3166 Quid
860 3101 974 3170 jam
1029 3099 1162 3155 dicit
1212 3097 1432 3155 David?
1483 3100 1651 3154 Verbo
1707 3101 1925 3157 Domini
1989 3107 2104 3160 cazli

516 3194 719 3262 ﬁrmati
776 3201 941 3256 sunt,
1009 3200 1059 3245 et
1104 3192 1297 3261 spiritu
1362 3196 1472 3246 oris
1535 3193 1651 3262 ejus
1713 3196 1880 3249 omnis
1938 3197 2103 3251 virtus

516 3284 778 3338 eorum“.
814 3281 1031 3338 Rursus
1070 3294 1294 3337 creatur
1352 3282 1518 3337 homo
1565 3299 1660 3353 per
1691 3284 1981 3355 baptisma.
2043 3288 2105 3343 Si

516 3393 622 3446 qua
675 3377 812 3430 enim
866 3377 922 3429 in
970 3374 1188 3430 Christo
1240 3392 1377 3429 nova
1416 3389 1690 3430 'creatura
1712 3376 1782 3430 ⁸³.
1814 3376 1931 3432 1am
1972 3381 2104 3450 quid

517 3468 653 3521 dicit
703 3468 990 3537 discipulis
1051 3466 1349 3520 Salvator?
1416 3465 1615 3522 Euntes
1674 3469 1852 3522 docete
1928 3487 2105 3525 omnes

516 3573 711 3629 gentes,
765 3560 1097 3630 baptizantes
1158 3576 1247 3613 eos
1283 3561 1338 3613 in
1372 3560 1582 3614 nomine
1632 3560 1817 3616 Patris
1872 3576 1922 3616 et
1972 3562 2108 3618 Filii

518 3668 568 3707 et
602 3654 832 3724 Spiritus
882 3655 1056 3707 sancti
1083 3653 1149 3706 ⁸³.
1205 3651 1375 3708 Vides
1403 3662 1459 3707 et
1494 3653 1583 3708 hic
1615 3670 1723 3708 una
1751 3652 1948 3710 adesse
1978 3671 2104 3710 cum

516 3741 679 3799 Patre
710 3752 762 3799 et
796 3741 932 3797 Filio
959 3741 1225 3812 Spiritum
1257 3751 1530 3798 sanetum.
1569 3741 1714 3809 Quid
1744 3752 1927 3798 autem
1950 3745 2104 3800 dices

518 3849 572 3893 et
624 3838 691 3892 de
747 3837 1149 3891 resurrectione
1202 3846 1546 3890 mortuorum
1574 3876 1589 3900 ,
1632 3844 1923 3906 postquam
1958 3836 2107 3893 defe-

517 3930 755 3985 cerimus
786 3968 800 3991 ,
847 3938 899 3983 et
941 3929 996 3982 in
1048 3935 1303 3983 nostrum
1347 3929 1625 3998 pulverem
1672 3929 1880 3982 reversi
1933 3927 2125 4001 fueri-p

514 4021 680 4079 mus?
708 4019 878 4075 Terra
920 4022 1064 4075 enim
1092 4036 1318 4086 sumus,
1353 4028 1409 4077 et
1453 4022 1508 4076 in
1551 4030 1750 4076 terram
1781 4021 2007 4087 ibimus,
2051 4032 2107 4077 et

517 4113 695 4167 mittet
740 4109 1004 4181 Spiritum
1049 4120 1300 4165 sanclum
1329 4153 1346 4178 ,
1400 4121 1454 4168 et
1492 4113 1704 4167 creabit
1734 4129 1837 4168 nos
1867 4153 1883 4177 ,
1912 4124 1968 4169 et
2020 4129 2108 4170 re-

518 4204 745 4260 novabit
771 4204 962 4258 faciem
1005 4213 1169 4257 terra:
1187 4203 1256 4258 ⁸⁸.
1298 4202 1435 4257 Nam
1470 4202 1617 4274 quod
1644 4218 1869 4261 sanctus
1898 4204 2104 4262 Paulus

514 4293 977 4350 resurrectionem
1036 4291 1203 4355 dixit,
1257 4292 1313 4346 id
1363 4291 1533 4347 David
1566 4294 1973 4351 renovationem
2007 4312 2104 4365 ap-

514 4383 757 4455 pellavit.
806 4381 1026 4437 Rursus
1080 4390 1268 4440 autem
1322 4383 1611 4439 audiamus
1662 4399 1832 4449 eum,
1886 4386 1981 4455 qui
2032 4387 2099 4441 ad

519 4476 742 4529 tertimn
826 4490 1002 4544 usque
1050 4475 1253 4529 caelum
1317 4482 1510 4543 raptus
1576 4486 1679 4530 est.
1729 4474 1869 4541 Quid
1924 4477 2106 4534 dicit?

523 4554 794 4636 Templum
861 4569 986 4620 estis
1027 4566 1262 4637 Spiritus
1293 4567 1466 4621 sancti
1523 4567 1579 4621 in
1612 4567 1758 4623 vobis
1794 4569 2105 4624 inhabitan-

520 4660 588 4714 tis
608 4660 675 4715 ⁸⁵.
719 4657 1005 4729 Templum
1055 4667 1236 4713 autem
1288 4672 1490 4723 omne,
1532 4657 1627 4714 Dei
1682 4661 1943 4730 templum
1996 4672 2100 4718 est.

515 4749 675 4819 Quod
718 4752 764 4807 si
801 4751 1068 4822 templum
1095 4767 1288 4807 sumus
1330 4749 1570 4822 Spiritus
1600 4753 1819 4817 sancti;
1865 4751 2105 4823 Spiritus

518 4850 743 4897 sanctus
798 4842 943 4899 Deus
971 4851 1078 4898 est.
1126 4841 1339 4897 Dicitur
1382 4849 1566 4898 autem
1617 4851 1672 4899 et
1710 4845 1973 4915 templum
2006 4844 2108 4900 Sa-

517 4930 793 5004 lomoni's;
860 4951 1049 4991 verum
1123 4943 1385 5006 tanquam
1456 4935 1579 5005 ejus
1653 4936 1745 5006 qui
1810 4938 2102 4994 exstruxit.

518 5026 677 5092 Quod
715 5030 765 5082 si
818 5027 899 5082 sic
933 5042 1126 5082 sumus
1170 5028 1437 5099 templum
1467 5025 1710 5097 Spiritus
1744 5029 1943 5093 sancti,
1983 5029 2108 5099 Spi-

517 5120 659 5174 ritus
693 5126 919 5175 sanctus
956 5119 1100 5175 Deus
1131 5130 1255 5175 est:
1320 5119 1426 5186 Qui
1476 5120 1623 5174 enim
1685 5122 1865 5175 omnia
1919 5122 2105 5175 condi-

516 5210 617 5278 dit,
643 5211 785 5267 Deus
833 5222 911 5266 est
934 5213 979 5244 ⁸⁸
1014 5231 1031 5279 ;
1077 5213 1125 5268 si
1151 5228 1283 5268 vero
1312 5222 1575 5283 tanquam
1607 5210 1751 5282 eius,
1783 5212 1878 5283 qui
1908 5213 2105 5268 adora-

585 5371 633 5402 "
665 5368 793 5443 Sap.
826 5387 843 5443 ι
863 5413 878 5435 ,
900 5371 974 5443 _7.
1083 5372 1128 5404 ⁸ο
1163 5371 1602 5443 Psal..cxx_xvm,
1628 5372 1680 5426 7.

515 5451 636 5506 cui,
667 5441 758 5496 ὄυζ
830 5441 1066 5501 “lCor.
1099 5460 1175 5509 γι,
1205 5443 1272 5497 19
1355 5444 1401 5474 ⁸⁸
1434 5441 1599 5497 Hebr.
1639 5458 1721 5508 ιιι,
1756 5442 1815 5499 4.

498 5606 503 5614 1
585 5641 701 5717 (91)
729 5642 1042 5712 Προσῆναι.
1075 5606 1206 5697 Mss.
1241 5640 1565 5712 προσϐῆναι.

2206 3119 2318 3173 Καὶ
2346 3117 2401 3170 τί
2435 3132 2598 3186 φησιν
2625 3115 2654 3167 ὁ
2684 3111 2882 3177 Δαϐίδ;
2908 3108 2992 3174 Τῷ
3016 3107 3176 3175 λόγῳ
3205 3102 3430 3172 Κυρίου
3455 3103 3509 3155 οὶ
3539 3098 3801 3167 οὐρανοὶ

2205 3209 2660 3279 ἐστερεώθησαν
2678 3245 2696 3270 ,
2730 3204 2831 3257 καὶ
2872 3201 2954 3268 τῷ
3005 3200 3298 3268 πνεύματι
3336 3194 3444 3249 τοῦ
3488 3196 3803 3260 στόματος

2205 3303 2392 3358 αὐτοῦ
2445 3299 2616 3356 πᾶσα
2658 3295 2697 3365 ἠ
2738 3296 2993 3363 δύναμις
3016 3290 3234 3347 αὐτῶν.
3287 3287 3458 3341 Πάλιν
3499 3284 3803 3354 ἄνθρωπος

2204 3393 2295 3448 διὰ
2341 3391 2714 3464 βαπτίσματος
2758 3384 3025 3451 κτίζεταιο
3075 3383 3155 3438 Et
3191 3399 3282 3439 tte
3310 3380 3421 3450 γὰρ
3462 3372 3538 3464 ἐν.
3553 3372 3804 3444 Χριστῷ

2207 3460 2384 3554 καινῆ
2410 3460 2628 3549 κτίσις.
2655 3480 2766 3535 Καὶ
2802 3479 2855 3532 τί
2891 3492 3024 3547 φησι
3049 3470 3164 3536 τοῖς
3194 3471 3466 3543 μαθηταῖς
3492 3460 3796 3538 ἀΣωτήρς

2220 3579 2620 3642 Ἀπελθόντες,
2666 3571 3081 3643 μαθητεύσατε
3119 3564 3319 3619 πάντα
3348 3560 3423 3615 τὰ
3463 3561 3634 3627 ἔθνη,
3669 3558 3800 3622 ,Βα-

2208 3669 2512 3734 πτίζοντες
2550 3664 2773 3729 αὐτοὺς
2817 3664 2904 3728 είς
2931 3659 2998 3713 τὸ
3039 3658 3227 3726 ὄνομα
3256 3653 3363 3709 τοῦ
3403 3651 3636 3718 Πατρός
3685 3648 3801 3702 καὶ

2205 3762 2315 3817 τοῦ
2355 3760 2489 3814 Υἱοῦ
2534 3758 2633 3811 καὶ
2667 3755 2772 3809 τοῦ
2824 3752 2995 3822 ἁγίου
3041 3747 3405 3814 Πνεύματος.
3447 3740 3611 3811 Ὁρᾷς
3648 3739 3799 3791 κὰνο

2207 3854 2383 3910 ταῦθα
2418 3849 2705 3923 συμπαρὸν
2745 3845 2921 3916 Πατρὶ
2972 3843 3066 3896 καὶ
3104 3840 3219 3911 Υίῷ
3250 3839 3311 3891 τὸ
3342 3837 3497 3905 ἆγιον
3536 3832 3795 3903 Πνεῦμα.

2207 3948 2274 4001 Τί
2301 3947 2345 4000 δ’
2370 3945 2437 4000 ἂν
2462 3942 2638 4005 εἴποις
2662 3940 2757 3994 καὶ
2776 3938 2904 4008 περ),
2930 3936 3027 4006 τῆς
3047 3931 3400 3993 ἀναστάσεως
3421 3927 3528 3981 τῶν
3551 3924 3795 3997 νεκρῶν,

2206 4040 2333 4094 ὅταν
2375 4034 2736 4104 ὲκλείψωμεν,
2772 4031 2867 4085 καὶ
2915 4030 2994 4091 είς
3029 4026 3120 4079 τὸν
3155 4023 3287 4095 χοῦν
3327 4020 3484 4092 ἡμῶν
3533 4016 3803 4087 ἐπιστρέ-

2206 4131 2432 4203 ψωμενς
2462 4128 2538 4198 Γῆ
2565 4126 2673 4196 γάρ
2714 4126 2904 4193 ἐσμεν,
2940 4120 3034 4173 καὶ
3081 4120 3161 4180 εἰς
3202 4116 3301 4203 τὴν
3340 4111 3444 4183 γῆν
3484 4109 3797 4203 ἀπελευσό-

2212 4193 2372 4291 μεθα,
2399 4217 2494 4271 καὶ
2514 4193 2802 4269 ἀποστελεῖ
2832 4209 2894 4262 τὸ
2925 4204 3150 4276 Πνεῦμα
3170 4201 3230 4255 τὸ
3269 4200 3447 4269 άγιον,
3476 4196 3573 4250 καὶ
3607 4193 3798 4291 κτίσει

2209 4284 2377 4383 ily-iis,
2426 4309 2520 4362 καὶ
2562 4302 2903 4360 ἀνακαινίσει
2942 4300 3002 4353 τὸ
3041 4296 3332 4368 πρόσωπον
3380 4290 3479 4362 τῆς
3516 4287 3641 4358 γῆς,
3664 4284 3799 4383 .Ί‹1ν

2133 4363 2179 4418 D
2208 4363 2573 4474 ’Παῦλος
2615 4399 2644 4450 ό
2681 4396 2836 4464 άγιος
2886 4363 3245 4458 ἐξανάστασιν
3300 4384 3536 4474 εἴρηκε,
3578 4376 3799 4474 ταύτην

2205 4466 2369 4545 Ᾱαδὶδ
2416 4484 2808 4557 ἀνακαινισμὸν
2855 4479 3290 4555 προσηγόρευσε.
3342 4470 3688 4539 ’Λκούσωμεν
3730 4466 3800 4521 δὲ

2205 4582 2368 4636 πάλιν
2401 4579 2513 4652 (92)
2543 4576 2637 4631 τοῦ
2676 4573 3017 4649 ἀρπαγέντος
3061 4570 3166 4632 ἓως
3214 4565 3399 4638 τρίτου
3428 4559 3683 4652 οὐρανοῦ,
3722 4558 3798 4652 τί

2207 4649 2419 4743 φησινςή
2443 4670 2564 4722 Ὀτι
2603 4665 2750 4731 ναός
2795 4663 2900 4718 τοῦ
2943 4662 3013 4715 ἐν
3050 4657 3194 4728 ὑμῖν
3234 4655 3406 4725 ἁγίου
3440 4649 3796 4743 Πνεύματός

2204 4736 2367 4818 ἐστε.
2390 4736 2516 4824 (Πᾶς
2555 4758 2613 4811 δὲ
2641 4757 2768 4819 ναὸς
2802 4752 2938 4807 Θεοῦ
2977 4751 3121 4814 ναός.
3152 4749 3216 4801 Εἰ
3248 4746 3307 4800 δὲ
3330 4743 3458 4806 ναός
3492 4743 3659 4808 ἐσμεν
3689 4736 3793 4792 τοῦ

2207 4851 2525 4922 Πνεύματος
2573 4846 2668 4901 τοῦ
2720 4845 2900 4914 ἁγίου,
2935 4840 3067 4903 Θεὸς
3104 4838 3167 4891 τὸ
3220 4833 3446 4904 Πνεῦμα
3500 4830 3563 4883 τὸ
3605 4827 3790 4897 ἅγιον.

2208 4945 2441 5012 Λέγεται
2486 4941 2545 4995 δὲ
2604 4940 2698 4993 καὶ
2750 4937 2878 4999 ναὸς
2924 4930 3292 5003 Σολομῶντος,
3326 4926 3442 4981 ἀλλ’
3493 4923 3570 5012 ὡς
3612 4938 3790 5012 κατα-

2209 5010 2599 5092 σκευάσαντος.
2643 5028 2706 5081 Ei
2761 5025 2819 5078 δὲ
2871 5024 3046 5087 οὕτως
3095 5020 3264 5091 ἐσμὲν
3305 5016 3435 5080 ναὸς
3478 5011 3571 5067 τοῦ
3624 5010 3790 5079 ἁγίου

2206 5124 2544 5192 Πνεῦματος,
2589 5117 2721 5181 Θεὸς
2765 5117 2826 5169 τὸ
2865 5118 3019 5184 άγιον
3066 5111 3311 5180 Πνεῦμα.
3360 5108 3420 5161 '0
3448 5105 3558 5176 γὰρ
3588 5103 3793 5157 πάντα

2207 5210 2673 5276 κατασκευάσας
2687 5209 2863 5275 Θεόςο
2899 5208 2948 5259 εἰ
2979 5205 3036 5259 δὲ
3057 5205 3133 5267 ὡς
3160 5198 3661 5274 προσκυνουμένου,
3692 5194 3793 5249 καὶ

1774 5371 1816 5403 ⁸¹
1847 5370 1994 5429 Psal.
2019 5388 2104 5427 xx:

2220 5371 2274 5428 6.
2353 5373 2398 5404 ”
2419 5370 2465 5426 ll
2483 5370 2612 5426 Cor.
2643 5366 2804 5423 v.17.
2882 5366 2929 5398 ⁸³
2957 5363 3149 5419 Matth.
3180 5375 3374 5425 xxvm,
3404 5356 3487 5413 l9.
3564 5355 3612 5387 ⁸⁸
3633 5352 3784 5408 Psal.

2279 5635 2388 5708 (9%)
2422 5634 2632 5689 Πάλιν.
2666 5633 2816 5688 Hanc
2846 5648 3031 5689 vocem
3064 5630 3376 5687 addidimus
3409 5642 3475 5682 ex
3501 5639 3640 5683 mss.
