3888 6214
174 315 280 371 265

1157 307 1648 371 ΕΡιετοιΑΒυΜ
1683 309 1976 375 οιΑέειε
2008 312 2050 374 1.
2094 313 2312 375 EPIST.
2356 316 2492 376 VIII.

3335 325 3441 380 266

176 431 514 498 ἐνοικοῦντος
542 435 601 487 ἐν
631 434 789 505 ἡμῖν,
816 434 1242 507 ὁμολογήσωμεν
1271 434 1405 488 αὐτὸ
1432 429 1572 489 εἶναι
1603 433 1753 491 Θεόν.

1864 445 1975 503 tur,
2032 449 2085 494 et
2117 438 2386 493 inhabitat
2416 441 2472 493 in
2499 438 2681 504 nobis,
2718 438 3080 495 conﬁteamur
3109 440 3290 511 ipsum
3315 455 3442 497 esse

176 524 372 593 Κυρίῳ
405 525 518 594 τὰρ
546 523 629 590 τῷ
662 524 785 590 Θεῷ
819 540 936 579 σου
958 524 1433 594 προσκυνήσεις,
1472 526 1570 579 καὶ
1596 525 1756 590 αὐτῷ

173 618 340 686 μόνῳ
382 616 759 683 λατρεύσεις.
804 616 867 668 Ei
896 615 954 667 δὲ
998 614 1096 686 τὴν
1139 614 1285 681 Θεὸς
1331 614 1513 686 φωνὴν
1553 633 1754 686 παραι-

176 711 372 770 τοίντο,
415 704 838 778 μανθανέτωσαν
865 705 1007 768 τίνος
1034 706 1152 758 ἐστὶ
1180 705 1514 776 σημαντικὸν
1553 706 1614 759 τὸ
1640 706 1757 758 bvo-

178 816 253 869 μα
284 798 469 851 τοῦτο.
494 797 653 868 Παρὰ
684 797 793 868 γὰρ
822 795 884 849 τὸ
921 794 1223 849 τεθεικέναι
1249 794 1319 849 τὰ
1367 796 1600 867 πάνταῆ
1634 794 1758 850 θεᾶ-

177 891 298 944 σθαι
342 890 415 943 τὰ
463 890 642 942 πάντα
675 891 703 943 ὁ
747 888 879 952 Θεὸς
930 888 1255 959 ὀνομάζεται
1285 888 1418 959 (9'5).
1470 890 1532 942 Et
1577 888 1755 942 τοίνυν

171 984 305 1047 Θεὸς
324 982 541 1053 εἴρηται
570 982 721 1051 παρὰ
740 980 803 1032 τὸ
828 980 1131 1033 τεθεικέναι
1158 980 1191 1049 ἢ
1215 980 1440 1033 θεᾶσθαι
1467 980 1534 1033 τὰ
1556 982 1753 1045 πάντα,

171 1075 230 1126 τὸ
259 1074 321 1127 δὲ
354 1073 583 1143 Πνεῦμα
627 1074 801 1125 πάντα
832 1071 1089 1140 γινώσκει
1136 1072 1206 1126 τὰ
1252 1071 1345 1125 τοῦ
1393 1072 1550 1139 Θεοῦ,
1590 1072 1665 1136 ὡς
1696 1073 1756 1127 τὸ

173 1166 393 1237 πνεῦμα
428 1166 488 1218 τὸ
526 1167 582 1217 ὲν
617 1167 748 1235 ἡμῖν
784 1164 854 1217 τὰ
897 1164 1175 1236 ἡμέτερα·
1211 1164 1345 1229 Θεὸς
1379 1161 1471 1219 οὖν
1494 1165 1555 1219 τὸ
1586 1165 1757 1219 Πνεῦ-

173 1274 250 1328 μα
276 1258 341 1310 τὸ
373 1258 550 1326 ἆγιον.
581 1256 692 1309 Καὶ
733 1255 917 1321 πάλιν,
951 1258 999 1308 εἰ
1031 1258 1063 1326 ἡ
1106 1255 1354 1326 μάχαιρα
1378 1255 1473 1309 τοῦ
1503 1255 1754 1326 Πνεῦμα-

171 1367 258 1415 τος
288 1350 447 1422 ῥῆμά
470 1353 587 1402 ἐστι
615 1346 771 1410 Θεοῦ,
793 1348 923 1411 Θεὸς
950 1349 1011 1400 τὸ
1035 1346 1261 1419 Πνεῦμα
1279 1347 1340 1401 τὸ
1372 1346 1754 1423 ἅγιονηἙκείο

170 1460 264 1496 νου
303 1443 416 1513 γάρ
466 1442 615 1494 ἐστιν
648 1443 683 1512 ἡ
731 1442 1003 1511 μάχαιρα,
1036 1434 1096 1493 οὗ
1146 1439 1238 1492 καὶ
1287 1439 1437 1511 ῥῆμα
1486 1439 1750 1493 καλεῖται.

171 1536 282 1590 Καὶ
311 1536 362 1587 εἰ
389 1535 485 1588 καὶ
512 1532 661 1599 δεξιὰ
691 1532 799 1601 (94)
825 1532 918 1585 τοῦ
949 1531 1162 1602 Πατρὸς
1184 1532 1510 1602 ὀνομάζεται
1544 1531 1755 1598 (Δεξιὰ

174 1614 528 1695 τὰρΚὺρίου
564 1625 815 1693 ἐποίησε
859 1624 1117 1693 δύναμιν
1138 1640 1150 1652 ·
1183 1626 1299 1683 καὶ,
1336 1623 1395 1677 Ἠ
1416 1621 1584 1687 δεξιά
1614 1638 1752 1691 σου,

172 1721 384 1787 Κύριε,
415 1718 712 1785 ἔθραυσεν
758 1717 1044 1786 ἐχθρούς*
1103 1715 1365 1779 δάκτυλος
1412 1715 1469 1768 δὲ
1512 1714 1648 1769 Θεοῦ
1693 1718 1755 1770 τὸ

1863 526 2056 584 Deum.
2099 529 2364 583 Adorabis
2418 546 2640 601 namque
2685 529 2970 586 Dominum
3033 530 3201 586 Deum
3244 541 3440 600 tuum,

1860 630 1910 674 et
1959 621 2043 676 illi
2079 622 2183 677 soli
2213 624 2401 677 servies
2422 623 2488 676 ⁸⁷.
2537 622 2695 689 Quod
2739 625 2787 679 si
2826 625 2908 680 eis
2955 639 3059 680 vox
3086 625 3199 689 illa,
3246 624 3389 680 Deus
3420 664 3442 694 ,

1862 712 2161 783 displicet,
2216 713 2434 770 discant
2476 715 2608 786 quid
2641 716 2745 771 hoc
2794 732 2993 772 nomen
3019 718 3312 787 signiﬁcet.
3343 716 3441 772 Ni—

1860 804 2062 857 mirum
2113 818 2182 859 ex
2225 819 2292 859 eo
2346 806 2495 876 quod
2545 806 2789 877 posuerit
2816 808 3040 886 omnia,
3089 808 3176 863 vel
3225 814 3438 878 spectet

1862 895 2064 962 omnia,
2116 895 2260 952 Deus
2289 899 2623 952 nominatur.
2678 896 2736 951 Si
2779 899 2947 968 igitur
2996 897 3139 954 Deus
3194 899 3434 963 dicitur,

1861 999 1928 1038 eo
1956 983 2102 1054 quod
2148 989 2392 1055 posuerit
2444 989 2527 1041 vel
2570 995 2777 1057 spectet
2809 988 3034 1054 omnia;
3070 986 3308 1058 Spiritus
3340 1002 3441 1041 au-

1862 1084 1976 1131 tem
2027 1078 2309 1146 cognoscit
2358 1079 2542 1133 omnia
2596 1095 2719 1150 quae
2760 1078 2859 1134 Dei
2890 1088 3041 1145 sunt,
3098 1081 3247 1135 velut
3275 1080 3441 1152 spiri-

1862 1175 1972 1229 tus,
2003 1167 2098 1239 qui
2127 1169 2182 1222 iu
2210 1169 2370 1225 nobis
2401 1177 2507 1235 est,
2536 1171 2687 1225 novit
2714 1185 2837 1242 quae
2868 1181 3055 1227 nostra
3078 1180 3210 1227 sunt
3227 1170 3273 1203 ⁸⁸
3307 1171 3440 1243 :igi-

1862 1269 1951 1313 tur
1976 1257 2215 1329 Spiritus
2243 1270 2466 1316 sanctus
2494 1261 2636 1318 Deus
2665 1271 2771 1318 est.
2798 1262 2865 1316 Et
2894 1278 3111 1328 rursus,
3141 1264 3189 1318 si
3219 1262 3437 1334 gladius

1862 1347 2099 1420 Spiritus
2148 1352 2378 1406 verbum
2403 1361 2488 1407 est
2518 1352 2613 1408 Dei
2632 1352 2677 1385 δ’
2697 1392 2714 1418 ,
2754 1353 2898 1410 Deus
2923 1365 3008 1411 est
3038 1348 3279 1425 Spiritus
3306 1370 3437 1412 san-

1862 1456 2007 1504 ctus.
2072 1449 2221 1506 Illius
2252 1459 2339 1507 est
2369 1451 2515 1505 enim
2566 1451 2803 1523 gladius,
2828 1453 2990 1522 cujus
3012 1454 3174 1509 etiam
3210 1453 3435 1508 verbum

1864 1549 2106 1596 vocatur.
2143 1542 2300 1609 Quod
2333 1542 2446 1613 89
2467 1544 2511 1598 si
2541 1546 2706 1598 etiam
2757 1546 3074 1598 nominatur
3099 1542 3279 1602 Patris
3304 1544 3436 1600 dex-

1861 1618 1974 1689 tera
2003 1634 2255 1703 (Dextera
2276 1636 2414 1689 enim
2439 1635 2653 1689 Domini
2674 1636 2795 1704 fecit
2817 1638 3135 1704 virtutem”;
3164 1647 3217 1695 et
3244 1656 3258 1691 :
3293 1636 3435 1691 Dea:-

1864 1735 1976 1780 tera
2006 1740 2099 1779 tua
2125 1765 2141 1790 ,
2182 1725 2406 1780 Domine
2430 1766 2445 1790 ,
2494 1727 2753 1796 percussit
2786 1729 3026 1782 inimicos
3052 1727 3097 1759 ⁹¹
3124 1748 3139 1793 ;
3193 1727 3288 1783 Dei
3335 1743 3436 1782 au-

170 1811 403 1882 Πνεῦμα
433 1811 496 1862 τὸ
532 1811 709 1878 ἅγιον,
756 1809 901 1863 κατὰ
954 1809 1015 1861 τὸ
1056 1808 1254 1881 ῥητόν
1299 1808 1382 1874 τὸ,
1430 1810 1499 1863 El
1526 1807 1641 1879 ἐγὼ
1685 1811 1753 1864 ἐν

1859 1826 1964 1872 tem
1997 1816 2203 1887 digitus
2234 1816 2473 1887 Spiritus
2517 1828 2744 1874 sanctus
2768 1826 2852 1873 est
2874 1859 2889 1883 ,
2921 1819 3225 1887 secundum
3254 1819 3387 1875 illud
3417 1840 3430 1874 :

171 1901 452 1968 δακτύλῳ
482 1901 632 1954 Θεοῦ
655 1899 928 1954 ἐκϐάλλω
952 1898 1027 1953 τὰ
1057 1898 1336 1969 δαιμόνια
1355 1916 1368 1928 ·
1395 1900 1531 1971 ὅπερ
1560 1903 1617 1953 ὲν
1643 1902 1757 1954 ἑτέ-

174 2009 251 2063 ρῳ
280 1990 608 2061 Εὐαγγελίῳ
640 1991 972 2063 γέγραπται,
1005 1990 1088 2055 τὸ,
1127 1990 1334 2062 Εὶλέτὼ
1370 1993 1440 2045 ἐν
1461 1995 1753 2063 Πνεύματι

172 2082 325 2138 Θεοῦ
363 2082 643 2137 ἐκϐάλλω
673 2083 746 2137 τὰ
778 2081 1089 2153 δαιμόνια)
1109 2099 1123 2113 ⁸
1169 2082 1269 2153 τῆς
1323 2084 1495 2153 αὐτῆς
1544 2085 1758 2153 φύσεως

172 2176 249 2248 τῷ
277 2176 460 2247 Πατρὶ
488 2175 584 2228 καὶ
601 2173 716 2245 Υίῷ
751 2175 814 2228 τὸ
844 2173 1070 2245 Πνεῦμα
1093 2175 1155 2227 τὸ
1187 2175 1365 2242 ἆγιον.

243 2269 336 2323 i2.
379 2268 493 2321 Καὶ
546 2267 676 2339 περὶ
720 2267 820 2338 μὲν
871 2265 973 2336 τῆς
1013 2268 1399 2338 προσκυνητῆς
1454 2268 1548 2321 καὶ
1596 2269 1753 2337 ἁγίας

171 2360 404 2432 τριάδος
446 2358 684 2413 τοσαῦτα
712 2357 823 2428 (95)
868 2361 1003 2428 ἡμῖν
1039 2358 1131 2410 ἐπὶ
1172 2357 1267 2411 τοῦ
1295 2358 1562 2430 παρόντος
1604 2361 1756 2430 εἰρή-

171 2450 287 2503 σθω
309 2450 447 2519 (96).
482 2450 558 2501 Οὐ
592 2448 701 2520 γὰρ
732 2448 825 2500 νῦν
863 2446 1084 2501 δυνατὸν
1125 2447 1460 2519 πλατύτερον
1505 2449 1755 2514 ἐξετάσαι

169 2542 263 2594 τὸν
288 2542 421 2610 περὶ
457 2541 631 2610 αὐτῆς
659 2540 836 2608 λόγον.
873 2539 1063 2609 Ὑμεῖς
1101 2539 1180 2602 δὲ,
1202 2539 1455 2604 λαϐόντες
1481 2542 1630 2613 παρὰ
1655 2543 1757 2612 τῆς

171 2633 453 2703 ἡμετέρας
496 2631 877 2695 ταπεινώσεως
926 2631 1248 2702 σπέρματα,
1296 2632 1496 2703 στάχυν
1546 2632 1756 2704 ὥριμον

169 2726 390 2787 ἑαυτοῖς
419 2725 799 2793 γεωργήσατε,
831 2723 954 2775 ἐπεὶ
984 2724 1078 2776 καὶ
1110 2723 1321 2787 τόκους,
1342 2724 1424 2787 ὡς
1470 2725 1606 2788 ἴστε,
1648 2725 1755 2779 τῶν

168 2815 435 2868 τοιούτων
469 2813 1008 2884 προσαπαιτούμεθα.
1035 2813 1284 2868 Πιστεύω
1320 2815 1379 2868 δὲ
1403 2815 1482 2887 τῷ
1506 2815 1644 2888 Θεῷ,
1673 2818 1753 2871 ὅτι

168 2907 632 2976 καρποφορήσετε
689 2904 782 2958 καὶ
814 2904 1143 2976 τριάκοντα,
1185 2906 1280 2959 καὶ
1340 2907 1604 2979 ἐξήκοντα
1660 2909 1753 2961 καὶ

170 2996 394 3061 ἑκατὸν,
442 2995 533 3049 διὰ
551 2996 648 3066 τὴν
678 2996 1024 3067 καθαρότητα
1069 2995 1164 3049 τοῦ
1194 2996 1310 3066 βίου
1340 2997 1515 3067 ὑμῶν.
1549 2998 1751 3052 Μακά-

1860 1910 1920 1965 Si
1942 1926 2036 1980 ego
2069 1911 2125 1964 in
2173 1910 2340 1981 digito
2386 1910 2484 1964 Dei
2510 1911 2665 1980 ejicio
2687 1912 3018 1966 dwmonia"
3045 1929 3059 1977 ;
3094 1911 3147 1966 id
3177 1912 3328 1982 quod
3376 1914 3432 1966 in

1857 2003 1964 2057 alio
1989 2001 2282 2074 Evangelia
2325 2003 2591 2073 scriptum
2624 2011 2710 2059 est
2747 2024 2761 2058 :
2807 2002 2867 2058 Si
2892 2020 2986 2074 ego
3012 2005 3067 2057 in
3101 2002 3302 2072 Spiritu
3333 2003 3435 2058 Dei

1854 2095 2010 2166 eiicio
2067 2095 2335 2150 damonia
2350 2095 2419 2166 ”)
2454 2112 2467 2146 :
2526 2095 2766 2165 Spiritus
2802 2107 3030 2151 sanctus
3061 2096 3309 2165 ejusdem
3336 2112 3434 2151 na-

1854 2193 1992 2241 tura:
2013 2201 2077 2240 ac
2092 2185 2254 2241 Pater
2279 2193 2335 2241 et
2364 2185 2556 2243 Filius.

1930 2275 2021 2331 I2.
2056 2276 2233 2346 Atque
2293 2277 2398 2330 ista
2460 2265 2681 2346 quidem
2744 2276 2904 2331 nobis
2961 2276 3029 2332 de
3064 2275 3346 2331 adoranda
3376 2285 3432 2331 et

1857 2348 2049 2422 sancta
2079 2364 2349 2421 Trinitate
2375 2368 2429 2420 in
2462 2366 2718 2436 praesenti
2746 2366 2890 2421 dicta
2920 2368 3048 2421 sint.
3098 2366 3254 2423 Nunc
3282 2367 3427 2422 enim

1859 2456 1973 2513 ﬁeri
2002 2459 2215 2529 nequit,
2260 2465 2320 2512 ut
2365 2458 2529 2514 latius
2560 2457 2828 2513 rationem
2856 2457 3005 2512 illius
3049 2459 3426 2529 exquiramus.

1857 2548 1970 2604 Vos
1994 2564 2147 2614 vero,
2195 2550 2438 2618 acceptis
2465 2564 2496 2603 a
2539 2557 2729 2604 nostra
2761 2549 3069 2605 humilitate
3100 2550 3428 2620 seminibus,

1858 2645 2128 2693 maturam
2192 2638 2400 2708 spicam
2469 2638 2766 2707 vobisipsis
2820 2639 3098 2703 excolite,
3158 2640 3430 2710 siquidem

1856 2734 1907 2780 et
1957 2742 1987 2780 a
2022 2728 2204 2791 nobis,
2236 2736 2294 2780 ut
2321 2729 2518 2791 nostis,
2552 2728 2788 2797 exigitur
2826 2728 3018 2782 talium
3063 2744 3249 2784 usura.
3294 2731 3432 2785 Con-

1860 2819 1965 2873 Iido
1996 2826 2176 2874 autem
2214 2818 2343 2883 Deo,
2401 2819 2637 2874 fructum
2687 2821 2952 2875 allaturos
3002 2836 3100 2876 vos
3151 2828 3205 2877 et
3263 2824 3430 2895 trige-

1857 2914 2078 2983 cuplum
2129 2918 2184 2965 et
2236 2912 2696 2982 sexagecuplum,
2740 2920 2794 2965 et
2838 2913 3175 2981 centuplum,
3219 2914 3289 2969 ob
3340 2931 3431 2970 ve-

1860 3012 1986 3058 stra
2043 3001 2168 3056 vitm
2230 3002 2543 3072 puritatem.
2598 2999 2732 3054 Nam
2796 3001 2934 3055 beati
2978 3002 3172 3058 mundo
3228 3004 3427 3069 corde,

154 3105 286 3157 ριοι
309 3086 447 3158 γὰρ,
496 3088 662 3157 φησὶν
692 3086 837 3159 (97),
895 3091 948 3141 οἱ
982 3089 1227 3157 καθαροὶ
1272 3087 1346 3157 τῇ
1375 3087 1616 3158 καρδίᾳ,
1663 3089 1751 3143 ὅτι

1859 3095 2109 3166 quoniam
2144 3094 2256 3161 {ipsi
2311 3091 2480 3145 Deum
2524 3090 2772 3145 videbunt
2792 3092 2858 3145 θδ.
2922 3092 3107 3163 Neque
3149 3109 3280 3150 vero
3339 3111 3429 3151 re-

167 3180 343 3234 αὐτοὶ
371 3178 481 3231 τὸν
509 3179 659 3233 Θεὸν
687 3178 958 3247 ὄψονται.
1004 3180 1116 3232 Καὶ
1161 3179 1298 3251 μηδὲ
1326 3178 1454 3234 ἄλλο
1484 3197 1559 3244 τι,
1601 3180 1755 3234 ἀδελ-

168 3270 284 3338 φοι,
315 3268 419 3339 τὴν
453 3267 731 3337 βασιλείαν
763 3267 869 3320 τῶν
897 3267 1144 3339 οὐρανῶν
1170 3267 1429 3339 νομίσητε
1456 3267 1566 3339 (98)
1597 3270 1629 3340 ἢ
1657 3268 1755 3340 τὴν

165 3361 281 3415 τῶν
315 3362 492 3415 ὅντων
518 3359 691 3430 ἀληθῆ
736 3359 1063 3429 κατανόησιν
1083 3398 1098 3424 ,
1134 3358 1202 3430 ἢν
1236 3358 1331 3412 καὶ
1374 3360 1755 3431 μακαριότητα

164 3451 531 3524 ὀνομάζουσιν
563 3453 619 3504 αἱ
651 3450 790 3503 θεῖαι
821 3450 1051 3522 Γραφαί.
1086 3451 1157 3505 Ἠ
1180 3449 1289 3520 γὰρ
1314 3450 1606 3514 ,ϐασιλεία
1637 3450 1756 3505 τῶν

164 3542 448 3612 οὐρανῶν
474 3541 650 3608 ἐντὸς
675 3541 841 3610 ὑμῶν
863 3542 1164 3613 ἐστι.Περ“ι
1185 3541 1242 3594 δὲ
1260 3541 1351 3595 τὸν
1368 3541 1517 3605 ἐντὸς
1544 3542 1754 3614 ἄνθρω-

170 3651 272 3688 πον
292 3635 453 3688 οὐδὲν
475 3634 663 3704 ἕτερον
689 3633 723 3704 ἦ
748 3632 949 3705 θεωρία
977 3634 1314 3687 συνίσταται.
1333 3634 1550 3704 Θεωρία
1575 3635 1641 3689 ἂν
1669 3637 1755 3707 εἴη

169 3724 355 3778 λοιπὸν
382 3726 418 3795 ἡ
449 3723 697 3794 βασιλεία
717 3722 824 3777 τῶν
856 3723 1120 3797 οὐρανῶν.
1138 3718 1237 3779 Ὧν
1266 3725 1376 3798 γὰρ
1404 3728 1498 3781 νῦν
1517 3728 1626 3800 (99)
1657 3730 1756 3793 τὰς

172 3816 331 3881 σκιὰς
357 3814 687 3888 καθορῶμεν
708 3815 783 3879 ὼς
806 3818 862 3869 ὲν
893 3818 1206 3889 κατόπτρῳ,
1239 3817 1486 3890 ὕστερον,
1514 3820 1756 3875 ἀπαλλα-

167 3908 362 3977 γέντες
400 3906 498 3960 τοῦ
531 3904 766 3974 γεώδους
812 3904 1063 3979 σώματος
1094 3906 1314 3972 τούτου,
1346 3908 1441 3962 καὶ
1482 3910 1755 3982 ἄφθαρτον

166 3996 601 4066 ὲπενδυσὰμενοι
646 3996 739 4049 καὶ
774 3992 1069 4061 ἀθάνατον,
1103 3996 1311 4050 τούτων
1359 3997 1427 4051 τὰ
1470 3998 1755 4068 ἀρχέτυπα

172 4086 550 4157 κατοψόμεθα.
615 4084 887 4157 Ὀψόμεθα
914 4085 1006 4153 δὲ,
1045 4086 1099 4138 εί
1132 4104 1196 4155 γε
1247 4088 1338 4140 τὸν
1386 4089 1594 4143 ἑαυτῶν
1640 4090 1754 4161 βίον

172 4179 308 4250 πρὸς
331 4178 396 4231 τὸ
430 4176 590 4240 εὐθὲς
610 4177 1033 4247 κυδερνοίημεν,
1066 4179 1161 4231 καὶ
1192 4178 1292 4249 τῆς
1316 4179 1484 4251 ὀρθῆς
1519 4182 1752 4246 πίστεως

175 4270 471 4342 ποιοίμεθα
522 4271 815 4342 πρόνοιαν,
853 4265 927 4323 ὧν
978 4273 1149 4344 χωρὶς
1200 4271 1376 4335 οὐδεὶς
1420 4272 1607 4341 ὄψεται
1661 4274 1753 4326 τὸν

174 4364 397 4438 Κύριον.
432 4364 539 4428 Εἰς
570 4362 678 4431 γὰρ
723 4361 1091 4430 κακότεχνον
1121 4361 1367 4431 ψυχὴν,
1411 4364 1605 4432 φησὶν,
1643 4364 1753 4416 οὐκ

1855 3198 2025 3255 gnum
2054 3184 2321 3237 cmlorum
2369 3182 2516 3235 aliud
2551 3181 2848 3251 quidquam
2899 3184 3101 3251 putetis
3125 3223 3140 3247 ,
3188 3181 3388 3239 fratres
3412 3223 3429 3249 ,

1855 3287 2019 3343 quam
2050 3286 2241 3326 eorum
2290 3286 2410 3341 qua:
2458 3281 2587 3324 sunt
2639 3272 3201 3340 contemplationem,
3263 3289 3429 3345 quam

1854 3364 2018 3422 etiam
2093 3364 2293 3421 divina:
2359 3361 2661 3433 Scriptura;
2741 3372 2938 3418 vocant
3011 3365 3425 3422 beatitudinem.

1856 3458 2093 3530 Regnum
2138 3459 2278 3512 enim
2324 3456 2580 3511 ctelorum
2616 3457 2758 3509 intra
2812 3470 2901 3511 vos
2926 3466 3007 3511 est
3028 3459 3096 3511 ".
3141 3460 3301 3513 Circa
3343 3459 3425 3513 in-

1854 3557 2073 3605 ternum
2131 3555 2312 3603 autem
2361 3547 2637 3601 hominem
2683 3547 2821 3601 nihil
2873 3547 3024 3602 aliud
3068 3564 3235 3619 quam
3293 3565 3429 3605 con-

1854 3641 2139 3711 templatio
2195 3639 2467 3695 consistit.
2518 3637 2805 3710 Reliquum
2841 3646 2924 3695 est
2964 3640 3162 3710 igitur,
3196 3652 3258 3696 ut
3291 3656 3427 3697 cou-

1854 3734 2134 3803 templatio
2194 3746 2422 3802 regnum
2486 3731 2558 3786 sit
2626 3731 2910 3785 caelorum.
2985 3731 3227 3798 Quorum
3283 3734 3428 3789 enim

1855 3840 2003 3878 nunc
2042 3825 2267 3878 umbras
2316 3823 2562 3877 videmus
2628 3823 2787 3891 quasi
2834 3824 2889 3876 in
2949 3824 3217 3892 speculo,
3274 3835 3429 3895 pOSt-

1856 3916 2078 3970 modum
2126 3923 2352 3969 terreno
2396 3915 2498 3968 hoc
2550 3929 2780 3983 corpore
2830 3914 3087 3977 liberati,
3137 3924 3190 3968 et
3250 3917 3429 3971 incor-

1855 4015 2018 4077 rupto
2075 4020 2140 4061 ac
2191 4006 2483 4060 immortali
2544 4005 2774 4070 induti,
2856 4007 3049 4061 horum
3132 4008 3427 4079 archetypa

1853 4099 2185 4154 videbimus.
2220 4097 2523 4153 Cernemus
2569 4105 2774 4163 autem,
2833 4099 2879 4152 si
2923 4099 3087 4153 modo
3118 4100 3283 4154 vitam
3336 4117 3424 4156 no-

1854 4199 2026 4243 stram
2059 4187 2128 4242 ad
2172 4186 2227 4240 id
2271 4187 2418 4257 quod
2451 4196 2660 4242 rectum
2691 4195 2798 4252 est,
2839 4188 3227 4253 direxerimus,
3264 4197 3430 4262 atque

1855 4288 2006 4332 recta
2066 4276 2200 4332 ﬁdes
2239 4292 2388 4332 cura:
2420 4278 2580 4332 nobis
2636 4278 2799 4333 fuerit
2823 4321 2838 4345 ,
2885 4282 3005 4335 sine
3034 4280 3235 4350 quibus
3268 4296 3430 4337 nemo

1856 4368 2144 4424 Dominum
2198 4367 2422 4423 videbit.
2491 4367 2636 4423 Nam
2688 4372 2743 4423 in
2803 4371 3095 4442 malignam
3148 4373 3427 4438 animam,

172 4456 589 4511 εἰσελεύσεται
617 4454 824 4523 σοφία,
871 4454 1014 4507 οὐδὲ
1040 4453 1385 4520 κατοικήσει
1421 4455 1491 4508 ἐν
1526 4453 1753 4523 σώματι

1859 4459 2079 4530 inquit,
2139 4475 2241 4512 non
2293 4459 2535 4512 introibit
2590 4463 2850 4528 sapientia
2882 4503 2896 4527 ,
2957 4479 3118 4533 neque
3170 4463 3429 4517 habitabit

171 4546 484 4619 ωταχρέῳ
506 4547 816 4617 ἁμαρτίας.
836 4548 946 4601 Καὶ
971 4547 1160 4619 μηδεὶς
1187 4548 1536 4620 ὑποκρουέτω
1555 4547 1753 4628 λέγων,

1859 4552 1906 4604 in
1947 4564 2161 4617 corpore
2210 4549 2435 4603 obnoxio
2464 4561 2678 4618 peccato
2697 4552 2764 4607 ".
2820 4550 2991 4606 Nemo
3031 4561 3212 4606 autem
3255 4553 3426 4608 recla-

170 4643 248 4695 ὁτι
294 4641 381 4694 Τὰ
414 4642 477 4694 ἐν
521 4638 679 4691 ποσὶν
737 4640 947 4707 ἀγνοῶν
1000 4640 1128 4711 περὶ
1178 4639 1279 4709 τῆς
1330 4639 1623 4710 ἀσωμάτου
1658 4636 1753 4693 καῖ

1859 4648 1985 4706 .net,
2015 4640 2205 4695 dicens
2234 4656 2247 4690 :
2290 4639 2393 4705 Qui
2424 4655 2512 4694 res
2543 4649 2671 4714 ante
2704 4640 2871 4710 pedes
2914 4641 3125 4710 positas
3179 4641 3422 4710 ignoras.

170 4735 353 4803 πάντη
380 4731 464 4803 (I)
491 4729 688 4783 ἀνύλου
733 4730 919 4794 οὐσίας
946 4732 1079 4801 ἡμῖν
1111 4729 1446 4801 φιλοσοφεῖς.
1495 4730 1604 4784 Καὶ
1642 4730 1750 4801 γὰρ

1859 4733 1922 4788 de
1972 4732 2300 4802 incorporea
2347 4739 2402 4786 et
2471 4747 2702 4803 prorsus
2772 4733 3120 4788 immateriali
3188 4734 3427 4789 essentia

168 4823 369 4877 ἄτοπον
407 4822 581 4895 κρίνω
612 4821 711 4885 τὰς
739 4822 838 4892 μὲν
870 4822 1151 4895 αἰσθήσεις
1186 4822 1280 4894 ὲᾷν
1314 4823 1610 4888 ἀκωλύτως
1642 4824 1752 4877 τῶν

1859 4825 2011 4879 nobis
2067 4820 2492 4895 phiJOSOpharis.
2568 4820 2704 4877 Illud
2775 4824 2921 4878 enim
2980 4823 3278 4879 absurdum
3337 4823 3428 4892 ju—

172 4916 314 4971 ἰδίων
355 4913 740 4970 ἐμπίπλασθαι
773 4914 947 4979 ὑλῶν,
982 4916 1072 4968 τὸν
1110 4915 1165 4968 δὲ
1211 4914 1336 4968 νοῦν
1382 4916 1539 4986 μόνον
1580 4916 1753 4988 εἴργε-

1859 4917 2001 4982 dico,
2048 4925 2109 4972 ut
2152 4932 2350 4972 sensus
2408 4916 2626 4987 quidem
2668 4917 2914 4971 sinamus
2971 4917 3141 4971 libere
3180 4917 3297 4972 suis
3331 4931 3429 4988 op—

231 5070 278 5101 "
320 5068 518 5125 Matth.
560 5085 635 5134 Iv,
662 5070 747 5122 10.
822 5067 868 5100 ⁸⁸
898 5066 916 5119 I
948 5067 1075 5122 Cor.
1117 5084 1175 5132 ιι,
1200 5068 1286 5130 I0,
1324 5069 1411 5121 Η.
1488 5069 1533 5102 ⁸⁸
1558 5068 1753 5138 Ephes.

1859 5070 1975 5132 .17.
2037 5048 2097 5104 "°
2126 5070 2271 5126 Psal.
2310 5086 2477 5135 cxvn,
2518 5070 2603 5123 16.
2679 5071 2722 5102 ⁹¹
2761 5070 2931 5126 Exod.
2962 5086 3054 5136 xv,
3084 5070 3137 5125 6.
3214 5072 3259 5103 "
3288 5069 3423 5126 Luc.

170 5154 241 5205 ιι,
278 5140 377 5195 ‘20.
456 5140 503 5170 ”
537 5138 723 5193 Matth.
764 5138 969 5203 xu,‘28.
1041 5139 1087 5169 ”
1121 5138 1314 5192 Matth.
1338 5154 1391 5215 v,
1417 5141 1469 5193 8.
1549 5141 1594 5172 "
1626 5139 1753 5194 Luc;

1866 5156 1927 5204 ιι,
1950 5140 2043 5195 21.
2120 5141 2177 5173 ⁸*
2199 5141 2326 5211 Sap.
2358 5159 2396 5205 1,
2422 5143 2472 5196 4.

236 5297 353 5368 (95)
391 5296 459 5349 '0
488 5293 633 5360 Θεὸς
667 5292 1024 5368 ὀνομάζετιρ.
1060 5292 1170 5368 [ias
1210 5308 1372 5368 voces
1404 5301 1457 5348 et
1497 5310 1618 5363 qua
1652 5309 1739 5349 se-

204 5363 621 5432 uuntur'usque
653 5366 719 5417 ad
752 5364 813 5417 τὸ
854 5364 911 5416 δὲ
952 5363 1177 5433 Πνεῦμα
1210 5363 1459 5418 addimus
1499 5379 1563 5416 ex
1606 5380 1738 5418 mss.

204 5383 414 5421 nuntur
445 5383 621 5432 usque
653 5383 719 5417 au
752 5383 813 5417 το
854 5383 911 5416 οε
952 5383 1177 5433 υνευμα
1210 5383 1459 5418 nummus
1499 5383 1563 5416 CX
1606 5383 1738 5418 mss.

167 5383 436 5507 Displicet
459 5444 641 5488 autem
668 5434 993 5488 Combelisio
1006 5433 1329 5499 τεθεικέναι,
1345 5448 1408 5487 ac
1423 5437 1598 5503 legere
1613 5436 1743 5487 mal-

170 5508 240 5561 Iet
266 5503 696 5561 τεθεωρηκέναι.

189 5517 240 5562 et
266 5517 696 5577 τεθεωρηκέναι.

239 5577 353 5649 (94)
395 5578 510 5649 Καί
543 5578 597 5649 εί
761 5572 951 5649 δεξιᾷ.
984 5571 1077 5649 Sic
1105 5587 1240 5649 mss.
1271 5570 1412 5626 Editi
1447 5573 1541 5625 καὶ
1570 5572 1739 5639 δεξιά,

169 5639 522 5723 οιιῄςείε-καὶ
550 5647 618 5723 εἰ.
652 5642 808 5723 (Vide
839 5642 1141 5711 Addenda.)
1345 5712 1356 5723 ‘
1488 5720 1497 5723 Α
1540 5714 1550 5723 ,
1676 5713 1706 5723 Π

2200 5639 2312 5723 γὰρ
2332 5644 2468 5698 νῦν.
2505 5644 2711 5723 Ult_iina_
2735 5639 3014 5723 vocula-ex
3046 5639 3182 5705 mss.
3213 5647 3421 5707 addita.

238 5717 348 5789 (95)
393 5712 687 5771 Τοσαῦτα.
724 5712 802 5765 Ita
833 5728 966 5767 mss.
999 5728 1097 5781 pro
1122 5728 1188 5767 eo
1216 5712 1360 5784 quod
1389 5720 1504 5771 erat
1538 5714 1593 5766 in
1624 5713 1741 5767 edi-

1908 5712 2261 5785 -(1)’Πάντὴ.
2296 5715 2371 5770 Ita
2402 5728 2537 5772 mss.
2572 5717 2715 5773 Editi
2744 5719 2938 5773 πάντα.
3424 5727 3433 5735 “

406 5812 684 5874 Panos.
718 5806 837 5869 Gn.
874 5809 1139 5872 XXXII.
3061 5811 3100 5869 9

1847 5294 1922 5374 tis
1948 5295 2193 5349 τοιαῦτα.
2227 5295 2349 5351 Non
2381 5297 2553 5351 multo
2593 5306 2711 5368 post
2753 5297 2887 5352 editi
2921 5298 3161 5370 σπέρμα.
3195 5297 3329 5356 Mss.
3364 5307 3428 5356 ut

1847 5380 1903 5417 In
1944 5374 2112 5418 textu.

1918 5434 2030 5504 (96)
2061 5433 2221 5504 (Vide
2246 5433 2551 5504 Addenda.)

1940 5502 2030 5574 97)
2057 5502 2203 5572 Γὰρ,
2228 5505 2438 5574 φησίνξ
2477 5502 2675 5559 Ultima
2704 5522 2810 5560 vox
2846 5506 3028 5561 addita
3061 5518 3127 5562 ex
3158 5522 3293 5565 mss.

2062 5572 2660 5650 Νομισῃτεὲιιε-Ψεε.
2697 5576 2841 5630 Editi
2872 5579 3184 5650 νομίσηται.
