3888 6214
415 312 516 366 267

1717 307 1782 370 Ἠ.
1827 313 2067 371 BA'SILII
2105 307 2319 371 MAGNI

3562 315 3669 369 268

416 436 554 510 pleri
611 437 896 502 materiis,
946 453 1104 494 mens
1145 454 1274 495 vero
1325 440 1442 495 sola
1487 455 1517 493 a
1552 439 1776 511 propria
1805 455 1988 511 opera-

2096 441 2219 494 σθαι
2244 441 2346 512 τῆς
2373 429 2582 504 οἰκείας
2612 439 2917 512 ἐνεργείας.
2965 438 3053 503 Ὠς
3085 431 3253 510 γὰρῆ
3287 434 3539 509 αἴσθησις
3561 435 3672 492 τῶν

414 531 566 586 tione
633 539 905 588 arceatur.
948 531 1020 587 Ut
1077 533 1225 588 enim
1289 550 1488 590 sensus
1551 536 1874 600 sensibilia,
1921 534 1996 589 ita

414 638 573 679 mens
615 624 982 695 intelligibilia
1037 625 1277 696 attingit.
1322 624 1496 680 Simul
1560 635 1744 682 autem
1795 633 1851 682 et
1891 627 1997 681 hoc

412 713 708 772 dicendum
737 754 752 779 ,
798 715 1073 770 naturalia
1120 717 1332 787 judicia
1376 718 1694 773 documenti
1748 717 1995 788 expertia

415 823 447 861 ιι
474 807 754 863 conditore
786 816 978 868 nostro
998 809 1111 864 Deo
1144 809 1319 864 indita
1375 810 1564 866 fuisse.
1598 809 1794 866 Visum
1829 810 1993 865 enim

413 915 576 954 nemo
635 900 829 956 edocet
890 908 950 954 ut
1020 901 1288 970 percipiat
1332 903 1544 958 colores
1598 912 1692 956 aut
1749 901 1992 972 ﬁguras;

414 1004 591 1060 neque
644 989 890 1044 auditum
946 998 1007 1044 ut
1071 1007 1239 1048 sonos
1273 1000 1325 1047 et
1371 1008 1583 1058 voces;
1624 1008 1801 1063 neque
1855 993 1994 1047 olfa-

411 1090 562 1138 ctum
587 1123 604 1148 ,
663 1089 724 1136 ut
758 1083 897 1138 bene
926 1090 981 1138 et
1024 1085 1166 1138 male
1199 1085 1461 1139 olentium
1495 1101 1677 1141 rerum
1710 1100 1942 1156 vapores
1977 1103 1990 1148 ;

413 1189 591 1244 neque
636 1181 878 1245 gustum,
929 1185 989 1229 ut
1027 1191 1250 1246 sapores
1293 1193 1358 1232 ac
1409 1193 1647 1245 succos;
1681 1194 1858 1248 neque
1913 1186 1996 1233 ta-

413 1275 560 1319 ctum
587 1306 601 1330 ,
633 1273 694 1320 ut
726 1267 909 1344 mollia
950 1275 1004 1322 et
1051 1268 1188 1322 dura
1215 1309 1230 1332 ,
1295 1277 1354 1322 ut
1409 1268 1584 1324 calida
1627 1283 1720 1323 aut
1774 1269 1991 1340 frigida.

412 1355 598 1426 Neque
629 1372 779 1413 sane
823 1359 1116 1429 quisquam
1180 1370 1416 1415 mentem
1464 1361 1683 1416 docebit
1738 1361 1996 1432 intelligi-

412 1449 544 1502 bilia
595 1451 835 1520 assequi.
884 1450 950 1505 Et
982 1453 1441 1521 quemadmodum
1505 1470 1728 1520 sensus,
1781 1456 1828 1510 si
1861 1455 1993 1525 quid

413 1539 549 1606 ipsis
611 1541 871 1595 acciderit
949 1542 1323 1608 incommodi,
1381 1555 1542 1613 egent
1603 1546 1780 1600 solum
1841 1561 1996 1601 cura—

411 1631 599 1693 tione,
651 1641 706 1687 et
739 1647 924 1687 suum
963 1635 1218 1704 ipsorum
1271 1651 1470 1691 munus
1517 1639 1737 1707 explent
1786 1637 1989 1705 facile;

2097 535 2391 607 αἰσθητῶν,
2422 535 2597 600 οὕτως
2630 537 2658 589 ὁ
2692 535 2818 599 νοῦς
2843 534 2950 588 τῶν
2978 533 3185 604 νοητῶν
3221 531 3469 595 ἐπίϐολός
3499 533 3670 586 ἐστιν.

2099 628 2252 698 Ἀμα
2276 627 2334 680 δὲ
2363 629 2459 681 καὶ
2486 627 2644 680 τοῦτο
2684 627 2924 692 λεκτέον,
2961 627 3042 680 ὅτι
3070 625 3139 680 τὰ
3181 623 3385 694 φυσικὰ
3413 625 3673 694 κριτήρια

2095 719 2356 774 ἀδίδακτά
2387 720 2686 790 πεποίηκεν
2718 723 2746 774 ὁ
2778 721 2971 782 κτίσας
2996 720 3144 789 ἡμᾶς
3167 717 3318 780 Θεός.
3346 717 3538 780 Οὐδεὶς
3563 715 3671 787 γὰρ

2094 810 2335 865 διδάσκει
2371 813 2470 876 τὰς
2499 813 2650 881 ὄψεις
2691 812 2997 882 χρωμάτων
3029 811 3061 882 ἦ
3092 811 3386 881 σχημάτων
3412 809 3674 879 ἀντιλαμδ

2096 902 2391 968 ϐάνεσθαι,
2429 904 2538 957 οὐδ’
2603 902 2772 973 ἀκοὴν
2824 902 3010 972 ψόφων
3051 920 3110 954 τε
3153 901 3247 954 καὶ
3296 899 3523 968 φωνῶν,
3558 895 3670 950 οὐδ’

2095 997 2361 1068 ὄσφρησιν
2391 996 2579 1066 ἀτμῶν
2603 995 2819 1050 εὐωδῶν
2837 1012 2896 1047 τε
2919 995 3012 1048 καὶ
3044 993 3314 1057 δυσωδῶν,
3336 992 3458 1045 οὐδὲ
3480 991 3669 1061 γεῦσιν

2095 1083 2284 1153 χυμῶν
2309 1082 2402 1135 καὶ
2435 1081 2631 1150 χυλῶν,
2665 1081 2773 1134 οὐδ’
2802 1081 2944 1149 ἁφὴν
2981 1079 3238 1150 μαλακῶν
3265 1079 3358 1132 καὶ
3394 1075 3667 1147 σκληρῶν,

2094 1178 2128 1247 ἢ
2156 1175 2371 1247 θερμῶν
2399 1173 2491 1228 καὶ
2511 1174 2752 1244 ψυχρῶν.
2785 1174 2920 1227 Οὐδὲ
2951 1174 3040 1226 τὸν
3069 1173 3191 1226 νοῦν
3219 1171 3528 1225 ἐπιϐάλλειν
3555 1172 3670 1232 τοῖς

2094 1270 2304 1338 νοητοῖς
2350 1266 2548 1330 διδάξαι
2587 1282 2671 1329 τις
2721 1265 2806 1318 ἄν.
2851 1266 2962 1317 Καὶ
3003 1265 3191 1336 ὥσπερ
3245 1264 3298 1317 εῐ
3343 1281 3396 1316 τι
3445 1261 3671 1316 πάθοιεν

2094 1353 2277 1426 αὗται,
2295 1358 2614 1429 ἐπιμελείας
2642 1358 2800 1428 μόνον
2826 1357 3195 1428 προσδέονται,
3219 1356 3315 1409 καὶ⁷
3342 1355 3440 1426 τὴν
3460 1353 3669 1406 οἰκείαν

2093 1452 2376 1520 ἐνέργειαν
2409 1451 2644 1513 εὐκόλως
2669 1449 3114 1521 λάποπληροῦσιν·
3147 1448 3318 1512 οὕτως
3353 1448 3496 1501 καὶὸ
3520 1444 3664 1510 νοῦς,

2097 1545 2259 1614 σαρκὶ
2290 1542 2577 1606 συνδεθεὶς,
2614 1543 2707 1594 καὶ
2737 1542 2846 1594 τῶν
2874 1542 2937 1594 ἐκ
2968 1540 3170 1612 ταύτης
3205 1538 3515 1609 φαντασιῶν
3538 1537 3670 1608 πληι

2097 1635 2310 1705 ρωθεὶς,
2339 1635 2573 1698 πίστεως
2599 1633 2767 1687 δεῖται
2802 1634 2894 1686 καὶ
2933 1633 3213 1694 πολιτείας
3242 1631 3430 1702 ὀρθῆς,
3465 1630 3666 1693 αἵτινες

413 1721 489 1774 ita
527 1730 580 1776 et
619 1739 773 1778 mens
800 1725 952 1779 carni
982 1726 1208 1796 illigata,
1245 1738 1298 1782 et
1320 1730 1456 1782 ortis
1487 1745 1551 1782 ex
1583 1745 1645 1784 ea
1685 1730 1988 1799 phantasiis

2095 1727 2480 1798 καταρτίζουσι
2532 1728 2660 1790 τοὺς
2694 1726 2861 1788 πόδας
2893 1726 3056 1778 αὐτοῦ
3107 1725 3238 1776 ὡσεὶ
3286 1724 3522 1792 ἐλάφου,
3574 1724 3669 1775 καὶ

410 1798 626 1883 oppleta
659 1857 674 1880 ,
715 1815 821 1871 fide
863 1791 1089 1887 indiget.
1125 1829 1180 1873 et
1241 1828 1390 1874 recta
1447 1820 1558 1875 vita
1591 1863 1606 1886 ,
1658 1791 1780 1891 quae
1825 1821 1988 1892 pedes

2098 1821 2191 1873 ἐπὶ
2223 1791 2292 1873 τὰ
2324 1820 2504 1891 ὑψηλὰ
2548 1819 2766 1872 ἱστῶσιν
2808 1818 2991 1871 αὐτόν.
3019 1815 3188 1868 Τοῦτό
3227 1832 3308 1867 τοι
3352 1791 3482 1867 αὐτὸ
3509 1813 3604 1866 καὶ
3639 1815 3668 1866 ὁ
3728 1831 3739 1848 ι

413 1906 586 1974 ipsius
613 1908 756 1961 velut
787 1910 932 1963 cervi
961 1911 1248 1978 cujusdam
1316 1923 1630 1982 prteparant
1657 1916 1724 1978 ’7,
1759 1930 1988 1984 eamque

412 1999 480 2051 ad
533 2000 641 2052 alta
699 2002 931 2070 erigunt.
994 2001 1108 2056 Hoc
1164 2003 1342 2072 ipsum
1401 2006 1563 2059 etiam
1608 2007 1836 2075 sapiens
1897 2007 1988 2062 ille

415 2090 671 2146 Salomon
702 2091 997 2161 admonet;
1049 2111 1119 2150 ac
1167 2112 1313 2150 nunc
1341 2097 1556 2166 quidem
1612 2101 1771 2152 nobis
1789 2098 1990 2168 ‘ohjicit

411 2197 521 2236 non
583 2185 1040 2241 verecundantem
1096 2188 1344 2256 opificem
1377 2189 1662 2244 formicam
1691 2191 1759 2255 ⁸⁸,
1796 2205 1860 2244 ac
1891 2206 1988 2259 per

414 2288 535 2326 eam
589 2274 748 2328 nobis
791 2283 1074 2331 actuosam
1107 2277 1251 2331 viam
1295 2276 1602 2334 describit:
1656 2294 1805 2334 nunc
1860 2295 1991 2335 vero

412 2365 675 2434 sapientis
726 2366 956 2436 apiculae
1015 2367 1066 2421 in
1109 2367 1378 2439 fingendis
1423 2369 1563 2426 favis
1607 2386 1872 2440 organum
1899 2371 1986 2425 ’δι

412 2470 476 2508 ac
536 2471 633 2525 per
689 2471 809 2511 eam
900 2459 1206 2513 naturalem
1277 2461 1790 2530 contemplationem
1862 2477 1990 2533 sug—

411 2547 589 2615 gerit,
648 2549 704 2601 in
755 2565 864 2618 qua
927 2551 1088 2603 etiam
1157 2549 1225 2606 de
1286 2559 1476 2606 sancta
1551 2551 1820 2608 Trinitate
1883 2553 1987 2608 do-

411 2638 589 2692 Catina
647 2639 1014 2707 admiscetur;
1073 2641 1341 2712 siquidem
1413 2659 1478 2698 ex
1534 2659 1719 2700 rerum
1782 2653 1988 2701 creata-

409 2743 531 2781 rum
567 2729 971 2799 pulchritudine
1007 2732 1116 2802 90
1156 2735 1548 2790 convenienter
1591 2744 1810 2791 creator
1852 2751 1981 2791 con-

410 2822 702 2878 sideratur.
762 2822 868 2878 Sed
930 2824 1043 2894 jam
1103 2827 1294 2896 gratiis
1360 2828 1498 2883 actis
1549 2827 1698 2882 Patri
1751 2835 1805 2883 et
1846 2827 1985 2882 Filio

2099 1911 2259 1981 σοφὸς
2291 1914 2578 1982 παρεγγυᾷ
2621 1909 2899 1981 Σολομώνο
2932 1910 3027 1962 καὶ
3069 1907 3200 1960 ποτέ
3233 1902 3330 1976 μὲν
3364 1907 3494 1977 ἡμῖν
3529 1903 3670 1976 ’προκ

2093 2000 2252 2072 φέρει
2282 2001 2358 2071 (‘2)
2387 2000 2480 2053 τὸν
2520 2000 2946 2069 ἀνεπαίσχυντον
2985 1997 3223 2069 ἐργάτην
3256 1997 3348 2048 τὸν
3378 1995 3662 2066 μύρμηκα,

2093 2094 2188 2146 καὶ
2221 2093 2287 2146 δι’
2322 2092 2486 2148 αὐτοῦ
2523 2093 2622 2164 τὴν
2662 2091 2972 2164 πρακτικὴν
2999 2093 3134 2162 ἡμῖν
3167 2090 3285 2144 ὁδὸν
3320 2088 3626 2160 ὑπογράφει
3648 2100 3663 2118 ⁵

2094 2187 2226 2239 ποτὲ
2245 2185 2300 2239 δέ
2329 2185 2389 2238 τὸ
2409 2186 2508 2256 τῆς
2532 2185 2702 2256 σοφῆς
2731 2184 2984 2256 μελίττης
3005 2202 3072 2254 κη
3081 2183 3378 2255 ρόπλαστον
3402 2183 3632 2252 ὄργανον
3644 2192 3666 2214 ’⁵

2096 2278 2190 2331 καὶ
2229 2277 2297 2329 δι’
2326 2277 2497 2347 αὐτῆς
2533 2276 2608 2346 (5)
2641 2276 2874 2344 φυσικὴν
2920 2273 3150 2345 θεωρίαν
3186 2273 3497 2335 αἰνίττεται,
3531 2272 3589 2324 ἐν

2094 2371 2188 2423 καὶ
2223 2372 2261 2422 ’ὁ
2315 2370 2442 2441 περὶ
2484 2371 2583 2440 τῆς
2627 2369 2790 2437 ἁγίας
2831 2367 3057 2439 Τριάδος
3099 2367 3430 2435 ἐγκέκραται
3474 2365 3666 2432 λόγος’·

2095 2462 2251 2532 εῖπερ
2302 2463 2366 2514 ἐκ
2424 2461 2688 2531 καλλονῆς
2751 2459 3063 2530 κτισμάτων
3113 2457 3390 2525 ἀναλόγως
3441 2459 3469 2510 ὁ
3510 2471 3666 2523 γενεο

2096 2552 2346 2624 σιουργὸς
2389 2553 2693 2622 θεωρεῖται.
2744 2549 2884 2602 Ἀλλ’
2911 2550 3404 2620 εὐχαριστήσαντες
3433 2547 3510 2617 (4)
3553 2547 3667 2599 Παλ

2092 2643 2184 2714 τρὶ
2235 2644 2330 2697 καὶ
2373 2642 2486 2714 Υίῷ
2515 2644 2614 2696 ’καὶ
2658 2642 2797 2713 ἁγίῳ
2839 2641 3146 2712 Πνεύματι,
3183 2641 3358 2710 πέρας
3390 2638 3667 2709 ἐπιθῶμεν

2092 2735 2170 2807 τῷ
2215 2736 2524 2808 γράμματι·
2575 2736 2762 2809 ἐπειδὴ
2797 2736 2904 2789 πᾶν
2955 2736 3150 2806 μέτρον
3203 2734 3446 2806 ἄριστον,
3494 2731 3590 2786 καὶ
3629 2731 3665 2800 ἡ

2091 2827 2360 2900 παροιμία
2392 2824 2574 2898 φησίν.

411 2925 465 2968 et
500 2915 726 2986 Spiritui
789 2927 1002 2986 sancto,
1073 2919 1234 2976 ﬁnem
1287 2923 1636 2992 imponamus
1685 2923 1934 2980 litteris:
1973 2923 2244 2997 siquidem
2297 2925 2490 2979 modus
2539 2924 2741 2988 omnis,
2803 2930 2864 2977 nt
2909 2923 3074 2978 etiam
3103 2929 3186 2977 est
3250 2920 3306 2974 in
3356 2915 3664 2987 proverbio,

411 3005 650 3074 optimus
677 3014 781 3061 est.

949 3148 1280 3210 EPISTOLA
1308 3150 1435 3212 IX'.

2659 3160 3005 3213 ΕΠΙΣΤΟΛΗ
3042 3156 3124 3213 6⁷.

409 3287 1378 3370 “Etetﬁtfiﬁtii'tﬂammare":
1399 3295 1752 3370 erimerierum
1776 3298 2032 3370 θοιιρηιηρ».
2048 3313 2189 3370 suum
2209 3300 2269 3350 de
2308 3297 2525 3370 Dionysii
2547 3296 3102 3370 ᾼιεπιριςινίηε..δεν.ίριίε.
3122 3295 3368 3370 iudicium
3395 3294 3599 3358 ρνοῐενει
3622 3301 3672 3370 εξ

472 3355 534 3404 de
554 3352 706 3427 simili
725 3355 986 3427 secundum
1006 3354 1277 3427 essentiam.
1308 3352 1556 3408 Invitat-ut
1577 3359 1643 3409 ad
1665 3373 1716 3412 se
1738 3359 1894 3414 ueniat
1919 3352 2032 3427 (sibi
2053 3361 2183 3414 enim
2204 3352 2468 3426 wgrotant'i-
2482 3368 2527 3412 et
2549 3359 2712 3412 latenti
2735 3359 2785 3411 in
2807 3352 3064 3412 solitudine
3087 3352 3326 3424 bitegrum
3362 3352 3457 3409 non
3477 3352 3669 3408 mw

471 3428 582 3465 eum
599 3413 714 3478 ire),
737 3421 820 3465 aut
840 3414 1011 3466 saltem
1040 3416 1235 3467 scribat.

907 3541 1142 3597 Maximo
1170 3542 1496 3614 philosopho.
2001 3561 2056 3619 ἀ

482 3656 534 3712 l.
560 3655 828 3727 imagines
847 3673 970 3712 vere
987 3659 1293 3714 animorum
1309 3669 1437 3714 sunt
1454 3675 1757 3718 sermones.
1777 3663 1986 3734 Cogno-

409 3745 590 3800 vimus
624 3747 809 3816 itaque
841 3755 894 3802 te
915 3762 979 3802 ex
1011 3748 1228 3808 litteris.
1259 3757 1545 3818 quantum,
1576 3753 1750 3819 aiunt,
1783 3769 1850 3808 ex
1879 3771 1982 3809 un-

409 3838 609 3912 guitus
647 3840 891 3894 leonem:
931 3841 1214 3912 gavisique
1251 3859 1441 3898 sumus
1467 3883 1480 3906 ,
1528 3845 1675 3914 quod
1710 3848 1986 3901 inveneri-

409 3945 533 3986 mus
588 3936 641 3984 te
687 3929 834 3984 haud
883 3931 1123 4000 segniter
1167 3930 1421 3986 affectum
1454 3949 1581 4004 erga
1625 3935 1883 4004 primaria
1922 3953 1986 3991 ac

410 4018 647 4072 maxima
673 4018 835 4081 bona,
861 4018 1205 4072 dilectionem
1235 4017 1325 4073 Dei
1349 4027 1402 4072 et
1430 4020 1683 4088 proximi.
1716 4020 1983 4076 Indicium

411 4117 594 4164 autem
631 4108 862 4164 facimus
892 4110 1055 4179 hujus
1092 4110 1311 4180 quidem
1335 4152 1349 4176 ,
1379 4118 1526 4164 tuam
1571 4112 1626 4165 in
1658 4127 1759 4168 nos
1789 4113 1984 4166 huma-

410 4203 656 4267 nitatem,
693 4201 842 4257 illius
869 4217 1016 4267 vero,
1043 4201 1281 4257 studium
1309 4203 1569 4258 scientiae.
1593 4202 1784 4258 Omnia
1805 4211 1984 4258 autem

412 4296 470 4349 in
505 4295 590 4350 his
617 4295 829 4350 duobus
875 4295 1053 4367 posita
1097 4313 1252 4361 esse,
1289 4299 1423 4352 nulli
1469 4298 1673 4355 Christi
1719 4300 1987 4370 discipulo

413 4387 658 4457 ignOtum
691 4397 796 4443 est.

483 4480 536 4532 2.
579 4479 844 4534 Caeterum
877 4497 998 4551 qua:
1031 4483 1276 4552 postulas
1321 4482 1566 4555 Dionysii
1617 4486 1819 4554 scripta
1843 4525 1856 4546 .
1892 4500 1986 4539 ve-

413 4585 545 4625 nere
579 4571 672 4624 illa
709 4571 927 4641 quidem
966 4574 1035 4626 ad
1061 4589 1160 4628 nos
1190 4613 1204 4638 ,
1242 4583 1296 4629 et
1329 4576 1481 4630 valde
1512 4577 1715 4631 multa:
1751 4576 1844 4632 sed
1879 4593 1988 4631 non

415 4659 619 4714 adsunt
641 4659 794 4725 libri,
822 4669 875 4715 et
900 4661 1107 4717 ideirco
1136 4679 1244 4717 non
1268 4665 1540 4721 misimus.
1560 4665 1858 4721 'Sententia
1892 4682 1990 4721 au-

414 4761 524 4805 tem
550 4751 882 4808 neStra'haac
913 4759 1017 4809 est.
1053 4751 1173 4807 Non
1203 4755 1386 4809 omnia
1418 4756 1518 4810 viri
1551 4757 1716 4826 hujus
1751 4756 1988 4810 admira—

409 4861 569 4900 mur:
611 4848 722 4901 imo
762 4854 911 4911 sunt,
961 4861 1083 4916 qua:
1113 4861 1338 4916 prorsus
1374 4849 1537 4902 etiam
1588 4847 1984 4918 imp‘robemus.

408 4933 546 4989 Nam
571 4934 858 4991 fere'illius
886 4951 1008 5006 quae
1027 4951 1174 4990 nunc
1200 4936 1627 5004 circumstrepit,
1667 4937 1981 5007 impietatis,

407 5026 732 5082 Anomoeam
760 5027 919 5094 dico,
958 5029 1005 5082 is
1037 5034 1154 5092 est,
1187 5036 1449 5099 quantum
1492 5027 1708 5099 quidem
1752 5031 1979 5094 scimus,

481 5181 526 5216 ’⁷
550 5181 697 5237 Psal.
726 5197 860 5244 xvu.
889 5181 979 5236 54.
1057 5180 1104 5215 ’⁸
1144 5179 1303 5234 Prov.
1338 5197 1413 5245 vt,
1449 5183 1501 5236 6.
1577 5183 1624 5214 ⁸⁸
1657 5183 1824 5237 Εοοιὶ.
1849 5199 1926 5248 xi,
1960 5184 2016 5237 5.

478 5335 498 5405 ἦ
535 5334 686 5389 Alias
713 5331 846 5389 XLI.
883 5331 1098 5405 Scripta
1127 5335 1275 5388 circa
1308 5350 1508 5389 annum
1550 5336 1674 5391 561.

481 5404 558 5478 (ἓ)
592 5405 903 5478 Προφέρει.
927 5403 1174 5478 Ῑιίίῐῐι-εε.
1209 5405 1348 5460 Editi
1365 5406 1677 5478 προσφέρει

505 5476 560 5546 5)
594 5475 704 5546 Καὶ
736 5473 812 5546 δι’
841 5473 1050 5544 αὐτῆς.
1087 5474 1157 5546 Ita
1199 5491 1332 5530 mss.
1364 5473 1505 5546 Εᾱριί
1536 5473 1641 5528 καὶ
1685 5475 1753 5528 δι’
1787 5473 1978 5546 αὐτοῦ.

505 5483 560 5546 ὃ)
594 5483 704 5527 Καὶ
736 5483 812 5529 δι’
841 5483 1050 5544 αὐτῆς.
1087 5483 1157 5528 Ita
1199 5491 1332 5530 mss.
1364 5483 1505 5530 Editi
1551 5483 1641 5528 καὶ
1685 5483 1753 5528 δι’
1787 5483 1978 5528 αὐτοῦ.

481 5483 560 5614 ξι)
609 5545 772 5598 Ἀλλ’
814 5545 1385 5612 εὐχαριστήσαντες.
1435 5545 1619 5598 Prima
1660 5561 1761 5599 vox
1799 5545 1984 5599 addita

407 5629 707 5757 ⁸³(ἑῗδῗὲαι
728 5682 1001 5755 μέγιστα.
1036 5683 1124 5740 Sic
1155 5684 1371 5743 codices
1416 5700 1550 5742 mss.
1581 5702 1788 5742 omnes.
1840 5683 1984 5739 Ε),Ιὶιὶ

2569 3547 2816 3616 Μαξίμῳ
2847 3533 3182 3615 φιλοσόφῳ.

2157 3664 2211 3718 1.
2253 3658 2475 3725 Είκόνες
2508 3660 2678 3723 ὅντως
2715 3658 2823 3714 τῶν
2845 3657 3048 3728 -ψυχῶν
3075 3659 3212 3711 εἰσιν
3239 3657 3290 3709 οί
3314 3656 3480 3725 λόγοι.
3519 3656 3671 3710 Κατ-

2087 3755 2361 3826 εμάθομεν
2413 3749 2508 3807 οὖν
2559 3771 2618 3806 σε
2656 3751 2745 3805 διὰ
2792 3751 2884 3805 τοῦ
2921 3752 3272 3822 γράμματος,
3303 3750 3448 3817 ὅσον,
3478 3749 3665 3818 φασὶν,

2087 3847 2147 3910 ἐξ
2173 3839 2380 3916 ὀνύχων
2424 3844 2513 3898 τὸν
2545 3845 2761 3896 λέοντα·
2803 3844 2899 3896 καὶ
2938 3841 3214 3912 ἥσθημεν,
3251 3841 3502 3913 εὑρόντες
3536 3857 3670 3911 περι

2085 3937 2154 3991 τὰ
2183 3937 2379 4008 πρῶτα
2421 3935 2517 3990 καὶ
2562 3934 2796 4007 μέγιστα
2822 3933 2898 4004 (5)
2940 3934 3048 3987 τῶν
3082 3933 3301 4002 ἀγαθῶν
3341 3933 3442 3986 οὐκ
3479 3931 3670 4002 ἀργῶς

2087 4027 2460 4096 διακείμενον,
2500 4027 2600 4096 τήν
2639 4043 2698 4078 τε
2730 4023 2866 4096 πρὸς
2905 4020 2994 4077 τὸν
3034 4023 3165 4076 Θεὸν
3203 4021 3424 4093 ἀγάπην
3453 4019 3668 4074 καὶ-τὸν

2089 4118 2334 4186 πλησίον.
2387 4112 2618 4189 Σημεῖον
2663 4111 2718 4170 δὲ
2751 4113 3052 4188 ποιούμεθα
3096 4115 3191 4168 τοῦ
3249 4114 3348 4184 μὲν
3391 4113 3492 4184 τὴν
3537 4111 3670 4184 περὶ

2089 4211 2236 4279 ἡμᾶς
2277 4207 2559 4278 δεξιότητά
2605 4227 2697 4262 σου
2728 4248 2743 4272 ,
2789 4207 2882 4262 τοῦ
2931 4208 2988 4261 δὲ
3035 4207 3136 4279 τὴν
3167 4206 3296 4278 περὶ
3340 4204 3438 4276 τὴν
3465 4203 3669 4272 γνῶσιν

2092 4304 2346 4370 σπουδήν.
2383 4303 2506 4356 Ὅτι
2536 4303 2592 4356 δὲ
2619 4304 2674 4356 ἐν
2702 4303 2846 4355 δυοῖν
2883 4294 3094 4355 τούτοιν
3125 4300 3242 4353 ἐστὶ
3271 4300 3340 4354 τὰ
3376 4299 3492 4364 ὅλα,
3522 4296 3668 4366 γνὼδ

2093 4411 2251 4465 ριμον
2280 4394 2443 4446 παντὶ
2475 4393 2713 4464 Χριστοῦ
2751 4393 2987 4464 μαθητῇ.
3037 4419 3044 4425 -

2161 4487 2214 4540 ‘2.
2255 4486 2321 4537 Ἃ
2363 4485 2419 4537 δὲ
2465 4485 2742 4556 ἐπιζητεῖς
2791 4486 2899 4538 τῶν
2947 4485 3223 4538 Διονυσίου
3253 4482 3358 4556 (6),
3389 4479 3518 4556 ἦλθε
3567 4482 3670 4554 μὲν

2091 4578 2171 4637 εἰς
2207 4577 2353 4645 ἡμᾶς
2375 4614 2390 4636 ,
2423 4576 2516 4628 καὶ
2559 4576 2698 4629 πάνυ
2731 4575 2906 4628 πολλά
2928 4594 2941 4606 ·
2971 4569 3034 4627 οὐ
3066 4575 3296 4646 πάρεστί
3345 4591 3409 4642 γε
3452 4573 3558 4645 μὴν
3597 4572 3671 4626 τὰ

2094 4666 2308 4736 βιϐλία,
2350 4667 2540 4738 διόπερ
2585 4669 2684 4720 οὐκ
2727 4667 3143 4738 ἀπεστείλαμεν.
3178 4666 3413 4738 Ἕχομεν
3447 4667 3502 4719 δὲ
3531 4666 3674 4736 γνώλ

2095 4775 2202 4829 μης
2230 4758 2421 4822 οὓτως.
2459 4759 2532 4812 Οὐ
2569 4759 2749 4813 πάντα
2781 4757 3133 4830 θαυμάζομεν
3162 4759 3258 4812 τοῦ
3290 4758 3512 4832 ἀνδρός·
3553 4758 3672 4811 ἔστι

2091 4849 2147 4901 δὲ
2177 4848 2212 4901 ἃ
2260 4850 2354 4904 καὶ
2408 4849 2687 4913 παντελῶς
2735 4849 3126 4922 διαγράφομεν.
3161 4847 3354 4920 Σχεδὸν
3398 4848 3507 4918 γὰρ
3538 4865 3675 4900 ταυιιι

2089 4939 2217 5010 τησὶ
2241 4939 2339 5010 τῆς
2370 4937 2465 4992 νῦν
2500 4938 3029 5010 περιθρυλλουμένης
3063 4933 3350 5002 ἀσεϐείας,
3383 4938 3480 5006 τῆς
3528 4936 3676 4990 κατὰ

2087 5030 2150 5082 τὸ
2193 5030 2466 5101 Ἀνόμοιον
2493 5030 2636 5098 λέγω
2656 5070 2670 5094 ,
2705 5025 2860 5095 οὗτός
2885 5033 3055 5095 ἐστιν,
3083 5031 3183 5084 ὅσα
3212 5047 3276 5099 γε
3298 5031 3464 5100 ἡμεῖς
3490 5030 3675 5098 ἴσμεν,

2083 5337 2177 5390 καὶ
2225 5335 2479 5406 μάλιστα.
2548 5334 2649 5406 δίο
2701 5334 2865 5406 etiam
2922 5333 3069 5406 infra,
3113 5349 3144 5386 a
3193 5332 3466 5406 veteribus
3512 5327 3677 5406 libris

2083 5402 2398 5494 discrepant
2430 5406 2584 5471 editi,
2641 5405 2697 5460 in
2731 5405 2930 5475 quibus
2971 5405 3170 5475 legitur
3214 5405 3271 5456 ἐν
3315 5403 3528 5456 τούτοιν
3555 5402 3678 5456 τοῖν

2082 5476 2388 5672 δάἷὲΐῖῶν
2421 5547 2759 5602 Διονυσίου.
2805 5543 3010 5600 Desunt
3040 5543 3155 5598 haec
3189 5542 3244 5599 in
3281 5542 3495 5599 duobus
3534 5553 3675 5599 mss.

2084 5632 2151 5672 co
2193 5633 2260 5671 ιω
2306 5632 2392 5672 us.

2084 5632 2392 5672 COGICIDUS.
