3888 6214
194 293 307 350 εδει

1176 280 1672 364 ἘριδτοιΑκυΜ
1706 304 1996 365 massas
2022 305 2073 365 1.
2107 307 2333 366 EPIST.
2374 309 2465 365 ut.

3367 320 3477 375 270

196 412 229 466 ό
282 410 503 485 πρῶτος
544 415 862 488 ἀνθρώποις
908 420 984 489 (7)
1028 419 1095 474 τὰ
1139 422 1432 503 σπέρματα
1464 425 1777 496 παρασχών.

1890 427 1986 497 qui
2033 428 2247 499 primus
2298 430 2510 486 semina
2557 430 2876 489 hominibus
2921 437 3240 505 praebuerit.
3291 437 3476 495 Causa

196 506 386 560 Αἴτιον
419 508 509 573 δὲ,
544 505 699 581 οἶμαι
721 554 736 577 ,
769 513 832 565 οὐ
865 515 1097 585 πονηρία
1123 514 1351 586 γνώμης
1369 556 1385 582 ,
1409 517 1546 570 ἀλλά
1572 518 1635 571 τὸ
1660 520 1789 587 σφό-

198 595 305 667 δρα
338 597 627 669 βούλεσθαι
660 602 979 658 ἀντιτείνειν
1009 604 1088 674 τῷ
1120 605 1418 677 Σαϐελλίῳ.
1444 608 1626 661 Εῖωθα
1657 608 1788 677 γοῦν

197 689 527 755 ἀπεικάζειν
571 693 762 747 τοῦτον
800 694 874 765 (8)
923 697 1037 763 ἔγω
1077 697 1375 768 φυτοκόμῳ
1399 739 1412 763 ,
1450 698 1646 770 νεαροῦ
1687 718 1789 769 φυ-

200 779 296 831 τοῦ
326 780 662 854 διαστροφὴν
709 784 1068 840 ἀπευθύνοντι
1094 827 1109 851 ,
1146 783 1266 841 εἶτα
1306 791 1373 860 τῇ
1406 790 1646 861 ἀμετρίᾳ
1689 791 1790 857 τῆς

198 870 473 943 ἀνθολκῆς
528 874 883 946 διαμαρτόντι
950 878 1046 931 τοῦ
1106 879 1275 950 μέσου
1308 919 1323 943 ,
1380 881 1474 934 καὶ
1532 881 1668 952 πρὸς
1728 881 1790 934 τὸ

198 964 446 1020 ἐναντίον
475 967 815 1037 ἀπαγαγόντι
850 969 912 1023 τὸ
941 969 1250 1042 βλάστημα.
1286 971 1540 1029 Τοιοῦτόν
1590 990 1646 1025 τι
1693 972 1789 1025 καὶ

197 1057 331 1126 περὶ
353 1057 449 1111 τὸν
477 1058 647 1130 ἄνδρα
690 1060 881 1115 τοῦτον
913 1063 1284 1133 γεγενημένον
1311 1063 1567 1135 εὕρομεν.
1610 1064 1786 1118 Ἀντι-

195 1147 404 1204 ϐαίνων
447 1151 558 1224 γὰρ
604 1153 849 1224 σφοδρῶς
894 1157 962 1226 τῇ
1009 1155 1236 1227 ἀσεϐείᾳ
1261 1154 1358 1209 τοῦ
1391 1156 1625 1223 Λίϐυος,
1663 1155 1787 1209 ελα-

195 1239 291 1295 θσν
333 1243 532 1297 ἑαυτὸν
561 1247 643 1309 είς
670 1246 735 1298 τὸ
761 1246 1004 1300 ἐναντίον
1044 1248 1215 1302 κακὸν
1256 1249 1331 1320 (9)
1366 1250 1473 1303 ὑπὸ
1504 1250 1604 1320 τῆς
1644 1249 1787 1317 ἄγαν

195 1332 513 1405 φιλοτιμίας
538 1336 652 1407 (10)
685 1337 1021 1408 ὑπενεχθείς.
1054 1334 1125 1412 ᾯ
1150 1358 1215 1409 γε
1236 1340 1494 1394 τοσοῦτον
1517 1339 1786 1412 ἐξαρκοῦν

190 1421 409 1489 δεῖξαι,
444 1427 529 1480 ὃτι
579 1429 641 1482 οὐ
691 1431 888 1484 ταυτὸν
936 1432 1015 1503 τῷ
1062 1434 1408 1504 ὑποκειμένῳ
1450 1434 1641 1504 Πατὴρ
1690 1434 1786 1486 καὶ

195 1510 326 1576 Υἱὸς
346 1554 362 1578 ,
388 1518 485 1569 καὶ
516 1516 691 1571 ταῦτα
719 1518 833 1589 (11)
863 1520 1008 1589 ἔχειν
1036 1522 1178 1575 κατὰ
1210 1521 1305 1574 τοῦ
1337 1520 1786 1592 βλασφημοῦντος

190 1602 263 1657 τὰ
304 1608 637 1678 νικητήρια·
688 1611 717 1662 ό
752 1610 808 1663 δὲ
829 1649 844 1672 ,
891 1611 977 1663 ἵνα
1008 1613 1150 1666 πάνυ
1180 1613 1428 1683 ἐναργῶς
1476 1614 1568 1666 καὶ
1592 1614 1658 1666 ἐκ
1689 1611 1784 1665 τοῦ

190 1694 478 1765 περιόντος
506 1703 849 1771 κατακρατῇ,
881 1701 979 1770 οὐχ
995 1701 1292 1773 ἑτερότητα
1322 1703 1481 1773 μόνον
1509 1702 1618 1756 τῶν
1651 1703 1784 1755 uno-

1890 527 2073 575 autem
2094 561 2109 586 ,
2144 521 2369 590 opinor,
2401 536 2513 577 non
2548 526 2829 580 sententiae
2861 527 3135 595 pravitas,
3171 528 3267 585 sed
3303 530 3474 586 vehe-

1890 625 2045 665 mens
2076 611 2320 667 studium
2350 612 2588 670 Sabellio
2612 615 2963 672 adversandi.
3005 616 3164 675 Hunc
3202 636 3336 693 ergo
3368 639 3472 694 ego

1888 703 2148 757 arborum
2181 705 2382 758 cultori
2410 705 2564 760 soleo
2590 721 2934 777 comparare,
2972 709 3240 765 detortam
3274 728 3468 768 recen-

1889 801 1995 846 tem
2036 793 2278 861 plantam
2313 795 2578 865 erigenti,
2620 795 2856 862 deinde,
2900 797 3257 857 immoderate
3288 809 3470 856 retra-

1890 882 2092 950 hendo,
2127 885 2409 940 aberranti
2434 901 2464 939 a
2494 887 2695 955 medio,
2722 896 2777 943 et
2802 889 2870 943 ad
2894 893 3226 946 contrariam
3259 900 3467 964 partem

1888 976 2132 1045 plantam
2165 977 2476 1033 abducenti.
2510 978 2642 1035 Tale
2669 981 2877 1051 aliquid
2908 992 2961 1036 et
2990 984 3121 1037 huic
3145 985 3264 1039 viro
3294 986 3470 1040 conti-

1885 1066 2034 1136 gisse
2051 1067 2441 1136 comperimus.
2477 1064 2617 1121 Cum
2651 1069 2798 1123 enim
2833 1068 3037 1141 Libyos
3069 1072 3338 1143 impietati
3369 1088 3467 1127 oc-

1886 1165 2135 1213 curreret
2164 1158 2553 1227 vehementer;
2592 1174 2702 1214 non
2739 1161 3007 1217 intellexit
3038 1178 3098 1218 se
3135 1164 3306 1219 nimio
3334 1181 3472 1220 con-

1884 1248 2143 1304 tendendi
2191 1250 2372 1305 studio
2420 1250 2475 1304 in
2524 1253 2865 1307 contrarium
2916 1253 3119 1309 malum
3165 1254 3363 1311 delabi.
3400 1256 3469 1312 Et

1885 1356 2009 1418 cum
2047 1341 2097 1396 ei
2147 1342 2282 1396 satis
2312 1351 2458 1399 esset
2487 1359 2598 1399 non
2635 1344 2780 1399 idem
2814 1360 2938 1400 esse
2976 1345 3227 1417 subjecto
3245 1347 3467 1404 Patrem

1885 1441 1940 1488 et
1974 1432 2177 1488 Filium
2215 1434 2614 1502 demonstrare,
2653 1444 2818 1507 atque
2852 1438 2968 1491 haec
3003 1438 3268 1496 adversus
3318 1440 3470 1496 blas-

1886 1526 2145 1594 phemum
2180 1527 2444 1596 palmaria
2488 1536 2707 1593 tenere;
2751 1537 2815 1583 ut
2848 1529 3196 1586 manifestam
3234 1548 3468 1603 prorsus

1886 1625 1942 1671 et
1978 1615 2378 1672 redundantem
2426 1619 2711 1672 victoriam
2748 1619 2980 1685 habeat,
3012 1637 3122 1676 non
3167 1624 3329 1679 modo
3360 1625 3465 1697 hy:-

1888 1715 2205 1775 postaseum
2255 1708 2532 1764 alietatem
2583 1709 2815 1775 statuit,
2862 1712 2957 1766 sed
3003 1713 3168 1768 etiam
3210 1722 3466 1773 essentia:

193 1785 444 1877 στάσεων
488 1786 726 1854 τίθεται,
776 1789 912 1844 ἀλλὰ
964 1792 1059 1844 καὶ
1111 1792 1303 1856 οὐσίας
1350 1791 1652 1864 διαφορὰν,
1690 1776 1777 1847 καὶ

1889 1800 2270 1865 diii‘erentiam,
2310 1816 2375 1856 ac
2401 1803 2659 1871 potentia:
2681 1804 2907 1873 gradus,
2943 1813 2999 1862 et
3019 1807 3206 1877 gloriae
3230 1809 3466 1867 diversi-

188 1874 481 1946 δυνάμεως
536 1878 730 1947 ὕφεσιν
752 1910 774 1947 -,
820 1883 917 1936 καὶ
972 1882 1132 1955 δόξης
1185 1884 1566 1957 παραλλαγήν.
1620 1885 1782 1938 Ὥστε

190 1971 258 2021 ἐκ
282 1968 485 2024 τούτου
526 1974 723 2046 συνέϐη
760 1975 933 2029 κακοῦ
981 1978 1081 2047 μὲν
1125 1977 1288 2031 αὐτὸν
1341 1978 1513 2032 κακὸν
1564 1978 1781 2047 διαμεῖ-

188 2059 315 2127 ψαι,
344 2061 447 2131 τῆς
479 2062 538 2115 δὲ
565 2064 859 2137 ὀρθότητος
886 2066 980 2120 τοῦ
1019 2067 1185 2136 λόγου
1209 2069 1554 2141 διαμαρτεῖν.
1594 2070 1782 2142 Ταύτῃ

188 2168 275 2228 τοι
324 2154 425 2207 καὶ
476 2156 819 2222 παντοδαπός
865 2161 1013 2214 ἐστιν
1061 2163 1120 2215 ὲν
1160 2163 1275 2224 τοῖς
1325 2163 1779 2233 συγγράμμασιν,

189 2243 287 2296 νῦν
325 2244 428 2315 μὲν
455 2247 697 2318 ἀναιρῶν
721 2250 836 2321 (12)
870 2251 930 2305 τὺ
964 2252 1245 2323 ὁμοούσιον
1274 2252 1366 2307 διὰ
1397 2254 1489 2307 τὸν
1523 2254 1611 2306 ἐπ’
1651 2253 1782 2307 ἀθε-

188 2337 350 2406 ’.ἡσει
413 2337 527 2391 τῶν
598 2341 950 2398 ὑποστάσεων
1013 2346 1202 2410 κακῶς
1285 2345 1438 2418 αὐτῷ
1504 2346 1784 2417 κεχρημέ-

189 2428 282 2483 νον
312 2432 450 2501 (15),
479 2431 577 2486 νῦν
602 2434 660 2487 δὲ
679 2436 1035 2507 προσιέμενος
1065 2439 1124 2492 ἐν
1156 2432 1237 2501 οἷς
1266 2437 1616 2506 ἀπολογεῖται
1649 2438 1784 2509 πρὸς

188 2523 284 2578 τὸν
322 2524 634 2597 ὁμώνυμον.
670 2529 816 2599 Πρὸς
859 2529 916 2583 δὲ
960 2530 1173 2594 τούτοις
1216 2532 1311 2585 καὶ
1354 2532 1484 2603 περὶ
1536 2531 1633 2586 τοῦ
1671 2530 1781 2601 (14)

188 2616 518 2688 Πνεύματος
567 2620 750 2690 ἀφῆκε
804 2623 988 2691 φωνὰς
1049 2625 1249 2694 ἥκιστα
1316 2623 1634 2695 πρεπούσας
1705 2622 1785 2694 τῷ

189 2710 516 2782 Πνεῦματι,
561 2713 664 2784 τῆς
710 2716 1193 2787 προσκυνουμένης
1233 2716 1366 2769 αὐτὸ
1410 2715 1665 2785 θεότητος
1704 2716 1787 2782 ἰξ-

190 2801 416 2873 ορίζων,
445 2805 543 2858 καὶ
566 2807 718 2860 κάτω
745 2824 849 2860 που
876 2810 941 2879 τῇ
971 2811 1164 2879 κτιστῇ
1183 2809 1277 2861 καὶ
1299 2806 1600 2880 λειτουργῷ
1625 2807 1785 2876 φύσει

194 2896 569 2968 συναριθμῶν.
604 2884 671 2951 ’Ὅ
699 2884 798 2970 μὲν
824 2895 919 2954 οὖν
953 2899 1094 2973 ἀνὴρ
1134 2900 1397 2965 τοιοῦτος.

262 2989 318 3043 5.
360 2987 506 3057 Ἐγὼ
532 2990 590 3043 δὲ
622 2991 770 3062 (15),
818 2992 867 3045 εί
906 2992 1010 3064 χρὴ
1052 2992 1253 3062 τούμὸν
1299 2990 1431 3045 ίδιον
1479 2993 1687 3056 εἰπεῖν,
1716 2989 1783 3043 τὸ

264 3149 343 3211 (7)
396 3148 779 3216 Ἀνθρώποις.
806 3148 970 3205 Deest
999 3150 1053 3204 in
1088 3144 1305 3205 duobus
1344 3167 1475 3206 mss.

265 3220 345 3290 (3)
389 3220 634 3273 Τοῦτον.
668 3219 830 3274 Deest
856 3221 910 3273 in
946 3235 1039 3274 sex
1091 3237 1225 3274 mss.
1270 3219 1469 3290 Eadem
1502 3233 1781 3290 compara-

189 3290 460 3413 ;io‘iggre
501 3291 763 3359 persimili
804 3290 945 3360 apud
991 3291 1314 3361 Gregorium
1342 3289 1471 3344 Naz.
1508 3299 1649 3344 orat.
1688 3289 1780 3354 ‘29,

189 3374 609 3509 ῗθῶἷῗῖίςτὸ-
643 3429 923 3509 ἐξανήογ
971 3432 1178 3485 κακόν.
1225 3428 1499 3509 _l\'onnulia
1553 3438 1681 3509 sunt
1727 3432 1782 3509 in

187 3499 297 3573 bac
334 3499 528 3573 Basilii
577 3501 646 3555 de
690 3500 951 3573 Dionysio
1002 3500 1467 3573 sententia._qua:
1505 3508 1689 3573 notata
1729 3502 1783 3553 et

190 3570 580 3625 animadversa
639 3569 847 3626 velimf
889 3571 943 3624 1°
998 3571 1222 3626 Fatetur
1299 3569 1613 3642 Dionysium
1672 3587 1780 3623 non

189 3643 474 3712 pravitate
539 3644 824 3697 sententia:
884 3657 1164 3711 peccasse,
1220 3641 1314 3695 sed
1374 3641 1557 3696 studio
1609 3656 1782 3710 oppu-

189 3710 397 3780 gnandi
446 3710 672 3778 Sabelli,
735 3710 899 3782 atque
954 3722 1014 3769 ut
1074 3713 1287 3782 plenam
1353 3721 1407 3765 et
1469 3712 1784 3782 redundan-

189 3792 300 3836 tem
346 3782 639 3836 victoriam
684 3781 969 3837 obtiueret.
1017 3781 1157 3836 Hinc
1196 3781 1662 3836 censubstautialc
1712 3782 1782 3836 ab

189 3866 258 3905 eo
298 3853 517 3907 admitti
558 3853 692 3907 dicit
717 3854 773 3907 in
816 3854 1072 3924 Apologia
1118 3851 1186 3905 ad
1233 3850 1545 3924 Dionysium
1594 3850 1785 3905 Roma-

190 3938 319 3975 num
357 3941 376 3979 :
408 3924 466 3977 in
507 3924 630 3978 aliis
662 3932 843 3977 autem
895 3923 1049 3978 libris
1094 3937 1203 3976 non
1257 3923 1364 3977 alio
1414 3924 1647 3976 consilio
1691 3937 1782 3975 re-

180 3992 304 4059 .jici,
330 3994 442 4048 nisi
491 4001 554 4047 ut
584 3993 904 4049 adversetur
951 3993 1188 4049 Sabellio
1213 3995 1313 4047 hac
1352 4008 1485 4048 voce
1512 3992 1776 4047 abutenti.

188 4064 246 4115 2⁸
278 4062 511 4118 Frustra
535 4065 660 4133 quis
686 4080 809 4116 cum
833 4064 1179 4118 Tillemoutio
1211 4062 1491 4130 COnjiciat,
1518 4059 1777 4115 Basilium

74 4180 89 4195 ,
186 4140 442 4189 mutasse
464 4134 815 4195 sententiam,
848 4144 901 4187 et
922 4136 1067 4203 quod
1103 4134 1291 4203 junior
1320 4133 1561 4203 dixerat,
1586 4147 1779 4203 recan-

190 4210 345 4259 tasse
371 4206 428 4257 in
468 4205 608 4257 libro
640 4203 717 4257 De
756 4201 958 4272 Spiritu
995 4201 1199 4272 sancto,
1236 4218 1357 4272 cap.
1386 4203 1480 4265 29,
1512 4201 1602 4255 ubi
1637 4217 1778 4272 prte-

189 4276 566 4344 clarissimum
593 4268 836 4344 Dionysii
866 4275 933 4329 de
953 4268 1221 4329 Trinitate
1250 4268 1622 4329 testimonium
1637 4268 1778 4341 ‘pro—

191 4342 317 4397 fert.
358 4344 586 4399 Frustra
610 4342 1005 4408 hom—inquam,
1045 4345 1326 4400 sententia:
1356 4344 1656 4396 immutatae
1692 4343 1777 4397 in-

188 4414 395 4468 dicium
429 4416 795 4469 existimetur.
825 4413 961 4469 Tum
985 4431 1109 4469 cum
1143 4415 1286 4469 enim
1314 4415 1446 4467 citat
1473 4413 1604 4466 illud
1628 4413 1776 4467 testi-

1886 1900 2076 1949 tauem.
2126 1892 2309 1959 Quare
2358 1893 2485 1948 inde
2538 1895 2811 1965 contigit,
2854 1904 2913 1950 ut
2964 1898 3188 1953 mutarit
3240 1901 3463 1970 quidem

1886 1985 2092 2039 malum
2128 1986 2309 2049 malo,
2346 2001 2377 2038 a
2424 1994 2574 2040 recta
2628 1995 2808 2041 autem
2866 1987 3118 2044 doctrina
3169 1992 3461 2052 aberrarit.

1883 2075 2026 2132 Hinc
2054 2078 2218 2133 etiam
2255 2094 2366 2132 non
2396 2078 2501 2133 sibi
2540 2087 2756 2133 constat
2788 2080 2842 2132 in
2879 2082 3119 2151 scriptis,
3151 2100 3298 2140 nunc
3335 2088 3463 2157 qui-

1884 2170 2009 2225 dem
2049 2170 2249 2225 tollens
2277 2170 2749 2225 consubstantiale
2790 2170 2897 2240 91
2938 2182 3162 2243 propter
3192 2191 3338 2239 eum,
3368 2179 3461 2246 qui

1885 2265 1989 2319 hac
2010 2279 2146 2318 voce
2166 2264 2233 2318 ad
2258 2264 2581 2334 liypostases
2600 2264 2962 2319 destruendas
2984 2282 3150 2334 prave
3170 2268 3459 2337 utebatur;

1886 2370 2035 2410 nunc
2083 2370 2215 2410 vero
2259 2355 2556 2411 admittens
2591 2355 2647 2409 in
2682 2355 2752 2410 iis
2779 2371 2900 2425 qua:
2930 2356 3268 2415 defensionis
3295 2375 3463 2417 causa

1885 2445 1953 2500 ad
1979 2446 2360 2517 cognominem
2399 2447 2642 2515 scripsit.
2677 2445 2759 2500 Ad
2802 2445 2917 2501 haec
2958 2445 3025 2503 de
3056 2446 3267 2520 Spiritu
3300 2466 3464 2507 voces

1885 2538 2072 2594 emisit
2116 2538 2339 2593 minime
2391 2537 2584 2609 dignas
2630 2537 2877 2608 Spiritu,
2924 2540 2994 2595 ab
3041 2539 3266 2595 adorata
3307 2542 3462 2597 illum

1887 2629 2087 2684 deitate
2113 2629 2428 2699 sejungens,
2455 2637 2511 2683 et
2540 2627 2595 2683 in
2621 2628 2972 2685 inferioribus
3001 2644 3109 2685 una
3130 2634 3257 2686 ctim
3280 2642 3463 2690 creata

1887 2737 1953 2775 ac
1992 2722 2247 2776 ministra
2297 2729 2498 2775 natura
2545 2735 2866 2776 numerans.
2916 2720 3012 2776 Vir
3043 2721 3211 2794 igitur
3256 2724 3349 2781 ille
3382 2733 3463 2783 est

1885 2812 2175 2883 ejusmodi.

1954 2994 2010 3051 5.
2038 2992 2151 3066 Ego
2180 3008 2329 3061 vero,
2364 2993 2411 3049 si
2448 3007 2571 3047 mea
2608 2991 2781 3061 ipsius
2809 2992 3131 3063 exponenda
3165 2997 3460 3065 sententia,

1886 3152 2036 3223 modi
2091 3149 2236 3223 apud
2290 3149 2611 3223 Dionysium
2678 3163 2991 3223 occurrere.
3054 3142 3218 3223 Forte
3262 3145 3465 3209 Basilio

1887 3222 2071 3276 fucum
2108 3218 2357 3277 fecerunt
2388 3218 2524 3276 falsa
2553 3218 2823 3285 ejusmodi
2860 3221 3203 3287 testimonia;
3238 3223 3324 3276 vel
3353 3238 3465 3279 non

1886 3291 2272 3373 animadvertit
2292 3289 2811 3373 virsanctissimus,
2843 3289 2889 3373 si
2920 3289 3335 3373 quidDiouysio
3361 3294 3467 3373 mi-

1884 3379 1992 3419 nus
2021 3361 2308 3417 commode
2351 3360 2556 3431 dictum
2590 3358 2908 3421 excidisset,
2935 3358 2990 3414 id
3022 3368 3076 3431 et
3122 3358 3232 3416 sua
3267 3372 3466 3431 sponte

1886 3434 1955 3487 ab
1994 3432 2213 3487 Arianis
2263 3431 2426 3502 dictis
2456 3430 2769 3502 distaretet
2794 3444 2857 3482 ex
2888 3431 3010 3485 aliis
3040 3430 3175 3502 locis
3201 3430 3463 3502 explicari

1884 3502 2103 3567 debere,
2136 3511 2197 3556 ut
2235 3502 2303 3555 ab
2336 3500 2648 3570 Athanasio
2685 3497 2888 3553 factum
2931 3507 3036 3565 est,
3073 3500 3233 3570 cujus
3271 3497 3463 3557 'elucu-

1884 3572 2188 3626 brationem
2244 3571 2291 3627 si
2344 3570 2570 3626 vidisset
2614 3566 2869 3629 Basilius.
2923 3585 3031 3643 non
3092 3566 3282 3643 dubito
3326 3572 3461 3643 quin

1883 3652 2193 3712 promptum
2222 3650 2277 3696 et
2311 3642 2545 3712 alacrem
2591 3653 2873 3712 assensum
2892 3640 3246 3712 praebuisset.

1954 3706 2064 3783 (10')
2104 3713 2463 3781 Φιλοτιμίας.
2484 3709 2740 3783 (Codices
2775 3706 2925 3762 Harl.
2947 3718 3002 3766 et
3028 3709 3167 3767 Med.
3194 3725 3318 3766 cum
3351 3728 3463 3769 uno

1881 3784 1946 3836 ex
1965 3782 2169 3853 Regiis
2202 3782 2583 3853 νφιλονεικείας.

1953 3850 2226 3924 (11)](αϊ
2252 3853 2457 3924 ταῦτα.
2508 3852 2626 3907 Duo
2666 3853 2885 3909 codices
2929 3850 3246 3924 animum,
3279 3861 3328 3924 et
3363 3851 3461 3907 hoc

1878 3922 2054 3991 pacto.
2083 3923 2205 3978 Mox
2239 3923 2456 3978 codices
2485 3938 2577 3978 sex
2613 3924 2787 3978 secuti
2817 3937 3009 3979 sumus
3037 3922 3091 3975 in
3114 3922 3457 3977 emendando

1880 3995 2026 4065 quod
2074 3995 2130 4048 in
2180 3993 2343 4048 editis
2398 3994 2478 4049 sic
2532 3994 2869 4065 legebatur:
2914 3995 2944 4046 ὁ
2991 3991 3068 4059 δὲ,
3091 3992 3257 4047 ἕνα.-.
3287 4009 3460 4047 κατα-

1880 4064 2073 4144 κρατξῖ
2092 4081 2115 4144 ἰ
2140 4065 2235 4117 καὶ
2264 4065 2383 4144 οὐχ.

1952 4134 2063 4204 (12)
2101 4131 2408 4204 ἈναιρῶΥ,
2436 4140 2543 4189 etc.
2575 4132 2747 4189 Valde
2786 4133 3015 4204 dubium
3061 4132 3322 4204 estquod
3350 4131 3457 4188 hoc

1878 4202 2001 4259 loco
2039 4202 2613 4274 asseveratiBasilius,
2639 4212 2693 4258 et
2718 4219 2749 4257 a
2798 4202 3059 4274 Dionysio
3090 4202 3364 4274 sublatum
3400 4212 3457 4259 et

1878 4289 1906 4327 a
1947 4274 2182 4346 Sabellio
2222 4273 2527 4346 adhibitum
2557 4272 3047 4331 consubstantiale.
3097 4272 3216 4346 Ipse
3253 4273 3457 4346 Diony-

1878 4345 1996 4399 sius
2051 4344 2354 4399 confutavit
2387 4352 2736 4400 accusatores
2775 4360 2927 4405 suos,
2968 4350 3106 4399 teste
3134 4344 3452 4408 Athanasio,

1878 4415 2077 4469 ibidem
2112 4430 2168 4484 p.
2197 4414 2303 4469 255
2342 4430 2357 4467 :
2391 4415 2496 4480 Qui
2522 4432 2640 4468 eum
2686 4414 3072 4469 mentiebantur
3109 4413 3306 4468 dixisse
3354 4412 3443 4467 Fi-

187 4487 463 4556 mOniurn,
496 4484 801 4556 παράδοξον
837 4484 1089 4547 ἀκοῦσαι,
1128 4482 1371 4556 mirabile
1412 4480 1601 4556 auditu
1648 4498 1772 4538 esse
1803 4479 1847 4533 D
1877 4487 2008 4556 lium
2049 4479 2185 4540 inter
2234 4501 2314 4556 res
2345 4479 2549 4538 creatas
2576 4488 2869 4554 computari
2900 4493 2948 4537 et
2986 4500 3455 4556 nequaquamesse

186 4553 343 4609 dicit.
376 4554 538 4621 Quod
568 4553 889 4625 argumento
934 4564 1018 4625 est
1049 4571 1174 4610 eum
1225 4554 1599 4625 Dionysiotne
1640 4560 1773 4608 tunc

184 4625 414 4694 quidem
465 4623 655 4695 magis
696 4624 912 4682 favisse.
943 4623 1167 4689 Verum,
1211 4634 1289 4695 ut
1322 4623 1435 4693 jam
1475 4623 1609 4687 dixi,
1637 4639 1770 4695 _non

185 4691 412 4761 sensus,
448 4691 742 4767 sed—verba
774 4696 1153 4767 displicebant,
1188 4691 1335 4749 unde
1353 4709 1614 4767 magnum
1637 4691 1769 4767 Dio-

184 4767 408 4835 nysium
464 4766 648 4820 dicere
705 4782 815 4821 non
864 4764 1099 4820 'dubitat
1152 4766 1208 4819 in
1280 4765 1466 4835 θρεπ-
1503 4764 1767 4835 canonica

250 4838 367 4890 ima
405 4855 420 4889 :
455 4837 602 4905 quod
639 4836 884 4905 proiecto
911 4852 1019 4891 non
1045 4832 1411 4905 commisisset
1435 4832 1690 4905 Basilius,
1719 4835 1766 4887 si

250 4850 367 4890 ima
405 4855 420 4889 :
455 4850 602 4905 quou
639 4850 884 4905 protecto
911 4852 1019 4891 non
1045 4850 1411 4890 commisisset
1435 4850 1690 4899 nasutus,
1719 4850 1765 4887 sn

182 4850 512 4976 Dionysium
559 4908 773 4961 Arianae
817 4906 1113 4976 impietatis
1156 4896 1388 4976 Aaﬂinelﬁ
1441 4904 1765 4976 judicasset.

180 4975 237 5030 3'
265 4970 391 5030 Non
434 4976 511 5028 ita
548 4976 837 5032 vehemens
858 4970 1041 5030 Basilii
1076 4970 1466 5031 defensoresse
1488 4974 1670 5037 velim,
1708 4982 1768 5027 ut

182 5061 309 5100 cum
340 5048 451 5101 hac
504 5048 559 5099 in
586 5061 674 5116 _re
719 5048 920 5101 nullam
956 5061 1183 5116 prorsus
1211 5046 1446 5116 .culpamg
1491 5044 1766 5099 sustinere

179 5117 539 5172 contendam.
583 5113 696 5170 Etsi
731 5118 874 5172 enim
901 5113 1017 5171 sola
1046 5116 1294 5186 Dionysii
1322 5113 1531 5186 verba
1555 5118 1766 5186 vitupef

178 5197 286 5252 rat,
319 5187 405 5242 sic
462 5195 647 5241 tamen
694 5202 756 5243 ea
812 5188 1102 5256 vituperat,
1149 5184 1308 5256 quasi
1353 5184 1568 5256 usitatis
1622 5184 1765 5256 apud

176 5260 421 5312 Arianos
452 5258 798 5314 sermonibus
825 5254 946 5311 non“
986 5254 1382 5324 discreparent.
1413 5255 1482 5307 At
1520 5254 1764 5324 profecto

176 5336 355 5398 extra,
393 5327 542 5380 hanc
582 5328 799 5398 culpam
847 5327 948 5380 iuit
985 5326 1298 5398 Dionysius.
1318 5324 1494 5398 Multa
1550 5326 1764 5379 dixerat
1796 5354 1804 5364 ο

175 5415 299 5467 qua:
331 5397 602 5467 Arianam
661 5396 912 5453 haeresim
948 5396 1167 5467 penitus
1208 5396 1580 5467 proﬂigarent,
1624 5409 1764 5467 non:

175 5464 328 5522 nulla
376 5482 504 5537 qua:
547 5465 731 5523 favere
773 5464 1118 5537 viderentur,
1162 5464 1301 5521 nihil
1350 5480 1584 5537 prorsus
1598 5464 1761 5537 quod

174 5555 295 5609 eam
330 5534 527 5609 aperte
572 5536 1274 5609 gxprimeret.Finxeruut
1326 5535 1514 5589 Ariani
1554 5534 1762 5588 dixisse

175 5606 523 5679 Dionysium,
563 5606 739 5662 Filius
766 5624 884 5661 cum
913 5608 980 5661 sit
1015 5624 1096 5679 res
1126 5607 1294 5679 (acta,
1336 5622 1440 5659 non
1471 5613 1583 5679 erat
1613 5614 1762 5679 mtte-

174 5674 335 5747 quani
349 5679 686 5749 ﬁeret,apud
707 5680 999 5743 Athanas.,
1027 5674 1368 5749 De‘Dionys"
1392 5675 1532 5749 n.4,
1548 5691 1599 5743 p.
1616 5674 1722 5749 246
1744 5692 1755 5728 :

174 5745 270 5805 sed
299 5745 504 5821 probat
537 5745 877 5807 Athanasius
912 5763 1090 5821 neque
1109 5747 1234 5825 haec.
1252 5745 1431 5819 neque
1467 5746 1574 5803 alia
1605 5745 1757 5817 ejus-

1876 4555 2031 4608 Patri
2066 4554 2589 4610 consubstantialem.
2621 4553 2775 4622 Quod
2807 4562 3016 4624 spectat
3041 4553 3107 4607 ad
3133 4554 3450 4616 Sabnllium,

1872 4626 2154 4695 probabile
2187 4641 2296 4679 non
2325 4633 2410 4680 est
2442 4627 2490 4679 ei
2522 4627 2776 4681 arrisisse
2801 4623 3285 4695 consubsmntiale,
3306 4626 3453 4695 quod

1872 4693 1981 4750 non
2038 4698 2223 4750 minus
2274 4695 2377 4765 ipsi
2420 4694 2792 4750 adversarium
2838 4693 3447 4765 estquam‘Arianis:

1870 4780 2144 4836 nusquam
2170 4763 2444 4836 liacw'voce
2478 4767 2830 4836 perhibentur
2859 4763 2944 4836 nsi
2977 4778 3102 4836 esse
3126 4763 3448 4818 Sabelliani.

1873 4835 1977 4889 Sed
2001 4833 2132 4889 cum
2163 4853 2227 4891 ea
2266 4833 2497 4891 Basilius
2537 4836 2637 4891 sibi
2664 4834 3028 4905 persuasisset
3056 4833 3286 4887 abusum
3309 4847 3453 4905 esse

1871 4905 2188 4960 Marcellum
2214 4907 2585 4976 Ancyranum,
2611 4902 2768 4960 facile
2787 4904 3056 4959 adductus
3080 4911 3185 4968 est,
3217 4908 3277 4956 ut
3306 4902 3451 4960 idem

1868 4976 1936 5031 de
1969 4977 2205 5030 Sabellio
2228 4976 2496 5045 judicium
2528 4976 2712 5030 ferret.

1940 5045 2052 5118 (l5)
2094 5046 2197 5100 Διὰ
2230 5042 2443 5118 ’τρνηη
2475 5043 2864 5118 κεχρημένον.
2918 5043 3013 5118 Sic
3056 5042 3453 5118 consentienti-

1866 5113 1971 5172 bus
2000 5113 2134 5173 :nss.
2168 5116 2426 5172 omnibus
2480 5113 2828 5171 emendatum
2865 5113 3011 5184 quod
3040 5122 3158 5168 erat
3193 5113 3247 5166 in
3286 5115 3452 5167 editis

1865 5187 1953 5241 διὰ
1983 5187 2193 5258 τῶνμην
2212 5187 2585 5258 κεχρημένῳν.

1938 5259 2051 5330 (14)
2091 5257 2203 5330 Καὶ
2233 5252 2530 5330 πξρὶξτυῦ.
2559 5256 2886 5330 Cunjunctio
2915 5252 3097 5308 addita
3120 5267 3187 5330 ex
3211 5261 3451 5330 quatuor

1865 5322 2002 5385 mss.
2033 5322 2237 5382 Statim
2261 5322 2558 5381 Vaticanus
2586 5322 2711 5380 cum
2739 5324 2908 5394 Regio
2936 5323 3260 5394 secuundqet
3288 5322 3450 5394 Cois-

1864 5399 2073 5452 iiniano
2106 5396 2353 5467 secundo
2385 5395 2701 5467 πρεπούσας
2739 5391 3124 5466 πνέυματικῷ,
3157 5392 3317 5448 Voces
3345 5393 3449 5447 mi-

1864 5470 2003 5523 nime
2018 5468 2203 5539 dignas
2214 5466 2718 5539 ΔΙιο-ηιὶηιέλιςρὶιιὶιιιιιιξ
2726 5505 2739 5539 τ

1936 5532 2249 5611 (15)
2277 5535 2365 5590 δέ.
2414 5532 2566 5611 usu.
2605 5546 2659 5591 et
2682 5535 2841 5611 “Med.
2870 5532 3081 5611 esset.
3131 5532 3299 5588 Paulo
3322 5540 3448 5611 post

1862 5604 1977 5665 tre‘s
2026 5604 2246 5663 codices
2307 5609 2643 5663 recentiores
2680 5606 2793 5679 ἔχοι
2836 5604 2916 5662 τόζ
2970 5604 3094 5662 Mox
3130 5604 3448 5679 praepositio

1863 5684 1944 5745 είς
1978 5680 2162 5739 addita
2198 5694 2266 5737 ex
2294 5687 2503 5751 septem
2534 5693 2668 5737 mss.
