3888 6214
242 320 336 378 2.75

1189 336 1687 402 LPISTOLARUM
1724 341 2016 401 CLASSIS
2051 340 2095 400 l.
2137 342 2359 399 EPIST.
2400 341 2521 397 XII.

3397 331 3507 387 επ

240 442 398 534 Ὅταν
432 445 562 515 μιᾶς
602 449 894 519 ἐγκρατεῖς
914 451 1180 521 γένωνται
1211 459 1263 510 oi
1296 457 1367 512 τὰ
1392 457 1622 515 τοιαῦτα
1650 478 1801 517 σπου-

1919 477 2082 534 quam
2124 477 2290 517 unam
2339 440 2606 531 ceperunt
2652 455 2743 527 qui
2779 451 3051 522 ejusmodi
3086 451 3251 507 rebus
3280 465 3504 521 operam

235 533 477 602 δάζοντες
494 577 510 602 ,
553 541 811 614 χειροήθη
846 561 906 599 τε
938 545 1146 619 ταύτην
1194 550 1288 604 καὶ
1313 551 1570 622 ὀμόσιτον
1600 554 1816 619 ἑαυτοῖς

237 627 653 699 ἁπεργάσωνται
685 649 698 663 ·
744 634 869 689 τότε
893 676 910 702 ,
959 637 1119 710 μύρῳ
1162 639 1262 704 τὰς
1314 643 1596 715 πτέρυγας
1645 646 1816 717 αὐτῆς

239 720 515 792 χρίσαντες
536 762 552 785 ,
594 724 728 778 ἐῶσι
783 729 1260 801 συναγελασθῆναι
1297 736 1421 797 ταῖς
1460 734 1680 801 ἔξωθεν.
1750 737 1814 791 Ἠ

238 810 290 866 δὲ
328 812 421 867 τοῦ
475 815 651 887 μύρου
701 819 910 877 ἐκείνου
945 822 1057 892 (23)
1112 824 1310 879 εὐωδία
1367 825 1468 897 τὴν
1516 827 1813 900 αὐτόνομον

240 902 439 976 ἐκείνην
488 907 693 981 ἀγέλην
723 911 909 982 κτῆμα
952 918 1185 970 ποιεῖται
1217 916 1298 988 τῷ
1340 920 1667 993 κεκτημένῳ
1714 921 1815 994 τὴν

238 994 500 1053 τιθασσόν.
538 1001 684 1072 Πρὸς
710 1002 819 1073 γὰρ
853 1004 953 1068 τὰς
982 1006 1239 1072 εὐπνοίας
1258 1008 1371 1080 (24)
1404 1012 1500 1065 καὶ
1532 1013 1588 1065 αί
1627 1012 1814 1068 λοιπαὶ

241 1089 619 1159 συνεφέπονταί
665 1110 726 1146 τε
759 1095 852 1148 καὶ
892 1097 1298 1162 είσοικίζονται.
1340 1102 1406 1154 Τί
1449 1102 1507 1159 δὲ
1554 1102 1815 1175 βουλόμε-

240 1195 320 1243 νος
342 1181 593 1236 ἐντεῦθεν
622 1184 862 1257 ἄρχομαι
912 1188 1007 1242 τοῦ
1042 1192 1411 1267 γράμματος;
1448 1194 1602 1259 Ὅτι,
1631 1195 1812 1250 λαϐὼν

237 1269 319 1322 τὸν
344 1270 455 1326 υίὸν
482 1274 763 1329 Διονύσιον
785 1320 800 1342 ,
830 1278 921 1333 τόν
954 1297 1086 1334 ποτε
1121 1283 1426 1356 Διομήδην,
1461 1285 1558 1338 καὶ
1582 1285 1661 1357 τῷ
1684 1285 1813 1357 θείῳ

241 1358 384 1433 μύρῳ
407 1362 511 1428 τὰς
532 1365 636 1435 τῆς
667 1366 843 1439 ψυχῆς
869 1371 1036 1425 αὐτοῦ
1076 1374 1356 1445 πτέρυγας
1381 1376 1669 1449 διαχρίσας
1688 1419 1702 1442 ,
1728 1381 1814 1447 ἐξ·

237 1449 444 1525 ἔπεμψα
476 1456 615 1527 πρὸς
646 1459 745 1531 τὴν
781 1461 881 1533 σὴν
926 1466 1369 1538 σεμνοπρέπειαν
1393 1484 1407 1498 ’
1438 1468 1583 1523 ὥστε
1615 1470 1710 1523 καὶ
1753 1473 1812 1525 σὲ

236 1543 391 1634 αὐτὴν
423 1551 833 1621 συναναπτῆναι
864 1554 1049 1627 αὐτῷ,
1083 1558 1178 1612 καὶ
1204 1560 1537 1614 καταλαϐεῖν
1574 1561 1674 1634 τὴν
1714 1580 1814 1617 κα-

235 1632 373 1725 λξὰν,
420 1637 490 1710 ἢν
539 1644 671 1714 παρ’
715 1646 848 1716 ἡμῖν
876 1648 1120 1721 ἐπήξατο
1155 1652 1185 1703 ὁ
1222 1632 1643 1725 προειρημένοςξ
1687 1654 1812 1708 Ἐὰν

232 1723 318 1782 οὖν
352 1730 527 1787 ταῦτα
564 1735 731 1807 ἴδοιμι
774 1738 869 1792 ἐπὶ
900 1741 1001 1813 τῆς
1047 1742 1192 1814 ἐμῆς
1224 1723 1411 1816 ζωῆς,
1443 1723 1540 1800 καὶ
1582 1746 1679 1819 τὴν
1712 1748 1812 1820 σὴν

1917 555 2070 621 dant,
2105 568 2338 625 eamque
2375 553 2619 607 cicurem
2651 563 2716 604 ac
2741 563 2930 604 secum
2967 552 3278 601 vescentem
3308 544 3507 600 effece-

1916 655 2082 703 runt:
2115 654 2232 701 tum
2262 660 2417 708 vero,
2449 642 2598 698 illius
2623 641 2726 698 alis
2771 649 3048 710 unguento
3072 636 3258 693 oblitis
3278 678 3292 703 ,
3327 635 3504 706 ipsam

1915 739 2178 810 coniungi
2235 737 2426 795 sinunt
2473 734 2739 792 externis.
2794 731 3070 804 Unguenti
3117 736 3299 785 autem
3356 728 3505 783 illius

1916 831 2217 905 fragrantia
2246 831 2479 887 liberum
2502 829 2657 884 illum
2680 840 2899 899 gregem
2925 824 2998 888 ei,
3021 824 3182 895 cujus
3211 824 3325 893 ipsa
3350 821 3505 876 eicur

1914 934 2019 994 est,
2037 923 2446 996 possessionem
2468 919 2642 977 addit.
2659 918 2794 973 Nam
2819 917 3177 989 lragrantiam
3195 923 3503 986 sequuntur

1914 1026 1970 1075 et
1998 1017 2220 1088 reliquae
2243 1055 2259 1079 ,
2310 1022 2626 1086 tectumque
2665 1012 2925 1069 subeunt:
2965 1009 3073 1066 Sed
3111 1024 3222 1082 quo
3268 1009 3502 1065 consilio

1913 1112 2043 1168 inde
2097 1110 2358 1167 exordior
2408 1108 2737 1179 epistolam?
2793 1105 3090 1176 Postquam
3146 1102 3268 1174 cepi
3327 1100 3500 1155 lilium

1917 1204 2240 1277 Dionysium
2258 1243 2272 1268 ,
2297 1203 2427 1257 olim
2453 1200 2788 1265 Diomedem,
2814 1207 2978 1270 atque
2999 1194 3365 1254 illius’animae
3385 1195 3501 1251 alas

1915 1297 2103 1353 divino
2128 1302 2412 1367 unguento
2440 1295 2669 1361 inunxi;
2699 1294 2826 1348 misi
2859 1292 2928 1347 ad
2968 1299 3118 1347 tuam
3149 1289 3497 1360 dignitatem,

1915 1399 1975 1447 ut
2006 1399 2060 1447 et
2098 1391 2218 1462 ipsa
2264 1404 2373 1444 una
2412 1404 2537 1445 cum
2567 1403 2634 1444 eo
2668 1387 2925 1443 convoles
2951 1427 2966 1452 ,
3010 1392 3065 1441 et
3108 1383 3299 1439 nidum
3345 1390 3501 1453 petas

1915 1499 2080 1554 quem
2118 1481 2260 1553 apud
2298 1496 2403 1537 nos
2434 1480 2483 1536 is
2504 1519 2519 1541 .
2551 1496 2710 1549 quem
2741 1480 2854 1534 dixi
2881 1521 2895 1544 ,
2928 1477 3220 1548 compegit.
3252 1476 3407 1542 Quod
3453 1476 3500 1534 si

1912 1576 2039 1631 dum
2062 1576 2206 1643 vivo,
2235 1578 2350 1634 haec
2364 1576 2696 1639 viderim,ae
2716 1572 3044 1643 dignitatem
3080 1580 3229 1625 tuam
3264 1568 3333 1623 ad
3360 1567 3496 1624 sub-

1913 1670 2043 1726 lime
2074 1671 2203 1726 vitae
2244 1687 2419 1743 genus
2477 1668 2798 1724 translatam
2827 1683 2843 1732 ;
2885 1666 3072 1720 multis
3106 1661 3358 1735 personis
3388 1659 3500 1716 Deo

1914 1760 2100 1833 dignis
2146 1778 2290 1833 Opus
2348 1763 2484 1819 mihi
2536 1760 2797 1829 erit,.ut
2838 1758 2890 1814 ei
2938 1757 3183 1814 debitum
3233 1755 3498 1810 honorem

236 1825 664 1922 σεμνοπρέπειαν
700 1830 840 1902 πρὸς
880 1833 972 1886 τὸν
1014 1835 1219 1907 ὑψηλὸν
1253 1836 1367 1907 βίον
1417 1838 1814 1912 μεταθεμένην,
1851 1840 1893 1895 Β
1919 1825 2263 1922 αάξιηριθῃξη,
2296 1916 2297 1919 η

232 1912 427 1969 πολλῶν
460 1918 770 1989 προσώπων
811 1923 975 1990 ἀξίων
1015 1926 1110 1980 τοῦ
1144 1927 1279 1981 Θεοῦ
1306 1928 1662 2003 δεηθήσομαι,
1706 1931 1804 2004 τὴν

233 2011 712 2083 κεχρεωστημένην
739 2014 904 2086 τιμὴν
931 2017 1332 2090 ἀποπληρῶσαι
1360 2020 1532 2091 αὐτῷ.

763 2153 1106 2210 ΕΠΙΣΤΟΛΗ
1144 2159 1245 2213 lA'.

230 2260 429 2315 Basilius
451 2263 585 2317 diem
609 2266 784 2330 festum
820 2270 1143 2324 celebraverat
1177 2275 1430 2347 cum/iliis
1455 2276 1691 2347 uniusex
1715 2278 1887 2331 amicis
1927 2278 2049 2347 suis,
2082 2293 2224 2347 quam

2461 2162 2809 2221 EHSTOL'A‘
2838 2162 2949 2217 ΧΓ.

2263 2294 2363 2345 per
2382 2294 2465 2333 eos
2496 2281 2699 2339 salutat,
2737 2293 2796 2329 ac
2837 2278 3075 2339 hortatur,
3098 2282 3151 2327 ut
3173 2273 3217 2326 si
3240 2272 3373 2325 curis
3407 2271 3499 2324 Dei

1330 2338 1773 2404 donoexsolvalur,
1797 2354 1955 2397 secum
1973 2338 2122 2393 vitarit
2144 2338 2386 2397 traditam.

523 2441 947 2513 Ἀνεπίγραερος
968 2486 984 2511 ,
1026 2446 1125 2500 ἐπὶ
1161 2448 1494 2520 φιλίᾳ(25).

290 2553 363 2625 Τῇ
411 2554 512 2609 τοῦ
562 2555 698 2608 Θεοῦ
773 2556 956 2627 χάριτι
1001 2559 1102 2629 τὴν
1151 2561 1313 2629 ἁγίαν
1358 2561 1575 2635 ἡμέραν
1630 2562 1808 2616 συνδι-

226 2647 514 2716 αγαγόπες
539 2649 652 2712 τοῖς
679 2649 891 2713 τέκνοις
912 2650 1088 2721 ήμῶν,
1112 2653 1209 2705 καὶ
1236 2652 1405 2717 ὅντως
1434 2655 1655 2710 τελείαν
1686 2657 1809 2728 sop-

224 2740 314 2810 τὴν
340 2741 698 2813 ἑορτάσαντες
740 2741 828 2813 τῷ,
858 2743 1048 2814 Κυρίῳ
1090 2744 1180 2797 διὰ
1212 2744 1311 2817 τὴν
1352 2747 1808 2820 ὑπερϐάλλουσαν

224 2832 390 2911 αὐτῶν
425 2834 561 2905 περὶ
588 2833 681 2887 τὸν
734 2833 867 2887 Θεὸν
910 2835 1167 2907 ἀγάπην,
1202 2837 1640 2909 προεπέμψαμεν
1689 2839 1810 2908 μεθ’

223 2923 396 2997 ὑγείας
428 2925 572 2997 πρὸς
613 2927 714 2997 τὴν
753 2926 852 2998 σὴν
892 2926 1174 2995 εὐγένειαν
1198 2970 1215 2995 ,
1256 2929 1545 3001 εὐχόμενοι
1590 2931 1669 3003 τῷ
1716 2949 1808 3001 φι-

220 3016 520 3090 λανθρώπῳ
556 3018 678 3089 Θεῷ
731 3019 826 3073 καὶ⁸
876 3020 1063 3084 αὐτοῖς
1119 3020 1339 3093 δοθῆναι
1387 3024 1665 3095 εἰρηνικὸν
1711 3023 1810 3093 ἄγ-

220 3108 362 3175 γελον
393 3108 596 3181 βοηθὸν
622 3110 718 3164 καὶ
748 3110 1056 3182 σύμπορον,
1093 3113 1189 3166 καὶ
1232 3114 1292 3167 σὲ
1322 3116 1452 3186 παρ’
1483 3115 1669 3169 αὐτῶν
1700 3130 1802 3170 καε-

2215 2451 2346 2509 Sine
2367 2453 2741 2523 inscriptione,
2756 2449 3012 2504 amicitia?
3042 2463 3188 2519 ergo.

1979 2563 2286 2636 Postquam
2312 2561 2412 2619 Dei
2457 2561 2638 2635 gratia
2672 2561 2816 2616 diem
2842 2570 3095 2616 sanctum
3126 2556 3498 2627 transegimus

1906 2671 2033 2712 cum
2072 2656 2202 2713 ﬁliis
2234 2655 2446 2712 nostris
2465 2694 2482 2721 ,
2523 2668 2589 2709 ac
2617 2667 2748 2709 vere
2776 2649 3019 2722 perfecta
3051 2648 3316 2705 solemnia
3349 2646 3497 2702 cele-

1908 2744 2194 2802 bravimus
2236 2743 2506 2810 Domino,
2556 2742 2629 2800 ob
2674 2741 2937 2798 eximium
2980 2754 3174 2797 eorum
3219 2739 3277 2794 in
3323 2737 3496 2794 Deum

1908 2853 2177 2906 amorem,
2214 2853 2380 2895 sanos
2403 2835 2776 2910 praemisimus
2808 2833 2878 2889 ad
2910 2842 3064 2890 tuam
3098 2833 3494 2904 prastantiam,

1909 2930 2082 2988 Deum
2107 2931 2569 3003 benignissimum
2603 2935 2893 3000 precantes
2918 2934 2934 2992 ‘,
2961 2936 3021 2981 ut
3066 2933 3122 2982 et
3165 2925 3304 2997 ipsis
3335 2925 3497 2980 detur

1908 3026 2174 3098 paciﬁcus
2206 3026 2436 3097 angelus
2465 3023 2689 3094 adiutor
2713 3037 2779 3078 ac
2818 3023 2923 3077 viae
2959 3035 3170 3087 comes,
3214 3029 3377 3090 teque
3401 3035 3495 3076 sa—

1908 3134 2039 3175 num
2067 3158 2086 3187 ,
2116 3127 2173 3174 et
2206 3120 2262 3174 in
2294 3119 2444 3174 omni
2474 3117 2879 3189 tranquillitate
2930 3115 3290 3171 constitutum
3335 3128 3495 3184 repe-

216 3201 551 3275 ταληφθῆναι
584 3203 641 3255 ἐν
665 3202 825 3274 ὑγείᾳ
848 3203 942 3257 καὶ
977 3205 1126 3275 πάσῃ
1151 3182 1763 3279 εἰρηνικῇ-καταστάσει
1785 3226 1797 3238 ·

1917 3209 2087 3263 riant:
2131 3215 2192 3263 ut
2229 3207 2550 3278 ubicunque
2590 3207 2805 3264 fueritis
2828 3249 2841 3273 ,
2882 3207 3188 3263 servientes
3223 3203 3492 3265 Domino,

216 3291 296 3346 ῐνα
345 3295 601 3366 ὅπουπερ
646 3293 714 3348 ἂν
760 3291 857 3365 ἦτε
885 3336 901 3359 ,
934 3295 1282 3362 δουλεύοντες
1322 3298 1403 3370 τῷ
1436 3301 1655 3372 Κυρίῳ,
1705 3303 1825 3356 καὶ-

216 3385 661 3459 εὐχαριστοῦντες
700 3387 868 3459 αὐτῷ,
918 3389 1251 3462 εὐφραίνητε
1291 3393 1465 3464 ἡμᾶς,
1496 3393 1601 3458 ἓως
1632 3395 1800 3466 ἐσμὲν

215 3480 268 3532 ὲν
290 3481 366 3551 τῷ
387 3482 611 3554 κόσμῳ,
638 3482 935 3546 ἀκούοντας
958 3485 1027 3538 τὰ
1073 3487 1203 3556 παρ’
1232 3486 1406 3556 ὑμῶν.
1445 3486 1570 3542 Ἐὰν
1606 3488 1663 3542 δὲ
1696 3507 1800 3543 πα-

215 3571 378 3645 ράσχῃ
415 3576 445 3628 ὁ
500 3575 664 3643 ἅγιος
697 3574 831 3639 Θεὸς
882 3575 994 3647 (26)
1027 3576 1224 3631 θᾶττόν
1275 3594 1334 3631 σε
1359 3577 1470 3637 τῶν
1503 3580 1802 3649 φροντίδων

213 3665 406 3720 τούτων
438 3668 831 3738 ἀπαλλαγῆναι
864 3710 877 3730 ,
909 3669 1339 3742 παρακαλοῦμεν
1370 3686 1430 3726 σε
1464 3671 1630 3744 μηδὲν
1662 3689 1799 3744 προ-

211 3758 428 3847 τιμῆσειι
449 3761 553 3831 τῆς
582 3760 706 3832 μεθ’
734 3761 894 3845 ήμῶν
918 3762 1029 3833 (27)
1056 3762 1357 3834 διαγωγῆς.
1390 3759 1563 3835 Οἶμαι
1587 3763 1694 3838 γὰρ
1726 3764 1800 3836 μὴ

214 3848 382 3920 εὑρεῖν
413 3870 475 3906 σε
514 3856 647 3918 τοὺς
688 3853 860 3918 οὕτως
890 3854 1223 3922 ἀγαπῶντας
1242 3895 1256 3919 ,
1285 3857 1381 3909 καὶ
1420 3856 1804 3928 ἀντιποιουμέ-

212 3957 325 4006 νους
347 3943 452 4013 τῆς
491 3945 631 4017 παρ’
670 3945 800 4016 ὑμῖν
838 3945 1041 4014 φιλίας.
1079 3946 1223 4009 Ἕως
1260 3941 1354 3999 οὖν
1390 3945 1457 4000 ἂν
1485 3948 1744 4018 οἰκονομῇ
1772 3947 1801 3998 ὁ

210 4030 353 4101 ἅγιος
376 4038 469 4091 τὸν
513 4038 799 4110 χωρισμὸν
834 4038 1053 4101 τοῦτον,
1099 4038 1191 4092 διὰ
1234 4038 1419 4109 πάσης
1468 4039 1800 4109 προφάσεως

210 4129 652 4199 παραμυθεῖσθαι
677 4132 824 4202 ἡμᾶς
847 4130 1141 4203 γράμμασι
1169 4127 1456 4196 κᾶταξίου.

754 4270 1102 4326 ΕΠΙΣΤΟΛΗ
1141 4272 1239 4325 lB’.

1904 3301 2070 3371 eique
2099 3302 2308 3373 gratias
2338 3310 2565 3373 agentes
2585 3342 2601 3369 ,
2634 3302 2878 3357 laetitiam
2913 3300 3074 3356 nobis
3095 3340 3110 3363 ,
3139 3300 3269 3355 dum
3301 3301 3357 3354 in
3391 3298 3496 3353 hoc

1909 3395 2122 3451 mundo
2150 3410 2362 3459 sumus,
2389 3395 2534 3449 fama
2579 3410 2763 3450 rerum
2797 3402 3103 3450 vestrarum
3141 3393 3400 3448 alleratis.
3437 3390 3495 3444 Si

1908 3504 2041 3544 vero
2071 3487 2217 3545 Deus
2263 3496 2491 3545 sanctus
2521 3488 2735 3543 tribuat
2780 3488 2897 3551 tibi,
2933 3495 2993 3542 ut
3034 3502 3197 3557 quam
3228 3485 3495 3541 citissime

1903 3581 1971 3636 ab
2004 3581 2125 3638 istis
2177 3582 2328 3637 curis
2372 3580 2719 3653 expediaris,
2762 3595 3021 3652 rogamus
3069 3587 3129 3634 ut
3172 3578 3308 3633 nihil
3351 3578 3494 3630 anti-

1903 3673 2068 3743 quius
2122 3674 2364 3739 habeas,
2413 3689 2578 3745 quam
2630 3681 2691 3729 ut
2738 3674 2908 3728 vitam
2962 3673 3129 3743 degas
3179 3670 3489 3739 nobiscum.

1902 3764 2176 3821 Existimo
2207 3766 2352 3821 enim
2393 3771 2447 3822 te
2484 3779 2594 3819 non
2631 3765 2985 3833 inventurum
3017 3764 3112 3834 qui
3142 3764 3215 3817 ita
3238 3761 3489 3831 diligant,

1904 3864 1959 3912 et
1990 3872 2235 3913 amorem
2267 3866 2512 3914 vestrum
2543 3857 2680 3912 tanti
2727 3856 2951 3911 faciant.
3001 3855 3256 3923 Quandiu
3303 3853 3490 3925 igitur,

1905 3950 2017 4005 Deo
2048 3950 2412 4021 dispensante
2432 3991 2446 4015 ,
2485 3951 2725 4021 separati
2762 3951 2976 4006 erimus
2999 3989 3014 4015 ,
3054 3950 3154 4005 des
3180 3963 3402 4020 operam
3431 3953 3492 4001 ut

1903 4057 2004 4098 nos
2037 4042 2106 4097 ad
2136 4058 2355 4098 omnem
2383 4043 2732 4100 occasionem
2758 4041 2956 4099 litteris
2983 4041 3311 4098 consoleris.

2415 4263 2753 4322 EPISTOLA
2791 4265 2828 4318 Χ
2844 4265 2952 4320 ll".

990 4386 1267 4452 Olympium
1290 4392 1562 4451 perurbane
1577 4386 1803 4437 hortatur
1829 4381 2045 4434 Basilius
2070 4388 2123 4432 ul
2144 4382 2326 4446 sepius
2349 4381 2413 4431 ad
2435 4395 2487 4432 se
2506 4380 2706 4435 scribat.

846 4498 1169 4567 Ὀλυμπίῳ.

269 4608 557 4683 Ἔγραφες
600 4611 735 4681 ἡμῖν
773 4610 1041 4682 πρότερον
1086 4611 1186 4680 μὲν
1216 4609 1409 4678 ὀλίγα,
1449 4608 1543 4661 νῦν
1586 4606 1642 4660 δὲ
1673 4607 1794 4661 οὐδὲ

205 4697 381 4770 ὀλίγεν
409 4703 510 4756 καὶ
556 4700 739 4754 ἔοικεν
789 4702 822 4771 ἡ
862 4700 1220 4772 βραχυλογία,
1252 4699 1518 4771 προϊοῦσα
1547 4699 1624 4770 τῷ
1666 4701 1793 4770 χρό-

206 4812 303 4863 νῳ,
334 4794 619 4866 παντελὴς
667 4792 916 4861 γίνεσθαι
962 4791 1200 4861 ἀφωνία.
1264 4790 1560 4847 Ἐπάνελθε
1613 4791 1793 4845 τοίνυν

206 4884 293 4939 ἐπὶ
312 4886 374 4941 τὸ
405 4885 531 4951 ἔθος
556 4925 574 4953 ,
617 4884 696 4948 ὡς
726 4885 828 4938 οὐκ
853 4883 933 4938 ἔτι
955 4902 1038 4938 σοι
1064 4882 1396 4954 μεμψόμεθα
1420 4881 1792 4948 Λακωνίζοντι

206 5056 305 5115 qua
327 5042 381 5099 in
408 5044 674 5115 pluribus
707 5041 815 5115 agit
848 5042 1069 5115 litteris.
1099 5040 1292 5115 Neque
1315 5040 1481 5115 etiam
1521 5040 1576 5094 in
1606 5040 1712 5096 hac
1735 5048 1792 5097 et

208 5110 447 5184 pluribus
474 5116 609 5169 aliis
640 5110 828 5184 Basilii
858 5114 1105 5183 epistolis
1144 5110 1406 5184 ἐλευθέρα
1428 5127 1635 5184 nomen
1661 5127 1790 5184 pro-

209 5183 373 5251 prium
423 5193 537 5240 est.
594 5184 693 5241 sed
744 5181 962 5237 viduam
1019 5181 1793 5252 matronamidesignat.'Sic

206 5254 493 5327 Gregorius
523 5254 664 5309 Naz.
721 5255 992 5327 inuepisth.
1016 5254 1137 5327 M7,
1171 5251 1465 5327 ἐλευθέραν
1502 5251 1793 5327 Αιγι)ἱί,ᾲίίι

205 5322 572 5381 est'viduam
641 5322 878 5394 appellat
941 5322 1310 5394 Simpliciano,
1364 5322 1579 5394 ‘quam‘
1621 5323 1794 5394 ipsius

206 5396 470 5465 quondam
500 5392 1002 5465 conjugem_luisse
1036 5392 1248 5449 dixerat
1278 5392 1333 5465 in
1361 5392 1683 5465 epist._liti_.

439 5462 748 5522 Ἐκείῶν-οὺ.
805 5463 884 5519 Ita
938 5479 1032 5520 sex
1084 5462 1293 5534 antiqui
1345 5462 1587 5518 codices.
1648 5462 1796 5519 Editi

422 5607 544 5675 Τὰς
579 5605 897 5671 εὐπνοίας.
942 5602 1019 5659 lta
1053 5602 1206 5661 Harl.
1234 5602 1380 5675 Editi
1408 5602 1505 5665 τὰς
1534 5603 1792 5659 εὐπνοού-

209 5673 318 5740 σας,
344 5695 433 5732 eas
478 5673 605 5749 qam
650 5675 773 5729 bene
807 5676 981 5738 olent,
1036 5675 1180 5749 quod
1198 5673 1399 5749 _minu_s
1448 5688 1637 5749 verum
1675 5685 1788 5749 est,

208 5761 323 5803 cum
362 5744 500 5805 una'
528 5752 752 5803 tantum
808 5744 1082 5818 unguento
1125 5744 1294 5803 oblita
1340 5744 1430 5800 sit.
1477 5744 1634 5800 Deest
1678 5746 1794 5802 haec

2560 4493 2824 4565 Olympio.

1979 4608 2273 4664 Scribebas
2307 4608 2652 4677 nobisprius
2677 4623 2874 4679 pauca,
2910 4623 3058 4667 nunc
3096 4622 3226 4664 vero
3260 4623 3330 4663 ne
3353 4622 3486 4679 pau-

1902 4718 1965 4758 ca
2008 4701 2229 4772 quidem
2268 4686 2291 4755 ἐ
2334 4717 2401 4758 ac
2445 4702 2662 4757 videtur
2716 4701 3176 4771 breviloquentia,
3241 4709 3486 4771 tempore

1905 4794 2282 4863 progrediens,
2338 4795 2567 4849 omnino
2617 4792 2737 4850 ﬁeri
2785 4793 3156 4848 taciturnitas.
3206 4791 3315 4862 93
3350 4791 3484 4847 Redi

1900 4885 2084 4957 itaque
2119 4886 2187 4941 ad
2227 4886 2707 4951 consuetudinem,
2746 4884 3191 4957 quandoquidem
3227 4901 3336 4939 non
3367 4901 3485 4939 am-

1892 5042 2190 5167 ;jerborum
2218 5044 2525 5115 complexio
2567 5043 2626 5099 in
2660 5044 3049 5115 antiquissimo
3098 5043 3290 5099 codice
3330 5043 3487 5101 Cois-

1916 5128 2062 5167 iano.

1916 5128 2062 5169 iano.

1967 5182 2099 5255 (25),
2130 5184 2262 5255 Ἐπὶ
2301 5185 2496 5254 φιλίᾳ.
2563 5183 2654 5239 Sic
2697 5183 2869 5253 codex
2935 5185 3221 5255 antiquus,
3253 5184 3485 5254 insignis

1893 5253 2154 5310 EcCleSiae
2184 5253 2530 5321 Parisiensis,
2560 5256 2753 5310 melius
2779 5271 2943 5325 quam
2987 5257 3043 5310 in
3074 5253 3258 5311 editis
3288 5264 3343 5311 et
3374 5253 3487 5308 tri—

1898 5326 2003 5381 bus
2041 5326 2164 5380 aliis
2191 5326 2475 5380 codicibus
2509 5341 2641 5380 mss.
2669 5327 2761 5378 ὲπὶ
2791 5325 2948 5394 φίλῳ.

1978 5394 2092 5465 (26)
2136 5395 2189 5446 '0
2222 5394 2389 5464 ἅγιος
2419 5397 2584 5460 Θεός.
2625 5394 2785 5452 Deest
2821 5396 2953 5459 Θεὸς
2988 5395 3043 5450 in
3071 5394 3192 5450 cod.
3227 5394 3484 5451 Medicam

1903 5473 1957 5521 et
1986 5464 2200 5519 duobus
2227 5466 2646 5521 recentioribus.

1976 5535 2087 5606 (27)
2138 5533 2644 5610 Tﬁq__gs()’-mu7w.
2690 5535 2806 5610 Duo
2854 5551 2990 5610 mss.
3027 5536 3126 5607 τῆς
3166 5537 3294 5608 παρ’
3328 5538 3482 5610 ἡμῖν.

1906 5602 2028 5659 Mox
2054 5602 2224 5660 codex
2260 5602 2721 5662 (Ilaromontanus
2748 5608 2853 5672 ἓως
2878 5608 2921 5661 δ’
2954 5606 3040 5660 ἄν.

1975 5678 1991 5699 "
2029 5676 2178 5748 Alias
2561 5676 2775 5748 Scripta
2802 5681 2854 5733 in
2883 5693 3125 5733 secessu.

1972 5750 2011 5771 ”
2050 5746 2201 5804 Alias
2226 5744 2455 5804 CLXXI.
2491 5744 2705 5820 Scripta
2738 5750 2954 5806 videtur
2977 5750 3029 5804 in
3046 5764 3289 5806 secessu.
