3870 6218
247 293 361 348 ΞΠ

1206 297 1701 356 EPISTOLARUM
1739 295 2041 354 CLASSIS‘
2065 297 2107 356 Ι.
2147 297 2366 354 EPIST.
2407 299 2523 354 XV.

3408 301 3516 358 278

248 419 346 492 χὸς
378 420 494 472 ἐστι
531 419 624 472 καὶ
658 418 816 482 αὐτὸς
842 417 1086 490 διηνεκὲς
1112 418 1206 472 καὶ
1239 418 1602 490 δυσέμϐατον.
1641 417 1739 473 Ἐκ
1765 417 1821 472 δὲ

1930 414 2045 488 ipse
2074 433 2265 474 murus
2295 419 2618 486 continuus,
2649 435 2995 494 ascensuque
3045 420 3300 477 difﬁcilis.
3360 422 3518 481 Mons

244 513 344 567 τοῦ
375 512 471 564 ἐπὶ
502 511 708 583 θάτερα
739 511 1035 582 τεταμένον
1061 507 1202 565 εἶναι
1232 513 1343 584 (⁸57)
1365 512 1426 566 τὸ
1453 513 1610 584 ὅρος,
1641 512 1710 565 δι’
1734 514 1833 581 ἀγ-

243 605 442 660 κώνων
473 605 769 677 μηνοειδῶν
795 609 917 670 ταῖς
947 606 1217 678 φάραγξιν
1245 606 1726 678 ἐπιζευγνύμενον,
1763 606 1833 662 τὰ

245 699 463 770 βάσιμα
499 699 598 770 τῆς
639 699 915 772 ὑπωρείας
953 699 1309 772 ἀπορειχίζει.
1349 699 1464 754 Μία
1502 699 1559 752 δέ
1587 717 1672 763 τις
1694 699 1833 753 εἷσο-

244 793 338 856 δος
369 793 458 846 ἐπ’
493 794 684 863 αὐτῆς,
722 787 788 864 ἧς
820 794 979 864 ἡμεῖς
1011 793 1177 863 ἐσμεν
1225 791 1425 863 κύριοι.
1465 793 1578 864 Τήν
1619 809 1683 862 γε
1723 792 1831 864 μὴν

243 883 470 954 οἴκησιν
501 883 674 954 αὐχήν
714 900 797 947 τις
845 883 1030 954 ἕτερος
1063 881 1422 953 ὑποδέχεται,
1459 882 1660 954 ὑψηλόν
1709 899 1831 936 τινα

246 977 344 1030 ἐπὶ
365 978 466 1048 τῆς
491 977 667 1048 ἄκρας
696 977 904 1046 ἀνέχων
934 976 1177 1039 τένοντα,
1199 976 1337 1030 ὥστε
1369 976 1430 1030 τὸ
1465 975 1645 1030 πεδίον
1673 975 1832 1030 τοῦτο

245 1068 616 1140 ὕφηπλῶσθαι
646 1071 767 1132 ταῖς
806 1068 997 1138 ὄψεσι,
1027 1069 1120 1122 καὶ
1156 1071 1220 1122 ἐκ
1252 1068 1348 1122 τοῦ
1380 1068 1656 1141 μετεώρου
1691 1068 1829 1133 ἑξεῖ-

242 1177 340 1215 ναι
388 1161 486 1213 καὶ
526 1159 618 1212 τὸν
672 1159 918 1230 ποταμὸν
978 1159 1340 1231 περιρῤέοντα
1395 1160 1634 1232 καθορᾷν
1672 1176 1682 1188 '
1730 1160 1832 1214 οὐκ

239 1253 513 1308 ἐλάττονα
550 1252 773 1322 τέρψιν,
805 1252 991 1324 ἔμοιγε
1019 1251 1198 1306 δοκεῖν
1237 1251 1347 1323 (58)
1369 1292 1383 1313 ,
1419 1253 1792 1324 παρεχόμενον
1813 1292 1828 1316 ,

239 1346 277 1418 ἦ
308 1349 429 1410 τοῖς
466 1347 531 1399 ἐκ
571 1345 674 1416 τῆς
720 1337 1102 1416 Ἀμφιπόλεως
1135 1346 1226 1398 τὸν
1261 1344 1548 1418 Στρύμονα
1575 1345 1687 1416 (59)
1727 1363 1828 1400 κα-

241 1439 708 1510 ταμανθάνουσιν.
754 1441 814 1494 Ὀ
868 1439 966 1510 μὲν
1012 1439 1121 1511 γὰρ
1175 1439 1544 1512 σχολαιοτέρῳ
1575 1440 1684 1510 (40)
1750 1439 1826 1510 τῷ

244 1531 484 1604 ῥεύματι
512 1533 950 1605 περιλιμνάζων,
989 1532 1190 1604 μικροῦ
1241 1533 1352 1587 δεῖν
1375 1573 1392 1598 ,
1432 1533 1528 1588 καὶ
1574 1533 1635 1586 τὸ
1666 1550 1831 1586 ποτα-

245 1625 350 1693 μὸς
381 1621 527 1678 εἶναι
563 1624 669 1678 ὑπὸ
699 1626 798 1697 τῆς
823 1625 1052 1695 ἡσυχίας
1079 1625 1360 1696 ἀφῄρηται
1378 1640 1392 1654 ⁸
1425 1626 1453 1679 ὁ
1479 1625 1534 1679 δὲ
1553 1665 1569 1688 ,
1595 1625 1829 1691 ὀξύτατα

239 1711 320 1774 ὧν
346 1715 461 1786 ἐγὼ
484 1713 600 1771 οἶδα
625 1717 886 1789 ποταμῶν
919 1717 1079 1789 ῥέων,
1117 1717 1291 1789 βραχύ
1313 1735 1368 1770 τι
1399 1719 1464 1788 τῇ
1489 1717 1694 1786 γείτονι
1728 1718 1826 1770 πέ-

238 1825 353 1880 τρᾳ
391 1808 872 1880 παρατραχύνεται
893 1826 906 1839 ο
940 1809 1032 1878 ἀφ’
1062 1803 1131 1880 ἧς
1159 1807 1541 1880 ἀναχεόμενος,
1570 1810 1648 1871 εἰς
1677 1809 1826 1880 δίνην

241 1899 472 1971 βαθεῖαν
504 1900 858 1973 περιειλεῖται
882 1917 893 1930 ’
933 1900 1057 1969 ὄψιν
1086 1918 1144 1954 τε
1173 1900 1397 1971 ἡδίστην
1429 1899 1542 1972 (ﬂ)
1579 1899 1703 1971 ἐμοὶ
1735 1901 1826 1954 καὶ

242 1994 414 2046 παντὶ
449 1991 614 2063 θεατῇ
666 1991 1040 2063 παρεχόμενος
1061 2034 1075 2058 ,
1107 1991 1202 2046 καὶ
1251 1991 1440 2063 χρείαν
1474 1993 1586 2054 τοῖς
1629 1991 1827 2060 ἐπιχω-

242 2085 385 2157 ρίοις
420 2085 890 2156 αὐταρκεστάτην,
951 2083 1148 2154 ἰχθύων
1192 2100 1252 2136 τε
1304 2082 1506 2153 πλῆθος
1548 2081 1826 2153 ἀμύθητον

236 2179 365 2239 ¹¹ιιαῖς
392 2176 566 2240 δίναις
603 2174 896 2245 ὲντρέφων.
927 2174 993 2226 Τί
1030 2174 1110 2227 δεῖ
1141 2173 1322 2242 λέγειν
1345 2173 1446 2237 τάς
1473 2175 1536 2226 ὲκ
1584 2173 1684 2243 τῆς
1723 2173 1826 2242 γῆς

241 2268 546 2331 ἀναπνοὰς,
572 2268 605 2340 ἢ
631 2268 734 2331 τὰς
769 2271 834 2321 ὲκ
866 2266 959 2320 τοῦ
998 2267 1244 2338 ποταμοῦ
1277 2265 1488 2338 αῦρας;
1515 2267 1588 2320 Τό
1625 2282 1689 2334 γε
1721 2266 1826 2337 μὴν

239 2361 354 2414 τῶν
397 2360 612 2414 ἀνθέων
648 2358 885 2430 πλῆθος,
927 2360 961 2431 ἢ
1015 2361 1124 2414 τῶν
1156 2360 1370 2431 ᾡδικῶν
1415 2360 1642 2432 ὀρνίθων
1668 2359 1826 2424 ἄλλος

243 2453 346 2522 μὲν
392 2453 463 2507 ἄν
489 2469 577 2515 τις
627 2451 994 2522 θαυμάσειενο
1052 2452 1178 2523 ἐμοὶ
1224 2453 1374 2506 δὲού
1407 2453 1570 2525 σχολὴ
1617 2453 1826 2518 τούτοις

241 2545 540 2616 προσέχειν
589 2544 682 2597 τὸν
722 2544 867 2598 νοῦν.
907 2546 972 2597 '0
1016 2544 1072 2597 δὲ
1122 2545 1374 2616 μέγιστον
1413 2547 1587 2598 εἰπεῖν
1631 2545 1827 2617 ἔχομεν

239 2638 338 2690 τοῦ
375 2636 608 2707 χωρίου,
642 2636 724 2689 ὅτι
750 2677 764 2699 ,
799 2635 932 2706 πρὸς
969 2638 1148 2689 πᾶσαν
1180 2636 1426 2707 ὑπάρχον
1460 2637 1689 2708 καρπῶν
1733 2655 1828 2708 φο-

244 2729 347 2800 ρὰν
398 2728 702 2800 ἐπιτήδειον
753 2728 820 2780 δι’
849 2728 1131 2800 εὐκαιρίαν
1190 2729 1289 2798 τῆς
1336 2728 1574 2793 θέσεως,
1611 2729 1826 2800 ἥδιστον

240 2821 357 2890 (ιε)
389 2821 516 2891 ἐμοὶ
549 2820 765 2874 πάντων
806 2819 1034 2890 καρπῶν
1071 2818 1170 2890 τὴν
1216 2821 1449 2890 ἡσυχίαν
1492 2820 1714 2892 τρέφειο
1764 2819 1825 2874 ού

241 2913 410 2982 μόνον
458 2911 647 2965 καθότι
694 2911 802 2965 τῶν
846 2911 1083 2966 ἀστικῶν
1133 2911 1378 2984 θορύϐων
1435 2913 1824 2984 ἀπήλλακται⁸

237 3005 361 3058 ἀλλ’
389 3006 472 3057 ὅτι
489 3004 609 3058 οῦτε
634 3005 816 3075 ὁδίτην
830 3003 950 3058 τινὰ
977 3004 1342 3076 παραπέμπει
1372 3004 1508 3076 πλὴν
1542 3005 1650 3059 τῶν
1684 3005 1825 3059 κατὰ

1935 515 2114 562 autem
2161 510 2416 581 utrinque
2456 517 2709 566 extentus
2740 520 2794 567 et
2819 528 2914 584 per
2947 520 3201 568 curvatos
3235 511 3518 572 anfractus

1932 601 2290 671 voraginibus
2310 603 2556 672 junctus,
2588 619 2684 675 per
2709 605 2826 660 vias
2875 605 3078 661 montis
3112 604 3330 661 inﬁmas
3381 621 3514 676 par-

1935 706 2015 751 tes
2060 695 2394 753 intercludit.
2440 697 2653 755 Habent
2700 710 2880 758 autem
2944 701 3141 756 infima
3176 701 3280 756 illa:
3328 708 3516 770 partes

1932 787 2139 842 aditum
2193 806 2382 856 unum,
2425 791 2587 862 cujus
2642 808 2743 848 nos
2804 791 3013 847 domini
3065 807 3279 848 sumus.
3338 791 3514 845 Porro

1932 879 2320 936 habitationem
2371 883 2489 939 alia:
2535 884 2781 955 quardam
2818 883 3003 940 fauces
3046 884 3344 954 excipiunt,
3403 883 3515 955 94

1932 971 2096 1026 altam
2123 973 2414 1042 quamdam
2452 974 2716 1030 cervicem
2761 973 2816 1028 in
2851 975 3056 1030 vertice
3100 973 3395 1044 erigentes,
3431 974 3514 1030 sic

1933 1069 1991 1116 ut
2029 1077 2256 1133 campus
2311 1065 2381 1118 ob
2426 1065 2616 1122 oculos
2657 1080 2924 1136 expassus
2971 1073 3172 1136 pateat,
3243 1065 3513 1135 liceatque

1931 1170 1962 1209 e
2011 1156 2231 1210 sublimi
2282 1155 2505 1214 [luvium
2549 1158 2711 1212 etiam
2746 1155 3215 1213 eircumlluentem
3246 1156 3450 1213 intueri
3491 1174 3508 1213 :

1929 1247 2045 1316 qui,
2073 1257 2132 1304 ut
2160 1248 2291 1302 mihi
2339 1249 2559 1319 quidem
2613 1249 2848 1314 videtur,
2903 1265 3011 1304 non
3061 1249 3328 1304 minorem
3361 1249 3513 1305 oble-

1930 1340 2224 1394 ctationem
2292 1339 2482 1405 aﬂ‘ert,
2547 1355 2710 1411 quam
2765 1340 3020 1412 Strymon
3067 1356 3135 1395 ex
3200 1340 3512 1412 Amphipoli

1929 1431 2341 1500 aspicientibus.
2371 1431 2471 1486 llic
2495 1433 2640 1487 enlm
2676 1435 2878 1488 nuento
2905 1434 3137 1489 lentiore
3159 1441 3506 1504 restagnans,

1928 1526 2094 1577 etiam
2146 1539 2256 1593 pra:
2303 1523 2488 1594 quiete
2541 1523 2741 1581 fluvius
2774 1541 2900 1581 esse
2959 1525 3073 1581 fere
3132 1525 3379 1581 desinit:
3418 1524 3512 1580 ille

1930 1630 2061 1671 vero
2089 1616 2359 1680 omnium,
2390 1631 2540 1687 quos.
2557 1631 2659 1687 ego
2707 1616 2961 1681 viderim,
2999 1617 3290 1672 fluviorum
3335 1617 3513 1673 celer-

1931 1709 2070 1762 rime
2096 1706 2294 1772 ﬂuens,
2317 1723 2384 1763 ex
2417 1706 2598 1762 vicina
2629 1723 2766 1777 rupe
2801 1724 2909 1762 non
2944 1708 3080 1766 nihil
3113 1708 3170 1763 fit
3216 1710 3462 1780 asperior
3493 1728 3508 1764 :

1930 1815 1959 1853 a
1986 1813 2092 1868 qua
2117 1815 2238 1855 sese
2267 1798 2585 1864 refundens,
2621 1798 2676 1852 in
2705 1799 3036 1869 profundum
3074 1801 3332 1854 verticem
3367 1816 3507 1855 con-

1928 1892 2197 1957 volvitur;
2228 1900 2394 1963 atque
2416 1893 2552 1948 adeo
2581 1893 2714 1948 mihi
2750 1902 2803 1946 et
2834 1893 3010 1948 cuivis
3046 1894 3281 1949 intuenti
3349 1909 3514 1966 aspe-

1927 1993 2074 2039 ctum
2109 1985 2352 2038 omnium
2379 1984 2861 2054 iucundissimum,
2915 1986 3218 2055 incolisque
3265 1999 3515 2040 commo~

1926 2079 2153 2133 ditatem
2213 2077 2544 2132 uberrimam
2588 2077 2812 2146 praebet,
2865 2091 2928 2131 ac
2979 2076 3212 2147 piscium
3257 2078 3513 2134 innume-

1927 2168 2152 2222 rabilem
2189 2168 2400 2237 c0piam
2444 2168 2498 2222 in
2545 2169 2849 2224 verticibus
2903 2169 3099 2223 nutrit.
3137 2169 3280 2235 Quid
3316 2171 3513 2226 attinet

1927 2261 2301 2315 exhalationes
2331 2277 2360 2314 a
2396 2271 2542 2315 terra
2590 2269 2900 2326 manantes,
2945 2269 3037 2316 aut
3087 2278 3252 2318 auras
3285 2279 3316 2319 e
3345 2264 3514 2320 fluvio

1927 2353 2396 2407 commemorare?
2429 2351 2650 2406 Florum
2681 2368 2814 2409 sane
2844 2364 2938 2408 aut
2962 2369 3291 2410 canorarum
3319 2358 3502 2412 avium

1928 2443 2330 2500 multitudinem
2366 2444 2505 2500 alius
2536 2445 2770 2502 fortasse
2819 2447 3051 2502 miretur
3084 2467 3097 2503 :
3136 2449 3230 2504 sed
3262 2449 3392 2503 mibi
3424 2448 3512 2505 his

1929 2536 2170 2590 animum
2222 2535 2504 2592 advertere
2534 2552 2644 2592 non
2683 2547 2862 2592 vacat.
2904 2538 3061 2605 Quod
3096 2550 3277 2596 autem
3337 2543 3516 2596 maxi-

1927 2643 2076 2683 mum
2109 2628 2176 2683 de
2211 2630 2318 2684 hoc
2347 2629 2469 2685 loco
2503 2630 2685 2686 dicere
2711 2645 3032 2701 possumus,
3063 2634 3195 2689 illud
3227 2642 3332 2697 est,
3362 2634 3512 2706 quod.

1927 2736 2052 2776 eum
2099 2721 2170 2776 ob
2229 2722 2371 2778 situs
2419 2724 2879 2792 Opportunitatem
2935 2725 3002 2780 ad
3051 2743 3242 2783 omnes
3297 2727 3513 2784 fruetus

1926 2811 2284 2882 proferendos
2324 2813 2552 2871 idoneus
2585 2815 2691 2878 sit.
2725 2834 2893 2872 unum
2941 2821 3186 2874 omnium
3244 2821 3379 2876 mihi
3419 2821 3510 2890 ju-

1926 2903 2321 2960 cundissimum
2349 2907 2586 2974 quietem
2626 2922 2690 2962 ae
2724 2910 3173 2979 tranquillitatem
3221 2911 3319 2964 alit
3348 2928 3362 2976 ;
3397 2927 3508 2966 non

1927 2996 2104 3051 solum
2149 3004 2420 3068 quatenus
2464 2997 2532 3052 ab
2580 2999 2806 3056 urbanis
2851 3003 3180 3056 tumultibus
3215 3003 3352 3058 liber
3378 3013 3504 3065 est,

235 3097 423 3168 θήραν
470 3096 914 3168 ὲπεμιγνυμένων
954 3097 1106 3167 ἡμῖν.
1161 3095 1306 3168 Πρὸς
1343 3097 1452 3168 γὰρ
1493 3100 1605 3161 τοῖς
1646 3097 1821 3162 ἄλλοις

1930 3087 2220 3142 sed'etiam
2261 3087 2385 3158 quia
2425 3105 2494 3142 ne
2533 3088 2797 3143 viatorem
2839 3090 3057 3160 quidem
3107 3092 3276 3146 ullum
3302 3092 3366 3147 ad
3402 3109 3503 3151 nos

236 3189 338 3240 καὶ
389 3187 746 3258 θηροτρόφοςι
776 3187 944 3249 ἐστὶν,
993 3185 1114 3255 οὐχὶ
1157 3187 1396 3256 ἄρκτων,
1432 3187 1465 3258 ἢ
1495 3185 1676 3240 λύκων
1715 3186 1824 3240 τῶν

234 3281 553 3351 ὑμετέρων,
588 3279 665 3350 μὴ
697 3278 942 3344 γένοιτοί
983 3278 1097 3331 ἀλλ’
1127 3277 1341 3348 ἐλάφων
1375 3278 1576 3346 ἀγέλας
1617 3279 1712 3332 καὶ
1740 3280 1824 3332 αί-

234 3372 356 3440 γῶν
392 3371 622 3441 ἀγρίων,
653 3372 748 3424 καί
779 3370 1024 3438 λαγωοὺς
1059 3369 1276 3440 βόσκει,
1304 3371 1400 3423 καὶ
1442 3371 1572 3424 εἴτι
1611 3371 1824 3434 τούτοις

233 3463 451 3530 ὅμοιον.
483 3454 612 3530 ’Ἆρ’
644 3455 736 3513 οὗν
755 3460 856 3512 οὐκ
889 3459 1095 3530 ἐνθυμῇ
1121 3459 1251 3530 παρ’
1287 3459 1408 3512 ὅσον
1434 3455 1598 3529 ἦλθον
1642 3459 1822 3514 κινδύ-

235 3569 336 3604 νου
365 3553 394 3602 ὁ
437 3550 668 3621 μάταιος
694 3549 805 3618 ἐγὼ
824 3591 838 3612 ,
869 3549 1111 3602 τοιούτου
1143 3549 1346 3620 χωρίου
1379 3551 1476 3622 τὴν
1506 3550 1817 3622 Τιϐερίνην,

234 3646 338 3712 τῆς
365 3641 694 3712 οἰκουμένης
719 3641 779 3692 τὸ
821 3639 1112 3711 βάραθρον,
1141 3639 1457 3710 φιλονεικῶν
1491 3641 1823 3707 ἀνταλλάξα-

241 3734 366 3786 σθαι
397 3749 415 3798 ;
453 3732 599 3803 Πρὸς
631 3733 768 3804 ὅπερ
811 3730 907 3784 νῦν
950 3731 1292 3801 ἐπειγομένῳ
1331 3731 1640 3804 συγγνώσῃ.
1673 3733 1819 3788 Πάνυ

236 3842 349 3889 τως
398 3823 512 3895 γάρ
554 3822 675 3876 οὐδὲ
719 3821 1031 3892 Ἀλκμαίων
1069 3821 1349 3892 Ἐχινάδας
1375 3821 1582 3892 εὑρὼν,
1619 3821 1697 3876 ἔτι
1721 3823 1820 3894 τῆς

239 3914 455 3986 πλάνης
483 3913 770 3984 ἠνέσχετο.
1473 3899 1480 3903 ’

786 4200 1129 4254 ΕΠΙΣΤΟΛΗ
1169 4201 1269 4253 lE'.

1930 3181 2274 3247 transmittit,
2309 3182 2354 3237 si
2392 3197 2486 3237 eos
2535 3184 2798 3254 excipias,
2849 3186 2944 3256 qui
2996 3187 3138 3240 inter
3195 3187 3508 3242 venandum

1930 3272 2214 3328 nobiseum
2276 3273 2596 3329 miscentur.
2667 3275 2805 3328 Nam
2865 3283 3062 3345 praeter
3107 3277 3316 3347 reliqua
3370 3277 3514 3332 feras

1929 3361 2090 3416 etiam
2122 3364 2346 3428 enutrit,
2378 3381 2486 3419 non
2529 3380 2687 3420 ursos
2717 3375 2810 3419 aut
2836 3366 2994 3437 lupos
3028 3377 3239 3423 vestros
3269 3368 3511 3440 (absitl),

1931 3451 2028 3507 sed
2067 3468 2356 3509 cervorum
2421 3467 2584 3527 atque
2629 3458 2965 3513 silvestrium
3035 3474 3326 3529 caprarum
3390 3476 3514 3532 gre-

1929 3559 2046 3612 ges,
2079 3543 2420 3616 leporesque,
2447 3558 2501 3602 et
2540 3549 2586 3602 si
2623 3548 2752 3618 quid
2795 3549 2882 3604 his
2925 3548 3123 3605 simile.
3164 3551 3309 3605 Num
3350 3551 3514 3622 igitur

1927 3633 2156 3703 cogitas,
2210 3652 2321 3705 quo
2377 3653 2478 3708 ego
2528 3638 2757 3708 periculi
2808 3639 3012 3694 stultus
3064 3641 3328 3707 venerim,
3385 3658 3508 3696 cum

1929 3723 2254 3792 huiusmodi
2299 3728 2483 3783 sedem
2537 3727 2830 3794 Tiberina,
2890 3730 3040 3785 orbis
3088 3737 3358 3784 terrarum
3415 3733 3512 3785 ba-

1928 3815 2149 3882 rathro,
2215 3827 2554 3874 commutare
2609 3822 2904 3890 cuperem?
2960 3821 3133 3886 Quem
3207 3822 3275 3875 ad
3328 3824 3508 3876 locum

1929 3924 2076 3962 nunc
2106 3912 2418 3979 pr0peranti
2461 3913 2672 3966 veniam
2719 3913 2896 3970 dabis.
2942 3915 3077 3968 Nam
3121 3915 3367 3985 profecto
3409 3931 3510 3971 nec

1934 3999 2209 4053 Alcmaeon
2262 4001 2496 4057 inventis
2542 4001 2916 4059 Echinadibus
2971 4005 3208 4075 amplius
3253 4003 3510 4061 oberrare

1932 4089 2119 4144 voluit.

2459 4209 2797 4266 EPISTOLA
2837 4211 2977 4266 ΧΨ.

1257 4311 1708 4367 BasiliuaArcadio
1732 4323 2032 4372 commendat
2052 4321 2178 4374 cives
2200 4324 2497 4390 metropolis.

615 4417 900 4487 Ἀρκαδίῳ
925 4418 1135 4486 κόμητι
1168 4415 1484 4484 πριϐιιτῶφκ

312 4539 565 4594 Ἕδωκαν
611 4534 832 4606 μείζονα
877 4533 974 4604 τὴν
1001 4532 1224 4605 χάρινῆ
1266 4531 1458 4590 ἔλαϐον
1505 4535 1553 4586 οἱ
1607 4534 1819 4590 πολῖται

234 4634 339 4704 τῆς
379 4629 770 4702 μητροπόλεως
812 4627 1006 4698 ἡμῶν,
1056 4624 1466 4698 παρασχόμενοί
1514 4643 1604 4695 μοι
1650 4629 1821 4699 ἀφορ-

238 4725 346 4795 μὴν
376 4722 488 4775 τῶν
529 4721 668 4791 πρὸς
700 4719 798 4790 τὴν
837 4718 934 4788 σὴν
975 4717 1267 4788 τιμιότητα
1312 4718 1676 4788 γραμμάτων.
1717 4721 1822 4772 Λύ-

232 4821 350 4881 τοῖς
381 4817 482 4888 μὲν
506 4814 615 4885 γὰρ
644 4815 678 4884 ἡ
709 4811 1091 4882 φιλανθρωπία
1110 4850 1125 4874 ,
1154 4807 1223 4882 ἦς
1253 4811 1440 4866 ἕνεκεν
1465 4812 1564 4881 τὴν
1599 4813 1819 4864 ἐπιστο-

188 4923 199 4932 ’
231 4911 331 4981 λὴν
356 4907 551 4962 ἔλαϐον
586 4906 716 4976 παρ’
733 4903 912 4974 ἡμῶν,
941 4902 1031 4956 καὶ
1053 4903 1160 4974 πρὸ
1183 4902 1294 4956 τῶν
1317 4903 1475 4973 ἡμῶν
1499 4903 1611 4974 (45)
1635 4920 1815 4975 γραμ-

234 5002 427 5079 μάτων
477 5001 688 5071 ὑπῆρχε
721 4995 809 5050 διὰ
849 4996 948 5068 τὴν
985 4995 1190 5067 συνήθη
1225 4995 1320 5052 καὶ
1367 4993 1465 5066 τὴν
1497 4995 1559 5047 ἐκ
1602 4995 1818 5064 φύσεως

301 5157 418 5226 (37)
455 5151 647 5226 ETw-ag.
674 5152 837 5226 Deest
853 5151 913 5226 _i_n
944 5166 1039 5226 sex
1064 5164 1200 5226 mss.
1229 5149 1536 5226 codicibus.

329 5219 420 5296 38)
456 5224 691 5296 onei’r.
727 5220 1001 5296 Sic_llarl.
1029 5219 1428 5296 et_duo‘Regii.
1467 5219 1607 5273 Editi
1643 5219 1810 5275 δοκεῖ.

329 5229 420 5296 38)
456 5229 682 5278 Δοκεῖν.
727 5229 819 5276 Sic
853 5229 1001 5275 llarl.
1029 5229 1084 5274 et
1111 5229 1220 5273 duo
1257 5229 1428 5288 uegit.
1467 5229 1607 5273 Editi
1643 5229 1810 5275 δοκεῖ.

300 5229 419 5365 ἔδυ)
457 5291 911 5365 Σςρύμόναζδίε
949 5290 1120 5345 Coisl.
1147 5289 1379 5365 _prin_t_us
1403 5304 1545 5365 .cum
1591 5305 1707 5365 uno
1730 5307 1815 5365 ἐξ

226 5358 444 5436 Regiis.
483 5358 637 5419 Harl.
683 5370 738 5418 et
777 5360 910 5432 Reg.
956 5358 1233 5417 secundus
1279 5358 1628 5429 Στρύμμονα.
1667 5358 1814 5413 Editi

226 5435 374 5490 xm
385 5435 559 5490 μῶνα.

302 5454 1124 5576 ἥθῗιέῗολαιοτέρῳηβοὰἱςεε
1152 5506 1392 5568 quatuor
1417 5499 1669 5576 σχολαίῳ.
1695 5497 1813 5576 Non

225 5568 408 5632 multo
448 5568 716 5644 po'steduo
763 5568 914 5644 Regii
963 5571 1183 5644 codices
1229 5568 1687 5644 περιτραχύνεται
1719 5571 1810 5638 ὑφ’

224 5635 724 5720 ἦςηι-ιειῡεδιειὶειη
753 5635 1132 5720 ὺςῖἦςᾘτιιΊ·
1306 5635 1342 5644 ”
1525 5710 1556 5720 η
1601 5709 1611 5720 .
1650 5711 1680 5720 ..

301 5718 413 5791 (41)
465 5715 767 5782 Ἡδίστην.
799 5707 1094 5768 Ροείμὶιοηο
1124 5725 1310 5767 vocem
1343 5707 1490 5765 addit
1519 5709 1808 5767 Coislinia-

2277 4429 2509 4483 Arcadio
2567 4430 2750 4484 comiti
2795 4431 3146 4500 privatarum.

1990 4539 2197 4597 Dedere
2229 4541 2409 4611 majus
2440 4543 2764 4598 benelieium
2806 4559 2970 4614 quam
3010 4561 3267 4616 accepere
3304 4555 3508 4602 metro-

1920 4632 2058 4701 polis
2098 4641 2301 4688 nostra:
2347 4633 2520 4697 cives,
2582 4650 2706 4691 cum
2752 4636 2884 4690 mihi
2919 4637 3223 4691 litterarum
3259 4638 3322 4691 ad
3357 4646 3506 4694 tuam

1920 4725 2240 4793 dignitatem
2272 4728 2621 4782 occasionem
2684 4729 3027 4785 obtulerunt.
3067 4729 3177 4784 lllis
3216 4731 3359 4784 enim
3400 4731 3506 4784 liu-

1919 4816 2178 4880 manitas,
2205 4818 2368 4886 cujus
2394 4832 2564 4873 causa
2589 4819 2878 4888 epistolam
2911 4829 3241 4889 acceperunt
3263 4835 3294 4873 a
3318 4822 3503 4886 nobis,

1923 4908 2086 4960 etiam
2113 4915 2240 4963 ante
2273 4909 2481 4964 litteras
2507 4918 2727 4966 nostras
2755 4918 2946 4980 parata
2997 4920 3134 4974 erat,
3169 4913 3240 4966 ob
3273 4927 3514 4980 consue-_

1926 5004 2034 5054 tam
2058 5003 2112 5056 et
2137 4997 2234 5054 tibi
2261 5006 2456 5055 natura
2481 5001 2708 5081 insitam
2741 5003 2795 5056 in
2822 5017 3014 5058 omnes
3043 5003 3376 5061 comitatem.
3395 5004 3507 5062 Nos

1913 5167 2020 5206 nus
2043 5150 2254 5228 primus
2279 5155 2502 5228 πασῶν..Δ
2518 5153 2797 5228 Moxediti
2818 5155 3264 5228 ἐγχωρίοιςηδεκ
3287 5159 3508 5217 codices

1913 5238 2049 5276 mss.
2082 5225 2231 5300 utin
2261 5224 2766 5300 textu._|l_)idemex
2799 5224 3025 5300 duobus
3052 5226 3338 5300 codicibus
3374 5233 3509 5300 legi.

1913 5307 2038 5370 mus
2068 5291 2280 5370 jxﬁdwv
2318 5311 2398 5370 ire.
2442 5293 2582 5348 Editi
2627 5295 2824 5370 lelﬁwv
2855 5296 2935 5350 δέ.
2971 5297 3118 5352 Idem
3168 5299 3337 5354 Coisl.
3384 5291 3508 5370 post

1912 5364 2035 5435 ταῖς
2053 5361 2237 5435 *δίναις
2269 5363 2420 5418 addit
2449 5361 2916 5435 περιειλούμενον.

1987 5382 2034 5423 ις
2063 5382 2235 5424 οιναις
2269 5382 2420 5418 nua".
2449 5382 2916 5488 rrgowuoupevov.

1987 5430 2099 5512 (ᾒί)
2139 5432 2442 5512 "Edim-pr.
2470 5501 2503 5512 υ
2537 5436 2588 5512 ie
2624 5434 2805 5512 golsl.
2854 5451 2979 5491 cum
3031 5438 3248 5496 duobus
3299 5437 3506 5512 Regiis,

1915 5501 2114 5575 melius
2133 5517 2302 5575 quam
2333 5505 2393 5575 _in
2421 5501 2583 5575 editis
2614 5504 2862 5575 ἡδίστην.

1952 5571 2103 5681 ιε(45)
2136 5573 2256 5639 Πρὸ
2286 5573 2400 5626 τῶν
2427 5573 2618 5634 ἡμῶν.
2637 5571 2778 5647 Reg.
2796 5571 3078 5634 secundus
3103 5581 3208 5652 πρὸ
3230 5580 3336 5636 τῶν
3365 5584 3504 5655 ἡμε-

1917 5659 2114 5695 τεοων.

1983 5660 2179 5770 ξὺέίίοε
2218 5707 2508 5771 CCCCXV.
2546 5714 2759 5790 Scripta
2797 5718 2852 5776 in
2887 5736 3133 5779 secessu.
