3870 6218
393 236 501 293 379
1683 241 1741 301 S.
1781 239 2026 299 BASILII
2064 240 2282 298 MAGNI

3556 235 3665 292 280
3700 288 3703 291 λ

397 361 580 410 autem
635 354 978 412 occasionem
1020 358 1343 421 salutanda:
1370 360 1659 432 probitatis
1718 371 1826 417 tua:
1869 377 1981 417 non

2096 358 2493 432 ἐνυπάρχουσαν
2525 376 2606 413 σοι
2638 358 2773 431 πρὸς
2799 357 3005 422 πάντας
3034 355 3380 429 ῆμερότηταο
3411 354 3569 425 ἡμεῖς
3603 352 3662 406 δὲ

396 443 680 503 imitabilis
743 447 800 502 in
850 448 1088 506 maximo
1134 451 1288 508 lucro
1342 452 1600 511 duximus
1637 473 1651 511 :
1685 463 1979 525 precantes

397 532 572 591 Deum
615 547 888 606 sanctum,
918 548 976 594 ut
1007 550 1058 596 te
1086 542 1135 597 ei
1180 544 1352 614 magis
1405 560 1469 601 ac
1499 546 1675 616 magis
1711 547 1978 617 placente,

397 631 456 681 et
502 641 689 680 rerum
748 636 966 683 tuarum
1008 629 1298 698 splendore
1345 632 1606 701 majorem
1656 632 1711 686 in
1761 634 1979 689 modum

398 730 703 784 crescente,
739 735 863 773 cum
893 720 996 790 ipsi
1027 722 1291 790 Imlemur,
1321 732 1377 778 et
1406 738 1529 778 cum
1561 724 1646 778 his
1667 725 1760 794 qui
1790 740 1855 779 ex
1890 732 1983 779 tua

399 818 669 880 potestate
719 812 981 866 beneﬁcia
1037 815 1372 886 percipiunt,
1426 817 1817 887 gaudeamus:
1863 825 1981 871 tum

356 876 562 958 Ietiam
611 903 908 973 aliquando
961 876 1057 960 eos
1103 876 1206 976 qui
1252 876 1470 964 nostras
1526 908 1622 962 tibi
1682 909 1893 963 litteras
1924 909 1979 962 in

292 1012 297 1019 '
400 1008 600 1051 manus
654 995 1016 1059 tradiderint,
1065 998 1141 1051 ita
1183 996 1473 1052 redeuntes
1515 998 1874 1068 excipiamus,
1921 1008 1981 1055 ut

398 1098 524 1140 cum
573 1087 827 1142 omnibus
884 1088 1161 1142 lenitatem
1213 1089 1322 1160 95
1370 1097 1521 1143 tuam
1564 1089 1806 1155 laudent,
1838 1106 1978 1144 sema

400 1192 607 1248 perque
647 1178 979 1248 perspiciant
1022 1194 1132 1232 non
1190 1179 1435 1233 inutilem
1477 1178 1582 1235 sibi
1633 1178 1975 1248 deprecatio-

403 1284 526 1322 nem
568 1276 813 1323 nostram
877 1270 1019 1341 apud
1073 1278 1221 1325 tuam
1260 1270 1516 1325 eximiam
1558 1269 1973 1325 beneﬁcentiam

399 1358 709 1416 exstitisse.

914 1600 1251 1657 EPISTOLA
1288 1604 1452 1658 XVI'.

2085 448 2182 519 τὴν
2214 450 2469 521 ἀφορμὴν
2498 448 2593 502 τοῦ
2636 448 3110 520 προσφθέγγεσθαί
3144 445 3254 517 (Η)
3284 463 3376 499 σου
3406 446 3505 512 τὴν
3534 444 3664 516 ἀμί-

2089 557 2259 609 μητον
2290 538 2698 607 καλοκάγαθίαν
2750 539 3005 610 μέγιστον
3036 538 3224 609 κέρδος
3269 535 3538 607 ἐθέμεθα,
3578 535 3670 587 εὑ·-

2085 630 2306 699 χὸμενοι
2345 630 2421 701 τῷ
2455 630 2594 702 ἁγίῳ
2640 629 2759 701 Θεῷ
2806 628 3167 701 προκόπτοντί
3203 645 3282 681 σοι
3330 630 3388 680 ὲν
3419 629 3484 698 τῇ
3525 625 3663 696 πρὸς

2087 723 2246 775 αὑτὸν
2274 724 2662 794 εὑαρεστήσει,
2690 721 2785 775 καὶ
2825 722 2918 775 ἐπὶ
2950 721 3132 791 μεῖζον
3164 718 3265 789 τῆς
3301 719 3428 789 περὶ
3474 718 3532 770 σὲ
3561 734 3663 770 πε-

2085 814 2368 886 ριφανείας
2409 813 2819 885 αὐξανομένης,
2867 813 3022 867 αὐτοί
3063 829 3121 864 τε
3163 809 3619 882 ὲπευφραίνεσθαι
3644 846 3660 871 ,

2081 906 2175 960 καὶ
2220 908 2333 969 τοῖς
2375 905 2854 977 εὑεργετουμένοις
2894 904 2999 957 ὑπὸ
3041 905 3140 975 τῆς
3194 907 3292 974 σῆς
3341 900 3665 962 ἐπιστασίας

2083 995 2406 1068 συνήδεσθαι
2431 1012 2446 1026 ⁸
2488 995 2674 1050 λαϐεῖν
2713 995 2770 1049 δέ
2805 1013 2937 1049 ποτε
2980 995 3092 1067 (45)
3135 995 3384 1057 καὶτοὺς
3423 991 3661 1063 ἐγχειρί-

2082 1087 2277 1152 ζοντάς
2329 1104 2409 1141 σοι
2453 1088 2522 1141 τὰ
2561 1087 2862 1159 γράμματα
2904 1085 3061 1157 ἡμῶν
3105 1086 3326 1157 ἡμέρως
3371 1084 3529 1147 ἰδεῖν,
3565 1081 3662 1135 καὶ

2082 1177 2513 1248 ἀποπέμψασθαι
2563 1177 2704 1249 μετά
2734 1179 2950 1232 πάντων
2991 1176 3084 1231 καὶ
3114 1177 3311 1239 αὐτοὺς
3346 1174 3467 1245 (46)
3490 1214 3503 1235 ,
3564 1174 3663 1227 ἀν-

2081 1270 2381 1341 υμνοῦντας
2404 1271 2505 1340 τὴν
2534 1271 2632 1342 σὴν
2656 1271 2940 1345 πραότητα
2959 1287 2972 1300 ·
3010 1270 3096 1324 ἀεὶ
3128 1268 3418 1340 μαθόντας,
3448 1268 3528 1320 ὅτι
3561 1265 3664 1318 οὐκ

2080 1360 2347 1430 ἄχρηστος
2390 1361 2573 1424 αὐτοῖς
2619 1363 2653 1432 ἡ
2703 1362 2836 1433 παρ’
2869 1359 3026 1432 ἡμῶν
3070 1358 3335 1430 πρεσϐεία
3392 1356 3527 1428 πρὸς
3561 1355 3663 1427 τὴν

2082 1449 2502 1521 ἀνυπέρϐλητόν
2531 1469 2624 1505 σου
2657 1450 3057 1520 καλοκάγαθίαν
3078 1450 3388 1520 γεγένηται.

2624 1606 2973 1661 summa
3008 1604 3125 1673 ις’.

399 1739 650 1805 Refellitur
674 1738 900 1791 Eunomii
920 1741 1161 1794 temeritas
1179 1740 1355 1795 divina.
1375 1750 1563 1794 natura:
1581 1741 2047 1817 comprehensionem
2070 1743 2163 1817 sibi
2184 1746 2477 1817 arrogantis,
2498 1759 2606 1817 curn
2628 1760 2688 1797 ne
2706 1743 3139 1797 minutissimorum
3160 1741 3357 1807 quidem
3376 1739 3663 1793 animalium

1392 1860 1399 1867 ,
1478 1810 1798 1870 cognitionem
1820 1810 2148 1870 investigando
2187 1810 2379 1873 assequi
2409 1814 2585 1871 posset.

679 1925 943 1979 Adversus
997 1923 1319 1980 Eunomium
1366 1927 1697 1983 hareticum.

473 2033 578 2101 Qui
626 2049 815 2089 eorum
872 2049 992 2103 quae
1041 2041 1170 2090 sunt
1221 2034 1699 2107 investigationem
1750 2052 1976 2109 compa-

402 2125 516 2179 rari
548 2139 710 2194 posse
743 2123 894 2188 dicit,
922 2123 970 2177 is
997 2123 1188 2193 procul
1211 2123 1379 2179 dubio
1414 2125 1501 2179 via
1532 2126 1768 2196 quadam
1810 2138 1864 2182 et
1890 2142 1981 2181 or-

402 2215 531 2271 dine
563 2223 803 2285 mentem
834 2229 991 2270 suam
1022 2214 1092 2269 ad
1124 2229 1312 2270 eorum
1356 2232 1477 2287 qua:
1514 2225 1666 2283 sunt,
1712 2220 1981 2289 cognitio-

402 2323 530 2364 nem
559 2307 804 2377 appulit;
831 2315 886 2362 et
915 2307 971 2361 in
1005 2306 1171 2363 rebus
1194 2316 1358 2378 captu
1385 2307 1641 2365 facilibus
1664 2316 1719 2364 et
1748 2311 1976 2367 minutis

402 2401 761 2463 exercitatus,
793 2399 868 2454 ita
905 2399 1122 2455 demum
1172 2415 1269 2470 per
1319 2400 1460 2455 hanc
1488 2402 1879 2473 cognitionem,
1913 2404 1980 2458 ad

407 2507 529 2546 eam
586 2506 808 2562 quoque
855 2507 976 2561 qua:
1030 2491 1414 2561 cogitationem
1466 2508 1679 2550 omnem
1736 2506 1976 2566 superat,

402 2597 560 2637 suam
627 2583 1126 2655 comprehendendi
1176 2583 1493 2638 facultatem
1542 2588 1830 2656 promovit.
1877 2587 1979 2654 Qui

405 2674 573 2742 igitur
603 2689 795 2729 eorum
825 2689 945 2745 qua:
975 2684 1103 2731 sunt
1149 2676 1515 2746 cognitionem
1557 2678 1983 2748 apprehendisse

404 2780 464 2820 se
503 2764 794 2836 gloriatur,
826 2767 875 2821 is
903 2765 1156 2822 animalis
1194 2766 1549 2823 minutissimi
1579 2784 1644 2824 ex
1669 2770 1740 2826 iis
1768 2786 1892 2841 quae
1925 2772 1980 2826 in

404 2865 759 2927 conspectum
800 2859 1025 2924 cadunt,
1066 2869 1320 2915 naturam
1377 2861 1632 2930 explicet,
1661 2872 1713 2917 et
1759 2880 1880 2933 quae
1910 2866 1983 2920 sit

404 2947 650 3004 formicae
679 2956 875 3003 natura
900 2949 1047 3005 dicat
1076 2969 1091 3006 :
1121 2966 1188 3005 an
1231 2950 1431 3021 spiritu
1460 2960 1515 3006 et
1561 2953 1804 3009 anhelitu
1844 2970 1980 3011 con-

407 3041 652 3096 tineatur
690 3042 865 3111 ipsius
931 3043 1076 3108 vita;
1131 3058 1200 3097 an
1251 3058 1453 3113 corpus
1501 3046 1719 3101 ossibus
1781 3046 1982 3104 distin-

406 3137 592 3196 ctum;
629 3146 697 3185 an
735 3145 1029 3202 compages
1067 3133 1254 3189 nervis
1288 3142 1449 3203 atque
1465 3134 1771 3205 ligamentis
1800 3136 1984 3192 lirma-

2330 1929 2489 1998 Πρὸς
2514 1930 2817 1998 Εὐνόμιον
2849 1928 2958 1983 τὸν
2977 1928 3273 1998 αἱρετικόν
3294 1925 3426 1999 (47).

2165 2044 2223 2098 '0
2273 2045 2502 2115 ὲφικτὴν
2555 2038 2697 2100 εἶναι
2743 2043 2915 2111 λέγων
2967 2042 3076 2095 τῶν
3115 2042 3280 2095 ὄντων
3313 2040 3411 2111 τὴν
3444 2039 3662 2112 εὕρεσιν

2082 2133 2188 2204 ὁδῷ
2216 2151 2323 2188 τινι
2364 2134 2582 2198 πάντως
2623 2134 2718 2188 καὶ
2755 2133 3051 2203 ἀκολουθίᾳ
3080 2132 3170 2187 διὰ
3212 2133 3312 2203 τῆς
3351 2131 3460 2186 τῶν
3494 2131 3662 2185 ὄντων

2092 2223 2348 2292 γνώσεως
2387 2224 2690 2297 προέϐαλεν
2720 2223 2828 2295 (48)
2864 2222 3056 2276 ἑαυτοῦ
3107 2222 3205 2294 τὴν
3243 2222 3513 2276 διάνοιαν·
3569 2223 3665 2276 καὶ

2081 2318 2195 2380 τοῖς
2221 2316 2510 2387 εὑλήπτοις
2547 2334 2607 2370 τε
2638 2317 2734 2369 καὶ
2763 2316 3107 2388 μικροτέροις
3149 2314 3551 2385 ὲγγυμνασθεὶς
3574 2314 3664 2367 διὰ

2080 2406 2182 2476 τῆς
2214 2406 2324 2477 (49)
2353 2406 2731 2475 καταλήψεως,
2764 2404 2905 2459 οὑτω
2930 2406 3024 2459 καὶ
3052 2407 3131 2468 είς
3158 2405 3255 2476 τὴν
3280 2405 3536 2457 ἐπέκεινα
3563 2403 3666 2456 πά-

2084 2512 2184 2565 σης
2221 2496 2431 2559 ἐννοίας
2478 2497 2793 2567 προήγαγεν
2838 2495 3034 2549 ἑαυτοῦ
3081 2494 3493 2564 καταληπτικὴν
3531 2511 3667 2562 φαν-

2081 2587 2292 2639 τασίαν.
2328 2585 2534 2639 Οὐκοῦν
2566 2587 2594 2638 ὁ
2634 2587 2732 2655 τὴν
2768 2587 2896 2658 περὶ
2939 2585 3047 2639 τῶν
3088 2586 3259 2639 ὄντων
3291 2585 3493 2656 εἴδησιν
3524 2601 3664 2636 κατ-

2088 2677 2369 2750 ειληφέναι
2443 2675 2987 2747 μεγαλαυχούμενος,
3041 2674 3103 2728 τὸ
3156 2674 3518 2747 σμικρότατον
3554 2671 3666 2724 τῶν

2083 2770 2548 2842 προφαινομένων,
2596 2770 2745 2833 ὅπως
2783 2767 2896 2838 ἔχει
2939 2767 3188 2837 φύσεως,
3236 2766 3665 2840 ἑρμηνευσάτω,

2083 2863 2176 2916 καὶ
2202 2862 2284 2924 τίς
2312 2863 2346 2933 ἡ
2372 2861 2465 2916 τοῦ
2503 2861 2794 2934 μύρμηκος
2816 2860 3001 2930 φύσις,
3033 2861 3241 2913 εἰπάτω
3261 2877 3275 2893 ·
3306 2861 3356 2912 εί
3390 2858 3664 2930 πνεύματι

2084 2954 2178 3008 καὶ
2212 2954 2452 3023 ἄσθματι
2482 2952 2767 3024 συνέχεται
2806 2951 2972 3005 αὑτοῦ
3010 2952 3043 3022 ἡ
3074 2950 3187 3022 ζωή
3214 2969 3230 2983 ·
3267 2953 3315 3004 εί
3357 2950 3566 3014 ὀστέοις
3593 2949 3658 3005 τὸ

2086 3043 2246 3115 σῶμα
2280 3043 2391 3113 (50)
2417 3042 2725 3112 διείληπται
2746 3056 2761 3073 ⁸
2784 3044 2835 3096 εί
2869 3042 3078 3112 νεύροις
3101 3040 3196 3093 καὶ
3220 3039 3537 3108 συνδέσμοις
3561 3037 3665 3102 τὰς

2083 3132 2346 3205 ἁρμονίας
2384 3132 2705 3186 τετόνωταν
2742 3133 2791 3185 εἰ
2833 3131 2985 3202 μυῶν
3030 3129 3290 3203 περιϐολῇ
3327 3130 3423 3183 καὶ
3459 3128 3667 3185 ἁδένων

408 3229 459 3275 ta
488 3237 503 3285 ;
548 3236 619 3276 an
642 3223 1019 3277 musculorum
1053 3231 1106 3278 et
1128 3223 1510 3294 glandularum
1540 3228 1745 3283 ambitu
1805 3230 1982 3284 conti-

2096 3227 2120 3295 ἡ
2148 3223 2256 3279 τῶν
2288 3222 2493 3295 νεύρων
2527 3225 2939 3295 περικρατεὴαι
2965 3221 3114 3285 θέσις
3146 3220 3281 3292 (51)·
3318 3221 3369 3273 εί
3416 3220 3529 3282 τοῖς
3560 3237 3667 3272 νω-

412 3318 609 3363 neatur
674 3326 969 3365 nervorum
1005 3311 1181 3378 situs;
1210 3327 1279 3366 an
1311 3313 1547 3367 medulla
1579 3327 1608 3365 a
1635 3314 1892 3385 sincipite
1916 3315 1985 3369 ad

408 3399 642 3454 caudam
678 3417 855 3471 usque
909 3417 1014 3455 una
1076 3416 1201 3455 cum
1253 3402 1402 3456 dorsi
1446 3405 1710 3459 vertebris
1763 3413 1985 3474 proten-

409 3490 611 3555 datur;
647 3507 717 3545 an
758 3492 1017 3547 membris
1068 3507 1190 3561 quae
1247 3502 1568 3559 moventur,
1614 3511 1681 3548 ex
1740 3511 1982 3553 nervosa

409 3582 743 3638 membrana:
773 3585 1055 3653 complexu
1106 3592 1315 3639 motum
1346 3585 1655 3655 imprimat;
1697 3601 1766 3642 an
1812 3590 1883 3643 sit
1928 3590 1982 3643 in

410 3673 528 3741 ipsa
552 3673 735 3742 jecur,
773 3683 827 3730 et
869 3677 927 3729 in
977 3675 1164 3745 jecore
1210 3690 1306 3731 vas
1371 3677 1666 3746 quoddam,
1718 3680 1866 3749 quod
1914 3680 1985 3736 fel

412 3765 709 3833 suscipiat;
742 3766 921 3821 sintne
947 3781 1123 3833 renes,
1158 3775 1212 3822 et
1235 3782 1352 3831 cor,
1385 3776 1440 3822 et
1467 3770 1701 3836 arteriae,
1730 3782 1785 3827 et
1816 3789 1982 3840 vente,

414 3867 469 3915 et
498 3859 787 3931 pelliculae,
812 3868 866 3915 et
898 3860 1345 3930 diapbragmata;
1378 3862 1519 3917 sitne
1547 3864 1747 3919 animal
1778 3867 1984 3922 nudum

413 3965 482 4004 an
526 3951 792 4019 pilosum;
834 3958 1015 4004 utrum
1081 3950 1314 4022 ungulas
1355 3951 1639 4021 inrtivisas,
1689 3971 1760 4010 an
1826 3959 1989 4027 pedes

414 4042 715 4098 multiﬁdos
742 4042 973 4097 habear
1015 4042 1145 4097 item
1185 4050 1393 4098 ouanto
1438 4051 1684 4113 tempore
1725 4047 1894 4113 vivat,
1934 4058 1987 4103 et

486 4240 506 4263 ⁹
535 4238 683 4292 Alias
709 4238 979 4292 CLXVIII.
1006 4237 1220 4306 Scripta
1244 4239 1544 4308 imperante
1572 4239 1790 4293 Iuliano

418 4374 454 4441 ξ
489 4308 599 4430 git)
630 4309 1174 4380 Προσφθέγγεσθαι.
1211 4308 1344 4379 Reg.
1379 4310 1654 4365 secundus
1685 4310 1990 4382 προσφθέγ-

452 4395 486 4431 α
557 4396 633 4434 αι.

452 4395 633 4434 acuat.

490 4448 603 4518 (45)
637 4448 852 4502 Λαϐεῖν
871 4447 939 4500 δέ
960 4463 1121 4501 ποτε.
1158 4445 1286 4502 Haec
1310 4448 1474 4502 verba
1508 4450 1575 4502 ad
1602 4449 1860 4503 Basilium
1891 4466 1988 4504 ne-

417 4518 662 4572 cessario
693 4519 1027 4579 referuntur,
1059 4519 1152 4586 qui
1185 4519 1411 4586 optabat
1440 4526 1502 4572 ut
1531 4520 1681 4573 cives
1716 4520 1880 4574 rebus
1914 4520 1991 4574 fe-

417 4586 599 4641 liciter
624 4589 791 4657 gestis
823 4587 1113 4642 redeuntes
1147 4588 1442 4656 exciperet.
1473 4586 1672 4644 Verum
1699 4588 1825 4652 ista,
1852 4590 1982 4662 ἡμέ-

420 4672 530 4711 ρως
562 4658 690 4711 ἰδεῖν
724 4659 816 4711 καί
849 4657 1300 4711 ἀποπέμψασθαι.
1332 4658 1536 4711 placide
1567 4659 1796 4711 aspicere
1824 4669 1872 4711 et
1903 4659 1982 4711 di-

2098 4586 2274 4646 πάντα
2307 4586 2430 4644 νοῦν
2472 4586 2846 4711 ὑπερέχουσαν
2895 4586 3125 4659 δύναμιν
3184 4586 3345 4657 φυσιο

2096 4661 2395 4711 ενείοησεν.
2446 4659 2559 4711 Ouo
2604 4700 2619 4711 .
2647 4677 2766 4711 cum
2798 4676 2861 4711 ne
2899 4659 3133 4711 formica:
3170 4658 3344 4711 auide:

2604 4700 2620 4727 1

419 4672 530 4728 ρως
562 4658 690 4711 ἰδεῖν
724 4659 816 4728 καὶ
849 4657 1300 4726 ἀποπέμψασθαι,
1331 4658 1536 4726 placide
1567 4659 1796 4724 aspicere
1824 4657 1988 4714 efdi-

417 4727 645 4792 mittere,
680 4728 747 4782 ad
775 4727 1069 4784 Arcadium
1101 4734 1373 4796 spectant,
1400 4737 1455 4783 et
1484 4743 1607 4782 cum
1639 4737 1811 4783 totum
1840 4730 1986 4784 hunc

418 4796 600 4852 locum
645 4799 872 4869 penitus
915 4797 1396 4869 del'orment,rnec
1448 4800 1678 4869 possint,
1721 4799 1984 4854 incolumi

419 4867 712 4939 sententia,
757 4868 1017 4935 retineri;
1055 4883 1222 4939 eaex
1262 4867 1730 4938 interpretatione,
1764 4878 1823 4923 ut
1862 4884 1987 4939 per-

338 4948 351 4963 '
420 4950 605 5005 peram
641 4938 696 4991 in
726 4947 1043 4995 contextum
1082 4938 1303 5007 injecta,
1339 4939 1635 5003 eliminavi,
1665 4954 1775 4993 non
1802 4938 1985 4994 tamen

419 5020 489 5059 ex
529 5008 649 5078 ipso
684 5016 858 5072 textu,
898 5009 1026 5079 quia
1057 5023 1166 5063 non
1200 5007 1386 5063 favent
1425 5008 1645 5065 codices
1675 5024 1811 5064 mss.
1840 5009 1985 5063 Con-

426 5074 671 5131 lirmalur
696 5078 812 5131 haec
835 5079 1126 5131 exnlicatio
1153 5094 1220 5131 ex
1259 5080 1422 5131 enist.
1450 5079 1575 5131 M8.
1599 5095 1762 5131 quam
1793 5079 1985 5131 simili-

426 5079 671 5132 ﬁrmatur
696 5079 812 5133 haec
835 5079 1126 5148 explicatio
1153 5094 1220 5134 ex
1259 5080 1422 5150 epist.
1450 5079 1575 5147 148,
1599 5095 1762 5149 quam
1793 5079 1985 5134 simili-

425 5153 510 5198 ter
533 5148 812 5203 concludit
839 5149 1092 5220 Basilius.
1132 5149 1346 5220 sibique
1390 5150 1467 5202 ait
1510 5150 1564 5203 in
1604 5150 1808 5220 optatis
1838 5165 1982 5214 esse,

426 5222 663 5296 utcum,
691 5235 854 5296 quem
874 5217 1109 5287 Trajano
1136 5217 1572 5285 commendabat,
1595 5217 1771 5290 ipsius
1796 5220 1987 5274 laudes

423 5287 604 5358 vident
637 5290 1038 5358 praedicantem.

496 5356 749 5429 (46)Καὶ
803 5361 1044 5429 αὐτούς.
1097 5358 1425 5428 Conjunctio
1487 5359 1669 5415 addita
1722 5375 1787 5414 ex
1850 5359 1986 5413 Med.

426 5424 599 5499 Coisl.
629 5437 860 5499 utroque
888 5437 941 5481 et
972 5428 1103 5497 Reg.
1137 5424 1398 5484 secundo.

501 5496 611 5568 (47)
641 5496 798 5566 Πρὸς
842 5496 1138 5568 Εὐνόμιον
1184 5501 1292 5552 τὸν
1336 5501 1648 5568 αἱρετικόν.
1710 5498 1800 5552 Sic
1855 5513 1985 5551 mss.

430 5567 687 5648 gcx,.nisi
726 5567 872 5638 quod
906 5567 958 5648 in
979 5570 1200 5648 duobus
1233 5569 1324 5622 τόν
1348 5567 1517 5648 deest.
1546 5570 1684 5623 Editi
1718 5568 1986 5648 E9yopiq3.

434 5633 649 5695 Titulus
680 5633 840 5710 quem
872 5638 1124 5693 exhibent
1151 5654 1279 5694 mss.
1308 5640 1523 5696 codices
1558 5639 1807 5711 congruit
1838 5633 1990 5692 miri—

2090 3315 2262 3377 τιαίος
2296 3313 2608 3377 σπονδύλοις
2645 3314 2709 3366 ὲκ
2746 3310 2842 3364 τοῦ
2878 3310 3188 3383 βρέγματος
3223 3311 3318 3362 ἐπὶ
3349 3308 3411 3362 τὸ
3443 3309 3665 3377 οὐραῖον

2090 3409 2117 3460 ὁ
2142 3406 2335 3478 μυελὸς
2373 3405 2904 3477 συμπαρατείνεται·
2956 3406 3004 3457 εἰ
3033 3407 3099 3476 τῇ
3140 3404 3368 3475 περιοχῇ
3410 3399 3522 3471 (52)
3566 3399 3664 3453 τοῦ

2092 3499 2394 3570 νευρώδους
2423 3499 2620 3569 ὑμένος
2642 3539 2657 3563 ,
2683 3503 2796 3563 τοῖς
2829 3497 3170 3568 κινουμένοις
3211 3495 3399 3567 μέλεσι
3441 3494 3538 3563 τὴν
3568 3495 3666 3562 ὁρ-

2095 3589 2332 3660 μητικὴν
2376 3587 2618 3641 ἐνδίδωσι
2671 3586 2940 3658 δύναμιν·
2998 3588 3047 3640 εἰ
3101 3585 3250 3640 ἐστιν
3300 3588 3357 3640 ὲν
3397 3582 3547 3654 αὑτῷ
3603 3580 3668 3635 τὸ

2091 3677 2244 3753 ἧπαρ
2266 3721 2281 3745 ,
2323 3680 2418 3734 καὶ
2462 3681 2523 3732 τὸ
2567 3679 2850 3751 χοληδόχον
2897 3681 3118 3748 ἀγγεῖον
3154 3678 3246 3730 ἐπὶ
3285 3676 3377 3729 τοῦ
3415 3676 3624 3746 ἥπατος
3645 3689 3662 3704 ο

2092 3773 2280 3843 νεφροί
2331 3789 2391 3825 τε
2429 3772 2523 3824 καί
2570 3770 2767 3842 καρδία
2794 3809 2808 3833 ,
2851 3771 2943 3823 καὶ
2972 3769 3261 3840 ἀρτηρίαι,
3292 3767 3385 3821 κα).
3429 3764 3662 3835 φλέϐες,

2094 3864 2290 3935 ὑμένες
2316 3865 2410 3916 καὶ
2430 3864 2848 3934 διαφράγματα·
2878 3865 2928 3915 εί
2956 3862 3110 3932 ψιλόν
3143 3863 3312 3923 ἐστιν,
3347 3859 3381 3929 ἢ
3407 3857 3665 3929 τετρίχω-

2093 3974 2219 4009 ται·
2250 3959 2297 4009 εί
2327 3956 2630 4026 μονώνυχόν
2665 3955 2776 4024 (53)
2805 3955 3030 4025 ὲστιν,ἢ
3060 3952 3395 4023 πολυσχιδεῖς
3425 3948 3538 4020 ἕχεί
3566 3947 3670 4012 τὰς

2098 4047 2312 4116 βάσεις·
2346 4045 2508 4098 πόσον
2535 4045 2591 4098 δὲ
2637 4044 2741 4114 βιοῖ
2766 4045 2856 4097 τὸν
2904 4045 3124 4115 χρόνον,
3152 4043 3247 4095 καὶ
3291 4040 3374 4103 τίς
3418 4039 3601 4101 αὐτοῖς
3637 4039 3669 4091 ὁ

2098 4246 2199 4299 tice
2237 4242 2341 4312 ipsi
2385 4242 2649 4311 epistolae,
2692 4255 2854 4310 quam
2885 4240 3215 4312 perspicitur
3249 4239 3516 4312 adversus
3554 4235 3669 4312 Eu-

2097 4306 2631 4387 nomium_script_am
2666 4306 2810 4387 esse,
2842 4306 3061 4387 _v_el_e'x
3106 4311 3286 4378 aliqua
3332 4306 3668 4387 Basiliiad-

2096 4398 2293 4437 versus
2323 4377 2647 4436 Eunoinium
2676 4380 3090 4435 elucubratione
3122 4377 3429 4447 excerptam
3471 4377 3664 4431 fuisse.

2096 4453 2321 4506 Addunt
2362 4450 2495 4519 Reg.
2548 4452 2824 4505 secundus
2865 4461 2918 4505 et
2958 4451 3126 4504 Coisl.
3169 4446 3486 4519 recentior:
3520 4446 3663 4519 Ὅτι,

2106 4523 2238 4593 μηδὲ
2290 4521 2395 4599 τὴν
2438 4515 2532 4573 τοῦ
2584 4520 2874 4591 μύρμηκος
2922 4520 3082 4605 ιρύσιν
3134 4518 3514 4638 ὲπιστάῖενος,
3564 4515 3669 4587 τὴν

2106 4594 2274 4646 πάντα
2307 4606 2430 4644 νουν
2472 4590 2846 4655 ὑπερέχουσαν
2895 4589 3125 4655 δυναμιν
3184 4605 3345 4655 φυσιο
3379 4588 3525 4655 ογείν
3561 4586 3667 4638 ὲπ-

3379 4604 3525 4640 ογειν
3561 4604 3667 4638 επ-

2093 4661 2395 4732 εχείρησεν.
2446 4658 2620 4732 Quod,
2646 4658 2766 4714 cum
2798 4676 2861 4713 ne
2897 4658 3133 4732 formica:
3170 4658 3379 4732 quidem
3416 4666 3671 4709 naturam

2092 4728 2394 4801 cognoscat,
2423 4728 2486 4801 de
2517 4732 2795 4798 potestatis
2830 4746 3033 4801 omnem
3064 4728 3386 4783 intellectum
3411 4740 3671 4795 superau-

2092 4800 2163 4854 tis
2192 4810 2387 4854 natura
2418 4800 2676 4855 disserere
2700 4800 2996 4854 tentaverit.

2090 4939 2120 4992 λ
2160 4869 2274 4942 (48)
2306 4869 2662 4938 ιζροέὸαλεν.
2696 4872 2779 4925 Ita
2814 4868 2964 4924 Harl.
2996 4875 3051 4924 et
3075 4866 3213 4923 Med.
3245 4865 3390 4923 Editi
3419 4862 3665 4936 παρέϐα-

2122 4957 2199 4992 εν.

2122 4957 2199 4993 εν.

2163 5009 2275 5078 (49)
2302 5007 2405 5062 Διά
2435 5007 2574 5078 τῆς.)
2609 5017 2687 5063 ιιιι
2727 5015 2838 5065 tres
2870 5006 3227 5078 vetustissimi
3271 5004 3492 5060 codices
3528 5018 3659 5059 cum

2091 5080 2303 5134 duobus
2335 5077 2646 5147 aliis.iEditi
2676 5077 2764 5147 διὰ
2790 5077 3011 5147 ταύτης.

2168 5149 2279 5218 (50)
2318 5149 2387 5202 Τὸ
2420 5146 2611 5217 σῶμα.
2646 5145 2784 5203 Tres
2809 5141 3031 5203 codices
3064 5144 3425 5201 vetustissimi
3458 5141 3536 5214 τῷ
3565 5142 3670 5196 σώ-

2101 5235 2280 5367 μαςὲξ)
2314 5286 2509 5367 θέσις.
2543 5286 2797 5367 Sic~mss.
2827 5296 3053 5356 septem.
3090 5283 3234 5339 Editi
3263 5302 3444 5354 φυσις.

2166 5352 2279 5427 (52)
2316 5356 2394 5424 Τῇ
2423 5356 2695 5425 περιοχῇ.
2737 5357 2830 5411 Sic
2863 5352 2995 5412 mss.
3034 5372 3129 5411 sex
3158 5370 3257 5425 pro
3278 5352 3348 5410 eo
3373 5353 3521 5425 quod
3548 5361 3673 5408 erat

2097 5428 2685 5499 ἱιιᾼθάὶιίεήπεριοχήο
2812 5495 2838 5499 ᾖ
2921 5496 2932 5499 _
3076 5495 3087 5499 _
3534 5487 3629 5499 --

2164 5497 2276 5568 (55)
2310 5493 2774 5568 Εὶμονῶνῖιχον.
2799 5495 3128 5568 Conjtlnctio
3151 5495 3452 5568 _addita_ex
3496 5493 3674 5568 pluri-

2094 5564 2195 5622 bus
2226 5564 2355 5621 mss.
2392 5564 2559 5620 Paulo
2611 5564 2731 5636 past
2775 5566 2905 5622 editi
2941 5567 3059 5619 ἐπεὶ
3093 5566 3278 5618 πόσον.
3329 5565 3459 5620 Mss.
3506 5572 3563 5616 ut
3614 5564 3672 5615 in

2093 5646 2260 5692 textu.
