3870 6218
148 265 251 325 SBI

1070 278 1561 339 EPISTOLARUM
1598 283 1887 340 CLASSIS
1924 284 1967 342 I.
2004 283 2227 342 EPIST.
2267 282 2453 341 XVIII.

3320 288 3429 345 282

150 388 358 460 τρόπος
400 387 502 459 τῆς
543 388 605 455 ἐξ
661 390 909 464 ἀλλήλων
954 395 1265 467 γεννήσεως
1293 418 1306 430 ι
1351 401 1444 453 ἐπὶ
1495 401 1662 455 πόσον
1693 402 1744 456 δὲ

1859 401 2128 471 quomodo
2183 402 2304 458 alim
2366 403 2502 459 alias
2568 403 2829 476 gignant;
2879 406 3123 479 quandiu
3183 417 3426 479 gestetur

152 481 436 535 κυΐσκεται
464 483 528 535 τὸ
550 485 890 555 τικτόμενον,
920 488 1017 542 καὶ
1051 489 1169 555 πῶς
1189 489 1313 545 οὔτε
1339 492 1492 556 πεζοὶ
1531 494 1731 558 πάντες

151 571 203 625 oi.
240 571 561 646 μύρμηκες,
601 575 725 629 οὔτε
771 578 1069 652 ὑπόπτεροι
1114 583 1351 647 πάντες,
1390 585 1505 639 ἀλλ’
1535 589 1582 640 oi
1630 588 1730 658 μὲν

153 661 261 716 τῶν
286 666 465 736 χαμαὶ
497 667 808 739 ἐρχομένων
834 670 989 736 εἰσὶν,
1016 672 1065 724 οἱ
1096 672 1152 725 δὲ
1181 674 1411 746 διαέριοι
1451 676 1729 747 φέρονται.

167 752 224 806 '0
251 753 430 808 τοίνυν
458 756 566 811 τῶν
602 757 772 812 ὄντων
797 761 896 832 τὴν
928 761 1131 830 γνῶσιν
1163 765 1558 836 ὲπικομπάζων
1596 767 1737 832 τέως

154 845 251 917 τὴν
270 844 367 899 τοῦ
402 846 693 920 μύρμηκος
718 850 879 920 φύσιν
908 853 1118 907 εἰπάτω
1138 872 1152 884 ·
1186 853 1289 908 εἷθ’
1318 856 1462 912 οὕτω
1488 859 1739 928 φυσιολοο

156 938 320 1006 γείτω
352 939 453 1011 τὴν
492 943 671 996 πάντα
713 944 837 998 νοῦν
883 947 1262 1017 ὑπερέχουσαν
1305 948 1555 1021 δύναμιν.
1584 953 1647 1006 Ei
1682 952 1740 1007 δὲ

156 1028 249 1083 τοῦ
297 1030 641 1103 βραχυτάτου
708 1036 998 1108 μύρμηκος
1066 1039 1220 1094 οὐπω
1289 1041 1612 1112 περιέλαϐες
1670 1045 1737 1114 τῇ

156 1119 351 1187 γνώσει
389 1124 491 1195 τὴν
518 1125 715 1194 φύσιν,
747 1128 864 1193 πῶς
904 1130 1002 1201 τὴν
1034 1132 1422 1204 ἀκατάληπτον
1464 1134 1558 1188 τοῦ
1603 1134 1737 1189 Θεοῦ

157 1209 385 1282 δύναμιν
413 1214 777 1286 μεγαλαυχεῖς
805 1219 1174 1288 φαντάζεσθαι
1195 1238 1208 1250 ’

730 1453 1077 1507 ΕΠΙΣΤΟΛΗ
1108 1457 1205 1509 ΙΖ’.

1838 492 2015 558 fetus,
2060 502 2114 548 et
2160 494 2437 564 quomodo
2488 512 2665 566 neque
2722 514 2915 555 omnes
2958 500 3198 556 formicae
3249 504 3428 572 pede-

1839 593 1982 640 stres
2063 585 2215 650 sint,
2281 601 2464 657 neque
2532 579 2727 644 omnes
2779 590 2969 655 alataa,
3042 592 3140 646 sed
3241 609 3428 662 repen-

1841 678 1989 733 tibus
2037 677 2187 732 humi
2238 679 2386 743 aliis,
2433 679 2552 735 alia:
2594 697 2692 751 per
2751 697 2931 737 aerem
3009 683 3275 741 ferantur.
3321 684 3427 752 Qui

1839 781 1972 835 ergo
2002 764 2069 819 de
2098 780 2288 821 eorum
2328 784 2451 837 quae
2475 780 2603 824 sunt
2630 772 2942 841 cognitione
2976 774 3258 844 gloriatur,
3296 775 3428 830 inte-

1844 855 1945 908 rim
1988 855 2234 912 formicae
2287 860 2449 914 nobis
2497 862 2730 930 explicet
2786 873 3077 929 naturam;
3137 872 3299 934 atque
3352 867 3426 920 ita

1844 945 2065 1001 demum
2094 947 2217 1017 ejus
2250 953 2558 1018 potestatis,
2583 968 2703 1022 qua:
2722 953 3059 1009 intellectum
3090 971 3305 1010 omnem
3334 972 3429 1012 su-

1849 1048 2036 1106 perat,
2105 1048 2362 1095 naturam
2423 1051 2724 1100 scrutetur.
2777 1045 2933 1112 Quod
2956 1048 2999 1100 si
3048 1049 3429 1105 minutissima:

1847 1129 2089 1184 formica:
2141 1140 2394 1186 naturam
2456 1135 2703 1190 nondum
2756 1139 3070 1208 cognitione
3126 1140 3430 1209 apprehen-

1846 1220 1998 1282 disti,
2050 1223 2330 1291 quomodo
2384 1225 2992 1297 incomprehensibilem
3033 1229 3127 1285 Dei
3175 1244 3429 1287 naturam

1851 1310 2246 1382 imaginatione
2272 1323 2364 1370 tua
2395 1319 2845 1388 comprehensam
2879 1336 3002 1379 esse
3034 1322 3326 1393 gloriaris?

2318 1438 2691 1524 'EPlSTOLA
2727 1468 2913 1526 xwr.

162 1558 343 1610 laudat
366 1559 584 1612 Basilius
608 1560 833 1627 Origenis
853 1562 1038 1627 scriptu
1064 1570 1116 1615 et
1140 1563 2000 1691 suscepta’tsrlihaerg’qg;gffegsimgm
2026 1588 2044 1629 ξ
2068 1584 2433 1689 pexecutorum
2460 1581 2688 1646 praedicit
2727 1582 2928 1637 exitium
2951 1600 2969 1638 :
2998 1585 3196 1653 Origeni
3233 1586 3432 1655 ejusque

1724 1646 1754 1680 ιι
1814 1647 1849 1681 n
1866 1648 1948 1683 ma
1980 1650 2126 1691 preca
2179 1654 2222 1689 r.

1814 1647 1948 1683 nmza
1980 1647 2222 1700 precatur.

752 1711 1027 1782 Ὠριτένει
1055 1712 1191 1783 (54).

2520 1728 2756 1803 Origem'.

224 1821 336 1877 Καὶ
371 1822 707 1893 ἀκουόμενος
745 1823 1077 1895 εὐφραίνεις,
1110 1825 1205 1879 καὶ
1234 1826 1743 1899 ἀναγινωσκόμενος

1924 1835 1989 1890 Et
2023 1836 2152 1892 dum
2212 1840 2444 1906 audiris,
2489 1843 2771 1912 oblectas;
2826 1854 2880 1902 et
2913 1848 3042 1904 dum
3084 1851 3301 1921 legeris,
3333 1866 3434 1922 per

154 1909 224 1964 δι’
244 1905 321 1965 ὧν
369 1913 606 1983 γράφεις
641 1914 1034 1985 ὲνεργεστέρας
1058 1913 1171 1984 (55)
1198 1915 1328 1985 ἡμῖν
1357 1916 1620 1988 παρέχεις
1651 1919 1745 1971 εὐ-

157 2002 450 2074 φροσύνας.
479 2004 590 2056 Καὶ
619 2005 781 2075 χάρις
803 2005 973 2076 πολλὴ
993 2004 1072 2074 τῷ
1094 2006 1284 2076 ἁγαθῷ
1306 2007 1446 2078 Θεῷ,
1470 2008 1550 2078 τῷ
1579 2010 1744 2080 μηδὲν

157 2091 526 2164 ἐλαττωθῆναι
559 2096 849 2165 ποιήσαντι
878 2094 979 2167 τὴν
1004 2094 1262 2166 ἀλήθειαν
1293 2100 1352 2151 ὲν
1380 2102 1447 2170 τῇ
1483 2101 1744 2172 προδοσίᾳ

156 2186 265 2240 τῶν
294 2185 473 2257 δῆθεν
493 2188 1002 2259 ὑπερκρατοῦντων,
1037 2188 1171 2242 ἀλλά
1206 2189 1274 2242 δι’
1308 2191 1462 2261 ὑμῶν
1498 2192 1610 2262 (56)
1644 2194 1745 2265 τὴν

158 2279 487 2349 συνηγορίαν
508 2278 603 2331 τοῦ
632 2279 793 2348 λόγου
825 2280 926 2351 τῆς
960 2280 1241 2345 εὐσεϐείας
1269 2282 1741 2355 άναπληρώσαντι.

170 2368 399 2421 Ἐκεῖνοι
436 2369 535 2439 μὲν
564 2366 678 2434 οὖν,
718 2371 793 2434 ὡς
828 2371 891 2424 τὺ
919 2370 1163 2437 κώνειον,
1194 2372 1227 2443 ἦ
1258 2373 1320 2425 τὸ
1349 2374 1617 2438 ἀκόνιτον,
1651 2377 1746 2431 καὶ

157 2458 210 2511 εί
229 2477 314 2524 τις
333 2459 471 2531 άλλη
504 2462 825 2532 ἀνδροφόνος
853 2462 1071 2534 βοτάνη,
1102 2464 1240 2536 πρὸς
1265 2465 1445 2533 ὀλίγον
1471 2466 1744 2539 ἀνθήσαν-

156 2566 262 2617 τες,
296 2553 438 2623 ταχὺ
472 2552 1036 2625 ἀποξηρανθήσονται.
1075 2557 1235 2628 Ὑμῖν
1280 2558 1337 2612 δὲ
1389 2560 1622 2632 ἀνθηρὸν
1652 2565 1747 2617 καὶ

156 2641 241 2694 ἀεὶ
265 2643 394 2696 νέον
414 2644 443 2695 6
468 2642 671 2714 Κύριος
700 2645 791 2698 τὸν
823 2646 1013 2717 μισθὸν
1033 2646 1144 2700 τῶν
1185 2648 1328 2721 ὑπὲρ
1352 2648 1447 2703 τοῦ
1481 2652 1747 2723 ὀνόματος

156 2734 321 2788 αὐτοῦ
373 2734 721 2806 λαληθέντων
764 2737 1010 2809 παρέξει.
1048 2740 1189 2793 ’Δνθ’
1223 2734 1296 2793 ὧν
1331 2743 1428 2795 καὶ
1474 2744 1747 2816 παράσχοι

158 2823 282 2892 ὑμῖν
314 2824 345 2876 6
373 2824 584 2895 Κύριος
614 2827 794 2881 πᾶσαν
819 2826 1075 2897 εὐθηνίαν
1104 2828 1275 2893 οἴκου,
1306 2829 1400 2882 καὶ
1437 2830 1517 2893 είς
1552 2832 1747 2896 παῖδας

157 2916 361 2970 παίδων
393 2916 497 2988 τὴν
523 2917 770 2987 εὐλογίαν
810 2919 1147 2975 διαϐιϐάσαι.
1184 2920 1266 2974 Τὰ
1291 2922 1348 2975 δὲ
1387 2923 1748 2991 εὐγενέστατα

158 3006 363 3072 παιδία,
401 3009 531 3072 τοὺς
562 3011 814 3082 ἐναργεῖς
857 3011 958 3082 τῆς
1020 3013 1122 3083 σῆς
1172 3014 1536 3085 χρηστότητος
1571 3033 1748 3088 χαρα-

155 3099 389 3171 κτῆρας,
420 3095 561 3154 εἶδον
587 3102 759 3172 ἡδέως
784 3105 876 3158 καὶ
899 3106 1372 3178 περιεπτυξάμην,
1396 3106 1492 3159 καὶ
1517 3105 1746 3179 εὔχομαι

155 3191 335 3256 αὐτοῖς
364 3192 474 3245 ὅσα
499 3190 566 3246 ἂν
598 3194 758 3258 αὐτὸς
783 3196 812 3247 6
832 3196 1016 3268 πατὴρ
1039 3195 1190 3270 εὔξῃ.

613 3319 624 3330 ’
731 3352 1075 3405 ΕΠΙΣΤΟΑΠ
1096 3353 1203 3407 lH'.

1850 1925 2056 1995 scripta
2100 1928 2295 1999 majori
2332 1946 2434 1986 nos
2477 1931 2644 1989 aﬂicis
2697 1936 2899 1991 Imtitia.
2938 1937 3014 1992 Ac
3059 1937 3169 1995 Deo
3210 1940 3431 2011 quidem

1849 2018 2056 2087 optimo
2078 2021 2267 2089 gratia:
2297 2025 2499 2089 multae,
2539 2028 2632 2097 qui
2671 2029 2820 2091 fecit,
2864 2037 2922 2083 ut
2956 2031 3088 2085 nihil
3119 2032 3432 2088 detrimenti

1851 2109 2123 2178 acciperet
2163 2113 2369 2170 veritas
2409 2132 2473 2171 ex
2521 2133 2709 2172 eorum
2764 2121 3100 2189 proditione,
3134 2123 3228 2192 qui
3278 2138 3432 2177 sum-

1854 2215 1999 2255 mam
2040 2203 2293 2260 videlicet
2321 2215 2645 2277 potestatem
2688 2211 2889 2266 habent
2920 2231 2935 2268 :
2966 2215 3060 2267 sed
3090 2230 3185 2283 per
3214 2230 3312 2270 vos
3334 2215 3432 2269 de-

1852 2290 2153 2347 fensionem
2176 2295 2440 2353 doctrinae
2466 2301 2713 2357 veritatis
2741 2302 2854 2376 96
2884 2305 3147 2374 implevit.
3196 2303 3274 2360 Illi
3309 2307 3435 2376 qui-

1852 2381 1975 2437 dem
2011 2385 2158 2438 velut
2198 2387 2378 2442 cicuta
2410 2399 2504 2443 aut
2557 2394 2857 2460 aconitum,
2885 2402 2940 2449 et
2979 2397 3028 2450 si
3077 2412 3183 2466 qua
3217 2405 3302 2453 est
3326 2398 3431 2453 alia

1851 2474 2088 2531 exitialis
2121 2477 2311 2541 herba,
2338 2480 2491 2536 brevi
2526 2492 2770 2554 tempore
2799 2472 3261 2555 cum'ﬂoruerint,
3284 2491 3431 2546 illico

1851 2573 2193 2621 exarescent.
2233 2566 2404 2623 Vobis
2447 2587 2576 2627 vero
2626 2572 2891 2631 Dominus
2936 2579 3241 2633 mercedem
3276 2580 3428 2635 ε·ίίιο-

1853 2663 2156 2712 rescentem
2182 2673 2249 2713 ac
2289 2675 2505 2734 semper
2530 2680 2728 2723 novam
2760 2667 2830 2721 ob
2859 2682 2943 2732 ea,
2973 2683 3093 2738 qua}
3125 2685 3227 2740 pro
3253 2670 3430 2741 ipsius

1853 2746 2074 2801 nomine
2096 2748 2263 2803 locuti
2291 2753 2448 2814 estis,
2474 2754 2757 2827 largietur.
2788 2756 3019 2828 Propter
3034 2777 3156 2829 qua:
3191 2759 3283 2816 det
3321 2777 3434 2817 vo-

1852 2833 1938 2889 bis
1972 2834 2237 2895 Dominus
2264 2846 2320 2894 et
2352 2845 2772 2914 prosperitatem
2800 2863 3015 2901 omnem
3048 2848 3429 2917 domesticam,

1853 2932 1907 2980 et
1932 2925 1988 2980 in
2025 2926 2169 2984 ﬁlios
2191 2928 2426 2987 ﬁliorum
2460 2935 2900 2995 benedictionem
2931 2941 3284 2996 transmittat.
3310 2941 3432 2998 Cae-

1852 3024 2032 3073 terum
2056 3021 2262 3078 liberos
2311 3032 2438 3083 tuos
2481 3029 2888 3096 nobilissimos,
2933 3048 3249 3103 expressam
3276 3033 3432 3088 boni-

1854 3110 1983 3167 tatis
2045 3121 2151 3169 tua:
2195 3114 2447 3187 eIIigiem,
2500 3120 2615 3176 vidi
2656 3122 2890 3178 libenter
2944 3135 3106 3194 atque
3149 3123 3432 3194 amplexus

1769 3183 1813 3240 (ἶ
1845 3216 1990 3268 sum,
2032 3183 2341 3278 precorque
2382 3183 2493 3268 illis
2528 3212 2793 3285 quidquid
2824 3215 2940 3286 ipse
2976 3183 3130 3285 pater
3155 3183 3428 3285 precetur.

2332 3362 2669 3422 EPISTULA
2709 3367 2937 3426 XVIII“.

156 3466 395 3517 Hortatur
425 3462 640 3515 Basilius
664 3463 937 3516 Macarium
957 3472 1003 3518 et
1030 3469 1471 3549 Joannemgutjpf
1494 3464 2133 3549 ζςξῃιξίίξίωξίίὲίίαφ-εᾳιᾳ
2167 3488 2261 3526 non
2294 3476 2439 3549 fallit,
2464 3494 2549 3531 nec
2571 3480 2833 3545 potentium
2870 3482 3032 3545 minis,
3072 3499 3157 3538 nec
3197 3486 3430 3549 falson"

1195 3528 1467 3580 amicorum
1497 3528 1753 3592 vituperiis
1783 3541 1815 3579 a
1840 3528 2015 3594 pietate
2036 3528 2388 3589 deterreantur.

514 3613 796 3681 Μακαρίῳ
826 3612 938 3684 (5'7)
984 3614 1084 3667 καί
1124 3614 1393 3683 Ἰωάννῃ.

219 3724 358 3780 Οὔτε
392 3726 686 3795 γεωργοὺς
711 3726 761 3777 οί
795 3725 937 3779 κατά
968 3726 1243 3797 γεωργίαν
1284 3724 1548 3790 ξενίζουσι
1571 3725 1749 3789 πόνοι,

156 3817 274 3871 οὔτε
312 3820 554 3880 ναύταις
593 3818 623 3869 6
665 3817 805 3870 κατὰ
847 3817 1123 3872 θάλασσαν
1167 3817 1373 3889 χειμὼν
1404 3818 1748 3890 ἀπροσδόκη-

155 3927 263 3974 τος,
282 3911 416 3965 οὔτε
446 3912 565 3973 τοῖς
600 3910 989 3981 μισθαρνοῦσιν
1021 3913 1049 3963 6
1072 3910 1282 3981 θερινὸς
1310 3910 1420 3981 (58)
1450 3908 1612 3980 ἱδρὼς
1640 3927 1748 3963 πα-

159 4004 400 4074 ράδοξος,
426 4001 557 4055 οὔτε
585 4002 690 4072 μὴν
715 4004 827 4065 τοῖς
852 4001 1090 4065 εὐσεϐῶς
1115 4002 1213 4073 ζῇν
1236 4001 1508 4072 ἑλομένοις
1532 4003 1587 4055 αἱ
1609 4000 1762 4055 κατὰ.

158 4093 246 4147 τὸν
275 4094 565 4148 ἐνεστῶτα
603 4092 806 4163 κόσμον
847 4092 1053 4162 θλίψεις
1091 4093 1413 4165 ἀμελέτητοι
1440 4093 1570 4163 (59).
1609 4092 1749 4145 Ἀλλ’

159 4187 368 4257 ἑκάστῳ
410 4186 528 4240 τῶν
576 4184 880 4255 εἰρημένων
933 4187 1131 4247 οἰκεῖος
1180 4185 1272 4238 καὶ
1315 4183 1591 4256 γνώριμος
1638 4187 1752 4248 τοῖς

160 4278 403 4349 μετιοῦσι
446 4275 804 4342 συνέζευκται
848 4278 1038 4340 τιόνος·
1075 4277 1139 4329 οὐ
1180 4277 1249 4330 δι’
1270 4277 1462 4331 ἑαυτὸν
1510 4277 1747 4350 αἱρετὸς,

2364 3623 2605 3680 Macario
2632 3634 2682 3680 et
2710 3627 2929 3682 Joanm'.

1922 3728 2110 3802 Neque
2148 3733 2403 3804 agricolis
2456 3737 2803 3805 agriculturae
2842 3742 2964 3795 novi
3010 3750 3139 3797 sunt
3185 3744 3424 3813 labores,

1855 3835 2032 3908 neque
2066 3826 2255 3880 nautis
2293 3826 2469 3899 pelagi
2497 3835 2794 3898 tempestas
2829 3830 3220 3903 inexspectata,
3247 3851 3427 3908 neque

1856 3904 2123 3981 operariis
2174 3919 2423 3972 mercede
2494 3920 2784 3978 conductis
2850 3924 3072 3979 mstivus
3131 3927 3299 3982 sudor
3335 3904 3429 3984 in-

1857 4003 2082 4070 solitus;
2110 4020 2211 4059 nec
2240 4007 2487 4075 profecto
2506 4009 2613 4071 his,
2636 4013 2731 4080 qui
2762 4011 2906 4082 piam
2938 4014 3104 4068 vitam
3124 4016 3424 4086 elegerunt,

1857 4093 2047 4147 mundi
2080 4096 2241 4165 hujus
2270 4098 2490 4154 afﬂictio
2513 4100 2831 4171 improvisa.
2867 4102 2970 4158 Sed
3010 4106 3302 4178 unicuique
3332 4123 3429 4164 eo-

1855 4196 1999 4247 rum,
2040 4199 2178 4254 qnos
2204 4185 2465 4255 diximus,
2495 4191 2754 4260 proprius
2782 4208 2845 4248 ac
2869 4202 3032 4249 notus
3065 4205 3235 4253 artem
3271 4213 3428 4255 exer-

1854 4276 2109 4332 centibus
2153 4279 2447 4350 adjunctus
2475 4291 2558 4337 est
2579 4283 2764 4353 labor;
2790 4302 2896 4341 non
2932 4290 3024 4344 ille
3046 4291 3264 4361 quidem
3295 4309 3427 4364 pro-

159 4368 289 4423 ἀλλά
303 4371 373 4423 δι’
398 4368 712 4424 ἀπόλαυσιν
736 4368 952 4437 ἀγαθῶν
985 4369 1470 4439 προσδοκωμένων.
1506 4369 1744 4433 Ἐλπίδες

1859 4373 1977 4433 pter
2017 4382 2077 4422 se
2116 4368 2422 4439 eligendus.
2457 4372 2549 4427 sed
2589 4374 2654 4427 ad
2691 4375 2956 4431 bonorum
2989 4389 3428 4449 exspectatorum

158 4463 279 4534 γάρ,
313 4463 507 4516 πάντα
538 4461 630 4514 τὸν
658 4460 767 4513 τῶν
793 4460 1093 4532 ἀνθρώπων
1133 4462 1451 4532 συνέχουσαι
1476 4463 1569 4516 καὶ
1603 4479 1750 4531 συγ-

158 4556 453 4623 κρατοῦσαι
479 4554 619 4624 βίον,
652 4553 753 4625 τὴν
779 4555 863 4625 ἐφ’
892 4555 1107 4625 ἑκάστῳ
1136 4554 1341 4608 τούτων
1361 4554 1749 4626 παραμυθοῦν-

157 4663 240 4699 ται
284 4646 611 4701 δυσκολίαν,
640 4644 761 4698 Τῶν
797 4645 896 4716 μὲν
926 4640 1019 4698 οὖν
1054 4646 1194 4717 ὑπὲρ
1226 4646 1331 4716 γῆς
1362 4647 1587 4718 καρπῶν
1615 4645 1748 4718 (60),

159 4738 193 4811 ἦ
222 4742 330 4797 τῶν
358 4741 516 4798 κατὰ
542 4742 645 4813 γῆν
671 4740 976 4795 πονούντων
999 4742 1050 4794 οί
1089 4742 1185 4812 μὲν
1216 4741 1562 4796 παντάπασιν
1588 4738 1749 4811 ἐψεύ-

229 4855 344 4924 (54)
388 4853 704 4923 Ὠριγένει.
738 4851 883 4907 Editi
908 4852 1117 4908 addunt
1144 4853 1473 4926 πρόρρησις,
1503 4870 1623 4926 quae
1642 4871 1746 4910 vox

163 4924 309 4997 deest
336 4928 393 4983 in
442 4930 1135 4997 gex_mss._et_corrupte
1180 4924 1474 4997 inmodice
1519 4925 1752 4997 insignis

165 4994 423 5052 Ecclesiae
450 4993 788 5055 Parisiensis
821 4995 901 5050 sic
942 4994 1139 5064 legitur
1160 4993 1518 5067 πρόσρρησις.

229 5087 340 5158 (55)
383 5086 874 5158 Ἐζεζργεστέρας.
908 5082 1000 5158 _Sic
1020 5095 1251 5158 uterque
1286 5085 1480 5152 Coisl.,
1515 5085 1665 5146 Harl.
1700 5099 1754 5149 et

165 5154 270 5213 duo
295 5154 423 5217 alii.
454 5154 603 5209 Edili
630 5155 1051 5227 ἐναργεστέρας.

229 5247 346 5312 (56)
382 5249 471 5301 Δι’
719 5248 796 5319 Δι’
828 5248 982 5319 ἡμῶν
1009 5247 1160 5302 Harl.
1184 5258 1237 5303 et
1258 5249 1425 5305 Coisl.
1450 5250 1678 5318 primus.

230 5320 343 5389 (57)
376 5316 998 5389 Maxqplm.__Quiiique
1047 5319 1286 5382 codices,
1331 5316 1536 5389 nempe
1577 5320 1752 5385 Harl..

167 5384 293 5447 aea.
323 5384 657 5449 secundus,
707 5386 851 5445 Vat..
883 5384 1086 5449 νοτίς..
1122 5390 1291 5444 Coisl.
1330 5384 1606 5445 secundus
1632 5384 1756 5445 Ma?-

169 5459 352 5530 κρίνῳ.
391 5458 541 5530 Reg.
569 5460 778 5526 primus
804 5458 1087 5530 Μαχρίνῳ.
1129 5458 1234 5514 Sed
1267 5469 1445 5513 tamen
1478 5463 1605 5529 quia
1635 5465 1754 5515 vul-

169 5528 628 5598 gata’scriptura
673 5528 985 5598 exstatiin'
1022 5528 1422 5598 antiquissimis
1471 5528 1754 5586 codicibus

170 5598 519 5654 Coisliniano
547 5597 726 5665 primo
757 5606 811 5652 et
839 5597 1112 5663 Medicam,
1148 5597 1283 5653 nihil
1309 5601 1658 5656 mutavimus.

236 5688 348 5747 (58)
381 5687 660 5755 Θερινός.
703 5683 852 5741 Hanc
894 5703 1080 5743 vocem
1122 5688 1428 5745 addidimus
1460 5705 1525 5745 ex
1555 5690 1757 5747 codici-

1857 4454 2293 4524 perfruitionem.
2339 4458 2474 4530 Spes
2505 4463 2798 4532 siquidem,
2843 4483 2965 4536 quae
3002 4467 3282 4524 hominum
3317 4486 3431 4526 om-

1856 4561 1981 4600 nem
2012 4549 2293 4604 continent
2318 4565 2382 4605 ac
2414 4554 2735 4608 consociant
2758 4556 2946 4621 vitam,
2975 4558 3193 4614 insitam
3218 4563 3431 4618 unicui-

1857 4654 1963 4710 que
1995 4640 2186 4696 harum
2228 4658 2410 4699 rerum
2446 4644 2815 4702 diﬂicultatem
2850 4641 3224 4706 consolantur.
3251 4653 3431 4723 Atque

1855 4746 1923 4787 ex
1977 4733 2046 4789 iis
2074 4735 2316 4805 quidem,
2352 4737 2446 4808 qui
2475 4753 2575 4809 pro
2614 4746 2774 4796 terrae
2815 4740 3085 4801 fructibus
3132 4752 3225 4799 aut
3265 4747 3428 4802 rebus

1859 4845 1964 4901 bus
2006 4846 2179 4903 Coisl.
2226 4850 2425 4920 primo,
2476 4852 2618 4909 Med.
2672 4861 2727 4911 et
2768 4854 3030 4922 Clarom.,
3064 4855 3252 4928 sicque
3298 4858 3430 4930 legit

1859 4914 2158 4969 Scultetns.

1901 4925 2158 4975 (ευιιθιιιε.

1929 4987 2044 5059 (59)
2072 4992 2211 5044 Αἱ...
2241 4991 2487 5063 θλίψεις
2511 4992 2878 5063 ἀμελέτητοι.
2921 4993 3073 5051 Harl.
3105 5006 3158 5052 et
3189 5006 3301 5054 tres
3336 5014 3428 5055 co-

1860 5054 2386 5137 dices'recentiore's
2420 5054 2524 5134 ήξ..
2544 5054 3114 5137 ίθλίψιςάμελέτητος.
3145 5068 3237 5124 Sic
3261 5054 3424 5123 etiam

1859 5129 2024 5209 paulo
2048 5138 2171 5199 post
2193 5132 2330 5185 retin
2340 5129 2518 5209 uinius
2544 5135 2641 5209 has
2661 5129 2848 5209 voces,
2876 5129 3000 5209 τοῖς
3012 5129 3282 5209 μετιοῦσι,
3306 5155 3427 5209 quae

1859 5198 2243 5276 desiderantur
2297 5203 2515 5276 quidem
2561 5203 2616 5257 in
2662 5204 2851 5276 codice
2894 5198 3043 5260 Harl.
3094 5216 3148 5262 et
3191 5198 3427 5276 quatbor

1861 5269 2282 5347 recen_tioribus;
2315 5269 2391 5326 ὀι
2438 5274 2493 5327 in
2544 5273 2932 5330 vetustissimis
2974 5276 3141 5347 Coisl.
3187 5269 3241 5332 et
3282 5279 3425 5335 Med.

1860 5352 1970 5393 non
1999 5339 2215 5394 desunt.
2980 5346 2983 5347 '
3472 5366 3473 5369 η

1936 5408 2047 5478 (60)
2093 5410 2260 5477 Ὑπὲρ
2306 5410 2418 5480 γῆς
2469 5411 2750 5486 κᾳρπῶνη
2790 5413 3047 5486 Displicet
3102 5416 3429 5474 Combeilsio

1861 5488 2137 5558 postrema
2164 5496 2291 5545 vox,
2334 5497 2398 5536 ac
2427 5484 2552 5553 legit
2578 5483 2915 5553 καμνόντων,
2951 5487 3046 5542 sed
3070 5502 3296 5558 prorsus
3322 5490 3428 5545 im-

1864 5552 2077 5605 merito.

1935 5622 2131 5696 f‘Alias
2162 5619 2576 5696 (ξςριέχξχιγ.
2609 5624 2822 5696 Scripta
2854 5626 3158 5694 imperante
3188 5627 3427 5689 Julianc.

1938 5692 1976 5714 "
2003 5693 2152 5747 Alias
2182 5690 2356 5749 CCXI.
2392 5690 2606 5765 Scripta
2636 5690 2850 5751 videtur
2876 5690 2978 5753 sub
3010 5697 3249 5764 Juliano,
