3870 6218
455 284 571 344 283

1806 253 1867 347 ἐξ
1890 253 2167 347 ’ΒΑειιιιι-
2192 287 2422 345 iii-Acm-

452 403 692 459 terrenis
721 404 1012 469 desudant,
1044 400 1182 461 alios
1201 419 1329 475 spes
1347 405 1573 461 omnino
1592 404 1867 461 frustratae
1889 414 2032 473 sunt,

2149 406 2352 475 σθησαν
2396 400 2507 457 τῶν
2556 400 2841 467 ἐλπίδων,
2864 396 3027 472 μέχρι
3070 396 3239 469 μόνης
3285 396 3582 467 φαντασίας
3624 400 3746 451 τὼν

455 508 581 547 cum
601 494 934 562 cogitatione
964 504 1124 552 tenus
1183 497 1516 566 exspectatis
1578 497 1738 567 potiti
1795 503 2037 555 essent:

455 583 661 651 quibus
691 594 873 639 autem
903 587 1068 641 etiam
1099 600 1164 641 ex
1194 585 1467 641 sententia
1493 586 1764 656 processit
1788 594 2039 649 eventus,

458 676 530 731 iis
561 691 661 746 spe
699 674 871 734 altera
910 680 1106 733 iterum
1166 694 1305 749 opus
1341 677 1467 741 fuit,
1518 678 1934 748 praeterlabente
1977 692 2043 732 ac

374 812 385 823 .
459 775 838 824 marcescente
886 769 1141 826 celeriter
1188 771 1391 841 priore.
1429 768 1628 825 Verum
1670 769 1738 825 iis
1767 769 1901 825 solis
1948 771 2043 840 qui

458 874 561 927 pro
592 859 793 928 pietate
840 861 1115 926 laborant,
1148 877 1249 916 nec
1284 861 1629 916 mendacium
1672 860 1907 916 abolevit
1948 876 2044 915 ex-

459 950 880 1018 spectationem,
913 966 1015 1006 nec
1053 950 1180 1006 finis
1207 951 1422 1006 labores
1447 949 1822 1015 labefactavit,
1856 949 2042 1006 stabili

461 1055 527 1096 ac
563 1041 721 1096 firmo
751 1042 1059 1112 excipiente
1098 1044 1363 1100 ccelorum
1414 1058 1602 1114 regno.
1627 1041 1738 1097 Vos
1771 1056 1901 1113 ergo
1931 1057 2041 1097 non

419 1160 423 1165 τ
461 1133 755 1189 conturbet
771 1134 1006 1189 mendax
1038 1134 1333 1197 calumnia,
1364 1148 1466 1189 nec
1494 1134 1656 1188 minae
1676 1141 1919 1189 terreant
1950 1150 2041 1189 eo-

424 1238 605 1288 'rum,
640 1225 733 1295 qui
772 1240 1043 1281 summam
1098 1233 1423 1296 potestatem
1467 1225 1702 1293 habent;
1734 1240 1842 1280 non
1896 1226 2041 1283 risus

459 1315 748 1371 contristet
776 1324 870 1371 aut
897 1316 1224 1371 contumelia
1256 1314 1629 1379 familiarium,
1658 1331 1757 1371 nec
1785 1316 2041 1372 condem-

459 1406 611 1460 natio
660 1406 729 1462 ab
788 1407 1106 1466 hominibus
1158 1422 1346 1461 curam
1407 1415 1461 1461 et
1515 1406 1758 1462 Studium
1824 1424 1935 1478 prae
1982 1426 2041 1465 se

459 1494 783 1561 ferentibus.
830 1512 861 1551 a
912 1498 1114 1567 quibus
1172 1498 1474 1553 fortissima
1528 1498 1595 1553 ad
1652 1499 2036 1570 decipiendum

422 1594 429 1605 ‘
458 1602 585 1642 esca
612 1588 991 1657 praetenditur.
1023 1590 1280 1645 simulata
1311 1589 1645 1654 adhortatio,
1674 1590 1917 1660 quandiu
1946 1608 2040 1646 ve-

459 1678 640 1735 ritatis
684 1679 936 1735 doctrina
994 1680 1153 1737 nobis
1204 1681 1658 1751 patrocinabitur.
1718 1680 1814 1737 His
1852 1690 2033 1737 autem

2146 492 2615 566 προσδοκωμένων
2663 491 2763 563 τὴν
2803 489 3106 544 ἀπόλαυσιν
3151 487 3395 558 ἔχοντεςο
3433 485 3515 553 οἷς
3544 489 3601 542 δὲ
3639 489 3742 544 καὶ

2142 584 2286 639 κατά
2331 583 2559 656 γνώμην
2614 582 2843 653 ὲκϐἦναι
2897 578 3094 651 συνέϐη
3137 578 3198 632 τὸ
3239 578 3422 645 τέλος,
3477 580 3741 652 δευτέρας

2140 672 2331 745 ἐδέησε
2356 673 2519 728 πάλιν
2552 671 2789 735 ἐλπίδος,
2814 667 3284 741 παραδραμούσης
3315 668 3408 722 καὶ
3437 669 3741 742 μαρανθεί-

2142 781 2243 837 σης
2280 765 2339 818 ὲν
2385 764 2540 836 τάχει
2589 765 2688 835 τῆς
2724 761 3018 834 προτέρας.
3074 759 3277 823 Μόνοις
3330 759 3387 812 δὲ
3434 762 3547 823 τοῖς
3591 760 3737 831 ὑπὲρ

2141 855 2424 920 εὐσεϐείας
2457 855 2726 925 καμοῦσιν
2756 854 2818 906 οὐ
2850 852 3045 923 ψεῦδος
3072 851 3305 922 ἠφάνισε
3328 850 3441 922 (61)
3463 853 3561 916 τὰς
3581 852 3736 905 ἐλπί-

2140 948 2257 1012 δας,
2297 948 2360 1001 οὐ
2392 947 2543 1012 τέλος
2591 947 2898 1018 ἐλυμήνατο
2931 946 3058 1009 τοὺς
3097 945 3290 1009 ἄθλους
3327 943 3458 1015 (62),
3507 944 3734 1015 βεϐαίας

2096 1034 2103 1038 ’
2141 1041 2236 1093 καὶ
2271 1040 2499 1111 μονίμου
2556 1038 2946 1109 διαδεχομένης
2996 1036 3096 1111 τῆς
3149 1035 3269 1092 τῶν.
3296 1035 3549 1106 οὐρανῶν,
3577 1035 3737 1106 βασι-

2140 1120 2310 1194 λείας.
2347 1134 2439 1203 Μὴ
2484 1133 2662 1185 τοίνυν
2710 1132 2853 1201 ὑμᾶς
2895 1128 3206 1201 ταραττέτω
3250 1127 3469 1200 διαϐολὴ
3505 1128 3730 1199 ψευδὴς,

2144 1225 2280 1295 μηδὲ
2309 1225 2542 1293 φοϐείτω
2566 1225 2673 1277 τῶν
2702 1222 3048 1296 κρατούντων
3072 1221 3182 1292 (65)
3200 1220 3393 1293 ἀπειλή
3411 1238 3423 1251 ·
3452 1221 3526 1292 μὴ
3558 1221 3735 1291 γέλως

2139 1316 2377 1370 λυπείτω
2410 1318 2504 1370 κα).
2534 1316 2693 1387 ὕϐρις
2738 1315 2848 1368 τῶν
2879 1315 3193 1385 γνωρίμων,
3223 1313 3357 1384 μηδὲ
3384 1314 3733 1382 κατάγνωσις

2140 1406 2295 1477 παρά
2345 1407 2452 1460 τῶν
2505 1406 2768 1477 κήδεσθαι
2817 1405 3332 1477 προσποιουμένων,
3382 1406 3732 1475 ίσχυρότατον

2140 1499 2277 1569 πρὸς
2303 1500 2519 1570 ἀπάτην
2535 1499 2726 1570 δέλεαρ
2752 1496 3202 1570 προϐαλλομένων
3221 1496 3333 1565 (64)
3355 1497 3730 1568 παραινέσεως

2141 1593 2529 1663 προσποίησιν,
2557 1592 2662 1655 ἕως
2688 1592 2754 1644 ἂν
2786 1594 2815 1644 ὁ
2846 1591 2944 1660 τῆς
2988 1589 3243 1660 ἀληθείας
3269 1590 3400 1659 ἡμῖν
3434 1590 3731 1656 συναγωνί-

2140 1683 2298 1754 ζηται
2324 1683 2434 1753 (65)
2461 1682 2638 1751 λόγος.
2676 1680 3082 1753 Ἀντιμαχέσθω
3106 1680 3163 1733 δὲ
3187 1684 3296 1743 τοῖς
3315 1682 3447 1733 πᾶσι
3470 1679 3730 1749 λογισμὸς

456 1769 715 1824 omnibus
764 1770 1076 1826 obluctetur
1120 1776 1273 1826 recta
1322 1771 1484 1834 ratio,
1545 1770 1884 1829 defensorem
1932 1771 2032 1826 sibi

2149 1773 2320 1844 ὀρθὸς,
2367 1772 2657 1843 σύμμαχον
2710 1771 3048 1842 παρακαλῶν
3097 1770 3346 1840 γενέσθαι
3388 1771 3481 1824 καὶ
3536 1769 3729 1841 βοηθὸν

457 1857 731 1915 advocans
773 1868 828 1915 et
865 1861 1189 1930 adiutorem,
1221 1861 1542 1930 magistrum
1578 1862 1797 1931 pietatis
1847 1860 2035 1918 Domi-

456 1967 589 2005 num
633 1960 884 2007 nostrum
933 1951 1120 2008 Jesum
1170 1952 1476 2019 Christum,
1511 1967 1612 2021 pro
1660 1968 1770 2024 quo
1821 1961 1874 2008 et
1922 1951 2035 2022 pati

456 2041 616 2099 dulce
650 2050 753 2108 est,
784 2053 838 2099 et
877 2044 1015 2099 mori
1054 2044 1266 2096 lucrum
1300 2042 1338 2098 ⁸.

965 2198 1305 2254 EPISTULA
1342 2196 1509 2254 XIX'.

2144 1862 2291 1932 αὑτῴ
2317 1862 2404 1914 τὸν
2436 1861 2538 1930 τῆς
2569 1861 2853 1924 εὐσεϐείας
2882 1860 3199 1914 διδάσκαλον
3227 1860 3317 1914 τὸν
3342 1859 3546 1930 Κύριον
3568 1857 3731 1928 ἡμῶν

2152 1952 2357 2024 Ἰησοῦν
2382 1953 2636 2024 Χριστὸν,
2663 1953 2730 2006 δι’
2753 1952 2813 2007 ὃν
2842 1952 2938 2005 καὶ
2957 1951 3028 2005 τὸ
3045 1950 3380 2007 κακοπαθεῖν
3404 1950 3524 2022 ἡδὺ,
3546 1949 3642 2004 καὶ
3665 1946 3755 2010 τὸ.

2136 2044 2431 2100 ἀποθανεῖν
2455 2045 2666 2117 κέρδος.

2686 2202 3037 2256 ΕΠΙΣΤΟΛΗ
3074 2199 3167 2255 ΙΘ*

1056 2333 1152 2382 Per
1172 2334 1377 2383 Petrum
1399 2330 1612 2383 Basilius
1635 2331 1854 2384 rescribit
1875 2330 2127 2398 Gregorio,
2153 2329 2291 2398 cujus
2325 2330 2581 2384 Laconicas
2603 2331 2652 2383 in
2672 2331 2901 2399 epistolas
2914 2332 3127 2395 jocatur.

943 2456 1052 2527 97
1093 2458 1340 2527 Gregorio
1373 2457 1570 2511 sodali.

526 2564 744 2621 Litterae
779 2575 1044 2622 venerunt
1064 2567 1196 2621 mihi
1228 2583 1341 2623 non
1370 2569 1442 2622 ita
1468 2568 1678 2639 pridem
1707 2582 1737 2622 a
1768 2578 1843 2632 te,
1881 2570 2038 2640 plane

455 2666 580 2720 tuae,
608 2673 717 2711 non
739 2665 851 2711 tam
882 2658 1099 2714 indiciis
1129 2674 1348 2725 manus,
1380 2675 1542 2731 quam
1572 2661 1808 2731 propriis
1831 2662 2038 2731 episto-

432 2747 522 2802 lae
561 2747 725 2801 notis.
761 2745 944 2802 Pauca
987 2747 1131 2802 enim
1162 2755 1319 2802 erant
1348 2749 1511 2804 verba
1550 2749 1874 2803 sententiam
1906 2748 2035 2803 ube-

456 2852 569 2892 rem
594 2837 926 2893 exhibentia.
966 2838 1046 2893 Ad
1082 2854 1220 2908 quas
1274 2839 1457 2893 statim
1481 2853 1591 2893 non
1626 2839 2028 2910 respondimus,

453 2926 601 2998 quod
661 2942 763 3007 nos
819 2928 1037 2999 quidem
1093 2944 1320 2999 peregre
1384 2944 1667 2997 essemus;
1714 2928 2029 2985 tabellarius

2644 2455 2952 2525 Γρηγορίῳ
2973 2453 3219 2524 etaim».

2208 2564 2447 2636 Γράμμα
2479 2561 2610 2650 ἦλθέ
2647 2582 2736 2636 μοι
2767 2563 2958 2637 πρώην
2990 2565 3143 2638 παρὰ
3180 2562 3297 2630 σοῦ,
3334 2564 3579 2638 ἀκριϐῶς
3605 2567 3747 2631 crka

2139 2657 2198 2709 ού
2224 2656 2476 2710 τοσοῦτον
2513 2657 2591 2728 τῷ
2628 2658 2937 2729 χαρακτῆρι
2986 2656 3087 2727 τῆς
3122 2656 3325 2727 χειρὸς,
3359 2657 3484 2711 ὅσον
3514 2656 3592 2728 τῷ
3621 2657 3721 2728 τῆς

2140 2748 2428 2818 ἐπιστολῆς
2459 2746 2727 2818 ἰδιώματι.
2772 2747 2960 2817 Ὀλίγα
2985 2746 3095 2819 γὰρ
3134 2743 3202 2819 ἦν
3242 2748 3310 2801 τὰ
3342 2750 3561 2820 ῥήματα
3591 2748 3720 2802 πολ-

2137 2838 2234 2911 λὴν
2279 2839 2519 2893 διάνοιαν
2562 2838 2933 2910 παριστῶντα.
2989 2838 3134 2909 Πρὸς
3179 2837 3215 2892 δι
3263 2838 3424 2904 εὐθὺς
3477 2839 3576 2911 μὲν
3618 2842 3721 2894 οὐκ

2136 2928 2572 3002 ἀπεκρινάμεθα,
2607 2929 2741 2983 διότι
2794 2930 2947 2982 αύτοὶ
2996 2928 3094 2999 μὲν
3136 2927 3559 2999 ἀπεδημοῦμεν·
3604 2932 3634 2983 ό
3661 2930 3719 2983 δὲ

454 3037 605 3088 vero,
647 3037 771 3075 cum
829 3021 1116 3091 epistolam
1159 3020 1254 3075 uni
1315 3018 1667 3074 familiarium
1716 3028 2025 3074 nostrorum

2149 3021 2606 3095 γραμματοφόρος
2623 3021 2755 3093 (66),
2773 3022 2854 3075 ἐνὶ
2871 3021 2979 3076 τῶν
3009 3023 3329 3094 ἐπιτηδείων
3345 3026 3477 3095 ἡμῖν
3504 3023 3721 3087 ἐπιδοὺς

454 3111 712 3176 dedisset,
742 3125 972 3182 propere
990 3109 1325 3166 discesserit.
1358 3108 1463 3164 Sed
1495 3124 1643 3165 nunc
1675 3125 1772 3180 per
1808 3107 2025 3164 Petrum

2136 3114 2235 3185 τὴν
2278 3112 2591 3184 ἐπιστολὴν,
2634 3113 2812 3168 ἀπιὼν
2856 3112 3045 3185 ᾤχετο.
3084 3114 3243 3168 Ἀλλά
3273 3115 3366 3169 νῦν
3398 3115 3486 3170 διά
3510 3115 3720 3187 Πέτρου

452 3202 788 3271 alloquimur
834 3208 908 3266 te,
959 3200 1123 3255 simul
1170 3209 1224 3256 et
1259 3201 1608 3256 salutationis
1656 3200 2030 3271 persolventcs

2149 3205 2628 3277 τροσφθεγγόμεθά
2648 3204 2876 3276 σε,ὀμοῦ
2901 3206 2999 3278 μὲν
3024 3206 3405 3271 ἀποτιννύντες
3431 3210 3529 3278 τῆς
3550 3224 3723 3278 προσ-

454 3295 717 3358 debitum,
760 3302 815 3349 et
844 3293 1191 3349 occasionem
1235 3293 1461 3349 alterius
1493 3294 1740 3365 epistola:
1787 3293 2035 3364 praeben-

455 3396 557 3441 tes.
599 3383 835 3440 Omnino
892 3392 1071 3440 autem
1120 3385 1308 3441 nullus
1353 3386 1507 3441 labor
1561 3385 1806 3455 epistola:
1855 3383 2028 3440 Laco-

455 3475 615 3538 nicae,
659 3474 849 3545 quales
902 3481 1067 3540 sunt,
1102 3490 1224 3546 qua:
1255 3490 1287 3529 a
1338 3484 1388 3531 te
1424 3473 1656 3532 subinde
1681 3475 1750 3530 ad
1777 3490 1879 3531 nos
1906 3490 2031 3546 per-

455 3568 699 3622 veniunt.

976 3718 1315 3776 EPISTOLA
1349 3719 1511 3774 XX".

2142 3295 2371 3367 ηγορίας
2398 3294 2461 3348 τὸ
2490 3293 2670 3367 χρέος,
2698 3294 2834 3366 ὁμοῦ
2863 3294 2921 3348 δὲ
2947 3296 3199 3368 ἀφορμὴν
3245 3296 3511 3369 δευτέρων
3536 3313 3721 3369 γραμ-

2137 3388 2322 3458 μάτων
2352 3387 2699 3459 παρέχοντες.
2736 3387 2961 3450 Πάντως
2987 3387 3045 3440 δὲ
3076 3387 3252 3451 οὐδεὶς
3281 3387 3441 3452 πόνος
3467 3388 3722 3444 Λακωνι-

2133 3479 2236 3549 κῆς
2276 3476 2585 3547 ἐπιστολῆς,
2634 3476 2815 3531 ὁποῖαί
2860 3478 2998 3531 εἰσιν
3033 3477 3091 3531 αἱ
3132 3475 3284 3550 παρὰ
3324 3476 3419 3530 σοῦ
3457 3475 3747 3539 ἑκάστοτε,

2132 3566 2271 3639 πρὸς
2297 3568 2445 3638 ἡμᾶς
2471 3565 2887 3639 ἀφικνούμεναι.

2691 3718 3036 3804 ΕΨΣΤΟΛΗ
3074 3717 3157 3772 K'.
3217 3688 3226 3699 ’

454 3852 620 3925 Amice
641 3853 864 3928 obiurgat
895 3855 1140 3928 yontium
1164 3854 1397 3928 Basilius,
1419 3859 1687 3928 quadram
1710 3856 1925 3928 scribat;
1951 3870 2153 3924 eumque
2176 3858 2347 3927 probat
2383 3856 2760 3927 inegccusabilem
2782 3871 2893 3928 esse
2910 3863 3068 3922 utpote
3102 3868 3348 3928 nunquam
3371 3862 3612 3928 carentem
3630 3868 3722 3906 oc-

511 3918 1073 3983 casionibus'scribendi,
1090 3932 1147 3968 ac
1165 3926 1401 3981 praeterea
1419 3918 1684 3983 sopitistam
1704 3932 1722 3980 ;
1743 3918 1834 3983 sibi
1854 3933 1968 3983 uero
1989 3918 2347 3983 excusationem
2369 3918 2626 3983 petit.itum
2647 3932 2710 3983 ea:
2735 3918 2917 3969 crebris
2940 3918 3342 3982 occupationibus,
3366 3924 3464 3967 tum
3487 3918 3602 3982 quia
3620 3930 3720 3969 non

504 3982 614 4042 jam
631 3991 689 4029 eo
712 3977 861 4028 utitur
878 3976 1073 4031 dicendi
1095 3976 1284 4043 genere,
1310 3981 1439 4044 quod
1460 3976 1648 4046 placeat
1668 3976 1912 4044 sophistis.
1939 3979 2085 4031 Mittit
2107 3993 2198 4032 sua
2221 3976 2456 4031 adversus
2480 3978 2771 4030 Eunomium
2793 3993 2954 4043 opera.

980 4105 1197 4162 Leontio
1234 4108 1501 4177 sophistae.

528 4218 685 4273 Rara:
712 4219 930 4289 quidem
952 4220 1051 4274 tibi
1082 4229 1137 4274 et
1179 4236 1211 4274 a
1254 4222 1417 4277 nobis
1442 4223 1669 4290 litterae;
1709 4236 1818 4275 non
1845 4228 2029 4276 tamen

455 4308 696 4363 rariores
738 4324 902 4379 quam
937 4315 1079 4377 tuae;
1114 4309 1299 4381 idque,
1334 4326 1460 4365 cum
1487 4311 1644 4365 multi
1686 4310 2030 4366 continenter

2640 4110 2900 4175 Λεοντίῳ
2928 4108 3216 4179 σοφιστῇ.

2201 4224 2405 4297 Χρόνια
2427 4221 2524 4293 μέν
2546 4238 2627 4275 σοι
2647 4221 2742 4275 κα)⁸
2760 4219 2827 4273 τὰ
2845 4222 2975 4291 παρ’
3003 4219 3160 4292 ἡμῶν
3182 4219 3499 4290 γράμματα·
3522 4217 3582 4271 ού
3605 4232 3717 4288 μην

2133 4315 2468 4388 χρονιώτερα
2491 4312 2600 4365 τῶν
2625 4310 2870 4374 αὐτόθεν,
2905 4311 3000 4363 καὶ
3032 4309 3205 4363 ταῦτα
3232 4307 3442 4362 πολλῶν
3467 4308 3560 4361 καὶ
3588 4324 3719 4360 συν-

456 4414 490 4454 a
519 4386 674 4455 vobis
699 4400 767 4455 ad
794 4416 896 4456 nos
928 4401 1215 4470 venerint;
1241 4402 1443 4473 quibus
1491 4402 1721 4472 singulis
1751 4402 1798 4458 si
1824 4403 2018 4458 ordine

2149 4386 2260 4472 χῶν
2292 4399 2747 4470 ἐπιδημησάντων
2789 4399 2921 4468 ἡμῖν
2969 4396 3077 4450 ἀπὸ
3125 4396 3225 4466 τῆς
3281 4396 3585 4468 ὑμετέρας’
3631 4392 3716 4461 οἷς

457 4489 670 4548 litteras
722 4493 1132 4560 commisisses,
1199 4494 1339 4549 nihil
1393 4493 1682 4565 impediret
1741 4495 2032 4565 quominus

2149 4495 2180 4547 :i
2213 4494 2378 4547 πᾶσιν
2414 4489 2614 4561 ἐφεξῆς
2651 4489 2957 4562 γράμματα
3003 4487 3117 4559 (67)
3147 4487 3422 4559 ὲπετίθης,
3461 4488 3612 4542 οὐδὲν
3646 4484 3717 4558 ἦν

454 4582 766 4639 videremur
790 4598 894 4639 una
923 4593 1102 4640 tecum
1130 4598 1276 4650 esse,
1313 4592 1475 4656 teque
1511 4584 1738 4655 perinde
1785 4584 1936 4651 frui,
1968 4598 2032 4639 ac

2149 4584 2191 4638 εδ
2219 4582 2428 4638 κωλύον
2462 4581 2614 4652 αὐτῷ
2644 4599 2728 4635 σοι
2756 4581 2933 4636 δοκεῖν
2965 4583 3203 4635 συνεῖναι
3228 4582 3396 4652 ἡμᾶς,
3427 4580 3523 4635 καὶ
3548 4580 3717 4635 οἱονεὶ

531 4738 550 4770 ³
580 4736 816 4810 Philipp.
847 4752 887 4803 ι,
910 4735 1001 4792 21.

527 4897 547 4918 ⁶
573 4893 724 5019 λὶιίῗε
756 4892 848 4949 Ill.
884 4894 1103 4966 Scripta
1133 4893 1350 4950 videtur
1393 4893 1677 4959 Caesareae,
1723 4907 1850 4949 cum
1886 4900 2033 4951 esset

527 4980 584 5019 es
628 4980 657 5019 ν
685 4980 766 5019 er.

499 4972 766 5020 resbvter.

454 4978 766 5035 presDVter.

531 5036 573 5104 ἦέ
605 5021 757 5089 Alias
780 5033 1069 5104 LXXXIII.
1095 5032 1312 5104 Scripta
1343 5048 1485 5089 anno
1512 5033 1639 5091 564.

526 5103 636 5176 (ϐξ)
679 5103 977 5176 Hydriae.
1003 5101 1355 5176 Παρηφᾶνισε
1380 5104 1545 5161 Coisl.
1568 5105 1783 5176 primus
1802 5111 1858 5176 et
1884 5101 2026 5159 Med.

529 5173 643 5245 (62)
675 5174 829 5245 Τοὺς,
846 5173 1102 5241 ἄθλους-ξ
1116 5175 1207 5229 Sic
1230 5175 1398 5229 Coisl.
1426 5173 1637 5245 primus
1662 5182 1717 5228 et
1735 5174 2027 5245 Medicaeus

456 5242 776 5316 et‘Cla’rom.
818 5243 873 5316 in
901 5247 1178 5316 margine;
1230 5245 1322 5298 alii
1351 5242 1710 5316 ,τοῖς-ἄθλοις.
1744 5244 2028 5316 Ειίὶιξτοζς

455 5310 659 5387 ἄλλοις.
708 5312 904 5387 Paulo
932 5310 1054 5386 post
1086 5310 1226 5387 pediti
1264 5314 1621 5387 matram.
1652 5313 1828 5379 Harl.,
1856 5312 2024 5369 Coisl.

458 5385 670 5451 primus
698 5382 945 5451 etMed.’
969 5395 1023 5440 et
1052 5386 1142 5439 alii
1175 5382 1423 5439 nonnulli
1456 5392 1513 5437 ut
1537 5386 1590 5438 in
1615 5391 1787 5438 textu.

531 5449 640 5526 (65)
695 5450 817 5506 Τῶν
859 5456 1256 5526 κρατούντων.
1305 5452 1458 5526 Saepe
1488 5456 1625 5510 alias
1658 5452 1896 5509 Basilius
1926 5452 2029 5507 bac

457 5521 997 5595 vocejmperatorem
1022 5525 1289 5595 designat.

530 5589 641 5664 (64)
669 5589 1196 5664 Προϐαλλομένωῖρ.
1232 5594 1323 5651 Sic
1354 5602 1582 5664 uterque
1618 5591 1812 5664 Goisl.,
1848 5591 2018 5664 Harl.,

458 5655 637 5719 Paris.
688 5655 741 5718 ct
785 5678 925 5719 unus
967 5655 1031 5719 ex
1086 5663 1286 5736 Regiis.
1330 5655 2020 5735 Εὰἰιὶ’προσ6αλ).ομένων.

2205 4891 2430 4973 ibidenl
2440 4891 2800 4973 προσποιήσει
2825 4890 2900 4973 in“
2913 4890 3254 4973 tribusnmss.

2206 4964 2322 5032 (65)
2370 4957 2535 5032 Ἡμῖν
2555 4957 3046 5030 συνάγωνίζηται.
3076 4960 3378 5032 Ειίὶιὶᾼύμῖν
3409 4957 3712 5032 συναγωνί-

2134 5030 2310 5097 ζεταιέ
2366 5030 2551 5101 Secuti
2600 5046 2792 5087 sumus
2840 5032 3098 5101 antiquos
3138 5030 3384 5101 codices,
3436 5030 3605 5101 coisl.
3656 5035 3712 5082 ct

2135 5102 2277 5158 Med.
2306 5109 2362 5157 et
2400 5100 2551 5157 Harl.
2595 5116 2719 5155 cum
2764 5099 3019 5170 pluribus
3061 5099 3201 5155 aliis.
3249 5099 3447 5170 Statim
3480 5099 3712 5169 legimus

2134 5187 2258 5226 cum
2296 5172 2545 5242 quinque
2579 5186 2740 5242 mss_.,
2764 5167 3002 5242 quorum
3035 5172 3091 5225 in
3126 5184 3355 5242 numero
3387 5167 3709 5242 Har-laganus

2135 5252 2190 5296 et
2232 5238 2406 5311 prima
2426 5238 2623 5311 jnanu
2669 5238 3042 5311 Coislinianus
3076 5240 3374 5309 antiquior,
3421 5238 3569 5309 αὐτῷ
3618 5238 3713 5311 τὸν

2132 5309 2252 5382 τῆς,
2285 5320 2390 5366 etc.
2426 5309 2785 5382 Editiaz’nov.
2835 5310 3041 5366 Desunt
3093 5312 3149 5364 in
3190 5317 3427 5380 quatuor
3459 5324 3594 5365 mss.
3629 5309 3715 5361 hae

2133 5379 2323 5441 veces.
2353 5380 2450 5434 κα)⁵
2479 5379 2689 5451 βοηθόν.

2206 5451 2317 5524 (66)
2367 5447 2890 5521 Γράμιὶατοφόρος.
2945 5447 3424 5523 Γραμματηφόρος
3474 5451 3715 5519 quatuor

2134 5536 2267 5577 mss.

2207 5590 2320 5662 (67)
2344 5589 2684 5661 Γρᾰμματα.
2722 5584 2796 5642 Ita
2823 5603 2917 5644 sex
2946 5588 3073 5644 libri
3106 5598 3339 5646 veteres.
3371 5586 3511 5644 Iiditi
3538 5586 3715 5660 γράμ-

2133 5679 2229 5731 μα.

3599 278 3714 336 εει
3828 348 3836 355 η
