3870 6218
141 304 253 363 εεε

1101 317 1595 379 EPISTOLARUM
1633 323 1923 381 CLASSIS
1959 324 2000 382 l.
2032 323 2257 381 EPIST.
2295 325 2437 381 XXI.

3330 323 3437 380 286

142 427 431 499 παρόντας
455 431 550 485 καὶ
579 431 836 512 συνόντας
880 436 1178 495 ἀπολαύειν
1197 459 1212 473 ο
1244 440 1390 497 οὕτω
1424 445 1649 516 συνεχὲς
1670 440 1740 517 ἦν

1854 446 1889 501 si
1922 447 2267 511 adessemus,
2303 453 2358 501 et
2395 455 2574 500 tecum
2634 456 2986 498 versaremur
3032 457 3044 493 :
3083 440 3221 499 adeo
3262 442 3439 497 conti-

144 520 212 574 τὸ
250 521 455 594 πλῆθος
494 523 605 579 τῶν
655 529 791 600 πρὸς
817 532 966 601 ἡμᾶς
1009 533 1444 607 ἀφικνουμένων.
1484 538 1645 591 Ἀλλὰ
1687 539 1740 591 τί

145 610 252 665 οὐκ
279 613 653 685 ὲπιστέλλειςς
676 620 919 692 καίτοιγε
956 624 1108 679 οὐδὲν
1150 626 1313 698 ἔργον
1346 633 1573 701 σοφιστῇ
1605 629 1739 700 (68).

147 700 186 772 ἢ
232 703 303 757 τὸ
346 708 616 778 γράφειν·
673 712 873 782 μᾶλλον
922 715 982 770 δὲ
1032 720 1082 771 εί
1129 719 1351 790 καὶτῆς
1389 700 1572 791 χειρὸς
1598 722 1742 792 ἔχεις

147 795 360 866 ἀργῶς,
391 801 513 854 οὐδὲ
546 803 780 874 γράφειν
810 806 1023 878 δεήσει’
1047 809 1208 874 ἄλλος
1225 812 1336 881 γάρ
1363 829 1445 865 σοι
1476 814 1744 884 διακονή-

152 904 259 943 σει.
294 890 547 964 Πὼττης
576 895 633 948 δὲ
658 898 819 968 χρεία
853 900 1021 971 μόνης
1040 921 1055 935 ·
1080 904 1136 973 ἡ,
1160 902 1263 956 κᾶν
1289 904 1419 975 ἡμῖν
1445 904 1520 976 μὴ
1552 905 1746 959 διαλέ-

147 998 340 1051 γηται,
372 983 491 1037 ἀλλ’
520 986 601 1038 ὲνί
650 1004 713 1055 γε
757 990 977 1055 πάντως
1020 993 1129 1046 τῶν
1170 994 1438 1048 συνόντων
1480 996 1702 1070 λαλήσει
1726 1012 1741 1029 ο

147 1075 258 1129 κᾶν
293 1076 486 1147 μηδεὶς
528 1082 701 1151 παρῇ,
735 1081 822 1149 ἐφ’
854 1082 1053 1153 ἑαυτῆς
1096 1084 1428 1149 διαλέξεταν
1471 1088 1741 1159 σιωπήσει

144 1164 208 1221 δὲ
226 1167 509 1238 οὐδαμῶς,
538 1175 826 1244 σοφιστική
857 1191 917 1227 τε
951 1170 1085 1229 οὖσα
1108 1177 1203 1229 καὶ
1229 1176 1450 1249 Ἀττική
1468 1197 1482 1209 ο
1514 1179 1575 1232 ού
1604 1180 1741 1250 μᾶλ-

145 1258 242 1323 λόν
265 1276 333 1327 γε
362 1260 396 1330 ἢ
425 1262 483 1313 αἱ
510 1262 758 1333 ἀηδόνες,
788 1265 918 1319 ὅταν
959 1266 1022 1319 τὸ
1065 1266 1168 1338 ἔαρ
1204 1267 1376 1333 αὐτὰς
1422 1270 1559 1341 πρὸς
1600 1271 1743 1343 ᾠδὴν

146 1353 456 1425 ἀναστήσῃ.
492 1355 655 1426 Ἡμῖν
686 1356 786 1426 μὲν
823 1358 934 1431 γάρ
973 1360 1033 1413 τὺ
1072 1361 1276 1415 πυκνὸν
1305 1362 1420 1432 (69)
1453 1363 1553 1434 τῆς
1582 1364 1746 1434 ἀσχο-

145 1443 270 1507 λίας
296 1444 477 1509 τοῦτο,
504 1447 564 1499 ὲν
589 1440 637 1514 ᾧ
660 1447 757 1501 νῦν
785 1451 974 1521 ἐσμεν,
1014 1451 1118 1505 κᾶν
1162 1454 1495 1525 παραίτησιν
1530 1454 1745 1524 ἐνέγκοι

146 1534 317 1605 τυχὸν
364 1536 506 1607 πρὸς
557 1536 659 1609 τὴν
705 1538 911 1595 ἔνδειαν
963 1543 1074 1595 τῶν
1116 1544 1459 1615 πραγμάτων
1479 1561 1494 1575 ’
1547 1546 1643 1599 καὶ
1687 1546 1747 1599 τὸ

145 1627 314 1680 οἱονεὶ
334 1628 691 1700 ἐῤῥυπῶσθαι
719 1631 903 1686 λοιπὸν
930 1636 998 1704 τῇ
1028 1637 1327 1706 κατακορεῖ
1352 1636 1611 1708 συνηθείᾳ
1632 1634 1745 1706 (70)

144 1718 291 1789 πρὸς
339 1719 655 1790 ίδιωτισμδν
700 1721 858 1776 δκνον
903 1724 1131 1787 είκότως
1185 1726 1407 1796 ἐμποιεῖ
1436 1726 1749 1797 προσφθέγ-

1844 555 1951 593 nua
1997 539 2099 593 fuit
2132 536 2430 592 multitudo
2453 536 2521 591 ad
2564 550 2667 591 nos
2688 534 3044 589 venientium.
3069 535 3138 588 At
3189 548 3289 589 cur
3327 547 3440 588 non

1843 631 2061 694 scribis,
2089 645 2213 685 cum
2245 628 2465 701 quidem
2505 629 2787 698 negotium
2824 626 3034 680 nullum
3074 627 3145 682 sit
3181 626 3441 697 sophistae

1844 722 2258 781 scriberetlmo
2280 721 2327 777 si
2355 735 2552 775 manus
2588 720 2742 792 pigra
2772 725 2877 784 est,
2917 734 2987 774 ne
3030 718 3273 774 scribere
3315 718 3439 789 qui-

1843 811 1967 867 dem
1991 827 2131 882 opus
2163 811 2303 879 erit;
2346 811 2489 865 alius
2518 810 2664 865 enim
2703 808 2805 863 tibi
2842 807 2994 863 dabit
3035 822 3281 878 operam.
3304 807 3439 863 Lin-
3475 840 3481 847 ο

1844 920 1949 978 gua
1977 913 2159 960 autem
2210 905 2328 960 sola
2384 919 2524 974 opus
2572 910 2679 964 est,
2727 917 2852 972 quae
2907 901 3125 956 etiamsi
3186 915 3290 956 nos
3326 916 3440 957 non

1846 998 2178 1067 alloquatur,
2199 1005 2254 1051 at
2275 995 2525 1066 profecto
2547 1010 2719 1050 unum
2753 1010 2820 1050 ex
2846 994 2914 1048 iis
2948 992 3043 1063 qui
3070 1000 3252 1047 tecum
3285 1000 3435 1056 sunt,

1849 1089 2181 1159 alloquetur.
2209 1086 2368 1154 Quod
2399 1088 2444 1142 si
2481 1101 2643 1141 nemo
2665 1086 2831 1153 adsit,
2863 1100 3046 1141 secum
3091 1084 3209 1155 ipsa
3245 1084 3439 1155 loque-

1848 1190 1970 1245 tur;
2004 1178 2210 1232 tacebit
2229 1184 2413 1232 autem
2444 1192 2815 1248 nequaquam,
2838 1191 2964 1230 cum
2988 1175 3059 1229 sit
3092 1183 3147 1230 et
3177 1175 3441 1245 saphisti-

1847 1284 1909 1323 ca
1943 1275 1998 1323 et
2046 1268 2226 1321 Attica
2272 1287 2285 1321 :
2321 1282 2431 1321 non
2467 1267 2662 1336 magis,
2700 1280 2866 1336 quam
2911 1264 3180 1328 lusciniae,
3217 1264 3439 1335 quando

1845 1376 1939 1418 ens
1972 1375 2199 1417 vernum
2229 1368 2445 1429 tempus
2471 1360 2535 1415 ad
2556 1358 2862 1415 canendum
2894 1357 3234 1413 excitaverit.
3269 1354 3438 1413 Nobis

1846 1453 1990 1507 enim
2015 1453 2223 1507 crebrae
2265 1451 2373 1506 illae
2406 1452 2820 1522 occupationes,
2855 1449 3057 1520 quibus
3091 1464 3238 1503 nunc
3280 1448 3439 1504 disti-

1848 1557 2066 1605 nemur,
2122 1540 2536 1596 excusationem
2582 1540 2820 1595 fortasse
2871 1537 3122 1602 all‘erant,
3156 1537 3203 1593 si
3238 1536 3439 1592 litteris

1849 1635 2141 1688 desimus:
2175 1643 2231 1689 et
2266 1632 2515 1703 quaedam
2571 1632 2739 1687 veluti
2802 1630 2996 1686 sordes
3043 1645 3109 1686 ex
3170 1629 3426 1684 continu:

1851 1726 2094 1793 vulgaris
2116 1724 2389 1782 sermonis
2421 1738 2524 1779 usu
2544 1724 2657 1793 jam
2693 1729 2996 1778 contracta!
3023 1736 3134 1776 non
3162 1721 3436 1776 immerito

144 1808 347 1877 γεσθαι
383 1809 533 1881 ὑμᾶς
557 1813 687 1876 τοὺς
731 1815 989 1882 σοφιστάς
1010 1832 1024 1845 ·
1074 1816 1147 1878 οἳ,
1183 1818 1233 1868 εί
1268 1817 1342 1886 μή
1379 1834 1432 1871 τι
1463 1817 1613 1883 ἀξιον
1643 1817 1742 1888 τῆς

1854 1817 2146 1886 deterrent,
2177 1818 2476 1888 quominus
2503 1831 2603 1871 vos
2626 1816 2901 1885 sophistas
2928 1814 3272 1883 alloquamur
3297 1830 3313 1880 ;
3341 1813 3434 1883 qui

144 1903 428 1973 ὑμετέρας
451 1903 633 1957 αὐτῶν
660 1904 854 1974 σοφίας
871 1906 1192 1968 ἀκούσεσθε,
1219 1907 1621 1980 δυσχερανεῖτε,
1646 1910 1743 1963 καὶ

141 1995 247 2050 οὐκ
268 1994 555 2059 ἀνέξεσθε.
590 1996 660 2049 Σὲ
688 1996 745 2050 δέ
769 2014 873 2051 που
900 1998 964 2052 τὸ
989 2000 1232 2055 ὲναντίον
1259 2000 1408 2064 εἰκὸς
1433 2001 1528 2055 ἐπὶ
1561 2001 1742 2071 πάσης

142 2086 482 2155 προφάσεως
527 2087 878 2159 δημοσιεύειν
925 2090 1122 2144 σαυτοῦ
1165 2092 1266 2161 τὴν
1308 2090 1514 2163 φωνὴν,
1554 2093 1743 2164 ἐπιτή-

140 2176 291 2231 δειον
317 2176 450 2229 ὄντα
481 2178 676 2241 εἰπεῖν,
699 2171 774 2231 ὧν
797 2178 959 2243 αὐτὸς
991 2175 1108 2232 οἶδα
1134 2180 1400 2252 Ἑλλήνων
1424 2197 1438 2211 ’
1473 2176 1589 2234 οἶδα
1608 2181 1736 2252 γὰρ,

140 2265 222 2329 ὡς
247 2261 431 2336 οἶμαι,
460 2267 591 2330 τοὺς
634 2267 1101 2339 ὀνομαστοτάτους
1139 2269 1249 2322 τῶν
1296 2270 1355 2323 ἐν
1394 2270 1550 2341 ὑμῖν
1598 2269 1739 2323 ὥστε

140 2354 376 2426 οὐδεμία
420 2357 754 2428 παραίτησις
800 2358 1096 2414 σιωπῶντι.
1131 2360 1242 2413 Καὶ
1294 2358 1471 2413 ταῦτα
1515 2360 1614 2431 μὲν
1660 2361 1742 2423 είς

136 2448 426 2502 τοσοῦτον.
470 2449 793 2503 Ἀπέστειλα
836 2451 894 2504 δὲ
943 2452 1039 2505 καὶ¹
1087 2450 1159 2504 τὰ
1196 2451 1334 2523 πρὸς
1374 2452 1673 2523 Εὐνόμιον·
1705 2450 1742 2505 ἃ.

137 2540 255 2594 εἴτε
289 2540 511 2594 παιδιάν
541 2541 648 2613 χρὴ
678 2542 885 2606 καλεῖν,
929 2542 1042 2596 εἴτε
1090 2543 1275 2615 μικρῷ
1319 2543 1539 2608 παιδιᾶς
1570 2561 1738 2597 σπου-

137 2632 425 2703 δαιότερα,
442 2633 594 2705 αὐτῷ
621 2651 703 2688 σοι
726 2634 933 2704 κρίνειν
954 2634 1191 2707 παρίημι
1213 2651 1228 2666 ·
1258 2635 1319 2700 ὃς
1336 2637 1475 2708 πρὸς
1503 2636 1604 2708 μὲν
1626 2635 1737 2707 (71)

139 2725 210 2778 τὰ
242 2728 426 2780 οἰκεῖα
468 2727 669 2781 σαυτοῦ
716 2728 930 2792 οὐκέτι,
978 2724 1167 2798 οἶμαι,
1206 2728 1468 2800 χρῄζεις·
1510 2729 1649 2801 πρὸς
1680 2728 1738 2782 δὲ

137 2818 252 2872 τῶν
297 2818 703 2890 ὲνδιαστρόφων
742 2819 868 2882 τοὺς
912 2818 1341 2889 ἐντυγχάνοντας
1378 2818 1480 2872 οὐκ
1516 2818 1739 2888 ἀγεννές

142 2927 229 2963 σοι
251 2910 422 2963 ὅπλον
447 2909 663 2963 ἔσεσθαι
689 2908 976 2981 προσδοκῶ
993 2926 1010 2940 ⁸
1040 2910 1102 2963 ού
1135 2913 1201 2981 τῇ
1235 2909 1461 2980 δυνάμει
1483 2907 1579 2963 τοῦ
1606 2927 1735 2964 συν-

139 3002 433 3073 τάγματος
474 3001 964 3066 καταπιστεύοντες
1010 3000 1300 3066 τοσοῦτον,
1345 3001 1462 3055 ἀλλ’
1492 3001 1738 3073 ἀκριϐῶς

140 3094 513 3165 γνωρίζοντες
550 3093 659 3147 ἀπὸ
682 3094 876 3163 όλίγων
908 3093 1172 3166 ἀφορμῶν
1200 3095 1294 3149 ἐπὶ
1326 3094 1500 3148 πολλά
1524 3112 1583 3150 σε
1608 3096 1738 3151 ὄντα

140 3187 456 3259 εὑρετικόν.
494 3188 621 3241 Ἐὰν
654 3188 711 3240 δέ
737 3188 790 3241 τί
818 3205 900 3241 σοι
938 3189 1032 3242 καὶ
1056 3187 1440 3258 ἀσθενέστερον
1472 3187 1615 3259 ἔχειν
1641 3189 1740 3260 τῆς
1767 3171 1809 3230 C

140 3279 341 3350 χρείας
386 3282 695 3349 καταυανῇ,
749 3278 823 3350 μὴ
873 3279 1216 3350 κατοκνήσῃς
1274 3276 1510 3347 ἐλέγξαι.
1551 3279 1740 3351 Τούτῳ

140 3371 252 3443 γάρ
290 3370 411 3440 (7‘2)
446 3370 681 3439 μάλιστα
733 3369 885 3438 φίλος
918 3369 1151 3432 κόλακος
1198 3370 1492 3441 διενήνοχε,
1532 3370 1612 3442 τῷ
1646 3370 1739 3424 τὸν

145 3463 248 3535 μὲν
273 3462 420 3535 πρὸς
447 3462 640 3534 ἡδονὴν
677 3462 903 3533 ὁμιλεῖν,
932 3461 1026 3515 τὸν
1055 3460 1111 3514 δὲ
1136 3460 1273 3533 μηδὲ
1296 3460 1405 3514 τῶν
1427 3460 1739 3518 λυπούντων

144 3554 478 3627 ἀάχεσθαι.

687 3868 1035 3924 ΕΠΙΣΤΟΛΗ
1071 3869 1205 3933 KA‘.

1849 1912 1953 1968 nisi
1981 1911 2253 1981 sapientia
2282 1916 2471 1967 vestra
2500 1909 2727 1979 dignum
2761 1905 2968 1976 aliquid
3005 1905 3312 1970 audieritis,
3351 1904 3435 1959 in—

1847 2001 2233 2072 dignahimini,
2262 2015 2366 2056 nec
2397 1998 2708 2071 perferetis.
2735 1996 2813 2052 Te
2835 2012 2966 2052 vero
2992 2006 3185 2052 contra
3210 2010 3432 2067 aequum

1847 2102 1929 2149 est
1977 2102 2126 2148 tuam
2167 2108 2360 2149 vocem
2408 2092 2477 2147 ad
2527 2105 2747 2145 omnem
2798 2089 3145 2145 occasionem
3191 2087 3438 2159 promul-

1847 2203 1997 2258 gare,
2040 2203 2165 2241 cum
2200 2188 2278 2242 sis
2307 2187 2545 2241 maxime
2572 2184 2818 2240 omnium
2853 2198 2994 2254 quos
3042 2182 3169 2237 novi
3214 2178 3435 2237 Graeco-

1846 2286 1968 2326 rum
1994 2275 2061 2325 ad
2086 2271 2381 2326 dicendum
2408 2270 2639 2325 idoneus
2672 2286 2685 2324 :
2715 2268 2841 2322 novi
2868 2267 3036 2332 enim,
3064 2274 3125 2321 ut
3151 2274 3304 2337 puto,
3337 2264 3433 2336 qui

1846 2363 1993 2418 inter
2031 2377 2130 2417 vos
2178 2369 2309 2418 sunt
2338 2359 2684 2418 celeberrimi
2729 2379 2742 2415 :
2773 2374 2944 2430 quare
2974 2358 3125 2413 nulla
3151 2358 3435 2414 excusatio

1843 2454 2068 2508 tacenti.
2110 2453 2287 2522 Atque
2333 2452 2449 2507 haec
2489 2450 2709 2519 quidem
2754 2449 3042 2505 hactenus.
3083 2446 3204 2504 Misi
3249 2454 3430 2503 autem

1844 2552 1900 2601 et
1931 2545 2138 2615 scripta
2166 2544 2434 2600 adversus
2463 2542 2820 2608 Eunomium,
2852 2556 2973 2611 quae
3003 2539 3223 2611 quidem
3247 2546 3430 2594 utrum

1843 2636 2001 2693 lusus
2048 2635 2283 2690 dicenda
2332 2635 2465 2700 sint,
2523 2649 2592 2689 an
2630 2634 2758 2689 lusu
2812 2634 2977 2704 paulo
3009 2632 3293 2703 graviora,
3331 2630 3432 2686 tibi

1844 2729 1949 2798 ipsi
1976 2729 2340 2799 iudicandum
2362 2729 2648 2799 relinquo:
2672 2727 2768 2798 qui
2797 2728 2946 2798 quod
2973 2725 3169 2780 attinet
3208 2723 3431 2795 quidem

1844 2819 1914 2873 ad
1943 2828 2090 2873 tuam
2109 2818 2282 2889 ipsius
2308 2832 2621 2889 personam,
2645 2818 2753 2884 his,
2782 2818 3001 2888 opinor,
3038 2815 3152 2888 98
3178 2831 3285 2871 non
3321 2829 3434 2867 am-

1843 2908 1987 2979 plius
2026 2908 2238 2980 indiges
2284 2928 2296 2963 :
2345 2908 2442 2965 sed
2496 2910 2762 2965 adversus
2822 2923 3152 2980 perversos,
3188 2907 3244 2962 in
3291 2921 3433 2976 quos

1844 2999 2124 3066 incideris,
2150 3000 2317 3056 telum
2346 3000 2443 3054 tibi
2474 3015 2585 3055 non
2635 3000 2914 3054 inﬁrmum
2961 2999 3205 3054 futurum
3232 3012 3432 3068 spero;

1843 3108 1953 3147 non
1984 3091 2132 3163 quod
2189 3093 2262 3146 ita
2310 3092 2542 3147 multum
2593 3092 2785 3161 scripti
2834 3092 3033 3147 robore
3069 3089 3431 3151 conﬁdamus,

1845 3187 1939 3242 sed
1970 3187 2119 3258 quod
2168 3168 2339 3259 probe
2383 3188 2627 3244 sciamus
2665 3187 2921 3244 idoneum
2967 3196 3021 3243 te
3071 3201 3213 3250 esse,
3241 3185 3334 3258 qui
3366 3200 3433 3240 ex

1846 3278 2042 3348 paucis
2075 3278 2416 3350 argumentis
2470 3279 2644 3333 multa
2690 3278 2961 3333 invenias.
3011 3277 3170 3343 Quod
3208 3276 3255 3332 si
3302 3275 3434 3347 quid

1847 3370 1948 3424 tibi
1977 3369 2272 3433 inﬁrmius,
2317 3386 2482 3441 quam
2514 3386 2637 3425 esse
2678 3370 2988 3441 oportebat,
3013 3369 3312 3434 videbitur,
3347 3383 3436 3423 re-

1846 3462 2112 3532 darguere
2165 3478 2234 3518 ne
2275 3463 2527 3533 pigreris.
2572 3461 2688 3518 Hoc
2736 3463 2881 3518 enim
2916 3462 3262 3533 potissimum
3298 3462 3436 3518 ami-

1846 3570 1945 3610 cus
1986 3556 2056 3609 ab
2090 3553 2373 3610 adulatore
2421 3554 2624 3618 diil‘ert,
2662 3553 2808 3624 quod
2851 3552 2941 3608 hic
2972 3553 3194 3623 quidem
3228 3552 3296 3606 ad
3348 3551 3439 3607 de-

1843 3645 2193 3702 lectationem
2237 3646 2500 3717 loquitur,
2526 3645 2617 3702 ille
2648 3660 2779 3701 vero
2827 3660 2897 3701 ne
2936 3644 3168 3701 molesta
3214 3641 3435 3714 quidem

1882 3733 2231 3789 raetermittit.

2368 3869 2711 3929 EPISTOLA
2748 3869 2910 3928 XXI“.

148 3991 424 4053 4cm
448 3982 497 4033 in
520 3982 771 4047 superiore
791 3981 994 4053 epistola
1023 3981 1265 4043 Leontius,
1292 3981 1426 4053 quod
1441 3995 1542 4053 non
1560 3984 1812 4053 scriberet,
1831 3983 2023 4053 videtur
2048 3984 2097 4036 in
2121 3985 2550 4053 ipsumupasilium
2568 3987 2757 4053 crimen
2780 3985 3155 4053 convertisse,_et
3177 3984 3435 4039 Iulianum

162 4049 173 4059 ‘
431 4043 688 4097 accusasse
710 4044 841 4110 quod
862 4045 1048 4097 litteras
1070 4058 1185 4095 suas
1202 4043 1639 4098 non'reddidisset.
1674 4043 1816 4099 Unde
1852 4043 2150 4111 perurbane
2172 4048 2388 4099 Basilius
2416 4056 2463 4100 et
2484 4062 2536 4100 se
2559 4055 2605 4101 et
2627 4047 2886 4100 lulianum
2908 4047 3142 4113 defendit.

618 4173 913 4271 ³Λεοντίῳ
939 4170 1234 4244 σοφιστῇ.

220 4288 418 4346 Ἕοικέ
471 4307 528 4344 τι
575 4291 677 4360 τῆς
718 4288 904 4361 κοινῆς
944 4287 1340 4355 καταστάσεως
1386 4289 1483 4344 καὶ
1540 4291 1623 4354 είς
1673 4291 1745 4345 τὰ

152 4381 352 4438 ἑαυτοῦ
380 4382 687 4453 πράγματα
734 4383 763 4434 ὁ
807 4380 1043 4452 χρηστὸς
1097 4380 1385 4447 Ἰουλιανὸς
1426 4383 1742 4437 ἀπολαύειν.

2376 4174 2597 4231 Leontio
2629 4176 2902 4244 sophistar.

1923 4288 2155 4346 Videtur
2187 4288 2397 4361 aliquid
2427 4305 2495 4345 ex
2515 4289 2796 4346 communi
2829 4302 3015 4345 rerum
3046 4294 3195 4345 statu
3221 4289 3277 4344 in
3310 4303 3438 4360 pro-

1848 4381 1989 4454 priis
2036 4382 2154 4439 suis
2200 4381 2382 4437 bonus
2434 4378 2688 4436 Julianus
2745 4380 3046 4453 percipere.
3113 4379 3438 4451 Reposcitur

162 4476 510 4529 ’Δπαιτεῖται
537 4472 647 4545 γὰρ
672 4472 767 4526 καὶ
791 4474 973 4537 αὐτὸς,
1002 4474 1097 4527 καὶ¹
1120 4474 1437 4543 ἐγκαλεῖται
1472 4474 1740 4547 σφοδρῶς,

1854 4474 1996 4529 enim
2042 4479 2097 4529 et
2139 4472 2290 4544 ipse,
2332 4480 2389 4528 et
2439 4480 2735 4529 accusatur
2784 4472 3170 4533 vehementer,
3216 4472 3437 4542 quando

151 4566 346 4639 ἐπειδὴ
376 4566 562 4620 πάντα
590 4563 687 4618 νῦν
733 4566 1152 4637 ἀπαιτουμένων
1183 4566 1279 4620 καὶ
1326 4567 1746 4639 ἐγκαλουμένων

151 4662 339 4732 γέμει.
387 4658 544 4731 Πλὴν
585 4660 710 4713 ὅσον
753 4658 876 4730 οὐχὶ
924 4660 1197 4730 εἰσφορῶν
1225 4659 1585 4731 ἐλλείμματα,
1630 4658 1744 4714 ἀλλ’

151 4752 486 4808 ἐπιστολῶν.
536 4750 731 4804 Καίτοι
785 4750 950 4805 πόθεν
995 4750 1126 4821 (73)
1184 4750 1335 4822 αὐτῷ
1380 4751 1743 4817 ἐλλέλειπται,

153 4844 373 4914 ἀγνοῶ’
400 4843 574 4897 ἔδωκε
605 4842 715 4914 γὰρ
748 4842 840 4896 ἀεὶ
865 4842 1178 4914 ἐπιστολὴν,
1212 4841 1315 4912 τὴν
1338 4843 1395 4897 δὲ
1418 4843 1742 4914 ἐκομίσατο·

154 4939 206 4990 s!
261 4936 342 5009 μή
374 4935 431 4989 τί
477 4951 584 4988 που
616 4935 712 4988 καὶ
749 4935 900 5006 παρά
932 4937 1015 4988 σοὶ
1045 4936 1080 5005 ὴ
1128 4935 1564 5006 πολυθρύλλητος
1609 4935 1744 5007 αὑτὴ

228 5117 349 5189 (68)
380 5114 790 5189 Σοφιστῇ-ΙΨ
823 5122 1029 5185 septem
1079 5129 1213 5189 mss:
1258 5121 1323 5189 et_
1359 5113 1526 5169 editio
1569 5113 1748 5189 linga-

159 5184 410 5245 noensis.
466 5184 604 5241 Alia:
644 5184 914 5241 editiones
958 5185 1237 5255 σοφιστοῦ.
1284 5184 1422 5240 Cum
1464 5184 1746 5255 autem’in

160 5259 428 5315 omnibus
458 5256 741 5312 codicibus
771 5272 918 5328 mss._
935 5266 990 5310 et
1024 5254 1187 5328 editis
1217 5254 1486 5328 legaturﬂ
1520 5255 1582 5308 τὸ
1613 5256 1748 5328 γρά-

158 5347 301 5399 φειν·
333 5345 457 5389 cum
486 5328 698 5399 quidem
729 5325 992 5399 negotium
1023 5325 1229 5399 nullum
1259 5327 1331 5379 sit
1355 5325 1629 5393 sophistae,
1661 5326 1747 5399 ni-

158 5394 210 5454 ἇί
240 5411 300 5452 ut
343 5394 583 5460 scribat;
623 5398 758 5453 nihil
794 5394 1055 5467 equidem
1106 5397 1160 5450 in
1209 5404 1467 5467 contextu
1517 5394 1745 5467 mutavi.

160 5468 270 5531 Sed
298 5479 510 5532 tamen,
544 5470 671 5538 quia
697 5465 899 5538 pugnat
928 5468 1043 5521 haec
1072 5466 1342 5538 sententia
1371 5480 1495 5538 cum
1523 5465 1607 5538 his
1627 5481 1748 5538 qua;

158 5531 501 5609 sequuntur,
523 5531 927 5609 veLde'lendum
961 5537 1096 5609 illud
1118 5537 1176 5608 ἦ,
1202 5536 1287 5591 vel
1310 5531 1742 5609 scribcnduniﬁ.

243 5605 352 5682 (69)
387 5609 468 5682 To
504 5608 762 5682 πυκνόιντ
794 5606 1054 5682 Quamvis
1086 5605 1195 5661 non
1220 5607 1365 5682 _ma_le
1390 5606 1445 5659 in
1472 5605 1637 5682 editis
1666 5605 1747 5682 le-

160 5676 413 5751 εεῑιιιίτδ
439 5680 663 5749 πικρόν,
702 5678 944 5751 molestia
990 5677 1371 5751 occupationis,
1408 5676 1745 5751 prafereuda

162 5736 350 5819 "nmen
377 5736 589 5828 septem
616 5736 866 5805 codicum
904 5763 1036 5804 mss.
1061 5736 1128 5806 οἱ
1147 5736 1752 5821 οόίιίοιιίεᾘοειιηοοο-

1845 4564 2066 4637 quidem
2095 4580 2243 4621 nunc
2286 4564 2472 4621 omnia
2496 4564 2567 4621 iis
2588 4606 2603 4633 ,
2634 4579 2664 4618 a
2694 4565 2897 4634 quibus
2927 4564 3166 4635 exigitur
3188 4604 3205 4629 ,
3234 4564 3441 4634 quiquo

1848 4668 2217 4722 accusantur,
2268 4657 2606 4713 redundant.
2668 4654 2789 4711 Non
2851 4663 3035 4711 tamen
3104 4655 3435 4711 tributorum

1847 4750 2156 4806 debitiones
2191 4758 2342 4814 sunt,
2372 4748 2471 4805 sed
2501 4748 2883 4820 epistolarum.
2917 4746 3270 4818 Quanquam,
3296 4762 3440 4818 quon

1847 4841 2013 4897 modo
2042 4840 2261 4896 debitor
2302 4841 2410 4906 sit,
2451 4841 2666 4912 ignoro.
2705 4837 2934 4909 Semper
2964 4837 3110 4893 enim
3146 4837 3439 4908 epistolam

1848 4934 2021 4999 dedit,
2047 4941 2213 5005 atque
2236 4933 2381 4989 hanc
2408 4933 2624 4989 detulit.
2650 4930 2768 4987 Nisi
2800 4931 2939 4986 forte
2962 4937 3018 4986 et
3043 4929 3186 5001 apud
3213 4940 3266 4985 te
3287 4929 3438 4985 cele—

1850 5111 1930 5167 sis
1962 5110 2264 5179 scriptura.
2292 5120 2455 5179 quam
2488 5122 2544 5159 tn
2578 5111 2897 5179 contextum
2919 5100 3271 5179 _it_tduxim_us.

1923 5180 2035 5250 (7U)
2064 5170 2726 5250 Kutaxoﬁel'gumﬂelq.
2772 5174 2877 5227 Pro
2891 5174 3006 5250 _his
3046 5172 3275 5250 vocibus
3303 5170 3437 5250 legi-

1849 5239 1941 5305 tur
1968 5239 2362 5321 κατακορίᾳῖιι
2391 5239 2571 5300 (ΣοίεΙ.
2601 5239 2855 5315 utroque,
2891 5241 3014 5296 Vat.
3042 5250 3097 5297 et
3131 5239 3301 5311 Regio
3322 5242 3435 5310 pri-

1851 5337 1964 5376 mo.

1946 5389 2034 5459 71)
2071 5391 2169 5455 Ὃς
2204 5388 2355 5456 πρὸς
2370 5383 2709 5459 μένιείῇλοίει.
2723 5383 2951 5459 primus
2984 5379 3280 5459 ᾆσον-’πρὸς
3311 5379 3433 5459 μέν.

1946 5393 2034 5459 71)
2071 5393 2169 5455 Ὃς
2204 5393 2355 5456 πρὸς
2374 5393 2508 5455 μέν.
2536 5393 2951 5506 υοὶε1.¹ρτιηιιιε
2984 5393 3108 5435 οσον
3142 5393 3280 5452 προς
3311 5393 3432 5450 μεν.

1920 5393 2057 5533 ίἹΞλ
2082 5459 2275 5533 τούτῳ
2307 5456 2448 5533 γάρ.
2491 5452 2675 5533 Editio
2721 5523 2733 5533 _
2764 5452 3049 5533 arisiensis
3118 5450 3209 5505 'Ev
3254 5448 3432 5533 τούτῳ

1850 5523 1980 5603 γάρ.
2020 5523 2131 5603 Sed
2163 5523 2490 5603 prapositio
2529 5525 2684 5580 deest
2720 5523 2775 5577 in
2806 5523 3048 5594 quinque
3081 5536 3216 5577 mss.
3256 5529 3310 5576 et
3341 5537 3434 5577 ve-

1852 5599 2017 5656 tustis
2047 5599 2401 5655 editionibus.

1924 5672 2037 5738 (Ἱόὶ
2082 5671 2281 5722 Καίτοι
2312 5670 2517 5723 πόθεν.
2550 5663 2639 5738 S_ic
2667 5679 2801 5738 mss.
2846 5660 3008 5738 Editi_
3022 5662 3123 5738 καὶ
3152 5662 3213 5717 τὸ
3245 5661 3433 5719 πόθεν.

1926 5732 1944 5765 ⁵
1986 5743 2135 5796 Alias
2166 5738 2531 5796 CCCLXXlll.
2565 5735 2777 5807 Scripta
2810 5749 2951 5788 anno
2979 5732 3100 5789 565.
