3912 6214
432 265 543 320 287

1732 306 1741 311 -
1785 270 1842 327 S.
1888 271 2132 328 BASlLH
2173 273 2389 365 LEAGNI

3598 266 3716 325 288

438 382 742 438 berrimum
775 383 913 439 illud
935 385 1305 457 quadruplum
1333 390 1539 460 primas
1572 391 1801 445 obtinet.
1843 393 2027 462 Neque

2166 394 2408 467 ετραπλῆ
2441 392 2552 464 (74)
2604 391 3019 463 προτετίμηται.
3047 389 3182 443 Οὐδὲ
3218 388 3329 460 γὰρ
3365 388 3417 442 οἱ
3461 386 3720 457 Πυθαγό-

435 474 583 530 enim
609 475 749 530 tanti
773 478 1113 534 aestimavere
1129 478 1425 552 Tetractyn
1440 480 1807 554 Pythagoran,
1835 482 2028 553 quanti

438 581 588 621 nunc
617 568 987 640 quadruplum
1023 571 1116 641 qui
1146 574 1413 642 pecunias
1453 574 1704 645 publicas
1743 575 2026 645 colligunt.

437 656 508 713 Et
549 658 692 716 forte
719 663 1065 717 contrarium
1101 664 1216 719 ﬁeri
1248 680 1346 735 par
1375 673 1532 731 erat,
1569 673 1627 719 ut
1652 666 1746 736 qui
1780 666 2031 737 sophista

439 766 501 806 es
523 789 538 814 ,
582 766 647 807 ac
681 759 833 806 tanta
865 752 1080 808 dicendi
1114 757 1271 826 copia
1306 755 1483 811 allluis
1506 798 1522 821 ,
1568 756 1704 812 mihi
1752 757 1868 826 ipse
1896 770 2033 828 qua-

441 841 642 914 druplo
669 845 930 900 solvendo
952 844 1254 903 obstrictus
1284 863 1459 903 esses.
1488 846 1600 903 Nec
1630 863 1717 903 me
1750 849 2034 904 existimes

443 937 562 994 haec
614 949 1035 995 succcttsentem
1088 942 1353 996 scribere.
1416 941 1673 997 Oblector
1718 942 1864 996 enim
1919 940 2033 999 tuis

443 1030 612 1086 etiam
646 1032 1207 1102 reprehensionibus;
1237 1032 1509 1104 siquidem
1541 1048 1570 1086 a
1606 1032 1850 1103 pulchris
1881 1032 2035 1086 aiunt

447 1123 635 1178 omnia
664 1140 789 1178 cum
823 1125 1254 1195 pulchritudinis
1278 1126 1599 1180 accessione
1626 1125 1780 1192 ticri;
1810 1124 1947 1180 adeo
1975 1131 2035 1179 ut

446 1222 503 1271 et
549 1214 735 1271 dolere
782 1226 837 1271 et
886 1218 1053 1272 irasci
1109 1233 1220 1272 non
1267 1233 1364 1273 eos
1410 1217 1691 1273 dedeceat.
1750 1217 2035 1273 Libentius

449 1323 584 1364 sane
620 1309 814 1365 viderit
842 1311 968 1381 quis
997 1311 1234 1366 amicum
1262 1311 1592 1367 irascentem
1613 1352 1629 1377 ,
1658 1326 1824 1381 quam
1866 1312 2034 1365 alium

449 1402 743 1475 colentem,
782 1401 1073 1474 Nunquam
1113 1405 1279 1474 igitur
1318 1404 1540 1460 desinas
1588 1403 1717 1457 talia
1758 1405 2032 1457 incusare.

454 1491 677 1550 Littera:
696 1495 844 1549 enim
865 1505 1027 1550 erunt
1056 1496 1188 1567 ipsae
1216 1495 1653 1559 criminationes,
1679 1494 1881 1564 quibus
1905 1494 2037 1548 inihi

451 1585 637 1640 nullus
680 1600 862 1641 sermo
898 1588 1115 1651 carior,
1145 1587 1349 1657 quique
1393 1586 1655 1655 majorem
1704 1585 1843 1639 ferat
1880 1584 2037 1639 volu—

452 1687 679 1748 ptatem.

966 1791 1304 1849 EPISTOLA
1343 1791 1530 1848 XXII'.

2133 502 2239 558 ριοι
2260 486 2373 555 (75)
2404 483 2654 538 τοσοῦτον
2685 484 3059 557 προετίμησαν
3090 482 3187 553 τὴν
3227 480 3551 551 τετρακτὺν,
3584 480 3720 533 ὅσον

2129 577 2180 630 οἱ
2218 576 2311 630 νῦν
2362 576 2678 647 ἐκλέγοντες
2721 576 2790 630 τὰ
2810 575 3049 646 δημόσια
3082 575 3181 646 τὴν
3206 571 3537 644 τετραπλῆν.
3567 569 3719 625 Καί-

2129 685 2280 737 τοιγε
2310 668 2439 732 ῐσως
2481 669 2543 722 τὸ
2577 667 2820 722 ἐναντίον
2859 666 3006 730 είκδς
3033 662 3122 737 ἦν,
3158 664 3418 736 σοφιστὴν
3440 664 3589 727 ὄντα,
3618 663 3724 717 καὶ

2132 760 2469 831 εὐποροῦντα
2492 760 2668 830 λόγων
2698 758 2991 823 τοσούτων,
3019 758 3193 822 αὑτὸν,
3212 759 3344 827 ἡμῖν
3372 758 3452 818 είς
3479 756 3576 828 τὴν
3605 755 3719 809 τῶν

2131 851 2549 924 τετραπλασίων
2569 851 2777 905 ἔκτισιν
2799 850 3141 904 ὑποκεῖσθαι.
3165 849 3276 902 Καὶ
3305 848 3379 920 μὴ
3404 849 3515 901 οἵου
3539 846 3722 902 ταῦτα

2133 944 2586 1016 δυσχεραίνοντας
2617 944 2768 1014 ἡμᾶς
2809 942 3065 1015 γράφειν.
3118 941 3311 1011 Χαίρω
3342 940 3450 1012 γάρ
3484 954 3578 992 σου
3621 940 3722 991 καὶ

2134 1038 2256 1100 ταῖς
2291 1022 2565 1105 μέμψεσιν
2587 1049 2603 1064 ·
2636 1035 2825 1106 ἐπειδὴ
2854 1037 2969 1097 τοῖς
3000 1032 3185 1096 καλοῖς
3214 1048 3345 1101 φασι
3372 1032 3548 1085 πάντα
3574 1030 3723 1100 μετά

2136 1128 2233 1199 τῆς
2266 1127 2359 1181 τοῦ
2395 1126 2561 1180 καλοῦ
2590 1126 2907 1199 προσθήκης
2935 1125 3217 1194 γίνεσθαι·
3249 1124 3391 1177 ὥστε
3419 1123 3514 1176 καὶ
3539 1121 3721 1186 λύπας

2135 1220 2320 1282 αὐτοῖς
2344 1219 2438 1272 καὶ
2463 1219 2632 1290 ὀργὰς
2661 1219 2990 1289 ἐπιπρέπειν
3012 1217 3147 1287 (76).
3171 1215 3360 1269 ’Ἥδιον
3383 1213 3513 1283 γοῦν
3541 1215 3607 1268 ἄν
3633 1229 3725 1278 τις

2139 1313 2239 1367 ῐδοι
2293 1310 2648 1384 ὀργιζόμενον
2712 1310 2804 1362 τὸν
2855 1307 3220 1378 ἀγαπώμενον
3261 1306 3295 1376 ἢ
3343 1305 3728 1377 θεραπεύοντα

2136 1403 2346 1475 ἕτερον.
2412 1402 2639 1473 Μήποτε
2691 1396 2785 1454 οὖν
2839 1401 2976 1471 ἀνῇς
3038 1397 3287 1466 ἐγκαλῶν
3333 1396 3402 1449 τὰ
3466 1393 3720 1450 τοιαῦτα.

2139 1493 2448 1565 Γράμματα
2494 1491 2604 1564 γάρ
2652 1507 2753 1543 που
2790 1489 2944 1543 ἔσται
3001 1490 3141 1543 αὑτά
3169 1489 3240 1541 τὰ
3271 1487 3611 1557 ἐγκλήματα,
3644 1480 3725 1540 ὧν

2140 1585 2267 1654 ἐμοὶ
2294 1583 2451 1637 οὐδὲν
2489 1584 2742 1653 ἄκουσμα
2764 1580 3113 1653 τιμιώτερον,
3141 1579 3262 1633 οὑδὲ
3296 1578 3513 1633 πλείονα
3555 1577 3735 1649 φέρον.

2142 1676 2243 1748 τὴν
2265 1675 2482 1747 ἡδονήν.

2679 1790 3028 1844 ΕΠΙΣΤΟΔΗ
3065 1790 3193 1848 ΚΒ’.

453 1903 737 1965 Honestij
758 1902 869 1959 vita
885 1904 1045 1969 ofﬁcia
1063 1905 1268 1957 breviter
1289 1904 1484 1964 exponit
1506 1904 1719 1958 Basilius
1738 1919 1832 1956 non
2106 1902 2392 2017 cisia-gnara:
2417 1901 2718 1966 testimoniis,
2738 1901 2824 1954 sed
2845 1902 2936 1953 hac
2956 1899 3288 1967 pertractandi
3307 1899 3492 1953 ratione
3515 1900 3567 1951 in
3587 1898 3753 1953 aliud

772 2073 852 2130 De
889 2075 1206 2144 perfectione
1246 2076 1363 2130 vitae
1396 2077 1723 2132 monasticis.

529 2191 582 2245 1.
596 2190 769 2246 Multa
781 2205 907 2246 cum
921 2191 1053 2258 sint,
1067 2192 1741 2263 quaadivinitusinspirata
1755 2191 2042 2262 Scriptura

456 2283 546 2345 iis,
576 2283 676 2352 qui
711 2280 822 2338 Deo
848 2281 1071 2336 student
1101 2283 1320 2352 placere
1339 2323 1353 2347 ,
1387 2282 1729 2338 observanda
1758 2282 2040 2344 declarat;

455 2372 526 2428 de
552 2373 638 2429 his
665 2372 798 2427 solis
825 2372 1065 2434 interim,
1094 2371 1160 2425 de
1186 2372 1385 2440 quibus
1416 2387 1563 2425 nunc
1593 2370 1734 2441 apud
1767 2387 1863 2423 vos
1890 2384 2043 2422 com-

459 2470 603 2519 mota
635 2462 864 2533 quaestio
892 2470 999 2525 est,
1030 2470 1087 2515 ut
1109 2461 1271 2516 didici
1295 2479 1362 2516 ex
1397 2463 1515 2531 ipsa
1547 2476 1704 2516 sacra
1733 2460 2042 2529 Scriptura,

460 2556 682 2612 brevem
726 2555 1153 2609 admonitionem
1195 2553 1309 2623 99
1355 2553 1628 2623 subjicere
1674 2553 2044 2607 necessarium

459 2661 584 2703 esse
611 2645 779 2710 duxi;
810 2646 886 2699 ita
931 2653 990 2699 ut
1022 2644 1090 2699 de
1119 2659 1335 2714 quaque
1368 2660 1427 2699 re
1459 2645 1860 2708 testimonium,
1900 2644 2046 2699 haud

461 2750 596 2791 sane
637 2736 705 2789 ad
757 2736 1173 2806 percipiendum
1218 2735 1470 2799 diﬂicile,
1520 2736 1928 2807 agnoscendum
1980 2736 2048 2792 iis

464 2826 791 2895 relinquam,
821 2825 914 2895 qui
949 2826 1005 2880 in
1041 2825 1272 2896 legendo
1297 2834 1627 2882 exercentur
1656 2835 1711 2882 et
1743 2827 1884 2883 alios
1912 2828 2048 2883 sub-

462 2931 687 2972 monere
744 2924 1023 2987 poterunt.
1071 2917 1301 2987 Oportet
1356 2917 1735 2973 Christianum
1798 2933 1862 2973 ea
1927 2934 2050 2990 quae

465 3008 752 3064 vocatione
784 3009 995 3064 caelesti
1042 3008 1206 3079 digna
1240 3016 1401 3073 sunt,
1450 3010 1689 3075 sentire,
1720 3025 1784 3064 ac
1830 3010 2049 3082 dignam

466 3099 765 3171 Evangelio
788 3099 997 3156 Christi
1024 3102 1191 3156 vitam
1220 3101 1438 3172 degere.
1473 3100 1591 3156 Non
1632 3109 1849 3172 oportet
1890 3103 2053 3156 Chri-

466 3192 709 3248 stianum
738 3192 925 3247 animo
949 3194 1191 3263 evagari,
1221 3208 1395 3263 neque
1412 3193 1523 3247 ulla
1546 3207 1650 3247 rea
1673 3194 2053 3248 recordatione

469 3282 612 3351 Dei,
663 3284 894 3355 ejusque
951 3285 1279 3354 placitorum
1339 3293 1393 3340 et
1438 3285 1775 3356 judiciorum
1831 3286 2050 3342 abduci.

469 3378 698 3447 Oportet
730 3376 1135 3441 Christianum,
1169 3376 1594 3447 justiﬂcationes
1623 3379 1760 3450 legis
1788 3378 1844 3432 in
1872 3379 2053 3432 omni-

2336 2075 2475 2144 Περὶ
2509 2075 2886 2143 τελειότητος
2917 2073 3033 2144 (77)
3057 2074 3204 2139 ,ϐίου
3231 2071 3536 2143 por-axina

2218 2188 2271 2243 1.
2308 2186 2525 2242 Πολλῶν
2554 2185 2720 2240 ὄντων
2739 2186 2847 2239 τῶν
2873 2186 2978 2240 ὑπὸ
3001 2186 3099 2257 τῆς
3131 2184 3489 2239 θεοπνεύστου
3506 2183 3733 2256 Γραφῆς

2148 2279 2496 2353 δηλουμένων
2522 2279 2657 2351 (78),
2701 2279 2812 2333 τῶν
2846 2277 3242 2352 κατορθοῦσθαι
3268 2276 3591 2346 ὀφειλόντων
3617 2280 3734 2340 τοῖς

2150 2371 2543 2426 ἐσπουδακόσιν
2578 2371 2943 2443 εὐαρεστῆσαι
2968 2369 3045 2441 τῷ
3077 2368 3216 2439 Θεῷ,
3238 2368 3369 2440 περὶ
3396 2368 3573 2440 μόνων
3593 2368 3735 2430 τέως

2149 2464 2258 2517 τῶν
2304 2464 2398 2516 ἐπὶ
2437 2462 2533 2517 τοῦ
2588 2463 2858 2535 παρόντος
2904 2460 3236 2532 κινηθέντων
3291 2462 3419 2531 παρ’
3455 2460 3620 2531 ὑμῖν,
3657 2458 3735 2522 ὡς

2153 2555 2354 2627 ἔμαθον
2389 2554 2448 2623 ἐξ
2495 2555 2670 2625 αὑτῆς
2702 2555 2802 2625 τῆς
2850 2553 3210 2608 θεοπνεύστου
3245 2554 3490 2625 Γραφῆς,
3519 2555 3577 2606 ὲν
3606 2569 3736 2606 συν-

2152 2649 2302 2719 τόμῳ
2331 2649 2636 2718 ὑπομνήσει
2658 2649 2831 2700 εἰπεῖν
2858 2646 3172 2715 ἀναγκαίως
3202 2643 3612 2718 προεθυμήθην,
3634 2644 3740 2714 τὴν

2154 2741 2282 2814 περὶ
2313 2740 2544 2795 ἑκάστου
2583 2738 2894 2812 μαρτυρίαν
2922 2737 3187 2809 εὔληπτον
3210 2733 3373 2791 οὖσαν
3402 2735 3739 2805 καταλείψας

2154 2831 2541 2904 ἐπιγινώσκειν
2587 2834 2699 2896 τοῖς
2733 2832 2863 2903 περὶ
2909 2830 3010 2901 τὴν
3052 2830 3362 2898 ἀνάγνωσιν
3396 2828 3741 2898 ἀπασχολου-

2158 2923 2379 2995 μένοις,
2422 2923 2620 2987 οἵτινες
2662 2922 2838 2974 ἱκανοὶ
2873 2919 3089 2972 ἔσονται
3137 2919 3231 2971 καὶ
3279 2918 3499 2987 ἑτέρους
3534 2917 3742 2986 ὑπομιη

2159 3017 2440 3087 μνήσκειν.
2464 3016 2585 3068 Ὅτι
2612 3016 2695 3068 δεῖ
2735 3012 2825 3065 τὸν
2856 3010 3182 3084 Χριστιανὸν
3211 3009 3337 3075 ἀξια
3375 3010 3476 3080 τῆς
3507 3010 3747 3079 ὲπουρατ

2157 3107 2271 3160 νίου
2300 3105 2547 3175 κλήσεως
2572 3109 2811 3179 φρονεῖν,
2845 3104 2939 3158 καὶ
2967 3103 3132 3169 ἀξίως
3160 3102 3253 3155 τοῦ
3282 3101 3612 3170 Εὑαγγελίου
3643 3100 3744 3154 τοῦ

2158 3195 2396 3266 Χριστοῦ
2433 3195 2830 3250 πολιτεύεσθαι.
2871 3194 2994 3246 Ὅτι
3044 3193 3104 3245 οὑ
3157 3191 3239 3244 δεῖ
3287 3190 3380 3244 τὸν
3414 3190 3748 3262 Χριστιανὸν

2163 3288 2614 3362 μετεωρίζεσθαι,
2647 3287 2767 3341 οὑδὲ
2795 3285 3127 3354 ἀφέλκεσθαι
3162 3284 3270 3337 ὑπό
3310 3301 3454 3348 τινος
3497 3284 3604 3337 ἀπὸ
3644 3284 3749 3354 τῆς

2165 3384 2383 3452 μνήμης
2422 3380 2515 3434 τοῦ
2563 3378 2723 3443 Θεοῦ,
2774 3379 2868 3433 καὶ
2910 3376 3020 3430 τῶν
3059 3374 3226 3430 αὑτοῦ
3279 3374 3599 3447 θελημάτων
3648 3375 3749 3429 καὶ

471 3470 576 3525 bus
603 3469 1080 3525 transcendentem
1103 3509 1118 3534 ,
1150 3485 1330 3554 neque
1354 3470 1544 3539 jurare
1564 3511 1579 3535 ,
1606 3486 1783 3540 neque
1812 3470 2048 3525 mentiri.

2166 3474 2467 3545 κριμάτων.
2496 3473 2620 3526 ’Ότι
2663 3473 2744 3527 δεῖ
2797 3472 2886 3525 τὸν
2918 3470 3264 3542 Χριστιανὸν,
3293 3470 3580 3542 κρείττονα
3626 3468 3743 3524 τῶν

472 3559 592 3615 Non
619 3568 834 3631 oportet
861 3561 1242 3632 blasphemare
1266 3604 1281 3628 ,
1311 3578 1420 3615 non
1450 3562 1787 3615 contumelia
1816 3559 2055 3615 allicere:

473 3666 584 3708 non
616 3667 885 3723 pugnare,
919 3668 1027 3707 non
1058 3653 1415 3724 semetipsum
1454 3654 1685 3718 ulcisci,
1720 3669 1826 3707 non
1857 3652 2059 3707 malum

479 3759 578 3815 pro
627 3746 772 3799 malo
812 3745 1072 3811 reddere,
1115 3760 1227 3799 non
1259 3746 1445 3800 irasci.
1480 3746 1709 3816 Oportet
1736 3761 2064 3815 quacunque

481 3838 669 3892 laesum
721 3836 923 3905 injuria
972 3838 1268 3907 patientem
1314 3851 1479 3900 esse,
1532 3846 1697 3907 atque
1745 3839 2066 3906 tempestive

479 3943 604 3985 eum
649 3928 744 3999 qui
780 3928 919 3985 laesit
967 3929 1335 4000 redarguere,
1378 3946 1488 3984 non
1533 3930 1771 4001 pr0priaa
1811 3931 2067 3985 vindicta:

481 4019 689 4084 studio,
719 4020 815 4076 sed
841 4020 1204 4076 correctionis
1230 4019 1488 4077 fraternae
1509 4020 1815 4077 secundum
1849 4022 2068 4076 manda-

554 4157 576 4179 ⁶
612 4154 766 4210 Alias
790 4154 1062 4210 CCCCXI.
1096 4153 1311 4224 Scripta
1349 4154 1566 4211 videtur
1596 4169 1742 4209 anno
1765 4151 1890 4210 564.

555 4224 667 4297 (⁸74)
696 4226 1040 4297 Τετραπλῆ.
1110 4225 1435 4297 Suspicatur
1474 4224 1852 4297 Gothofredus
1902 4231 2070 4297 tetra-

486 4294 630 4366 platn
652 4294 774 4350 sive
809 4297 1197 4366 quadruplum,
1225 4294 1293 4348 de
1320 4311 1443 4366 «quo
1472 4296 1705 4348 Basilius
1735 4295 1787 4347 in
1821 4294 1921 4366 hac
1950 4296 2070 4364 epi-

486 4365 651 4430 stola,
698 4365 836 4421 esse
861 4368 1180 4435 pensionem
1226 4365 1781 4433 quadriinenstruam,
1813 4365 1894 4417 vel
1937 4381 2071 4435 qua-

486 4436 664 4505 drupli
696 4433 904 4505 poenam
959 4436 1164 4505 obitum
1209 4436 1386 4489 soluta
1421 4435 1640 4497 tributa,
1690 4437 1765 4488 rei
1799 4436 1972 4505 potius
2004 4433 2079 4505 ob.

487 4504 991 4575 superexactionem.
1027 4504 1134 4560 Sed
1165 4507 1336 4575 liquet
1382 4505 1472 4559 hic
1503 4507 1714 4559 litteras
1745 4522 1852 4557 non
1886 4504 2070 4558 reddiu

488 4584 575 4632 tas
624 4592 748 4630 cum
794 4578 1015 4632 tributis
1079 4592 1188 4630 non
1238 4577 1434 4631 solutis
1487 4576 1832 4644 comparari;
1883 4575 2073 4644 sicque

488 4647 751 4704 Basilium
797 4662 922 4702 cum
954 4646 1185 4702 Leontio
1207 4646 1400 4717 jocari,
1437 4646 1594 4715 quasi
1624 4646 1671 4699 is
1703 4646 2071 4717 quadruplum

488 4719 795 4775 litterarqu
844 4715 1289 4788 reposceret,’ut
1344 4717 1714 4788 quadruplum
1760 4715 2070 4788 debitorum

490 4874 598 4915 nus
627 4853 994 4922 Harcellinus,
1026 4873 1135 4927 quo
1172 4865 1330 4919 teste,
1364 4856 1652 4911 Petronius
1682 4872 1840 4911 socer
1873 4853 2071 4909 Valen—

488 4931 599 4986 tis:
630 4929 713 4984 Ad
733 4931 1009 4984 nudandos
1042 4930 1155 4983 sine
1186 4928 1497 4982 discretione
1527 4936 1738 4981 cunctos
1771 4927 2072 4979 immaniter

489 5001 751 5071 ﬂagrans,
787 5011 1026 5071 nocentes
1056 5001 1348 5071 pariteriet
1386 4999 1619 5071 insontes
1649 5007 1765 5071 post
1806 4998 2071 5071 egrquisita

495 5067 759 5127 tormenta
805 5067 1089 5141 quadrupli
1126 5070 1359 5141 nexibus
1404 5070 1684 5141 vinciebat,
1732 5067 1910 5121 debita
1947 5068 2069 5135 jam

492 5142 614 5197 inde
653 5160 686 5195 a
714 5139 1029 5211 temporibus
1052 5139 1302 5208 principis
1339 5140 1615 5211 Aureliani
1647 5149 1986 5211 perscrutans
2019 5146 2070 5191 et

492 5212 760 5282 impendio
794 5208 1042 5273 atterens,
1081 5211 1128 5263 si
1174 5225 1486 5282 quemquam
1521 5209 1829 5282 absoltjisset
1872 5208 2071 5282 indem-

495 5279 648 5349 nem;
690 5284 783 5337 lib.
826 5299 976 5344 xxvu,
1011 5296 1134 5350 cap.
1173 5282 1227 5334 θ.
1269 5279 1362 5333 Est
1390 5296 1520 5350 ergo
1562 5280 1923 5349 quadruplum
1968 5280 2072 5332 hoc

452 5384 455 5407 ;
497 5354 621 5407 loco
651 5369 759 5407 non
783 5353 1262 5421 quadrimenstrua
1295 5353 1504 5419 pensio,
1534 5366 1642 5421 non
1672 5350 2070 5421 superexactio,

499 5423 594 5478 sed
644 5420 976 5488 debitorum,
1019 5437 1141 5491 quae
1175 5422 1351 5476 soluta
1400 5436 1507 5475 non
1564 5420 1799 5484 fuerant,
1837 5420 2075 5474 crudelis

501 5494 807 5561 inquisitio,
838 5502 892 5548 et
920 5492 1209 5563 quadrupli
1262 5506 1421 5562 poma
1468 5493 1575 5556 his,
1605 5491 1700 5561 qui
1744 5506 1852 5543 non
1894 5492 2074 5544 solve-

502 5572 648 5622 rant.
679 5564 954 5630 imposita.

576 5633 691 5705 (75)
731 5628 1104 5705 Πυθαγόριοι.
1146 5630 1222 5686 Ita
1256 5629 1617 5705 llarl.,(;oisl.
1651 5629 1860 5700 primus
1893 5628 2077 5705 _et_alii

503 5699 752 5761 nonnulli
786 5699 917 5758 cum
943 5699 1221 5760 Clemente
1244 5704 1421 5767 Alex.,
1457 5699 1666 5756 Stromf
1705 5717 1751 5765 ι,
1799 5717 1853 5772 p.
1891 5699 1998 5753 505
2025 5709 2081 5754 ct

2164 3568 2304 3622 κατὰ
2352 3568 2443 3621 τὸν
2488 3568 2653 3639 νόμον
2709 3567 3094 3637 δικαιωμάτων
3142 3566 3432 3636 γενόμενον
3477 3567 3536 3618 ὲν
3575 3566 3746 3628 πᾶσι,

2168 3662 2305 3731 μήτε
2338 3658 2582 3730 ὀμνύειν,
2622 3660 2761 3729 μήτε
2788 3657 3098 3729 ψεύδεσθαι.
3131 3659 3253 3711 ’Ότι
3292 3657 3354 3710 οὑ
3386 3657 3466 3710 δεῖ
3497 3655 3749 3727 βλασφη-

2170 3754 2321 3821 μεῖν·
2358 3751 2440 3803 ὂτι
2470 3750 2531 3802 οὑ
2563 3750 2645 3803 δεῖ
2683 3749 2948 3821 ὑϐρίζειν,
2984 3749 3067 3802 ὅτι
3105 3748 3168 3801 οὑ
3210 3747 3292 3801 δεῖ
3340 3746 3633 3818 μάχεσθαι·
3664 3746 3754 3801 ὅτι

2165 3843 2225 3895 οὑ
2255 3841 2335 3895 δεῖ
2367 3841 2559 3894 ἑαυτὸν
2601 3842 2869 3894 ἐκδικεῖν·
2898 3842 2980 3893 ὅτι
3024 3840 3084 3892 οὑ
3106 3839 3187 3891 δεῖ
3229 3838 3398 3892 κακὸν
3431 3838 3552 3891 ἀντὶ
3576 3836 3754 3891 κακοῦ

2165 3933 2509 3986 ἀποδιδόναιο
2546 3934 2628 3986 ὃτι
2670 3933 2732 3985 οὐ
2768 3932 2849 3984 δεῖ
2878 3930 3217 4002 ὀργίζεσθαι.
3255 3930 3380 3981 Ὅτι
3421 3929 3503 3981 δεῖ
3539 3943 3753 3999 μακρο-

2167 4023 2382 4095 θυμεῖν,
2416 4026 2524 4078 πᾶν
2564 4024 2675 4095 (79)
2711 4022 2890 4076 ὁτιοῦν
2922 4022 3222 4093 πάσχοντα,
3260 4022 3355 4074 καὶ
3385 4020 3630 4091 ἐλέγχειν
3661 4021 3757 4073 εὑ-

2168 4163 2292 4217 504.
2350 4160 2519 4216 Coisl.
2575 4159 2848 4215 securidus
2896 4159 3270 4230 Πυθαγόρεοι,
3323 4158 3475 4230 quod
3511 4158 3752 4230 positum

2170 4250 2357 4290 errore
2389 4234 2596 4287 librarii
2626 4246 2725 4299 pro
2754 4228 3141 4301 Πυθαγόραιοιζ
3196 4228 3340 4284 Editi
3374 4228 3753 4301 Πυθαγᾴρειοι.

2243 4304 2352 4371 (ἳϋ)
2405 4301 2813 4369 Ἰἰπιπρέπειν.
2871 4299 3270 4369 Μυείο.θριὶ(›ι·
3314 4301 3427 4354 Ιιειιο
3480 4299 3757 4371 scriptura

2170 4367 2381 4427 codicis
2412 4367 2755 4443 Regii‘primi
2794 4380 2847 4425 et
2881 4371 3057 4441 Bigot.
3096 4367 3260 4442 quam
3297 4372 3513 4440 vulgata
3541 4367 3759 4439 ἐπιτρέ-

2174 4461 2319 4498 ιτειν.

2246 4513 2357 4581 (77)
2394 4513 2537 4580 Περὶ
2566 4513 2962 4578 τελειότητος.
2996 4510 3186 4565 Exstat
3216 4509 3307 4563 hic
3330 4509 3525 4563 titulus
3551 4506 3605 4581 in
3645 4522 3758 4581 uno

2173 4578 2259 4639 ex.
2287 4578 2486 4653 Regiis
2507 4586 2795 4638 codicibus
2835 4585 2975 4653 etin
3020 4581 3190 4653 Ooisl.
3224 4578 3582 4653 prinio,_nisi_
3608 4579 3758 4653 quod

2176 4654 2231 4707 in
2280 4648 2453 4708 Cofsl.
2505 4654 2702 4724 legitur
2760 4650 3070 4724 μοναδικοῆ
3102 4648 3275 4724 Aliter
3330 4652 3386 4724 in
3418 4648 3758 4724 coisliniano

2178 4725 2422 4780 secundo
2455 4734 2509 4778 et
2543 4718 2719 4779 t'ribus
2758 4718 2788 4776 ἐι
2830 4720 3162 4775 Combeﬁsio
3206 4722 3427 4773 citatis:
3459 4718 3760 4789 ἀνεπίγρα;

487 4788 853 4912 ωηεᾶιιεεὶηι
886 4785 1292 4861 ι-ἒροεοθὺιιιιιιν.
1340 4785 1542 4841 Lucem
1593 4785 1780 4841 afferet
1824 4785 2055 4840 Ammia-

490 4874 598 4912 nus
683 4859 994 4912 arcellinus.
1026 4873 1135 4912 auo
1172 4865 1330 4912 teste.
1364 4856 1652 4911 Petronius
1682 4872 1840 4911 socer
1873 4853 2055 4909 Valen-

2177 4812 2296 4912 ξος.
2341 4794 2537 4848 Κανὼν
2581 4792 2814 4865 ἀκριϐὴς
2855 4791 2958 4860 τῆς
3000 4790 3143 4844 κατά
3181 4790 3244 4843 τὸ
3290 4785 3761 4857 Εὑαγγέλιονῖτοῦ

2204 4864 2415 4912 ὀιστοῦ
2442 4866 2745 4912 destrinxi:
2769 4861 3063 4912 πολιτείας.
3103 4861 3232 4912 Sine
3260 4861 3620 4912 inscriptione.
3654 4859 3761 4912 A0-

2232 4859 2415 4937 ριστοῦ
2442 4859 2745 4935 ἀσκητικῆς
2764 4859 3063 4937 πολιτείας,
3103 4861 3240 4937 δίιιιεΔ
3260 4861 3620 4937 inscriptione.
3637 4859 3764 4937 ¹βο-

2176 4929 2365 4989 curata
2390 4929 2586 5005 reguta'
2608 4929 2828 4989 ascetici
2856 4931 3144 4987 secundum
3175 4929 3376 4986 Christi
3414 4929 3761 5000 Evangeliunt

2173 5007 2425 5060 instituti.

2247 5078 2358 5147 (78)
2398 5074 2813 5147 Anlovpérwf.
2857 5071 2990 5127 Post
3033 5072 3175 5147 hanc
3216 5086 3423 5147 vocem
3450 5068 3623 5124 delevi
3669 5068 3764 5147 καί

2177 5140 2504 5202 auctoritate
2562 5140 2686 5202 cod.
2756 5142 2891 5214 Reg.
2952 5151 3030 5214 et‘
3060 5144 3234 5213 Bigot.
3293 5140 3487 5214 Paulo
3522 5148 3651 5214 post
3707 5144 3771 5195 in.

2174 5219 2343 5273 Coisl.
2393 5218 2634 5273 secundo
2661 5225 2715 5269 et
2757 5210 2864 5269 uno
2896 5230 2961 5284 ex
2998 5210 3185 5284 Regiis
3217 5216 3275 5284 ὲν
3328 5211 3583 5284 συντόμῳ
3630 5210 3759 5284 ὑπο.

2181 5290 2382 5359 μνῆσαι
2429 5284 2840 5359 προεθυμήθην.
2903 5282 2960 5335 In
3011 5281 3191 5359 primo
3249 5283 3417 5337 Coisl.
3481 5281 3645 5359 deest
3689 5281 3766 5330 εἱ-

2181 5352 2324 5423 ἷιτεῖν,
2376 5352 2522 5412 unde
2564 5352 2788 5425 conjici
2827 5361 3016 5424 posset
3081 5356 3222 5409 hanc
3271 5367 3463 5406 vorem
3523 5352 3764 5425 additam

2180 5422 2693 5514 [uisseLpostquam
2732 5422 2940 5479 librarii
2990 5433 3288 5493 posuerant
3332 5422 3635 5491 ὑπομνήσει
3668 5434 3768 5489 pro

2182 5516 2513 5552 unouvnsan

2606 5566 2722 5618 Duo
2753 5581 2866 5638 mss
2890 5637 2894 5638 ί
2920 5564 3173 5638 πάντοτε.
3208 5559 3376 5613 Paulo
3410 5564 3529 5628 post
3571 5550 3767 5609 ἑαυτοῦ

2188 5642 2240 5695 in
2265 5632 2486 5695 duobus
2519 5636 2722 5708 Regiis.
2760 5637 2899 5688 Editi
2938 5632 3129 5707 αὑτοῦι
