3912 6214
143 284 257 344 εεο

1114 284 1607 344 EPISTOLARUM
1645 284 1936 346 CLASSIS
1968 286 2012 345 Ι.
2052 286 2275 349 EPIST.
2317 290 2485 352 XX".

3334 293 3444 353 290

143 403 368 475 καίριος
401 376 496 461 τδν
517 401 830 472 ἀδικοῦντα,
864 407 926 461 οὐ
972 404 1078 479 μὴν
1113 408 1172 461 ἐν
1210 405 1377 460 πάθει
1425 404 1529 476 τῆς
1560 402 1751 460 ἐαυτοῦ

1856 413 1974 462 tum
1998 403 2236 463 Domini.
2260 405 2380 462 Non
2410 413 2625 478 oportet
2650 405 2703 461 in
2728 406 3009 463 absentem
3040 405 3264 464 fratrem
3286 408 3443 481 quid-

144 495 516 569 ικδικήσεως,
548 497 663 551 ἀλλ’
692 499 755 551 ἐν
787 498 1055 569 ἐπιθυμία
1086 497 1189 568 τῆς
1219 496 1315 550 τοῦ
1346 494 1575 565 ἀδελφοῦ
1603 495 1750 569 διορ-

146 587 405 652 θώσεως,
433 590 578 643 κατὰ
610 589 710 661 τὴν
749 589 971 660 ἐντολὴν
1000 590 1096 643 τοῦ
1138 590 1370 661 Κυρίου.
1399 590 1522 644 Ὅτι
1567 589 1627 643 οὐ
1672 588 1752 641 δεῖ

150 680 300 733 κατά
344 680 581 744 ἀπόντος
623 680 855 749 ἀδελφοῦ
888 676 1070 749 λέγειν
1110 698 1162 734 τι
1197 680 1385 751 σκοπῷ
1406 678 1502 735 τοῦ
1532 679 1752 734 διαϐάλ-

148 768 268 823 λειν
303 771 492 837 αὐτὸν,
538 771 677 842 ὅπερ
723 772 842 824 ἐστὶ
874 771 1204 837 καταλαλιά,
1250 770 1354 824 κᾶν
1386 770 1561 842 ἀληθῆ
1681 769 1752 824 τὰ

150 859 450 932 λεγόμενα.
480 863 604 917 Ὅτι
634 863 717 916 δεῖ
756 863 850 917 τὸν
876 863 1286 916 καταλαλοῦντα
1330 863 1565 932 ἀδελφοῦ
1616 864 1749 917 ἀπο-

153 954 514 1024 στρέφεσθαι.
546 955 670 1009 Ὅτι
704 955 765 1008 οὒ
795 956 877 1009 δεῖ
902 955 1215 1027 εὐτράπελα
1241 954 1598 1024 φθέγγεσθαι.
1627 956 1750 1008 Ὀτι

152 1044 219 1097 οὺ
248 1045 339 1098 δεῖ
363 1046 552 1117 γελᾷν,
587 1045 707 1099 οὐδέ
741 1045 1072 1114 γελοιαστῶν
1102 1044 1413 1115 ἀνέχεσθαι.
1439 1046 1563 1098 Ὅτι
1593 1045 1655 1098 οὐ
1672 1043 1753 1097 δεῖ

149 1136 502 1208 ἀργολογεῖν,
536 1137 802 1191 λαλοῦντα
830 1155 906 1201 τι,
933 1138 962 1190 ὃ
990 1138 1128 1209 μήτε
1174 1137 1313 1208 πρὸς
1342 1136 1615 1207 ὠφέλειαν
1639 1135 1749 1191 τῶν

150 1228 472 1284 ἀκουόντων
533 1230 653 1283 ἐστὶ
675 1270 691 1294 ,
752 1233 890 1301 μήτε
942 1228 1081 1299 πρὸς
1137 1229 1238 1301 τὴν
1291 1228 1598 1297 ἀναγκαίαν
1654 1229 1750 1280 καὶ

152 1322 665 1393 συγκεχωρημένην
711 1323 845 1392 ἡμῖν
888 1321 994 1373 ὑπὸ
1026 1319 1138 1391 (80)
1190 1320 1285 1374 τοῦ
1333 1320 1469 1373 Θεοῦ
1519 1320 1746 1390 χρείανθ

151 1408 298 1463 ὥστε
340 1410 439 1464 καὶ
482 1413 611 1474 τοὺς
643 1409 1048 1483 ἐργαζομένους
1091 1409 1436 1474 σπουδάζειν,
1473 1409 1597 1463 καθ’
1627 1410 1749 1462 ὅσον

150 1504 403 1571 δυνατὸν,
444 1507 584 1578 μετά
621 1507 855 1578 ἡσυχίας
907 1505 1277 1577 ἐργάζεσθαι’
1325 1506 1423 1560 καὶ
1461 1505 1662 1567 αὐτοὺς
1690 1502 1748 1556 δὲ

152 1600 285 1663 τοὺς
339 1599 580 1669 ἀγαθοὺς
628 1600 820 1668 λόγους
876 1600 1015 1671 πρὸς
1063 1598 1307 1661 ἐκείνους
1361 1600 1568 1660 κινεῖν,
1621 1594 1748 1658 τοὺς

154 1691 629 1761 πεπιστευμένους
665 1692 804 1762 μετά
829 1690 1155 1761 δοκιμασίας
1182 1692 1491 1760 οἰκονομεῖν
1534 1687 1626 1742 τὸν
1655 1686 1748 1740 λό-

1858 510 2023 567 quam
2055 497 2271 563 dicere,
2307 498 2455 552 illius
2486 498 2808 553 traducendi
2837 500 3071 554 consilio
3093 539 3108 562 ,
3137 499 3283 570 quod
3313 503 3441 572 qui-

1857 589 1978 643 dem
2004 588 2334 645 obtrectatio
2358 597 2463 654 est,
2487 590 2701 644 etiamsi
2723 605 2852 645 vera
2883 590 2995 645 sint
3017 606 3137 661 qua:
3156 590 3435 648 dicuntur.

1855 678 2113 736 Aversari
2159 680 2227 736 de
2276 681 2446 736 fratre
2485 681 2864 737 detrahentem
2907 691 3141 752 oportet.
3175 681 3440 739 Scurrilia

1856 786 1967 826 non
2000 772 2345 842 proferenda.
2382 771 2500 826 Non
2537 773 2847 834 ridendum,
2876 789 2979 828 nec
3008 774 3318 843 perferendi
3350 774 3441 831 di-

1854 876 2039 918 caces.
2072 861 2193 918 Non
2226 863 2555 933 loquendum
2586 864 2793 924 otiose,
2834 863 3044 934 aliquid
3076 864 3437 933 proferendo,

1855 954 2002 1024 quod
2031 971 2132 1010 nec
2170 957 2237 1010 ad
2293 956 2588 1011 utilitatem
2632 956 2966 1011 audientium
3004 958 3296 1026 pertineat,
3336 971 3440 1012 nec

1855 1045 1925 1099 ad
1958 1047 2329 1101 necessarium
2378 1057 2432 1101 et
2471 1061 2792 1101 COnCCSSIlm
2834 1047 2993 1102 nobis
3022 1062 3055 1100 a
3101 1045 3212 1102 Deo
3239 1063 3436 1103 usum:

1855 1137 1994 1191 adeo
2027 1146 2085 1191 ut
2124 1145 2178 1191 et
2211 1139 2525 1193 laborantes
2559 1140 2851 1202 studeant,
2885 1147 3151 1209 quantum
3186 1140 3301 1195 ﬁeri
3334 1148 3437 1211 po-

1856 1237 1982 1293 test,
2011 1231 2230 1285 silentio
2258 1232 2537 1299 laborare;
2569 1232 2744 1288 bonos
2779 1240 2957 1286 autem
2984 1233 3131 1302 ipsos
3157 1246 3440 1289 sermones

1856 1320 1924 1376 iis
1964 1331 2309 1391 proponant,
2366 1324 2568 1393 quibus
2611 1325 2966 1380 conuuissum
3016 1334 3098 1380 est
3143 1326 3441 1395 prudenter

1855 1412 2178 1481 dispensare
2210 1429 2520 1468 sermonem
2566 1414 2634 1469 ad
2683 1414 3103 1470 aediﬁcationem
3152 1416 3322 1483 fidei;
3369 1431 3441 1474 ne

1856 1514 2085 1559 sanctus
2108 1504 2202 1561 Det
2233 1504 2471 1575 Spiritus
2495 1505 2762 1560 afficiatur
2790 1508 3039 1563 tristitia.
3074 1508 3189 1563 Non
3222 1517 3441 1579 oportet

1855 1604 1916 1650 ut
1947 1598 2239 1667 quisquam
2264 1613 2331 1652 ex
2364 1599 2883 1667 supervenientibus
2917 1600 3088 1655 libere
3117 1601 3344 1656 accedat
3368 1599 3440 1658 ad

1857 1686 2086 1742 fratrum
2111 1689 2348 1757 aliquem
2384 1696 2479 1743 aut
2506 1690 2875 1760 colloquatur,
2926 1699 3220 1760 antequam
3254 1693 3291 1747 ii
3319 1694 3440 1764 qui-

151 1799 253 1849 γον
278 1784 418 1854 πρὸς
450 1784 736 1857 οἰκοδομὴν
769 1786 867 1855 τῆς
896 1785 1154 1847 πίστεως,
1178 1783 1268 1836 ἵνα
1310 1783 1383 1853 μὴ
1415 1780 1656 1851 λυπῆται
1688 1779 1749 1832 τὺ

1856 1780 1955 1836 bus
1977 1795 2109 1835 cura
2138 1782 2443 1851 disciplinae
2465 1782 2520 1837 in
2549 1783 2805 1839 omnibus
2828 1783 3113 1839 servandae
3141 1786 3440 1841 commissa

154 1874 389 1944 Πνεῦμα
414 1874 476 1926 τὸ
508 1876 662 1942 ἆγιον
697 1874 790 1927 τοῦ
810 1874 969 1928 Θεοῦ.
1002 1875 1125 1926 Ὀτι
1153 1874 1215 1926 οὐ
1237 1873 1318 1926 δεῖ
1346 1872 1455 1925 τῶν
1492 1873 1749 1943 ἐπεισερ-

148 1967 407 2036 χθμένων
443 1966 566 2019 τινὰ
619 1968 707 2018 ἐπ’
754 1966 1005 2031 ἐξουσίας
1055 1965 1296 2034 ἐγγίζειν
1343 1965 1453 2035 (8i)
1500 1965 1534 2035 ἢ
1569 1963 1751 2018 λαλεῖν

151 2074 263 2110 τινι
308 2057 421 2110 τῶν
466 2058 745 2128 ἀδελφῶν,
796 2058 930 2129 πρὶν
974 2057 1041 2111 ἂν
1086 2060 1135 2110 οἱ
1178 2056 1602 2127 ἐπιτεταγμένοι
1650 2056 1752 2128 τὴν

154 2151 421 2222 φροντίδα
465 2152 562 2221 τῆς
618 2153 676 2204 ἐν
723 2153 892 2205 πᾶσιν
941 2148 1197 2214 εὐταξίας
1244 2148 1585 2220 δοκιμάσωσι
1632 2148 1751 2212 πῶς

152 2243 391 2315 ἀρέσκει
424 2242 546 2313 Θεῷ
591 2242 729 2312 πρὸς
766 2243 829 2297 τὺ
867 2246 1023 2315 κοινῇ
1068 2243 1369 2315 συμφέρον.
1398 2243 1520 2296 Ὀτι
1567 2242 1629 2296 οὐ
1674 2242 1754 2295 δεῖ

153 2337 285 2406 οῖνῳ
316 2335 716 2389 δεδουλῶσθαι·
752 2335 878 2390 οὔτε
913 2337 1044 2406 περὶ
1075 2336 1217 2409 κρέα
1258 2334 1525 2407 ἐμπαθῶς
1565 2334 1709 2406 ἔχειν
1732 2351 1748 2366 ·

154 2427 393 2482 καθόλου
422 2428 553 2499 περὶ
580 2428 734 2481 οὐδὲν
780 2427 980 2499 βρῶμα
1019 2429 1052 2497 ἥ
1087 2429 1237 2498 πόμα
1271 2426 1549 2497 φιλήδονον
1581 2423 1747 2479 εἶναι·

151 2518 185 2572 δ
218 2519 336 2591 γάρ
366 2518 771 2590 ἀγωνιζόμενος
805 2520 985 2573 πάντα
1029 2517 1448 2591 ἐγκρατεύεται.
1492 2519 1616 2571 Ὅτι
1644 2517 1752 2573 τῶν

153 2608 456 2679 διδομένων
498 2611 719 2681 ἑκάστῳ
759 2613 842 2675 εις
896 2611 1095 2682 χρῆσιν
1133 2609 1286 2663 οὐδὲν
1317 2609 1393 2673 ὼς
1436 2609 1567 2663 ίδιον
1610 2609 1753 2680 ἔχειν

151 2700 258 2765 δεῖ,
280 2701 317 2771 ἢ
353 2701 714 2772 ταμιεύεσθαι
736 2719 751 2733 ο
784 2706 844 2757 ἐν
880 2703 1065 2771 μέντοι
1105 2704 1171 2773 τῇ
1214 2701 1456 2773 φροντίδι
1489 2703 1653 2755 πᾶσιν
1676 2701 1753 2766 ὡς

153 2794 504 2858 δεσποτικοῖς
521 2794 877 2866 προσέχοντα,
904 2794 1072 2866 μηδὲν
1090 2794 1199 2847 τῶν
1218 2792 1754 2866 παραρῤιπτομένων

154 2886 190 2957 ἢ
222 2885 641 2957 ἀμελουμένων,
676 2887 742 2939 ἂν
770 2886 916 2939 οὓτω
938 2884 1101 2959 τύχῃ,
1126 2887 1397 2957 παρορᾷν.
1416 2885 1540 2938 Ὅτι
1564 2885 1625 2937 οὐ
1650 2884 1753 2953 δεῖ,

153 2975 284 3030 οὔτε
319 2977 487 3031 αὐτὸν
540 2978 737 3032 ἐαυτοῦ
771 2979 960 3050 κύριον
996 2973 1137 3032 εἶναί
1187 2994 1311 3031 τινα
1332 3020 1346 3035 .
1377 2977 1494 3031 ἀλλ’
1538 2977 1615 3041 ὡς
1647 2977 1754 3030 ὑπὸ

154 3070 296 3124 Θεοῦ
358 3072 798 3143 παραδεδομένον
862 3074 944 3136 είς
998 3071 1241 3125 δουλείαν
1293 3072 1408 3132 τοῖς
1457 3069 1752 3141 ὁμοψύχοις

154 3162 438 3234 ἀδελφοῖς,
475 3163 619 3217 οὕτω
656 3163 752 3218 καὶ
780 3166 1002 3236 φρονεῖν
1034 3162 1216 3218 πάντα
1249 3162 1345 3217 καὶ
1388 3164 1586 3226 ποιεῖν,
1619 3160 1751 3214 ἐκα-

153 3270 286 3310 στον
319 3254 379 3308 δὲ
408 3256 466 3307 ἐν
499 3252 578 3325 τῷ
603 3254 721 3326 ἰδίῳ
746 3254 1011 3325 τάγματι.

225 3348 287 3403 2.
328 3348 458 3401 Ὅτι
495 3348 557 3401 οὐ
588 3348 671 3401 δεῖ
693 3347 1006 3418 γογγύζειν,
1042 3345 1167 3400 οὔτε
1210 3348 1271 3400 ἐν
1317 3349 1387 3418 τῇ
1423 3344 1756 3416 στενοχωρίᾳ

151 3440 269 3497 τῶν
333 3441 476 3515 πρὸς
516 3440 618 3513 τὴν
674 3440 902 3512 χρείαν,
955 3438 1082 3493 οὔτε
1126 3442 1184 3493 ἐν
1226 3437 1308 3511 τῷ
1365 3438 1600 3508 καμάτῳ
1647 3436 1755 3488 τῶν

154 3531 363 3603 ἔργων,
399 3531 637 3602 ἐχόντων
673 3531 735 3584 τδ
768 3533 944 3602 κρῖμα
977 3530 1107 3601 περὶ
1153 3529 1385 3583 ἑκάστου
1424 3527 1534 3581 τῶν
1574 3529 1756 3579 ἐπιτε-

156 3620 454 3691 ταγμένων
492 3619 604 3692 (δε)
654 3621 755 3692 τὴν
808 3620 1018 3675 τούτων
1065 3618 1339 3685 ἐξουσίαν.
1387 3621 1513 3675 Ὀτι
1568 3621 1628 3674 οὑ
1674 3619 1756 3673 δεῖ

156 3710 417 3783 κραυγὴν
445 3710 716 3779 γίνεσθαι,
764 3710 890 3764 οὔτε
928 3710 1059 3766 ἀλλο
1097 3727 1152 3764 τι
1196 3711 1412 3781 σχῆμα,
1449 3711 1483 3783 ἢ
1523 3709 1751 3780 κίνημα,

157 3804 221 3854 ἐν
252 3796 300 3871 ᾧ
328 3801 799 3875 χαρακτηρίζεται
825 3802 1018 3874 θυμὸς,
1054 3802 1089 3874 ἧ
1126 3802 1501 3874 μετεωρισμδς
1530 3804 1637 3856 ἀπὸ
1659 3804 1757 3875 τῆς

157 3892 543 3964 πληροφορίας
561 3894 656 3947 τοῦ
688 3897 945 3965 παρεῖναι
970 3894 1063 3949 τὸν
1083 3893 1237 3949 Θεόν.
1258 3895 1377 3948 Ὀτι
1401 3893 1568 3967 δεῖτῇ
1595 3895 1757 3967 χρείᾳ

158 3988 504 4055 συμμετρεῖν
527 3985 630 4058 τὴν
662 3988 865 4057 φωνήν.
894 3986 1105 4039 Ὅτιού
1137 3985 1220 4040 δεῖ
1250 3984 1497 4059 θρασέως
1522 3986 1556 4057 ἢ
1586 4003 1757 4040 κατα-

156 4077 519 4147 φρονητικῶς
550 4094 659 4131 τινι
703 4077 1120 4150 ἀποκρίνεσθαι,
1153 4078 1187 4147 ἢ
1231 4079 1407 4131 ποιεῖν
1433 4093 1506 4144 τι,
1544 4076 1662 4132 ἀλλ’
1698 4079 1756 4130 ἐν

160 4170 301 4223 πᾶσι
352 4169 411 4222 τὸ
470 4171 715 4234 ἐπιεικὲς
755 4171 852 4224 καὶ
899 4169 963 4223 τὸ
1013 4168 1305 4241 τιμητικὸν
1351 4168 1490 4240 πρὸς
1546 4169 1757 4233 πάντας

157 4260 456 4316 δεικνύειν.
485 4262 609 4315 Ὀτι
639 4263 701 4315 οὐ
734 4261 817 4315 δεῖ
843 4261 1081 4316 ἐννεύειν
1112 4259 1379 4333 ὀφθαλμῷ
1410 4260 1550 4332 μετὰ
1579 4261 1754 4325 δόλου,

158 4353 197 4425 ἢ
228 4352 379 4424 ἄλλῳ
410 4354 518 4407 τινὶ
552 4356 792 4425 σχήματι
826 4352 860 4426 ἢ
896 4354 1161 4425 κινήματι
1187 4352 1399 4433 μέλους.
1429 4352 1753 4423 κεχρῆσθαι,

1852 1879 1974 1939 est,
2003 1873 2365 1943 expenderint
2403 1889 2475 1927 an
2508 1874 2582 1927 ita
2614 1876 2826 1944 placeat
2858 1874 2971 1930 Deo
2995 1915 3011 1939 ,
3048 1885 3106 1930 ut
3143 1876 3267 1932 aliis
3306 1891 3437 1947 pro-

1852 1964 2013 2020 desse
2058 1966 2253 2034 possit.
2299 1964 2418 2020 Non
2459 1973 2677 2036 Oportet
2725 1967 2853 2021 vino
2906 1968 3216 2033 inservire,
3261 1984 3440 2039 neque

1852 2056 2038 2111 carnis
2081 2057 2254 2111 teneri
2298 2057 2574 2113 desiderio
2598 2097 2614 2122 ,
2648 2074 2751 2114 nec
2786 2060 2900 2114 ullo
2944 2076 3173 2130 prorsus
3223 2060 3278 2115 in
3314 2062 3445 2119 cibo

1852 2155 1948 2201 aut
1982 2154 2114 2218 potu
2143 2149 2477 2219 voluptatem
2510 2167 2793 2221 quaerere;
2823 2168 2947 2205 natu
2973 2155 3067 2221 qui
3099 2163 3297 2215 certat,
3320 2169 3440 2208 ser-

1851 2244 1944 2294 vat
1990 2241 2408 2309 temperantiam
2465 2241 2519 2295 in
2562 2242 2840 2298 omnibus.
2885 2243 3030 2297 Nihil
3080 2259 3269 2298 eorum
3315 2260 3441 2315 qua

1852 2329 2057 2382 utenda
2086 2329 2382 2399 unicuique
2407 2329 2723 2395 traduntur,
2755 2340 2970 2402 oportet
3001 2333 3201 2389 habere
3226 2342 3283 2388 ttt
3308 2349 3437 2404 pro-

1851 2420 2069 2490 prium,
2104 2428 2201 2474 aut
2230 2435 2552 2489 reservare;
2590 2422 2684 2477 sed
2730 2432 2909 2477 tamen
2950 2423 3097 2494 quod
3131 2433 3340 2494 spectat
3367 2425 3438 2481 ad

1852 2525 2041 2565 curam
2072 2520 2126 2566 et
2153 2512 2611 2577 sollicitudinem,
2639 2515 2926 2578 omnibus,
2960 2526 3018 2571 ut
3049 2516 3116 2570 ad
3150 2516 3438 2571 Dominum

1852 2603 2252 2672 pertinentibus
2272 2644 2287 2669 ,
2323 2606 2693 2661 attendentem
2714 2647 2729 2671 ,
2767 2608 2902 2661 nihil
2932 2623 3121 2663 eorum
3158 2624 3278 2679 quae
3309 2625 3439 2679 pro-

1849 2692 1993 2762 jecta
2021 2703 2114 2749 aut
2140 2697 2388 2767 neglecta
2423 2706 2585 2762 sunt,
2619 2698 2666 2754 si
2698 2699 2769 2752 ita
2808 2700 3106 2762 acciderit,
3135 2702 3435 2770 prirtcrire.

1853 2784 1976 2840 Non
2025 2794 2242 2856 oportet
2286 2804 2616 2859 quemquam
2680 2791 2764 2845 vel
2834 2793 3098 2862 suiipsius
3151 2794 3438 2848 dominum

1854 2890 1998 2942 esse,
2039 2879 2136 2933 sed
2169 2880 2318 2935 velut
2362 2895 2393 2935 a
2441 2879 2552 2935 Deo
2582 2881 2842 2937 traditum
2876 2884 2933 2938 in
2962 2887 3279 2939 servitutem
3323 2883 3431 2939 [ra-

1854 2968 2033 3022 tribus
2082 2970 2394 3036 unanimis,
2436 2972 2513 3026 ita
2555 2979 2607 3027 et
2651 2973 2858 3029 sentire
2891 2976 3076 3029 omnia
3125 2983 3180 3030 et
3224 2976 3435 3045 facere;

1855 3073 2305 3131 unumquemque
2335 3070 2519 3117 tamen
2554 3062 2610 3117 in
2641 3079 2743 3119 suo
2767 3064 2982 3120 ordine.

1923 3329 1979 3382 2.
2008 3326 2128 3382 Non
2158 3335 2375 3399 oportet
2399 3340 2780 3396 murmurare,
2810 3343 2913 3384 nec
2950 3328 3003 3383 in
3030 3342 3213 3385 rerum
3242 3346 3437 3389 neces-

1856 3422 2128 3476 sariarum
2164 3420 2455 3490 angustiis,
2488 3434 2590 3475 nec
2619 3421 2673 3474 in
2705 3436 2929 3490 operum
2956 3421 3161 3488 labore,
3193 3423 3442 3493 quando-

1854 3513 2077 3583 quidem
2118 3514 2549 3583 unumquodque
2585 3513 2782 3583 judicii
2830 3523 2915 3569 est
2960 3526 3192 3579 eorum,
3237 3517 3440 3587 quibus

1855 3607 2149 3662 commissa
2185 3619 2371 3661 rerum
2403 3606 2621 3660 illarum
2652 3612 2916 3677 potestas.
2947 3603 3058 3661 Nec
3087 3605 3297 3661 clamor
3322 3605 3441 3664 ﬁeri

1855 3700 2045 3762 debet,
2079 3715 2182 3754 nec
2206 3699 2414 3770 qumvis
2445 3700 2552 3753 alia
2584 3699 2797 3769 species
2823 3740 2837 3766 ,
2878 3705 2973 3753 aut
3020 3707 3206 3755 motus
3234 3715 3302 3755 ex
3330 3715 3441 3770 quo

1857 3791 2198 3863 signiﬁcetur
2228 3791 2545 3855 iracundia,
2589 3799 2682 3846 aut
2715 3791 2882 3845 animi
2916 3790 3191 3846 aberratlo
3223 3790 3290 3846 ab
3336 3792 3443 3848 hac

1858 3884 2237 3956 persuasione,
2264 3883 2432 3939 Deum
2456 3899 2581 3939 esse
2603 3893 2951 3954 praesentem.
2984 3884 3214 3955 Oportet
3245 3899 3441 3941 vocem

1858 3992 1960 4033 usu
1995 3978 2200 4033 metiri.
2231 3975 2349 4032 Non
2378 3985 2597 4047 oportet
2622 3969 2932 4045 petulanter
2955 3981 3051 4031 aut
3082 3977 3442 4046 contemptim

1857 4070 2113 4140 cuiquam
2151 4068 2518 4139 respondere,
2546 4076 2641 4123 aut
2670 4068 2969 4138 quidquam
3007 4067 3222 4133 facere,
3257 4067 3353 4125 sed
3386 4068 3445 4123 in

1857 4163 2115 4219 omnibus
2148 4161 2473 4217 modestiam
2507 4169 2672 4233 atque
2699 4162 3064 4216 reverentiam
3096 4175 3226 4232 erga
3249 4174 3445 4217 omnes

1857 4257 2170 4314 ostendere.
2201 4253 2323 4309 Non
2375 4255 2552 4310 oculis
2601 4254 2943 4340 innuendum
2990 4262 3075 4310 est
3123 4269 3250 4309 cum
3283 4253 3444 4321 dolo;

1858 4366 1961 4406 nec
2018 4348 2125 4403 alia
2172 4346 2430 4419 qualibet
2478 4348 2692 4416 species
2754 4346 2912 4417 100
2963 4347 3306 4412 adhibenda,
3349 4352 3446 4406 aut

157 4448 192 4503 δ
219 4447 386 4501 λυπεῖ
414 4446 508 4501 τὸν
538 4447 791 4515 ἀδελφὸν,
818 4446 853 4518 ἢ
884 4445 1293 4517 καταφρόνησιν
1320 4445 1598 4517 ἐμφαίνει.
1629 4445 1751 4497 Ὅτι

1858 4441 2091 4504 membri
2121 4452 2301 4496 motus
2329 4439 2423 4511 qui
2457 4438 2613 4493 fratri
2648 4437 2842 4494 aﬁ'erat
2868 4440 3152 4495 tristitiam
3182 4449 3276 4494 aut
3310 4455 3446 4495 con-

162 4541 224 4595 :6
256 4540 344 4594 δεῖ
386 4538 829 4601 καλλωπίζεσθαι
874 4539 935 4590 ἐν
989 4536 1229 4609 ἱματίοις
1279 4537 1314 4609 ἢ
1364 4536 1747 4609 ὑποδήμασιν,

158 4635 303 4706 ὅπερ
332 4634 452 4687 ἐστὶ
500 4630 823 4703 περπερεία.
860 4630 985 4684 Ὅτι
1023 4630 1108 4683 δεῖ
1152 4629 1397 4683 εὐτελέσι
1447 4629 1751 4702 κεχρῆσθαι

157 4730 277 4791 τοῖς
306 4726 445 4797 πρὸς
472 4725 573 4797 τὴν
602 4724 793 4797 χρείαν
820 4722 916 4777 τοῦ
954 4720 1227 4794 σώματος.
1254 4722 1376 4775 "Ott
1409 4722 1473 4774 οὑ
1506 4721 1587 4775 δεῖ
1610 4722 1753 4794 ὑπὲρ

157 4820 263 4890 τὴν
314 4818 507 4889 χρείαν
555 4815 821 4885 καὶπρὸς
870 4812 1153 4883 δαψίλειαν
1195 4811 1511 4867 ἀναλίσκειν
1559 4812 1751 4878 οὐδὲν,

159 4914 306 4985 ὅπερ
333 4910 449 4965 ἐστὶ
481 4909 855 4982 παράχρησις.
883 4908 1008 4961 Ὅτι
1033 4907 1096 4960 οὐ
1135 4905 1217 4959 δεῖ
1246 4904 1414 4977 τιμὴν
1447 4905 1751 4977 ἐπιζητεῖν,

160 5003 198 5076 ἢ
227 5003 517 5074 πρωτείων
561 4998 980 5055 ἀντιποιεῖσθαι.
1013 4997 1137 5052 Ὀτι
1170 4997 1252 5051 δεῖ
1298 4996 1534 5051 ἕκαστον
1564 5012 1755 5067 προτι-

166 5098 278 5168 μᾷν
312 5094 511 5148 ἑαυτοῦ
551 5095 781 5158 πάντας.
813 5094 937 5146 Ὀτι
969 5091 1031 5144 οὐ
1071 5091 1153 5144 δεῖ
1182 5088 1559 5144 ἀνυπότακτον
1590 5084 1754 5144 εἶναι.

165 5189 291 5242 Ὀτι
319 5187 384 5240 οὐ
407 5187 489 5240 δεῖ
513 5187 684 5258 ἀργὸν
716 5185 920 5240 ἐσθίειν
953 5182 1045 5237 τὸν
1076 5182 1407 5255 ἐργάζεσθαι
1433 5179 1753 5252 δυνάμενον,

238 5391 354 5461 (80)
404 5390 579 5459 Ἡμῖν
602 5390 751 5461 ὑπό.
788 5388 882 5444 lla:
912 5387 1035 5461 dua:
1060 5401 1226 5461 voces
1244 5384 1450 5461 addita:
1470 5400 1555 5461 ex
1581 5384 1751 5461 Cois].

161 5456 409 5519 secundo
430 5456 486 5517 ei
507 5477 617 5517 uno
637 5477 703 5515 ex
726 5460 933 5532 Regiis.
968 5458 1088 5513 Duo
1108 5457 1354 5513 Combef.
1397 5456 1599 5512 habent
1622 5458 1756 5528 ἡμῖν

404 5598 706 5670 Ὲγγίζειν.
737 5600 973 5655 Additur
995 5598 1138 5670 ἔχειν
1172 5597 1473 5679 innduobus
1497 5596 1748 5651 Combef.

162 5683 216 5728 et
252 5674 429 5728 Coisl.
465 5672 708 5727 secundo
748 5678 802 5725 et
842 5686 953 5724 uno
997 5686 1065 5723 ex
1112 5667 1319 5728 Regiis.
1367 5667 1474 5721 Sed
1518 5683 1581 5721 ea
1625 5682 1734 5721 vox

162 5683 216 5729 et
252 5683 429 5728 Const.
465 5683 708 5727 secundo
748 5683 802 5725 et
842 5686 953 5724 uno
997 5686 1065 5723 ex
1112 5683 1319 5739 negus.
1368 5683 1474 5721 aea
1518 5683 1581 5721 ea
1625 5683 1734 5721 vox

164 5760 275 5802 non
305 5744 508 5817 legitur
553 5743 610 5796 in
643 5741 1045 5799 antiquissimis
1085 5740 1391 5804 codicibus,
1425 5754 1523 5793 nec
1555 5751 1747 5794 neces-

1859 4541 2125 4606 temptum
2170 4533 2393 4588 indicet.
2429 4530 2672 4587 Ornatus
2716 4531 2772 4585 in
2819 4531 3065 4587 vestibus
3105 4538 3200 4585 aut
3242 4531 3445 4592 calceis

1854 4628 2025 4700 quaeri
2048 4642 2158 4682 non
2184 4626 2377 4692 debet;
2415 4624 2563 4695 quod
2594 4622 2817 4698 quidem
2838 4624 2980 4679 vana
3010 4624 3309 4679 ostentatio
3334 4631 3441 4680 est.

1855 4720 2060 4776 Viliora
2090 4735 2323 4792 quaeque
2358 4716 2665 4773 adhibenda
2692 4716 2758 4771 ad
2790 4731 2952 4772 usum
2987 4715 3255 4786 corporis.
3295 4713 3447 4770 Nihil

1855 4816 2002 4869 ultra
2027 4813 2083 4869 id
2114 4815 2262 4885 quod
2291 4811 2671 4868 necessarium
2703 4816 2808 4876 est,
2850 4816 2945 4863 aut
2980 4809 3047 4864 ad
3085 4808 3445 4880 magniﬁcen-

1857 4910 1991 4963 tiam
2014 4905 2435 4971 insumendum;
2469 4903 2615 4975 quod
2639 4901 2861 4973 quidem
2890 4900 3099 4956 abusus
3117 4910 3224 4957 est.
3256 4898 3446 4957 Honor

1856 4999 2229 5071 exquirendus
2283 5012 2395 5052 non
2450 5004 2556 5059 est,
2617 5000 2711 5047 aut
2764 4991 3090 5048 ambiendus
3149 4993 3441 5061 primatus.

1857 5092 2028 5149 Debet
2072 5090 2456 5162 unusquisque
2517 5095 2747 5144 caeteros
2801 5086 2906 5141 sibi
2965 5083 3265 5140 anteferre.
3322 5082 3445 5141 Non

1858 5192 2074 5257 oportet
2122 5183 2570 5252 inobsequentem
2602 5180 2745 5235 esse.
2777 5177 2897 5234 Non
2944 5180 3161 5249 oportet
3204 5175 3445 5232 otiosum

1858 5393 2213 5527 “Egeria
2250 5452 2746 5527 ἐπιτεταγμένων.
2791 5449 2926 5527 Cod.
2974 5446 3096 5527 Yat.
3143 5447 3448 5527 ἐπισταμά-

1856 5519 1983 5582 νων.
2019 5526 2182 5580 Forte
2212 5519 2654 5585 addendumsig,
2697 5532 2754 5575 ut
2799 5520 2963 5590 paulo
2997 5519 3141 5574 infra
3172 5519 3438 5590 additur:

1858 5600 1951 5654 sed
2016 5607 2200 5651 tamen
2264 5610 2431 5666 supra
2496 5594 2694 5665 legitur
2754 5586 2814 5644 οἵ
2875 5588 3290 5662 ἐπιτεταγμένοι
3343 5586 3447 5663 τὴν

1859 5667 2134 5740 φροντίδα.
