3870 6218
471 219 571 275 291

1784 214 1845 270 3.
1887 208 2135 271 BASILII
2176 208 2397 273 MACNI

3624 220 3779 279 293.

457 332 755 392 comedere
782 347 932 399 eum,
967 331 1063 403 qui
1094 330 1349 387 laborare
1379 338 1597 401 potest:
1626 330 1723 387 sed
1749 342 1805 387 et
1831 331 1926 402 qui
1948 346 2040 387 oc-

2151 332 2290 387 ἀλλὰ
2337 332 2432 387 καὶ
2468 332 2560 386 τὸν
2604 318 3002 405 ἀσχολούμενον
3036 319 3163 404 περί
3210 350 3264 387 τι
3294 332 3403 388 τῶν
3434 335 3745 407 κατορθου-

455 436 696 497 cupatur
722 426 784 478 in
825 437 1018 477 eorum
1053 421 1258 489 aliquo,
1297 435 1422 488 qua:
1471 417 1540 473 ad
1574 418 1778 474 Christi
1819 417 2051 489 gloriam

455 516 719 590 praeclare
744 516 905 580 tiunt,
934 514 1044 568 vim
1069 512 1287 581 sibiipsi
1312 510 1495 567 facere
1520 509 1684 567 debet
1713 510 1781 565 ad
1806 509 2049 566 studium

454 608 644 679 operis
674 622 776 677 pro
804 606 1017 661 viribus
1039 604 1389 659 conﬁciendi.
1425 601 1654 673 Oportet
1684 616 2053 672 unumquem-

457 718 587 773 que,
617 700 931 773 praepositis
960 698 1425 766 approbantibus,
1454 712 1581 752 cum
1616 696 1829 751 ratione
1856 704 1910 750 et
1940 694 2053 748 ani-

457 793 534 848 mi
565 792 927 864 persuasione
969 790 1044 844 ita
1077 789 1265 842 omnia
1294 786 1506 854 facere,
1540 804 1715 856 usque
1757 787 1825 842 ad
1868 786 2050 856 ipsum

464 884 635 940 etiam
665 898 821 939 esum
853 890 909 937 et
933 892 1144 953 potum,
1179 890 1240 935 ut
1261 880 1329 934 ad
1359 880 1453 935 Dei
1477 882 1707 950 gloriam
1737 877 2046 935 referenda.

457 975 579 1031 Non
617 982 835 1046 oportet
860 974 930 1028 ab
960 989 1069 1028 uno
1105 973 1173 1027 ad
1203 972 1369 1026 alium
1402 972 1645 1026 laborem
1677 971 1938 1036 transire,
1973 970 2051 1025 ci-

459 1078 546 1122 tra
585 1066 1037 1137 approbationem
1072 1079 1263 1120 eorum
1296 1066 1390 1134 qui
1422 1071 1550 1119 sunt
1579 1064 1745 1119 rebus
1776 1062 2049 1134 ejusmodi

458 1159 814 1217 moderandis
850 1157 1165 1229 praepositi;
1199 1157 1307 1211 nisi
1335 1157 1649 1227 quempiam
1677 1155 2049 1211 ineluctabilis

457 1253 766 1309 necessitas
800 1250 870 1304 ad
896 1249 1160 1304 auxilium
1198 1247 1480 1304 debilioris
1523 1248 1706 1304 subito
1732 1252 2045 1303 vocaverit:

457 1345 619 1401 debet
672 1342 1049 1412 unusquisque
1098 1354 1320 1394 manere
1376 1338 1432 1393 in
1479 1353 1546 1393 eo
1592 1338 1740 1408 quod
1779 1337 1884 1408 ipsi
1909 1353 2049 1407 prae-

457 1436 729 1508 scriptum
759 1444 875 1499 est;
907 1448 1007 1488 nec
1059 1432 1338 1503 propriam
1399 1447 1719 1487 mensuram
1764 1439 2049 1502 transgre-

457 1526 641 1593 diens,
674 1523 892 1596 aggredi
922 1538 1031 1577 non
1066 1521 1418 1590 praescripta;
1452 1521 1557 1576 nisi
1599 1521 1658 1586 ii,
1698 1520 1900 1591 quibus
1932 1520 2048 1575 haec

456 1616 756 1673 commissa
787 1624 935 1680 sunt,
983 1614 1218 1684 aliquem
1263 1614 1465 1668 auxilio
1496 1614 1739 1684 indigere
1763 1614 2049 1682 judicave-

2157 423 2335 494 μένων
2394 425 2472 487 είς
2519 423 2674 491 δόξαν
2724 425 2986 497 Χριστοῦ,
3027 423 3376 490 ἐκϐιάζεσθαι
3424 428 3618 481 ἐαυτὸν
3661 429 3748 493 εις

2152 516 2252 585 τὴν
2281 515 2518 585 σπουδὴν
2548 514 2641 568 τοῦ
2685 515 2830 570 κατὰ
2863 515 3094 587 δύναμιν
3124 516 3311 588 ἔργου.
3344 518 3466 572 Ὅτι
3494 518 3577 571 δεῖ
3610 518 3745 572 ’ἐκα-

2153 623 2279 659 στον
2306 607 2602 679 δοκιμασίᾳ
2625 607 2733 661 τῶν
2763 606 3120 681 προεστώτων
3146 609 3256 682 (83)
3292 610 3433 680 μετὰ
3455 610 3615 679 λόγου
3645 610 3746 666 καὶ

2151 696 2529 770 πληροφορίας
2590 698 2732 752 οὕτω
2764 702 2939 753 ποιεῖν
2972 699 3188 763 πάντα,
3236 701 3365 771 ἄχρι
3418 701 3514 754 καὶ
3570 700 3745 755 αὐτοῦ

2149 787 2246 841 τοῦ
2283 792 2478 859 φαγεῖν
2522 790 2616 842 καὶ
2644 792 2789 843 πιεῖν
2809 829 2824 853 ,
2858 789 2935 854 ὡς
2977 790 3058 854 εἰς
3089 788 3248 853 δόξαν
3281 789 3419 843 Θεοῦ
3451 790 3740 861 γινόμεναι

2154 879 2277 933 Ὅτι
2306 880 2368 933 οὐ
2396 880 2477 934 δεῖ
2500 880 2594 951 ἀφ’
2629 882 2819 953 ἐτέρου
2843 884 2923 945 είς
2958 881 3146 952 ἕτερον
3190 879 3351 953 ἔργον
3387 880 3741 952 μεταϐαίνειν

2149 971 2279 1027 ἄνευ
2312 974 2412 1045 τῆς
2444 972 2772 1043 δοκιμασίας
2806 972 2916 1025 τῶν
2972 974 3051 1035 είς
3090 971 3151 1025 τὸ
3182 970 3479 1025 διατυποῦν
3514 970 3584 1025 τὰ
3626 988 3740 1026 τοις

2149 1063 2290 1117 αῦτα
2312 1063 2756 1135 ἐπιτεταγμένων
2782 1063 2912 1134 (84)·
2930 1065 3090 1128 ἐκτὸς
3111 1064 3159 1115 εί
3180 1064 3255 1135 μή
3286 1063 3388 1116 πού
3413 1081 3533 1117 τινα
3558 1065 3741 1138 ἀπαρι

2148 1157 2372 1226 αίτητος
2442 1155 2657 1227 ἀνάγκη
2707 1157 2789 1219 εἰς
2842 1155 3096 1226 βοήθειαν
3146 1155 3242 1208 τοῦ
3297 1156 3741 1227 ἀδυνατήσαντος

2150 1247 2341 1322 καλοίη
2375 1249 2659 1319 αἰφνίδιον.
2698 1249 2821 1301 Ὅτι
2851 1248 2934 1301 δεῖ
2972 1232 3204 1301 ἕκαστον
3236 1249 3421 1319 μένειν
3448 1252 3507 1303 ἐν
3537 1244 3582 1319 ᾧ
3608 1250 3740 1304 ἐτά-

2148 1341 2274 1414 χθη,
2298 1342 2393 1395 καὶ
2425 1342 2523 1414 μὴ,
2555 1341 2955 1412 ὑπερϐαίνοντα
2994 1339 3056 1394 τὸ
3084 1341 3221 1394 ῖδιον
3256 1342 3480 1413 μέτρον,
3513 1342 3738 1396 ἐπιϐαί-

2148 1436 2405 1498 νειντοῖς
2434 1434 2511 1506 μὴ
2543 1433 3019 1504 ἐπιτεταγμένοις,
3046 1435 3095 1486 εί
3140 1434 3215 1504 μή
3259 1450 3314 1487 τι
3353 1433 3420 1488 ἂν
3457 1436 3506 1487 οἱ
3558 1434 3739 1489 ταῦτα

2148 1524 2575 1595 πεπιστευμένοι
2619 1522 2958 1595 δοκιμάσωσι
2999 1540 3123 1576 τινα
3156 1521 3427 1594 χρῄζοντα
3457 1523 3735 1595 βοηθείας.

2151 1618 2274 1672 Ὅτι
2300 1618 2362 1671 οὐ
2383 1617 2467 1671 δεῖ
2496 1618 2591 1688 ἀφ’
2624 1617 2812 1689 ἐτέρου
2844 1616 3211 1689 ἐργαστηρίου
3239 1619 3321 1680 είς
3353 1616 3543 1686 ἕτερον
3579 1617 3737 1687 εὐρί-

454 1707 585 1761 rint.
617 1704 736 1761 Non
767 1712 984 1777 oportet
1008 1705 1237 1776 reperiri
1266 1704 1578 1775 quempiam
1597 1705 1667 1759 ab
1689 1705 1796 1760 alia
1825 1704 2040 1760 oﬂicina

2149 1708 2374 1762 σκεσθαί
2416 1724 2559 1762 τινα.
2586 1708 2709 1760 Ὅτι
2742 1707 2803 1759 οὐ
2854 1706 2935 1760 δεῖ
2977 1706 3119 1759 κατὰ
3163 1705 3495 1775 φιλονεικίαν
3532 1706 3567 1777 ἢ
3616 1706 3736 1777 ἔριν

452 1790 511 1849 in
564 1796 728 1850 aliam
789 1797 1104 1852 abeuntem.
1145 1793 1292 1848 Nihil
1338 1809 1405 1849 ex
1449 1794 1821 1850 contentionis
1859 1796 2042 1851 studio

456 1895 643 1942 aut'ex
674 1888 956 1941 simultate
982 1900 1107 1940 cum
1138 1885 1325 1955 aliquo
1347 1895 1603 1956 suscepta
1633 1886 1970 1941 iaciendum.

526 1979 579 2032 5.
611 1977 966 2031 lnvidendum
998 1991 1110 2030 non
1143 1984 1228 2031 est
1264 1975 1493 2030 alterius
1538 1976 1706 2041 laudi,
1741 1993 1919 2047 neque
1953 1992 2045 2031 cu-

453 2070 711 2141 jusquam
728 2068 879 2123 ‘vitiis
902 2067 1220 2124 laetandum.
1245 2066 1474 2138 Oportet
1507 2068 1561 2122 in
1598 2067 1870 2124 charitate
1891 2066 2047 2123 Chri-

456 2162 527 2215 sti
555 2160 743 2215 dolere
773 2167 829 2213 et
862 2158 1112 2214 a-lllictari
1139 2158 1208 2214 de
1242 2158 1429 2213 fratris
1451 2159 1620 2225 vitiis,
1644 2158 1881 2230 gaudere
1911 2175 2043 2215 vero

454 2253 527 2307 ob
558 2252 706 2306 illius
737 2259 885 2306 recte
916 2249 1082 2305 facta.
1109 2249 1229 2305 Non
1246 2261 1464 2321 oportet
1497 2250 1896 2307 indifferentem
1921 2267 2045 2309 esse

453 2359 583 2415 erga
631 2352 948 2415 peccantes,
1000 2352 1095 2397 aut
1134 2343 1358 2398 silentio
1387 2359 1484 2399 eos
1529 2344 1786 2399 tolerare.
1815 2342 2044 2415 Oportet

455 2446 516 2491 ut
551 2437 646 2505 qui
679 2434 977 2504 redarguit,
1013 2448 1139 2488 cum
1163 2433 1313 2487 omni
1339 2435 1819 2507 commiseratione
1849 2433 2043 2490 redar-

455 2535 587 2596 guat
625 2541 692 2578 ex
759 2522 852 2578 Dei
912 2522 1136 2586 timore,
1168 2532 1223 2579 et
1260 2539 1328 2578 eo
1378 2526 1613 2580 consilio
1652 2538 1715 2580 ut
1761 2536 2046 2582 convertat

455 2624 794 2687 peccantem.
843 2615 1073 2685 Oportet
1106 2618 1167 2669 ut
1221 2616 1317 2686 qui
1358 2617 1710 2687 redarguitur
1735 2627 1830 2673 aut
1861 2620 2044 2675 incre-

456 2714 641 2778 patur,
670 2707 905 2761 libenter
943 2705 999 2760 id
1030 2704 1287 2776 accipiat,
1319 2723 1475 2762 suam
1507 2709 1681 2779 ipsius
1710 2711 1766 2765 in
1790 2710 2045 2784 increpa-

454 2799 606 2853 tione
649 2798 937 2853 utilitatem
986 2813 1316 2868 agnoscens.
1364 2794 1487 2855 Non
1537 2808 1754 2871 oportet
1800 2811 1880 2869 ut,
1917 2819 2043 2858 cum

455 2889 655 2960 aliquis
694 2898 1008 2953 accusatur,
1049 2889 1192 2945 alius
1234 2905 1422 2945 coram
1454 2892 1549 2947 illo
1576 2906 1667 2948 aut
1698 2909 1882 2950 coram
1919 2896 2045 2952 aliis

454 2980 737 3036 nonnullis
791 2979 1138 3034 contradicat
1172 2983 1477 3039 accusanti.
1532 2981 1690 3050 Quod
1730 2987 1777 3041 si
1819 2987 2041 3057 quando

455 3073 737 3130 accusatio
759 3072 1012 3129 videatur
1047 3072 1218 3128 alicui
1252 3089 1284 3128 a
1306 3075 1518 3130 ratione
1546 3076 1745 3144 aliena,
1777 3078 2038 3148 privatim

455 3170 844 3235 eoarguentem
892 3165 1233 3235 interrogare
1299 3165 1482 3231 debet,
1542 3175 1707 3237 atque
1764 3179 1860 3223 aut
1916 3187 2039 3240 per-

456 3256 713 3322 suadere,
764 3264 861 3310 aut
921 3256 1266 3327 persuaderi.
1316 3257 1544 3329 Oportet
1595 3276 2041 3333 unumquemque

459 3356 728 3420 quantum
763 3348 819 3402 in
845 3363 905 3404 se
929 3356 1037 3417 est,
1064 3348 1116 3405 ei
1147 3348 1240 3419 qui
1282 3350 1573 3406 adversum
1608 3369 1667 3408 se
1694 3354 1898 3424 aliquid
1937 3355 2039 3409 lia-

455 3442 661 3508 buerit,
695 3440 924 3497 mederi.
977 3440 1099 3498 Non
1150 3443 1588 3499 succenseudum
1623 3445 1674 3501 ei
1712 3461 1874 3516 quem
1908 3461 2038 3516 pec-

456 3549 614 3590 casse
648 3536 898 3604 pmnitet,
930 3533 1025 3591 sed
1056 3550 1123 3590 ex
1145 3535 1312 3590 corde
1342 3536 1786 3593 condonandum.
1815 3538 2041 3608 Oportet

455 3641 581 3679 eum
610 3625 706 3696 qui
758 3626 966 3695 peccati
994 3625 1262 3696 paenitere
1305 3643 1367 3683 se
1411 3628 1566 3693 dicit,
1593 3645 1702 3683 non
1742 3631 2038 3703 compungi

461 3719 640 3776 solum
672 3718 742 3774 ob
789 3729 1079 3790 peccatum
1115 3719 1445 3783 admissum,
1483 3722 1577 3776 sed
1625 3723 1837 3777 fructus
1874 3725 2038 3777 etiam

456 3811 794 3885 paenitentia;
844 3811 1038 3883 dignos
1089 3810 1292 3867 facere.
1328 3811 1432 3877 Qui
1465 3829 1565 3883 pro
1608 3815 1883 3884 prioribus
1910 3830 2042 3884 pec-

455 3907 596 3962 catis
654 3912 943 3975 correptus
1000 3914 1102 3971 est,
1148 3919 1213 3958 ac
1248 3906 1460 3959 veniam
1511 3915 1863 3970 consecutus,
1901 3908 1951 3961 is
1991 3907 2039 3964 si

456 4014 655 4054 rursus
694 3998 1025 4069 peccaverit,
1071 3998 1318 4054 deterius
1364 4000 1547 4068 priore
1591 4008 1873 4069 comparat
1906 4001 2040 4056 sibi-

456 4090 678 4160 metipsi
701 4088 971 4160 judicium
1002 4089 1116 4144 iraa.
1158 4090 1263 4156 Qui
1311 4098 1435 4160 post
1470 4091 1701 4160 primam
1740 4100 1795 4145 et
1814 4093 2039 4148 alteram

455 4182 888 4238 admonitionem
920 4190 1206 4251 permanet
1229 4182 1283 4235 in
1314 4181 1536 4246 delicto,
1579 4198 1681 4239 suo
1710 4184 2038 4240 iudicandus

456 4272 771 4345 praeposito,
806 4271 851 4326 si
894 4270 1033 4326 forte
1065 4286 1189 4325 eum
1230 4281 1284 4325 a'
1303 4272 1555 4342 pluribus
1594 4282 1906 4344 correptqu
1940 4294 2039 4346 pu-

2142 1799 2242 1872 τὴν
2274 1798 2414 1872 πρός
2446 1816 2571 1854 τινα
2598 1801 2772 1852 ποιεῖν
2802 1815 2882 1853 τι.

2214 1979 2269 2034 5.
2302 1978 2426 2032 Ὅτι
2459 1978 2520 2032 οὐ
2549 1978 2629 2031 δεῖ
2650 1977 2864 2047 φθονεῖν
2892 1980 2959 2049 τῇ
2986 1964 3173 2049 ἐτέρου
3208 1966 3582 2049 εὐδοκιμήσει,
3603 1972 3733 2031 οῦτὲ

2144 2069 2454 2140 ἐπιχαίρειν
2499 2068 2849 2140 ἐλαττώμασι
2893 2086 3059 2134 τινος.
3114 2055 3239 2122 Ὅτι
3289 2051 3371 2122 δεῖ
3428 2070 3485 2123 ἐν
3537 2069 3732 2141 ἀγάπῃ

2144 2161 2385 2233 Χριστοῦ
2427 2161 2715 2215 λυπεῖσθαι
2765 2160 2865 2233 μὲν
2920 2162 3017 2216 καὶ
3063 2161 3443 2234 συντρίϐεσθαι
3485 2162 3579 2214 ἐπὶ
3616 2162 3733 2225 τοῖς

2144 2254 2239 2307 τοῦ
2274 2254 2504 2325 ἀδελφοῦ
2530 2253 2935 2327 ἐλαττώμασιν,
2966 2254 3356 2325 εὐφραίνεσθαι
3394 2253 3453 2307 δέ
3498 2255 3594 2307 ἐπὶ
3619 2258 3733 2318 τοῖς

2146 2345 2591 2419 κατορθώμασιν.
2609 2348 2732 2401 Ὅτι
2759 2348 2819 2401 οὐ
2854 2347 2935 2400 δεῖ
2952 2347 3266 2419 ἀδιαφορεῖν
3299 2348 3393 2401 ἐπὶ
3411 2349 3524 2410 τοῖς
3550 2347 3734 2419 ἁμαρὲ

2144 2441 2418 2507 τάνουσιν,
2448 2440 2483 2511 ἢ
2532 2439 2899 2511 ἐφησυχάζειν
2939 2440 3140 2502 αὐτοῖς.
3174 2439 3299 2492 Ὅτι
3330 2439 3413 2492 δεῖ
3438 2438 3529 2491 τὸν
3578 2438 3733 2508 ἐλέγο

2146 2550 2310 2604 χοντα
2354 2531 2494 2603 μετὰ
2547 2532 2728 2602 πάσης
2760 2530 3162 2600 εὐσπλαγχνίας
3203 2529 3355 2599 φόϐῳ
3403 2529 3513 2600 (85)
3554 2529 3732 2592 Θεοῦ,

2146 2626 2242 2679 καὶ
2269 2623 2458 2694 σκοπῷ
2496 2624 2592 2676 τοῦ
2635 2622 2960 2695 ἐπιπρέψαι
2992 2623 3085 2675 τὸν
3117 2621 3539 2694 ἁμαρτάνοντα,
3578 2621 3736 2690 ἐλέγ-

2147 2734 2284 2787 χειν.
2310 2716 2433 2769 Ὅτι
2466 2715 2548 2768 δεῖ
2590 2713 2685 2768 τδν
2728 2713 3086 2785 ἐλεγχόμενον
3126 2714 3159 2785 ἢ
3198 2712 3605 2785 ἐπιτιμώμενον
3632 2731 3737 2767 κα-

2145 2808 2467 2880 ταδέχεσθαι
2496 2808 2819 2879 προθύμως,
2844 2806 3179 2878 γνωρίζοντα
3205 2805 3267 2858 τὸ
3312 2804 3512 2859 ἐαυτοῦ
3537 2805 3734 2874 ὄφελος

2146 2905 2205 2957 ἐν
2237 2906 2302 2973 τῇ
2347 2899 2650 2973 διορθώσει.
2695 2900 2818 2952 Ὅτι
2855 2899 2917 2951 οὐ
2955 2898 3072 2960 δεῖ,
3121 2898 3521 2968 ἐγκαλουμένου
3562 2896 3731 2961 τινὸς,

2148 2997 2304 3052 ἄλλον
2332 2994 2561 3048 ἐνώπιον
2593 2994 2801 3047 ἐκείνου
2832 2993 2865 3063 ἢ
2910 2991 3087 3045 ἄλλων
3115 2991 3278 3045 τινῶν
3313 2990 3614 3060 ἀντιλέγειν
3655 2991 3734 3071 τῷ

2144 3086 2484 3157 ἐγκαλοῦντι.
2544 3086 2669 3140 Ἐὰν
2727 3085 2783 3137 δὲ
2855 3085 2963 3155 ἄρα
3020 3084 3151 3137 ποτὲ
3214 3084 3409 3153 ἄλογον
3460 3085 3606 3155 φανῇ
3670 3083 3736 3136 τὸ

2145 3181 2397 3252 ἔγκλημά
2417 3198 2544 3246 τινι,
2572 3178 2694 3232 κατ’
2721 3178 2856 3231 ἰδίαν
2889 3178 3056 3231 κινεῖν
3082 3176 3241 3245 λόγον
3271 3177 3409 3249 πρὸς
3442 3177 3532 3230 τὸν
3565 3177 3735 3245 ἐγκα-

2145 3274 2340 3329 λοῦντα
2379 3273 2513 3346 (86),
2555 3272 2651 3326 καὶ
2692 3271 2727 3341 ἢ
2773 3269 3200 3342 πληροφορεῖνῆ
3246 3269 3730 3342 πληροφορεῖσθαι.

2147 3367 2271 3421 Ὅτι
2325 3365 2407 3419 δεῖ
2461 3364 2735 3426 ἕκαστον,
2785 3363 2885 3432 ὅση
2937 3360 3202 3432 δύναμις,
3256 3361 3583 3438 θεραπεύειν
3639 3360 3736 3416 τὸν

2144 3457 2341 3529 ἔχοντά
2370 3474 2423 3511 τι
2474 3458 2598 3511 κατ’
2640 3454 2829 3511 αὐτοῦ.
2862 3456 2985 3507 Ὅτι
3030 3455 3088 3507 οὐ
3130 3454 3211 3507 δεῖ
3263 3456 3623 3525 μνησικακεῖν
3654 3452 3734 3524 τῷ

2143 3550 2526 3621 ἁμαρτήσαντι
2553 3549 2649 3602 καὶ
2687 3546 3058 3617 μετανοοῦντι,
3087 3545 3202 3599 ἀλλ’
3234 3547 3299 3599 ἐκ
3327 3545 3553 3616 καρδίας
3577 3545 3733 3615 ἀφεῖ-

2145 3662 2254 3698 ναι.
2283 3644 2406 3696 ’Ότι
2438 3642 2521 3695 δεῖ
2544 3640 2635 3694 τὸν
2673 3638 2899 3708 λέγοντα
2937 3641 3217 3710 μετανοεῖν
3252 3636 3335 3706 ἐφ’
3371 3638 3732 3708 ἁμαρτήματι

2149 3737 2225 3808 μὴ
2286 3736 2446 3806 μόνον
2496 3733 2873 3803 κατανυγῆναι
2922 3732 3008 3800 ἐφ’
3038 3726 3082 3800 ᾧ
3129 3732 3401 3803 ἥμαρτεν,
3447 3728 3584 3784 ἀλλὰ
3636 3730 3734 3782 καὶ

2146 3826 2395 3898 καρποὺς
2433 3824 2619 3889 ἀξίους
2652 3825 2881 3893 ποιῆσαι
2921 3824 3022 3895 τῆς
3069 3822 3380 3894 μετανοίας.
3406 3822 3530 3875 Ὅτι
3562 3822 3591 3874 ὁ
3636 3822 3734 3874 ἐπὶ

2145 3920 2257 3981 τοῖς
2289 3915 2526 3990 πρώτοις
2556 3916 2921 3987 ἁμαρτήμασι
2955 3914 3286 3978 παιδευθεὶς,
3325 3914 3424 3968 καὶ
3451 3914 3549 3984 τῆς
3592 3914 3728 3983 ἀφέ-

2147 4027 2284 4073 σεως
2315 4007 2591 4076 ἀξιωθεὶς,
2639 4006 2734 4060 ἐὰν
2767 4006 2930 4060 πάλιν
2972 4006 3216 4078 ἁμάρτῃ,
3248 4007 3431 4077 χεῖρον
3463 4006 3559 4058 τοῦ
3594 4021 3733 4076 προέ

2145 4103 2305 4173 τέρου
2337 4098 2738 4164 κατασκευάζει
2771 4097 2951 4169 ἐαυτῷ
2975 4098 3036 4151 τὸ
3056 4100 3234 4169 κρῖμα
3272 4099 3373 4168 τῆς
3394 4098 3586 4169 ὀργῆς.
3610 4099 3735 4153 Ὅτι

2145 4195 2227 4247 δεῖ
2253 4192 2346 4246 τὸν
2397 4192 2535 4263 μετὰ
2583 4189 2681 4261 τὴν
2738 4188 2963 4261 πρώτην
3005 4189 3101 4243 καὶ
3143 4188 3402 4263 δευτέραν
3446 4188 3735 4244 νουθεσίαν

2146 4286 2477 4356 ἐπιμένοντα
2516 4282 2594 4353 τῷ
2626 4281 2972 4352 ἐλαττώματι
3015 4281 3210 4334 ἑαυτοῦ
3257 4281 3625 4353 φανεροῦσθαι
3653 4284 3736 4355 τῷ

456 4364 603 4418 deat.
662 4360 822 4426 Quod
887 4359 933 4414 si
982 4375 1051 4414 ne
1100 4360 1184 4414 sic
1224 4362 1444 4429 quidem
1489 4363 1812 4419 emendatus
1849 4364 2037 4431 fuerit,

2149 4376 2468 4451 προεστῶτι,
2503 4371 2598 4427 ἐὰν
2646 4373 2755 4443 ἄρα
2798 4373 2904 4427 ὑπὸ
2960 4372 3223 4426 πλειόνων
3253 4373 3599 4444 ἐπιτιμηθεὶς
3641 4376 3732 4429 ἐν-

454 4455 715 4524 deinceps
764 4451 1170 4508 exscindendus
1231 4463 1335 4516 est,
1390 4462 1447 4508 ut
1494 4455 1835 4522 scandalum,
1874 4468 2037 4528 atque

455 4542 743 4602 habendus
773 4559 872 4614 pro
905 4544 1129 4598 cthnico
1160 4560 1226 4599 ac
1257 4546 1550 4616 publicano
1586 4546 1651 4601 ad
1686 4549 2035 4605 securitatem

454 4652 645 4695 eorum
679 4636 773 4708 qui
803 4632 1171 4692 obedientiam
1231 4638 1335 4693 sibi
1367 4637 1549 4694 studio
1583 4638 1805 4706 habent,
1838 4655 2038 4695 secun-

455 4731 587 4786 dum
625 4728 681 4784 id
711 4726 859 4799 quod
886 4726 1094 4783 dictum
1132 4736 1220 4783 est
1249 4748 1263 4784 :
1290 4726 1476 4800 lmpiis
1524 4730 1871 4799 cadentibus,
1899 4732 2034 4802 justi

455 4820 651 4874 timore
678 4817 1074 4888 corripiuntur.
1114 4818 1221 4874 Sed
1249 4826 1304 4873 et
1332 4818 1614 4875 deﬂendus
1639 4832 1743 4887 est,
1772 4829 1835 4875 ut
1867 4838 2038 4877 mem-

457 4911 614 4965 brum
648 4924 681 4964 a
716 4920 947 4980 carpore
979 4909 1132 4979 ιο]
1189 4910 1524 4966 abscissum.
1568 4909 1688 4966 Non
1734 4920 1952 4982 oportet
1978 4914 2034 4967 in

457 5001 745 5057 iracundia
770 5001 961 5057 fratris
993 5003 1163 5058 solem
1192 5002 1466 5069 occidere,
1499 5019 1568 5060 ne
1601 5014 1713 5059 nox
1743 5014 2035 5077 utrumque

458 5101 697 5167 separet,
733 5110 799 5150 ac
827 5095 885 5150 in
930 5095 1020 5151 die
1062 5095 1257 5168 judicii
1298 5094 1509 5152 crimen
1551 5096 1901 5154 ineluctabile
1949 5113 2034 5154 re-

529 5278 643 5348 (83)
683 5275 847 5348 (Yide
881 5275 1195 5348 Addenda.)

527 5346 660 5422 (84)_
684 5346 885 5422 Τῶν...
921 5346 1420 5422 ἐπιτεταγρέζωγ.
1451 5347 1545 5422 Sjc
1576 5347 1713 5422 Reg.
1753 5358 1809 5406 et
1859 5352 2034 5412 Cois].

456 5416 734 5497 Mundus
756 5426 816 5497 _et
854 5417 964 5497 duo
996 5416 1255 5497 Combel‘._
1282 5417 1424 5472 Editi
1448 5419 1637 5497 τῆς...
1661 5416 2039 5497 ἐπιτεταγμέ-

456 5503 572 5542 νου.
622 5485 791 5560 Coisl.
826 5490 1035 5560 primus
1077 5496 1133 5543 et
1169 5488 1261 5542 alii
1306 5485 1556 5545 nonnulli
1603 5492 1808 5548 habent
1852 5485 2036 5550 ἐπιτε-

455 5556 859 5694 ταῖἑέξνοᾶιὲίδφ.
907 5627 1047 5684 Editi
1088 5627 1295 5684 addunt
1334 5626 1413 5694 ἐν,
1462 5626 1558 5682 sed
1599 5625 1656 5681 iu
1699 5630 1863 5686 multo
1908 5627 2033 5686 cod.

457 5711 567 5759 ms.
595 5699 920 5768 reperimus.

2146 4472 2352 4543 τραπῇ.
2416 4465 2541 4519 Ἐὰν
2579 4465 2634 4518 δέ
2681 4464 2816 4536 μηδέ
2846 4464 2990 4518 οὓτω
3035 4458 3519 4537 διορθώσηται,ὼς
3566 4468 3734 4522 σκάν..

2143 4564 2300 4619 δαλαν
2330 4557 2695 4613 ἐκκόπτεσθαι
2727 4557 2821 4609 τοῦ
2869 4555 3058 4611 λοιποῦ
3078 4597 3093 4621 ,
3129 4558 3225 4611 καὶ
3272 4558 3349 4621 ώς
3379 4557 3592 4613 ἐθνικὸν
3637 4562 3735 4614 καὶ

2143 4652 2382 4721 τελώνην
2413 4648 2642 4721 ὁρᾶσθαι
2672 4648 2808 4719 πρὸς
2840 4647 2937 4719 τὴν
2967 4648 3264 4717 ἀσφάλειαν
3291 4648 3400 4702 τῶν
3432 4650 3532 4722 τὴν
3562 4668 3736 4705 σπου-

2143 4746 2239 4818 δὴν
2270 4744 2371 4815 τῆς
2401 4741 2650 4811 ὑπακοῆς
2683 4739 3089 4811 ἐργαζομένων,
3125 4741 3269 4796 κατὰ
3306 4738 3369 4795 τὸ
3412 4744 3730 4814 εἰρημένον,

2155 4835 2395 4891 Ἀσεϐῶν
2430 4832 2880 4887 καταπιπτόντων
2901 4873 2915 4897 ,
2959 4832 3159 4886 δίκαιοι
3195 4833 3423 4904 ἔμφοϐοι
3462 4835 3729 4903 γίνονται.

2142 4932 2234 4983 Δεῖ
2264 4923 2321 4981 δέ
2350 4927 2447 4980 καὶ
2477 4924 2697 4978 πενθεῖν
2735 4925 2822 4976 ἐπ’
2854 4924 3025 4995 αὐτῷ,
3060 4924 3137 4987 ὡς
3173 4918 3368 4995 μέλους
3399 4926 3733 4993 ἐκκοπέντος

2140 5022 2207 5074 ἐκ
2238 5018 2335 5073 τοῦ
2368 5016 2644 5088 σώματος.
2668 5016 2791 5069 Ὅτι
2820 5015 2882 5069 οὐ
2909 5015 2990 5069 δεῖ
3016 5018 3075 5069 ἐν
3099 5017 3469 5089 παροργισμῷ
3494 5018 3732 5089 ἀδελφοῦ

2140 5110 2389 5166 ἐπιδῦναι
2419 5109 2510 5162 τὸν
2543 5108 2718 5178 ἦλιον,
2749 5108 2824 5179 μή
2860 5124 2992 5161 ποτε
3034 5109 3070 5179 η
3115 5106 3212 5173 νύξ
3245 5108 3435 5180 διαστῇ
3483 5109 3597 5180 (87)
3636 5128 3736 5181 μες
3768 5092 3777 5153 ἑ

2215 5345 2326 5413 (87)
2353 5339 2601 5413 Δωτῇ.
2632 5340 2807 5413 Bigot.
2838 5340 3123 5413 διαστήσῃ.
3152 5339 3322 5395 Coisl.
3366 5342 3648 5413 secundus
3677 5351 3734 5398 et

2144 5410 2236 5484 alii
2261 5410 2370 5468 duo
2396 5428 2426 5465 a
2448 5410 2783 5466 Combelisio
2812 5411 2965 5484 citati
2996 5410 3312 5484 μεταστήσῃ
3337 5412 3687 5484 ἀμφοτέρους
3710 5430 3728 5448 ο

2145 5483 2229 5538 Ne
2258 5499 2365 5537 nox
2390 5492 2674 5551 utrumque
2713 5479 3020 5549 transferat.
3056 5479 3164 5534 Sed
3187 5479 3474 5536 retinenda
3500 5479 3621 5537 visa
3644 5492 3732 5539 est

2144 5556 2418 5620 scriptura
2449 5551 2689 5620 vulgata,
2719 5567 2840 5620 qua:
2884 5552 2938 5604 in
2974 5553 3380 5619 antiquissimis
3410 5562 3593 5606 exstat
3634 5570 3730 5609 co-

2144 5570 2251 5610 SCI‘I
2297 5570 2418 5606 llll'a
2449 5570 2689 5620 vulgata,
2719 5570 2840 5620 qua:
2884 5570 2938 5604 Ill
2974 5570 3380 5619 allllqllISSImIS
3410 5570 3593 5606 BXSIal
3634 5570 3729 5609 (τοο

2143 5570 2362 5678 diciBus
2393 5622 2650 5676 Medicam
2676 5633 2732 5675 et
2753 5621 2926 5675 Coisl.
2957 5623 3156 5689 primo.
3186 5622 3335 5677 Satis
3366 5634 3451 5677 est
3475 5623 3626 5676 enim
3658 5625 3729 5679 ad

2144 5696 2331 5752 Basilii
2358 5707 2604 5757 sensum,
2637 5698 2695 5747 ut
2718 5693 3069 5749 metuendum
3093 5694 3187 5762 sit,
3213 5708 3281 5750 ue
3303 5709 3404 5750 vox
3428 5704 3731 5766 utrumque

2370 5270 2530 5343 (Vide
2552 5269 2877 5343 Addenda.)
