3870 6218
116 320 200 381 296
1029 308 1528 372 EPISTOLARUM
1565 312 1852 372 CLASSIS
1881 309 1930 369 ~l.
1972 310 2190 367 EPIST.
2270 307 2461 370 XXIII.

3249 301 3359 362 294

115 435 596 510 ταξὺάμφοτέρων,
639 438 735 490 καί⁸
779 435 1058 509 καταλίπῃ
1083 435 1161 488 Δὲν
1204 434 1393 505 ἡμέρα
1434 434 1665 504 κρίσεως

1773 433 2005 502 linquat.
2046 431 2288 500 Tempus
2341 445 2448 483 non
2493 424 2927 498 protrahendqu
2955 423 3023 478 ad
3051 423 3136 478 sui
3164 437 3358 477 emen-

119 531 458 603 ἀπαραίτητον
488 529 768 600 ἔγκλημα.
802 529 924 580 Ὀτι
954 528 1014 580 οὐ
1047 527 1128 580 δεί
1157 525 1346 596 καιρὸν
1377 523 1669 596 ἀναμένειν

119 623 193 675 ἐπὶ
215 624 271 692 τῇ
299 619 491 674 ἑαυτοῦ
539 620 844 691 διορθώσει,
877 617 966 672 διὰ
1015 619 1078 671 τὸ
1125 617 1200 689 μὴ
1237 617 1479 686 ἀσφαλὲς
1526 615 1669 686 ἔχειν

122 715 222 784 περὶ
257 714 351 784 τῆς
401 711 592 784 αὔριον
614 731 627 743 ·
681 713 764 765 ὅτι
797 711 983 765 πολλοὶ
1026 710 1199 764 πολλά
1249 709 1668 779 βουλευσάμενοι

120 805 199 874 τὴν
235 803 413 875 αὔριον
467 804 527 856 οὐ
587 803 911 858 κατέλαϐον.
943 804 1065 857 Ὅτι
1118 803 1180 855 ού
1235 801 1316 853 δεῖ
1356 797 1667 853 ἀπατᾶσθαι

121 894 342 964 χορτασία
373 893 604 956 κοιλίας,
653 894 719 946 δι’
761 888 829 966 ἧς
861 893 1106 962 γίνονται
1148 891 1440 961 φαντασίαι
1478 907 1669 943 νυκτε-

122 985 394 1056 ριναί.“ὐτι
428 986 489 1038 ού
545 986 629 1039 δεῖ
673 985 1052 1056 περισπᾶσθαι
1082 988 1165 1048 εἰς
1215 985 1452 1055 ἄμετρον
1503 984 1668 1054 ἐργα-

121 1079 238 1143 σίαν,
268 1079 358 1131 καὶ
401 1077 753 1150 ὑπερϐαίνειν
787 1080 914 1142 τοὺς
953 1078 1114 1149 ὅρους
1167 1077 1268 1146 τῆς
1314 1075 1664 1146 αὐταρκείας,

120 1169 235 1221 κατά
283 1170 373 1222 τὸν
427 1169 750 1222 ’Δπόστολον
788 1169 1045 1223 εἰπόνταο
1085 1170 1372 1238 Ἔχοντες
1423 1166 1492 1220 δὲ
1537 1167 1667 1220 δια-

120 1263 340 1330 τροφὰς,
377 1262 475 1316 καὶ
525 1260 954 1331 σκεπάσματα,
1007 1263 1243 1328 τούτοις
1294 1261 1668 1330 ἀρκεσθησό-

119 1359 272 1423 μεθα·
301 1355 382 1407 ὅτι
412 1355 447 1424 ή
487 1354 772 1425 περισσεία
792 1395 806 1420 ,
851 1357 884 1426 ἡ
925 1355 1066 1426 ὑπὲρ
1115 1354 1215 1426 τὴν
1242 1354 1452 1426 χρείαν,
1483 1353 1666 1407 εἰκόνα

121 1447 397 1512 πλεονεξίας
434 1447 712 1518 ἐμφαίνει,
748 1449 782 1518 ἡ
815 1447 872 1500 δὲ
902 1447 1187 1512 πλεονεξία
1236 1447 1514 1517 ἀπόφασιν
1555 1446 1666 1518 ἔχει

121 1536 544 1608 εἰδωλολατρείας.
588 1538 710 1590 Ὅτι
761 1539 821 1590 οὐ
857 1539 940 1592 δεῖ
975 1538 1310 1610 φιλάργυρον
1354 1535 1516 1604 εἶναι,
1545 1539 1665 1593 οὐδὲ

121 1625 432 1698 θησαυρίζειν
456 1629 536 1691 εἰς
561 1627 815 1698 ἀνωφελῆ
838 1627 873 1680 ἃ
910 1627 983 1699 μὴ
1015 1627 1116 1684 δεῖ.
1135 1628 1258 1680 Ὅτι
1279 1627 1360 1680 δεῖ
1385 1627 1476 1680 τὸν
1500 1643 1668 1698 προσ-

120 1717 376 1789 ερχόμενον
400 1719 521 1789 Θεῷ
560 1718 948 1791 ἀκτημοσύνην
984 1719 1324 1782 ἀσπάζεσθαι
1351 1719 1491 1772 κατὰ
1526 1719 1664 1772 πάν-

117 1823 189 1871 τα,
215 1810 298 1862 καὶ
323 1810 714 1880 καθηλωμένον
749 1806 886 1862 εἶναι
912 1809 990 1881 τῷ
1024 1809 1174 1880 φόϐῳ
1207 1808 1300 1863 τοῦ
1332 1809 1490 1873 Θεοῦ,
1523 1808 1663 1862 κατὰ
1694 1781 1743 1842 Β

117 1898 192 1950 τὸν
217 1900 461 1954 εἰπόντα·
508 1900 882 1968 Καθήλωσον
917 1901 987 1955 ἐκ
1033 1901 1142 1955 τοῦ
1167 1903 1357 1970 φόϐου
1393 1916 1511 1954 σου
1555 1898 1664 1964 τὰς

116 1991 314 2059 σάρκας
352 2011 508 2063 μου·
556 1993 674 2047 ἀπὸ
705 1994 815 2064 γὰρ
859 1994 982 2049 τῶν
1018 1993 1318 2065 χριμάτων
1361 2008 1479 2047 σου
1523 1993 1662 2060 ἐφο-

115 2078 279 2147 ϐήθην
297 2081 428 2152 (88).
463 2080 584 2152 Δῴη
609 2081 665 2134 δὲ
698 2081 728 2133 ὁ
777 2079 1004 2152 Κύριος,
1057 2081 1196 2152 μετά
1233 2080 1415 2150 πάσης
1460 2079 1664 2150 πληρο-

118 2172 282 2241 φορίας
313 2175 454 2244 ὑμᾶς
498 2173 934 2243 ἀναδεξαμένους
963 2171 1033 2227 τὰ
1066 2173 1354 2246 εἰρημένα,
1398 2173 1479 2234 εἰς
1506 2169 1662 2234 δόξαν

115 2261 227 2313 Θεοῦ
270 2265 509 2334 καρποὺς
554 2264 738 2330 ἀξίους
783 2264 877 2318 τοῦ
930 2263 1249 2334 Πνεύματος
1294 2259 1662 2326 ἐπιδείξασθαι

117 2351 228 2405 Θεοῦ
260 2355 470 2426 εὐδοκία
499 2356 596 2408 καὶ
629 2357 889 2427 συνεργίᾳ⁵
917 2356 1014 2408 τοῦ
1043 2355 1244 2426 Κυρίου
1284 2353 1440 2425 ἡμῶν
1487 2347 1661 2420 Ἰησοῦ

116 2443 338 2512 Χριστοῦ.
369 2447 568 2518 Ἀμήν.

606 2561 955 2616 ΕΠΙΣΤΟΛΗ
991 2563 1098 2617 ΚΡ

1771 525 2072 588 dationem,
2106 539 2172 577 eo
2199 521 2346 592 quod
2377 535 2485 575 non
2503 525 2720 575 constet
2745 517 2813 572 de
2841 516 3120 581 crastina;
3147 515 3359 586 quippe

1770 628 1896 668 cum
1915 613 2070 666 multi
2096 619 2221 682 post
2247 612 2416 666 multa
2442 610 2694 676 consilia,
2713 609 3018 663 crastinum
3044 621 3150 660 non
3172 607 3358 676 adepti

1771 710 1920 759 sunt.
1967 701 2088 757 Non
2137 711 2357 772 oportet
2388 701 2596 757 ventris
2632 700 2881 755 satietate
2908 697 3108 766 decipi,
3151 711 3219 750 ex
3244 710 3358 766 qua

1770 795 2036 868 imagines
2068 803 2354 848 nocturnm
2384 801 2710 846 nascuntur.
2728 789 2844 844 Non
2874 796 3090 858 oportet
3116 785 3353 840 distrahi

1770 903 1932 958 Opere
1967 885 2352 950 immoderato,
2387 899 2489 939 nec
2511 885 2672 938 debet
2705 882 2998 952 quisquam
3026 878 3358 949 frugalitatis

1769 977 2035 1032 terminos
2054 974 2340 1040 excedere,
2363 973 2667 1029 secundum
2699 973 3021 1042 Apostolum
3045 971 3318 1025 dicentem
3339 983 3355 1020 ;

1775 1065 2040 1121 Habentes
2083 1074 2258 1119 autem
2319 1066 2593 1129 alimenta,
2635 1073 2684 1116 et
2729 1065 2918 1132 quibus
2959 1073 3233 1132 tegamur,
3271 1058 3358 1115 his

1769 1160 1996 1212 contenti
2017 1159 2252 1212 erimus’
2279 1173 2292 1222 ;
2323 1163 2615 1226 propterea
2667 1153 2814 1224 quod
2877 1154 3038 1222 c0pia
3084 1151 3227 1205 ultra
3261 1165 3360 1203 ne-

1768 1253 2080 1306 cessitatem
2139 1247 2404 1318 perducta
2463 1247 2757 1316 imaginem
2817 1243 3062 1299 avaritiae
3110 1241 3355 1306 exhibet,

1769 1343 1997 1397 avaritia
2026 1341 2354 1396 idololatriae
2392 1341 2614 1394 nomine
2645 1340 2942 1393 damnatur
2973 1336 3015 1390 ³.
3043 1333 3164 1389 Non
3193 1347 3359 1404 opor-

1766 1441 1844 1488 tet
1873 1433 2083 1503 argenti
2116 1432 2376 1502 cupidum
2393 1447 2540 1495 esse,
2571 1445 2750 1499 neque
2780 1429 3072 1482 thesauros
3101 1425 3358 1495 colligere

1770 1526 1822 1579 in
1848 1541 1939 1580 res
1963 1525 2188 1578 inutiles
2214 1539 2336 1593 quae
2375 1539 2483 1578 non
2519 1523 2868 1576 conveniant.
2912 1519 3138 1588 Oportet
3173 1523 3232 1570 ut
3260 1515 3361 1585 qui

1769 1616 1837 1671 ad
1868 1615 2036 1672 Deum
2076 1615 2311 1679 accedit,
2339 1621 2719 1684 paupertatem
2734 1611 3117 1682 'amplectatur
3145 1607 3203 1662 in
3239 1621 3359 1661 om-
3409 1621 3415 1628 ·

1768 1710 1950 1772 nibus,
1986 1717 2040 1762 et
2085 1707 2337 1763 conﬁxus
2384 1707 2456 1762 sit
2488 1707 2689 1760 timore
2720 1703 2840 1771 Dei,
2887 1701 3189 1758 secundum
3229 1713 3358 1754 eum

1769 1805 1865 1872 qui
1894 1803 2027 1856 dicit
2058 1821 2070 1856 :
2111 1801 2329 1870 Con/ige
2351 1802 2537 1854 timore
2578 1809 2668 1852 tuo
2701 1814 2887 1851 carnes
2923 1811 3106 1859 meas;
3149 1791 3356 1862 ajudio

1771 1897 1866 1950 ciis
1891 1896 2026 1948 enim
2058 1895 2160 1947 tuis
2197 1893 2350 1946 timui
2372 1893 2412 1947 ⁸.
2446 1891 2545 1947 Det
2573 1899 2755 1946 autem
2811 1889 3099 1950 Dominus,
3143 1897 3203 1940 ut
3234 1900 3357 1955 qua

1771 1988 2013 2041 diximus
2045 2002 2170 2040 cum
2205 1985 2356 2039 omni
2386 1983 2556 2038 animi
2583 1982 2941 2053 persuasione
2968 1978 3354 2050 suscipientes,

1772 2080 1840 2132 ad
1871 2077 1966 2133 Dei
2002 2078 2231 2149 gloriam
2263 2076 2457 2147 dignos
2502 2074 2717 2128 fructus
2763 2072 3022 2142 Spiritus,
3056 2071 3151 2127 Dei
3189 2071 3358 2125 bene-

1773 2171 1994 2240 placito,
2049 2177 2215 2239 atque
2268 2167 2485 2222 Domini
2537 2167 2710 2222 nostri
2743 2165 3098 2223 JcStrChristi
3151 2163 3356 2218 auxilio

1771 2259 2096 2318 ostendatis.
2123 2259 2318 2314 Amen.

2254 2505 2601 2604 Epis'rom
2643 2546 2850 2602 xxur.

118 2673 215 2721 Cum
230 2671 417 2736 quidam
436 2671 491 2723 in
511 2687 566 2724 eo
584 2671 706 2736 loco,
727 2674 810 2724 ubi
853 2682 967 2726 tunc
988 2682 1090 2727 erat
1115 2674 1348 2736 Basilius,
1378 2673 1694 2726 monasticam
1716 2667 1865 2736 vitam
1887 2663 2117 2734 amplecti
2139 2663 2294 2736 uellet,
2320 2661 2508 2713 distulit
2541 2676 2664 2736 eum
2683 2660 2912 2736 Basilius,
2939 2663 3116 2736 potens
3134 2675 3268 2733 .eum

161 2725 428 2802 monasterio
447 2749 538 2802 suo
560 2725 805 2802 suscipere
827 2750 844 2797 ;
877 2725 1112 2802 θέα-ἱρείης
1136 2725 1317 2802 mutato
1334 2725 1544 2802 consilio
1566 2728 1856 2802 (summittit,
1879 2741 1937 2777 ac
1961 2725 2183 2791 prwcipit
2205 2737 2256 2776 ut
2278 2739 2329 2776 se
2352 2739 2446 2775 non
2471 2731 2743 2786 exspectato
2765 2725 3080 2788 suscipiatur,
3099 2725 3237 2788 eique
3257 2725 3358 2774 ati-

161 2796 270 2857 qm's,
285 2809 422 2860 quem
440 2796 546 2860 ipse
566 2796 780 2862 elegerit,
793 2796 1092 2862 prwficiatur
1114 2798 1224 2851 vita:
1243 2797 1498 2850 sanctioris
1519 2796 1763 2860 magister.

321 2905 696 2977 Παραθετικὴ
722 2905 832 2977 (89)
869 2907 1020 2972 πρὸς
1055 2907 1410 2976 μονάζοντα.

177 3014 226 3068 '0
249 3017 390 3072 δεῖνα
424 3017 561 3091 (90),
595 3017 672 3082 ὡς
703 3017 874 3086 λέγει,
922 3019 1226 3088 καταγνοὺς
1269 3021 1370 3091 τῆς
1401 3020 1495 3074 τοῦ
1540 3020 1656 3092 βίου

2096 2895 2541 2953 Commendatitia
2571 2895 2640 2948 ad
2669 2903 3002 2949 monachum.

1836 3013 1950 3074 Ille.
2007 3021 2067 3068 ut
2100 3014 2198 3078 ait,
2247 3013 2625 3067 condemnans
2652 3013 2775 3065 vitae
2823 3011 2989 3079 hujus
3030 3011 3351 3077 vanitatem,

115 3107 270 3162 τούτου
306 3080 854 3182 (91)“ματαιότητος,
889 3114 982 3166 καὶ
1024 3080 1390 3183 καταμαθὼν,
1438 3080 1664 3185 ὅτιιτῆς

1773 3113 1942 3175 atque
1990 3105 2334 3176 exploratum
2397 3105 2607 3158 habens
2645 3103 2930 3172 praesentis
2958 3103 3079 3157 vitae
3109 3104 3354 3159 oblecta-

115 3195 233 3269 ζωῆς
261 3200 463 3271 ταύτης
496 3199 571 3253 τά
624 3199 834 3271 τερπνά
877 3199 1109 3253 ἐνταῦθα
1153 3200 1248 3271 τὴν
1283 3204 1663 3273 καταστροφὴν

113 3289 230 3358 ἔχει,
260 3291 386 3356 ὕλας
437 3293 598 3362 μόνον
636 3293 1114 3358 κατασκευάζοντα
1145 3292 1224 3363 τῷ
1264 3294 1468 3366 αἰωνίῳ
1509 3295 1660 3364 πυρὶ,

115 3385 299 3451 ταχεῖαν
325 3384 381 3436 δὲ
430 3383 627 3453 ἔχοντα
671 3383 769 3455 τὴν
813 3384 1065 3455 πάροδον,
1116 3384 1378 3438 κατέλαϐέ
1411 3403 1498 3457 με,
1543 3385 1665 3456 βου-

113 3470 302 3542 λόμενος
331 3475 642 3546 ἀποστῆναι
682 3477 779 3545 μὲν
823 3477 922 3547 τῆς
951 3476 1230 3546 μοχθηρᾶς
1273 3477 1365 3529 καὶ
1401 3479 1660 3531 πολυστε-

115 3562 276 3618 vietos
306 3566 473 3636 ζωῆς,
504 3567 820 3619 καταλιπεῖν
864 3567 919 3620 δὲ
944 3567 1042 3630 τὰς
1076 3567 1177 3637 τῆς
1209 3569 1408 3639 σαρκὸς
1446 3569 1656 3641 ἡδονὰς,

113 3652 324 3708 ἐπελθεῖν
346 3658 403 3709 δὲ
425 3658 618 3711 λοιπὸν
646 3662 711 3729 τῇ
756 3658 858 3729 ὁδῷ
895 3661 958 3729 τῇ
990 3659 1200 3730 ἀγούσῃ
1237 3660 1328 3713 ἐπὶ
1360 3661 1459 3724 τὰς
1491 3662 1658 3732 μονάς

114 3744 186 3797 τοῦ
225 3748 443 3819 Κυρίου.
487 3750 702 3821 Ἐπειδὴ
747 3746 838 3802 οὖν
889 3750 1187 3818 ἀναγκαῖόν
1233 3753 1399 3815 ἐστιν,
1446 3756 1494 3806 εἰ
1552 3753 1654 3823 φύ-

116 3845 179 3882 σει
205 3833 302 3902 (92)
327 3837 384 3886 ὲν
418 3835 689 3906 ἐπιθυμίᾳ
724 3837 1024 3906 καθέστηκε
1052 3839 1150 3909 τῆς
1183 3840 1458 3911 μακαρίας
1491 3842 1662 3906 ὅντως

111 3917 368 3995 διαγωγῆς,
419 3927 516 3979 καὶ
560 3927 651 3978 τὸν
701 3927 863 3980 καλὸν
905 3929 999 3981 καὶ
1047 3929 1438 4000 ἐπαινούμενον
1482 3933 1658 4003 ἔρωτα

111 4010 240 4080 ias/sv
268 4015 322 4064 ὲν
353 4019 417 4086 τῇ
455 4015 654 4068 ἑαυτοῦ
677 4015 844 4085 ψυχῇ,
867 4016 1162 4087 ἀγαπήσας
1184 4017 1386 4088 Κύριον
1408 4019 1498 4071 τὸν
1527 4019 1658 4072 Θεὸν

110 4102 239 4169 ἡμῶν
269 4105 323 4170 ἐξ
361 4108 492 4178 ὅλης
535 4107 785 4178 καρδίας,
822 4109 915 4160 καί
942 4105 1002 4172 ἐξ
1046 4108 1173 4182 ὅλης
1215 4109 1430 4180 ἰσχύος,
1466 4113 1561 4164 καὶ
1601 4111 1660 4178 ἐξ

173 4224 226 4278 ³1
257 4226 389 4284 Tim.
423 4247 498 4294 vl,
524 4231 580 4284 8.

112 4349 293 4406 separet
328 4343 654 4398 alterutrius
682 4351 885 4409 morte;
938 4358 1041 4398 nec
1076 4345 1288 4398 videtur
1315 4344 1522 4400 dixisse
1553 4364 1664 4400 me-

108 4412 337 4483 tuendum
358 4429 506 4475 esse,
545 4430 610 4466 ne
640 4429 744 4466 nos:
777 4423 1056 4483 utrumque
1086 4415 1394 4483 transferat.
1427 4414 1485 4470 Id
1513 4418 1659 4472 enim

109 4481 262 4554 minus
290 4485 637 4554 naturaleac
663 4483 815 4554 dictu
845 4481 1104 4554 proclive.

167 4550 262 4624 (788)
301 4552 457 4620 (Vide
484 4553 798 4624 Addenda.)

172 4621 269 4691 (89)
294 4622 687 4691 Παραθετική.
733 4621 823 4678 Sic
863 4640 1055 4678 omnes
1089 4626 1308 4681 codices
1353 4641 1488 4682 mss.
1517 4625 1660 4680 Editi

113 4692 601 4767 παραινετικήηὸοχ
643 4695 862 4767 codices
906 4705 960 4750 et
996 4696 1137 4767 editi
1160 4697 1367 4750 addunt
1398 4697 1534 4767 πρὸς
1567 4714 1663 4766 μο-

115 4760 325 4837 ﬂorea.
357 4760 510 4837 Harl.
547 4764 944 4834 ἀποταξαμένῳ
973 4765 1052 4833 τῷ
1088 4765 1187 4837 βίῳ
1219 4767 1312 4819 καὶ
1348 4760 1660 4836 μονάσαντι,

114 4827 167 4881 Ei
194 4833 270 4900 qui
293 4834 490 4887 swculo
535 4827 857 4889 renuntiarit
895 4827 944 4888 et
972 4827 1134 4888 vitam
1159 4827 1517 4890 monasticam
1541 4827 1660 4890 am?

114 4902 263 4978 piens
298 4913 397 4978 est.
435 4904 548 4959 Sed
595 4905 771 4978 iubis
823 4906 994 4978 titulis
1044 4907 1375 4978 diligentiam
1420 4909 1659 4976 requiro.

114 4970 209 5046 Non
231 4976 366 5027 enim
401 4990 580 5028 unum
622 4975 857 5046 aliquem
898 4970 1175 5046 privatim,
1205 4977 1301 5030 sed
1331 4970 1512 5030 totum
1542 4993 1662 5032 mo-

117 5043 377 5116 nac‘horum
409 5043 748 5116 conventum
785 5043 1083 5116 alloquitur
1120 5045 1378 5101 Basilius.

171 5111 264 5183 (90)
286 5115 362 5187 :0
385 5116 583 5169 δεῖνα.
639 5113 697 5168 1η
749 5111 1157 5186 interpretanda
1189 5117 1292 5171 hac
1338 5131 1491 5180 voce,
1542 5133 1664 5187 quae

118 5196 230 5258 {rape
255 5185 388 5240 alias
402 5194 697 5258 occurret,
737 5185 962 5258 secutus
993 5201 1114 5241 sum
1140 5196 1380 5258 veterem
1426 5185 1657 5242 morem.

118 5247 359 5328 V’it'uperat
387 5247 732 5328 Cyprianus,
767 5257 822 5310 in
851 5257 1011 5326 epist.
1043 5273 1122 5328 xi,
1155 5257 1367 5312 libellos
1389 5270 1423 5310 a
1455 5259 1667 5328 conres-

118 5324 297 5378 scribus
324 5324 489 5381 datos
510 5327 659 5380 hunc
680 5327 733 5380 in
765 5324 1006 5387 mod—um,
1040 5325 1402 5382 Communicet
1430 5327 1522 5382 ille
1546 5344 1665 5380 cum

118 5394 218 5447 suis.
259 5393 529 5452 Observat
580 5395 838 5452 Baluzius
882 5399 939 5452 in
994 5395 1150 5451 Notis
1201 5398 1282 5453 sic
1317 5397 1512 5452 solitos
1542 5414 1666 5453 esse

119 5466 331 5539 scribere
354 5470 622 5539 antiquos
649 5483 749 5539 pip
780 5481 868 5539 eo,
907 5466 1072 5539 quod
1097 5469 1368 5539 po_sterior
1399 5479 1533 5539 aetas
1576 5469 1668 5522 Iit-

119 5542 253 5588 teram
272 5537 353 5606 Ν.
389 5536 670 5592 adhibuit.
699 5536 1037 5606 Epiphanius
1062 5538 1115 5590 in
1149 5536 1388 5605 Epistola
1416 5537 1482 5592 ad
1507 5537 1668 5592 Joan-

119 5605 824 5680 nemllierosolymitan‘u’m’,
856 5624 921 5662 ex
940 5678 950 5680 μ
968 5608 1422 5680 interpretatione
1474 5607 1666 5664 Hiero-

122 5677 253 5741 nymi,
280 5688 440 5748 negat
472 5675 536 5734 se
575 5694 675 5747 pro
696 5675 905 5732 Joanne
939 5678 994 5748 in
1027 5675 1296 5733 sacriﬁcio
1334 5679 1551 5732 solitum
1587 5680 1666 5733 sic

121 5747 631 5816 precariaDomine,
693 5759 886 5818 privata
931 5747 1127 5804 Jounni
1179 5759 1232 5802 ut
1275 5759 1409 5802 recte
1461 5749 1661 5816 credat,

1770 3203 1949 3251 menta
1975 3196 2062 3250 hic
2093 3198 2253 3252 ﬁnem
2283 3196 2504 3260 habere,
2527 3196 2816 3248 materiam
2861 3195 3129 3250 duntaxat
3147 3204 3356 3251 aeterno

1769 3287 1880 3357 igni
1913 3287 2304 3358 praeparantia,
2334 3295 2389 3341 et
2418 3287 2529 3340 cito
2551 3286 2922 3351 transeuntis,
2962 3290 3218 3341 convenit
3245 3303 3354 3356 me,

1769 3383 1959 3439 volens
2010 3383 2078 3437 ab
2124 3383 2230 3438 hac
2290 3383 2492 3438 misera
2536 3382 2801 3450 valdeque
2841 3384 3092 3438 luctuosa
3129 3383 3240 3437 vita
3269 3399 3357 3439 se-

1768 3473 1984 3540 cedere,
2040 3489 2106 3529 ac
2154 3474 2366 3529 relictis
2425 3475 2613 3529 carnis
2658 3475 3032 3544 voluptatibus
3095 3475 3354 3546 deinceps

1763 3563 1907 3618 viam
1967 3564 2037 3618 ad
2069 3563 2288 3620 Domini
2343 3553 2663 3620 mansiones
2706 3566 3065 3621 deducentem
3112 3566 3352 3637 ingredi.

1763 3651 2036 3719 Quoniam
2070 3670 2223 3726 ergo,
2258 3654 2305 3711 si
2341 3654 2578 3709 instituti
2609 3671 2736 3711 vere
2776 3657 2924 3712 beati
2957 3657 3174 3712 sincero
3209 3657 3356 3713 desi—

1762 3745 1914 3799 derio
1947 3751 2184 3810 tenetur,
2238 3745 2514 3816 habetque
2563 3747 2618 3801 in
2671 3763 2772 3805 sua
2821 3747 3002 3802 anima
3051 3747 3258 3803 bonum
3286 3763 3353 3804 ac

1765 3836 2094 3892 laudabilem
2136 3852 2399 3905 amorem,
2452 3838 2688 3910 diligens
2747 3839 3034 3894 Dominum
3086 3839 3255 3896 Deum
3283 3857 3351 3896 ex

1766 3937 1882 3984 toto
1936 3930 2121 3994 corde,
2175 3937 2229 3984 et
2281 3944 2349 3984 ex
2403 3931 2530 3985 totis
2563 3932 2770 3985 viribus
2802 3939 2858 3985 et
2895 3947 2961 3985 ex
3004 3939 3113 3984 tota
3140 3941 3380 3998 mente,_

1766 4038 1995 4078 necesse
2022 4031 2108 4080 est
2133 4032 2192 4078 ut
2243 4023 2321 4077 illi
2353 4023 2426 4077 oh
2446 4024 2637 4078 oculos
2680 4033 2862 4078 vestra
2895 4025 3069 4094 pietas
3099 4032 3263 4078 arcta:
3285 4041 3349 4079 ac

1765 4125 2142 4189 coangustata:
2182 4118 2282 4172 via:
2330 4115 2675 4172 incommoda
2707 4128 2760 4172 et
2803 4117 3128 4186 asperitates
3158 4126 3348 4188 ponat,

661 4229 682 4260 ³
709 4228 926 4285 Coloss.
955 4246 1039 4297 Ill,
1069 4230 1124 4287 5.
1203 4229 1225 4262 ⁵
1245 4232 1395 4287 Psal.
1419 4248 1610 4300 cxvm,
1638 4236 1760 4290 120.

1771 4348 1864 4402 sed
1900 4347 1952 4400 in
1987 4347 2134 4400 hunc
2168 4345 2389 4400 modum
2415 4364 2428 4399 :
2455 4339 2679 4400 Cus'todi
2701 4345 2853 4398 illum
2881 4347 2971 4415 qui
3000 4346 3351 4415 praedicatus-

1693 4457 1736 4510 υ
1770 4417 2142 4510 νξιιειξηξτβεε,
2174 4416 2474 4510 sessim;
2498 4414 3128 4510 ζειτῑῖςεδξακέξρτηίιες
3161 4426 3224 4510 εί

1768 4488 1930 4549 stodi,
1963 4495 2020 4539 ut
2054 4487 2143 4540 ille
2179 4485 2390 4539 verbum
2441 4486 2691 4555 prwdicet
2743 4487 2998 4542 veritatis.
3047 4487 3227 4556 Atque
3273 4488 3349 4540 ita

1767 4557 1985 4625 quidem
2008 4557 2242 4625 antiqui,
2273 4557 2316 4610 si
2345 4571 2506 4625 quem
2533 4557 2702 4610 tacito
2728 4556 2950 4610 nomine
2973 4556 3345 4626 designarent.

1769 4627 1863 4682 Sin
1899 4635 2078 4680 autem
2111 4627 2394 4680 dominum
2420 4626 2616 4681 domus
2641 4642 2705 4678 ac
2728 4633 3118 4694 praepotentem
3144 4627 3347 4693 virum,

1768 4699 2069 4752 utebantur
2100 4697 2204 4750 hac
2234 4711 2367 4750 voce
2399 4696 2581 4758 αὐτός,
2612 4693 2764 4765 velut
2792 4693 3120 4765 Pythagorei
3147 4697 3213 4751 de
3236 4711 3349 4750 ma-

1766 4769 1961 4840 gistro,
1992 4767 2154 4840 αύτὸς
2179 4766 2306 4840 ἔφα,
2339 4767 2450 4840 ipse
2491 4766 2652 4840 dixit.
2679 4764 2849 4832 Quod
2862 4764 3081 4840 idcirco
3099 4773 3348 4840 notatum

1766 4834 1938 4901 volui,
1973 4839 2102 4906 quia
2131 4853 2196 4891 ex
2227 4837 2329 4890 hac
2360 4834 2752 4891 'observatione
2784 4835 3039 4906 enitescit
3069 4836 3222 4889 locus
3246 4834 3351 4906 Ba-

1767 4908 1873 4963 silii
1912 4905 2022 4961 non
2057 4906 2293 4962 dillicilis
2338 4906 2431 4974 qui
2468 4913 2649 4975 tamen
2703 4905 2865 4959 torsit
2897 4905 3352 4975 Ainterpretesals

1767 4985 1947 5032 exstat
1990 4977 2046 5031 in
2076 4973 2384 5032 Comment.
2428 4977 2483 5029 in
2520 4974 2722 5028 Isaiam
2765 4989 2818 5043 p.
2851 4973 2976 5032 498.
3013 4973 3076 5029 in
3099 4981 3212 5028 not.
3245 4973 3349 5030 Ubi

1767 5047 2003 5102 Basilius
2033 5047 2294 5100 observat
2343 5060 2438 5116 eos
2469 5048 2565 5116 qui
2598 5045 2652 5098 in
2685 5045 2916 5116 privatis
2943 5044 3200 5100 domibus
3253 5059 3353 5099 au-

1767 5119 2026 5173 ctoritate
2057 5117 2377 5182 praecellunt
2409 5114 2551 5184 ipsos
2577 5115 2764 5169 vocari
2794 5114 2991 5168 solere.

1784 5195 1797 5216 ί
1839 5187 1952 5241 (91)
1998 5188 2237 5240 Τούτου.
2271 5185 2434 5240 Deest
2473 5201 2534 5240 ea
2573 5199 2680 5239 vox
2709 5186 2766 5239 in
2786 5184 3004 5238 duobus
3038 5199 3176 5240 mss.

1863 5192 1922 5241 9|
1998 5192 2237 5240 Τούτου.
2271 5192 2434 5240 Deest
2473 5201 2534 5240 ea
2573 5199 2680 5239 vox
2709 5192 2766 5239 in
2786 5192 3004 5238 duobus
3038 5199 3176 5240 mss.

1838 5192 1952 5329 ias;
1985 5259 2056 5329 Et
2084 5257 2288 5329 φύσει.
2324 5255 2650 5329 Designatur
2683 5255 2945 5329 hac_v_oce
2985 5253 3260 5329 tinearum
3297 5259 3353 5306 et

1768 5322 2136 5382 simulationis
2162 5341 2356 5395 expers
2385 5322 2747 5395 desiderium.
2795 5322 2885 5378 Sic
2915 5323 3057 5395 apud
3108 5323 3350 5377 Athana-

1769 5401 1911 5453 sium
1941 5397 1995 5449 in
2025 5393 2268 5465 Epistola
2292 5395 2357 5448 ad
2383 5394 2860 5465 Epictetrrquuae
2889 5393 3049 5465 φύσει
3081 5408 3351 5463 peragun-

1767 5477 1879 5533 tur,
1919 5467 1986 5520 iis
2025 5463 2146 5535 qua:
2186 5464 2354 5530 θέσει,
2385 5463 2677 5536 φαντασίᾳ,
2719 5463 2957 5534 δοκήσει,
3019 5463 3070 5518 id
3111 5473 3196 5518 est
3226 5465 3354 5519 iicte

1767 5549 1821 5593 et
1851 5534 2108 5592 simulate
2140 5550 2203 5588 ac
2230 5535 2354 5604 sola
2380 5534 2752 5604 specieiﬂunt,
2783 5543 3160 5604 opponuntur.

1842 5611 1860 5630 '
1889 5607 2041 5660 Alias
2085 5603 2502 5676 CCCLXXXI“.
2558 5603 2774 5676 Scripta
2826 5605 3035 5662 videtur
3087 5603 3353 5662 Caesarea

1768 5694 1891 5734 cum
1932 5684 2077 5734 esset
2103 5675 2412 5748 presbyter.
