  <div class='ocr_page' id='page_1' title='image "/cluster/home/n/w/nwhite01/storage/ocr_20150623/32/nnc1.0046978879/200.png"; bbox 0 0 3870 6218; ppageno 0'>
   <div class='ocr_carea' id='block_1_1' title="bbox 133 266 246 331">
    <p class='ocr_par' dir='ltr' id='par_1_1' title="bbox 133 266 246 331">
     <span class='ocr_line' id='line_1_1' title="bbox 133 266 246 331; baseline -0.062 0"><span class='ocrx_word' id='word_1_1' title='bbox 133 266 246 331; x_wconf 57' lang='lat'><strong>997</strong></span> 
     </span>
    </p>
   </div>
   <div class='ocr_carea' id='block_1_2' title="bbox 1096 271 2461 338">
    <p class='ocr_par' dir='ltr' id='par_1_2' title="bbox 1096 271 2461 338">
     <span class='ocr_line' id='line_1_2' title="bbox 1096 271 2461 338; baseline 0.009 -12"><span class='ocrx_word' id='word_1_2' title='bbox 1096 271 1586 330; x_wconf 79' lang='lat' dir='ltr'><strong>EPISTOLARUM</strong></span> <span class='ocrx_word' id='word_1_3' title='bbox 1623 272 1912 330; x_wconf 77' lang='lat' dir='ltr'><strong>CLASSIS</strong></span> <span class='ocrx_word' id='word_1_4' title='bbox 1949 273 1990 330; x_wconf 93' lang='grc'>1.</span> <span class='ocrx_word' id='word_1_5' title='bbox 2031 275 2250 334; x_wconf 79' lang='lat' dir='ltr'><strong>EPIST.</strong></span> <span class='ocrx_word' id='word_1_6' title='bbox 2295 280 2461 338; x_wconf 77' lang='lat' dir='ltr'><strong>XXV.</strong></span> 
     </span>
    </p>
   </div>
   <div class='ocr_carea' id='block_1_3' title="bbox 3305 299 3414 356">
    <p class='ocr_par' dir='ltr' id='par_1_3' title="bbox 3305 299 3414 356">
     <span class='ocr_line' id='line_1_3' title="bbox 3305 299 3414 356; baseline 0 -1"><span class='ocrx_word' id='word_1_7' title='bbox 3305 299 3414 356; x_wconf 74' lang='lat'><strong>298</strong></span> 
     </span>
    </p>
   </div>
   <div class='ocr_carea' id='block_1_4' title="bbox 134 383 1711 476">
    <p class='ocr_par' dir='ltr' id='par_1_4' title="bbox 134 383 1711 454">
     <span class='ocr_line' id='line_1_4' title="bbox 134 383 1711 454; baseline 0.004 -19"><span class='ocrx_word' id='word_1_8' title='bbox 134 383 300 454; x_wconf 79' lang='grc' dir='ltr'>ἡμῶν</span> <span class='ocrx_word' id='word_1_9' title='bbox 330 384 444 446; x_wconf 84' lang='grc' dir='ltr'>τοῖς</span> <span class='ocrx_word' id='word_1_10' title='bbox 471 383 818 454; x_wconf 82' lang='grc' dir='ltr'>όλισθήμασι,</span> <span class='ocrx_word' id='word_1_11' title='bbox 844 383 1000 439; x_wconf 77' lang='grc' dir='ltr'>τοῦτο</span> <span class='ocrx_word' id='word_1_12' title='bbox 1042 388 1137 440; x_wconf 69' lang='grc' dir='ltr'><strong>καὶ</strong></span> <span class='ocrx_word' id='word_1_13' title='bbox 1164 387 1409 452; x_wconf 83' lang='grc' dir='ltr'>δυνατὸν,</span> <span class='ocrx_word' id='word_1_14' title='bbox 1461 388 1556 442; x_wconf 59' lang='grc' dir='ltr'><strong>καὶ¹</strong></span> <span class='ocrx_word' id='word_1_15' title='bbox 1593 388 1711 442; x_wconf 59' lang='grc' dir='ltr'>ῐδιοκ</span> 
     </span>
    </p>
   </div>
   <div class='ocr_carea' id='block_1_5' title="bbox 1821 383 3398 476">
    <p class='ocr_par' dir='ltr' id='par_1_5' title="bbox 1827 389 3398 476">
     <span class='ocr_line' id='line_1_5' title="bbox 1827 389 3398 476; baseline 0.017 -33"><span class='ocrx_word' id='word_1_16' title='bbox 1827 389 2184 458; x_wconf 70' lang='lat' dir='ltr'><strong>insidiantur,</strong></span> <span class='ocrx_word' id='word_1_17' title='bbox 2215 397 2491 465; x_wconf 63' lang='lat' dir='ltr'><strong>praebere;</strong></span> <span class='ocrx_word' id='word_1_18' title='bbox 2532 397 2586 452; x_wconf 93' lang='lat' dir='ltr'><strong>id</strong></span> <span class='ocrx_word' id='word_1_19' title='bbox 2617 407 2672 454; x_wconf 91' lang='lat' dir='ltr'><strong>et</strong></span> <span class='ocrx_word' id='word_1_20' title='bbox 2699 400 2818 456; x_wconf 85' lang='lat' dir='ltr'><strong>ﬁeri</strong></span> <span class='ocrx_word' id='word_1_21' title='bbox 2879 414 3095 476; x_wconf 90' lang='lat' dir='ltr'><strong>potest,</strong></span> <span class='ocrx_word' id='word_1_22' title='bbox 3137 419 3192 466; x_wconf 90' lang='lat' dir='ltr'><strong>et</strong></span> <span class='ocrx_word' id='word_1_23' title='bbox 3231 411 3398 468; x_wconf 82' lang='lat' dir='ltr'><strong>homi-</strong></span> 
     </span>
    </p>
   </div>
   <div class='ocr_carea' id='block_1_6' title="bbox 135 473 1730 548">
    <p class='ocr_par' dir='ltr' id='par_1_6' title="bbox 135 473 1730 548">
     <span class='ocr_line' id='line_1_6' title="bbox 135 473 1730 548; baseline 0.004 -21"><span class='ocrx_word' id='word_1_24' title='bbox 135 475 248 528; x_wconf 83' lang='grc' dir='ltr'><strong>τῶν</strong></span> <span class='ocrx_word' id='word_1_25' title='bbox 271 473 508 538; x_wconf 81' lang='grc' dir='ltr'><strong>συνετῶς</strong></span> <span class='ocrx_word' id='word_1_26' title='bbox 537 473 613 543; x_wconf 77' lang='grc'><strong>(5)</strong></span> <span class='ocrx_word' id='word_1_27' title='bbox 638 476 731 528; x_wconf 72' lang='lat' dir='ltr'><strong>xa‘t</strong></span> <span class='ocrx_word' id='word_1_28' title='bbox 764 476 904 529; x_wconf 82' lang='grc' dir='ltr'><strong>κατά</strong></span> <span class='ocrx_word' id='word_1_29' title='bbox 946 478 1039 531; x_wconf 76' lang='grc' dir='ltr'><strong>τὸν</strong></span> <span class='ocrx_word' id='word_1_30' title='bbox 1068 479 1170 548; x_wconf 78' lang='grc' dir='ltr'>τῆς</span> <span class='ocrx_word' id='word_1_31' title='bbox 1204 479 1487 543; x_wconf 78' lang='grc' dir='ltr'>εὐσεϐείας</span> <span class='ocrx_word' id='word_1_32' title='bbox 1527 479 1730 532; x_wconf 81' lang='grc' dir='ltr'>σκοπὸν</span> 
     </span>
    </p>
   </div>
   <div class='ocr_carea' id='block_1_7' title="bbox 135 565 1732 641">
    <p class='ocr_par' dir='ltr' id='par_1_7' title="bbox 135 565 1732 641">
     <span class='ocr_line' id='line_1_7' title="bbox 135 565 1732 641; baseline 0.004 -23"><span class='ocrx_word' id='word_1_33' title='bbox 135 565 228 619; x_wconf 76' lang='grc' dir='ltr'>τὸν</span> <span class='ocrx_word' id='word_1_34' title='bbox 257 565 468 618; x_wconf 74' lang='grc' dir='ltr'>ἑαυτῶν</span> <span class='ocrx_word' id='word_1_35' title='bbox 509 565 621 635; x_wconf 86' lang='grc' dir='ltr'>βίον</span> <span class='ocrx_word' id='word_1_36' title='bbox 671 565 1047 636; x_wconf 84' lang='grc' dir='ltr'>διεξαγόντων.</span> <span class='ocrx_word' id='word_1_37' title='bbox 1115 570 1296 640; x_wconf 82' lang='grc' dir='ltr'><strong>Ἣμᾶς</strong></span> <span class='ocrx_word' id='word_1_38' title='bbox 1333 571 1389 623; x_wconf 84' lang='grc' dir='ltr'>δὲ</span> <span class='ocrx_word' id='word_1_39' title='bbox 1443 571 1518 641; x_wconf 84' lang='grc' dir='ltr'>μὴ</span> <span class='ocrx_word' id='word_1_40' title='bbox 1559 570 1732 633; x_wconf 80' lang='grc' dir='ltr'>οὕτως</span> 
     </span>
    </p>
   </div>
   <div class='ocr_carea' id='block_1_8' title="bbox 136 656 1728 732">
    <p class='ocr_par' dir='ltr' id='par_1_8' title="bbox 136 656 1728 732">
     <span class='ocr_line' id='line_1_8' title="bbox 136 656 1728 732; baseline 0.004 -23"><span class='ocrx_word' id='word_1_41' title='bbox 136 657 393 721; x_wconf 74' lang='grc' dir='ltr'><strong>εὐκόλους</strong></span> <span class='ocrx_word' id='word_1_42' title='bbox 445 656 559 710; x_wconf 79' lang='grc' dir='ltr'>οἴου</span> <span class='ocrx_word' id='word_1_43' title='bbox 586 697 601 721; x_wconf 90' lang='grc'><strong>,</strong></span> <span class='ocrx_word' id='word_1_44' title='bbox 660 657 798 728; x_wconf 76' lang='grc' dir='ltr'>μηδὲ</span> <span class='ocrx_word' id='word_1_45' title='bbox 849 659 1282 732; x_wconf 82' lang='grc' dir='ltr'>εὐπαραγώγους</span> <span class='ocrx_word' id='word_1_46' title='bbox 1346 660 1486 715; x_wconf 75' lang='grc' dir='ltr'>εἶναι</span> <span class='ocrx_word' id='word_1_47' title='bbox 1511 703 1525 727; x_wconf 94' lang='grc'><strong>,</strong></span> <span class='ocrx_word' id='word_1_48' title='bbox 1585 663 1728 716; x_wconf 80' lang='grc' dir='ltr'>ὥστε</span> 
     </span>
    </p>
   </div>
   <div class='ocr_carea' id='block_1_9' title="bbox 133 749 1729 824">
    <p class='ocr_par' dir='ltr' id='par_1_9' title="bbox 133 749 1729 824">
     <span class='ocr_line' id='line_1_9' title="bbox 133 749 1729 824; baseline 0.004 -22"><span class='ocrx_word' id='word_1_49' title='bbox 133 749 512 813; x_wconf 78' lang='grc' dir='ltr'><strong>ἀνεξετάστως</strong></span> <span class='ocrx_word' id='word_1_50' title='bbox 570 751 672 814; x_wconf 80' lang='grc' dir='ltr'>τὰς</span> <span class='ocrx_word' id='word_1_51' title='bbox 719 751 869 820; x_wconf 81' lang='grc' dir='ltr'>παρὰ</span> <span class='ocrx_word' id='word_1_52' title='bbox 923 752 1033 806; x_wconf 81' lang='grc' dir='ltr'><strong>τῶν</strong></span> <span class='ocrx_word' id='word_1_53' title='bbox 1088 754 1360 824; x_wconf 80' lang='grc' dir='ltr'><strong>τυχόντων</strong></span> <span class='ocrx_word' id='word_1_54' title='bbox 1411 755 1729 820; x_wconf 82' lang='grc' dir='ltr'>προσίεσθαι</span> 
     </span>
    </p>
   </div>
   <div class='ocr_carea' id='block_1_10' title="bbox 133 842 1727 918">
    <p class='ocr_par' dir='ltr' id='par_1_10' title="bbox 133 842 1727 918">
     <span class='ocr_line' id='line_1_10' title="bbox 133 842 1727 918; baseline 0.005 -25"><span class='ocrx_word' id='word_1_55' title='bbox 133 842 530 912; x_wconf 77' lang='grc' dir='ltr'>καταρῤήσεις.</span> <span class='ocrx_word' id='word_1_56' title='bbox 560 843 906 914; x_wconf 85' lang='grc' dir='ltr'>Μεμνήμεθα</span> <span class='ocrx_word' id='word_1_57' title='bbox 925 844 1034 916; x_wconf 73' lang='grc' dir='ltr'>γὰρ</span> <span class='ocrx_word' id='word_1_58' title='bbox 1060 843 1154 898; x_wconf 80' lang='grc' dir='ltr'>τοῦ</span> <span class='ocrx_word' id='word_1_59' title='bbox 1189 847 1557 916; x_wconf 79' lang='grc' dir='ltr'><strong>πνευματικοῦ</strong></span> <span class='ocrx_word' id='word_1_60' title='bbox 1583 864 1727 918; x_wconf 84' lang='grc' dir='ltr'>παρ-</span> 
     </span>
    </p>
   </div>
   <div class='ocr_carea' id='block_1_11' title="bbox 133 932 1728 1010">
    <p class='ocr_par' dir='ltr' id='par_1_11' title="bbox 133 932 1728 1010">
     <span class='ocr_line' id='line_1_11' title="bbox 133 932 1728 1010; baseline 0.005 -25"><span class='ocrx_word' id='word_1_61' title='bbox 133 933 504 1003; x_wconf 81' lang='grc' dir='ltr'>αγγέλματος,</span> <span class='ocrx_word' id='word_1_62' title='bbox 566 932 642 1004; x_wconf 86' lang='grc' dir='ltr'>μὴ</span> <span class='ocrx_word' id='word_1_63' title='bbox 693 935 894 1005; x_wconf 84' lang='grc' dir='ltr'>χρῆναι</span> <span class='ocrx_word' id='word_1_64' title='bbox 956 936 1352 1008; x_wconf 85' lang='grc' dir='ltr'>προσδέχεσθαι</span> <span class='ocrx_word' id='word_1_65' title='bbox 1410 939 1579 1010; x_wconf 80' lang='grc' dir='ltr'>ἀκοὴν</span> <span class='ocrx_word' id='word_1_66' title='bbox 1625 958 1728 1010; x_wconf 85' lang='grc' dir='ltr'>μα-</span> 
     </span>
    </p>
   </div>
   <div class='ocr_carea' id='block_1_12' title="bbox 131 1022 1727 1099">
    <p class='ocr_par' dir='ltr' id='par_1_12' title="bbox 131 1022 1727 1099">
     <span class='ocr_line' id='line_1_12' title="bbox 131 1022 1727 1099; baseline 0.005 -25"><span class='ocrx_word' id='word_1_67' title='bbox 131 1023 296 1075; x_wconf 78' lang='grc' dir='ltr'>ταίαν</span> <span class='ocrx_word' id='word_1_68' title='bbox 327 1022 769 1094; x_wconf 80' lang='grc' dir='ltr'>παρεγγυῶντος.</span> <span class='ocrx_word' id='word_1_69' title='bbox 795 1023 942 1096; x_wconf 84' lang='grc' dir='ltr'><strong>Πλὴν</strong></span> <span class='ocrx_word' id='word_1_70' title='bbox 983 1025 1097 1078; x_wconf 84' lang='grc' dir='ltr'>ἀλλ’</span> <span class='ocrx_word' id='word_1_71' title='bbox 1133 1027 1322 1098; x_wconf 78' lang='grc' dir='ltr'>ἐπειδὴ</span> <span class='ocrx_word' id='word_1_72' title='bbox 1370 1029 1528 1099; x_wconf 83' lang='grc' dir='ltr'>ὑμεῖς</span> <span class='ocrx_word' id='word_1_73' title='bbox 1573 1029 1727 1084; x_wconf 81' lang='grc' dir='ltr'>αὐτοί</span> 
     </span>
    </p>
   </div>
   <div class='ocr_carea' id='block_1_13' title="bbox 135 1117 1726 1192">
    <p class='ocr_par' dir='ltr' id='par_1_13' title="bbox 135 1117 1726 1192">
     <span class='ocr_line' id='line_1_13' title="bbox 135 1117 1726 1192; baseline 0.007 -24"><span class='ocrx_word' id='word_1_74' title='bbox 135 1133 302 1185; x_wconf 79' lang='grc' dir='ltr'>φατε,</span> <span class='ocrx_word' id='word_1_75' title='bbox 334 1117 385 1169; x_wconf 79' lang='lat' dir='ltr'><strong>oi</strong></span> <span class='ocrx_word' id='word_1_76' title='bbox 419 1118 546 1188; x_wconf 76' lang='grc' dir='ltr'>περὶ</span> <span class='ocrx_word' id='word_1_77' title='bbox 579 1117 706 1180; x_wconf 82' lang='grc' dir='ltr'>τοὺς</span> <span class='ocrx_word' id='word_1_78' title='bbox 733 1118 923 1186; x_wconf 85' lang='grc' dir='ltr'>λόγους</span> <span class='ocrx_word' id='word_1_79' title='bbox 966 1119 1380 1187; x_wconf 80' lang='grc' dir='ltr'>ἐσπουδακότες,</span> <span class='ocrx_word' id='word_1_80' title='bbox 1427 1124 1495 1177; x_wconf 75' lang='grc' dir='ltr'><strong>τὰ</strong></span> <span class='ocrx_word' id='word_1_81' title='bbox 1542 1124 1726 1192; x_wconf 86' lang='grc' dir='ltr'>φαινό-</span> 
     </span>
    </p>
   </div>
   <div class='ocr_carea' id='block_1_14' title="bbox 132 1206 1725 1287">
    <p class='ocr_par' dir='ltr' id='par_1_14' title="bbox 132 1206 1725 1287">
     <span class='ocr_line' id='line_1_14' title="bbox 132 1206 1725 1287; baseline 0.006 -27"><span class='ocrx_word' id='word_1_82' title='bbox 132 1226 274 1279; x_wconf 85' lang='grc' dir='ltr'>μενα</span> <span class='ocrx_word' id='word_1_83' title='bbox 299 1209 407 1261; x_wconf 88' lang='grc' dir='ltr'><strong>τῶν</strong></span> <span class='ocrx_word' id='word_1_84' title='bbox 432 1209 655 1278; x_wconf 80' lang='grc' dir='ltr'>ἀφανῶν</span> <span class='ocrx_word' id='word_1_85' title='bbox 686 1206 825 1264; x_wconf 82' lang='grc' dir='ltr'>εἶναι</span> <span class='ocrx_word' id='word_1_86' title='bbox 856 1215 1078 1282; x_wconf 85' lang='grc' dir='ltr'>σημεῖα,</span> <span class='ocrx_word' id='word_1_87' title='bbox 1117 1214 1274 1268; x_wconf 76' lang='grc' dir='ltr'>τοῦτο</span> <span class='ocrx_word' id='word_1_88' title='bbox 1307 1213 1568 1286; x_wconf 78' lang='grc' dir='ltr'>ἀξιοῦμεν</span> <span class='ocrx_word' id='word_1_89' title='bbox 1609 1215 1725 1287; x_wconf 74' lang='grc' dir='ltr'>(καὶ</span> 
     </span>
    </p>
   </div>
   <div class='ocr_carea' id='block_1_15' title="bbox 130 1300 1725 1378">
    <p class='ocr_par' dir='ltr' id='par_1_15' title="bbox 130 1300 1725 1378">
     <span class='ocr_line' id='line_1_15' title="bbox 130 1300 1725 1378; baseline 0.004 -25"><span class='ocrx_word' id='word_1_90' title='bbox 130 1302 207 1371; x_wconf 74' lang='grc' dir='ltr'>μὴ</span> <span class='ocrx_word' id='word_1_91' title='bbox 233 1301 447 1372; x_wconf 76' lang='grc' dir='ltr'>βαρέως</span> <span class='ocrx_word' id='word_1_92' title='bbox 473 1300 620 1374; x_wconf 79' lang='grc' dir='ltr'>δέξῃ,</span> <span class='ocrx_word' id='word_1_93' title='bbox 646 1301 702 1354; x_wconf 77' lang='grc' dir='ltr'><strong>εί</strong></span> <span class='ocrx_word' id='word_1_94' title='bbox 729 1320 780 1354; x_wconf 83' lang='grc' dir='ltr'><strong>τι</strong></span> <span class='ocrx_word' id='word_1_95' title='bbox 809 1305 867 1356; x_wconf 81' lang='grc' dir='ltr'><strong>ἐν</strong></span> <span class='ocrx_word' id='word_1_96' title='bbox 897 1303 977 1374; x_wconf 74' lang='grc'><strong>(4)</strong></span> <span class='ocrx_word' id='word_1_97' title='bbox 1004 1304 1354 1370; x_wconf 81' lang='grc' dir='ltr'>διδασκαλίας</span> <span class='ocrx_word' id='word_1_98' title='bbox 1379 1306 1509 1359; x_wconf 76' lang='grc' dir='ltr'>εἴδει</span> <span class='ocrx_word' id='word_1_99' title='bbox 1539 1305 1725 1378; x_wconf 81' lang='grc' dir='ltr'>λεχθή·</span> 
     </span>
    </p>
   </div>
   <div class='ocr_carea' id='block_1_16' title="bbox 131 1393 1723 1468">
    <p class='ocr_par' dir='ltr' id='par_1_16' title="bbox 131 1393 1723 1468">
     <span class='ocr_line' id='line_1_16' title="bbox 131 1393 1723 1468; baseline 0.004 -24"><span class='ocrx_word' id='word_1_100' title='bbox 131 1409 287 1445; x_wconf 84' lang='grc' dir='ltr'>σεται</span> <span class='ocrx_word' id='word_1_101' title='bbox 326 1393 455 1464; x_wconf 84' lang='grc' dir='ltr'>παρ’</span> <span class='ocrx_word' id='word_1_102' title='bbox 491 1394 647 1465; x_wconf 80' lang='grc' dir='ltr'>ἡμῶν</span> <span class='ocrx_word' id='word_1_103' title='bbox 670 1410 684 1424; x_wconf 84' lang='lat'><strong><em>°</em></strong></span> <span class='ocrx_word' id='word_1_104' title='bbox 711 1394 781 1447; x_wconf 74' lang='grc' dir='ltr'>τὰ</span> <span class='ocrx_word' id='word_1_105' title='bbox 810 1395 918 1465; x_wconf 82' lang='grc' dir='ltr'><strong>γὰρ</strong></span> <span class='ocrx_word' id='word_1_106' title='bbox 952 1395 1154 1467; x_wconf 81' lang='grc' dir='ltr'>ἀσθενῆ</span> <span class='ocrx_word' id='word_1_107' title='bbox 1183 1397 1278 1450; x_wconf 77' lang='grc' dir='ltr'>τοῦ</span> <span class='ocrx_word' id='word_1_108' title='bbox 1303 1397 1509 1468; x_wconf 81' lang='grc' dir='ltr'>κόσμου</span> <span class='ocrx_word' id='word_1_109' title='bbox 1533 1399 1629 1451; x_wconf 73' lang='grc' dir='ltr'>καὶ</span> <span class='ocrx_word' id='word_1_110' title='bbox 1654 1397 1723 1451; x_wconf 86' lang='grc' dir='ltr'><strong>τά</strong></span> 
     </span>
    </p>
   </div>
   <div class='ocr_carea' id='block_1_17' title="bbox 126 1483 1725 1556">
    <p class='ocr_par' dir='ltr' id='par_1_17' title="bbox 126 1483 1725 1556">
     <span class='ocr_line' id='line_1_17' title="bbox 126 1483 1725 1556; baseline 0.004 -18"><span class='ocrx_word' id='word_1_111' title='bbox 126 1483 535 1556; x_wconf 74' lang='grc' dir='ltr'>ἐξουθενημένα</span> <span class='ocrx_word' id='word_1_112' title='bbox 582 1486 862 1553; x_wconf 76' lang='grc' dir='ltr'>ἐξελέξατο</span> <span class='ocrx_word' id='word_1_113' title='bbox 886 1490 915 1542; x_wconf 89' lang='grc' dir='ltr'><strong>ό</strong></span> <span class='ocrx_word' id='word_1_114' title='bbox 939 1488 1092 1554; x_wconf 82' lang='grc' dir='ltr'>Θεὸς,</span> <span class='ocrx_word' id='word_1_115' title='bbox 1150 1490 1245 1544; x_wconf 76' lang='grc' dir='ltr'><strong>καὶ</strong></span> <span class='ocrx_word' id='word_1_116' title='bbox 1288 1489 1355 1543; x_wconf 89' lang='grc' dir='ltr'>δι’</span> <span class='ocrx_word' id='word_1_117' title='bbox 1386 1490 1563 1544; x_wconf 83' lang='grc' dir='ltr'>αὐτῶν</span> <span class='ocrx_word' id='word_1_118' title='bbox 1596 1491 1725 1545; x_wconf 86' lang='grc' dir='ltr'>πολ-</span> 
     </span>
    </p>
   </div>
   <div class='ocr_carea' id='block_1_18' title="bbox 126 1575 1720 1653">
    <p class='ocr_par' dir='ltr' id='par_1_18' title="bbox 126 1575 1720 1653">
     <span class='ocr_line' id='line_1_18' title="bbox 126 1575 1720 1653; baseline 0.004 -24"><span class='ocrx_word' id='word_1_119' title='bbox 126 1575 290 1640; x_wconf 81' lang='grc' dir='ltr'>λάκις</span> <span class='ocrx_word' id='word_1_120' title='bbox 314 1580 592 1648; x_wconf 81' lang='grc' dir='ltr'>οἰκονομεῖ</span> <span class='ocrx_word' id='word_1_121' title='bbox 613 1580 714 1649; x_wconf 84' lang='grc' dir='ltr'>τὴν</span> <span class='ocrx_word' id='word_1_122' title='bbox 754 1581 1028 1652; x_wconf 81' lang='grc' dir='ltr'>σωτηρίαν</span> <span class='ocrx_word' id='word_1_123' title='bbox 1055 1581 1165 1634; x_wconf 86' lang='grc' dir='ltr'><strong>τῶν</strong></span> <span class='ocrx_word' id='word_1_124' title='bbox 1202 1581 1576 1653; x_wconf 81' lang='grc' dir='ltr'>σωζομένων)·</span> <span class='ocrx_word' id='word_1_125' title='bbox 1605 1583 1632 1636; x_wconf 86' lang='grc' dir='ltr'><strong>ὅ</strong></span> <span class='ocrx_word' id='word_1_126' title='bbox 1656 1599 1720 1652; x_wconf 85' lang='grc' dir='ltr'><strong>γε</strong></span> 
     </span>
    </p>
   </div>
   <div class='ocr_carea' id='block_1_19' title="bbox 127 1669 1718 1745">
    <p class='ocr_par' dir='ltr' id='par_1_19' title="bbox 127 1669 1718 1745">
     <span class='ocr_line' id='line_1_19' title="bbox 127 1669 1718 1745; baseline 0.005 -25"><span class='ocrx_word' id='word_1_127' title='bbox 127 1670 240 1740; x_wconf 78' lang='grc' dir='ltr'>μὴν</span> <span class='ocrx_word' id='word_1_128' title='bbox 267 1669 414 1738; x_wconf 82' lang='grc' dir='ltr'>λέγω</span> <span class='ocrx_word' id='word_1_129' title='bbox 454 1672 549 1723; x_wconf 83' lang='grc' dir='ltr'><strong>καὶ</strong></span> <span class='ocrx_word' id='word_1_130' title='bbox 582 1672 965 1740; x_wconf 77' lang='grc' dir='ltr'>παραγγέλλω,</span> <span class='ocrx_word' id='word_1_131' title='bbox 1005 1673 1179 1726; x_wconf 82' lang='grc' dir='ltr'>ἐκεῖνό</span> <span class='ocrx_word' id='word_1_132' title='bbox 1216 1676 1364 1726; x_wconf 81' lang='grc' dir='ltr'>ἐστι·</span> <span class='ocrx_word' id='word_1_133' title='bbox 1401 1673 1578 1728; x_wconf 88' lang='grc' dir='ltr'>πάντα</span> <span class='ocrx_word' id='word_1_134' title='bbox 1619 1678 1718 1745; x_wconf 85' lang='grc' dir='ltr'><strong>μὲν</strong></span> 
     </span>
    </p>
   </div>
   <div class='ocr_carea' id='block_1_20' title="bbox 1830 487 3408 571">
    <p class='ocr_par' dir='ltr' id='par_1_20' title="bbox 1830 487 3408 571">
     <span class='ocr_line' id='line_1_20' title="bbox 1830 487 3408 571; baseline 0.016 -37"><span class='ocrx_word' id='word_1_135' title='bbox 1830 496 1962 535; x_wconf 90' lang='lat' dir='ltr'><strong>num</strong></span> <span class='ocrx_word' id='word_1_136' title='bbox 1993 493 2078 538; x_wconf 91' lang='lat' dir='ltr'><strong>est</strong></span> <span class='ocrx_word' id='word_1_137' title='bbox 2101 487 2403 554; x_wconf 78' lang='lat' dir='ltr'><strong>prudenter</strong></span> <span class='ocrx_word' id='word_1_138' title='bbox 2428 495 2482 544; x_wconf 87' lang='lat' dir='ltr'><strong>et</strong></span> <span class='ocrx_word' id='word_1_139' title='bbox 2513 493 2924 552; x_wconf 83' lang='lat' dir='ltr'><strong>accommodate</strong></span> <span class='ocrx_word' id='word_1_140' title='bbox 2953 500 3019 553; x_wconf 88' lang='lat' dir='ltr'><strong>ad</strong></span> <span class='ocrx_word' id='word_1_141' title='bbox 3037 502 3256 571; x_wconf 87' lang='lat' dir='ltr'><strong>pietatis</strong></span> <span class='ocrx_word' id='word_1_142' title='bbox 3283 520 3408 559; x_wconf 83' lang='lat' dir='ltr'><strong>nor-</strong></span> 
     </span>
    </p>
   </div>
   <div class='ocr_carea' id='block_1_21' title="bbox 1829 575 3411 651">
    <p class='ocr_par' dir='ltr' id='par_1_21' title="bbox 1829 575 3411 651">
     <span class='ocr_line' id='line_1_21' title="bbox 1829 575 3411 651; baseline 0.014 -25"><span class='ocrx_word' id='word_1_143' title='bbox 1829 587 1972 626; x_wconf 88' lang='lat' dir='ltr'><strong>mam</strong></span> <span class='ocrx_word' id='word_1_144' title='bbox 2009 575 2330 632; x_wconf 71' lang='lat' dir='ltr'><strong>viventium.</strong></span> <span class='ocrx_word' id='word_1_145' title='bbox 2362 577 2474 637; x_wconf 87' lang='lat' dir='ltr'><strong>Nos</strong></span> <span class='ocrx_word' id='word_1_146' title='bbox 2502 590 2682 638; x_wconf 80' lang='lat' dir='ltr'><strong>autem</strong></span> <span class='ocrx_word' id='word_1_147' title='bbox 2729 601 2840 642; x_wconf 93' lang='lat' dir='ltr'><strong>non</strong></span> <span class='ocrx_word' id='word_1_148' title='bbox 2883 591 3020 646; x_wconf 92' lang='lat' dir='ltr'><strong>adeo</strong></span> <span class='ocrx_word' id='word_1_149' title='bbox 3066 593 3256 650; x_wconf 80' lang='lat' dir='ltr'><strong>faciles</strong></span> <span class='ocrx_word' id='word_1_150' title='bbox 3285 610 3411 651; x_wconf 86' lang='lat' dir='ltr'><strong>esse</strong></span> 
     </span>
    </p>
   </div>
   <div class='ocr_carea' id='block_1_22' title="bbox 1828 664 3408 742">
    <p class='ocr_par' dir='ltr' id='par_1_22' title="bbox 1828 664 3408 742">
     <span class='ocr_line' id='line_1_22' title="bbox 1828 664 3408 742; baseline 0.015 -26"><span class='ocrx_word' id='word_1_151' title='bbox 1828 664 2152 732; x_wconf 78' lang='lat' dir='ltr'><strong>arbitreris,</strong></span> <span class='ocrx_word' id='word_1_152' title='bbox 2187 675 2282 721; x_wconf 81' lang='lat' dir='ltr'><strong>aut</strong></span> <span class='ocrx_word' id='word_1_153' title='bbox 2319 669 2456 725; x_wconf 85' lang='lat' dir='ltr'><strong>adeo</strong></span> <span class='ocrx_word' id='word_1_154' title='bbox 2491 673 2749 730; x_wconf 91' lang='lat' dir='ltr'><strong>credulos</strong></span> <span class='ocrx_word' id='word_1_155' title='bbox 2773 717 2788 742; x_wconf 94' lang='lat'><strong>,</strong></span> <span class='ocrx_word' id='word_1_156' title='bbox 2826 687 2886 734; x_wconf 90' lang='lat' dir='ltr'><strong>ut</strong></span> <span class='ocrx_word' id='word_1_157' title='bbox 2925 681 3045 738; x_wconf 89' lang='lat' dir='ltr'><strong>sine</strong></span> <span class='ocrx_word' id='word_1_158' title='bbox 3095 685 3348 742; x_wconf 80' lang='lat' dir='ltr'><strong>examine</strong></span> <span class='ocrx_word' id='word_1_159' title='bbox 3376 701 3408 740; x_wconf 89' lang='lat' dir='ltr'><strong>a</strong></span> 
     </span>
    </p>
   </div>
   <div class='ocr_carea' id='block_1_23' title="bbox 1827 755 3407 834">
    <p class='ocr_par' dir='ltr' id='par_1_23' title="bbox 1827 755 3407 834">
     <span class='ocr_line' id='line_1_23' title="bbox 1827 755 3407 834; baseline 0.018 -28"><span class='ocrx_word' id='word_1_160' title='bbox 1827 755 2113 824; x_wconf 82' lang='lat' dir='ltr'><strong>quibusvis</strong></span> <span class='ocrx_word' id='word_1_161' title='bbox 2151 757 2586 819; x_wconf 88' lang='lat' dir='ltr'><strong>obtrectationes</strong></span> <span class='ocrx_word' id='word_1_162' title='bbox 2634 767 3009 829; x_wconf 86' lang='lat' dir='ltr'><strong>admittamus.</strong></span> <span class='ocrx_word' id='word_1_163' title='bbox 3063 773 3407 834; x_wconf 87' lang='lat' dir='ltr'><strong>Meminimus</strong></span> 
     </span>
    </p>
   </div>
   <div class='ocr_carea' id='block_1_24' title="bbox 1825 849 3406 927">
    <p class='ocr_par' dir='ltr' id='par_1_24' title="bbox 1825 849 3406 927">
     <span class='ocr_line' id='line_1_24' title="bbox 1825 849 3406 927; baseline 0.015 -25"><span class='ocrx_word' id='word_1_164' title='bbox 1825 849 1972 902; x_wconf 90' lang='lat' dir='ltr'><strong>enim</strong></span> <span class='ocrx_word' id='word_1_165' title='bbox 2027 851 2329 920; x_wconf 84' lang='lat' dir='ltr'><strong>spiritualis</strong></span> <span class='ocrx_word' id='word_1_166' title='bbox 2378 858 2661 927; x_wconf 79' lang='lat' dir='ltr'><strong>praecepti,</strong></span> <span class='ocrx_word' id='word_1_167' title='bbox 2713 875 2913 918; x_wconf 88' lang='lat' dir='ltr'><strong>vanum</strong></span> <span class='ocrx_word' id='word_1_168' title='bbox 2963 882 3244 923; x_wconf 88' lang='lat' dir='ltr'><strong>rumorem</strong></span> <span class='ocrx_word' id='word_1_169' title='bbox 3302 869 3406 923; x_wconf 51' lang='lat' dir='ltr'><strong>ad.</strong></span> 
     </span>
    </p>
   </div>
   <div class='ocr_carea' id='block_1_25' title="bbox 1825 941 3403 1031">
    <p class='ocr_par' dir='ltr' id='par_1_25' title="bbox 1825 941 3403 1031">
     <span class='ocr_line' id='line_1_25' title="bbox 1825 941 3403 1031; baseline 0.015 -38"><span class='ocrx_word' id='word_1_170' title='bbox 1825 941 2150 997; x_wconf 90' lang='lat' dir='ltr'><strong>mittendum</strong></span> <span class='ocrx_word' id='word_1_171' title='bbox 2183 961 2292 1000; x_wconf 92' lang='lat' dir='ltr'><strong>non</strong></span> <span class='ocrx_word' id='word_1_172' title='bbox 2327 961 2452 1003; x_wconf 88' lang='lat' dir='ltr'><strong>esse</strong></span> <span class='ocrx_word' id='word_1_173' title='bbox 2479 948 2876 1028; x_wconf 71' lang='lat' dir='ltr'><strong>admonentis&#39;.</strong></span> <span class='ocrx_word' id='word_1_174' title='bbox 2913 955 3021 1013; x_wconf 85' lang='lat' dir='ltr'><strong>Sed</strong></span> <span class='ocrx_word' id='word_1_175' title='bbox 3049 968 3230 1015; x_wconf 89' lang='lat' dir='ltr'><strong>tamen</strong></span> <span class='ocrx_word' id='word_1_176' title='bbox 3264 975 3403 1031; x_wconf 84' lang='lat' dir='ltr'><strong>quo-</strong></span> 
     </span>
    </p>
   </div>
   <div class='ocr_carea' id='block_1_26' title="bbox 1827 1034 3403 1123">
    <p class='ocr_par' dir='ltr' id='par_1_26' title="bbox 1827 1034 3403 1123">
     <span class='ocr_line' id='line_1_26' title="bbox 1827 1034 3403 1123; baseline 0.012 -36"><span class='ocrx_word' id='word_1_177' title='bbox 1827 1034 1974 1089; x_wconf 87' lang='lat' dir='ltr'><strong>niam</strong></span> <span class='ocrx_word' id='word_1_178' title='bbox 2006 1052 2104 1092; x_wconf 90' lang='lat' dir='ltr'><strong>vos</strong></span> <span class='ocrx_word' id='word_1_179' title='bbox 2148 1039 2292 1109; x_wconf 88' lang='lat' dir='ltr'><strong>ipsi.</strong></span> <span class='ocrx_word' id='word_1_180' title='bbox 2320 1044 2414 1111; x_wconf 91' lang='lat' dir='ltr'><strong>qui</strong></span> <span class='ocrx_word' id='word_1_181' title='bbox 2469 1044 2687 1100; x_wconf 88' lang='lat' dir='ltr'><strong>dicendi</strong></span> <span class='ocrx_word' id='word_1_182' title='bbox 2719 1049 2824 1102; x_wconf 90' lang='lat' dir='ltr'><strong>arti</strong></span> <span class='ocrx_word' id='word_1_183' title='bbox 2855 1050 3000 1108; x_wconf 85' lang='lat' dir='ltr'><strong>datis</strong></span> <span class='ocrx_word' id='word_1_184' title='bbox 3041 1068 3263 1123; x_wconf 85' lang='lat' dir='ltr'><strong>operam</strong></span> <span class='ocrx_word' id='word_1_185' title='bbox 3290 1093 3304 1117; x_wconf 93' lang='lat'><strong>,</strong></span> <span class='ocrx_word' id='word_1_186' title='bbox 3337 1070 3403 1108; x_wconf 88' lang='lat' dir='ltr'><strong>ea</strong></span> 
     </span>
    </p>
   </div>
   <div class='ocr_carea' id='block_1_27' title="bbox 1826 1139 3403 1213">
    <p class='ocr_par' dir='ltr' id='par_1_27' title="bbox 1826 1139 3403 1213">
     <span class='ocr_line' id='line_1_27' title="bbox 1826 1139 3403 1213; baseline 0.013 -33"><span class='ocrx_word' id='word_1_187' title='bbox 1826 1142 1948 1196; x_wconf 69' lang='lat' dir='ltr'><strong>quae</strong></span> <span class='ocrx_word' id='word_1_188' title='bbox 1978 1139 2243 1200; x_wconf 84' lang='lat' dir='ltr'><strong>apparent</strong></span> <span class='ocrx_word' id='word_1_189' title='bbox 2273 1147 2384 1187; x_wconf 90' lang='lat' dir='ltr'><strong>non</strong></span> <span class='ocrx_word' id='word_1_190' title='bbox 2421 1139 2802 1206; x_wconf 90' lang='lat' dir='ltr'><strong>apparentium</strong></span> <span class='ocrx_word' id='word_1_191' title='bbox 2840 1142 2996 1213; x_wconf 83' lang='lat' dir='ltr'><strong>signa</strong></span> <span class='ocrx_word' id='word_1_192' title='bbox 3029 1160 3154 1200; x_wconf 87' lang='lat' dir='ltr'><strong>esse</strong></span> <span class='ocrx_word' id='word_1_193' title='bbox 3183 1143 3403 1213; x_wconf 83' lang='lat' dir='ltr'><strong>dicitis;</strong></span> 
     </span>
    </p>
   </div>
   <div class='ocr_carea' id='block_1_28' title="bbox 1825 1218 3406 1312">
    <p class='ocr_par' dir='ltr' id='par_1_28' title="bbox 1825 1218 3406 1312">
     <span class='ocr_line' id='line_1_28' title="bbox 1825 1218 3406 1312; baseline 0.016 -40"><span class='ocrx_word' id='word_1_194' title='bbox 1825 1218 1972 1312; x_wconf 11' lang='lat' dir='ltr'><strong>illud,</strong></span> <span class='ocrx_word' id='word_1_195' title='bbox 1996 1235 2288 1312; x_wconf 79' lang='lat' dir='ltr'><strong>censemus</strong></span> <span class='ocrx_word' id='word_1_196' title='bbox 2319 1224 2454 1295; x_wconf 90' lang='lat' dir='ltr'><strong>(nec</strong></span> <span class='ocrx_word' id='word_1_197' title='bbox 2487 1229 2717 1286; x_wconf 88' lang='lat' dir='ltr'><strong>moleste</strong></span> <span class='ocrx_word' id='word_1_198' title='bbox 2761 1231 2905 1290; x_wconf 84' lang='lat' dir='ltr'><strong>feras</strong></span> <span class='ocrx_word' id='word_1_199' title='bbox 2928 1275 2944 1298; x_wconf 92' lang='lat'><strong>,</strong></span> <span class='ocrx_word' id='word_1_200' title='bbox 2983 1237 3032 1291; x_wconf 94' lang='lat' dir='ltr'><strong>si</strong></span> <span class='ocrx_word' id='word_1_201' title='bbox 3085 1238 3242 1312; x_wconf 79' lang='lat'><strong>103</strong></span> <span class='ocrx_word' id='word_1_202' title='bbox 3273 1243 3406 1311; x_wconf 90' lang='lat' dir='ltr'><strong>quid</strong></span> 
     </span>
    </p>
   </div>
   <div class='ocr_carea' id='block_1_29' title="bbox 1822 1311 3404 1388">
    <p class='ocr_par' dir='ltr' id='par_1_29' title="bbox 1822 1311 3404 1388">
     <span class='ocr_line' id='line_1_29' title="bbox 1822 1311 3404 1388; baseline 0.016 -25"><span class='ocrx_word' id='word_1_203' title='bbox 1822 1323 1853 1363; x_wconf 90' lang='lat' dir='ltr'><strong>a</strong></span> <span class='ocrx_word' id='word_1_204' title='bbox 1888 1311 2047 1366; x_wconf 86' lang='lat' dir='ltr'><strong>nobis</strong></span> <span class='ocrx_word' id='word_1_205' title='bbox 2085 1311 2398 1370; x_wconf 88' lang='lat' dir='ltr'><strong>docentium</strong></span> <span class='ocrx_word' id='word_1_206' title='bbox 2468 1334 2622 1376; x_wconf 88' lang='lat' dir='ltr'><strong>more</strong></span> <span class='ocrx_word' id='word_1_207' title='bbox 2666 1322 2883 1378; x_wconf 89' lang='lat' dir='ltr'><strong>dicetur</strong></span> <span class='ocrx_word' id='word_1_208' title='bbox 2925 1343 2938 1379; x_wconf 88' lang='lat'><strong>:</strong></span> <span class='ocrx_word' id='word_1_209' title='bbox 2996 1343 3124 1382; x_wconf 90' lang='lat' dir='ltr'><strong>nam</strong></span> <span class='ocrx_word' id='word_1_210' title='bbox 3187 1311 3404 1388; x_wconf 82' lang='lat' dir='ltr'><strong>inﬁrma</strong></span> 
     </span>
    </p>
   </div>
   <div class='ocr_carea' id='block_1_30' title="bbox 1823 1393 3403 1490">
    <p class='ocr_par' dir='ltr' id='par_1_30' title="bbox 1823 1393 3403 1490">
     <span class='ocr_line' id='line_1_30' title="bbox 1823 1393 3403 1490; baseline 0.018 -37"><span class='ocrx_word' id='word_1_211' title='bbox 1823 1401 2012 1456; x_wconf 91' lang='lat' dir='ltr'><strong>mundi</strong></span> <span class='ocrx_word' id='word_1_212' title='bbox 2060 1410 2116 1458; x_wconf 90' lang='lat' dir='ltr'><strong>et</strong></span> <span class='ocrx_word' id='word_1_213' title='bbox 2142 1393 2359 1473; x_wconf 65' lang='lat' dir='ltr'><strong>abiecta</strong></span> <span class='ocrx_word' id='word_1_214' title='bbox 2389 1408 2554 1480; x_wconf 86' lang='lat' dir='ltr'><strong>elegit</strong></span> <span class='ocrx_word' id='word_1_215' title='bbox 2583 1409 2728 1468; x_wconf 89' lang='lat' dir='ltr'><strong>Deus</strong></span> <span class='ocrx_word' id='word_1_216' title='bbox 2758 1413 2778 1446; x_wconf 81' lang='grc'>⁸</span> <span class='ocrx_word' id='word_1_217' title='bbox 2803 1455 2818 1480; x_wconf 93' lang='grc'><strong>,</strong></span> <span class='ocrx_word' id='word_1_218' title='bbox 2857 1430 2922 1470; x_wconf 93' lang='lat' dir='ltr'><strong>ac</strong></span> <span class='ocrx_word' id='word_1_219' title='bbox 2975 1433 3119 1488; x_wconf 65' lang='lat' dir='ltr'><strong>saepe</strong></span> <span class='ocrx_word' id='word_1_220' title='bbox 3162 1437 3258 1490; x_wconf 90' lang='lat' dir='ltr'><strong>per</strong></span> <span class='ocrx_word' id='word_1_221' title='bbox 3288 1424 3403 1480; x_wconf 65' lang='lat' dir='ltr'><strong>haec</strong></span> 
     </span>
    </p>
   </div>
   <div class='ocr_carea' id='block_1_31' title="bbox 1821 1492 3399 1584">
    <p class='ocr_par' dir='ltr' id='par_1_31' title="bbox 1821 1492 3399 1584">
     <span class='ocr_line' id='line_1_31' title="bbox 1821 1492 3399 1584; baseline 0.015 -38"><span class='ocrx_word' id='word_1_222' title='bbox 1821 1492 2118 1584; x_wconf 76' lang='lat' dir='ltr'><strong>electorum</strong></span> <span class='ocrx_word' id='word_1_223' title='bbox 2176 1497 2412 1553; x_wconf 85' lang='lat' dir='ltr'><strong>salutem</strong></span> <span class='ocrx_word' id='word_1_224' title='bbox 2465 1501 2842 1575; x_wconf 79' lang='lat' dir='ltr'><strong>dispensat):</strong></span> <span class='ocrx_word' id='word_1_225' title='bbox 2893 1509 3070 1577; x_wconf 88' lang='lat' dir='ltr'><strong>quod,</strong></span> <span class='ocrx_word' id='word_1_226' title='bbox 3134 1512 3399 1584; x_wconf 90' lang='lat' dir='ltr'><strong>inquam,</strong></span> 
     </span>
    </p>
   </div>
   <div class='ocr_carea' id='block_1_32' title="bbox 1821 1581 3400 1661">
    <p class='ocr_par' dir='ltr' id='par_1_32' title="bbox 1821 1581 3400 1661">
     <span class='ocr_line' id='line_1_32' title="bbox 1821 1581 3400 1661; baseline 0.016 -25"><span class='ocrx_word' id='word_1_227' title='bbox 1821 1581 1946 1636; x_wconf 90' lang='lat' dir='ltr'><strong>dico</strong></span> <span class='ocrx_word' id='word_1_228' title='bbox 1974 1584 2385 1658; x_wconf 89' lang='lat' dir='ltr'><strong>admoneoque,</strong></span> <span class='ocrx_word' id='word_1_229' title='bbox 2415 1591 2549 1647; x_wconf 92' lang='lat' dir='ltr'><strong>illud</strong></span> <span class='ocrx_word' id='word_1_230' title='bbox 2582 1602 2668 1650; x_wconf 89' lang='lat' dir='ltr'><strong>est</strong></span> <span class='ocrx_word' id='word_1_231' title='bbox 2701 1615 2714 1651; x_wconf 88' lang='lat'><strong>:</strong></span> <span class='ocrx_word' id='word_1_232' title='bbox 2751 1605 2810 1650; x_wconf 90' lang='lat' dir='ltr'><strong>ut</strong></span> <span class='ocrx_word' id='word_1_233' title='bbox 2843 1613 3150 1657; x_wconf 87' lang='lat' dir='ltr'><strong>sermonem</strong></span> <span class='ocrx_word' id='word_1_234' title='bbox 3183 1581 3400 1661; x_wconf 78' lang='lat' dir='ltr'><strong>omnem</strong></span> 
     </span>
    </p>
   </div>
   <div class='ocr_carea' id='block_1_33' title="bbox 1824 1676 3404 1766">
    <p class='ocr_par' dir='ltr' id='par_1_33' title="bbox 1824 1676 3404 1766">
     <span class='ocr_line' id='line_1_33' title="bbox 1824 1676 3404 1766; baseline 0.018 -41"><span class='ocrx_word' id='word_1_235' title='bbox 1824 1679 1878 1726; x_wconf 91' lang='lat' dir='ltr'><strong>et</strong></span> <span class='ocrx_word' id='word_1_236' title='bbox 1903 1688 2119 1730; x_wconf 91' lang='lat' dir='ltr'><strong>omnem</strong></span> <span class='ocrx_word' id='word_1_237' title='bbox 2155 1676 2412 1734; x_wconf 88' lang='lat' dir='ltr'><strong>decoram</strong></span> <span class='ocrx_word' id='word_1_238' title='bbox 2445 1683 2719 1740; x_wconf 89' lang='lat' dir='ltr'><strong>actionem</strong></span> <span class='ocrx_word' id='word_1_239' title='bbox 2749 1690 3098 1748; x_wconf 82' lang='lat' dir='ltr'><strong>considerate</strong></span> <span class='ocrx_word' id='word_1_240' title='bbox 3135 1709 3404 1766; x_wconf 85' lang='lat' dir='ltr'><strong>exsequa-</strong></span> 
     </span>
    </p>
   </div>
   <div class='ocr_carea' id='block_1_34' title="bbox 123 1758 1711 1853">
    <p class='ocr_par' dir='ltr' id='par_1_34' title="bbox 123 1758 1711 1837">
     <span class='ocr_line' id='line_1_34' title="bbox 123 1758 1711 1837; baseline 0.004 -25"><span class='ocrx_word' id='word_1_241' title='bbox 123 1758 307 1828; x_wconf 75' lang='grc' dir='ltr'>λόγον,</span> <span class='ocrx_word' id='word_1_242' title='bbox 363 1763 546 1815; x_wconf 77' lang='grc' dir='ltr'>πᾶσαν</span> <span class='ocrx_word' id='word_1_243' title='bbox 588 1762 644 1815; x_wconf 85' lang='grc' dir='ltr'><strong>δὲ</strong></span> <span class='ocrx_word' id='word_1_244' title='bbox 685 1765 882 1834; x_wconf 76' lang='grc' dir='ltr'>πρᾶξιν</span> <span class='ocrx_word' id='word_1_245' title='bbox 923 1764 1272 1835; x_wconf 82' lang='grc' dir='ltr'>καθήκουσαν</span> <span class='ocrx_word' id='word_1_246' title='bbox 1313 1766 1711 1837; x_wconf 85' lang='grc' dir='ltr'>περιεσκεμμέ-</span> 
     </span>
    </p>
   </div>
   <div class='ocr_carea' id='block_1_35' title="bbox 1821 1758 3398 1853">
    <p class='ocr_par' dir='ltr' id='par_1_35' title="bbox 1825 1758 3398 1853">
     <span class='ocr_line' id='line_1_35' title="bbox 1825 1758 3398 1853; baseline 0.015 -33"><span class='ocrx_word' id='word_1_247' title='bbox 1825 1781 1969 1831; x_wconf 91' lang='lat' dir='ltr'><strong>mur,</strong></span> <span class='ocrx_word' id='word_1_248' title='bbox 2009 1778 2065 1823; x_wconf 90' lang='lat' dir='ltr'><strong>et</strong></span> <span class='ocrx_word' id='word_1_249' title='bbox 2093 1773 2396 1827; x_wconf 84' lang='lat' dir='ltr'><strong>secundum</strong></span> <span class='ocrx_word' id='word_1_250' title='bbox 2445 1776 2692 1846; x_wconf 84' lang='lat' dir='ltr'><strong>Apostoli</strong></span> <span class='ocrx_word' id='word_1_251' title='bbox 2738 1792 3070 1853; x_wconf 57' lang='lat' dir='ltr'><strong>praeceptum</strong></span> <span class='ocrx_word' id='word_1_252' title='bbox 3105 1786 3146 1852; x_wconf 78' lang='lat'><strong>’,</strong></span> <span class='ocrx_word' id='word_1_253' title='bbox 3192 1758 3398 1844; x_wconf 79' lang='lat' dir='ltr'><strong>nuliam</strong></span> 
     </span>
    </p>
   </div>
   <div class='ocr_carea' id='block_1_36' title="bbox 123 1852 1721 1927">
    <p class='ocr_par' dir='ltr' id='par_1_36' title="bbox 123 1852 1721 1927">
     <span class='ocr_line' id='line_1_36' title="bbox 123 1852 1721 1927; baseline 0.003 -22"><span class='ocrx_word' id='word_1_254' title='bbox 123 1871 232 1916; x_wconf 85' lang='grc' dir='ltr'><strong>νως</strong></span> <span class='ocrx_word' id='word_1_255' title='bbox 263 1852 633 1905; x_wconf 74' lang='grc' dir='ltr'>ἐπιτελεῖσθαι</span> <span class='ocrx_word' id='word_1_256' title='bbox 660 1868 675 1883; x_wconf 86' lang='lat'><strong><em>°</em></strong></span> <span class='ocrx_word' id='word_1_257' title='bbox 727 1855 821 1908; x_wconf 75' lang='grc' dir='ltr'><strong>καὶ</strong></span> <span class='ocrx_word' id='word_1_258' title='bbox 865 1854 1006 1908; x_wconf 82' lang='grc' dir='ltr'>κατὰ</span> <span class='ocrx_word' id='word_1_259' title='bbox 1043 1855 1104 1908; x_wconf 82' lang='grc' dir='ltr'>τὸ</span> <span class='ocrx_word' id='word_1_260' title='bbox 1128 1855 1480 1909; x_wconf 85' lang='grc' dir='ltr'>ἀποστολικὸν</span> <span class='ocrx_word' id='word_1_261' title='bbox 1507 1857 1721 1927; x_wconf 81' lang='grc' dir='ltr'>παράγ-</span> 
     </span>
    </p>
   </div>
   <div class='ocr_carea' id='block_1_37' title="bbox 121 1945 1714 2020">
    <p class='ocr_par' dir='ltr' id='par_1_37' title="bbox 121 1945 1714 2020">
     <span class='ocr_line' id='line_1_37' title="bbox 121 1945 1714 2020; baseline 0.002 -23"><span class='ocrx_word' id='word_1_262' title='bbox 121 1945 342 2016; x_wconf 82' lang='grc' dir='ltr'>γελμα,</span> <span class='ocrx_word' id='word_1_263' title='bbox 425 1946 698 2016; x_wconf 82' lang='grc' dir='ltr'>μηδεμίαν</span> <span class='ocrx_word' id='word_1_264' title='bbox 743 1947 802 1999; x_wconf 86' lang='grc' dir='ltr'><strong>ἐν</strong></span> <span class='ocrx_word' id='word_1_265' title='bbox 881 1947 1071 2018; x_wconf 77' lang='grc' dir='ltr'>μηδενὶ</span> <span class='ocrx_word' id='word_1_266' title='bbox 1123 1949 1322 2002; x_wconf 82' lang='grc' dir='ltr'>διδόναι</span> <span class='ocrx_word' id='word_1_267' title='bbox 1373 1950 1714 2020; x_wconf 82' lang='grc' dir='ltr'>προσκοπήν.</span> 
     </span>
    </p>
   </div>
   <div class='ocr_carea' id='block_1_38' title="bbox 121 2033 1719 2111">
    <p class='ocr_par' dir='ltr' id='par_1_38' title="bbox 121 2033 1719 2111">
     <span class='ocr_line' id='line_1_38' title="bbox 121 2033 1719 2111; baseline 0.001 -21"><span class='ocrx_word' id='word_1_268' title='bbox 121 2037 346 2108; x_wconf 85' lang='grc' dir='ltr'>Πρὲπον</span> <span class='ocrx_word' id='word_1_269' title='bbox 387 2036 498 2109; x_wconf 72' lang='grc' dir='ltr'><strong>γὰρ</strong></span> <span class='ocrx_word' id='word_1_270' title='bbox 545 2033 687 2091; x_wconf 72' lang='grc' dir='ltr'>εἶναι</span> <span class='ocrx_word' id='word_1_271' title='bbox 731 2039 970 2109; x_wconf 84' lang='grc' dir='ltr'>τίθεμαι,</span> <span class='ocrx_word' id='word_1_272' title='bbox 1017 2040 1209 2111; x_wconf 76' lang='grc' dir='ltr'>ἀνδρὸς</span> <span class='ocrx_word' id='word_1_273' title='bbox 1262 2039 1432 2094; x_wconf 86' lang='grc' dir='ltr'>πολλά</span> <span class='ocrx_word' id='word_1_274' title='bbox 1477 2040 1576 2110; x_wconf 80' lang='grc' dir='ltr'><strong>μὲν</strong></span> <span class='ocrx_word' id='word_1_275' title='bbox 1625 2040 1719 2093; x_wconf 73' lang='grc' dir='ltr'><strong>ἐπὶ</strong></span> 
     </span>
    </p>
   </div>
   <div class='ocr_carea' id='block_1_39' title="bbox 123 2128 1721 2202">
    <p class='ocr_par' dir='ltr' id='par_1_39' title="bbox 123 2128 1721 2202">
     <span class='ocr_line' id='line_1_39' title="bbox 123 2128 1721 2202; baseline 0.003 -22"><span class='ocrx_word' id='word_1_276' title='bbox 123 2129 364 2199; x_wconf 83' lang='grc' dir='ltr'>μαθήσει</span> <span class='ocrx_word' id='word_1_277' title='bbox 391 2129 564 2196; x_wconf 81' lang='grc' dir='ltr'>λόγων</span> <span class='ocrx_word' id='word_1_278' title='bbox 602 2128 946 2200; x_wconf 80' lang='grc' dir='ltr'>ἱδρώσαντος,</span> <span class='ocrx_word' id='word_1_279' title='bbox 979 2131 1146 2183; x_wconf 79' lang='grc' dir='ltr'>ἐθνῶν</span> <span class='ocrx_word' id='word_1_280' title='bbox 1173 2131 1229 2184; x_wconf 86' lang='grc' dir='ltr'><strong>δὲ</strong></span> <span class='ocrx_word' id='word_1_281' title='bbox 1263 2132 1358 2184; x_wconf 73' lang='grc' dir='ltr'><strong>καὶ</strong></span> <span class='ocrx_word' id='word_1_282' title='bbox 1389 2132 1596 2184; x_wconf 88' lang='grc' dir='ltr'>πόλεων</span> <span class='ocrx_word' id='word_1_283' title='bbox 1622 2132 1721 2202; x_wconf 87' lang='grc' dir='ltr'>ἀρ-</span> 
     </span>
    </p>
   </div>
   <div class='ocr_carea' id='block_1_40' title="bbox 117 2218 1720 2294">
    <p class='ocr_par' dir='ltr' id='par_1_40' title="bbox 117 2218 1720 2294">
     <span class='ocr_line' id='line_1_40' title="bbox 117 2218 1720 2294; baseline 0.002 -22"><span class='ocrx_word' id='word_1_284' title='bbox 117 2220 223 2288; x_wconf 69' lang='grc' dir='ltr'>χὰς</span> <span class='ocrx_word' id='word_1_285' title='bbox 251 2218 654 2283; x_wconf 71' lang='grc' dir='ltr'>διευθύναντος,</span> <span class='ocrx_word' id='word_1_286' title='bbox 692 2222 784 2274; x_wconf 76' lang='grc' dir='ltr'><strong>καὶ</strong></span> <span class='ocrx_word' id='word_1_287' title='bbox 808 2222 946 2292; x_wconf 81' lang='grc' dir='ltr'>πρὸς</span> <span class='ocrx_word' id='word_1_288' title='bbox 977 2222 1222 2292; x_wconf 77' lang='grc' dir='ltr'>μεγάλην</span> <span class='ocrx_word' id='word_1_289' title='bbox 1265 2223 1548 2294; x_wconf 90' lang='grc' dir='ltr'>προγόνων</span> <span class='ocrx_word' id='word_1_290' title='bbox 1595 2225 1720 2294; x_wconf 87' lang='grc' dir='ltr'>ἀρε-</span> 
     </span>
    </p>
   </div>
   <div class='ocr_carea' id='block_1_41' title="bbox 115 2307 1714 2381">
    <p class='ocr_par' dir='ltr' id='par_1_41' title="bbox 115 2307 1714 2381">
     <span class='ocr_line' id='line_1_41' title="bbox 115 2307 1714 2381; baseline 0.004 -22"><span class='ocrx_word' id='word_1_291' title='bbox 115 2308 219 2378; x_wconf 82' lang='grc' dir='ltr'>τὴν</span> <span class='ocrx_word' id='word_1_292' title='bbox 243 2308 340 2360; x_wconf 72' lang='grc' dir='ltr'>τὸν</span> <span class='ocrx_word' id='word_1_293' title='bbox 367 2307 527 2378; x_wconf 78' lang='grc' dir='ltr'>ζῆλον</span> <span class='ocrx_word' id='word_1_294' title='bbox 563 2309 797 2380; x_wconf 79' lang='grc' dir='ltr'>ἔχοντος,</span> <span class='ocrx_word' id='word_1_295' title='bbox 827 2311 920 2364; x_wconf 88' lang='grc' dir='ltr'><strong>τὸν</strong></span> <span class='ocrx_word' id='word_1_296' title='bbox 955 2310 1071 2381; x_wconf 80' lang='grc' dir='ltr'>βίον</span> <span class='ocrx_word' id='word_1_297' title='bbox 1110 2311 1440 2381; x_wconf 83' lang='grc' dir='ltr'>προκεῖσθαι</span> <span class='ocrx_word' id='word_1_298' title='bbox 1471 2315 1550 2376; x_wconf 80' lang='grc' dir='ltr'><strong>εἰς</strong></span> <span class='ocrx_word' id='word_1_299' title='bbox 1578 2313 1714 2366; x_wconf 85' lang='grc' dir='ltr'>ὁπό-</span> 
     </span>
    </p>
   </div>
   <div class='ocr_carea' id='block_1_42' title="bbox 115 2401 1717 2477">
    <p class='ocr_par' dir='ltr' id='par_1_42' title="bbox 115 2401 1717 2477">
     <span class='ocr_line' id='line_1_42' title="bbox 115 2401 1717 2477; baseline 0.004 -23"><span class='ocrx_word' id='word_1_300' title='bbox 115 2401 324 2473; x_wconf 80' lang='grc' dir='ltr'>δειγμα</span> <span class='ocrx_word' id='word_1_301' title='bbox 353 2403 572 2474; x_wconf 79' lang='grc' dir='ltr'>ἀρετῆς.</span> <span class='ocrx_word' id='word_1_302' title='bbox 607 2404 717 2474; x_wconf 77' lang='grc' dir='ltr'>Τὴν</span> <span class='ocrx_word' id='word_1_303' title='bbox 755 2407 936 2474; x_wconf 82' lang='grc' dir='ltr'>μέντοι</span> <span class='ocrx_word' id='word_1_304' title='bbox 987 2408 1116 2477; x_wconf 83' lang='grc' dir='ltr'><strong>περὶ</strong></span> <span class='ocrx_word' id='word_1_305' title='bbox 1162 2406 1231 2460; x_wconf 76' lang='grc' dir='ltr'>τὰ</span> <span class='ocrx_word' id='word_1_306' title='bbox 1271 2406 1437 2458; x_wconf 81' lang='grc' dir='ltr'>τέκνα</span> <span class='ocrx_word' id='word_1_307' title='bbox 1478 2406 1717 2461; x_wconf 83' lang='grc' dir='ltr'>διάθεσιν</span> 
     </span>
    </p>
   </div>
   <div class='ocr_carea' id='block_1_43' title="bbox 116 2493 1714 2566">
    <p class='ocr_par' dir='ltr' id='par_1_43' title="bbox 116 2493 1714 2566">
     <span class='ocr_line' id='line_1_43' title="bbox 116 2493 1714 2566; baseline 0.004 -22"><span class='ocrx_word' id='word_1_308' title='bbox 116 2493 241 2563; x_wconf 70' lang='grc' dir='ltr'>οὐχὶ</span> <span class='ocrx_word' id='word_1_309' title='bbox 272 2493 420 2561; x_wconf 77' lang='grc' dir='ltr'>λόγῳ</span> <span class='ocrx_word' id='word_1_310' title='bbox 449 2494 543 2545; x_wconf 76' lang='grc' dir='ltr'>νῦν</span> <span class='ocrx_word' id='word_1_311' title='bbox 571 2495 806 2563; x_wconf 67' lang='grc' dir='ltr'>ὀφείλεις</span> <span class='ocrx_word' id='word_1_312' title='bbox 838 2495 1134 2558; x_wconf 75' lang='grc' dir='ltr'>δεικνύναι,</span> <span class='ocrx_word' id='word_1_313' title='bbox 1177 2498 1235 2560; x_wconf 84' lang='grc' dir='ltr'>ὃς</span> <span class='ocrx_word' id='word_1_314' title='bbox 1282 2515 1345 2566; x_wconf 89' lang='grc' dir='ltr'><strong>γε</strong></span> <span class='ocrx_word' id='word_1_315' title='bbox 1377 2498 1543 2551; x_wconf 90' lang='grc' dir='ltr'>πάλαι</span> <span class='ocrx_word' id='word_1_316' title='bbox 1580 2498 1714 2551; x_wconf 81' lang='grc' dir='ltr'>ἔδει-</span> 
     </span>
    </p>
   </div>
   <div class='ocr_carea' id='block_1_44' title="bbox 119 2581 1716 2662">
    <p class='ocr_par' dir='ltr' id='par_1_44' title="bbox 119 2581 1716 2662">
     <span class='ocr_line' id='line_1_44' title="bbox 119 2581 1716 2662; baseline 0.004 -23"><span class='ocrx_word' id='word_1_317' title='bbox 119 2585 240 2650; x_wconf 79' lang='grc' dir='ltr'>ξας,</span> <span class='ocrx_word' id='word_1_318' title='bbox 269 2586 364 2654; x_wconf 70' lang='grc' dir='ltr'><strong>ἀφ’</strong></span> <span class='ocrx_word' id='word_1_319' title='bbox 391 2581 452 2640; x_wconf 75' lang='grc' dir='ltr'>οὗ</span> <span class='ocrx_word' id='word_1_320' title='bbox 476 2586 658 2658; x_wconf 79' lang='grc' dir='ltr'>πατὴρ</span> <span class='ocrx_word' id='word_1_321' title='bbox 685 2588 894 2656; x_wconf 77' lang='grc' dir='ltr'>ἐγένου,</span> <span class='ocrx_word' id='word_1_322' title='bbox 925 2590 985 2641; x_wconf 83' lang='grc' dir='ltr'>οὺ</span> <span class='ocrx_word' id='word_1_323' title='bbox 1023 2589 1180 2659; x_wconf 72' lang='grc' dir='ltr'>μόνον</span> <span class='ocrx_word' id='word_1_324' title='bbox 1215 2593 1276 2660; x_wconf 81' lang='grc' dir='ltr'>τῇ</span> <span class='ocrx_word' id='word_1_325' title='bbox 1310 2593 1514 2661; x_wconf 83' lang='grc' dir='ltr'>φυσικῇ</span> <span class='ocrx_word' id='word_1_326' title='bbox 1560 2607 1716 2662; x_wconf 82' lang='grc' dir='ltr'>στορ-</span> 
     </span>
    </p>
   </div>
   <div class='ocr_carea' id='block_1_45' title="bbox 118 2679 1717 2756">
    <p class='ocr_par' dir='ltr' id='par_1_45' title="bbox 118 2679 1717 2756">
     <span class='ocr_line' id='line_1_45' title="bbox 118 2679 1717 2756; baseline -0.007 -6"><span class='ocrx_word' id='word_1_327' title='bbox 118 2683 190 2749; x_wconf 70' lang='grc' dir='ltr'><strong>γῇ</strong></span> <span class='ocrx_word' id='word_1_328' title='bbox 220 2679 587 2752; x_wconf 70' lang='grc' dir='ltr'><strong>κεχρημένος,</strong></span> <span class='ocrx_word' id='word_1_329' title='bbox 621 2681 688 2752; x_wconf 84' lang='grc' dir='ltr'>ἦν</span> <span class='ocrx_word' id='word_1_330' title='bbox 716 2683 810 2736; x_wconf 71' lang='grc' dir='ltr'><strong>καὶ</strong></span> <span class='ocrx_word' id='word_1_331' title='bbox 841 2683 910 2738; x_wconf 74' lang='grc' dir='ltr'>τὰ</span> <span class='ocrx_word' id='word_1_332' title='bbox 939 2683 1108 2752; x_wconf 80' lang='grc' dir='ltr'>ἄλογα</span> <span class='ocrx_word' id='word_1_333' title='bbox 1147 2684 1446 2756; x_wconf 81' lang='grc' dir='ltr'>παρέχεται</span> <span class='ocrx_word' id='word_1_334' title='bbox 1485 2689 1597 2749; x_wconf 87' lang='grc' dir='ltr'>τοῖς</span> <span class='ocrx_word' id='word_1_335' title='bbox 1632 2689 1717 2740; x_wconf 84' lang='grc' dir='ltr'><strong>ὲκ-</strong></span> 
     </span>
    </p>
   </div>
   <div class='ocr_carea' id='block_1_46' title="bbox 117 2772 1711 2848">
    <p class='ocr_par' dir='ltr' id='par_1_46' title="bbox 117 2772 1711 2848">
     <span class='ocr_line' id='line_1_46' title="bbox 117 2772 1711 2848; baseline 0.004 -23"><span class='ocrx_word' id='word_1_336' title='bbox 117 2774 322 2843; x_wconf 80' lang='grc' dir='ltr'>γόνοις,</span> <span class='ocrx_word' id='word_1_337' title='bbox 353 2773 431 2835; x_wconf 83' lang='grc' dir='ltr'>ὡς</span> <span class='ocrx_word' id='word_1_338' title='bbox 473 2774 637 2837; x_wconf 82' lang='grc' dir='ltr'>αὐτός</span> <span class='ocrx_word' id='word_1_339' title='bbox 675 2791 734 2827; x_wconf 88' lang='grc' dir='ltr'><strong>τε</strong></span> <span class='ocrx_word' id='word_1_340' title='bbox 765 2772 926 2838; x_wconf 81' lang='grc' dir='ltr'>εἶπας</span> <span class='ocrx_word' id='word_1_341' title='bbox 980 2776 1074 2828; x_wconf 78' lang='grc' dir='ltr'><strong>καὶ</strong></span> <span class='ocrx_word' id='word_1_342' title='bbox 1121 2777 1154 2846; x_wconf 85' lang='grc' dir='ltr'>ἡ</span> <span class='ocrx_word' id='word_1_343' title='bbox 1206 2780 1372 2848; x_wconf 87' lang='grc' dir='ltr'>πεῖρα</span> <span class='ocrx_word' id='word_1_344' title='bbox 1419 2777 1711 2844; x_wconf 87' lang='grc' dir='ltr'>δείκνυσιν,</span> 
     </span>
    </p>
   </div>
   <div class='ocr_carea' id='block_1_47' title="bbox 118 2863 1715 2942">
    <p class='ocr_par' dir='ltr' id='par_1_47' title="bbox 118 2863 1715 2942">
     <span class='ocr_line' id='line_1_47' title="bbox 118 2863 1715 2942; baseline 0.006 -26"><span class='ocrx_word' id='word_1_345' title='bbox 118 2863 257 2916; x_wconf 81' lang='grc' dir='ltr'><strong>ἀλλά</strong></span> <span class='ocrx_word' id='word_1_346' title='bbox 291 2865 389 2917; x_wconf 77' lang='grc' dir='ltr'><strong>καὶ</strong></span> <span class='ocrx_word' id='word_1_347' title='bbox 427 2865 716 2918; x_wconf 81' lang='grc' dir='ltr'>ἐπιτείνειν</span> <span class='ocrx_word' id='word_1_348' title='bbox 743 2865 842 2935; x_wconf 83' lang='grc' dir='ltr'><strong>τὴν</strong></span> <span class='ocrx_word' id='word_1_349' title='bbox 882 2867 1124 2938; x_wconf 83' lang='grc' dir='ltr'>ἀγάπην,</span> <span class='ocrx_word' id='word_1_350' title='bbox 1152 2867 1395 2937; x_wconf 83' lang='grc' dir='ltr'>δηλονότι</span> <span class='ocrx_word' id='word_1_351' title='bbox 1424 2871 1487 2922; x_wconf 90' lang='grc' dir='ltr'><strong>ἐκ</strong></span> <span class='ocrx_word' id='word_1_352' title='bbox 1520 2887 1715 2942; x_wconf 84' lang='grc' dir='ltr'>προαι-</span> 
     </span>
    </p>
   </div>
   <div class='ocr_carea' id='block_1_48' title="bbox 123 2955 1711 3028">
    <p class='ocr_par' dir='ltr' id='par_1_48' title="bbox 123 2955 1711 3028">
     <span class='ocr_line' id='line_1_48' title="bbox 123 2955 1711 3028; baseline 0.006 -21"><span class='ocrx_word' id='word_1_353' title='bbox 123 2955 349 3024; x_wconf 77' lang='grc' dir='ltr'>ρέσεως,</span> <span class='ocrx_word' id='word_1_354' title='bbox 387 2957 499 3026; x_wconf 83' lang='grc' dir='ltr'><strong>ὅσῳ</strong></span> <span class='ocrx_word' id='word_1_355' title='bbox 530 2959 661 3028; x_wconf 77' lang='grc' dir='ltr'>ὁρᾷς</span> <span class='ocrx_word' id='word_1_356' title='bbox 700 2956 924 3010; x_wconf 77' lang='grc' dir='ltr'>τοιαῦτα</span> <span class='ocrx_word' id='word_1_357' title='bbox 965 2958 1114 3021; x_wconf 79' lang='grc' dir='ltr'>ὄντα,</span> <span class='ocrx_word' id='word_1_358' title='bbox 1160 2955 1248 3012; x_wconf 79' lang='grc' dir='ltr'>οἷα</span> <span class='ocrx_word' id='word_1_359' title='bbox 1281 2960 1406 3024; x_wconf 78' lang='grc' dir='ltr'>ἀξια</span> <span class='ocrx_word' id='word_1_360' title='bbox 1435 2955 1574 3015; x_wconf 81' lang='grc' dir='ltr'>εἶναι</span> <span class='ocrx_word' id='word_1_361' title='bbox 1604 2980 1711 3016; x_wconf 78' lang='grc' dir='ltr'>πα·-</span> 
     </span>
    </p>
   </div>
   <div class='ocr_carea' id='block_1_49' title="bbox 117 3046 1711 3123">
    <p class='ocr_par' dir='ltr' id='par_1_49' title="bbox 117 3046 1711 3123">
     <span class='ocr_line' id='line_1_49' title="bbox 117 3046 1711 3123; baseline 0.005 -24"><span class='ocrx_word' id='word_1_362' title='bbox 117 3046 326 3116; x_wconf 84' lang='grc' dir='ltr'>τρικῶν</span> <span class='ocrx_word' id='word_1_363' title='bbox 355 3050 694 3120; x_wconf 77' lang='grc' dir='ltr'>προσευχῶν.</span> <span class='ocrx_word' id='word_1_364' title='bbox 728 3050 888 3102; x_wconf 83' lang='grc' dir='ltr'>Ὥστε</span> <span class='ocrx_word' id='word_1_365' title='bbox 922 3050 1017 3120; x_wconf 81' lang='grc' dir='ltr'>οὐχ</span> <span class='ocrx_word' id='word_1_366' title='bbox 1042 3052 1190 3121; x_wconf 76' lang='grc' dir='ltr'>ἡμᾶς</span> <span class='ocrx_word' id='word_1_367' title='bbox 1228 3051 1311 3104; x_wconf 86' lang='grc' dir='ltr'><strong>δεῖ</strong></span> <span class='ocrx_word' id='word_1_368' title='bbox 1350 3055 1478 3123; x_wconf 77' lang='grc' dir='ltr'>περὶ</span> <span class='ocrx_word' id='word_1_369' title='bbox 1505 3053 1711 3107; x_wconf 84' lang='grc' dir='ltr'>τούτων</span> 
     </span>
    </p>
   </div>
   <div class='ocr_carea' id='block_1_50' title="bbox 117 3136 1710 3215">
    <p class='ocr_par' dir='ltr' id='par_1_50' title="bbox 117 3136 1710 3215">
     <span class='ocr_line' id='line_1_50' title="bbox 117 3136 1710 3215; baseline 0.006 -27"><span class='ocrx_word' id='word_1_370' title='bbox 117 3136 435 3190; x_wconf 74' lang='grc' dir='ltr'>πείθεσθαι·</span> <span class='ocrx_word' id='word_1_371' title='bbox 473 3139 718 3209; x_wconf 79' lang='grc' dir='ltr'>ἀρκοῦσα</span> <span class='ocrx_word' id='word_1_372' title='bbox 749 3141 857 3210; x_wconf 73' lang='grc' dir='ltr'><strong>γὰρ</strong></span> <span class='ocrx_word' id='word_1_373' title='bbox 887 3142 919 3211; x_wconf 82' lang='grc' dir='ltr'>ἡ</span> <span class='ocrx_word' id='word_1_374' title='bbox 965 3142 1023 3208; x_wconf 78' lang='grc' dir='ltr'><strong>ἐξ</strong></span> <span class='ocrx_word' id='word_1_375' title='bbox 1052 3143 1230 3195; x_wconf 79' lang='grc' dir='ltr'>αὐτῶν</span> <span class='ocrx_word' id='word_1_376' title='bbox 1257 3143 1368 3196; x_wconf 86' lang='grc' dir='ltr'><strong>τῶν</strong></span> <span class='ocrx_word' id='word_1_377' title='bbox 1407 3144 1710 3215; x_wconf 81' lang='grc' dir='ltr'>γινομένων</span> 
     </span>
    </p>
   </div>
   <div class='ocr_carea' id='block_1_51' title="bbox 116 3228 1709 3306">
    <p class='ocr_par' dir='ltr' id='par_1_51' title="bbox 116 3228 1709 3306">
     <span class='ocr_line' id='line_1_51' title="bbox 116 3228 1709 3306; baseline 0.007 -27"><span class='ocrx_word' id='word_1_378' title='bbox 116 3228 234 3280; x_wconf 82' lang='grc' dir='ltr'>ἐστὶ</span> <span class='ocrx_word' id='word_1_379' title='bbox 261 3229 562 3300; x_wconf 82' lang='grc' dir='ltr'>μαρτυρία.</span> <span class='ocrx_word' id='word_1_380' title='bbox 617 3231 820 3284; x_wconf 84' lang='grc' dir='ltr'>Ἑκεῖνό</span> <span class='ocrx_word' id='word_1_381' title='bbox 866 3249 930 3300; x_wconf 88' lang='grc' dir='ltr'><strong>γε</strong></span> <span class='ocrx_word' id='word_1_382' title='bbox 978 3236 1084 3304; x_wconf 82' lang='grc' dir='ltr'>μὴν</span> <span class='ocrx_word' id='word_1_383' title='bbox 1133 3236 1235 3288; x_wconf 79' lang='grc' dir='ltr'><strong>οὐκ</strong></span> <span class='ocrx_word' id='word_1_384' title='bbox 1271 3237 1500 3306; x_wconf 84' lang='grc' dir='ltr'>ἄκαιρον</span> <span class='ocrx_word' id='word_1_385' title='bbox 1542 3255 1709 3306; x_wconf 88' lang='grc' dir='ltr'>προσ-</span> 
     </span>
    </p>
   </div>
   <div class='ocr_carea' id='block_1_52' title="bbox 117 3322 1710 3401">
    <p class='ocr_par' dir='ltr' id='par_1_52' title="bbox 117 3322 1710 3401">
     <span class='ocr_line' id='line_1_52' title="bbox 117 3322 1710 3401; baseline 0.005 -26"><span class='ocrx_word' id='word_1_386' title='bbox 117 3322 294 3376; x_wconf 83' lang='grc' dir='ltr'>θεῖναι</span> <span class='ocrx_word' id='word_1_387' title='bbox 316 3325 418 3394; x_wconf 84' lang='grc' dir='ltr'>τῆς</span> <span class='ocrx_word' id='word_1_388' title='bbox 447 3323 703 3395; x_wconf 82' lang='grc' dir='ltr'>ἀληθείας</span> <span class='ocrx_word' id='word_1_389' title='bbox 741 3326 948 3392; x_wconf 77' lang='grc' dir='ltr'>ἕνεκεν,</span> <span class='ocrx_word' id='word_1_390' title='bbox 989 3329 1072 3381; x_wconf 84' lang='grc' dir='ltr'>ὃτι</span> <span class='ocrx_word' id='word_1_391' title='bbox 1100 3330 1198 3399; x_wconf 85' lang='grc' dir='ltr'><strong>οὐχ</strong></span> <span class='ocrx_word' id='word_1_392' title='bbox 1229 3331 1256 3382; x_wconf 87' lang='grc' dir='ltr'><strong>ό</strong></span> <span class='ocrx_word' id='word_1_393' title='bbox 1281 3329 1504 3396; x_wconf 74' lang='grc' dir='ltr'>ἀδελφὸς</span> <span class='ocrx_word' id='word_1_394' title='bbox 1543 3331 1710 3401; x_wconf 72' lang='grc' dir='ltr'>Τιμό-</span> 
     </span>
    </p>
   </div>
   <div class='ocr_carea' id='block_1_53' title="bbox 118 3412 1710 3494">
    <p class='ocr_par' dir='ltr' id='par_1_53' title="bbox 118 3412 1710 3494">
     <span class='ocr_line' id='line_1_53' title="bbox 118 3412 1710 3494; baseline 0.006 -28"><span class='ocrx_word' id='word_1_395' title='bbox 118 3412 239 3478; x_wconf 84' lang='grc' dir='ltr'>θεός</span> <span class='ocrx_word' id='word_1_396' title='bbox 282 3417 436 3468; x_wconf 80' lang='grc' dir='ltr'>ἐστιν</span> <span class='ocrx_word' id='word_1_397' title='bbox 481 3418 510 3469; x_wconf 87' lang='grc' dir='ltr'><strong>ό</strong></span> <span class='ocrx_word' id='word_1_398' title='bbox 541 3419 986 3488; x_wconf 81' lang='grc' dir='ltr'>χωρεπίσκοπος,</span> <span class='ocrx_word' id='word_1_399' title='bbox 1027 3423 1056 3474; x_wconf 87' lang='grc' dir='ltr'>ὁ</span> <span class='ocrx_word' id='word_1_400' title='bbox 1097 3421 1405 3490; x_wconf 86' lang='grc' dir='ltr'>ἀνενεγκὼν</span> <span class='ocrx_word' id='word_1_401' title='bbox 1453 3424 1586 3494; x_wconf 83' lang='grc' dir='ltr'>ἡμῖν</span> <span class='ocrx_word' id='word_1_402' title='bbox 1641 3423 1710 3476; x_wconf 88' lang='grc' dir='ltr'><strong>τά</strong></span> 
     </span>
    </p>
   </div>
   <div class='ocr_carea' id='block_1_54' title="bbox 118 3501 1710 3582">
    <p class='ocr_par' dir='ltr' id='par_1_54' title="bbox 118 3501 1710 3582">
     <span class='ocr_line' id='line_1_54' title="bbox 118 3501 1710 3582; baseline 0.006 -27"><span class='ocrx_word' id='word_1_403' title='bbox 118 3501 512 3574; x_wconf 77' lang='grc' dir='ltr'>θρυλληθέντα.</span> <span class='ocrx_word' id='word_1_404' title='bbox 548 3505 688 3558; x_wconf 73' lang='grc' dir='ltr'>Οὔτε</span> <span class='ocrx_word' id='word_1_405' title='bbox 713 3508 822 3580; x_wconf 76' lang='grc' dir='ltr'>γὰρ</span> <span class='ocrx_word' id='word_1_406' title='bbox 847 3511 905 3561; x_wconf 87' lang='grc' dir='ltr'><strong>ἐν</strong></span> <span class='ocrx_word' id='word_1_407' title='bbox 937 3511 1216 3581; x_wconf 84' lang='grc' dir='ltr'>συντυχίᾳ,</span> <span class='ocrx_word' id='word_1_408' title='bbox 1249 3509 1374 3564; x_wconf 75' lang='grc' dir='ltr'>οὔτε</span> <span class='ocrx_word' id='word_1_409' title='bbox 1414 3511 1502 3564; x_wconf 70' lang='grc' dir='ltr'><strong>διὰ</strong></span> <span class='ocrx_word' id='word_1_410' title='bbox 1527 3512 1710 3582; x_wconf 82' lang='grc' dir='ltr'>γράμ-</span> 
     </span>
    </p>
   </div>
   <div class='ocr_carea' id='block_1_55' title="bbox 121 3596 1702 3671">
    <p class='ocr_par' dir='ltr' id='par_1_55' title="bbox 121 3596 1702 3671">
     <span class='ocr_line' id='line_1_55' title="bbox 121 3596 1702 3671; baseline 0.003 -24"><span class='ocrx_word' id='word_1_411' title='bbox 121 3611 292 3663; x_wconf 76' lang='grc' dir='ltr'>ματος</span> <span class='ocrx_word' id='word_1_412' title='bbox 325 3596 576 3664; x_wconf 82' lang='grc' dir='ltr'>φαίνεται</span> <span class='ocrx_word' id='word_1_413' title='bbox 601 3598 792 3668; x_wconf 82' lang='grc' dir='ltr'>μικρόν</span> <span class='ocrx_word' id='word_1_414' title='bbox 823 3616 877 3652; x_wconf 87' lang='grc' dir='ltr'><strong>τι</strong></span> <span class='ocrx_word' id='word_1_415' title='bbox 917 3599 950 3669; x_wconf 80' lang='grc' dir='ltr'><strong>ἢ</strong></span> <span class='ocrx_word' id='word_1_416' title='bbox 995 3600 1178 3670; x_wconf 77' lang='grc' dir='ltr'>μεῖζον</span> <span class='ocrx_word' id='word_1_417' title='bbox 1217 3599 1472 3670; x_wconf 75' lang='grc' dir='ltr'>διαϐολῆς</span> <span class='ocrx_word' id='word_1_418' title='bbox 1505 3601 1702 3671; x_wconf 78' lang='grc' dir='ltr'>ἐχόμε-</span> 
     </span>
    </p>
   </div>
   <div class='ocr_carea' id='block_1_56' title="bbox 118 3685 1703 3758">
    <p class='ocr_par' dir='ltr' id='par_1_56' title="bbox 118 3685 1703 3758">
     <span class='ocr_line' id='line_1_56' title="bbox 118 3685 1703 3758; baseline 0.003 -22"><span class='ocrx_word' id='word_1_419' title='bbox 118 3701 207 3737; x_wconf 85' lang='grc' dir='ltr'><strong>νον</strong></span> <span class='ocrx_word' id='word_1_420' title='bbox 264 3686 401 3756; x_wconf 84' lang='grc' dir='ltr'>περὶ</span> <span class='ocrx_word' id='word_1_421' title='bbox 451 3685 545 3738; x_wconf 81' lang='grc' dir='ltr'>σοῦ</span> <span class='ocrx_word' id='word_1_422' title='bbox 600 3685 988 3758; x_wconf 79' lang='grc' dir='ltr'>φθεγξάμενος.</span> <span class='ocrx_word' id='word_1_423' title='bbox 1047 3689 1207 3740; x_wconf 81' lang='grc' dir='ltr'>Ὥστε</span> <span class='ocrx_word' id='word_1_424' title='bbox 1254 3689 1546 3757; x_wconf 80' lang='grc' dir='ltr'>ἀκηκοέναι</span> <span class='ocrx_word' id='word_1_425' title='bbox 1605 3687 1703 3758; x_wconf 83' lang='grc' dir='ltr'>μέν</span> 
     </span>
    </p>
   </div>
   <div class='ocr_carea' id='block_1_57' title="bbox 115 3776 1705 3851">
    <p class='ocr_par' dir='ltr' id='par_1_57' title="bbox 115 3776 1705 3851">
     <span class='ocr_line' id='line_1_57' title="bbox 115 3776 1705 3851; baseline 0.004 -23"><span class='ocrx_word' id='word_1_426' title='bbox 115 3794 169 3828; x_wconf 84' lang='grc' dir='ltr'><strong>τι</strong></span> <span class='ocrx_word' id='word_1_427' title='bbox 191 3777 269 3847; x_wconf 88' lang='grc'><strong>(5)</strong></span> <span class='ocrx_word' id='word_1_428' title='bbox 308 3779 413 3832; x_wconf 64' lang='grc' dir='ltr'><strong>οὐκ</strong></span> <span class='ocrx_word' id='word_1_429' title='bbox 453 3778 796 3849; x_wconf 77' lang='grc' dir='ltr'>ἀρνούμεθα·</span> <span class='ocrx_word' id='word_1_430' title='bbox 849 3781 909 3832; x_wconf 79' lang='grc' dir='ltr'><strong>οὐ</strong></span> <span class='ocrx_word' id='word_1_431' title='bbox 967 3781 1074 3851; x_wconf 81' lang='grc' dir='ltr'>μὴν</span> <span class='ocrx_word' id='word_1_432' title='bbox 1118 3780 1382 3850; x_wconf 82' lang='grc' dir='ltr'>Τιμόθεον</span> <span class='ocrx_word' id='word_1_433' title='bbox 1433 3776 1569 3834; x_wconf 83' lang='grc' dir='ltr'>εἶναι</span> <span class='ocrx_word' id='word_1_434' title='bbox 1611 3779 1705 3834; x_wconf 83' lang='grc' dir='ltr'>τὸν</span> 
     </span>
    </p>
   </div>
   <div class='ocr_carea' id='block_1_58' title="bbox 115 3868 1704 3934">
    <p class='ocr_par' dir='ltr' id='par_1_58' title="bbox 115 3868 1704 3934">
     <span class='ocr_line' id='line_1_58' title="bbox 115 3868 1704 3934; baseline 0.001 -13"><span class='ocrx_word' id='word_1_435' title='bbox 115 3868 214 3932; x_wconf 69' lang='grc' dir='ltr'>τὰς</span> <span class='ocrx_word' id='word_1_436' title='bbox 257 3869 517 3933; x_wconf 76' lang='grc' dir='ltr'>διαϐολάς</span> <span class='ocrx_word' id='word_1_437' title='bbox 570 3887 651 3922; x_wconf 89' lang='grc' dir='ltr'><strong>σοι</strong></span> <span class='ocrx_word' id='word_1_438' title='bbox 724 3869 1221 3934; x_wconf 82' lang='grc' dir='ltr'>κατασκευάζοντα.</span> <span class='ocrx_word' id='word_1_439' title='bbox 1291 3871 1600 3933; x_wconf 69' lang='grc' dir='ltr'>Ἀκοέοντες</span> <span class='ocrx_word' id='word_1_440' title='bbox 1644 3870 1704 3924; x_wconf 80' lang='grc' dir='ltr'><strong>δὲ</strong></span> 
     </span>
    </p>
   </div>
   <div class='ocr_carea' id='block_1_59' title="bbox 117 3961 1702 4034">
    <p class='ocr_par' dir='ltr' id='par_1_59' title="bbox 117 3961 1702 4034">
     <span class='ocr_line' id='line_1_59' title="bbox 117 3961 1702 4034; baseline 0.001 -21"><span class='ocrx_word' id='word_1_441' title='bbox 117 3961 357 4025; x_wconf 71' lang='grc' dir='ltr'>πάντως,</span> <span class='ocrx_word' id='word_1_442' title='bbox 403 3963 453 4014; x_wconf 81' lang='grc' dir='ltr'><strong>εἰ</strong></span> <span class='ocrx_word' id='word_1_443' title='bbox 495 3963 569 4034; x_wconf 85' lang='grc' dir='ltr'>μή</span> <span class='ocrx_word' id='word_1_444' title='bbox 617 3979 673 4015; x_wconf 86' lang='grc' dir='ltr'><strong>τι</strong></span> <span class='ocrx_word' id='word_1_445' title='bbox 726 3962 872 4025; x_wconf 82' lang='grc' dir='ltr'>ἄλλο,</span> <span class='ocrx_word' id='word_1_446' title='bbox 919 3962 982 4015; x_wconf 84' lang='grc' dir='ltr'><strong>τὸ</strong></span> <span class='ocrx_word' id='word_1_447' title='bbox 1026 3963 1154 4032; x_wconf 72' lang='grc' dir='ltr'>γοῦν</span> <span class='ocrx_word' id='word_1_448' title='bbox 1202 3963 1298 4016; x_wconf 80' lang='grc' dir='ltr'>τοῦ</span> <span class='ocrx_word' id='word_1_449' title='bbox 1356 3961 1702 4034; x_wconf 79' lang='grc' dir='ltr'>Ἀλεξάνδρου</span> 
     </span>
    </p>
   </div>
   <div class='ocr_carea' id='block_1_60' title="bbox 117 4055 1702 4128">
    <p class='ocr_par' dir='ltr' id='par_1_60' title="bbox 117 4055 1702 4128">
     <span class='ocr_line' id='line_1_60' title="bbox 117 4055 1702 4128; baseline 0 -20"><span class='ocrx_word' id='word_1_450' title='bbox 117 4056 445 4125; x_wconf 76' lang='grc' dir='ltr'>ποιήσομεν,</span> <span class='ocrx_word' id='word_1_451' title='bbox 481 4056 581 4125; x_wconf 80' lang='grc' dir='ltr'><strong>τὴν</strong></span> <span class='ocrx_word' id='word_1_452' title='bbox 615 4055 806 4127; x_wconf 80' lang='grc' dir='ltr'>ἑτέραν</span> <span class='ocrx_word' id='word_1_453' title='bbox 835 4057 941 4109; x_wconf 87' lang='grc' dir='ltr'><strong>τῶν</strong></span> <span class='ocrx_word' id='word_1_454' title='bbox 967 4056 1146 4109; x_wconf 86' lang='grc' dir='ltr'>ἀκοῶν</span> <span class='ocrx_word' id='word_1_455' title='bbox 1172 4057 1436 4128; x_wconf 85' lang='grc' dir='ltr'>ἀκεραίαν</span> <span class='ocrx_word' id='word_1_456' title='bbox 1474 4073 1702 4125; x_wconf 85' lang='grc' dir='ltr'>ταμιευ-</span> 
     </span>
    </p>
   </div>
   <div class='ocr_carea' id='block_1_61' title="bbox 118 4144 994 4217">
    <p class='ocr_par' dir='ltr' id='par_1_61' title="bbox 118 4144 994 4217">
     <span class='ocr_line' id='line_1_61' title="bbox 118 4144 994 4217; baseline 0.007 -22"><span class='ocrx_word' id='word_1_457' title='bbox 118 4144 327 4214; x_wconf 82' lang='grc' dir='ltr'>σόμεθα</span> <span class='ocrx_word' id='word_1_458' title='bbox 357 4144 438 4215; x_wconf 73' lang='grc'><strong>(6)</strong></span> <span class='ocrx_word' id='word_1_459' title='bbox 464 4144 543 4214; x_wconf 84' lang='grc' dir='ltr'>τῷ</span> <span class='ocrx_word' id='word_1_460' title='bbox 570 4145 994 4217; x_wconf 76' lang='grc' dir='ltr'>διαϐαλλομένῳ.</span> 
     </span>
    </p>
   </div>
   <div class='ocr_carea' id='block_1_62' title="bbox 651 4261 1166 4315">
    <p class='ocr_par' dir='ltr' id='par_1_62' title="bbox 651 4261 1166 4315">
     <span class='ocr_line' id='line_1_62' title="bbox 651 4261 1166 4315; baseline 0.002 -2"><span class='ocrx_word' id='word_1_461' title='bbox 651 4261 996 4315; x_wconf 83' lang='grc' dir='ltr'><strong>ΕΠΙΣΤΟΛΗ</strong></span> <span class='ocrx_word' id='word_1_462' title='bbox 1036 4262 1166 4314; x_wconf 81' lang='grc' dir='ltr'><strong>ΚΕ’.</strong></span> 
     </span>
    </p>
   </div>
   <div class='ocr_carea' id='block_1_63' title="bbox 1783 1854 3397 1942">
    <p class='ocr_par' dir='ltr' id='par_1_63' title="bbox 1783 1854 3397 1942">
     <span class='ocr_line' id='line_1_63' title="bbox 1783 1854 3397 1942; baseline 0.015 -34"><span class='ocrx_word' id='word_1_463' title='bbox 1783 1889 1786 1894; x_wconf 96' lang='grc'><strong><em>-</em></strong></span> <span class='ocrx_word' id='word_1_464' title='bbox 1820 1854 2016 1912; x_wconf 84' lang='lat' dir='ltr'><strong>demus</strong></span> <span class='ocrx_word' id='word_1_465' title='bbox 2042 1859 2154 1913; x_wconf 90' lang='lat' dir='ltr'><strong>ulla</strong></span> <span class='ocrx_word' id='word_1_466' title='bbox 2185 1861 2239 1914; x_wconf 91' lang='lat' dir='ltr'><strong>in</strong></span> <span class='ocrx_word' id='word_1_467' title='bbox 2265 1877 2324 1915; x_wconf 90' lang='lat' dir='ltr'><strong>re</strong></span> <span class='ocrx_word' id='word_1_468' title='bbox 2340 1861 2721 1922; x_wconf 85' lang='lat' dir='ltr'><strong>oll&#39;ensionem.</strong></span> <span class='ocrx_word' id='word_1_469' title='bbox 2744 1868 2947 1926; x_wconf 83' lang='lat' dir='ltr'><strong>Decere</strong></span> <span class='ocrx_word' id='word_1_470' title='bbox 2967 1875 3111 1928; x_wconf 81' lang='lat' dir='ltr'><strong>enim</strong></span> <span class='ocrx_word' id='word_1_471' title='bbox 3135 1878 3397 1942; x_wconf 80' lang='lat' dir='ltr'><strong>arbitror,</strong></span> 
     </span>
    </p>
   </div>
   <div class='ocr_carea' id='block_1_64' title="bbox 1820 1950 3396 2035">
    <p class='ocr_par' dir='ltr' id='par_1_64' title="bbox 1820 1950 3396 2035">
     <span class='ocr_line' id='line_1_64' title="bbox 1820 1950 3396 2035; baseline 0.015 -34"><span class='ocrx_word' id='word_1_472' title='bbox 1820 1957 1880 2002; x_wconf 90' lang='lat' dir='ltr'><strong>ut</strong></span> <span class='ocrx_word' id='word_1_473' title='bbox 1909 1950 2002 2019; x_wconf 91' lang='lat' dir='ltr'><strong>qui</strong></span> <span class='ocrx_word' id='word_1_474' title='bbox 2038 1952 2273 2006; x_wconf 91' lang='lat' dir='ltr'><strong>multum</strong></span> <span class='ocrx_word' id='word_1_475' title='bbox 2313 1954 2369 2008; x_wconf 93' lang='lat' dir='ltr'><strong>in</strong></span> <span class='ocrx_word' id='word_1_476' title='bbox 2409 1954 2664 2012; x_wconf 89' lang='lat' dir='ltr'><strong>doctrina</strong></span> <span class='ocrx_word' id='word_1_477' title='bbox 2691 1963 3041 2032; x_wconf 89' lang='lat' dir='ltr'><strong>percipienda</strong></span> <span class='ocrx_word' id='word_1_478' title='bbox 3072 1969 3396 2035; x_wconf 82' lang='lat' dir='ltr'><strong>exsudavit,</strong></span> 
     </span>
    </p>
   </div>
   <div class='ocr_carea' id='block_1_65' title="bbox 1819 2046 3396 2127">
    <p class='ocr_par' dir='ltr' id='par_1_65' title="bbox 1819 2046 3396 2127">
     <span class='ocr_line' id='line_1_65' title="bbox 1819 2046 3396 2127; baseline 0.016 -35"><span class='ocrx_word' id='word_1_479' title='bbox 1819 2046 2174 2113; x_wconf 81' lang='lat' dir='ltr'><strong>gentiumque</strong></span> <span class='ocrx_word' id='word_1_480' title='bbox 2196 2053 2251 2099; x_wconf 88' lang='lat' dir='ltr'><strong>et</strong></span> <span class='ocrx_word' id='word_1_481' title='bbox 2287 2046 2508 2101; x_wconf 88' lang='lat' dir='ltr'><strong>urbium</strong></span> <span class='ocrx_word' id='word_1_482' title='bbox 2542 2050 2911 2119; x_wconf 85' lang='lat' dir='ltr'><strong>gubernacula</strong></span> <span class='ocrx_word' id='word_1_483' title='bbox 2941 2059 3148 2127; x_wconf 89' lang='lat' dir='ltr'><strong>tenuit,</strong></span> <span class='ocrx_word' id='word_1_484' title='bbox 3181 2076 3244 2116; x_wconf 89' lang='lat' dir='ltr'><strong>ac</strong></span> <span class='ocrx_word' id='word_1_485' title='bbox 3276 2079 3396 2118; x_wconf 87' lang='lat' dir='ltr'><strong>ma-</strong></span> 
     </span>
    </p>
   </div>
   <div class='ocr_carea' id='block_1_66' title="bbox 1818 2135 3395 2219">
    <p class='ocr_par' dir='ltr' id='par_1_66' title="bbox 1818 2135 3395 2219">
     <span class='ocr_line' id='line_1_66' title="bbox 1818 2135 3395 2219; baseline 0.017 -37"><span class='ocrx_word' id='word_1_486' title='bbox 1818 2145 1977 2200; x_wconf 87' lang='lat' dir='ltr'><strong>gnam</strong></span> <span class='ocrx_word' id='word_1_487' title='bbox 2003 2135 2412 2204; x_wconf 85' lang='lat' dir='ltr'><strong>progenitorum</strong></span> <span class='ocrx_word' id='word_1_488' title='bbox 2441 2141 2698 2196; x_wconf 84' lang='lat' dir='ltr'><strong>virtutem</strong></span> <span class='ocrx_word' id='word_1_489' title='bbox 2729 2146 3041 2214; x_wconf 80' lang='lat' dir='ltr'><strong>aemulatur,</strong></span> <span class='ocrx_word' id='word_1_490' title='bbox 3076 2151 3250 2219; x_wconf 86' lang='lat' dir='ltr'><strong>ipsius</strong></span> <span class='ocrx_word' id='word_1_491' title='bbox 3285 2155 3395 2209; x_wconf 77' lang='lat' dir='ltr'><strong>vita</strong></span> 
     </span>
    </p>
   </div>
   <div class='ocr_carea' id='block_1_67' title="bbox 1818 2221 3395 2302">
    <p class='ocr_par' dir='ltr' id='par_1_67' title="bbox 1818 2221 3395 2302">
     <span class='ocr_line' id='line_1_67' title="bbox 1818 2221 3395 2302; baseline 0.016 -26"><span class='ocrx_word' id='word_1_492' title='bbox 1818 2221 1872 2276; x_wconf 89' lang='lat' dir='ltr'><strong>in</strong></span> <span class='ocrx_word' id='word_1_493' title='bbox 1910 2225 2130 2282; x_wconf 88' lang='lat' dir='ltr'><strong>virtutis</strong></span> <span class='ocrx_word' id='word_1_494' title='bbox 2162 2229 2470 2298; x_wconf 85' lang='lat' dir='ltr'><strong>exemplum</strong></span> <span class='ocrx_word' id='word_1_495' title='bbox 2524 2243 2884 2302; x_wconf 82' lang='lat' dir='ltr'><strong>proponatur.</strong></span> <span class='ocrx_word' id='word_1_496' title='bbox 2941 2237 3114 2296; x_wconf 87' lang='lat' dir='ltr'><strong>Porro</strong></span> <span class='ocrx_word' id='word_1_497' title='bbox 3151 2257 3395 2302; x_wconf 88' lang='lat' dir='ltr'><strong>amorem</strong></span> 
     </span>
    </p>
   </div>
   <div class='ocr_carea' id='block_1_68' title="bbox 1817 2318 3391 2404">
    <p class='ocr_par' dir='ltr' id='par_1_68' title="bbox 1817 2318 3391 2404">
     <span class='ocr_line' id='line_1_68' title="bbox 1817 2318 3391 2404; baseline 0.015 -34"><span class='ocrx_word' id='word_1_498' title='bbox 1817 2331 1947 2386; x_wconf 85' lang='lat' dir='ltr'><strong>erga</strong></span> <span class='ocrx_word' id='word_1_499' title='bbox 1985 2318 2188 2374; x_wconf 85' lang='lat' dir='ltr'><strong>liberos</strong></span> <span class='ocrx_word' id='word_1_500' title='bbox 2218 2335 2331 2375; x_wconf 89' lang='lat' dir='ltr'><strong>non</strong></span> <span class='ocrx_word' id='word_1_501' title='bbox 2374 2322 2558 2379; x_wconf 87' lang='lat' dir='ltr'><strong>verbis</strong></span> <span class='ocrx_word' id='word_1_502' title='bbox 2587 2341 2734 2380; x_wconf 89' lang='lat' dir='ltr'><strong>nunc</strong></span> <span class='ocrx_word' id='word_1_503' title='bbox 2764 2328 3146 2389; x_wconf 89' lang='lat' dir='ltr'><strong>demonstrare</strong></span> <span class='ocrx_word' id='word_1_504' title='bbox 3193 2335 3391 2404; x_wconf 88' lang='lat' dir='ltr'><strong>debes,</strong></span> 
     </span>
    </p>
   </div>
   <div class='ocr_carea' id='block_1_69' title="bbox 1817 2408 3394 2499">
    <p class='ocr_par' dir='ltr' id='par_1_69' title="bbox 1817 2408 3394 2499">
     <span class='ocr_line' id='line_1_69' title="bbox 1817 2408 3394 2499; baseline 0.018 -42"><span class='ocrx_word' id='word_1_505' title='bbox 1817 2408 1909 2476; x_wconf 88' lang='lat' dir='ltr'><strong>qui</strong></span> <span class='ocrx_word' id='word_1_506' title='bbox 1947 2409 2134 2478; x_wconf 90' lang='lat' dir='ltr'><strong>utique</strong></span> <span class='ocrx_word' id='word_1_507' title='bbox 2175 2411 2506 2483; x_wconf 88' lang='lat' dir='ltr'><strong>jampridem</strong></span> <span class='ocrx_word' id='word_1_508' title='bbox 2535 2415 2960 2486; x_wconf 88' lang='lat' dir='ltr'><strong>demonstrasti,</strong></span> <span class='ocrx_word' id='word_1_509' title='bbox 2999 2440 3064 2478; x_wconf 86' lang='lat' dir='ltr'><strong>ex</strong></span> <span class='ocrx_word' id='word_1_510' title='bbox 3095 2441 3206 2495; x_wconf 89' lang='lat' dir='ltr'><strong>quo</strong></span> <span class='ocrx_word' id='word_1_511' title='bbox 3240 2438 3394 2499; x_wconf 90' lang='lat' dir='ltr'><strong>pater</strong></span> 
     </span>
    </p>
   </div>
   <div class='ocr_carea' id='block_1_70' title="bbox 1817 2498 3392 2589">
    <p class='ocr_par' dir='ltr' id='par_1_70' title="bbox 1817 2498 3392 2589">
     <span class='ocr_line' id='line_1_70' title="bbox 1817 2498 3392 2589; baseline 0.015 -37"><span class='ocrx_word' id='word_1_512' title='bbox 1817 2498 1996 2554; x_wconf 60' lang='lat' dir='ltr'><strong>fat-tus</strong></span> <span class='ocrx_word' id='word_1_513' title='bbox 2027 2516 2122 2567; x_wconf 90' lang='lat' dir='ltr'><strong>es;</strong></span> <span class='ocrx_word' id='word_1_514' title='bbox 2155 2517 2258 2556; x_wconf 90' lang='lat' dir='ltr'><strong>nec</strong></span> <span class='ocrx_word' id='word_1_515' title='bbox 2311 2505 2552 2560; x_wconf 89' lang='lat' dir='ltr'><strong>naturali</strong></span> <span class='ocrx_word' id='word_1_516' title='bbox 2609 2509 2787 2562; x_wconf 89' lang='lat' dir='ltr'><strong>solum</strong></span> <span class='ocrx_word' id='word_1_517' title='bbox 2837 2525 3024 2568; x_wconf 89' lang='lat' dir='ltr'><strong>amore</strong></span> <span class='ocrx_word' id='word_1_518' title='bbox 3075 2516 3186 2584; x_wconf 91' lang='lat' dir='ltr'><strong>uti,</strong></span> <span class='ocrx_word' id='word_1_519' title='bbox 3229 2498 3392 2589; x_wconf 82' lang='lat' dir='ltr'><strong>quem</strong></span> 
     </span>
    </p>
   </div>
   <div class='ocr_carea' id='block_1_71' title="bbox 1815 2590 3392 2674">
    <p class='ocr_par' dir='ltr' id='par_1_71' title="bbox 1815 2590 3392 2674">
     <span class='ocr_line' id='line_1_71' title="bbox 1815 2590 3392 2674; baseline 0.013 -30"><span class='ocrx_word' id='word_1_520' title='bbox 1815 2590 1980 2644; x_wconf 89' lang='lat' dir='ltr'><strong>etiam</strong></span> <span class='ocrx_word' id='word_1_521' title='bbox 2018 2591 2179 2646; x_wconf 91' lang='lat' dir='ltr'><strong>bruta</strong></span> <span class='ocrx_word' id='word_1_522' title='bbox 2225 2597 2530 2650; x_wconf 89' lang='lat' dir='ltr'><strong>animantia</strong></span> <span class='ocrx_word' id='word_1_523' title='bbox 2578 2596 2780 2655; x_wconf 77' lang='lat' dir='ltr'><strong>fetibus</strong></span> <span class='ocrx_word' id='word_1_524' title='bbox 2825 2603 2943 2658; x_wconf 90' lang='lat' dir='ltr'><strong>suis</strong></span> <span class='ocrx_word' id='word_1_525' title='bbox 2971 2605 3264 2674; x_wconf 86' lang='lat' dir='ltr'><strong>exhibent,</strong></span> <span class='ocrx_word' id='word_1_526' title='bbox 3311 2612 3392 2665; x_wconf 89' lang='lat' dir='ltr'><strong>uti</strong></span> 
     </span>
    </p>
   </div>
   <div class='ocr_carea' id='block_1_72' title="bbox 1816 2681 3395 2757">
    <p class='ocr_par' dir='ltr' id='par_1_72' title="bbox 1816 2681 3395 2757">
     <span class='ocr_line' id='line_1_72' title="bbox 1816 2681 3395 2757; baseline 0.013 -21"><span class='ocrx_word' id='word_1_527' title='bbox 1816 2691 1871 2736; x_wconf 89' lang='lat' dir='ltr'><strong>et</strong></span> <span class='ocrx_word' id='word_1_528' title='bbox 1899 2689 1956 2735; x_wconf 93' lang='lat' dir='ltr'><strong>tu</strong></span> <span class='ocrx_word' id='word_1_529' title='bbox 1985 2681 2212 2750; x_wconf 87' lang='lat' dir='ltr'><strong>dixisti,</strong></span> <span class='ocrx_word' id='word_1_530' title='bbox 2242 2691 2296 2739; x_wconf 89' lang='lat' dir='ltr'><strong>et</strong></span> <span class='ocrx_word' id='word_1_531' title='bbox 2322 2687 2660 2757; x_wconf 75' lang='lat' dir='ltr'><strong>experientia</strong></span> <span class='ocrx_word' id='word_1_532' title='bbox 2691 2690 2975 2749; x_wconf 82' lang='lat' dir='ltr'><strong>declarat:</strong></span> <span class='ocrx_word' id='word_1_533' title='bbox 3019 2697 3112 2751; x_wconf 90' lang='lat' dir='ltr'><strong>sed</strong></span> <span class='ocrx_word' id='word_1_534' title='bbox 3143 2698 3395 2756; x_wconf 82' lang='lat' dir='ltr'><strong>dilectio-</strong></span> 
     </span>
    </p>
   </div>
   <div class='ocr_carea' id='block_1_73' title="bbox 1814 2774 3394 2847">
    <p class='ocr_par' dir='ltr' id='par_1_73' title="bbox 1814 2774 3394 2847">
     <span class='ocr_line' id='line_1_73' title="bbox 1814 2774 3394 2847; baseline 0.014 -22"><span class='ocrx_word' id='word_1_535' title='bbox 1814 2787 1939 2826; x_wconf 89' lang='lat' dir='ltr'><strong>nem</strong></span> <span class='ocrx_word' id='word_1_536' title='bbox 1984 2774 2150 2828; x_wconf 87' lang='lat' dir='ltr'><strong>etiam</strong></span> <span class='ocrx_word' id='word_1_537' title='bbox 2194 2776 2364 2830; x_wconf 88' lang='lat' dir='ltr'><strong>animi</strong></span> <span class='ocrx_word' id='word_1_538' title='bbox 2425 2777 2745 2837; x_wconf 91' lang='lat' dir='ltr'><strong>inductione</strong></span> <span class='ocrx_word' id='word_1_539' title='bbox 2776 2792 2830 2838; x_wconf 93' lang='lat' dir='ltr'><strong>et</strong></span> <span class='ocrx_word' id='word_1_540' title='bbox 2884 2786 3168 2845; x_wconf 87' lang='lat' dir='ltr'><strong>voluntate</strong></span> <span class='ocrx_word' id='word_1_541' title='bbox 3213 2790 3394 2847; x_wconf 82' lang='lat' dir='ltr'><strong>inten-</strong></span> 
     </span>
    </p>
   </div>
   <div class='ocr_carea' id='block_1_74' title="bbox 1815 2862 3390 2954">
    <p class='ocr_par' dir='ltr' id='par_1_74' title="bbox 1815 2862 3390 2954">
     <span class='ocr_line' id='line_1_74' title="bbox 1815 2862 3390 2954; baseline 0.015 -38"><span class='ocrx_word' id='word_1_542' title='bbox 1815 2862 1945 2918; x_wconf 89' lang='lat' dir='ltr'><strong>dere</strong></span> <span class='ocrx_word' id='word_1_543' title='bbox 1967 2903 1982 2929; x_wconf 92' lang='lat'><strong>,</strong></span> <span class='ocrx_word' id='word_1_544' title='bbox 2017 2880 2084 2920; x_wconf 90' lang='lat' dir='ltr'><strong>eo</strong></span> <span class='ocrx_word' id='word_1_545' title='bbox 2115 2867 2288 2936; x_wconf 85' lang='lat' dir='ltr'><strong>magis</strong></span> <span class='ocrx_word' id='word_1_546' title='bbox 2321 2869 2467 2937; x_wconf 92' lang='lat' dir='ltr'><strong>quod</strong></span> <span class='ocrx_word' id='word_1_547' title='bbox 2506 2886 2602 2926; x_wconf 89' lang='lat' dir='ltr'><strong>eos</strong></span> <span class='ocrx_word' id='word_1_548' title='bbox 2633 2874 2772 2928; x_wconf 88' lang='lat' dir='ltr'><strong>tales</strong></span> <span class='ocrx_word' id='word_1_549' title='bbox 2804 2891 2927 2932; x_wconf 90' lang='lat' dir='ltr'><strong>esse</strong></span> <span class='ocrx_word' id='word_1_550' title='bbox 2953 2876 3137 2943; x_wconf 90' lang='lat' dir='ltr'><strong>vides,</strong></span> <span class='ocrx_word' id='word_1_551' title='bbox 3169 2883 3259 2951; x_wconf 92' lang='lat' dir='ltr'><strong>qui</strong></span> <span class='ocrx_word' id='word_1_552' title='bbox 3289 2899 3390 2954; x_wconf 85' lang='lat' dir='ltr'><strong>pa-</strong></span> 
     </span>
    </p>
   </div>
   <div class='ocr_carea' id='block_1_75' title="bbox 1815 2957 3388 3038">
    <p class='ocr_par' dir='ltr' id='par_1_75' title="bbox 1815 2957 3388 3038">
     <span class='ocr_line' id='line_1_75' title="bbox 1815 2957 3388 3038; baseline 0.015 -29"><span class='ocrx_word' id='word_1_553' title='bbox 1815 2957 1989 3012; x_wconf 90' lang='lat' dir='ltr'><strong>ternis</strong></span> <span class='ocrx_word' id='word_1_554' title='bbox 2019 2959 2158 3013; x_wconf 88' lang='lat' dir='ltr'><strong>votis</strong></span> <span class='ocrx_word' id='word_1_555' title='bbox 2204 2959 2355 3030; x_wconf 82' lang='lat' dir='ltr'><strong>digni</strong></span> <span class='ocrx_word' id='word_1_556' title='bbox 2400 2962 2528 3017; x_wconf 87' lang='lat' dir='ltr'><strong>sint.</strong></span> <span class='ocrx_word' id='word_1_557' title='bbox 2579 2964 2759 3030; x_wconf 87' lang='lat' dir='ltr'><strong>Quare</strong></span> <span class='ocrx_word' id='word_1_558' title='bbox 2810 2984 2918 3023; x_wconf 93' lang='lat' dir='ltr'><strong>non</strong></span> <span class='ocrx_word' id='word_1_559' title='bbox 2976 2984 3118 3038; x_wconf 87' lang='lat' dir='ltr'><strong>opus</strong></span> <span class='ocrx_word' id='word_1_560' title='bbox 3163 2982 3244 3030; x_wconf 87' lang='lat' dir='ltr'><strong>est</strong></span> <span class='ocrx_word' id='word_1_561' title='bbox 3275 2975 3388 3032; x_wconf 61' lang='lat' dir='ltr'><strong>hanc</strong></span> 
     </span>
    </p>
   </div>
   <div class='ocr_carea' id='block_1_76' title="bbox 1814 3048 3388 3139">
    <p class='ocr_par' dir='ltr' id='par_1_76' title="bbox 1814 3048 3388 3139">
     <span class='ocr_line' id='line_1_76' title="bbox 1814 3048 3388 3139; baseline 0.014 -38"><span class='ocrx_word' id='word_1_562' title='bbox 1814 3048 1976 3104; x_wconf 90' lang='lat' dir='ltr'><strong>nobis</strong></span> <span class='ocrx_word' id='word_1_563' title='bbox 2003 3050 2364 3119; x_wconf 84' lang='lat' dir='ltr'><strong>persuaderi,</strong></span> <span class='ocrx_word' id='word_1_564' title='bbox 2397 3069 2524 3108; x_wconf 90' lang='lat' dir='ltr'><strong>cum</strong></span> <span class='ocrx_word' id='word_1_565' title='bbox 2552 3058 2690 3112; x_wconf 88' lang='lat' dir='ltr'><strong>satis</strong></span> <span class='ocrx_word' id='word_1_566' title='bbox 2730 3059 2798 3113; x_wconf 92' lang='lat' dir='ltr'><strong>sit</strong></span> <span class='ocrx_word' id='word_1_567' title='bbox 2830 3062 3205 3119; x_wconf 90' lang='lat' dir='ltr'><strong>testimonium</strong></span> <span class='ocrx_word' id='word_1_568' title='bbox 3243 3070 3388 3139; x_wconf 90' lang='lat' dir='ltr'><strong>quod</strong></span> 
     </span>
    </p>
   </div>
   <div class='ocr_carea' id='block_1_77' title="bbox 1816 3144 3390 3219">
    <p class='ocr_par' dir='ltr' id='par_1_77' title="bbox 1816 3144 3390 3219">
     <span class='ocr_line' id='line_1_77' title="bbox 1816 3144 3390 3219; baseline 0.014 -24"><span class='ocrx_word' id='word_1_569' title='bbox 1816 3157 1885 3196; x_wconf 86' lang='lat' dir='ltr'><strong>ex</strong></span> <span class='ocrx_word' id='word_1_570' title='bbox 1937 3144 2106 3200; x_wconf 88' lang='lat' dir='ltr'><strong>rebus</strong></span> <span class='ocrx_word' id='word_1_571' title='bbox 2165 3145 2300 3214; x_wconf 89' lang='lat' dir='ltr'><strong>ipsis</strong></span> <span class='ocrx_word' id='word_1_572' title='bbox 2355 3149 2679 3219; x_wconf 83' lang='lat' dir='ltr'><strong>percipitur.</strong></span> <span class='ocrx_word' id='word_1_573' title='bbox 2724 3151 2862 3208; x_wconf 87' lang='lat' dir='ltr'><strong>Illud</strong></span> <span class='ocrx_word' id='word_1_574' title='bbox 2911 3164 3092 3213; x_wconf 91' lang='lat' dir='ltr'><strong>autem</strong></span> <span class='ocrx_word' id='word_1_575' title='bbox 3145 3162 3390 3219; x_wconf 86' lang='lat' dir='ltr'><strong>veritatis</strong></span> 
     </span>
    </p>
   </div>
   <div class='ocr_carea' id='block_1_78' title="bbox 1817 3237 3392 3312">
    <p class='ocr_par' dir='ltr' id='par_1_78' title="bbox 1817 3237 3392 3312">
     <span class='ocr_line' id='line_1_78' title="bbox 1817 3237 3392 3312; baseline 0.013 -25"><span class='ocrx_word' id='word_1_576' title='bbox 1817 3248 1985 3288; x_wconf 89' lang='lat' dir='ltr'><strong>causa</strong></span> <span class='ocrx_word' id='word_1_577' title='bbox 2013 3251 2121 3290; x_wconf 93' lang='lat' dir='ltr'><strong>non</strong></span> <span class='ocrx_word' id='word_1_578' title='bbox 2152 3237 2596 3308; x_wconf 89' lang='lat' dir='ltr'><strong>intempestivum</strong></span> <span class='ocrx_word' id='word_1_579' title='bbox 2621 3243 2861 3312; x_wconf 87' lang='lat' dir='ltr'><strong>adjicere</strong></span> <span class='ocrx_word' id='word_1_580' title='bbox 2889 3285 2904 3310; x_wconf 89' lang='lat'><strong>,</strong></span> <span class='ocrx_word' id='word_1_581' title='bbox 2941 3246 3167 3304; x_wconf 78' lang='lat' dir='ltr'><strong>fratrem</strong></span> <span class='ocrx_word' id='word_1_582' title='bbox 3203 3249 3392 3308; x_wconf 86' lang='lat' dir='ltr'><strong>Timo-</strong></span> 
     </span>
    </p>
   </div>
   <div class='ocr_carea' id='block_1_79' title="bbox 1817 3325 3388 3408">
    <p class='ocr_par' dir='ltr' id='par_1_79' title="bbox 1817 3325 3388 3408">
     <span class='ocr_line' id='line_1_79' title="bbox 1817 3325 3388 3408; baseline 0.013 -28"><span class='ocrx_word' id='word_1_583' title='bbox 1817 3325 2004 3381; x_wconf 84' lang='lat' dir='ltr'><strong>theum</strong></span> <span class='ocrx_word' id='word_1_584' title='bbox 2034 3327 2490 3400; x_wconf 87' lang='lat' dir='ltr'><strong>chorepiscopum</strong></span> <span class='ocrx_word' id='word_1_585' title='bbox 2545 3348 2655 3387; x_wconf 92' lang='lat' dir='ltr'><strong>non</strong></span> <span class='ocrx_word' id='word_1_586' title='bbox 2689 3351 2812 3390; x_wconf 91' lang='lat' dir='ltr'><strong>esse</strong></span> <span class='ocrx_word' id='word_1_587' title='bbox 2833 3375 2849 3403; x_wconf 95' lang='lat'><strong>,</strong></span> <span class='ocrx_word' id='word_1_588' title='bbox 2896 3339 2989 3408; x_wconf 88' lang='lat' dir='ltr'><strong>qui</strong></span> <span class='ocrx_word' id='word_1_589' title='bbox 3022 3355 3273 3398; x_wconf 90' lang='lat' dir='ltr'><strong>rumores</strong></span> <span class='ocrx_word' id='word_1_590' title='bbox 3320 3344 3388 3400; x_wconf 85' lang='lat' dir='ltr'><strong>ad</strong></span> 
     </span>
    </p>
   </div>
   <div class='ocr_carea' id='block_1_80' title="bbox 1816 3421 3390 3503">
    <p class='ocr_par' dir='ltr' id='par_1_80' title="bbox 1816 3421 3390 3503">
     <span class='ocr_line' id='line_1_80' title="bbox 1816 3421 3390 3503; baseline 0.012 -29"><span class='ocrx_word' id='word_1_591' title='bbox 1816 3433 1920 3476; x_wconf 88' lang='lat' dir='ltr'><strong>nos</strong></span> <span class='ocrx_word' id='word_1_592' title='bbox 1947 3421 2223 3477; x_wconf 87' lang='lat' dir='ltr'><strong>detulerit.</strong></span> <span class='ocrx_word' id='word_1_593' title='bbox 2254 3421 2388 3476; x_wconf 89' lang='lat' dir='ltr'><strong>Nam</strong></span> <span class='ocrx_word' id='word_1_594' title='bbox 2430 3440 2532 3480; x_wconf 90' lang='lat' dir='ltr'><strong>nec</strong></span> <span class='ocrx_word' id='word_1_595' title='bbox 2573 3442 2796 3494; x_wconf 90' lang='lat' dir='ltr'><strong>coram,</strong></span> <span class='ocrx_word' id='word_1_596' title='bbox 2833 3446 3011 3502; x_wconf 89' lang='lat' dir='ltr'><strong>neque</strong></span> <span class='ocrx_word' id='word_1_597' title='bbox 3054 3450 3152 3503; x_wconf 91' lang='lat' dir='ltr'><strong>per</strong></span> <span class='ocrx_word' id='word_1_598' title='bbox 3177 3437 3390 3493; x_wconf 87' lang='lat' dir='ltr'><strong>litteras</strong></span> 
     </span>
    </p>
   </div>
   <div class='ocr_carea' id='block_1_81' title="bbox 1817 3513 3390 3592">
    <p class='ocr_par' dir='ltr' id='par_1_81' title="bbox 1817 3513 3390 3592">
     <span class='ocr_line' id='line_1_81' title="bbox 1817 3513 3390 3592; baseline 0.012 -27"><span class='ocrx_word' id='word_1_599' title='bbox 1817 3513 1970 3584; x_wconf 89' lang='lat' dir='ltr'><strong>parvi</strong></span> <span class='ocrx_word' id='word_1_600' title='bbox 1997 3514 2296 3584; x_wconf 87' lang='lat' dir='ltr'><strong>quidquam</strong></span> <span class='ocrx_word' id='word_1_601' title='bbox 2332 3523 2426 3570; x_wconf 84' lang='lat' dir='ltr'><strong>aut</strong></span> <span class='ocrx_word' id='word_1_602' title='bbox 2461 3521 2678 3588; x_wconf 82' lang='lat' dir='ltr'><strong>magni,</strong></span> <span class='ocrx_word' id='word_1_603' title='bbox 2731 3523 2875 3592; x_wconf 90' lang='lat' dir='ltr'><strong>quod</strong></span> <span class='ocrx_word' id='word_1_604' title='bbox 2918 3526 3204 3582; x_wconf 61' lang='lat' dir='ltr'><strong>calumnia:</strong></span> <span class='ocrx_word' id='word_1_605' title='bbox 3232 3528 3390 3586; x_wconf 73' lang='lat' dir='ltr'><strong>aliine</strong></span> 
     </span>
    </p>
   </div>
   <div class='ocr_carea' id='block_1_82' title="bbox 1809 3607 3389 3684">
    <p class='ocr_par' dir='ltr' id='par_1_82' title="bbox 1809 3607 3389 3684">
     <span class='ocr_line' id='line_1_82' title="bbox 1809 3607 3389 3684; baseline 0.009 -24"><span class='ocrx_word' id='word_1_606' title='bbox 1809 3615 1996 3671; x_wconf 89' lang='lat' dir='ltr'><strong>esset,</strong></span> <span class='ocrx_word' id='word_1_607' title='bbox 2036 3607 2102 3661; x_wconf 93' lang='lat' dir='ltr'><strong>de</strong></span> <span class='ocrx_word' id='word_1_608' title='bbox 2135 3615 2190 3661; x_wconf 93' lang='lat' dir='ltr'><strong>te</strong></span> <span class='ocrx_word' id='word_1_609' title='bbox 2241 3608 2459 3665; x_wconf 90' lang='lat' dir='ltr'><strong>locutus</strong></span> <span class='ocrx_word' id='word_1_610' title='bbox 2519 3611 2966 3682; x_wconf 88' lang='lat' dir='ltr'><strong>deprehenditur.</strong></span> <span class='ocrx_word' id='word_1_611' title='bbox 3022 3618 3389 3684; x_wconf 83' lang='lat' dir='ltr'><strong>Quamobrem</strong></span> 
     </span>
    </p>
   </div>
   <div class='ocr_carea' id='block_1_83' title="bbox 1809 3696 3390 3772">
    <p class='ocr_par' dir='ltr' id='par_1_83' title="bbox 1809 3696 3390 3772">
     <span class='ocr_line' id='line_1_83' title="bbox 1809 3696 3390 3772; baseline 0.008 -22"><span class='ocrx_word' id='word_1_612' title='bbox 1809 3696 2015 3766; x_wconf 86' lang='lat' dir='ltr'><strong>aliquid</strong></span> <span class='ocrx_word' id='word_1_613' title='bbox 2062 3711 2164 3752; x_wconf 90' lang='lat' dir='ltr'><strong>nos</strong></span> <span class='ocrx_word' id='word_1_614' title='bbox 2203 3698 2477 3756; x_wconf 88' lang='lat' dir='ltr'><strong>audivisse</strong></span> <span class='ocrx_word' id='word_1_615' title='bbox 2511 3716 2616 3755; x_wconf 88' lang='lat' dir='ltr'><strong>non</strong></span> <span class='ocrx_word' id='word_1_616' title='bbox 2667 3719 2930 3772; x_wconf 83' lang='lat' dir='ltr'><strong>negamus</strong></span> <span class='ocrx_word' id='word_1_617' title='bbox 2963 3723 2977 3760; x_wconf 90' lang='lat'><strong>:</strong></span> <span class='ocrx_word' id='word_1_618' title='bbox 3013 3707 3110 3761; x_wconf 90' lang='lat' dir='ltr'><strong>sed</strong></span> <span class='ocrx_word' id='word_1_619' title='bbox 3151 3708 3390 3762; x_wconf 70' lang='lat' dir='ltr'><strong>afﬁrma»</strong></span> 
     </span>
    </p>
   </div>
   <div class='ocr_carea' id='block_1_84' title="bbox 1808 3789 3389 3866">
    <p class='ocr_par' dir='ltr' id='par_1_84' title="bbox 1808 3789 3389 3866">
     <span class='ocr_line' id='line_1_84' title="bbox 1808 3789 3389 3866; baseline 0.008 -22"><span class='ocrx_word' id='word_1_620' title='bbox 1808 3805 1934 3846; x_wconf 89' lang='lat' dir='ltr'><strong>mus</strong></span> <span class='ocrx_word' id='word_1_621' title='bbox 1961 3789 2307 3846; x_wconf 81' lang='lat' dir='ltr'><strong>Timotheum</strong></span> <span class='ocrx_word' id='word_1_622' title='bbox 2356 3807 2466 3846; x_wconf 92' lang='lat' dir='ltr'><strong>non</strong></span> <span class='ocrx_word' id='word_1_623' title='bbox 2505 3809 2630 3850; x_wconf 86' lang='lat' dir='ltr'><strong>esse</strong></span> <span class='ocrx_word' id='word_1_624' title='bbox 2651 3835 2667 3861; x_wconf 93' lang='lat'><strong>,</strong></span> <span class='ocrx_word' id='word_1_625' title='bbox 2699 3796 2793 3866; x_wconf 90' lang='lat' dir='ltr'><strong>qui</strong></span> <span class='ocrx_word' id='word_1_626' title='bbox 2847 3798 2942 3853; x_wconf 88' lang='lat' dir='ltr'><strong>tibi</strong></span> <span class='ocrx_word' id='word_1_627' title='bbox 3003 3802 3266 3856; x_wconf 81' lang='lat' dir='ltr'><strong>struxerit</strong></span> <span class='ocrx_word' id='word_1_628' title='bbox 3297 3817 3389 3856; x_wconf 43' lang='lat' dir='ltr'><strong>ea.</strong></span> 
     </span>
    </p>
   </div>
   <div class='ocr_carea' id='block_1_85' title="bbox 1809 3881 3386 3956">
    <p class='ocr_par' dir='ltr' id='par_1_85' title="bbox 1809 3881 3386 3956">
     <span class='ocr_line' id='line_1_85' title="bbox 1809 3881 3386 3956; baseline 0.007 -21"><span class='ocrx_word' id='word_1_629' title='bbox 1809 3881 2067 3936; x_wconf 89' lang='lat' dir='ltr'><strong>lumnias.</strong></span> <span class='ocrx_word' id='word_1_630' title='bbox 2109 3883 2345 3936; x_wconf 90' lang='lat' dir='ltr'><strong>Omnino</strong></span> <span class='ocrx_word' id='word_1_631' title='bbox 2389 3893 2570 3940; x_wconf 86' lang='lat' dir='ltr'><strong>autem</strong></span> <span class='ocrx_word' id='word_1_632' title='bbox 2611 3888 2931 3954; x_wconf 87' lang='lat' dir='ltr'><strong>audientes,</strong></span> <span class='ocrx_word' id='word_1_633' title='bbox 2959 3891 3004 3944; x_wconf 91' lang='lat' dir='ltr'><strong>si</strong></span> <span class='ocrx_word' id='word_1_634' title='bbox 3035 3891 3169 3945; x_wconf 90' lang='lat' dir='ltr'><strong>nihil</strong></span> <span class='ocrx_word' id='word_1_635' title='bbox 3205 3893 3386 3956; x_wconf 91' lang='lat' dir='ltr'><strong>aliud,</strong></span> 
     </span>
    </p>
   </div>
   <div class='ocr_carea' id='block_1_86' title="bbox 1809 3970 3389 4052">
    <p class='ocr_par' dir='ltr' id='par_1_86' title="bbox 1809 3970 3389 4052">
     <span class='ocr_line' id='line_1_86' title="bbox 1809 3970 3389 4052; baseline 0.008 -28"><span class='ocrx_word' id='word_1_636' title='bbox 1809 3970 1944 4024; x_wconf 89' lang='lat' dir='ltr'><strong>illud</strong></span> <span class='ocrx_word' id='word_1_637' title='bbox 1975 3981 2122 4026; x_wconf 85' lang='lat' dir='ltr'><strong>certe</strong></span> <span class='ocrx_word' id='word_1_638' title='bbox 2164 3973 2459 4027; x_wconf 79' lang='lat' dir='ltr'><strong>Alexandri</strong></span> <span class='ocrx_word' id='word_1_639' title='bbox 2491 3975 2755 4032; x_wconf 82' lang='lat' dir='ltr'><strong>faciemus</strong></span> <span class='ocrx_word' id='word_1_640' title='bbox 2776 3976 2883 4043; x_wconf 32' lang='lat' dir='ltr'><strong>,‘ut</strong></span> <span class='ocrx_word' id='word_1_641' title='bbox 2915 3981 3246 4036; x_wconf 87' lang='lat' dir='ltr'><strong>calumniam</strong></span> <span class='ocrx_word' id='word_1_642' title='bbox 3293 3999 3389 4052; x_wconf 86' lang='lat' dir='ltr'><strong>pa-</strong></span> 
     </span>
    </p>
   </div>
   <div class='ocr_carea' id='block_1_87' title="bbox 1809 4062 3160 4138">
    <p class='ocr_par' dir='ltr' id='par_1_87' title="bbox 1809 4062 3160 4138">
     <span class='ocr_line' id='line_1_87' title="bbox 1809 4062 3160 4138; baseline 0.006 -22"><span class='ocrx_word' id='word_1_643' title='bbox 1809 4062 1964 4116; x_wconf 89' lang='lat' dir='ltr'><strong>tienti</strong></span> <span class='ocrx_word' id='word_1_644' title='bbox 1998 4063 2224 4116; x_wconf 89' lang='lat' dir='ltr'><strong>alteram</strong></span> <span class='ocrx_word' id='word_1_645' title='bbox 2258 4079 2446 4118; x_wconf 83' lang='lat' dir='ltr'><strong>aurem</strong></span> <span class='ocrx_word' id='word_1_646' title='bbox 2498 4064 2765 4138; x_wconf 75' lang='lat' dir='ltr'><strong>integrann</strong></span> <span class='ocrx_word' id='word_1_647' title='bbox 2799 4085 3160 4126; x_wconf 86' lang='lat' dir='ltr'><strong>reservemus.</strong></span> 
     </span>
    </p>
   </div>
   <div class='ocr_carea' id='block_1_88' title="bbox 2306 4261 2872 4324">
    <p class='ocr_par' dir='ltr' id='par_1_88' title="bbox 2306 4261 2872 4324">
     <span class='ocr_line' id='line_1_88' title="bbox 2306 4261 2872 4324; baseline 0.014 -10"><span class='ocrx_word' id='word_1_648' title='bbox 2306 4261 2646 4320; x_wconf 84' lang='lat' dir='ltr'><strong>EPISTOLA</strong></span> <span class='ocrx_word' id='word_1_649' title='bbox 2685 4266 2872 4324; x_wconf 78' lang='lat' dir='ltr'><strong>XXV&#39;.</strong></span> 
     </span>
    </p>
   </div>
   <div class='ocr_carea' id='block_1_89' title="bbox 116 4357 3386 4453">
    <p class='ocr_par' dir='ltr' id='par_1_89' title="bbox 116 4357 3386 4453">
     <span class='ocr_line' id='line_1_89' title="bbox 116 4357 3386 4453; baseline 0.002 -22"><span class='ocrx_word' id='word_1_650' title='bbox 116 4379 287 4431; x_wconf 74' lang='lat' dir='ltr'><strong>Amica</strong></span> <span class='ocrx_word' id='word_1_651' title='bbox 308 4385 356 4429; x_wconf 83' lang='lat' dir='ltr'><strong>et</strong></span> <span class='ocrx_word' id='word_1_652' title='bbox 376 4375 628 4453; x_wconf 57' lang='lat' dir='ltr'><strong>maritalis</strong></span> <span class='ocrx_word' id='word_1_653' title='bbox 649 4381 793 4446; x_wconf 72' lang='lat' dir='ltr'><strong>plena</strong></span> <span class='ocrx_word' id='word_1_654' title='bbox 813 4378 1132 4453; x_wconf 64' lang='lat' dir='ltr'><strong>expostulatio</strong></span> <span class='ocrx_word' id='word_1_655' title='bbox 1150 4391 1259 4453; x_wconf 73' lang='lat' dir='ltr'><strong>cunt</strong></span> <span class='ocrx_word' id='word_1_656' title='bbox 1286 4357 1955 4453; x_wconf 32' lang='lat' dir='ltr'><strong>Aotlianasioftncgranonqui</strong></span> <span class='ocrx_word' id='word_1_657' title='bbox 1981 4377 2221 4430; x_wconf 79' lang='lat' dir='ltr'><strong>Basiliam</strong></span> <span class='ocrx_word' id='word_1_658' title='bbox 2244 4394 2329 4453; x_wconf 70' lang='lat' dir='ltr'><strong>nec</strong></span> <span class='ocrx_word' id='word_1_659' title='bbox 2351 4395 2439 4453; x_wconf 47' lang='lat' dir='ltr'><strong>per;</strong></span> <span class='ocrx_word' id='word_1_660' title='bbox 2465 4380 2650 4433; x_wconf 77' lang='lat' dir='ltr'><strong>litteras</strong></span> <span class='ocrx_word' id='word_1_661' title='bbox 2676 4385 2992 4453; x_wconf 73' lang='lat' dir='ltr'><strong>admonitum,</strong></span> <span class='ocrx_word' id='word_1_662' title='bbox 3024 4401 3125 4453; x_wconf 68' lang='lat' dir='ltr'><strong>nec</strong></span> <span class='ocrx_word' id='word_1_663' title='bbox 3143 4402 3230 4452; x_wconf 83' lang='lat' dir='ltr'><strong>per</strong></span> <span class='ocrx_word' id='word_1_664' title='bbox 3253 4403 3386 4439; x_wconf 87' lang='lat' dir='ltr'><strong>com-</strong></span> 
     </span>
    </p>
   </div>
   <div class='ocr_carea' id='block_1_90' title="bbox 173 4439 3386 4504">
    <p class='ocr_par' dir='ltr' id='par_1_90' title="bbox 173 4439 3386 4504">
     <span class='ocr_line' id='line_1_90' title="bbox 173 4439 3386 4504; baseline 0.003 -13"><span class='ocrx_word' id='word_1_665' title='bbox 173 4454 371 4504; x_wconf 76' lang='lat' dir='ltr'><strong>munem</strong></span> <span class='ocrx_word' id='word_1_666' title='bbox 388 4439 602 4504; x_wconf 72' lang='lat' dir='ltr'><strong>aliquem</strong></span> <span class='ocrx_word' id='word_1_667' title='bbox 622 4439 848 4504; x_wconf 76' lang='lat' dir='ltr'><strong>amicum,</strong></span> <span class='ocrx_word' id='word_1_668' title='bbox 870 4439 1097 4504; x_wconf 65' lang='lat' dir='ltr'><strong>palamet</strong></span> <span class='ocrx_word' id='word_1_669' title='bbox 1124 4448 1288 4504; x_wconf 82' lang='lat' dir='ltr'><strong>aperte</strong></span> <span class='ocrx_word' id='word_1_670' title='bbox 1311 4439 1625 4493; x_wconf 75' lang='lat' dir='ltr'><strong>insectabatur</strong></span> <span class='ocrx_word' id='word_1_671' title='bbox 1651 4439 1697 4493; x_wconf 62' lang='lat' dir='ltr'><strong>ei</strong></span> <span class='ocrx_word' id='word_1_672' title='bbox 1720 4439 2012 4502; x_wconf 75' lang='lat' dir='ltr'><strong>minabatur,</strong></span> <span class='ocrx_word' id='word_1_673' title='bbox 2040 4455 2099 4491; x_wconf 86' lang='lat' dir='ltr'><strong>ac</strong></span> <span class='ocrx_word' id='word_1_674' title='bbox 2142 4439 2361 4492; x_wconf 75' lang='lat' dir='ltr'><strong>omnibus</strong></span> <span class='ocrx_word' id='word_1_675' title='bbox 2404 4447 2628 4495; x_wconf 80' lang='lat' dir='ltr'><strong>Cwsarea</strong></span> <span class='ocrx_word' id='word_1_676' title='bbox 2669 4446 2962 4498; x_wconf 79' lang='lat' dir='ltr'><strong>venientibus</strong></span> <span class='ocrx_word' id='word_1_677' title='bbox 2981 4439 3190 4501; x_wconf 61' lang='lat' dir='ltr'><strong>&#39;dicebat</strong></span> <span class='ocrx_word' id='word_1_678' title='bbox 3232 4465 3386 4503; x_wconf 77' lang='lat' dir='ltr'><strong>noxas</strong></span> 
     </span>
    </p>
   </div>
   <div class='ocr_carea' id='block_1_91' title="bbox 174 4500 1504 4576">
    <p class='ocr_par' dir='ltr' id='par_1_91' title="bbox 174 4500 1504 4576">
     <span class='ocr_line' id='line_1_91' title="bbox 174 4500 1504 4576; baseline -0.002 -24"><span class='ocrx_word' id='word_1_679' title='bbox 174 4502 424 4566; x_wconf 76' lang='lat' dir='ltr'><strong>quasdam</strong></span> <span class='ocrx_word' id='word_1_680' title='bbox 440 4500 502 4549; x_wconf 87' lang='lat' dir='ltr'><strong>ab</strong></span> <span class='ocrx_word' id='word_1_681' title='bbox 519 4515 574 4551; x_wconf 85' lang='lat' dir='ltr'><strong>eo</strong></span> <span class='ocrx_word' id='word_1_682' title='bbox 592 4500 739 4551; x_wconf 78' lang='lat' dir='ltr'><strong>scribi</strong></span> <span class='ocrx_word' id='word_1_683' title='bbox 761 4509 805 4552; x_wconf 86' lang='lat' dir='ltr'><strong>et</strong></span> <span class='ocrx_word' id='word_1_684' title='bbox 828 4500 1064 4566; x_wconf 71' lang='lat' dir='ltr'><strong>campani.</strong></span> <span class='ocrx_word' id='word_1_685' title='bbox 1155 4500 1165 4504; x_wconf 78' lang='lat'>&#39;</span> <span class='ocrx_word' id='word_1_686' title='bbox 1495 4571 1504 4576; x_wconf 80' lang='lat'><em>_</em></span> 
     </span>
    </p>
   </div>
   <div class='ocr_carea' id='block_1_92' title="bbox 357 4610 1462 4682">
    <p class='ocr_par' dir='ltr' id='par_1_92' title="bbox 357 4610 1462 4682">
     <span class='ocr_line' id='line_1_92' title="bbox 357 4610 1462 4682; baseline 0.002 -18"><span class='ocrx_word' id='word_1_687' title='bbox 357 4611 686 4675; x_wconf 78' lang='grc' dir='ltr'>Ἀθανασίῳ</span> <span class='ocrx_word' id='word_1_688' title='bbox 707 4610 783 4680; x_wconf 87' lang='lat'><strong>(7)</strong></span> <span class='ocrx_word' id='word_1_689' title='bbox 811 4611 1120 4677; x_wconf 78' lang='grc' dir='ltr'>ἐπισκόπφ</span> <span class='ocrx_word' id='word_1_690' title='bbox 1163 4613 1462 4682; x_wconf 79' lang='grc' dir='ltr'>Ἀγκύρας.</span> 
     </span>
    </p>
   </div>
   <div class='ocr_carea' id='block_1_93' title="bbox 182 4702 1700 4776">
    <p class='ocr_par' dir='ltr' id='par_1_93' title="bbox 182 4702 1700 4776">
     <span class='ocr_line' id='line_1_93' title="bbox 182 4702 1700 4776; baseline 0 -18"><span class='ocrx_word' id='word_1_691' title='bbox 182 4706 236 4758; x_wconf 73' lang='grc'>1.</span> <span class='ocrx_word' id='word_1_692' title='bbox 305 4702 674 4773; x_wconf 77' lang='grc' dir='ltr'>Ἀπήγγειλάν</span> <span class='ocrx_word' id='word_1_693' title='bbox 709 4702 800 4773; x_wconf 86' lang='grc' dir='ltr'><strong>μοί</strong></span> <span class='ocrx_word' id='word_1_694' title='bbox 835 4721 978 4767; x_wconf 84' lang='grc' dir='ltr'>τινες</span> <span class='ocrx_word' id='word_1_695' title='bbox 1015 4704 1123 4757; x_wconf 86' lang='grc' dir='ltr'><strong>τῶν</strong></span> <span class='ocrx_word' id='word_1_696' title='bbox 1155 4705 1220 4757; x_wconf 80' lang='grc' dir='ltr'><strong>ἐκ</strong></span> <span class='ocrx_word' id='word_1_697' title='bbox 1273 4705 1371 4774; x_wconf 83' lang='grc' dir='ltr'>τῆς</span> <span class='ocrx_word' id='word_1_698' title='bbox 1426 4703 1700 4776; x_wconf 76' lang='grc' dir='ltr'>Ἀγκύρας</span> 
     </span>
    </p>
   </div>
   <div class='ocr_carea' id='block_1_94' title="bbox 115 4789 1698 4867">
    <p class='ocr_par' dir='ltr' id='par_1_94' title="bbox 115 4789 1698 4867">
     <span class='ocr_line' id='line_1_94' title="bbox 115 4789 1698 4867; baseline 0.001 -20"><span class='ocrx_word' id='word_1_699' title='bbox 115 4795 248 4866; x_wconf 74' lang='grc' dir='ltr'>πρὸς</span> <span class='ocrx_word' id='word_1_700' title='bbox 272 4796 428 4865; x_wconf 76' lang='grc' dir='ltr'>ἡμᾶς</span> <span class='ocrx_word' id='word_1_701' title='bbox 453 4793 823 4864; x_wconf 76' lang='grc' dir='ltr'>ἀφικομένων,</span> <span class='ocrx_word' id='word_1_702' title='bbox 857 4793 1043 4848; x_wconf 73' lang='grc' dir='ltr'>πολλοὶ</span> <span class='ocrx_word' id='word_1_703' title='bbox 1071 4795 1129 4848; x_wconf 86' lang='grc' dir='ltr'>δὲ</span> <span class='ocrx_word' id='word_1_704' title='bbox 1163 4789 1309 4848; x_wconf 75' lang='grc' dir='ltr'>οὗτοι</span> <span class='ocrx_word' id='word_1_705' title='bbox 1341 4795 1434 4850; x_wconf 78' lang='grc' dir='ltr'><strong>καὶ</strong></span> <span class='ocrx_word' id='word_1_706' title='bbox 1467 4795 1588 4849; x_wconf 77' lang='grc' dir='ltr'>οὐδὲ</span> <span class='ocrx_word' id='word_1_707' title='bbox 1621 4795 1698 4867; x_wconf 69' lang='lat'><strong>(8)</strong></span> 
     </span>
    </p>
   </div>
   <div class='ocr_carea' id='block_1_95' title="bbox 182 4947 1800 5015">
    <p class='ocr_par' dir='ltr' id='par_1_95' title="bbox 182 4947 1800 5015">
     <span class='ocr_line' id='line_1_95' title="bbox 182 4947 1800 5015; baseline 0.001 -11"><span class='ocrx_word' id='word_1_708' title='bbox 182 4950 206 4982; x_wconf 84' lang='lat'><strong>&#39;</strong></span> <span class='ocrx_word' id='word_1_709' title='bbox 236 4949 420 5004; x_wconf 78' lang='lat' dir='ltr'><strong>Exod.</strong></span> <span class='ocrx_word' id='word_1_710' title='bbox 458 4964 620 5014; x_wconf 81' lang='lat' dir='ltr'><strong>xxiii,</strong></span> <span class='ocrx_word' id='word_1_711' title='bbox 655 4947 708 5002; x_wconf 78' lang='grc'>1.</span> <span class='ocrx_word' id='word_1_712' title='bbox 785 4949 808 4982; x_wconf 81' lang='grc'>⁸</span> <span class='ocrx_word' id='word_1_713' title='bbox 840 4947 862 5002; x_wconf 85' lang='grc'><strong>1</strong></span> <span class='ocrx_word' id='word_1_714' title='bbox 895 4949 1022 5006; x_wconf 88' lang='lat' dir='ltr'><strong>Cor.</strong></span> <span class='ocrx_word' id='word_1_715' title='bbox 1059 4965 1096 5011; x_wconf 83' lang='grc' dir='ltr'><strong>ι,</strong></span> <span class='ocrx_word' id='word_1_716' title='bbox 1133 4948 1224 5003; x_wconf 74' lang='grc'>27.</span> <span class='ocrx_word' id='word_1_717' title='bbox 1305 4951 1326 4982; x_wconf 78' lang='grc'><strong>⁸</strong></span> <span class='ocrx_word' id='word_1_718' title='bbox 1364 4947 1407 5002; x_wconf 83' lang='lat' dir='ltr'><strong>ll</strong></span> <span class='ocrx_word' id='word_1_719' title='bbox 1440 4949 1567 5004; x_wconf 87' lang='lat' dir='ltr'><strong>Cor.</strong></span> <span class='ocrx_word' id='word_1_720' title='bbox 1607 4966 1698 5015; x_wconf 77' lang='lat' dir='ltr'><strong>Vl,</strong></span> <span class='ocrx_word' id='word_1_721' title='bbox 1744 4950 1800 5006; x_wconf 74' lang='grc'>5.</span> 
     </span>
    </p>
   </div>
   <div class='ocr_carea' id='block_1_96' title="bbox 1735 4616 1784 4674">
    <p class='ocr_par' dir='ltr' id='par_1_96' title="bbox 1735 4616 1784 4674">
     <span class='ocr_line' id='line_1_96' title="bbox 1735 4616 1784 4674; baseline 0 0"><span class='ocrx_word' id='word_1_722' title='bbox 1735 4616 1784 4674; x_wconf 90' lang='lat' dir='ltr'><strong>D</strong></span> 
     </span>
    </p>
   </div>
   <div class='ocr_carea' id='block_1_97' title="bbox 2188 4611 3029 4687">
    <p class='ocr_par' dir='ltr' id='par_1_97' title="bbox 2188 4611 3029 4687">
     <span class='ocr_line' id='line_1_97' title="bbox 2188 4611 3029 4687; baseline 0.005 -20"><span class='ocrx_word' id='word_1_723' title='bbox 2188 4611 2484 4668; x_wconf 84' lang='lat' dir='ltr'><strong>Athanasio</strong></span> <span class='ocrx_word' id='word_1_724' title='bbox 2516 4615 2756 4685; x_wconf 82' lang='lat' dir='ltr'><strong>episcopo</strong></span> <span class='ocrx_word' id='word_1_725' title='bbox 2788 4617 3029 4687; x_wconf 61' lang='lat' dir='ltr'><strong>Ancyra.</strong></span> 
     </span>
    </p>
   </div>
   <div class='ocr_carea' id='block_1_98' title="bbox 1881 4703 3382 4780">
    <p class='ocr_par' dir='ltr' id='par_1_98' title="bbox 1881 4703 3382 4780">
     <span class='ocr_line' id='line_1_98' title="bbox 1881 4703 3382 4780; baseline 0.005 -23"><span class='ocrx_word' id='word_1_726' title='bbox 1881 4704 1934 4758; x_wconf 79' lang='lat' dir='ltr'><strong>l.</strong></span> <span class='ocrx_word' id='word_1_727' title='bbox 1987 4703 2327 4760; x_wconf 87' lang='lat' dir='ltr'><strong>Nuntiarunt</strong></span> <span class='ocrx_word' id='word_1_728' title='bbox 2358 4708 2492 4761; x_wconf 90' lang='lat' dir='ltr'><strong>mihi</strong></span> <span class='ocrx_word' id='word_1_729' title='bbox 2525 4708 2748 4778; x_wconf 88' lang='lat' dir='ltr'><strong>quidam</strong></span> <span class='ocrx_word' id='word_1_730' title='bbox 2782 4725 2850 4763; x_wconf 71' lang='lat' dir='ltr'><strong>ex</strong></span> <span class='ocrx_word' id='word_1_731' title='bbox 2897 4709 2983 4764; x_wconf 90' lang='lat' dir='ltr'><strong>his</strong></span> <span class='ocrx_word' id='word_1_732' title='bbox 3023 4711 3115 4780; x_wconf 90' lang='lat' dir='ltr'><strong>qui</strong></span> <span class='ocrx_word' id='word_1_733' title='bbox 3168 4710 3382 4780; x_wconf 78' lang='lat' dir='ltr'><strong>Ancyra</strong></span> 
     </span>
    </p>
   </div>
   <div class='ocr_carea' id='block_1_99' title="bbox 1808 4799 3382 4867">
    <p class='ocr_par' dir='ltr' id='par_1_99' title="bbox 1808 4799 3382 4867">
     <span class='ocr_line' id='line_1_99' title="bbox 1808 4799 3382 4867; baseline 0.003 -15"><span class='ocrx_word' id='word_1_734' title='bbox 1808 4799 1875 4852; x_wconf 89' lang='lat' dir='ltr'><strong>ad</strong></span> <span class='ocrx_word' id='word_1_735' title='bbox 1905 4814 2006 4852; x_wconf 89' lang='lat' dir='ltr'><strong>nos</strong></span> <span class='ocrx_word' id='word_1_736' title='bbox 2037 4799 2262 4854; x_wconf 87' lang='lat' dir='ltr'><strong>veniunt</strong></span> <span class='ocrx_word' id='word_1_737' title='bbox 2283 4839 2299 4866; x_wconf 90' lang='lat'><strong>,</strong></span> <span class='ocrx_word' id='word_1_738' title='bbox 2334 4800 2491 4855; x_wconf 89' lang='lat' dir='ltr'><strong>multi</strong></span> <span class='ocrx_word' id='word_1_739' title='bbox 2518 4808 2697 4855; x_wconf 91' lang='lat' dir='ltr'><strong>autem</strong></span> <span class='ocrx_word' id='word_1_740' title='bbox 2723 4809 2852 4855; x_wconf 89' lang='lat' dir='ltr'><strong>sunt</strong></span> <span class='ocrx_word' id='word_1_741' title='bbox 2877 4802 2932 4855; x_wconf 84' lang='grc' dir='ltr'>ιιί</span> <span class='ocrx_word' id='word_1_742' title='bbox 2954 4842 2968 4867; x_wconf 88' lang='grc'><strong>,</strong></span> <span class='ocrx_word' id='word_1_743' title='bbox 2993 4817 3057 4856; x_wconf 90' lang='lat' dir='ltr'><strong>ac</strong></span> <span class='ocrx_word' id='word_1_744' title='bbox 3084 4819 3150 4857; x_wconf 91' lang='lat' dir='ltr'><strong>ne</strong></span> <span class='ocrx_word' id='word_1_745' title='bbox 3187 4819 3382 4857; x_wconf 86' lang='lat' dir='ltr'><strong>nume-</strong></span> 
     </span>
    </p>
   </div>
   <div class='ocr_carea' id='block_1_100' title="bbox 181 5099 3381 5176">
    <p class='ocr_par' dir='ltr' id='par_1_100' title="bbox 181 5099 3381 5176">
     <span class='ocr_line' id='line_1_100' title="bbox 181 5099 3381 5176; baseline -0.001 -18"><span class='ocrx_word' id='word_1_746' title='bbox 181 5107 256 5175; x_wconf 76' lang='lat'><strong>(3)</strong></span> <span class='ocrx_word' id='word_1_747' title='bbox 284 5101 584 5176; x_wconf 56' lang='grc' dir='ltr'>Συῂετῷς.</span> <span class='ocrx_word' id='word_1_748' title='bbox 632 5103 724 5158; x_wconf 93' lang='lat' dir='ltr'><strong>Sic</strong></span> <span class='ocrx_word' id='word_1_749' title='bbox 741 5103 1106 5176; x_wconf 61' lang='lat' dir='ltr'><strong>llarl.,(loisl.</strong></span> <span class='ocrx_word' id='word_1_750' title='bbox 1139 5112 1368 5175; x_wconf 85' lang='lat' dir='ltr'><strong>uterque</strong></span> <span class='ocrx_word' id='word_1_751' title='bbox 1390 5111 1444 5160; x_wconf 91' lang='lat' dir='ltr'><strong>et</strong></span> <span class='ocrx_word' id='word_1_752' title='bbox 1467 5113 1697 5176; x_wconf 88' lang='lat' dir='ltr'><strong>uterque</strong></span> <span class='ocrx_word' id='word_1_753' title='bbox 1801 5104 2016 5176; x_wconf 74' lang='lat' dir='ltr'><strong>cundus</strong></span> <span class='ocrx_word' id='word_1_754' title='bbox 2061 5110 2118 5157; x_wconf 90' lang='lat' dir='ltr'><strong>et</strong></span> <span class='ocrx_word' id='word_1_755' title='bbox 2160 5099 2293 5176; x_wconf 54' lang='lat' dir='ltr'><strong>Reg:</strong></span> <span class='ocrx_word' id='word_1_756' title='bbox 2337 5101 2464 5176; x_wconf 61' lang='lat'><strong>22?,</strong></span> <span class='ocrx_word' id='word_1_757' title='bbox 2513 5117 2542 5176; x_wconf 66' lang='grc' dir='ltr'><strong>α</strong></span> <span class='ocrx_word' id='word_1_758' title='bbox 2592 5101 2918 5176; x_wconf 83' lang='lat' dir='ltr'><strong>Combeﬁsio</strong></span> <span class='ocrx_word' id='word_1_759' title='bbox 2958 5101 3210 5176; x_wconf 73' lang='lat' dir='ltr'><strong>citatus:</strong></span> <span class='ocrx_word' id='word_1_760' title='bbox 3237 5101 3381 5176; x_wconf 68' lang='grc' dir='ltr'>ὥστε</span> 
     </span>
    </p>
   </div>
   <div class='ocr_carea' id='block_1_101' title="bbox 115 5173 823 5244">
    <p class='ocr_par' dir='ltr' id='par_1_101' title="bbox 115 5173 823 5244">
     <span class='ocr_line' id='line_1_101' title="bbox 115 5173 823 5244; baseline 0.001 -17"><span class='ocrx_word' id='word_1_761' title='bbox 115 5173 339 5244; x_wconf 70' lang='lat' dir='ltr'><strong>Regius.</strong></span> <span class='ocrx_word' id='word_1_762' title='bbox 380 5174 528 5226; x_wconf 84' lang='lat' dir='ltr'><strong>Editi</strong></span> <span class='ocrx_word' id='word_1_763' title='bbox 567 5173 823 5244; x_wconf 75' lang='grc' dir='ltr'>συνετῶν.</span> 
     </span>
    </p>
   </div>
   <div class='ocr_carea' id='block_1_102' title="bbox 177 5242 1694 5316">
    <p class='ocr_par' dir='ltr' id='par_1_102' title="bbox 177 5242 1694 5316">
     <span class='ocr_line' id='line_1_102' title="bbox 177 5242 1694 5316; baseline -0.001 -18"><span class='ocrx_word' id='word_1_764' title='bbox 177 5242 257 5316; x_wconf 67' lang='lat' dir='ltr'><strong>(lt)</strong></span> <span class='ocrx_word' id='word_1_765' title='bbox 298 5244 378 5297; x_wconf 82' lang='lat' dir='ltr'><em>El</em></span> <span class='ocrx_word' id='word_1_766' title='bbox 399 5261 456 5296; x_wconf 88' lang='grc' dir='ltr'><strong>τι</strong></span> <span class='ocrx_word' id='word_1_767' title='bbox 492 5245 588 5316; x_wconf 32' lang='grc' dir='ltr'>ἐν,</span> <span class='ocrx_word' id='word_1_768' title='bbox 610 5242 709 5316; x_wconf 80' lang='lat' dir='ltr'><strong>Sic</strong></span> <span class='ocrx_word' id='word_1_769' title='bbox 744 5244 915 5316; x_wconf 82' lang='lat' dir='ltr'><strong>llarl.,</strong></span> <span class='ocrx_word' id='word_1_770' title='bbox 949 5243 1131 5316; x_wconf 34' lang='lat' dir='ltr'><strong>Med,</strong></span> <span class='ocrx_word' id='word_1_771' title='bbox 1151 5244 1336 5301; x_wconf 84' lang='lat' dir='ltr'><strong>&#39;Coisl.</strong></span> <span class='ocrx_word' id='word_1_772' title='bbox 1372 5253 1600 5313; x_wconf 89' lang='lat' dir='ltr'><strong>uterque</strong></span> <span class='ocrx_word' id='word_1_773' title='bbox 1639 5249 1694 5298; x_wconf 92' lang='lat' dir='ltr'><strong>et</strong></span> 
     </span>
    </p>
   </div>
   <div class='ocr_carea' id='block_1_103' title="bbox 116 5312 1694 5386">
    <p class='ocr_par' dir='ltr' id='par_1_103' title="bbox 116 5312 1694 5386">
     <span class='ocr_line' id='line_1_103' title="bbox 116 5312 1694 5386; baseline 0.001 -20"><span class='ocrx_word' id='word_1_774' title='bbox 116 5312 245 5385; x_wconf 67' lang='lat' dir='ltr'><strong>Reg.</strong></span> <span class='ocrx_word' id='word_1_775' title='bbox 275 5315 529 5386; x_wconf 45' lang='lat' dir='ltr'><strong>primus:</strong></span> <span class='ocrx_word' id='word_1_776' title='bbox 549 5312 860 5386; x_wconf 12' lang='lat' dir='ltr'><strong>Editiret&#39;et</strong></span> <span class='ocrx_word' id='word_1_777' title='bbox 886 5314 1066 5386; x_wconf 16' lang='lat' dir='ltr'><strong>tbgiéVt</strong></span> <span class='ocrx_word' id='word_1_778' title='bbox 1105 5315 1276 5371; x_wconf 90' lang='lat' dir='ltr'><strong>Paulo</strong></span> <span class='ocrx_word' id='word_1_779' title='bbox 1312 5322 1436 5386; x_wconf 90' lang='lat' dir='ltr'><strong>post</strong></span> <span class='ocrx_word' id='word_1_780' title='bbox 1465 5312 1563 5369; x_wconf 84' lang='lat' dir='ltr'><strong>sex</strong></span> <span class='ocrx_word' id='word_1_781' title='bbox 1598 5329 1694 5369; x_wconf 91' lang='lat' dir='ltr'><strong>co-</strong></span> 
     </span>
    </p>
   </div>
   <div class='ocr_carea' id='block_1_104' title="bbox 114 5383 1121 5439">
    <p class='ocr_par' dir='ltr' id='par_1_104' title="bbox 114 5383 1121 5439">
     <span class='ocr_line' id='line_1_104' title="bbox 114 5383 1121 5439; baseline -0.001 0"><span class='ocrx_word' id='word_1_782' title='bbox 114 5383 259 5439; x_wconf 75' lang='lat' dir='ltr'><strong>dices</strong></span> <span class='ocrx_word' id='word_1_783' title='bbox 279 5383 356 5437; x_wconf 72' lang='grc' dir='ltr'>δι’</span> <span class='ocrx_word' id='word_1_784' title='bbox 389 5383 592 5437; x_wconf 75' lang='grc' dir='ltr'>αὐτῶν.</span> <span class='ocrx_word' id='word_1_785' title='bbox 619 5383 761 5437; x_wconf 89' lang='lat' dir='ltr'><strong>Editi</strong></span> <span class='ocrx_word' id='word_1_786' title='bbox 790 5383 876 5437; x_wconf 77' lang='grc' dir='ltr'>διὰ</span> <span class='ocrx_word' id='word_1_787' title='bbox 899 5385 1121 5438; x_wconf 80' lang='grc' dir='ltr'>τούτων.</span> 
     </span>
    </p>
   </div>
   <div class='ocr_carea' id='block_1_105' title="bbox 177 5451 1366 5526">
    <p class='ocr_par' dir='ltr' id='par_1_105' title="bbox 177 5451 1366 5526">
     <span class='ocr_line' id='line_1_105' title="bbox 177 5451 1366 5526; baseline 0.001 -18"><span class='ocrx_word' id='word_1_788' title='bbox 177 5456 255 5526; x_wconf 85' lang='grc'><strong>(5)</strong></span> <span class='ocrx_word' id='word_1_789' title='bbox 286 5453 421 5508; x_wconf 73' lang='grc' dir='ltr'>Μέν</span> <span class='ocrx_word' id='word_1_790' title='bbox 440 5471 516 5506; x_wconf 86' lang='grc' dir='ltr'><strong>τι.</strong></span> <span class='ocrx_word' id='word_1_791' title='bbox 553 5451 647 5526; x_wconf 88' lang='lat' dir='ltr'><strong>Sic</strong></span> <span class='ocrx_word' id='word_1_792' title='bbox 677 5469 953 5526; x_wconf 71' lang='lat' dir='ltr'><strong>mss._sex.</strong></span> <span class='ocrx_word' id='word_1_793' title='bbox 983 5454 1125 5526; x_wconf 85' lang='lat' dir='ltr'><strong>Editi</strong></span> <span class='ocrx_word' id='word_1_794' title='bbox 1160 5455 1366 5526; x_wconf 79' lang='grc' dir='ltr'>μέντοι.</span> 
     </span>
    </p>
   </div>
   <div class='ocr_carea' id='block_1_106' title="bbox 1801 5171 3377 5245">
    <p class='ocr_par' dir='ltr' id='par_1_106' title="bbox 1801 5171 3377 5245">
     <span class='ocr_line' id='line_1_106' title="bbox 1801 5171 3377 5245; baseline -0.001 -19"><span class='ocrx_word' id='word_1_795' title='bbox 1801 5173 2111 5245; x_wconf 65' lang='grc' dir='ltr'>φανερῶσαι</span> <span class='ocrx_word' id='word_1_796' title='bbox 2151 5171 2300 5245; x_wconf 64' lang='grc' dir='ltr'>αυτῷ</span> <span class='ocrx_word' id='word_1_797' title='bbox 2318 5173 2490 5245; x_wconf 75' lang='grc' dir='ltr'>πόθεν</span> <span class='ocrx_word' id='word_1_798' title='bbox 2519 5172 2741 5245; x_wconf 76' lang='grc' dir='ltr'>ἐκινήθη</span> <span class='ocrx_word' id='word_1_799' title='bbox 2774 5173 2908 5242; x_wconf 87' lang='grc' dir='ltr'>πρὸς</span> <span class='ocrx_word' id='word_1_800' title='bbox 2935 5172 3033 5241; x_wconf 83' lang='grc' dir='ltr'>τὴν</span> <span class='ocrx_word' id='word_1_801' title='bbox 3062 5173 3183 5245; x_wconf 84' lang='grc' dir='ltr'>κατ’</span> <span class='ocrx_word' id='word_1_802' title='bbox 3212 5173 3377 5225; x_wconf 84' lang='grc' dir='ltr'>αὐτοῦ</span> 
     </span>
    </p>
   </div>
   <div class='ocr_carea' id='block_1_107' title="bbox 1800 5242 3377 5314">
    <p class='ocr_par' dir='ltr' id='par_1_107' title="bbox 1800 5242 3377 5314">
     <span class='ocr_line' id='line_1_107' title="bbox 1800 5242 3377 5314; baseline 0.001 -18"><span class='ocrx_word' id='word_1_803' title='bbox 1800 5242 2023 5314; x_wconf 40' lang='grc' dir='ltr'>λύπηνη</span> <span class='ocrx_word' id='word_1_804' title='bbox 2049 5242 2117 5296; x_wconf 84' lang='lat' dir='ltr'><strong>Ut</strong></span> <span class='ocrx_word' id='word_1_805' title='bbox 2148 5242 2537 5314; x_wconf 81' lang='lat' dir='ltr'><strong>stbi_signi/icet</strong></span> <span class='ocrx_word' id='word_1_806' title='bbox 2584 5244 2722 5314; x_wconf 74' lang='lat' dir='ltr'><strong>unde</strong></span> <span class='ocrx_word' id='word_1_807' title='bbox 2763 5251 3052 5314; x_wconf 72' lang='lat' dir='ltr'><strong>commotus</strong></span> <span class='ocrx_word' id='word_1_808' title='bbox 3097 5243 3295 5314; x_wconf 78' lang='lat' dir='ltr'><strong>fuerit_._</strong></span> <span class='ocrx_word' id='word_1_809' title='bbox 3319 5254 3377 5297; x_wconf 83' lang='lat' dir='ltr'><strong>ut</strong></span> 
     </span>
    </p>
   </div>
   <div class='ocr_carea' id='block_1_108' title="bbox 1801 5311 3373 5434">
    <p class='ocr_par' dir='ltr' id='par_1_108' title="bbox 1801 5311 3373 5434">
     <span class='ocr_line' id='line_1_108' title="bbox 1801 5311 3373 5434; baseline 0.001 -67"><span class='ocrx_word' id='word_1_810' title='bbox 1801 5311 2166 5434; x_wconf 40' lang='lat' dir='ltr'><strong>wgritmiinem</strong></span> <span class='ocrx_word' id='word_1_811' title='bbox 2193 5311 2469 5365; x_wconf 75' lang='lat' dir='ltr'><strong>adversum</strong></span> <span class='ocrx_word' id='word_1_812' title='bbox 2499 5327 2554 5364; x_wconf 84' lang='lat' dir='ltr'><strong>se</strong></span> <span class='ocrx_word' id='word_1_813' title='bbox 2581 5312 2886 5378; x_wconf 82' lang='lat' dir='ltr'><strong>susciperet.</strong></span> <span class='ocrx_word' id='word_1_814' title='bbox 2920 5311 3078 5365; x_wconf 91' lang='lat' dir='ltr'><strong>Initio</strong></span> <span class='ocrx_word' id='word_1_815' title='bbox 3101 5314 3227 5367; x_wconf 87' lang='lat' dir='ltr'><strong>cod.</strong></span> <span class='ocrx_word' id='word_1_816' title='bbox 3249 5311 3373 5368; x_wconf 80' lang='lat' dir='ltr'><strong>Vat.</strong></span> 
     </span>
     <span class='ocr_line' id='line_1_109' title="bbox 1801 5384 2118 5434; baseline 0 0"><span class='ocrx_word' id='word_1_817' title='bbox 1801 5384 2005 5434; x_wconf 73' lang='grc' dir='ltr'>ἀνήγγε</span> <span class='ocrx_word' id='word_1_818' title='bbox 2041 5401 2118 5434; x_wconf 93' lang='grc' dir='ltr'><strong>ον.</strong></span> 
     </span>
    </p>
   </div>
   <div class='ocr_carea' id='block_1_109' title="bbox 1797 5384 2118 5453">
    <p class='ocr_par' dir='ltr' id='par_1_109' title="bbox 1797 5384 2118 5453">
     <span class='ocr_line' id='line_1_110' title="bbox 1797 5384 2118 5453; baseline -0.009 -16"><span class='ocrx_word' id='word_1_819' title='bbox 1797 5384 2118 5453; x_wconf 80' lang='grc' dir='ltr'>ἀνήγγελον.</span> 
     </span>
    </p>
   </div>
   <div class='ocr_carea' id='block_1_110' title="bbox 1870 5448 3377 5522">
    <p class='ocr_par' dir='ltr' id='par_1_110' title="bbox 1870 5448 3377 5522">
     <span class='ocr_line' id='line_1_111' title="bbox 1870 5448 3377 5522; baseline 0.001 -16"><span class='ocrx_word' id='word_1_820' title='bbox 1870 5448 2088 5522; x_wconf 65' lang='grc' dir='ltr'><strong>(8)’Καὶ</strong></span> <span class='ocrx_word' id='word_1_821' title='bbox 2123 5448 2301 5522; x_wconf 64' lang='grc' dir='ltr'>οὐδέ.</span> <span class='ocrx_word' id='word_1_822' title='bbox 2333 5449 2474 5504; x_wconf 86' lang='lat' dir='ltr'><strong>Editi</strong></span> <span class='ocrx_word' id='word_1_823' title='bbox 2529 5452 2621 5504; x_wconf 75' lang='grc' dir='ltr'><strong>καὶ</strong></span> <span class='ocrx_word' id='word_1_824' title='bbox 2667 5451 2760 5515; x_wconf 82' lang='grc' dir='ltr'><strong>οὒς</strong></span> <span class='ocrx_word' id='word_1_825' title='bbox 2806 5451 2946 5506; x_wconf 63' lang='grc' dir='ltr'>οὐδέ.</span> <span class='ocrx_word' id='word_1_826' title='bbox 2982 5450 3097 5522; x_wconf 86' lang='lat' dir='ltr'><strong>Sed</strong></span> <span class='ocrx_word' id='word_1_827' title='bbox 3133 5452 3251 5508; x_wconf 74' lang='lat' dir='ltr'><strong>haec</strong></span> <span class='ocrx_word' id='word_1_828' title='bbox 3280 5469 3377 5508; x_wconf 86' lang='lat' dir='ltr'><strong>vo-</strong></span> 
     </span>
    </p>
   </div>
   <div class='ocr_carea' id='block_1_111' title="bbox 180 5521 3376 5595">
    <p class='ocr_par' dir='ltr' id='par_1_111' title="bbox 180 5521 3376 5595">
     <span class='ocr_line' id='line_1_112' title="bbox 180 5521 3376 5595; baseline -0.001 -15"><span class='ocrx_word' id='word_1_829' title='bbox 180 5521 257 5595; x_wconf 82' lang='grc'>(6)</span> <span class='ocrx_word' id='word_1_830' title='bbox 299 5525 768 5595; x_wconf 76' lang='grc' dir='ltr'>Ταμιευσόμεθα.</span> <span class='ocrx_word' id='word_1_831' title='bbox 804 5522 906 5595; x_wconf 14' lang='grc' dir='ltr'>δίο,</span> <span class='ocrx_word' id='word_1_832' title='bbox 945 5539 1049 5594; x_wconf 90' lang='lat' dir='ltr'><strong>ope</strong></span> <span class='ocrx_word' id='word_1_833' title='bbox 1099 5521 1270 5581; x_wconf 78' lang='lat' dir='ltr'><strong>Goisl.</strong></span> <span class='ocrx_word' id='word_1_834' title='bbox 1314 5527 1340 5578; x_wconf 85' lang='grc'><strong>1</strong></span> <span class='ocrx_word' id='word_1_835' title='bbox 1395 5531 1450 5580; x_wconf 86' lang='lat' dir='ltr'><strong>et</strong></span> <span class='ocrx_word' id='word_1_836' title='bbox 1486 5522 1616 5595; x_wconf 68' lang='lat' dir='ltr'><strong>Reg.</strong></span> <span class='ocrx_word' id='word_1_837' title='bbox 1657 5521 1692 5576; x_wconf 73' lang='grc'>2</span> <span class='ocrx_word' id='word_1_838' title='bbox 1797 5521 1919 5578; x_wconf 84' lang='lat' dir='ltr'><strong>cuia</strong></span> <span class='ocrx_word' id='word_1_839' title='bbox 1948 5523 2101 5577; x_wconf 84' lang='lat' dir='ltr'><strong>deest</strong></span> <span class='ocrx_word' id='word_1_840' title='bbox 2131 5523 2186 5574; x_wconf 91' lang='lat' dir='ltr'><strong>in</strong></span> <span class='ocrx_word' id='word_1_841' title='bbox 2212 5521 2390 5576; x_wconf 89' lang='lat' dir='ltr'><strong>tribus</strong></span> <span class='ocrx_word' id='word_1_842' title='bbox 2412 5522 2636 5592; x_wconf 87' lang='lat' dir='ltr'><strong>optimis</strong></span> <span class='ocrx_word' id='word_1_843' title='bbox 2662 5523 2947 5578; x_wconf 86' lang='lat' dir='ltr'><strong>codicibus</strong></span> <span class='ocrx_word' id='word_1_844' title='bbox 2979 5521 3151 5592; x_wconf 89' lang='lat' dir='ltr'><strong>llarl.,</strong></span> <span class='ocrx_word' id='word_1_845' title='bbox 3176 5522 3376 5595; x_wconf 79' lang='lat' dir='ltr'><strong>C9isl.,</strong></span> 
     </span>
    </p>
   </div>
   <div class='ocr_carea' id='block_1_112' title="bbox 116 5593 1576 5665">
    <p class='ocr_par' dir='ltr' id='par_1_112' title="bbox 116 5593 1576 5665">
     <span class='ocr_line' id='line_1_113' title="bbox 116 5593 1576 5665; baseline -0.003 -15"><span class='ocrx_word' id='word_1_846' title='bbox 116 5593 530 5650; x_wconf 79' lang='lat' dir='ltr'><strong>emendavimus</strong></span> <span class='ocrx_word' id='word_1_847' title='bbox 556 5594 704 5665; x_wconf 87' lang='lat' dir='ltr'><strong>quod</strong></span> <span class='ocrx_word' id='word_1_848' title='bbox 746 5602 864 5665; x_wconf 78' lang='lat' dir='ltr'><strong>erat</strong></span> <span class='ocrx_word' id='word_1_849' title='bbox 897 5593 1150 5665; x_wconf 9' lang='lat' dir='ltr'><strong>ing’editis</strong></span> <span class='ocrx_word' id='word_1_850' title='bbox 1177 5593 1576 5665; x_wconf 77' lang='grc' dir='ltr'>ταμιευόμεθα.</span> 
     </span>
    </p>
   </div>
   <div class='ocr_carea' id='block_1_113' title="bbox 182 5663 1689 5737">
    <p class='ocr_par' dir='ltr' id='par_1_113' title="bbox 182 5663 1689 5737">
     <span class='ocr_line' id='line_1_114' title="bbox 182 5663 1689 5737; baseline 0.001 -19"><span class='ocrx_word' id='word_1_851' title='bbox 182 5666 255 5737; x_wconf 78' lang='grc' dir='ltr'><strong>(ἲ)</strong></span> <span class='ocrx_word' id='word_1_852' title='bbox 291 5664 645 5728; x_wconf 78' lang='grc' dir='ltr'>Ἄθανασίῳ.</span> <span class='ocrx_word' id='word_1_853' title='bbox 680 5663 903 5718; x_wconf 86' lang='lat' dir='ltr'><strong>Addunt</strong></span> <span class='ocrx_word' id='word_1_854' title='bbox 948 5663 1058 5718; x_wconf 92' lang='lat' dir='ltr'><strong>duo</strong></span> <span class='ocrx_word' id='word_1_855' title='bbox 1108 5663 1327 5722; x_wconf 81' lang='lat' dir='ltr'><strong>codices</strong></span> <span class='ocrx_word' id='word_1_856' title='bbox 1380 5663 1552 5721; x_wconf 33' lang='lat' dir='ltr'><strong>C’oisl.</strong></span> <span class='ocrx_word' id='word_1_857' title='bbox 1604 5678 1689 5720; x_wconf 81' lang='lat' dir='ltr'><strong>se-</strong></span> 
     </span>
    </p>
   </div>
   <div class='ocr_carea' id='block_1_114' title="bbox 439 5759 1182 5824">
    <p class='ocr_par' dir='ltr' id='par_1_114' title="bbox 439 5759 1182 5824">
     <span class='ocr_line' id='line_1_115' title="bbox 439 5759 1182 5824; baseline 0.001 -2"><span class='ocrx_word' id='word_1_858' title='bbox 439 5762 718 5822; x_wconf 75' lang='grc' dir='ltr'>ΡΑτιιοι..</span> <span class='ocrx_word' id='word_1_859' title='bbox 759 5759 879 5820; x_wconf 78' lang='lat' dir='ltr'><strong>Gn.</strong></span> <span class='ocrx_word' id='word_1_860' title='bbox 909 5759 1182 5824; x_wconf 77' lang='lat' dir='ltr'><strong>XXXII.</strong></span> 
     </span>
    </p>
   </div>
   <div class='ocr_carea' id='block_1_115' title="bbox 1872 5593 3375 5734">
    <p class='ocr_par' dir='ltr' id='par_1_115' title="bbox 1872 5593 3375 5734">
     <span class='ocr_line' id='line_1_116' title="bbox 1872 5593 3375 5734; baseline 0.003 -18"><span class='ocrx_word' id='word_1_861' title='bbox 1872 5667 1890 5688; x_wconf 71' lang='grc'><strong>’</strong></span> <span class='ocrx_word' id='word_1_862' title='bbox 1922 5663 2072 5718; x_wconf 89' lang='lat' dir='ltr'><strong>Alias</strong></span> <span class='ocrx_word' id='word_1_863' title='bbox 2097 5660 2239 5728; x_wconf 87' lang='lat' dir='ltr'><strong>Llll,</strong></span> <span class='ocrx_word' id='word_1_864' title='bbox 2273 5662 2475 5734; x_wconf 88' lang='lat' dir='ltr'><strong>scripta</strong></span> <span class='ocrx_word' id='word_1_865' title='bbox 2504 5673 2629 5720; x_wconf 90' lang='lat' dir='ltr'><strong>ante</strong></span> <span class='ocrx_word' id='word_1_866' title='bbox 2655 5680 2744 5719; x_wconf 91' lang='lat' dir='ltr'><strong>an.</strong></span> <span class='ocrx_word' id='word_1_867' title='bbox 2779 5665 2906 5721; x_wconf 80' lang='lat'><strong>569.</strong></span> <span class='ocrx_word' id='word_1_868' title='bbox 3230 5593 3375 5650; x_wconf 60' lang='lat' dir='ltr'><strong>med&#39;</strong></span> 
     </span>
    </p>
   </div>
   <div class='ocr_carea' id='block_1_116' title="bbox 3025 5763 3099 5822">
    <p class='ocr_par' dir='ltr' id='par_1_116' title="bbox 3025 5763 3099 5822">
     <span class='ocr_line' id='line_1_117' title="bbox 3025 5763 3099 5822; baseline 0.027 -2"><span class='ocrx_word' id='word_1_869' title='bbox 3025 5763 3099 5822; x_wconf 89' lang='grc'><strong>10</strong></span> 
     </span>
    </p>
   </div>
  </div>
