3870 6218
451 273 559 332 293

1804 259 1862 316 S.
1905 257 1990 312 BA
2000 253 2151 311 SILII
2192 254 2407 315 MAGNI

3607 246 3703 303 500

452 407 579 448 rare
609 390 834 463 quidem
867 380 1027 442 facile
1055 385 1164 451 sit;
1202 398 1312 439 uno
1341 390 1522 438 autem
1558 396 1653 437 ore
1709 393 1905 437 omnes
1951 391 2037 431 re-

2156 374 2440 447 ἱριθμῆσαι
2475 376 2675 448 ῥᾴδιον,
2716 374 2982 447 σύμφωνα
3015 372 3072 425 δέ
3102 371 3301 432 πάντες
3339 363 3704 463 φθεγγόμενοι.

452 486 692 541 ferentes
714 523 731 546 ,
762 488 824 537 te
860 480 1089 535 charum
1138 484 1303 547 caput
1331 474 1643 547 (quomodo
1673 471 1857 527 verbis
1911 475 2037 522 utar

453 576 807 646 lenissimis?)
844 590 954 629 non
988 571 1317 627 suavissime
1354 568 1530 624 nostri
1563 567 1909 625 meminisse.
1943 578 2038 617 ne-

451 682 559 736 que
584 681 683 736 pro
715 663 826 718 tuis
852 661 1123 717 moribus.
1153 658 1237 714 Me
1267 674 1398 713 vero
1428 657 1564 712 nihil
1611 670 1796 712 rerum
1840 654 2038 708 huma-

452 774 649 812 narum
671 796 686 821 ,
725 756 894 826 probe
918 754 1062 809 scias
1082 791 1098 815 ,
1138 750 1419 822 percellit,
1447 765 1547 805 nec
1592 748 1921 817 cujusquam
1970 760 2037 799 ex

453 848 710 903 omnibus
743 848 1123 915 inexspectata
1154 842 1495 908 immutatio;
1525 856 1650 895 cum
1684 840 1890 895 dudum
1948 852 2042 891 na-

456 952 595 997 turae
627 941 1061 1017 imbecillitatem
1110 938 1251 1017 etin
1296 936 1574 992 contraria
1618 936 2039 991 mutabilitatem

453 1034 846 1104 perspexerim.
890 1031 1048 1086 Unde
1090 1016 1309 1101 neque,
1343 1030 1390 1086 si
1436 1029 1567 1100 quid
1594 1044 1776 1085 rerum
1823 1036 2042 1083 nostra-

453 1141 575 1179 rum
626 1132 774 1179 retro
825 1123 1150 1193 sublapsum
1192 1129 1312 1187 est,
1347 1130 1403 1177 et
1452 1138 1520 1177 ex
1556 1123 1793 1192 pristino
1826 1122 2041 1178 honore

453 1218 701 1273 convicia
736 1226 898 1287 atque
924 1216 1138 1285 injuriae
1173 1215 1334 1271 nobis
1374 1232 1520 1270 nunc
1550 1215 1722 1283 ﬁunt,
1773 1216 1827 1271 id
1858 1219 2040 1289 magni

456 1315 619 1369 facio.
665 1313 770 1368 Sed
811 1313 947 1367 illud
980 1312 1111 1366 milii
1167 1327 1356 1366 revera
1404 1319 1603 1382 praeter
1630 1311 1953 1383 opinionem
1990 1323 2044 1369 et

455 1407 630 1464 instar
657 1408 884 1461 monstri
908 1406 1085 1461 visum
1112 1413 1230 1471 est,
1259 1421 1382 1460 eum
1420 1416 1474 1460 te
1506 1421 1633 1462 esse
1672 1408 1765 1478 qui
1808 1408 1883 1461 ita
1913 1423 2043 1477 erga

454 1516 560 1556 nos
583 1499 809 1554 affectus
849 1499 928 1554 sis
949 1540 964 1564 ,
1006 1507 1067 1553 ut
1100 1498 1361 1553 irascaris
1396 1498 1557 1554 nobis
1591 1514 1655 1553 ac
1688 1514 2041 1565 succenseas,

457 1590 568 1645 imo
598 1593 762 1646 etiam
790 1590 904 1660 jam
940 1592 1116 1646 minas
1146 1591 1360 1661 aliquas
1389 1590 1657 1656 intentes,
1694 1602 1757 1645 ut
1798 1592 2044 1648 referunt

457 1683 552 1752 qui
583 1683 861 1737 audivere.
892 1682 1051 1755 104
1074 1684 1151 1738 Ac
1183 1683 1364 1737 minas
1398 1682 1619 1752 quidem
1656 1684 1883 1737 omnino
1912 1685 2043 1754 (ve-

2141 470 2201 524 σὲ
2228 472 2327 543 τὴν
2350 469 2510 542 φίλην
2559 468 2800 540 κεφαλὴν
2840 468 2980 539 (πῶς
3025 466 3091 520 ἂν
3131 464 3395 533 εὐφήμως
3456 460 3657 528 εἴποιμι
3676 456 3708 524 ς]

2139 567 2238 638 οὐχ
2267 566 2343 630 ὡς
2363 566 2554 636 ἣδιστα
2588 563 2896 635 μεμνῆσθαι
2924 561 3101 633 ἡμῶν,
3126 558 3246 612 ούδέ
3276 554 3418 609 κατά
3440 554 3531 606 τὸν
3559 569 3709 605 σεαυ-

2138 660 2233 714 τοῦ
2269 659 2490 730 τρόπον.
2535 658 2666 727 Ἐμέ
2696 657 2754 710 δὲ
2799 655 2949 709 οὐδὲν
2982 652 3277 722 ἐκπλήσσει
3306 648 3412 701 τῶν
3453 641 3700 713 ἀνθρωπί-

2142 770 2271 817 νων,
2304 749 2364 805 εὖ
2414 751 2542 814 ἴσθι,
2575 750 2698 803 οὐδὲ
2747 745 3153 820 ἀπροσδόκητός
3186 744 3333 794 ἐστιν
3376 730 3712 796 οὐδενὸςωῶν

2142 841 2361 895 πάντων
2393 838 2685 912 μεταϐολὴ,
2721 836 2886 890 πάλαι
2914 834 2976 887 τὸ
3004 834 3107 904 τῆς
3129 830 3344 901 φύσεως
3373 823 3596 886 ἀσθενὲς
3622 820 3713 875 καὶ

2142 936 2201 988 τὸ
2229 934 2656 1005 εὐπερίτρεπτον
2691 930 2829 1003 πρὸς
2860 927 2929 981 τά
2958 924 3172 980 ἐναντία
3210 918 3594 992 καταμαθόντα
3620 914 3711 987 (9).

2146 1025 2309 1079 Ὅθεν
2333 1023 2444 1078 οὔτ’
2471 1024 2594 1076 εἴτι
2618 1021 2727 1075 τῶν
2747 1019 3036 1092 ἡμετέρων
3068 1015 3486 1087 μεταπέπτωκε,
3530 1009 3623 1063 καὶ
3653 1011 3715 1061 ἐκ

2143 1119 2242 1190 τῆς
2280 1117 2544 1190 πρότερον
2581 1113 2749 1185 τιμῆς
2776 1109 3035 1183 λοιδορίαι
3065 1108 3159 1162 καὶ
3193 1105 3379 1177 ὕϐρεις
3416 1102 3546 1173 περὶ
3567 1101 3717 1171 ἡμᾶς

2144 1213 2238 1267 νῦν
2270 1212 2510 1281 γίνονται
2543 1209 2678 1280 (10),
2709 1206 2851 1278 μέγα
2887 1200 3353 1269 τοῦτοεποιοῦμαι.
3412 1192 3552 1247 Ἀλλ’
3584 1192 3719 1244 ἐκεῖ·

2144 1305 2204 1358 νὸ
2231 1322 2321 1375 μοι
2343 1303 2454 1374 (Η)
2482 1299 2783 1372 παράδοξον
2807 1298 2895 1373 ὡς.
2909 1293 3125 1365 ἀληθῶς
3164 1291 3258 1345 καὶ
3286 1287 3567 1360 ὑπερφυὲς
3599 1283 3721 1375 ἐφά-

2145 1374 2239 1461 νη,
2260 1391 2321 1443 τὸ
2355 1390 2415 1443 σὲ
2451 1385 2589 1443 εἶναι
2625 1388 2715 1441 τὸν
2741 1387 2884 1440 οὕτω
2938 1385 3076 1454 πρὸς
3127 1382 3273 1454 ἡμᾶς
3318 1378 3528 1449 ἔχοντα,
3584 1374 3719 1429 ὥστε

2144 1480 2458 1555 ὀργίζεσθαι
2508 1482 2641 1551 ἡμῖν
2697 1479 2789 1532 καὶ
2842 1474 3210 1549 χαλεπαίνειν,
3268 1471 3368 1542 ἤδη
3425 1469 3481 1522 δέ
3526 1485 3580 1521 τι
3630 1466 3724 1520 καὶ

2146 1572 2409 1637 ἀπειλεῖν,
2441 1572 2561 1636 ὼςὸ
2592 1571 2701 1624 τῶν
2734 1569 3083 1624 ἀκουσάντων
3115 1567 3292 1635 λόγος,
3337 1563 3458 1617 Τῶν
3496 1562 3594 1633 μὲν
3629 1557 3722 1613 οὖν

2146 1666 2387 1721 ἀπειλῶν
2418 1667 2512 1719 καὶ
2542 1666 2683 1719 πάνυ
2727 1663 3032 1736 (εἰρήσεται
3076 1660 3186 1732 γὰρ
3214 1657 3465 1728 τάληθὲς)
3500 1654 3727 1722 κατεγέ-

456 1788 579 1827 rum
610 1776 755 1827 enim
808 1772 1044 1843 dicetur)
1078 1772 1246 1827 irrisi.
1277 1772 1544 1842 Equidem
1596 1789 1774 1828 essem
1817 1774 2042 1826 omnino

2156 1768 2282 1814 lacu
2299 1778 2312 1790 '
2338 1755 2373 1829 ἦ
2395 1759 2589 1830 κομιδῇ
2613 1758 2664 1826 γ’
2702 1757 2767 1811 ἂν
2808 1759 2935 1820 παῖς
2956 1755 3094 1826 εἵην,
3122 1753 3191 1807 τὰ
3209 1751 3436 1805 τοιαῦτα
3463 1747 3727 1820 μορμολύ-

458 1881 615 1936 puer,
652 1865 699 1920 si
728 1864 1002 1933 ejusmodi
1057 1864 1410 1919 formidarem
1444 1867 1725 1921 terricula.
1760 1864 1874 1920 Hoc
1910 1881 2042 1920 vero
2086 1882 2093 1889 ·

456 1959 591 2012 mihi
633 1967 686 2012 ct
717 1956 961 2011 terribile
996 1965 1048 2011 et
1080 1958 1251 2010 multa
1284 1957 1507 2023 dignum
1555 1958 1926 2014 sollicitudine
1962 1960 2046 2012 vi-

458 2066 579 2105 sum
620 2057 741 2112 est,
777 2049 922 2117 quod
955 2049 1239 2115 integritas
1285 2057 1411 2112 tua,
1451 2064 1615 2118 quam
1656 2050 1798 2103 inter
1840 2064 2044 2120 paucos

458 2148 582 2195 tum.
603 2147 766 2194 rectae
796 2139 919 2193 ﬁdei
951 2138 1391 2204 ﬁrmamentum,
1423 2150 1537 2195 tum
1576 2141 1779 2195 veteris
1807 2157 1871 2195 ac
1905 2157 2046 2197 verae

459 2233 771 2287 dilectionis
799 2246 990 2285 semen
1036 2232 1092 2285 in
1118 2232 1373 2287 solatium
1404 2232 1668 2289 Ecclesiis
1686 2234 1892 2288 servari
1928 2248 2046 2287 cre-

459 2326 679 2388 dimus,
723 2338 898 2393 usque
931 2322 1068 2378 adeo
1099 2323 1386 2393 praesentis
1430 2338 1615 2377 rerum
1662 2333 1839 2379 status
1878 2325 2049 2393 parti-

460 2432 593 2487 ceps
618 2416 725 2480 sit,
762 2423 821 2469 ut
869 2416 1243 2485 quorumlibet
1282 2416 1566 2469 hominum
1606 2416 1900 2470 calumnia:
1926 2417 2047 2486 plus

461 2508 605 2580 apud
645 2516 700 2563 te
736 2508 989 2571 valeant,
1014 2522 1184 2577 quam
1223 2508 1386 2577 longa
1444 2507 1620 2562 nostri
1673 2509 2045 2579 experientia,

459 2610 516 2655 et
542 2602 608 2656 ad
643 2616 825 2656 rerum
873 2600 1238 2653 absurdarum
1288 2600 1659 2670 suspicionem
1700 2602 1823 2656 sine
1877 2616 2046 2672 argu-

461 2696 661 2750 mentis
693 2692 1007 2747 abducaris.
1057 2692 1381 2763 Quanquam
1408 2732 1423 2756 ,
1457 2694 1590 2764 quid
1624 2694 1749 2749 dico
1772 2696 2047 2765 suspicio-

462 2803 588 2843 nem
609 2787 633 2841 ?
658 2788 763 2855 Qui
784 2785 930 2840 enim
977 2785 1297 2856 indignatus
1342 2792 1429 2841 est
1462 2801 1526 2840 ac
1558 2787 1799 2843 minatus
1825 2827 1840 2851 ,
1874 2795 1932 2842 ut
1982 2788 2049 2843 de

464 2892 517 2935 te
551 2881 832 2943 referunt,
877 2893 987 2932 non
1014 2878 1353 2948 suspicantis
1380 2919 1394 2942 ,
1428 2876 1524 2933 sed
1554 2878 1668 2947 jam
1697 2879 1845 2934 clare
1875 2888 1930 2934 et
1957 2894 2051 2934 ex-

464 2970 677 3042 plorate
717 2968 965 3040 persuasi
998 2969 1215 3023 videtur
1244 2967 1484 3040 quodam
1514 2968 1676 3023 modo
1706 2968 2050 3024 iracundiam

465 3062 799 3117 declarasse.

534 3154 593 3209 2.
627 3151 768 3216 Sed,
815 3160 876 3207 ut
916 3151 1059 3219 dixi,
1102 3151 1156 3205 in
1198 3150 1301 3206 hoc
1352 3161 1567 3223 tempus
1605 3168 1829 3208 causam
1869 3151 2052 3223 rejici-

467 3262 612 3302 mus.
644 3244 780 3300 Nam
834 3246 1029 3316 quanti
1082 3246 1289 3301 laboris
1340 3256 1493 3310 erat,
1527 3261 1560 3301 ο
1593 3246 1949 3312 admirande,
1994 3248 2052 3301 in

468 3338 620 3393 brevi
666 3337 933 3408 epistola,
969 3337 1173 3405 quibus
1218 3337 1286 3391 de
1331 3339 1496 3392 rebus
1542 3338 1743 3401 velles,
1785 3338 1932 3391 velut
1962 3352 2054 3390 so-

470 3429 582 3482 lum
612 3443 736 3481 cum
769 3426 888 3481 solo
921 3426 1159 3495 colloqui
1188 3445 1200 3479 :
1241 3433 1335 3479 aut
1366 3426 1413 3479 si
1445 3426 1642 3480 litteris
1675 3441 1762 3481 res
1780 3424 2054 3494 ejusmodi

472 3535 582 3573 non
617 3518 907 3583 crederes,
948 3532 1047 3572 nos
1077 3517 1143 3571 ad
1193 3526 1248 3573 te
1290 3519 1612 3573 accersere?
1639 3517 1795 3583 Quod
1840 3518 1886 3572 si
1940 3517 2056 3571 haec

470 3608 697 3661 omnino
748 3607 1066 3661 renuntiare
1121 3606 1449 3673 oportebat,
1500 3620 1565 3658 ac
1620 3603 1873 3658 dilationi
1928 3617 2056 3672 spa-

470 3700 607 3753 tium
641 3713 750 3753 non
792 3697 958 3751 dabat
1006 3694 1248 3750 difficilis
1299 3695 1366 3749 ad
1409 3696 1775 3751 coercendum
1831 3695 2056 3748 iracun-

471 3791 597 3856 dia;
632 3797 688 3842 at
726 3799 873 3844 certe
905 3805 1072 3843 unum
1106 3787 1345 3856 aliquem
1373 3802 1439 3841 ex
1475 3787 1872 3849 familiaribus,
1910 3797 1965 3840 et
1987 3785 2055 3840 ad

471 3882 701 3952 tegenda
751 3895 951 3936 arcana
992 3880 1212 3934 idoneis
1256 3880 1463 3933 licebat
1516 3879 1789 3935 sermonis
1839 3878 1908 3932 ad
1953 3893 2056 3933 nos

474 3970 785 4043 perferendi
842 3970 1161 4024 ministrum
1212 3968 1493 4022 adbibere.
1551 3967 1709 4022 Nunc
1752 3983 1884 4022 vero
1931 3970 2056 4038 quis

473 4071 559 4119 est
597 4080 663 4117 ex
698 4064 799 4129 iis,
839 4063 934 4132 qui
965 4063 1034 4117 ad
1062 4077 1162 4118 vos
1202 4063 1672 4132 qualiumcunque
1709 4061 2055 4131 negotiorum

476 4170 642 4210 causa
665 4155 1121 4223 proﬁciscuntur,
1146 4153 1308 4223 cujus
1337 4169 1498 4209 aures
1523 4154 1626 4207 hoc
1658 4166 1914 4208 sermone
1946 4166 2057 4206 non

476 4246 1019 4309 circumsonucrint,
1066 4259 1240 4300 noxas
1297 4244 1560 4315 quasdam
1614 4260 1646 4299 a
1690 4242 1853 4297 nobis
1887 4242 2057 4298 scribi

2144 1870 2270 1907 κεια
2294 1851 2547 1915 δεδοικώς
2568 1869 2580 1881 ·
2611 1852 2787 1904 ἐκεῖνο
2819 1849 2877 1902 δέ
2918 1866 3007 1920 μοι
3030 1848 3124 1901 καὶ
3154 1845 3383 1917 φοϐερὸν
3412 1844 3508 1896 καὶ
3528 1840 3727 1910 πολλῆς

2146 1944 2424 2015 φροντίδος
2460 1945 2606 2008 ἄξιον
2633 1942 2800 2005 ἔδοξε,
2836 1942 2898 1994 τὸ
2930 1940 3029 2012 τὴν
3072 1938 3171 2008 σὴν
3214 1935 3520 2006 ἀκρίϐειαν,
3554 1932 3617 2003 ἡν
3665 1932 3726 1983 ἐν

2145 2039 2346 2106 ὀλίγοις
2379 2038 2611 2110 ἔρεισμά
2644 2054 2704 2089 τε
2735 2034 3046 2107 ὀρθότητος,
3091 2036 3187 2085 καὶ
3226 2031 3327 2101 τῆς
3375 2029 3608 2101 ἀρχαίας
3633 2026 3728 2079 καὶ

2146 2126 2408 2198 ἀληθινῆς
2441 2127 2661 2196 ἀγάπης
2696 2124 2917 2195 σπέρμα
2963 2124 3045 2187 εἰς
3088 2119 3446 2193 παραμυθίαν
3466 2121 3586 2181 ταῖς
3603 2117 3728 2170 Ἐκ-

2146 2218 2399 2289 κλησίαις
2439 2218 2707 2281 σώζεσθαι
2747 2216 3195 2285 πεπιστεύκαμεν
3223 2212 3358 2284 (12),
3402 2211 3497 2264 ἐπὶ
3542 2210 3731 2263 10606-

2145 2330 2239 2367 τον
2292 2312 2404 2383 (l5)
2459 2311 2560 2379 τῆς
2612 2310 2896 2381 παρούσης
2948 2307 3340 2369 καταστάσεως
3398 2304 3727 2373 μετασχεῖν,

2149 2403 2287 2457 ὥστε
2336 2403 2431 2465 τὰς
2464 2401 2616 2472 παρά
2659 2400 2766 2453 τῶν
2815 2400 3084 2471 τυχόντων
3131 2395 3476 2469 βλασφημίας
3532 2410 3735 2464 κυριω·

2148 2495 2311 2569 τέρας
2362 2494 2690 2563 ποιήσασθαι
2738 2493 2837 2562 τῆς
2886 2493 3105 2563 μακρᾶς
3158 2488 3316 2561 ἡμῶν
3366 2488 3581 2558 πείρας,
3636 2486 3734 2539 καὶ

2150 2588 2289 2660 πρὸς
2331 2588 2430 2659 τὴν
2472 2586 2582 2640 τῶν
2626 2585 2843 2641 ἀτόπων
2892 2586 3147 2638 ὑπόνοιαν
3192 2583 3361 2654 χωρὶς
3405 2579 3737 2643 ἀποδείξεων

2150 2680 2480 2751 ὑπαχθῆναι.
2522 2679 2715 2734 Καίτοι
2748 2677 2801 2730 τί
2833 2677 2979 2745 λέγω
3013 2676 3304 2739 ὑπόνοιαν;
3348 2673 3405 2726 '0
3430 2671 3541 2742 γὰρ
3563 2671 3737 2739 ἀγαν-

2150 2774 2394 2843 ακτήσας
2434 2772 2527 2824 καὶ
2583 2768 2972 2838 διαπειληθεῖς,
2998 2765 3073 2830 ὥς
3101 2783 3285 2836 φασιν,
3317 2765 3416 2835 οὐχ
3455 2760 3739 2816 ὑπονοοῦν-

2149 2881 2261 2927 τος,
2295 2861 2429 2915 ἀλλά
2467 2860 2559 2914 τοῦ
2584 2860 2683 2931 ἤδη
2712 2859 2896 2928 σαφῶς
2925 2859 3018 2910 καὶ
3049 2857 3459 2927 ἀναντιρρήτως
3487 2852 3739 2907 πεισθέν-

2150 2972 2240 3019 τος
2261 2955 2409 3008 δοκεῖ
2431 2970 2547 3016 πως
2567 2950 2735 3024 ὀργὴν
2766 2948 3111 3019 ἐνδεδεῖχθαι.

2225 3134 2280 3188 2.
2323 3133 2483 3197 ’Δλλ’,
2512 3134 2649 3202 ὅπερ
2680 3131 2837 3201 ἔφην,
2861 3131 2954 3183 ἐπὶ
2977 3130 3067 3183 τὸν
3099 3127 3290 3200 καιρὸν
3322 3126 3512 3180 τοῦτον
3534 3123 3745 3195 ἀναφέ-

2160 3246 2323 3302 ρομεν
2346 3229 2444 3300 τὴν
2469 3227 2669 3279 αἰτίαν.
2720 3227 2873 3279 Ἐπεὶ
2916 3225 3081 3277 πόσου
3118 3223 3281 3275 πόνου
3312 3218 3402 3293 ἦν,
3445 3215 3490 3274 ὦ
3527 3220 3745 3291 θαι)μά-

2157 3340 2262 3385 σιε,
2301 3323 2358 3374 ἐν
2409 3319 2664 3390 ἐπιστολῇ
2719 3316 2967 3388 βραχείᾳ,
3016 3316 3144 3387 περὶ
3183 3309 3258 3369 ὧν
3301 3314 3543 3377 ἐϐούλου,
3573 3313 3745 3366 οἱονεὶ

2160 3409 2319 3481 μόνον
2362 3408 2509 3479 μόνῳ
2546 3407 2925 3478 διαλεχθῆναιο
2972 3405 3027 3476 ἢ,
3063 3406 3112 3458 εἰ
3158 3406 3232 3477 μὴ
3280 3406 3564 3467 ἐπίστευες
3601 3422 3745 3476 γραο

2158 3505 2230 3574 φῇ
2261 3502 2373 3571 (Μ)
2400 3501 2468 3555 τά
2490 3501 2735 3562 τοιαῦτα,
2763 3502 2899 3574 πρὸς
2922 3500 3113 3553 ἐαυτὸν
3146 3498 3608 3570 μεταπέμψασθαι
3631 3514 3648 3563 ;
3675 3500 3745 3552 Eg

2155 3594 2213 3646 δὲ
2258 3594 2474 3656 πάντως
2519 3593 2752 3659 ἐξειπεῖν
2807 3593 2937 3659 ἔδει,
2999 3591 3093 3644 καὶ
3126 3591 3361 3661 ἀναϐολῇ
3398 3591 3591 3663 καιρὸν
3639 3590 3748 3644 οὐκ

2158 3686 2327 3739 ἐδίδου
2362 3686 2429 3739 τά
2475 3685 2839 3739 δυσκάθεκτον
2885 3685 2985 3755 τῆς
3026 3684 3194 3754 ὀργῆς
3218 3700 3231 3714 ·
3277 3684 3392 3737 ἀλλ’
3425 3684 3505 3737 ἐνί
3534 3683 3599 3751 γέ
3632 3701 3747 3738 τινι

2157 3778 2263 3832 τῶν
2298 3777 2635 3848 ἐπιτηδείων,
2668 3778 2762 3830 καὶ
2810 3776 3024 3844 στέγειν
3068 3777 3358 3848 ἀπόρρητα
3392 3775 3748 3845 πεφυκότων,

2158 3870 2285 3941 ἐξῆν
2322 3871 2385 3942 δή
2426 3887 2529 3923 που
2558 3870 2667 3923 τῶν
2712 3869 2850 3941 πρὸς
2882 3871 3031 3940 ἡμᾶς
3064 3869 3238 3939 λόγων
3279 3869 3586 3940 χρήσασθαι
3620 3869 3753 3923 δια-

2159 3964 2319 4034 κόνῳ.
2349 3964 2484 4016 Νυνὶ
2528 3962 2583 4016 δὲ
2630 3964 2773 4025 τίνος
2821 3963 2944 4033 οὐχὶ
2999 3961 3485 4035 περιτεθρύλληται
3527 3962 3595 4017 τά
3623 3957 3750 4016 ὦτα

2156 4056 2267 4108 τῶν
2308 4058 2428 4108 κατ’
2472 4054 2862 4125 ὁποιανδήποτε
2900 4054 3086 4125 χρείαν
3130 4055 3257 4124 ὑμῖν
3310 4053 3749 4123 ἐπιφοιτώντων,

2158 4148 2235 4212 ὠς
2288 4147 2448 4219 ἡμῶν
2493 4148 2626 4210 ἄτας
2687 4145 2837 4209 τινὰς
2889 4147 3210 4217 γραφόντων
3248 4148 3343 4200 καὶ
3392 4148 3752 4219 συγγραφόν-

2159 4258 2267 4294 των
2292 4238 2438 4311 lii);
2468 4239 2653 4310 Τούτῳ
2680 4239 2788 4309 γάρ
2818 4239 2875 4291 σέ
2911 4257 3044 4309 φασι
3081 4241 3379 4312 κεχρῆσθαι
3409 4241 3488 4312 τῷ
3533 4244 3757 4314 ῥήματι

480 4421 653 4501 μεριξ..
682 4437 995 4501 quanquam
1028 4421 1325 4501 addita__es_t
1352 4422 1596 4501 secunda
1615 4438 1780 4501 manu
1814 4424 1868 4478 in
1900 4422 2049 4479 Harl.

2164 4421 2454 4501 rom-Edidi
2496 4421 2786 4501 γρᾲμμασι
2824 4421 3319 4501 πράγματαζπρὸς
3355 4421 3545 4501 ἑαυτὸν
3575 4439 3760 4493 μετα-

477 4492 683 4548 Ibidem
709 4491 1024 4566 συμφώνως
1071 4493 1125 4566 in
1171 4493 1353 4548 editis.
1390 4492 1568 4558 Harl.,
1609 4492 1781 4550 Coisl.
1824 4502 2057 4566 uterque

477 4572 533 4619 et
556 4560 941 4632 uterque‘Reg.
976 4570 1036 4615 ut
1066 4565 1122 4615 in
1153 4571 1325 4616 textu.

551 4634 628 4704 (9)
658 4631 1109 4704 Καταμιίθᾴντᾳ.
1147 4632 1237 4704 Sic
1264 4633 1397 4687 edit.
1434 4631 1643 4703 Hagan.
1680 4641 1735 4687 et
1758 4633 1934 4704 prima
1959 4633 2062 4688 Ba-

480 4701 736 4759 sileensis
778 4701 902 4757 cum
950 4701 1127 4764 Harl.,
1170 4702 1337 4759 Coisl.
1388 4701 1568 4773 primo
1599 4711 1654 4757 et
1690 4701 1865 4760 tribus
1911 4705 2055 4759 aliis.

480 4774 737 4858 Refertur
767 4773 1035 4858 _videlicet
1081 4773 1186 4858 hoc
1212 4774 1582 4858 'participium
1633 4773 1867 4858 εᾶηέμέ,
1912 4775 2057 4856 quod

480 4845 646 4915 paulo
688 4852 818 4915 ante
865 4845 1167 4915 praecessit.
1212 4842 1354 4898 Edit.
1387 4842 1565 4898 Paris.
1603 4852 1658 4899 et
1695 4842 2057 4911 Basileensis,

481 4913 631 4983 anni
650 4914 807 4976 1551,
836 4913 1229 4983 καταμαθόντι.

552 4981 665 5054 (10)
697 4981 999 5039 Γίνονταιζ
1029 4984 1199 5039 Coisl.
1224 4985 1433 5054 primus
1462 4982 1787 5053 ἐγγίνονται.

556 5054 669 5126 (ll)
718 5054 943 5127 Ἐκεῖῃό
965 5055 1597 5127 gor.__Adduntquatuor
1626 5071 1760 5109 mss.
1790 5054 1888 5127 τὴν
1911 5054 2063 5127 πρώ-

483 5122 841 5246 την,¹ὶιειῐιρο
874 5124 1049 5189 Harl.,
1086 5123 1235 5189 ναι..
1270 5122 1437 5179 Coisl.
1482 5126 1694 5195 primus
1725 5132 1781 5180 et
1811 5122 2063 5196 Regfse-

485 5211 721 5246 CHn(US.

485 5211 721 5251 CHDUUS.

560 5265 671 5335 (ιε)
705 5266 1217 5337 Πεπιστεύξιαμεν.
1247 5262 1383 5337 Tres
1409 5280 1561 5337 mss;
1578 5264 2060 5337 πεπιστεύκειμεν,

486 5351 683 5407 nempe
717 5334 892 5407 Harl.,
928 5335 1098 5407 Coisl.
1142 5335 1419 5407 secundus
1450 5343 1504 5389 et
1536 5336 1669 5407 Reg.
1696 5334 1991 5407 secundus.

559 5404 670 5476 (ίᾷ)
718 5405 850 5476 Ἐπὶ
902 5405 1212 5476 τοσοῦτον.
1260 5405 1429 5476 Eoisl.
1468 5404 1680 5476 primus
1710 5414 1765 5461 et
1799 5406 1939 5461 Med.
1973 5409 2066 5461 ἐπ)⁵

486 5473 947 5548 τοσούτῳ.-Ρξιυίο
986 5475 1281 5548 postide
1309 5473 1485 5531 Coisl.
1512 5479 1684 5548 χωρὶς
1712 5476 2061 5543 ἀποδείξεως.

490 5543 706 5597 Ibidem
726 5543 864 5598 Med.
900 5546 1012 5613 Καὶ
1042 5545 1095 5597 τί
1123 5544 1285 5613 λέγω.
1462 5549 1469 5558 ’

560 5613 674 5689 (μ)
712 5612 991 5689 Γραφῇ...
1025 5612 1289 5689 ἐξειπεῖν
1317 5614 1459 5689 ἔδει.
1514 5614 1612 5689 ita,
1639 5632 1848 5689 septem
1900 5635 2061 5682 mss..

488 5684 594 5739 nisi
625 5688 770 5755 quod
798 5684 853 5739 in
881 5686 1057 5740 tribus
1088 5686 1485 5744 recentioribus
1514 5684 1720 5759 legitur
1738 5693 1874 5760 πρὸς
1906 5708 2064 5745 σεαυ-

2164 4493 2504 4587 πέμψασθαι.
2534 4493 2598 4544 Εἰ
2629 4492 2684 4545 δέ
2709 4492 2926 4555 πάντως
2959 4492 3053 4546 καὶ
3080 4492 3238 4545 τοῦτο
3268 4492 3367 4544 οὐκ
3396 4492 3523 4545 ἔδει.

2260 4565 2342 4587 neu
2387 4563 2487 4587 1/-.\
2521 4563 2985 4587 ..μ-----,..--,ι---,.--
3040 4562 3110 4587 Ι.-
3161 4560 3289 4587 ll....l
3381 4560 3481 4587 ‘T..s

2231 4560 2489 4636 ({5le
2515 4562 3113 4636 o’tgyypaycjrtair.Alta
3158 4560 3335 4636 flarl.,
3381 4560 3530 4636 Yat"
3567 4560 3756 4621 Coisl.

2162 4631 2439 4690 secundus
2464 4645 2518 4688 et
2543 4633 2685 4687 alius
2718 4648 2747 4685 a
2785 4631 3118 4687 Combeﬁsio
3145 4633 3372 4687 citatus.
3397 4631 3583 4688 Deleta
3609 4646 3760 4689 sunt

2161 4706 2279 4760 haec
2319 4705 2486 4775 verba
2530 4704 2587 4757 in
2630 4703 3201 4775 Coislinianoprimo.
3250 4702 3393 4775 Editi
3426 4703 3459 4774 ἢ
3495 4720 3759 4775 συγγρα-

2201 4777 2390 4829 ὁντων.
2418 4772 2749 4828 Vertendum
2790 4782 2946 4842 putat
2974 4774 3359 4833 Combelisius.
3411 4772 3474 4827 ac
3503 4772 3764 4829 conseri--

2201 4794 2390 4829 οντων.
2429 4794 2749 4828 vertenuum
2790 4794 2946 4842 putat
2974 4794 3359 4833 uomocnsms.
3411 4794 3474 4827 ac
3503 4794 3759 4829 conseri--

2162 4794 2371 4909 Zamus,
2404 4845 2457 4898 id
2489 4854 2592 4909 est,
2623 4862 2686 4897 ac
2725 4845 2771 4897 si
2816 4844 2939 4897 aliis
2976 4845 3108 4897 socii
3152 4854 3204 4898 et
3242 4844 3515 4912 adjutores
3549 4844 3759 4904 simus.

2161 4915 2363 4970 Fateor
2409 4914 2541 4968 milii
2592 4930 2701 4968 non
2747 4915 2966 4983 probari
3016 4913 3158 4969 hanc
3210 4914 3759 4984 interpretationem.

2163 4985 2300 5040 Illud
2331 4985 2477 5057 enim
2499 4985 2937 5057 συγγραφόντων
2969 4984 3107 5057 nihil
3136 4986 3283 5040 aliud
3315 4985 3417 5039 hoc
3447 4988 3566 5039 loco
3596 4986 3765 5041 desi-

2163 5065 2314 5127 gnat,
2353 5056 2458 5127 nisi
2496 5055 2668 5110 libros
2698 5064 2752 5110 et
2783 5056 3263 5127 pertractationes,
3294 5066 3348 5109 et
3379 5057 3628 5111 additum
3667 5058 3766 5111 vi-

2165 5125 2325 5183 detur
2347 5125 2415 5179 ad
2444 5127 2883 5199 eXplanationem
2914 5126 3273 5199 pmcedentis
3311 5128 3462 5199 vocis
3488 5127 3766 5199 γραφόν-

2164 5216 2293 5260 των,
2329 5211 2451 5266 quae
2492 5212 2617 5251 cum
2655 5197 2830 5263 accipi
2864 5203 3050 5265 posset
3089 5197 3156 5251 de
3191 5198 3389 5253 litteris
3433 5197 3500 5252 ad
3534 5197 3766 5254 amicos

2166 5268 2411 5337 scriptis,
2459 5266 2623 5319 aliam
2672 5266 2968 5320 adhibebat
2995 5267 3350 5329 Athanasius,
3391 5278 3449 5321 ut.
3477 5268 3791 5323 Basilium-

2167 5347 2378 5409 pateret
2421 5352 2541 5409 non,
2575 5337 2965 5409 incogitantem
3005 5346 3077 5409 et,
3108 5338 3510 5406 imprudentem
3570 5353 3769 5394 noxas

2168 5407 2410 5463 scribere
2438 5414 2499 5478 ut
2532 5407 2802 5461 interdum
2838 5407 2896 5459 ﬁt
2920 5408 2973 5460 in
2997 5408 3267 5476 epistolis.
3298 5409 3394 5463 sed
3419 5410 3544 5461 data
3577 5424 3767 5478 opera

2167 5479 2337 5533 libros
2379 5478 2435 5531 in
2480 5477 2584 5531 hoc
2618 5492 2818 5546 genere
2846 5492 3194 5546 componere.
3229 5478 3371 5544 Hinc
3398 5478 3603 5535 Basilio
3619 5477 3770 5533 haec

2168 5548 2409 5602 audienti
2434 5548 2603 5618 subiit
2631 5547 2830 5618 vereri,
2858 5549 3006 5618 quod
3036 5563 3104 5602 ne
3130 5563 3270 5618 Opus
3304 5550 3620 5605 literezicum
3649 5564 3768 5602 no-

2167 5619 2301 5690 mini
2331 5633 2433 5672 suo
2464 5617 2698 5690 allictu_m
2730 5617 3281 5690 fuisset..Conﬁrrnat
3308 5621 3446 5674 hanc
3478 5621 3773 5690 interpre-

2169 5689 2431 5745 tationem
2459 5687 2595 5743 illud
2625 5687 2811 5745 Basilii
2842 5689 2908 5746 de
2937 5686 3225 5745 Eustathio
3259 5690 3466 5746 dictum
3495 5693 3551 5744 in
3578 5686 3769 5746 epist.
