  <div class='ocr_page' id='page_1' title='image "/cluster/home/n/w/nwhite01/storage/ocr_20150623/32/nnc1.0046978879/202.png"; bbox 0 0 3870 6218; ppageno 0'>
   <div class='ocr_carea' id='block_1_1' title="bbox 147 276 252 334">
    <p class='ocr_par' dir='ltr' id='par_1_1' title="bbox 147 276 252 334">
     <span class='ocr_line' id='line_1_1' title="bbox 147 276 252 334; baseline -0.01 0"><span class='ocrx_word' id='word_1_1' title='bbox 147 276 252 334; x_wconf 75' lang='grc'><strong>501</strong></span> 
     </span>
    </p>
   </div>
   <div class='ocr_carea' id='block_1_2' title="bbox 1084 272 2474 334">
    <p class='ocr_par' dir='ltr' id='par_1_2' title="bbox 1084 272 2474 334">
     <span class='ocr_line' id='line_1_2' title="bbox 1084 272 2474 334; baseline -0.002 -2"><span class='ocrx_word' id='word_1_2' title='bbox 1084 276 1574 334; x_wconf 69' lang='grc' dir='ltr'><strong>ΕΡΖΘΤΟιΑΒωΙ</strong></span> <span class='ocrx_word' id='word_1_3' title='bbox 1610 272 1898 333; x_wconf 79' lang='lat' dir='ltr'><strong>CLASSIS</strong></span> <span class='ocrx_word' id='word_1_4' title='bbox 1933 274 1972 329; x_wconf 93' lang='grc'>1.</span> <span class='ocrx_word' id='word_1_5' title='bbox 2017 272 2239 331; x_wconf 85' lang='lat' dir='ltr'><strong>EPIST.</strong></span> <span class='ocrx_word' id='word_1_6' title='bbox 2281 274 2474 329; x_wconf 72' lang='lat' dir='ltr'><strong>XXVI.</strong></span> 
     </span>
    </p>
   </div>
   <div class='ocr_carea' id='block_1_3' title="bbox 3327 264 3432 328">
    <p class='ocr_par' dir='ltr' id='par_1_3' title="bbox 3327 264 3432 328">
     <span class='ocr_line' id='line_1_3' title="bbox 3327 264 3432 328; baseline -0.029 -2"><span class='ocrx_word' id='word_1_7' title='bbox 3327 264 3432 328; x_wconf 73' lang='grc' dir='ltr'><strong>’5οἓ</strong></span> 
     </span>
    </p>
   </div>
   <div class='ocr_carea' id='block_1_4' title="bbox 148 392 1738 470">
    <p class='ocr_par' dir='ltr' id='par_1_4' title="bbox 148 398 1732 470">
     <span class='ocr_line' id='line_1_4' title="bbox 148 398 1732 470; baseline 0 -19"><span class='ocrx_word' id='word_1_8' title='bbox 148 401 203 451; x_wconf 78' lang='grc' dir='ltr'><strong>οἱ</strong></span> <span class='ocrx_word' id='word_1_9' title='bbox 234 400 329 452; x_wconf 78' lang='grc' dir='ltr'><strong>ἐπὶ</strong></span> <span class='ocrx_word' id='word_1_10' title='bbox 359 399 556 466; x_wconf 77' lang='grc' dir='ltr'>λέξεως</span> <span class='ocrx_word' id='word_1_11' title='bbox 587 398 656 452; x_wconf 80' lang='grc' dir='ltr'>τὰ</span> <span class='ocrx_word' id='word_1_12' title='bbox 681 400 749 452; x_wconf 71' lang='grc' dir='ltr'>σὰ</span> <span class='ocrx_word' id='word_1_13' title='bbox 766 400 1131 469; x_wconf 78' lang='grc' dir='ltr'>διηγούμενοι.</span> <span class='ocrx_word' id='word_1_14' title='bbox 1168 400 1298 470; x_wconf 83' lang='grc' dir='ltr'><strong>Ἐμὲ</strong></span> <span class='ocrx_word' id='word_1_15' title='bbox 1329 400 1406 461; x_wconf 80' lang='grc' dir='ltr'>δὲ,</span> <span class='ocrx_word' id='word_1_16' title='bbox 1437 400 1531 452; x_wconf 72' lang='grc' dir='ltr'><strong>ἐπὶ</strong></span> <span class='ocrx_word' id='word_1_17' title='bbox 1559 398 1732 453; x_wconf 85' lang='grc' dir='ltr'>πολλὰ</span> 
     </span>
    </p>
   </div>
   <div class='ocr_carea' id='block_1_5' title="bbox 1848 392 3429 470">
    <p class='ocr_par' dir='ltr' id='par_1_5' title="bbox 1848 392 3429 466">
     <span class='ocr_line' id='line_1_5' title="bbox 1848 392 3429 466; baseline -0.004 -15"><span class='ocrx_word' id='word_1_18' title='bbox 1848 403 1891 451; x_wconf 68' lang='lat' dir='ltr'><strong>at</strong></span> <span class='ocrx_word' id='word_1_19' title='bbox 1914 396 2202 466; x_wconf 84' lang='lat' dir='ltr'><strong>componi?</strong></span> <span class='ocrx_word' id='word_1_20' title='bbox 2224 395 2360 451; x_wconf 88' lang='lat' dir='ltr'><strong>Nam</strong></span> <span class='ocrx_word' id='word_1_21' title='bbox 2392 397 2501 452; x_wconf 88' lang='lat' dir='ltr'><strong>isto</strong></span> <span class='ocrx_word' id='word_1_22' title='bbox 2530 404 2583 451; x_wconf 90' lang='lat' dir='ltr'><strong>te</strong></span> <span class='ocrx_word' id='word_1_23' title='bbox 2603 397 2874 452; x_wconf 89' lang='lat' dir='ltr'><strong>vocabulo</strong></span> <span class='ocrx_word' id='word_1_24' title='bbox 2907 411 3068 452; x_wconf 88' lang='lat' dir='ltr'><strong>usum</strong></span> <span class='ocrx_word' id='word_1_25' title='bbox 3097 408 3221 450; x_wconf 88' lang='lat' dir='ltr'><strong>esse</strong></span> <span class='ocrx_word' id='word_1_26' title='bbox 3245 392 3429 457; x_wconf 88' lang='lat' dir='ltr'><strong>aiunt,</strong></span> 
     </span>
    </p>
   </div>
   <div class='ocr_carea' id='block_1_6' title="bbox 151 491 1744 563">
    <p class='ocr_par' dir='ltr' id='par_1_6' title="bbox 151 491 1744 563">
     <span class='ocr_line' id='line_1_6' title="bbox 151 491 1744 563; baseline -0.001 -19"><span class='ocrx_word' id='word_1_27' title='bbox 151 494 254 563; x_wconf 76' lang='grc' dir='ltr'><strong>τὴν</strong></span> <span class='ocrx_word' id='word_1_28' title='bbox 280 494 519 547; x_wconf 74' lang='grc' dir='ltr'>διάνοιαν</span> <span class='ocrx_word' id='word_1_29' title='bbox 552 495 828 561; x_wconf 78' lang='grc' dir='ltr'><strong>ἀγαγόντα</strong></span> <span class='ocrx_word' id='word_1_30' title='bbox 856 493 953 563; x_wconf 78' lang='grc' dir='ltr'><strong>τὴν</strong></span> <span class='ocrx_word' id='word_1_31' title='bbox 983 493 1243 562; x_wconf 77' lang='grc' dir='ltr'>ἐμαυτοῦ,</span> <span class='ocrx_word' id='word_1_32' title='bbox 1270 492 1424 546; x_wconf 76' lang='grc' dir='ltr'>οὐδέν</span> <span class='ocrx_word' id='word_1_33' title='bbox 1452 510 1508 545; x_wconf 89' lang='grc' dir='ltr'><strong>τι</strong></span> <span class='ocrx_word' id='word_1_34' title='bbox 1544 491 1744 563; x_wconf 83' lang='grc' dir='ltr'>μᾶλλον</span> 
     </span>
    </p>
   </div>
   <div class='ocr_carea' id='block_1_7' title="bbox 151 584 1744 655">
    <p class='ocr_par' dir='ltr' id='par_1_7' title="bbox 151 584 1744 655">
     <span class='ocr_line' id='line_1_7' title="bbox 151 584 1744 655; baseline -0.001 -18"><span class='ocrx_word' id='word_1_35' title='bbox 151 586 257 652; x_wconf 78' lang='grc' dir='ltr'>τῆς</span> <span class='ocrx_word' id='word_1_36' title='bbox 293 586 602 655; x_wconf 75' lang='grc' dir='ltr'><strong>ἀμηχανίας</strong></span> <span class='ocrx_word' id='word_1_37' title='bbox 646 585 888 654; x_wconf 79' lang='grc' dir='ltr'>ἀφίησιν.</span> <span class='ocrx_word' id='word_1_38' title='bbox 918 586 1080 638; x_wconf 81' lang='grc' dir='ltr'>Ὥστε</span> <span class='ocrx_word' id='word_1_39' title='bbox 1129 602 1196 654; x_wconf 89' lang='grc' dir='ltr'><strong>με</strong></span> <span class='ocrx_word' id='word_1_40' title='bbox 1252 586 1348 638; x_wconf 75' lang='grc' dir='ltr'><strong>καὶ</strong></span> <span class='ocrx_word' id='word_1_41' title='bbox 1400 584 1640 637; x_wconf 72' lang='grc' dir='ltr'>τοιοῦτόν</span> <span class='ocrx_word' id='word_1_42' title='bbox 1690 601 1744 636; x_wconf 89' lang='grc' dir='ltr'><strong>τι</strong></span> 
     </span>
    </p>
   </div>
   <div class='ocr_carea' id='block_1_8' title="bbox 156 674 1746 745">
    <p class='ocr_par' dir='ltr' id='par_1_8' title="bbox 156 674 1746 745">
     <span class='ocr_line' id='line_1_8' title="bbox 156 674 1746 745; baseline 0.001 -18"><span class='ocrx_word' id='word_1_43' title='bbox 156 674 411 744; x_wconf 76' lang='grc' dir='ltr'>εἰσῆλθε·</span> <span class='ocrx_word' id='word_1_44' title='bbox 477 676 550 745; x_wconf 86' lang='grc' dir='ltr'>μή</span> <span class='ocrx_word' id='word_1_45' title='bbox 598 691 683 737; x_wconf 85' lang='grc' dir='ltr'><strong>τις</strong></span> <span class='ocrx_word' id='word_1_46' title='bbox 739 674 849 726; x_wconf 83' lang='grc' dir='ltr'><strong>τῶν</strong></span> <span class='ocrx_word' id='word_1_47' title='bbox 896 675 1192 745; x_wconf 73' lang='grc' dir='ltr'>αἱρετικῶν</span> <span class='ocrx_word' id='word_1_48' title='bbox 1249 674 1573 744; x_wconf 75' lang='grc' dir='ltr'><strong>κακούργως</strong></span> <span class='ocrx_word' id='word_1_49' title='bbox 1630 677 1746 738; x_wconf 82' lang='grc' dir='ltr'>τοῖς</span> 
     </span>
    </p>
   </div>
   <div class='ocr_carea' id='block_1_9' title="bbox 157 764 1739 837">
    <p class='ocr_par' dir='ltr' id='par_1_9' title="bbox 157 764 1739 837">
     <span class='ocr_line' id='line_1_9' title="bbox 157 764 1739 837; baseline 0.001 -20"><span class='ocrx_word' id='word_1_50' title='bbox 157 764 354 817; x_wconf 78' lang='grc' dir='ltr'>ἑαυτοῦ</span> <span class='ocrx_word' id='word_1_51' title='bbox 407 766 802 837; x_wconf 81' lang='grc' dir='ltr'>συγγράμμασι</span> <span class='ocrx_word' id='word_1_52' title='bbox 844 766 906 818; x_wconf 80' lang='grc' dir='ltr'>τὸ</span> <span class='ocrx_word' id='word_1_53' title='bbox 947 766 1082 834; x_wconf 78' lang='grc' dir='ltr'>ἐμὸν</span> <span class='ocrx_word' id='word_1_54' title='bbox 1136 766 1307 836; x_wconf 80' lang='grc' dir='ltr'>ὄνομα</span> <span class='ocrx_word' id='word_1_55' title='bbox 1349 765 1739 837; x_wconf 69' lang='grc' dir='ltr'><strong>παραγράψας,</strong></span> 
     </span>
    </p>
   </div>
   <div class='ocr_carea' id='block_1_10' title="bbox 155 854 1743 928">
    <p class='ocr_par' dir='ltr' id='par_1_10' title="bbox 155 854 1743 928">
     <span class='ocr_line' id='line_1_10' title="bbox 155 854 1743 928; baseline 0.001 -20"><span class='ocrx_word' id='word_1_56' title='bbox 155 854 405 925; x_wconf 79' lang='grc' dir='ltr'>ἐλύπησέ</span> <span class='ocrx_word' id='word_1_57' title='bbox 432 872 525 907; x_wconf 88' lang='grc' dir='ltr'><strong>σου</strong></span> <span class='ocrx_word' id='word_1_58' title='bbox 549 855 647 926; x_wconf 80' lang='grc' dir='ltr'><strong>τὴν</strong></span> <span class='ocrx_word' id='word_1_59' title='bbox 673 856 961 927; x_wconf 82' lang='grc' dir='ltr'>ὀρθότητα,</span> <span class='ocrx_word' id='word_1_60' title='bbox 1002 857 1098 909; x_wconf 74' lang='grc' dir='ltr'><strong>καὶ</strong></span> <span class='ocrx_word' id='word_1_61' title='bbox 1139 857 1355 927; x_wconf 81' lang='grc' dir='ltr'>ἐκείνην</span> <span class='ocrx_word' id='word_1_62' title='bbox 1393 858 1609 927; x_wconf 81' lang='grc' dir='ltr'>ἀφεῖναι</span> <span class='ocrx_word' id='word_1_63' title='bbox 1645 856 1743 928; x_wconf 81' lang='grc' dir='ltr'>τὴν</span> 
     </span>
    </p>
   </div>
   <div class='ocr_carea' id='block_1_11' title="bbox 154 947 1744 1020">
    <p class='ocr_par' dir='ltr' id='par_1_11' title="bbox 154 947 1744 1020">
     <span class='ocr_line' id='line_1_11' title="bbox 154 947 1744 1020; baseline 0.002 -22"><span class='ocrx_word' id='word_1_64' title='bbox 154 947 343 1017; x_wconf 75' lang='grc' dir='ltr'>φωνὴν</span> <span class='ocrx_word' id='word_1_65' title='bbox 387 949 749 1019; x_wconf 77' lang='grc' dir='ltr'><strong>προηγάγετο.</strong></span> <span class='ocrx_word' id='word_1_66' title='bbox 791 949 865 1001; x_wconf 83' lang='grc' dir='ltr'>Ού</span> <span class='ocrx_word' id='word_1_67' title='bbox 900 949 1010 1020; x_wconf 76' lang='grc' dir='ltr'>γὰρ</span> <span class='ocrx_word' id='word_1_68' title='bbox 1057 949 1123 1020; x_wconf 84' lang='grc' dir='ltr'>δὴ</span> <span class='ocrx_word' id='word_1_69' title='bbox 1176 953 1292 1012; x_wconf 84' lang='grc' dir='ltr'>τοῖς</span> <span class='ocrx_word' id='word_1_70' title='bbox 1336 950 1744 1019; x_wconf 79' lang='grc' dir='ltr'><strong>γεγραμμένοις</strong></span> 
     </span>
    </p>
   </div>
   <div class='ocr_carea' id='block_1_12' title="bbox 157 1038 1745 1111">
    <p class='ocr_par' dir='ltr' id='par_1_12' title="bbox 157 1038 1745 1111">
     <span class='ocr_line' id='line_1_12' title="bbox 157 1038 1745 1111; baseline 0.003 -21"><span class='ocrx_word' id='word_1_71' title='bbox 157 1041 249 1107; x_wconf 70' lang='grc' dir='ltr'><strong>ὑφ’</strong></span> <span class='ocrx_word' id='word_1_72' title='bbox 278 1038 439 1109; x_wconf 81' lang='grc' dir='ltr'>ἡμῶν</span> <span class='ocrx_word' id='word_1_73' title='bbox 470 1041 606 1108; x_wconf 76' lang='grc' dir='ltr'>πρὸς</span> <span class='ocrx_word' id='word_1_74' title='bbox 634 1040 762 1104; x_wconf 72' lang='grc' dir='ltr'>τοὺς</span> <span class='ocrx_word' id='word_1_75' title='bbox 791 1042 1043 1111; x_wconf 86' lang='grc' dir='ltr'>ἀνόμοιον</span> <span class='ocrx_word' id='word_1_76' title='bbox 1074 1045 1195 1093; x_wconf 84' lang='grc' dir='ltr'>κατ’</span> <span class='ocrx_word' id='word_1_77' title='bbox 1217 1040 1409 1093; x_wconf 81' lang='grc' dir='ltr'>οὐσίαν</span> <span class='ocrx_word' id='word_1_78' title='bbox 1440 1041 1745 1111; x_wconf 81' lang='grc' dir='ltr'>τολμήσαν-</span> 
     </span>
    </p>
   </div>
   <div class='ocr_carea' id='block_1_13' title="bbox 154 1129 1739 1203">
    <p class='ocr_par' dir='ltr' id='par_1_13' title="bbox 154 1129 1739 1203">
     <span class='ocr_line' id='line_1_13' title="bbox 154 1129 1739 1203; baseline 0.001 -22"><span class='ocrx_word' id='word_1_79' title='bbox 154 1146 255 1191; x_wconf 86' lang='grc' dir='ltr'><strong>τας</strong></span> <span class='ocrx_word' id='word_1_80' title='bbox 275 1131 453 1182; x_wconf 78' lang='grc' dir='ltr'>εἰπεῖν</span> <span class='ocrx_word' id='word_1_81' title='bbox 481 1131 570 1183; x_wconf 85' lang='grc' dir='ltr'><strong>τὸν</strong></span> <span class='ocrx_word' id='word_1_82' title='bbox 614 1131 740 1183; x_wconf 80' lang='grc' dir='ltr'>Υἱδν</span> <span class='ocrx_word' id='word_1_83' title='bbox 780 1132 874 1183; x_wconf 78' lang='grc' dir='ltr'><strong>καὶ</strong></span> <span class='ocrx_word' id='word_1_84' title='bbox 911 1132 1043 1184; x_wconf 79' lang='grc' dir='ltr'>Θεὸν</span> <span class='ocrx_word' id='word_1_85' title='bbox 1092 1130 1171 1201; x_wconf 87' lang='grc' dir='ltr'><strong>τῷ</strong></span> <span class='ocrx_word' id='word_1_86' title='bbox 1215 1129 1333 1200; x_wconf 83' lang='grc' dir='ltr'><strong>Θεῷ</strong></span> <span class='ocrx_word' id='word_1_87' title='bbox 1364 1131 1457 1184; x_wconf 70' lang='grc' dir='ltr'>καὶ</span> <span class='ocrx_word' id='word_1_88' title='bbox 1488 1131 1681 1203; x_wconf 75' lang='grc' dir='ltr'>Πατρὶ,</span> <span class='ocrx_word' id='word_1_89' title='bbox 1705 1131 1739 1201; x_wconf 77' lang='grc' dir='ltr'>ἢ</span> 
     </span>
    </p>
   </div>
   <div class='ocr_carea' id='block_1_14' title="bbox 154 1218 1743 1292">
    <p class='ocr_par' dir='ltr' id='par_1_14' title="bbox 154 1218 1743 1292">
     <span class='ocr_line' id='line_1_14' title="bbox 154 1218 1743 1292; baseline 0.003 -22"><span class='ocrx_word' id='word_1_90' title='bbox 154 1222 295 1291; x_wconf 64' lang='grc' dir='ltr'>πρὸς</span> <span class='ocrx_word' id='word_1_91' title='bbox 324 1223 455 1283; x_wconf 76' lang='grc' dir='ltr'>τοὺς</span> <span class='ocrx_word' id='word_1_92' title='bbox 493 1221 701 1291; x_wconf 79' lang='grc' dir='ltr'><strong>κτίσμα</strong></span> <span class='ocrx_word' id='word_1_93' title='bbox 750 1224 843 1275; x_wconf 76' lang='grc' dir='ltr'><strong>καὶ</strong></span> <span class='ocrx_word' id='word_1_94' title='bbox 891 1222 1104 1292; x_wconf 85' lang='grc' dir='ltr'>ποίημα</span> <span class='ocrx_word' id='word_1_95' title='bbox 1129 1218 1268 1274; x_wconf 73' lang='grc' dir='ltr'>εἶναι</span> <span class='ocrx_word' id='word_1_96' title='bbox 1313 1223 1374 1274; x_wconf 87' lang='grc' dir='ltr'><strong>τὸ</strong></span> <span class='ocrx_word' id='word_1_97' title='bbox 1427 1222 1648 1291; x_wconf 82' lang='grc' dir='ltr'>Πνεῦμα</span> <span class='ocrx_word' id='word_1_98' title='bbox 1682 1221 1743 1274; x_wconf 90' lang='grc' dir='ltr'><strong>τὸ</strong></span> 
     </span>
    </p>
   </div>
   <div class='ocr_carea' id='block_1_15' title="bbox 155 1312 1742 1385">
    <p class='ocr_par' dir='ltr' id='par_1_15' title="bbox 155 1312 1742 1385">
     <span class='ocr_line' id='line_1_15' title="bbox 155 1312 1742 1385; baseline 0.003 -20"><span class='ocrx_word' id='word_1_99' title='bbox 155 1314 309 1380; x_wconf 75' lang='grc' dir='ltr'>ἅγιον</span> <span class='ocrx_word' id='word_1_100' title='bbox 339 1312 859 1385; x_wconf 76' lang='grc' dir='ltr'>βλασφημήσαντας,</span> <span class='ocrx_word' id='word_1_101' title='bbox 906 1314 1109 1385; x_wconf 85' lang='grc' dir='ltr'>ταύτην</span> <span class='ocrx_word' id='word_1_102' title='bbox 1152 1314 1219 1367; x_wconf 85' lang='grc' dir='ltr'><strong>ἂν</strong></span> <span class='ocrx_word' id='word_1_103' title='bbox 1262 1317 1588 1383; x_wconf 81' lang='grc' dir='ltr'>ἐπενεγκεῖν</span> <span class='ocrx_word' id='word_1_104' title='bbox 1642 1315 1742 1385; x_wconf 85' lang='grc' dir='ltr'>τὴν</span> 
     </span>
    </p>
   </div>
   <div class='ocr_carea' id='block_1_16' title="bbox 151 1395 1741 1477">
    <p class='ocr_par' dir='ltr' id='par_1_16' title="bbox 151 1395 1741 1477">
     <span class='ocr_line' id='line_1_16' title="bbox 151 1395 1741 1477; baseline 0.003 -21"><span class='ocrx_word' id='word_1_105' title='bbox 151 1404 423 1475; x_wconf 74' lang='grc' dir='ltr'>λοιδορίαν</span> <span class='ocrx_word' id='word_1_106' title='bbox 456 1404 707 1477; x_wconf 77' lang='grc' dir='ltr'>ἠνέσχου,</span> <span class='ocrx_word' id='word_1_107' title='bbox 746 1410 775 1459; x_wconf 87' lang='grc' dir='ltr'><strong>ό</strong></span> <span class='ocrx_word' id='word_1_108' title='bbox 810 1407 936 1470; x_wconf 77' lang='grc' dir='ltr'>τοὺς</span> <span class='ocrx_word' id='word_1_109' title='bbox 960 1395 1227 1477; x_wconf 72' lang='grc' dir='ltr'>μεγάλους</span> <span class='ocrx_word' id='word_1_110' title='bbox 1261 1406 1457 1471; x_wconf 79' lang='grc' dir='ltr'>ἄθλους</span> <span class='ocrx_word' id='word_1_111' title='bbox 1500 1408 1741 1471; x_wconf 72' lang='grc' dir='ltr'>ἐκείνους</span> 
     </span>
    </p>
   </div>
   <div class='ocr_carea' id='block_1_17' title="bbox 152 1496 1737 1569">
    <p class='ocr_par' dir='ltr' id='par_1_17' title="bbox 152 1496 1737 1569">
     <span class='ocr_line' id='line_1_17' title="bbox 152 1496 1737 1569; baseline 0.003 -20"><span class='ocrx_word' id='word_1_112' title='bbox 152 1498 249 1549; x_wconf 84' lang='grc' dir='ltr'><strong>καί</strong></span> <span class='ocrx_word' id='word_1_113' title='bbox 297 1496 660 1567; x_wconf 78' lang='grc' dir='ltr'>περιϐοήτους</span> <span class='ocrx_word' id='word_1_114' title='bbox 714 1499 849 1569; x_wconf 77' lang='grc' dir='ltr'>ὑπὲρ</span> <span class='ocrx_word' id='word_1_115' title='bbox 911 1502 1010 1569; x_wconf 82' lang='grc' dir='ltr'>τῆς</span> <span class='ocrx_word' id='word_1_116' title='bbox 1066 1498 1374 1569; x_wconf 74' lang='grc' dir='ltr'>ὀρθοδοξίας</span> <span class='ocrx_word' id='word_1_117' title='bbox 1422 1499 1737 1568; x_wconf 81' lang='grc' dir='ltr'>διενεγκών.</span> 
     </span>
    </p>
   </div>
   <div class='ocr_carea' id='block_1_18' title="bbox 154 1585 1743 1658">
    <p class='ocr_par' dir='ltr' id='par_1_18' title="bbox 154 1585 1743 1658">
     <span class='ocr_line' id='line_1_18' title="bbox 154 1585 1743 1658; baseline 0.002 -19"><span class='ocrx_word' id='word_1_118' title='bbox 154 1585 365 1649; x_wconf 73' lang='grc' dir='ltr'>Δύο-αις</span> <span class='ocrx_word' id='word_1_119' title='bbox 395 1585 509 1657; x_wconf 79' lang='grc'><strong>(16)</strong></span> <span class='ocrx_word' id='word_1_120' title='bbox 534 1586 580 1639; x_wconf 84' lang='grc' dir='ltr'>δ’</span> <span class='ocrx_word' id='word_1_121' title='bbox 611 1586 676 1639; x_wconf 77' lang='grc' dir='ltr'>ἂν</span> <span class='ocrx_word' id='word_1_122' title='bbox 704 1589 833 1657; x_wconf 74' lang='grc' dir='ltr'>ἡμῖν</span> <span class='ocrx_word' id='word_1_123' title='bbox 866 1589 964 1657; x_wconf 79' lang='grc' dir='ltr'>τὴν</span> <span class='ocrx_word' id='word_1_124' title='bbox 1003 1588 1313 1658; x_wconf 79' lang='grc' dir='ltr'>ἀμηχανίαν</span> <span class='ocrx_word' id='word_1_125' title='bbox 1341 1589 1524 1653; x_wconf 76' lang='grc' dir='ltr'>αὐτὸς,</span> <span class='ocrx_word' id='word_1_126' title='bbox 1554 1592 1602 1642; x_wconf 78' lang='grc' dir='ltr'>εἰ</span> <span class='ocrx_word' id='word_1_127' title='bbox 1626 1590 1743 1642; x_wconf 77' lang='grc' dir='ltr'>ἐθε-</span> 
     </span>
    </p>
   </div>
   <div class='ocr_carea' id='block_1_19' title="bbox 150 1677 1741 1753">
    <p class='ocr_par' dir='ltr' id='par_1_19' title="bbox 150 1677 1741 1753">
     <span class='ocr_line' id='line_1_19' title="bbox 150 1677 1741 1753; baseline 0.003 -23"><span class='ocrx_word' id='word_1_128' title='bbox 150 1677 377 1748; x_wconf 80' lang='grc' dir='ltr'>λήσειας</span> <span class='ocrx_word' id='word_1_129' title='bbox 410 1681 484 1732; x_wconf 84' lang='grc' dir='ltr'>τὰ</span> <span class='ocrx_word' id='word_1_130' title='bbox 513 1680 812 1750; x_wconf 81' lang='grc' dir='ltr'>κινήσαντά</span> <span class='ocrx_word' id='word_1_131' title='bbox 848 1697 905 1732; x_wconf 88' lang='grc' dir='ltr'><strong>σε</strong></span> <span class='ocrx_word' id='word_1_132' title='bbox 934 1680 1068 1750; x_wconf 70' lang='grc' dir='ltr'>πρὸς</span> <span class='ocrx_word' id='word_1_133' title='bbox 1099 1681 1199 1752; x_wconf 74' lang='grc' dir='ltr'>τὴν</span> <span class='ocrx_word' id='word_1_134' title='bbox 1224 1680 1344 1734; x_wconf 82' lang='grc' dir='ltr'>καθ’</span> <span class='ocrx_word' id='word_1_135' title='bbox 1381 1680 1538 1751; x_wconf 84' lang='grc' dir='ltr'>ἡμῶν</span> <span class='ocrx_word' id='word_1_136' title='bbox 1566 1682 1741 1753; x_wconf 80' lang='grc' dir='ltr'>λύπην</span> 
     </span>
    </p>
   </div>
   <div class='ocr_carea' id='block_1_20' title="bbox 150 1769 770 1841">
    <p class='ocr_par' dir='ltr' id='par_1_20' title="bbox 150 1769 770 1841">
     <span class='ocr_line' id='line_1_20' title="bbox 150 1769 770 1841; baseline 0.006 -20"><span class='ocrx_word' id='word_1_137' title='bbox 150 1769 407 1841; x_wconf 76' lang='grc' dir='ltr'>φανερῶς</span> <span class='ocrx_word' id='word_1_138' title='bbox 435 1770 770 1839; x_wconf 76' lang='grc' dir='ltr'>ἐξαγγεῖλαι.</span> 
     </span>
    </p>
   </div>
   <div class='ocr_carea' id='block_1_21' title="bbox 678 1972 1207 2040">
    <p class='ocr_par' dir='ltr' id='par_1_21' title="bbox 678 1972 1207 2040">
     <span class='ocr_line' id='line_1_21' title="bbox 678 1972 1207 2040; baseline 0.011 -17"><span class='ocrx_word' id='word_1_139' title='bbox 678 1972 1024 2026; x_wconf 78' lang='grc' dir='ltr'><strong>ΕΠΙΣΤυΛΗ</strong></span> <span class='ocrx_word' id='word_1_140' title='bbox 1061 1975 1207 2040; x_wconf 66' lang='lat' dir='ltr'><strong>KC’.</strong></span> 
     </span>
    </p>
   </div>
   <div class='ocr_carea' id='block_1_22' title="bbox 1844 484 3429 559">
    <p class='ocr_par' dir='ltr' id='par_1_22' title="bbox 1844 484 3429 559">
     <span class='ocr_line' id='line_1_22' title="bbox 1844 484 3429 559; baseline -0.004 -16"><span class='ocrx_word' id='word_1_141' title='bbox 1844 490 1939 559; x_wconf 85' lang='lat' dir='ltr'><strong>qui</strong></span> <span class='ocrx_word' id='word_1_142' title='bbox 1972 489 2197 544; x_wconf 76' lang='lat' dir='ltr'><strong>totidem</strong></span> <span class='ocrx_word' id='word_1_143' title='bbox 2243 489 2429 544; x_wconf 83' lang='lat' dir='ltr'><strong>verbis</strong></span> <span class='ocrx_word' id='word_1_144' title='bbox 2463 497 2555 543; x_wconf 90' lang='lat' dir='ltr'><strong>tua</strong></span> <span class='ocrx_word' id='word_1_145' title='bbox 2593 490 2861 544; x_wconf 82' lang='lat' dir='ltr'><strong>referunt.</strong></span> <span class='ocrx_word' id='word_1_146' title='bbox 2918 489 2999 543; x_wconf 82' lang='lat' dir='ltr'><strong>Me</strong></span> <span class='ocrx_word' id='word_1_147' title='bbox 3034 497 3215 542; x_wconf 88' lang='lat' dir='ltr'><strong>autem</strong></span> <span class='ocrx_word' id='word_1_148' title='bbox 3251 484 3429 540; x_wconf 86' lang='lat' dir='ltr'><strong>multa</strong></span> 
     </span>
    </p>
   </div>
   <div class='ocr_carea' id='block_1_23' title="bbox 1846 579 3430 651">
    <p class='ocr_par' dir='ltr' id='par_1_23' title="bbox 1846 579 3430 651">
     <span class='ocr_line' id='line_1_23' title="bbox 1846 579 3430 651; baseline 0 -18"><span class='ocrx_word' id='word_1_149' title='bbox 1846 580 2034 634; x_wconf 86' lang='lat' dir='ltr'><strong>animo</strong></span> <span class='ocrx_word' id='word_1_150' title='bbox 2068 588 2123 634; x_wconf 92' lang='lat' dir='ltr'><strong>et</strong></span> <span class='ocrx_word' id='word_1_151' title='bbox 2167 580 2505 649; x_wconf 77' lang='lat' dir='ltr'><strong>cogitatione</strong></span> <span class='ocrx_word' id='word_1_152' title='bbox 2538 591 2883 645; x_wconf 79' lang='lat' dir='ltr'><strong>versantem,</strong></span> <span class='ocrx_word' id='word_1_153' title='bbox 2936 581 3073 635; x_wconf 90' lang='lat' dir='ltr'><strong>nihil</strong></span> <span class='ocrx_word' id='word_1_154' title='bbox 3129 579 3430 651; x_wconf 83' lang='lat' dir='ltr'><strong>quidquam</strong></span> 
     </span>
    </p>
   </div>
   <div class='ocr_carea' id='block_1_24' title="bbox 1843 669 3434 742">
    <p class='ocr_par' dir='ltr' id='par_1_24' title="bbox 1843 669 3434 742">
     <span class='ocr_line' id='line_1_24' title="bbox 1843 669 3434 742; baseline 0.001 -20"><span class='ocrx_word' id='word_1_155' title='bbox 1843 669 1914 725; x_wconf 88' lang='lat' dir='ltr'><strong>de</strong></span> <span class='ocrx_word' id='word_1_156' title='bbox 1965 670 2185 724; x_wconf 90' lang='lat' dir='ltr'><strong>consilii</strong></span> <span class='ocrx_word' id='word_1_157' title='bbox 2235 671 2418 741; x_wconf 85' lang='lat' dir='ltr'><strong>inopia</strong></span> <span class='ocrx_word' id='word_1_158' title='bbox 2464 673 2676 727; x_wconf 77' lang='lat' dir='ltr'><strong>eximit.</strong></span> <span class='ocrx_word' id='word_1_159' title='bbox 2732 671 2914 738; x_wconf 84' lang='lat' dir='ltr'><strong>Quare</strong></span> <span class='ocrx_word' id='word_1_160' title='bbox 2955 681 3012 727; x_wconf 90' lang='lat' dir='ltr'><strong>et</strong></span> <span class='ocrx_word' id='word_1_161' title='bbox 3063 671 3275 742; x_wconf 83' lang='lat' dir='ltr'><strong>aliquid</strong></span> <span class='ocrx_word' id='word_1_162' title='bbox 3326 672 3434 724; x_wconf 88' lang='lat' dir='ltr'><strong>tale</strong></span> 
     </span>
    </p>
   </div>
   <div class='ocr_carea' id='block_1_25' title="bbox 1843 762 3433 834">
    <p class='ocr_par' dir='ltr' id='par_1_25' title="bbox 1843 762 3433 834">
     <span class='ocr_line' id='line_1_25' title="bbox 1843 762 3433 834; baseline 0.001 -19"><span class='ocrx_word' id='word_1_163' title='bbox 1843 762 1979 815; x_wconf 88' lang='lat' dir='ltr'><strong>mihi</strong></span> <span class='ocrx_word' id='word_1_164' title='bbox 2008 762 2062 815; x_wconf 91' lang='lat' dir='ltr'><strong>in</strong></span> <span class='ocrx_word' id='word_1_165' title='bbox 2096 775 2330 818; x_wconf 90' lang='lat' dir='ltr'><strong>mentem</strong></span> <span class='ocrx_word' id='word_1_166' title='bbox 2362 764 2541 827; x_wconf 91' lang='lat' dir='ltr'><strong>venit,</strong></span> <span class='ocrx_word' id='word_1_167' title='bbox 2576 782 2704 819; x_wconf 90' lang='lat' dir='ltr'><strong>num</strong></span> <span class='ocrx_word' id='word_1_168' title='bbox 2738 766 2866 834; x_wconf 90' lang='lat' dir='ltr'><strong>quis</strong></span> <span class='ocrx_word' id='word_1_169' title='bbox 2896 765 3194 820; x_wconf 70' lang='lat' dir='ltr'><strong>bmreticus</strong></span> <span class='ocrx_word' id='word_1_170' title='bbox 3235 763 3433 819; x_wconf 86' lang='lat' dir='ltr'><strong>dolose</strong></span> 
     </span>
    </p>
   </div>
   <div class='ocr_carea' id='block_1_26' title="bbox 1840 854 3432 925">
    <p class='ocr_par' dir='ltr' id='par_1_26' title="bbox 1840 854 3432 925">
     <span class='ocr_line' id='line_1_26' title="bbox 1840 854 3432 925; baseline 0.001 -18"><span class='ocrx_word' id='word_1_171' title='bbox 1840 855 1961 908; x_wconf 83' lang='lat' dir='ltr'><strong>suis</strong></span> <span class='ocrx_word' id='word_1_172' title='bbox 1995 854 2170 923; x_wconf 89' lang='lat' dir='ltr'><strong>ipsius</strong></span> <span class='ocrx_word' id='word_1_173' title='bbox 2217 856 2442 925; x_wconf 87' lang='lat' dir='ltr'><strong>scriptis</strong></span> <span class='ocrx_word' id='word_1_174' title='bbox 2488 873 2693 912; x_wconf 86' lang='lat' dir='ltr'><strong>nomen</strong></span> <span class='ocrx_word' id='word_1_175' title='bbox 2743 872 2926 912; x_wconf 86' lang='lat' dir='ltr'><strong>meum</strong></span> <span class='ocrx_word' id='word_1_176' title='bbox 2981 856 3303 922; x_wconf 84' lang='lat' dir='ltr'><strong>ascribcns,</strong></span> <span class='ocrx_word' id='word_1_177' title='bbox 3343 870 3432 908; x_wconf 66' lang='lat' dir='ltr'><strong>reo</strong></span> 
     </span>
    </p>
   </div>
   <div class='ocr_carea' id='block_1_27' title="bbox 1841 944 3432 1018">
    <p class='ocr_par' dir='ltr' id='par_1_27' title="bbox 1841 944 3432 1018">
     <span class='ocr_line' id='line_1_27' title="bbox 1841 944 3432 1018; baseline 0.001 -19"><span class='ocrx_word' id='word_1_178' title='bbox 1841 944 2094 999; x_wconf 88' lang='lat' dir='ltr'><strong>ctitudini</strong></span> <span class='ocrx_word' id='word_1_179' title='bbox 2124 954 2231 1000; x_wconf 77' lang='lat' dir='ltr'><strong>tua:</strong></span> <span class='ocrx_word' id='word_1_180' title='bbox 2260 947 2569 1003; x_wconf 87' lang='lat' dir='ltr'><strong>molestiam</strong></span> <span class='ocrx_word' id='word_1_181' title='bbox 2616 949 2857 1010; x_wconf 68' lang='lat' dir='ltr'><strong>crearit,</strong></span> <span class='ocrx_word' id='word_1_182' title='bbox 2911 959 3076 1018; x_wconf 86' lang='lat' dir='ltr'><strong>atque</strong></span> <span class='ocrx_word' id='word_1_183' title='bbox 3117 948 3187 1002; x_wconf 89' lang='lat' dir='ltr'><strong>ad</strong></span> <span class='ocrx_word' id='word_1_184' title='bbox 3239 961 3432 1002; x_wconf 88' lang='lat' dir='ltr'><strong>vocem</strong></span> 
     </span>
    </p>
   </div>
   <div class='ocr_carea' id='block_1_28' title="bbox 1842 1035 3434 1110">
    <p class='ocr_par' dir='ltr' id='par_1_28' title="bbox 1842 1035 3434 1110">
     <span class='ocr_line' id='line_1_28' title="bbox 1842 1035 3434 1110; baseline 0.003 -22"><span class='ocrx_word' id='word_1_185' title='bbox 1842 1035 2003 1091; x_wconf 85' lang='lat' dir='ltr'><strong>istam</strong></span> <span class='ocrx_word' id='word_1_186' title='bbox 2057 1037 2412 1093; x_wconf 88' lang='lat' dir='ltr'><strong>emittendam</strong></span> <span class='ocrx_word' id='word_1_187' title='bbox 2463 1041 2730 1110; x_wconf 80' lang='lat' dir='ltr'><strong>adegerit.</strong></span> <span class='ocrx_word' id='word_1_188' title='bbox 2785 1039 2904 1095; x_wconf 88' lang='lat' dir='ltr'><strong>Non</strong></span> <span class='ocrx_word' id='word_1_189' title='bbox 2939 1043 3085 1095; x_wconf 84' lang='lat' dir='ltr'><strong>enim</strong></span> <span class='ocrx_word' id='word_1_190' title='bbox 3122 1040 3192 1096; x_wconf 89' lang='lat' dir='ltr'><strong>iis</strong></span> <span class='ocrx_word' id='word_1_191' title='bbox 3241 1054 3365 1110; x_wconf 63' lang='lat' dir='ltr'><strong>quae</strong></span> <span class='ocrx_word' id='word_1_192' title='bbox 3400 1055 3434 1092; x_wconf 88' lang='lat' dir='ltr'><strong>a</strong></span> 
     </span>
    </p>
   </div>
   <div class='ocr_carea' id='block_1_29' title="bbox 1843 1125 3436 1198">
    <p class='ocr_par' dir='ltr' id='par_1_29' title="bbox 1843 1125 3436 1198">
     <span class='ocr_line' id='line_1_29' title="bbox 1843 1125 3436 1198; baseline 0.002 -19"><span class='ocrx_word' id='word_1_193' title='bbox 1843 1125 2005 1179; x_wconf 87' lang='lat' dir='ltr'><strong>nobis</strong></span> <span class='ocrx_word' id='word_1_194' title='bbox 2059 1126 2266 1196; x_wconf 79' lang='lat' dir='ltr'><strong>scripta</strong></span> <span class='ocrx_word' id='word_1_195' title='bbox 2320 1136 2449 1182; x_wconf 86' lang='lat' dir='ltr'><strong>sunt</strong></span> <span class='ocrx_word' id='word_1_196' title='bbox 2508 1130 2778 1185; x_wconf 87' lang='lat' dir='ltr'><strong>adversus</strong></span> <span class='ocrx_word' id='word_1_197' title='bbox 2832 1145 2929 1183; x_wconf 91' lang='lat' dir='ltr'><strong>eos</strong></span> <span class='ocrx_word' id='word_1_198' title='bbox 2979 1130 3071 1198; x_wconf 93' lang='lat' dir='ltr'><strong>qui</strong></span> <span class='ocrx_word' id='word_1_199' title='bbox 3123 1127 3322 1183; x_wconf 86' lang='lat' dir='ltr'><strong>Filium</strong></span> <span class='ocrx_word' id='word_1_200' title='bbox 3378 1135 3436 1183; x_wconf 83' lang='lat' dir='ltr'><strong>et</strong></span> 
     </span>
    </p>
   </div>
   <div class='ocr_carea' id='block_1_30' title="bbox 1846 1214 3427 1275">
    <p class='ocr_par' dir='ltr' id='par_1_30' title="bbox 1846 1214 3427 1275">
     <span class='ocr_line' id='line_1_30' title="bbox 1846 1214 3427 1275; baseline 0.003 -7"><span class='ocrx_word' id='word_1_201' title='bbox 1846 1214 2018 1270; x_wconf 90' lang='lat' dir='ltr'><strong>Deum</strong></span> <span class='ocrx_word' id='word_1_202' title='bbox 2045 1214 2156 1272; x_wconf 90' lang='lat' dir='ltr'><strong>Deo</strong></span> <span class='ocrx_word' id='word_1_203' title='bbox 2184 1224 2239 1273; x_wconf 89' lang='lat' dir='ltr'><strong>et</strong></span> <span class='ocrx_word' id='word_1_204' title='bbox 2264 1217 2409 1273; x_wconf 87' lang='lat' dir='ltr'><strong>Patri</strong></span> <span class='ocrx_word' id='word_1_205' title='bbox 2443 1220 2745 1274; x_wconf 87' lang='lat' dir='ltr'><strong>secundum</strong></span> <span class='ocrx_word' id='word_1_206' title='bbox 2768 1220 3065 1275; x_wconf 87' lang='lat' dir='ltr'><strong>essentiam</strong></span> <span class='ocrx_word' id='word_1_207' title='bbox 3097 1219 3427 1274; x_wconf 87' lang='lat' dir='ltr'><strong>dissimilem</strong></span> 
     </span>
    </p>
   </div>
   <div class='ocr_carea' id='block_1_31' title="bbox 1840 1308 3429 1382">
    <p class='ocr_par' dir='ltr' id='par_1_31' title="bbox 1840 1308 3429 1382">
     <span class='ocr_line' id='line_1_31' title="bbox 1840 1308 3429 1382; baseline 0.004 -22"><span class='ocrx_word' id='word_1_208' title='bbox 1840 1308 2034 1363; x_wconf 86' lang='lat' dir='ltr'><strong>dicere</strong></span> <span class='ocrx_word' id='word_1_209' title='bbox 2066 1309 2187 1364; x_wconf 88' lang='lat' dir='ltr'><strong>ausi</strong></span> <span class='ocrx_word' id='word_1_210' title='bbox 2236 1318 2400 1376; x_wconf 91' lang='lat' dir='ltr'><strong>sunt,</strong></span> <span class='ocrx_word' id='word_1_211' title='bbox 2443 1319 2538 1365; x_wconf 90' lang='lat' dir='ltr'><strong>aut</strong></span> <span class='ocrx_word' id='word_1_212' title='bbox 2587 1311 2850 1367; x_wconf 81' lang='lat' dir='ltr'><strong>adversus</strong></span> <span class='ocrx_word' id='word_1_213' title='bbox 2895 1327 2991 1368; x_wconf 92' lang='lat' dir='ltr'><strong>eos</strong></span> <span class='ocrx_word' id='word_1_214' title='bbox 3025 1314 3117 1381; x_wconf 85' lang='lat' dir='ltr'><strong>qui</strong></span> <span class='ocrx_word' id='word_1_215' title='bbox 3165 1310 3429 1382; x_wconf 87' lang='lat' dir='ltr'><strong>Spiritum</strong></span> 
     </span>
    </p>
   </div>
   <div class='ocr_carea' id='block_1_32' title="bbox 1843 1404 3435 1475">
    <p class='ocr_par' dir='ltr' id='par_1_32' title="bbox 1843 1404 3435 1475">
     <span class='ocr_line' id='line_1_32' title="bbox 1843 1404 3435 1475; baseline 0.002 -22"><span class='ocrx_word' id='word_1_216' title='bbox 1843 1406 2095 1454; x_wconf 84' lang='lat' dir='ltr'><strong>sanctum</strong></span> <span class='ocrx_word' id='word_1_217' title='bbox 2135 1410 2445 1456; x_wconf 85' lang='lat' dir='ltr'><strong>creaturam</strong></span> <span class='ocrx_word' id='word_1_218' title='bbox 2472 1411 2526 1457; x_wconf 90' lang='lat' dir='ltr'><strong>et</strong></span> <span class='ocrx_word' id='word_1_219' title='bbox 2549 1404 2824 1475; x_wconf 82' lang='lat' dir='ltr'><strong>Opiﬁcium</strong></span> <span class='ocrx_word' id='word_1_220' title='bbox 2852 1419 2975 1461; x_wconf 85' lang='lat' dir='ltr'><strong>esse</strong></span> <span class='ocrx_word' id='word_1_221' title='bbox 2998 1404 3316 1475; x_wconf 91' lang='lat' dir='ltr'><strong>blasphemo</strong></span> <span class='ocrx_word' id='word_1_222' title='bbox 3335 1418 3435 1460; x_wconf 88' lang='lat' dir='ltr'><strong>ore</strong></span> 
     </span>
    </p>
   </div>
   <div class='ocr_carea' id='block_1_33' title="bbox 1841 1490 3433 1567">
    <p class='ocr_par' dir='ltr' id='par_1_33' title="bbox 1841 1490 3433 1567">
     <span class='ocr_line' id='line_1_33' title="bbox 1841 1490 3433 1567; baseline 0.003 -22"><span class='ocrx_word' id='word_1_223' title='bbox 1841 1492 2180 1556; x_wconf 85' lang='lat' dir='ltr'><strong>docuerunt,</strong></span> <span class='ocrx_word' id='word_1_224' title='bbox 2211 1496 2598 1551; x_wconf 85' lang='lat' dir='ltr'><strong>contumeliam</strong></span> <span class='ocrx_word' id='word_1_225' title='bbox 2632 1496 2773 1550; x_wconf 87' lang='lat' dir='ltr'><strong>hanc</strong></span> <span class='ocrx_word' id='word_1_226' title='bbox 2807 1490 3305 1561; x_wconf 63' lang='lat' dir='ltr'><strong>facere&#39;voluisses,</strong></span> <span class='ocrx_word' id='word_1_227' title='bbox 3337 1496 3433 1567; x_wconf 91' lang='lat' dir='ltr'><strong>qui</strong></span> 
     </span>
    </p>
   </div>
   <div class='ocr_carea' id='block_1_34' title="bbox 1842 1587 3434 1661">
    <p class='ocr_par' dir='ltr' id='par_1_34' title="bbox 1842 1587 3434 1661">
     <span class='ocr_line' id='line_1_34' title="bbox 1842 1587 3434 1661; baseline 0.001 -21"><span class='ocrx_word' id='word_1_228' title='bbox 1842 1601 2041 1656; x_wconf 88' lang='lat' dir='ltr'><strong>magna</strong></span> <span class='ocrx_word' id='word_1_229' title='bbox 2067 1587 2158 1642; x_wconf 91' lang='lat' dir='ltr'><strong>illa</strong></span> <span class='ocrx_word' id='word_1_230' title='bbox 2185 1603 2249 1643; x_wconf 89' lang='lat' dir='ltr'><strong>ac</strong></span> <span class='ocrx_word' id='word_1_231' title='bbox 2275 1589 2510 1643; x_wconf 84' lang='lat' dir='ltr'><strong>celebria</strong></span> <span class='ocrx_word' id='word_1_232' title='bbox 2537 1591 2836 1645; x_wconf 85' lang='lat' dir='ltr'><strong>certamina</strong></span> <span class='ocrx_word' id='word_1_233' title='bbox 2860 1606 2958 1661; x_wconf 92' lang='lat' dir='ltr'><strong>pro</strong></span> <span class='ocrx_word' id='word_1_234' title='bbox 2992 1600 3139 1646; x_wconf 92' lang='lat' dir='ltr'><strong>recta</strong></span> <span class='ocrx_word' id='word_1_235' title='bbox 3171 1588 3275 1644; x_wconf 75' lang='lat' dir='ltr'><strong>[ide</strong></span> <span class='ocrx_word' id='word_1_236' title='bbox 3304 1604 3434 1659; x_wconf 89' lang='lat' dir='ltr'><strong>per-</strong></span> 
     </span>
    </p>
   </div>
   <div class='ocr_carea' id='block_1_35' title="bbox 1846 1681 3431 1750">
    <p class='ocr_par' dir='ltr' id='par_1_35' title="bbox 1846 1681 3431 1750">
     <span class='ocr_line' id='line_1_35' title="bbox 1846 1681 3431 1750; baseline 0.002 -16"><span class='ocrx_word' id='word_1_237' title='bbox 1846 1682 2047 1736; x_wconf 84' lang='lat' dir='ltr'><strong>tulisti.</strong></span> <span class='ocrx_word' id='word_1_238' title='bbox 2090 1681 2379 1739; x_wconf 80' lang='lat' dir='ltr'><strong>L&#39;tberabis</strong></span> <span class='ocrx_word' id='word_1_239' title='bbox 2411 1691 2593 1738; x_wconf 88' lang='lat' dir='ltr'><strong>autem</strong></span> <span class='ocrx_word' id='word_1_240' title='bbox 2642 1700 2748 1739; x_wconf 88' lang='lat' dir='ltr'><strong>nos</strong></span> <span class='ocrx_word' id='word_1_241' title='bbox 2771 1687 2841 1741; x_wconf 89' lang='lat' dir='ltr'><strong>ab</strong></span> <span class='ocrx_word' id='word_1_242' title='bbox 2881 1686 2985 1739; x_wconf 87' lang='lat' dir='ltr'><strong>hac</strong></span> <span class='ocrx_word' id='word_1_243' title='bbox 3023 1684 3431 1750; x_wconf 90' lang='lat' dir='ltr'><strong>sollicitudine,</strong></span> 
     </span>
    </p>
   </div>
   <div class='ocr_carea' id='block_1_36' title="bbox 1772 1775 3433 1847">
    <p class='ocr_par' dir='ltr' id='par_1_36' title="bbox 1772 1775 3433 1847">
     <span class='ocr_line' id='line_1_36' title="bbox 1772 1775 3433 1847; baseline 0.001 -17"><span class='ocrx_word' id='word_1_244' title='bbox 1772 1788 1813 1841; x_wconf 76' lang='grc' dir='ltr'><strong>Β</strong></span> <span class='ocrx_word' id='word_1_245' title='bbox 1843 1775 1889 1830; x_wconf 91' lang='lat' dir='ltr'><strong>si</strong></span> <span class='ocrx_word' id='word_1_246' title='bbox 1919 1775 2079 1830; x_wconf 88' lang='lat' dir='ltr'><strong>modo</strong></span> <span class='ocrx_word' id='word_1_247' title='bbox 2101 1777 2342 1833; x_wconf 90' lang='lat' dir='ltr'><strong>volueris</strong></span> <span class='ocrx_word' id='word_1_248' title='bbox 2371 1793 2491 1847; x_wconf 77' lang='lat' dir='ltr'><strong>quae</strong></span> <span class='ocrx_word' id='word_1_249' title='bbox 2534 1786 2587 1831; x_wconf 90' lang='lat' dir='ltr'><strong>te</strong></span> <span class='ocrx_word' id='word_1_250' title='bbox 2617 1778 2685 1832; x_wconf 85' lang='lat' dir='ltr'><strong>ad</strong></span> <span class='ocrx_word' id='word_1_251' title='bbox 2726 1779 2869 1833; x_wconf 88' lang='lat' dir='ltr'><strong>hanc</strong></span> <span class='ocrx_word' id='word_1_252' title='bbox 2918 1779 2973 1832; x_wconf 90' lang='lat' dir='ltr'><strong>in</strong></span> <span class='ocrx_word' id='word_1_253' title='bbox 3012 1794 3115 1833; x_wconf 90' lang='lat' dir='ltr'><strong>nos</strong></span> <span class='ocrx_word' id='word_1_254' title='bbox 3172 1777 3433 1833; x_wconf 77' lang='lat' dir='ltr'><strong>oli&#39;cnsio-</strong></span> 
     </span>
    </p>
   </div>
   <div class='ocr_carea' id='block_1_37' title="bbox 1850 1867 3013 1937">
    <p class='ocr_par' dir='ltr' id='par_1_37' title="bbox 1850 1867 3013 1937">
     <span class='ocr_line' id='line_1_37' title="bbox 1850 1867 3013 1937; baseline 0.003 -20"><span class='ocrx_word' id='word_1_255' title='bbox 1850 1879 1973 1919; x_wconf 90' lang='lat' dir='ltr'><strong>ncm</strong></span> <span class='ocrx_word' id='word_1_256' title='bbox 2001 1867 2429 1928; x_wconf 83' lang='lat' dir='ltr'><strong>commoverim,</strong></span> <span class='ocrx_word' id='word_1_257' title='bbox 2461 1874 2647 1935; x_wconf 88' lang='lat' dir='ltr'><strong>aperte</strong></span> <span class='ocrx_word' id='word_1_258' title='bbox 2680 1867 3013 1937; x_wconf 75' lang='lat' dir='ltr'><strong>signiﬁcare.</strong></span> 
     </span>
    </p>
   </div>
   <div class='ocr_carea' id='block_1_38' title="bbox 2259 1978 3045 2049">
    <p class='ocr_par' dir='ltr' id='par_1_38' title="bbox 2259 1978 3045 2049">
     <span class='ocr_line' id='line_1_38' title="bbox 2259 1978 3045 2049; baseline -0.001 -13"><span class='ocrx_word' id='word_1_259' title='bbox 2259 1979 2414 2049; x_wconf 78' lang='lat'><strong>105</strong></span> <span class='ocrx_word' id='word_1_260' title='bbox 2459 1978 2793 2035; x_wconf 67' lang='lat' dir='ltr'><strong>EPISTULA</strong></span> <span class='ocrx_word' id='word_1_261' title='bbox 2835 1980 3045 2035; x_wconf 67' lang='lat' dir='ltr'><strong>XXVI&#39;.</strong></span> 
     </span>
    </p>
   </div>
   <div class='ocr_carea' id='block_1_39' title="bbox 152 2090 3429 2168">
    <p class='ocr_par' dir='ltr' id='par_1_39' title="bbox 152 2090 3429 2168">
     <span class='ocr_line' id='line_1_39' title="bbox 152 2090 3429 2168; baseline 0.002 -23"><span class='ocrx_word' id='word_1_262' title='bbox 152 2092 426 2145; x_wconf 66' lang='lat' dir='ltr'><strong>Caesarium</strong></span> <span class='ocrx_word' id='word_1_263' title='bbox 455 2091 688 2152; x_wconf 77' lang='lat' dir='ltr'><strong>Basilius,</strong></span> <span class='ocrx_word' id='word_1_264' title='bbox 713 2090 763 2168; x_wconf 74' lang='lat' dir='ltr'><strong>in</strong></span> <span class='ocrx_word' id='word_1_265' title='bbox 781 2106 837 2168; x_wconf 85' lang='lat' dir='ltr'><strong>eo</strong></span> <span class='ocrx_word' id='word_1_266' title='bbox 861 2101 1006 2145; x_wconf 72' lang='lat' dir='ltr'><strong>teme</strong></span> <span class='ocrx_word' id='word_1_267' title='bbox 1025 2102 1153 2168; x_wconf 72' lang='lat' dir='ltr'><strong>motu</strong></span> <span class='ocrx_word' id='word_1_268' title='bbox 1177 2094 1263 2159; x_wconf 83' lang='lat' dir='ltr'><strong>qui</strong></span> <span class='ocrx_word' id='word_1_269' title='bbox 1284 2095 1715 2168; x_wconf 63' lang='lat' dir='ltr'><strong>Nicwamerertit,</strong></span> <span class='ocrx_word' id='word_1_270' title='bbox 1736 2098 2031 2168; x_wconf 68' lang='lat' dir='ltr'><strong>mirabiliter</strong></span> <span class='ocrx_word' id='word_1_271' title='bbox 2050 2104 2293 2168; x_wconf 78' lang='lat' dir='ltr'><strong>servatum</strong></span> <span class='ocrx_word' id='word_1_272' title='bbox 2308 2096 2555 2168; x_wconf 65' lang='lat' dir='ltr'><strong>[toi-tatur,</strong></span> <span class='ocrx_word' id='word_1_273' title='bbox 2585 2104 2637 2168; x_wconf 69' lang='lat' dir='ltr'><strong>ut</strong></span> <span class='ocrx_word' id='word_1_274' title='bbox 2662 2096 2845 2168; x_wconf 73' lang='lat' dir='ltr'><strong>gratias</strong></span> <span class='ocrx_word' id='word_1_275' title='bbox 2866 2112 2920 2149; x_wconf 86' lang='lat' dir='ltr'><strong>re</strong></span> <span class='ocrx_word' id='word_1_276' title='bbox 2943 2106 2989 2150; x_wconf 86' lang='lat' dir='ltr'><strong>et</strong></span> <span class='ocrx_word' id='word_1_277' title='bbox 3013 2112 3159 2163; x_wconf 85' lang='lat' dir='ltr'><strong>apere</strong></span> <span class='ocrx_word' id='word_1_278' title='bbox 3191 2100 3288 2152; x_wconf 89' lang='lat' dir='ltr'><strong>Deo</strong></span> <span class='ocrx_word' id='word_1_279' title='bbox 3317 2112 3429 2164; x_wconf 85' lang='lat' dir='ltr'><strong>per-</strong></span> 
     </span>
    </p>
   </div>
   <div class='ocr_carea' id='block_1_40' title="bbox 678 2156 2908 2225">
    <p class='ocr_par' dir='ltr' id='par_1_40' title="bbox 678 2156 2908 2225">
     <span class='ocr_line' id='line_1_40' title="bbox 678 2156 2908 2225; baseline 0.004 -20"><span class='ocrx_word' id='word_1_280' title='bbox 678 2156 850 2214; x_wconf 76' lang='lat' dir='ltr'><strong>solvat,</strong></span> <span class='ocrx_word' id='word_1_281' title='bbox 874 2170 930 2205; x_wconf 83' lang='lat' dir='ltr'><strong>ac</strong></span> <span class='ocrx_word' id='word_1_282' title='bbox 950 2158 1171 2208; x_wconf 82' lang='lat' dir='ltr'><strong>eamdem</strong></span> <span class='ocrx_word' id='word_1_283' title='bbox 1190 2156 1382 2221; x_wconf 77' lang='lat' dir='ltr'><strong>semper</strong></span> <span class='ocrx_word' id='word_1_284' title='bbox 1403 2165 1605 2210; x_wconf 82' lang='lat' dir='ltr'><strong>mentem</strong></span> <span class='ocrx_word' id='word_1_285' title='bbox 1624 2160 1824 2213; x_wconf 80' lang='lat' dir='ltr'><strong>retineat</strong></span> <span class='ocrx_word' id='word_1_286' title='bbox 1846 2174 1993 2225; x_wconf 85' lang='lat' dir='ltr'><strong>quam</strong></span> <span class='ocrx_word' id='word_1_287' title='bbox 2015 2158 2065 2210; x_wconf 84' lang='lat' dir='ltr'><strong>in</strong></span> <span class='ocrx_word' id='word_1_288' title='bbox 2084 2159 2189 2224; x_wconf 84' lang='lat' dir='ltr'><strong>ipso</strong></span> <span class='ocrx_word' id='word_1_289' title='bbox 2212 2159 2416 2224; x_wconf 78' lang='lat' dir='ltr'><strong>periculi</strong></span> <span class='ocrx_word' id='word_1_290' title='bbox 2435 2156 2641 2211; x_wconf 71' lang='lat' dir='ltr'><strong>articulo</strong></span> <span class='ocrx_word' id='word_1_291' title='bbox 2659 2156 2908 2213; x_wconf 70' lang='lat' dir='ltr'><strong>imbuerat.</strong></span> 
     </span>
    </p>
   </div>
   <div class='ocr_carea' id='block_1_41' title="bbox 345 2244 1543 2318">
    <p class='ocr_par' dir='ltr' id='par_1_41' title="bbox 345 2244 1543 2318">
     <span class='ocr_line' id='line_1_41' title="bbox 345 2244 1543 2318; baseline 0.003 -21"><span class='ocrx_word' id='word_1_292' title='bbox 345 2244 650 2311; x_wconf 77' lang='grc' dir='ltr'>Καισαρίῳ</span> <span class='ocrx_word' id='word_1_293' title='bbox 678 2244 756 2308; x_wconf 84' lang='grc' dir='ltr'><strong>τῷ</strong></span> <span class='ocrx_word' id='word_1_294' title='bbox 782 2244 1025 2315; x_wconf 68' lang='grc' dir='ltr'>ἀδελφῷ</span> <span class='ocrx_word' id='word_1_295' title='bbox 1052 2248 1103 2298; x_wconf 87' lang='grc' dir='ltr'><em>Γ</em></span> <span class='ocrx_word' id='word_1_296' title='bbox 1098 2247 1386 2316; x_wconf 70' lang='grc' dir='ltr'>ρηγορίου</span> <span class='ocrx_word' id='word_1_297' title='bbox 1409 2248 1543 2318; x_wconf 75' lang='lat' dir='ltr'><strong>(i7).</strong></span> 
     </span>
    </p>
   </div>
   <div class='ocr_carea' id='block_1_42' title="bbox 216 2354 1740 2428">
    <p class='ocr_par' dir='ltr' id='par_1_42' title="bbox 216 2354 1740 2428">
     <span class='ocr_line' id='line_1_42' title="bbox 216 2354 1740 2428; baseline 0.005 -21"><span class='ocrx_word' id='word_1_298' title='bbox 216 2354 399 2425; x_wconf 80' lang='grc' dir='ltr'>Χάρις</span> <span class='ocrx_word' id='word_1_299' title='bbox 449 2356 527 2426; x_wconf 89' lang='grc' dir='ltr'><strong>τῷ</strong></span> <span class='ocrx_word' id='word_1_300' title='bbox 569 2356 709 2427; x_wconf 62' lang='grc' dir='ltr'>Θρῷ,</span> <span class='ocrx_word' id='word_1_301' title='bbox 755 2358 834 2427; x_wconf 88' lang='grc' dir='ltr'><strong>τῷ</strong></span> <span class='ocrx_word' id='word_1_302' title='bbox 874 2359 942 2411; x_wconf 79' lang='grc' dir='ltr'>τὰ</span> <span class='ocrx_word' id='word_1_303' title='bbox 981 2358 1173 2411; x_wconf 79' lang='grc' dir='ltr'>ἑαυτοῦ</span> <span class='ocrx_word' id='word_1_304' title='bbox 1219 2358 1497 2428; x_wconf 82' lang='grc' dir='ltr'>θαυμάσια</span> <span class='ocrx_word' id='word_1_305' title='bbox 1548 2363 1642 2414; x_wconf 74' lang='grc' dir='ltr'><strong>καὶ</strong></span> <span class='ocrx_word' id='word_1_306' title='bbox 1683 2364 1740 2415; x_wconf 84' lang='grc' dir='ltr'><strong>ὲν</strong></span> 
     </span>
    </p>
   </div>
   <div class='ocr_carea' id='block_1_43' title="bbox 148 2446 1739 2518">
    <p class='ocr_par' dir='ltr' id='par_1_43' title="bbox 148 2446 1739 2518">
     <span class='ocr_line' id='line_1_43' title="bbox 148 2446 1739 2518; baseline 0.007 -23"><span class='ocrx_word' id='word_1_307' title='bbox 148 2446 232 2497; x_wconf 73' lang='grc' dir='ltr'><strong>σοὶ</strong></span> <span class='ocrx_word' id='word_1_308' title='bbox 259 2446 377 2515; x_wconf 79' lang='grc'><strong>(18)</strong></span> <span class='ocrx_word' id='word_1_309' title='bbox 408 2447 822 2518; x_wconf 79' lang='grc' dir='ltr'>ἑπιδειξαμένῳ,</span> <span class='ocrx_word' id='word_1_310' title='bbox 856 2449 949 2501; x_wconf 68' lang='grc' dir='ltr'><strong>καὶ</strong></span> <span class='ocrx_word' id='word_1_311' title='bbox 977 2451 1041 2501; x_wconf 81' lang='grc' dir='ltr'>ὲκ</span> <span class='ocrx_word' id='word_1_312' title='bbox 1082 2448 1337 2502; x_wconf 79' lang='grc' dir='ltr'>τοσούτου</span> <span class='ocrx_word' id='word_1_313' title='bbox 1363 2449 1593 2505; x_wconf 84' lang='grc' dir='ltr'>θανάτου</span> <span class='ocrx_word' id='word_1_314' title='bbox 1621 2453 1739 2507; x_wconf 76' lang='grc' dir='ltr'>διαο</span> 
     </span>
    </p>
   </div>
   <div class='ocr_carea' id='block_1_44' title="bbox 148 2538 1736 2615">
    <p class='ocr_par' dir='ltr' id='par_1_44' title="bbox 148 2538 1736 2615">
     <span class='ocr_line' id='line_1_44' title="bbox 148 2538 1736 2615; baseline 0.006 -27"><span class='ocrx_word' id='word_1_315' title='bbox 148 2538 391 2590; x_wconf 80' lang='grc' dir='ltr'>σώσαντί</span> <span class='ocrx_word' id='word_1_316' title='bbox 427 2555 488 2590; x_wconf 90' lang='grc' dir='ltr'><strong>σε</strong></span> <span class='ocrx_word' id='word_1_317' title='bbox 515 2542 582 2609; x_wconf 78' lang='grc' dir='ltr'>τῇ</span> <span class='ocrx_word' id='word_1_318' title='bbox 612 2557 672 2592; x_wconf 88' lang='grc' dir='ltr'><strong>τε</strong></span> <span class='ocrx_word' id='word_1_319' title='bbox 699 2542 912 2611; x_wconf 79' lang='grc' dir='ltr'>πατρίδι</span> <span class='ocrx_word' id='word_1_320' title='bbox 942 2542 1037 2594; x_wconf 74' lang='grc' dir='ltr'>καὶ</span> <span class='ocrx_word' id='word_1_321' title='bbox 1069 2542 1201 2612; x_wconf 75' lang='grc' dir='ltr'>ἡμῖν</span> <span class='ocrx_word' id='word_1_322' title='bbox 1235 2545 1348 2606; x_wconf 82' lang='grc' dir='ltr'>τοῖς</span> <span class='ocrx_word' id='word_1_323' title='bbox 1378 2545 1736 2615; x_wconf 76' lang='grc' dir='ltr'>προσήκουσι.</span> 
     </span>
    </p>
   </div>
   <div class='ocr_carea' id='block_1_45' title="bbox 146 2626 1741 2704">
    <p class='ocr_par' dir='ltr' id='par_1_45' title="bbox 146 2626 1741 2704">
     <span class='ocr_line' id='line_1_45' title="bbox 146 2626 1741 2704; baseline 0.005 -26"><span class='ocrx_word' id='word_1_324' title='bbox 146 2627 413 2680; x_wconf 78' lang='grc' dir='ltr'>Δείπεται</span> <span class='ocrx_word' id='word_1_325' title='bbox 551 2626 643 2680; x_wconf 73' lang='grc' dir='ltr'><strong>οὖν</strong></span> <span class='ocrx_word' id='word_1_326' title='bbox 684 2629 759 2699; x_wconf 81' lang='grc' dir='ltr'>μὴ</span> <span class='ocrx_word' id='word_1_327' title='bbox 799 2631 1125 2701; x_wconf 85' lang='grc' dir='ltr'>ἀχαρίστους</span> <span class='ocrx_word' id='word_1_328' title='bbox 1153 2632 1301 2701; x_wconf 74' lang='grc' dir='ltr'>ἡμᾶς</span> <span class='ocrx_word' id='word_1_329' title='bbox 1328 2632 1579 2703; x_wconf 81' lang='grc' dir='ltr'>ὀφθῆναι,</span> <span class='ocrx_word' id='word_1_330' title='bbox 1618 2634 1741 2704; x_wconf 87' lang='grc' dir='ltr'>μηδ’</span> 
     </span>
    </p>
   </div>
   <div class='ocr_carea' id='block_1_46' title="bbox 145 2715 1741 2793">
    <p class='ocr_par' dir='ltr' id='par_1_46' title="bbox 145 2715 1741 2793">
     <span class='ocr_line' id='line_1_46' title="bbox 145 2715 1741 2793; baseline 0.007 -26"><span class='ocrx_word' id='word_1_331' title='bbox 145 2715 407 2780; x_wconf 77' lang='grc' dir='ltr'>ἀναξίους</span> <span class='ocrx_word' id='word_1_332' title='bbox 438 2718 541 2787; x_wconf 84' lang='grc' dir='ltr'><strong>τῆς</strong></span> <span class='ocrx_word' id='word_1_333' title='bbox 578 2719 849 2791; x_wconf 81' lang='grc' dir='ltr'>τοσαύτης</span> <span class='ocrx_word' id='word_1_334' title='bbox 905 2721 1241 2793; x_wconf 81' lang='grc' dir='ltr'>εὐεργεσίας,</span> <span class='ocrx_word' id='word_1_335' title='bbox 1288 2722 1422 2775; x_wconf 83' lang='grc' dir='ltr'>ἀλλὰ</span> <span class='ocrx_word' id='word_1_336' title='bbox 1477 2726 1616 2778; x_wconf 85' lang='grc' dir='ltr'>κατὰ</span> <span class='ocrx_word' id='word_1_337' title='bbox 1647 2725 1741 2778; x_wconf 67' lang='grc' dir='ltr'><strong>δύ⁴</strong></span> 
     </span>
    </p>
   </div>
   <div class='ocr_carea' id='block_1_47' title="bbox 146 2805 1742 2887">
    <p class='ocr_par' dir='ltr' id='par_1_47' title="bbox 146 2805 1742 2887">
     <span class='ocr_line' id='line_1_47' title="bbox 146 2805 1742 2887; baseline 0.008 -30"><span class='ocrx_word' id='word_1_338' title='bbox 146 2821 313 2874; x_wconf 84' lang='grc' dir='ltr'>ναμιν</span> <span class='ocrx_word' id='word_1_339' title='bbox 337 2805 442 2875; x_wconf 75' lang='grc' dir='ltr'><strong>τὴν</strong></span> <span class='ocrx_word' id='word_1_340' title='bbox 467 2807 746 2876; x_wconf 80' lang='grc' dir='ltr'>ἡμετέραν</span> <span class='ocrx_word' id='word_1_341' title='bbox 778 2809 1114 2878; x_wconf 78' lang='grc' dir='ltr'>διαγγέλλειν</span> <span class='ocrx_word' id='word_1_342' title='bbox 1143 2811 1238 2864; x_wconf 77' lang='grc' dir='ltr'>τοῦ</span> <span class='ocrx_word' id='word_1_343' title='bbox 1280 2812 1413 2865; x_wconf 76' lang='grc' dir='ltr'>Θεοῦ</span> <span class='ocrx_word' id='word_1_344' title='bbox 1453 2816 1523 2867; x_wconf 82' lang='grc' dir='ltr'>τὰ</span> <span class='ocrx_word' id='word_1_345' title='bbox 1564 2816 1742 2887; x_wconf 82' lang='grc' dir='ltr'>παρά-</span> 
     </span>
    </p>
   </div>
   <div class='ocr_carea' id='block_1_48' title="bbox 144 2890 1738 2974">
    <p class='ocr_par' dir='ltr' id='par_1_48' title="bbox 144 2890 1738 2974">
     <span class='ocr_line' id='line_1_48' title="bbox 144 2890 1738 2974; baseline 0.009 -31"><span class='ocrx_word' id='word_1_346' title='bbox 144 2892 303 2956; x_wconf 76' lang='grc' dir='ltr'>δοξα·</span> <span class='ocrx_word' id='word_1_347' title='bbox 363 2896 497 2961; x_wconf 76' lang='grc' dir='ltr'>καὶ,</span> <span class='ocrx_word' id='word_1_348' title='bbox 551 2890 620 2966; x_wconf 78' lang='grc' dir='ltr'>ἧς</span> <span class='ocrx_word' id='word_1_349' title='bbox 666 2896 812 2967; x_wconf 74' lang='grc' dir='ltr'>ἔργῳ</span> <span class='ocrx_word' id='word_1_350' title='bbox 868 2899 1249 2971; x_wconf 85' lang='grc' dir='ltr'>πεπειράμεθα</span> <span class='ocrx_word' id='word_1_351' title='bbox 1301 2902 1738 2974; x_wconf 76' lang='grc' dir='ltr'>φιλανθρωπίας,</span> 
     </span>
    </p>
   </div>
   <div class='ocr_carea' id='block_1_49' title="bbox 144 2985 1738 3063">
    <p class='ocr_par' dir='ltr' id='par_1_49' title="bbox 144 2985 1738 3063">
     <span class='ocr_line' id='line_1_49' title="bbox 144 2985 1738 3063; baseline 0.008 -26"><span class='ocrx_word' id='word_1_352' title='bbox 144 2985 355 3056; x_wconf 79' lang='grc' dir='ltr'>ταύτην</span> <span class='ocrx_word' id='word_1_353' title='bbox 409 2987 698 3057; x_wconf 86' lang='grc' dir='ltr'>ἀνυμνεῖν·</span> <span class='ocrx_word' id='word_1_354' title='bbox 749 2990 856 3042; x_wconf 32' lang='grc' dir='ltr'>καὶ.</span> <span class='ocrx_word' id='word_1_355' title='bbox 883 2990 957 3061; x_wconf 82' lang='grc' dir='ltr'>μὴ</span> <span class='ocrx_word' id='word_1_356' title='bbox 1013 2990 1157 3062; x_wconf 83' lang='grc' dir='ltr'>λόγῳ</span> <span class='ocrx_word' id='word_1_357' title='bbox 1220 2992 1380 3063; x_wconf 88' lang='grc' dir='ltr'>μόνον</span> <span class='ocrx_word' id='word_1_358' title='bbox 1430 2995 1738 3049; x_wconf 82' lang='grc' dir='ltr'>ἀποδιδόναι</span> 
     </span>
    </p>
   </div>
   <div class='ocr_carea' id='block_1_50' title="bbox 142 3074 1811 3152">
    <p class='ocr_par' dir='ltr' id='par_1_50' title="bbox 142 3074 1811 3152">
     <span class='ocr_line' id='line_1_50' title="bbox 142 3074 1811 3152; baseline 0.01 -27"><span class='ocrx_word' id='word_1_359' title='bbox 142 3076 244 3142; x_wconf 72' lang='grc' dir='ltr'>τὴν</span> <span class='ocrx_word' id='word_1_360' title='bbox 294 3074 478 3145; x_wconf 77' lang='grc' dir='ltr'>χάριν,</span> <span class='ocrx_word' id='word_1_361' title='bbox 515 3076 650 3129; x_wconf 79' lang='grc' dir='ltr'>ἀλλὰ</span> <span class='ocrx_word' id='word_1_362' title='bbox 694 3079 788 3132; x_wconf 81' lang='grc' dir='ltr'><strong>καὶ</strong></span> <span class='ocrx_word' id='word_1_363' title='bbox 820 3080 967 3152; x_wconf 75' lang='grc' dir='ltr'>ἔργῳ</span> <span class='ocrx_word' id='word_1_364' title='bbox 1012 3082 1250 3135; x_wconf 82' lang='grc' dir='ltr'>τοιοῦτον</span> <span class='ocrx_word' id='word_1_365' title='bbox 1298 3084 1571 3152; x_wconf 80' lang='grc' dir='ltr'>γενέσθαι,</span> <span class='ocrx_word' id='word_1_366' title='bbox 1625 3082 1737 3141; x_wconf 78' lang='grc' dir='ltr'>οἷον</span> <span class='ocrx_word' id='word_1_367' title='bbox 1770 3074 1811 3103; x_wconf 71' lang='lat'><strong><em>&quot;</em></strong></span> 
     </span>
    </p>
   </div>
   <div class='ocr_carea' id='block_1_51' title="bbox 142 3164 1739 3250">
    <p class='ocr_par' dir='ltr' id='par_1_51' title="bbox 142 3164 1739 3250">
     <span class='ocr_line' id='line_1_51' title="bbox 142 3164 1739 3250; baseline 0.008 -31"><span class='ocrx_word' id='word_1_368' title='bbox 142 3167 243 3219; x_wconf 67' lang='grc' dir='ltr'><strong>ειί</strong></span> <span class='ocrx_word' id='word_1_369' title='bbox 276 3166 378 3220; x_wconf 75' lang='grc' dir='ltr'>νῦν</span> <span class='ocrx_word' id='word_1_370' title='bbox 414 3164 557 3222; x_wconf 85' lang='grc' dir='ltr'>εἶναι</span> <span class='ocrx_word' id='word_1_371' title='bbox 594 3170 916 3240; x_wconf 81' lang='grc' dir='ltr'>πειθόμεθα,</span> <span class='ocrx_word' id='word_1_372' title='bbox 972 3175 1397 3246; x_wconf 81' lang='grc' dir='ltr'>τεκμαιρόμενοι</span> <span class='ocrx_word' id='word_1_373' title='bbox 1451 3181 1564 3241; x_wconf 85' lang='grc' dir='ltr'>τοῖς</span> <span class='ocrx_word' id='word_1_374' title='bbox 1612 3179 1739 3250; x_wconf 73' lang='grc' dir='ltr'>περὶ</span> 
     </span>
    </p>
   </div>
   <div class='ocr_carea' id='block_1_52' title="bbox 147 3259 1741 3339">
    <p class='ocr_par' dir='ltr' id='par_1_52' title="bbox 147 3259 1741 3339">
     <span class='ocr_line' id='line_1_52' title="bbox 147 3259 1741 3339; baseline 0.009 -29"><span class='ocrx_word' id='word_1_375' title='bbox 147 3260 207 3311; x_wconf 79' lang='grc' dir='ltr'>σὲ</span> <span class='ocrx_word' id='word_1_376' title='bbox 251 3259 520 3331; x_wconf 84' lang='grc' dir='ltr'>θαύμασι.</span> <span class='ocrx_word' id='word_1_377' title='bbox 579 3263 689 3315; x_wconf 73' lang='grc' dir='ltr'><strong>Καὶ</strong></span> <span class='ocrx_word' id='word_1_378' title='bbox 736 3262 816 3315; x_wconf 73' lang='grc' dir='ltr'>ἔτι</span> <span class='ocrx_word' id='word_1_379' title='bbox 865 3263 1126 3330; x_wconf 80' lang='grc' dir='ltr'>μειζόνως</span> <span class='ocrx_word' id='word_1_380' title='bbox 1167 3267 1244 3338; x_wconf 87' lang='grc' dir='ltr'><strong>τῷ</strong></span> <span class='ocrx_word' id='word_1_381' title='bbox 1300 3268 1418 3339; x_wconf 80' lang='grc' dir='ltr'><strong>Θεῷ</strong></span> <span class='ocrx_word' id='word_1_382' title='bbox 1469 3269 1741 3326; x_wconf 85' lang='grc' dir='ltr'>δουλεύειν</span> 
     </span>
    </p>
   </div>
   <div class='ocr_carea' id='block_1_53' title="bbox 147 3350 1740 3427">
    <p class='ocr_par' dir='ltr' id='par_1_53' title="bbox 147 3350 1740 3427">
     <span class='ocr_line' id='line_1_53' title="bbox 147 3350 1740 3427; baseline 0.009 -27"><span class='ocrx_word' id='word_1_383' title='bbox 147 3350 613 3421; x_wconf 72' lang='grc' dir='ltr'>παρακαλοῦμεν,</span> <span class='ocrx_word' id='word_1_384' title='bbox 663 3354 1005 3425; x_wconf 82' lang='grc' dir='ltr'>προσθήκαις</span> <span class='ocrx_word' id='word_1_385' title='bbox 1051 3359 1140 3410; x_wconf 79' lang='grc' dir='ltr'><strong>ἀεὶ</strong></span> <span class='ocrx_word' id='word_1_386' title='bbox 1180 3358 1271 3410; x_wconf 82' lang='grc' dir='ltr'><strong>τὸν</strong></span> <span class='ocrx_word' id='word_1_387' title='bbox 1331 3360 1496 3427; x_wconf 79' lang='grc' dir='ltr'>φόϐον</span> <span class='ocrx_word' id='word_1_388' title='bbox 1540 3362 1740 3416; x_wconf 88' lang='grc' dir='ltr'>συναύ-</span> 
     </span>
    </p>
   </div>
   <div class='ocr_carea' id='block_1_54' title="bbox 150 3441 1740 3526">
    <p class='ocr_par' dir='ltr' id='par_1_54' title="bbox 150 3441 1740 3526">
     <span class='ocr_line' id='line_1_54' title="bbox 150 3441 1740 3526; baseline 0.009 -33"><span class='ocrx_word' id='word_1_389' title='bbox 150 3441 330 3508; x_wconf 78' lang='grc' dir='ltr'>ξοντα,</span> <span class='ocrx_word' id='word_1_390' title='bbox 362 3444 461 3495; x_wconf 76' lang='grc' dir='ltr'><strong>καὶ</strong></span> <span class='ocrx_word' id='word_1_391' title='bbox 490 3446 570 3506; x_wconf 79' lang='grc' dir='ltr'>εἰς</span> <span class='ocrx_word' id='word_1_392' title='bbox 597 3445 662 3497; x_wconf 87' lang='grc' dir='ltr'>τὸ</span> <span class='ocrx_word' id='word_1_393' title='bbox 678 3445 882 3499; x_wconf 84' lang='grc' dir='ltr'>τέλειον</span> <span class='ocrx_word' id='word_1_394' title='bbox 916 3449 1293 3519; x_wconf 79' lang='grc' dir='ltr'>προκόπτοντα</span> <span class='ocrx_word' id='word_1_395' title='bbox 1325 3451 1458 3522; x_wconf 78' lang='grc'>(19),</span> <span class='ocrx_word' id='word_1_396' title='bbox 1491 3453 1578 3507; x_wconf 81' lang='grc' dir='ltr'><strong>ἵνα</strong></span> <span class='ocrx_word' id='word_1_397' title='bbox 1608 3454 1740 3526; x_wconf 80' lang='grc' dir='ltr'>φρό-</span> 
     </span>
    </p>
   </div>
   <div class='ocr_carea' id='block_1_55' title="bbox 147 3535 1741 3617">
    <p class='ocr_par' dir='ltr' id='par_1_55' title="bbox 147 3535 1741 3617">
     <span class='ocr_line' id='line_1_55' title="bbox 147 3535 1741 3617; baseline 0.008 -32"><span class='ocrx_word' id='word_1_398' title='bbox 147 3552 299 3605; x_wconf 77' lang='grc' dir='ltr'>νιμοι</span> <span class='ocrx_word' id='word_1_399' title='bbox 327 3535 605 3605; x_wconf 81' lang='grc' dir='ltr'>οἰκονόμοι</span> <span class='ocrx_word' id='word_1_400' title='bbox 626 3537 725 3607; x_wconf 82' lang='grc' dir='ltr'>τῆς</span> <span class='ocrx_word' id='word_1_401' title='bbox 749 3538 895 3610; x_wconf 80' lang='grc' dir='ltr'>ζωῆς</span> <span class='ocrx_word' id='word_1_402' title='bbox 922 3540 1081 3610; x_wconf 74' lang='grc' dir='ltr'>ἡμῶν</span> <span class='ocrx_word' id='word_1_403' title='bbox 1104 3542 1533 3614; x_wconf 84' lang='grc' dir='ltr'>ἀποδειχθῶμεν,</span> <span class='ocrx_word' id='word_1_404' title='bbox 1566 3546 1645 3609; x_wconf 78' lang='grc' dir='ltr'><strong>εἰς</strong></span> <span class='ocrx_word' id='word_1_405' title='bbox 1676 3546 1741 3617; x_wconf 77' lang='grc' dir='ltr'>ἢν</span> 
     </span>
    </p>
   </div>
   <div class='ocr_carea' id='block_1_56' title="bbox 146 3627 1741 3709">
    <p class='ocr_par' dir='ltr' id='par_1_56' title="bbox 146 3627 1741 3709">
     <span class='ocr_line' id='line_1_56' title="bbox 146 3627 1741 3709; baseline 0.029 -44"><span class='ocrx_word' id='word_1_406' title='bbox 146 3629 298 3696; x_wconf 58' lang='grc' dir='ltr'>ἡμεῖς</span> <span class='ocrx_word' id='word_1_407' title='bbox 343 3629 379 3699; x_wconf 72' lang='grc' dir='ltr'>ἡ</span> <span class='ocrx_word' id='word_1_408' title='bbox 434 3627 709 3698; x_wconf 79' lang='grc' dir='ltr'>ἀγαθότης</span> <span class='ocrx_word' id='word_1_409' title='bbox 759 3630 852 3683; x_wconf 80' lang='grc' dir='ltr'>τοῦ</span> <span class='ocrx_word' id='word_1_410' title='bbox 896 3631 1032 3685; x_wconf 84' lang='grc' dir='ltr'>Θεοῦ</span> <span class='ocrx_word' id='word_1_411' title='bbox 1091 3634 1471 3704; x_wconf 79' lang='grc' dir='ltr'>ἐταμιεύσατο.</span> <span class='ocrx_word' id='word_1_412' title='bbox 1527 3638 1591 3690; x_wconf 71' lang='grc' dir='ltr'><strong>Εἰ</strong></span> <span class='ocrx_word' id='word_1_413' title='bbox 1631 3638 1741 3709; x_wconf 81' lang='grc' dir='ltr'><strong>γὰρ</strong></span> 
     </span>
    </p>
   </div>
   <div class='ocr_carea' id='block_1_57' title="bbox 148 3719 1741 3799">
    <p class='ocr_par' dir='ltr' id='par_1_57' title="bbox 148 3719 1741 3799">
     <span class='ocr_line' id='line_1_57' title="bbox 148 3719 1741 3799; baseline 0.008 -30"><span class='ocrx_word' id='word_1_414' title='bbox 148 3719 244 3771; x_wconf 74' lang='grc' dir='ltr'>καὶ</span> <span class='ocrx_word' id='word_1_415' title='bbox 271 3720 443 3772; x_wconf 74' lang='grc' dir='ltr'>πᾶσιν</span> <span class='ocrx_word' id='word_1_416' title='bbox 481 3721 611 3790; x_wconf 80' lang='grc' dir='ltr'>ἡμῖν</span> <span class='ocrx_word' id='word_1_417' title='bbox 660 3720 988 3793; x_wconf 85' lang='grc' dir='ltr'>πρόσταγμά</span> <span class='ocrx_word' id='word_1_418' title='bbox 1042 3726 1158 3777; x_wconf 76' lang='grc' dir='ltr'>ἐστι</span> <span class='ocrx_word' id='word_1_419' title='bbox 1212 3729 1560 3799; x_wconf 77' lang='grc' dir='ltr'>παραστῆσαι</span> <span class='ocrx_word' id='word_1_420' title='bbox 1612 3731 1741 3783; x_wconf 79' lang='grc' dir='ltr'>ἐαυ-</span> 
     </span>
    </p>
   </div>
   <div class='ocr_carea' id='block_1_58' title="bbox 147 3810 1740 3894">
    <p class='ocr_par' dir='ltr' id='par_1_58' title="bbox 147 3810 1740 3894">
     <span class='ocr_line' id='line_1_58' title="bbox 147 3810 1740 3894; baseline 0.009 -32"><span class='ocrx_word' id='word_1_421' title='bbox 147 3813 275 3874; x_wconf 74' lang='grc' dir='ltr'>τοίις</span> <span class='ocrx_word' id='word_1_422' title='bbox 314 3810 396 3883; x_wconf 84' lang='grc' dir='ltr'><strong>τῷ</strong></span> <span class='ocrx_word' id='word_1_423' title='bbox 444 3811 585 3883; x_wconf 87' lang='grc' dir='ltr'>Θεῷ,</span> <span class='ocrx_word' id='word_1_424' title='bbox 628 3813 760 3867; x_wconf 77' lang='grc' dir='ltr'>ὡσεὶ</span> <span class='ocrx_word' id='word_1_425' title='bbox 801 3817 865 3868; x_wconf 76' lang='grc' dir='ltr'>ἐκ</span> <span class='ocrx_word' id='word_1_426' title='bbox 894 3818 1104 3889; x_wconf 80' lang='grc' dir='ltr'>νεκρῶν</span> <span class='ocrx_word' id='word_1_427' title='bbox 1161 3819 1391 3885; x_wconf 83' lang='grc' dir='ltr'>ζῶντας,</span> <span class='ocrx_word' id='word_1_428' title='bbox 1448 3822 1563 3887; x_wconf 83' lang='grc' dir='ltr'><strong>πῶς</strong></span> <span class='ocrx_word' id='word_1_429' title='bbox 1618 3825 1740 3894; x_wconf 78' lang='grc' dir='ltr'>οὐχὶ</span> 
     </span>
    </p>
   </div>
   <div class='ocr_carea' id='block_1_59' title="bbox 152 3904 1737 3983">
    <p class='ocr_par' dir='ltr' id='par_1_59' title="bbox 152 3904 1737 3983">
     <span class='ocr_line' id='line_1_59' title="bbox 152 3904 1737 3983; baseline 0.008 -27"><span class='ocrx_word' id='word_1_430' title='bbox 152 3904 355 3975; x_wconf 77' lang='grc' dir='ltr'>μᾶλλον</span> <span class='ocrx_word' id='word_1_431' title='bbox 386 3908 501 3969; x_wconf 85' lang='grc' dir='ltr'>τοῖς</span> <span class='ocrx_word' id='word_1_432' title='bbox 525 3905 815 3975; x_wconf 69' lang='grc' dir='ltr'>ὑψωθεῖσιν</span> <span class='ocrx_word' id='word_1_433' title='bbox 855 3911 920 3962; x_wconf 81' lang='grc' dir='ltr'>ὲκ</span> <span class='ocrx_word' id='word_1_434' title='bbox 959 3910 1066 3963; x_wconf 83' lang='grc' dir='ltr'>τῶν</span> <span class='ocrx_word' id='word_1_435' title='bbox 1116 3912 1300 3966; x_wconf 82' lang='grc' dir='ltr'>πυλῶν</span> <span class='ocrx_word' id='word_1_436' title='bbox 1334 3914 1429 3967; x_wconf 81' lang='grc' dir='ltr'>τοῦ</span> <span class='ocrx_word' id='word_1_437' title='bbox 1473 3915 1737 3983; x_wconf 71' lang='grc' dir='ltr'>θανάτους</span> 
     </span>
    </p>
   </div>
   <div class='ocr_carea' id='block_1_60' title="bbox 148 3996 1741 4080">
    <p class='ocr_par' dir='ltr' id='par_1_60' title="bbox 148 3996 1741 4080">
     <span class='ocr_line' id='line_1_60' title="bbox 148 3996 1741 4080; baseline 0.008 -31"><span class='ocrx_word' id='word_1_438' title='bbox 148 3997 325 4050; x_wconf 72' lang='grc' dir='ltr'>Τοῦτο</span> <span class='ocrx_word' id='word_1_439' title='bbox 366 3996 414 4049; x_wconf 73' lang='grc' dir='ltr'>δ’</span> <span class='ocrx_word' id='word_1_440' title='bbox 444 3997 512 4051; x_wconf 84' lang='grc' dir='ltr'><strong>ἂν</strong></span> <span class='ocrx_word' id='word_1_441' title='bbox 545 3998 798 4068; x_wconf 78' lang='grc' dir='ltr'>μάλιστα,</span> <span class='ocrx_word' id='word_1_442' title='bbox 837 4000 913 4066; x_wconf 84' lang='grc' dir='ltr'>ὡς</span> <span class='ocrx_word' id='word_1_443' title='bbox 947 4005 1181 4074; x_wconf 76' lang='grc' dir='ltr'>ἐμαυτὸν</span> <span class='ocrx_word' id='word_1_444' title='bbox 1224 4006 1415 4073; x_wconf 85' lang='grc' dir='ltr'>πείθω,</span> <span class='ocrx_word' id='word_1_445' title='bbox 1463 4008 1741 4080; x_wconf 86' lang='grc' dir='ltr'>κατορθω-</span> 
     </span>
    </p>
   </div>
   <div class='ocr_carea' id='block_1_61' title="bbox 150 4087 1740 4169">
    <p class='ocr_par' dir='ltr' id='par_1_61' title="bbox 150 4087 1740 4169">
     <span class='ocr_line' id='line_1_61' title="bbox 150 4087 1740 4169; baseline 0.008 -29"><span class='ocrx_word' id='word_1_446' title='bbox 150 4087 305 4160; x_wconf 81' lang='grc' dir='ltr'>θείη,</span> <span class='ocrx_word' id='word_1_447' title='bbox 358 4090 411 4141; x_wconf 78' lang='grc' dir='ltr'><strong>εί</strong></span> <span class='ocrx_word' id='word_1_448' title='bbox 468 4088 862 4161; x_wconf 79' lang='grc' dir='ltr'>βουληθείημεν</span> <span class='ocrx_word' id='word_1_449' title='bbox 919 4096 1007 4148; x_wconf 73' lang='grc' dir='ltr'>ἀεὶ</span> <span class='ocrx_word' id='word_1_450' title='bbox 1056 4096 1155 4169; x_wconf 81' lang='grc' dir='ltr'>τὴν</span> <span class='ocrx_word' id='word_1_451' title='bbox 1220 4097 1391 4168; x_wconf 79' lang='grc' dir='ltr'>αὐτὴν</span> <span class='ocrx_word' id='word_1_452' title='bbox 1433 4096 1578 4169; x_wconf 77' lang='grc' dir='ltr'>ἔχειν</span> <span class='ocrx_word' id='word_1_453' title='bbox 1625 4099 1740 4152; x_wconf 81' lang='grc' dir='ltr'>διά-</span> 
     </span>
    </p>
   </div>
   <div class='ocr_carea' id='block_1_62' title="bbox 149 4188 1735 4262">
    <p class='ocr_par' dir='ltr' id='par_1_62' title="bbox 149 4188 1735 4262">
     <span class='ocr_line' id='line_1_62' title="bbox 149 4188 1735 4262; baseline 0.006 -25"><span class='ocrx_word' id='word_1_454' title='bbox 149 4200 321 4248; x_wconf 73' lang='grc' dir='ltr'>νοιαν,</span> <span class='ocrx_word' id='word_1_455' title='bbox 374 4188 444 4257; x_wconf 72' lang='grc' dir='ltr'>ἣν</span> <span class='ocrx_word' id='word_1_456' title='bbox 488 4188 706 4258; x_wconf 72' lang='grc' dir='ltr'>εἴχομεν</span> <span class='ocrx_word' id='word_1_457' title='bbox 754 4190 848 4241; x_wconf 75' lang='grc' dir='ltr'>ἐπὶ</span> <span class='ocrx_word' id='word_1_458' title='bbox 894 4189 988 4241; x_wconf 75' lang='grc' dir='ltr'>τοῦ</span> <span class='ocrx_word' id='word_1_459' title='bbox 1044 4190 1237 4262; x_wconf 85' lang='grc' dir='ltr'>καιροῦ</span> <span class='ocrx_word' id='word_1_460' title='bbox 1298 4190 1406 4245; x_wconf 83' lang='grc' dir='ltr'><strong>τῶν</strong></span> <span class='ocrx_word' id='word_1_461' title='bbox 1453 4192 1735 4246; x_wconf 85' lang='grc' dir='ltr'>κινδύνων.</span> 
     </span>
    </p>
   </div>
   <div class='ocr_carea' id='block_1_63' title="bbox 150 4274 1737 4350">
    <p class='ocr_par' dir='ltr' id='par_1_63' title="bbox 150 4274 1737 4350">
     <span class='ocr_line' id='line_1_63' title="bbox 150 4274 1737 4350; baseline 0.004 -23"><span class='ocrx_word' id='word_1_462' title='bbox 150 4274 381 4338; x_wconf 79' lang='grc' dir='ltr'>Πάντως</span> <span class='ocrx_word' id='word_1_463' title='bbox 425 4276 535 4346; x_wconf 82' lang='grc' dir='ltr'>γάρ</span> <span class='ocrx_word' id='word_1_464' title='bbox 574 4294 678 4329; x_wconf 88' lang='grc' dir='ltr'><strong>που</strong></span> <span class='ocrx_word' id='word_1_465' title='bbox 726 4276 898 4348; x_wconf 76' lang='grc' dir='ltr'>εἰσῄει</span> <span class='ocrx_word' id='word_1_466' title='bbox 941 4278 1053 4347; x_wconf 67' lang='grc'><strong>(20)</strong></span> <span class='ocrx_word' id='word_1_467' title='bbox 1085 4280 1233 4349; x_wconf 81' lang='grc' dir='ltr'>ἡμᾶς</span> <span class='ocrx_word' id='word_1_468' title='bbox 1266 4277 1359 4331; x_wconf 75' lang='grc' dir='ltr'>τοῦ</span> <span class='ocrx_word' id='word_1_469' title='bbox 1396 4278 1511 4349; x_wconf 81' lang='grc' dir='ltr'>βίου</span> <span class='ocrx_word' id='word_1_470' title='bbox 1542 4280 1603 4332; x_wconf 83' lang='grc' dir='ltr'><strong>τὸ</strong></span> <span class='ocrx_word' id='word_1_471' title='bbox 1632 4280 1737 4350; x_wconf 82' lang='grc' dir='ltr'><strong>μά-</strong></span> 
     </span>
    </p>
   </div>
   <div class='ocr_carea' id='block_1_64' title="bbox 2270 2244 3003 2317">
    <p class='ocr_par' dir='ltr' id='par_1_64' title="bbox 2270 2244 3003 2317">
     <span class='ocr_line' id='line_1_64' title="bbox 2270 2244 3003 2317; baseline 0.001 -17"><span class='ocrx_word' id='word_1_472' title='bbox 2270 2245 2512 2300; x_wconf 78' lang='lat' dir='ltr'><strong>Cwsario</strong></span> <span class='ocrx_word' id='word_1_473' title='bbox 2545 2244 2784 2317; x_wconf 80' lang='lat' dir='ltr'><strong>Gregorii</strong></span> <span class='ocrx_word' id='word_1_474' title='bbox 2819 2247 3003 2315; x_wconf 79' lang='lat' dir='ltr'><strong>fratri.</strong></span> 
     </span>
    </p>
   </div>
   <div class='ocr_carea' id='block_1_65' title="bbox 1916 2357 3427 2429">
    <p class='ocr_par' dir='ltr' id='par_1_65' title="bbox 1916 2357 3427 2429">
     <span class='ocr_line' id='line_1_65' title="bbox 1916 2357 3427 2429; baseline 0.001 -15"><span class='ocrx_word' id='word_1_475' title='bbox 1916 2357 2101 2414; x_wconf 85' lang='lat' dir='ltr'><strong>Gratia</strong></span> <span class='ocrx_word' id='word_1_476' title='bbox 2136 2358 2248 2414; x_wconf 91' lang='lat' dir='ltr'><strong>Deo</strong></span> <span class='ocrx_word' id='word_1_477' title='bbox 2271 2401 2286 2426; x_wconf 95' lang='lat'><strong>,</strong></span> <span class='ocrx_word' id='word_1_478' title='bbox 2317 2360 2410 2429; x_wconf 88' lang='lat' dir='ltr'><strong>qui</strong></span> <span class='ocrx_word' id='word_1_479' title='bbox 2451 2359 2724 2413; x_wconf 83' lang='lat' dir='ltr'><strong>mirabilia</strong></span> <span class='ocrx_word' id='word_1_480' title='bbox 2766 2374 2865 2413; x_wconf 89' lang='lat' dir='ltr'><strong>sua</strong></span> <span class='ocrx_word' id='word_1_481' title='bbox 2902 2366 2957 2413; x_wconf 92' lang='lat' dir='ltr'><strong>et</strong></span> <span class='ocrx_word' id='word_1_482' title='bbox 2984 2360 3037 2413; x_wconf 90' lang='lat' dir='ltr'><strong>in</strong></span> <span class='ocrx_word' id='word_1_483' title='bbox 3074 2368 3129 2415; x_wconf 92' lang='lat' dir='ltr'><strong>te</strong></span> <span class='ocrx_word' id='word_1_484' title='bbox 3151 2362 3427 2427; x_wconf 87' lang='lat' dir='ltr'><strong>ostendit,</strong></span> 
     </span>
    </p>
   </div>
   <div class='ocr_carea' id='block_1_66' title="bbox 1847 2452 3427 2524">
    <p class='ocr_par' dir='ltr' id='par_1_66' title="bbox 1847 2452 3427 2524">
     <span class='ocr_line' id='line_1_66' title="bbox 1847 2452 3427 2524; baseline 0.003 -18"><span class='ocrx_word' id='word_1_485' title='bbox 1847 2461 2012 2523; x_wconf 85' lang='lat' dir='ltr'><strong>teque</strong></span> <span class='ocrx_word' id='word_1_486' title='bbox 2032 2468 2097 2507; x_wconf 75' lang='lat' dir='ltr'><strong>ex</strong></span> <span class='ocrx_word' id='word_1_487' title='bbox 2133 2452 2231 2505; x_wconf 90' lang='lat' dir='ltr'><strong>tali</strong></span> <span class='ocrx_word' id='word_1_488' title='bbox 2260 2460 2435 2506; x_wconf 89' lang='lat' dir='ltr'><strong>morte</strong></span> <span class='ocrx_word' id='word_1_489' title='bbox 2465 2453 2703 2507; x_wconf 72' lang='lat' dir='ltr'><strong>servavit</strong></span> <span class='ocrx_word' id='word_1_490' title='bbox 2728 2453 2917 2524; x_wconf 64' lang='lat' dir='ltr'><strong>patria:</strong></span> <span class='ocrx_word' id='word_1_491' title='bbox 2947 2468 3012 2508; x_wconf 90' lang='lat' dir='ltr'><strong>ac</strong></span> <span class='ocrx_word' id='word_1_492' title='bbox 3035 2454 3193 2510; x_wconf 87' lang='lat' dir='ltr'><strong>nobis</strong></span> <span class='ocrx_word' id='word_1_493' title='bbox 3213 2456 3427 2511; x_wconf 86' lang='lat' dir='ltr'><strong>amicis.</strong></span> 
     </span>
    </p>
   </div>
   <div class='ocr_carea' id='block_1_67' title="bbox 1846 2534 3432 2615">
    <p class='ocr_par' dir='ltr' id='par_1_67' title="bbox 1846 2534 3432 2615">
     <span class='ocr_line' id='line_1_67' title="bbox 1846 2534 3432 2615; baseline 0.003 -18"><span class='ocrx_word' id='word_1_494' title='bbox 1846 2544 2139 2615; x_wconf 78' lang='lat' dir='ltr'><strong>Reliquum</strong></span> <span class='ocrx_word' id='word_1_495' title='bbox 2185 2534 2299 2614; x_wconf 81' lang='lat' dir='ltr'><strong>jam</strong></span> <span class='ocrx_word' id='word_1_496' title='bbox 2341 2552 2457 2608; x_wconf 91' lang='lat' dir='ltr'><strong>est,</strong></span> <span class='ocrx_word' id='word_1_497' title='bbox 2494 2555 2555 2599; x_wconf 87' lang='lat' dir='ltr'><strong>ut</strong></span> <span class='ocrx_word' id='word_1_498' title='bbox 2595 2545 2794 2615; x_wconf 81' lang='lat' dir='ltr'><strong>ingrati</strong></span> <span class='ocrx_word' id='word_1_499' title='bbox 2851 2561 2961 2599; x_wconf 88' lang='lat' dir='ltr'><strong>non</strong></span> <span class='ocrx_word' id='word_1_500' title='bbox 2995 2545 3296 2610; x_wconf 87' lang='lat' dir='ltr'><strong>videamur,</strong></span> <span class='ocrx_word' id='word_1_501' title='bbox 3327 2563 3432 2603; x_wconf 90' lang='lat' dir='ltr'><strong>nec</strong></span> 
     </span>
    </p>
   </div>
   <div class='ocr_carea' id='block_1_68' title="bbox 1846 2636 3431 2706">
    <p class='ocr_par' dir='ltr' id='par_1_68' title="bbox 1846 2636 3431 2706">
     <span class='ocr_line' id='line_1_68' title="bbox 1846 2636 3431 2706; baseline 0.003 -15"><span class='ocrx_word' id='word_1_502' title='bbox 1846 2638 2056 2706; x_wconf 89' lang='lat' dir='ltr'><strong>indigni</strong></span> <span class='ocrx_word' id='word_1_503' title='bbox 2092 2637 2359 2692; x_wconf 81' lang='lat' dir='ltr'><strong>beneﬁcio</strong></span> <span class='ocrx_word' id='word_1_504' title='bbox 2389 2646 2543 2691; x_wconf 90' lang='lat' dir='ltr'><strong>tanto</strong></span> <span class='ocrx_word' id='word_1_505' title='bbox 2564 2678 2579 2701; x_wconf 94' lang='lat'><strong>,</strong></span> <span class='ocrx_word' id='word_1_506' title='bbox 2608 2636 2702 2692; x_wconf 92' lang='lat' dir='ltr'><strong>sed</strong></span> <span class='ocrx_word' id='word_1_507' title='bbox 2738 2652 2839 2706; x_wconf 92' lang='lat' dir='ltr'><strong>pro</strong></span> <span class='ocrx_word' id='word_1_508' title='bbox 2862 2637 3075 2695; x_wconf 90' lang='lat' dir='ltr'><strong>viribus</strong></span> <span class='ocrx_word' id='word_1_509' title='bbox 3108 2655 3431 2696; x_wconf 88' lang='lat' dir='ltr'><strong>enarremus</strong></span> 
     </span>
    </p>
   </div>
   <div class='ocr_carea' id='block_1_69' title="bbox 1846 2729 3432 2802">
    <p class='ocr_par' dir='ltr' id='par_1_69' title="bbox 1846 2729 3432 2802">
     <span class='ocr_line' id='line_1_69' title="bbox 1846 2729 3432 2802; baseline 0.001 -17"><span class='ocrx_word' id='word_1_510' title='bbox 1846 2729 1939 2785; x_wconf 90' lang='lat' dir='ltr'><strong>Dei</strong></span> <span class='ocrx_word' id='word_1_511' title='bbox 1973 2730 2237 2784; x_wconf 84' lang='lat' dir='ltr'><strong>miracula</strong></span> <span class='ocrx_word' id='word_1_512' title='bbox 2259 2768 2275 2794; x_wconf 97' lang='lat'><strong>,</strong></span> <span class='ocrx_word' id='word_1_513' title='bbox 2306 2738 2359 2783; x_wconf 88' lang='lat' dir='ltr'><strong>et</strong></span> <span class='ocrx_word' id='word_1_514' title='bbox 2382 2745 2546 2799; x_wconf 92' lang='lat' dir='ltr'><strong>quam</strong></span> <span class='ocrx_word' id='word_1_515' title='bbox 2579 2746 2637 2782; x_wconf 91' lang='lat' dir='ltr'><strong>re</strong></span> <span class='ocrx_word' id='word_1_516' title='bbox 2668 2731 2879 2798; x_wconf 80' lang='lat' dir='ltr'><strong>experti</strong></span> <span class='ocrx_word' id='word_1_517' title='bbox 2907 2747 3099 2795; x_wconf 82' lang='lat' dir='ltr'><strong>sumus</strong></span> <span class='ocrx_word' id='word_1_518' title='bbox 3122 2732 3432 2802; x_wconf 86' lang='lat' dir='ltr'><strong>benignita-</strong></span> 
     </span>
    </p>
   </div>
   <div class='ocr_carea' id='block_1_70' title="bbox 1844 2821 3431 2894">
    <p class='ocr_par' dir='ltr' id='par_1_70' title="bbox 1844 2821 3431 2894">
     <span class='ocr_line' id='line_1_70' title="bbox 1844 2821 3431 2894; baseline 0.003 -21"><span class='ocrx_word' id='word_1_519' title='bbox 1844 2829 1955 2875; x_wconf 88' lang='lat' dir='ltr'><strong>tem</strong></span> <span class='ocrx_word' id='word_1_520' title='bbox 1979 2863 1992 2881; x_wconf 88' lang='lat'><strong>.</strong></span> <span class='ocrx_word' id='word_1_521' title='bbox 2021 2836 2143 2876; x_wconf 91' lang='lat' dir='ltr'><strong>eam</strong></span> <span class='ocrx_word' id='word_1_522' title='bbox 2183 2821 2560 2885; x_wconf 83' lang='lat' dir='ltr'><strong>celebremus;</strong></span> <span class='ocrx_word' id='word_1_523' title='bbox 2597 2836 2697 2875; x_wconf 83' lang='lat' dir='ltr'><strong>nec</strong></span> <span class='ocrx_word' id='word_1_524' title='bbox 2732 2823 2915 2876; x_wconf 88' lang='lat' dir='ltr'><strong>verbis</strong></span> <span class='ocrx_word' id='word_1_525' title='bbox 2961 2830 3173 2877; x_wconf 86' lang='lat' dir='ltr'><strong>tantum</strong></span> <span class='ocrx_word' id='word_1_526' title='bbox 3213 2827 3431 2894; x_wconf 86' lang='lat' dir='ltr'><strong>persol-</strong></span> 
     </span>
    </p>
   </div>
   <div class='ocr_carea' id='block_1_71' title="bbox 1844 2914 3429 2985">
    <p class='ocr_par' dir='ltr' id='par_1_71' title="bbox 1844 2914 3429 2985">
     <span class='ocr_line' id='line_1_71' title="bbox 1844 2914 3429 2985; baseline 0.003 -19"><span class='ocrx_word' id='word_1_527' title='bbox 1844 2930 2036 2968; x_wconf 84' lang='lat' dir='ltr'><strong>vamus</strong></span> <span class='ocrx_word' id='word_1_528' title='bbox 2063 2914 2301 2985; x_wconf 90' lang='lat' dir='ltr'><strong>gratias,</strong></span> <span class='ocrx_word' id='word_1_529' title='bbox 2351 2914 2445 2968; x_wconf 89' lang='lat' dir='ltr'><strong>sed</strong></span> <span class='ocrx_word' id='word_1_530' title='bbox 2482 2921 2535 2968; x_wconf 93' lang='lat' dir='ltr'><strong>et</strong></span> <span class='ocrx_word' id='word_1_531' title='bbox 2571 2929 2735 2983; x_wconf 90' lang='lat' dir='ltr'><strong>opere</strong></span> <span class='ocrx_word' id='word_1_532' title='bbox 2776 2915 2918 2968; x_wconf 89' lang='lat' dir='ltr'><strong>tales</strong></span> <span class='ocrx_word' id='word_1_533' title='bbox 2964 2917 3176 2979; x_wconf 90' lang='lat' dir='ltr'><strong>simus,</strong></span> <span class='ocrx_word' id='word_1_534' title='bbox 3207 2917 3429 2985; x_wconf 83' lang='lat' dir='ltr'><strong>qualem</strong></span> 
     </span>
    </p>
   </div>
   <div class='ocr_carea' id='block_1_72' title="bbox 1842 3006 3433 3075">
    <p class='ocr_par' dir='ltr' id='par_1_72' title="bbox 1842 3006 3433 3075">
     <span class='ocr_line' id='line_1_72' title="bbox 1842 3006 3433 3075; baseline 0.001 -16"><span class='ocrx_word' id='word_1_535' title='bbox 1842 3013 1898 3059; x_wconf 89' lang='lat' dir='ltr'><strong>et</strong></span> <span class='ocrx_word' id='word_1_536' title='bbox 1936 3019 2084 3059; x_wconf 90' lang='lat' dir='ltr'><strong>nunc</strong></span> <span class='ocrx_word' id='word_1_537' title='bbox 2111 3020 2234 3060; x_wconf 88' lang='lat' dir='ltr'><strong>esse</strong></span> <span class='ocrx_word' id='word_1_538' title='bbox 2262 3013 2315 3058; x_wconf 92' lang='lat' dir='ltr'><strong>te</strong></span> <span class='ocrx_word' id='word_1_539' title='bbox 2347 3020 2672 3075; x_wconf 87' lang='lat' dir='ltr'><strong>persuasum</strong></span> <span class='ocrx_word' id='word_1_540' title='bbox 2723 3006 3021 3071; x_wconf 90' lang='lat' dir='ltr'><strong>habemus,</strong></span> <span class='ocrx_word' id='word_1_541' title='bbox 3057 3008 3200 3061; x_wconf 81' lang='lat' dir='ltr'><strong>facta</strong></span> <span class='ocrx_word' id='word_1_542' title='bbox 3227 3024 3293 3063; x_wconf 85' lang='lat' dir='ltr'><strong>ex</strong></span> <span class='ocrx_word' id='word_1_543' title='bbox 3328 3007 3433 3061; x_wconf 62' lang='lat' dir='ltr'><strong>mi.-</strong></span> 
     </span>
    </p>
   </div>
   <div class='ocr_carea' id='block_1_73' title="bbox 1848 3097 3430 3172">
    <p class='ocr_par' dir='ltr' id='par_1_73' title="bbox 1848 3097 3430 3172">
     <span class='ocr_line' id='line_1_73' title="bbox 1848 3097 3430 3172; baseline 0.004 -22"><span class='ocrx_word' id='word_1_544' title='bbox 1848 3098 1926 3150; x_wconf 84' lang='lat' dir='ltr'><strong>ris</strong></span> <span class='ocrx_word' id='word_1_545' title='bbox 1961 3098 2015 3150; x_wconf 92' lang='lat' dir='ltr'><strong>in</strong></span> <span class='ocrx_word' id='word_1_546' title='bbox 2052 3103 2106 3152; x_wconf 91' lang='lat' dir='ltr'><strong>te</strong></span> <span class='ocrx_word' id='word_1_547' title='bbox 2136 3098 2298 3153; x_wconf 91' lang='lat' dir='ltr'><strong>editis</strong></span> <span class='ocrx_word' id='word_1_548' title='bbox 2346 3098 2689 3166; x_wconf 85' lang='lat' dir='ltr'><strong>conjectura.</strong></span> <span class='ocrx_word' id='word_1_549' title='bbox 2725 3097 2902 3169; x_wconf 84' lang='lat' dir='ltr'><strong>Atque</strong></span> <span class='ocrx_word' id='word_1_550' title='bbox 2944 3108 3002 3153; x_wconf 90' lang='lat' dir='ltr'><strong>ut</strong></span> <span class='ocrx_word' id='word_1_551' title='bbox 3048 3100 3226 3155; x_wconf 88' lang='lat' dir='ltr'><strong>adhuc</strong></span> <span class='ocrx_word' id='word_1_552' title='bbox 3256 3101 3430 3172; x_wconf 88' lang='lat' dir='ltr'><strong>magis</strong></span> 
     </span>
    </p>
   </div>
   <div class='ocr_carea' id='block_1_74' title="bbox 1846 3186 3430 3262">
    <p class='ocr_par' dir='ltr' id='par_1_74' title="bbox 1846 3186 3430 3262">
     <span class='ocr_line' id='line_1_74' title="bbox 1846 3186 3430 3262; baseline 0.006 -24"><span class='ocrx_word' id='word_1_553' title='bbox 1846 3186 1956 3241; x_wconf 63' lang='lat' dir='ltr'><strong>Ibeo</strong></span> <span class='ocrx_word' id='word_1_554' title='bbox 1982 3189 2193 3243; x_wconf 78' lang='lat' dir='ltr'><strong>servias</strong></span> <span class='ocrx_word' id='word_1_555' title='bbox 2227 3188 2535 3252; x_wconf 81' lang='lat' dir='ltr'><strong>hortamur,</strong></span> <span class='ocrx_word' id='word_1_556' title='bbox 2576 3191 2989 3245; x_wconf 87' lang='lat' dir='ltr'><strong>accessionibus</strong></span> <span class='ocrx_word' id='word_1_557' title='bbox 3017 3207 3234 3262; x_wconf 85' lang='lat' dir='ltr'><strong>semper</strong></span> <span class='ocrx_word' id='word_1_558' title='bbox 3266 3194 3430 3248; x_wconf 79' lang='lat' dir='ltr'><strong>timo-</strong></span> 
     </span>
    </p>
   </div>
   <div class='ocr_carea' id='block_1_75' title="bbox 1846 3280 3431 3353">
    <p class='ocr_par' dir='ltr' id='par_1_75' title="bbox 1846 3280 3431 3353">
     <span class='ocr_line' id='line_1_75' title="bbox 1846 3280 3431 3353; baseline 0.006 -21"><span class='ocrx_word' id='word_1_559' title='bbox 1846 3294 1963 3333; x_wconf 90' lang='lat' dir='ltr'><strong>rem</strong></span> <span class='ocrx_word' id='word_1_560' title='bbox 2017 3295 2259 3350; x_wconf 78' lang='lat' dir='ltr'><strong>augens,</strong></span> <span class='ocrx_word' id='word_1_561' title='bbox 2295 3287 2349 3333; x_wconf 91' lang='lat' dir='ltr'><strong>et</strong></span> <span class='ocrx_word' id='word_1_562' title='bbox 2391 3280 2459 3333; x_wconf 86' lang='lat' dir='ltr'><strong>ad</strong></span> <span class='ocrx_word' id='word_1_563' title='bbox 2510 3280 2902 3350; x_wconf 81' lang='lat' dir='ltr'><strong>perfectionem</strong></span> <span class='ocrx_word' id='word_1_564' title='bbox 2948 3284 3339 3353; x_wconf 84' lang='lat' dir='ltr'><strong>progrediens,</strong></span> <span class='ocrx_word' id='word_1_565' title='bbox 3369 3294 3431 3343; x_wconf 86' lang='lat' dir='ltr'><strong>ut</strong></span> 
     </span>
    </p>
   </div>
   <div class='ocr_carea' id='block_1_76' title="bbox 1843 3370 3432 3447">
    <p class='ocr_par' dir='ltr' id='par_1_76' title="bbox 1843 3370 3432 3447">
     <span class='ocr_line' id='line_1_76' title="bbox 1843 3370 3432 3447; baseline 0.007 -24"><span class='ocrx_word' id='word_1_566' title='bbox 1843 3370 2144 3440; x_wconf 89' lang='lat' dir='ltr'><strong>prudenles</strong></span> <span class='ocrx_word' id='word_1_567' title='bbox 2178 3372 2590 3442; x_wconf 86' lang='lat' dir='ltr'><strong>dispensatores</strong></span> <span class='ocrx_word' id='word_1_568' title='bbox 2631 3376 2756 3429; x_wconf 79' lang='lat' dir='ltr'><strong>vitte</strong></span> <span class='ocrx_word' id='word_1_569' title='bbox 2800 3383 3005 3430; x_wconf 68' lang='lat' dir='ltr'><strong>nostrae</strong></span> <span class='ocrx_word' id='word_1_570' title='bbox 3054 3377 3432 3447; x_wconf 86' lang='lat' dir='ltr'><strong>deprehenda-</strong></span> 
     </span>
    </p>
   </div>
   <div class='ocr_carea' id='block_1_77' title="bbox 1844 3466 3426 3538">
    <p class='ocr_par' dir='ltr' id='par_1_77' title="bbox 1844 3466 3426 3538">
     <span class='ocr_line' id='line_1_77' title="bbox 1844 3466 3426 3538; baseline 0.008 -23"><span class='ocrx_word' id='word_1_571' title='bbox 1844 3479 1987 3529; x_wconf 89' lang='lat' dir='ltr'><strong>mur,</strong></span> <span class='ocrx_word' id='word_1_572' title='bbox 2022 3467 2089 3519; x_wconf 91' lang='lat' dir='ltr'><strong>ad</strong></span> <span class='ocrx_word' id='word_1_573' title='bbox 2128 3482 2289 3536; x_wconf 90' lang='lat' dir='ltr'><strong>quam</strong></span> <span class='ocrx_word' id='word_1_574' title='bbox 2319 3483 2420 3522; x_wconf 89' lang='lat' dir='ltr'><strong>nos</strong></span> <span class='ocrx_word' id='word_1_575' title='bbox 2454 3467 2759 3538; x_wconf 89' lang='lat' dir='ltr'><strong>benignitas</strong></span> <span class='ocrx_word' id='word_1_576' title='bbox 2800 3466 2890 3522; x_wconf 90' lang='lat' dir='ltr'><strong>Dei</strong></span> <span class='ocrx_word' id='word_1_577' title='bbox 2932 3472 3251 3527; x_wconf 78' lang='lat' dir='ltr'><strong>reservavit.</strong></span> <span class='ocrx_word' id='word_1_578' title='bbox 3289 3471 3426 3527; x_wconf 86' lang='lat' dir='ltr'><strong>Nam</strong></span> 
     </span>
    </p>
   </div>
   <div class='ocr_carea' id='block_1_78' title="bbox 1845 3556 3429 3630">
    <p class='ocr_par' dir='ltr' id='par_1_78' title="bbox 1845 3556 3429 3630">
     <span class='ocr_line' id='line_1_78' title="bbox 1845 3556 3429 3630; baseline 0.006 -18"><span class='ocrx_word' id='word_1_579' title='bbox 1845 3556 1889 3612; x_wconf 92' lang='lat' dir='ltr'><strong>si</strong></span> <span class='ocrx_word' id='word_1_580' title='bbox 1919 3557 2175 3612; x_wconf 90' lang='lat' dir='ltr'><strong>omnibus</strong></span> <span class='ocrx_word' id='word_1_581' title='bbox 2221 3557 2380 3614; x_wconf 89' lang='lat' dir='ltr'><strong>nobis</strong></span> <span class='ocrx_word' id='word_1_582' title='bbox 2424 3569 2751 3630; x_wconf 67' lang='lat' dir='ltr'><strong>praeceptum</strong></span> <span class='ocrx_word' id='word_1_583' title='bbox 2800 3571 2923 3625; x_wconf 89' lang='lat' dir='ltr'><strong>est,</strong></span> <span class='ocrx_word' id='word_1_584' title='bbox 2968 3571 3028 3616; x_wconf 93' lang='lat' dir='ltr'><strong>ut</strong></span> <span class='ocrx_word' id='word_1_585' title='bbox 3070 3564 3429 3621; x_wconf 78' lang='lat' dir='ltr'><strong>exhibeamus</strong></span> 
     </span>
    </p>
   </div>
   <div class='ocr_carea' id='block_1_79' title="bbox 1844 3644 3429 3724">
    <p class='ocr_par' dir='ltr' id='par_1_79' title="bbox 1844 3644 3429 3724">
     <span class='ocr_line' id='line_1_79' title="bbox 1844 3644 3429 3724; baseline 0.006 -26"><span class='ocrx_word' id='word_1_586' title='bbox 1844 3661 1946 3699; x_wconf 78' lang='lat' dir='ltr'><strong>nos</strong></span> <span class='ocrx_word' id='word_1_587' title='bbox 1976 3644 2087 3700; x_wconf 89' lang='lat' dir='ltr'><strong>Deo</strong></span> <span class='ocrx_word' id='word_1_588' title='bbox 2113 3655 2375 3717; x_wconf 88' lang='lat' dir='ltr'><strong>tanquam</strong></span> <span class='ocrx_word' id='word_1_589' title='bbox 2406 3665 2472 3704; x_wconf 82' lang='lat' dir='ltr'><strong>ex</strong></span> <span class='ocrx_word' id='word_1_590' title='bbox 2516 3651 2750 3705; x_wconf 89' lang='lat' dir='ltr'><strong>mortuis</strong></span> <span class='ocrx_word' id='word_1_591' title='bbox 2779 3652 3024 3707; x_wconf 83' lang='lat' dir='ltr'><strong>viventes</strong></span> <span class='ocrx_word' id='word_1_592' title='bbox 3060 3653 3126 3715; x_wconf 81' lang='lat'><strong>&quot;,</strong></span> <span class='ocrx_word' id='word_1_593' title='bbox 3152 3659 3429 3724; x_wconf 90' lang='lat' dir='ltr'><strong>quomodo</strong></span> 
     </span>
    </p>
   </div>
   <div class='ocr_carea' id='block_1_80' title="bbox 1845 3739 3428 3815">
    <p class='ocr_par' dir='ltr' id='par_1_80' title="bbox 1845 3739 3428 3815">
     <span class='ocr_line' id='line_1_80' title="bbox 1845 3739 3428 3815; baseline 0.007 -24"><span class='ocrx_word' id='word_1_594' title='bbox 1845 3754 1954 3791; x_wconf 87' lang='lat' dir='ltr'><strong>non</strong></span> <span class='ocrx_word' id='word_1_595' title='bbox 2000 3739 2052 3793; x_wconf 93' lang='lat' dir='ltr'><strong>id</strong></span> <span class='ocrx_word' id='word_1_596' title='bbox 2086 3740 2258 3808; x_wconf 83' lang='lat' dir='ltr'><strong>magis</strong></span> <span class='ocrx_word' id='word_1_597' title='bbox 2286 3748 2620 3809; x_wconf 58' lang='lat' dir='ltr'><strong>praeceptum</strong></span> <span class='ocrx_word' id='word_1_598' title='bbox 2650 3743 2717 3795; x_wconf 92' lang='lat' dir='ltr'><strong>iis</strong></span> <span class='ocrx_word' id='word_1_599' title='bbox 2740 3781 2755 3804; x_wconf 90' lang='lat'><strong>,</strong></span> <span class='ocrx_word' id='word_1_600' title='bbox 2788 3742 2882 3812; x_wconf 91' lang='lat' dir='ltr'><strong>qui</strong></span> <span class='ocrx_word' id='word_1_601' title='bbox 2911 3758 2973 3797; x_wconf 79' lang='lat' dir='ltr'><strong>ex</strong></span> <span class='ocrx_word' id='word_1_602' title='bbox 3009 3745 3188 3815; x_wconf 89' lang='lat' dir='ltr'><strong>portis</strong></span> <span class='ocrx_word' id='word_1_603' title='bbox 3234 3747 3428 3802; x_wconf 87' lang='lat' dir='ltr'><strong>mortis</strong></span> 
     </span>
    </p>
   </div>
   <div class='ocr_carea' id='block_1_81' title="bbox 1842 3830 3424 3909">
    <p class='ocr_par' dir='ltr' id='par_1_81' title="bbox 1842 3830 3424 3909">
     <span class='ocr_line' id='line_1_81' title="bbox 1842 3830 3424 3909; baseline 0.004 -24"><span class='ocrx_word' id='word_1_604' title='bbox 1842 3831 2010 3885; x_wconf 91' lang='lat' dir='ltr'><strong>erecti</strong></span> <span class='ocrx_word' id='word_1_605' title='bbox 2049 3835 2217 3886; x_wconf 88' lang='lat' dir='ltr'><strong>sunt?</strong></span> <span class='ocrx_word' id='word_1_606' title='bbox 2265 3830 2319 3886; x_wconf 94' lang='lat' dir='ltr'><strong>ld</strong></span> <span class='ocrx_word' id='word_1_607' title='bbox 2377 3844 2558 3887; x_wconf 86' lang='lat' dir='ltr'><strong>autem</strong></span> <span class='ocrx_word' id='word_1_608' title='bbox 2612 3833 2877 3899; x_wconf 78' lang='lat' dir='ltr'><strong>maxime,</strong></span> <span class='ocrx_word' id='word_1_609' title='bbox 2912 3844 2969 3890; x_wconf 92' lang='lat' dir='ltr'><strong>ut</strong></span> <span class='ocrx_word' id='word_1_610' title='bbox 3019 3837 3153 3891; x_wconf 88' lang='lat' dir='ltr'><strong>mihi</strong></span> <span class='ocrx_word' id='word_1_611' title='bbox 3203 3838 3424 3909; x_wconf 89' lang='lat' dir='ltr'><strong>quidem</strong></span> 
     </span>
    </p>
   </div>
   <div class='ocr_carea' id='block_1_82' title="bbox 1840 3921 3425 3994">
    <p class='ocr_par' dir='ltr' id='par_1_82' title="bbox 1840 3921 3425 3994">
     <span class='ocr_line' id='line_1_82' title="bbox 1840 3921 3425 3994; baseline 0.007 -18"><span class='ocrx_word' id='word_1_612' title='bbox 1840 3921 2189 3992; x_wconf 86' lang='lat' dir='ltr'><strong>persuadeo,</strong></span> <span class='ocrx_word' id='word_1_613' title='bbox 2252 3923 2707 3994; x_wconf 69' lang='lat' dir='ltr'><strong>prazstiterimus,</strong></span> <span class='ocrx_word' id='word_1_614' title='bbox 2768 3926 2814 3980; x_wconf 91' lang='lat' dir='ltr'><strong>si</strong></span> <span class='ocrx_word' id='word_1_615' title='bbox 2886 3928 3117 3984; x_wconf 85' lang='lat' dir='ltr'><strong>velimus</strong></span> <span class='ocrx_word' id='word_1_616' title='bbox 3177 3929 3425 3987; x_wconf 85' lang='lat' dir='ltr'><strong>eamdem</strong></span> 
     </span>
    </p>
   </div>
   <div class='ocr_carea' id='block_1_83' title="bbox 1843 4014 3427 4091">
    <p class='ocr_par' dir='ltr' id='par_1_83' title="bbox 1843 4014 3427 4091">
     <span class='ocr_line' id='line_1_83' title="bbox 1843 4014 3427 4091; baseline 0.006 -23"><span class='ocrx_word' id='word_1_617' title='bbox 1843 4027 2059 4083; x_wconf 87' lang='lat' dir='ltr'><strong>semper</strong></span> <span class='ocrx_word' id='word_1_618' title='bbox 2087 4014 2323 4068; x_wconf 84' lang='lat' dir='ltr'><strong>retinere</strong></span> <span class='ocrx_word' id='word_1_619' title='bbox 2357 4023 2593 4069; x_wconf 88' lang='lat' dir='ltr'><strong>mentem</strong></span> <span class='ocrx_word' id='word_1_620' title='bbox 2613 4057 2627 4079; x_wconf 92' lang='lat'><strong>,</strong></span> <span class='ocrx_word' id='word_1_621' title='bbox 2665 4032 2828 4086; x_wconf 89' lang='lat' dir='ltr'><strong>quam</strong></span> <span class='ocrx_word' id='word_1_622' title='bbox 2876 4025 3120 4089; x_wconf 87' lang='lat' dir='ltr'><strong>tempore</strong></span> <span class='ocrx_word' id='word_1_623' title='bbox 3150 4023 3427 4091; x_wconf 89' lang='lat' dir='ltr'><strong>periculo-</strong></span> 
     </span>
    </p>
   </div>
   <div class='ocr_carea' id='block_1_84' title="bbox 1840 4104 3426 4174">
    <p class='ocr_par' dir='ltr' id='par_1_84' title="bbox 1840 4104 3426 4174">
     <span class='ocr_line' id='line_1_84' title="bbox 1840 4104 3426 4174; baseline 0.01 -17"><span class='ocrx_word' id='word_1_624' title='bbox 1840 4119 1962 4157; x_wconf 92' lang='lat' dir='ltr'><strong>rum</strong></span> <span class='ocrx_word' id='word_1_625' title='bbox 2016 4104 2372 4160; x_wconf 84' lang='lat' dir='ltr'><strong>habebamus.</strong></span> <span class='ocrx_word' id='word_1_626' title='bbox 2429 4107 2670 4162; x_wconf 86' lang='lat' dir='ltr'><strong>Omnino</strong></span> <span class='ocrx_word' id='word_1_627' title='bbox 2705 4110 2849 4163; x_wconf 87' lang='lat' dir='ltr'><strong>enim</strong></span> <span class='ocrx_word' id='word_1_628' title='bbox 2890 4121 3112 4166; x_wconf 85' lang='lat' dir='ltr'><strong>venerat</strong></span> <span class='ocrx_word' id='word_1_629' title='bbox 3153 4113 3316 4170; x_wconf 89' lang='lat' dir='ltr'><strong>nobis</strong></span> <span class='ocrx_word' id='word_1_630' title='bbox 3367 4114 3426 4174; x_wconf 86' lang='lat' dir='ltr'><strong>in</strong></span> 
     </span>
    </p>
   </div>
   <div class='ocr_carea' id='block_1_85' title="bbox 1841 4194 3427 4263">
    <p class='ocr_par' dir='ltr' id='par_1_85' title="bbox 1841 4194 3427 4263">
     <span class='ocr_line' id='line_1_85' title="bbox 1841 4194 3427 4263; baseline 0.009 -15"><span class='ocrx_word' id='word_1_631' title='bbox 1841 4194 2079 4250; x_wconf 83' lang='lat' dir='ltr'><strong>mentem</strong></span> <span class='ocrx_word' id='word_1_632' title='bbox 2116 4197 2241 4251; x_wconf 57' lang='lat' dir='ltr'><strong>vitae</strong></span> <span class='ocrx_word' id='word_1_633' title='bbox 2278 4198 2492 4254; x_wconf 87' lang='lat' dir='ltr'><strong>vanitas</strong></span> <span class='ocrx_word' id='word_1_634' title='bbox 2517 4240 2530 4261; x_wconf 92' lang='lat'><strong>,</strong></span> <span class='ocrx_word' id='word_1_635' title='bbox 2565 4215 2629 4254; x_wconf 92' lang='lat' dir='ltr'><strong>ac</strong></span> <span class='ocrx_word' id='word_1_636' title='bbox 2658 4201 2794 4255; x_wconf 89' lang='lat' dir='ltr'><strong>nihil</strong></span> <span class='ocrx_word' id='word_1_637' title='bbox 2828 4202 2991 4256; x_wconf 78' lang='lat' dir='ltr'><strong>fidum</strong></span> <span class='ocrx_word' id='word_1_638' title='bbox 3024 4219 3148 4260; x_wconf 90' lang='lat' dir='ltr'><strong>esse</strong></span> <span class='ocrx_word' id='word_1_639' title='bbox 3174 4206 3230 4260; x_wconf 90' lang='lat' dir='ltr'><strong>in</strong></span> <span class='ocrx_word' id='word_1_640' title='bbox 3262 4208 3427 4263; x_wconf 80' lang='lat' dir='ltr'><strong>rebus</strong></span> 
     </span>
    </p>
   </div>
   <div class='ocr_carea' id='block_1_86' title="bbox 1841 4288 3427 4364">
    <p class='ocr_par' dir='ltr' id='par_1_86' title="bbox 1841 4288 3427 4364">
     <span class='ocr_line' id='line_1_86' title="bbox 1841 4288 3427 4364; baseline 0.009 -23"><span class='ocrx_word' id='word_1_641' title='bbox 1841 4288 2132 4352; x_wconf 88' lang='lat' dir='ltr'><strong>humanis,</strong></span> <span class='ocrx_word' id='word_1_642' title='bbox 2175 4291 2313 4344; x_wconf 89' lang='lat' dir='ltr'><strong>nihil</strong></span> <span class='ocrx_word' id='word_1_643' title='bbox 2365 4292 2594 4356; x_wconf 89' lang='lat' dir='ltr'><strong>stabile,</strong></span> <span class='ocrx_word' id='word_1_644' title='bbox 2624 4302 2684 4347; x_wconf 92' lang='lat' dir='ltr'><strong>ut</strong></span> <span class='ocrx_word' id='word_1_645' title='bbox 2715 4310 2839 4364; x_wconf 72' lang='lat' dir='ltr'><strong>qua:</strong></span> <span class='ocrx_word' id='word_1_646' title='bbox 2866 4303 2976 4349; x_wconf 91' lang='lat' dir='ltr'><strong>tam</strong></span> <span class='ocrx_word' id='word_1_647' title='bbox 3013 4295 3175 4353; x_wconf 82' lang='lat' dir='ltr'><strong>facile</strong></span> <span class='ocrx_word' id='word_1_648' title='bbox 3209 4307 3427 4355; x_wconf 84' lang='lat' dir='ltr'><strong>muten-</strong></span> 
     </span>
    </p>
   </div>
   <div class='ocr_carea' id='block_1_87' title="bbox 149 4368 1738 4459">
    <p class='ocr_par' dir='ltr' id='par_1_87' title="bbox 149 4368 1738 4442">
     <span class='ocr_line' id='line_1_87' title="bbox 149 4368 1738 4442; baseline 0.003 -23"><span class='ocrx_word' id='word_1_649' title='bbox 149 4383 321 4429; x_wconf 77' lang='grc' dir='ltr'>ταιον,</span> <span class='ocrx_word' id='word_1_650' title='bbox 352 4368 450 4420; x_wconf 75' lang='grc' dir='ltr'>καὶ</span> <span class='ocrx_word' id='word_1_651' title='bbox 486 4368 564 4432; x_wconf 82' lang='grc' dir='ltr'><strong>ὡς</strong></span> <span class='ocrx_word' id='word_1_652' title='bbox 606 4369 757 4423; x_wconf 81' lang='grc' dir='ltr'>οὐδὲν</span> <span class='ocrx_word' id='word_1_653' title='bbox 803 4370 992 4422; x_wconf 80' lang='grc' dir='ltr'>πιστὸν</span> <span class='ocrx_word' id='word_1_654' title='bbox 1038 4370 1146 4424; x_wconf 82' lang='grc' dir='ltr'><strong>τῶν</strong></span> <span class='ocrx_word' id='word_1_655' title='bbox 1188 4370 1564 4442; x_wconf 76' lang='grc' dir='ltr'>ἀνθρωπίνων,</span> <span class='ocrx_word' id='word_1_656' title='bbox 1614 4371 1738 4425; x_wconf 76' lang='grc' dir='ltr'>οὔτε</span> 
     </span>
    </p>
   </div>
   <div class='ocr_carea' id='block_1_88' title="bbox 1848 4368 3424 4459">
    <p class='ocr_par' dir='ltr' id='par_1_88' title="bbox 1848 4378 3424 4459">
     <span class='ocr_line' id='line_1_88' title="bbox 1848 4378 3424 4459; baseline 0.008 -28"><span class='ocrx_word' id='word_1_657' title='bbox 1848 4385 1954 4431; x_wconf 90' lang='lat' dir='ltr'><strong>tur.</strong></span> <span class='ocrx_word' id='word_1_658' title='bbox 1987 4378 2242 4435; x_wconf 89' lang='lat' dir='ltr'><strong>Subierat</strong></span> <span class='ocrx_word' id='word_1_659' title='bbox 2267 4382 2433 4436; x_wconf 90' lang='lat' dir='ltr'><strong>etiam</strong></span> <span class='ocrx_word' id='word_1_660' title='bbox 2457 4399 2579 4444; x_wconf 91' lang='lat' dir='ltr'><strong>nos,</strong></span> <span class='ocrx_word' id='word_1_661' title='bbox 2610 4394 2670 4438; x_wconf 90' lang='lat' dir='ltr'><strong>ut</strong></span> <span class='ocrx_word' id='word_1_662' title='bbox 2696 4385 2995 4441; x_wconf 89' lang='lat' dir='ltr'><strong>verisimile</strong></span> <span class='ocrx_word' id='word_1_663' title='bbox 3018 4395 3137 4452; x_wconf 92' lang='lat' dir='ltr'><strong>est,</strong></span> <span class='ocrx_word' id='word_1_664' title='bbox 3175 4388 3424 4459; x_wconf 66' lang='lat' dir='ltr'><strong>quaedam</strong></span> 
     </span>
    </p>
   </div>
   <div class='ocr_carea' id='block_1_89' title="bbox 148 4459 1736 4535">
    <p class='ocr_par' dir='ltr' id='par_1_89' title="bbox 148 4459 1736 4535">
     <span class='ocr_line' id='line_1_89' title="bbox 148 4459 1736 4535; baseline 0.006 -27"><span class='ocrx_word' id='word_1_665' title='bbox 148 4459 371 4528; x_wconf 70' lang='grc' dir='ltr'>πάγων,</span> <span class='ocrx_word' id='word_1_666' title='bbox 405 4460 548 4515; x_wconf 79' lang='grc' dir='ltr'>οὕτω</span> <span class='ocrx_word' id='word_1_667' title='bbox 573 4462 768 4533; x_wconf 77' lang='grc' dir='ltr'>ῥᾳδίως</span> <span class='ocrx_word' id='word_1_668' title='bbox 793 4462 903 4532; x_wconf 76' lang='grc'><strong>(21)</strong></span> <span class='ocrx_word' id='word_1_669' title='bbox 934 4463 1165 4532; x_wconf 80' lang='grc' dir='ltr'>ἑχόντων</span> <span class='ocrx_word' id='word_1_670' title='bbox 1196 4463 1296 4527; x_wconf 81' lang='grc' dir='ltr'>τὰς</span> <span class='ocrx_word' id='word_1_671' title='bbox 1338 4464 1736 4535; x_wconf 82' lang='grc' dir='ltr'>μεταπτώσεις.</span> 
     </span>
    </p>
   </div>
   <div class='ocr_carea' id='block_1_90' title="bbox 150 4551 1740 4625">
    <p class='ocr_par' dir='ltr' id='par_1_90' title="bbox 150 4551 1740 4625">
     <span class='ocr_line' id='line_1_90' title="bbox 150 4551 1740 4625; baseline 0.004 -22"><span class='ocrx_word' id='word_1_672' title='bbox 150 4551 260 4604; x_wconf 75' lang='grc' dir='ltr'>Καί</span> <span class='ocrx_word' id='word_1_673' title='bbox 294 4551 400 4605; x_wconf 81' lang='grc' dir='ltr'><strong>πού</strong></span> <span class='ocrx_word' id='word_1_674' title='bbox 430 4569 517 4616; x_wconf 85' lang='grc' dir='ltr'><strong>τις</strong></span> <span class='ocrx_word' id='word_1_675' title='bbox 550 4553 879 4624; x_wconf 84' lang='grc' dir='ltr'>μεταμέλεια</span> <span class='ocrx_word' id='word_1_676' title='bbox 920 4555 1019 4625; x_wconf 84' lang='grc' dir='ltr'>μὲν</span> <span class='ocrx_word' id='word_1_677' title='bbox 1057 4555 1120 4607; x_wconf 77' lang='grc' dir='ltr'>ἐκ</span> <span class='ocrx_word' id='word_1_678' title='bbox 1148 4573 1207 4608; x_wconf 90' lang='grc' dir='ltr'><strong>τε</strong></span> <span class='ocrx_word' id='word_1_679' title='bbox 1239 4555 1345 4608; x_wconf 80' lang='grc' dir='ltr'><strong>τῶν</strong></span> <span class='ocrx_word' id='word_1_680' title='bbox 1402 4557 1628 4610; x_wconf 76' lang='grc' dir='ltr'>εἰκότων</span> <span class='ocrx_word' id='word_1_681' title='bbox 1660 4560 1740 4610; x_wconf 80' lang='grc' dir='ltr'><strong>ὲν-</strong></span> 
     </span>
    </p>
   </div>
   <div class='ocr_carea' id='block_1_91' title="bbox 149 4643 1738 4723">
    <p class='ocr_par' dir='ltr' id='par_1_91' title="bbox 149 4643 1738 4723">
     <span class='ocr_line' id='line_1_91' title="bbox 149 4643 1738 4723; baseline 0.005 -28"><span class='ocrx_word' id='word_1_682' title='bbox 149 4643 363 4711; x_wconf 83' lang='grc' dir='ltr'>εγίνετο</span> <span class='ocrx_word' id='word_1_683' title='bbox 388 4645 523 4713; x_wconf 80' lang='grc' dir='ltr'>ἡμῖν</span> <span class='ocrx_word' id='word_1_684' title='bbox 554 4646 647 4697; x_wconf 75' lang='grc' dir='ltr'>ἐπὶ</span> <span class='ocrx_word' id='word_1_685' title='bbox 680 4648 794 4709; x_wconf 82' lang='grc' dir='ltr'>τοῖς</span> <span class='ocrx_word' id='word_1_686' title='bbox 828 4645 1129 4716; x_wconf 73' lang='grc' dir='ltr'>φθάσασινο</span> <span class='ocrx_word' id='word_1_687' title='bbox 1159 4647 1457 4723; x_wconf 40' lang='grc' dir='ltr'>ὑπόσχεσις,</span> <span class='ocrx_word' id='word_1_688' title='bbox 1504 4648 1559 4701; x_wconf 84' lang='grc' dir='ltr'><strong>δὲ</strong></span> <span class='ocrx_word' id='word_1_689' title='bbox 1608 4653 1738 4722; x_wconf 74' lang='grc' dir='ltr'>περὶ</span> 
     </span>
    </p>
   </div>
   <div class='ocr_carea' id='block_1_92' title="bbox 146 4734 1738 4808">
    <p class='ocr_par' dir='ltr' id='par_1_92' title="bbox 146 4734 1738 4808">
     <span class='ocr_line' id='line_1_92' title="bbox 146 4734 1738 4808; baseline 0.004 -21"><span class='ocrx_word' id='word_1_690' title='bbox 146 4734 258 4787; x_wconf 78' lang='grc' dir='ltr'>τῶν</span> <span class='ocrx_word' id='word_1_691' title='bbox 288 4734 514 4805; x_wconf 76' lang='grc' dir='ltr'>ἑφεξῆς,</span> <span class='ocrx_word' id='word_1_692' title='bbox 542 4737 590 4787; x_wconf 81' lang='grc' dir='ltr'>εἰ</span> <span class='ocrx_word' id='word_1_693' title='bbox 644 4735 1104 4808; x_wconf 83' lang='grc' dir='ltr'>περισωθείημεν,</span> <span class='ocrx_word' id='word_1_694' title='bbox 1132 4736 1252 4807; x_wconf 86' lang='grc' dir='ltr'>Θεῷ</span> <span class='ocrx_word' id='word_1_695' title='bbox 1306 4738 1600 4804; x_wconf 85' lang='grc' dir='ltr'>δουλεύειν,</span> <span class='ocrx_word' id='word_1_696' title='bbox 1641 4743 1738 4793; x_wconf 72' lang='grc' dir='ltr'><strong>καὶ</strong></span> 
     </span>
    </p>
   </div>
   <div class='ocr_carea' id='block_1_93' title="bbox 225 4852 718 4916">
    <p class='ocr_par' dir='ltr' id='par_1_93' title="bbox 225 4852 718 4916">
     <span class='ocr_line' id='line_1_93' title="bbox 225 4852 718 4916; baseline 0 -10"><span class='ocrx_word' id='word_1_697' title='bbox 225 4854 271 4886; x_wconf 74' lang='grc'><strong><em>⁸⁸</em></strong></span> <span class='ocrx_word' id='word_1_698' title='bbox 305 4852 471 4909; x_wconf 80' lang='lat' dir='ltr'><strong>Rom.</strong></span> <span class='ocrx_word' id='word_1_699' title='bbox 510 4869 595 4916; x_wconf 87' lang='lat' dir='ltr'><strong>vt,</strong></span> <span class='ocrx_word' id='word_1_700' title='bbox 632 4854 718 4907; x_wconf 77' lang='grc'><strong>15.</strong></span> 
     </span>
    </p>
   </div>
   <div class='ocr_carea' id='block_1_94' title="bbox 152 4965 1731 5048">
    <p class='ocr_par' dir='ltr' id='par_1_94' title="bbox 152 4965 1731 5048">
     <span class='ocr_line' id='line_1_94' title="bbox 152 4965 1731 5048; baseline -0.001 -23"><span class='ocrx_word' id='word_1_701' title='bbox 152 4968 297 5048; x_wconf 54' lang='lat'><strong>[30}</strong></span> <span class='ocrx_word' id='word_1_702' title='bbox 324 4966 545 5048; x_wconf 75' lang='grc' dir='ltr'>γράψας</span> <span class='ocrx_word' id='word_1_703' title='bbox 577 4966 699 5021; x_wconf 85' lang='grc' dir='ltr'>καθ’</span> <span class='ocrx_word' id='word_1_704' title='bbox 730 4965 907 5048; x_wconf 55' lang='grc' dir='ltr'>ήμιῖξν,</span> <span class='ocrx_word' id='word_1_705' title='bbox 932 4965 1133 5048; x_wconf 77' lang='grc' dir='ltr'>μᾷλλον</span> <span class='ocrx_word' id='word_1_706' title='bbox 1170 4965 1227 5019; x_wconf 85' lang='grc' dir='ltr'>δὲ</span> <span class='ocrx_word' id='word_1_707' title='bbox 1259 4967 1599 5048; x_wconf 69' lang='grc' dir='ltr'>συγγράψας,</span> <span class='ocrx_word' id='word_1_708' title='bbox 1624 4977 1731 5024; x_wconf 86' lang='lat' dir='ltr'><strong>etc.</strong></span> 
     </span>
    </p>
   </div>
   <div class='ocr_carea' id='block_1_95' title="bbox 153 5038 1737 5107">
    <p class='ocr_par' dir='ltr' id='par_1_95' title="bbox 153 5038 1737 5107">
     <span class='ocr_line' id='line_1_95' title="bbox 153 5038 1737 5107; baseline 0 -12"><span class='ocrx_word' id='word_1_709' title='bbox 153 5038 388 5107; x_wconf 75' lang='lat' dir='ltr'><strong>Scripsit</strong></span> <span class='ocrx_word' id='word_1_710' title='bbox 428 5048 613 5091; x_wconf 86' lang='lat' dir='ltr'><strong>contra</strong></span> <span class='ocrx_word' id='word_1_711' title='bbox 648 5054 742 5091; x_wconf 85' lang='lat' dir='ltr'><strong>nos</strong></span> <span class='ocrx_word' id='word_1_712' title='bbox 774 5038 852 5090; x_wconf 81' lang='lat' dir='ltr'><strong>vel</strong></span> <span class='ocrx_word' id='word_1_713' title='bbox 879 5038 1053 5107; x_wconf 78' lang='lat' dir='ltr'><strong>potius</strong></span> <span class='ocrx_word' id='word_1_714' title='bbox 1092 5038 1383 5103; x_wconf 80' lang='lat' dir='ltr'><strong>composuit</strong></span> <span class='ocrx_word' id='word_1_715' title='bbox 1406 5038 1596 5107; x_wconf 77' lang='lat' dir='ltr'><strong>longos</strong></span> <span class='ocrx_word' id='word_1_716' title='bbox 1626 5056 1737 5095; x_wconf 84' lang='lat' dir='ltr'><strong>ser-</strong></span> 
     </span>
    </p>
   </div>
   <div class='ocr_carea' id='block_1_96' title="bbox 152 5106 1732 5175">
    <p class='ocr_par' dir='ltr' id='par_1_96' title="bbox 152 5106 1732 5175">
     <span class='ocr_line' id='line_1_96' title="bbox 152 5106 1732 5175; baseline 0.001 -11"><span class='ocrx_word' id='word_1_717' title='bbox 152 5106 333 5164; x_wconf 68' lang='lat' dir='ltr'><strong>mones</strong></span> <span class='ocrx_word' id='word_1_718' title='bbox 377 5110 617 5162; x_wconf 79' lang='lat' dir='ltr'><strong>convicio</strong></span> <span class='ocrx_word' id='word_1_719' title='bbox 661 5108 804 5160; x_wconf 87' lang='lat' dir='ltr'><strong>omni</strong></span> <span class='ocrx_word' id='word_1_720' title='bbox 846 5116 895 5160; x_wconf 87' lang='lat' dir='ltr'><strong>et</strong></span> <span class='ocrx_word' id='word_1_721' title='bbox 937 5106 1208 5161; x_wconf 82' lang='lat' dir='ltr'><strong>calumnia</strong></span> <span class='ocrx_word' id='word_1_722' title='bbox 1254 5106 1732 5175; x_wconf 44' lang='lat' dir='ltr'><strong>refertosJEodem</strong></span> 
     </span>
    </p>
   </div>
   <div class='ocr_carea' id='block_1_97' title="bbox 154 5176 1732 5266">
    <p class='ocr_par' dir='ltr' id='par_1_97' title="bbox 154 5176 1732 5266">
     <span class='ocr_line' id='line_1_97' title="bbox 154 5176 1732 5266; baseline 0.003 -35"><span class='ocrx_word' id='word_1_723' title='bbox 154 5190 657 5266; x_wconf 49' lang='lat' dir='ltr'><strong>ﬁnsunnsurpatur</strong></span> <span class='ocrx_word' id='word_1_724' title='bbox 687 5176 822 5232; x_wconf 90' lang='lat' dir='ltr'><strong>illud</strong></span> <span class='ocrx_word' id='word_1_725' title='bbox 845 5177 1067 5231; x_wconf 86' lang='lat' dir='ltr'><strong>verbum</strong></span> <span class='ocrx_word' id='word_1_726' title='bbox 1095 5178 1151 5230; x_wconf 84' lang='lat' dir='ltr'><strong>in</strong></span> <span class='ocrx_word' id='word_1_727' title='bbox 1181 5177 1427 5245; x_wconf 89' lang='lat' dir='ltr'><strong>epistolis</strong></span> <span class='ocrx_word' id='word_1_728' title='bbox 1455 5179 1580 5244; x_wconf 80' lang='grc'><strong>151,</strong></span> <span class='ocrx_word' id='word_1_729' title='bbox 1604 5179 1732 5248; x_wconf 71' lang='grc'>225,</span> 
     </span>
    </p>
   </div>
   <div class='ocr_carea' id='block_1_98' title="bbox 152 5248 1737 5387">
    <p class='ocr_par' dir='ltr' id='par_1_98' title="bbox 152 5248 1737 5387">
     <span class='ocr_line' id='line_1_98' title="bbox 152 5248 1737 5387; baseline -0.003 -7"><span class='ocrx_word' id='word_1_730' title='bbox 152 5248 624 5387; x_wconf 37' lang='lat' dir='ltr'><strong>ﬂagitiorum.</strong></span> <span class='ocrx_word' id='word_1_731' title='bbox 652 5317 744 5372; x_wconf 90' lang='lat' dir='ltr'><strong>Sic</strong></span> <span class='ocrx_word' id='word_1_732' title='bbox 769 5317 1010 5386; x_wconf 86' lang='lat' dir='ltr'><strong>quinque</strong></span> <span class='ocrx_word' id='word_1_733' title='bbox 1038 5331 1174 5371; x_wconf 84' lang='lat' dir='ltr'><strong>mss.</strong></span> <span class='ocrx_word' id='word_1_734' title='bbox 1197 5315 1340 5371; x_wconf 85' lang='lat' dir='ltr'><strong>Editi</strong></span> <span class='ocrx_word' id='word_1_735' title='bbox 1362 5317 1565 5382; x_wconf 85' lang='grc' dir='ltr'>λύσεις.</span> <span class='ocrx_word' id='word_1_736' title='bbox 1596 5319 1737 5376; x_wconf 87' lang='lat' dir='ltr'><strong>Pau-</strong></span> 
     </span>
    </p>
   </div>
   <div class='ocr_carea' id='block_1_99' title="bbox 156 5387 1695 5466">
    <p class='ocr_par' dir='ltr' id='par_1_99' title="bbox 156 5387 1695 5466">
     <span class='ocr_line' id='line_1_99' title="bbox 156 5387 1695 5466; baseline 0.001 -24"><span class='ocrx_word' id='word_1_737' title='bbox 156 5389 209 5442; x_wconf 84' lang='grc' dir='ltr'><strong>ιο</strong></span> <span class='ocrx_word' id='word_1_738' title='bbox 235 5400 363 5466; x_wconf 63' lang='lat' dir='ltr'><strong>pqst</strong></span> <span class='ocrx_word' id='word_1_739' title='bbox 392 5390 528 5466; x_wconf 84' lang='lat' dir='ltr'><strong>e_d_iti</strong></span> <span class='ocrx_word' id='word_1_740' title='bbox 556 5388 678 5466; x_wconf 55' lang='grc' dir='ltr'>κει.θῖ</span> <span class='ocrx_word' id='word_1_741' title='bbox 710 5387 884 5466; x_wconf 41' lang='lat' dir='ltr'><strong>spati.</strong></span> <span class='ocrx_word' id='word_1_742' title='bbox 917 5387 1170 5466; x_wconf 79' lang='lat' dir='ltr'><strong>Plerique</strong></span> <span class='ocrx_word' id='word_1_743' title='bbox 1198 5402 1334 5466; x_wconf 68' lang='lat' dir='ltr'><strong>mss.</strong></span> <span class='ocrx_word' id='word_1_744' title='bbox 1361 5389 1483 5441; x_wconf 82' lang='grc' dir='ltr'>καθ’</span> <span class='ocrx_word' id='word_1_745' title='bbox 1508 5391 1695 5466; x_wconf 53' lang='grc' dir='ltr'>[ἡμῶν.</span> 
     </span>
    </p>
   </div>
   <div class='ocr_carea' id='block_1_100' title="bbox 227 5457 1732 5542">
    <p class='ocr_par' dir='ltr' id='par_1_100' title="bbox 227 5457 1732 5542">
     <span class='ocr_line' id='line_1_100' title="bbox 227 5457 1732 5542; baseline 0.007 -34"><span class='ocrx_word' id='word_1_746' title='bbox 227 5461 342 5539; x_wconf 75' lang='grc'><strong>(17)</strong></span> <span class='ocrx_word' id='word_1_747' title='bbox 387 5458 476 5524; x_wconf 82' lang='grc' dir='ltr'>Τῷ</span> <span class='ocrx_word' id='word_1_748' title='bbox 538 5457 1180 5542; x_wconf 20' lang='grc' dir='ltr'>ᾰὸίελερῷριῖρῃτρρζου.</span> <span class='ocrx_word' id='word_1_749' title='bbox 1248 5457 1472 5542; x_wconf 44' lang='lat' dir='ltr'><strong>pesti-nt.</strong></span> <span class='ocrx_word' id='word_1_750' title='bbox 1508 5457 1625 5542; x_wconf 61' lang='lat' dir='ltr'><strong>lucc</strong></span> <span class='ocrx_word' id='word_1_751' title='bbox 1677 5464 1732 5519; x_wconf 91' lang='lat' dir='ltr'><strong>in</strong></span> 
     </span>
    </p>
   </div>
   <div class='ocr_carea' id='block_1_101' title="bbox 159 5528 1731 5659">
    <p class='ocr_par' dir='ltr' id='par_1_101' title="bbox 159 5528 1731 5659">
     <span class='ocr_line' id='line_1_101' title="bbox 159 5528 1604 5599; baseline 0.001 -17"><span class='ocrx_word' id='word_1_752' title='bbox 159 5528 400 5599; x_wconf 81' lang='lat' dir='ltr'><strong>quinque</strong></span> <span class='ocrx_word' id='word_1_753' title='bbox 436 5545 569 5584; x_wconf 87' lang='lat' dir='ltr'><strong>mss.</strong></span> <span class='ocrx_word' id='word_1_754' title='bbox 600 5528 880 5599; x_wconf 81' lang='lat' dir='ltr'><strong>Leguutur</strong></span> <span class='ocrx_word' id='word_1_755' title='bbox 910 5531 965 5583; x_wconf 93' lang='lat' dir='ltr'><strong>in</strong></span> <span class='ocrx_word' id='word_1_756' title='bbox 990 5528 1167 5582; x_wconf 89' lang='lat' dir='ltr'><strong>tribus</strong></span> <span class='ocrx_word' id='word_1_757' title='bbox 1194 5530 1604 5586; x_wconf 86' lang='lat' dir='ltr'><strong>vetustissimis.</strong></span> 
     </span>
     <span class='ocr_line' id='line_1_102' title="bbox 229 5596 1731 5659; baseline 0.003 -4"><span class='ocrx_word' id='word_1_758' title='bbox 229 5603 338 5659; x_wconf 64' lang='grc' dir='ltr'><strong>ΗΒ)</strong></span> <span class='ocrx_word' id='word_1_759' title='bbox 368 5600 482 5654; x_wconf 77' lang='grc' dir='ltr'><strong>Καὶ</strong></span> <span class='ocrx_word' id='word_1_760' title='bbox 504 5601 575 5653; x_wconf 77' lang='grc' dir='ltr'><strong>ἐν</strong></span> <span class='ocrx_word' id='word_1_761' title='bbox 603 5600 726 5654; x_wconf 79' lang='grc' dir='ltr'>σοι.</span> <span class='ocrx_word' id='word_1_762' title='bbox 771 5598 1092 5659; x_wconf 71' lang='grc' dir='ltr'>Ρτεειιοείιίο</span> <span class='ocrx_word' id='word_1_763' title='bbox 1133 5596 1316 5653; x_wconf 85' lang='lat' dir='ltr'><strong>addita</strong></span> <span class='ocrx_word' id='word_1_764' title='bbox 1348 5614 1414 5654; x_wconf 77' lang='lat' dir='ltr'><strong>ex</strong></span> <span class='ocrx_word' id='word_1_765' title='bbox 1447 5600 1731 5659; x_wconf 84' lang='lat' dir='ltr'><strong>codicibus</strong></span> 
     </span>
    </p>
   </div>
   <div class='ocr_carea' id='block_1_102' title="bbox 162 5603 1728 5740">
    <p class='ocr_par' dir='ltr' id='par_1_102' title="bbox 162 5603 1728 5740">
     <span class='ocr_line' id='line_1_103' title="bbox 229 5603 1728 5659; baseline 0.003 -4"><span class='ocrx_word' id='word_1_766' title='bbox 229 5603 338 5656; x_wconf 59' lang='grc' dir='ltr'><strong>ΗΒ»</strong></span> <span class='ocrx_word' id='word_1_767' title='bbox 368 5603 482 5654; x_wconf 77' lang='grc' dir='ltr'><strong>Καὶ</strong></span> <span class='ocrx_word' id='word_1_768' title='bbox 504 5603 575 5653; x_wconf 77' lang='grc' dir='ltr'><strong>ἐν</strong></span> <span class='ocrx_word' id='word_1_769' title='bbox 603 5603 726 5654; x_wconf 79' lang='grc' dir='ltr'>σοι.</span> <span class='ocrx_word' id='word_1_770' title='bbox 771 5603 887 5653; x_wconf 72' lang='lat' dir='ltr'><strong>Prae</strong></span> <span class='ocrx_word' id='word_1_771' title='bbox 927 5603 1092 5653; x_wconf 87' lang='lat' dir='ltr'><strong>ositio</strong></span> <span class='ocrx_word' id='word_1_772' title='bbox 1133 5603 1316 5653; x_wconf 85' lang='lat' dir='ltr'><strong>addita</strong></span> <span class='ocrx_word' id='word_1_773' title='bbox 1348 5614 1414 5654; x_wconf 77' lang='lat' dir='ltr'><strong>ex</strong></span> <span class='ocrx_word' id='word_1_774' title='bbox 1447 5603 1728 5659; x_wconf 83' lang='lat' dir='ltr'><strong>codicibus</strong></span> 
     </span>
     <span class='ocr_line' id='line_1_104' title="bbox 162 5615 1728 5740; baseline 0.003 -16"><span class='ocrx_word' id='word_1_775' title='bbox 162 5658 329 5737; x_wconf 55' lang='lat' dir='ltr'><strong>llam,</strong></span> <span class='ocrx_word' id='word_1_776' title='bbox 353 5670 533 5727; x_wconf 65' lang='lat' dir='ltr'><strong>Coisl.</strong></span> <span class='ocrx_word' id='word_1_777' title='bbox 565 5670 762 5740; x_wconf 89' lang='lat' dir='ltr'><strong>primo,</strong></span> <span class='ocrx_word' id='word_1_778' title='bbox 794 5615 931 5725; x_wconf 36' lang='lat' dir='ltr'><strong>Med}.</strong></span> <span class='ocrx_word' id='word_1_779' title='bbox 961 5675 1016 5723; x_wconf 89' lang='lat' dir='ltr'><strong>et</strong></span> <span class='ocrx_word' id='word_1_780' title='bbox 1044 5668 1325 5724; x_wconf 89' lang='lat' dir='ltr'><strong>nonnullis</strong></span> <span class='ocrx_word' id='word_1_781' title='bbox 1351 5670 1494 5725; x_wconf 90' lang='lat' dir='ltr'><strong>aliis.</strong></span> <span class='ocrx_word' id='word_1_782' title='bbox 1524 5670 1728 5729; x_wconf 88' lang='lat' dir='ltr'><strong>Ibidem</strong></span> 
     </span>
    </p>
   </div>
   <div class='ocr_carea' id='block_1_103' title="bbox 1847 4470 3422 4549">
    <p class='ocr_par' dir='ltr' id='par_1_103' title="bbox 1847 4470 3422 4549">
     <span class='ocr_line' id='line_1_105' title="bbox 1847 4470 3422 4549; baseline 0.01 -29"><span class='ocrx_word' id='word_1_783' title='bbox 1847 4470 2252 4538; x_wconf 65' lang='lat' dir='ltr'><strong>prazteritorum</strong></span> <span class='ocrx_word' id='word_1_784' title='bbox 2292 4473 2617 4541; x_wconf 75' lang='lat' dir='ltr'><strong>pmnitentia</strong></span> <span class='ocrx_word' id='word_1_785' title='bbox 2643 4515 2657 4538; x_wconf 96' lang='lat'><strong>,</strong></span> <span class='ocrx_word' id='word_1_786' title='bbox 2687 4484 2741 4531; x_wconf 91' lang='lat' dir='ltr'><strong>et</strong></span> <span class='ocrx_word' id='word_1_787' title='bbox 2771 4477 2838 4532; x_wconf 92' lang='lat' dir='ltr'><strong>de</strong></span> <span class='ocrx_word' id='word_1_788' title='bbox 2877 4477 3076 4534; x_wconf 84' lang='lat' dir='ltr'><strong>futuris</strong></span> <span class='ocrx_word' id='word_1_789' title='bbox 3101 4482 3422 4549; x_wconf 87' lang='lat' dir='ltr'><strong>promissio,</strong></span> 
     </span>
    </p>
   </div>
   <div class='ocr_carea' id='block_1_104' title="bbox 1846 4559 3425 4643">
    <p class='ocr_par' dir='ltr' id='par_1_104' title="bbox 1846 4559 3425 4643">
     <span class='ocr_line' id='line_1_106' title="bbox 1846 4559 3425 4643; baseline 0.012 -29"><span class='ocrx_word' id='word_1_790' title='bbox 1846 4559 1997 4625; x_wconf 92' lang='lat' dir='ltr'><strong>Deo,</strong></span> <span class='ocrx_word' id='word_1_791' title='bbox 2048 4565 2094 4617; x_wconf 92' lang='lat' dir='ltr'><strong>si</strong></span> <span class='ocrx_word' id='word_1_792' title='bbox 2143 4580 2510 4628; x_wconf 76' lang='lat' dir='ltr'><strong>servarentur,</strong></span> <span class='ocrx_word' id='word_1_793' title='bbox 2566 4568 2935 4635; x_wconf 89' lang='lat' dir='ltr'><strong>inserviendi,</strong></span> <span class='ocrx_word' id='word_1_794' title='bbox 2980 4587 3045 4626; x_wconf 91' lang='lat' dir='ltr'><strong>ac</strong></span> <span class='ocrx_word' id='word_1_795' title='bbox 3094 4572 3256 4629; x_wconf 90' lang='lat' dir='ltr'><strong>nobis</strong></span> <span class='ocrx_word' id='word_1_796' title='bbox 3289 4574 3425 4643; x_wconf 76' lang='lat' dir='ltr'><strong>ipsis</strong></span> 
     </span>
    </p>
   </div>
   <div class='ocr_carea' id='block_1_105' title="bbox 1846 4655 3425 4734">
    <p class='ocr_par' dir='ltr' id='par_1_105' title="bbox 1846 4655 3425 4734">
     <span class='ocr_line' id='line_1_107' title="bbox 1846 4655 3425 4734; baseline 0.008 -25"><span class='ocrx_word' id='word_1_797' title='bbox 1846 4655 2131 4725; x_wconf 82' lang='lat' dir='ltr'><strong>diligentia</strong></span> <span class='ocrx_word' id='word_1_798' title='bbox 2184 4658 2334 4712; x_wconf 92' lang='lat' dir='ltr'><strong>omni</strong></span> <span class='ocrx_word' id='word_1_799' title='bbox 2384 4660 2725 4730; x_wconf 84' lang='lat' dir='ltr'><strong>invigilandi.</strong></span> <span class='ocrx_word' id='word_1_800' title='bbox 2765 4662 2822 4717; x_wconf 90' lang='lat' dir='ltr'><strong>Si</strong></span> <span class='ocrx_word' id='word_1_801' title='bbox 2866 4679 3031 4734; x_wconf 89' lang='lat' dir='ltr'><strong>quam</strong></span> <span class='ocrx_word' id='word_1_802' title='bbox 3087 4665 3229 4719; x_wconf 88' lang='lat' dir='ltr'><strong>enim</strong></span> <span class='ocrx_word' id='word_1_803' title='bbox 3265 4668 3425 4722; x_wconf 76' lang='lat' dir='ltr'><strong>nobis</strong></span> 
     </span>
    </p>
   </div>
   <div class='ocr_carea' id='block_1_106' title="bbox 1846 4749 3420 4827">
    <p class='ocr_par' dir='ltr' id='par_1_106' title="bbox 1846 4749 3420 4827">
     <span class='ocr_line' id='line_1_108' title="bbox 1846 4749 3420 4827; baseline 0.006 -27"><span class='ocrx_word' id='word_1_804' title='bbox 1846 4749 2238 4819; x_wconf 84' lang='lat' dir='ltr'><strong>cogitationem</strong></span> <span class='ocrx_word' id='word_1_805' title='bbox 2270 4752 2464 4807; x_wconf 89' lang='lat' dir='ltr'><strong>mortis</strong></span> <span class='ocrx_word' id='word_1_806' title='bbox 2494 4754 2799 4823; x_wconf 87' lang='lat' dir='ltr'><strong>periculum</strong></span> <span class='ocrx_word' id='word_1_807' title='bbox 2847 4756 3141 4811; x_wconf 90' lang='lat' dir='ltr'><strong>imminens</strong></span> <span class='ocrx_word' id='word_1_808' title='bbox 3185 4757 3420 4827; x_wconf 83' lang='lat' dir='ltr'><strong>injiciat,</strong></span> 
     </span>
    </p>
   </div>
   <div class='ocr_carea' id='block_1_107' title="bbox 1843 4974 3424 5057">
    <p class='ocr_par' dir='ltr' id='par_1_107' title="bbox 1843 4974 3424 5057">
     <span class='ocr_line' id='line_1_109' title="bbox 1843 4974 3424 5057; baseline 0.01 -31"><span class='ocrx_word' id='word_1_809' title='bbox 1843 4974 2347 5057; x_wconf 38' lang='lat' dir='ltr'><strong>quinque-codices</strong></span> <span class='ocrx_word' id='word_1_810' title='bbox 2384 4985 2832 5057; x_wconf 78' lang='grc' dir='ltr'>ἐπιδεικνυμένῳ.</span> <span class='ocrx_word' id='word_1_811' title='bbox 2874 4984 2979 5041; x_wconf 90' lang='lat' dir='ltr'><strong>Sed</strong></span> <span class='ocrx_word' id='word_1_812' title='bbox 3005 4995 3117 5041; x_wconf 85' lang='lat' dir='ltr'><strong>tres</strong></span> <span class='ocrx_word' id='word_1_813' title='bbox 3148 4986 3424 5057; x_wconf 45' lang='lat' dir='ltr'><strong>antiquis.</strong></span> 
     </span>
    </p>
   </div>
   <div class='ocr_carea' id='block_1_108' title="bbox 1844 5047 2371 5108">
    <p class='ocr_par' dir='ltr' id='par_1_108' title="bbox 1844 5047 2371 5108">
     <span class='ocr_line' id='line_1_110' title="bbox 1844 5047 2371 5108; baseline 0.019 -10"><span class='ocrx_word' id='word_1_814' title='bbox 1844 5047 1972 5099; x_wconf 91' lang='lat' dir='ltr'><strong>simi</strong></span> <span class='ocrx_word' id='word_1_815' title='bbox 2006 5056 2068 5100; x_wconf 91' lang='lat' dir='ltr'><strong>ut</strong></span> <span class='ocrx_word' id='word_1_816' title='bbox 2101 5048 2155 5103; x_wconf 89' lang='lat' dir='ltr'><strong>in</strong></span> <span class='ocrx_word' id='word_1_817' title='bbox 2187 5051 2371 5108; x_wconf 90' lang='lat' dir='ltr'><strong>editis.</strong></span> 
     </span>
    </p>
   </div>
   <div class='ocr_carea' id='block_1_109' title="bbox 1913 5115 3422 5199">
    <p class='ocr_par' dir='ltr' id='par_1_109' title="bbox 1913 5115 3422 5199">
     <span class='ocr_line' id='line_1_111' title="bbox 1913 5115 3422 5199; baseline 0.006 -27"><span class='ocrx_word' id='word_1_818' title='bbox 1913 5115 2496 5187; x_wconf 79' lang='grc' dir='ltr'>(Ι9)Προκόπτοντα.</span> <span class='ocrx_word' id='word_1_819' title='bbox 2546 5124 2638 5181; x_wconf 92' lang='lat' dir='ltr'><strong>Sic</strong></span> <span class='ocrx_word' id='word_1_820' title='bbox 2687 5142 2820 5183; x_wconf 90' lang='lat' dir='ltr'><strong>mss.</strong></span> <span class='ocrx_word' id='word_1_821' title='bbox 2866 5143 2981 5182; x_wconf 79' lang='lat' dir='ltr'><strong>sex.</strong></span> <span class='ocrx_word' id='word_1_822' title='bbox 3029 5127 3168 5182; x_wconf 81' lang='lat' dir='ltr'><strong>Editi</strong></span> <span class='ocrx_word' id='word_1_823' title='bbox 3217 5129 3422 5199; x_wconf 72' lang='grc' dir='ltr'>προκό-</span> 
     </span>
    </p>
   </div>
   <div class='ocr_carea' id='block_1_110' title="bbox 1842 5202 2098 5252">
    <p class='ocr_par' dir='ltr' id='par_1_110' title="bbox 1842 5202 2098 5252">
     <span class='ocr_line' id='line_1_112' title="bbox 1842 5202 2098 5252; baseline 0.012 -14"><span class='ocrx_word' id='word_1_824' title='bbox 1842 5202 2098 5252; x_wconf 87' lang='grc' dir='ltr'>πτοντας.</span> 
     </span>
    </p>
   </div>
   <div class='ocr_carea' id='block_1_111' title="bbox 1914 5256 3423 5329">
    <p class='ocr_par' dir='ltr' id='par_1_111' title="bbox 1914 5256 3423 5329">
     <span class='ocr_line' id='line_1_113' title="bbox 1914 5256 3423 5329; baseline 0.011 -20"><span class='ocrx_word' id='word_1_825' title='bbox 1914 5256 2027 5329; x_wconf 78' lang='grc'><strong>(20)</strong></span> <span class='ocrx_word' id='word_1_826' title='bbox 2056 5259 2285 5329; x_wconf 81' lang='grc' dir='ltr'>Εἱσῄει.</span> <span class='ocrx_word' id='word_1_827' title='bbox 2336 5262 2430 5318; x_wconf 85' lang='lat' dir='ltr'><strong>Sic</strong></span> <span class='ocrx_word' id='word_1_828' title='bbox 2475 5265 2641 5319; x_wconf 89' lang='lat' dir='ltr'><strong>etiam</strong></span> <span class='ocrx_word' id='word_1_829' title='bbox 2692 5281 2784 5319; x_wconf 82' lang='lat' dir='ltr'><strong>sex</strong></span> <span class='ocrx_word' id='word_1_830' title='bbox 2829 5258 2967 5321; x_wconf 89' lang='lat' dir='ltr'><strong>libri</strong></span> <span class='ocrx_word' id='word_1_831' title='bbox 2996 5276 3226 5323; x_wconf 89' lang='lat' dir='ltr'><strong>veteres.</strong></span> <span class='ocrx_word' id='word_1_832' title='bbox 3272 5266 3423 5326; x_wconf 89' lang='lat' dir='ltr'><strong>Editi</strong></span> 
     </span>
    </p>
   </div>
   <div class='ocr_carea' id='block_1_112' title="bbox 1841 5326 3421 5475">
    <p class='ocr_par' dir='ltr' id='par_1_112' title="bbox 1841 5326 3421 5475">
     <span class='ocr_line' id='line_1_114' title="bbox 1841 5326 3421 5475; baseline 0.008 -24"><span class='ocrx_word' id='word_1_833' title='bbox 1841 5326 2028 5475; x_wconf 42' lang='lat' dir='ltr'><strong>fagi.)</strong></span> <span class='ocrx_word' id='word_1_834' title='bbox 2069 5398 2327 5475; x_wconf 67' lang='grc' dir='ltr'>Ῥᾳδίως.</span> <span class='ocrx_word' id='word_1_835' title='bbox 2380 5402 2563 5475; x_wconf 79' lang='lat' dir='ltr'><strong>Codex</strong></span> <span class='ocrx_word' id='word_1_836' title='bbox 2628 5404 2949 5475; x_wconf 86' lang='lat' dir='ltr'><strong>Bigotianus</strong></span> <span class='ocrx_word' id='word_1_837' title='bbox 3007 5424 3035 5462; x_wconf 87' lang='lat' dir='ltr'><strong>a</strong></span> <span class='ocrx_word' id='word_1_838' title='bbox 3089 5406 3421 5466; x_wconf 78' lang='lat' dir='ltr'><strong>Combeﬂsio</strong></span> 
     </span>
    </p>
   </div>
   <div class='ocr_carea' id='block_1_113' title="bbox 1838 5465 3423 5602">
    <p class='ocr_par' dir='ltr' id='par_1_113' title="bbox 1838 5465 3423 5602">
     <span class='ocr_line' id='line_1_115' title="bbox 1838 5465 3423 5602; baseline 0.012 -82"><span class='ocrx_word' id='word_1_839' title='bbox 1838 5465 2096 5602; x_wconf 49' lang='lat' dir='ltr'><strong>Iazugatus</strong></span> <span class='ocrx_word' id='word_1_840' title='bbox 2130 5465 2294 5527; x_wconf 78' lang='lat' dir='ltr'><strong>habet</strong></span> <span class='ocrx_word' id='word_1_841' title='bbox 2324 5474 2535 5545; x_wconf 76' lang='grc' dir='ltr'>ῥᾳδίας,</span> <span class='ocrx_word' id='word_1_842' title='bbox 2581 5485 2635 5529; x_wconf 89' lang='lat' dir='ltr'><strong>et</strong></span> <span class='ocrx_word' id='word_1_843' title='bbox 2666 5465 2830 5547; x_wconf 59' lang='lat' dir='ltr'><strong>paulo</strong></span> <span class='ocrx_word' id='word_1_844' title='bbox 2854 5486 2977 5548; x_wconf 89' lang='lat' dir='ltr'><strong>post</strong></span> <span class='ocrx_word' id='word_1_845' title='bbox 3009 5481 3150 5536; x_wconf 90' lang='lat' dir='ltr'><strong>idem</strong></span> <span class='ocrx_word' id='word_1_846' title='bbox 3187 5478 3423 5556; x_wconf 74' lang='grc' dir='ltr'>ὑποσχέ-</span> 
     </span>
    </p>
   </div>
   <div class='ocr_carea' id='block_1_114' title="bbox 1865 5609 2961 5688">
    <p class='ocr_par' dir='ltr' id='par_1_114' title="bbox 1865 5609 2961 5688">
     <span class='ocr_line' id='line_1_116' title="bbox 1865 5609 2961 5688; baseline 0.013 -26"><span class='ocrx_word' id='word_1_847' title='bbox 1865 5648 1871 5655; x_wconf 91' lang='grc'><em>.</em></span> <span class='ocrx_word' id='word_1_848' title='bbox 1918 5610 1936 5631; x_wconf 87' lang='grc'>⁶</span> <span class='ocrx_word' id='word_1_849' title='bbox 1968 5609 2127 5667; x_wconf 77' lang='lat' dir='ltr'><strong>Alias</strong></span> <span class='ocrx_word' id='word_1_850' title='bbox 2156 5611 2686 5688; x_wconf 61' lang='lat' dir='ltr'><strong>CCCLXll,fscripta</strong></span> <span class='ocrx_word' id='word_1_851' title='bbox 2717 5633 2808 5674; x_wconf 85' lang='lat' dir='ltr'><strong>an.</strong></span> <span class='ocrx_word' id='word_1_852' title='bbox 2835 5620 2961 5676; x_wconf 76' lang='lat'><strong>568.</strong></span> 
     </span>
    </p>
   </div>
  </div>
