3870 6218
458 278 568 336 503
1778 275 1835 332 S.
1876 272 2116 330 BASILII
2155 273 2372 331 MAGNI
3615 266 3722 321 504

457 393 576 448 haec
615 402 668 448 te
712 391 974 456 arbitror,
1007 400 1067 446 ut
1099 392 1186 448 his
1219 406 1382 462 quam
1419 389 1698 446 simillima
1741 386 2038 458 cogitasse.

2164 386 2352 440 ;αυτῶν
2406 383 2759 455 ἐπιμέλεσθαι
2783 380 2895 452 (22)
2928 378 3070 434 κατά
3109 379 3289 432 πᾶσαν
3327 377 3632 448 ἀκρίϐειαν.
3657 375 3725 429 Ei.

459 483 643 552 Quare
675 485 976 541 necessarii
1007 484 1296 554 cujusdam
1328 482 1497 537 debiti
1538 481 1808 537 solutione
1841 478 2041 534 obstri‘

2164 481 2256 549 γάρ
2279 495 2401 533 τινα
2434 480 2563 548 ἡμῖν
2597 477 2802 530 ἔννοιαν
2833 476 2862 527 ὁ
2903 472 2995 526 τοῦ
3051 470 3282 526 θανάτου
3330 469 3572 532 κίνδυνος
3603 469 3726 521 ἐπι·-

461 578 536 633 cti
569 593 782 633 sumus.
837 576 964 632 Haec
999 577 1162 632 simul
1194 577 1352 631 laetus
1377 575 1446 630 ob
1475 573 1570 629 Dei
1613 587 1814 627 munus
1839 609 1856 636 ,
1884 571 2041 626 simul

2164 570 2398 640 ιείμενος
2440 568 2694 633 ἐνεδίδου,
2735 564 2886 638 οἶμαί
2921 581 2979 617 σε
3023 563 3056 634 ἢ
3113 563 3304 627 ταῦτα,
3355 561 3386 632 ἢ
3448 559 3724 630 ἐγγύτατα

457 680 514 724 et
545 671 614 726 de
655 670 858 726 futuris
905 671 1182 736 sollicitus
1205 709 1219 734 ,
1251 667 1580 740 perfectioni
1615 673 1724 720 tuae
1775 663 2041 732 subjicere

2164 660 2350 714 τούτων
2441 657 2854 728 ἀναλογίζεσθαι
2929 654 3228 725 τηνικαῦτα
3261 694 3274 708 .
3311 654 3473 706 Ὥστε
3556 653 3723 720 ἀναγ-

460 778 632 818 ausus
652 779 795 819 sum.
838 762 1016 817 Tuum
1049 771 1232 817 autem
1267 769 1352 816 est
1381 760 1546 815 verba
1574 765 1765 814 nostra
1811 771 1968 826 aequo
1991 763 2041 808 et

2164 750 2304 803 ιαίου
2343 749 2656 819 ὀφλήματος
2695 746 2898 799 ἐκτίσει
2943 742 3232 796 ὑπεύθυνοι
3279 740 3720 810 καθεστήκαμεν.

460 852 569 906 leni
601 853 785 907 animo
817 851 1101 918 accipere,
1135 848 1596 922 quemadmodum
1650 854 1705 902 et
1749 860 1936 901 coram
1986 843 2040 898 in

460 942 758 1010 colloquiis
783 941 1026 996 solebas.

2149 837 2335 892 Ταῦτα
2367 836 2501 908 ὁμοῦ
2549 837 2644 907 μὲν
2673 833 2977 905 περιχαρὴς
3015 831 3090 884 ὢν
3119 834 3184 902 τῇ
3215 829 3308 883 τοῦ
3353 827 3488 881 Θεοῦ
3522 829 3720 898 δωρεᾷ,

2149 928 2284 1000 ὁμοῦ
2316 928 2372 981 δὲ
2392 927 2486 980 καὶ
2509 925 2764 997 φροντίδα
2791 923 2928 993 ἔχων
2960 920 3087 991 περὶ
3108 919 3217 971 τῶν
3256 918 3556 989 μελλόντων
3582 917 3721 986 (Q3),

460 1009 820 1102 ἀπεθάρσησα
877 1030 1189 1102 ὑπομνῆσαι
1247 1027 1344 1098 τὴν
1399 1025 1710 1095 τελειότητα
1775 1041 1890 1077 σου.
1941 1023 2041 1076 Σὺν
2075 1021 2134 1074 δέ
2195 1021 2344 1072 ἐστιν
2374 1017 2617 1088 εὐμενῶς
2656 1017 2751 1070 κα)⁸
2785 1013 3008 1086 ἡμέρως
3038 1010 3334 1082 προσέσθαι
3378 1009 3533 1082 ἡμῶν
3596 1010 3724 1072 τοὺς

460 1128 670 1195 λόγους,
699 1126 772 1190 ὡς
795 1126 890 1179 καὶ
916 1126 974 1178 ὲν
994 1127 1113 1188 ταῖς
1128 1124 1248 1177 κατ’
1272 1122 1581 1193 ὀφθαλμοὺς
1612 1119 1849 1192 ὁμιλίαις
1869 1135 1949 1172 σοι
1973 1113 2042 1190 ἦν
2081 1115 2310 1187 σύνηθες
2343 1114 2482 1186 (24).

954 1283 1295 1342 EPISTOLA
1331 1281 1567 1337 XXVII'.

2679 1271 3021 1324 ΕΠΙΣΤΟΛΗ
3058 1267 3184 1323 ΚΖ’.

463 1423 678 1474 Basilius
706 1436 766 1474 ea:
787 1421 952 1472 morbo
971 1427 1167 1472 sanatus
1188 1420 1343 1472 hieme
1369 1417 1634 1484 impeditur
1657 1417 1911 1529 quomigus
1937 1414 2110 1542 inviisat
2137 1411 2402 1526 Eulseléi‘rlt‘m.
2437 1413 2826 1474 Properaturum
2855 1422 2907 1460 se
2937 1405 3210 1472 pollicetur,
3235 1402 3280 1455 si
3299 1417 3388 1466 per
3407 1403 3522 1455 anni
3542 1411 3728 1467 tempus

1808 1493 1834 1530 ε
1891 1492 1979 1542 per
2023 1490 2182 1527 amem
2225 1490 2268 1526 rc
2353 1511 2364 1524 .

1808 1490 1854 1530 et
1891 1492 1979 1543 per
2002 1490 2182 1542 [amem
2204 1490 2364 1526 taceat.

785 1591 1033 1657 Eusebio,
1058 1591 1303 1661 episcopo
1339 1588 1770 1644 Samosatarum.

533 1707 636 1763 Ubi
665 1706 757 1762 Dei
789 1705 965 1777 gratia
1001 1719 1066 1759 ac
1099 1703 1354 1774 praesidio
1385 1710 1604 1757 tuarum
1654 1715 1876 1773 precum
1908 1713 2042 1771 pau-

2409 1580 2675 1644 Εὐσεϐἰῳ
2719 1577 3031 1643 ἐπισκόπῳ
3080 1571 3464 1642 Σαμοσάτων.

2220 1696 2348 1749 Ὀτε
2374 1699 2441 1766 τῇ
2471 1694 2565 1748 τοῦ
2590 1691 2722 1747 Θεοῦ
2763 1694 2943 1764 χάριτι
2983 1692 3076 1746 καὶ
3117 1693 3182 1762 τῇ
3228 1689 3448 1761 βοηθείᾳ
3479 1689 3585 1742 τῶν
3619 1689 3730 1742 σῶν

462 1801 634 1855 Iulum
662 1813 941 1868 emergere
979 1813 1046 1851 ex
1085 1795 1276 1850 morbo
1307 1795 1460 1849 visus
1490 1809 1611 1848 sum
1634 1833 1648 1854 .
1683 1808 1747 1846 ac
1788 1792 2041 1861 recollegi

2164 1786 2468 1859 προσευχῶν
2499 1785 2692 1857 μικρὸν
2714 1784 3006 1854 ἀναφέρειν
3049 1784 3114 1835 ἐκ
3141 1782 3238 1852 τῆς
3266 1778 3728 1852 ἀρρωστίας-ἐδο-

462 1908 614 1948 meas
646 1891 827 1956 vires,
873 1897 1002 1942 tunc
1045 1889 1220 1942 hiems
1265 1886 1616 1956 supervenit,
1644 1885 1788 1938 domi
1829 1900 1928 1939 nos
1963 1884 2046 1938 in-

469 1985 722 2044 cludens,
761 1996 862 2036 nec
894 1982 1016 2034 loco
1064 1982 1254 2034 sinens
1301 1979 1532 2032 moveri.
1567 1977 1681 2032 Etsi
1706 1976 1852 2031 enim
1885 1976 2047 2031 solito

464 2078 627 2145 longe
657 2074 844 2129 mitior
884 2072 1163 2137 occurrit,
1200 2070 1332 2124 mihi
1363 2080 1544 2124 tamen
1593 2069 1729 2124 satis
1755 2071 2046 2122 vehemens

462 2167 654 2221 fuitut
685 2164 1004 2235 impediret,
1053 2163 1348 2232 quominus
1391 2175 1498 2214 non
1533 2159 1695 2213 modo
1738 2174 1803 2214 eo
1833 2159 2048 2226 vigente

463 2256 569 2310 iter
598 2254 846 2324 ingredi,
875 2251 970 2306 sed
1005 2267 1105 2306 nec
1130 2251 1411 2321 paululum
1439 2247 1660 2317 quidem
1692 2262 1755 2300 ex
1793 2246 2046 2301 cubicqu

465 2347 627 2418 106
677 2345 990 2416 prospicere
1039 2356 1278 2413 possem.
1336 2338 1441 2394 Sed
1505 2353 1684 2407 neque
1737 2338 1842 2391 hoc
1892 2335 2046 2406 parvi

461 2439 644 2503 duco,
691 2437 838 2508 quod
877 2436 1078 2504 dignus
1125 2433 1350 2497 habear,
1397 2431 1490 2500 qui
1529 2445 1652 2482 cum
1710 2437 1804 2482 tua
1846 2430 2048 2498 pietate

466 2547 566 2603 per
592 2531 808 2585 litteras
849 2527 1158 2596 colloquar,
1187 2525 1411 2594 jamque
1455 2524 1512 2576 in
1567 2529 1912 2576 antecessum
1951 2533 2047 2588 spe

464 2620 889 2691 responsionum
921 2616 1290 2686 acquiescam.
1315 2613 1473 2680 Quod
1502 2615 1546 2668 si
1582 2621 1634 2668 et
1659 2620 1955 2681 tempestas
1978 2611 2047 2665 si-

465 2719 593 2775 nat,
617 2719 673 2766 et
699 2709 1020 2780 vitae,nobis
1047 2707 1226 2762 adhuc
1259 2704 1501 2775 supersit
1533 2714 1766 2773 tempus,
1801 2717 1900 2757 nec
1943 2702 2046 2756 im-

466 2803 715 2875 pervium
752 2800 913 2856 nobis
950 2801 1054 2853 iter
1087 2797 1258 2852 fames
1307 2796 1540 2858 eﬂiciat;
1580 2796 1690 2849 cito
1736 2809 1869 2849 sane
1915 2808 2044 2863 pre-

467 2908 592 2948 cum
624 2902 839 2947 tuarum
888 2886 1136 2946 subsidio
1182 2886 1294 2940 voti
1349 2895 1632 2954 compotes
1674 2899 1833 2948 esse,
1882 2890 2046 2952 teque

467 2963 986 3039 domi‘invenientes
1011 3017 1027 3043 ,
1066 2977 1121 3031 in
1167 2976 1340 3030 multo
1383 2976 1500 3030 otio
1546 2973 1761 3046 magnis
1800 2980 1908 3028 tua:
1953 2989 2044 3029 sa-

468 3075 685 3147 pientia:
720 3071 1002 3129 thesauris
1035 3067 1298 3126 exsatiari
1325 3069 1620 3138 possimus.

923 3375 1260 3432 EPISTOLA
1301 3376 1577 3433 XXVHI“.

2149 1880 2246 1945 ξα,
2283 1879 2379 1932 καὶ
2421 1876 2760 1946 ἀνελεξάμην
2799 1873 3034 1944 ἐμαυτοῦ
3081 1871 3179 1935 τὰς
3213 1872 3492 1941 δυνάμεις,
3537 1870 3657 1922 τότε
3700 1872 3729 1922 ὀ

2148 1969 2352 2040 χειμὼν
2386 1968 2693 2037 ἐπεγένετο,
2727 1966 2863 2018 οἴκοι
2904 1963 3211 2034 καθείργων
3254 1965 3420 2034 ἡμᾶς,
3452 1963 3544 2014 καὶ
3585 1961 3729 2014 κατά

2147 2057 2333 2130 χώραν
2356 2058 2537 2129 μένειν
2568 2055 3012 2124 συναναγκάζων.
3050 2056 3113 2106 Ei
3143 2055 3253 2125 γὰρ
3281 2053 3374 2107 καὶ
3399 2051 3578 2123 πολλῷ
3603 2069 3730 2105 κου-

2148 2149 2370 2220 φότερος
2402 2150 2500 2220 τῆς
2535 2147 2820 2219 συνηθείας
2873 2148 3185 2217 ἀπήντησεν
3206 2163 3220 2176 ο
3271 2145 3386 2199 ἀλλ’
3417 2142 3509 2198 οὖν
3539 2145 3728 2215 ἔμοιγε

2151 2241 2334 2311 ἱκανὸς
2385 2243 2464 2303 είς
2521 2239 2796 2309 ἐμπόδιον,
2847 2239 2944 2308 οὐχ
2991 2239 3140 2301 ὅπως
3189 2238 3487 2308 ὁδοιπορεῖν
3529 2237 3596 2290 δι’
3629 2237 3729 2290 αὑ-

2145 2331 2239 2385 τοῦ
2269 2331 2400 2400 (25),
2456 2330 2569 2382 ἀλλ’
2601 2330 2723 2383 οὐδὲ
2771 2330 2966 2400 μικρὸν
2999 2328 3331 2398 προκύπτειν
3395 2326 3487 2380 τοῦ
3548 2327 3730 2396 δωμα-

2145 2423 2260 2475 τίου
2296 2421 2574 2474 δύνασθαι.
2611 2421 2768 2474 ’Ἐστι
2806 2420 2862 2473 δέ
2904 2437 2991 2490 μοι
3033 2419 3152 2472 οὐδέ
3209 2416 3367 2470 τοῦτο
3412 2416 3626 2487 μικρὸν,
3665 2415 3730 2468 τὸ

2148 2510 2542 2574 καταξιοῦσθαι
2572 2508 2662 2562 διὰ
2710 2509 3054 2581 γραμμάτων
3094 2506 3303 2577 ὁμιλεῖν
3336 2509 3402 2576 τῇ
3447 2505 3729 2576 θεοσεϐείᾳ,

2148 2620 2273 2667 σου,
2321 2603 2416 2656 καὶ
2457 2605 2523 2674 τῇ
2575 2601 2749 2654 ἐλπίδι
2795 2601 2903 2652 τῶν
2949 2598 3269 2652 ἀντιδόσεων
3318 2599 3418 2668 ἤδη
3482 2613 3727 2668 προανα-

2146 2694 2437 2749 παύεσθαι.
2479 2695 2541 2746 Ei
2575 2693 2630 2746 δὲ
2658 2694 2750 2746 καὶ
2789 2696 2816 2746 ὁ
2847 2691 3034 2760 καιρὸς
3061 2690 3256 2761 ἐνδοίη,
3303 2689 3397 2743 καὶ
3445 2689 3543 2758 τῆς
3581 2687 3730 2760 ζωῆς

2143 2786 2274 2855 ἡμῖν
2299 2783 2378 2836 ἔτι
2410 2783 2648 2836 λείποιτο
2681 2781 2794 2854 (26)
2825 2781 3035 2852 χρόνος,
3082 2781 3176 2832 καὶ
3221 2780 3294 2850 μὴ
3344 2780 3548 2850 ἄπορον
3592 2781 3731 2849 ἡμῖν

2144 2877 2242 2947 τὴν
2299 2875 2414 2929 ὁδὸν
2466 2877 2494 2927 ὁ
2541 2876 2698 2946 λιμὸς
2744 2873 3148 2945 ἀπεργάσαιτο·
3191 2872 3328 2941 ταχῦ
3376 2872 3442 2925 ἂν
3473 2871 3584 2942 (‘27)
3635 2871 3733 2924 τύ-

2144 2983 2332 3037 χοιμεν
2370 2967 2468 3036 τῆς
2511 2967 2808 3038 ἐπιθυμίας
2830 2966 2918 3019 διὰ
2950 2964 3058 3018 τῶν
3087 2964 3194 3019 σῶν
3238 2965 3590 3038 προτευχῶνο
3635 2964 3734 3018 καὶ

2147 3059 2241 3111 ἐπὶ
2271 3060 2370 3125 τῆς
2403 3057 2586 3122 ἑστίας
2633 3077 2694 3112 σε
2733 3058 3154 3123 καταλαϐόντες,
3201 3057 3344 3110 κατὰ
3385 3058 3565 3109 πᾶσαν
3605 3072 3735 3126 σχο-

2074 3123 2116 3180 C
2149 3150 2247 3222 λὴν
2293 3123 2404 3204 τῶν
2464 3151 2715 3222 μεγάλων
2778 3149 3064 3222 θησαυρῶν
3119 3150 3218 3220 τῆς
3273 3151 3332 3203 ἐν
3397 3151 3479 3202 σοὶ
3536 3123 3734 3218 σοφίας

2147 3241 2610 3313 ἐμφορηθείημεν.

2686 3382 3032 3437 ΕΠΙΣΤΟΛΗ
3068 3382 3203 3435 ΚΗ’.

472 3489 1194 3564 εοηεοίηιιιγλῖεοςωδᾳνὶεηεςεξ
1217 3499 1368 3564 morte
1391 3491 1708 3564 episcopisui
1727 3493 2016 3564 afﬂictos,__et
2043 3498 2263 3548 hortatur
2291 3506 2343 3548 ut
2362 3495 2679 3564 tranquillum
2701 3503 2894 3556 statum,
2921 3509 3060 3564 quem
3085 3493 3218 3545 curis
3241 3494 3452 3558 defuncti
3487 3502 3737 3564 acceptum

527 3559 711 3626 referre
733 3555 926 3626 debent,
950 3553 1151 3624 nimium
1161 3553 1384 3626 lugendo
1403 3553 1495 3626 non
1516 3553 1866 3626 ainittant,"sed
1890 3557 2150 3626 diligenter
2183 3567 2378 3626 caveant
2405 3575 2435 3626 ᾳ
2457 3553 2606 3622 lupis,
2642 3566 2685 3609 et
2707 3573 2798 3622 pro
2819 3553 3095 3622 aequisque
3120 3553 3346 3608 conentur
3367 3553 3610 3622 pastore-ni
3643 3558 3738 3609 eii-

529 3619 640 3682 gere
660 3619 870 3669 similem
890 3619 951 3669 iis
973 3619 1055 3679 qui
1100 3629 1133 3664 a
1152 3619 1375 3681 Gregorii
1395 3624 1606 3681 tempore
1626 3630 1773 3678 usque
1795 3619 1861 3670 ad
1883 3619 2008 3670 hunc
2035 3621 2224 3672 beatum
2245 3619 2776 3672 ecclesiam'rexeruizt.

690 3746 942 3801 Ecclesia:
975 3745 1400 3801 Neocwsariensi
1434 3745 1818 3802 consolatoria.

543 3863 592 3914 l.
627 3859 984 3915 Postulabant
1029 3859 1248 3930 quidem
1293 3873 1414 3930 quae
1442 3857 1762 3913 acciderunt
1802 3871 2043 3915 nostram

2227 3754 2306 3824 Τῇ
2342 3753 2665 3820 Ἐκκλησία
2689 3751 3148 3819 Νεοκαισαρείας
3174 3749 3652 3819 παραμυθητική.

2221 3862 2272 3914 1.
2319 3862 2540 3932 Ἀπῄτει
2573 3861 2670 3931 μὲν
2684 3858 2754 3913 τὰ
2770 3877 2832 3912 συ
2841 3859 3054 3930 μϐάντα
3071 3859 3170 3931 τὴν
3192 3858 3351 3930 ἡμῶν
3375 3857 3554 3912 αὐτῶν
3585 3877 3736 3930 παρ-

469 3954 712 4024 ipsorum
745 3953 1110 4023 przesentiam,
1139 3959 1253 4004 tum
1305 3959 1364 4004 ut
1414 3949 1673 4004 honorem
1724 3950 1884 4004 beato
1933 3951 2041 4006 virc

2164 3951 2359 4015 >υσίαν,
2377 3951 2472 4004 τοῦ
2500 3969 2558 4004 τε
2588 3951 2685 4022 τὴν
2710 3951 2924 4022 (28-29)
2946 3950 3108 4022 τιμὴν
3140 3951 3217 4021 τῷ
3241 3951 3496 4022 μακαρίῳ
3519 3953 3631 4014 τοῖς
3655 3954 3739 4004 οξ-

471 4046 777 4109 vobiscuin,
809 4045 902 4114 qui
952 4045 1002 4099 ei
1048 4043 1484 4113 conjunctissimi
1516 4042 1671 4105 estis,
1707 4058 1814 4096 una
1846 4042 2041 4111 persol-

2164 4044 2450 4107 ιιειοτάτοις
2483 4045 2610 4114 ὑμῖν
2651 4043 3130 4114 συνεκπληρῶσαι,
3167 4045 3262 4096 καὶ
3292 4043 3385 4096 τοῦ
3414 4044 3512 4114 τῆς
3535 4045 3627 4097 ἐπὶ
3653 4044 3738 4109 τῷ

473 4150 676 4200 verem,
729 4143 842 4187 tum
889 4141 947 4187 ut
993 4134 1268 4194 maeroris,
1314 4147 1474 4202 quem
1531 4146 1694 4186 casus
1737 4133 1936 4194 attulit,
1985 4147 2041 4186 ex

2164 4137 2316 4191 πάθει
2339 4136 2642 4207 κατηφείας
2681 4137 2774 4188 ἀπ’
2816 4135 2988 4204 αὐτῆς
3020 4135 3128 4204 (50)
3162 4135 3261 4205 τῆς
3293 4135 3418 4198 θέας
3454 4135 3562 4188 τῶν
3595 4153 3697 4189 σκυ
3718 4167 3737 4178 ο

476 4229 598 4299 ipso
628 4243 810 4282 rerum
842 4227 1079 4282 tristium
1099 4226 1412 4296 spectaculo
1429 4225 1701 4295 particeps
1731 4223 2041 4290 forem,tum

2164 4229 2512 4300 ὄρωποτέρων
2543 4230 2970 4298 συμμετασχεῖν,
2995 4227 3090 4280 καὶ
3116 4225 3256 4279 ὥστε
3280 4226 3386 4278 τῶν
3417 4226 3737 4295 ἀναγκαίων

472 4319 638 4373 etiam
666 4324 724 4370 ut
754 4316 820 4370 de
859 4317 1184 4372 necessariis
1215 4317 1459 4372 consuliis
1492 4316 1771 4371 vobiscum
1798 4331 2041 4370 commu-

2164 4325 2532 4394 Ξουλευμάτων
2570 4325 2697 4394 ὑμῖν
2748 4323 3106 4393 κοινωνῆσαι·
3135 4323 3258 4374 ἐπεὶ
3299 4322 3357 4375 δὲ
3399 4322 3496 4392 τὴν
3544 4338 3740 4391 σωμα-

473 4410 735 4465 nicarem.
769 4406 877 4462 Sed
906 4409 1034 4477 quia
1072 4423 1390 4478 corpoream
1419 4407 1858 4477 conjunctionem
1883 4408 2041 4461 multa

2164 4417 2310 4486 τικὴν
2343 4415 2635 4484 συνάφειαν
2668 4414 2839 4467 πολλὰ
2875 4413 2944 4466 τὰ
2979 4411 3368 4476 διακωλύοντα,
3408 4411 3740 4481 λειπόμενον

475 4501 854 4571 interpellant,
874 4503 1143 4571 reliquum
1173 4507 1289 4556 erat
1322 4507 1381 4554 ut
1409 4515 1506 4570 per
1535 4499 1745 4554 litteras
1772 4499 2041 4554 vobiscum

2164 4505 2219 4581 ἣν
2241 4509 2326 4563 διὰ
2343 4508 2434 4562 τοῦ
2465 4509 2793 4579 γράμματος
2824 4509 3100 4562 κοινωνεῖν
3127 4507 3256 4576 ὑμῖν
3286 4508 3393 4559 τῶν
3423 4506 3735 4575 παρόντων.

473 4595 708 4664 partirer
748 4595 1059 4665 praesentia.
1091 4593 1258 4648 Miras
1289 4591 1453 4663 igitur
1481 4591 1582 4646 viri
1622 4592 1798 4656 dotes,
1832 4599 2041 4662 propth

2164 4598 2236 4652 Γά
2270 4599 2366 4670 μὲν
2392 4595 2484 4652 οὖν
2509 4599 2602 4652 τοῦ
2626 4598 2816 4670 ἀνδρὸς
2843 4598 3122 4669 θαύματα,
3157 4597 3241 4667 ἐφ’
3265 4591 3346 4661 οἷς
3370 4596 3464 4650 καὶ
3494 4595 3742 4662 μάλιστα

545 4818 563 4836 ⁶
593 4815 742 4870 Alias
770 4815 858 4880 Vl,
895 4815 1097 4885 scripta
1129 4829 1272 4868 anno
1297 4813 1421 4869 568.

543 4885 586 4907 "
623 4887 772 4940 Alias
800 4885 956 4950 LXII,
989 4883 1188 4954 scripta
1224 4900 1368 4938 anno
1395 4883 1518 4938 568.

544 4954 656 5027 (2'2)
697 4952 1134 5027 Ἐπιμέλεσθαίὶ.
1175 4955 1327 5010 Harl.
1379 4967 1429 5008 et
1466 4952 1643 5027 _Coisl.
1695 4953 1907 5027 primus
1932 4954 2052 5008 ἐπι-

480 5024 842 5149 μεληξεσθαιί
863 5027 1040 5106 E_ditio
1070 5024 1245 5112 Paris.
1277 5024 1515 5078 secunda
1546 5024 1942 5103 ἐπιμελεῖσθαι.

547 5097 601 5149 t2
642 5096 660 5149 l
684 5097 824 5149 IIle
844 5114 963 5149 των
986 5099 1352 5149 αελλοντων.
1378 5093 1496 5149 Duo
1522 5095 1741 5149 codices
1770 5095 1909 5149 ὑπὲρ
1939 5115 1942 5128 ·

547 5093 963 5217 ἔῐρϊτῶν
979 5097 1352 5166 μελλόντων.
1378 5093 1496 5149 Duo
1522 5093 1741 5152 codices
1770 5095 1909 5167 ὑπὲρ
1939 5093 2049 5148 τῶν

479 5182 800 5235 μεΑΑοντων.

547 5235 660 5305 (24)
692 5234 811 5292 Ἦν
837 5237 1122 5304 σύνηθες.
1152 5235 1360 5291 Vocula
1384 5236 1538 5291 deest
1559 5236 1612 5289 in
1636 5236 1880 5305 quinque
1908 5250 2044 5291 mss.

476 5307 781 5369 codicibus,
813 5323 917 5361 non
944 5317 1122 5360 tamen
1153 5308 1207 5361 in
1237 5308 1413 5361 tribus
1445 5307 1869 5375 antiquissimis.

547 5376 658 5445 (‘25)
691 5379 769 5431 Δι’
803 5377 1010 5432 αὐτοῦ.
1055 5376 1209 5432 Hanc
1254 5373 1614 5432 vetustissimi
1663 5375 1868 5431 codicis
1894 5373 2044 5428 Harl.

478 5447 830 5518 scripturam,
865 5463 1030 5518 quam
1058 5456 1239 5502 tamen
1271 5448 1542 5518 recentior
1577 5461 1772 5518 manus
1801 5447 2048 5518 corrupit

481 5515 728 5587 addendo
756 5521 846 5587 ἐμ,
884 5515 1232 5572 substituere
1261 5533 1367 5587 non
1403 5517 1645 5570 dubitavi
1688 5516 2049 5571 subabsurda:

480 5585 750 5705 edictlorum
781 5585 1001 5643 lectioni
1026 5587 1092 5640 δι’
1127 5586 1388 5657 ἐμαυτοῦ,
1422 5603 1513 5657 per
1546 5589 1803 5655 meipsum
1833 5587 1932 5639 iter
1963 5587 2048 5640 in-

480 5670 566 5705 ονε
605 5671 641 5705 ι.

476 5670 641 5722 great.

2225 4817 2494 4888 (ἳθλῖΈτι
2525 4818 2813 4872 λείποιτο.
2845 4818 2937 4872 Sic
2972 4816 3347 4888 antiquissimi
3373 4817 3620 4888 quinque
3645 4833 3744 4872 co-

2154 4887 2323 4959 dices.
2349 4887 2490 4941 Editi
2521 4889 2597 4959 μὴ
2623 4887 2974 4959 ἐπιλείποιτο.

2225 4958 2335 5029 (27)
2371 4955 2543 5029 Τοιχὺ
2587 4955 2694 5013 ἄν.
2742 4957 2835 5012 Sic
2881 4957 3254 5029 antiquissimi
3291 4957 3509 5012 codices
3549 4955 3741 5029 Harl.,

2154 5026 2325 5085 Med..
2348 5028 2513 5081 Coisl.
2553 5043 2677 5098 cum
2714 5043 2828 5082 uno
2865 5026 3175 5098 esiﬁegiis.
3200 5026 3357 5098 AEditi
3392 5029 3533 5098 τάχα
3572 5027 3660 5082 ἄν.

2225 5098 2426 5165 (28-29)
2471 5097 2587 5151 Τοῦ
2641 5115 2706 5151 τε
2753 5098 2888 5167 τήν.
2918 5096 3075 5153 Harl.
3092 5106 3146 5154 et
3168 5096 3307 5153 Med.
3331 5099 3409 5169 τῷ
3440 5096 3500 5151 τε
3533 5100 3656 5169 τήν,
3681 5108 3745 5153 et

2152 5170 2315 5239 paulo
2338 5176 2459 5237 post
2494 5169 2586 5221 καὶ
2614 5169 2713 5239 τῷ.

2225 5238 2334 5307 (50)
2385 5239 2510 5292 Ἀπ’
2543 5238 2751 5307 αὐτῆς.
2775 5238 2850 5294 lla
2879 5237 3004 5295 Vat.
3029 5246 3084 5293 et
3105 5246 3343 5309 quatuor
3372 5237 3484 5309 alii.
3510 5237 3654 5291 Ε(ίίιί
3682 5245 3744 5293 et

2151 5316 2264 5362 tres
2323 5309 2680 5363 vetustissimi
2729 5310 2948 5364 codices
3005 5309 3090 5362 ἐπ’
3125 5308 3332 5378 αὐτῆς.
3391 5308 3494 5362 Sed
3547 5309 3742 5363 minus

2152 5387 2318 5432 recte.
2352 5378 2485 5431 Nam
2540 5379 2692 5433 locus
2733 5381 2997 5449 gemellus
3035 5383 3089 5433 in
3124 5378 3386 5449 epist:_86
3423 5379 3585 5432 habet
3637 5380 3742 5431 ἀπ’

2151 5449 2320 5519 αὐτῆς
2347 5449 2444 5518 τῆς
2469 5447 2756 5520 ἐναργείας
2781 5450 2889 5520 τῶν
2911 5447 3219 5520 ὁρωμένων.
3260 5447 3343 5501 Ea;
3380 5465 3551 5502 rerum
3601 5464 3743 5520 con-

2151 5529 2447 5586 spectarum
2480 5519 2760 5573 evidentia.
2810 5519 2868 5575 In
2922 5519 3037 5575 hac
3072 5520 3346 5589 scriptura
3379 5519 3743 5574 consentiunt

2152 5603 2343 5646 omnes
2369 5605 2501 5646 mss.
2523 5589 2762 5646 codices.
