3870 6218
162 294 271 350 305

1079 299 1571 357 EPISTOLABUM
1609 300 1900 358 CLASSIS
1935 299 1977 356 Ι.
2020 296 2242 358 EPIST.
2283 297 2524 356 XXVIII.

3326 285 3430 353 τοῦ

161 414 262 485 τὴν
290 413 494 484 ζημίαν
525 417 659 486 ἡμῖν
682 415 791 486 (σι)
824 417 1096 488 ἀφόρητον
1118 420 1385 491 ὑπάρχειν
1416 422 1750 490 λογίζεσθαι,

1857 437 1996 494 quas
2041 423 2205 477 etiam
2253 421 2489 476 maxime
2529 419 2788 474 damnum
2828 418 2989 474 nobis
3035 418 3433 476 intolerandum

163 507 275 560 οὔτ’
331 507 398 560 ἂν
443 510 735 579 ἐπιπολῆς
783 511 977 582 μέτρον
1035 513 1356 579 ὑποδέξαιτο
1380 555 1394 576 ,
1443 518 1538 568 καὶ
1581 515 1755 580 άλλως

165 599 348 669 ἄωρον
377 599 883 671 ἀνδραγαθημάτων
918 601 1117 672 πλήθει
1139 605 1231 656 τὸν
1251 605 1408 673 λόγον
1432 607 1752 678 προσάγειν,

163 692 306 744 οὕτω
343 692 811 760 συμπεπτωκυίας
838 695 936 764 τῆς
968 695 1145 765 ψυχῆς
1172 696 1330 766 ἡμῶν
1362 697 1455 750 ἐπὶ
1488 701 1552 770 τῇ
1587 699 1754 769 λύπῃ.

164 783 231 834 Τί
281 783 392 852 γὰρ
423 783 534 835 τῶν
585 784 796 837 ἐκείνου
851 785 1114 849 τοιοῦτον,
1167 782 1276 840 οἷον
1319 788 1352 858 ἢ
1403 791 1502 860 τῆς
1536 788 1756 858 μνήμης

162 879 324 947 ἡμῶν
365 883 637 940 ἐκπεσεῖν,
672 880 705 950 ἦ
744 880 1050 932 σιωπᾶσθαι
1078 879 1225 944 ἀξιον
1257 881 1579 952 νομισθῆναι
1605 879 1715 950 (52)
1735 913 1763 963 ἱ

163 969 354 1023 Πάντα
391 971 491 1040 μὲν
541 970 652 1040 γάρ
693 970 904 1040 ἀθρόως
948 971 1184 1035 εἰσάπαξ
1219 974 1392 1024 εἰπεῖν
1433 973 1751 1042 ἀμήχανονο

160 1063 223 1114 τὸ
251 1063 306 1114 δὲ
339 1064 404 1114 ἐκ
434 1062 634 1132 μέρους
661 1062 844 1131 λέγειν
873 1063 1086 1116 δέδοικα
1114 1065 1188 1134 μὴ
1221 1063 1510 1134 προδοσίαν
1534 1063 1632 1136 ἔχῃ
1654 1064 1754 1134 τῆς

161 1153 447 1223 ἀληθείας.
482 1153 702 1222 Οῖχεται
753 1153 891 1224 ἀνὴρ
934 1153 1336 1220 διαφανέστατα
1377 1153 1442 1224 δὴ
1480 1153 1590 1207 τῶν
1629 1153 1751 1206 καθ’

161 1245 360 1297 ἑαυτὸν
401 1247 569 1296 πᾶσιν
606 1243 742 1314 ὁμοῦ
791 1247 904 1307 τοῖς
950 1244 1312 1314 ἀνθρωπίνοις
1369 1245 1766 1318 ὑπερενεγκὼν-

161 1337 410 1405 ἀγαθοῖς,
450 1337 682 1408 ἔρεισμα
715 1337 1351 1408 πατρίδος,Ἑκκλησιῶν
1380 1339 1605 1409 κόσμος,
1626 1341 1752 1394 στῦ-

156 1430 250 1491 λος
279 1430 378 1482 καὶ
405 1430 689 1500 ἑδραίωμα
727 1432 824 1499 τῆς
871 1430 1150 1500 ἀληθείας,
1187 1431 1476 1504 στερέωμα
1525 1433 1622 1503 τῆς
1670 1436 1750 1496 εἰς

155 1517 396 1584 Χριστὸν
442 1516 699 1579 πίστεως,
734 1519 955 1583 οἰκείοις
995 1519 1286 1585 ἀσφάλεια,
1328 1520 1747 1591 δυσμαχώτατος

155 1610 272 1669 τοῖς
297 1608 666 1672 ὑπεναντίοις,
700 1608 871 1677 φύλαξ
903 1609 1174 1681 πατρῴων
1219 1611 1458 1682 θεσμῶν,
1488 1630 1750 1686 νεωτερο-

157 1697 342 1760 ποιίας
372 1698 568 1768 ἐχθρός
587 1716 600 1728 ⁹
630 1702 687 1751 ἐν
714 1700 889 1770 ἑαυτῷ
917 1701 1131 1765 δεικνὺς
1154 1703 1215 1754 τὸ
1237 1703 1466 1755 παλαιὸν
1491 1705 1588 1774 τῆς
1625 1706 1746 1758 Ἐκ-

156 1783 394 1855 κλησίας
429 1787 637 1857 σχῆμα,
672 1783 784 1841 οἷον
813 1791 918 1844 ἀπό
954 1808 1100 1854 τινος
1127 1793 1492 1864 ἱεροπρεποῦς
1517 1796 1745 1859 εἰκόνος,
1781 1769 1820 1824 Β

155 1876 258 1945 τῆς
301 1879 542 1947 ἀρχαίας
584 1882 992 1946 καταστάσεως,
1045 1883 1107 1936 τὸ
1156 1879 1295 1948 εἶδος
1326 1885 1424 1956 τῆς
1462 1887 1551 1940 ὑπ’
1585 1889 1750 1941 αὑτὸν

169 1968 501 2039 Ἐκκλησίας
527 1973 867 2043 διαμορφῶν,
899 1974 1041 2028 ὥστε
1075 1977 1203 2040 τοὺς
1241 1979 1388 2050 αὑτῷ
1420 1983 1751 2053 συγγενομέ-

155 2078 281 2122 νους
300 2065 416 2124 τοῖς
439 2063 543 2133 apo
563 2064 852 2119 διακοσίων
879 2067 1016 2120 ἐτῶν
1043 2069 1139 2121 καὶ
1169 2071 1426 2126 ἐπέκεινα
1448 2075 1762 2144 φωστήρων-

152 2155 362 2226 τρόπον
386 2155 702 2226 ὲκλάμψασι
735 2159 1122 2226 συγγεγονέναι
1155 2161 1353 2219 δοκεῖν.
1385 2164 1571 2229 Οὕτως
1597 2168 1748 2222 οὐδὲν

151 2246 375 2300 οἴκοθεν
399 2249 520 2301 οὑδὲ
546 2249 815 2321 νεωτέρας
842 2251 951 2322 (53)
981 2254 1175 2322 φρενὸς
1199 2253 1418 2326 εὕρημα
1445 2257 1747 2330 προέφερεν

152 2341 183 2393 ὁ
215 2341 394 2411 ἀνήρ·
430 2340 588 2405 ἀλλά,
637 2342 780 2395 κατά
832 2344 930 2412 τὴν
983 2345 1258 2409 Μωὺσέως
1311 2348 1580 2416 εὑλογίαν,
1632 2351 1748 2420 ᾔδει

153 2432 520 2502 προκομίζειν
550 2435 615 2485 ὲκ
643 2434 751 2487 τῶν
780 2435 992 2488 ἀδύτων
1024 2437 1124 2508 τῆς
1155 2439 1384 2509 καρδίας
1417 2441 1582 2494 αὑτοῦ
1613 2443 1749 2510 ἀγα-

154 2522 270 2575 θῶν
327 2523 644 2594 θησαυρῶν,
696 2525 905 2579 παλαιά
961 2528 1226 2592 παλαιῶν,
1264 2530 1358 2582 καὶ
1405 2531 1610 2586 παλαιά
1641 2535 1748 2587 ἀπὸ

154 2615 453 2686 προσώπου
481 2617 641 2670 νέων.
678 2618 864 2692 Ταύτῃ
897 2637 976 2672 τοι
1011 2621 1104 2674 καὶ
1138 2621 1239 2691 τῆς
1272 2626 1656 2694 προτιμήσεως
1684 2627 1746 2678 ού

153 2706 300 2759 κατά
347 2705 448 2776 τὴν
493 2708 712 2776 ἡλικίαν
741 2710 800 2760 ἐν
851 2713 964 2773 τοῖς
1015 2711 1292 2781 συλλόγοις
1330 2715 1436 2767 τῶν
1467 2715 1746 2786 ὁμοτίμων

152 2796 400 2865 ἠξιοῦτο,
432 2799 546 2851 ἀλλ’
574 2801 716 2872 ὑπὲρ
738 2802 947 2865 πάντας
973 2799 1041 2874 ἦν
1067 2803 1145 2874 τῷ
1171 2805 1273 2874 τῆς
1301 2808 1492 2876 σοφίας
1515 2809 1746 2882 ἀρχαίῳ,

152 2891 219 2941 ἐκ
260 2889 453 2959 κοινῆς
500 2895 900 2963 συγχωρήσεως
937 2893 1000 2946 τὸ
1043 2898 1307 2966 πρωτεῖον
1343 2898 1742 2968 καρπούμενος.

151 2981 325 3034 Ὅσον
356 2982 416 3034 δὲ
448 2981 549 3051 τῆς
582 2983 840 3054 τοιαύτης
877 2986 1101 3056 ἀγωγῆς
1135 2987 1194 3040 τὸ
1233 2989 1440 3059 κέρδος,
1475 2991 1649 3056 οὐδεὶς
1681 2993 1746 3046 ἂν

255 3073 284 3100 γ

1859 512 2130 568 accidisse
2161 511 2512 575 arbitramur,
2543 525 2644 565 nec
2668 509 2912 580 epistolae
2939 525 3192 564 mensura
3230 513 3432 582 capiat,

1857 616 1912 662 et
1963 607 2206 677 alioquin
2256 604 2695 674 intempestivum
2747 603 2815 658 de
2861 604 3122 672 praeclare
3164 602 3434 660 factorum

1857 698 2206 752 multitudine
2237 712 2542 752 sermonem
2579 695 2888 761 instituere,
2921 711 3044 749 cum
3075 695 3212 750 adeo
3250 697 3436 750 conci-

1857 789 2001 844 derit
2036 791 2252 844 animus
2298 797 2489 844 noster
2519 789 2588 843 ob
2622 803 2932 844 mterorem.
2969 787 3254 854 Quodnam
3287 790 3434 843 enim

1856 880 2003 935 illius
2034 879 2236 934 factum
2269 881 2374 935 tale
2407 888 2511 944 est,
2541 880 2684 950 quod
2732 886 2826 933 aut
2863 897 2894 935 e
2931 889 3121 934 nostra
3170 881 3433 935 memoria

1855 971 2088 1033 excidat,
2121 979 2216 1025 aut
2248 972 2467 1026 silentio
2493 971 2614 1041 jure
2641 986 2706 1025 ac
2733 972 2931 1026 merito
2953 969 3434 1042 praetermittatur?

1855 1059 1998 1117 Fieri
2050 1063 2195 1118 enim
2247 1079 2355 1117 non
2399 1070 2597 1134 potest,
2640 1072 2700 1116 ut
2747 1064 2914 1118 semel
2957 1063 3138 1117 omnia
3181 1063 3436 1117 dicantur

1853 1157 2144 1209 acervatim
2181 1174 2192 1210 :
2227 1171 2292 1210 ex
2334 1163 2488 1224 parte
2527 1163 2707 1209 autem
2740 1155 2946 1218 dicere,
2983 1171 3178 1210 vereor
3209 1171 3277 1210 ne
3309 1171 3436 1226 pro-

1853 1246 2114 1302 ditionem
2139 1246 2336 1301 babeat
2357 1247 2622 1300 veritatis.
2650 1247 2860 1300 interiit
2883 1247 2966 1300 vir
2985 1247 3224 1301 omnium
3251 1262 3436 1318 aequa-

1853 1339 1985 1393 lium
2019 1339 2074 1392 in
2115 1339 2372 1394 omnibus
2411 1339 2576 1393 simul
2606 1337 2862 1392 humanis
2904 1337 3063 1394 bonis
3091 1340 3433 1409 praestantis-

1851 1429 2044 1493 simus,
2096 1429 2348 1484 columen
2401 1429 2611 1498 patriai,
2665 1426 3032 1484 Ecclesiarmn
3090 1430 3286 1494 decus,
3338 1444 3434 1484 co-

1850 1521 2037 1576 lumna
2073 1533 2126 1576 et
2156 1521 2536 1576 fulcimentum
2571 1523 2840 1586 veritatis,
2874 1520 3274 1576 ﬁrmamentum
3309 1521 3445 1577 ﬁdei.

1851 1615 1906 1669 in
1935 1614 2242 1681 Christum,
2266 1629 2488 1669 suorum
2520 1615 2711 1678 tutela,
2732 1614 3062 1669 adversariis
3094 1615 3432 1685 inexpugna-

1849 1707 1997 1771 bilis,
2053 1708 2227 1777 legum
2278 1717 2624 1777 paternarum
2679 1715 2890 1772 custos,
2940 1708 3198 1763 novitatis
3249 1708 3434 1762 inimi-

1851 1813 1969 1860 cus,
1999 1797 2296 1852 ostendens
2321 1797 2374 1850 in
2402 1797 2584 1868 seipso
2616 1797 2850 1866 priscam
2884 1795 3144 1852 Ecclesiae
3170 1799 3431 1867 speciem,

1851 1888 1920 1942 ad
1970 1896 2207 1944 veterem
2264 1895 2488 1953 statum,
2534 1890 2699 1942 veluti
2753 1889 2820 1942 ad
2869 1903 3082 1944 sacram
3137 1889 3431 1959 quamdam

1850 1981 2162 2052 imaginem,
2211 1981 2468 2036 Ecclesia:
2512 1980 2613 2035 sibi
2649 1981 2955 2036 commissae
3001 1979 3231 2035 formam
3275 1979 3430 2035 eﬂin-

1848 2091 2005 2144 gens,
2039 2076 2110 2129 ita
2136 2085 2193 2130 ut
2223 2076 2314 2146 qui
2348 2091 2472 2129 cum
2501 2089 2568 2130 eo
2599 2075 2872 2140 vixerunt,
2907 2090 3013 2129 una
3057 2089 3183 2130 cum
3232 2076 3301 2130 iis
3335 2075 3430 2144 qui

1849 2180 1975 2222 ante
2017 2168 2282 2223 ducentos
2317 2183 2488 2221 annos
2530 2175 2584 2222 et
2611 2167 2844 2237 amplius
2873 2167 3226 2222 luminarium
3257 2167 3432 2222 instar

1851 2261 2322 2331 resplenduerant,
2358 2261 2563 2315 vixisse
2607 2261 2711 2315 sibi
2753 2259 3066 2314 videantur.
3100 2260 3252 2314 Adeo
3295 2259 3431 2314 nihil

1847 2353 1916 2408 de
1959 2368 2081 2418 suo,
2119 2369 2218 2408 nec
2249 2353 2418 2406 ullum
2458 2352 2780 2407 recentiori:
2805 2352 3006 2406 mentis
3036 2353 3316 2408 inventum
3344 2354 3432 2407 vir

1848 2446 1940 2499 ille
1982 2445 2304 2515 promebat:
2335 2444 2451 2507 sed,
2503 2443 2805 2500 secundum
2850 2443 3052 2516 Moysis
3097 2443 3431 2499 benedictio-

1847 2554 1993 2598 nem,
2029 2537 2274 2608 proferre
2303 2548 2528 2592 noverat
2565 2553 2633 2592 ex
2667 2537 2850 2592 cordis
2881 2539 2965 2592 sui
3009 2538 3248 2594 arcanis.
3272 2538 3432 2592 bonis

1847 2631 2060 2684 scilicet
2107 2630 2404 2692 thesauris,
2442 2639 2624 2684 vetera
2674 2637 2942 2694 veterum,
2975 2638 3031 2684 et
3078 2637 3261 2685 vetera
3307 2638 3433 2684 ante

1849 2721 2042 2775 faciem
2074 2737 2338 2774 novorum
2362 2723 2424 2775 ".
2449 2721 2604 2791 107
2629 2719 2763 2774 l‘iinc
2787 2731 2841 2776 et
2868 2721 3046 2792 primo
3066 2721 3188 2776 loco
3206 2735 3315 2774 non
3344 2735 3432 2775 se-

1847 2812 2084 2865 cundum
2111 2820 2326 2866 aetatem
2349 2813 2402 2866 in
2426 2812 2787 2866 conventibus
2803 2813 3184 2883 episc0porum
3232 2813 3460 2882 dignus.

1848 2903 2170 2969 habebatur,
2212 2903 2304 2958 sed
2365 2919 2529 2974 supra
2577 2919 2770 2958 omnes
2798 2913 2917 2958 erat
2968 2903 3251 2973 sapientiae
3290 2902 3432 2956 anti-

1847 2995 2075 3063 quitate,
2100 2995 2305 3064 primas
2331 2994 2607 3049 communi
2630 3009 2896 3050 concessu
2919 2995 3192 3049 obtinens.
3216 2992 3452 3058 Quanta.

151 3075 532 3145 ἐπιζητήσειε,
560 3075 700 3146 πρὸς
731 3076 874 3146 ὑμᾶς
914 3077 1259 3132 ἀποϐλέπων.
1295 3080 1461 3133 Μόνοι
1503 3081 1633 3153 γὰρ,
1671 3076 1746 3137 ὧν

1857 3095 2031 3140 autem
2064 3087 2187 3142 talis
2229 3087 2590 3142 institutionis
2635 3088 2864 3152 utilitas,
2895 3102 3059 3143 nemo
3094 3086 3430 3156 requisierit,

153 3168 340 3235 ἴσμεν,
373 3168 405 3237 ἦ
441 3169 638 3238 κομιδῆ
669 3186 732 3236 γε
768 3171 825 3222 ὲν
867 3169 1070 3238 ὀλίγοις
1111 3171 1247 3235 (54»,
1284 3172 1343 3224 ὲν
1385 3173 1612 3244 χειμῶνι
1661 3193 1748 3228 το-

154 3258 337 3326 σούτῳ
366 3261 462 3310 καὶ
489 3259 716 3313 λαίλαπι
742 3263 1083 3332 πραγμάτων
1110 3261 1420 3333 ἀκύμαντον
1445 3269 1510 3337 τῇ
1537 3267 1748 3322 ἐκείνου

153 3350 287 3402 κυϐε
300 3351 492 3421 ρνήσει
516 3351 613 3420 τὴν
647 3348 792 3422 ζωὴν
821 3352 1132 3424 διηγάγετε.
1163 3355 1237 3406 Οὑ
1262 3354 1370 3426 γὰρ
1395 3356 1572 3426 ἥψατο
1597 3358 1750 3428 ὑμῶν

153 3443 458 3514 αἰρετικῶν
526 3446 851 3516 πνευμάτων
895 3445 1065 3517 ζάλη,
1124 3452 1601 3521 καταποντισμοὺς
1655 3453 1752 3506 ἐπ·-

154 3537 371 3603 άγουσα
395 3537 488 3588 καὶ
507 3537 741 3604 ναυάγια
756 3541 876 3600 ταῖς
891 3540 1338 3611 εὑπεριτρέπτοις
1359 3541 1576 3612 ψυχαῖς.
1598 3546 1750 3615 Μήτε

152 3628 209 3679 δὲ
243 3627 448 3696 ἅψαιτό
481 3645 633 3690 ποτε,
673 3623 718 3682 ὦ
743 3630 987 3683 Δέσποτα
1018 3631 1126 3684 τῶν
1157 3633 1434 3692 ἀπάντων,
1465 3636 1523 3698 ὂς
1557 3635 1632 3707 τῷ
1674 3636 1752 3706 σῷ

155 3721 454 3789 θεράποντι
487 3721 789 3793 Γρηγορίῳ,
819 3721 896 3792 τῷ
921 3722 980 3786 ἐξ
998 3724 1172 3794 ἀρχῆς
1200 3724 1498 3796 πηξαμένῳ
1521 3728 1631 3796 (55)
1655 3728 1752 3798 τὴν

155 3813 405 3884 κρηπῖδα
425 3815 526 3882 τῆς
553 3813 902 3884 Ἐκκλησίας,
925 3814 1024 3884 τῆς
1051 3817 1143 3867 ἐπὶ
1176 3817 1438 3886 μήκιστον
1456 3818 1752 3889 ἀταραξίας

152 3905 253 3974 τὴν
287 3904 451 3973 χάριν
486 3903 713 3966 ἔδωκας.
733 3905 834 3956 Ἢν
862 3904 935 3975 μὴ
966 3905 1210 3975 προδῶτε
1243 3905 1404 3974 ὑμεῖς
1436 3907 1493 3958 ἐν
1520 3906 1598 3975 τῷ
1619 3924 1753 3978 παρ-

151 3997 269 4049 όντι
299 3995 480 4065 καιρῷ
501 4012 516 4024 ο
549 3996 684 4067 μηδὲ
718 3995 929 4066 θρήνων
963 3997 1220 4068 ἀμετρία,
1251 3999 1344 4050 καὶ
1388 3997 1466 4068 τῷ
1503 3999 1752 4064 ἐκδότους

154 4089 391 4149 ἑαυτοὺς
427 4090 539 4150 τοῖς
573 4088 837 4158 λυπηροῖς
871 4089 1115 4160 ποιῆσαι,
1147 4089 1274 4152 τοὺς
1305 4089 1412 4142 τῶν
1442 4091 1752 4158 ἀναγκαίων

155 4180 395 4249 καιροὺς
421 4182 532 4242 τοῖς
567 4179 913 4251 ἐφεδρεύουσι
955 4182 1217 4253 πρόησθε.
1264 4182 1401 4235 Ἀλλ’
1434 4185 1482 4236 εί
1507 4183 1590 4236 δεῖ
1617 4185 1754 4238 πάν-

154 4287 265 4333 τως
287 4269 512 4341 θρηνεῖν
547 4271 754 4343 (ὥσπερ
782 4267 874 4326 οὖν
913 4272 974 4325 οὗ
1002 4289 1144 4341 φημι
1175 4271 1306 4342 (56),
1340 4274 1424 4325 ἵνα
1454 4272 1527 4344 μὴ
1552 4274 1752 4344 ὁμοιω-

155 4359 345 4431 θῶμεν
374 4362 434 4412 ἐν
455 4362 632 4431 τούτῳ
665 4362 776 4432 (57)
807 4366 920 4426 τοῖς
960 4363 1034 4434 μὴ
1073 4363 1288 4434 ἔχουσιν
1324 4363 1557 4432 ἐλπίδα),
1595 4365 1754 4437 ὑμεῖς

225 4503 270 4534 ¹¹
309 4501 490 4557 Levit.
543 4516 706 4564 xxvn,
758 4500 845 4554 10.

1853 3178 2014 3231 modo
2054 3178 2109 3231 in
2141 3193 2238 3233 vos
2265 3179 2454 3233 oculos
2480 3186 2786 3232 convertat.
2835 3177 2971 3232 Nam
3022 3177 3126 3232 soli
3157 3192 3294 3246 quos
3328 3190 3430 3230 no-

1850 3271 2111 3333 verimus,
2148 3280 2240 3324 aut
2279 3279 2427 3326 certe
2454 3285 2578 3324 cum
2610 3273 2801 3340 paucis
2834 3271 3147 3334 admodum,
3181 3272 3234 3325 in
3281 3275 3432 3324 tanta

1853 3378 2036 3416 rerum
2090 3371 2414 3433 tempestate
2478 3378 2541 3417 ac
2592 3364 2832 3433 procella
2889 3362 3238 3432 tranquillam
3284 3361 3432 3415 illius

1852 3455 2245 3524 gubernatione
2283 3456 2451 3510 vitam
2499 3455 2706 3525 egistis.
2757 3453 2875 3508 Non
2921 3455 3066 3509 enim
3111 3468 3208 3506 vos
3256 3450 3434 3521 attigit

1856 3550 2230 3605 haereticorum
2289 3559 2572 3604 ventorum
2621 3555 2810 3612 aestus,
2861 3546 3268 3602 submersiones
3324 3547 3430 3599 ima

1853 3653 2082 3712 portans
2119 3651 2172 3696 et
2203 3641 2486 3711 naufragia
2523 3641 2811 3695 animabus
2852 3639 3011 3694 facile
3051 3637 3428 3693 mutabilibus.

1854 3735 2040 3803 Neque
2075 3748 2203 3787 vero
2247 3733 2480 3803 attingat
2517 3746 2781 3801 unquam,
2814 3746 2848 3785 ο
2891 3732 3271 3784 universorum
3325 3727 3431 3782 Do-

1853 3827 2021 3889 mine,
2062 3827 2156 3896 qui
2195 3825 2399 3879 famulo
2430 3834 2524 3879 tuo
2549 3825 2830 3897 Gregorio,
2863 3840 2893 3878 a
2929 3839 3038 3893 quo
3067 3823 3217 3878 basis
3248 3821 3434 3876 Eccle-

1854 3919 1948 3972 sia:
1982 3918 2049 3972 ab
2099 3919 2258 3972 initio
2284 3925 2592 3987 compacta,
2637 3916 3052 3987 tranquillitatis
3100 3913 3434 3984 longissimae

1855 4026 2055 4064 munus
2103 4009 2324 4064 dedisti.
2384 4009 2558 4075 Quam
2591 4024 2689 4065 vos
2719 4009 2842 4062 'hoc
2891 4016 3135 4076 tempore
3179 4004 3436 4059 amittere

1853 4099 2060 4165 nolite,
2119 4114 2295 4168 neque
2342 4098 2652 4153 immodicis
2705 4097 2984 4168 lacrymis,
3036 4110 3099 4149 ac
3144 4101 3289 4148 totos
3334 4106 3432 4145 vos

1855 4191 2078 4244 itimrori
2127 4189 2400 4254 dedendo,
2433 4205 2615 4245 rerum
2645 4189 3084 4245 necessariarum
3107 4183 3433 4258 opportuni-

1855 4290 2020 4336 tatem
2066 4283 2458 4338 insidiantibus
2510 4282 2774 4353 prodatis.
2806 4280 2960 4349 Quod
3002 4279 3048 4336 si
3078 4278 3304 4334 omnino
3347 4275 3434 4329 lu-

1855 4374 2089 4444 gendum
2120 4382 2205 4431 est
2237 4377 2330 4448 (ita
2363 4392 2496 4432 sane
2529 4392 2637 4430 non
2663 4375 2861 4441 sentio,
2908 4389 2977 4430 ne
3017 4373 3073 4429 in
3103 4372 3207 4426 hoc
3236 4371 3303 4425 iis
3338 4368 3433 4440 qui

226 4618 343 4691 ('51)
397 4618 594 4688 Ἡμῖν.
646 4615 988 4692 ΕίιῑιτΒιδξῑ-ιτ
1031 4617 1272 4673 secunda
1305 4625 1358 4672 et
1391 4615 1566 4692 Paris.
1600 4620 1749 4692 ὑμῖν.

1857 4623 1966 4678 duo
1997 4621 2172 4692 Regii.
2192 4618 2346 4692 AEditi
2373 4619 2721 4692 σὺν-ὀλίγοις.

152 4689 293 4746 Alia:
319 4699 375 4744 et
405 4705 500 4760 sex
532 4704 667 4760 mss.
703 4690 852 4760 ἡμῖν.
880 4689 1082 4760 Ibidem
1115 4699 1227 4760 tres
1252 4689 1608 4760 vetustissimi
1640 4689 1751 4745 ἰξο-

151 4765 311 4818 dices
345 4769 402 4813 et
455 4759 567 4814 duo
608 4758 760 4828 Regii
791 4760 989 4814 habent
1035 4758 1345 4828 λογίζεσθαι
1385 4774 1484 4828 pro
1513 4775 1578 4812 eo
1606 4762 1751 4828 quod

152 4842 276 4887 erat
309 4833 364 4884 in
393 4830 560 4884 editis
585 4824 931 4899 λογῖζόμεθα.
970 4824 1130 4888 Illud,
1174 4829 1258 4898 ἐφ’
1288 4824 1400 4892 οἷς,
1431 4829 1573 4882 idem
1611 4824 1753 4885 valet

156 4920 218 4956 ac
254 4900 424 4953 ὥστε.
453 4900 644 4953 Simile
672 4901 978 4968 exemplum
1017 4901 1183 4954 habes
1221 4914 1384 4968 supra
1411 4899 1463 4951 in
1489 4899 1652 4967 epist.
1682 4903 1750 4956 ad

131 4974 464 5026 Maximum
499 4979 554 5024 et
587 4969 728 5024 infra
755 4972 807 5024 in
847 4985 933 5039 ep.
956 4972 1024 5024 68
1051 4974 1116 5024 ad
1143 4970 1408 5024 Albanas.
1447 4968 1601 5034 Quod
1627 4987 1752 5025 cum

153 5042 372 5098 librarii
407 5057 516 5094 non
563 5041 946 5110 intelligerent,
1007 5041 1098 5093 alii
1157 5041 1392 5110 ὑπάρχει
1441 5039 1751 5105 λογίζεσθαι

153 5113 262 5198 (εἰσ
287 5112 453 5198 enin:
484 5111 540 5164 in
583 5109 860 5164 nonnullis
882 5109 1449 5198 Ιίιιῐιεεκιεξεῑιιηῆ,ξιιὶί
1486 5111 1754 5183 ὑπάρχειν

157 5180 498 5252 λογιζόμεθα
530 5193 848 5252 posuerunt.
882 5180 1062 5252 [Quod
1101 5180 1369 5252 pr:estat.]

159 5255 344 5379 5W$39.)
383 5251 780 5320 Νομισθῆναι.
811 5251 1030 5306 Addunt
1059 5251 1189 5305 editi
1223 5252 1255 5322 ἢ
1295 5251 1748 5325 συίγκομισθῆναι,

275 5327 395 5379 haec
412 5323 614 5376 desunt
646 5325 701 5377 in
721 5333 925 5379 sentem
943 5339 1076 5377 mss.
1096 5322 1266 5375 Paulo
1282 5333 1404 5379 Dost
1423 5326 1554 5378 editi
1577 5327 1748 5379 εἰπεῖν

275 5322 395 5379 haec
412 5323 614 5376 desunt
646 5325 701 5377 in
721 5333 925 5391 septem
943 5339 1076 5377 mss.
1096 5322 1266 5375 Paulo
1282 5333 1404 5390 post
1423 5322 1554 5391 editi
1577 5322 1752 5379 εἰπεῖν

161 5397 424 5448 ἀδύνατον
471 5401 528 5473 et
699 5385 926 5463 προδιδιῖ.
961 5410 1015 5445 τι
1053 5393 1154 5464 τῆς
1197 5385 1752 5464 ἀλήθείαςλϐοόὶοοε

163 5479 283 5522 octo
308 5481 446 5518 mss.
475 5470 536 5515 ut
557 5470 610 5516 in
639 5472 809 5518 textu.

232 5537 343 5604 (55)
385 5534 544 5587 Οὐδὲ
587 5533 894 5601 νεωτέρας.
937 5533 1104 5586 Οὑδέν
1147 5533 1202 5588 in
1233 5533 1357 5590 Vat.
1401 5544 1455 5592 et
1502 5535 1749 5591 Combef.

166 5603 330 5679 Paulo
371 5612 502 5679 post
555 5604 792 5679 legimus
835 5619 960 5679 cum
1023 5614 1230 5674 septem
1269 5622 1404 5662 mss.
1437 5608 1544 5661 ἀπὸ
1581 5624 1750 5679 προσ-

167 5674 332 5735 ώπου.
370 5673 504 5730 editi
544 5675 654 5727 ἀπὸ
686 5673 1014 5742 προσώπων.

227 5748 342 5817 (ει)
399 5748 503 5800 Ἐν
532 5747 778 5814 ὀλίγοις.
805 5744 880 5798 Ita
906 5745 1034 5799 Harl
1063 5787 1078 5811 ,
1100 5745 1268 5802 Coisl.
1296 5746 1662 5817 primus,Vat.
1693 5755 1747 5803 et

1931 4694 2043 4762 (55)
2079 4684 2446 4759 ἸΙηξαμένῳ..
2470 4684 2612 4744 Editi
2651 4697 2778 4762 ante
2802 4689 2946 4762 hanc
2989 4701 3180 4762 vocem
3221 4684 3438 4762 _addunt

1859 4755 2060 4826 καλῶς,
2093 4755 2326 4832 (ιυόιΓὶιι
2353 4768 2477 4832 octo
2523 4775 2656 4832 mss.
2696 4759 3062 4832 desideratur.
3098 4755 3293 4832 Statim
3337 4773 3437 4832 pro

1859 4849 1924 4887 eo
1955 4833 2098 4903 quod
2113 4826 2250 4887 'erat
2291 4833 2346 4884 in
2377 4830 2658 4903 ειιίιὶετῆς
2691 4826 3313 4903 ὲπιμόνου-ἀταραξίας,
3339 4826 3437 4884 Ἰθ-

1860 4900 2096 4958 ctioiiem
2136 4914 2259 4957 octo
2289 4901 2542 4956 codicum
2581 4900 2715 4955 mss.
2748 4900 3127 4970 apposuimus.

1929 4973 2042 5044 (56)
2085 4976 2168 5027 Οὔ
2201 4991 2368 5042 φημι.
2412 4971 2574 5044 Deest.
2604 4966 2901 5044 negatioin
2933 4969 3110 5044 tribus
3145 4966 3436 5044 mss.,-sed

1863 5039 2172 5099 necessaria
2203 5039 2426 5096 'videtur
2463 5043 2532 5094 ad
2579 5042 2864 5095 sententiae
2901 5041 3128 5099 seriem,
3163 5052 3227 5094 ac
3265 5039 3437 5091 miror

1859 5129 1977 5169 eam
2011 5130 2039 5167 a
2068 5114 2395 5168 Combetisio
2420 5112 2677 5180 expungi.
2705 5109 2842 5164 Nam
2883 5109 3219 5180 perabsurde
3266 5108 3438 5180 dixis~

1860 5194 1944 5239 set
1977 5185 2212 5240 Basilius
2263 5179 2555 5252 lugendum
2590 5197 2743 5252 _esse,
2787 5196 2855 5234 ne
2888 5179 3098 5252 Sittiiles
3147 5179 3320 5252 simus
3349 5179 3436 5234 his

1857 5255 1950 5324 qui
1989 5271 2139 5323 spem
2188 5271 2296 5308 non
2325 5249 2553 5324 habent.
2588 5249 2756 5324 Paulo
2785 5249 3205 5324 phost_addimus
3228 5249 3287 5300 δέ
3311 5260 3434 5319 post

1857 5319 2103 5448 ᾖμεζςόι
2128 5322 2598 5386 codicibusllarl.,
2614 5320 2753 5376 Med.
2767 5361 2780 5386 ,
2794 5319 2963 5376 Coisl.
2982 5329 3216 5389 utroque
3241 5330 3297 5373 et
3324 5336 3435 5375 uno

1909 5412 2048 5448 BEIO.

1909 5412 2048 5451 CRIO.

2102 5465 2211 5537 Ἐκ
2233 5465 2442 5537 τούτῳ.
2491 5459 2583 5515 Sic
2637 5460 2858 5537 codices
2900 5476 3035 5537 mss.
3067 5466 3240 5537 _octo.
3269 5458 3434 5537 [idem

1857 5530 2034 5606 paulo
2050 5543 2172 5605 post
2202 5535 2404 5589 habent
2437 5532 2896 5606 προστησάμενοι.
2944 5531 3085 5587 Editi
3124 5533 3182 5606 ὲν
3223 5530 3436 5606 τούτοις

1856 5601 1912 5678 et
1957 5601 2434 5678 περιστησάμενοι.
2477 5601 2760 5678 Editiones
2794 5602 3001 5674 Hagan.
3029 5610 3083 5658 et
3129 5601 3251 5658 duae
3281 5602 3438 5656 Basi-

1855 5675 2072 5733 leensés
2098 5675 2296 5732 habent
2327 5675 2782 5747 προστησάμενοι.
