3870 6218
468 255 576 317 807

1819 264 1878 319 S.
1918 264 2165 321 BASILII
2207 266 2420 322 MAGNI

3620 270 3727 329 508

469 393 621 448 Spem
662 390 774 431 non
800 376 1028 441 habent,
1070 377 1281 434 similes
1314 378 1536 453 simus),
1572 394 1693 445 vos,
1732 380 1777 436 si
1807 382 2032 437 videtur.

2145 384 2223 448 δὲ,
2261 388 2309 437 εί
2338 385 2504 449 δοκεῖ,
2532 377 2643 436 οἷόν
2683 400 2765 446 τις
2805 382 2965 453 χορὸς
3009 382 3285 455 πενθήρης
3314 384 3403 437 τὸν
3433 391 3726 455 κορυφαῖον

467 477 760 541 postquam
784 469 950 524 veluti
986 469 1233 538 lugubris
1262 471 1484 542 quidam
1518 472 1722 528 chorus
1762 476 2042 543 proprium

466 562 625 617 vobis
655 562 850 617 ducem
877 562 1253 634 praefeceritis,
1291 565 1617 621 coneinnius
1651 580 1774 621 cum
1805 566 1923 636 ipso
1951 581 2044 620 ca-

467 665 591 705 sum
621 650 839 706 deﬂete.

536 743 591 796 2.
630 742 869 814 Atqueis
890 743 1129 812 quidem.
1161 745 1263 801 etsi
1294 746 1359 800 ad
1385 753 1683 801 extremam
1707 757 2041 804 senectutem

465 849 576 889 non
620 834 886 904 pervenit,
918 845 972 888 at
999 844 1149 891 certe
1178 837 1323 906 quod
1373 837 1441 892 ad
1473 846 1711 909 tempus,
1743 855 1852 909 quo
1887 842 2042 897 vobis

465 925 704 998 prtel'uit,
737 929 953 990 attinet,
984 930 1120 984 satis
1148 930 1273 983 vitae
1313 930 1524 987 habuit.
1572 932 1833 1003 Corporis
1862 945 2042 989 autem

464 1026 678 1072 tantum
722 1021 999 1091 particeps
1049 1020 1172 1085 fuit,
1222 1030 1485 1092 quantum
1533 1039 1760 1080 necesse
1798 1033 1938 1086 erat,
1990 1040 2039 1078 ut

464 1111 633 1166 animi
678 1114 1042 1169 constantiam
1088 1115 1141 1167 in
1184 1114 1331 1170 illius
1376 1116 1659 1172 doloribus
1702 1117 2032 1187 perferendi:

464 1201 798 1258 ostenderet.
833 1202 997 1258 Forte
1035 1212 1216 1258 autem
1244 1212 1485 1260 vestrum
1515 1207 1715 1277 aliquis
1739 1208 2032 1274 existimet,

464 1299 682 1363 tempus
708 1294 1203 1350 commiserationis
1227 1310 1350 1350 esse
1378 1295 1772 1352 incrementum
1805 1306 1859 1354 et
1890 1313 2041 1353 amo-

460 1384 543 1439 ris
570 1385 966 1450 accessionem,
995 1401 1103 1439 non
1148 1395 1327 1442 autem
1375 1386 1646 1442 satietatis
1692 1389 2037 1445 occasionem

460 1474 549 1530 his
585 1475 677 1544 qui
717 1475 926 1545 experti
970 1484 1118 1540 sunt,
1170 1478 1243 1530 ita
1282 1486 1341 1531 ut
1387 1485 1593 1547 quanto
1636 1478 1870 1548 longiori
1903 1490 2039 1535 tem-

459 1581 594 1636 pore
615 1567 750 1623 estis
783 1566 1107 1623 beneﬁcium
1132 1569 1364 1639 experti,
1392 1577 1547 1625 tanto
1573 1571 1806 1641 amplius
1832 1571 2038 1626 orbita-

2144 476 2350 529 ἑαυτῶν
2373 477 2830 548 προστησάμενοι,
2865 475 3262 547 ἐμμελέστερον
3292 478 3406 547 μετ’
3429 478 3635 531 ἐκείνου
3666 482 3727 533 τδ

2146 584 2208 620 συ
2217 569 2358 638 μϐὰν
2384 567 2787 622 ἀποκλαύσατε.

2212 749 2265 801 2.
2298 745 2556 813 Καίτοιγε
2587 746 2636 797 εἰ
2667 746 2761 798 καὶ
2796 745 2870 817 μὴ
2904 745 2991 797 ἐπ’
3021 747 3251 816 ἐσχάτου
3286 746 3474 817 γήρως
3497 745 3725 816 ἤλαυνεν

2141 842 2170 893 6
2202 839 2364 910 ἀνὴρ,
2396 837 2512 893 ἀλλ’
2545 832 2639 890 οὖν
2660 837 2755 890 τοῦ
2785 854 2849 905 γε
2884 838 3077 909 χρόνου
3112 838 3297 891 ἕνεκεν
3329 839 3428 908 τῆς
3457 837 3726 909 ὑμετέρας

2140 931 2483 994 ἐπιστασίας,
2527 931 2627 984 οὐκ
2672 930 2867 994 ἐνδεῶς
2900 926 3013 1000 εἶχε
3047 930 3140 983 τοῦ
3180 930 3318 1000 βίου.
3366 929 3473 983 Τοῦ
3513 947 3571 983 τε
3606 930 3725 982 σώ-

2143 1040 2309 1092 ματος
2337 1022 2589 1075 τοσοῦτον
2614 1024 2881 1092 μετεῖχεν,
2906 1022 3029 1075 ὅσον
3052 1022 3149 1091 τῆς
3174 1021 3351 1091 ψυχῆς
3373 1020 3432 1073 τὸ
3457 1020 3726 1093 καρτερὸν

2138 1117 2230 1167 ἐπὶ
2262 1118 2383 1178 ταῖς
2414 1115 2701 1186 ἀλγηδόσιν
2725 1115 2889 1167 αὑτοῦ
2926 1113 3220 1166 δεικνύναι.
3256 1112 3430 1183 Τυχὸν
3454 1112 3512 1166 δὲ
3540 1113 3605 1166 ἄν
3640 1130 3728 1178 τις

2140 1208 2169 1259 ὑ
2179 1209 2293 1278 μῶν
2315 1208 2596 1270 ὑπολάϐοι,
2621 1209 2701 1261 ὅτι
2725 1208 2818 1261 καὶ
2845 1208 2872 1261 ὁ
2898 1208 3088 1279 χρόνος
3108 1205 3336 1278 αὔξησις
3360 1204 3724 1275 συμπαθείας,

2139 1301 2234 1353 καὶ
2266 1301 2550 1371 προσθήκη
2591 1300 2835 1372 φίλτρου,
2865 1301 2985 1370 οὐχ).
3014 1298 3235 1371 ἀφορμὴ
3266 1298 3429 1370 κόρου
3462 1300 3573 1362 τοῖς
3604 1315 3726 1351 πει-

2141 1393 2382 1464 ραθεῖσιν
2410 1394 2684 1461 ἐγγίνεται
2718 1393 2852 1464 (58),
2887 1392 3050 1455 ὥστε,
3082 1394 3191 1463 ὅσῳ
3229 1392 3288 1443 ἐν
3315 1390 3520 1444 πλείονι
3547 1391 3726 1462 χρόνῳ

2137 1483 2237 1553 τῆς
2258 1484 2577 1555 εὐεργεσίας
2599 1484 2956 1556 πεπείρασθε,
2977 1482 3217 1554 τοσούτῳ
3246 1481 3445 1553 μᾶλλον
3465 1482 3564 1552 τῆς
3589 1483 3733 1535 ἀπο-

2136 1574 2364 1638 λείψεως
2390 1575 2816 1629 ἐπαισθάνεσθαι
2854 1575 2963 1647 (59)
2985 1592 2996 1604 ·
3022 1572 3272 1646 σώματος
3294 1574 3350 1627 δὲ
3388 1573 3595 1627 δικαίου
3629 1576 3726 1627 καὶ

458 1667 569 1713 tem
600 1659 884 1724 sentiatis;
916 1667 1171 1715 caaterum
1213 1662 1464 1732 corporis
1497 1662 1632 1732 justi
1664 1664 1746 1717 vel
1781 1664 2032 1719 umbram

2141 1668 2269 1722 σκιά
2295 1668 2387 1721 τοῦ
2424 1668 2623 1733 παντὸς
2651 1668 2777 1733 ἀξία
2809 1671 2920 1732 τοῖς
2948 1667 3219 1722 εὐλαϐέσι.
3250 1668 3359 1720 Καὶ
3385 1668 3471 1738 εἴη
3492 1685 3557 1737 γε
3589 1668 3725 1720 πολ-

459 1751 604 1820 apud
639 1751 758 1821 pios
783 1751 977 1822 quovis
1005 1752 1213 1807 honore
1232 1726 1451 1821 dignam
1474 1726 1616 1810 esse.
1641 1753 1815 1826 Atque
1837 1766 2032 1825 optan-

2140 1764 2265 1827 λοὺς
2296 1762 2449 1834 ὑμῶν
2471 1763 2581 1833 (40)
2603 1726 2718 1816 vem-
2749 1726 2953 1834 ταύτης
2994 1758 3134 1816 εἶναι
3176 1762 3275 1833 τῆς
3305 1726 3541 1824 διανοίας
3579 1761 3727 1831 (οὐδὲ

458 1844 588 1898 dum
633 1844 853 1914 quidem
900 1855 957 1899 ut
994 1845 1151 1898 multi
1193 1860 1260 1900 ex
1307 1846 1461 1901 vobis
1506 1851 1586 1901 sic
1633 1849 1815 1902 animo
1858 1847 2034 1903 aﬂ‘ecti

456 1936 567 1990 sint
607 1936 808 2008 (neque
836 1938 980 1993 enim
1028 1954 1127 2009 ego
1158 1939 1274 2009 ipse
1301 1939 1532 1994 dixerim
1560 1940 1737 1994 virum
1782 1956 1906 1996 esse
1938 1956 2035 1997 ne-

456 2027 789 2101 gligendum)
827 2050 839 2084 :
878 2031 972 2085 sed
1016 2030 1121 2086 boc
1166 2031 1382 2086 consilii
1418 2029 1511 2096 do,
1547 2039 1608 2086 ut
1652 2032 1895 2087 dolorem
1930 2032 2034 2087 bu-

455 2121 687 2177 mauiter
708 2122 1021 2193 perferatis.
1060 2124 1271 2178 Etenim
1305 2139 1647 2196 quaecunque
1688 2125 1874 2182 dicere
1907 2141 2034 2196 pos-

454 2214 568 2268 sint
628 2218 721 2284 qui
777 2214 1038 2270 damnum
1106 2216 1423 2287 deplorant,
1484 2233 1666 2288 neque
1723 2233 1754 2271 a
1823 2219 2033 2288 meipso

451 2307 797 2376 ignorantur.
845 2308 979 2362 Silet
1013 2307 1230 2379 quidem
1274 2309 1458 2380 lingua
1501 2308 1787 2365 ﬂuviorum
1830 2310 1885 2363 in
1917 2326 2035 2364 mo-

454 2415 568 2455 rem
611 2416 775 2457 aures
823 2402 1081 2457 alluens:
1119 2403 1305 2459 cordis
1354 2410 1535 2459 autem
1591 2403 1954 2475 profundum,
2000 2418 2031 2458 a

452 2491 672 2546 nemine
696 2492 962 2547 hactenus
986 2492 1465 2562 comprehensum,
1498 2494 1728 2549 somniis
1770 2493 2028 2557 debilius,

454 2590 721 2654 quantum
764 2599 897 2639 sane
947 2584 1012 2639 ad
1060 2582 1310 2639 homines
1348 2585 1561 2645 attinet,
1595 2584 1850 2638 avolavit.
1895 2583 2031 2650 Quis

454 2672 549 2727 illo
577 2674 645 2728 ad
681 2675 920 2728 futurum
955 2673 1356 2744 prtevidendum
1393 2675 1644 2729 acutior?
1675 2673 1811 2741 Quis
1841 2676 1895 2729 in
1921 2684 2031 2730 tam

453 2766 636 2822 stabili
679 2782 744 2822 ac
780 2767 935 2821 ﬂrma
965 2767 1131 2822 animi
1179 2767 1358 2823 indole
1386 2767 1617 2823 idoneus
1647 2768 1769 2833 fuit,
1804 2769 1895 2839 qui
1927 2767 2034 2823 ful-

453 2874 590 2929 gure
649 2858 813 2915 citius
871 2874 962 2914 res
1021 2860 1442 2931 aggrederetur?
1491 2859 1537 2913 0
1596 2860 1791 2915 civitas
1842 2861 2031 2915 multis

453 2949 673 3018 quidem
720 2950 835 3018 jam
876 2950 1034 3007 malis
1066 2958 1442 3022 prazoccupata
1476 2970 1489 3006 :
1527 2951 1620 3007 sed
1656 2960 1835 3007 tamen
1880 2954 2031 3008 nullo

453 3056 683 3110 prorsus
723 3040 779 3095 in
814 3042 1061 3112 partibus
1099 3042 1167 3096 ad
1200 3044 1364 3097 vitam
1395 3043 1724 3100 necessariis
1756 3046 1836 3099 sic
1866 3045 2024 3101 laesa!
2058 3080 2100 3136 Ο

452 3128 613 3185 Nunc
655 3129 912 3186 deﬂoruit
958 3132 1055 3186 tibi
1104 3143 1333 3189 ornatus
1379 3134 1802 3202 pulcherrimus.
1856 3136 2033 3190 conti-

455 3223 571 3276 cuit
617 3221 884 3288 Ecclesia,
932 3234 1239 3280 conventus
1294 3226 1481 3280 tristes
1528 3234 1693 3290 sunt,
1735 3243 2034 3284 consessus

455 3326 614 3367 sacer
633 3315 977 3385 coryphaeum
1001 3314 1294 3380 desiderat,
1327 3331 1611 3371 sermones
1634 3318 1849 3387 mystici
1876 3319 2036 3388 108

454 3405 865 3475 explanatorem
933 3416 1288 3477 exspectant,
1361 3408 1514 3478 pueri
1570 3415 1812 3478 patrem,
1872 3425 2033 3466 senes

454 3497 740 3568 aequalem,
771 3499 1062 3569 optimates
1093 3499 1416 3569 principem,
1453 3501 1687 3571 populus
1717 3510 2030 3571 patronum,

454 3604 725 3658 pauperes
772 3592 1134 3653 nutritorem;
1182 3607 1373 3647 omnes
1437 3594 1755 3651 nominibus
1798 3595 2033 3651 maxime

452 3682 692 3751 propriis
721 3682 901 3751 ipsum
941 3692 1220 3749 vocantes,
1263 3684 1318 3737 in
1359 3685 1582 3755 pr0pria
1617 3686 1926 3742 calamitate
1957 3688 2034 3742 lu-

454 3779 601 3823 ctum
659 3772 760 3826 sibi
815 3773 1047 3842 quisque
1096 3774 1377 3843 proprium
1426 3782 1590 3845 atque
1617 3776 2030 3833 convenientem

454 3861 645 3915 edunt.
692 3862 797 3917 Sed
841 3880 950 3934 quo
984 3865 1115 3919 mihi
1151 3882 1333 3920 sermo
1374 3882 1483 3937 pra:
1530 3868 1895 3939 lacrymarum
1939 3885 2033 3923 vo-

453 3955 664 4025 luptate
686 3957 934 4026 rapitur?
970 3957 1084 4013 Non
1106 3959 1529 4028 evigilabimns?
1562 3976 1671 4015 non
1703 3966 2031 4032 semetipsos

452 4050 809 4121 colligemus?
838 4067 950 4106 non
987 4052 1345 4121 rcspiciemus
1370 4052 1435 4107 ad
1474 4068 1821 4110 communem
1848 4054 2033 4109 Domi-

452 4158 610 4209 num,
631 4144 723 4214 qui
748 4152 1034 4214 postquam
1064 4160 1509 4215 unumquemque
1539 4154 1855 4201 sanctorum
1885 4149 2032 4203 aetati

374 4274 381 4283 ο
453 4252 570 4291 sua:
621 4236 751 4291 sivit
796 4237 1096 4298 inservire,
1150 4237 1407 4305 congruis
1460 4238 1797 4307 temporibus
1853 4239 1920 4293 ad
1971 4254 2031 4294 se

451 4342 650 4383 rursus
683 4329 995 4383 revocavit?
1024 4324 1178 4383 Nunc
1207 4330 1261 4384 in
1288 4336 1534 4399 tempore
1563 4330 1711 4385 illius
1738 4330 2029 4386 verborum

451 4410 853 4486 recordamini,
904 4421 997 4492 qui
1049 4437 1174 4476 cum
1240 4423 1660 4478 concionaretur
1706 4423 1850 4493 apud
1902 4439 2023 4489 vos,

494 4581 637 4704 ί(⁸58)
681 4582 1024 4651 Ἐγγίνεται.
1057 4579 1132 4634 lla
1172 4580 1324 4637 Harl.
1346 4589 1401 4637 et
1435 4582 1602 4638 Coisl.
1627 4583 1858 4653 primus.
1887 4581 2031 4638 Editi

511 4669 682 4704 νεται.

450 4669 682 4720 γινεται.

526 4723 640 4791 (59)
693 4722 1216 4778 Ἐπαισθάνεσθαι.
1274 4722 1356 4776 lta
1409 4721 1563 4777 Harl.
1606 4730 1660 4778 et
1710 4722 1853 4779 Med.
1889 4721 2033 4777 Editi

449 4792 863 4847 ἐπαισθάνεσθε.

523 4864 636 4927 (40)
687 4863 903 4934 ’Υμῶν.
939 4865 1031 4920 Sic
1060 4879 1193 4919 mss.
1229 4878 1346 4934 sex.
1377 4862 1521 4917 Editi
1554 4862 1730 4934 ἡμῶν.

523 4934 637 5005 (Η)
677 4931 894 5002 Σιωπᾷ.
948 4935 1097 4991 Editi
1144 4933 1377 5005 addunt;
1418 4934 1519 5003 μὲν
1576 4931 1709 5005 γάρ.
1774 4931 1881 4988 Sed
1930 4948 2030 5003 po-

447 5003 657 5063 strem'a
686 5008 880 5060 vocula
923 5007 1079 5062 abest
1110 5004 1178 5059 ab
1211 5003 1470 5059 omnibus
1502 5003 1667 5059 mss.‘
1925 5071 1959 5075 __
1985 5072 2003 5075 _v

522 5076 637 5147 (42)
681 5075 852 5142 Τέως.
889 5080 1015 5131 Haec
1044 5076 1238 5133 vocula
1269 5076 1457 5131 addita
1485 5090 1552 5130 ex
1589 5080 1714 5129 octo
1755 5088 1887 5128 mss.
1924 5071 2031 5127 lbi-

445 5149 573 5203 dem
606 5153 720 5201 tres
747 5148 1110 5204 vetustissimi
1141 5148 1241 5200 ὅσα
1270 5163 1355 5215 γε.

522 5217 637 5287 (45)
683 5218 780 5285 Τίς
818 5218 1127 5287 ὀξύτερον.
1160 5218 1238 5271 Ita
1270 5213 1388 5287 tres
1415 5214 1779 5287 vetustissimi
1810 5213 2030 5287 codices

450 5285 577 5343 cum
612 5288 737 5343 aliis
767 5285 1024 5358 quatuor.
1064 5286 1399 5343 Subauditur
1438 5286 1641 5350 ἱκανός,
1683 5285 1829 5353 quod
1859 5286 2031 5358 paulo

490 5367 576 5412 ost
608 5356 888 5429 sequitur:
926 5361 1015 5415 cui
1049 5360 1270 5428 quidem
1305 5373 1430 5411 cum
1470 5357 1656 5429 minus
1688 5356 2033 5429 attenderent

477 5424 888 5499 igbrariifcredo
916 5446 1013 5486 eos
1055 5424 1363 5499 scripsisse,
1392 5437 1452 5481 ut
1494 5435 1579 5482 est
1622 5427 1684 5499 in
1733 5426 1917 5488 editis,
1946 5424 2031 5488 τίς

448 5496 723 5569 ὀξύτερος.
765 5500 920 5565 Quod
953 5509 1134 5555 autem
1169 5495 1342 5567 paulo
1376 5498 1599 5569 postiait
1622 5495 2029 5569 Neocaesaream

451 5564 639 5623 multis
661 5569 772 5636 jam
794 5564 975 5624 ’malis
1009 5564 1445 5638 prmoc‘cupatam
1493 5568 1715 5638 fuisse,_
1736 5583 1847 5638 non
1877 5564 2027 5638 vide-

453 5645 544 5689 tur
577 5639 627 5691 id
654 5635 860 5709 proferri
892 5635 1057 5709 posse
1085 5639 1150 5693 ad
1170 5635 1384 5709 famem
1432 5638 1500 5693 de
1546 5654 1653 5707 qua
1683 5636 1925 5692 Basilius
1969 5635 2025 5688 in

457 5707 785 5779 praecedenti
842 5706 1097 5780 epistola.
1168 5706 1281 5763 ll’oc
1326 5709 1493 5764 enim'
1542 5706 1687 5763 malo
1745 5713 2030 5763 contactas

2135 1855 2242 1926 γὰρ
2289 1855 2451 1919 αὐτὸς
2493 1855 2711 1924 ἀμελῶς
2760 1855 2903 1925 ἔχειν
2939 1854 3033 1907 τοῦ
3070 1854 3261 1925 ἀνδρός
3301 1872 3444 1925 φημι
3472 1853 3721 1926 χρῆναι)’

2135 1946 2252 2000 ἀλλ’
2277 1946 2636 2017 ἀνθρωπίνως
2676 1945 3027 2015 συμϐουλεύω
3057 1946 3116 1998 τὸ
3146 1947 3387 2018 λυπηρὸν
3420 1946 3721 2016 διαφέρειν.

2148 2037 2299 2089 Ἐπεὶ
2329 2034 2429 2088 ὅσα
2478 2036 2542 2105 γέ
2589 2039 2736 2089 ἐστιν
2774 2038 2950 2089 εἰπεῖν
2987 2035 3454 2106 ἀποκλαιομένους
3490 2035 3584 2105 τὴν
3618 2035 3723 2106 ζη-

2138 2127 2301 2198 μίαν,
2354 2127 2476 2180 οὐδὲ
2525 2127 2627 2197 ἐμὲ
2677 2126 2839 2179 αὐτὸν
2881 2125 3185 2195 διαφεύγει.
3233 2128 3423 2196 Σιωπᾷ
3465 2124 3575 2196 (41)
3619 2125 3726 2195 μὲν

2134 2219 2367 2288 γλῶττα,
2399 2221 2661 2289 ποταμοῖς
2692 2218 2783 2270 ἴσα
2813 2216 2912 2281 τὰς
2944 2217 3113 2282 ἀκοὰς
3144 2217 3511 2282 ἐπικλύζουσα
3531 2234 3545 2248 ο
3579 2234 3723 2286 καρ-

2133 2310 2251 2373 δίας
2273 2310 2331 2363 δὲ
2370 2309 2553 2379 βάθος,
2573 2309 2750 2361 οὐδενὶ
2781 2308 2919 2372 τέως
2950 2309 3060 2380 (42)
3089 2308 3455 2380 καταληπτὸν,
3492 2308 3725 2378 ὀνείρων

2133 2401 2538 2472 ἀσθενέστερον,
2579 2401 2678 2454 ὅσα
2723 2417 2782 2470 γε
2818 2401 2952 2471 πρὸς
2984 2401 3325 2472 ἀνθρώπους,
3366 2400 3728 2470 διιπτάμενον

2132 2494 2360 2562 οἴχεται.
2392 2492 2485 2556 Τίς
2510 2492 2763 2564 ὀξύτερον
2792 2492 2903 2563 (45)
2931 2493 3139 2545 ἐκείνου
3171 2491 3486 2563 προϊδέσθαι
3505 2492 3565 2544 τὸ
3596 2490 3731 2561 μέλ-

2133 2582 2222 2636 λον
2249 2602 2262 2649 ;
2288 2583 2370 2645 τίς
2400 2584 2457 2635 ὲν
2484 2582 2625 2635 οὕτω
2660 2582 2904 2654 σταθερῷ
2938 2582 3032 2635 καὶ
3057 2582 3240 2651 παγίῳ
3272 2584 3371 2651 τῆς
3398 2581 3577 2651 ψυχῆς
3597 2580 3727 2649 ἣθει

2133 2675 2419 2746 ἀστραπῆς
2456 2675 2641 2744 τάχιον
2685 2676 2798 2738 τοῖς
2848 2675 3170 2743 πράγμασιν
3217 2671 3462 2725 ἐπελθεῖν
3502 2673 3726 2737 ίκανός;

2133 2762 2203 2818 Ὦ
2254 2767 2406 2830 πόλις
2446 2766 2660 2829 πολλοῖς
2714 2766 2813 2837 μὲν
2862 2766 2960 2837 ἤδη
3015 2764 3428 2836 προειλημμένη
3466 2764 3726 2828 πάθεσιν,

2134 2857 2223 2910 ὑπ’
2257 2857 2470 2921 οὐδενός
2510 2875 2575 2926 γε
2627 2858 2734 2928 μὴν
2780 2856 2953 2920 οῦτως
2995 2858 3076 2919 εἰς
3126 2857 3263 2910 αὑτά
3300 2856 3367 2910 τὰ
3399 2843 3587 2926 καίρια
3624 2855 3753 2909 τοῦ-

2136 2950 2251 3021 βίου
2285 2950 2656 3021 ζημιωθείσαῐ
2703 2949 2817 3002 Νῦν
2844 2949 3130 3021 ἁπήνθηκέ
3183 2966 3265 3002 σοι
3301 2949 3502 3019 κόσμος
3528 2948 3556 3000 ὁ
3590 2947 3733 3001 κάλ-

2133 3044 2351 3106 λιστοςο
2398 3042 2691 3112 Ἐκκλησία
2739 3041 2796 3094 δὲ
2841 3040 3076 3112 μέμυκε,
3124 3040 3219 3093 καὶ
3266 3037 3731 3110 σκυθρωπάζουσι

2138 3135 2493 3207 πανηγύρεις,
2520 3135 2613 3187 καὶ
2635 3133 2695 3186 τὸ
2723 3133 2863 3203 ἱερὸν
2884 3132 3155 3204 συνέδριον
3176 3132 3266 3185 τὸν
3289 3134 3586 3204 κορυφαῖον
3608 3133 3736 3186 ἐπι·-

2136 3228 2309 3291 ποθεῖ,
2334 3227 2482 3293 λόγοι
2508 3226 2565 3279 δὲ
2599 3225 2851 3296 μυστικο)¹
2898 3226 2989 3278 τὸν
3027 3223 3297 3295 ἐξηγητὴν
3339 3225 3732 3294 ἀναμένουσιν,

2135 3321 2184 3373 οἱ
2210 3318 2396 3383 παῖδες
2420 3319 2509 3372 τὸν
2544 3318 2775 3389 πατέρα,
2805 3317 2855 3369 oi
2883 3316 3187 3389 πρεσϐῦται
3217 3317 3306 3370 τὸν
3328 3315 3644 3387 ἡλικιώτην,
3672 3317 3734 3368 οἱ

2135 3415 2192 3465 ἐν
2214 3412 2357 3465 τέλει
2390 3412 2481 3464 τὸν
2510 3409 2757 3480 ἔξαρχον,
2785 3411 2813 3463 6
2846 3409 3018 3479 δῆμος
3049 3410 3140 3463 τὸν
3170 3409 3501 3480 προστάτην,
3525 3409 3574 3462 οί
3604 3408 3733 3479 βίου

2133 3506 2378 3576 δεόμενοι
2407 3504 2496 3557 τὸν
2522 3502 2726 3576 τροφέα
2746 3519 2759 3532 ⁸
2800 3502 2997 3564 πάντες
3023 3498 3188 3555 αὐτὸν
3218 3503 3282 3555 ὲκ
3309 3502 3419 3555 τῶν
3449 3502 3734 3556 οἰκειοτά-

2133 3616 2242 3651 των
2270 3597 2549 3667 ὀνομάτων
2599 3593 3051 3664 ἀνακαλούμενοι,
3095 3594 3188 3647 ἐπ).
3225 3594 3410 3665 οἰκείῳ
3441 3593 3605 3648 πάθει
3640 3596 3737 3647 οι-

2134 3694 2277 3744 κεῖον
2296 3690 2443 3760 αὐτῷ
2469 3690 2563 3742 καί
2588 3688 2932 3758 προσήκοντα
2953 3687 3183 3751 ἕκαστος
3207 3688 3296 3741 τὸν
3319 3687 3516 3758 θρῆνον
3542 3688 3737 3758 αἴρου-

2136 3798 2223 3835 σιν
2247 3780 2378 3852 (44).
2426 3778 2584 3831 Ἀλλὰ
2625 3779 2727 3830 ποῦ
2779 3795 2866 3848 μοι
2898 3780 2926 3831 6
2955 3778 3111 3846 λόγος
3141 3779 3230 3847 ὑφ’
3262 3778 3456 3849 ἡδονῆς
3490 3778 3598 3831 τῶν
3631 3778 3737 3831 δα-

2134 3871 2318 3942 κρύων
2345 3871 2671 3941 ὲκφὲρεταις
2696 3871 2809 3923 Οὐκ
2835 3869 3213 3939 ἀνανήψομεεη
3241 3872 3340 3941 οὐχ
3360 3869 3518 3940 ἡμῶν
3539 3870 3735 3925 αὐτῶν

2134 3961 2477 4032 γενησόμεθα
2499 3978 2512 4026 ;
2537 3961 2638 4013 οὐκ
2660 3959 3042 4030 ἁποϐλέῲομεν
3061 3961 3197 4031 πρὸς
3214 3961 3305 4013 τὸν
3331 3961 3509 4013 κοινὸν
3523 3962 3740 4015 Δεσπό-

2134 4074 2256 4127 την,
2284 4056 2362 4118 ὃς,
2393 4055 2621 4107 ἕκαστον
2648 4052 2757 4105 τῶν
2786 4052 2957 4120 ἁγίων
2997 4054 3063 4121 τῇ
3101 4052 3206 4121 ἰδίᾳ
3230 4052 3395 4122 γενεᾷ
3422 4051 3736 4121 ἐπιτρέψας

2135 4145 2604 4218 ὑπηρετήσασθαι,
2632 4147 2744 4208 τοῖς
2767 4144 3069 4215 καθήκουσι
3109 4142 3324 4213 χρόνοις
3359 4142 3495 4212 πρὸς
3528 4142 3736 4195 ἑαυτὸν

2135 4239 2296 4293 πάλιν
2332 4237 2698 4291 ἀνεκαλέσατο
2724 4254 2738 4300 ;
2769 4237 2882 4288 Νῦν
2915 4238 2971 4287 ἐν
2998 4234 3177 4304 καιρῷ
3216 4234 3328 4286 τῶν
3360 4233 3571 4286 ἐκείνου
3608 4249 3738 4300 φω-

2134 4333 2241 4386 νῶν
2274 4329 2659 4401 ὑπομνήσθητε
2684 4345 2697 4358 °
2725 4329 2783 4391 ὃς
2814 4327 3190 4399 ἐκκλησιάζων
3220 4326 3351 4395 ὑμῖν
3372 4327 3460 4379 ἀεὶ
3486 4324 3739 4377 διεστέλ-

2135 4424 2275 4487 λετο,
2310 4421 2595 4485 Βλέπετε,
2624 4420 2818 4489 λέγων,
2854 4419 2994 4485 τοὺς
3035 4422 3247 4483 κύνας,
3282 4416 3547 4482 βλέπετε
3579 4416 3739 4483 τοὺς

2144 4599 2254 4637 non
2286 4582 2457 4637 fuisse
2487 4578 2647 4635 Ponti
2685 4580 2938 4634 civitates
2973 4578 3304 4646 conjicimus
3344 4591 3412 4630 ex
3457 4575 3741 4645 Gregorio

2145 4652 2299 4720 Naz.,
2331 4653 2424 4723 qui
2470 4650 2669 4723 famem
2707 4665 2772 4723 eo
2809 4649 3114 4719 graviorem
3150 4647 3321 4723 fuisse
3366 4646 3523 4723 dicit,
3573 4649 3737 4715 quod

2142 4740 2251 4779 non
2287 4718 2510 4794 possint
2536 4718 2911 4794 Cappadoces,
2942 4725 3004 4772 ut
3040 4718 3636 4794 maritinttecivitates,
3673 4728 3746 4772 et.

2139 4810 2202 4847 ea
2230 4787 2431 4863 quibus
2465 4787 2748 4863 abundant
2776 4797 3088 4863 exportare,
3137 4797 3192 4843 et
3236 4788 3438 4863 quibus
3474 4787 3744 4863 indigent

2139 4859 2417 4919 invehere.
2461 4861 2706 4931 Respicit
2738 4876 2870 4929 ergo
2900 4860 3135 4931 Basilius
3187 4859 3252 4912 ad
3304 4860 3462 4931 illam_
3496 4859 3745 4931 potissi-

2141 4950 2289 4988 mum
2366 4928 2729 4987 calamitatem
2796 4928 2904 5000 qua
2959 4930 3369 4985 Neocaasaream
3423 4928 3746 4997 Gregorius

2140 5002 2420 5075 Nyssenus
2462 5018 2560 5058 sua
2610 5009 2769 5056 aetate
2806 4999 3065 5075 aﬂlictam
3103 5001 3275 5075 fuisse
3308 5006 3562 5075 testatur,
3595 5013 3740 5054 cum

2140 5069 2345 5143 ingenti
2376 5084 2533 5128 terrae
2553 5079 2705 5126 motu
2740 5071 2968 5125 miliﬂcia
2998 5072 3179 5143 omnia
3208 5079 3323 5123 tum
3358 5069 3578 5143 publica
3605 5076 3740 5143 tum

2140 5140 2355 5214 privata
2390 5144 2580 5214 ruinas
2613 5151 2927 5214 traxerunt,
2958 5156 3021 5195 ac
3052 5142 3231 5214 solum
3259 5140 3545 5214 templum.
3571 5142 3742 5206 quod

2141 5210 2168 5267 a
2197 5214 2462 5283 Gregorio
2492 5212 2821 5283 aediﬁcatum
2862 5211 3058 5275 fuerat,
3094 5212 3417 5283 illaesum_et
3448 5210 3738 5283 intactum

2139 5279 2466 5354 permansit,
2496 5282 2616 5354 (νὴ.
2638 5282 2700 5354 S.
2732 5280 2885 5354 (ἷξες.
2921 5279 3177 5354 tom._l_l_l,
3209 5296 3264 5349 p.
3298 5279 3418 5334 554.
3453 5279 3737 5354 Eumflem

2137 5350 2391 5409 eventum
2420 5353 2667 5409 referunt
2689 5353 2743 5405 in
2769 5350 3046 5406 Chronicis
3071 5351 3435 5422 Hieronymus
3465 5360 3519 5403 et
3549 5350 3745 5405 Theo-

2138 5426 2348 5495 phanes
2383 5425 2450 5479 ad
2480 5438 2681 5478 annum
2712 5423 2846 5495 βιι.

2210 5495 2322 5566 (44)
2355 5497 2662 5566 Αἵρουσιν.
2698 5492 2947 5566 Quatuor
2973 5507 3108 5566 mss.
3141 5490 3476 5566 recentiores
3506 5489 3732 5566 ἒρουσε.

2137 5560 2227 5621 Sic
2243 5560 2407 5622 etiam
2422 5560 2665 5623 secunda
2685 5579 2851 5618 manu
2872 5562 3045 5630 Harl.,
3061 5563 3159 5618 sed
3179 5562 3336 5617 initio
3355 5560 3623 5615 habuerat
3636 5560 3739 5610 ατ-

2136 5653 2305 5710 posci.
