3870 6218
159 262 269 319 509

1092 258 1579 317 EPISTULARUM
1616 257 1904 315 CLASSIS
1939 261 1981 315 l.
2021 259 2239 318 EPIST.
2279 261 2470 316 XXIX.

3322 267 3427 325 310

164 376 387 443 κακοὺς
420 373 693 445 ἐργάτας.
736 374 927 429 Πολλοὶ
955 376 1003 430 el
1048 376 1227 442 κύνες.
1272 378 1337 430 Τί
1372 377 1516 446 λέγω
1549 375 1747 440 κύνες;

1857 389 2068 445 semper
2098 376 2445 441 admonebat,
2494 375 2683 432 Cavete
2727 394 2903 440 canes,
2952 377 3223 450 inquiens,
3255 390 3429 435 cavete

162 471 335 524 Λύκοι
370 469 469 540 μὲν
496 465 589 523 οὗν
615 456 821 540 βαρεῖςζ
850 471 910 524 ἐν
942 471 1235 542 ἐπιφανείᾳ
1262 470 1550 541 προϐάτων
1574 470 1636 522 τὸ
1660 468 1748 522 δο-

164 558 324 631 λερὺύ
374 560 840 631 ὑποκρύπτοντες,
872 561 1148 632 πανταχοῦ
1186 563 1286 632 τῆς
1328 561 1651 631 οἰκουμένης
1691 560 1751 613 τὸ

164 653 406 724 Χριστοῦ
453 654 704 725 ποίμνιον
747 654 1067 707 διασπῶσιν.
1114 653 1223 717 Οὓς
1257 653 1556 722 φυλακτέον
1598 654 1749 723 ὑμῖν,

165 745 532 818 ἐγρηγορικοῦ
566 763 709 810 τινος
736 746 993 817 ποιμένος
1022 746 1331 817 ἐπιστασίᾳ.
1372 747 1468 797 Ὃν
1485 744 1751 816 ὑμέτερον

168 840 268 909 μὲν
295 840 538 909 αἰτῆσαι,
575 838 903 908 φιλονεικίας
930 838 1111 909 πάσης
1140 841 1233 893 καὶ
1266 838 1634 910 φιλοπρωτίας
1654 837 1751 901 τὰς

161 930 347 1001 ψυχὰς
386 929 819 1001 καθαρεύοντας,
867 929 963 982 τοῦ
1009 930 1216 1000 Κυρίου
1252 930 1309 983 δὲ.
1351 928 1657 992 ἀναδεῖξαι·
1693 928 1752 990 ὃς

161 1022 275 1076 ἀπὸ
315 1022 414 1075 τοῦ
465 1023 699 1093 μεγάλου
750 1022 1055 1093 προστάτου
1103 1022 1202 1092 τῆς
1225 1021 1550 1092 Ἑκκλησίας
1598 1019 1751 1091 ὑμῶν

161 1114 470 1187 Γρηγορίου
502 1116 662 1186 μέχρι
689 1116 781 1168 τοῦ
817 1116 1088 1187 μακαρίου
1118 1114 1331 1179 τούτου,
1362 1115 1520 1170 ἄλλον
1543 1115 1629 1167 ἐπ’
1654 1112 1751 1169 άλ-

161 1205 241 1278 λῳ
261 1207 377 1277 (45)
400 1207 716 1278 προστιθεὶς
747 1210 841 1261 καὶ
863 1206 1221 1279 συναρμόζων
1243 1208 1350 1270 ἀεὶ,
1381 1203 1490 1260 οἷον
1515 1206 1578 1259 ἕκ
1606 1223 1752 1268 τινος

159 1296 347 1369 ἀρμοῦ
373 1298 486 1369 (46)
525 1297 689 1351 λίθων
717 1298 1041 1364 πολυτελῶν,
1071 1298 1386 1368 θαυμαστὸν
1415 1292 1526 1352 οἷον
1552 1296 1752 1361 κάλλος

158 1388 610 1459 τῆςἘκκλησὶας
639 1390 791 1460 ὑμῶν
820 1390 1131 1460 ἐχαρίσατο.
1176 1390 1339 1442 Ὥστε
1374 1388 1493 1442 οὐδὲ
1522 1387 1629 1442 τῶν
1655 1390 1751 1457 ἐφ-

158 1479 293 1549 εξῆς
313 1480 698 1534 ἀπελπιστέον.
723 1478 960 1553 οἷδεγάρ
980 1480 1185 1552 Κύριος
1214 1482 1339 1545 τοὺς
1366 1480 1524 1545 ὄντας
1551 1480 1713 1534 αὑτοῦ
1732 1496 1748 1512 ο

159 1572 259 1624 καὶ
292 1572 497 1641 ἀγάγοι
527 1572 594 1626 ἂν
617 1575 697 1636 εἰς
722 1573 785 1627 τὸ
820 1572 983 1644 μέσον
1014 1574 1141 1636 τοὺς
1169 1574 1301 1641 παρ’
1325 1572 1482 1643 ήμῶν
1502 1571 1662 1643 τυχὸν
1689 1573 1749 1625 ού

159 1663 671 1734 προσδοκωμένους.

229 1841 288 1894 5.
318 1841 497 1895 Πάλαι
531 1859 599 1913 με
627 1841 854 1896 θέλοντα
874 1842 981 1895 τῶν
1006 1842 1181 1911 λόγων
1202 1842 1564 1913 παύσασθαιὴ
1587 1842 1746 1915 ὀδύνη

156 1932 259 2002 τῆς
297 1933 529 2002 καρδίας
571 1935 674 1987 οὐκ
715 1935 1036 2007 ἐπιτρέπει·
1091 1936 1206 1988 ἀλλ’
1252 1938 1575 2005 ἐπισκήπτω
1621 1937 1748 2006 ὑμῖν

156 2024 299 2096 πρὸς
326 2025 439 2078 τῶν
468 2027 752 2097 Πατέρων,
792 2028 926 2098 πρὸς
960 2028 1060 2097 τῆς
1107 2027 1275 2098 ὀρθῆς
1323 2028 1579 2092 πίστεως,
1612 2027 1750 2099 πρὸς

156 2119 254 2172 τοῦ
281 2119 560 2191 μακαρίου
593 2120 808 2185 τούτου,
839 2120 1190 2192 διαναστῆναι
1214 2121 1311 2193 τὴν
1330 2120 1527 2193 ψυχὴν,
1549 2124 1748 2175 οἰκεῖον

154 2211 395 2264 ἕκαστον
424 2211 621 2266 ἑαυτοῦ
647 2213 710 2266 τὸ
740 2214 1175 2284 σπουδαζόμενον
1205 2215 1486 2285 κρίναντα,
1522 2216 1616 2269 καὶ
1650 2218 1751 2286 τῆς

155 2305 244 2370 ἐφ’
276 2304 515 2376 ἑκάτερα
546 2303 655 2357 τῶν
701 2305 1041 2376 πραγμάτων
1091 2306 1369 2369 ἐκϐάσεως
1408 2306 1625 2377 πρῶτον
1653 2307 1751 2361 αύ-

153 2397 249 2451 τὸν
291 2396 633 2449 ἀπολαύσειν
672 2397 996 2466 ἡγούμενον,
1055 2397 1224 2469 μηδὲ,
1258 2398 1320 2452 τὸ
1370 2402 1484 2461 τοῖς
1538 2398 1751 2463 πολλοῖς

156 2488 487 2559 συμϐαῖνον,
520 2489 658 2560 πρὸς
691 2489 781 2541 τὸν
826 2489 1051 2560 πλησίον
1096 2491 1196 2562 τὴν
1244 2490 1353 2543 τῶν
1394 2490 1590 2544 κοινῶν
1629 2492 1752 2544 ἐπι-

160 2582 387 2650 μέλειαν
419 2580 757 2635 ἀπωθεῖσθαι
777 2600 789 2610 ·
820 2579 958 2643 εἶτα,
991 2584 1221 2637 ἑκάστου
1246 2586 1311 2654 τῇ
1349 2582 1515 2637 αὐτοῦ
1543 2583 1753 2655 διανοίᾳ

156 2672 270 2725 τῶν
305 2673 655 2743 πραγμάτων
680 2674 1091 2744 ὀλιγωροῦντος,
1124 2674 1308 2727 λαθεῖν
1347 2674 1594 2738 ἅπαντας
1622 2674 1752 2727 ἴδιον

157 2763 377 2825 ἑαυτοῖς
420 2763 589 2815 κακον
640 2762 728 2815 διὰ
781 2763 880 2833 τῆς
941 2762 1203 2833 ἀμελείας
1250 2763 1750 2833 ἐπισπασαμένους.

155 2853 202 2906 Τ
204 2854 346 2907 αὕτα
375 2855 487 2906 εἴτε
515 2854 591 2917 ὼς
615 2855 872 2922 γειτόνων
886 2854 1216 2924 συμπάθεια,
1239 2855 1349 2908 εἴτε
1379 2854 1455 2916 ὡς
1476 2854 1754 2925 ὁμοδοξού-

154 2963 297 2999 ντων
326 2946 588 2998 κοινωνία
616 2946 749 3015 (47),
773 2945 885 2999 εἴτε
915 2947 1030 3010 καὶ,
1057 2948 1193 3019 ὅπερ
1228 2948 1591 3019 ἀληθέστερόν
1613 2951 1751 3013 ἐστι,

152 3038 234 3108 τῷ
262 3040 369 3107 τῆς
407 3038 630 3108 ἀγάπης
679 3038 1017 3109 πειθομένων
1064 3038 1236 3110 νόμῳ,
1290 3040 1385 3092 καὶ
1427 3040 1518 3092 τὸν
1546 3042 1610 3093 ἐκ
1654 3039 1749 3094 τοῦ

156 3130 439 3201 σιωπῆσαι
474 3128 715 3182 κίνδυνον
747 3130 1125 3196 ἐκκλινάντων,
1161 3132 1300 3201 μετά
1328 3135 1507 3203 πάσης
1533 3134 1745 3201 εὐνοίας

149 3219 416 3284 δέξασθεο
446 3221 826 3291 πεπεισμένοι,
868 3223 948 3275 ὃτι
982 3223 1243 3294 καύχημα
1273 3224 1431 3296 ἡμῶν
1472 3227 1614 3290 ὲστε,
1648 3244 1748 3279 κα-

151 3309 333 3381 θάπερ
370 3312 468 3363 καὶ
496 3312 656 3380 ἡμεῖς
691 3311 844 3381 ὑμῶν
878 3315 960 3377 είς
992 3315 1090 3385 τὴν
1122 3315 1337 3385 ἡμέραν
1381 3317 1476 3369 τοῦ
1518 3318 1744 3390 Κυρίου,

152 3401 248 3452 καὶ
273 3401 358 3453 ὅτι
384 3401 450 3453 ἐκ
466 3401 559 3453 τοῦ
589 3401 949 3473 δοθησομένου
979 3405 1237 3476 ποιμένος
1261 3408 1389 3477 ὑμῖν
1414 3407 1557 3478 ἥέπὶ
1586 3409 1746 3463 πλέον

153 3489 231 3559 τῷ
261 3491 555 3562 συνδέσμῳ
575 3494 674 3563 τῆς
701 3494 921 3565 ἀγάπης
947 3497 1354 3569 ὲνωθησόμεθα,
1381 3500 1412 3571 ἢ
1445 3501 1580 3570 πρὸς
1613 3520 1747 3556 παν-

149 3581 281 3652 τελῆ
317 3582 635 3635 διάστασιν-
667 3584 695 3636 δ
740 3586 814 3656 μὴ
867 3587 1095 3655 γένοιτο,
1147 3590 1281 3660 μηδὲ
1331 3592 1482 3645 ἔσται
1534 3597 1599 3664 τῇ
1649 3594 1745 3647 τοῦ

150 3671 291 3724 Θεοῦ
331 3669 568 3742 χάριτι,⁸
588 3676 695 3727 οὐδ’
722 3676 788 3728 ἂν
838 3679 999 3741 αὐτὸς
1039 3679 1246 3750 εἴποιμι
1284 3680 1377 3734 νῦν
1429 3681 1747 3754 βλάσφημον

150 3764 327 3817 οὐδέν.
362 3764 536 3818 Τοῦτο
566 3766 622 3818 δὲ
658 3768 860 3821 εἰδέναι
900 3770 1044 3838 ὑμᾶς
1081 3770 1407 3843 βουλόμεθα,
1437 3775 1540 3838 ὅτι,
1573 3776 1620 3827 εί
1653 3778 1747 3829 καὶ

154 3858 292 3930 πρὸς
328 3858 432 3929 τὴν
466 3860 692 3932 εξρήνην
727 3861 833 3913 τῶν
849 3863 1181 3934 Ἐκκλησιῶν
1226 3869 1585 3938 συντρέχοντα
1615 3872 1746 3941 ἡμῖν

148 3952 253 4003 οὐκ
276 3951 517 4021 ἔσχομεν
550 3952 662 4023 (48)
703 3954 793 4005 τὸν
828 3954 1096 4025 μακάριον
1129 3956 1219 4010 διά
1265 3975 1437 4023 τινας,
1465 3960 1541 4023 ὡς
1584 3962 1746 4024 αὐτὸς

151 4045 286 4113 ἡμῖν
313 4044 707 4108 διεϐεϐαιοῦτο,
732 4046 1049 4117 προλήψεις,
1094 4049 1209 4102 ἀλλ’
1243 4046 1338 4104 οὖν
1374 4068 1439 4119 γε
1481 4054 1579 4123 τῆς
1610 4055 1747 4125 πρὸς

151 4136 314 4189 αὐτὸν
347 4136 659 4204 ὁμοδοξίας.
697 4138 793 4191 καὶ
836 4139 928 4192 τοῦ
967 4142 1054 4193 ἀεὶ
1087 4142 1339 4195 κοινωνὸν
1369 4144 1745 4198 ἐπικαλεῖσθαι

150 4225 263 4279 τῶν
294 4227 437 4296 πρὸς
474 4227 605 4289 τοὺς
637 4229 946 4299 αὶρετικοὺς
986 4230 1233 4299 ἀγώνων,
1267 4234 1372 4286 ὑπὸ
1402 4235 1637 4307 μάρτυρι
1669 4235 1746 4305 τῷ

151 4316 272 4388 Θεῷ
293 4319 393 4371 καὶ
423 4318 735 4389 ἀνθρώποις
766 4324 876 4386 τοῖς
906 4327 1331 4397 πεπειραμένοις
1363 4328 1518 4399 ἡμῶν
1555 4329 1744 4382 οὐδένα

150 4413 341 4482 καιρὸν
365 4412 672 4482 ἀπελείφθη
682 4431 800 4483 μεν.

697 4573 1047 4628 ΕΠΙΣΤΟΛΗ
1083 4574 1213 4629 ΚΘ’.

1850 469 2118 536 operarios
2168 470 2338 524 malos
2387 472 2450 524 ι’.
2501 471 2679 527 Canes
2721 486 2831 527 non
2881 472 3060 540 pauci.
3107 470 3248 539 Quid
3304 472 3429 528 dico

1852 560 2055 614 canes?
2081 559 2194 614 lmo
2227 575 2357 616 vero
2387 561 2498 632 lupi
2526 576 2741 633 graves,
2769 563 2863 633 qui
2892 564 2996 618 sub
3026 564 3211 618 ovium
3241 565 3427 634 specie

1851 650 2036 706 dolum
2060 662 2431 723 contegentes,
2458 656 2660 725 ubique
2688 664 2958 711 terrarum
2981 672 3198 729 gregem
3221 656 3431 715 Christi

1851 743 2119 799 divellunt
2147 763 2160 799 :
2192 745 2287 815 qui
2320 746 2474 800 vobis
2495 747 2704 802 vitandi
2725 757 2854 803 sunt
2874 750 3153 820 vigilantis
3187 750 3425 820 alicujus

1851 836 2090 904 pastoris
2122 836 2401 906 praesidio.
2430 834 2588 892 Hunc
2607 846 2849 894 vestrum
2873 840 3093 910 quidem
3115 848 3200 897 est
3220 851 3425 913 petere,

1851 926 2048 980 animis
2090 928 2162 982 ab
2199 929 2347 982 omni
2404 933 2756 987 contentione
2800 940 2962 1002 atque
3005 934 3306 990 ambitione
3340 951 3428 991 re-

1852 1018 2103 1088 purgatis
2128 1036 2141 1073 :
2172 1016 2387 1074 Domini
2416 1037 2564 1085 vero,
2600 1024 2913 1089 ostendere,
2943 1029 3083 1094 quia
3117 1041 3315 1096 magno
3336 1027 3431 1082 illo

1851 1106 2109 1166 Ecclesia:
2140 1120 2335 1167 vestrae
2366 1113 2506 1169 duce
2531 1113 2795 1184 Gregorio
2821 1132 2997 1187 usque
3023 1118 3088 1171 ad
3120 1117 3266 1174 hunc
3298 1119 3427 1173 beao

1850 1209 1989 1268 tum,
2028 1203 2259 1258 alterum
2292 1204 2346 1258 in
2382 1206 2610 1261 alterius
2649 1208 2829 1261 locum
2864 1208 3161 1271 snlliciens.
3194 1226 3431 1279 semper-

1851 1310 1958 1365 que
1990 1295 2280 1365 adaptans,
2317 1297 2467 1352 velut
2511 1313 2577 1352 ex
2616 1299 2854 1369 quadam
2901 1301 3266 1370 pretiosorum
3299 1302 3431 1370 lapi-

1851 1382 1980 1437 dum
2037 1385 2428 1449 commissura,
2478 1388 2676 1441 mirum
2735 1396 3120 1443 ornamentum
3172 1388 3432 1444 Ecclesia:

1851 1484 2047 1529 vestrae
2082 1474 2312 1544 largitus
2352 1483 2456 1531 est.
2504 1474 2688 1542 Quare
2725 1491 2825 1531 nec
2863 1476 2931 1531 de
2964 1480 3309 1532 successuris
3341 1478 3434 1532 de-

1852 1564 2185 1633 sperandum
2213 1573 2318 1620 est.
2351 1564 2512 1622 Novit
2547 1567 2694 1621 enim
2724 1582 2856 1623 suos
2896 1567 3183 1635 Dominus,
3217 1580 3273 1625 et
3303 1586 3425 1641 pro.

1854 1654 1999 1711 ferre
2047 1657 2102 1711 in
2161 1658 2400 1713 medium
2444 1666 2659 1728 potest,
2705 1674 2846 1730 quos
2898 1660 3133 1718 fortasse
3178 1678 3288 1718 non
3332 1679 3432 1719 ex-

1781 1725 1824 1779 B
1850 1755 2183 1818 spectamus.

1920 1839 1975 1894 5.
2024 1837 2239 1895 Dudum
2288 1856 2375 1897 me
2432 1842 2703 1899 volentem
2754 1846 2993 1901 sermoni
3045 1846 3205 1900 linem
3265 1846 3434 1917 impo-

1849 1945 1999 1995 nere,
2035 1931 2191 1986 dolor
2223 1933 2405 1987 cordis
2438 1949 2548 1990 non
2578 1934 2710 1990 sinit
2743 1955 2755 1990 :
2790 1936 2885 1991 sed
2924 1936 3171 1992 obtestor
3202 1951 3299 1990 vos
3334 1952 3431 2006 per

1849 2021 2063 2087 Patres,
2100 2040 2197 2095 per
2241 2034 2447 2081 rectam
2496 2026 2680 2092 (idem,
2716 2044 2814 2098 per
2843 2030 2992 2084 hunc
3035 2030 3277 2088 beatum.
3321 2029 3432 2083 eri-

1850 2115 1993 2186 gatis
2022 2117 2289 2184 animum,
2326 2120 2605 2189 proprium
2634 2121 2741 2176 sibi
2790 2122 3025 2191 quisque
3056 2120 3106 2174 id
3137 2121 3282 2190 quod
3313 2123 3428 2191 agi-

1851 2214 1941 2261 tur
1969 2207 2255 2274 ducentes,
2290 2219 2344 2266 et
2384 2228 2566 2267 rerum
2596 2214 2651 2267 in
2687 2221 2978 2283 utramque
3008 2222 3216 2283 partem
3246 2215 3429 2267 exitus

1850 2302 2150 2372 participes
2190 2319 2249 2358 se
2293 2304 2350 2358 in
2400 2304 2595 2375 primis
2632 2306 2749 2361 fore
2800 2306 3205 2368 existimantes,
3248 2307 3324 2359 ita
3370 2313 3430 2358 ut

1851 2409 2036 2448 rerum
2088 2398 2461 2451 communium
2495 2412 2684 2452 curam
2705 2437 2721 2462 ,
2756 2407 2814 2452 ut
2844 2397 3091 2467 plerique
3126 2397 3336 2462 solent,
3369 2397 3428 2452 in

1853 2491 2163 2559 proximum
2195 2506 2304 2546 non
2341 2491 2624 2561 rejiciatis,
2657 2507 2722 2546 ac
2762 2501 2952 2562 postea
2993 2506 3325 2561 unoquoque
3371 2490 3428 2544 in

1853 2582 2038 2637 animo
2068 2598 2169 2637 suo
2196 2598 2285 2638 res
2330 2583 2660 2653 negligente,
2707 2599 2900 2640 omnes
2941 2583 3177 2653 sibi'ipsi
3218 2598 3318 2653 per
3345 2584 3431 2638 in-

1852 2674 2063 2728 curiam
2114 2675 2394 2745 proprium
2430 2676 2635 2730 malum
2693 2676 3079 2746 imprudentes
3116 2684 3427 2731 accersant.

1854 2764 1982 2821 Haec
2025 2773 2209 2822 autem
2259 2768 2374 2823 sive
2409 2775 2468 2822 ut
2511 2768 2816 2823 vicinorum
2861 2767 3425 2828 commiserationem,

1855 2859 1973 2914 sive
2031 2867 2094 2913 ut
2165 2858 2308 2913 idem
2369 2859 2721 2914 sentientium
2777 2859 3257 2923 communionem,
3315 2858 3431 2914 sive

1853 2951 2041 3014 etiam,
2087 2949 2236 3019 quod
2284 2951 2475 3006 verius
2516 2959 2622 3015 est,
2666 2958 2726 3005 ut
2783 2952 3072 3006 charitatis
3117 2952 3220 3022 legi
3267 2952 3431 3007 obse—

1779 3072 1818 3127 ρ
1855 3043 2172 3111 quentium,
2242 3050 2302 3096 et
2350 3042 2653 3111 periculum
2729 3042 2933 3097 silentii
3002 3041 3427 3105 declinantium,

1852 3136 2154 3190 omnicum
2203 3136 2581 3192 benevolentia
2611 3136 2884 3206 excipite:
2936 3151 3259 3206 persuasum
3294 3136 3430 3192 illud

1851 3229 2115 3285 habentes
2148 3245 2246 3285 vos
2275 3245 2400 3286 esse
2449 3239 2697 3286 nostram
2727 3231 3115 3301 gloriationem
3158 3230 3429 3301 quemad-

1852 3322 2071 3376 modum
2099 3331 2154 3376 et
2184 3338 2284 3378 nos
2310 3331 2493 3378 vestra
2513 3324 2721 3378 erimus
2742 3323 2796 3377 in
2820 3322 3034 3377 Domini
3061 3323 3149 3378 die
3178 3343 3191 3378 :
3219 3340 3431 3393 nosque

1851 3423 2014 3484 prout
2059 3425 2248 3485 pastor
2284 3415 2441 3471 vobis
2479 3415 2718 3479 dabitur,
2755 3416 2842 3469 vel
2888 3416 3098 3471 arctius
3140 3416 3430 3472 cbaritatis

1850 3507 2071 3560 vinculo
2105 3507 2387 3563 vobiscum
2432 3523 2577 3562 esse
2603 3508 3037 3576 coniungendas,
3074 3507 3156 3561 vel
3200 3521 3430 3577 prorsus

1848 3598 2280 3669 disjungendos,
2348 3600 2491 3669 quod
2537 3599 2772 3669 “quidem
2849 3600 3028 3664 absit,
3088 3614 3264 3670 neque
3332 3599 3431 3655 Dei

1849 3692 2025 3759 gratia
2078 3691 2204 3754 ﬁet,
2260 3707 2434 3762 neque
2485 3708 2619 3747 sane
2668 3693 2786 3762 ipse
2837 3707 2983 3745 nunc
3041 3692 3429 3746 contumeliosi

1849 3782 2149 3852 quidquam
2179 3783 2436 3837 dixerim.
2473 3783 2587 3840 Hoc
2625 3795 2806 3839 autem
2841 3785 2984 3839 scire
3021 3798 3116 3838 vos
3146 3782 3425 3843 volumus.

1848 3874 1950 3929 etsi
1987 3874 2203 3929 beatum
2246 3875 2398 3929 illum
2433 3876 2501 3930 ad
2547 3875 2915 3932 Ecclesiarnm
2955 3890 3144 3946 pacem
3193 3890 3430 3930 concur-

1848 3975 2061 4021 rentem
2106 3983 2216 4022 non
2266 3968 2561 4023 habuimus
2609 3975 2830 4039 propter
2875 3968 3165 4038 quasdam,
3208 3975 3274 4022 ut
3310 3968 3428 4038 ipse

1848 4058 2010 4113 nobis
2037 4058 2347 4124 aﬂirmavit,
2379 4060 2706 4131 anticipatas
2740 4060 3059 4131 opiniones;
3103 4062 3197 4118 sed
3242 4070 3427 4117 tamen

1850 4148 1993 4203 idem
2020 4165 2147 4205 cum
2186 4151 2307 4220 ipso
2332 4152 2626 4218 sentiendi,
2656 4169 2891 4224 eumque
2930 4146 3146 4222 semper
3170 4155 3429 4209 certami-

1847 4257 1978 4295 num
2009 4244 2272 4300 adversus
2299 4245 2586 4301 haereticos
2607 4247 2924 4315 participem
2951 4246 3272 4312 advocandi,
3299 4263 3426 4312 nos,

1847 4331 1961 4387 Deo
1994 4342 2131 4389 teste
2158 4344 2213 4390 et
2239 4336 2557 4392 hominibus
2590 4337 2683 4408 qui
2717 4338 2895 4391 nostri
2935 4338 3240 4407 periculum
3275 4338 3421 4396 fece-

1774 4417 1820 4473 D
1848 4432 1997 4490 runt,
2023 4427 2233 4481 nullum
2267 4436 2484 4500 tempus
2521 4430 2905 4486 intermisisse.

2206 4583 2366 4655 109
2404 4583 2743 4640 EPISTOLA
2778 4585 2994 4641 xxnxa

152 4691 368 4744 Basilius
392 4691 667 4756 Ancyram)
687 4691 926 4803 signiﬁcat
956 4701 1201 4757 acceptum
1220 4708 1283 4747 ea:
1302 4701 1455 4747 morte
1476 4710 1644 4748 eorum
1664 4696 1879 4768 episcopi
1899 4698 2153 4770 dﬂtanasii
2169 4702 2406 4763 dolorem,
2427 4703 2565 4768 cujus
2585 4718 2775 4755 summa
2793 4706 2854 4756 de
2875 4704 3090 4757 ecclesiis
3110 4704 3283 4757 merita
3297 4718 3427 4768 prc—

737 4762 847 4803 ιεαι.
872 4757 1107 4803 Hortatur
1129 4763 1181 4803 ut
1202 4765 1415 4803 caveant.
1437 4771 1495 4803 ne
1519 4772 1691 4803 rursus
1716 4773 1768 4803 m
1784 4760 2011 4803 electione
2027 4763 2240 4803 θηται)ῃί
2262 4764 2593 4803 dignissimum
2602 4774 2861 4803 nnxrnnlnr

737 4757 847 4805 icat.
872 4757 1107 4806 Hortatur
1129 4763 1181 4807 ut
1202 4765 1415 4817 caveant,
1437 4771 1495 4809 ne
1519 4757 1700 4810 rursus
1716 4758 1768 4810 in
1784 4757 2011 4812 electione
2027 4760 2241 4827 episcopi
2262 4757 2877 4817 disse'nsionesnascanlur.

225 4861 304 4930 Τῇ
349 4860 690 4929 Ἐκκλησία
722 4862 1008 4931 Ἀγκύρας
1044 4864 1495 4933 παραμυθητική
1531 4864 1664 4937 (49).

219 4974 401 5027 Πολὺν
446 4975 581 5044 ἡμῖν
615 4972 806 5044 χρόνον
850 4974 1059 5047 σιωπὴν
1104 4976 1415 5047 ἐνεποίησεν
1456 4978 1490 5048 ἠ
1536 4977 1741 5051 ἔκπλη-

226 5131 269 5162 ¹¹
307 5128 554 5200 Philipp.
587 5145 648 5183 ιιι
674 5169 690 5194 ,
728 5130 783 5185 2.

154 5285 337 5409 ὦ)
393 5285 524 5338 Ἐπ’
558 5284 747 5348 ἄλλῳ.
782 5283 871 5340 Sic
895 5294 1021 5343 octo
1050 5287 1274 5344 codices
1304 5302 1441 5343 mss.
1481 5286 1626 5343 Editi
1656 5290 1743 5343 ἐπ’

221 5395 627 5502 ἷῖῶμᾊριέοῦε
662 5422 905 5502 _Sic_sex
956 5428 1284 5502 russuEditi
1325 5430 1519 5502 oppon.
1570 5428 1742 5486 Paulo

2158 4868 2409 4927 Ecclesia:
2455 4875 2682 4943 Ancyra?
2722 4873 3103 4929 consolatorie.

1916 4978 2245 5038 Diuturnum
2281 4986 2445 5041 nobis
2475 4985 2755 5042 silentium
2791 4987 3053 5057 imposuit
3099 4987 3267 5041 animi
3302 4994 3424 5043 stu-

1878 5292 2315 5363 ostulatsensus
2335 5300 2395 5347 ut
2418 5293 2632 5363 legatur
2672 5292 3084 5363 συμπάθειαν...
3113 5291 3421 5363 κοινωνίαν.

1887 5363 2021 5417 ditio
2065 5362 2443 5432 Haganoensis
2478 5361 2761 5418 consentit
2791 5379 2918 5419 cum
2949 5379 3083 5419 mss.
3114 5361 3420 5432 codicibus.

1911 5434 2022 5504 (48)
2058 5431 2181 5487 Οὐκ
2228 5433 2517 5503 ἔσχομεν.
2567 5436 2643 5486 Ita
2681 5449 2813 5490 mss.
2859 5444 3085 5504 septem.
3135 5431 3280 5486 Editi
3323 5432 3427 5487 οὐκ

154 5507 275 5563 post
300 5495 475 5574 editio
496 5495 831 5574 'Parisiensis
860 5498 1000 5574 mp’_
1019 5498 1195 5574 ὑμῶν,
1223 5495 1370 5556 Alia!
1387 5495 1656 5557 editiones
1686 5509 1741 5556 et

1857 5495 2082 5574 εἴχομεν.

154 5568 552 5639 ωςβᾷοοάίεεε
582 5572 793 5639 septem
821 5571 950 5639 παρ’
976 5568 1156 5639 ἡμῶν.

222 5634 337 5708 (47)
377 5635 790 5708 Συμπάθεια...
810 5634 1109 5708 κοῐνωῶἒία.
1143 5639 1236 5697 Sic
1266 5641 1464 5696 vetusti
1494 5640 1736 5704 codices,

158 5704 354 5765 melius
382 5704 552 5779 quam
598 5707 652 5761 in
692 5704 853 5762 editis
901 5708 1216 5782 συμπαθείᾳ
1246 5752 1282 5767 ..
1313 5710 1587 5783 κοινωνία.
1627 5710 1755 5768 Sed.

1912 5571 2021 5643 (49)
2060 5571 2541 5643 Παραμνθητική.
2572 5571 2699 5629 Hac
2723 5588 2828 5627 vox
2854 5573 3035 5629 addita
3072 5588 3135 5628 ex
3159 5588 3256 5630 sex
3284 5586 3430 5631 mss.

1912 5642 2116 5701 "Alias
2142 5642 2346 5709 LXVII,
2384 5644 2588 5714 scripta
2617 5659 2761 5700 anno
2781 5644 2885 5700 568
2940 5652 3192 5701 exeunte.
