3870 6218
165 260 260 317 313

714 405 1063 461 ΕΠΙΣΤΟΛΗ
1100 406 1180 462 Δ⁹.

1108 266 1600 326 εΡιετοιΑῐιυΜ
1637 267 1930 326 CLASSIS
1970 269 2009 327 I.
2050 269 2271 326 EPIST.
2309 270 2502 326 XXXI.

3321 282 3429 342 δη

2291 411 2451 481 uo
2481 409 2820 467 EPISTOLA
2858 411 3044 470 xxxi.

181 528 352 598 Pra’ter
370 525 811 598 ιηονιιοεᾼιίς-ηιερι
831 535 879 598 et
902 528 1111 592 negotia,
1134 528 1249 598 alia
1286 543 1448 585 causa!
1485 530 1725 598 Ilasilium
1748 545 2035 598 promouere
2061 530 2125 580 ad
2152 529 2406 598 Eusebium
2424 531 2690 596 proﬁcisci.
2717 536 2922 585 Matrem
2944 534 3124 598 amisit,
3149 535 3278 592 unde
3297 552 3430 592 mer—

226 588 1039 668 ﬁufufﬁtffﬁfl‘iﬁffc‘lffﬁftum,
1250 600 1322 668 est
1340 605 1483 665 quam
1510 593 1664 664 ipsius
1687 588 2119 668 corpori.mNarrat
2139 596 2312 644 electos
2333 588 2483 656 fuisse
2500 588 2709 660 Ancyra
2730 601 2776 647 et
2796 588 3135 653 Neocaesarea:
3152 588 3426 668 episcopos.

227 650 461 701 Precibus
484 650 681 701 Eusebii
694 658 942 715 acceptum
962 652 1128 716 refert,
1151 657 1280 717 quod
1305 650 1615 707 inimicorum
1635 650 1841 707 insidias
1863 652 2104 721 effugerit.

442 739 718 803 Εὐσεϐίῳ
744 739 1054 808 ἐπισκόπει)
1079 742 1465 812 Σαμοσάτων.

233 851 294 904 Εἰ
346 850 527 916 πάσας
588 853 787 924 ἐφεξῆς
830 855 1098 926 γράφοιμι
1154 856 1254 920 τὰς
1312 857 1492 922 αἰτίας
1537 859 1626 928 ὑφ’
1672 854 1747 913 ὧν

181 943 325 1013 μέχρι
369 943 465 997 τοῦ
519 945 783 1016 παρόντος
829 946 1184 1019 κατεσχέθην,
1216 949 1310 1002 καὶ
1355 950 1496 1004 πάνυ
1543 950 1750 1023 ὡρμη-

182 1038 324 1108 μένος
368 1040 505 1110 πρὸς
542 1041 642 1111 τὴν
687 1040 786 1113 σὴν
832 1040 1161 1108 θεοσέϐειαν,
1199 1045 1434 1116 ἱστορίας
1474 1048 1540 1101 ἂν
1576 1050 1749 1118 μῆκος

182 1129 463 1199 ὶπέραντον
520 1132 959 1204 ὲκπληρὼσαιμι.
1006 1135 1217 1200 Νόσους
1269 1139 1366 1209 μὲν
1416 1141 1747 1212 ἐπαλλήλους

181 1226 257 1278 καὶ
298 1224 568 1295 χειμῶνος
608 1228 900 1298 ἐπαχθειαν
925 1229 1061 1300 (58),
1090 1232 1183 1284 καὶ
1236 1234 1574 1301 πραγμάτων
1617 1251 1744 1287 συν-

182 1315 293 1384 »χὴν
318 1315 557 1386 παρίημι
582 1317 781 1387 λέγειν,
811 1319 1062 1391 γνώριμα
1090 1321 1218 1374 ὄντα
1244 1323 1337 1375 καὶ
1360 1320 1462 1393 ήδη
1494 1324 1749 1395 προδεδη-

181 1407 377 1475 λωμένα
408 1407 518 1476 (59)
549 1411 615 1479 τῇ
652 1410 946 1482 τελειότητί
979 1428 1092 1465 σου.
1122 1412 1235 1466 Νῦν
1257 1414 1314 1467 δὲ
1346 1416 1439 1467 καὶ
1482 1415 1547 1485 ἥν
1578 1415 1746 1487 μόνην

182 1492 306 1567 εἶχον
344 1498 439 1551 τοῦ
479 1498 596 1568 βίου
628 1501 981 1572 παραμυθίαν
1008 1502 1109 1574 τὴν
1144 1504 1375 1575 μητέρα,
1416 1506 1509 1559 καὶ
1543 1506 1747 1578 ταύτην

180 1588 446 1660 ἀφῃρέθην
474 1590 580 1644 ὑπὸ
610 1591 718 1644 τῶν
744 1593 1028 1666 ἁμαρτιῶν
1055 1613 1155 1665 μου
1183 1596 1315 1667 ((30).
1342 1598 1446 1650 Καὶ
1479 1598 1553 1670 μὴ
1581 1616 1749 1653 κατα-

189 1681 401 1754 τελάοῃς
427 1701 528 1753 μου
557 1683 633 1747 ὡς
662 1685 718 1737 ἐν
742 1685 914 1757 τούτῳ
943 1688 1042 1758 τῆς
1075 1687 1288 1758 ἡλικίας
1319 1689 1583 1761 ὀρφανίαν
1610 1691 1745 1744 ἀπο-

180 1773 459 1844 δδρομένου
479 1793 493 1805 ·
523 1775 658 1830 ἀλλὰ
692 1776 964 1847 σύγγνωθί
1010 1797 1100 1850 μοι
1141 1780 1318 1852 ψυχῆς
1349 1782 1624 1854 χωρισμὸν
1656 1784 1748 1837 ἀν-

182 1864 336 1930 εκτῶς
369 1864 446 1937 μὴ
471 1866 711 1938 φέροντι.
741 1863 809 1940 ἦς
838 1869 990 1923 οὐδὲν
1023 1871 1271 1937 ἀντάξιον
1318 1873 1375 1925 ὲν
1412 1875 1524 1938 τοῖς
1568 1872 1749 1928 λειπο-

184 1956 346 2026 μένοις
379 1958 515 2030 ὁρῶ.
558 1960 728 2014 Πάλιν
768 1956 862 2015 οὖν
899 1979 989 2033 μοι
1026 1963 1332 2036 ὑπέστρεψε
1365 1963 1436 2018 τὰ
1462 1966 1751 2037 ἀρρωστή-

182 2063 329 2117 ματα,
366 2050 464 2102 aui.
500 2051 662 2105 πάλιν
697 2053 789 2106 ἐπὶ
816 2053 1005 2127 κλίνης
1059 2056 1391 2128 κατάκειμαι
1422 2058 1517 2110 ἐπὶ
1547 2060 1748 2129 μικράς

181 2137 445 2201 παντελῶς
489 2139 592 2211 τῆς
638 2141 918 2213 δυνάμεως
957 2144 1199 2199 σαλεύων
1221 2186 1235 2208 .
1278 2147 1373 2200 καὶ
1434 2148 1593 2218 μόνον
1635 2148 1747 2219 (61)

182 2227 268 2280 οὐκ
297 2228 383 2299 ἐφ’
411 2230 650 2299 ἑκάστης
685 2231 834 2304 ὥρας
860 2234 919 2287 τὸ
946 2235 1240 2305 ἀναγκαῖον
1275 2237 1448 2309 πέρας
1476 2238 1576 2311 τῆς
1602 2239 1749 2311 ζωῆς

181 2315 536 2389 ἑκδεχόμενος.
561 2321 627 2372 Al
652 2320 710 2374 δὲ
727 2322 1043 2394 Ἐκκλησίαι
1074 2326 1258 2396 σχεδόν
1273 2344 1326 2379 τι
1353 2329 1750 2401 παραπλησίως

179 2407 249 2479 τῷ
279 2408 491 2481 σώματί
542 2429 643 2482 μου
677 2412 996 2480 διάκεινται,
1029 2416 1241 2488 ἀγαθῆς
1282 2418 1381 2490 μὲν
1418 2419 1632 2485 ἐλπίδος
1656 2423 1748 2476 οὐ·

180 2500 351 2572 ἂμιᾶς
389 2504 851 2578 ὑποφαινομένης,
899 2508 985 2562 ἀεὶ
1032 2510 1087 2563 δὲ
1140 2511 1275 2583 πρὸς
1320 2512 1381 2565 τὸ
1419 2515 1598 2585 χεῖρον
1636 2513 1746 2568 τῶν

180 2594 509 2662 πραγμάτων
536 2595 931 2667 ὑπορρεόντων.
967 2599 1081 2668 (62)
1114 2600 1263 2665 Τέως
1295 2600 1410 2672 δὲὴ
1443 2602 1749 2657 Νεοκαισά-

184 2696 290 2750 ρεια
339 2684 439 2737 καὶ
483 2686 519 2753 ἡ
571 2686 823 2758 ’Δτκυρα
875 2688 1060 2755 ἔδοξαν
1112 2689 1256 2762 ἔχειν
1310 2691 1588 2763 διαδόχους
1638 2693 1749 2747 τῶν

178 2772 529 2842 ἀπελθόντων,
570 2780 666 2833 καὶ
706 2782 866 2852 μέχρι
909 2783 1003 2836 τοῦ
1040 2782 1135 2837 νῦν
1180 2784 1562 2855 ἡσυχάζουσιν.
1611 2786 1749 2840 Ἀλλ’

177 2864 285 2918 οὐδὲ
318 2869 456 2938 ἡμῖν
494 2869 545 2922 οἰ
592 2871 1034 2936 ὲπιόουλεύοντες
1074 2873 1299 2945 ποιῆσαί
1336 2892 1390 2928 τι
1436 2874 1530 2928 τοῦ
1574 2875 1749 2947 θυμοῦ

176 2956 385 3030 καὶτῆς
425 2959 653 3029 πικρίας
688 2960 837 3027 ἄξιον
880 2963 1039 3034 μέχρι
1078 2962 1171 3016 τοῦ
1217 2964 1483 3036 παρόντος
1515 2981 1749 3036 συνεχω-

178 3044 433 3117 ρήθησαν.
472 3048 582 3102 Καὶ
611 3048 803 3104 τούτου
832 3052 932 3123 τὴν
958 3052 1139 3106 αἰτίαν
1169 3055 1290 3117 ταῖς
1319 3056 1440 3117 σαῖς
1465 3053 1606 3124 ὑπὲρ
1638 3054 1750 3107 τῶν

185 3135 521 3211 Ἐκκλησιῶν
551 3141 869 3212 πρεσϐείαις
900 3143 1183 3214 προδήλως
1209 3145 1371 3216 ἡμεῖς
1398 3145 1617 3200 ἀνατίθε
1626 3162 1746 3216 μεν.

178 3228 327 3284 Ὥστε
368 3232 451 3305 μὴ
493 3234 789 3306 ἀποκάμῃς
830 3236 1262 3307 προσευχόμενος
1296 3238 1434 3308 ὑπὲρ
1479 3236 1588 3291 τῶν
1623 3239 1748 3291 Ἐκ-

1775 754 1826 810 Δ

2150 740 2401 806 Eusebio,
2443 742 2686 811 episcopo
2715 740 3143 804 Samosatorum.

1924 851 1981 908 Si
2015 867 2209 909 omnes
2258 854 2454 910 ordine
2497 855 2799 911 scriberem
2847 873 3069 925 causas,
3125 863 3325 933 quibus
3371 865 3428 921 in

1847 945 1997 999 hunc
2050 960 2227 1013 usque
2276 944 2420 999 diem
2468 945 2729 1001 detentus
2775 962 2935 1013 sum,
2985 965 3301 1021 quanquam
3359 955 3427 1009 ad

1849 1042 1999 1090 tuam
2030 1035 2288 1105 pietatem
2319 1036 2597 1105 proﬁcisci
2649 1036 2876 1091 omnino
2915 1039 3199 1110 cupiebam
3221 1082 3235 1105 ,
3266 1042 3431 1098 histo-

1846 1127 1946 1181 ria
1983 1128 2179 1182 seriem
2232 1126 2505 1181 inﬁnitam
2547 1135 2909 1198 pertexerem.
2942 1129 3161 1186 Morbos
3207 1133 3427 1203 quidem

1849 1220 1990 1275 alios
2037 1220 2161 1275 aliis
2212 1219 2593 1282 succedentes,
2649 1219 2846 1274 hiemis
2890 1221 3221 1286 molestiam,
3267 1239 3433 1294 nego-

1849 1314 2050 1368 tiorum
2083 1312 2501 1367 continuitatem
2526 1313 2723 1368 omitto
2747 1312 2953 1377 dicere,
2987 1329 3111 1368 cum
3137 1322 3266 1370 nota
3293 1316 3423 1383 sint,

1845 1414 1900 1458 et
1930 1405 2044 1473 jam
2075 1404 2229 1475 prius
2254 1403 2492 1458 indicata
2518 1405 2848 1474 prastantia
2877 1412 3001 1459 tua.
3035 1403 3191 1461 Nunc
3220 1415 3425 1470 autem,

1846 1497 1993 1567 quod
2042 1497 2266 1551 unicum
2326 1497 2593 1551 habebam
2656 1496 2783 1553 vita
2846 1498 3142 1565 solatium,
3198 1507 3428 1553 matrem

1846 1590 2010 1645 etiam
2042 1589 2112 1643 ob
2139 1604 2258 1644 mea
2286 1598 2513 1659 peccata
2555 1591 2738 1645 amisi.
2772 1590 2881 1645 Nec
2909 1605 2995 1646 me
3024 1590 3301 1657 derideas,
3333 1591 3428 1657 qui

1846 1682 1902 1736 id
1929 1682 2108 1737 atatis
2139 1681 2353 1751 lugeam
2403 1683 2729 1747 orbitatem,
2762 1683 2858 1737 sed
2896 1683 3123 1753 ignosce
3151 1683 3307 1748 mihi,
3348 1698 3432 1738 se-

1846 1773 2185 1842 parationem
2217 1773 2413 1828 anima
2459 1775 2727 1843 patienter
2767 1790 2878 1828 non
2911 1773 3129 1837 ferenti,
3161 1774 3251 1828 cui
3293 1773 3431 1829 nihil

1847 1865 2280 1935 comparandum
2313 1865 2369 1919 in
2412 1866 2642 1935 reliquis
2678 1866 2839 1920 rebus
2873 1864 3051 1921 video.
3098 1863 3312 1921 Rursus
3339 1865 3433 1936 igi-

1849 1964 1940 2011 tur
1993 1956 2127 2010 mihi
2176 1957 2382 2013 reversi
2419 1965 2550 2013 sunt
2598 1958 2798 2021 morbi,
2844 1972 3154 2028 rursusque
3189 1959 3244 2012 in
3285 1959 3433 2014 lecto

1850 2045 2156 2111 decumbo,
2214 2047 2429 2117 exiguis
2481 2061 2708 2117 prorsus
2755 2048 2966 2102 viribus
3011 2046 3319 2111 ﬂuctuans,
3376 2056 3434 2104 et

1853 2145 2068 2192 tantum
2104 2154 2214 2193 non
2255 2137 2489 2209 singulis
2523 2139 2675 2194 horis
2703 2140 3083 2195 necessarium
3111 2140 3238 2195 vita
3269 2139 3431 2194 linem

1852 2239 2205 2302 exspectans.
2235 2230 2498 2288 Ecclesia
2526 2241 2708 2288 autem
2739 2247 2848 2286 non
2881 2232 2991 2286 alio
3021 2231 3135 2288 fere
3173 2229 3339 2285 modo
3367 2244 3434 2285 ac

1850 2337 2054 2392 corpus
2078 2339 2258 2378 meum
2287 2324 2495 2381 allecta
2538 2332 2691 2390 sunt,
2732 2325 2877 2403 bona
2903 2325 3121 2395 quidem
3153 2338 3250 2395 spe
3282 2322 3433 2378 nulla

1852 2414 2164 2485 aliulgente,
2200 2418 2364 2471 rebus
2406 2432 2537 2472 vero
2582 2432 2802 2487 semper
2842 2416 2899 2471 in
2945 2416 3193 2472 deterius
3239 2415 3431 2471 subla-

1853 2507 2132 2562 bentibus.
2169 2506 2390 2563 Interim
2428 2508 2779 2565 Neocasarea
2810 2516 2865 2564 et
2895 2509 3109 2581 Ancyra
3136 2509 3266 2564 visa
3305 2513 3435 2562 sunt

1849 2599 2057 2655 habere
2105 2581 2460 2656 successores
2509 2618 2697 2656 eorum
2740 2602 2834 2672 qui
2893 2602 3166 2666 obierunt,
3216 2608 3271 2656 et
3321 2600 3434 2655 huc

1852 2705 2027 2762 usque
2059 2692 2483 2760 conquiescunt.
2534 2692 2639 2747 Sed
2684 2709 2785 2748 nec
2826 2694 2916 2758 iis,
2961 2693 3055 2764 qui
3091 2693 3251 2749 nobis
3303 2693 3437 2748 insi-

1852 2784 2094 2850 diantur,
2125 2791 2186 2837 ut
2232 2784 2439 2854 aliquid
2472 2786 2757 2840 iracundia
2790 2801 2890 2841 sua
2931 2794 2986 2841 et
3017 2787 3320 2841 acerbitate
3348 2785 3435 2840 di-

1855 2886 2025 2940 gnum
2067 2871 2335 2936 facerent,
2379 2875 2648 2932 hactenus
2689 2891 3014 2932 concessum
3057 2884 3178 2944 est;
3223 2889 3437 2947 nosque

1851 2962 1975 3031 ejus
2004 2965 2086 3018 rei
2123 2979 2348 3020 causam
2380 2967 2492 3022 tuis
2534 2982 2635 3037 pro
2667 2967 2935 3025 Ecclesiis
2968 2968 3224 3041 precibus
3251 2969 3435 3038 palan

1854 3055 2171 3112 tribuimus.
2205 3057 2388 3122 Quare
2426 3074 2525 3128 pro
2561 3060 2828 3117 Ecclesiis
2871 3061 3149 3132 precando
3177 3070 3231 3117 et
3263 3060 3433 3115 Deum

1852 3148 2137 3204 exorando
2187 3166 2257 3205 ne
2294 3151 2614 3208 delasseris.
2666 3153 2742 3209 lis
2790 3154 2884 3224 qui
2929 3153 3081 3225 digni
3121 3153 3295 3215 luere,
3340 3150 3436 3221 qui

1854 3249 1963 3297 tua
1988 3245 2271 3299 sanctitati
2297 3246 2634 3312 ministrent,
2670 3247 2760 3303 die
2790 3249 3021 3303 salutem
3051 3248 3360 3319 plurimam.

173 3324 424 3396 κλησιῶν,
462 3330 562 3384 καὶ
605 3330 871 3386 δυσωπῶν
910 3331 1004 3385 τὸν
1046 3331 1180 3386 Θεόν
1219 3332 1354 3403 (65).
1396 3333 1535 3398 Τοὺς
1574 3333 2013 3403 καταξιωθέντας
2078 3338 2531 3411 ἐξυπηρετεῖσθαι
2587 3344 2653 3414 τῇ
2681 3342 2921 3413 όσιότητί
2984 3359 3076 3396 σου
3142 3339 3438 3412 πάμπολλα

173 3420 450 3491 πρόσειπε.

700 3514 1047 3568 ΕΠΙΣΤΟΛΗ
1081 3514 1186 3569 AA’

2348 3517 2680 3574 EPISTOLA
2718 3519 2949 3574 XXXI“.

174 3629 597 3699 Fames‘nondum
627 3631 797 3699 sedata
824 3630 1067 3699 Basiliam
1080 3631 1276 3699 detinet,
1303 3631 1561 3699 quominus
1597 3632 1850 3699 comitetur
1871 3633 2137 3699 Hypatium
2162 3631 2565 3699 coqsnguineum
2602 3636 2926 3699 suum.Hunc
2965 3647 3438 3699 sanarecomessum

224 3704 315 3741 non
337 3693 510 3757 fuerat
527 3691 608 3757 his
642 3692 728 3757 qui
749 3694 877 3743 dona
909 3693 1213 3757 curationum
1235 3691 1483 3757 habebant.

1516 3697 1833 3762 Quamobrem
1869 3694 1981 3747 eam
1999 3696 2299 3745 commendat
2331 3694 2553 3756 Eusebio,
2581 3704 2631 3746 ut
2654 3695 2727 3748 vel
2746 3698 2925 3761 fratres
2948 3694 3334 3762 religiosissimos
3354 3711 3438 3748 uc-

224 3753 397 3816 ccrsat,
417 3753 510 3818 qui
531 3753 581 3805 ei
597 3753 899 3815 medeantur,
921 3756 993 3807 vel
1018 3756 1177 3821 ipsum
1195 3758 1261 3806 ad
1284 3754 1395 3808 illos
1421 3753 1723 3809 cum'titteris
1743 3755 1916 3807 mittat.

367 3866 653 3932 Εὐσεὸἰφ
687 3864 799 3938 (64)
827 3866 1139 3934 ὲπισκόπῳ
1160 3868 1548 3938 Σαμοσάτων.

234 3974 400 4030 Οὔπω
420 3977 582 4048 ἡμᾶς
603 3977 632 4029 ὁ
662 3975 822 4047 λιμὸς
852 3976 1023 4047 ἀνῆκε
1043 3995 1055 4009 ·
1096 3976 1286 4049 διόπερ
1316 3977 1591 4046 ἀναγκαία
1623 3978 1757 4049 ἡμῖν

171 4065 308 4121 ἔστιν
338 4070 373 4140 ἠ
403 4070 507 4123 ἐπὶ
536 4070 640 4139 τῆς
666 4068 875 4132 πόλεως
921 4067 1186 4140 διαγωγὴ,
1221 4068 1256 4140 ἢ
1299 4067 1608 4139 οἰκονομίας
1641 4068 1754 4140 (65)

234 4226 346 4296 (58)
394 4226 789 4297 Ἔπάχθειαν.
820 4223 913 4282 Sic
958 4224 1172 4297 antiqui
1202 4240 1299 4281 sex
1339 4223 1583 4280 codices.
1616 4222 1762 4279 Editi

172 4296 493 4349 ὰπέγθειαν.

206 4314 493 4353 πεγηειαν.

238 4298 935 4439 ἓξὲξιῧὲοδεδηλωμένα.
973 4363 1100 4421 Hac
1129 4363 1468 4439 indicaverat
1502 4362 1560 4417 in
1596 4365 1760 4439 epist.

170 4434 231 4509 τι
248 4434 280 4492 V:
314 4434 528 4509 nem'pe
555 4434 1004 4509 prater'hiemem
1021 4446 1075 4509 et
1097 4436 1375 4509 morbum,
1399 4434 1577 4509 ipsam
1597 4435 1761 4509 etiam

169 4506 381 4575 famem,
418 4505 576 4579 qua—
590 4508 885 4579 plurimum
933 4508 983 4562 ei
1029 4506 1196 4561 dabat
1232 4505 1435 4576 negotii
1473 4505 1531 4559 in
1575 4505 1765 4560 suble-

167 4580 350 4650 Vandis
383 4578 760 4650 pauperibus.

231 4648 342 4718 (60)
384 4645 738 4720 ’Ἃμὶιρτιῶν
757 4664 898 4717 μου.
952 4645 1117 4703 Deest
1162 4646 1298 4703 illud
1345 4658 1648 4716 pronomen
1703 4645 1760 4700 in

166 4727 402 4790 quatuor
439 4734 597 4775 mss.

227 4790 338 4860 (61)
371 4791 603 4860 Mdv-mf
621 4788 754 4860 οὐκ.
782 4786 923 4860 Ττοε
949 4787 1167 4844 codices
1192 4786 1351 4858 μόνον
1378 4785 1518 4858 οὐχί.

230 4857 341 4929 (62)
374 4860 529 4914 Vide
564 4857 853 4929 Addenda.

229 4926 339 5002 (63)
388 4929 725 5002 Τὸνθεόν.
759 4926 886 4983 Post
914 4927 1013 4984 has
1052 4943 1217 4984 voces
1250 4927 1383 4984 editi
1410 4926 1618 4983 addunt
1648 4926 1764 4995 καί,

168 5001 303 5072 quod
331 5002 502 5055 deest
526 5001 879 5072 inusexnmss.

222 5072 340 5198 (ξι)
372 5070 696 5132 Εὑσεϐίῳ.
720 5068 980 5133 Quamvis
1002 5069 1222 5149 codices
1266 5083 1363 5122 sex
1391 5068 1629 5148 habeant
1658 5066 1765 5149 Ιᾷὺ-

301 5145 392 5198 νᾶ.
423 5144 546 5194 «tuo
593 5150 795 5198 autem,
844 5154 1037 5198 nempe
1080 5138 1378 5192 Vaticanus
1409 5145 1465 5193 et
1491 5139 1630 5193 allus
1680 5154 1765 5191 1n—

168 5138 392 5209 σεϐωνᾷ,
423 5144 546 5194 «tuo
593 5150 795 5209 autem,
844 5154 1037 5209 nempe
1080 5138 1378 5192 Vaticanus
1409 5145 1465 5193 et
1491 5138 1630 5193 alius
1680 5139 1766 5209 in-

166 5199 354 5283 signis.
380 5199 677 5265 Ecclesia
713 5199 1073 5283 Parisiensis,
1122 5209 1260 5283 πρὸς
1280 5209 1615 5283 ΔΕνῦσεᾷωνᾶν
1642 5207 1764 5283 επί-

168 5277 380 5347 σὶοπον,
431 5296 555 5335 non
597 5290 778 5333 tamen
812 5279 1132 5333 mutandum
1163 5277 1295 5334 duxi
1328 5277 1476 5348 quod
1509 5278 1567 5332 in
1602 5279 1763 5334 editis

168 5352 467 5421 legebatur.
532 5352 601 5404 In
652 5350 841 5404 codice
870 5350 1151 5413 Medicao,
1184 5349 1310 5421 Aqui
1341 5356 1427 5421 est
1454 5348 1763 5421 vetustissi-

168 5417 300 5485 mus,
330 5421 638 5479 recentior
667 5434 862 5475 manus
895 5421 1150 5489 apposuit
1181 5417 1315 5472 illud
1344 5417 1653 5489 Εὐσεὸωνᾷ.
1684 5417 1762 5472 Ex

168 5494 391 5548 aliorum
458 5502 666 5546 tamen
721 5488 983 5543 codicum
1025 5491 1351 5545 auctoritate
1406 5488 1629 5558 οοιῄὶοίς
1653 5503 1763 5542 non

170 5561 436 5633 immerito
472 5566 712 5633 posset,
759 5558 1051 5633 Eusebium
1097 5557 1541 5633 Samosatensem
1591 5557 1763 5633 Euse-

172 5631 356 5716 ῑιρηεω
390 5626 555 5716 ari“!
584 5629 1153 5716 §Ytaiﬁu°§dlcimﬂ
1173 5628 1469 5716 fuisse»
1512 5626 1766 5716 9911-93?

172 5699 309 5759 bium
344 5698 489 5778 quin
540 5698 649 5756 ad'
683 5699 837 5757 illum
891 5698 1099 5773 scripta
1125 5698 1291 5758 fuerit
1325 5698 1441 5756 hac
1499 5698 1763 5771 epistola;

2158 3864 2412 3926 Eusebio.
2445 3868 2690 3924 eaiscovo
2722 3863 3152 3923 Samosatorum.

1932 3976 2187 4033 Nondum
2229 3993 2332 4034 nos
2381 3978 2555 4034 fames
2584 3978 2845 4048 reliquit;
2893 3990 3232 4049 quapropter
3273 3979 3329 4034 in
3358 3980 3439 4034 ci-

1862 4070 2029 4126 vitate
2062 4084 2349 4126 remanere
2381 4085 2614 4126 necesse
2639 4070 2930 4135 habemus,
2955 4071 3044 4126 vel
3068 4070 3440 4142 dispensatio-

1868 4223 2140 4293 siquidem
2171 4222 2429 4287 Basilius,
2456 4232 2518 4279 ut
2548 4223 2603 4278 in
2641 4224 2939 4293 prioribus,
2969 4236 3195 4281 excusat
3218 4224 3439 4293 famem,

1868 4310 1969 4348 cur
1990 4295 2065 4364 ad
2101 4309 2225 4348 eum
2249 4310 2358 4349 non
2390 4296 2591 4350 veniat.
2625 4293 2684 4349 In
2714 4295 2962 4364 pluribus
2991 4297 3273 4352 codicibus
3302 4312 3438 4354 mss.

1871 4363 2167 4433 conjuncta
2198 4372 2281 4420 est
2303 4366 2536 4434 epistola
2556 4380 2680 4419 cum
2707 4363 2831 4419 aliis
2876 4366 2945 4419 ad
2975 4365 3267 4421 Eusebium
3303 4368 3444 4421 scri-

1869 4435 1980 4504 ptis
2025 4452 2039 4488 :
2091 4449 2210 4489 eam
2264 4444 2445 4490 autem
2495 4437 2741 4504 proxime
2777 4438 2831 4490 in
2872 4437 3126 4491 oumibus
3162 4438 3442 4491 codicibus

1871 4504 2118 4574 sequitur
2141 4505 2383 4578 epistola
2414 4504 2533 4578 I46,
2562 4521 2683 4575 qua
2728 4506 2991 4576 inscripta
3034 4513 3135 4578 est,
3156 4505 3233 4578 τῷ
3267 4506 3438 4578 αὐτῷ,

1869 4590 2066 4644 nempe
2105 4576 2282 4628 eidem
2329 4575 2649 4637 Eusebona,
2699 4575 2949 4644 quamvis
3011 4576 3078 4630 ad
3112 4575 3441 4630 Antiochum

1867 4643 2297 4700 Eusebii-fratris
2326 4657 2419 4700 aut
2452 4647 2660 4715 sororis
2694 4643 2859 4700 [ilium
2890 4649 3092 4715 scripta
3123 4648 3215 4701 sit.

1938 4715 2055 4787 (65)
2084 4716 2456 4785 Οἰκονομίας.
2506 4714 2562 4770 Id
2613 4723 2717 4777 est,
2767 4714 3137 4787 utpauperes
3163 4715 3438 4787 adiuvem,

1869 4786 1953 4840 vel
1984 4786 2174 4840 saltem
2209 4784 2741 4840 commiserationem
2777 4784 2887 4840 illis
2922 4784 3247 4855 impendam.
3288 4784 3443 4854 Sapo

1797 4873 1840 4928 ι)
1867 4855 2315 4928 βρυίίηΒθείΙὶιιιη
2358 4856 2637 4928 οίκρνομία
2674 4856 2881 4928 dicitur
2915 4856 2969 4910 id
3009 4856 3152 4925 quod
3185 4856 3441 4928 pauperi-

1868 4924 1970 4980 bus
2003 4926 2373 4981 distribuitur.
2413 4924 2699 4996 Vituperat
2749 4927 2802 4979 in
2846 4924 3150 4980 Comment.
3186 4924 3257 4979 in
3301 4925 3439 4990 lsa.,

1867 5011 1921 5065 p.
1955 4996 2081 5060 M8,
2114 4998 2376 5065 prasules
2430 4997 2523 5066 qui
2566 4999 2704 5066 male
2735 5004 2946 5066 partam
2980 4997 3263 5065 pecuniam
3291 4997 3438 5049 acci-

1865 5067 2024 5137 piunt
2066 5067 2151 5121 vel
2188 5066 2255 5121 ad
2319 5065 2461 5122 suos
2482 5081 2635 5137 usus,
2667 5065 2700 5137 ἦ
2729 5065 2821 5119 ἐπὶ
2844 5066 2988 5137 λόγῳ
3023 5066 3121 5137 τῆς
3148 5066 3266 5137 (τῶν
3294 5083 3442 5118 πτω-

1865 5135 2134 5219 χευόντων
2161 5138 2217 5219 εν
2255 5140 2322 5208 τῇ
2346 5136 2667 5219 ’Ἐκκλησία
2690 5135 3052 5219 οἰκονομίας,
3080 5135 3156 5219 ζει
3198 5153 3288 5217 per
3315 5152 3442 5219 cau-
3492 5199 3494 5201 ς

1866 5204 1982 5277 sam
2029 5204 2380 5261 distribueiidi
2427 5204 2744 5277 pauperibus
2778 5204 3052 5262 Ecclesia.
3094 5204 3153 5259 In
3206 5207 3439 5277 cpistola

1865 5276 1936 5330 92
1983 5277 2293 5331 Orientales
2338 5278 2480 5330 inter
2510 5279 2652 5330 mala
2691 5276 2948 5331 Ecclesia
2975 5277 3105 5329 illud
3151 5276 3312 5330 etiam
3344 5276 3440 5330 de—

1868 5347 2109 5419 plorant,
2146 5345 2292 5419 quod
2329 5345 2602 5419 ambitiosi
2648 5347 2908 5419 prasules
2942 5347 3252 5419 οἰκονομίας
3293 5362 3442 5398 πτω-

1869 5413 2003 5487 χῶν,
2035 5413 2281 5487 pecunias
2313 5413 2967 5485 pauperibus—destinatas
3019 5417 3075 5472 iu
3117 5413 3247 5473 suos
3308 5432 3442 5470 usus

2850 5546 2853 5549 .
3123 5492 3443 5544 convertant

1944 5560 1962 5579 ⁶
1984 5556 2134 5612 Alias
2164 5554 2278 5619 VII,
2305 5556 2505 5625 scripta
2547 5571 2692 5611 anno
2732 5556 2858 5619 369.

1947 5631 1983 5652 “
2010 5628 2159 5685 Alias
2185 5625 2482 5694 CCLXVII,
2530 5628 2730 5698 scripta
2761 5644 2903 5686 anno
2929 5627 3052 5684 369.
