3870 6218
397 259 510 314 315

1755 253 1814 311 S.
1855 251 2102 309 BASILII
2141 253 2358 310 MAGNI

3556 247 3662 304 3H3

401 379 488 436 nis
517 392 709 443 causa,
735 377 819 433 vel
843 377 1346 434 commiserationis
1383 377 1438 431 in
1463 375 1794 448 {amictatos
1823 371 1980 427 Unde

2092 373 2350 442 ἓνεκεν.ῆ
2403 367 2748 442 συμπαθείας
2791 366 2899 420 τῶν
2936 361 3286 438 θλιϐομένων.
3335 363 3495 419 Ὅθεν
3540 363 3663 417 οὐδὲ

401 484 472 524 ne
513 485 662 525 nunc
693 461 911 539 quidem
957 470 1107 540 potui
1156 471 1418 524 comitem
1463 484 1551 523 me
1594 467 1695 521 viae
1741 465 1980 535 praebere

403 562 798 616 colendissimo
838 559 994 616 fratri
1026 560 1282 632 Hypatio,
1314 575 1477 631 quem
1501 575 1611 614 non
1643 566 1852 613 tantum
1877 555 1980 610 ho-

403 652 558 706 noris
591 651 746 720 ιιι
780 665 948 704 causa
989 651 1212 706 fratrem
1251 653 1526 720 appellare
1578 665 1824 720 possum,
1869 647 1966 703 sed

408 751 637 813 propter
692 743 1000 796 naturalem
1049 757 1170 812 qua:
1215 743 1359 796 inter
1405 758 1508 796 nos
1545 741 1840 795 intercedit
1885 754 1980 794 ne-

405 833 794 889 cessitudinem
837 849 851 884 :
901 833 1294 904 consanguinei
1347 834 1492 888 enim
1556 849 1772 888 sumus.
1821 830 1978 897 Quali

403 925 500 980 ille
537 926 728 978 morbo
765 925 998 987 laboret,
1028 941 1205 993 neque
1237 935 1385 980 tuam
1419 925 1792 995 praastantiam
1821 923 1975 991 fugit.

407 1015 670 1070 Dolemus
705 1022 910 1078 autem,
957 1015 1102 1084 quod
1136 1017 1189 1068 in
1237 1031 1303 1070 eo
1353 1031 1480 1084 spes
1521 1015 1703 1069 omnis
1732 1015 1978 1070 abscissa

403 1107 478 1160 sit
525 1107 850 1172 levamenti,
907 1107 1349 1177 quandoquidem
1402 1107 1470 1161 iis
1521 1106 1616 1174 qui
1676 1105 1979 1161 sanationis

405 1201 550 1254 dona
597 1200 816 1265 habent,
849 1201 984 1254 nihil
1019 1201 1073 1254 in
1099 1201 1194 1255 illo
1221 1215 1412 1254 eorum
1448 1207 1570 1268 quae
1611 1200 1810 1262 solent,
1857 1215 1981 1270 ope-

405 1291 520 1344 rari
565 1306 888 1346 concessum
917 1298 1022 1346 est.
1057 1290 1329 1356 Quocirca
1373 1306 1564 1344 rursus
1595 1305 1818 1359 precum
1855 1297 1980 1342 tua-

404 1396 528 1436 rum
571 1382 834 1435 auxilium
867 1382 1145 1452 implorat.
1184 1381 1264 1436 Tu
1295 1390 1472 1436 autem
1507 1381 1723 1436 exorari
1753 1392 1804 1434 te
1837 1381 1978 1446 sine,

407 1480 468 1526 ut
514 1487 673 1542 opem
722 1473 938 1526 solitam
971 1487 1080 1526 non
1122 1472 1377 1542 deneges,
1409 1482 1520 1526 tum
1561 1473 1630 1526 ob
1665 1479 1816 1525 tuam
1851 1487 1979 1542 erga

400 1572 732 1635 aegrotantes
787 1565 1339 1628 commiserationcm,
1391 1573 1504 1618 tum
1559 1573 1746 1619 nostra
1787 1578 1976 1628 causa,

407 1657 500 1726 qui
526 1671 624 1726 pro
669 1669 735 1709 eo
780 1669 1108 1724 precamur:
1141 1664 1196 1710 et
1237 1658 1282 1711 si
1330 1655 1443 1711 ﬁeri
1500 1667 1718 1727 potest,
1779 1656 1979 1711 fratres

2087 463 2180 518 νῦν
2207 461 2479 534 ἠδυνήθην
2505 462 2830 526 κοινωνῆσαι
2862 459 2961 528 τῆς
2992 456 3113 510 ὁδοῦ
3145 454 3222 526 τῷ
3254 454 3666 525 αἱδεσιμωτάτῳ

2085 555 2299 626 ἀδελφῷ
2337 554 2580 625 ’Υπατίῳ
2605 551 2736 624 (66),
2761 551 2820 604 ὂν
2859 550 2959 603 οὐκ
2983 547 3112 604 αὐτὸ
3128 547 3190 618 δὴ
3210 547 3366 600 τοῦτο
3388 545 3665 616 εὐφημίας

2085 648 2270 701 ἕνεκεν
2321 645 2549 714 ἀδελφὸν
2596 645 2705 714 ἔχω
2748 639 3212 714 προσαγορεύειν,
3249 637 3386 692 ἀλλὰ
3432 636 3522 690 διὰ
3563 635 3664 706 τὴν
3714 646 3731 663 "

2085 738 2397 812 προσοῦσαν
2428 739 2558 808 ἡμῖν
2592 739 2656 790 ὲκ
2685 735 2900 804 φύσεως
2927 733 3261 802 οἰκειότηταο
3295 731 3525 802 αἵματος
3554 729 3664 801 γάρ
3721 779 3732 787 ,

2085 835 2250 904 ἐσμεν
2296 831 2390 886 τοῦ
2433 831 2620 884 αὐτοῦ.
2663 832 2759 891 Ὃς
2798 831 2961 881 ὁποῖά⁴
3013 828 3108 898 μὲν
3159 827 3376 896 κάμνει,
3407 823 3526 878 οὐδὲ
3561 825 3663 894 τὴν
3719 855 3725 860 -

2087 925 2187 996 σὴν
2225 921 2382 976 ἔλαθε
2414 921 2730 992 τιμιότηταο
2779 919 2940 972 λυπεῖ
2971 919 3028 972 δὲ
3061 919 3227 988 ἡμᾶς,
3257 920 3338 972 ὅτι
3377 919 3526 970 πᾶσα
3555 933 3664 970 πα-

2087 1013 2354 1086 ραμυθίας
2387 1011 2543 1075 ἐλπὶς
2569 1011 2654 1062 ἐπ’
2677 1008 2826 1080 αὐτῷ
2853 1008 3267 1079 περικέκοπται,
3295 1006 3405 1060 τῶν
3433 1006 3666 1074 ἑχόντων

2085 1107 2154 1160 τὰ
2185 1107 2283 1177 τῆς
2315 1104 2510 1166 ίασέως
2537 1102 2854 1174 χαρίσματα
2893 1100 3044 1153 οὐδὲν
3077 1101 3166 1152 ἐπ’
3199 1092 3502 1152 αὐτοῦ’τῶν
3536 1113 3664 1149 συν-

2085 1199 2230 1271 ήθων
2263 1197 2554 1268 ἐνεργῆσαι
2583 1193 3058 1264 συγχωρηθέντων.
3108 1190 3202 1243 Διὸ
3229 1189 3389 1242 πάλιν
3420 1187 3527 1241 τῶν
3553 1186 3666 1240 σῶν

2085 1289 2408 1364 προσευχῶν
2436 1287 2534 1358 τὴν
2568 1285 2817 1357 βοήθειαν
2847 1284 3203 1338 ἐπικαλεῖται.
3237 1283 3309 1336 Σὺ
3343 1280 3401 1333 δὲ
3439 1281 3505 1334 τὰ
3538 1296 3667 1332 συν-

2085 1386 2190 1457 ήθη
2225 1381 2545 1454 προστῆναι,
2573 1379 2668 1431 καὶ
2709 1377 2796 1430 διὰ
2832 1375 2930 1447 τὴν
2976 1373 3200 1429 σεαυτοῦ
3243 1373 3372 1445 περὶ
3414 1372 3540 1434 τοὺς
3565 1371 3668 1424 κά-

2088 1491 2320 1548 μνοντας
2347 1469 2768 1541 εύσπλαγχνίαν,
2797 1469 2888 1522 καὶ
2929 1467 2995 1520 δι’
3044 1467 3190 1536 ἡμᾶς
3226 1464 3354 1526 τοὺς
3390 1463 3530 1532 ὑπὲρ
3563 1462 3668 1515 αὑ-

2085 1566 2181 1621 τοῦ
2207 1562 2630 1637 πρεσϐεύοντας,
2655 1557 3035 1631 παρακλήθητι
3051 1573 3064 1587 ο
3103 1557 3216 1620 καὶ,
3249 1557 3298 1608 εἰ
3331 1555 3427 1626 μὲν
3452 1549 3562 1606 οἷόν
3583 1569 3665 1616 τε,

2087 1656 2224 1728 πρὸς
2275 1652 2467 1708 ἑαυτὸν
2526 1650 2872 1721 μεταστεῖλαι
2921 1649 3031 1720 (67)
3075 1648 3203 1712 τοὺς
3243 1646 3670 1710 εὑλαόεστάτους

402 1746 855 1816 religiosissimos
885 1746 953 1800 ad
1005 1748 1352 1816 temetipsum
1381 1763 1656 1812 accersas,
1689 1757 1748 1802 ut
1783 1748 1837 1801 in
1873 1749 1980 1802 tuis

2092 1747 2190 1801 τῶν
2213 1743 2476 1814 ἀδελφῶν.
2505 1741 2644 1796 ὥστε
2673 1741 2778 1794 ὑπὸ
2800 1743 2918 1804 ταῖς
2951 1743 3071 1804 σαῖς
3101 1739 3257 1808 ὕψεσι
3293 1737 3670 1809 προσαχθῆναι

405 1837 584 1906 ipsius
614 1840 792 1894 oculis
818 1840 868 1892 ei
909 1839 1118 1894 medela
1155 1840 1447 1906 all‘eratnr;
1485 1841 1570 1894 sin
1602 1839 1706 1893 hoc
1734 1840 1850 1894 fieri
1890 1856 1984 1893 ne-

407 1930 548 1998 quit,
580 1929 731 1983 illum
765 1945 890 1984 cum
925 1931 1124 1986 litteris
1148 1933 1426 1986 dimittere
1464 1940 1518 1986 et
1546 1931 1808 1987 fratribus
1838 1934 1979 1988 ultra

400 2023 874 2078 commorantibus
900 2023 1286 2078 commendare
1311 2023 1576 2090 digneris.
1601 2087 1611 2097 '

894 2152 1232 2208 EPISTOLA
1269 2153 1508 2210 XXXIV.

2085 1840 2234 1912 αὑτῷ
2275 1839 2372 1910 τὴν
2414 1835 2762 1907 ἐπιμέλειαν·
2807 1837 2855 1887 εἰ
2896 1833 2954 1887 δὲ
2999 1833 3158 1886 τοῦτο
3193 1831 3480 1892 ἀδύνατον,
3531 1831 3671 1900 μετὰ

2085 1931 2426 2003 γραμμάτων
2473 1927 2636 1982 αὐτὸν
2687 1924 3048 1998 προπέμψαι,
3100 1923 3196 1976 καὶ
3245 1921 3506 1992 συστῆσαι
3556 1924 3670 1984 τοῖς

2084 2019 2392 2094 ἔμπροσθεν
2420 2017 2774 2083 καταξίωσον.

2636 2145 2984 2200 ΕΠΙΣΤΟᾹΗ
3021 2146 3122 2198 ΛΒ⁹
3139 2190 3149 2200 .

403 2272 526 2322 Cum
553 2268 793 2334 cirsarins
818 2268 1028 2334 moriens
1049 2284 1140 2334 sua
1164 2269 1324 2334 omnia
1346 2269 1638 2334 pauperibus
1665 2270 1884 2334 legasset,
1912 2269 2179 2334 eiuspater
2200 2275 2246 2334 et
2281 2261 2694 2334 fra!er_qnidqnid
2714 2261 2954 2324 reliquum
2993 2260 3085 2334 [uit
3108 2262 3168 2334 de
3193 2259 3346 2334 ipsius
3367 2259 3529 2334 bonis,
3559 2271 3672 2334 qui;

465 2329 679 2396 expilata
705 2329 914 2396 fratrum,
940 2331 990 2380 id
1013 2330 1172 2396 statim
1195 2331 1245 2396 in
1281 2320 1574 2394 pnitpei-ibus
1597 2320 1972 2396 subigitandisrt
1998 2320 2622 2396 debitoribusabsoluendis
2638 2320 3040 2396 insumpserunt;
3066 2323 3149 2392 scd
3173 2320 3336 2396 postea
3364 2320 3673 2396 syrophaittte

465 2389 1038 2502 ﬁtiltf'progieyl'nnt._qui
1061 2389 1310 2502 pecum'énit
1331 2408 1361 2442 a
1381 2389 1435 2444 se
1463 2392 1733 2444 Cwsarium
1757 2393 2000 2455 acrepisse
2023 2392 2253 2444 dicerent.
2283 2391 2422 2442 Unde
2444 2389 2732 2450 Gregorium
2765 2389 3114 2436 molestissimis
3145 2389 3348 2447 negotiis
3369 2389 3673 2448 implicatum

511 2466 585 2502 ast
607 2465 681 2502 tus
745 2467 980 2502 oon-omo
1005 2467 1218 2502 commen
1255 2461 1314 2502 at.

511 2451 681 2502 asilias
705 2451 980 2516 Sophronia
1005 2451 1314 2506 commendat.

889 2561 1185 2631 Sophronia
1212 2565 1488 2634 magistro.

477 2673 528 2726 l.
556 2671 838 2743 Particcps
853 2686 938 2728 est
957 2677 1218 2746 temporis
1245 2687 1298 2731 ct
1331 2677 1439 2731 Deo
1461 2677 1854 2734 dilectissimus
1875 2679 1984 2734 fra-

405 2775 490 2818 ter
532 2771 726 2818 noster
775 2765 1074 2835 Gregorius
1113 2767 1426 2836 cpiscopus.
1463 2766 1619 2821 Dolet
1669 2769 1814 2822 enim
1854 2784 1979 2823 cum

405 2853 663 2909 omnibus
703 2861 757 2909 et
786 2855 904 2922 ipse
951 2857 1170 2925 injuriis
1219 2859 1525 2924 continuis,
1551 2860 1701 2914 velut
1731 2860 1980 2930 inexspe—

403 2947 568 3002 ctatis
615 2947 942 3016 quihusdam
985 2950 1158 3018 plagis
1199 2951 1507 3019 perculsus.
1557 2950 1693 3006 Nam
1731 2953 1981 3008 homines

2465 2557 2781 2628 ngsport'cp
2811 2557 3118 2627 μαγίστρῳ
3153 2555 3290 2626 (68).

2159 2678 2212 2732 1.
2247 2673 2532 2729 Ἀπολαύει
2563 2673 2655 2727 τοῦ
2692 2673 2885 2744 καιροῦ
2915 2673 3010 2726 καὶ
3037 2675 3065 2726 ὀ
3089 2672 3497 2742 θεοφιλέστατος
3512 2671 3672 2726 ἀδελ-

2087 2770 2186 2840 φὸς
2239 2768 2395 2840 ἡμῶν
2447 2767 2746 2838 Γρηγόριος
2797 2767 2826 2818 ὁ
2873 2764 3190 2827 ἐπίσκοπος.
3229 2763 3508 2818 Ὀδυνᾶται
3559 2763 3674 2836 γὰρ

2089 2861 2230 2932 μετὰ
2244 2860 2458 2913 πάντων
2483 2858 2578 2912 καὶ
2599 2857 2762 2920 αὐτὸς
2783 2858 2887 2927 iam}
2897 2873 2953 2926 ps
2963 2857 3068 2920 ίαις
3090 2855 3511 2925 ἀλλεπαλλήλοις
3535 2855 3671 2925 (69),

2086 2951 2271 3023 ὥσπερ
2300 2951 2411 3004 τισὶ
2436 2950 2667 3020 πληγαῖς
2701 2949 3130 3020 ἀπροσδοκήτοις
3159 2947 3516 3018 τυπτόμενος.
3545 2948 3679 3000 Ἀν-

407 3035 579 3091 Deum
615 3053 724 3092 non
759 3039 1037 3103 timentes,
1067 3041 1302 3097 fortasse
1333 3045 1496 3098 etiam
1523 3052 1578 3100 et
1605 3048 1980 3114 magnitudine

2092 3043 2295 3114 θρωποι
2323 3041 2432 3113 γὰρ
2459 3041 2532 3112 μὴ
2577 3040 2902 3111 φοϐούμενοι
2945 3039 3036 3092 τὸν
3083 3039 3214 3092 Θεὸν
3233 3078 3247 3101 ,
3270 3039 3411 3110 τάχα
3443 3055 3546 3092 που
3576 3039 3678 3092 καὶ

404 3129 677 3183 malorum
703 3131 901 3194 coacti,
929 3132 1235 3188 calumnias
1263 3133 1340 3187 illi
1371 3135 1612 3190 inferunt
1645 3152 1710 3192 eo
1737 3139 1980 3206 nomine,

406 3219 554 3286 quod
603 3217 875 3274 (Stesarius
921 3220 1182 3289 pecunias
1229 3222 1298 3276 ab
1345 3223 1477 3292 ipsis
1521 3227 1814 3296 acceperit.
1871 3226 1982 3282 Nec

405 3307 666 3362 damnum
701 3310 988 3364 molesutm
1019 3319 1140 3378 est;
1175 3311 1381 3368 dudum
1420 3314 1566 3369 enim
1597 3316 1789 3372 didicit
1817 3333 1984 3388 pecu-

406 3399 530 3453 nias
578 3407 958 3465 contemnere;
1003 3403 1094 3458 sed
1130 3405 1257 3474 quia
1310 3420 1434 3458 cum
1468 3407 1718 3476 exiguam
1757 3411 1984 3463 omnino

405 3499 616 3561 partem
675 3495 989 3563 acceperint
1045 3495 1192 3550 illius
1241 3497 1532 3558 bonorum,
1587 3513 1652 3552 co
1703 3500 1846 3569 quod
1895 3515 1982 3556 res

408 3582 584 3650 ipsius
619 3597 783 3651 penes
831 3599 1022 3640 servos
1070 3596 1254 3641 essent
1297 3603 1361 3642 ac
1391 3589 1640 3643 homines
1684 3593 1858 3645 servis
1898 3592 1984 3645 ni-

401 3670 522 3728 hilo
552 3673 732 3728 indole
784 3676 1058 3739 meliores,
1111 3679 1225 3747 qui,
1259 3679 1538 3734 liberrime
1589 3683 1982 3750 pretiosissima

407 3777 635 3832 queque
694 3768 900 3835 partiti,
954 3769 1285 3837 paucissima
1331 3773 1554 3825 omnino
1607 3773 1689 3828 eis
1735 3790 1982 3829 reserva-

408 3861 572 3920 runt;
602 3854 716 3908 haec
744 3856 820 3910 illi
851 3857 1232 3914 existimantes
1276 3860 1411 3913 nulli
1442 3862 1677 3914 obnoxia
1709 3877 1832 3917 esse
1863 3878 1982 3917 cre-

406 3945 592 4009 ditori,
638 3963 762 4001 mox
813 3949 864 4002 in
910 3965 1112 4020 egenos
1151 3951 1515 4022 insumpsere,
1557 3959 1670 4006 tum
1709 3953 1782 4008 ob
1825 3970 1979 4009 suam

405 4038 650 4108 ipsorum
698 4045 1142 4111 propensionem,
1199 4053 1314 4098 tum
1362 4046 1432 4099 οιι
1475 4045 1718 4100 defuncti
1764 4061 1976 4103 vocem.

406 4125 602 4184 Fertur
629 4132 774 4185 enim
803 4134 1010 4188 dixisse
1039 4137 1278 4190 moriens
1309 4157 1320 4192 :
1361 4136 1483 4191 Mea
1508 4140 1687 4192 omnia
1729 4139 1842 4192 volo
1869 4157 1982 4194 esse

401 4237 716 4290 pauperum.
761 4223 946 4292 Itaque
973 4234 1030 4277 ut
1065 4227 1174 4279 dati
1215 4243 1245 4280 a
1275 4229 1514 4284 Cmsario
1541 4229 1782 4282 mandati
1821 4231 1982 4283 mini-

405 4313 530 4375 stri,
579 4315 765 4367 statim
825 4316 938 4370 ltzec
989 4317 1382 4384 dispensarunt
1433 4321 1660 4375 utiliter.
1719 4320 1784 4374 Et
1829 4337 1978 4376 nunc

476 4474 494 4494 ‘
531 4473 683 4527 Alias
712 4471 995 4544 LXXXIV,
1029 4476 1232 4544 scripta
1270 4493 1414 4530 anno
1457 4477 1582 4532 569.

403 4549 744 4618 convertant.
769 4542 908 4618 Hinc
944 4545 998 4598 in
1029 4542 1250 4618 Regalis
1279 4546 1601 4618 fusioribns,
1632 4547 1898 4618 Intermg.
1922 4547 1977 4613 9,

401 4622 458 4665 et
507 4613 561 4666 in
609 4612 840 4687 epistola
892 4612 1142 4684 proxime
1193 4618 1439 4686 sequenti
1497 4617 1796 4687 οἰκονομεῖν
1837 4612 1980 4674 bona

309 4709 318 4718 -
402 4683 752 4752 pauperibus.

474 4751 585 4820 (66)
635 4751 910 4816 ⁹Υπατίφ.
950 4751 1041 4807 Sic
1071 4753 1224 4808 citati
1255 4771 1282 4808 a
1315 4754 1644 4812 Cotnbefisio
1672 4759 1892 4813 codices
1926 4765 1981 4814 et

402 4819 783 4898 [iarl._’et_alii_
795 4823 996 4898 plures.
1027 4823 1168 4898 Editi
1215 4826 1489 4898 Ὺπαθίῳ.
1507 4825 1679 4898 Pan_l_o
1701 4839 1821 4898 post
1846 4829 1982 4898 editi

399 4890 493 4965 δια
519 4891 618 4965 τὴν
650 4890 912 4965 ὑποῦσαν.
941 4890 1351 4962 Antiquissimi
1374 4890 1591 4951 codices
1609 4890 1782 4965 Harl.,
1808 4897 1977 4964 Med.,

399 4960 652 5015 Cnisl.'et
677 4962 769 5015 alii
798 4965 1046 5018 nonnulli
1079 4960 1139 5018 ut
1183 4966 1236 5019 in
1276 4973 1446 5019 textu.

469 5030 582 5108 (67)
613 5032 1027 5108 Μετᾳστεῖλαι.
1055 5033 1109 5088 in
1157 5035 1257 5108 hac
1287 5051 1419 5108 voce
1448 5044 1502 5090 et
1530 5035 1634 5090 alia
1669 5053 1789 5108 quae
1816 5038 1982 5108 paulo

398 5107 522 5183 post
545 5104 822 5169 occurrit,
856 5119 1050 5183 nempe
1081 5105 1424 5183 προπέμψαι,
1479 5123 1587 5160 non
1631 5104 1983 5183 consentiunt

398 5171 618 5250 codices
667 5171 1000 5250 mss.,_aliis'
1041 5171 1329 5250 accentum
1369 5177 1431 5250 in
1483 5179 1804 5246 penultima,
1853 5179 1982 5250 aliis

395 5243 1046 5315 in_antepenultﬁim_a,ut
1084 5246 1137 5298 in
1183 5243 1508 5314 imperativo
1553 5263 1650 5315 par
1712 5257 1798 5302 est
1841 5248 1981 5311 ﬁeri,

399 5309 746 5384 habentibus.
805 5311 913 5366 Sed
975 5309 1292 5384 imperativo
1343 5317 1420 5370 uti
1479 5309 1660 5372 minus
1716 5309 1984 5374 familiare

397 5375 606 5458 Hasilii,
629 5375 1072 5458 cumpraesertini
1091 5385 1381 5458 Eusebium
1397 5388 1788 5456 alloqueretur,
1808 5403 1970 5458 quem

398 5451 454 5500 in
477 5451 720 5514 parentis
754 5451 875 5506 luco
906 5455 1278 5508 reverebatur.

468 5516 580 5587 (68)
600 5522 1267 5592 ῨΣωρρονίῳμαγίστρῳ.
1302 5525 1522 5580 Addunt
1549 5527 1754 5592 Regius
1783 5543 1994 5582 secuti--

396 5586 501 5666 dus
521 5594 574 5639 et
593 5586 903 5667 fati—canus;
1036 5586 1349 5667 'I‘p'rﬁriptov
1390 5586 1710 5660 ἐπίσκοπον,
1745 5596 1985 5667 Gregorii

395 5659 622 5726 episcopi
666 5675 848 5714 causa.
887 5660 1044 5717 Initio
1083 5659 1328 5733 epistola:
1366 5667 1566 5722 habent
1595 5659 1788 5725 omnes
1829 5659 1984 5724 codi-

2088 3135 2192 3189 ὑπὸ
2227 3135 2320 3188 τοῦ
2362 3133 2626 3205 μεγέθους
2665 3132 2774 3184 τῶν
2818 3131 3004 3185 κακῶν
3058 3131 3390 3202 βιαζόμενοι,
3436 3131 3679 3201 ἐπηρεά-

2089 3226 2274 3292 ζουσιν
2317 3225 2486 3296 αὐτῷ,
2538 3225 2614 3289 ὡς
2656 3227 2912 3296 χρήματα
2963 3224 3268 3294 Καισαρίου
3321 3225 3448 3294 παρ’
3493 3221 3677 3276 αὐτῶν

2089 3321 2388 3392 είληςςότος.
2424 3319 2534 3373 Καὶ
2571 3321 2632 3372 οὐ
2666 3319 2727 3372 τὸ
2761 3318 2862 3388 τῆς
2903 3317 3104 3388 ζημίας
3151 3315 3286 3388 βαρύ
3311 3332 3324 3346 ’
3359 3316 3522 3369 πάλαι
3562 3313 3677 3388 γὰρ

2089 3412 2260 3484 ἔμαθε
2302 3411 2598 3483 χρημάτων
2635 3411 2944 3480 ὑπερορᾷνο
2989 3408 3228 3472 ἀλλ’ὅτι,
3273 3406 3446 3478 μικρὰ
3478 3423 3681 3460 παντε-

2087 3501 2196 3566 λῶς
2218 3502 2498 3572 δεξάμενοι
2525 3499 2630 3554 τῶν
2658 3501 2887 3562 ἐκείνου,
2919 3498 3008 3552 διὰ
3031 3498 3093 3550 τὸ
3121 3497 3213 3550 ἐπὶ
3239 3497 3478 3560 οἰκέταις
3507 3495 3678 3550 αὑτοῦ

2087 3593 2337 3662 γενέσθαι
2364 3594 2454 3648 τὸν
2484 3593 2597 3662 βίον
2624 3593 2718 3644 καὶ
2749 3590 3060 3662 ἀνθρώποις
3085 3589 3236 3642 οὐδὲν
3261 3589 3484 3642 οἰκετῶν
3523 3590 3679 3660 αἱρε-

2085 3687 2344 3756 τιυτέροις
2370 3687 2460 3738 τὸν
2513 3687 2743 3756 τρόπον,
2798 3685 2846 3736 οἱ
2908 3682 3049 3736 κατὰ
3105 3681 3306 3752 πολλὴν
3361 3681 3544 3734 ἄδειαν
3603 3681 3678 3735 τὰ

2088 3779 2340 3832 πλείστου
2395 3778 2520 3843 ἄξια
2573 3775 3020 3844 διανειμάμενοι,
3091 3773 3351 3843 ἐλάχιστα
3396 3771 3679 3838 παντελῶς

2089 3869 2378 3922 ἀπέσωσαν
2421 3867 2662 3929 τούτοις
2695 3864 2730 3918 ἃ
2757 3863 3068 3932 νομίζοντες
3101 3864 3212 3934 (70)
3235 3863 3420 3935 μηδενὶ
3449 3864 3678 3916 ὑποχεῖν

2087 3959 2232 4026 σθαι,
2263 3960 2424 4024 εὐθὺς
2457 3959 2738 4013 ἀνάλωσαν
2788 3960 2866 4020 εἰς
2919 3960 3045 4020 τοὺς
3090 3956 3398 4026 δεομένους,
3441 3957 3544 4009 καὶ
3575 3955 3670 4009 διὰ

2083 4051 2184 4122 τὴν
2207 4047 2413 4103 ἑαυτῶν
2438 4049 2773 4122 προαίρεσιν,
2805 4048 2898 4100 κα)⁵
2938 4047 3026 4100 διὰ
3057 4047 3152 4116 τὴν
3192 4047 3373 4117 φωνὴν
3409 4046 3502 4099 τοῦ
3545 4063 3679 4100 κατ-

2083 4141 2386 4212 οιχομένου.
2429 4141 2660 4210 Λέγεται
2705 4141 2812 4210 γὰρ
2854 4137 3012 4192 τοῦτο
3051 4141 3224 4191 εἰπεῖν
3269 4139 3674 4210 ἀποθνήσκων,

2085 4231 2166 4284 ὅτι
2220 4230 2294 4284 Τὰ
2340 4230 2450 4298 ἐμὰ
2475 4229 2669 4283 πάντα
2701 4231 3012 4296 ,βούλομαι
3045 4229 3319 4298 γενέσθαι
3349 4228 3466 4283 τῶν
3503 4243 3680 4282 πτω-

2084 4319 2229 4391 χῶν.
2257 4321 2343 4384 Ὠς
2366 4316 2458 4374 οὖν
2473 4321 2824 4392 διὰκονοιτῆς
2851 4321 3070 4402 ἐντολῆς
3093 4320 3186 4374 τοῦ
3217 4320 3511 4392 Καισαρὶου
3531 4321 3676 4391 (Ἠ)⁹

2011 4481 2055 4536 D
2083 4495 2177 4534 ces
2212 4481 2241 4532 ὀ
2263 4479 2583 4544 ἐπίσκοπος.
2620 4479 2924 4534 Habuimus
2960 4489 3144 4534 autem
3200 4488 3405 4548 septem
3439 4480 3490 4532 in
3526 4478 3678 4535 hanc

2083 4551 2395 4620 epistolam,
2426 4566 2623 4620 nempe
2645 4549 2816 4614 llarl.,
2843 4550 3007 4609 Med.,
3029 4549 3354 4610 Vat.,Coisl.
3374 4557 3678 4620 utrumque

2083 4627 2136 4674 et
2159 4619 2389 4690 Regium
2425 4619 2734 4690 utrumque.
2771 4620 2862 4674 Sic
2905 4621 3072 4674 etiam
3106 4621 3234 4674 editi
3284 4627 3482 4690 praeter
3535 4619 3680 4674 arti-

2082 4691 2288 4744 cnlum.
2320 4690 2427 4744 Sed
2457 4691 2558 4744 etsi
2597 4707 2805 4762 magna
2847 4691 3107 4762 codicum,
3144 4705 3279 4762 mss.
3332 4692 3676 4762 auctoritas,

2081 4769 2351 4830 quantum
2383 4768 2568 4815 tamen
2594 4760 2838 4815 illis‘boc
2865 4762 2985 4816 loco
3023 4760 3372 4815 tribuendum
3402 4760 3496 4826 sit,
3529 4775 3678 4815 exa-

2084 4831 2418 4884 minabimus
2443 4831 2498 4883 in
2535 4830 2656 4883 Vita
2677 4831 2890 4887 Basilii.

2153 4900 2264 4971 (69)
2317 4900 2856 4971 Ἀλλεπαλλήλοις.
2909 4899 3042 4970 Reg.
3097 4898 3378 4956 secundus
3404 4905 3458 4954 et
3494 4898 3676 4958 Coisl.

2080 4970 2354 5042 recentior
2388 4970 2731 5042 ἐπαλλήλοις.

2158 5040 2269 5110 (70)
2310 5039 2635 5106 Τούτοις-,ἂ
2662 5041 3024 5110 νομίζοντες.
3055 5041 3154 5095 His
3186 5039 3242 5094 in
3271 5039 3458 5094 verbis
3497 5045 3552 5093 et
3582 5055 3682 5096 se-

2085 5111 2380 5182 quentibus
2422 5126 2598 5179 nsque
2641 5110 2884 5182 adiista,
2932 5112 3025 5165 καὶ
3057 5111 3154 5166 νῦν
3187 5110 3677 5182 περιέστηκεᾷιζοτ

2087 5179 2239 5234 dices
2261 5196 2453 5236 omnes
2481 5196 2616 5236 mss.
2651 5181 2854 5235 habent
2883 5183 3150 5251 pluralem
3177 5179 3491 5235 numerum.
3519 5179 3678 5237 Editi

2087 5265 2274 5325 secum
2313 5259 2579 5325 pugnant,
2601 5251 2732 5325 dum
2757 5253 3020 5325 pluralem
3045 5265 3334 5325 munerum
3357 5258 3679 5325 sequuntur

2087 5321 2145 5392 in
2185 5320 2272 5374 his
2303 5318 2552 5392 vocibus,
2597 5318 3036 5392 διανειμάμενοι,
3067 5318 3154 5388 διᾶ
3175 5319 3274 5390 τὴν
3301 5318 3679 5392 ἐαυτῶνλπρο-

2088 5389 2322 5460 αἰρεσιν,
2371 5391 2704 5460 singularem
2736 5389 2868 5445 vero
2909 5392 2964 5445 in
2992 5391 3116 5446 istis
3161 5389 3355 5460 τούτῳ,
3406 5389 3676 5460 νομίζων,

2087 5459 2385 5520 ἀνάλωσεν,
2421 5459 2686 5524 διάκονος,
2716 5461 3056 5528 ᾠκονὸμησε.

2161 5529 2272 5599 (71)
2327 5515 2439 5584 Τοῦ
2484 5515 2834 5599 Καισᾶρίου.
2879 5515 3142 5596 Quamvis
3188 5545 3281 5584 sex
3319 5531 3540 5586 codices
3571 5528 3680 5582 ha-

2089 5600 2254 5654 beant
2282 5599 2376 5654 τοῦ
2402 5601 2632 5672 Κυρίου.
2670 5599 2822 5654 Harl.
2869 5602 2963 5654 τοῦ
2995 5601 3263 5672 Χριστοῦ,
3291 5601 3442 5656 nolui
3485 5607 3676 5672 tamen

2091 5679 2307 5726 mutare
2337 5669 2614 5742 vulgatam
2646 5672 2998 5742 scripturam.
3029 5670 3148 5726 Non
3179 5671 3324 5726 enim
3364 5672 3454 5727 hic
3490 5669 3679 5741 agitur
