3870 6218
189 262 293 318 ΞΠ

1091 270 1587 334 EPISTOLARUM
1620 236 1917 337 ‘CLASSIS
1957 279 1995 335 ι.
2040 280 2257 337 EPIST.
2298 282 2533 339 XXXIII.

3366 293 3464 349 M8

187 375 352 440 εὐθὺς
382 379 519 432 αύτα
545 392 903 453 ῳκονομησαν
929 389 1335 459 συμφερόντως.
1368 395 1479 447 Καὶ
1504 394 1601 449 νῦν
1628 414 1760 469 περι-

1886 396 2211 451 circumstat
2234 398 2535 454 Christiani
2567 401 2788 471 quidem
2821 382 3136 475 paupertas,
3171 408 3335 465 unius
3366 419 3467 465 au-

427 475 587 526 πενία
622 475 723 545 μὲν
754 476 864 547 (72)
894 479 1242 550 Χριπιανοῦ,
1272 485 1775 561 πολυπραγμοσύνη

186 560 242 612 ἑὲ
278 559 389 613 τῶν
436 562 709 633 ἀγοραίων
749 566 886 629 ἑνός.
926 567 1017 620 Διὸ
1060 570 1262 640 ἐπῆλθε
1296 577 1360 646 τῇ
1399 579 1574 631 πάντα
1616 559 1774 632 ὲπαιέ

187 654 317 743 νετῇῗ
347 669 444 704 σου
486 654 859 727 καλοκάγαθίᾳ
897 658 1162 731 δηλῶσαν
1210 665 1296 718 ἵνα
1335 669 1428 721 καὶ
1475 670 1569 723 τὸν
1604 672 1773 743 ἄνδρα

188 742 384 834 τιμῶν,
410 743 470 797 ὃν
504 747 570 799 ἐκ
594 748 822 803 παλαιοῦ
848 753 1157 822 γνωρίζεις,
1188 760 1282 811 καὶ
1328 759 1421 815 τὸν
1451 762 1655 834 Κύριον
1684 742 1771 819 δο-

188 830 363 896 ξάζων
397 836 489 889 τὸν
525 839 605 902 είς
639 842 831 894 ἑαυτὸν
873 844 1263 918 ἀναδεχόμενον
1304 852 1374 903 τά
1423 830 1776 921 τοῖς-δούλοις

187 922 351 975 αὐτοῦ
392 928 686 1017 γινόμενα,
726 934 820 985 καὶ
876 937 1022 1006 ἡμᾶς
1072 941 1249 1009 τιμῶν
1288 945 1413 1007 τοὺς
1462 944 1775 1017 ἐξαιρέτους

189 1016 438 1107 σεαυτοῦ,
469 1021 564 1073 καὶ
612 1022 897 1096 διαλεχθῇς
925 1028 1038 1099 (75)
1065 1031 1141 1101 τῷ
1186 1032 1385 1104 κόμητι
1415 1035 1522 1089 τῶν
1569 1016 1771 1107 θησαν·-

190 1105 297 1177 ρῶν
326 1110 456 1180 πρ).
487 1113 650 1166 αὐτοῦ
679 1117 747 1168 τὰ
767 1119 972 1182 εἰκότα,
1005 1123 1099 1175 καὶ
1130 1124 1331 1195 τρόπον
1359 1128 1674 1200 ὲπινοήσῃς,
1704 1134 1771 1203 τῇ

190 1199 399 1292 μεγάλῃ
432 1204 629 1257 σαυτοῦ
667 1207 899 1272 συνέσει,
932 1212 1253 1286 ἀπαλλαγῆς
1282 1216 1391 1270 τῶν
1433 1199 1773 1292 ἐφυϐρίστων

186 1287 392 1343 τούτων
419 1292 514 1345 καὶ
542 1294 832 1367 ἀφορήτων
856 1300 1152 1370 ὀχλήσεων.

252 1380 308 1434 2.
334 1382 562 1449 Πάντως
587 1386 644 1439 δὲ
667 1388 840 1453 οὐδεὶς
864 1391 1037 1455 οὓτως
1068 1394 1254 1462 ἀγνοεῖ
1281 1396 1373 1450 τὸν
1407 1396 1598 1468 ἄνδρα,
1626 1398 1767 1452 ὥστε

186 1474 311 1544 περὶ
335 1474 503 1527 αὐτοῦ
526 1493 577 1529 τι
601 1478 708 1536 τῶν
743 1480 1006 1551 ἀπρεπῶν
1038 1484 1327 1539 ὑπολαϐεῖν
1346 1527 1360 1551 ,
1390 1488 1466 1551 ὡς
1486 1490 1595 1559 ἄρα
1612 1528 1626 1552 ,
1659 1489 1769 1544 τῶν

185 1567 481 1636 χρημάτων
519 1571 929 1641 περιεχόμενος,
981 1577 1374 1648 σχηματίζεται
1416 1579 1484 1632 τὰ
1523 1582 1766 1639 τοιαῦτα.

188 1657 450 1725 Ἐγγύθεν
474 1660 583 1731 γὰρ
614 1662 714 1731 τῆς
744 1664 1183 1738 ἐλευθεριότητος
1216 1669 1380 1722 αὑτοῦ
1411 1672 1443 1741 ή
1477 1671 1766 1736 ἀπόδειξις.

1876 497 1985 542 tem
2031 505 2097 544 ex
2145 490 2461 547 forensibus
2514 494 2831 550 hominibus
2880 500 3224 569 negotiorum
3268 503 3459 558 moles.

1874 581 2221 652 Quapropter
2246 584 2302 637 in
2334 586 2581 638 animum
2623 586 2796 640 subiit
2826 588 2942 642 haec
2978 592 3160 644 omnia
3192 602 3297 647 tua:
3330 609 3464 647 om—

1874 674 2009 727 nino
2035 674 2300 729 laudabili
2339 675 2600 744 probitati
2634 676 2903 742 indicare,
2956 687 3017 733 ut
3051 694 3105 734 et
3150 682 3328 736 virum
3363 684 3463 737 ho-

1874 780 2102 826 norans,
2136 767 2232 836 qui
2263 766 2362 819 tibi
2386 765 2717 834 jampridem
2755 777 2919 823 notus
2947 776 3054 831 est,
3079 778 3135 823 et
3166 770 3467 826 Dominum

1872 855 2211 923 gloriﬁcans,
2236 856 2331 926 qui
2368 855 2423 908 in
2453 871 2511 911 se
2543 856 2776 927 suscipit
2800 874 2922 927 qua:
2955 859 3131 914 servis
3158 862 3274 916 suis
3299 862 3457 926 ﬁunt,

1871 957 1928 1000 et
1953 947 2218 1001 honorem
2245 947 2404 1021 nobis
2427 947 2662 1010 habens,
2689 949 2784 1018 qui
2811 950 3015 1005 eximio
3034 951 3272 1020 quodam
3297 953 3460 1008 modo

1873 1041 1953 1093 tui
2003 1055 2218 1106 sumus,
2268 1054 2393 1093 cum
2439 1054 2502 1095 ea
2537 1056 2658 1109 quae
2690 1042 3040 1107 convenient,
3091 1044 3159 1098 de
3191 1044 3297 1099 hoc
3338 1046 3458 1100 viro

1873 1131 2028 1186 dicas
2071 1131 2273 1186 Comiti
2306 1131 2717 1197 thesaurorum,
2765 1140 2882 1187 tum
2923 1141 3146 1190 modum
3181 1137 3458 1207 excogites

1873 1235 2085 1274 summa
2124 1221 2282 1289 112
2312 1227 2404 1273 tua
2454 1220 2767 1290 prudentia,
2822 1240 2933 1293 quo
2985 1226 3055 1279 ab
3098 1227 3223 1282 istis
3262 1238 3459 1287 contu-

1874 1312 2122 1367 meliosis
2147 1322 2200 1365 et
2235 1312 2599 1368 intolerandis
2639 1315 2911 1369 molestiis
2944 1316 3227 1372 liberetur.

1942 1400 1998 1454 2.
2052 1400 2289 1458 Omnino
2319 1413 2500 1460 autem
2544 1421 2706 1461 nemo
2757 1408 2934 1461 virum
2993 1410 3067 1462 ita
3119 1411 3353 1480 ignorat,
3388 1420 3456 1467 ut

1877 1494 2081 1565 aliquid
2105 1495 2171 1550 de
2187 1510 2254 1551 eo
2282 1499 2599 1567 suspicetur
2624 1498 2894 1558 indecori.
2920 1501 3077 1570 quasi
3102 1503 3456 1571 pecuniarum

1874 1601 2060 1641 amore
2091 1587 2208 1642 haec
2242 1589 2426 1659 lingat.
2462 1589 2558 1644 Est
2608 1592 2755 1645 enim
2799 1591 2853 1645 in
2905 1603 3159 1663 promptu
3215 1594 3460 1652 liberalis

1872 1680 2022 1733 illius
2075 1680 2244 1733 animi
2297 1682 2722 1735 demonstratio.
2775 1680 2931 1748 Quod
2982 1685 3128 1738 enim
3183 1686 3458 1756 reliquum

195 1748 395 1813 Ἡδέως
426 1750 706 1815 ἐξίσταται
740 1755 845 1810 τῶν
866 1757 1136 1827 λειψάνων
1163 1761 1262 1831 τῆς
1292 1763 1481 1826 οὐσίας
1505 1765 1668 1819 αὐτοῦ
1694 1765 1760 1836 τᾷ

1877 1772 2057 1826 estde
2088 1772 2310 1827 Caesarii
2358 1773 2540 1837 bonis,
2591 1774 2644 1828 id
2698 1776 2932 1830 libenter
2957 1776 3102 1831 cedit
3150 1748 3363 1841 tenari-0,
3398 1787 3459 1835 ut

184 1842 437 1910 ταμιείῳ·
458 1842 600 1896 ὥστε
624 1847 984 1919 ὑποδεχθῆναι
1009 1851 1106 1921 μὲν
1132 1853 1298 1906 αὑτοῦ
1322 1854 1422 1925 τὴν
1446 1856 1657 1921 οὐσίαν,
1680 1859 1769 1912 τὸν

183 1932 234 1985 δὲ
274 1937 580 2008 συνήγορον
620 1938 715 1992 τοῦ
755 1943 1002 2012 ταμιείου
1048 1944 1274 2013 λέγοντα
1307 1947 1418 2018 (74)
1464 1951 1602 2021 πρὸς
1645 1954 1771 2017 τοὺς

183 2025 608 2097 ἐπιφυομένους,
644 2033 740 2085 καὶ
782 2035 1031 2089 ἀπαιτεῖν
1075 2037 1175 2101 τάς
1209 2040 1544 2108 ἀποδείξεις,
1587 2044 1674 2098 διὰ
1708 2046 1770 2098 τὸ

185 2117 448 2189 ᾕμέτερον
473 2122 609 2194 πρὸς
640 2124 708 2177 τὰ
738 2126 962 2180 τοιαῦτα
996 2130 1387 2201 ἀνεπιτήδειον.
1419 2131 1636 2198 Ἔξεστι
1662 2136 1770 2208 γὰρ

182 2209 370 2278 μαθεῖν
398 2214 466 2283 τῇ
498 2214 794 2287 τελειότητι
829 2235 943 2280 σου,
975 2219 1056 2273 ὅτι
1076 2260 1090 2284 ,
1128 2222 1234 2285 ἕως
1263 2222 1392 2294 ἐξῆν
1423 2224 1534 2295 (75)
1553 2266 1566 2290 ,
1595 2214 1777 2290 οὐδεὶς

181 2299 418 2369 ἀπῆλθεν
442 2303 727 2374 ἀποτυχὼν
752 2299 824 2357 ὧν
847 2307 1116 2373 ἐϐούλετο,
1146 2311 1281 2365 ἀλλὰ
1310 2315 1373 2366 τὺ
1401 2315 1765 2386 ἐπιζητούμε-

182 2407 262 2443 νον
300 2393 538 2465 ἀπονητὶ
574 2397 804 2463 ἕκαστος
846 2402 1164 2471 ὲκομίσατω
1204 2404 1346 2458 ὥστε
1387 2408 1482 2460 καὶ
1525 2409 1766 2478 μεταμὲ-

178 2491 285 2571 tam
309 2488 426 2550 τοῖς
464 2489 677 2555 πολλοῖς
696 2533 708 2553 ,
736 2492 871 2547 διότι
901 2496 975 2566 μὴ
1010 2496 1170 2550 πλέον
1208 2497 1420 2569 ᾔτησαν
1452 2500 1544 2552 ἀπ’
1573 2501 1765 2571 ἀρχῆς·

178 2569 205 2625 ὃ
249 2579 343 2630 καὶ
385 2579 626 2648 μάλιστα
672 2582 900 2646 πολλοὺς
950 2587 1175 2656 ἐποίησε
1222 2591 1349 2653 τοὺς
1397 2591 1763 2661 ὲπηρεαστάς.

181 2670 318 2739 Πρὸς
349 2673 463 2742 γὰρ
481 2674 544 2726 τὸ
564 2673 670 2728 τῶν
698 2676 1079 2746 προλαϐόντων
1103 2680 1407 2751 ὑπόδειγμα
1429 2683 1764 2754 ἀφορῶντες,

175 2762 328 2826 ἄλλος
365 2765 530 2817 ἄλλον
559 2767 861 2839 διαδέχεται
887 2772 1258 2841 συκοφαντῶν.
1292 2775 1436 2845 Πρὸς
1475 2772 1567 2828 οὖν
1595 2776 1768 2830 ταῦτα

174 2854 346 2908 πάντα
364 2856 479 2926 (76)
505 2858 604 2927 τὴν
636 2860 736 2931 σὴν
758 2863 1063 2935 σεμνότητα
1086 2864 1515 2941 παρακαλοῦμεν
1548 2868 1763 2938 στῆναι,

173 2949 263 3000 διαὶ
316 2949 517 3022 ὥσπερ
564 2969 615 3004 τι
671 2953 849 3024 ῥεῦμα
903 2958 1147 3027 ἐπισχεῖν
1207 2959 1302 3011 καὶ
1348 2958 1603 3028 διακόψαι
1658 2960 1766 3013 τῶν

1871 1877 2005 1930 opes
2047 1862 2222 1932 ipsius
2262 1864 2375 1918 illic
2406 1865 2812 1929 custodiantur,
2844 1876 3109 1937 patronus
3147 1886 3278 1925 vero
3319 1887 3457 1926 atra-

1872 1953 1940 2006 rii
1998 1954 2328 2024 respondeat
2380 1956 2448 2010 iis
2479 1957 2570 2025 qui
2608 1956 2956 2023 adoriuntur,
3003 1968 3056 2013 et
3104 1962 3454 2031 probationes

1872 2047 2136 2115 requirat,
2170 2049 2298 2118 quia
2329 2064 2434 2104 nos
2470 2050 2740 2119 ejusmodi
2773 2053 2938 2107 rebus
2974 2054 3154 2109 idonei
3202 2072 3311 2110 non
3358 2073 3457 2112 su-

1871 2152 2014 2191 mus.
2062 2136 2284 2193 Discere
2316 2141 2461 2194 enim
2509 2149 2688 2209 potest
2718 2143 2980 2212 perfectio
3007 2152 3122 2210 tua,
3155 2147 3450 2212 neminem,

1870 2229 2127 2297 quamdiu
2180 2230 2359 2296 licuit,
2390 2232 2714 2289 discessisse
2747 2251 2856 2289 non
2902 2246 3210 2307 compotem
3260 2255 3452 2295 eorum

1870 2333 1990 2387 quae
2034 2320 2284 2383 volebat,
2331 2321 2425 2376 sed
2456 2323 2608 2377 nullo
2635 2339 2907 2394 quemque
2938 2328 3156 2397 negotio
3185 2344 3452 2387 consecu-

1871 2421 1985 2463 tum
2015 2426 2136 2465 esse
2178 2413 2325 2481 quod
2360 2415 2577 2483 petebat
2601 2457 2614 2481 ,
2648 2417 2722 2469 ita
2756 2425 2814 2469 ut
2845 2418 3048 2472 multos
3078 2420 3241 2474 etiam
3273 2423 3451 2491 pumi-

1870 2510 2042 2563 teret,
2070 2504 2219 2573 quod
2264 2520 2371 2558 non
2418 2506 2539 2576 plus
2593 2508 2660 2560 ab
2707 2509 2863 2562 initio
2894 2511 3207 2577 petiissent,
3243 2528 3306 2567 ex
3341 2531 3450 2584 quo

1869 2596 2034 2648 etiam
2058 2597 2294 2651 maxime
2315 2599 2498 2666 plures
2523 2598 2650 2652 facti
2686 2608 2815 2654 sunt
2838 2602 3283 2659 calumniatores.
3310 2604 3448 2660 Dum

1868 2685 2012 2738 enim
2038 2686 2104 2739 ad
2139 2687 2380 2756 priorum
2413 2692 2720 2758 exemplum
2749 2694 3071 2761 rcSpiciunt,
3103 2695 3268 2748 alium
3305 2697 3448 2753 alius

1869 2778 2073 2846 excipit
2106 2779 2465 2849 sycophanta.
2517 2779 2890 2837 Adhortamur
2937 2784 3101 2854 igitur
3126 2766 3446 2856 gravitatem

1870 2878 2038 2934 tuam,
2073 2879 2131 2923 ut
2160 2870 2243 2925 his
2273 2873 2530 2927 onmibus
2563 2873 2821 2940 obsistat,
2870 2877 3228 2948 cohibeatque
3250 2919 3264 2945 ,
3303 2880 3451 2936 velut

1868 2958 2130 3014 fluentum
2162 2962 2458 3031 quoddam,
2509 2979 2573 3017 ac
2621 2965 2912 3020 intercidat
2945 2969 3213 3023 malorum
3264 2971 3448 3024 contio

172 3040 356 3093 κακῶν
385 3043 492 3114 τὴν
532 3045 836 3115 συνέχειαν.
884 3045 1047 3112 Οἶδας
1085 3050 1141 3102 δὲ
1172 3050 1320 3112 ὅπως
1361 3050 1648 3122 βοηθήσεις
1688 3053 1760 3124 τῷ

1877 3054 2157 3109 nuitatcm.
2189 3053 2344 3109 Nosti
2377 3064 2557 3110 autem
2594 3057 2870 3127 quomodo
2900 3059 2976 3113 sis
3007 3058 3134 3114 huic
3164 3061 3242 3114 rci
3270 3075 3448 3116 reme-

171 3113 485 3201 πράγματι,
521 3113 768 3208 ὥστεῂμὴ
792 3139 1084 3209 ἀναμένειν
1113 3141 1241 3211 παρ’
1272 3113 1426 3211 ἡμων
1446 3113 1760 3213 ’διόαχθῆναι

1877 3148 2021 3201 dium
2069 3149 2357 3213 allaturus,
2410 3151 2483 3203 ita
2535 3158 2594 3204 ut
2630 3150 2852 3205 minime
2890 3160 3174 3221 exspectes
3224 3152 3353 3206 dum
3392 3162 3446 3208 te

167 3223 255 3275 τὸν
280 3227 517 3295 τρόπον·
538 3228 586 3282 οἳ
610 3229 677 3282 δι’
700 3231 954 3303 ἀπειρίαν
981 3234 1093 3301 (77)
1124 3234 1232 3288 τῶν
1252 3235 1347 3287 τοῦ
1374 3235 1486 3305 βίου
1512 3238 1760 3307 πραγμά-

1877 3242 2084 3294 modum
2116 3242 2445 3296 edoceamus
2472 3258 2484 3295 :
2519 3242 2610 3311 qui
2637 3257 2761 3294 cum
2798 3243 2970 3297 simus
3003 3243 3169 3313 hujus
3198 3243 3322 3298 vitae
3350 3260 3445 3298 ne-

168 3330 268 3369 των
303 3321 404 3372 καὶ
439 3320 575 3373 αὐτὸ
601 3321 760 3374 τοῦτο
796 3326 1120 3396 ἀγνοοῦμεν,
1158 3328 1275 3390 πῶς
1304 3328 1369 3381 ἂν
1401 3329 1611 3396 γένοιτο
1637 3333 1760 3401 ἡμῖν

1877 3333 2136 3400 gotiorum
2167 3333 2459 3401 inexperti,
2488 3333 2589 3386 hoc
2616 3332 2791 3401 ipsum
2818 3333 3152 3401 ignoramus,
3172 3334 3445 3404 quomodo

165 3411 261 3483 τῆς
312 3413 655 3485 ἀπαλλαγῆς
719 3422 918 3489 τυχεῖν.
986 3420 1095 3473 Καὶ
1154 3420 1458 3491 σύμϐουλος
1521 3419 1614 3476 οὖν
1672 3427 1760 3477 καὶ

1877 3425 1951 3478 liis
1980 3423 2199 3477 liberari
2226 3424 2521 3493 possimus.
2556 3423 2742 3493 Itaque
2766 3425 2842 3480 sis
2874 3426 2989 3495 ipse
3018 3433 3073 3480 et
3098 3427 3445 3483 consiliarius

164 3509 486 3580 προστάτης
512 3511 676 3574 αὐτὸς
696 3513 876 3580 γενοῦ,
898 3513 958 3565 τὸ
982 3509 1122 3576 εἶδος
1145 3515 1244 3585 τῇς
1273 3515 1526 3585 βοηθείας
1556 3516 1644 3570 διὰ
1665 3517 1760 3585 τῆς

1877 3523 1915 3568 ξι
1967 3524 2265 3584 patronus,
2313 3515 2500 3567 auxilii
2552 3531 2726 3584 genus
2770 3532 2981 3570 summa
3027 3527 3117 3571 tua
3157 3517 3444 3587 prudentia

166 3599 415 3671 μεγάλης
445 3601 676 3655 σεαυτοῦ
710 3605 1023 3675 φρονήσεως
1053 3604 1292 3677 ἐξευρών
1330 3606 1465 3675 (78).

711 3763 1055 3815 ΕΠΙΣΤΟΛΠ
1090 3763 1212 3817 AI".

1863 3607 2203 3676 excogitans.

2328 3759 2665 3815 EPISTOLA
2709 3758 2965 3814 XXXIII‘.

1162 3877 1305 3929 Idem
1327 3875 1552 3943 Gregorii
1571 3875 1812 3943 negotium
1836 3874 2053 3941 Aburgio
2072 3876 2391 3927 commendat.

743 3983 1048 4054 Ἀϐουρτίῳ
1061 3984 1193 4056 (79).

228 4097 339 4151 Καὶ
378 4100 478 4162 τίς
512 4098 657 4151 οὕτω
694 4098 930 4153 παλαιὰν
970 4101 1244 4171 ἑταιρείαν
1284 4096 1392 4153 οἶδε
1441 4103 1624 4172 τιμᾷν,
1668 4102 1761 4155 καὶ

158 4185 360 4260 ἀρετὴν
385 4187 694 4254 αἰδεῖσθαι,
731 4187 822 4242 καὶ
851 4189 1116 4259 κάμνουσι
1149 4190 1436 4259 συναλγεῖν
1454 4230 1469 4255 ,
1496 4191 1570 4256 ὡς
1600 4192 1760 4254 αὐτὸς

161 4368 223 4422 de
252 4369 374 4437 lege
407 4377 470 4423 et
514 4376 788 4437 praecepto
818 4368 1057 4427 Domini.
1087 4370 1181 4425 sed
1213 4371 1280 4425 de
1310 4380 1555 4425 extremo
1574 4369 1761 4425 Caesa-

160 4440 220 4492 rii
248 4416 549 4493 ηιξηάΜᾶ
583 4416 730 4493 Duars
762 4455 959 4495 causas
990 4440 1147 4493 affert
1186 4439 1443 4503 Basilius,
1479 4456 1580 4494 cur
1612 4443 1753 4495 bona
1795 4416 1837 4470 D

158 4509 380 4564 Caesarii
412 4511 611 4565 statim
635 4511 1020 4565 distribuerint
1049 4530 1062 4563 :
1098 4512 1271 4580 prima
1295 4520 1378 4566 est
1407 4527 1596 4566 eorum
1628 4528 1755 4580 pro-

156 4583 348 4649 pensio
385 4583 516 4635 sive
553 4580 797 4653 studium
839 4582 1095 4649 implendi
1123 4582 1194 4653 de
1222 4582 1567 4653 eleemosyna
1610 4596 1752 4651 prte-

158 4654 292 4720 eepti
323 4672 337 4706 :
367 4654 581 4711 altera,
621 4652 845 4705 Cresarii
882 4651 1168 4706 morientis
1196 4651 1750 4719 voluntas'extrema,

157 4728 239 4775 cui
272 4739 384 4778 non
423 4737 632 4792 parere
663 4724 817 4775 nefas
845 4723 1143 4777 duxerunt.
1190 4721 1361 4776 Nemo
1404 4732 1584 4777 autem
1644 4738 1751 4775 non

158 4795 318 4864 videt.
350 4807 533 4864 quam
572 4792 1012 4864 proclivefuerit
1044 4793 1285 4847 librariis
1320 4794 1373 4846 iu
1412 4793 1498 4847 bis
1530 4794 1756 4847 vocibus

158 4862 452 4931 Κυρίουέῑ
486 4862 799 4932 Καισαρίου
823 4863 938 4916 Iabi-
963 4871 1018 4918 et
1050 4878 1256 4916 errare.

221 4935 333 5005 (7'2)
365 4935 572 4989 Πενία
606 4933 746 5001 μέν.
789 4932 1076 5005 Medicazus
1123 4933 1292 4987 codex
1343 4933 1401 4985 ὲν
1441 4934 1601 5005 πενίᾳ
1634 4934 1751 5003 μέν.

159 5000 384 5059 ἔτἰιιιῄε
413 5007 741 5058 circumstat
775 5005 827 5055 in
857 5002 1151 5057 Christiani
1174 5013 1499 5072 paupertate,
1538 5000 1646 5057 etc.

221 5077 332 5139 (75}
364 5079 486 5131 Καὶ
524 5072 877 5142 διαλεχθῇς.
914 5073 1006 5127 Sic
1033 5074 1281 5128 codicum
1315 5089 1416 5142 ope
1441 5075 1757 5128 emendavi-

156 5161 271 5198 mus
298 5157 493 5201 totum
531 5147 685 5198 hunc
716 5147 913 5200 locum.
944 5144 1137 5214 quisic
1164 5144 1215 5195 in
1246 5145 1407 5197 editis
1438 5145 1750 5213 lugebatur:

158 5218 242 5268 ui
261 5216 659 5286 διαλεχθεὶς...
706 5214 802 5267 καὶ
826 5216 1025 5285 τρόπον
1050 5214 1347 5283 ἐπινοήσας
1383 5214 1482 5283 τῆς
1511 5215 1754 5285 μεγάλης

161 5287 314 5340 αὐταῦ
349 5288 663 5350 συνέσεως.

222 5360 334 5427 (74)
370 5359 681 5427 Λέγοντα.
708 5352 785 5427 Ita
814 5354 1042 5427 codices
1066 5371 1165 5427 ses
1228 5371 1389 5418 mss.,
1447 5355 1613 5409 editio
1643 5355 1753 5408 Ha-

162 5440 277 5496 μιν.
307 5425 363 5485 et
397 5430 592 5497 prima
618 5425 985 5497 Basilefnsis.
1003 5427 1134 5481 Alia:
1156 5425 1345 5494 λέγειν·
1364 5442 1450 5479 τε,

224 5500 336 5567 (75)
371 5493 544 5562 Ἕως
574 5494 749 5567 ἐξῆνἐ
791 5493 883 5549 Sic
918 5496 1079 5567 iidem
1122 5493 1238 5567 sex:
1279 5497 1500 5550 codices
1526 5534 1541 5557 ,
1585 5495 1755 5567 editio

166 5564 365 5643 flagitii.
398 5578 459 5624 et
489 5569 683 5643 _prima
721 5564 888 5643 Basil.
927 5566 1196 5643 corrupte
1225 5566 1552 5643 insecunda
1586 5565 1750 5643 Basil.

166 5635 264 5705 ῑωξ
287 5637 600 5713 eaqueea
631 5637 805 5713 multo
835 5635 1153 5713 mendosius
1176 5636 1446 5713 editiones
1475 5636 1755 5713 Parisien-

168 5724 246 5767 ωε
270 5705 513 5780 ἓωςέζη
550 5706 873 5778 Καισάριος,
900 5708 1150 5771 quamdiu
1186 5707 1311 5763 vixit
1336 5706 1622 5763 Cmarius.
1660 5705 1760 5763 Re-

2531 3983 2570 4035 A
2583 3982 2782 4052 burgio.

1889 4138 1896 4145 .
1937 4098 2003 4152 Et
2029 4097 2154 4168 quis
2200 4096 2274 4149 ita
2301 4102 2536 4150 veterem
2582 4095 2877 4149 amicitiam
2909 4096 3061 4149 novit
3089 4093 3359 4149 honorare
3387 4099 3441 4148 et

1863 4190 2118 4244 virtutem
2148 4189 2403 4254 revereri,
2429 4194 2628 4242 etcum
2657 4186 2874 4242 alllictis
2896 4185 3099 4251 dolere,
3129 4193 3186 4240 ut
3211 4193 3269 4240 tu
3292 4185 3443 4257 ipse?

1865 4375 2071 4439 pugnat
2108 4367 2225 4422 haec
2276 4368 2548 4439 scriptura
2595 4365 2879 4439 sentcntiae
2912 4364 3122 4420 Basilii.
3148 4363 3266 4418 Non
3288 4363 3441 4439 enim

1865 4437 1962 4494 hic'
1987 4439 2166 4508 agitur
2199 4439 2266 4508 de
2310 4439 2379 4492 iis
2420 4437 2580 4508 quia
2611 4437 3236 4508 Caesarioacceperant,
3278 4438 3442 4503 (quo-

1864 4506 2200 4563 modo—enim
2231 4507 2455 4563 Caesarii
2489 4507 2792 4560 liberalitas
2829 4506 3093 4576 plurimos
3123 4522 3188 4559 eo
3223 4512 3440 4559 mortuo

1864 4581 1930 4633 ad
1961 4579 2255 4649 petendum
2288 4576 2663 4646 excitasset?)
2717 4576 2810 4649 sed
2836 4578 3020 4649 potius
3059 4576 3127 4649 de
3168 4576 3236 4629 iis
3265 4590 3294 4627 a
3317 4579 3441 4643 qui-

1862 4646 1978 4704 bus
2018 4648 2291 4704 Caesarius
2343 4657 2534 4701 mutuo
2595 4647 2875 4715 accepisse
2931 4646 3250 4715 dicebatur;
3299 4659 3440 4715 quos

1863 4736 1986 4773 cum
2011 4718 2308 4788 Gregorius
2337 4718 2685 4788 absolvisset,
2708 4713 2970 4786 quamdiu
3000 4714 3264 4788 superfuit
3298 4713 3441 4788 unde
3532 4722 3543 4733 °

1864 4790 1917 4843 id
1938 4785 2192 4853 'I'aceret,
2230 4790 2378 4843 illius
2414 4785 2742 4857 simplicitas
2772 4801 2963 4840 ansam
2994 4786 3349 4857 sycophantis
3373 4785 3439 4838 ad

1864 4861 2121 4934 injuriam
2159 4860 2379 4934 _dedit.__
2800 4927 2814 4934 _
2838 4926 2873 4934 __
2901 4926 2931 4934 __
3343 4922 3378 4934 __
3405 4924 3415 4934 ,

1935 4931 2052 5002 (76)
2085 4929 2303 4983 Πάντα.
2336 4928 2486 4982 lianc
2522 4942 2725 5002 vocem
2749 4926 2935 5002 addidi
2966 4941 3033 5002 ex
3061 4939 3314 5002 sex__ms_s.
3343 4922 3443 5002 lhi-

1863 4994 1985 5055 dem
2025 4994 2135 5054 duo
2171 5003 2393 5054 codices
2438 4997 2804 5069 antiquissimi
2842 4997 3011 5050 Coisl.
3059 5005 3113 5050 et
3146 4995 3303 5049 Med.
3340 4994 3440 5064 τὴν

1865 5072 1962 5141 σὴν
1988 5088 2043 5142 σε
2053 5070 2438 5142 μνοπρέπειαν.

1936 5132 2155 5209 (77)’Δι’
2186 5132 2482 5209 ἂπειρίαν.
2528 5137 2605 5209 Ita
2648 5146 2760 5192 tres
2807 5132 3165 5209 vetustissimi
3218 5133 3438 5189 codices

1862 5207 1987 5265 cum
2020 5207 2141 5264 aliis
2163 5211 2401 5265 duobus.
2426 5208 2566 5262 Editi
2590 5208 2655 5260 δι’
2678 5207 2930 5276 ἀπορίαν.

1935 5282 2045 5351 (78)
2098 5279 2403 5347 Έξευρών.
2435 5279 2526 5332 Sic
2559 5278 2719 5340 Med.,
2757 5272 2929 5331 Coisl.
2967 5276 3179 5345 primus
3200 5281 3253 5329 et
3278 5272 3434 5328 Harl.

1863 5352 2006 5405 Editi
2044 5351 2449 5421 ὲξευρίσκωνμ
2867 5416 2878 5421 ,
2950 5416 2961 5421 _
3028 5416 3039 5421 _
3122 5420 3125 5421 ,

1935 5422 2046 5493 (79)
2085 5414 2410 5493 ίᾼϐουργίφ.
2436 5420 2514 5493 Ita
2547 5426 2659 5471 tres
2686 5416 3040 5493 vetustissimi
3074 5414 3292 5493 codices
3309 5427 3433 5493 eum

1864 5482 2079 5547 duobus
2108 5482 2313 5559 Regiis,
2344 5482 2511 5542 Coisl.
2555 5488 2798 5559 secundo
2834 5486 3095 5559 ctBigOt.
3131 5484 3294 5559 Solus
3329 5482 3436 5559 Va—_

1862 5565 2081 5616 ticanus
2122 5553 2245 5613 «ειιῖη
2273 5561 2436 5614 editis
2478 5558 2792 5628 Ἀϐουρτίῳ,
2827 5557 2921 5626 qui
2955 5553 3136 5612 tamen
3159 5554 3331 5612 codex
3365 5553 3435 5609 ad

1864 5636 2030 5704 epist;
2043 5635 2078 5704 ,1
2091 5632 2158 5685 95
2182 5628 2706 5704 habetfefiovetie-

1936 5707 1955 5725 ⁹
1991 5702 2143 5758 Alias
2172 5699 2485 5761 CCCLV'III.
2518 5696 2721 5763 scripta
2750 5714 2894 5754 anno
2926 5696 3046 5755 569.
