3870 6218
411 252 528 312 519
1797 250 1855 307 S.
1881 250 2131 307 BASlLll
2169 249 2386 306 MAGNI
3581 244 3684 301 τεο

416 370 557 428 Cum
605 370 774 443 igitur
832 371 944 428 Deo
995 373 1418 429 dilectissimum
1474 372 1701 429 fratrem
1753 384 1977 430 nostrum

2110 373 2209 439 σύ;
2266 373 2422 426 Ἐπεὶ
2473 366 2568 425 οὖν
2623 370 2714 423 τὸν
2769 368 3181 438 θεοφιλέστατον
3244 366 3475 436 ἀδελφὸν
3523 365 3685 438 ἡμῶν

416 461 740 535 Gregorium
769 464 1092 534 episcopum
1124 466 1345 537 negotia
1374 465 1868 537 apprehenderint,
1902 482 1977 522 ne

2106 465 2407 537 Γρηγόριον
2440 464 2532 519 τὸν
2561 463 2858 517 ἐπίσκοπον
2895 461 3007 532 (80)
3051 458 3319 514 κατέλαϐε
3359 458 3682 530 πράγματα,

415 569 526 624 que
574 556 712 611 alias
761 556 1103 620 tolerabilia,
1154 572 1220 612 ac
1269 560 1507 614 maxime
1545 559 1792 614 moribus
1826 558 1977 629 ipsiu:

2104 556 2227 611 οὕτε
2274 556 2449 620 ἄλλως
2505 554 2718 626 φορητά
2739 595 2753 619 ,
2800 552 2896 607 καὶ
2943 552 3176 624 μάλιστα
3219 550 3297 622 τῷ
3351 550 3472 621 ἡθει
3519 547 3681 602 αὑτοῦ

414 647 733 712 contraria;
766 647 947 701 visum
976 654 1061 702 est
1100 649 1261 705 nobis
1295 649 1562 719 optimum
1589 652 1714 704 es‘se
1742 648 1810 704 ad
1844 656 1977 703 tuuu

2104 648 2404 702 ὑπεναντία
2423 687 2437 712 ,
2463 646 2642 710 ἔδοξεν
2699 646 2834 716 ἡμῖν
2861 643 3148 714 κράτιστον
3173 639 3307 696 εἶναι
3334 640 3426 694 ἐπὶ
3451 640 3551 712 τὴν
3583 640 3680 712 σὴν

409 734 714 805 confugere
765 738 1166 805 patrocinium,
1196 747 1250 794 et
1289 749 1398 794 ate
1428 740 1668 809 aliquam
1713 739 1977 794 molestia-

2100 740 2443 808 καταφυγεῖν
2498 734 2868 808 προστασίαν,
2917 735 3012 788 καὶ
3059 731 3214 804 παρὰ
3257 731 3350 785 σοῦ
3395 746 3517 784 τινα
3564 746 3677 782 πει‹

412 840 537 879 rum
598 827 927 883 solutionem
984 832 1226 900 reperire
1275 831 1486 886 conari.
1530 830 1799 886 Erumna
1848 831 1993 886 enim

412 915 779 973 intolerabilis
823 927 930 986 est,
962 923 1182 991 negotia
1218 937 1344 979 eum
1367 922 1489 993 cogi
1518 928 1772 985 tractare,
1805 921 1896 992 qui
1926 920 1997 975 ab

412 1007 502 1064 his
534 1017 589 1063 et
625 1017 822 1064 natura
850 1020 899 1066 el
932 1013 1216 1068 voluntate
1247 1016 1462 1070 alienus
1502 1022 1621 1080 est;
1652 1022 1708 1069 et
1732 1014 1994 1084 pecunias

410 1113 444 1152 a
493 1115 733 1170 paupere
786 1105 1046 1174 reposci,
1090 1116 1146 1160 et
1189 1107 1245 1160 in
1289 1107 1531 1162 medium
1584 1105 1870 1177 protrahi,
1928 1119 1993 1160 ac

409 1189 686 1248 forensem
721 1194 836 1250 fieri
858 1239 872 1261 ,
905 1197 999 1267 qui
1032 1198 1360 1268 jampridem
1391 1199 1557 1254 vitam
1600 1197 1838 1268 quietam
1886 1196 1989 1251 du-

408 1296 535 1339 cere
568 1288 777 1342 statuit.
814 1286 940 1344 Sive
963 1290 1131 1360 igitur
1153 1290 1418 1345 Comitem
1444 1292 1828 1346 thesaurorum
1852 1289 1988 1344 allo-

406 1378 499 1445 qui
530 1379 663 1433 utile
690 1380 1046 1448 judicaveris,
1086 1383 1201 1438 sive
1226 1384 1455 1453 quosvis
1488 1384 1653 1448 alios,
1687 1383 1742 1438 id
1773 1391 1882 1437 tua:
1912 1381 1986 1437 sit

406 1469 731 1538 prudentiae.

758 1627 801 1696 ι
814 1627 915 1698 13
958 1627 1295 1685 EPISTOLA
1333 1629 1500 1684 XXXI
1513 1628 1594 1683 ιη.

2099 830 2336 903 ραθῆναι
2363 830 2477 900 (81)
2508 828 2764 902 εὑρέσθαι
2793 828 2945 881 λύσιν
2972 827 3082 881 τῶν
3106 825 3385 899 λυπηρῶν.
3419 820 3677 893 Συμφορὰ

2095 924 2204 995 γάρ
2223 925 2373 976 ὲστιν
2395 922 2669 993 ἀφόρητος
2696 936 2997 992 πραγματα
3042 917 3448 989 ἀναγκάζεσθαι
3498 916 3675 984 λέγειν

2097 1017 2210 1088 (82)
2232 1017 2323 1070 τὸν
2350 1017 2424 1087 μὴ
2450 1016 2753 1085 πεφυκότα,
2779 1014 2912 1087 μηδὲ
2934 1012 3275 1083 βουλόμενον·
3298 1010 3393 1065 καὶ¹
3418 1010 3679 1083 χρήματα

2094 1106 2444 1162 ἀπαιτεῖσθαι
2471 1106 2563 1159 τὸν
2587 1107 2815 1178 πένητα,
2856 1106 2948 1160 καὶ
2988 1103 3243 1158 ἕλκεσθαι
3280 1104 3359 1167 είς
3391 1103 3453 1155 τὸ
3490 1101 3675 1172 μέσον,

2095 1198 2191 1252 καὶ
2232 1197 2295 1267 δη
2306 1196 2661 1267 μοκοπείσθαι
2703 1197 2839 1265 (85)
2874 1196 2963 1249 τὸν
3002 1194 3168 1249 πάλαι
3209 1193 3277 1246 δι’
3322 1192 3550 1264 ἡσυχίας
3583 1191 3677 1244 τὸν

2096 1292 2210 1364 βίον
2246 1290 2539 1362 παρελθεῖν
2577 1290 2859 1362 κρίναντα.
2904 1290 3030 1343 Εἴτε
3070 1282 3164 1341 οὖν
3200 1286 3278 1358 τῷ
3326 1279 3526 1356 κόμητι
3567 1283 3676 1336 τῶν

2093 1382 2384 1455 θησαυρῶν
2420 1380 2769 1452 διαλεχθῆναι
2812 1382 3078 1453 χρήσιμον
3114 1375 3254 1432 εἶναι
3298 1376 3522 1449 κρίνεις,
3564 1376 3675 1428 εἴτε

2090 1471 2234 1526 τισὶν
2268 1470 2494 1542 ἑτέροις,
2526 1471 2625 1542 τῆς
2651 1471 2751 1541 σῆς
2781 1470 2845 1525 ἂν
2873 1469 2959 1541 εἴη
2996 1467 3282 1530 συνέσεως.

2621 1623 2969 1678 ΕΠΙΣΤΟΛΗ
3004 1622 3126 1677 ΛΔ’.

402 1757 786 1829 ιυρει-Βαείίίυδ
807 1760 1059 1829 ecclesiam
1081 1764 1370 1829 Tarsensem
1387 1764 1448 1813 ab
1468 1761 1726 1829 hiereticis,
1746 1764 1869 1829 dum
1880 1759 2112 1829 cpiswpi
2114 1766 2428 1829 cunctantur,
2453 1765 2736 1821 occupatam
2756 1772 2776 1821 ;
2797 1759 2886 1829 sed
2903 1758 3125 1829 dolorem
3143 1756 3260 1829 lenit
3284 1758 3476 1829 Eusebii
3499 1773 3669 1812 recor-

461 1821 672 1889 datione,
696 1836 728 1872 a
763 1836 858 1888 quo
895 1822 1017 1889 nihil
1042 1825 1424 1889 ρηειενηιὶεδιωι
1445 1825 1511 1875 ad
1532 1821 1752 1877 ecclesia:
1780 1821 2060 1876 utilitatem;
2088 1825 2242 1875 Deum
2263 1830 2511 1889 precatur,
2535 1829 2586 1873 ut
2620 1835 2732 1873 eum
2752 1821 2970 1873 ecclesiis
2990 1826 3252 1881 conservet,
3275 1821 3461 1889 sibique
3498 1835 3673 1875 rursus

459 1897 571 1934 cum
589 1884 674 1934 illo
696 1884 928 1948 carigredi
949 1884 1195 1936 concedat.

705 2011 959 2079 Eusebio,
993 2017 1238 2085 episcopo
1268 2013 1694 2069 Samosatorum.

468 2122 756 2191 Quomodo
803 2126 997 2181 sileam
1049 2127 1107 2181 in
1149 2128 1254 2181 hoc
1283 2142 1470 2182 rerum
1502 2126 1689 2181 statu?
1735 2133 1828 2182 aut
1858 2125 1914 2181 id
1950 2141 1981 2181 a

399 2232 486 2274 me
515 2217 812 2289 impetrare
870 2234 982 2274 non
1033 2219 1262 2283 valens,
1294 2218 1571 2290 quomodo
1621 2219 1839 2290 dignam
1895 2218 1982 2274 bis

396 2325 520 2381 quat
550 2312 813 2367 eveniunt
846 2312 1088 2382 aliquam
1114 2314 1422 2368 orationem
1454 2313 1747 2383 reperiam,
1789 2318 1848 2366 ut
1876 2325 1982 2367 vox

398 2409 587 2457 nostra
621 2417 732 2457 non
785 2404 1029 2475 suspirio
1065 2405 1261 2460 similis
1298 2405 1408 2470 sit,
1459 2404 1558 2460 sed
1605 2404 1981 2459 lamentationi

396 2494 716 2559 gravitatem
755 2493 881 2547 mali
932 2493 1151 2548 abunde
1199 2494 1568 2565 signiﬁcanti?
1615 2493 1765 2550 Perit
1818 2496 1980 2552 nobis

395 2587 451 2632 et
480 2576 708 2636 Tarsus.
739 2580 926 2652 Neque
953 2583 1007 2637 id
1037 2584 1214 2639 solum
1240 2584 1531 2640 molestum
1563 2592 1671 2649 est,
1707 2586 1812 2641 etsi
1841 2585 1980 2639 into-

394 2672 621 2728 lerabile
667 2692 680 2728 :
721 2690 849 2729 nam
904 2675 1035 2730 illud
1084 2676 1405 2741 molestius,
1450 2676 1726 2731 civitatem
1768 2683 1978 2729 tantam

394 2778 460 2818 ac
501 2773 610 2818 tam
639 2774 948 2836 opportune
978 2767 1160 2834 sitam,
1204 2776 1266 2822 ut
1298 2767 1541 2834 Isauros,
1576 2767 1800 2835 Cilices,
1834 2767 1979 2839 Cap-

394 2856 667 2928 padoces,
711 2874 776 2913 ac
808 2857 976 2930 Syros
1010 2876 1106 2929 per
1161 2861 1396 2932 seipsam
1445 2861 1778 2933 conjungat,
1813 2862 1977 2918 unius

392 2958 491 3003 aut
512 2949 745 3004 duorum
768 2950 1050 3006 hominum
1072 2954 1401 3017 temeritate,
1424 2953 1478 3008 in
1505 2953 1797 3023 perniciem
1824 2954 1977 3009 nullo

393 3042 607 3111 negotio
635 3041 940 3112 coniectam
970 3042 1145 3100 fuisse
1165 3083 1179 3107 ,
1209 3045 1338 3098 dum
1367 3060 1465 3101 vos
1494 3046 1851 3108 cunctamini,
1880 3045 1978 3102 de-

392 3134 782 3204 liberatisque,
838 3145 892 3190 et
946 3152 1045 3191 vos
1103 3145 1294 3191 mutuo
1346 3137 1643 3208 respicitis.
1697 3135 1975 3208 Optimum

393 3225 559 3295 igitur
583 3227 769 3291 fuerit,
798 3228 1101 3283 secundum
1134 3229 1412 3284 solertiam
1449 3229 1788 3284 medicorum
1815 3230 1975 3301 (om-

392 3315 525 3371 nino
549 3324 731 3372 autem
763 3332 959 3388 magna
997 3319 1129 3372 mihi
1159 3319 1337 3389 copia,
1366 3319 1436 3373 ob
1463 3319 1715 3374 morbum
1755 3335 1970 3375 mecum

392 3408 754 3473 habitantem,
787 3409 1061 3480 ejusmodi
1089 3412 1465 3481 exemplorum
1483 3413 1523 3482 ),
1547 3411 1640 3482 qui
1672 3427 1796 3466 cum
1821 3412 1975 3468 dolo-

343 3496 354 3508 ⁸
391 3501 472 3556 ris
501 3502 818 3572 magnitudo
860 3504 1082 3558 modum
1116 3504 1377 3567 excessit,
1411 3513 1691 3574 stuporem
1736 3506 1791 3560 in
1823 3506 1974 3561 labo-

392 3593 546 3648 ribus
570 3597 855 3664 aegrotanti
885 3597 1220 3660 conciliant,
1251 3597 1326 3651 ita
1358 3613 1577 3667 quoque
1600 3594 1805 3653 nostris
1832 3597 1977 3668 ipso-

375 3700 515 3742 rum
539 3688 760 3756 animis,
795 3704 861 3743 ne
884 3690 1241 3745 intolerandis
1263 3689 1546 3746 doloribus
1570 3690 1966 3761 corripiantur,

393 3786 675 3851 stuporem
733 3781 789 3835 in
835 3782 995 3837 malis
1048 3782 1280 3853 precari.
1333 3782 1441 3839 Sed
1487 3791 1668 3840 tamen
1721 3785 1973 3855 quamvis

465 3978 488 4000 ⁶
513 3976 665 4031 Alias
712 3974 778 4044 V,
803 3977 1008 4046 scripta
1034 3992 1179 4031 anno
1207 3975 1335 4046 569.

465 4046 579 4117 (80)
619 4046 732 4101 Τὸν
775 4045 1135 4101 ἐπίσκοπον.
1185 4045 1298 4103 Has
1346 4061 1533 4117 voces
1561 4062 1592 4101 e
1635 4046 1880 4117 margine
1915 4047 1973 4102 in

394 4124 708 4175 contextum
741 4117 1031 4186 irrepsisse
1058 4119 1408 4186 probavimus
1438 4118 1491 4171 in
1525 4116 1646 4170 Vita
1670 4116 1730 4172 S.
1756 4117 1969 4172 Basilii.

465 4187 577 4258 (81)
608 4188 983 4258 Πειραθῆναι.
1010 4186 1161 4241 Hanc
1188 4203 1372 4258 vocem
1404 4187 1718 4258 addidimus
1749 4204 1812 4243 ex
1837 4188 1974 4242 duo-

395 4261 500 4314 bus
532 4257 924 4313 vetustissimis
960 4258 1247 4312 codicibus
1279 4257 1497 4312 llarl.et
1519 4257 1682 4321 Med,
1717 4274 1780 4312 ac
1811 4273 1971 4326 pror-

395 4344 493 4384 sus
524 4329 834 4382 necessaria
876 4327 1090 4382 videtur
1129 4327 1196 4381 ad
1239 4328 1528 4383 sentcntiae
1571 4329 1830 4382 nitorem.
1865 4327 1973 4381 lbi-

395 4399 520 4470 dem
551 4398 682 4453 editi
716 4397 870 4451 λύσιν
909 4397 1019 4451 τῶν
1058 4398 1376 4470 συμφορῶν.
1420 4396 1559 4454 Tres
1606 4398 1972 4454 vetustissimi

394 4469 614 4526 codices
639 4478 700 4523 ut
727 4472 782 4523 in
807 4476 981 4523 textu.

468 4538 579 4611 (82)
611 4539 996 4610 Πράγματα...
1040 4537 1268 4611 λέγειν,
1314 4537 1497 4592 Prima
1539 4538 1725 4609 specie
1752 4539 1973 4593 videtur

395 4608 576 4680 aptior
601 4608 818 4680 vulgata
847 4611 1119 4680 scriptura
1164 4608 1537 4680 πράγματα...
1569 4610 1735 4680 ἔχειν,
1762 4611 1972 4680 negotia

2284 2012 2557 2078 Εὐσεϐιφ
2587 2011 2698 2084 (84)
2725 2012 3037 2078 ἐπισκόπῳ
3074 2009 3459 2080 Σαμοσάτων.

2154 2127 2278 2190 Πῶς
2323 2124 2390 2179 ἂν
2428 2125 2813 2196 σιωπήσαιμεν
2854 2125 2949 2177 ἐπὶ
2988 2125 3102 2187 τοῖς
3138 2122 3440 2194 παροῦσιν;
3476 2122 3510 2195 ἢ
3546 2123 3672 2177 τοῦ·

2081 2236 2142 2273 το
2173 2217 2283 2290 (85)
2304 2219 2594 2289 καρτερεῖν
2620 2218 2695 2288 μὴ
2723 2216 3034 2286 δυνάμενοι,
3063 2213 3211 2281 ἄξιόν
3230 2233 3349 2269 τινα
3373 2215 3529 2285 λόγον
3559 2216 3672 2271 τῶν

2081 2312 2385 2382 γινομένων
2428 2309 2714 2382 εὕροιμεν,
2761 2308 2902 2363 ὥστε
2954 2308 3028 2380 μὴ
3076 2307 3366 2379 στεναγμῷ
3412 2325 3671 2380 προσεοι-

2081 2403 2237 2457 κέναι
2268 2402 2371 2473 τὴν
2411 2400 2595 2472 φωνὴν
2631 2400 2819 2472 ἡμῶν,
2858 2399 2994 2454 ἀλλά
3031 2399 3213 2472 θρήνῳ
3258 2399 3353 2453 τοῦ
3389 2398 3562 2453 κακοῦ
3609 2400 3672 2453 τὸ

2084 2496 2248 2568 βάρος
2288 2495 2605 2567 ἀρκούντως
2646 2493 3099 2565 διασημαίνοντι;
3144 2492 3361 2564 Οῖχεται
3402 2494 3532 2564 ἡμῖν
3572 2494 3674 2548 καὶ

2079 2586 2364 2661 ήΤαρσός.
2397 2587 2508 2640 Καὶ
2544 2586 2603 2638 ού
2644 2583 2803 2637 τοῦτο
2848 2586 3008 2656 μόνον
3047 2583 3240 2651 δεινὸν,
3285 2582 3490 2655 καίπερ
3527 2583 3669 2652 ἀφό-

2082 2696 2245 2751 ρητον
2286 2678 2366 2732 δν·
2408 2678 2525 2732 ἐστι
2571 2675 2681 2749 γὰρ
2719 2677 2911 2730 τούτου
2946 2674 3348 2748 χαλεπώτερον,
3388 2675 3542 2729 πόλιν
3574 2692 3668 2729 το-

2081 2770 2285 2842 σαύτην
2319 2770 2493 2834 οὖτως
2526 2768 2757 2840 ἔχουσαν
2795 2768 3080 2840 εὐκαιρίας
3123 2768 3256 2839 (86),
3298 2767 3438 2821 ὥστε
3483 2767 3667 2822 Ἰσαύ-

2080 2881 2228 2936 ρους,
2259 2865 2353 2917 καὶ
2388 2862 2644 2927 Κίλικας,
2687 2861 3067 2925 Καππαδόκας
3110 2878 3170 2914 τε
3216 2863 3311 2915 καὶ
3361 2861 3562 2932 Σύρους
3595 2861 3670 2916 δι’

2077 2958 2277 3029 ἑαυτῆς
2309 2960 2599 3011 συνάπτειν
2622 2997 2636 3021 ,
2672 2956 2790 3019 ἑνὸς
2831 2956 2863 3029 ἣ
2907 2955 3048 3008 δυοῖν
3077 2953 3333 3018 ἀπονοίας
3361 2950 3671 3024 ἀνθρώπων

2074 3049 2298 3120 ὀλέθρου
2344 3046 2596 3117 γενέσθαι
2639 3047 2936 3120 πάρεργον,
2980 3045 3280 3117 μελλόντων
3325 3046 3482 3116 ὑμῶν
3525 3043 3670 3112 (87),

2076 3138 2170 3192 καὶ
2192 3138 2616 3210 βουλευομένων,
2631 3137 2880 3209 καὶπρὸς
2900 3136 3162 3207 ἀλλήλους
3181 3133 3663 3189 ἀποσκοπούντων.

2075 3232 2380 3309 Κράτιστον
2405 3226 2521 3295 οὖν,
2562 3228 2704 3284 κατά
2730 3229 2831 3301 τὴν
2860 3228 2970 3281 τῶν
3006 3226 3207 3297 ίατρῶν
3235 3225 3476 3279 ἐπίνοιαν
3509 3222 3670 3295 (πάν-

2073 3340 2181 3387 τως
2218 3323 2276 3376 δέ
2316 3340 2405 3394 μοι
2447 3322 2613 3394 πολλὴ
2651 3321 2900 3392 ἀφθονία,
2942 3320 3030 3374 διά
3071 3323 3170 3392 τὴν
3208 3321 3453 3375 σύνοικον
3486 3319 3668 3390 aper»-

2077 3411 2250 3475 στίαν,
2293 3412 2402 3464 τῶν
2441 3410 2701 3465 τοιούτων
2740 3410 3266 3482 παραδειγμάτων),
3314 3407 3384 3471 οἳ,
3436 3404 3666 3459 ἐπειδὰν

2070 3504 2135 3557 τὸ
2169 3503 2268 3574 τῆς
2297 3503 2487 3572 ὀδύνης
2531 3502 2762 3574 μέγεθος
2803 3502 3107 3573 ὑπερϐάλῃ,
3151 3497 3506 3569 ἀναισθησίαν
3548 3496 3665 3551 τῶν

2073 3594 2252 3649 πόνων
2288 3595 2674 3664 ἐπιτεχνῶνται
2720 3593 2799 3665 τῷ
2842 3595 3126 3664 κάμνοντι,
3163 3594 3257 3646 καὶ
3291 3593 3411 3655 ταῖς
3456 3590 3664 3661 ἡμετέ-

2078 3705 2197 3758 ραις
2236 3687 2414 3741 αὐτῶν
2453 3686 2673 3757 ψυχαῖς,
2716 3687 2792 3749 ὡς
2829 3688 2904 3758 μὴ
2942 3687 3061 3751 ταῖς
3105 3686 3399 3757 ἀφορήτοις
3440 3685 3663 3749 ὀδύναις

2075 3778 2427 3850 συνέχεσθαι,
2483 3776 2817 3850 ἀναλγησίαν
2868 3775 2978 3830 τῶν
3040 3775 3224 3837 κακῶν
3273 3775 3663 3841 συνεύξασθαι.

2072 3980 2411 4052 Σαμοσάτου,
2433 3995 2554 4052 non
2591 3979 2782 4034 addito
2809 3980 3056 4052 episcopi
3082 3981 3264 4045 titulo,
3296 3979 3353 4035 in
3387 3979 3522 4051 Reg.
3559 3998 3669 4037 au-

2073 4051 2181 4106 tem
2212 4061 2268 4106 et
2296 4051 2479 4122 Coisl.
2508 4058 2632 4118 post
2661 4051 3162 4122 episcopiititulum
3209 4052 3444 4105 addatur
3478 4054 3665 4122 Σαμον

2075 4122 2273 4193 σάτων.
2307 4123 2444 4193 Tres
2471 4121 2548 4175 illi
2562 4120 2800 4193 codices
2827 4121 3036 4176 addunt
3057 4119 3146 4193 διά
3169 4122 3269 4193 τὴν
3295 4122 3511 4193 Ταρσὸν
3530 4119 3665 4193 ,ἐπι-

2073 4191 2492 4263 6ουλευομένην,
2681 4190 2910 4263 Tarsum
2959 4191 3172 4247 insidiis
3218 4189 3458 4260 petitam.
3502 4192 3662 4249 Hanc

2072 4262 2363 4333 epistolam
2391 4261 2435 4314 a'
2456 4261 2659 4333 Basilio
2681 4262 3004 4333 presbytero
3031 4264 3298 4330 scriptam
3331 4263 3503 4318 fuisse
3523 4278 3662 4318 con-

2074 4332 2252 4386 firmat
2296 4332 2531 4386 duorum
2582 4331 2818 4385 aliorum
2856 4331 3114 4387 codicum
3167 4342 3429 4402 corrupta
3468 4334 3659 4388 lectio.

2071 4402 2204 4474 Nam
2239 4402 2294 4455 in
2326 4402 2582 4474 Medicaeo
2605 4402 2806 4474 legitur
2835 4403 3080 4474 Εύσεὸίῳ
3107 4403 3389 4474 ὲπισκόπῳ
3414 4403 3662 4474 πρεσϐυ-

2070 4473 2231 4595 τὲρῳ,
2274 4481 2330 4528 et
2373 4475 2428 4527 in
2469 4459 2863 4542 Coisl.vprimo
2897 4459 3145 4545 Εὑσεῢίῳ
3190 4459 3475 4546 ὲπισκόπῴ
3521 4491 3664 4546 πρε-

2072 4560 2105 4595 σ
2141 4561 2237 4595 ων.

2072 4560 2237 4597 σοων.

2142 4614 2254 4695 (85)
2387 4611 2583 4695 τοῦτο.
2613 4611 3026 4695 Sic'Medicaaus
3045 4613 3249 4695 codex,
3276 4613 3412 4695 Reg.
3443 4614 3669 4695 primus

397 4680 744 4770 habereLS‘ed
765 4695 837 4770 ‘ea
879 4696 1042 4770 quam
1073 4680 1365 4770 inteittum
1402 4680 1733 4770 recepimus,
1779 4681 1970 4770 nititur
2002 4716 2045 4770 ο
2073 4690 2129 4770 et
2152 4680 2923 4770 Coislksecuudus.‘Legitur
2940 4684 3212 4770 illHQOiS'I'.
3250 4680 3661 4770 primm-gari?

397 4752 728 4805 auctoritate
765 4751 929 4804 trium
956 4751 1454 4804 vetustissimorum
1477 4751 1728 4803 codicum
1755 4758 1808 4805 et
1832 4751 1969 4805 alio-

395 4836 520 4875 rum
578 4822 1002 4882 nonnullorum,
1049 4828 1133 4890 et”
1151 4819 1413 4887 explicari
1467 4827 1648 4890 potest
1690 4836 1755 4875 ex
1801 4822 1967 4890 epist.

395 4890 758 4962 praecedente,
796 4891 885 4945 ubi
920 4900 1084 4962 rogat
1107 4889 1346 4945 Basilius
1379 4889 1766 4962 utgadvocatus
1786 4889 1971 4946 aerarii

398 4959 725 5032 respondeat
770 4962 838 5015 lis
879 4961 973 5031 qui
995 4959 1371 5032 adoriuntur,
1399 4960 1626 5032 λέγοντα
1655 4960 1790 5032 πρὸς
1819 4962 1968 5025 τούς,

397 5030 506 5086 etc.
539 5033 599 5084 ln
639 5031 839 5101 Regula
888 5030 1041 5086 brev.
1090 5031 1190 5084 107
1239 5038 1383 5084 vetat
1432 5030 1669 5101 Basilius
1700 5030 1842 5101 eum
1877 5032 1973 5100 qui

398 5090 794 5173 monasterium
813 5103 1096 5173 ingressus
1124 5109 1227 5161 est.
1258 5116 1348 5155 res
1364 5090 1970 5173 externasloyoafozsiv,

400 5172 454 5244 id
486 5181 590 5244 est,
633 5171 892 5226 tractare.
924 5173 1070 5244 Intra
1112 5173 1167 5226 in
1198 5173 1363 5244 epist.
1389 5172 1451 5225 M
1487 5191 1502 5228 :
1532 5171 1594 5225 τὸ
1631 5171 1809 5242 λέγειν
1837 5173 1975 5244 πρὸς

334 5262 341 5269 ·
397 5242 551 5302 Θεόν,
578 5258 796 5297 causam
828 5242 968 5311 apud
1004 5242 1165 5296 Deum
1193 5242 1386 5297 dicere.

471 5312 584 5383 (8⁸5)
617 5313 1111 5380 Δηιιοκοπεῖσθαι.
1171 5312 1312 5368 Idem
1361 5320 1522 5368 sonat
1562 5329 1627 5368 ea
1666 5329 1768 5369 vox
1814 5328 1878 5368 ac
1920 5313 1976 5367 in

398 5383 630 5456 epistola
654 5385 992 5456 praecedente
1022 5383 1132 5456 τῶν
1163 5384 1437 5456 ἀγοραίων
1466 5385 1604 5447 ἑνός.

475 5451 582 5519 (84)
610 5453 900 5521 Εῠσεόίῳ.
927 5452 1020 5523 Sic
1042 5451 1357 5523 habetcod.
1383 5453 1534 5507 Harl.
1553 5474 1566 5509 :
1586 5452 1829 5523 Εὑσεόίῳ
1852 5455 1978 5507 ἐπι-

401 5523 590 5597 σκόπῳ
602 5523 870 5597 πρεσϐύτε
876 5541 969 5594 ρος
980 5522 1319 5597 dw._l_€usebio
1334 5526 1572 5594 episcopo
1590 5540 1706 5578 cum
1721 5522 1979 5597 essetpre-

402 5591 602 5665 sbyter.
617 5591 888 5648 Sicetiani
907 5593 1030 5648 cod.
1081 5592 1203 5665 Vat.
1224 5633 1240 5654 ,
1266 5591 1399 5665 Reg.
1429 5591 1704 5649 secundus
1721 5611 1784 5647 ac
1797 5596 1966 5649 Coisl.

401 5662 696 5729 Secundus,
742 5671 974 5734 excepto
1022 5664 1165 5735 quod
1208 5665 1262 5719 in
1307 5662 1426 5722 van.
1473 5666 1685 5737 legatur
1724 5665 1970 5738 Εύσεϐίῳ

2077 4753 2199 4826 vat.
2231 4761 2285 4808 et
2307 4751 2444 4826 Reg.
2473 4756 2720 4826 secundo
2742 4751 2888 4826 ii'rd.
2939 4754 3122 4809 Editio
3154 4751 3365 4825 Hagan.
3396 4764 3451 4811 et
3485 4751 3661 4814 Basil.

2072 4825 2248 4897 prima
2282 4824 2374 4897 καὶ
2400 4822 2585 4897 τοῦτο,
2616 4827 2736 4897 alia:
2764 4822 2859 4877 καὶ
2890 4826 3005 4889 πῶς
3037 4822 3347 4897 καρτερεῖν.

2145 4894 2256 4966 (86)
2281 4894 2622 4966 Εὑκαιρίας.
2676 4895 2805 4949 Haec
2836 4897 3017 4956 lectio,
3048 4894 3169 4965 quae
3198 4894 3376 4966 prima
3407 4911 3569 4951 manu
3602 4897 3665 4953 in

2073 4965 2262 5019 codice
2293 4965 2579 5019 Harlaeano
2617 4966 2821 5034 scripta
2854 4966 3053 5028 fuerat,
3099 4967 3171 5019 ita
3205 4965 3278 5020 ad
3310 4967 3495 5020 Basilii
3528 4984 3664 5022 sen-

2076 5050 2201 5105 sum
2235 5034 2453 5089 videtur
2485 5037 2756 5105 apposita,
2790 5044 2850 5089 ut
2879 5050 2999 5090 eam
3043 5037 3201 5090 alteri
3249 5038 3511 5104 praeferre
3542 5054 3662 5095 non

2076 5104 2344 5167 dubitem,
2394 5104 2531 5176 quat
2553 5116 2742 5176 postea
2781 5106 2836 5159 in
2868 5106 3120 5161 eumdem
3148 5106 3392 5163 codicem
3431 5107 3660 5165 inducta

2079 5182 2198 5250 est,
2221 5190 2454 5250 quisque
2486 5175 2698 5250 in’aliis
2727 5183 2907 5230 exstat
2936 5184 2991 5231 et
3025 5177 3082 5231 iu
3110 5176 3296 5244 editis,
3330 5177 3421 5232 ubi
3457 5179 3666 5250 legitur

2082 5244 2248 5325 £08312
2259 5246 2397 5325 ρίξξςν
2422 5244 2718 5325 felicitati?-

2156 5315 2269 5388 (87)
2310 5315 2518 5385 Ὺμῶν.
2549 5317 2690 5371 Editi
2737 5315 2916 5388 ἡμῶν.
2953 5315 3059 5372 Sed
3094 5317 3441 5388 priorilectio
3473 5324 3529 5374 et
3557 5334 3660 5375 sex

2084 5387 2335 5440 codicum
2385 5401 2520 5440 mss.
2556 5389 2886 5443 auctoritate
2914 5387 3133 5452 nititur,
3163 5398 3217 5444 et
3246 5387 3429 5443 Basilii
3462 5390 3665 5442 condi—

2085 5456 2246 5528 tioni,
2278 5455 2371 5526 qui
2404 5457 2645 5510 nondum
2676 5460 2966 5528 episcopus
2990 5467 3128 5521 erat,
3153 5460 3352 5513 melius
3375 5460 3659 5528 congruit.

2081 5525 2198 5581 Non
2228 5525 2402 5579 multo
2425 5536 2547 5597 post.
2572 5535 2687 5597 tres
2708 5525 2927 5584 codices
2963 5544 3072 5584 non
3106 5528 3466 5584 vetustissimi
3490 5525 3663 5585 ἀναι-

2080 5597 2310 5671 σθησίαν
2352 5599 2419 5667 τῇ
2468 5596 2683 5671 ῥπινοίᾳ
2729 5600 3141 5671 επιτεχνῶνται.
3175 5598 3380 5656 Ibidem
3421 5597 3572 5656 Harl.
3604 5607 3666 5656 ει

2076 5666 2244 5723 Coisl.
2276 5666 2550 5725 secundus
2580 5666 2915 5741 ὑπὲρὸἀλλῄζ
