3870 6218
187 296 289 353 321

1106 295 1600 355 EPISTOLARUM
1636 297 1925 359 CLASSIS
1961 301 2004 361 I.
2047 303 2269 363 EPIST.
2308 305 2553 361 XXXVI.

3371 308 3484 366 διε

187 409 267 463 οὐ
305 407 415 480 μὴν
436 407 598 473 ἀλλὰ,
628 409 834 481 καίπερ
858 409 1032 476 οὕτως
1062 409 1175 482 (88)
1197 411 1404 475 ἀθλίως
1424 412 1663 482 ἔχοντες,
1689 416 1790 486 μιᾷ

1893 417 1975 473 sic
2018 423 2219 476 misere
2254 421 2440 476 aﬂlicti
2475 423 2673 485 simus,
2701 435 2810 475 una
2844 421 3053 475 utimur
3076 421 3476 489 consolatione,

186 501 520 573 παραμυθίᾳ
556 502 896 573 κεχρήμεθα,
920 504 1057 575 πρὸς
1084 503 1183 575 τὴν
1212 506 1312 576 σὴν
1346 507 1560 563 ἀπιδεῖν
1586 509 1792 580 ἡμερό-

187 610 351 664 τητα.
399 595 495 646 καὶ
527 595 594 646 ὲκ
626 595 726 663 τῆς
772 595 872 665 σῆς
905 596 1115 660 ἑννοίας
1156 598 1254 651 καὶ
1295 599 1517 669 μνήμης
1549 600 1789 671 πραῧναι

184 683 290 753 τῆς
320 683 500 755 ψυχῆς
530 686 601 738 ’τὸ
640 684 1000 756 λυπούμενον.
1047 688 1256 761 ’Ὠσπερ
1294 689 1405 761 γὰρ
1446 694 1561 754 τοῖς
1591 690 1792 761 ὀφθαλ.

191 778 345 846 μοῖς,
390 777 611 830 ἐπιδάν
659 794 787 830 ποτε
827 778 1096 842 συντόνως
1137 779 1205 833 τὰ
1242 779 1472 854 λαμπρὰ
1519 782 1788 837 καταϐλέ-

185 867 353 938 ψωσι.
380 868 537 941 φέρει
557 869 679 923 τινὰ
699 869 987 944 ῥᾳστώνην
1014 872 1153 943 πρὸς
1179 872 1250 926 τὰ
1285 874 1462 928 κυανά
1495 875 1590 928 καὶ
1626 875 1789 946 χλοά-

188 963 356 1027 ζοντα
415 964 526 1017 τῶν
579 965 891 1035 χρωμάτων
940 965 1278 1020 ἐπανελθεῖν·
1326 967 1471 1022 οὕτω
1525 970 1621 1022 καὶ
1668 972 1789 1034 ταῖς

185 1057 492 1129 ἡμετέραις
527 1057 747 1129 ψυχαῖς,
797 1053 913 1113 οἷον
956 1058 1065 1130 (89)
1116 1060 1320 1131 πραεῖά
1363 1077 1447 1123 τις
1493 1062 1678 1134 ἐπαφὴ
1725 1063 1789 1117 τὸ

184 1149 451 1221 ὀδυνηρὸν
478 1148 771 1222 ἐξαιροῦσα
789 1191 804 1215 ,
834 1153 867 1222 ἠ
901 1153 1089 1223 μνήμη
1109 1154 1211 1223 τῆς
1236 1154 1336 1223 σῆς
1360 1153 1665 1225 πραότητος
1693 1154 1787 1209 καὶ

185 1240 485 1312 ἐμμελείας
510 1241 649 1295 ἐστί·
674 1242 769 1296 καὶ
811 1243 1048 1314 μάλιστα
1079 1246 1209 1298 ὅταν
1246 1245 1644 1318 ἐνθυμηθῶμεν
1662 1287 1677 1310 ,
1704 1248 1786 1302 ὅτι

182 1329 242 1382 τὺ
286 1330 437 1384 κατὰ
476 1332 705 1385 σεαυτὸν
749 1333 895 1387 ἆπαν
939 1326 1418 1407 ὲπλήρωσας.”Εξ
1462 1330 1536 1391 ὧν
1586 1339 1785 1403 ἱκανῶς

184 1422 281 1475 καὶ
323 1425 462 1494 ἡμῖν
498 1427 611 1488 τοῖς
644 1425 981 1498 ἀνθρώποις,
1017 1428 1114 1483 ἐὰν
1158 1429 1522 1500 εὐγνωμόνως
1567 1431 1676 1502 (90)
1716 1432 1786 1485 τὰ

185 1514 492 1585 πράγματα
533 1517 838 1587 κρίνωμεν,
882 1520 958 1583 ὡς
1000 1520 1154 1574 οὐδὲν
1201 1523 1267 1576 ὲκ
1308 1523 1408 1593 τῆς
1460 1523 1561 1592 σῆς
1603 1523 1785 1587 αἰτίας

182 1605 469 1660 ἀπόλωλεν
510 1608 781 1675 ἐνεδείξω
826 1613 921 1666 καὶ
969 1612 1122 1684 παρὰ
1160 1613 1280 1684 Θεῷ
1317 1614 1418 1685 τῆς
1457 1614 1567 1669 τῶν
1602 1615 1783 1669 καλῶν

181 1699 497 1770 προθυμίας
544 1701 719 1772 μέγαν
774 1703 988 1775 σεαυτῷ
1045 1705 1135 1759 τὸν
1193 1705 1386 1776 μισθὸν
1435 1709 1775 1779 κατεκτήσω.

1894 518 1956 563 ut
2009 511 2374 581 respiciamus
2422 512 2490 566 ad
2535 519 2685 565 tuam
2731 510 3240 576 mansuetudinem,
3286 527 3352 568 ac
3396 513 3478 568 tui

1892 600 2224 671 cogitatione
2253 612 2309 657 et
2359 604 2740 658 recordatione
2775 602 3023 657 dolorem
3066 602 3235 657 animi
3266 601 3480 674 mitige-

1892 706 2044 745 mus.
2103 691 2580 758 Quemadmodum
2640 694 2785 747 enim
2855 693 3065 758 oculis,
3122 701 3478 764 posteaquam

1891 779 2100 836 intente
2131 797 2220 837 res
2252 783 2572 853 splendidas
2600 798 2961 853 conspexere,
2987 784 3344 839 recreationis
3373 783 3476 837 ali-

1889 871 2025 941 quid
2067 871 2225 927 ail‘ert
2264 873 2334 927 ad
2373 876 2641 931 caeruleos
2678 889 2743 929 ac
2770 874 2977 931 virides
3004 876 3219 931 colores
3256 874 3473 943 redire;

1890 964 1971 1019 ita
2003 981 2224 1037 quoque
2256 966 2459 1023 animis
2512 967 2720 1023 nostris
2764 969 2934 1023 veluti
2979 968 3177 1023 blanda
3225 966 3473 1039 quaedam

1890 1057 2252 1112 contrectatio
2279 1056 2521 1113 dolorem
2565 1059 2829 1130 abigens,
2859 1059 3171 1114 recordatio
3205 1069 3310 1113 tuae
3338 1060 3476 1113 leni-

1889 1148 2022 1202 tatis
2052 1162 2118 1202 ac
2148 1147 2445 1219 diligentia:
2474 1156 2594 1215 est;
2626 1158 2680 1203 et
2713 1150 2950 1204 maxime
2983 1164 3109 1202 eum
3142 1149 3325 1203 omnia
3359 1163 3393 1203 a
3422 1157 3474 1204 te

1887 1253 1990 1309 pro
2043 1240 2185 1294 virili
2222 1240 2364 1295 facta
2412 1255 2538 1297 esse
2568 1241 3007 1299 consideremus.
3060 1241 3140 1296 Ex
3174 1242 3374 1312 quibus
3417 1247 3474 1297 et

1888 1330 2107 1387 abunde
2150 1330 2311 1386 nobis
2337 1330 2674 1393 hominibus,
2721 1332 2766 1387 si
2794 1330 2863 1387 de
2899 1332 3065 1387 rebus
3102 1346 3259 1401 aequo
3287 1332 3473 1386 animo

1883 1423 2229 1496 judicemus,
2265 1424 2406 1479 nihil
2435 1426 2598 1495 culpa
2648 1432 2740 1478 tua
2782 1425 3018 1491 periisse
3060 1423 3346 1480 ostendisti
3371 1441 3387 1493 ;
3416 1432 3473 1479 et

1887 1516 2031 1586 apud
2079 1515 2249 1571 Deum
2300 1517 2380 1571 tui
2434 1517 2704 1573 bonarum
2760 1533 2945 1573 rerum
2997 1518 3165 1574 studii
3214 1532 3468 1589 magnam

1884 1607 1984 1661 tibi
2014 1608 2321 1662 mercedem
2354 1609 2710 1678 comparasti.
2743 1608 2966 1664 Utinam
2989 1618 3172 1665 autem
3204 1607 3473 1665 concedat
3534 1597 3545 1607 ’

1885 1705 1939 1753 te
1969 1697 2128 1753 nobis
2156 1705 2209 1753 et
2235 1699 2352 1753 suis
2374 1698 2629 1754 ecclesiis
2648 1699 2911 1754 Dominus
2936 1700 3001 1753 ad
3036 1700 3323 1754 utilitatem
3345 1701 3470 1753 vita:

179 1792 489 1864 Χαρίσαιτο
523 1793 581 1847 δέ
622 1811 683 1848 σε
719 1797 855 1867 ἡμῖν
888 1798 985 1851 καὶ
1013 1801 1132 1863 ταῖς
1174 1800 1366 1854 ἑαυτοῦ
1399 1801 1718 1873 ἐκκλησίαις
1748 1804 1777 1855 ό

1880 1789 2160 1845 hominum
2200 1797 2255 1846 et
2303 1789 2746 1848 emendationem
2789 1792 3095 1847 animarum
3129 1784 3466 1858 nostrarum,

177 1880 411 1952 Κύριος,
441 1881 529 1935 ἐπ’
549 1882 788 1956 ὠφελείᾳ
812 1885 908 1939 τοῦ
943 1885 1060 1957 βίου
1092 1889 1187 1943 καὶ
1216 1888 1501 1961 διορθώσει
1525 1890 1636 1944 τῶν
1665 1891 1771 1961 ψυ-

176 1972 290 2044 χῶν
331 1973 516 2045 ήμῶν,
561 1975 656 2028 καὶ
703 1976 1061 2042 καταξιώσειε
1099 1980 1263 2034 πάλιν
1307 1982 1406 2052 τῆς
1458 1981 1775 2046 ὲπωωελοῦς

177 2066 473 2135 συντυχίας
504 2083 621 2121 σου.

718 2202 1069 2258 ΕΠῘΣΤΟΛΗ
1107 2205 1234 2260 AE'.

1879 1881 2157 1952 nobisque
2185 1883 2385 1937 iterum
2426 1883 2685 1955 dignetur
2710 1894 2861 1941 tuum
2889 1885 3177 1955 perutilem
3210 1899 3473 1958 congres-

1881 1989 2003 2029 sum
2025 1976 2348 2031 concedere.

2353 2200 2462 2257 EPI
2470 2201 2697 2258 STOLA
2736 2201 2977 2260 XXXV".

1036 2344 1351 2397 Comendat
1374 2341 1616 2396 Leontium
1642 2340 1861 2395 Basilius
1885 2347 2112 2408 tanquam
2130 2340 2341 2394 alterum
2361 2340 2597 2407 seipsum.

483 2450 944 2522 Ἀνεπίτραφος,
978 2452 1133 2521 ὑπὲρ
1158 2454 1464 2508 Λεοντίου.

242 2566 384 2637 Περὶ
424 2564 638 2619 πολλῶν
676 2567 806 2638 μὲν,
834 2566 911 2630 ὡς
947 2567 1315 2639 διαφερόντων
1347 2586 1458 2639 μοι,
1487 2566 1773 2622 ἐπέστειλά

175 2675 276 2722 σοι,
307 2657 443 2728 περὶ
476 2657 738 2711 πλειόνων
770 2657 826 2711 δὲ
854 2658 948 2711 καὶ
984 2658 1277 2712 ἐπιστελῶ.
1313 2658 1451 2713 Οὔτε
1485 2660 1595 2731 γὰρ
1643 2661 1773 2723 τοὺς

171 2748 465 2822 δεομένους
513 2749 784 2802 ἐπιλιπεῖν
833 2748 1080 2813 δυνατὸν,
1131 2748 1255 2804 οὔτε
1300 2751 1449 2821 ἡμᾶς
1491 2751 1770 2823 ἀρνεῖσθαι

170 2844 268 2913 τὴν
306 2843 469 2913 χάριν
507 2836 620 2894 οἷόν
651 2858 733 2896 τε.
765 2841 840 2894 Οὐ
881 2846 988 2913 μὴν
1021 2842 1139 2895 ἐστί
1175 2859 1259 2906 τις
1286 2841 1617 2914 οίκειότερός
1653 2859 1768 2912 μοι,

170 2936 293 2989 οὔτε
341 2935 547 3008 μᾶλλον
591 2935 906 2990 ἀναπαῦσαί
956 2953 1023 3007 με
1079 2936 1165 3006 ἐφ’
1218 2931 1300 3001 οἷς
1345 2936 1412 2990 ἂν
1457 2932 1517 2991 εὖ
1567 2954 1620 2990 τι
1664 2937 1771 2992 πά-

170 3028 251 3082 θοι
278 3030 393 3098 (91)
422 3027 743 3099 δυνάμενος,
764 3028 859 3081 τοῦ
886 3028 1316 3099 αἰδεσιμωτάτου
1345 3027 1577 3097 ἀδελφοῦ
1606 3030 1770 3082 Λεον-

168 3122 307 3174 τίου·
339 3115 402 3175 οὗ
436 3121 539 3191 τὴν
576 3120 754 3173 οἰκίαν
786 3119 929 3173 οὕτω
959 3119 1161 3183 διάθες,
1201 3120 1277 3183 ὡς
1305 3119 1369 3173 ἂν
1399 3120 1447 3172 εί
1476 3119 1638 3173 αὐτὸν
1666 3120 1768 3190 ἐμὲ

167 3211 523 3276 καταλάϐοις,
553 3211 627 3284 μὴ
652 3215 711 3266 ὲν
740 3214 807 3284 τῇ
840 3212 1001 3284 πενίᾳ
1020 3211 1216 3287 ταύτῃ,
1246 3206 1360 3287 ὲνῇ
1392 3211 1487 3268 νῦν
1518 3215 1630 3284 εἰμι
1669 3214 1765 3267 σὺν

165 3305 283 3377 θεῷ
301 3346 315 3369 ,
347 3305 468 3358 ἀλλ’
497 3304 757 3376 εὐπορίας
779 3306 924 3370 τινὸς
953 3305 1389 3377 ἐπειλημμένον,
1432 3307 1527 3360 καὶ
1559 3305 1764 3376 ἀγροὺς

165 3399 535 3471 κεκτημένον.
599 3399 768 3470 Δῆλον
798 3398 930 3472 γὰρ,
975 3398 1060 3452 ὅτι
1112 3400 1213 3452 οὐκ
1264 3397 1330 3452 ἂν
1384 3399 1646 3470 ἐποίησάς
1696 3415 1764 3469 με

165 3493 400 3564 πένητα,
434 3490 551 3545 ἀλλ’
584 3491 856 3561 ἐφύλαξας
897 3491 964 3546 ἂν
1001 3492 1070 3545 τὰ
1102 3491 1370 3564 παρόντα,
1408 3491 1441 3563 ἢ
1486 3492 1764 3557 ὲπὲτεινας

166 3583 262 3654 τὴν
282 3582 574 3655 εὐπορίαν.
609 3580 780 3635 Τοῦτο
810 3579 902 3635 οὖν
935 3580 1159 3652 ποιῆσαί
1184 3596 1242 3634 σε
1276 3580 1373 3634 καὶ·
1401 3582 1458 3635 ἔν
1486 3581 1551 3652 τῇ
1583 3596 1767 3651 προει-

169 3675 382 3745 ρημένῃ
410 3691 504 3746 μοι
532 3673 684 3746 οἰκία
713 3672 807 3727 τοῦ
840 3673 1034 3745 ἀνδρὸς
1065 3672 1519 3746 παρακαλοῦμεν.
1555 3670 1764 3737 Μισθὸς

167 3766 222 3820 δέ
251 3783 334 3820 σοι
369 3766 516 3838 ὑπὲρ
548 3766 769 3819 πάντων
801 3768 829 3820 ό
855 3764 1093 3837 συνήθης
1123 3767 1252 3839 παρ’
1277 3764 1436 3838 ἐμοῦ,
1473 3763 1607 3836 εὐχὴ
1627 3764 1765 3837 πρὸς

169 3859 258 3912 τὸν
313 3859 476 3928 ἆγιον
533 3858 669 3913 Θεὸν
718 3859 857 3932 ὑπὲρ
911 3852 987 3912 ὧν
1037 3859 1301 3931 κάμνεις,
1352 3858 1518 3922 καλός
1558 3873 1619 3910 τε
1667 3856 1766 3910 καὶ

169 3949 370 4019 ἀγαθὸς
402 3950 503 4016 ὢν,
543 3951 637 4005 καὶ
672 3951 1072 4024 προλαμϐάνων
1099 3951 1198 4016 τὰς
1235 3952 1481 4023 αἰτήσεις
1511 3949 1621 4004 τῶν
1646 3949 1762 4002 δεο-

172 4041 370 4112 μένων.

700 4270 1051 4325 ΕΠΙΣΤΟΛΗ
1083 4269 1225 4339 Acr.

2222 2449 2350 2506 Sine
2376 2451 2745 2522 inscriptione,
2777 2451 2843 2506 de
2868 2449 3110 2507 Leontio.

1943 2563 2022 2620 De
2049 2564 2241 2619 multis
2286 2562 2508 2633 quidem
2531 2603 2545 2628 ,
2593 2571 2654 2618 ut
2698 2564 2765 2619 ad
2809 2579 2898 2618 me
2928 2564 3331 2634 pertinentibus
3362 2565 3470 2622 tibi

1869 2658 2065 2727 scripsi
2092 2675 2105 2711 :
2141 2656 2238 2712 sed
2267 2666 2322 2711 et
2351 2656 2420 2711 de
2454 2656 2712 2726 pluribus
2745 2657 3006 2713 scribam.
3042 2655 3178 2711 Nam
3214 2674 3316 2714 nec
3347 2658 3469 2715 ﬁeri

1868 2756 2051 2820 potest
2084 2756 2144 2803 ut
2194 2747 2504 2819 indigentes
2531 2747 2744 2817 desint;
2778 2762 2880 2803 nec
2912 2749 3045 2803 mihi
3075 2749 3337 2805 beneﬁcia
3365 2751 3469 2809 de.

1870 2857 2075 2912 negare
2120 2841 2414 2911 integrum.
2456 2840 2617 2912 114
2656 2840 2777 2896 Νοη
2809 2848 2894 2897 est
2942 2852 3121 2897 tmuen
3167 2845 3467 2915 quisquam

1870 2934 2006 2988 mihi
2051 2933 2416 3003 conjunctior,
2445 2942 2499 2989 et
2545 2934 2640 3005 qui
2680 2949 2802 2996 me,
2837 2935 2885 2991 si
2932 2936 3063 3006 quid
3106 2936 3157 2992 ei
3200 2952 3462 3008 prospere

1870 3024 2107 3093 eveniat,
2144 3025 2320 3094 magis
2367 3026 2644 3082 consolari
2676 3027 2888 3097 possit,
2934 3043 3099 3098 quam
3132 3029 3462 3086 colendissi-

1871 3132 1997 3173 mus
2040 3116 2213 3173 frater
2263 3117 2572 3175 Leontius:
2604 3120 2765 3191 cujus
2814 3119 3039 3177 domum
3075 3122 3150 3177 ita
3201 3125 3459 3194 suscipe,

1870 3208 2033 3278 quasi
2077 3212 2464 3280 memetipsum
2510 3220 2707 3268 nactus
2742 3212 2944 3270 fuisses
2990 3228 3100 3269 non
3132 3217 3188 3270 in
3220 3231 3283 3272 ea
3319 3232 3454 3289 pau-

1869 3310 2083 3371 pertate
2104 3341 2120 3366 ,
2165 3304 2223 3358 in
2254 3318 2361 3374 qua
2396 3319 2544 3359 nunc
2590 3304 2780 3361 divino
2813 3307 3082 3365 beneﬂcio
3114 3325 3325 3375 versor,
3364 3316 3467 3368 sed

1869 3395 2210 3464 opulentiam
2278 3396 2574 3467 quamdam
2650 3407 3057 3468 consecutum,
3135 3409 3191 3457 et
3255 3403 3457 3473 praedia

1870 3487 2266 3559 possidentem.
2319 3488 2456 3543 Nam
2510 3489 2693 3561 palam
2720 3498 2805 3547 est
2844 3492 2996 3559 fore,
3047 3501 3109 3548 ut
3161 3506 3459 3566 pauperem

1870 3595 1958 3635 me
1985 3595 2097 3635 non
2127 3580 2362 3644 faceres,
2397 3581 2492 3637 sed
2517 3586 3101 3655 servares‘prtesentia,
3125 3594 3219 3641 aut
3242 3587 3461 3658 copiam

1871 3685 2121 3744 augeres.
2184 3672 2301 3728 Hoc
2351 3674 2536 3745 itaque
2583 3673 2760 3731 facias
2805 3676 2973 3731 etiam
3026 3679 3303 3749 praedictae
3354 3680 3461 3734 viri

1865 3763 2054 3819 domui
2105 3780 2387 3837 rogamus.
2437 3765 2556 3821 Erit
2602 3776 2785 3824 autem
2831 3769 2931 3824 tibi
2989 3784 3020 3824 a
3076 3785 3165 3826 me
3217 3785 3320 3843 pro
3369 3772 3459 3829 bis
3563 3774 3568 3779 ’

1863 3857 2121 3910 omnibus
2165 3865 2430 3911 consueta
2460 3870 2710 3924 merces,
2755 3870 2948 3930 preces
2989 3860 3056 3916 ad
3105 3860 3274 3916 Deum
3326 3876 3427 3917 san

1863 3953 2012 3999 ctum
2058 3962 2158 4017 pro
2193 3947 2510 4016 laboribus,
2555 3964 2696 4019 quos
2729 3951 2971 4021 suscipis
3034 3951 3238 4007 bonum
3301 3960 3356 4008 te
3399 3963 3449 4008 et

1858 4036 2092 4106 probum
2141 4037 2413 4109 praebens,
2463 4053 2529 4095 ac
2552 4040 2847 4111 petitiones
2883 4041 3252 4115 indigentium
3298 4050 3449 4099 ante-

1859 4136 2102 4185 vertens.

2360 4268 2704 4326 EPISTOLA
2739 4271 2832 4326 XX
2843 4272 2929 4328 XV
2941 4272 3025 4328 I".

171 4384 319 4451 legat
339 4382 578 4445 Basilius,
601 4390 656 4435 ut
675 4384 957 4452 presbytero
982 4385 1068 4452 qui
1089 4398 1202 4437 cum
1224 4383 1334 4451 ipso
1352 4386 1583 4439 educatus
1607 4383 1935 4499 {magian
1956 4382 2024 4433 ad
2044 4382 2224 4436 victum
2253 4384 2418 4439 labore
2436 4401 2526 4439 suo
2550 4387 2871 4453 ministrabat,
2894 4403 3017 4443 nova
3034 4393 3334 4459 permutatio
3357 4407 3448 4446 nor

416 4556 845 4626 Ἀνεπίτραςρος
862 4598 879 4624 ,
909 4555 1008 4611 ἐπὶ
1037 4556 1349 4626 ἐπικουρίᾳ
1371 4556 1507 4629 (92).

245 4671 307 4725 ’0
348 4669 725 4743 πρεσϐύτερος
751 4669 846 4723 τοῦ
875 4670 1077 4742 χωρίου
1100 4669 1288 4735 τοῦδε,
1315 4666 1499 4742 οἶμαι,
1532 4671 1617 4725 ὅτι
1649 4669 1758 4724 πά-

168 4760 254 4816 λαι
284 4762 560 4830 ἔγνωσται
601 4764 670 4833 τῇ
717 4761 968 4833 εὐγενείᾳ
1003 4778 1097 4815 σου
1118 4801 1134 4826 ,
1164 4763 1247 4815 ὅτι
1288 4762 1436 4815 ἐστὶν
1469 4761 1593 4832 ἐμοὶ
1627 4760 1755 4815 σύν-

168 4869 390 4924 τροφος.
432 4851 502 4903 Τί
540 4846 635 4904 οὖν
665 4850 794 4905 ἄλλο
840 4851 925 4904 δεῖ
971 4866 1039 4920 με
1083 4852 1259 4904 εἰπεῖν
1304 4849 1442 4921 πρὸς
1488 4850 1551 4903 τὸ
1586 4849 1759 4904 δυσω-

169 4945 347 5016 πῆσαί
376 4960 472 4997 σου
494 4941 595 5013 τὴν
633 4942 1007 5014 χρηστότητα,
1043 4941 1260 5005 οἰκείως
1295 4941 1460 4995 αὐτὸν
1492 4940 1622 4995 ίδεῖν
1659 4940 1758 4996 atat

172 5035 440 5106 βοηθῆσαι
477 5033 628 5105 αὐτῷ
660 5035 740 5098 είς
780 5034 851 5088 τὰ
887 5033 1227 5105 πράγματα;
1269 5033 1334 5087 Ei
1373 5032 1473 5104 μὲν
1511 5031 1620 5104 γὰρ
1653 5032 1757 5104 ἐμὲ

169 5128 427 5199 ἀγαπᾷς,
467 5124 659 5197 ὥσπερ
691 5120 783 5180 οὖν
810 5126 1033 5196 ἀγαπᾷς
1053 5164 1070 5190 ,
1102 5123 1344 5196 δηλονότι
1387 5122 1483 5177 καὶ
1511 5122 1605 5188 οὓς
1636 5123 1753 5179 ἀντ’

241 5280 356 5352 (88)
384 5280 615 5350 Καίπερ
659 5279 867 5344 οὕτως.
924 5276 1022 5333 Sic
1042 5292 1179 5334 mss.
1211 5292 1329 5335 sex.
1372 5275 1518 5332 Εσιίιί
1552 5276 1755 5350 καίπερ

386 5416 549 5477 ϐίον.
579 5419 673 5475 Sic
699 5420 865 5490 etiam
895 5432 1181 5490 mss._sex.
1215 5416 1361 5471 Editi
1392 5412 1502 5490 ora:

243 5486 359 5562 (90}
402 5492 547 5547 Ἐὰν
574 5489 982 5560 εὐγνωμόνως.
1026 5487 1122 5543 Sic
1161 5502 1296 5544 mss.
1332 5503 1448 5544 sex.
1479 5486 1625 5544 Editi
1650 5488 1753 5543 κᾶν

172 5563 630 5767 “gygen
668 5629 746 5684 ἂν
780 5624 850 5685 εὗ
882 5646 940 5683 τι
972 5628 1170 5683 πείθοι.
1197 5627 1468 5698 Corrupte
1492 5629 1549 5683 in
1581 5627 1750 5685 editis

176 5702 263 5767 ἐφ’
282 5719 312 5756 ο
390 5703 460 5758 ἂν
497 5702 578 5767 μὴ
606 5696 668 5754 εὖ
698 5717 750 5754 τι
779 5700 1029 5767 πάθοιμι.
1063 5698 1279 5757 Vulnus
1306 5699 1627 5757 sanavimus
1653 5713 1750 5767 ope

176 5696 267 5772 tqf'
282 5696 360 5767 012
390 5696 469 5758 ἂν
497 5702 578 5774 μὴ
605 5696 668 5754 εὖ
698 5717 750 5754 τι
779 5700 1029 5770 πάθοιμι.
1063 5698 1279 5757 Vulnus
1306 5696 1627 5757 sanavimus
1653 5713 1760 5771 ope

1785 4560 1833 4617 D

2177 4556 2304 4612 Sine
2328 4558 2692 4629 inscriptione,
2723 4563 2916 4617 auxilii
2942 4581 3126 4620 causa.

1932 4666 2163 4724 Novisse
2210 4669 2535 4739 jamdudum
2578 4672 2919 4729 nobilitatem
2975 4685 3124 4730 tuam
3169 4678 3445 4740 arbitror,

1864 4762 1972 4817 loci
2031 4762 2178 4818 illius
2213 4763 2593 4834 presbyterum
2645 4781 2753 4819 una
2799 4781 3010 4820 mecum
3043 4767 3214 4825 fuisse
3245 4770 3449 4825 educa-

1864 4859 2004 4907 tum.
2042 4850 2185 4917 Quid
2241 4851 2409 4921 igitur
2451 4853 2599 4907 aliud
2638 4853 2930 4909 dicendum
2991 4856 3125 4911 mihi
3176 4867 3283 4926 est,
3335 4876 3447 4930 quo

1865 4942 2260 5012 benignitatem
2288 4950 2439 4998 tuam
2487 4958 2729 5011 exorem,
2764 4952 2824 4999 ut
2848 4946 3036 5001 videas
3066 4947 3219 5003 illum
3247 4950 3445 5018 amice,

1864 5041 2031 5103 atque
2059 5033 2109 5088 ei
2149 5032 2215 5088 ad
2242 5034 2462 5105 negotia
2492 5051 2651 5106 opem
2684 5036 2868 5092 feras?
2898 5036 2956 5092 Si
2986 5039 3132 5094 enim
3155 5056 3243 5097 me
3268 5058 3446 5109 amas,

1861 5132 1922 5179 ut
1950 5123 2201 5196 profecto
2227 5140 2418 5196 amas;
2452 5143 2563 5184 non
2589 5129 2815 5186 dubium
2841 5133 2975 5203 quin
2996 5140 3052 5188 et
3083 5148 3223 5204 quos
3252 5134 3446 5192 eodem

1861 5280 2114 5336 codicum
2142 5281 2280 5352 Reg.
2307 5284 2537 5352 secundi
2562 5293 2619 5340 et
2646 5286 2973 5344 Coisliniani
3008 5291 3258 5346 secundi.
3285 5291 3448 5350 Deest
3501 5302 3518 5333 ι

1859 5351 2029 5430 etiam
2063 5350 2281 5430 negatio
2310 5350 2535 5430 ante_e§_
2566 5373 2620 5410 τι
2656 5358 2713 5411 in
2767 5361 3161 5430 antiquissimo
3188 5362 3359 5418 Coisl.
3390 5373 3448 5420 et

1859 5419 2038 5502 Med:
2057 5419 2156 5502 sed
2184 5428 2417 5502 uterque
2447 5425 2720 5502 habebnt
2746 5419 3181 5502 εάίιί,’πάθοιμι.

1932 5491 2046 5573 (ρει.)
2084 5491 2442 5573 Ὲςξι-κουρίᾳ.
2470 5494 2613 5551 Editi
2636 5491 2957 5571 ἐπικουρίας
2982 5491 3175 5557 contra
3195 5501 3445 5563 omnium

1858 5563 2112 5617 codicum
2146 5562 2328 5616 ﬁdem.

1934 5632 2134 5714 :‘AAlias
2540 5637 2748 5714 scripta
2780 5649 2908 5697 ante
2933 5642 3330 5714 episcopatum.

1936 5702 1978 5728 ’θ
2004 5701 2157 5759 Alias
2187 5701 2518 5777 CCXXVII],
2551 5701 2754 5782 scripta
2778 5721 2905 5771 ante
2932 5701 3333 5787 episcopatum.
