3870 6218
203 290 316 345 325

738 431 1080 486 ΕΠΙΣΤΟΛΗ
1125 436 1165 487 Λ
1175 436 1254 488 II'.

1092 293 1587 351 EPISTOLARUM
1622 295 1908 352 CLASSIS
1945 298 1984 352 I.
2027 296 2244 355 EPIST.
2291 300 2580 360 XXXVIII.

3359 315 3465 371 528

2330 443 2667 502 EPISTOLA
2704 447 3007 509 xxxvnr.
3370 440 3383 451 ‘

206 547 832 637 εῗᾟὲεξῖξῗῖἔ¹..ίῖῗξξίξἾὲ
855 551 1468 637 ἴ²ῗ9ΠῗΕἾΪΕῙΪΞ¹ῩῙκ²ΫΞ
1477 551 2122 637 Ἦίίίὲίῗξιεὲξὲηέίῗζὶιξέ.
2136 559 2384 637 ΐτκρρδιαξξ
2404 578 2498 637 ".0."
2512 563 2933 637 satiasecemeret.
2958 570 3219 637 προπαιξέ
3244 571 3367 637 quid
3385 572 3463 637 im

262 608 840 698 [ξίςὲξὶ
847 608 1547 698 ἐνέέιρῃξοὲιαεεεέέιιςαιη
1564 608 1818 698 legentum-1
1829 615 1887 698 lin
1912 608 3461 698 argutiaeinfirmi;iiiiié'iizi'siiii'éﬁiziii

264 670 495 734 Explicat
516 681 613 736 quo
630 670 773 723 sensit
797 674 986 724 Paulus
1011 670 1316 737 splendorem
1339 670 1512 740 gloria:
1532 685 1576 728 et
1595 674 1805 742 ﬁgurant
1823 678 2095 743 Itgpostasis
2114 670 2399 735 dixerat-7'
2427 670 2513 727 ’”⁷η

200 800 509 870 Γρηγυρίφ
530 802 640 875 (99)
680 803 920 894 ἀδεαῑξῷ
944 808 1075 892 περὶ
1107 807 1394 878 διαφορᾶς
1421 811 1637 876 οὐσίας
1680 809 1778 863 καὶ

1884 808 2136 882 Gregorio
2164 816 2327 885 fratri
2354 816 2418 872 de
2447 817 2755 874 discrimine
2784 824 3023 876 essentia:
3051 832 3101 877 et
3139 822 3459 894 hypostasis.

784 878 1198 945 ὑποστάσεως.

270 983 325 1035 I.
367 984 587 1057 Ἐπειδὴ
641 987 825 1040 πολλοὶ
874 988 935 1041 τὸ
993 991 1172 1043 κοινὸν
1224 990 1327 1060 τῆς
1364 990 1551 1054 οὐσίας
1578 989 1655 1059 (I)
1691 991 1782 1043 ἐπὶ

195 1071 310 1124 τῶν
357 1077 634 1143 μυστικῶν
676 1077 961 1148 δογμάτων
1006 1080 1081 1150 μὴ
1126 1079 1490 1151 διακρίνοντες
1531 1079 1642 1131 ἀπὸ
1687 1078 1781 1131 τοῦ

194 1164 307 1215 τῶν
341 1166 692 1221 ὐποστάσεων
720 1169 878 1238 λόγου
899 1211 912 1231 ,
949 1173 1068 1233 ταῖς
1096 1172 1286 1234 αὐταῖς
1314 1172 1782 1241 συνεμπίπτουσιν

196 1257 519 1322 ὑπονοίαις,
570 1262 664 1313 καὶ
711 1261 911 1314 οἱόνται
960 1262 1237 1333 διαφέρειν
1290 1263 1455 1331 μηδὲν
1509 1263 1697 1317 οὐσίαν
1746 1262 1778 1333 ἢ

195 1348 502 1402 ὑπόστασιν
528 1350 708 1418 λέγειν
746 1353 889 1423 (ὅθεν
920 1354 1012 1406 καὶ
1057 1355 1219 1426 ἤρεσέ
1251 1371 1360 1407 τισι
1390 1354 1498 1406 τῶν
1524 1354 1780 1420 ἀνεξετάα

199 1454 343 1501 στως
390 1439 460 1491 τὰ
513 1440 737 1493 τοιαῦτα
784 1444 1262 1513 προσδεχομένων,
1294 1444 1483 1516 ὥσπερ
1531 1445 1658 1515 μίαν
1688 1446 1780 1498 οὐ-

195 1530 323 1582 σίαν
345 1572 362 1594 ,
393 1530 540 1584 οὕτω
570 1533 645 1602 ('2)
688 1536 781 1587 καὶ
823 1537 952 1605 μίαν
994 1537 1291 1589 ὑπόστασιν
1330 1537 1510 1606 λέγειν
1536 1554 1550 1567 ·
1586 1538 1681 1591 καὶ
1720 1538 1780 1590 τὸ

192 1616 467 1687 ἔμπαλιν,
494 1623 545 1673 οι
572 1622 667 1684 τὰς
698 1627 848 1694 τρεῖς
878 1625 1203 1690 ὑποστάσεις
1232 1628 1658 1699 παραδεχόμενοι
1686 1629 1779 1681 καὶ

190 1712 293 1780 τὴν
334 1712 448 1764 τῶν
476 1714 674 1767 οὐσιῶν
722 1716 1017 1788 διαίρεσιν,
1064 1719 1204 1772 κατὰ
1237 1720 1328 1772 τὸν
1371 1720 1484 1773 ἴσον
1523 1720 1775 1791 ἀριθμὸν,

191 1804 257 1854 ἐκ
294 1804 399 1871 τῆς
446 1806 737 1875 ὁμολογίας
767 1808 970 1878 ταύτης
999 1810 1347 1881 δογματίζειν
1385 1812 1585 1867 οἴονται
1610 1816 1773 1884 δεῖν)⁶

189 1893 280 1947 διὰ
317 1895 511 1960 τοῦτο,
551 1898 627 1960 ὡς
677 1900 743 1953 ἂν
792 1902 865 1972 μὴ
898 1903 990 1954 καὶ
1045 1905 1108 1956 σὺ
1142 1902 1212 1956 τὰ
1230 1906 1399 1974 ’ὃμοια
1438 1905 1632 1969 πάθοις
1659 1908 1733 1976 (5)
1759 1946 1774 1969 ,

189 1983 500 2055 ὑπόμνημά
545 2002 629 2039 σοι
677 1987 765 2041 διὰ
804 1988 1050 2060 βραχέων
1091 1992 1183 2046 τὸν
1237 1995 1365 2066 περὶ
1392 1994 1584 2047 τούτου
1620 1994 1777 2064 λόγον

188 2073 563 2144 ἐποιησάμην.
603 2078 758 2130 Ἔστι
786 2078 983 2143 τοίνυν,
1016 2080 1092 2143 ὡς
1121 2083 1178 2134 ὲν
1205 2082 1371 2154 ὀλίγῳ
1403 2084 1773 2155 παραστῆσαι,

185 2163 419 2234 τοιαύτη
450 2165 559 2218 τῶν
588 2166 892 2237 λεγομένων
914 2173 947 2240 ἡ
983 2169 1179 2225 ἔννοια.

258 2257 317 2313 9.
353 2258 578 2310 Πάντων
598 2260 705 2312 τῶν
741 2260 1021 2331 ὀνομάτων
1052 2262 1121 2316 τά
1150 2265 1248 2334 μὲν
1279 2267 1371 2318 ἐπὶ
1401 2266 1660 2320 πλειόνων
1682 2268 1775 2321 καὶ

187 2345 267 2415 τῷ
316 2346 540 2418 ἀριθμῷ
589 2348 950 2419 διαφερόντων
1001 2351 1269 2423 λεγόμενα
1321 2358 1662 2427 πραγμάτων
1696 2359 1774 2429 (4)

187 2436 632 2509 καθολικωτέραν
674 2441 799 2493 τινά
844 2441 942 2513 τὴν
991 2443 1265 2514 σημασίαν
1299 2444 1412 2515 ἔχει
1441 2485 1457 2510 ,
1508 2442 1618 2499 οἷον
1668 2448 1772 2501 ἅν-

187 2533 447 2598 θρωπος.
498 2532 559 2584 '0
595 2532 704 2604 γὰρ
735 2534 893 2587 τοῦτο
925 2534 1096 2589 εἰπὼν
1116 2576 1130 2599 ,
1160 2537 1260 2607 τὴν
1285 2538 1471 2607 κοινὴν
1498 2538 1659 2606 φύσιν
1686 2539 1773 2594 διὰ

186 2622 281 2676 τοῦ
325 2624 594 2693 ὀνόματος
641 2626 859 2692 δείξας,
893 2629 953 2681 οὐ
996 2628 1334 2699 περιέγραψε
1369 2633 1433 2700 τῇ
1483 2634 1631 2702 φωνῇ
1683 2632 1773 2684 τὸν

185 2714 309 2766 τινά
339 2713 628 2785 ἄνθρωπον
647 2754 662 2778 ,
692 2716 782 2768 τὸν
818 2716 964 2780 ἰδίως
997 2718 1103 2771 ὑπὸ
1135 2718 1228 2772 τοῦ
1270 2719 1533 2790 ὀνόματος
1577 2738 1776 2794 γνωρι-

186 2804 441 2875 ζόμενον.
467 2808 543 2859 Οὐ
586 2808 695 2879 γὰρ
745 2809 942 2879 μᾶλλον
970 2810 1176 2883 Πέτρος
1204 2811 1487 2883 ἄνθρωπός
1524 2816 1671 2867 ἐστιν
1693 2854 1708 2877 ,
1737 2814 1770 2885 ἢ

186 2899 281 2952 καὶ
326 2899 582 2970 Ἀνδρέας
605 2939 621 2963 ,
655 2902 749 2954 καὶ
801 2902 1086 2973 Ἰωάννης,
1129 2905 1223 2956 καὶ
1270 2905 1540 2967 Ἰάκωϐος.
1585 2906 1649 2958 Ἠ
1679 2903 1772 2959 οὖν

184 2989 441 3058 κοινότης
475 2989 570 3042 τοῦ
607 2992 1032 3061 σημαινομένου,
1060 2993 1261 3063 ὁμοίως
1284 2994 1377 3046 ἐπὶ
1417 2994 1625 3058 πάντας
1645 2996 1772 3058 τοὺς

185 3081 292 3134 ὑπὸ
314 3081 377 3134 τὸ
404 3082 538 3136 αὐτὸ
568 3082 644 3153 (5)
678 3083 847 3154 ὄνομα
874 3085 1239 3154 τεταγμένους
1272 3086 1547 3157 χωροῦσα,
1575 3086 1766 3157 χρείαν

182 3174 298 3244 ἔχει
330 3173 433 3244 τῆς
485 3174 905 3245 ὐποδιαστολῆς,
945 3176 1013 3228 δι’
1058 3172 1126 3247 ἦς
1170 3177 1231 3229 οὐ
1268 3177 1361 3229 τὸν
1404 3176 1634 3230 καθόλου
1677 3178 1771 3231 άν-

182 3264 445 3335 θρωπον,
493 3264 628 3318 ἀλλὰ
671 3266 763 3319 τὸν
799 3267 1004 3338 Πέτρον
1047 3268 1081 3338 ἢ
1124 3268 1216 3319 τὸν
1258 3266 1509 3339 Ἰωάννην
1542 3270 1772 3338 ἐπιγνω-

182 3355 416 3424 σόμεθα.
450 3355 531 3408 Τὰ
572 3356 630 3409 δὲ
670 3355 779 3409 τῶν
812 3357 1091 3428 ὀνομάτων
1141 3358 1461 3430 ίδικωτέραν
1510 3358 1624 3430 ἔχει
1667 3361 1767 3431 τὴν

181 3445 442 3514 ἔνδειξιν,
474 3446 541 3500 δι’
588 3444 658 3519 ἦς
702 3449 800 3519 οὐχ
830 3452 864 3521 ἡ
901 3449 1148 3519 κοινότης
1179 3452 1278 3522 τῆς
1315 3451 1529 3520 φύσεως
1571 3450 1767 3505 ἐνθεω-
1793 3491 1836 3548 C

184 3541 359 3606 ρεῖται
428 3538 509 3609 τῷ
542 3542 948 3613 .σημαινομένῳ
982 3582 997 3605 ,
1054 3543 1190 3597 ἀλλὰ
1253 3543 1575 3615 πράγματός
1624 3561 1768 3607 τινος

181 3628 508 3700 περιγραφὴ
545 3668 562 3692 ,
616 3630 882 3700 μηδεμίαν
937 3632 1133 3702 ἔχουσα
1195 3633 1333 3703 πρὸς
1380 3632 1441 3685 τὸ
1487 3634 1762 3703 ὁμογενὲς,

181 3723 324 3774 κατὰ
353 3721 417 3774 τὸ
453 3720 653 3784 ἰδιάζον
673 3763 688 3787 ,
717 3723 815 3792 τὴν
853 3725 1167 3790 κοινωνίαν,
1205 3720 1315 3779 οἷον
1345 3728 1373 3779 ὀ
1404 3724 1634 3789 Παῦλος,
1671 3724 1706 3795 ἢ
1734 3726 1763 3777 ὀ

181 3812 474 3883 Τιμόθεος.
522 3814 722 3867 Οὐκέτι
762 3814 871 3886 γὰρ
921 3819 954 3887 ἡ
983 3818 1204 3887 τοιαύτη
1238 3818 1390 3889 φωνὴ
1426 3818 1515 3870 ἐπὶ
1561 3817 1620 3870 τὸ
1660 3833 1767 3870 κοι-

182 3900 265 3953 νὸν
314 3901 419 3972 τῆς
470 3900 687 3969 φύσεως
736 3905 959 3973 φέρεται
994 3944 1009 3967 ,
1051 3904 1188 3958 ἀλλὰ
1221 3906 1501 3976 χωρίσασα
1545 3905 1620 3977 (6)
1666 3905 1766 3976 τῆς

181 3992 587 4064 περιληπτικῆς
648 3995 959 4065 σημασίας,
1020 3996 1550 4067 περιγεγραμμένων
1602 3997 1763 4050 τινῶν

180 4085 530 4155 πραγμάτων
567 4083 803 4154 ἔμφασιν
844 4085 932 4139 διὰ
963 4086 1070 4140 τῶν
1101 4088 1381 4157 ὀνομάτων
1408 4089 1759 4159 παρίστησιν.

181 4173 349 4227 Ὅταν
387 4170 483 4226 οὖν
509 4173 603 4226 δύο
641 4175 674 4246 ἢ
703 4175 798 4227 καὶ
828 4174 1088 4228 πλειόνων
1118 4176 1260 4230 κατὰ
1310 4176 1371 4229 τὸ
1399 4178 1531 4230 αὐτὸ
1568 4178 1759 4243 ὄντων,

179 4260 283 4325 οἷον
315 4266 543 4320 Παύλου
571 4266 667 4318 καὶ
704 4266 988 4320 Σιλουανοῦ
1034 4268 1128 4320 καί
1158 4268 1459 4338 Τιμοθέου,
1507 4270 1635 4340 περὶ
1662 4274 1762 4343 τῆς

179 4358 367 4421 οὐσίας
415 4356 530 4409 τῶν
577 4355 879 4428 ἀνθρώπων
927 4357 1157 4428 ζητῆται
1205 4357 1360 4426 λόγος
1393 4374 1405 4387 ·
1455 4359 1556 4412 οὐκ
1603 4359 1761 4414 ἄλλον

177 4464 254 4512 τις
294 4449 577 4502 ἀποδώσει
620 4452 718 4520 τῆς
772 4449 957 4512 οὐσίας
1006 4450 1100 4503 ἐπὶ
1150 4450 1241 4502 τοῦ
1291 4449 1506 4502 Παύλου
1560 4451 1718 4520 λόγον
1744 4491 1758 4515 ,

177 4540 361 4612 ἕτερον
397 4540 458 4594 δὲ
515 4540 610 4592 ἐπὶ
651 4540 744 4593 τοῦ
796 4540 1079 4595 Σιλουανοῦ
1120 4581 1135 4606 ,
1196 4542 1290 4594 καὶ
1336 4541 1493 4595 ἄλλον
1532 4542 1625 4594 ἐπὶ
1664 4540 1758 4595 τοῦ

178 4631 476 4703 Τιμοθέου·
518 4632 657 4686 ἀλλὰ
711 4632 778 4685 δι’
812 4626 888 4686 ὧν
941 4634 1007 4686 ἂν
1044 4633 1218 4700 λόγων
1263 4635 1296 4704 ἡ
1342 4634 1500 4686 οὐσία
1544 4632 1620 4704 (7)
1663 4631 1758 4686 τοῦ

1955 986 2006 1041 I.
2032 988 2301 1054 Quoniam
2331 992 2482 1046 multi
2504 993 2825 1059 essentiam,
2864 1010 2984 1064 quae
3012 997 3323 1051 communis
3350 1004 3457 1065 est,

1881 1078 1937 1130 in
1968 1081 2214 1147 mysticis
2250 1083 2596 1152 dogmatibus
2636 1102 2746 1139 non
2792 1095 3142 1142 secerncntes
3185 1088 3252 1142 ab
3287 1088 3463 1160 hypo-

1882 1176 2111 1224 slasewn
2146 1174 2377 1241 ratione,
2425 1175 2480 1229 in
2511 1176 2730 1232 easdem
2780 1178 3030 1233 recidunt
3070 1181 3342 1241 notiones.
3372 1182 3460 1236 ni-

1881 1258 2066 1330 hilque
2094 1264 2407 1318 existimant
2440 1267 2729 1333 interesse,
2761 1278 2941 1322 utrum
2976 1272 3214 1325 essentia
3247 1285 3314 1325 an
3355 1272 3459 1344 hy-

1880 1350 2119 1416 postasis
2150 1350 2365 1407 dicatur
2395 1354 2559 1426 (unde
2586 1356 2750 1409 etiam
2786 1358 2989 1427 placuit
3027 1360 3307 1416 nonnullis
3337 1362 3461 1417 sine

1880 1444 2129 1498 examine
2145 1459 2234 1499 res
2254 1446 2527 1514 ejusmodi
2554 1448 2989 1511 admittentibus,
3013 1458 3070 1503 ut
3096 1468 3258 1506 unam
3275 1468 3458 1508 essen-

1880 1533 2033 1597 tiam,
2060 1535 2132 1587 ita
2158 1543 2213 1589 et
2245 1537 2581 1607 hypostasim
2609 1555 2775 1592 unam
2805 1542 2987 1595 dicere
3015 1562 3026 1595 :
3053 1552 3107 1597 et
3135 1544 3250 1598 vice
3275 1560 3453 1610 versa,

1879 1627 1973 1695 qui
2013 1626 2337 1697 hypostascs
2369 1638 2483 1684 tres
2515 1632 2860 1700 profitentur,
2899 1633 3061 1686 etiam
3093 1636 3457 1693 essentiarutn

1878 1718 2201 1774 divisionem
2246 1721 2548 1776 secundum
2607 1724 2858 1777 eumdem
2915 1740 3203 1780 numerum
3252 1743 3319 1782 ex
3354 1729 3459 1784 hac

1878 1808 2226 1867 confessione
2257 1813 2597 1868 statuendam
2623 1830 2745 1869 esse
2785 1818 3036 1885 putant):
3067 1826 3359 1891 propterea
3386 1837 3457 1877 ne

1880 1907 1936 1952 tu
1965 1916 2182 1972 quoque
2217 1905 2414 1958 similia
2448 1906 2693 1975 patiaris,
2730 1907 2943 1961 brevem
2968 1924 3032 1962 ea
3066 1911 3133 1963 de
3155 1925 3213 1963 re
3242 1925 3452 1965 sermo-
3494 1936 3504 1944 ι

1877 2008 2001 2047 nem
2039 1995 2133 2047 tibi
2177 1997 2556 2049 commentarii
2599 1997 2719 2051 loco
2768 1997 3000 2053 confeci.
3035 1998 3238 2053 Harum
3284 2001 3455 2072 igitur

1881 2098 2092 2151 vocum,
2119 2094 2177 2138 ut
2212 2087 2401 2155 paucis
2430 2104 2543 2143 rem
2576 2088 2871 2153 declarent,
2901 2090 3052 2145 notio
3093 2091 3207 2146 haec
3240 2100 3346 2148 est.

1945 2258 2001 2311 2.
2034 2256 2109 2312 Ex
2141 2259 2396 2314 omnibus
2422 2261 2738 2315 nominibus
2768 2263 2893 2326 alia,
2917 2262 2983 2318 de
3003 2265 3168 2321 rebus
3201 2267 3451 2337 pluribus

1874 2354 1929 2402 ct
1958 2364 2185 2403 numero
2218 2349 2596 2406 dill'ereutibus
2640 2352 2807 2418 dicta,
2853 2355 3130 2409 notionem
3158 2359 3453 2425 quamdam

1874 2437 2050 2507 magis
2076 2440 2384 2507 generalem
2416 2440 2635 2505 habent,
2669 2443 2814 2496 velut
2834 2443 3008 2498 homo.
3040 2445 3141 2512 Qui
3168 2450 3313 2502 enim
3345 2449 3451 2504 hoc

1872 2528 2028 2592 dixit,
2062 2532 2339 2582 communi
2369 2538 2562 2583 natura
2586 2547 2681 2600 per
2708 2531 2762 2585 id
2798 2549 2997 2588 nomen
3037 2536 3296 2604 indicata,
3337 2554 3450 2594 non

1873 2622 2309 2690 circumscripsit
2367 2621 2470 2677 hac
2509 2638 2642 2678 voce
2671 2633 2882 2679 certum
2928 2631 3216 2697 quemdam
3268 2631 3450 2686 homi-

1873 2728 2019 2774 nem,
2059 2713 2280 2782 prOpric
2325 2715 2430 2768 isto
2478 2716 2700 2771 nomine
2740 2718 3106 2786 designatum.
3154 2720 3273 2776 Non
3303 2724 3447 2777 enim

1873 2804 2047 2874 magis
2079 2803 2274 2866 Petrus
2300 2803 2464 2858 homo
2486 2816 2570 2860 est
2598 2822 2762 2875 quam
2788 2816 2841 2861 et
2886 2810 3154 2873 Andreas,
3190 2820 3243 2865 et
3283 2810 3450 2866 Joan-

1872 2910 1992 2962 nes,
2025 2903 2079 2951 et
2106 2895 2366 2952 Jacobus.
2400 2895 2588 2967 Itaque
2625 2901 2993 2956 communitas
3025 2902 3102 2955 rei
3133 2902 3456 2973 signiﬁcata

1872 2990 2128 3045 similiter
2158 3006 2370 3056 omnes,
2414 2992 2507 3061 qui
2534 2991 2636 3045 sub
2668 2992 2856 3046 eodem
2890 2993 3110 3048 nomine
3153 3010 3447 3051 recensen-

1872 3087 1983 3146 tur,
2029 3080 2521 3151 comprehendens,
2574 3081 3005 3138 subdivisionem
3055 3086 3311 3154 postulat,
3351 3101 3452 3155 per

1869 3188 2034 3243 quam
2082 3190 2192 3228 non
2243 3174 2515 3229 hominem
2574 3175 2892 3243 generatim,
2943 3176 3037 3231 scd
3086 3175 3305 3231 Petrum
3352 3183 3452 3231 aut.

1869 3264 2134 3320 Joannem
2184 3281 2602 3337 cognoscamus.
2656 3268 2778 3319 Alia
2832 3282 2964 3320 vero
3011 3270 3232 3321 nomina
3272 3268 3446 3337 magis

1869 3357 2198 3426 peculiarem
2231 3358 2432 3412 habent
2467 3358 2627 3427 116
2656 3360 2956 3422 notionem,
2990 3372 3099 3426 qua
3144 3374 3252 3412 non
3291 3373 3449 3412 com-

1869 3451 2111 3504 munitas
2142 3462 2352 3504 naturae
2380 3450 2764 3505 consideratur
2805 3450 2858 3502 in
2893 3464 2951 3503 re
2990 3450 3313 3519 signiﬁcata,
3348 3451 3445 3506 sed

1870 3539 2155 3607 cujusdam
2185 3540 2262 3593 rei
2293 3540 2732 3606 circumscriptio
2762 3539 2967 3592 nullam
2997 3540 3203 3593 habens
3222 3554 3345 3593 cum
3377 3554 3446 3595 eo

1869 3628 2014 3700 quod
2041 3630 2236 3685 similis
2263 3637 2348 3686 est
2385 3640 2617 3694 natura,
2653 3631 2706 3684 in
2741 3646 2806 3685 eo
2836 3632 2983 3699 quod
3027 3635 3303 3701 proprium
3335 3642 3440 3698 est,

1869 3726 2342 3789 communionem;
2376 3725 2609 3794 exempli
2638 3739 2826 3787 causa,
2863 3723 3086 3789 Paulus,
3123 3736 3217 3779 aut
3257 3724 3444 3781 Timo-

1866 3814 2049 3869 theus.
2074 3812 2190 3867 Non
2215 3814 2360 3867 enim
2383 3813 2495 3881 jam
2520 3812 2791 3881 ejusmodi
2824 3828 2926 3867 vox
2951 3814 3003 3867 in
3033 3821 3280 3868 naturam
3302 3830 3450 3870 com-

1865 3919 2087 3958 munem
2139 3904 2330 3967 fertur,
2365 3905 2460 3958 sed
2495 3919 2523 3957 a
2563 3904 2801 3973 generali
2847 3904 3250 3973 signiﬁcatione
3286 3920 3445 3976 sepa-

1865 4011 2017 4060 rans,
2054 4011 2237 4051 rerum
2282 3995 2644 4065 quarumdam
2685 3995 3224 4066 circumscriptarum
3265 3997 3448 4050 notio-

1864 4104 1989 4142 nem
2025 4088 2339 4142 nominibus
2386 4087 2648 4141 declarat.
2700 4086 2889 4155 Itaque
2936 4102 3060 4141 cum
3105 4086 3321 4143 duobus
3349 4097 3445 4142 aut

1863 4180 2029 4235 etiam
2056 4179 2304 4250 pluribus
2330 4179 2492 4234 simul
2517 4178 2848 4247 conjunctis,
2875 4185 3027 4247 puta,
3054 4177 3242 4244 Paulo,
3269 4189 3323 4236 et
3345 4179 3447 4235 Sil-

1862 4287 2024 4335 vano,
2075 4279 2131 4326 et
2177 4270 2485 4337 Timotheo,
2540 4272 2842 4343 inquiritur
2889 4272 3141 4327 essentia:
3192 4272 3444 4329 humanae

1862 4360 2129 4425 deﬁnitio,
2179 4376 2289 4414 non
2318 4360 2476 4414 aliam
2521 4362 2647 4430 quis
2687 4360 2740 4413 in
2771 4358 2943 4415 Paulo
2974 4359 3164 4414 reddet
3190 4362 3443 4416 essentia!

1862 4454 2156 4520 rationem,
2185 4453 2345 4506 aliam
2373 4453 2427 4505 in
2462 4451 2705 4515 Silvano,
2742 4459 2797 4505 et
2823 4453 2983 4505 aliam
3020 4454 3074 4506 in
3106 4450 3393 4508 Timotheo
3421 4473 3439 4509 :

1863 4546 1960 4600 sed
1981 4545 2182 4615 quibus
2213 4545 2397 4600 verbis
2419 4544 2573 4598 Pauli
2604 4545 2846 4600 essentia
2886 4553 3105 4600 ostensa
3139 4543 3322 4608 fuerit,
3353 4559 3443 4600 ea-

1861 4635 1984 4689 dem
2036 4634 2203 4689 etiam
2252 4634 2373 4689 aliis
2420 4635 2779 4699 convenient;
2826 4650 2892 4689 ac
2945 4633 3444 4689 consubstantiales

244 4789 358 4860 (99)
390 4788 715 4882 ζρέιγορίῳ.
738 4786 973 4882 .Legitplr
1000 4788 1369 4882 haeg‘epistqla
1406 4789 1550 4870 inter
1577 4786 1755 4882 (ξρετε

1934 4788 2422 4882 time-flare
2452 4805 2639 4882 res!“
2659 4787 3442 4882 ,εάίίίίξὶηξειξ,.τεξ-εεινεγε·

176 4857 428 4930 Grégdrii
454 4857 687 4930 Ny'sseni
716 4867 872 4930 _tom.
903 4858 989 4923 III,
1017 4876 1070 4929 p.
1094 4857 1190 4921 28,
1230 4860 1333 4913 sub
1356 4860 1575 4930 nomine
1595 4858 1753 4930 ptire-

174 4927 309 4997 gorii
337 4927 578 5000 Nysseni
609 4929 677 4981 ad
716 4927 934 4983 Petrum
974 4927 1201 4984 fratrem
1237 4930 1311 4982 De
1338 4929 1640 4998 diﬂerentia
1669 4944 1754 4982 es-

172 5004 353 5055 sentia-
385 5010 435 5054 et
458 5000 795 5068 Iigpostasis;
824 5002 916 5054 sed
938 5015 1057 5054 eam
1082 5000 1284 5054 Basilio
1301 5002 1756 5054 tribuuntomnes

173 5073 347 5126 nostri
381 5074 605 5125 codices
656 5086 790 5124 mss.
824 5070 1006 5141 Stylus
1056 5070 1243 5126 Basilii
1271 5071 1440 5124 Ictum
1475 5085 1598 5141 esse
1637 5072 1755 5124 cla-

172 5144 328 5194 mitat
360 5160 376 5197 :
412 5155 478 5194 ac
520 5141 637 5208 ipsa
666 5143 832 5193 etiam
876 5142 1119 5211 synodus
1158 5140 1624 5195 Chalcedonensis
1657 5156 1755 5210 pa-

172 5222 393 5282 rentem,
434 5212 682 5281 epistolae
734 5211 991 5282 Basilium
1024 5215 1295 5282 agnoscit,
1329 5212 1458 5265 dum
1501 5212 1598 5274 ait,
1639 5225 1756 5263 ma-

171 5296 334 5357 gnum
362 5281 651 5357 Basiliutn,
683 5281 869 5349 gratiae
893 5281 1207 5357 ministrum
1237 5285 1294 5336 in
1326 5283 1558 5357 cpistola
1587 5282 1757 5357 hypo-

170 5350 394 5407 staseon
437 5351 802 5422 dill‘erenuam
848 5355 1188 5422 explanassc,
1226 5350 1428 5408 conci].
1486 5350 1746 5407 Chalced.

173 5434 310 5491 part.
341 5439 430 5485 ul,
458 5438 581 5492 cap.
618 5420 670 5484 I,
702 5436 758 5490 p.
778 5422 905 5492 7825.

234 5495 312 5563 (1)
351 5493 473 5563 Τῆς
495 5490 733 5556 οὐσίας.
760 5491 928 5547 Coisl.
951 5494 1161 5563 primus
1187 5493 1288 5564 τῆς
1316 5492 1549 5564 φύσεως.
1578 5490 1750 5547 Paulo

170 5574 289 5631 post
313 5564 431 5618 duo
460 5578 599 5619 mss.
626 5563 1051 5632 συμπίπτουσιν.
1084 5563 1330 5635 GregOrii
1363 5563 1597 5635 Nysseni
1622 5576 1753 5617 con-

170 5639 349 5690 textus
397 5636 455 5690 in
498 5636 606 5689 hoc
650 5635 956 5704 primordio
1007 5637 1205 5691 mirum
1243 5636 1300 5689 in
1356 5636 1578 5691 modum
1624 5648 1752 5690 cor-

169 5716 377 5775 ruptus.

1863 4857 2188 4916 tus'tis—simis
2205 4867 2257 4913 et
2279 4860 2493 4915 duobus
2514 4861 2636 4914 aliis
2659 4876 2791 4915 mss.
2822 4861 2876 4913 In
2897 4861 3072 4912 tribus
3092 4858 3217 4911 aliis
3242 4857 3440 4922 οὕτως.

1951 4932 2004 5002 5)
2039 4931 2249 4999 Ὅμοια
2293 4930 2538 5002 πάθοις.-
2559 4930 2695 4984 Tres
2730 4945 2863 4984 mss.
2909 4930 3245 5002 recentiores
3279 4928 3442 5002 ὃμοια

2087 4997 2248 5078 Elegit
2277 5002 2464 5055 statim
2508 5000 2873 5078 Cptnbelisius
2921 4999 3030 5051 τῶν
3075 4997 3203 5068 περὶ
3232 4998 3439 5078 τούτου

1854 5070 2050 5141 λόγων.
2085 5070 2188 5125 εει]
2222 5072 2337 5141 haec
2367 5073 2677 5125 emendatio
2710 5071 2935 5124 minime
2966 5070 3302 5141 necessaria.

1925 5140 2001 5213 (4)
2033 5140 2416 5210 Πραγμάτων.
2452 5143 2529 5194 Ita
2560 5157 2652 5195 sex
2706 5141 2928 5195 codices
2980 5153 3113 5193 mss.
3165 5140 3442 5207 Corrupto

1852 5214 1908 5269 in
1934 5213 2098 5267 editis
2128 5213 2449 5281 πράγματα.

1923 5284 2001 5352 (5)
2046 5277 2192 5352 Ὑπὸ
2227 5277 2487 5352 tegere.
2510 5278 2601 5352 Sic
2625 5277 2774 5352 Iiarl.
2803 5289 2849 5352 et
2876 5278 3047 5333 Coisl.
3073 5279 3284 5347 primus
3313 5291 3439 5331 cum

1853 5348 2037 5408 tribus
2068 5351 2275 5419 Regiis.
2310 5350 2451 5404 Editi
2484 5349 2577 5402 ἐπὶ
2608 5348 2670 5401 τὸ
2695 5350 2843 5401 αὐτό.

2041 5417 2376 5505 Χωρςσασα.
2415 5420 2492 5474 Ita
2522 5434 2627 5505 'sex
2663 5435 2793 5473 mss.
2826 5428 2880 5473 et
2912 5417 3058 5489 apud
3100 5417 3434 5491 Nysaeunm.

1854 5490 2141 5550 Editiones
2174 5490 2359 5545 Basilii
2392 5490 2713 5561 χωρήσασα.

1926 5566 2005 5634 (7)
2037 5562 2242 5630 Λόγων
2270 5562 2307 5629 ἡ
2362 5558 2562 5634 aegra.
2621 5559 2701 5613 Ita
2751 5574 2884 5615 mss.
2942 5574 3132 5615 omnes
3174 5567 3229 5613 et
3269 5558 3431 5631 Nyss.

1854 5631 2000 5693 Editi
2027 5633 2200 5687 λόγων
2228 5635 2323 5685 καὶ
2345 5631 2519 5684 οὐσία.

1926 5713 1943 5733 ‘
1976 5705 2126 5760 Alias
2155 5701 2336 5760 XLIII.
2368 5703 2581 5772 Scripta
2614 5704 2832 5761 videtur
2871 5716 3018 5757 anno
3050 5700 3153 5756 569
3184 5708 3279 5756 aut
3305 5699 3433 5754 570.
