3870 6218
407 280 516 336 327

1749 279 1808 334 S.
1851 277 2096 333 BASlLll
2134 277 2349 334 MAGNI

3555 285 3666 342 εεε

411 394 556 448 inter
583 407 642 448 se
670 400 819 457 sunt,
843 393 934 464 qui
959 391 1148 449 eadem
1183 393 1436 449 essentiae
1463 393 1676 448 ratione
1702 393 1990 464 designan-

2101 393 2301 446 Παύλου
2339 392 2525 464 δειχθῇ
2555 435 2566 452 .
2598 387 2741 448 οὗτοι
2781 395 2872 448 καὶ
2911 397 3023 459 τοῖς
3054 395 3232 460 ἄλλοις
3260 398 3667 470 ἐφαρμόσουσιο

412 493 524 539 tur.
565 485 664 541 Ubi
699 501 830 539 vero
869 486 994 554 quis
1031 501 1117 548 eo,
1148 486 1294 556 quod
1330 501 1624 540 commune
1669 493 1774 543 est.
1824 485 1987 538 intel-

410 574 576 637 lecto,
608 573 674 628 ad
716 576 1113 645 proprietatum
1150 591 1208 629 se
1239 575 1570 631 converterit
1595 574 1990 630 consideratio-

415 681 560 731 nem,
581 682 679 736 per
701 683 837 736 quas
859 669 1089 722 alterum
1112 667 1180 720 ab
1202 668 1373 723 altero
1397 675 1682 738 separatur
1707 686 1721 734 ;
1745 681 1853 721 non
1874 665 1987 735 jam

413 757 652 825 amplius
681 757 954 825 ratio,per
973 772 1137 826 quam
1165 759 1590 827 unumquodque
1618 758 1986 828 cognoscitur,

415 860 540 899 cum
572 863 633 901 ea
683 849 914 913 ratione,
941 865 1063 918 qua:
1103 849 1169 903 de
1201 849 1308 902 alio
1350 849 1644 918 profertur,
1677 865 1775 920 per
1807 849 1990 903 omnia

415 939 755 1003 consentiet,
809 941 1061 1009 quamvis
1114 941 1170 995 in
1220 941 1496 1011 aliquibus
1540 945 1988 997 communitatem

414 1028 615 1084 habere
648 1032 1039 1100 comperiatur.

483 1122 537 1176 5.
573 1121 686 1176 Hoc
717 1123 881 1193 igitur
919 1124 1157 1181 dicimus
1190 1143 1202 1178 :
1239 1124 1383 1194 quod
1419 1127 1636 1196 proprie
1676 1125 1900 1190 dicitur,
1937 1125 1991 1180 id

414 1210 726 1283 hypostasis
759 1217 978 1272 nomine
1009 1217 1260 1272 indicari.
1287 1217 1388 1282 Qui
1425 1218 1569 1272 enim
1605 1219 1876 1272 hominem
1909 1218 1994 1272 di-

415 1306 516 1368 xit,
575 1307 860 1362 confusam
915 1310 1208 1379 quamdam
1266 1313 1443 1366 ideam
1500 1327 1598 1382 per
1651 1311 1993 1365 indeﬁnitam

417 1396 870 1465 signiﬁcationem
919 1401 1144 1455 auribus
1183 1401 1387 1466 intulit,
1423 1403 1503 1456 sic
1545 1411 1604 1456 ut
1649 1412 1846 1455 natura
1871 1400 1994 1470 qui-

417 1487 540 1542 dem
569 1505 636 1545 eo
671 1493 892 1547 nomine
926 1493 1266 1558 ostendatur,
1316 1495 1624 1550 subsistens
1667 1503 1847 1549 autem
1880 1511 1992 1558 res,

419 1587 473 1634 et
505 1584 724 1651 proprie
773 1585 996 1640 nomine
1037 1587 1340 1657 designata,
1373 1587 1594 1641 minime
1636 1586 1991 1656 significetur.

418 1673 522 1740 Qui
553 1687 730 1730 autem
763 1675 991 1732 Paulum
1023 1679 1180 1744 dixit,
1215 1679 1457 1734 ostendit
1488 1678 1542 1733 in
1567 1694 1626 1734 re
1651 1679 1754 1734 hoc
1773 1677 1995 1732 nomine

2090 485 2180 538 καί
2216 487 2351 537 εἰσιν
2381 485 2631 555 ἀλλήλοις
2671 486 2944 556 ὀμοούσιοι
2969 527 2982 550 ,
3013 490 3062 540 οἱ
3096 487 3174 558 τῷ
3211 489 3357 560 αὐτῷ
3394 490 3536 562 λόγῳ
3566 497 3671 564 τῆς

2088 577 2277 641 οὐσίας
2320 577 2780 650 ὑπογραφόμενοι.
2823 581 3074 635 Ἐπειδὰν
3120 581 3177 635 δέ
3229 601 3354 648 τις,
3385 584 3444 638 τὸ
3489 589 3672 640 κοινὸν

2093 667 2278 738 μαθὼν
2297 709 2313 732 ,
2347 668 2439 720 ἐπὶ
2463 667 2530 721 τά
2563 669 2830 732 ἰδιάζοντα
2862 671 3036 742 τρέψῃ
3065 671 3164 744 τὴν
3195 672 3429 744 Θεωρίαν
3451 717 3465 740 ,
3495 677 3561 729 δι’
3589 671 3670 730 ὧν

2089 760 2381 830 χωρίζεται
2428 761 2522 814 τοῦ
2568 760 2753 831 ἑτέρου
2793 761 2854 814 τὸ
2905 763 3090 834 ἕτερον
3115 804 3128 828 ,
3163 766 3344 820 οὐκέτι
3377 771 3405 820 ό
3433 770 3671 823 ἑκάστου

2089 853 2448 924 γνωριστικὸς
2496 853 2651 922 λόγος
2686 853 2762 924 τῷ
2813 855 2940 924 περὶ
2980 854 3074 907 τοῦ
3107 857 3267 910 ἄλλου
3319 859 3408 913 διὰ
3449 863 3673 916 πάντων

2092 945 2577 1015 συνενεχθήσεται,
2639 943 2743 998 κᾶν
2807 944 2864 998 ἕν
2923 963 3064 1000 τισιν
3119 950 3315 1022 εὑρεθῇ
3366 951 3427 1004 τὸ
3487 954 3670 1010 κοινὸν

2090 1035 2250 1106 ἔχων.

2162 1127 2214 1179 5.
2245 1125 2415 1179 Τοῦτο
2438 1127 2617 1180 τοίνυν
2643 1127 2822 1198 φαμέν
2842 1145 2856 1160 ⁸
2888 1129 2949 1182 τὸ
2977 1129 3120 1194 ἰδίως
3146 1131 3438 1205 λεγόμενον
3466 1137 3542 1209 τῷ
3567 1142 3673 1211 τῆς

2093 1217 2442 1283 ὑποστάσεως
2489 1219 2777 1289 δηλοῦσθαι
2830 1222 3054 1293 ῥήματι.
3114 1225 3172 1278 Ὀ
3227 1227 3336 1300 γάρ
3381 1229 3672 1303 ἄνθρωπον

2092 1309 2260 1364 εἰπὼν
2305 1313 2709 1384 ὲσκεδασμένην
2761 1315 2882 1368 τινὰ
2916 1317 3153 1373 διάνοιαν
3198 1323 3275 1393 τῷ
3303 1325 3538 1396 ἀορίστῳ
3565 1331 3674 1399 τῆς

2094 1402 2367 1472 σημασίας
2416 1406 2482 1473 τῇ
2535 1405 2672 1475 ἀκοῇ
2722 1407 3060 1478 ἐνεποίησεν·
3092 1410 3231 1464 ὥστε
3278 1414 3377 1486 τὴν
3421 1417 3520 1487 μὲν
3562 1420 3672 1489 φύ-

2096 1513 2179 1548 σιν
2218 1497 2283 1548 ἐκ
2327 1495 2420 1548 τοῦ
2466 1497 2727 1567 ὀνόματος
2759 1499 3096 1574 δηλωθῆναι,
3136 1506 3193 1558 τὸ
3220 1507 3276 1560 δὲ
3317 1511 3561 1579 ὑφεστὼς
3592 1515 3674 1584 (8)

2093 1588 2188 1639 καὶ
2219 1587 2556 1680 δηλούμενον
2582 1588 2725 1680 ἰδίως
2756 1590 2862 1680 ὑπὸ
2900 1593 2993 1645 τοῦ
3038 1594 3304 1666 ὀνόματος
3332 1606 3563 1675 πρᾶγμα
3591 1609 3675 1680 μὴ

2098 1676 2459 1747 σημανθῆναι.
2516 1677 2573 1730 Ὀ
2601 1678 2656 1730 δὲ
2684 1679 2892 1734 Παῦλον
2937 1683 3105 1737 εἰπὼν
3143 1687 3342 1755 ἔδειξεν
3379 1695 3438 1746 ἐν
3466 1695 3542 1765 τῷ
3573 1676 3678 1770 δηξ

418 1768 724 1838 signiﬁcata
760 1770 1148 1826 subsistentem
1182 1782 1453 1825 naturam.
1487 1770 1601 1826 Hoc
1635 1772 1798 1842 igitur
1828 1771 1994 1841 hypo-

2101 1767 2341 1838 λουμένῳ
2400 1768 2503 1822 ὑπὸ
2557 1769 2650 1822 τοῦ
2700 1771 2962 1842 ὀνόματος
3016 1781 3302 1850 πράγματι
3354 1760 3677 1853 ὑφεστῶσαν

420 1860 586 1914 stasis
629 1868 735 1924 est,
777 1875 888 1914 non
943 1859 1225 1916 indeﬁnita
1271 1861 1522 1916 essentia:
1560 1862 1734 1924 notio,
1766 1875 1887 1930 quae
1925 1859 1994 1914 ob

419 1952 867 2006 communitatem
900 1955 977 2008 rei
1002 1953 1317 2024 signiﬁcata:
1333 1955 1537 2007 nullam
1560 1953 1742 2009 sedem
1771 1953 1993 2022 reperit,

421 2045 518 2099 sed
546 2060 666 2114 qua:
694 2045 837 2114 quod
873 2061 1164 2101 commune
1208 2048 1261 2100 in
1295 2047 1476 2116 aliqua
1519 2061 1576 2100 re
1614 2055 1668 2100 et
1704 2045 1998 2099 incircum-

421 2135 688 2206 scriptum
729 2145 834 2202 est,
870 2153 966 2207 per
1007 2139 1335 2208 conspicuas
1369 2139 1732 2208 pmpriutates
1769 2137 1999 2191 restrin—

421 2226 500 2296 git
531 2241 595 2280 ac
634 2227 1076 2295 circumscribit;
1109 2227 1572 2297 quemadmodum
1613 2235 1667 2282 et
1708 2226 1998 2296 Scriptura

423 2318 544 2387 ipsa
575 2319 714 2373 solet
756 2319 934 2374 simile
983 2319 1266 2389 quidpiam
1311 2318 1513 2384 facere,
1550 2335 1674 2373 cum
1725 2320 1780 2373 in
1812 2316 1998 2373 multis

423 2411 548 2464 aliis
619 2411 776 2476 locis,
842 2420 955 2465 tum
1003 2412 1058 2465 in
1099 2412 1326 2466 historia
1380 2411 1522 2466 Jobi.
1576 2410 1710 2465 Nam
1765 2426 1887 2480 quae
1929 2409 2000 2464 ad

421 2505 603 2573 ipsum
643 2503 874 2556 attinent
909 2514 1219 2567 narratura,
1246 2511 1530 2571 postquam
1566 2502 1744 2571 primo
1779 2501 1832 2554 id
1853 2500 2000 2571 quod

423 2608 714 2648 commune
761 2602 846 2648 est
877 2594 1344 2658 commemoravit,
1373 2601 1426 2646 ct
1457 2592 1612 2655 dixit,
1649 2594 1842 2656 homo;
1887 2600 2000 2646 sta-

424 2688 524 2740 tim
551 2685 758 2739 dirimit
789 2700 885 2754 per
907 2685 960 2738 id
984 2685 1129 2754 quod
1159 2685 1436 2755 proprium
1461 2690 1562 2745 est,
1594 2683 1864 2748 addendo,
1887 2686 2000 2753 qui-

427 2779 552 2830 dam
571 2778 634 2829 ‘5.
659 2775 765 2830 Sed
791 2778 1042 2831 essentia:
1070 2777 1289 2846 quidem
1319 2775 1765 2847 descriptionem,
1800 2786 1859 2828 ut
1885 2791 2002 2829 ser-

427 2870 608 2924 monis
638 2869 920 2939 proposito
955 2868 1091 2921 nihil
1139 2868 1530 2921 conducentem
1573 2868 1794 2922 reticuit
1825 2885 1837 2922 :
1869 2867 2001 2921 illttd

429 2969 611 3016 autem
636 2961 853 3033 quidam
881 2961 1116 3030 propriis
1142 2960 1286 3014 notis
1314 2959 1537 3025 indicat,
1569 2968 1622 3015 et
1653 2961 1829 3014 locum
1859 2958 2002 3014 refe-

427 3068 557 3107 rens
591 3062 646 3106 et
685 3068 897 3106 morum
941 3051 1165 3117 indicia,
1205 3061 1259 3106 et
1290 3067 1629 3122 quaecunque
1657 3053 2000 3108 extrinsecus

428 3143 658 3196 collecta
700 3142 1029 3197 distinctura
1078 3145 1227 3197 illum
1259 3153 1440 3209 erant,
1480 3155 1534 3199 et
1562 3160 1592 3197 a
1627 3144 1902 3198 communi
1927 3144 1974 3198 si

427 3236 685 3306 gnilicatu
714 3249 1064 3308 separatura;
1097 3239 1232 3294 adeo
1265 3247 1319 3293 ut
1348 3240 1634 3309 perspicua
1667 3238 1720 3292 in
1750 3237 2004 3292 omnibus

426 3335 576 3382 esset
598 3328 768 3392 illius,
799 3329 960 3397 cujus
997 3345 1086 3386 res
1122 3340 1290 3401 gestae
1319 3339 1638 3394 narrantur,
1679 3330 2001 3399 descriptio,

427 3433 498 3474 ex
533 3422 774 3484 nomine,
806 3437 872 3476 ex
905 3421 1047 3485 loco,
1077 3439 1141 3478 ex
1171 3423 1338 3477 animi
1371 3421 1820 3492 proprietatibus,
1845 3421 2004 3476 exiis

429 3523 556 3579 quae
601 3511 946 3566 extrinsecus
996 3514 1051 3566 in
1089 3528 1155 3567 eo
1207 3514 1710 3582 conspiciebantur.
1749 3511 1906 3578 Quod
1957 3512 2004 3568 si

427 3603 683 3657 essentia:
731 3603 976 3659 dedisset
1014 3605 1309 3672 rationem,
1343 3605 1490 3660 nulla
1521 3621 1654 3662 sane
1692 3604 1886 3660 fuisset
1911 3619 2006 3658 eo-

430 3708 577 3758 rum,
607 3711 728 3765 quae
759 3695 906 3750 dicta
951 3705 1101 3761 sunt,
1136 3698 1190 3750 in
1221 3706 1431 3752 natura:
1459 3698 1823 3768 explicatione
1852 3713 2007 3752 men-

431 3784 530 3840 tio.
576 3785 774 3842 Eadem
807 3789 953 3843 enim
1000 3790 1142 3842 ratio
1173 3789 1364 3844 fuisset
1410 3804 1473 3844 ac
1517 3790 1586 3844 de
1617 3789 1821 3844 Baldad
1865 3788 2006 3843 Sau-

430 3880 610 3943 chita,
662 3880 837 3950 deque
913 3881 1127 3951 Sophar
1177 3881 1430 3945 Minnaao,
1495 3891 1550 3937 et
1618 3883 1686 3937 de
1744 3883 1997 3952 singulis,

429 3987 663 4041 quorum
687 3975 758 4028 ibi
796 3977 998 4029 mentio
1033 3976 1110 4038 ﬁt,
1134 3976 1531 4031 hominibus”.
1555 3975 1727 4041 Quam
1749 3976 1914 4046 igitur
1948 3978 2000 4030 in

429 4067 635 4121 nostris
674 4069 838 4122 rebus
879 4070 1152 4138 agnovisti
1194 4070 1527 4124 discriminis
1563 4071 1830 4124 rationem
1861 4072 2005 4125 inter

428 4159 720 4213 essentiam
748 4169 804 4214 et
829 4160 1188 4231 hypostasim,
1215 4178 1334 4217 eam
1357 4170 1410 4216 et
1439 4163 1504 4216 ad
1533 4162 1718 4216 divina
1748 4163 2003 4234 dogmata

429 4249 788 4312 transferens,
835 4267 943 4306 non
977 4253 1210 4307 errabis.
1258 4252 1334 4305 De
1370 4251 1550 4308 Patris
1584 4257 1820 4310 essentia
1843 4255 2004 4319 quid-

427 4333 560 4401 quid
594 4335 748 4404 117
778 4337 876 4390 tibi
911 4347 1166 4408 suggeret
1196 4339 1452 4410 cogitatio
1480 4342 1584 4411 (fas
1608 4344 1756 4398 enim
1785 4359 1892 4398 non
1917 4353 2003 4398 est

2096 1859 2192 1931 τὴν
2221 1862 2402 1930 φύσιν.
2448 1862 2616 1916 Τοῦτο
2646 1860 2737 1917 οὖν
2780 1865 2928 1920 ἐστιν
2960 1871 2992 1940 ἡ
3027 1871 3356 1939 ὑπόστασις,
3387 1880 3484 1950 οὐχ
3517 1884 3549 1952 ή
3582 1885 3682 1937 άό-

2102 1969 2280 2022 ριστος
2303 1955 2401 2023 τῆς
2427 1954 2614 2018 οὐσίας
2645 1956 2820 2012 ἔννοια
2839 2000 2852 2024 ,
2885 1961 3154 2033 μηδεμίαν
3195 1968 3258 2019 ἐκ
3296 1972 3397 2040 τῆς
3425 1975 3678 2046 κοινότη-

2096 2062 2188 2108 τος
2247 2045 2342 2098 τοῦ
2409 2051 2807 2120 σημαινομένου
2875 2053 3065 2107 στάσιν
3131 2059 3460 2129 εὑρίσκουσα
3493 2106 3508 2130 ,
3555 2068 3680 2121 ἀλλ’

2097 2137 2129 2205 ἡ
2171 2134 2232 2188 τὸ
2275 2135 2349 2206 (9)
2398 2137 2574 2191 κοινόν
2622 2156 2682 2192 τε
2730 2141 2824 2194 καὶ
2867 2143 3275 2216 ἀπερίγραπτον
3328 2152 3384 2203 ἐν
3433 2153 3508 2225 τῷ
3565 2160 3679 2212 τινὶ

2099 2229 2385 2322 πράγματι
2419 2230 2507 2322 διὰ
2553 2233 2660 2285 τῶν
2707 2233 3144 2307 ἐπιφαινομένων
3189 2241 3494 2314 ἰδιωμάτων
3532 2268 3682 2322 πσρ-

2102 2319 2306 2413 ιστῶσα
2344 2321 2438 2374 καὶ
2481 2325 2928 2396 περιγράφουσα·
2956 2329 3032 2392 ὡς
3077 2333 3172 2385 καὶ
3212 2338 3277 2406 τῇ
3330 2339 3518 2413 Γραφῇ
3549 2319 3682 2397 σύν-

2099 2410 2229 2482 ηθες
2258 2413 2318 2466 τὸ
2364 2413 2602 2468 τοιοῦτον
2643 2422 2814 2471 ποιεῖν
2848 2421 2904 2473 ἐν
2941 2421 3123 2486 ἄλλοις
3144 2442 3202 2477 τε
3233 2428 3448 2494 πολλοῖς
3481 2410 3573 2486 καὶ
3614 2439 3677 2490 ἐν

2098 2507 2164 2575 τῇ
2193 2505 2335 2559 κατὰ
2379 2508 2471 2560 τὸν
2520 2508 2638 2562 Ἰὼϐ
2693 2511 2917 2584 ἱστορίᾳ.
2965 2515 3180 2589 Ἐπειδὴ
3223 2521 3334 2590 γὰρ
3369 2523 3560 2592 ἔμελλε
3600 2528 3676 2582 τά

2100 2597 2227 2667 περὶ
2255 2597 2419 2650 αὐτοῦ
2448 2598 2784 2671 διηγεῖσθαι,
2823 2604 3085 2676 πρότερον
3114 2609 3210 2663 τοῦ
3237 2614 3418 2667 κοινοῦ
3461 2634 3675 2689 μνημο-

2099 2689 2357 2752 νεύσασα,
2401 2693 2493 2745 καὶ
2524 2693 2754 2748 εἰποῦσα
2773 2738 2786 2762 ,
2818 2697 3127 2766 ἄνθρωπος
3148 2742 3162 2764 ,
3194 2703 3355 2768 εὐθὺς
3379 2709 3676 2780 ἀποτέμνει

2098 2781 2176 2851 τῷ
2213 2781 2465 2845 ἰδιάζοντι
2499 2787 2556 2836 ἐν
2609 2789 2675 2856 τῇ
2718 2789 3001 2864 προσθήκῃ
3048 2794 3142 2846 τοῦ
3167 2835 3182 2858 ,
3227 2799 3338 2862 τίς.
3386 2801 3544 2857 Ἀλλὰ
3575 2806 3678 2877 τῆς

2104 2878 2200 2948 μὲν
2229 2879 2417 2943 οὐσίας
2439 2880 2536 2952 τὴν
2565 2882 2886 2956 ὑπογραφὴν
2910 2926 2923 2948 ,
2957 2886 3032 2949 ὡς
3060 2890 3209 2944 οὐδὲν
3247 2894 3517 2966 φέρουσαν
3547 2901 3680 2974 κέρο

2099 2970 2188 3033 δος
2227 2972 2363 3042 πρὸς
2394 2973 2484 3024 τὸν
2530 2975 2886 3045 προκείμενον
2921 2979 3012 3032 τοῦ
3048 2981 3207 3051 λόγου
3248 2989 3448 3042 σκοπὸν
3469 3033 3484 3056 ,
3519 2970 3684 3048 ἐσιῶ-

2028 3084 2069 3140 C
2103 3074 2274 3129 πησε·
2311 3061 2400 3114 τὸν
2451 3061 2507 3114 δὲ
2554 3063 2685 3116 τινὰ
2735 3065 2822 3119 διὰ
2869 3067 2976 3120 τῶν
3021 3073 3236 3126 οἰκείων
3282 3077 3683 3150 γνωρισμάτων

2104 3151 2537 3224 χαρακτηρίζει,
2575 3155 2668 3208 καὶ
2712 3157 2875 3210 τόπον
2909 3158 3142 3228 λέγουσα
3177 3165 3269 3217 καὶ
3298 3167 3364 3220 τὰ
3389 3170 3483 3223 τοῦ
3513 3173 3683 3242 ἤθους

2103 3245 2482 3314 γνωρίσματα,
2517 3247 2610 3300 καὶ
2641 3249 2740 3301 ὅσα
2768 3249 2877 3302 τῶν
2910 3251 3106 3316 ἔξωθεν
3139 3263 3685 3333 συμπαραληφθέντα

2104 3334 2360 3430 χωρίζειν
2388 3339 2550 3430 αὐτὸν
2581 3342 2676 3394 καὶ
2709 3343 2944 3415 ἁφιστᾷν
2981 3345 3174 3416 ἔμελλε
3217 3351 3316 3421 τῆς
3350 3357 3536 3426 κοινῆς
3581 3375 3686 3430 ση-

2107 3426 2306 3496 μασίας
2327 3445 2340 3458 ·
2385 3429 2524 3484 ὥστε
2549 3431 2639 3485 διὰ
2672 3437 2887 3488 πάντων
2923 3438 3126 3508 ἐναργῆ
3156 3441 3250 3493 τοῦ
3297 3426 3684 3517 ἱστορουμένου

2104 3517 2356 3584 γενέσθαι
2389 3519 2486 3591 τὴν
2531 3521 2853 3596 ὑπογραφὴν
2873 3565 2887 3589 ,
2927 3529 2992 3580 ἐκ
3020 3528 3116 3581 τοῦ
3143 3531 3436 3601 ὀνόματος,
3480 3539 3546 3591 ἐκ
3583 3540 3684 3594 τοῦ

2103 3609 2272 3662 τόπου
2293 3651 2307 3676 ,
2341 3611 2406 3666 ἐκ
2444 3612 2552 3668 τῶν
2592 3615 2694 3686 τῆς
2721 3617 2897 3690 ψυχῆς
2931 3620 3235 3691 ἰδιωμάτων
3257 3664 3273 3688 ,
3307 3627 3372 3679 ἐκ
3405 3628 3516 3682 τῶν
3548 3631 3682 3698 ἔξω·

2105 3699 2197 3753 θεν
2237 3704 2364 3773 περὶ
2394 3704 2556 3759 αὐτόν
2591 3706 3000 3781 θεωρουμένων.
3035 3715 3096 3766 Εἰ
3128 3715 3184 3768 δὲ
3214 3717 3307 3770 τὸν
3347 3720 3448 3791 τῆς
3493 3724 3686 3790 οὐσίας

2106 3792 2276 3846 ἐδίδου
2319 3794 2476 3864 λόγον
2520 3797 2630 3868 (10)
2657 3839 2672 3863 ,
2705 3801 2930 3871 οὐδεμία
2960 3804 3027 3858 ἂν
3067 3807 3286 3874 ἐγένετο
3314 3811 3421 3863 τῶν
3451 3815 3684 3886 εἰρημέ-

2104 3901 2211 3938 νων
2247 3889 2303 3939 ὲν
2331 3891 2395 3958 τῇ
2426 3890 2524 3960 τῆς
2548 3890 2761 3959 φύσεως
2797 3897 3062 3968 ἑρμηνείᾳ
3106 3903 3316 3973 μνήμη.
3361 3905 3417 3958 Ὀ
3447 3907 3556 3976 γὰρ
3584 3910 3686 3963 αὐο

2103 3980 2195 4045 τὸς
2230 3981 2295 4035 ἂν
2336 3977 2402 4054 ἦν
2427 3984 2584 4055 λόγος
2603 4025 2618 4047 ,
2662 3987 2721 4051 ὃς
2757 3991 2850 4043 καὶ
2879 3993 2972 4045 ἐπὶ
3001 3991 3096 4046 τοῦ
3129 3995 3336 4050 Βαλδὰδ
3360 3999 3455 4051 τοῦ
3483 4001 3688 4071 Σαυχί-

2103 4091 2197 4126 του
2223 4113 2237 4136 ,
2265 4075 2360 4128 καὶ
2389 4076 2570 4148 Σοφάρ
2604 4079 2698 4132 τοῦ
2729 4083 2986 4136 Μινναίου
3007 4125 3021 4149 ,
3053 4087 3146 4139 καὶ
3180 4088 3266 4156 ἐφ’
3300 4091 3535 4144 ἑκάστου
3570 4095 3687 4150 τῶν

2105 4165 2220 4217 ἐκεῖ
2255 4169 2733 4236 μνημονευθέντων
2763 4173 3086 4244 ἀνθρώπων,
3125 4180 3220 4231 Ὃν
3261 4181 3441 4235 τοίνυν
3465 4186 3524 4237 ἐν
3564 4190 3687 4252 τοῖς

2103 4257 2225 4310 καθ’
2256 4261 2402 4330 ἡμᾶς
2442 4260 2613 4330 ἔγνως
2645 4265 2909 4336 διαφορᾶς
2949 4267 3105 4338 λόγον
3145 4273 3236 4325 ἐπί
3267 4290 3326 4326 τε
3356 4275 3458 4343 τῆς
3491 4278 3688 4340 οὐσίας

2103 4351 2198 4403 καὶ
2225 4351 2323 4421 τῆς
2357 4352 2708 4419 ὑποστάσεως
2727 4396 2740 4420 ,
2771 4357 2962 4413 τοῦτον
2999 4363 3307 4431 μετατιθεὶς
3335 4368 3429 4419 καὶ
3453 4368 3544 4420 ἐπὶ
3571 4369 3688 4423 τῶν

427 4423 498 4477 ad
525 4433 729 4478 certam
747 4426 912 4481 ullam
939 4444 1003 4482 ac
1031 4430 1308 4484 deﬁnitam
1340 4433 1726 4502 cogitationem
1757 4436 1994 4490 animum

2105 4439 2263 4494 θείων
2295 4442 2579 4513 δογμάτων
2603 4485 2618 4510 ,
2653 4447 2748 4517 οὐχ
2777 4423 3134 4522 ἁμαρτήσεις.
3170 4423 3374 4518 neges
3409 4453 3549 4511 εἶναι
3583 4461 3686 4515 τοῦ

426 4516 644 4580 sistere,
676 4533 741 4573 eo
774 4521 919 4588 quod
944 4537 1266 4590 persuasum
1289 4526 1362 4580 sit
1393 4527 1533 4580 hanc
1566 4530 1862 4582 essentiam
1898 4545 1988 4584 su-

425 4623 522 4676 pra
549 4624 764 4664 omnem
791 4625 913 4667 esse
935 4614 1367 4687 cogitationem),
1403 4617 1456 4670 id
1487 4625 1542 4672 et
1569 4617 1636 4674 de
1665 4618 1806 4673 Filio
1836 4620 1997 4677 intel-

425 4700 580 4770 liges,
617 4701 872 4758 similiter
901 4711 954 4757 et
995 4705 1062 4760 de
1097 4704 1304 4776 Spiritu
1339 4716 1550 4763 sancto.
1581 4709 1717 4763 Nam
1747 4712 1887 4765 ratio
1912 4713 1996 4765 in-

422 4793 592 4847 creati
621 4802 675 4849 et
714 4795 1281 4868 incomprehensibilis
1320 4818 1427 4856 una
1448 4811 1499 4857 et
1530 4803 1719 4858 eadem
1751 4805 1806 4858 in
1834 4802 1997 4860 Patre

421 4893 475 4938 et
503 4886 556 4939 in
581 4885 718 4941 Filio
740 4895 794 4942 et
817 4890 873 4944 in
902 4891 1107 4962 Spiritu
1130 4904 1320 4949 sancto
1337 4904 1440 4950 est.
1469 4895 1655 4967 Neque
1676 4899 1822 4952 enim
1847 4898 1994 4952 aliud

418 4977 592 5047 magis
624 4987 709 5033 est
743 4980 1314 5054 incomprehensibile,
1343 4995 1440 5042 aut
1483 4989 1808 5054 increatum,
1845 4992 1994 5046 aliud

417 5069 622 5125 minus.
654 5069 924 5138 Quoniam
949 5083 1130 5131 autem
1161 5088 1378 5148 oportet
1405 5096 1502 5150 per
1536 5082 1788 5153 proprias
1815 5085 1997 5138 notio-

496 5210 540 5241 "
576 5209 679 5266 Job
707 5230 763 5269 ι.
801 5214 854 5269 1.
933 5217 978 5248 ¹⁶
1004 5215 1109 5272 Job
1138 5234 1177 5273 ιι
1205 5257 1220 5284 ,
1258 5218 1345 5273 Η.

486 5330 564 5408 (ἓ)
603 5333 1072 5408 ῘΥφεέτῖωςηυςΨ
1096 5350 1230 5390 mss-
1257 5337 1583 5408 ὑφεστηκός.

422 5403 564 5482 ﬁt?)
876 5405 966 5482 τῴ
1006 5405 1098 5458 Sic
1149 5421 1279 5460 mss.
1306 5403 1505 5482 omnes
1537 5418 1596 5482 et
1635 5417 1776 5478 apud
1826 5409 1990 5482 Nyss.

415 5467 560 5525 Editi
593 5472 728 5524 ἀλλὰ
757 5467 838 5527 τό.
867 5471 1020 5529 .Infra
1057 5485 1168 5530 tres
1200 5492 1333 5531 mss.
1363 5477 1423 5530 τὸ
1454 5467 1884 5534 τοιοῦτο-ποιεῖνί

489 5540 599 5619 (l_0)
642 5542 876 5619 ’Ediaoy
905 5547 1127 5619 469101;.
1154 5545 1324 5619 Coisl.
1358 5549 1567 5616 primus
1596 5549 1787 5619 ἐδήλου
1811 5551 1988 5618 λόγον.

417 5609 589 5700 Battle
621 5622 742 5700 post
781 5614 918 5700 editi
951 5609 1045 5700 τοὺ
1070 5609 1386 5700 ιξαγχίτρυὶ
1420 5619 1636 5700 Septem
1677 5609 1903 5700 codices
1938 5629 1991 5674 et

417 5680 577 5750 Nyss.
609 5690 668 5737 ut
693 5683 748 5736 in
781 5690 952 5739 textu.
991 5680 1237 5743 Subinde
1254 5687 1388 5743 editi
1423 5680 1546 5754 Πῶς
1570 5685 1684 5756 οὑν,
1717 5691 1812 5746 sed
1837 5691 1992 5748 deest

2105 4533 2352 4606 Πατρὸς,
2398 4537 2426 4588 ὅ
2467 4554 2519 4590 τι
2567 4539 2698 4592 ποτὲ
2745 4541 3056 4596 ὑποτίθεταί
3099 4562 3190 4598 σου
3228 4549 3260 4617 ἡ
3310 4547 3485 4602 ἔννοια
3519 4549 3689 4622 (πρὸς

2102 4624 2254 4677 οὐδὲν
2298 4627 2406 4698 γάρ
2440 4628 2586 4682 ἐστιν
2629 4630 3066 4704 ἀποτεταγμένον
3107 4636 3284 4707 νόημα
3315 4638 3426 4708 (11)
3461 4642 3558 4712 τὴν
3585 4644 3689 4711 ψυ-

2102 4715 2203 4787 χὴν
2251 4717 2585 4789 ἐπερείδειν,
2634 4721 2721 4775 διὰ
2763 4723 2822 4776 τὸ
2871 4727 3162 4779 πεπεῖσθαι
3216 4729 3346 4781 αὐτὸ
3379 4731 3517 4803 ὑπὲρ
3567 4737 3687 4788 πᾶν

2101 4805 2240 4863 εἶναι
2273 4811 2469 4882 νόημα)
2495 4854 2509 4878 ,
2535 4815 2692 4867 τοῦτο
2716 4818 2808 4869 καί
2848 4817 2938 4870 ἐπὶ
2966 4819 3058 4872 τοῦ
3096 4820 3225 4873 Υίοῦ
3251 4823 3462 4892 νοήσεις
3482 4865 3496 4886 ,
3522 4825 3688 4880 τοῦτο

2101 4901 2362 4965 ὡσαύτως
2406 4905 2499 4956 καὶ
2529 4906 2622 4958 ἐπὶ
2651 4906 2745 4959 τοῦ
2778 4908 3094 4979 Πνεύματος
3124 4912 3219 4965 τοῦ
3253 4915 3430 4981 ἁγίου.
3476 4915 3532 4968 Ὀ
3567 4917 3689 4987 γάρ

2099 4994 2194 5047 τοῦ
2240 4997 2496 5049 ἁκτίστου
2539 4999 2634 5052 καὶ
2669 4997 2764 5051 τοῦ
2798 5001 3184 5073 ἀκαταλήπτου
3223 5004 3379 5072 λόγος
3409 5001 3489 5069 εἷς
3526 5007 3621 5060 καὶ
3651 5011 3686 5062 ό

2101 5087 2262 5151 αὐτὸς
2293 5089 2387 5142 ὲπί
2410 5107 2469 5142 τε
2497 5089 2589 5143 τοῦ
2613 5092 2826 5163 Πατρδς
2858 5095 2949 5146 καὶ
2976 5094 3070 5147 τοῦ
3107 5095 3238 5149 Υἱοὺ
3269 5098 3363 5152 καὶ
3398 5097 3490 5151 τοῦ
3518 5099 3685 5166 ἁγίου

2093 5339 2286 5416 οὖν-ίη
2333 5342 2542 5416 nostris
2574 5343 2881 5416 codicibus.
2919 5353 2974 5399 et
3004 5345 3341 5401 editionibus
3373 5345 3580 5416 Hagan.
3624 5356 3686 5406 at

2094 5413 2393 5466 Basileensi
2430 5414 2626 5482 prima.
2673 5413 2794 5468 Mox
2828 5416 2938 5468 duo
2977 5433 3110 5471 mss.
3149 5413 3477 5470 ὑποτίθεταί
3496 5434 3602 5471 σοι.

2165 5483 2529 5551 (11)Νόημα.
2583 5486 2745 5539 Deest
2791 5485 2846 5538 in
2883 5485 3032 5540 llarl.
3070 5497 3124 5542 et
3168 5488 3277 5539 alio
3309 5487 3519 5551 codice,
3570 5503 3684 5543 nec

2092 5553 2747 5628 necessarium“videtur.
2785 5554 3088 5628 ln__iisdem
3137 5559 3425 5612 codicibus
3478 5558 3685 5628 legitur

2091 5622 2416 5692 ἀπερείδειν.
2478 5622 2621 5678 Editi
2678 5625 3005 5696 ὑπερείδειν.
3059 5627 3316 5698 Quinque
3347 5642 3480 5684 mss.
3512 5622 3573 5682 ιῖι
3616 5629 3681 5682 in

2093 5701 2268 5748 textu.
