3870 6218
131 235 226 290 529

1003 229 1497 288 EPISTOLARUM
1535 227 1829 285 CLASSIS
1867 229 1907 282 I.
1953 226 2169 282 EPIST.
2212 226 2498 281 XXXVIII.

3279 225 3386 281 530

132 349 440 422 Πνεύματός
465 349 632 402 ἐστιν.
677 347 751 402 Οὐ
800 347 908 420 γὰρ
947 348 1008 402 τὸ
1045 349 1144 420 μὲν
1187 349 1389 420 μᾶλλον
1428 348 1705 418 ἀκατάλη-

1811 361 1906 401 nes
1959 344 2305 400 iuconl‘usam
2352 344 2643 400 Trinitatis
2688 343 3098 400 distinctionem
3147 341 3387 406 habere;

131 441 253 496 πτόν
298 459 360 494 τε
399 440 498 494 καὶ
541 440 830 505 ἄκτιστον,
877 439 939 493 τὸ
977 439 1035 494 δέ
1086 435 1267 512 ἦττον.
1312 441 1464 494 Ἐπεὶ
1499 439 1556 492 δέ
1599 439 1704 510 χρὴ

131 531 208 585 διὰ
257 531 365 585 τῶν
425 529 740 594 ίδιαζόντων
791 531 1034 601 σημείων
1088 531 1395 601 ἀσύγχυτον
1460 530 1555 582 ἐπὶ
1604 531 1705 600 τῆς

132 625 348 696 Τριὰδος
377 624 478 696 τὴν
509 624 783 696 διάκρισιν
810 623 920 697 (12)
945 623 1088 696 ἐχειν
1109 663 1123 688 ,
1153 624 1214 678 τὸ
1251 624 1348 694 μὲν
1374 623 1570 686 κοινῶς
1595 625 1706 676 ἐπι-

132 716 534 788 θεωρούμενον,
584 712 698 769 οἷον
746 715 806 768 τὸ
853 716 1110 769 ἄκτιστον
1147 715 1331 784 λέγω,
1363 716 1397 786 ἢ
1449 715 1511 768 τὸ
1564 715 1704 786 ὑπὲρ

133 811 297 862 πᾶσαν
355 807 664 876 κατάληψιν
693 848 709 872 ,
769 807 803 878 ἢ
858 807 913 860 εί
956 826 1007 860 τι
1053 807 1291 862 τοιοῦτον
1321 847 1336 872 ,
1383 807 1444 860 οὐ
1489 825 1706 878 συμπα-

132 898 477 972 ραληψόμεθα
531 900 612 962 εἰς
664 898 766 969 τὴν
815 897 909 951 τοῦ
967 899 1260 962 ἰδιάζοντος
1308 897 1525 968 κρίσιν’
1586 899 1706 949 ἐπι-

131 989 425 1060 ζητήσομεν
466 989 524 1041 δὲ
567 989 731 1060 μόνον
784 988 850 1041 δι’
883 982 958 1042 ὧν
996 991 1030 1060 ἡ
1074 989 1205 1060 περ)⁸
1249 988 1480 1042 ἑκάστου
1530 987 1706 1043 ἔννοια

127 1079 406 1148 τηλαυγῶς
456 1079 550 1133 καὶ
583 1079 830 1150 ἀμίκτως
870 1079 969 1150 τῆς
1013 1078 1493 1151 συνθεωρουμένης
1522 1079 1707 1150 ἀφορι-

131 1171 406 1242 σθήσεται.

188 1265 240 1320 4.
265 1265 468 1329 Καλῶς
494 1261 590 1320 οῦν
615 1263 758 1336 ἔχειν
783 1281 872 1336 μοι
901 1264 1050 1318 δοκεῖ
1073 1262 1248 1327 οῦτως
1274 1262 1586 1335 ἀνιχνεῦσαι
1616 1262 1707 1316 τὸν

130 1357 294 1426 λόγον.
320 1360 440 1412 Πᾶν
474 1359 614 1430 ὅπερ
630 1358 696 1410 ἂν
715 1360 793 1420 είς
818 1359 967 1428 ἡμᾶς
998 1359 1061 1410 ἐκ
1090 1356 1244 1420 θείας
1271 1356 1552 1426 δυνάμεως
1578 1355 1709 1422 ἀγα·

130 1449 212 1503 θὸν
239 1448 443 1522 φθάσῃ,
484 1451 586 1519 τῆς
633 1447 812 1501 πάντα
845 1449 903 1500 ἐν
931 1449 1097 1501 πᾶσιν
1126 1446 1459 1519 ἐνεργούσης
1487 1446 1708 1518 χάριτος

130 1540 403 1609 ἐνέργειαν
456 1535 595 1592 εἷναί
624 1557 805 1610 φαμεν
825 1556 839 1570 ⁶
873 1538 1057 1603 καθώς
1102 1557 1268 1609 φησιν
1301 1541 1330 1592 ὁ
1366 1538 1704 1601 Ἀπόστολος,

126 1631 202 1683 ὅτι
243 1630 437 1684 Ταῦτα
485 1630 556 1683 δὲ
605 1631 804 1684 πάντα
828 1630 1061 1701 ἐνεργεῖ
1101 1631 1165 1684 τὸ
1211 1628 1280 1683 ἓν
1321 1630 1421 1683 καὶ
1458 1631 1524 1682 τὸ
1561 1627 1707 1682 αὐτὸ

1809 437 1953 508 quod
1983 438 2350 494 communiter
2385 437 2787 500 consideratur,
2821 437 2983 507 quale
3004 441 3108 499 est,
3133 434 3276 504 quod
3305 435 3390 488 in-

1810 540 2057 590 creatum
2089 531 2234 595 dico,
2263 531 2408 601 quod
2436 539 2519 586 est
2552 545 2718 601 supra
2739 545 2956 584 omnem
2980 529 3387 598 cogitationem.

1813 632 1908 678 aut
1943 623 1989 679 si
2021 623 2154 693 quid
2197 625 2463 694 ejusmodi
2492 641 2505 690 ;
2539 623 2593 677 id
2630 636 2974 694 nequaquam
3001 635 3108 674 una
3141 635 3390 673 assume.

1813 732 1937 771 mus
1973 717 2042 769 ad
2095 715 2482 788 preprictdtem
2515 715 2947 786 dijudicandam,
2997 713 3092 769 sed
3145 712 3390 782 require-

1814 821 1938 860 mus
1970 815 2178 860 tantum
2223 823 2318 876 per
2357 823 2477 876 quae
2511 807 2946 876 uniuscujusque
2974 805 3127 860 notio
3154 804 3390 859 dilucide

1813 904 1865 949 et
1893 898 2030 950 citra
2066 897 2451 955 admistionem
2484 899 2554 955 ab
2594 914 2679 966 ea,
2712 914 2832 970 quae
2879 898 3042 954 simul
3073 896 3386 953 considera-

1813 995 1923 1053 tur,
1959 987 2205 1059 sejuncta
2229 991 2317 1046 sit.

1884 1254 1937 1308 4.
1979 1253 2164 1326 Itaque
2190 1271 2302 1310 non
2335 1257 2432 1312 abs
2455 1273 2513 1312 re
2548 1273 2670 1314 esse
2693 1257 2826 1312 mihi
2854 1257 3072 1312 videtur
3100 1259 3203 1312 hoc
3230 1272 3388 1326 pacto

1814 1345 2080 1400 rationem
2114 1347 2464 1420 investigare.
2489 1349 2865 1420 Quodcunque
2891 1351 2959 1405 ad
2982 1366 3083 1406 nos
3110 1367 3177 1405 ex
3205 1351 3388 1405 divina

1815 1446 2084 1508 potestate
2133 1439 2335 1494 bonum
2380 1441 2612 1506 venerit,
2645 1443 2830 1497 omnia
2875 1443 2932 1497 in
2975 1444 3228 1498 onmibus
3278 1442 3391 1499 elli-

1815 1529 2011 1585 cientis
2054 1531 2245 1601 gratia:
2297 1547 2434 1602 opus
2467 1549 2588 1588 esse
2625 1533 2894 1601 dicimus,
2931 1534 3387 1605 quemadmodum

1816 1621 1891 1674 ait
1939 1621 2276 1691 Apostolus:
2339 1623 2468 1677 lla'c
2517 1635 2693 1679 autem
2729 1627 2908 1680 omnia
2959 1637 3210 1693 aperatur
3253 1644 3388 1680 unus

127 1720 379 1790 Πνεῦμα,
429 1719 701 1789 διαιροῦν
743 1721 864 1790 ἰδίᾳ
899 1721 1134 1788 ἑκάστῳ
1180 1721 1375 1786 καθὼς
1396 1721 1705 1784 βούλεται.

1813 1721 1968 1780 atque
2013 1711 2148 1766 idem
2195 1712 2448 1781 Spiritus,
2508 1715 2745 1770 dividens
2798 1715 3077 1788 sigillatim
3115 1717 3390 1785 unicuique

127 1810 421 1879 Ζητοῦντες
444 1809 503 1862 δὲ
536 1813 584 1862 εἰ
606 1811 670 1862 ἐκ
699 1810 860 1882 μόνου
885 1809 976 1864 τοῦ
1005 1810 1162 1878 ἁγίου
1200 1808 1518 1879 Πνεύματος
1549 1807 1710 1878 ἡτῶν

127 1900 334 1968 ἀγαθῶν
380 1901 620 1973 χορηγία
667 1901 765 1972 τὴν
822 1901 996 1971 ἀρχὴν
1054 1899 1316 1962 λαϐοῦσα,
1357 1897 1500 1952 οὕτω
1533 1915 1710 1970 παρα-

126 1993 324 2060 γίνεται
378 1996 498 2057 τοῖς
543 1993 738 2059 ἀξίοις,
780 1992 942 2046 πάλιν
973 1991 1078 2044 ὑπὸ
1113 1995 1211 2063 τῆς
1234 1991 1457 2062 Γραφῆς
1485 1990 1710 2061 ὁδηγού-

129 2082 259 2153 μεθα
301 2085 386 2147 είς
413 2083 476 2136 τὸ
502 2083 605 2153 τῆς
636 2084 900 2155 χορηγίας
936 2082 1046 2136 τῶν
1075 2081 1298 2150 ἀγαθῶν
1329 2080 1438 2136 τῶν
1476 2079 1566 2134 διὰ
1614 2080 1708 2135 τοῦ

128 2171 440 2244 Πνεύματος
495 2173 629 2243 ἡμῖν
677 2171 1082 2243 ἐνεργουμένων
1111 2170 1353 2242 ἀρχηγὸν
1397 2169 1490 2224 καὶ
1537 2170 1709 2223 αἴτιον

125 2260 211 2313 τὸν
257 2261 526 2332 μονογενῆ
564 2261 700 2314 Θεὸν
746 2256 886 2313 εἶναι
926 2259 1226 2316 πιστεύειν.
1273 2259 1462 2314 Πάντα
1503 2258 1612 2332 γὰρ
1640 2258 1708 2315 δι’

129 2351 288 2405 αὐτοῦ
316 2353 672 2424 γεγενῆσθαι,
697 2353 790 2406 καὶ
814 2354 870 2404 ἐν
895 2351 1045 2422 αὐτῷ
1076 2352 1415 2419 συνεστάναι,
1436 2352 1590 2425 παρὰ
1611 2353 1712 2424 τῆς

128 2443 283 2511 ἁγίας
303 2443 536 2515 Γραφῆς
589 2443 966 2516 ἐδιδάχθημεν.
1010 2444 1179 2498 Ὅταν
1222 2445 1400 2498 τοίνυν
1436 2445 1532 2498 καὶ
1573 2445 1712 2516 πρὸς

127 2533 334 2604 ἐκείνην
381 2532 690 2604 ὑψωθῶμεν
741 2535 840 2605 τὴν
873 2533 1101 2598 ἔννοιαν,
1140 2532 1300 2587 πάλιν
1328 2533 1432 2586 ὑπὸ
1461 2535 1562 2606 τῆς
1590 2533 1708 2588 θεο-

129 2625 386 2679 πνεύστου
429 2626 800 2698 χειραγωγίας
822 2625 1149 2695 ἀναγόμενοι
1177 2624 1288 2695 (15)
1317 2625 1706 2696 διδασκόμεθα,

126 2718 202 2770 ὅτι
224 2718 290 2772 δι’
347 2720 574 2789 ἐκείνης
621 2719 721 2790 μὲν
769 2720 946 2772 πάντα
978 2719 1077 2788 τῆς
1098 2718 1381 2790 δυνάμεως
1418 2720 1482 2772 ἐκ
1509 2719 1602 2772 τοῦ
1635 2720 1714 2792 μὴ

125 2809 268 2873 ὄντος
293 2813 378 2876 είς
392 2809 457 2863 τὸ
492 2807 634 2864 εἶναι
649 2811 978 2881 παράγεται,
1007 2812 1067 2864 οὐ
1112 2811 1219 2882 μὴν
1247 2810 1366 2862 οὐδὲ
1403 2810 1461 2876 ἐξ
1497 2811 1712 2882 ἐκείνης

126 2901 412 2973 ἁνάρχως·
469 2901 607 2956 ἀλλά
661 2902 748 2966 τίς
795 2904 912 2956 ἐστι
971 2903 1200 2972 δύναμις
1253 2903 1564 2974 ἀγεννήτως
1614 2904 1710 2958 καὶ

126 2991 373 3063 ἀνάρχως
400 2993 716 3061 ὑφεστῶσα,
733 2992 852 3062 ἦτις
876 2992 1025 3046 ἐστὶν
1047 2993 1194 3046 αἰτία
1209 2993 1307 3064 τῆς
1326 2994 1578 3047 ἁπάντων
1600 2993 1709 3048 τῶν

1810 1814 1965 1872 prout
1995 1806 2103 1859 vult
2132 1807 2196 1860 ".
2240 1806 2586 1877 Inquirentes
2619 1818 2825 1875 autem,
2856 1823 2926 1863 an
2968 1824 2998 1862 a
3049 1809 3167 1864 solo
3198 1818 3390 1863 εειιιιιιο

1811 1893 2016 1965 Spiritu
2060 1896 2327 1951 bonorum
2372 1898 2590 1968 largitio
2619 1898 2894 1968 originem
2934 1899 3166 1963 habens,
3213 1899 3288 1952 ita
3319 1898 3388 1953 ad

1809 1987 2004 2058 dignos
2048 1989 2354 2057 perveniat,
2403 2004 2596 2044 rursus
2640 2004 2669 2043 a
2705 1989 2988 2060 Scriptura
3026 1990 3133 2045 huc
3159 1991 3388 2045 deduci-

1810 2094 1953 2144 mur,
1995 2086 2055 2149 ut
2083 2080 2390 2150 largitionis
2417 2081 2707 2145 bonorum,
2733 2096 2854 2151 qua?
2885 2079 3122 2152 Spiritus
3160 2089 3388 2136 sanctus

1809 2169 1866 2224 in
1917 2169 2078 2224 nobis
2131 2169 2313 2234 ellicit,
2351 2177 2634 2226 auctorem
2679 2178 2735 2226 et
2783 2186 3005 2226 causam
3046 2172 3386 2242 unigenitum

1813 2258 1980 2314 Deum
2007 2275 2132 2314 esse
2162 2259 2474 2318 credamus.
2507 2259 2703 2316 Omnia
2725 2263 2871 2316 enim
2910 2278 3006 2332 per
3031 2263 3209 2332 ipsum
3243 2264 3385 2318 facta

1809 2366 1934 2406 esse
1961 2351 2028 2416 ¹⁸,
2061 2359 2115 2406 et
2145 2353 2199 2406 in
2232 2353 2352 2422 ipso
2382 2353 2690 2409 consistere
2717 2354 2783 2420 ",
2820 2371 2848 2408 a
2881 2364 3072 2411 sancta
3102 2355 3384 2426 Scriptura

1811 2442 2128 2500 didicimus.
2170 2444 2307 2499 Cum
2335 2445 2503 2516 igitur
2531 2445 2598 2499 ad
2636 2446 2778 2499 hanc
2811 2446 3228 2517 intelligentiam
3267 2447 3386 2502 fue-

1812 2534 1986 2590 rimus
2017 2537 2214 2598 evecti,
2248 2551 2442 2590 rursus
2483 2550 2513 2589 a
2547 2535 2814 2591 divinitus
2855 2536 3125 2605 inspirato
3152 2535 3386 2590 admini-

1813 2625 1939 2680 culo
1978 2641 2076 2680 ceu
2119 2642 2283 2680 manu
2328 2627 2477 2680 ducti
2509 2627 2792 2689 docemur,
2819 2629 3000 2681 omnia
3034 2628 3102 2682 ab
3140 2627 3229 2682 illa
3257 2627 3386 2698 qui-

1813 2717 1936 2770 dem
1962 2717 2164 2772 virtute
2213 2733 2279 2773 ex
2331 2717 2502 2772 nihilo
2553 2718 2802 2788 produci,
2838 2735 2942 2772 non
2989 2727 3168 2772 tamen
3199 2719 3267 2772 ab
3296 2719 3385 2772 illa

1814 2808 1933 2862 sine
1964 2806 2274 2877 principio;
2320 2809 2413 2862 sed
2441 2808 2740 2878 quamdam
2782 2824 2906 2862 esse
2949 2807 3206 2862 virtutem
3236 2807 3385 2879 inge-

1813 2900 1926 2953 nite
1966 2907 2019 2953 et
2055 2899 2172 2954 sine
2209 2901 2480 2970 principio
2511 2902 2922 2963 subsistentem,
2953 2915 3074 2970 quae
3103 2915 3268 2956 causa
3301 2909 3386 2956 est

1811 3006 1998 3044 rerum
2045 2991 2290 3044 omnium
2323 3007 2520 3046 causa.
2565 2990 2700 3045 Nam
2749 3007 2815 3046 ex
2863 2991 3026 3046 Patre
3062 2989 3254 3056 Filius,
3289 3007 3386 3061 per

124 3080 282 3136 ιντων
313 3082 521 3146 αἰτίας.
562 3084 658 3137 Ἐκ
696 3084 804 3154 γὰρ
849 3082 942 3136 τοῦ
973 3085 1188 3156 Πατρὸς
1223 3086 1252 3137 ὁ
1284 3084 1430 3150 Υἱὸς,
1455 3084 1522 3137 δι’
1549 3077 1610 3137 οὗ
1640 3085 1708 3139 τά

1812 3097 1974 3150 quem
2001 3080 2206 3146 omnia,
2240 3097 2477 3152 quocum
2518 3097 2737 3156 semper
2763 3082 3005 3154 Spiritus
3041 3091 3266 3138 sanctus
3301 3085 3385 3136 in-

124 3175 315 3238 πάντα,
363 3170 414 3244 ᾦ
473 3176 704 3229 πάντοτε
750 3176 812 3228 τὸ
859 3175 1084 3247 Πνεῦμα
1115 3178 1174 3230 τὸ
1201 3177 1352 3246 ἅγιον
1389 3178 1708 3248 ἀχωρίστως

123 3271 539 3322 σ’δνεπινοεῖται.
595 3270 671 3322 υύ
711 3269 820 3339 γὰρ
857 3269 1004 3324 ἔστιν
1053 3273 1111 3323 ἐν
1163 3260 1408 3343 τέερινοίᾳ
1447 3271 1540 3324 τοῦ
1577 3272 1706 3326 Υίοῦ

123 3361 371 3428 γενέσθαι
395 3390 426 3430 ,ο
491 3361 567 3432 μὴ
649 3361 1206 3432 προκαταυγασθέντα
1271 3361 1348 3432 τῷ
1406 3363 1702 3435 Πνεύματι.

133 3454 346 3525 Ἐπειδὴ
371 3453 558 3508 τοίνυν
603 3453 664 3506 τὸ
723 3453 876 3522 ἅγιον
931 3454 1174 3525 Πνεῦμα,
1211 3455 1302 3524 ἀφ’
1336 3449 1396 3510 οῦ
1429 3457 1577 3510 πᾶσα
1616 3457 1709 3510 ἐπὶ

123 3546 211 3617 τὴν
236 3547 429 3600 κτίσιν
461 3545 624 3616 ἡτῶν
653 3546 871 3614 ἀγαθῶν
894 3547 1129 3618 χορηγία
1164 3546 1423 3618 πηγάζει,
1458 3548 1552 3602 τοῦ
1577 3547 1706 3602 Υίοῦ

126 3639 216 3705 μὲν
233 3640 503 3710 ἤρτηται,
532 3632 577 3707 ᾧ
604 3638 941 3703 ἁδιαστάτως
969 3639 1550 3710 συγκαταλαμϐάνεται
1571 3658 1584 3671 ·
1608 3640 1707 3710 τῆς

123 3727 175 3780 δὲ
213 3729 307 3784 τοῦ
369 3727 595 3799 Πατρὸς
635 3727 814 3790 αἰτίας
854 3728 1162 3798 ἐξημμένον
1183 3729 1296 3800 (Id)
1327 3729 1520 3799 ἕχειτὸ
1545 3729 1706 3792 εἶναι,

124 3819 235 3872 ὅθεν
280 3822 382 3874 καὶ
440 3819 798 3890 ἐκπορεύεται
817 3837 830 3850 ο
857 3819 1014 3874 τοῦτο
1044 3822 1403 3892 γνωριστικὺν
1428 3822 1527 3894 τῆς
1568 3823 1708 3876 κατὰ

122 3909 210 3981 τὴν
249 3912 564 3967 ὑπόστασιν
610 3911 873 3982 ἰδιότητος
911 3915 1134 3982 σημεῖον
1161 3913 1292 3983 ἔχει,
1349 3913 1409 3966 τὸ
1454 3913 1592 3984 μετὰ
1617 3913 1708 3966 τὸν

125 4001 244 4055 Υίδν
269 4003 390 4074 (15)
431 4003 531 4056 καὶ
577 4003 674 4056 σὺν
707 4003 858 4074 αὑτῷ
900 4003 1280 4075 γνωρίζεσθαι,
1309 4003 1402 4057 καὶ
1439 4005 1500 4057 τὸ
1523 4006 1588 4058 ἐκ
1611 4004 1706 4058 τοῦ

123 4093 326 4166 Πατρὸς
383 4096 712 4163 ὑφεστάναι.
761 4096 818 4148 'O
869 4095 926 4148 δὲ
976 4095 1121 4160 Υἱὸς,
1148 4096 1256 4148 ότὸ
1278 4097 1341 4149 ἐκ
1364 4094 1458 4148 τοῦ
1496 4097 1709 4168 Πατρὸς

124 4183 561 4256 ἐκπορευόμενον
592 4184 818 4258 Πνεῦμα
847 4186 914 4238 δι’
966 4185 1160 4239 ἐαυτοῦ
1206 4187 1300 4239 καὶ
1351 4186 1470 4257 μεθ’
1511 4187 1705 4241 ἐαυτοῦ

122 4280 420 4348 γνωρίζων,
457 4278 620 4349 μόνος
657 4278 961 4351 μονογενῶς
995 4282 1060 4333 ἐκ
1089 4279 1183 4332 τοῦ
1211 4281 1506 4352 ἀγεννήτου
1530 4281 1708 4349 φωτὸς

125 4367 426 4439 ἐκλάμψας,
457 4368 734 4439 οὐδεμίαν,
767 4368 911 4423 κατὰ
939 4369 1000 4422 τὸ
1025 4368 1224 4432 ἰδιάζον
1253 4371 1360 4423 τῶν
1391 4369 1709 4440 γνωρισμά-

121 4475 240 4525 των,
261 4461 363 4532 τὴν
396 4459 690 4514 κοινωνίαν
725 4459 838 4530 ἔχει
868 4460 1004 4532 πρὸς
1041 4461 1134 4515 τὸν
1157 4462 1374 4533 Πατέρα
1409 4461 1442 4531 ἢ
1480 4461 1616 4533 πρὸς
1646 4461 1706 4516 τὸ

123 4549 338 4622 Πνεῦμα
371 4553 440 4607 τὸ
480 4552 672 4621 ἅγιον·
695 4552 831 4606 ἀλλὰ
861 4555 973 4617 τοῖς
1010 4552 1578 4625 εἰρημένοιςσημείοις
1609 4551 1704 4624 μό-

121 4656 201 4706 νος
227 4641 590 4715 γνωρίζεται.
635 4641 694 4694 '0
718 4641 774 4695 δὲ
811 4643 906 4696 ἐπὶ
936 4642 1153 4696 πάντων
1181 4642 1312 4706 Θεὸς
1352 4641 1627 4714 ἐξαίρετόν
1648 4659 1702 4696 τι

121 4731 406 4806 γνώρισμα
439 4734 544 4805 τῆς
565 4731 758 4786 ἐαυτοῦ
806 4734 1174 4799 ὑποστάσεως,
1216 4733 1278 4785 τὸ
1317 4731 1506 4805 Πατὴρ
1536 4728 1700 4797 εἶναι,

187 4889 276 4943 "1
305 4891 444 4947 Cor.
475 4905 580 4956 xu,
617 4889 704 4944 Η.
781 4891 823 4921 ¹⁸
851 4888 1008 4944 Joan.
1043 4906 1082 4955 ι,
1117 4887 1169 4943 3.
1250 4889 1292 4921 ¹⁹
1325 4888 1538 4945 Coloss.
1574 4905 1614 4954 ι,
1653 4889 1740 4944 l7.

183 5043 294 5114 (12)
342 5043 688 5111 Διάκρισιν.
727 5043 863 5102 Male
904 5045 960 5098 in
995 5042 1158 5098 editis
1214 5043 1522 5114 σύγκρισιν.
1566 5041 1700 5100 Mss.

120 5127 300 5171 omnes
329 5125 394 5170 ut
419 5116 500 5169 in'
514 5121 686 5167 textu.

181 5182 292 5254 (l3)
348 5184 758 5254 Ἀναγύμενοι.
791 5181 882 5238 Sic
908 5197 1042 5239 mss.
1072 5191 1126 5237 et
1149 5181 1310 5253 Nyss.
1339 5181 1481 5237 Editi
1513 5183 1702 5252 ἐναγό-

243 5274 280 5310 ι.

121 5267 280 5322 μενοι.

155 5326 292 5394 ,(Μ)
344 5323 748 5392 Ἐξημμένον.
769 5321 1040 5394 ῡυοᾷηιεε.
1063 5322 1445 5394 ἐξηρτημένον.

178 5391 289 5466 (15)
327 5391 643 5466 Dictator
675 5395 830 5446 Υἱόν.
873 5391 966 5466 Sic
999 5391 1418 5466 quatuorLIlegii
1458 5391 1693 5466 codices.

118 5462 198 5518 sic
220 5462 392 5520 etiam
442 5464 623 5533 prima
670 5478 841 5533 manu
885 5463 1191 5518 habuerunt
1240 5462 1387 5516 Harl.
1427 5472 1480 5517 et
1525 5464 1692 5518 Coisl.

119 5535 338 5601 primus.
379 5531 535 5588 Editi
571 5531 843 5606 p.81#_705
886 5533 1035 5597 Υἱοῦ,
1086 5549 1205 5604 quae
1256 5535 1521 5606 scriptura
1569 5533 1693 5606 ferri

119 5617 218 5659 non
263 5601 645 5675 potest,_cum
687 5601 827 5675 idem
858 5601 1303 5675 pgorsusvsonet,
1342 5601 1404 5657 a'c
1443 5604 1496 5656 id
1551 5602 1693 5675 qimd

119 5670 383 5748 aequiiur,
413 5673 520 5727 καί
559 5670 867 5741 σί›ν.αὺτῷ.Δ
895 5672 1012 5737 Quo
1040 5683 1217 5732 autem
1249 5690 1413 5730 sensu
1452 5670 1578 5744 post
1604 5672 1692 5726 Fi-

391 5771 686 5836 ΡΑτιοι..
716 5767 834 5833 Gn.
858 5768 1130 5833 XXXII.

1810 3172 2190 3241 separabiliter
2216 3172 2560 3245 intelligitur.
2579 3174 2698 3229 Non
2722 3177 2866 3230 enim
2891 3183 3071 3246 potest
3094 3177 3382 3250 quisquam

1810 3263 1882 3319 de
1915 3263 2051 3318 Filio
2089 3265 2352 3336 cogitare.
2389 3267 2485 3337 qui
2515 3281 2626 3320 non
2669 3267 2741 3321 sit
2785 3268 2989 3337 priusa
3025 3266 3234 3337 Spiritu
3262 3268 3386 3321 illu-

1812 3364 2039 3412 stratus.
2074 3356 2346 3422 Quoniam
2404 3357 2571 3428 igitur
2605 3357 2843 3428 Spiritus
2891 3367 3139 3423 sanctus,
3197 3373 3227 3413 a
3275 3374 3385 3428 quo

1811 3449 1992 3503 omnis
2036 3448 2092 3502 in
2122 3464 2237 3503 rem
2281 3458 2520 3504 creatam
2552 3450 2820 3504 bonorum
2865 3449 3082 3521 largitio
3130 3451 3381 3514 scaturit,

1812 3539 1950 3594 Filio
1981 3540 2199 3609 quidem
2243 3541 2481 3595 cohaeret
2529 3555 2592 3594 ac
2635 3541 2969 3610 conjunctus
3006 3548 3125 3604 est,
3161 3540 3380 3609 quicum

1813 3631 1975 3685 simul
2009 3632 2127 3686 sine
2165 3631 2277 3686 ullo
2324 3632 2616 3686 intervallo
2645 3631 2992 3701 concipitur;
3043 3629 3206 3684 habet
3253 3645 3382 3682 vero

1812 3737 1933 3777 esse
1964 3738 2027 3776 ex
2059 3737 2121 3777 ea
2151 3737 2340 3788 causa,
2371 3738 2493 3792 quae
2533 3722 2696 3778 Pater
2736 3731 2841 3788 est,
2872 3739 3201 3788 connexum,
3235 3728 3383 3780 unde

1810 3822 1864 3870 et
1891 3815 2170 3884 procedit;
2210 3815 2358 3870 illius
2389 3815 2688 3870 secundum
2716 3817 3051 3887 hypostasim
3081 3823 3384 3889 proprietas

1812 3907 1915 3962 hoc
1959 3909 2118 3979 signo
2171 3909 2504 3973 declaratur,
2555 3907 2701 3978 quod
2753 3917 2878 3978 post
2910 3909 3107 3964 Filium
3159 3919 3213 3966 et
3256 3927 3380 3966 cum

1810 3995 1952 4052 Filio
1977 3996 2351 4066 cognoscitur,
2370 4008 2423 4050 et
2455 3999 2598 4065 quod
2627 4012 2691 4050 ex
2716 3996 2878 4052 Patre
2903 3998 3175 4054 subsistit.
3211 3997 3381 4054 Filius

1813 4103 1941 4142 vero
1975 4087 2070 4157 qui
2093 4103 2156 4143 ex
2200 4088 2361 4145 Patre
2405 4087 2789 4159 procedentem
2826 4089 3090 4159 Spiritum
3131 4105 3228 4161 per
3261 4108 3383 4146 sese

1811 4195 1872 4234 ac
1913 4176 2096 4235 Secum
2128 4188 2317 4234 notum
2350 4181 2516 4248 facit;
2548 4197 2612 4235 ac
2652 4183 2804 4237 solus
2829 4183 3105 4254 unigenite
3135 4199 3199 4238 ex
3231 4183 3383 4256 inge-

1812 4271 1927 4325 nita
1962 4271 2084 4326 luce
2110 4272 2338 4339 eﬂ'ulsit,
2376 4274 2606 4339 nullam,
2637 4275 2785 4344 quod
2817 4275 2883 4330 ad
2920 4277 3221 4345 signorum,
3257 4277 3384 4347 qui-

1809 4363 1914 4418 bus
1957 4363 2323 4434 dignoscitur,
2354 4365 2743 4436 pr0prietatem
2783 4369 3010 4428 attinet,
3048 4384 3174 4423 cum
3221 4369 3385 4425 Patre

1815 4463 1910 4509 aut
1938 4455 2143 4525 Spiritu
2179 4466 2373 4511 sancto
2418 4460 2868 4514 communitatem
2909 4461 3074 4516 habet
3103 4481 3115 4515 :
3161 4463 3255 4517 sed
3291 4462 3382 4524 iis,

1813 4562 1936 4617 qua:
1971 4547 2110 4611 dixi,
2144 4548 2314 4619 signis
2358 4550 2510 4604 solus
2550 4553 2885 4622 agnoscitur.
2920 4551 3024 4618 Qui
3073 4564 3251 4606 autem
3301 4563 3385 4608 est

1809 4654 1975 4709 super
2004 4640 2187 4693 omnia
2215 4639 2378 4705 Deus,
2405 4643 2734 4713 praecipuam
2763 4645 3057 4714 quamdam
3088 4645 3248 4720 118
3270 4659 3382 4698 sua:

1808 4731 2122 4804 hypostasis
2165 4741 2372 4800 notam,
2416 4735 2564 4806 quod
2605 4733 2766 4791 Pater
2795 4743 2917 4802 est,
2957 4744 3011 4791 et
3040 4736 3187 4808 quod
3231 4736 3382 4792 nulla

1803 5041 1936 5095 lium
1960 5048 2012 5094 et
2051 5055 2177 5094 cum
2208 5040 2347 5094 Filio
2372 5040 2608 5110 Spiritus
2655 5050 2901 5104 sanctus,
2939 5041 2994 5096 id
3032 5040 3173 5096 infra
3203 5043 3380 5110 expli-

1803 5119 1892 5164 cat
1933 5110 2168 5181 Basilius
2205 5126 2328 5165 cum
2369 5114 2465 5174 ait,
2511 5111 2897 5181 Consequenter
2946 5111 3153 5180 quidem
3195 5129 3383 5164 secun-

1801 5181 1928 5232 dum
1961 5179 2218 5244 ordinem,
2245 5181 2517 5249 conjuncta
2542 5199 2660 5235 vero
2691 5179 2975 5235 secundum
2999 5191 3248 5236 naturam
3273 5193 3380 5234 tros

1800 5267 2052 5320 personas
2091 5251 2351 5319 cognosci.
2381 5251 2679 5305 Confirmat
2716 5253 2858 5308 hanc
2895 5252 3178 5320 lectionem
3211 5253 3380 5305 scho-

1805 5322 1940 5374 lium
1979 5321 2047 5374 ad
2082 5321 2379 5388 marginem
2413 5321 2644 5375 duorum
2680 5322 2929 5376 codicum
2969 5319 3285 5390 Regiorum,
3322 5326 3379 5372 ut

1805 5390 2113 5444 observavit
2137 5390 2516 5460 Combclisius.
2551 5390 2655 5445 Sed
2685 5392 2828 5460 quod
2865 5392 2917 5445 in
2942 5391 3132 5445 eodem
3169 5390 3379 5444 scholio

1793 5460 2004 5529 degitur
2041 5459 2202 5530 paulo
2253 5468 2373 5528 post
2411 5460 2475 5514 δι’
2528 5459 2719 5532 ἑαυτοῦ
2771 5463 2861 5515 καὶ
2893 5459 3011 5532 μεθ’
3045 5461 3255 5532 ἑαυτόν,
3288 5477 3380 5528 per

1805 5534 2034 5598 seipsum
2058 5540 2132 5601 __et
2169 5540 2287 5598 post
2319 5532 2564 5600 scipsum,
2608 5533 2659 5586 id
2697 5530 2904 5587 frustra
2927 5532 3189 5601 probatur
3218 5530 3381 5587 Com-

1805 5601 2014 5656 belisio.
2058 5599 2342 5669 Repugnat
2390 5599 2531 5655 enim
2587 5603 2842 5658 omnibus
2881 5599 3166 5658 codicibus
3219 5617 3378 5672 mss,

1805 5686 1906 5726 nec
1934 5672 2043 5726 ulla
2077 5673 2264 5728 subest
2286 5680 2572 5729 contextus
2595 5674 2914 5737 immutandj
2945 5689 3131 5728 causa.

3056 5771 3128 5833 11
