3870 6218
456 254 556 316 831

1790 248 1848 304 Ι.
1888 245 2135 305 ΒΑειιιι
2175 246 2394 303 MAGNI

3599 248 3710 305 533

455 367 713 428 subsistit
762 382 830 425 ex
880 381 1075 435 causa,
1126 365 1281 426 solus
1314 368 1511 437 habet;
1570 368 1785 439 hocque
1828 385 2023 427 rursus

2131 369 2218 424 καὶ
2249 370 2313 423 ὲκ
2343 367 2613 441 μηδεμιᾶς
2641 366 2755 440 (16)
2776 366 2958 434 αίτίας
3003 367 3323 441 ὑποστῆναι,
3362 368 3522 440 μόνος
3551 368 3705 440 ἔχει’·

457 463 667 519 indicio
694 470 749 518 et
787 461 906 533 ipse
943 460 1164 532 proprie
1197 460 1573 533 cognoscitur.
1612 460 1954 532 QuaprOpter
1974 462 2030 517 in

402 622 415 632 .
458 555 710 611 essentize
748 554 1148 609 communitate
1176 553 1412 608 dicimus
1442 568 1545 609 nec
1583 553 1881 616 cohaerere,
1928 568 2031 609 nec

458 646 853 706 communicari
885 661 1045 716 posse
1072 661 1193 717 qum
1222 645 1650 702 considerantur
1684 647 1740 701 in
1762 646 2032 702 Trinitate

458 738 683 802 indicia,
710 752 807 809 per
838 734 961 809 quae
982 738 1290 810 proprietas
1313 738 1676 793 constituitur
1704 738 2030 794 traditarum

458 830 514 885 in
560 828 667 885 ﬁde
721 843 1102 900 personarum,
1154 843 1485 900 unaquaque
1533 829 1769 899 propriis
1815 828 2031 886 indiciis

460 920 699 977 discrete
744 920 1055 988 intellecta;
1105 919 1179 973 ita
1201 927 1262 974 ut
1306 935 1371 975 ex
1413 920 1578 976 dictis
1634 920 1854 976 indiciis
1878 919 2033 977 dill‘e—

455 1013 637 1069 rentia
667 1012 1043 1082 bypostasewn
1080 1011 1558 1082 deprehendatur;
1589 1021 1645 1067 at
1675 1027 1825 1076 vero,
1854 1027 2032 1083 quan-

455 1110 574 1157 tum
605 1102 796 1157 attinet
835 1102 901 1157 ad
936 1102 991 1157 id
1020 1101 1165 1172 quod
1202 1101 1530 1158 immensum
1561 1113 1665 1169 est,
1697 1104 1843 1174 quod
1877 1118 2030 1159 com—

455 1192 725 1265 prehendi
756 1207 867 1248 non
909 1201 1114 1271 potest,
1147 1193 1296 1264 quod
1328 1201 1573 1250 creatum
1607 1210 1718 1250 non
1756 1202 1861 1259 est,
1887 1192 2032 1265 quod

456 1286 581 1341 loco
626 1285 779 1339 nullo
828 1284 1339 1350 circumscribitur,
1387 1294 1441 1342 et
1492 1286 1704 1357 reliqua
1762 1284 2031 1355 ejusmodi

458 1374 677 1439 omnia,
714 1372 1009 1430 discrimen
1053 1376 1265 1431 nullum
1317 1378 1389 1431 sit
1428 1376 1484 1430 in
1537 1376 1753 1432 viviﬁca
1788 1382 2026 1431 natura:

457 1467 517 1521 in
550 1464 732 1528 Patre.
769 1467 1014 1538 inquam,
1066 1476 1120 1524 et
1151 1465 1312 1532 Filio,
1345 1475 1401 1524 et
1432 1468 1640 1539 Spiritu
1683 1477 1897 1535 sancto,
1933 1470 2031 1525 sed

457 1558 723 1614 continua
752 1559 998 1630 quaedam
1042 1567 1097 1615 et
1130 1559 1362 1617 indivisa
1389 1562 1628 1617 societas
1658 1559 1714 1616 in
1740 1561 1876 1631 ipsis
1907 1574 2033 1631 per-

457 1648 742 1719 spiciatur.
790 1649 970 1719 Atque
1008 1664 1106 1720 per
1150 1664 1288 1720 quas
1320 1649 1446 1721 quis
1475 1651 1834 1720 cogitationes
1863 1649 2032 1720 maje-

459 1748 660 1797 statem
698 1741 865 1797 unius
887 1757 1098 1806 earum,
1134 1758 1256 1814 qua:
1295 1743 1351 1797 in
1386 1743 1657 1798 Trinitate
1701 1742 2025 1807 creduntur,
2059 1732 2103 1787 Β

458 1848 816 1904 personarum
848 1829 1194 1898 intellexerit,
1218 1849 1314 1904 per
1341 1834 1559 1890 easdem
1584 1834 1703 1890 sine
1733 1834 1843 1889 ullo
1870 1849 2029 1905 pror-

460 1940 556 1980 sus
582 1925 903 1983 discrimine
936 1927 1216 1998 procedet,
1245 1928 1298 1982 in
1335 1927 1518 2004 Patre,
1561 1933 1616 1982 et
1646 1921 1786 1982 Filio
1817 1934 1872 1983 et
1904 1924 2031 1998 Spi-

458 2016 571 2071 ritu
627 2024 822 2074 sancto
870 2018 1102 2089 gloriam
1140 2028 1306 2090 atque
1362 2019 1704 2089 majestatem
1757 2035 2027 2075 cernens:

458 2110 610 2165 nullo
654 2110 831 2181 spatio
863 2113 1004 2166 inter
1031 2107 1271 2178 Patrem,
1306 2117 1360 2166 et
1392 2106 1614 2171 Filium.
1657 2120 1711 2166 et
1764 2111 2030 2182 Spiritum

460 2206 713 2255 sanctum
754 2201 1156 2268 intercedente,
1192 2202 1248 2258 in
1280 2196 1390 2275 quo
1441 2218 1598 2259 mens
1651 2203 1799 2259 velut
1854 2218 2032 2259 vacuo

459 2291 797 2348 obambulet.
843 2290 989 2347 Nihil
1035 2292 1182 2348 enim
1222 2302 1329 2359 est,
1364 2288 1513 2365 quod
1546 2294 1689 2349 inter
1721 2293 1871 2363 ipsos
1918 2308 2033 2349 me-

458 2380 612 2436 dium
670 2381 979 2437 inseratur:
1031 2397 1209 2453 neque
1252 2393 1450 2453 praeter
1498 2382 1740 2438 divinam
1778 2391 2033 2439 naturam

458 2474 571 2528 ulla
602 2472 708 2527 alia
755 2487 845 2529 res
879 2480 964 2528 est
1010 2475 1344 2538 subsistens,
1377 2491 1499 2546 quae
1548 2475 1722 2546 ipsam
1773 2490 1805 2529 a
1851 2477 2032 2547 seipsa

458 2558 539 2615 rei
576 2559 767 2614 alienae
792 2559 1117 2630 interpositu
1150 2561 1393 2619 dividere
1426 2571 1624 2633 queat;
1668 2579 1844 2634 neque
1870 2566 2032 2636 spatii

459 2650 767 2721 cuiuspiam
816 2666 926 2706 non
986 2652 1339 2710 subsistentis
1393 2656 1645 2712 vacuitas
1701 2657 2029 2723 intercedit,

459 2756 583 2815 quae
616 2744 815 2798 divinat
842 2745 1100 2800 essentia:
1133 2745 1478 2801 harmoniam
1518 2747 1756 2803 hiulcam
1809 2748 2030 2816 efficiat,

459 2834 784 2890 continuum
815 2834 1105 2906 interiectu
1145 2837 1307 2893 vacui
1336 2837 1621 2894 dirimens.
1656 2838 1761 2895 Sed
1791 2841 1885 2911 qui
1929 2840 2034 2895 Pa-

458 2934 599 2981 trem
632 2925 920 2993 intellexit,
954 2934 1009 2982 et
1048 2943 1173 2983 eum
1215 2928 1272 2983 in
1309 2929 1490 3000 seipso
1522 2929 1810 2996 intellexit,
1840 2939 1896 2986 et
1943 2931 2034 2986 Fi-

2132 461 2226 516 καὶ
2252 460 2340 515 διὰ
2363 458 2553 514 τούτου
2604 460 2766 514 πάλιν
2784 459 2879 515 τοῦ
2913 460 3143 531 σημείου
3172 460 3268 513 καὶ
3289 458 3452 523 αὐτὺς
3479 458 3711 525 ίδιαζόνυ

2129 569 2236 617 τως
2274 550 2717 621 ἐπιγινώσκεται.
2771 550 2973 605 Τούτου
3000 552 3185 606 ἕνεκεν
3205 553 3264 606 ἐν
3298 553 3364 623 τῇ
3387 552 3487 623 τῆς
3515 552 3710 619 οὐσίας

2128 641 2400 712 κοινότητι
2433 640 2727 712 ἁσύμϐατά
2765 658 2945 713 φαμεν
2974 637 3113 695 εἶναι
3151 640 3249 695 καὶ
3269 639 3612 713 ἀκοινώνητα
3632 641 3711 699 τὰ

2128 731 2574 805 ὲπιθεωρούμενα
2605 736 2670 805 τῇ
2710 734 2900 806 Τριάδι
2933 732 3308 805 γνωρίσματα,
3332 733 3399 786 δι’
3428 727 3549 805 ὧνή
3578 732 3712 788 ίδιάδ-

2126 844 2229 899 της
2247 825 2575 898 παρίσταται
2595 824 2704 881 τῶν
2729 827 2786 880 ὲν
2804 828 2871 897 τῇ
2894 824 3072 878 πίστει
3111 824 3559 897 παραδεδομένων
3589 825 3706 896 (l7)

2128 910 2456 990 προσώπων,
2481 917 2711 971 ἑκάστου
2737 920 2850 981 τοῖς
2875 916 3024 980 ἰδίοις
3057 916 3405 988 γνωρίσμασι
3426 916 3709 987 διακεκριο

2132 1009 2309 1081 μένως
2351 1009 2903 1082 καταλαμϐανομένου
2924 1026 2938 1040 ·
2967 1008 3108 1062 ὥστε
3135 1008 3223 1063 διὰ
3248 1008 3357 1063 τῶν
3398 1008 3707 1081 εἰρημένων

2102 1101 2371 1177 ,σημείων
2422 1100 2484 1154 τὸ
2519 1099 2925 1172 κεχωρισμένον
2962 1099 3069 1153 τῶν
3101 1099 3451 1153 ύποστάσειῡν
3488 1099 3710 1171 ἐξευρε-

2129 1190 2289 1262 θῆναι
2316 1208 2332 1224 ο
2359 1190 2502 1245 κατὰ
2543 1192 2601 1244 δὲ
2633 1190 2695 1244 τὸ
2735 1190 2985 1261 ἄπειρον,
3036 1189 3132 1243 καὶ
3176 1187 3578 1258 ἀκατάληπτον,
3608 1187 3718 1240 καὶ-

2127 1283 2188 1337 τὸ
2208 1283 2477 1347 ἁκτίστως
2498 1279 2659 1350 εἶναι,
2678 1282 2775 1336 καὶ
2803 1281 2992 1354 μηδενὶ
3008 1282 3158 1353 τόπῳ
3181 1280 3582 1353 περιειλῆφθαι,
3607 1279 3706 1333 καὶ

2130 1377 2264 1431 πᾶσι
2325 1378 2439 1439 τοῖς
2471 1374 2753 1441 τοιούτοις,
2801 1374 3069 1446 μηδεμίαν
3101 1370 3237 1427 εἶναι
3268 1372 3623 1445 παραλλαγὴν
3644 1374 3708 1426 ὲν

2128 1469 2194 1537 τῇ
2234 1465 2481 1537 ζωοποιῷ
2527 1465 2708 1535 φύσει,
2740 1466 2833 1518 ἐπὶ
2864 1465 3078 1537 Πατρδς
3130 1464 3271 1534 λέγω
3299 1466 3393 1518 καὶ
3440 1465 3571 1517 Υίοῦ
3610 1464 3708 1518 καὶ

2128 1555 2445 1627 Πνεύματος
2483 1556 2639 1625 ἁγίου
2669 1574 2685 1588 ·
2715 1555 2852 1611 ἀλλά
2897 1573 3020 1610 τινα
3056 1556 3253 1626 συνεχῆ
3307 1555 3403 1609 καὶ
3439 1554 3711 1608 ἁδιάσπαπ

2132 1665 2257 1702 στον
2290 1648 2404 1720 (18)
2441 1647 2728 1704 κοινωνίαν
2783 1650 2844 1702 ὲν
2891 1648 3073 1711 αὐτοῖς
3124 1646 3466 1717 θεωρεῖσθαι.
3495 1646 3607 1701 Καὶ
3635 1646 3710 1701 δι’

2131 1735 2205 1796 ὧν
2235 1743 2300 1797 ἄν
2340 1760 2425 1806 τις
2465 1742 2753 1814 νοημάτων
2792 1741 2855 1795 τὸ
2878 1741 3163 1814 μεγαλεῖον
3190 1740 3307 1805 ἑνός
3341 1758 3485 1805 τινος
3510 1739 3619 1793 τῶν
3645 1739 3710 1793 ὲν

2130 1834 2199 1902 τῇ
2238 1832 2370 1903 ἁγία
2416 1832 2606 1904 Τριάδι
2639 1831 3044 1903 πιστευομένων
3075 1830 3448 1900 κατανοήσειε,
3479 1829 3566 1884 διὰ
3594 1831 3711 1885 τῶν

2131 1923 2310 1978 αὐτῶν
2368 1922 2791 1996 προσελεύσεται
2824 1922 3260 1995 ἀπαραλλάκτως
3279 1962 3294 1987 ,
3341 1923 3435 1976 ἐπὶ
3467 1921 3710 1992 Πατρὸς,

2132 2016 2227 2070 καὶ
2258 2015 2410 2081 Υίοῦ,
2463 2016 2559 2070 καὶ
2613 2016 2929 2088 Πνεύματος
2971 2015 3128 2084 ἁγίου
3160 2014 3257 2087 τὴν
3292 2013 3449 2079 δόξαν
3472 2012 3708 2083 βλέπων,

2132 2106 2192 2159 ὲν
2227 2093 2402 2160 οὐδενῖ
2460 2106 2812 2179 διαλείμματι
2848 2105 3050 2175 μεταξὺ
3088 2105 3301 2178 Πατρὸς
3327 2105 3422 2159 καὶ
3448 2102 3578 2157 Υίοῦ
3608 2101 3711 2157 καὶ

2133 2199 2287 2267 ἁγίου
2318 2197 2637 2271 Πνεύματος
2662 2200 2768 2271 -τῆς
2797 2199 3037 2263 διανοίας
3067 2196 3528 2270 κενεμϐατούσης.
3560 2196 3710 2250 Attin

2131 2290 2282 2344 οὐδέν
2311 2293 2427 2344 ἐστι
2457 2290 2520 2344 τὸ
2548 2289 2638 2344 διὰ
2665 2290 2832 2362 μέσου
2860 2289 3064 2344 τούτων
3084 2290 3554 2362 παρενειρόμενον,
3581 2286 3710 2342 οὔτι

2133 2383 2365 2454 πρᾶγμα
2391 2381 2639 2451 ὑφεστὼς
2670 2380 2797 2437 ἄλλο
2819 2399 2872 2435 τι
2906 2380 3059 2453 παρὰ
3095 2381 3194 2454 τὴν
3227 2365 3374 2435 θείαν
3410 2378 3590 2449 φύσιν,
3629 2377 3712 2444 ὡς

2132 2470 2517 2545 καταμερίζειν
2562 2472 2733 2544 αὐτὴν
2775 2471 2912 2545 πρὸς
2954 2472 3150 2542 ἑαυτὴν
3177 2470 3267 2524 διὰ
3296 2469 3396 2540 τῆς
3431 2466 3524 2524 τοῦ
3554 2468 3713 2523 ἁλλο-

2133 2564 2283 2635 τρίου
2339 2562 2785 2636 παρεμπτώσεως
2823 2563 3112 2617 δύνασθαιο
3159 2561 3285 2616 οὔτε
3340 2561 3713 2634 διαστήματός

2131 2673 2276 2719 τινος
2301 2656 2672 2710 ἀνυποστάτου
2694 2656 2937 2727 κενότης,
2966 2656 3087 2727 ἥτις
3113 2653 3400 2725 κεχηνέναι
3425 2655 3570 2706 ποιεῖ
3603 2651 3712 2723 τῆς

2134 2743 2283 2809 θείας
2310 2744 2499 2808 οὐσίας
2525 2744 2624 2816 τὴν
2657 2744 2794 2815 πρὸς
2841 2744 3038 2816 ἑαυτὴν
3078 2742 3365 2816 ἁρμονίαν,
3396 2745 3463 2814 τῇ
3506 2759 3715 2813 παρεν-

2134 2836 2279 2910 θήκῃ
2314 2837 2411 2892 τοῦ¹
2431 2838 2587 2892 κενοῦ
2606 2837 2668 2891 τὸ
2696 2838 2916 2908 συνεχὲς
2944 2837 3347 2893 διαστέλλουσα.
3383 2836 3521 2891 Ἀλλ’
3557 2838 3587 2891 6
3612 2836 3712 2891 τὸν

2134 2928 2352 3001 Πατέρα
2381 2931 2580 3001 νοήσας
2600 2928 2760 2982 αὐτόν
2785 2947 2844 2983 τε
2870 2931 2956 2999 ἐφ’
2993 2928 3186 2983 ἑαυτοῦ
3215 2929 3425 3001 ἐνόησε,
3474 2929 3569 2983 καί
3614 2929 3716 2983 τὸν

458 3017 595 3072 lium
632 3017 799 3101 animi
827 3019 1178 3089 perceptione
1226 3018 1392 3105 simul
1429 3027 1515 3076 est
1552 3022 1892 3094 complexus.
1928 3022 2030 3090 Qui

2137 3016 2266 3074 Υἱὸν
2293 3023 2359 3092 τῇ
2383 3021 2594 3093 διανοίᾳ
2633 3020 3095 3094 συμπαρεδέξατο.
3133 3021 3191 3075 ’0
3207 3020 3264 3075 δὲ
3288 3020 3476 3075 τοῦτον
3503 3019 3710 3089 λαϐὼν,

460 3119 647 3165 autem
676 3096 922 3181 percepit
947 3108 1173 3177 Filium,
1198 3125 1230 3166 a
1248 3100 1402 3167 Filio
1430 3111 1695 3183 Spiritum
1737 3130 1847 3169 non
1878 3130 2035 3186 sepa-

461 3203 624 3270 ravit,
648 3202 745 3260 sed
770 3210 1173 3274 consequenter
1193 3204 1411 3275 quidem
1438 3204 1740 3259 secundum
1762 3206 2032 3273 ordinem,

462 3294 758 3363 coniuncte
801 3310 931 3351 vero
985 3296 1289 3352 secundum
1338 3302 1617 3360 naturam,
1660 3297 1825 3351 trium
1870 3298 2035 3353 simul

460 3384 781 3455 permistam
810 3385 871 3441 in
917 3386 1101 3456 seipso
1139 3385 1297 3443 iidem
1340 3390 1628 3457 expressit.
1662 3388 1730 3443 Et
1772 3391 1867 3461 qui
1913 3390 2035 3464 Spi-

459 3476 631 3531 ﬁtum
674 3484 883 3532 tantum
917 3477 1077 3544 dixit,
1112 3479 1527 3549 comprehendit
1571 3482 1736 3537 simul
1769 3481 1872 3538 hac
1898 3499 2034 3539 con-

460 3564 702 3623 fessione
726 3576 781 3624 et
812 3584 938 3623 eum
968 3569 1132 3638 cujus
1172 3568 1414 3641 Spiritus
1449 3579 1554 3627 est.
1582 3571 1649 3626 Et
1673 3576 1799 3644 quia
1828 3574 2033 3631 Christi

458 3667 549 3714 est
582 3659 842 3730 Spiritus,
870 3671 925 3715 et
957 3675 1025 3716 ex
1059 3660 1192 3729 Deo,
1225 3661 1684 3732 quemadmodum
1723 3665 1859 3721 dicit
1891 3664 2033 3721 Pau-

457 3748 550 3805 lus
577 3751 661 3805 ὀε
710 3763 771 3805 ιιι
815 3767 884 3807 ex
929 3764 1124 3809 catena
1153 3763 1459 3812 extremum
1499 3773 1670 3814 unum
1700 3759 1794 3831 qui
1838 3772 2035 3829 appre-

459 3840 674 3907 hendit,
719 3843 952 3898 alterum
1005 3845 1174 3900 etiam
1214 3857 1517 3903 extremum
1559 3850 1722 3904 simul
1756 3849 1984 3903 attraxit
2017 3865 2032 3914 ;

459 3930 537 3986 ita
579 3933 674 4003 qui
723 3932 989 4003 Spiritum
1023 3934 1270 4004 attraxit,
1325 3946 1387 3993 ut
1426 3940 1503 3993 ait
1552 3938 1823 4011 Propheta
1862 3941 1930 4006 “,
1978 3946 2034 3995 et

458 4016 660 4074 Filium
719 4029 773 4075 et
803 4018 1022 4075 Patrem
1056 4037 1153 4092 per
1199 4023 1381 4094 ipsum
1429 4027 1591 4082 simul
1653 4029 1838 4084 traxit.
1888 4026 2034 4094 Quin

460 4112 625 4166 etiam
671 4110 867 4166 Filium
904 4112 950 4167 si
984 4115 1109 4183 quis
1137 4131 1265 4172 vere
1320 4119 1765 4189 apprehenderit,
1812 4119 2034 4175 habebit

459 4218 586 4257 eum
628 4203 906 4275 utrinQue,
947 4206 1077 4262 hinc
1106 4210 1328 4279 quidem
1374 4210 1589 4269 Patrem
1645 4229 1828 4279 suum,
1882 4215 2033 4268 illinc

458 4307 590 4348 vero
623 4293 885 4364 Spiritum
912 4298 1196 4367 proprium
1245 4316 1353 4354 una
1409 4316 1594 4358 secum
1646 4303 2029 4358 adducentem.

2135 3114 2228 3168 τοῦ
2259 3112 2387 3167 Υίοῦ
2414 3114 2476 3167 τὸ
2502 3113 2723 3186 Πνεῦμα
2746 3114 2850 3168 οὐκ
2873 3113 3227 3186 ἀπεμέρισεν,
3255 3113 3370 3167 ἀλλ’
3398 3112 3716 3179 ἀκολούθως

2138 3205 2235 3277 μὲν
2260 3205 2400 3259 κατὰ
2438 3207 2538 3276 τὴν
2578 3207 2753 3272 τάξιν,
2792 3207 3151 3278 συνημμένως
3176 3206 3234 3259 δὲ
3262 3204 3403 3260 κατὰ
3422 3204 3519 3276 τὴν
3545 3204 3718 3274 φύσιν

2132 3295 2241 3351 τῶν
2268 3295 2435 3369 τριῶν
2466 3296 2604 3351 κατὰ
2627 3290 2820 3351 ταυτὸν
2848 3295 3299 3367 συγκεκραμένην
3320 3297 3377 3349 ὲν
3415 3293 3591 3365 ἑαυτῷ
3609 3293 3719 3367 τὴν

2133 3387 2312 3442 πίστιν
2337 3386 2739 3443 ἁνετυπὼσατο.
2780 3390 2891 3443 Καὶ
2919 3389 2948 3442 6
2979 3388 3039 3442 τὸ
3070 3386 3293 3459 Πνεῦμα
3337 3387 3496 3460 μόνον
3538 3386 3718 3444 εἰπὼν

2136 3478 2536 3552 συμπεριέλαϐε
2556 3480 2623 3550 τῇ
2656 3478 2919 3550 ὁμολογίᾳ
2953 3477 3125 3551 ταύτῃ
3156 3476 3251 3531 καὶ
3296 3476 3387 3532 τὸν
3418 3471 3480 3531 οῦ
3508 3478 3625 3530 ἐστι
3646 3476 3717 3531 τὸ

2132 3571 2379 3641 Πνεῦμα.
2426 3569 2539 3624 Καὶ
2594 3569 2781 3641 ἐπειδὴ
2820 3568 2914 3623 τοῦ
2948 3569 3183 3641 Χριστοῦ
3226 3571 3343 3623 ὲστι
3371 3569 3433 3622 τὺ
3459 3567 3711 3640 Πνεῦμα,

2132 3662 2227 3715 καὶ
2255 3663 2319 3714 ὲκ
2344 3660 2437 3714 τοῦ
2469 3659 2624 3726 Θεοῦ,
2659 3658 2839 3724 καθώς
2868 3677 3031 3732 φησιν
3056 3663 3084 3714 6
3110 3658 3322 3724 Παῦλος
3338 3659 3449 3729 (19)
3469 3676 3484 3690 ·
3518 3657 3716 3732 ὥσπερ

2132 3751 2191 3818 ὲξ
2227 3752 2465 3817 ἁλύσεως
2486 3754 2515 3805 6
2536 3752 2628 3806 τοῦ
2659 3753 2777 3817 ένδς
2804 3753 2972 3823 ἄκρου
2998 3753 3274 3823 ἁψάμενος
3306 3752 3401 3805 καὶ
3425 3751 3488 3805 τὸ
3516 3750 3713 3823 ἕτερον

2132 3844 2299 3916 ἄκρον
2347 3843 2813 3909 συνεπεσπάσατο,
2844 3843 3018 3908 οὕτως
3049 3846 3079 3897 6
3102 3842 3164 3897 τὸ
3198 3841 3424 3914 Πνεῦμα
3451 3840 3712 3907 ἑλκύσας,

2133 3933 2316 3997 καθώς
2336 3946 2497 4006 φησιν
2524 3937 2553 3989 6
2580 3936 2891 4007 Προφήτης,
2921 3934 2990 3988 δι’
3027 3933 3190 3989 αὑτοῦ
3219 3932 3313 3988 καὶ
3338 3933 3430 3986 τὸν
3457 3932 3586 3987 Υίὸν
3614 3934 3716 3987 καὶ

2132 4026 2221 4079 τὸν
2240 4025 2457 4097 Πατέρα
2474 4025 2791 4096 συνεφειλκύ
2800 4043 2947 4080 σατο.
2965 4026 3076 4080 Καὶ
3108 4026 3157 4078 εί
3178 4025 3270 4080 τὸν
3295 4025 3423 4079 Υίὸν
3440 4022 3715 4096 ἀληθινῶς

2132 4135 2216 4180 τις
2238 4116 2414 4182 λὰὗοι,
2443 4116 2555 4182 ἕξει
2585 4118 2747 4172 αὐτὸν
2776 4117 3137 4189 ἑκατέρωθεν,
3169 4117 3247 4190 πὴ
3277 4116 3377 4189 μὲν
3403 4116 3495 4170 τδν
3512 4113 3714 4170 ἑαυτοῦ

2132 4207 2371 4279 Πατέρα,
2396 4208 2472 4279 πὴ
2493 4208 2550 4261 δὲ
2576 4207 2639 4262 τὸ
2671 4209 2800 4263 ἴδιον
2839 4208 3059 4281 Πνεῦμα
3081 4209 3538 4279 συνεπαγόμενον.
3566 4206 3713 4262 Οὔτε

2093 4363 2108 4379 ι
2131 4299 2239 4370 γὰρ
2270 4299 2363 4352 τοῦ
2390 4300 2604 4370 Πατρδς
2624 4301 2653 4353 6
2700 4300 2789 4353 ἀεὶ
2816 4302 2875 4355 ὲν
2900 4301 2978 4373 τῷ
3004 4301 3180 4372 Πατρὶ
3212 4299 3289 4356 ὣν
3317 4300 3714 4375 ἀποτμηθῆναι

457 4378 647 4452 Neque
700 4383 846 4437 enim
881 4399 913 4439 a
938 4381 1119 4442 ‘Patre
1149 4389 1241 4458 qui
1276 4403 1490 4460 semper
1522 4401 1608 4448 est
1651 4394 1707 4447 in
1736 4391 1898 4448 Patre
1936 4393 2030 4447 ab-

2131 4390 2439 4460 δυνήσεται,
2464 4391 2587 4446 οὕτε
2612 4392 2706 4446 τοῦ
2737 4392 3053 4464 Πνεύματός
3083 4410 3213 4447 ποτε
3250 4393 3712 4466 διαζευχθήσεται

453 4474 636 4531 scindi
693 4475 912 4545 poterit,
948 4492 1127 4548 neque
1174 4494 1206 4533 a
1254 4482 1479 4551 pr0prio
1527 4480 1733 4552 Spiritu
1786 4499 2024 4553 unquam

456 4566 777 4638 sejungetur
806 4568 900 4639 qui
951 4568 1008 4623 in
1053 4570 1175 4640 ipso
1200 4570 1361 4625 ellicit
1386 4574 1590 4627 omnia.
1629 4573 1897 4627 Similiter
1930 4589 2027 4628 au-

452 4664 566 4715 tem
597 4667 653 4715 et
678 4659 773 4731 qui
806 4656 1023 4716 Patrem
1050 4662 1281 4733 recepit,
1304 4662 1471 4719 simul
1505 4679 1719 4735 quoque
1748 4673 1801 4721 et
1828 4664 2026 4721 Filium

452 4753 511 4805 et
544 4747 808 4820 Spiritum
838 4758 1107 4821 potestate
1137 4754 1361 4824 recepit.
1390 4752 1513 4810 Non
1540 4756 1687 4811 enim
1708 4764 1885 4827 potest
1914 4759 2026 4812 ullo

452 4839 621 4895 modo
649 4841 825 4896 sectio
856 4851 952 4897 aut
992 4842 1194 4898 divisio
1234 4845 1557 4916 excogitari,
1598 4846 1675 4901 ita
1708 4857 1769 4902 ut
1812 4856 1906 4902 aut
1934 4847 2027 4903 Fi-

453 4925 564 4982 lius
595 4926 805 4998 absque
829 4925 993 4985 Patre
1036 4930 1396 5002 intelligatur,
1437 4942 1534 4988 aut
1572 4932 1809 5005 Spiritus
1838 4937 2026 5007 sejun-

454 5012 615 5087 gatur
641 5031 675 5071 a
704 5016 902 5073 >Filio:
940 5018 1039 5076 sed
1080 5019 1139 5075 in
1192 5018 1282 5076 his
1328 5020 1621 5079 inell'abilis
1667 5024 1917 5095 quaedam
1968 5034 2025 5083 et

524 5172 572 5205 ³ο
598 5169 758 5227 Rom.
784 5173 994 5240 1!",‘9.
1071 5175 1116 5207 “
1148 5172 1295 5232 Psal.
1330 5192 1519 5245 cxvm,
1557 5179 1676 5233 151.

519 5327 636 5411 (ιίξ)
676 5328 780 5411 Ἐκ
808 5328 1353 5411 (twenty-{Deerat
1393 5334 1451 5389 in
1481 5333 1660 5391 editis
1712 5334 2026 5406 praepositio

450 5398 800 5468 qttatplegitur
816 5398 891 5468 'in’
905 5398 1159 5457 omnibus
1190 5418 1327 5458 mss.

523 5466 635 5548 ll?)
662 5466 1193 5548 ’Παραρεδομένωνκ
1239 5470 1321 5527 ita
1364 5486 1552 5530 omnes
1598 5488 1733 5548 mss.
1768 5484 1825 5531 et
1851 5473 2019 5548 ifiyss.

451 5532 592 5620 _Editi
615 5532 1084 5620 παραδιδομένων,
1126 5552 1354 5614 excepta
1379 5551 1557 5600 tamen
1581 5545 1820 5603 editione
1849 5532 2027 5620 [laga-

447 5607 644 5679 noetrsi
676 5607 731 5679 et
757 5607 922 5679 Basil.
948 5611 1142 5679 prima.

516 5673 636 5748 (18)
681 5673 1143 5737 ’Δδιάυπάστον.
1165 5680 1317 5741 Harl.
1337 5691 1392 5743 et
1415 5699 1557 5744 unus
1580 5684 1844 5752 exReaiis
1871 5686 2023 5745 ἀδιό-

2129 4480 2223 4534 τοῦ
2256 4481 2385 4535 ἰδίου
2412 4484 2440 4536 6
2462 4483 2639 4536 πάντα
2672 4486 2728 4537 ὲν
2755 4483 2904 4555 αὐτῷ
2926 4485 3185 4559 ἐνεργῶν.
3229 4484 3500 4549 Ὡσαύτως
3533 4484 3591 4538 δὲ
3612 4487 3714 4540 καὶ

2130 4573 2159 4626 6
2184 4571 2275 4627 τὸν
2302 4573 2521 4645 Πατέρα
2542 4573 2832 4645 δεξάμενος
2853 4576 2946 4629 καὶ
2972 4576 3064 4631 τὸν
3095 4572 3223 4631 Υἱὸν
3268 4577 3361 4630 καὶ⁸
3388 4576 3450 4631 τὸ
3479 4574 3714 4647 Πνεῦμα

2132 4663 2580 4735 συμπαρεδέξατο
2613 4667 2679 4736 τῇ
2722 4665 2968 4738 δυνάμει.
2994 4667 3069 4720 Οὐ
3103 4667 3212 4739 γὰρ
3239 4666 3386 4722 ἐστιν
3418 4667 3712 4739 ἐπινοῆσαι

2130 4752 2301 4825 τομὴν
2338 4754 2372 4826 ἢ
2424 4756 2686 4829 διαίρεσιν
2726 4758 2847 4810 κατ’
2897 4757 3088 4812 οὐδένα
3140 4758 3362 4831 τρόπον,
3385 4759 3462 4822 ὡς
3506 4758 3541 4829 ἢ
3575 4757 3712 4813 Υἱὸν

2117 4846 2299 4915 -χωρὶς
2330 4845 2543 4917 Πατρὸς
2580 4845 2856 4918 νοηθῆναι,
2878 4847 2913 4919 ἢ
2944 4847 3005 4901 τὸ
3035 4847 3262 4919 Πνεῦμα
3291 4847 3387 4902 τοῦ
3421 4846 3552 4902 Υίοῦ
3583 4847 3713 4901 δια-

2125 4936 2418 5008 ζευχθῆναι
2443 4955 2458 4969 ο
2494 4937 2633 4993 ἀλλά
2679 4956 2766 5003 τις
2814 4940 3052 5013 ἄρρητος
3103 4941 3198 4994 καὶ
3242 4939 3613 5009 άκατανόητος
3645 4942 3709 4995 ὲν

2122 5028 2331 5094 τούτοις
2360 5029 2836 5102 καταλαμβάνεται
2856 5033 2950 5088 καὶ
2975 5034 3011 5104 ἡ
3037 5032 3290 5089 κοινωνία
3313 5033 3409 5087 καὶ
3431 5033 3466 5103 ἡ
3496 5031 3711 5102 διάκρι-

2129 5355 2340 5394 στατον.
2728 5385 2735 5392 .
3654 5390 3659 5395 .

2197 5410 2308 5481 (19)
2348 5402 2422 5464 ’Ὅ
2453 5410 2717 5477 Παῦλος.
2756 5408 2909 5468 Harl.
2944 5418 3001 5467 et
3028 5419 3141 5481 tres
3169 5409 3269 5481 alii
3290 5410 3321 5464 6
3356 5404 3705 5481 ’ᾼπρςτολοᾳ

2124 5474 2458 5551 Pauloipost
2491 5474 2715 5551 quidam
2747 5496 2884 5538 mss.
2923 5483 3019 5536 καὶ
3058 5480 3155 5535 ’τὸν
3188 5479 3318 5551 Ῑὶὺν
3357 5474 3573 5550 ἀληθῶς
3609 5474 3692 5533 λάο

2124 5551 2230 5624 ροι.
2278 5548 2402 5624 Μρξ
2446 5548 2576 5607 editi
2597 5551 2658 5606 τὸ
2690 5550 2847 5621 ἆγιον
2900 5551 3143 5624 Πνεῦμα.
3182 5548 3402 5622 Septem
3654 5553 3704 5607 ει

2125 5619 2287 5695 Cres.
2314 5620 2477 5696 Nyss.
2506 5629 2566 5679 ut
2594 5623 2651 5681 in
2682 5619 2855 5680 textu.

3692 5780 3771 5804 If,
