3912 6214
181 313 305 371 $55

1081 305 1573 362 EPISTOLARUM
1602 303 1889 360 CLASSIS
1927 303 1967 357 Ι.
2004 301 2224 358 EPIST.
2264 298 2552 387 XXXVlll.

3333 242 3439 344 ssi

186 451 297 499 σις,
349 430 475 486 οὗτε
519 431 621 501 τῆς
681 430 790 484 τῶν
840 428 1190 482 ὑποστάσεων
1242 428 1508 499 διαφορᾶς
1554 425 1616 479 τό
1663 426 1798 497 τῆςι

1886 421 2440 496 ncomprebensibilis
2496 415 2923 489 deprehenditur
2973 421 3090 467 tum
3154 410 3437 471 societas.

186 523 407 595 φύσεως
439 524 661 595 συνεχὲς
714 520 1050 591 διασπώσης,
1078 519 1202 573 οὔτε
1245 520 1345 589 τῆς
1374 518 1515 572 κατά
1549 517 1646 590 τὴν
1678 518 1770 570 οὑ-

188 614 315 669 σίαν
377 615 688 685 κοινότητος
732 613 794 667 τὸ
831 610 1028 675 ἰδιάζον
1080 611 1187 665 τῶν
1222 610 1616 682 γνωρισμάτων
1639 610 1775 663 ἀνα-

187 705 426 779 χεούσης
469 707 602 778 (20).
640 705 732 777 Μὴ
774 705 1063 777 θαυμάσῃς
1092 703 1168 768 δὲ,
1203 706 1251 756 εἰ
1282 703 1346 756 τὸ
1375 702 1508 756 αὑτὸ
1539 702 1633 755 καὶ
1654 719 1771 754 συν-

188 798 437 868 ημμένον
469 798 565 850 καὶ
604 794 1018 866 διακεκριμένον
1070 787 1214 847 εἷναί
1258 811 1460 864 φαμεν,
1516 792 1610 847 καί
1649 810 1779 846 τινα

188 887 537 957 ἐπινοοῦμεν,
567 886 759 957 ὥσπερ
807 886 866 937 ὲν
892 884 1196 954 αἰνίγματι,
1239 885 1435 954 καινὴν
1464 884 1561 938 καὶ
1589 883 1771 956 παρά-

188 979 340 1046 δοξον
390 977 661 1050 διάκρισίν
704 994 765 1030 τε
794 977 1169 1047 συνημμένην,
1212 976 1306 1029 καὶ
1351 975 1773 1046 διακεκριμένην

187 1070 512 1141 συνάφειαν.
555 1070 617 1122 Ei
650 1069 759 1140 γάρ
806 1069 881 1140 μή
935 1085 1019 1131 τις
1048 1066 1336 1141 ἐριστικῶς
1363 1066 1457 1120 καὶ
1502 1065 1640 1136 πρὸς
1675 1066 1774 1117 ὲπ-

185 1165 385 1234 ήρειαν
412 1162 598 1217 ἀκούοι
636 1161 748 1231 (21)
776 1160 871 1213 τοῦ
923 1160 1105 1227 λόγου,
1139 1160 1235 1212 καὶ
1261 1161 1320 1214 ὲν
1346 1162 1458 1220 τοῖς
1496 1156 1775 1217 αἰσθητοῖς

180 1255 414 1310 δυνατόν
441 1254 634 1307 ὲστιτὸ
652 1252 890 1306 τοιοῦτον
921 1252 1127 1323 εὑρεῖν.

261 1511 317 1567 5.
347 1510 459 1564 Καί
512 1528 613 1582 μου
666 1509 889 1577 δέξασθε
916 1509 1008 1563 τὸν
1040 1510 1221 1578 λόγον,
1249 1492 1325 1574 ὧς
1350 1509 1652 1580 ὑπόδειγμα
1680 1493 1773 1563 καὶ

188 1603 351 1657 σκιάν
385 1602 667 1674 ἀληθείας,
707 1603 806 1673 οὑχ
832 1601 909 1663 ὡς
948 1601 1116 1674 αὑτὴν
1146 1602 1244 1673 τὴν
1273 1600 1385 1655 τῶν
1431 1601 1773 1673 πραγμάτων

182 1694 469 1767 ἀλήθειαν.
498 1695 573 1747 Οὐ
608 1692 717 1764 γὰρ
754 1692 979 1746 δυνατόν
1008 1694 1126 1746 ἐστι
1168 1691 1260 1745 διὰ
1289 1691 1505 1745 πάντων
1530 1692 1776 1761 ἐφαρμο-

185 1786 387 1858 σθῆναι
410 1784 476 1839 τὸ
503 1786 562 1838 ὲν
576 1786 687 1850 τοῖς
711 1784 1073 1856 ὑποδείγμασι
1096 1783 1470 1854 θεωρούμενον
1494 1786 1607 1846 τοῖς
1631 1782 1770 1852 πρὸς
1802 1771 1848 1832 Β

180 1876 222 1931 ἃ
253 1880 288 1949 ή
309 1876 423 1931 τῶν
448 1876 1039 1948 ὑποδειγμάτωνχρεία
1061 1876 1571 1949 παραλαμϐάνεται.
1595 1874 1775 1931 Πόθεν

181 1967 281 2025 οὖν
310 1988 495 2042 φαμεν
518 1970 581 2023 τὸ
633 1968 1049 2040 διακεκριμένον
1102 1969 1221 2039 ἅμα
1256 1969 1352 2022 καὶ
1387 1966 1623 2036 συναφὲς
1656 1966 1773 2039 (22)

186 2062 257 2113 ὲκ
281 2058 555 2114 τῶνκατά
580 2058 680 2130 τὴν
714 2058 969 2129 αἴσθησιν
995 2061 1125 2130 ἡμῖν
1166 2058 1618 2130 προφαινομένων
1641 2060 1775 2113 ἀνα-

183 2148 538 2218 λογίζεσθαι;
574 2149 713 2221 Ἤδη
763 2150 896 2203 ποτὲ
929 2149 1025 2203 τοῦ
1080 2152 1139 2203 ὲν
1175 2152 1241 2222 τῇ
1265 2150 1463 2222 νεφέλῃ
1492 2150 1645 2214 τόξου
1676 2149 1776 2222 τὴν

187 2240 516 2311 λαμπηδόνα
567 2240 708 2294 κατά
764 2241 827 2293 τὸ
860 2240 964 2313 έαρ
1016 2240 1308 2297 τεθέασαιο
1343 2244 1519 2296 ἐκεῖνο
1544 2242 1690 2312 λέγω
1718 2243 1779 2298 τὸ

185 2330 370 2397 τόξον,
397 2331 534 2402 ὅπερ
566 2331 596 2383 ὁ
624 2329 802 2393 κοινὸς
833 2329 989 2398 λόγος
1019 2330 1126 2402 τριν
1158 2329 1346 2385 εἴωθεν
1370 2330 1732 2402 ἐπονομάζειν
1757 2347 1774 2363 ⁶

183 2423 216 2477 δ
250 2438 421 2493 φασιν
450 2424 501 2476 οἱ
526 2423 653 2494 περὶ
681 2421 855 2477 ταῦτα
881 2423 1044 2476 δεινοὶ
1090 2424 1212 2477 τότε
1256 2423 1623 2490 συνίστασθαι,
1648 2425 1778 2481 ὅταν

80 2582 83 2589 _
187 2513 620 2584 ἀνακεκραμένη
674 2530 759 2576 τις
862 2513 999 2585 πρὸς
1027 2514 1117 2567 τὸν
1168 2514 1305 2586 ἀέρα
1345 2515 1512 2581 νοτὶς,
1543 2516 1642 2587 τῆς
1669 2517 1778 2571 τῶν

189 2606 525 2676 πνευμάτων
553 2604 672 2675 βίας
704 2605 766 2658 τὺ
817 2606 876 2658 ἐν
905 2609 1019 2669 τοῖς
1065 2605 1255 2676 ἀτμοῖς
1289 2607 1457 2678 ὑγρὸν
1487 2608 1580 2660 καὶ
1608 2609 1775 2678 παχὺ,

190 2697 435 2768 νεφῶδες
465 2698 567 2770 ἤδη
580 2698 889 2768 γενόμενον,
913 2699 993 2761 εἰς
1015 2698 1169 2752 ὑετὸν
1195 2699 1614 2771 ἀποθλιϐούσης.
1647 2701 1779 2753 Συν-

192 2776 463 2843 Δίστιισθαι
518 2787 576 2843 δὲ
615 2789 864 2858 λέγουσιν
904 2777 1093 2853 οὑτως.
1138 2790 1387 2843 Ἐπειδὰν
1424 2791 1457 2861 ή
1500 2789 1595 2843 τοῦ
1625 2790 1779 2861 ἡλίου

195 2883 358 2945 ἀκτὶς
408 2881 554 2935 κατά
592 2881 651 2934 τὸ
700 2880 928 2949 πλάγιον
967 2880 1354 2952 ὑποδραμοῦσα
1392 2882 1454 2935 τὸ
1487 2882 1688 2936 πυκνόν
1719 2899 1780 2936 τε

186 2974 288 3028 ’καὶ
313 2974 623 3045 συνηρεφὲς
644 2974 745 3044 τῆς
758 2971 1064 3044 νεφώσεως,
1098 2968 1217 3025 εἶτα
1241 2972 1383 3026 κατά
1404 2973 1465 3026 τὸ
1479 2973 1607 3026 εὑθὺ
1630 2973 1781 3042 νέφει

1870 524 1987 570 tum
2024 516 2323 582 distinctio,
2367 528 2545 583 neque
2594 511 2970 582 hypostasewn
3005 504 3315 560 diii‘ereutia
3343 516 3414 557 na

1874 621 2009 663 tura!
2060 606 2507 676 conjunctionem
2568 603 2897 665 divellente,
2955 613 3132 669 neque
3186 595 3447 652 essentia!

1872 700 2262 755 communitate
2288 696 2617 751 indiciorum
2637 694 3022 765 proprietatem
3046 687 3417 743 confundente

1872 790 1950 847 Ne
1978 792 2193 844 mireris
2228 797 2409 842 autem
2444 788 2489 843 si
2520 786 2662 841 idem
2692 794 2745 839 et
2768 783 3122 854 conjunctum
3152 790 3208 836 et
3233 779 3413 833 discre

1872 888 1987 935 tum
2016 896 2140 933 esse
2172 880 2430 942 dicimus,
2455 886 2510 933 et
2533 876 2825 947 quamdam
2856 874 3185 944 cogitamus,
3212 870 3360 925 velut
3385 869 3421 922 it

1872 971 2189 1040 aenigmate,
2250 983 2446 1023 novam
2498 958 2659 1037 119
2702 973 2756 1020 et
2803 963 3180 1017 admirabilem
3235 960 3447 1013 discre:

1871 1064 2073 1117 tionem
2123 1061 2505 1131 coniunctam,
2550 1068 2605 1113 et
2645 1057 3087 1126 conjunctionem
3124 1053 3440 1131 discretam.

1873 1153 2084 1215 Etenim
2116 1153 2164 1207 si
2202 1153 2326 1221 quis
2354 1165 2465 1204 non
2489 1166 2553 1205 ex
2581 1147 2945 1203 contendendi
2982 1154 3036 1201 et
3073 1129 3447 1209 calumniandi

1875 1245 2056 1300 studio
2119 1258 2426 1298 sermonem
2469 1242 2656 1306 audit,
2705 1247 2886 1311 potest
2938 1240 3102 1293 etiam
3150 1238 3206 1291 in
3250 1238 3440 1303 rebus,

1872 1320 1995 1407 quae
2052 1351 2220 1391 sensu
2274 1333 2683 1406 percipiuntur,
2734 1330 2992 1402 quiddam
3055 1330 3232 1385 simile
3287 1329 3443 1383 inve-

1873 1428 2009 1483 niri.

1944 1515 1999 1569 5.
2033 1514 2113 1569 Ac
2144 1515 2310 1570 verba
2343 1514 2562 1584 quidem
2591 1528 2713 1569 mea
2762 1512 3009 1582 accipite,
3045 1503 3104 1565 ut
3137 1509 3442 1579 exemplum

1873 1609 1928 1655 et
1960 1600 2211 1656 umbram
2252 1602 2527 1666 veritatis,
2578 1617 2690 1656 non
2741 1609 2802 1655 ut
2842 1600 3017 1670 ipsam
3067 1613 3251 1654 rerum
3298 1601 3445 1652 veri:

1875 1697 2063 1748 tatem.
2112 1692 2234 1748 Non
2271 1693 2415 1749 enim
2461 1693 2580 1748 ﬁeri
2610 1700 2808 1763 potest,
2849 1699 2911 1745 ut
2957 1692 3181 1745 omnino
3215 1685 3445 1759 quadre‘t

1875 1784 1931 1839 id
1959 1784 2106 1855 quod
2134 1786 2189 1840 in
2219 1786 2483 1857 exemplis
2526 1786 2888 1855 speculamur,
2919 1799 3041 1839 cum
3091 1783 3180 1848 iis,
3215 1783 3283 1837 ad
3326 1792 3446 1853 quae

1874 1893 2011 1959 usus
2043 1878 2418 1949 exemplorum
2463 1878 2772 1934 adhibetur.
2803 1875 2959 1932 Unde
3001 1876 3166 1945 igitur
3208 1875 3443 1930 dicimus

1874 1967 2178 2024 discretum
2211 1970 2378 2026 simul
2404 1978 2461 2025 et
2483 1969 2837 2040 coniunctum
2874 1985 2943 2026 ex
2975 1971 3061 2035 iis,
3084 1984 3206 2040 quae
3236 1969 3444 2024 nostris

1877 2061 2132 2118 sensibus
2161 2062 2461 2131 conspicua
2491 2067 2643 2125 sunt,
2678 2048 3092 2129 speetari‘iJam
3121 2059 3250 2113 olim
3279 2072 3445 2113 arcus

1875 2155 1933 2210 in
1958 2154 2480 2225 nube'splendorem
2514 2167 2686 2207 verno
2715 2160 2963 2221 tempore
2989 2151 3214 2217 vidisti;
3256 2163 3445 2204 arcum

1878 2248 2031 2303 illum
2065 2248 2211 2312 dico,
2242 2262 2407 2318 quem
2443 2250 2751 2302 communis
2799 2244 3052 2315 loquendi
3090 2259 3225 2299 usus
3254 2241 3445 2298 iridem

1878 2357 2075 2399 vocare
2122 2341 2444 2397 consuevit:
2512 2354 2676 2408 quem
2727 2336 2944 2407 quidem
3008 2334 3204 2388 harum
3259 2349 3445 2389 rerum

1876 2435 2037 2505 periti
2065 2433 2254 2488 dicunt
2280 2431 2528 2496 conﬂari,
2555 2438 2671 2484 tum
2710 2445 2834 2485 cum
2877 2428 3207 2482 admiscetur
3250 2426 3449 2480 humor

1878 2525 2081 2595 aliquis
2125 2524 2273 2590 aeri;
2326 2523 2381 2577 vi
2423 2528 2712 2577 ventorum
2765 2520 2818 2574 id
2849 2519 2995 2590 quod
3044 2520 3100 2574 in
3150 2518 3449 2588 vaporibus

1879 2616 2165 2671 humidum
2191 2630 2255 2669 ac
2283 2628 2533 2669 crassum
2566 2619 2671 2675 est,
2692 2596 2943 2666 effectum
2962 2610 3074 2679 jam
3101 2609 3446 2672 nebulosum.

1880 2709 1938 2763 in
1966 2707 2204 2777 pluviam
2228 2706 2570 2775 exprimente
2590 2719 2656 2758 ac
2683 2705 3006 2758 resolveute.
3034 2700 3239 2757 Ferunt
3267 2709 3449 2756 autem

1883 2799 1999 2854 ﬁeri
2032 2799 2139 2853 hoc
2166 2797 2350 2851 modo.
2373 2795 2477 2852 Ubi
2509 2796 2644 2851 solis
2677 2794 2865 2849 radius
2893 2793 3111 2863 oblique
3137 2792 3189 2847 id
3221 2791 3364 2862 quod
3394 2793 3450 2848 in

1881 2891 2080 2947 nebula
2108 2890 2338 2945 densum
2374 2897 2428 2944 et
2468 2902 2697 2958 opacum
2729 2895 2832 2950 est,
2876 2888 3200 2957 penetravit,
3254 2881 3452 2940 deinde

1882 2990 2030 3037 recta
2061 2981 2249 3036 orbem
2285 2995 2446 3034 suum
2482 2979 2538 3032 in
2570 2979 2755 3047 aliqua
2800 2978 2945 3032 nube
2987 2978 3299 3046 impressit;
3329 2976 3454 3046 qui-

188 3064 297 3118 τινὶ
327 3065 424 3117 τὸν
454 3067 586 3118 ῐδιον
621 3064 819 3119 κύκλον
861 3064 1305 3135 ἐναπερείσηται,
1341 3059 1451 3119 οἷόν
1473 3082 1556 3129 τις
1585 3067 1778 3136 καμπὴ

1886 3073 2010 3128 dam
2074 3072 2299 3127 luminis
2355 3070 2513 3141 quasi
2566 3084 2925 3140 repercussus
2979 3084 3044 3124 ac
3109 3069 3318 3124 reditus
3359 3069 3449 3133 ,ad

188 3155 289 3211 καὶ
341 3156 603 3221 ἐπάνοδος
658 3154 755 3209 τοῦ
810 3155 989 3225 φωτὸς
1033 3156 1171 3227 πρὸς
1234 3156 1395 3208 ἑαυτὸ
1426 3155 1655 3225 γίνεται,
1682 3157 1783 3228 τῆς

191 3248 379 3320 αὑγῆς
406 3248 546 3321 πρὸς
570 3250 634 3302 τὸ
688 3248 925 3320 ἔμπαλιν
954 3248 1062 3301 άπὸ
1090 3248 1184 3300 τοῦ
1223 3244 1391 3319 ὑγροῦ
1423 3264 1481 3301 τε
1511 3248 1606 3301 καὶ
1635 3246 1782 3300 στίλ-

191 3340 385 3404 ϐοντος
418 3340 755 3411 ἀναλυούσης
789 3341 921 3411 (25).
961 3328 1180 3411 Ἐπειδὴ
1211 3340 1317 3412 γὰρ
1347 3338 1505 3409 φύσις
1522 3340 1638 3393 ἐστὶ
1664 3330 1785 3407 ταῖς

196 3432 508 3502 φλογώδεσι
541 3434 956 3503 μαρμαρυγαῖς,
1007 3434 1059 3485 et
1101 3449 1208 3484 τινι
1240 3431 1371 3500 λείῳ
1402 3430 1781 3502 προσπέσοιεν,

194 3522 336 3595 πρδς
375 3523 576 3586 ἑαυτὰς
610 3523 772 3577 πάλιν
800 3510 1231 3585 ὲπανακλᾶσθαι,
1265 3521 1592 3592 κυκλοτερὲς
1614 3520 1671 3574 δὲ
1692 3516 1784 3573 τοῦ

194 3615 351 3688 ἡλίου
404 3614 466 3667 τὸ
518 3617 726 3685 σχῆμα,
757 3615 819 3666 τὸ
845 3613 934 3667 διὰ
974 3613 1075 3684 τῆς
1104 3614 1322 3677 ἀκτῖνος
1355 3614 1412 3666 ὲν
1447 3612 1524 3683 τῷ
1555 3610 1707 3682 ὑγρῷ
1726 3628 1785 3665 τε

196 3708 294 3762 καὶ
353 3704 484 3772 λείῳ
532 3706 627 3758 τοῦ
667 3706 829 3776 ἀέρος
850 3705 1133 3777 γινόμενον
1152 3722 1166 3736 ⁸
1192 3703 1252 3769 ἐξ
1279 3703 1521 3776 ἀνάγκης
1554 3703 1697 3758 κατὰ
1726 3703 1786 3756 τὸ

198 3800 394 3870 σχῆμα.
430 3797 527 3850 τοῦ
569 3797 799 3869 ήλιακοῦ
832 3799 1033 3852 κύκλου
1070 3798 1165 3852 καὶ
1207 3800 1236 3851 ὁ
1267 3798 1670 3869 παρακείμενος
1708 3795 1787 3866 τῷ

198 3890 355 3958 νέφει
411 3888 519 3959 ἀὴρ
549 3888 637 3941 διά
682 3887 782 3960 τῆς
845 3888 1281 3959 ἀποστιλϐούσης
1310 3888 1489 3957 αὑγῆς
1519 3887 1787 3960 περιγρά-

200 3998 387 4050 φεται.
438 3979 590 4052 Αὕτη
632 3981 808 4035 τοίνυν
842 3983 877 4052 ἡ
913 3981 1055 4053 αὑγὴ
1090 3981 1184 4034 καὶ
1239 3982 1470 4051 συνεχής
1495 3981 1612 4033 ἐστι
1650 3980 1787 4052 πρὸς

198 4073 425 4146 ἑαυτὴν,
465 4074 561 4126 καὶ
596 4073 869 4145 διῄρηται.
918 4073 1227 4145 Πολύχροος
1258 4072 1369 4143 (24)
1401 4074 1509 4143 γάρ
1536 4089 1621 4135 τις
1650 4067 1787 4126 οὖσα

196 4168 299 4221 καὶ
326 4165 637 4235 πολυειδὴς,
669 4163 890 4235 ἀφανῶς
921 4166 1031 4228 τοῖς
1062 4164 1325 4227 ποικίλοις
1362 4163 1547 4219 ἄνθεσι
1569 4164 1670 4235 τῆς
1694 4162 1789 4232 βα-

201 4260 313 4332 φῆς
341 4260 483 4329 πρὸς
526 4258 724 4329 ἑαυτὴν
752 4260 1149 4329 κατακιρνᾶται
1187 4257 1296 4309 τῶν
1326 4256 1788 4329 ὲτεροχροούντων

201 4353 304 4424 τὴν
327 4352 470 4422 πρὸς
498 4350 705 4421 ἄλληλα
734 4350 1007 4421 συμϐολὴν
1033 4353 1097 4404 ἐκ
1120 4350 1228 4403 τῶν
1259 4348 1432 4418 ὄψεων
1459 4349 1617 4419 ἡμῶν
1650 4348 1790 4403 κατὰ

1882 3167 2126 3236 seipsum
2163 3165 2248 3229 iit,
2294 3164 2587 3234 splendore
2629 3164 2698 3217 ab
2746 3178 2811 3218 eo
2865 3162 3011 3232 quod
3062 3161 3349 3215 humidum
3398 3169 3453 3216 et

1882 3256 2068 3312 nitens
2099 3262 2183 3309 est
2211 3253 2543 3308 contrariam
2580 3251 2637 3305 in
2675 3258 2887 3320 partem
2934 3249 3156 3311 reﬂexo.
3186 3250 3454 3316 Quoniam

1883 3348 2032 3405 enim
2057 3362 2123 3402 ea
2152 3347 2295 3401 inest
2341 3343 2609 3400 ﬂammeis
2638 3342 2943 3413 fulgoribus
2985 3352 3202 3408 natura,
3234 3353 3294 3398 ut
3321 3345 3366 3399 si
3399 3345 3455 3399 in

1884 3456 2001 3496 rem
2031 3439 2344 3510 quampiam
2380 3438 2567 3492 laevem
2598 3435 2916 3495 inciderint,
2950 3451 3144 3491 rursus
3173 3436 3458 3491 reﬂectan-

1886 3539 1979 3587 tur
2012 3531 2081 3586 ad
2107 3531 2455 3602 semetipsos,
2490 3527 2726 3583 rotunda
2764 3535 2848 3582 est
2879 3535 3061 3582 autem
3092 3529 3226 3583 solis
3259 3528 3455 3599 ﬁgura,

1886 3643 2008 3698 quae
2040 3640 2138 3697 per
2163 3625 2379 3680 radium
2416 3623 2472 3678 in
2515 3622 2743 3678 humido
2767 3620 2996 3691 laevique
3025 3636 3150 3677 aere
3190 3623 3459 3692 imprimi-

1886 3725 2009 3783 tur;
2040 3723 2332 3788 propterea
2359 3713 2677 3770 necessario
2720 3711 3020 3768 secundum
3066 3711 3263 3768 solaris
3304 3713 3457 3770 orbis

1888 3809 2154 3876 ﬁguram,
2207 3822 2302 3861 aer
2352 3807 2517 3862 etiam
2562 3804 2658 3874 qui
2692 3804 2826 3858 nubi
2880 3803 3160 3871 proximus
3204 3810 3323 3868 est,
3361 3819 3458 3874 per

1888 3899 2363 3970 splendescentem
2408 3897 2675 3967 fulgorem
2726 3894 3221 3949 circumscribitur.
3269 3893 3457 3965 Itaque

1888 3994 1938 4049 is
1970 3993 2148 4062 fulgor
2185 4000 2239 4047 et
2280 3990 2337 4045 in
2378 4006 2438 4045 se
2479 3989 2777 4044 continuus
2804 3996 2863 4044 et
2893 3988 3104 4042 divisus
3133 3996 3237 4042 est.
3275 3987 3460 4045 Multi-

1889 4082 2039 4137 color
2064 4081 2212 4136 enim
2253 4094 2318 4133 ac
2364 4075 2719 4133 multiformis
2747 4093 2872 4133 cum
2925 4080 3016 4147 sit,
3058 4094 3245 4134 secum
3287 4079 3457 4134 variis

1891 4174 2144 4227 tinctura:
2190 4170 2420 4225 ﬂoribus
2472 4171 2711 4226 latenter
2758 4171 3174 4236 commiscetur,
3210 4170 3457 4225 colorum

1888 4264 2033 4320 inter
2082 4277 2143 4318 se
2170 4262 2515 4318 diversorum
2571 4264 2992 4319 commissuram
3052 4269 3215 4333 atque
3255 4263 3459 4334 permi-

1892 4357 2129 4411 stionem
2169 4355 2345 4410 oculis
2393 4353 2637 4419 nostris,
2688 4355 2908 4410 nemine
2952 4355 3241 4421 sentiente,
3278 4355 3460 4410 subri-

200 4446 267 4498 τὸ
302 4443 533 4515 λεληθὸς
574 4443 1017 4496 ὑποκλέπτουσα·
1050 4443 1126 4505 ὡς
1159 4441 1234 4513 μὴ
1274 4441 1341 4495 ἂν
1381 4440 1787 4511 ἐπιγνωσθῆναι

1893 4446 2087 4516 piens;
2118 4444 2253 4499 adeo
2278 4453 2338 4498 ut
2368 4459 2478 4499 non
2507 4453 2838 4515 agnoscatur
2871 4444 3084 4499 medius
3114 4444 3459 4501 intercedens

203 4537 301 4592 τοῦ
331 4535 576 4606 γλαυκοῦ
612 4536 748 4605 πρὸς
786 4536 846 4588 τὸ
877 4535 1157 4607 πυραυγὲς
1188 4534 1280 4588 τὸν
1314 4534 1401 4589 διὰ
1429 4534 1594 4606 μέσου
1621 4534 1788 4587 τόπον

202 4632 297 4685 τὸν
322 4630 620 4703 μιγνύοντα
651 4630 762 4700 (25)
787 4630 855 4682 δι’
887 4627 1080 4683 ἑαυτοῦ
1106 4629 1198 4681 καὶ
1228 4626 1530 4698 χωρίζοντα
1554 4628 1657 4700 τὴν
1678 4626 1789 4681 τῶν

207 4723 747 4796 χροιῖινεὲτερότητα,
773 4722 807 4792 ἢ
832 4721 927 4775 τοῦ
955 4720 1267 4791 πυραυγοῦς
1305 4720 1442 4790 πρὸς
1483 4721 1544 4774 τὸ
1579 4718 1792 4789 πορφύ-

281 4894 400 4965 (20)
441 4896 865 4964 Ἀναχεούσης.
899 4886 1051 4951 Unus
1080 4886 1211 4966 Reg.
1242 4891 1594 4965 συγχεούσης.
1622 4891 1794 4947 Paulo

211 4976 338 5036 post
367 4966 480 5019 duo
509 4980 648 5020 mss.
687 4966 915 5036 territet).

305 5035 402 5103 21)
454 5036 709 5088 Ἀκούοι.
748 5032 840 5089 Sic
889 5034 1034 5090 Harl.
1093 5042 1150 5089 et
1195 5032 1364 5088 Coisl.
1409 5034 1619 5102 primus
1667 5046 1793 5086 cum

214 5103 397 5160 tribus
421 5104 563 5160 aliis.
592 5104 734 5158 Ε(ιὶιί
770 5104 976 5160 ἀκούει.
1009 5105 1171 5174 Nyss.
1202 5104 1468 5174 άκούοιτο.
1501 5103 1793 5174 Aliquanto

214 5176 361 5229 infra
382 5190 497 5229 non
527 5176 671 5230 male
696 5176 753 5230 in
779 5177 968 5229 eodem
992 5170 1162 5228 Coisl.
1192 5173 1344 5227 deest
1368 5176 1481 5236 τοῖς
1500 5170 1625 5239 post
1658 5170 1794 5225 θεω-

218 5246 509 5317 ρούμενον.
549 5243 749 5317 Ibidem
778 5246 888 5317 d_uo
918 5243 1510 5317 ωεᾳὲφαρμόσασθαι.

285 5261 509 5368 υὲξνον.
549 5261 749 5299 uuuem
778 5261 888 5298 auo
918 5261 1051 5298 mss.
1072 5261 1510 5313 εφαρμοσασυαι.

285 5316 303 5383 (
351 5325 405 5379 ..)
445 5315 741 5383 Συναφές.
783 5313 905 5369 llaec
956 5315 1232 5383 scriptura
1278 5312 1484 5366 codicis
1538 5310 1686 5365 Hart.
1727 5317 1796 5383 _et

217 5381 459 5455 duorum
500 5381 634 5455 Reg.
674 5385 832 5455 longe
866 5381 1200 5455 praeferenda
1241 5383 1473 5455 vulgata:
1527 5381 1792 5455 συμφυές.

218 5451 409 5509 Utitur
433 5451 654 5521 quidem
690 5451 794 5507 hac
830 5451 964 5509 voce
1003 5452 1237 5507 Basilius
1289 5453 1392 5508 sub
1432 5451 1607 5507 tinem
1633 5451 1796 5519 hujus

194 5524 497 5593 epistolae;
537 5524 631 5578 sed
673 5538 815 5589 eam,
850 5532 911 5578 ut
954 5537 1054 5579 sua
1083 5531 1275 5593 sponte
1324 5522 1521 5593 minus,
1554 5535 1797 5593 commo-

221 5589 371 5657 dam,
411 5593 545 5662 lenit
574 5593 823 5649 addendo
863 5594 1044 5647 οἱονεί.
1088 5589 1256 5647 Paulo
1288 5599 1412 5662 post
1438 5592 1572 5651 editi
1619 5592 1668 5643 εί
1704 5589 1799 5659 δή·

223 5681 374 5716 ποτε.
430 5661 547 5717 Duo
578 5680 714 5721 mss.
744 5663 799 5716 εἰ
829 5681 977 5718 ποτε,
1004 5662 1257 5734 Quinque
1280 5661 1371 5716 alii
1396 5669 1450 5717 et
1478 5662 1631 5731 Nyss.
1662 5667 1719 5721 ut
1742 5662 1799 5713 in

223 5740 397 5789 textu.

1879 5099 2131 5162 ‘etrmss.
2182 5099 2415 5177 quatubr—
2461 5099 2784 5176 κυκλοτερὲς
2828 5104 2885 5158 δὲ
2928 5099 3084 5156 τοῦτο
3136 5099 3339 5224 afﬁrm,
3378 5099 3467 5153 διὰ

1893 5178 2013 5224 τῆς-
2047 5176 2152 5224 Sed
2186 5178 2379 5224 melior
2404 5176 2520 5224 visa
2549 5184 2634 5224 est
2666 5176 2935 5224 scrimura
2977 5172 3182 5224 codicis
3263 5170 3364 5223 arl.
3410 5177 3466 5222 et

1892 4536 2192 4592 czerxﬂeum
2235 4535 2382 4591 inter
2412 4542 2467 4590 et
2513 4534 2739 4589 rutilum
2775 4536 2951 4599 locus,
2992 4549 3057 4589 ac
3095 4535 3333 4591 miscens
3364 4552 3461 4605 per

1894 4644 1954 4685 se
1976 4636 2033 4685 et
2069 4643 2333 4700 separans
2369 4627 2745 4683 diversitatem
2789 4628 3057 4693 colorum,
3096 4634 3189 4681 aut
3234 4627 3460 4681 rutilum

1894 4718 2038 4775 inter
2069 4726 2123 4775 et
2157 4731 2514 4789 purpureum,
2540 4724 2633 4771 aut
2664 4716 2828 4770 istum
2858 4716 2998 4769 inter
3029 4721 3083 4770 et
3109 4714 3459 4773 electrinum.

1967 4900 2080 4970 (25)
2131 4894 2707 4970 Ἀναλυούονηᾼ-δῇο
2751 4907 3142 4970 _mss._om_n_es
3194 4897 3251 4970 et
3294 4888 3465 4970 Nyss.

1892 4960 1995 5039 pro
2033 4960 2100 5039 eo
2114 4969 2416 5039 iquod_erat
2439 4960 2504 5039 in
2520 4960 2883 5039 'editionibus_
2902 4962 3085 5039 Uasilii
3115 4960 3467 5039 ἀναλάμπούτ

1897 5029 2014 5109 σης.
2048 5029 2228 5092 Εᾶὶὶὶο
2261 5037 2394 5107 Hag.
2430 5030 3148 5113 dvalgﬁodqq;.__Aliquanto
3183 5029 3305 5113 post
3333 5029 3468 5113 editi

1893 5178 2013 5246 τῆς,
2047 5176 2155 5232 Sed
2186 5172 2379 5231 melior
2404 5176 2522 5231 visa
2549 5184 2634 5231 est
2666 5172 2935 5246 scriptura
2977 5172 3182 5246 codicis
3213 5172 3364 5246 Harl.
3410 5177 3466 5246 et

1895 5238 2063 5302 unius
2092 5264 2161 5302 ex
2188 5246 2372 5315 Regiis
2397 5262 2560 5316 quam
2590 5238 3003 5300 secuti'sumus.
3036 5242 3126 5297 Sic
3152 5244 3315 5296 etiam
3336 5238 3466 5309 legi-

1896 5326 1987 5371 tur
2010 5319 2149 5385 apud
2174 5316 2334 5387 Nyss.

1968 5376 2081 5456 (24')
2119 5376 2482 5454 Πολύχροος.
2528 5383 2696 5441 Coisl.
2736 5390 2965 5453 uterque
3004 5386 3059 5435 et
3078 5394 3227 5434 unus
3261 5376 3464 5449 Regius

1898 5457 2272 5529 πολύχρωμος·
2400 5488 2405 5495 -

1915 5538 1925 5557 ι
1971 5518 2084 5612 (Ξέίῆ
2127 5518 2315 5612 Τέττρῖ
2339 5524 2481 5612 ίτδνί
2506 5518 3465 5612 μένέηἱτξντξξίηὲλἯ,Ψ⁶⁵;,.τέγ...εὲἕ·

1900 5587 2119 5666 γνὺντα.
2162 5595 2385 5675 Legitur
2423 5587 2563 5668 apud
2586 5587 2758 5667 'Greg.
2792 5596 2952 5665 Nyss.
2993 5593 3117 5647 ὂοον
3148 5590 3236 5645 τὴν
3266 5587 3464 5655 μιγνύ-

1905 5683 2079 5739 μενον.
