3870 6218
403 297 508 357 535

1692 294 1781 355 ‘8.
1804 290 2057 354 BASlL‘ll
2095 292 2314 355 MAGNI

3560 302 3667 362 530

406 414 546 471 Nam
585 428 836 472 omnium
863 413 1195 488 spreadores
1235 413 1406 473 simul
1449 414 1756 488 conspecti,
1790 423 1847 474 et
1885 417 1988 472 mi.

2097 435 2237 490 ρεον,
2288 417 2323 488 ἢ
2374 415 2585 470 ἐκείνου
2623 415 2760 488 πρὸς
2800 414 2862 470 τὺ
2910 414 3245 493 ἠλέκτρινον.
3308 416 3532 475 Πάντων
3555 419 3665 494 γάρ

405 514 564 576 cant,
590 516 652 565 et
677 507 809 563 dum
836 508 993 580 signa
1028 515 1236 564 mutua:
1262 507 1670 579 coniunctionis
1689 509 1987 575 occultant,

401 600 680 674 judicium
730 600 1029 672 effugiunt,
1072 603 1149 655 ita
1190 607 1253 655 ut
1301 598 1638 672 deprehendi
1664 602 1991 674 non'possit

405 707 699 765 quousque
728 692 1000 762 pertineat
1052 691 1107 747 id
1145 689 1292 763 quod
1328 692 1558 746 rutilum
1585 699 1694 759 est,
1727 700 1824 747 aut
1851 708 1993 749 sma-

404 783 700 856 ragdinum
732 785 790 840 in
823 783 1056 856 fulgore,
1082 793 1138 839 et
1166 780 1315 840 unde
1340 782 1568 855 incipiat
1599 799 1712 839 non
1738 784 1852 854 jam
1882 786 1992 842 tale

399 891 573 944 esse,
623 877 787 948 quale
831 876 889 932 in
941 876 1160 948 fulgore
1211 882 1458 948 apparet.
1518 873 1989 941 Quemadmodum

401 968 582 1040 igitur
604 968 661 1023 in
686 967 796 1024 hoc
829 969 1079 1040 exemplo
1114 974 1169 1023 ct
1208 968 1457 1023 colorum
1482 964 1808 1022 discrimina
1844 967 1992 1024 clare

404 1058 833 1130 dignoscimus,
899 1067 957 1114 et
999 1058 1230 1115 alterius
1285 1057 1356 1112 ab
1418 1058 1591 1113 altero
1641 1058 1991 1114 intervallum

399 1161 583 1203 sensu
612 1146 1019 1217 deprehendere
1049 1162 1161 1201 non
1190 1160 1486 1217 possumus
1513 1163 1528 1212 ;
1553 1146 1634 1202 sic
1655 1146 1810 1212 mihi,
1842 1161 1991 1218 qua:-

397 1252 499 1304 τεο,
545 1237 801 1294 existima
847 1245 902 1292 et
956 1237 1024 1293 de
1069 1237 1272 1293 divinis
1325 1237 1674 1308 dogmatibus
1718 1238 1989 1293 rationem

400 1328 546 1385 iniri
591 1344 790 1402 posse;
836 1328 912 1384 ita
963 1336 1024 1383 ut
1074 1329 1456 1402 hypostasewn
1494 1329 1714 1401 quidem
1742 1330 1989 1401 proprie-

406 1426 578 1486 tates,
613 1436 713 1477 ceu
753 1420 851 1476 llos
886 1421 1115 1493 quidam
1151 1436 1345 1477 eorum
1388 1435 1509 1492 qure
1550 1422 1608 1475 in
1642 1421 1780 1477 iride
1824 1420 2023 1493 appa-'

412 1519 558 1579 rent,
592 1512 648 1568 in
685 1512 919 1584 singulis
953 1512 1230 1583 personis,
1260 1527 1381 1583 quae
1406 1513 1462 1566 in
1495 1522 1689 1568 sancta
1720 1510 1989 1570 Trinitate

415 1604 749 1670 creduntur,
792 1602 1125 1674 elfulgeant:
1167 1603 1379 1658 nullum
1427 1618 1559 1659 vero
1588 1600 1734 1675 quod
1779 1604 1845 1659 ad
1891 1619 1988 1660 na-

365 1687 376 1700 ’
416 1706 555 1752 tum
600 1697 985 1768 proprietatem
1031 1696 1191 1766 120
1226 1696 1445 1761 attinet,
1490 1696 1827 1767 intelligatur
1850 1695 1986 1752 alte-

2092 508 2147 560 αί
2177 505 2362 573 αὑγαι,
2399 503 2538 559 κατά
2557 504 2752 559 ταυτὸν
2782 503 3078 577 ὁρώμεναι,
3112 507 3205 561 καὶ
3229 506 3516 578 τηλαυγεϊς
3536 511 3664 576 ciet,

2091 595 2305 666 καὶτῆς
2353 594 2490 666 πρὸς
2537 593 2773 666 ἀλλήλας
2821 594 2933 666 (26)
2992 596 3288 666 συναφείας
3335 595 3407 651 τά
3464 600 3667 669 σημεῖα

2092 689 2444 754 κλέπτουσαι,
2474 688 2600 753 τοὺς
2644 687 2896 761 ἐλέγχους
2930 688 3308 759 ἐκφεύγουσιν,
3332 688 3410 754 ὡς
3445 691 3664 763 ἀμήχαο

2091 798 2182 835 νον
2208 780 2468 853 ἐξευρεῖν,
2497 781 2658 852 μέχρι
2689 780 2831 844 τίνος
2885 780 3088 851 ἕστηκε
3131 783 3196 836 τὸ
3241 781 3511 854 πυρῶδες,
3538 784 3572 854 ἢ
3599 782 3663 837 τὸ

2093 872 2462 944 σμαραγδίζον
2498 872 2600 942 τῆς
2616 872 2828 944 αῐγλης,
2856 872 2951 927 καὶ
2976 872 3085 926 ἀπὸ
3126 872 3271 939 τίνος
3298 874 3523 945 ἄρχεται
3558 892 3669 946 μην

2090 965 2212 1019 κέτι
2241 965 2478 1019 τοιοῦτον
2507 961 2646 1020 εἶναι
2669 965 2804 1037 (27),
2842 959 2956 1019 οἷον
2994 968 3053 1021 ὲν
3095 966 3175 1037 τῷ
3220 965 3484 1038 τηλαυγετ
3527 966 3663 1021 καθ-

2087 1058 2303 1126 ορᾶται.
2336 1056 2508 1110 ’Ὢσπε
2514 1074 2547 1128 ρ
2567 1057 2746 1111 τοίνυν
2770 1059 2829 1111 ὲν
2847 1056 2924 1128 τῷ
2946 1057 3305 1130 ὑποδείγματι
3326 1057 3535 1123 καὶτὰς
3550 1058 3661 1113 τῶν

2089 1147 2396 1219 χρωμάτων
2449 1147 2713 1220 διαφορὰς
2762 1147 3011 1220 φανερῶς
3071 1147 3525 1219 διαγινώσκομεν,
3566 1146 3662 1200 καὶ

2064 1237 2367 1291 «διάστασιν
2407 1236 2591 1307 ἑτέρου
2623 1238 2757 1310 πρὸς
2787 1237 2847 1291 τδ
2887 1236 3072 1308 ἕτερον
3099 1238 3200 1291 οὐκ
3233 1235 3349 1290 ἐστι
3382 1240 3449 1308 τῇ
3472 1236 3663 1309 add“?

2091 1344 2174 1381 σει
2200 1328 2527 1382 καταλαϐεῖν
2554 1344 2567 1360 ⁸
2593 1328 2734 1383 οὕτω
2762 1346 2851 1400 μοι
2894 1329 3108 1398 λόγισαι
3135 1328 3247 1400 (‘28)
3270 1329 3493 1383 δυνατὸν
3520 1326 3659 1383 εἶναι

2090 1416 2340 1489 καὶπερὶ
2392 1417 2500 1472 τῶν
2544 1418 2703 1472 θείων
2749 1418 3033 1490 δογμάτων
3069 1418 3492 1488 ἀναλογίσασθαι
3517 1435 3531 1447 ·
3560 1419 3661 1484 τὰς

2080 1508 2190 1580 ,μὲν
2219 1508 2327 1562 τῶν
2350 1508 2696 1563 ὑποστάσεων
2737 1510 3001 1581 ἰδιότητας
3034 1510 3166 1582 (29),
3202 1510 3390 1583 ὥσπερ
3418 1529 3470 1565 τι
3502 1511 3659 1574 ἄνθος

2088 1599 2195 1655 τῶν
2220 1602 2361 1654 κατά
2387 1598 2485 1672 τὴν
2509 1600 2617 1673 τριν
2642 1602 3002 1673 φαινομένων,
3020 1602 3423 1674 ἑπαστράπτειν
3443 1602 3658 1674 ἑκάστῳ

2087 1690 2196 1744 τῶν
2228 1691 2289 1744 ὲν
2328 1693 2393 1762 τῇ
2427 1692 2557 1764 ἀγίᾳ
2594 1692 2786 1764 Τριάδι
2836 1691 3272 1762 πιστευομένων⁹
3302 1693 3401 1764 τῆς
3428 1691 3485 1746 δὲ
3518 1693 3661 1747 κατά

414 1789 535 1844 rius
568 1788 637 1844 ab
664 1790 835 1844 altera
875 1789 1192 1851 discrimen,
1229 1788 1322 1844 sed
1360 1789 1416 1843 in
1452 1790 1703 1844 essentia:
1736 1800 1982 1845 commu—

2088 1782 2185 1854 τὴν
2205 1781 2364 1851 φύσιν
2395 1782 2658 1854 ἰδιότητος
2705 1780 2973 1854 μηδεμίαν
2998 1782 3187 1853 ἐτέρου
3225 1782 3358 1855 πρὸς
3385 1781 3446 1836 τὸ
3474 1780 3660 1854 ἕτερον

414 1881 589 1936 nitate
636 1881 1002 1952 preprietates
1046 1894 1144 1951 per
1180 1896 1319 1951 quas
1355 1896 1701 1953 unaquaeque
1752 1893 1988 1953 persona

2088 1872 2421 1928 ἐπινοεῖσθαι
2467 1873 2754 1946 διαφορὰν,
2790 1873 2903 1928 ἀλλ’
2938 1874 2998 1927 ὲν
3041 1876 3107 1946 τῇ
3140 1874 3414 1945 κοινότητι
3444 1874 3547 1946 τῆς
3572 1874 3662 1928 οὑ-

417 1970 780 2043 dignoscitur,
816 1972 871 2026 in
923 1986 1253 2043 unaquaque
1301 1974 1707 2044 reSplendeant.
1754 1971 1891 2028 Nam
1924 1983 1988 2029 "et

2090 1966 2209 2029 σίας
2233 1967 2331 2030 τὰς
2363 1967 2729 2037 γνωριστικὰς
2766 1967 3034 2040 ίδίοτητας
3068 1965 3399 2040 ὲπιλάμπειν
3420 1967 3656 2040 ἑκάστῳ.

417 2060 533 2117 illic
572 2062 628 2117 in
660 2063 909 2134 exemplo
941 2064 1202 2129 essentia,
1233 2078 1354 2134 quae
1404 2066 1801 2121 multicolorem
1836 2064 1988 2120 illum

2088 2055 2198 2110 Καὶ
2238 2056 2348 2129 γὰρ
2397 2057 2557 2111 κάκεῖ
2589 2058 2647 2111 ὲν
2698 2055 2800 2128 τῷ’
2823 2055 3235 2128 ὑποδείγματιή
3266 2056 3661 2126 ἀπαυγάςουσα

417 2151 765 2221 splendorem
796 2152 1101 2219 emittebat,
1143 2160 1198 2207 et
1233 2171 1329 2225 per
1354 2154 1592 2211 solarem
1640 2136 1856 2211 radium
1898 2169 1988 2211 re-

2088 2144 2185 2217 τὴν
2241 2144 2537 2218 πολύχροον
2583 2146 2696 2218 (50)
2730 2147 2946 2220 ἐκείνην
2976 2146 3150 2220 αὐγὴν
3184 2147 3284 2218 μία
3309 2147 3466 2201 οὐσία
3499 2143 3589 2218 ἦν,
3622 2149 3659 2220 η

415 2242 787 2315 fringebatur,
834 2254 945 2299 una
992 2252 1114 2300 erat
1152 2263 1166 2300 :
1203 2243 1303 2302 flos
1350 2258 1480 2302 vero
1526 2247 1609 2303 rei
1659 2255 1988 2318 conspectae,

415 2339 536 2388 erat
562 2331 920 2390 multiformis
945 2351 960 2388 :
997 2333 1262 2388 nimirum
1294 2318 1512 2391 ratione
1542 2336 1663 2409 ipsa
1696 2338 1863 2392 etiam
1892 2351 1992 2407 per

416 2440 534 2482 rem
567 2434 806 2481 creatam
836 2439 937 2480 nos
965 2422 1219 2489 docente,
1255 2433 1317 2480 ut
1362 2426 1419 2482 in
1454 2425 1725 2499 dogmatis
1764 2427 1991 2483 rationi-

416 2516 524 2573 bus
556 2530 664 2572 non
718 2517 1132 2582 conturbemur,
1186 2518 1233 2573 si
1264 2516 1487 2589 quando
1541 2520 1598 2576 in
1631 2520 1992 2592 quaestionem

419 2609 488 2665 ad
517 2608 953 2680 investigandum
996 2608 1267 2665 difficilem
1294 2609 1624 2676 incidentes,
1665 2612 1724 2667 in
1772 2611 1841 2669 iis
1869 2625 1991 2681 quae

419 2700 680 2756 dicuntur
729 2698 1078 2754 admittendis
1127 2701 1286 2770 quasi
1332 2702 1601 2773 vertigine
1650 2702 1987 2760 laboremus.

416 2790 886 2860 Quemadmodum
931 2793 1077 2847 enim
1107 2793 1162 2847 in
1210 2793 1280 2849 iis
1323 2808 1446 2864 qua:
1479 2795 1655 2850 oculis
1700 2802 1989 2866 apparent,

419 2885 601 2958 potior
625 2883 747 2939 visa
773 2891 859 2939 est
888 2898 1067 2939 causa:
1096 2885 1310 2941 ratione
1336 2886 1672 2955 experientia
1699 2905 1714 2955 ;
1745 2889 1822 2941 ita
1853 2895 1910 2943 et
1934 2888 1992 2942 in

420 2975 770 3046 dogmatibus
821 2984 1042 3045 captum
1095 2984 1343 3032 nostrum
1391 2978 1550 3049 longe
1593 2978 1988 3033 transcenden-

2063 2238 2176 2297 ~Mt
2216 2241 2320 2313 τῆς
2370 2241 2605 2314 ἡλιακῆς
2640 2242 2855 2306 ἀκτῖνος
2898 2242 3256 2315 ἀνακλωμένη
3275 2257 3289 2272 ·
3321 2236 3382 2296 τὺ
3413 2239 3470 2295 δὲ
3500 2240 3660 2300 ἄνθος

2082 2331 2182 2387 τοῦ
2222 2333 2547 2406 φαινομένου
2579 2334 2713 2407 (51),
2765 2332 3078 2398 πολυειδές·
3132 2333 3475 2398 παιδεύοντος
3509 2333 3660 2405 ἡμᾶς

2090 2424 2181 2479 τοῦ
2218 2425 2376 2494 λόγου
2409 2426 2505 2480 καὶ
2544 2425 2632 2480 διά
2668 2427 2773 2498 τῆς
2819 2425 3050 2491 κτίσεως
3091 2425 3167 2499 μὴ
3207 2425 3520 2491 ξενοπαθεῖν
3546 2429 3659 2490 τοῖς

2074 2518 2328 2591 περὶτοῦ
2367 2519 2635 2592 δόγματος
2672 2518 2876 2588 λόγοις,
2917 2522 3070 2584 ὅταν,
3099 2521 3179 2585 είς
3202 2521 3262 2575 τὸ
3284 2518 3661 2594 δυσθεώρητον

2090 2611 2439 2682 ἐμπεσόντες,
2470 2612 2607 2685 πρὸς
2648 2610 2749 2683 τὴν
2785 2612 2894 2666 τῶν
2929 2612 3236 2685 λεγομένων
3267 2613 3662 2684 συγκατάθεσιν

2074 2701 2498 2776 ςίλιγγιάσωμεν.
2546 2705 2755 2776 Ὠσπερ
2797 2703 2906 2777 γὰρ
2947 2706 3039 2759 ἐπὶ
3076 2704 3183 2759 τῶν
3228 2708 3340 2771 τοῖς
3364 2704 3662 2777 ὀφθαλμοῖς

2089 2795 2429 2866 ,φαινομένων
2471 2796 2734 2869 κρείττων
2776 2796 2951 2867 ἐφάνη
2976 2796 3071 2850 τοῦ
3127 2796 3288 2865 λόγου
3337 2796 3440 2866 τῆς
3481 2795 3665 2862 αἰτίας

2089 2889 2124 2959 ἡ
2157 2890 2342 2960 πεῖρα·
2374 2889 2512 2943 οὑτω
2540 2890 2635 2944 καὶ
2663 2891 2771 2944 τῶν
2800 2891 3357 2963 ὑπεραναὸεόηκότων
3374 2889 3662 2961 δογμάτων

2092 2977 2352 3049 κρείττων
2372 2978 2488 3032 ἐστὶ¹
2498 2978 2598 3049 τῆς
2622 2979 2709 3033 διὰ
2728 2979 3001 3052 λογισμῶν
3022 2979 3378 3051 καταλήψεως
3397 2979 3429 3051 ἠ
3455 2979 3659 3043 πίστις,

418 3065 600 3131 tibus,
633 3067 983 3136 perceptione
1017 3080 1141 3136 quae
1187 3069 1571 3124 ratiocinando
1613 3076 1988 3139 comparatur,

2088 3068 2188 3126 κά).
2238 3070 2301 3124 τὸ
2352 3071 2756 3143 κεχωρισμένον
2784 3073 2842 3127 ὲν
2879 3071 3196 3132 ὑποστάσει.
3226 3070 3320 3125 καὶ
3350 3071 3412 3125 τὸ
3452 3086 3663 3144 συνημο

415 3155 602 3227 potior
624 3134 712 3212 est
741 3134 894 3221 fides,
950 3163 1006 3211 et
1034 3134 1448 3229 separationem
1496 3160 1555 3213 in
1608 3134 1910 3231 hypostasi,
1938 3134 1988 3216 et

2097 3160 2255 3233 μένον
2284 3163 2340 3216 ὲν
2380 3134 2452 3234 si
2495 3134 2652 3234 οὐσίᾳ
2682 3163 3024 3218 διδάσκουσα.
3082 3162 3236 3215 Ἐπεὶ
3277 3157 3369 3216 οὖν
3389 3160 3450 3215 τδ
3482 3134 3661 3233 μέν’τι

419 3247 866 3317 coniunctionem
893 3247 951 3302 in
967 3250 1215 3304 essentia
1256 3249 1485 3307 docens.
1510 3249 1784 3318 Quoniam
1824 3252 1992 3322 igitur

421 3339 570 3395 aliud
597 3352 905 3403 commune,
929 3339 1076 3395 aliud
1104 3341 1380 3410 peculiare
1409 3343 1466 3397 in
1498 3351 1689 3399 sancta
1720 3342 1991 3398 Trinitate

402 3427 787 3484 :consideravit
822 3435 1011 3482 nostra
1055 3428 1362 3500 disputatio
1390 3447 1404 3497 ;
1435 3434 1843 3489 communionis
1870 3433 1991 3504 qui-

410 3518 546 3575 dem
581 3518 723 3575 ratio
754 3518 991 3575 refertur
1022 3520 1091 3575 ad
1136 3523 1456 3590 essentiam,
1495 3523 1810 3595 hypostasis
1863 3540 1992 3582 vero

414 3611 703 3682 proprium
733 3611 1002 3682 cujusque
1030 3612 1253 3683 signum
1283 3621 1394 3669 est.

493 3703 547 3757 ε’.
578 3700 687 3758 Sed
714 3701 950 3758 fortasse
981 3710 1140 3773 putat
1168 3703 1369 3774 aliquis
1400 3719 1510 3762 non
1560 3720 1863 3778 congruere
1891 3726 1990 3766 ex-

409 3794 658 3866 positam
716 3794 778 3851 de
832 3795 1113 3868 hypostasi
1172 3797 1477 3853 doctrinam
1518 3812 1655 3852 cum
1712 3802 1991 3857 sententia

420 3885 667 3957 Apostoli
722 3886 1027 3957 scriptum,
1082 3885 1179 3942 ubi
1228 3884 1297 3942 de
1356 3886 1587 3943 Domino
1640 3887 1802 3956 dicit,
1861 3906 1990 3947 eum

406 3979 767 4050 splendorem
813 3978 998 4049 gloria:
1044 3977 1244 4050 ipsius,
1297 3985 1351 4035 et
1400 3979 1630 4051 figuram
1677 3982 1991 4054 bypostasis

420 4085 547 4127 esse
575 4072 643 4125 ²¹.
683 4068 741 4125 Si
769 4072 915 4127 enim
950 4070 1288 4142 hypostasim
1324 4070 1659 4129 tradidimus
1698 4087 1822 4130 esse
1854 4090 1988 4145 pro-

365 4189 368 4192 ~
412 4163 716 4232 .prietatum
754 4162 1191 4232 uniuscujusque
1234 4176 1587 4229 concursum,
1623 4163 1762 4218 illud
1802 4174 1990 4220 autem

422 4250 737 4308 confessum
780 4260 836 4306 et
881 4252 1224 4323 exploratum
1274 4258 1377 4318 est,
1423 4252 1887 4323 quemadmodum
1930 4255 1987 4309 in

422 4341 585 4399 Patre
636 4343 842 4414 aliquid
882 4344 1099 4415 proprie
1132 4343 1544 4410 consideratur,
1575 4359 1674 4415 per
1707 4345 1852 4414 quod
1891 4362 1977 4401 so»

406 4433 510 4490 ‘lus
538 4434 874 4504 agnoscitur,
904 4434 979 4488 ita
1011 4433 1152 4489 idem
1182 4434 1372 4511 eodem
1401 4433 1564 4488 modo
1595 4434 1663 4489 de
1688 4433 1985 4505 Unigenito

416 4539 640 4596 quoque
677 4524 864 4594 credi;
912 4524 1006 4595 qui
1054 4524 1117 4579 ﬁt
1160 4532 1222 4579 ut
1270 4525 1376 4580 hoc
1420 4525 1541 4581 loco
1575 4522 1857 4598 Scriptura
1885 4528 1984 4599 ity-

420 4617 658 4687 postasis
699 4632 897 4673 nomen
925 4614 1073 4671 Patri
1122 4616 1225 4672 soli
1264 4617 1541 4681 ascribat,
1596 4615 1798 4672 Filium
1854 4635 1985 4676 vero

420 4706 652 4762 formam
685 4704 831 4763 dicat
849 4706 1181 4778 hypostasis,
1208 4723 1319 4763 non
1345 4706 1482 4772 suis,
1513 4706 1611 4763 sed
1640 4705 1820 4765 Patris
1850 4709 1984 4765 insi-

412 4797 618 4866 gnibus
648 4805 702 4851 et
731 4796 880 4852 notis
918 4796 1301 4867 designatum?
1341 4794 1557 4852 Etenim
1588 4797 1633 4853 si
1664 4797 1982 4869 hypostasis

478 4948 535 4986 ³⁵
567 4948 733 5007 Hebr.
767 4966 806 5018 ι,
838 4949 895 5007 3.

491 5065 603 5139 (26)
635 5068 695 5121 Π
724 5066 793 5134 ὸς
824 5067 1119 5133 ἀλλήλας.
1153 5063 1245 5122 Sic
1288 5065 1456 5124 Cois].
1510 5077 1739 5139 uterque
1770 5077 1828 5124 et
1872 5066 1982 5125 duo

491 5138 593 5191 aii.
624 5085 767 5191 Editi
802 5136 937 5191 ποὺς
962 5136 1185 5191 ἄλληλα.

408 5135 593 5209 =Begii.
624 5135 767 5209 Editi
802 5136 937 5209 acpbe;
962 5136 1185 5207 ἄλληλα.

489 5204 826 5278 (Ἧλβϊναι.
848 5204 972 5262 Ἠοο
998 5204 1222 5263 verbum
1251 5206 1580 5263 additum‘ex
1606 5214 1735 5263 octo
1763 5222 1899 5263 mss.
1929 5216 1985 5264 et

414 5275 766 5348 GrngNyss.

486 5344 601 5417 (28)
634 5347 903 5428 ᾼόγισαι.
946 5344 1055 5428 Ero
1109 5345 1223 5428 hac_
1255 5360 1418 5428 voce,
1634 5356 1720 5403 est
1766 5347 1839 5428 in‘
1859 5353 1986 5428 octo

417 5413 553 5489 mss.
581 5413 668 5471 ἐι
729 5413 883 5488 apud
946 5413 1141 5489 Nyss.,
1207 5413 1410 5474 habent
1465 5413 1735 5473 editiones
1794 5414 1984 5472 Basilii

417 5486 602 5627 νόῑέθ)
652 5556 989 5625 Ἰδιότητας.
1014 5555 1194 5627 'Coisi.
1223 5557 1434 5627 primus
1468 5557 1805 5627 οὑσιότητας.

489 5624 601 5694 (50)
634 5624 999 5697 Πολῦχρων.
1056 5624 1315 5698 Νθιειίει
1359 5634 1592 5710 quatuor
1642 5624 1775 5683 mss.
1818 5624 1985 5682 πολύ-

413 5709 652 5769 moim-

2091 3252 2268 3307 κοινὸν
2317 3252 2376 3307 ὲν
2426 3255 2493 3325 τῇ
2543 3252 2676 3324 ἁγίᾳ
2706 3253 2920 3326 Τριάδι,
2949 3253 3010 3307 τὸ
3043 3252 3097 3306 δὲ
3130 3252 3332 3318 ίδιάξον
3353 3254 3381 3305 ό
3400 3252 3556 3321 λόγος
3575 3252 3664 3307 ὲνο

2072 3346 2412 3419 ἐθεώρησεν,
2434 3348 2463 3401 ὁ
2491 3346 2590 3418 μὲν
2615 3349 2715 3419 τῆς
2730 3347 3037 3419 κοινότητος
3059 3346 3217 3414 λόγος
3242 3348 3321 3409 είς
3339 3345 3438 3418 τὴν
3469 3345 3661 3399 οὐσίαν

2090 3440 2369 3510 ἀνάγεται,
2397 3441 2432 3493 ἡ
2457 3438 2513 3492 δὲ
2547 3439 2847 3505 ὑπόστασις
2874 3440 2936 3493 τδ
2959 3437 3160 3503 ἰδιάζον
3180 3437 3412 3492 ἑκάστου
3434 3436 3665 3510 σημεῖόν

2090 3533 2183 3587 ἔστ
2191 3549 2258 3590 ιν.

2161 3704 2216 3761 6.
2266 3703 2404 3759 Ἀλλ’
2442 3704 2571 3770 ἴσως
2598 3701 2770 3758 οἴεταί
2799 3716 2885 3767 τις
2919 3700 2995 3775 μὴ
3039 3701 3363 3774 συμϐαίνειν
3397 3701 3492 3756 τὸν
3518 3704 3662 3758 ἀποδ

2080 3792 2308 3850 δοθέντα
2348 3797 2477 3866 περὶ
2515 3796 2617 3868 τῆς
2665 3796 3014 3859 ὑποστάσεως
3052 3795 3209 3865 λόγον
3230 3797 3297 3868 τῇ
3325 3792 3536 3868 διανοίᾳ
3552 3797 3664 3867 τῆς

2090 3888 2185 3942 τοῦ
2208 3888 2528 3942 Ἀποστόλου
2543 3891 2782 3960 γραφῆς,
2801 3889 2861 3943 ὲν
2888 3881 2971 3951 οἷς
2993 3904 3126 3960 φησι
3144 3886 3272 3959 περὶ
3312 3885 3406 3940 τοῦ
3426 3887 3660 3959 Κυρίου,

2086 3980 2171 4035 ὅτι
2218 3980 2363 4035 ἐστὶν
2407 3980 2748 4051 ἀπαύγασμα
2789 3979 2890 4050 τῆς
2923 3977 3081 4051 δόξης
3121 3977 3310 4045 αὑτοῦ,
3356 3979 3452 4033 καὶ⁵
3485 3997 3661 4051 χαρα-

2070 4072 2231 4145 ’κτὴρ
2258 4072 2359 4143 τῆς
2407 4072 2779 4135 ὑποστάσεως.
2820 4072 2886 4125 Εἰ
2932 4071 3040 4143 γὰρ
3072 4071 3366 4126 ὑπόστασιν
3395 4070 3664 4125 ἀποδεδώ-

2088 4178 2265 4235 καμεν
2297 4159 2433 4218 εἶναι
2461 4165 2561 4237 τὴν
2605 4165 2910 4238 συνδρομὴν
2942 4164 3054 4218 τῶν
3100 4163 3230 4237 περὶ
3274 4164 3509 4220 ἕκαστον
3546 4161 3660 4234 (521

2078 4252 2414 4324 ίίδιωμάτων,
2441 4256 2776 4326 ὁμολογεῖται
2815 4255 2906 4322 δὲ,
2946 4255 3133 4326 ὥσπερ
3170 4256 3273 4310 ρὲπὶ
3310 4254 3407 4310 τοῦ
3442 4254 3665 4326 Πατρὸς

2088 4340 2225 4399 εἷναί
2271 4362 2323 4399 τι
2352 4346 2414 4399 τὸ
2453 4347 2759 4413 ἰδιαζόντως
2787 4347 3085 4419 ὲπιθεωρού
3096 4366 3274 4420 μενον,
3297 4349 3363 4404 δι’
3392 4340 3453 4403 οὗ
3488 4348 3652 4421 μόνος

2088 4438 2536 4508 ἐπιγινώσκεται,
2578 4441 2720 4496 κατὰ
2751 4441 2842 4495 τὸν
2869 4426 3129 4496 αὑτὸνδὲ
3159 4441 3360 4514 τρόπον
3399 4439 3496 4495 καὶ
3531 4438 3665 4512 περὶ

2089 4528 2183 4583 τοῦ
2214 4531 2553 4600 Μονογενοῦς
2595 4532 2657 4586 τὸ
2698 4533 2814 4587 ἴσον
2859 4531 3173 4587 πιστεύεται
3205 4530 3353 4603 (55)·
3406 4530 3524 4597 πῶς
3562 4533 3662 4585 ὲν·-

2078 4620 2265 4676 ταῦθα
2311 4621 2374 4676 τὸ
2414 4623 2514 4695 τῆς
2541 4624 2894 4689 ὑποστάσεως
2944 4625 3117 4695 ὄνομα
3156 4623 3237 4695 τῷ
3282 4623 3459 4695 Πατρὶ
3512 4622 3664 4694 μόνῳ

2090 4717 2502 4787 προσμαρτυρεῖ
2546 4717 2580 4787 ἡ
2629 4716 2842 4788 Γραφὴ,
2871 4716 2964 4771 τὸν
2994 4716 3051 4771 δὲ
3089 4716 3219 4771 Υἱὸν
3252 4715 3464 4788 μορφὴν
3511 4713 3665 4783 λέγει

2089 4803 2191 4875 τῆς
2218 4806 2587 4873 ὑποστάσεως,
2627 4807 2727 4861 οὑκ
2756 4810 2816 4863 ὲν
2846 4808 3015 4872 ἰδίοις,
3053 4807 3170 4861 ἀλλ’
3198 4806 3258 4861 ἐν
3286 4810 3397 4872 τοῖς
3429 4805 3522 4861 τοῦ
3550 4807 3666 4861 Πα-

2161 5066 2273 5138 (51)
2316 5067 2426 5138 Τοῦ
2452 5067 2835 5137 φαινομένου.
2855 5067 2957 5138 _Sic
2982 5084 3193 5133 omnes,
3223 5080 3277 5126 et
3306 5069 3465 5131 sts.
3514 5071 3663 5132 Edit.

2088 5136 2273 5193 Basilii
2295 5136 2463 5208 ἄνθος
2475 5136 2817 5208 φαινόμενον.
2845 5136 3088 5194 Subinde
3118 5139 3272 5196 Harl.
3301 5150 3355 5197 et
3384 5158 3531 5198 unus
3554 5141 3664 5200 Rea

2089 5209 2210 5277 gius
2267 5209 2340 5280 μὴ
2387 5204 2727 5290 ξενὸπᾳθεῖν,
2774 5210 3212 5290 quanscriptura
3253 5211 3415 5290 longe
3467 5214 3668 5268 melior

2089 5277 3061 5434 ἓὲξζῗρῗξιῗδςεξῗέξὲιὶἒὶἔεῗὲξεῶἷῗῆ
3082 5279 3668 5434 ἓξὲξέαᾶΐὲχῖἶῖῗπαζ

2157 5416 2273 5540 Si)
2302 5417 2733 5502 Περίὲκαστοος.
2756 5415 2833 5473 Ita
2866 5415 3070 5489 septem
3096 5419 3333 5477 codices.
3532 5436 3605 5476 πε
3639 5419 3670 5478 ὶ

2088 5487 2154 5539 ἐκ
2258 5505 2341 5561 ou_.
2377 5487 2581 5543 Ibidem
2606 5495 2665 5544 et
2700 5495 2898 5561 iterum
2934 5490 3097 5559 paulo
3128 5498 3262 5561 ipost
3279 5493 3420 5547 editi

2290 5556 2515 5628 Septem
2544 5573 2679 5614 mss.
2706 5563 2769 5628 ut
2799 5559 2856 5613 in
2880 5556 3160 5615 tto—manu:

2156 5625 2270 5699 (33)
2308 5625 2674 5687 Πιστεύεται.
2702 5627 3016 5702 Legendum
3044 5628 3412 5687 πιστεύεσθαι.
