3870 6218
224 267 343 331 337

1144 280 1635 345 ΕΡιεΤοιΑιιωι
1665 286 2031 353 ςωςνειδέηι.
2051 286 2290 355 ,ΕΡ15Τ.
2328 290 2610 349 XXXVIII.

3405 290 3511 351 338

231 383 369 456 τρδς
392 388 744 480 γνωρισμασι
782 397 1359 473 χαρακτηριζόμενονς
1387 401 1454 459 Ei
1484 402 1595 477 γὰρ
1625 406 1660 477 ή
1692 405 1826 459 ὑπό-

1935 405 2206 476 proprium
2259 408 2598 465 ειείειθοιὶω
2628 404 3094 479 uniuscujusque
3122 406 3341 480 signum
3380 416 3506 479 est;

238 492 435 569 στασις
592 481 790 553 ἰδιάζον
843 487 943 569 τῆς
991 489 1225 547 ἑκάστου
1273 492 1561 566 ὑπάρξεως
1604 498 1827 569 σημεῖόν

237 562 382 630 Schn,
416 566 510 623 τοῦ
540 567 599 622 δὲ
632 570 847 645 Πατρὸς
870 567 1007 630 ἴδιον
1039 576 1102 631 τὸ
1126 562 1436 651 ἀγεννήτως
1464 579 1604 636 εἶναι
1638 562 1829 654 ὁμολο-

237 658 446 728 γεῖται,
477 660 841 734 μεμόρφωται
873 664 929 717 δὲ
963 666 992 719 6
1025 665 1153 732 Υἱὸς
1178 671 1290 732 τοῖς
1316 668 1411 724 τοῦ
1450 671 1662 743 Πατρὸς
1690 669 1830 724 ἰδιώ-

240 764 450 818 μασινο
482 750 590 824 ἄρα
624 752 808 809 οὐκέτι
841 755 1090 829 διαμένει
1121 760 1201 832 τῷ
1241 763 1417 837 Πατρὶ
1462 764 1581 817 κατ’
1615 763 1827 836 ἐξαίρε-

237 853 340 892 τον
386 841 475 892 ἐπ’
500 843 666 897 αὐτοῦ
713 846 878 916 μόνου
906 847 977 901 τὸ
1019 850 1318 924 ἀγέννητον
1362 853 1638 925 λέγεσθαι,
1670 855 1829 927 εἴπερ

237 928 326 1001 τῷ
357 931 608 998 ἰδιάζοντι
633 934 727 989 τοῦ
761 937 973 1011 Πατρός
1003 941 1037 1012 ἠ
1061 942 1158 997 τοῦ
1174 945 1524 1015 Μονογενοῦς
1552 962 1830 1019 χαρακτη-

246 1020 462 1091 ρίζεται
492 1024 746 1100 ὖπαρξις.

322 1114 373 1169 7.
427 1117 568 1172 Ἀλλ’
608 1122 768 1193 ἡμεῖς
816 1123 975 1179 τοῦτό
1020 1144 1228 1199 φαμεν,
1270 1129 1352 1183 ὃτι
1400 1128 1588 1201 ἕτερον
1633 1129 1832 1202 πληροῖ

238 1208 457 1264 «σκοπὸν
502 1211 739 1268 ἐνταῦθα
788 1215 867 1288 τῷ
924 1217 1231 1292 Ἀποστόλῳ
1274 1222 1304 1275 ό
1355 1220 1513 1289 λόγος
1538 1260 1554 1285 ,
1602 1220 1738 1293 πρὸς
1770 1220 1830 1275 ὃν

244 1295 468 1366 βλέπων
531 1302 759 1369 ταύταις
821 1306 1094 1380 ἐχρήσατο
1162 1313 1283 1375 ταῖς
1347 1314 1553 1381 φωναῖς
1574 1351 1591 1376 ,
1671 1311 1830 1384 δόξης

238 1387 590 1462 ἀπαύγασμα
647 1393 842 1464 λέγων,
902 1399 998 1452 καὶ¹
1056 1401 1381 1472 χαρακτῆρα
1437 1402 1823 1465 ὑποστάσεως·

242 1475 420 1551 ὅνπερ
462 1481 492 1533 6
536 1482 779 1555 ἀκριϐῶς
825 1486 1024 1556 νοήσας
1066 1489 1219 1544 οὐδὲν
1277 1491 1498 1563 εὑρήσει
1535 1492 1650 1554 τοῖς
1698 1492 1828 1562 παρ’

247 1568 409 1640 ἡμῶν
436 1573 747 1645 εἰρημένοις
780 1580 1107 1650 μαχόμενον,
1142 1580 1257 1634 ἀλλ’
1297 1582 1388 1637 ἐπί
1421 1599 1565 1647 τινος
1599 1582 1830 1648 ἰδιαζού-

249 1676 354 1732 σης
397 1663 609 1730 ἑννοίας
662 1668 755 1722 τὸν
800 1669 957 1739 λόγον
994 1669 1400 1745 διεξαγόμενον.
1434 1674 1509 1727 Οὐ
1542 1672 1651 1745 γὰρ
1681 1674 1829 1737 ὅπως

1930 494 2114 551 Patris
2144 503 2328 583 autem
2357 497 2641 568 proprium
2667 497 2804 554 illud
2836 512 2979 562 esse,
3014 504 3075 553 ut
3099 496 3382 569 ingenitus
3410 499 3506 564 sit,

1929 588 2223 658 explorata
2255 604 2347 645 res
2382 594 2491 656 est,
2535 603 2601 645 ac
2642 585 2825 646 Patris
2859 597 3045 646 tamen
3079 588 3508 660 proprietatibus

1930 677 2119 735 Filius.
2156 678 2426 751 ﬁguratur
2480 694 2546 736 ac
2591 678 2952 752 designatur;
3007 678 3176 751 igitur
3232 694 3343 736 non
3393 681 3509 752 iam

1930 769 2214 840 proprium
2262 770 2405 825 illud
2446 768 2596 826 Patri
2642 778 2846 834 manet,
2883 778 2942 825 ut
2984 770 3138 827 solus
3175 768 3393 826 dicatur
3420 771 3510 825 in-

1929 859 2170 929 genitus,
2233 858 2505 929 siquidem
2538 858 2741 929 ‘Patris
2790 858 3124 930 proprietate
3163 857 3285 929 ipsa
3342 858 3508 914 etiam

1934 951 2214 1026 Unigeniti
2242 951 2566 1015 exslstentia
2605 951 2947 1023 designatur.

1998 1132 2056 1190 7.
2089 1132 2197 1188 Sed
2241 1146 2343 1187 nos
2372 1130 2478 1185 hoc
2504 1129 2768 1192 dicimus,
2804 1126 2873 1184 ad
2902 1126 3052 1184 aliud
3089 1127 3195 1183 hoc
3227 1125 3352 1182 loco
3379 1139 3508 1198 pro-

1931 1226 2172 1297 positum
2224 1231 2480 1295 spectare
2525 1220 2775 1293 Apostoli
2840 1219 3185 1283 orationem,
3234 1216 3303 1273 ad
3359 1217 3509 1289 quod

1929 1316 2230 1387 respiciens
2286 1315 2372 1371 his
2411 1329 2546 1371 usus
2598 1322 2686 1370 est
2727 1312 2978 1373 vocibus,
3026 1310 3214 1382 gloriae
3248 1308 3510 1380 splendo-

1928 1421 2043 1462 rem
2068 1445 2084 1471 ,
2125 1407 2349 1470 dicens,
2393 1416 2449 1462 et
2490 1404 2813 1479 hypostasis
2846 1403 3115 1475 ﬁguram:
3170 1402 3319 1474 quod
3374 1416 3505 1472 pro-

1928 1497 2172 1570 positum
2217 1497 2265 1551 si
2315 1496 2443 1567 quis
2505 1495 2801 1567 diligenter
2854 1493 3311 1559 consideraverit,
3359 1492 3506 1548 nihil

1929 1587 2164 1659 reperiet
2206 1587 2293 1642 his
2333 1602 2457 1658 quae
2488 1586 2729 1645 diximus
2771 1587 3136 1652 contrarium,
3167 1586 3262 1641 sed
3294 1601 3505 1643 semo-

1930 1694 2055 1736 nem
2098 1679 2165 1734 ad
2220 1678 2553 1750 singularem
2601 1678 2896 1749 quamdam
2952 1678 3231 1733 notionem
3282 1693 3509 1734 revoca-

236 1753 579 1830 διακριθεῖεν
604 1761 698 1814 ἀπ’
732 1762 979 1835 ἀλλήλων
1008 1767 1064 1820 αἱ
1090 1766 1416 1830 ὑποστάσεις
1446 1765 1536 1820 διὰ
1570 1765 1678 1818 τῶν
1713 1766 1804 1818 ὲπι

1937 1770 2228 1826 tum..Non
2269 1772 2418 1826 enim
2467 1780 2528 1829 ut
2571 1771 2893 1843 hypostases
2944 1770 3088 1826 inter
3128 1784 3188 1826 se
3223 1784 3291 1824 ex
3333 1769 3507 1840 signis

246 1849 591 1919 ςΡαινοιιιιῖενων
633 1855 896 1925 σημείων,
935 1859 964 1911 6
996 1858 1351 1923 ἀποστολικδς
1383 1857 1829 1930 πραγματεύεται

242 1937 428 2009 λόγος,
459 1941 572 1995 ἀλλ’
599 1945 748 2011 ὅπως
778 1947 841 2003 τὸ
875 1950 1097 2021 γνήσιόν
1138 1968 1198 2004 τε
1239 1950 1337 2004 καὶ
1381 1950 1706 2005 ἀδιάστατον
1736 1950 1830 2003 καὶ⁵

246 2034 594 2104 συνημμένον
625 2036 727 2107 τῆς
757 2039 852 2093 τοῦ
883 2039 1014 2095 Υἱοῦ
1050 2042 1185 2114 πρὸς
1217 2042 1308 2095 τὸν
1341 2041 1560 2112 Πατέρα
1592 2040 1830 2113 σχέσεως

243 2124 492 2197 νοηθείη.
543 2129 627 2193 Ὠς
655 2130 764 2203 γὰρ
795 2132 898 2187 οὐκ
936 2130 1110 2198 εἶπεν,
1149 2137 1253 2201 Ὃς
1278 2132 1364 2188 ὢν
1391 2133 1541 2199 δόξα
1570 2132 1678 2187 τοῦ
1708 2136 1829 2187 Πα-

241 2216 392 2283 τρός
425 2217 689 2290 (καίτοιγε
738 2223 799 2276 τὸ
829 2224 1027 2296 ἀληθὲς
1052 2225 1225 2291 οὕτως
1267 2225 1425 2297 ἔχει),
1475 2224 1631 2290 ἀλλὰ,
1669 2223 1830 2279 τοῦτο

245 2309 574 2380 παραλιπὼν
607 2314 684 2378 ὡς
729 2315 1180 2390 ὁμολογούμενον,
1210 2317 1271 2373 τδ
1298 2319 1375 2390 μὴ
1419 2317 1549 2374 ἄλλο
1577 2335 1630 2373 τι
1670 2316 1828 2388 δόξης

248 2392 391 2466 εἶδος
416 2401 511 2456 ἐπὶ
540 2403 637 2459 τοῦ
668 2406 903 2479 Πατρὸς,
938 2409 1032 2462 καὶ
1067 2409 1253 2482 ἕτερον
1279 2410 1371 2463 ἐπὶ
1398 2408 1492 2465 τοῦ
1522 2409 1654 2463 Υἱοῦ
1691 2411 1828 2465 νοεῖν

240 2488 539 2560 δῖδάσκων,
571 2495 746 2568 αὐτῆς
776 2498 876 2571 τῆς
915 2499 1008 2554 τοῦ
1038 2500 1252 2573 Πατρὸς
1286 2500 1444 2572 δόξης
1490 2501 1829 2574 ἀπαύγασμα

246 2585 349 2656 τὴν
393 2584 489 2639 τοῦ
532 2587 872 2658 Μονογενοῢς
914 2590 1209 2664 διορίζεται
1248 2593 1426 2661 δόξαν,
1471 2594 1534 2648 τὸ
1574 2592 1829 2648 ἀδιαστά-

247 2694 358 2742 τως
387 2675 499 2749 (54)
534 2682 968 2738 συνεπινοεῖσθαι
1012 2683 1091 2755 τῷ
1127 2686 1305 2757 Πατρὶ
1351 2685 1443 2740 τὸν
1480 2686 1607 2742 Υῑὸν
1654 2704 1828 2742 κατα-

248 2770 533 2837 σκευάζων
577 2773 643 2827 ἑκ
684 2773 780 2828 τοῦ
819 2774 961 2830 κατὰ
1001 2777 1062 2831 τὸ
1106 2776 1223 2847 φῶς
1257 2778 1672 2850 ὑποδείγματος.
1740 2779 1829 2843 Ὧς

248 2863 362 2932 γὰρ
386 2864 451 2916 ἐκ
476 2863 577 2934 τῆς
604 2864 802 2935 φλογὸς
835 2867 936 2938 μὲν
961 2868 995 2939 ἡ
1024 2867 1190 2938 αὐγὴ,
1219 2868 1279 2922 ού
1311 2870 1419 2941 μὴν
1449 2869 1652 2940 ὑστέρα
1691 2870 1830 2942 μετὰ

245 2954 352 3025 τὴν
380 2954 560 3025 φλόγα
587 2956 738 3011 ἐστὶν
783 2959 817 3029 ἡ
865 2957 1030 3031 αὐγὴ,
1070 2959 1187 3015 ἀλλ’
1210 2959 1346 3032 ὁμοῦ
1393 2977 1454 3015 τε
1495 2962 1530 3033 ἠ
1562 2961 1694 3032 φλὸξ
1735 2963 1832 3018 άν-

241 3045 486 3119 έλαμψε,
521 3049 614 3102 καὶ
642 3050 1070 3122 συναπηυγάσθη
1114 3052 1175 3107 τὺ
1219 3053 1334 3124 φῶς
1355 3070 1368 3085 ’
1396 3052 1539 3109 οὕτω
1583 3053 1829 3126 βούλεται

244 3140 349 3193 καὶ
380 3139 447 3195 ὲκ
475 3138 570 3194 τοῦ
611 3137 826 3214 Πατρὺς
883 3143 981 3214 μὲν
1012 3144 1106 3199 τὸν
1157 3144 1285 3199 Υἱὸν
1326 3145 1583 3210 νοεῖσθαι,
1616 3146 1676 3201 οὐ
1724 3146 1831 3219 μὴν

252 3231 563 3304 παρατάσει
591 3234 697 3287 τινι
727 3232 1125 3307 διαστηματικῇ
1151 3236 1249 3307 τῆς
1281 3236 1374 3290 τοῦ
1416 3237 1628 3309 Πατρὸς
1656 3238 1831 3309 ὑπάρ-

254 3319 395 3386 ξεως
421 3322 515 3376 τὸν
536 3323 814 3395 Μονογενῆ
848 3324 1200 3397 διορίζεσθαι.
1229 3327 1345 3382 ἀλλ’
1378 3329 1466 3384 ἀεὶ
1490 3327 1566 3400 τῷ
1590 3328 1748 3402 αἰτίῳ
1770 3327 1833 3383 τὸ

248 3412 317 3479 ἐξ
379 3413 548 3469 αὐτοῦ
611 3416 1134 3488 συνυπολαμσάνειν.
1183 3420 1340 3475 Κατὰ
1387 3419 1481 3475 τὸν
1531 3420 1694 3477 αὑτὸν
1738 3417 1832 3475 οὖν

253 3505 497 3576 τρόπον,
555 3505 744 3579 ὥσπερ
790 3509 1179 3581 ἐφερμηνεύων
1234 3510 1326 3564 τὸν
1390 3511 1833 3583 προωποδοθέντα

255 3594 408 3662 νοῦν,
440 3596 538 3650 καὶ
583 3597 933 3661 ὑποστάσεως
976 3599 1303 3671 χαρακτῆρά
1349 3617 1483 3670 φησι
1535 3602 1679 3673 (35),
1719 3605 1833 3667 τοῖς

251 3692 597 3759 σωματικοῖς
634 3691 784 3762 ἡμᾶς
810 3690 1170 3762 ὑποδειγμασι
1213 3692 1348 3762 πρὸς
1394 3691 1493 3764 τὴν
1530 3691 1638 3747 τῶν
1668 3692 1834 3763 ἀορά-

247 3797 369 3835 ⁴ιτων
402 3783 760 3854 χειραγωγῶν
786 3784 1132 3856 κατανόησιν.
1170 3786 1257 3850 Ὠς
1286 3786 1394 3858 γὰρ
1425 3786 1485 3840 τὸ
1516 3785 1674 3858 σῶμα
1698 3787 1834 3849 πάν-

252 3886 366 3936 τως
396 3873 547 3926 ἐστὶν
594 3875 652 3926 ὲν
701 3876 961 3946 σχήματι,
994 3875 1108 3930 ἀλλ’
1142 3876 1324 3948 ἕτερος
1368 3876 1466 3947 μὲν
1511 3877 1540 3931 6
1570 3875 1664 3930 τοῦ
1704 3876 1835 3948 σχήο

254 3980 453 4034 ματος,
483 3964 668 4037 ἕτερος
697 3965 756 4020 δὲ
781 3969 809 4020 6
847 3966 942 4021 τοῦ
975 3966 1225 4038 σώματος
1269 3967 1453 4036 λόγος’
1498 3968 1595 4023 καὶ
1639 3967 1740 4023 οὐκ
1761 3968 1834 4023 ἄν

250 4072 342 4120 τις
393 4056 679 4121 ἀποδιδοὺς
724 4057 816 4112 τὸν
865 4059 1126 4131 ἑκατέρου
1176 4058 1382 4114 τούτων
1437 4060 1664 4133 ὁρισμὸν
1717 4076 1837 4114 συν-

254 4148 505 4220 ενεχθείη
525 4147 603 4220 τῷ
647 4150 776 4223 περὶ
806 4149 899 4205 τοῦ
928 4151 1117 4223 ἐτέρου
1138 4169 1151 4183 ·
1190 4152 1329 4224 πλὴν
1367 4153 1522 4218 ἀλλὰ,
1552 4152 1655 4209 κᾶν
1691 4153 1835 4225 λόγῳ

252 4238 545 4315 διακρίνῃς
568 4242 629 4295 τὸ
661 4242 845 4314 σχῆμα
868 4240 963 4297 τοῦ
990 4242 1263 4314 σώματος,
1290 4247 1325 4318 ἡ
1372 4246 1531 4316 φύσις
1569 4248 1631 4302 οὐ
1658 4264 1837 4320 παρα-

257 4332 476 4403 δέχεται
519 4333 619 4405 τὴν
671 4333 976 4408 διάκρισιν,
1028 4336 1167 4391 ἀλλὰ
1233 4338 1590 4410 συνημμένως
1634 4343 1834 4395 νοεῖται

1929 1864 2247 1934 conspicuis
2277 1870 2661 1928 secernantur,
2701 1862 3004 1934 apostolica
3042 1860 3353 1918 instituitur
3380 1874 3509 1916 ora-

1931 1956 2030 2023 tio,
2062 1956 2160 2013 sed
2195 1964 2256 2011 ut
2276 1957 2513 2027 genuina
2541 1956 2887 2027 indivisaque
2929 1962 2986 2013 et
3027 1955 3346 2012 consociata
3377 1952 3505 2008 Filii

1930 2050 2001 2106 ad
2067 2048 2291 2108 Patrem
2353 2052 2549 2107 relatio
2605 2050 2965 2121 intelligatur.
3038 2045 3506 2115 Quemadmodum

1929 2143 2076 2197 enim
2130 2158 2241 2200 non
2283 2143 2439 2211 dixit,
2470 2198 2475 2202 ,
2509 2142 2614 2209 Qui
2641 2153 2713 2199 est
2744 2141 2915 2211 gloria
2946 2140 3127 2195 Patris
3169 2138 3506 2211 (quanquam

1928 2234 2134 2291 veritas
2192 2235 2267 2289 ita
2317 2248 2377 2290 se
2438 2234 2645 2306 habet),
2699 2233 2820 2297 sed,
2872 2232 2976 2288 hoc
3018 2230 3392 2303 praetermisso
3446 2235 3508 2283 ut

1931 2325 2240 2395 explorato,
2276 2339 2389 2379 non
2423 2323 2589 2381 aliam
2632 2321 2925 2393 quamdam
2955 2321 3144 2392 gloriae
3182 2318 3420 2391 speciem
3449 2317 3507 2372 in

1928 2412 2111 2476 Patre.
2154 2424 2209 2473 et
2247 2415 2409 2475 aliam
2454 2416 2509 2473 in
2545 2413 2691 2471 Filio
2734 2413 3082 2485 cogitandam
3121 2426 3243 2469 esse
3277 2408 3505 2473 docens,

1928 2503 2127 2575 ipsius.
2153 2504 2333 2561 Patris
2404 2504 2593 2576 gloria:
2651 2503 2995 2575 Splendorem
3048 2515 3173 2558 esse
3224 2497 3506 2570 Unigeniti

1928 2596 2157 2668 gloriam
2190 2596 2443 2654 decernit
2476 2613 2493 2663 ;
2531 2611 2602 2652 ex
2637 2595 2781 2652 lucis
2818 2592 3070 2664 exemplo
3100 2588 3412 2662 perﬁciens,
3443 2592 3508 2643 ut

1933 2687 2275 2760 lﬁlFﬂius
2301 2703 2427 2745 cum
2458 2687 2621 2744 Patre
2648 2686 2883 2743 indivise
2913 2684 3269 2755 intelligatur.
3302 2679 3503 2749 Quem-

1928 2781 2223 2838 admodum
2260 2781 2405 2837 enim
2451 2795 2522 2837 ex
2568 2779 2784 2838 ﬂamma
2833 2778 3058 2850 quidem
3096 2775 3380 2848 splendor,
3409 2788 3508 2829 ne—

1928 2888 2036 2944 que
2069 2880 2251 2929 tamen
2293 2871 2510 2929 ﬂamma
2542 2870 2834 2944 posterior,
2867 2868 2964 2926 scd
2999 2868 3161 2925 simul
3207 2874 3267 2923 ut
3306 2864 3509 2923 eﬁ‘ulsit

1929 2958 2366 3021 llamma,ctiam
2419 2960 2512 3015 lux
2567 2959 2732 3015 simul
2807 2958 3149 3028 resplenduit
3190 2973 3208 3025 ;
3260 2955 3343 3014 sic
3389 2955 3509 3011 vult

1932 3052 2100 3108 etiam
2142 3067 2208 3108 ex
2259 3051 2424 3106 Patre
2476 3051 2696 3122 quidem
2752 3049 2953 3107 Filium
3007 3048 3269 3120 intelligi,
3326 3059 3507 3117 neque

1931 3152 2117 3199 tamen
2158 3143 2270 3198 ulla
2320 3142 2593 3199 intervalli
2644 3141 2909 3198 distantia
2950 3156 2984 3196 a
3022 3139 3206 3196 Patris
3234 3139 3509 3198 exsistan-

1930 3234 2013 3289 tia
2045 3232 2401 3305 Unigenitum
2431 3232 2641 3298 dirimi,
2674 3233 2770 3288 sed
2801 3247 3018 3302 semper
3045 3246 3155 3286 una
3181 3244 3309 3286 cum
3338 3242 3508 3285 causa

1932 3324 1987 3379 id
2016 3323 2162 3395 quod
2200 3339 2279 3379 ex.
2310 3337 2481 3379 causa
2528 3330 2616 3379 est
2665 3322 2902 3395 concipi.
2946 3320 3210 3378 Eumdem
3250 3320 3415 3393 igitur
3437 3318 3507 3374 ad

1930 3416 2180 3481 modum,
2227 3415 2397 3470 veluti
2435 3414 2765 3471 sententiam
2808 3415 2962 3485 prius
2998 3414 3299 3485 expositam
3332 3412 3506 3468 inter—

1932 3515 2179 3577 pretans.
2198 3506 2363 3564 etiam
2377 3507 2608 3576 byposta
2616 3505 2692 3561 sis
2716 3504 2819 3577 [igu
2827 3519 2942 3559 ram
2955 3504 3109 3569 dicit,
3129 3501 3507 3574 corporalibus

1931 3615 2035 3658 nos
2049 3600 2315 3671 exemplis
2331 3598 2399 3655 ad
2424 3598 2782 3654 invisibilium
2800 3612 2965 3654 manu
2979 3597 3187 3652 ducens
3208 3593 3506 3664 intelligen-

1933 3693 2089 3749 tiam.
2129 3690 2601 3760 Quemadmodum
2631 3689 2777 3747 enim
2810 3684 2914 3745 et‘si
2943 3702 3146 3758 corpus
3190 3686 3415 3744 omnino
3447 3684 3506 3740 in

1932 3783 2103 3855 ﬁgura
2134 3790 2250 3849 est,
2290 3783 2397 3838 alia
2441 3783 2653 3854 ﬁguras,
2697 3783 2806 3839 alia
2850 3779 3101 3852 corporis
3142 3777 3308 3847 ratio,
3351 3792 3417 3831 ac
3456 3774 3506 3832 si

1934 3877 2068 3950 quis
2116 3877 2387 3934 utriusvis
2439 3875 2636 3931 horum
2686 3874 2866 3930 tradat
2894 3872 3291 3938 deﬁnitionem,
3328 3869 3508 3927 neuti-

1936 3983 2103 4039 quam
2139 3968 2197 4024 in
2228 3982 2350 4026 eam
2381 3984 2505 4039 qua:
2538 3967 2766 4024 alterius
2796 3974 2880 4023 est
2908 3965 3113 4022 incidat
3141 3984 3156 4034 ;
3192 3965 3286 4022 sed
3325 3971 3508 4020 tamen

1934 4060 2155 4118 etiamsi
2194 4060 2410 4119 ratione
2441 4060 2671 4131 ﬁguram
2701 4074 2735 4113 a
2760 4072 2990 4131 corpore
3022 4057 3373 4124 discreveris,
3403 4070 3507 4112 na-

1934 4158 2081 4207 tura.
2104 4166 2214 4207 non
2255 4151 2496 4207 admittit
2544 4150 2962 4216 discretionem,
2997 4148 3094 4209 sed
3122 4150 3353 4206 alterum
3380 4162 3508 4205 cum

1938 4244 2113 4299 altero
2159 4243 2501 4315 conjunctim
2543 4243 2865 4314 intelligitur
2918 4261 2931 4297 :
2980 4243 3056 4297 ita
3090 4257 3208 4298 rem
3249 4239 3509 4312 explicari

1935 4343 2192 4407 oportere
2233 4345 2423 4392 censet
2456 4334 2756 4406 Apostolus
2786 4334 3069 4406 :quamvis
3091 4333 3224 4390 .lidei
3259 4332 3510 4389 doctrina

257 4425 406 4497 μετὰ
430 4423 527 4479 τοῦ
552 4426 739 4497 ἑτέρου
769 4427 831 4481 τδ
858 4428 1071 4500 ἕτερον·
1097 4427 1269 4494 οὕτως
1295 4429 1464 4485 οἴεται
1481 4431 1588 4485 δεῖν
1614 4433 1643 4485 6
1681 4434 1838 4487 Ἀπό-

1940 4428 2283 4484 inconfusam
2318 4442 2383 4483 ac
2422 4428 2717 4484 discretam
2746 4428 2937 4482 doceat
2974 4426 3356 4499 hypostasewn
3404 4425 3511 4482 dil-

256 4515 468 4582 στολος,
503 4516 608 4571 κᾶν
634 4518 663 4572 6
703 4519 801 4591 τῆς
827 4518 1060 4584 πίστεως
1087 4519 1244 4590 λόγος
1268 4520 1571 4593 ἀσύγχυτον
1596 4524 1690 4577 καὶ
1720 4524 1835 4597 διῃ-

258 4609 510 4681 ρημένην
530 4609 640 4680 (36)
660 4611 759 4680 τὴν
782 4610 892 4666 τῶν
920 4612 1270 4668 ὐποστάσεων
1299 4613 1525 4689 διδάσκῃ
1551 4615 1835 4686 διαφορὰν,

254 4700 400 4755 ἀλλὰ
426 4702 523 4755 καὶ
550 4702 613 4756 τὸ
645 4703 913 4776 προσεχὲς
944 4705 1040 4760 καὶ
1065 4706 1226 4760 οἱονεὶ
1257 4708 1500 4779 συμφυὲς
1539 4708 1633 4762 τοῦ
1662 4710 1836 4771 Μονο-

257 4791 453 4863 γενοῦς
496 4794 637 4867 πρὸς
673 4795 767 4849 τὸν
810 4795 1033 4870 Πατέρα
1074 4796 1162 4852 διὰ
1208 4798 1317 4853 τῶν
1353 4799 1657 4872 εἰρημένων
1705 4816 1838 4872 παρ-

260 4886 481 4961 ίστησιν
516 4888 632 4961 (37)
651 4906 667 4920 ·
690 4886 790 4960 οὐχ
808 4887 888 4955 ὡς
910 4892 1012 4946 οὐκ
1036 4891 1188 4957 ὄντος
1220 4893 1278 4946 ὲν
1302 4892 1595 4947 ὑποστάσει
1622 4894 1715 4947 καὶ
1741 4892 1836 4948 τοῦ

258 4979 630 5049 Μονογενοῦς,
686 4980 803 5035 ἀλλ’
828 4981 905 5046 ὡς
966 4983 1027 5038 οὐ
1087 4983 1521 5056 παραδεχομένου
1569 4984 1839 5056 μεσότητά

260 5071 520 5142 τιναντῆς
565 5071 759 5126 ἑαυτοῦ
804 5073 940 5146 πρὸς
974 5075 1065 5129 τὸν
1111 5075 1332 5147 Πατέρα
1378 5074 1658 5141 ἐνώσεως·
1696 5075 1837 5131 ὥστε

261 5165 355 5217 τὸν
377 5163 458 5235 τῷ
482 5164 792 5236 χαρακτῆρι
812 5165 905 5220 τοῦ
930 5166 1265 5237 Μονογενοῢς
1286 5167 1376 5222 διὰ
1404 5168 1513 5222 τῶν
1535 5168 1636 5240 τῆς
1662 5168 1840 5242 ψυχῆς

262 5447 451 5575 Ἓξ)
478 5502 657 5575 4’90?-
686 5501 764 5556 lta
792 5518 887 5558 sex
919 5519 1052 5561 mss.
1085 5519 1186 5575 pro
1215 5519 1280 5561 eo
1306 5504 1451 5574 quod
1487 5512 1606 5561 erat
1637 5505 1695 5562 in
1717 5505 1838 5562 edi-

263 5571 493 5660 t‘isfzplr‘];
524 5570 864 5660 Paulo’po‘st.
893 5575 1063 5660 editio.
1087 5570 1479 5660 'Hagangensis
1492 5575 1572 5660 Et
1610 5575 1835 5660 γάρτι.

264 5640 502 5696 Alian'b
524 5641 634 5715 γὰρ
654 5640 738 5697 τόξ
764 5641 1013 5717 Quinque
1039 5640 1257 5704 mssfet
1283 5643 1441 5718 Greg.
1489 5640 1651 5718 Nyss.
1685 5640 1753 5704 ἰιι
1782 5649 1840 5708 in

264 5719 542 5768 ιωιωιιιι.

334 5361 451 5460 fit)
491 5362 563 5416 Τὸ
587 5362 976 5430 ἀδιαστάτως.
1015 5363 1183 5421 Coisl.
1216 5363 1426 5435 primus
1469 5364 1530 5419 τὺ
1576 5364 1840 5423 ἀδωσπά-
1936 5326 1941 5329 ν

1938 4521 2251 4588 ferentiam,
2283 4523 2643 4579 nihilominus
2676 4529 2853 4577 tamen
2882 4521 3157 4593 Unigeniti
3185 4520 3348 4577 etiam
3383 4533 3509 4575 cum

1943 4611 2108 4670 Patre
2134 4615 2522 4670 cohaerentiam
2550 4630 2616 4671 ac
2644 4616 2810 4672 veluti
2843 4615 3247 4669 concretionem
3281 4612 3368 4667 his
3389 4626 3510 4667 ver-

1938 4704 2025 4760 bis
2070 4703 2313 4758 declarat
2340 4720 2356 4771 ;
2387 4720 2498 4759 non
2532 4704 2680 4776 quod
2727 4705 2783 4758 in
2831 4703 3109 4775 hypostasi
3143 4715 3362 4772 quoque
3396 4716 3509 4756 non

1938 4797 2011 4852 sit
2050 4795 2398 4868 Unigenitus,
2453 4799 2551 4855 scd
2608 4796 2750 4868 quod
2781 4797 2835 4851 in
2875 4810 2976 4852 sua
3019 4808 3144 4849 cum
3175 4792 3336 4848 Patre
3376 4806 3509 4876 con-

1933 4887 2226 4958 junctione
2254 4889 2394 4944 nihil
2422 4888 2662 4945 medium
2690 4887 2966 4953 admittat,
3001 4885 3136 4941 adeo
3167 4893 3226 4940 ut
3258 4885 3510 4958 quisquis

1938 4981 2106 5036 animi
2163 4981 2342 5039 oculis
2403 4981 2683 5048 Unigeniti
2739 4981 3112 5037 characterem
3163 4977 3372 5034 intente
3422 4993 3513 5034 rev

1938 5073 2202 5147 spexerit,
2230 5074 2418 5139 veniat
2445 5075 2612 5133 etiam
2646 5074 2704 5137 in
2750 5072 3064 5147 hypostasis
3096 5069 3280 5127 Patris
3310 5069 3513 5125 intelli-

1937 5164 2176 5236 gentiam
2206 5179 2361 5233 gnon
2403 5171 2586 5220 tamen
2614 5173 2826 5221 mutata
2849 5171 2945 5221 aut
2969 5165 3235 5237 permista
3257 5162 3513 5236 proprie-

2008 5366 2122 5439 (36)
2182 5364 2564 5439 ’ᾼσύγχιξρκ
2583 5364 2683 5417 καὶ
2727 5364 3118 5439 δέηρῃμέτκηνι
3171 5363 3249 5419 ηδ
3303 5369 3511 5439 samem

1938 5433 2072 5508 mss.
2104 5433 2176 5492 'et
2219 5433 2706 5508 Nys’sL’Editiones
2747 5433 2936 5492 Basilii
2977 5433 3280 5507 ἀσύγχυτος
3320 5433 3513 5508 διῃρη-

1942 5507 2542 5707 μέῖδηῖίηῧρίστησιν.
2598 5574 2677 5630 Ita
2715 5590 2848 5634 mss.
2903 5582 3130 5649 septem.
3168 5572 3317 5635 Editi
3373 5589 3514 5647 πωρ-

1942 5647 2191 5707 ίστασιν..
2248 5662 2360 5707 vss.
2393 5643 2778 5707 παρίστασθαι.

1941 5643 2360 5720 (στασινιΝγεε.
2393 5643 2778 5721 παρίστασθαι.
