3870 6218
415 275 531 335 559

1750 278 1817 346 '8.
1858 284 2109 346 ΒΑειιιι
2141 276 2364 344 ΜΑΟΝῨ

3563 290 3669 345 540

414 387 553 460 tite,
581 410 704 467 qua:
748 397 805 451 in
851 396 995 469 ipsis
1035 399 1440 469 consideratur,
1468 408 1628 474 quasi
1664 406 1747 461 vel
1771 406 1991 464 Patrem

2105 404 2357 475 Βμμάτων
2384 401 2767 459 ὲνατενίσαντα
2790 401 2886 457 καὶ
2911 401 3008 474 τῆς
3037 396 3130 455 τοῦ
3156 397 3268 474 ('58)
3294 403 3506 476 Πατρδς
3534 407 3669 465 ὐπο-

420 486 687 555 genitum,
732 488 819 543 vel
866 488 1064 544 Filium
1113 491 1415 563 ingenitum
1467 495 1649 550 animo
1696 495 1985 567 tingamus,

419 576 519 632 sed
538 579 684 648 quod
705 578 820 635 ﬁeri
846 596 955 636 non
980 591 1177 651 potest,
1195 593 1254 638 ut
1271 585 1316 639 si
1342 586 1478 641 alter
1500 587 1569 641 ab
1584 587 1756 642 altero
1779 588 1992 658 disjun—

420 677 603 740 gatur,
631 669 744 739 jam
775 671 829 726 id
870 674 1013 742 quod
1046 676 1316 745 reliquum
1354 676 1537 743 fuerit,
1588 694 1686 748 per
1718 695 1778 735 se
1810 681 1991 735 solum

420 761 813 831 intelligamus.
862 764 998 819 Nam
1044 768 1160 823 ﬁeri
1202 784 1312 823 non
1341 778 1541 839 potest,
1575 778 1636 825 ut
1667 772 1814 842 quis,
1850 771 1991 833 Filio

423 854 726 918 nominato,
755 857 922 911 etiam
958 873 1069 913 non
1097 862 1297 929 cogitet
1338 861 1406 916 de
1442 861 1625 929 Patre,
1650 879 1773 918 cum
1808 866 1993 935 appel-

423 941 556 998 latio
604 944 717 1000 haac
768 962 863 1016 per
914 949 1232 1006 relationem
1288 950 1507 1007 Patrem
1554 968 1770 1025 quoque
1826 955 1990 1010 simul

423 1035 647 1092 indicet.

495 1300 550 1355 8.
592 1301 861 1365 Quoniam
912 1300 1076 1371 igitur
1129 1304 1221 1372 qui
1271 1303 1469 1361 Filium
1518 1304 1686 1370 videt,
1732 1304 1890 1360 videt
1937 1312 1992 1360 et

424 1391 664 1457 Patrem,
700 1401 758 1446 ut
789 1392 863 1448 ait
891 1393 944 1447 in
974 1394 1266 1465 Evangelio
1297 1396 1561 1453 Dominus
1588 1398 1653 1463 ⁸³,
1705 1405 1991 1469 propterea

426 1482 784 1554 Unigenitum
843 1485 1155 1556 hypostasis
1210 1486 1386 1545 Patris
1438 1489 1809 1543 characterem
1869 1504 1992 1544 esse

425 1578 761 1644 pronuntiat.
799 1576 863 1631 Et
910 1595 1019 1648 quo
1053 1581 1225 1651 magis
1259 1588 1545 1651 perspecta
1588 1580 1681 1635 ﬁat
1720 1581 1833 1635 haec
1868 1596 1992 1635 scn-

424 1667 622 1731 tentia,
654 1677 708 1721 et
756 1669 895 1724 alias
928 1671 1173 1740 Apostoli
1203 1688 1363 1728 voces
1403 1674 1745 1742 adjiciemus,
1783 1675 1837 1727 in
1869 1675 1992 1744 qui-

2100 498 2340 561 στάσεως
2369 494 2707 569 ἐνπερινοίᾳ
2735 495 3009 565 γενέσθαι,
3041 495 3140 548 οὐκ
3170 495 3667 569 ὲπαλλασσομένης,

2095 589 2217 642 οὐδὲ
2259 589 2804 660 συναναμιγνυμένης
2844 589 2943 658 τῆς
2987 586 3461 659 ὲπιθεωρουμένης
3488 590 3670 655 αὐτοῖς

2100 673 2377 751 ἰδιότητος,
2418 679 2493 743 ὡς
2540 679 2572 749 ἢ
2610 678 2688 750 τῷ
2730 678 2906 746 Πατρὶ
2934 676 3030 747 τὴν
3060 677 3334 749 γέννησιν,
3368 678 3401 748 ἢ
3448 679 3527 748 τῷ
3556 679 3670 750 Υἰῷ

2095 770 2194 843 τὴν
2226 770 2548 841 ἀγεννησίαν
2591 768 3018 840 ὲπιμορφάζειψ
3068 769 3182 821 ἀλλ’
3212 769 3287 832 ώς
3326 769 3427 823 οὐκ
3462 770 3671 841 ἐνδεχό-

2100 853 2258 934 μενον
2300 863 2363 916 τὸ
2395 862 2582 933 ἕτερον
2618 861 2713 915 τοῦ
2746 861 2931 931 ἐτέρου
2978 858 3363 925 διαζεύξαντας
3404 861 3536 931 (59),
3583 862 3668 931 ἐφ’

2072 952 2297 1030 ,ἑαυτοῦ
2336 952 2499 1024 μόνου
2543 950 2870 1006 καταλαϐεῖν
2918 949 2979 1002 τὸ
3008 949 3345 1020 λειπόμενον.
3391 952 3523 1005 Οὐδὲ
3557 953 3668 1023 γάρ

2096 1046 2213 1098 ἐστι
2258 1044 2504 1106 δυνατὸν,
2547 1044 2679 1095 Υἰὸν
2717 1041 3079 1111 ὀνομάσαντα,
3119 1042 3192 1111 μὴ
3228 1042 3321 1094 καὶ
3353 1042 3565 1113 Πατρὸς
3609 1046 3670 1097 ὲν

2099 1135 2344 1207 περινοίᾳ
2366 1134 2642 1202 γενέσθαι,
2670 1132 2931 1203 σχετικῶς
2949 1133 3050 1203 τῆς
3071 1134 3441 1204 προσηγορίας
3464 1133 3669 1205 ταύτης

2097 1229 2192 1280 καὶ
2222 1227 2314 1281 τὸν
2344 1226 2568 1297 Πατέρα
2602 1224 3092 1295 συνεμφαινούσης.

2166 1319 2219 1373 8.
2264 1317 2481 1389 Ἐπειδὴ
2506 1317 2683 1371 τοίνυν
2717 1318 2745 1369 6
2772 1314 3031 1386 ἑωρακὼς
3054 1315 3146 1368 τὸν
3166 1314 3298 1367 Υίδν
3324 1316 3425 1386 ὁρᾷ
3449 1315 3539 1369 τὸν
3566 1317 3673 1370 Πα-

2094 1408 2250 1480 τέρα,
2303 1406 2486 1469 καθώς
2536 1423 2699 1477 φησιν
2744 1405 3201 1474 ὲν,Εὑαγγελίοις
3244 1407 3272 1458 6
3316 1405 3537 1477 Κύριος,
3581 1405 3672 1460 διὰ

2095 1497 2252 1550 τοῦτο
2279 1497 2600 1568 χαρακτῆρα
2626 1511 2791 1567 φησιν
2828 1489 2967 1549 εἶναι
3002 1497 3095 1551 τὸν
3132 1497 3410 1567 Μονογενῆ
3448 1497 3547 1567 τῆς
3573 1495 3668 1550 τοῦ

2096 1587 2310 1658 Πατρὸς
2341 1587 2710 1650 ὑποστάσεως.
2742 1587 2851 1639 Καὶ
2878 1586 2952 1650 ώς
2985 1587 3051 1641 ἂν
3077 1588 3276 1659 μᾶλλον
3308 1588 3669 1659 ὲπιγνωσθείη

2095 1679 2157 1731 τὸ
2185 1681 2383 1750 νόημα,
2403 1680 2496 1732 καὶ
2527 1678 2691 1741 ἄλλας
2716 1679 3260 1750 συμπαραληψόμεοα
3281 1680 3372 1733 τοῦ
3415 1680 3673 1733 Ἀποστά-

424 1760 531 1817 bus
583 1758 782 1815 Filium
837 1763 1129 1833 imaginem
1171 1762 1268 1819 Dei
1310 1764 1598 1821 invisibilis
1637 1765 1704 1829 ³⁸,
1745 1773 1799 1819 ct
1834 1781 1992 1820 eum—

2105 1769 2185 1823 λου
2204 1769 2406 1839 φωνὰς,
2422 1771 2477 1823 ὲν
2490 1766 2577 1833 αἷς
2595 1770 2720 1822 Υίὸν
2736 1769 2918 1822 εἰκόνα
2932 1769 3024 1822 τοῦ
3041 1771 3173 1824 Θεοῦ
3192 1771 3283 1824 τοῦ
3301 1772 3552 1841 ἀοράτου,
3574 1770 3672 1824 καὶ

425 1852 550 1907 dem
586 1868 807 1909 rursum
838 1854 1103 1909 bonitatis
1140 1855 1314 1925 ipsius
1354 1857 1647 1926 imaginem
1687 1873 1810 1912 esse
1837 1857 1994 1922 dicit,

426 1958 538 1998 non
576 1944 722 2014 quod
754 1944 969 2000 diil'erat
1000 1947 1180 2015 imago
1217 1946 1285 2000 ab
1312 1948 1632 2018 exemplari,
1667 1948 1713 2003 si
1749 1948 1998 2002 invisibi-

425 2032 599 2090 litatis
647 2034 1019 2105 bonitatisque
1057 2036 1323 2089 habeatur
1360 2038 1524 2102 ratio,
1572 2039 1667 2094 sed
1699 2047 1758 2093 ut
1787 2039 1998 2110 perspi-

426 2140 592 2180 cuum
627 2128 699 2181 sit
746 2129 888 2182 idem
922 2144 1045 2185 esse
1078 2130 1223 2200 quod
1262 2131 1560 2201 exemplar,
1604 2131 1819 2187 etiamsi
1850 2131 1994 2186 aliud

426 2217 520 2273 sit.
560 2216 680 2273 Non
732 2220 876 2274 enim
920 2223 1094 2291 possit
1131 2223 1385 2293 imaginis
1442 2223 1582 2276 ratio
1618 2225 1845 2288 servari,
1887 2224 1997 2279 nisi

427 2324 527 2379 per
556 2312 740 2365 omnia
774 2314 1126 2383 conspicuam
1168 2330 1233 2368 ac
1276 2316 1652 2385 cujuscunque
1680 2314 1999 2371 dillerentiae

427 2410 708 2473 expertem
743 2404 941 2460 habeat
978 2405 1410 2463 similitudinem.
1458 2406 1694 2463 Proinde
1745 2407 1998 2478 imaginis

430 2493 898 2563 pulchritudinem
954 2497 1049 2566 qui
1100 2498 1409 2568 perspexit,
1469 2498 1748 2568 exemplar
1818 2509 1999 2554 mente

430 2585 837 2654 complectitur.
890 2585 955 2640 Et
1004 2588 1097 2656 qui
1149 2585 1272 2641 Filii
1320 2589 1477 2644 velut
1530 2588 1760 2642 formam
1819 2599 1999 2643 mente

433 2678 710 2745 concepit,
772 2677 1086 2747 hypostasis
1139 2687 1382 2747 paternae
1432 2678 1704 2749 expressit
1746 2676 1994 2749 eliigiem,

432 2766 586 2820 illum
629 2782 727 2837 per
757 2768 903 2823 hunc
940 2769 1152 2834 videns,
1191 2785 1300 2825 non
1339 2770 1563 2841 ingeniti
1593 2771 1858 2825 rationem
1879 2786 1999 2841 quae

430 2856 614 2914 Patris
640 2867 745 2927 est,
777 2861 833 2915 in
850 2860 1023 2933 eﬂigie
1050 2876 1282 2919 cernens
1310 2862 1573 2934 (alioquin
1598 2863 1737 2918 idem
1770 2879 1998 2933 prorsus

431 2960 603 3017 esset,
627 2959 684 3007 et
721 2966 832 3007 non
862 2953 1057 3021 aliud),
1092 2954 1185 3009 sed
1218 2954 1675 3023 pulchritudinem
1701 2954 1998 3024 ingenitam

431 3043 694 3115 ingenita
714 3045 956 3099 intuens.
981 3043 1449 3111 Quemadmodum
1479 3046 1622 3103 enim
1641 3045 1732 3117 qui
1768 3048 1820 3101 in
1856 3061 1996 3117 puro

2095 1860 2198 1931 τῆς
2235 1860 2566 1931 άγαθότητος
2595 1859 2759 1913 αὑτοῦ
2797 1860 2959 1914 πάλιν
2995 1862 3176 1915 εἰκόνα
3209 1864 3401 1933 φησίν·
3437 1864 3557 1933 οὐχὶ
3591 1862 3673 1933 τῷ

2094 1949 2371 2020 διαφέρειν
2398 1948 2490 2000 τοῦ
2537 1948 2844 2020 ἀρχετύπου
2872 1949 2970 2021 τὴν
3022 1950 3227 2012 εἰκόνα,
3264 1951 3404 2004 κατὰ
3441 1951 3533 2004 τὸν
3572 1951 3673 2021 τῆς

2096 2039 2358 2109 ἁορασίας
2404 2038 2515 2109 (40)
2561 2039 2784 2109 καὶτῆς
2832 2042 3167 2111 ἀγαθότητος
3210 2042 3387 2110 λόγον,
3438 2042 3550 2096 ἀλλ’
3585 2042 3675 2097 ἵνα

2094 2130 2302 2201 δειχθῇ,
2342 2131 2424 2183 ὅτι
2457 2131 2649 2184 ταυτὸν
2682 2130 2760 2201 τῷ
2792 2132 3133 2203 πρωτοτύπῳ
3160 2133 3294 2198 ἐστὶ,
3337 2133 3441 2186 κᾶν
3483 2133 3677 2203 ἕτερον

2093 2216 2150 2293 ᾗ.
2199 2221 2272 2272 Οὐ
2301 2220 2407 2290 γὰρ
2438 2220 2503 2272 ἂν
2540 2221 2568 2271 6
2609 2220 2708 2289 τῆς
2738 2221 2947 2285 εἰκόνος
2978 2222 3268 2292 διασωθείη
3295 2221 3473 2289 λόγος,
3506 2223 3555 2273 εί
3596 2220 3677 2295 μὴ

2094 2310 2184 2363 διὰ
2215 2310 2433 2363 πάντων
2461 2309 2520 2362 τὸ
2547 2309 2776 2380 ἐναργὲς
2815 2310 2926 2380 ἔχοι
2968 2311 3079 2381 (41)
3111 2312 3205 2364 καὶ
3233 2310 3669 2382 ἀπαράλλακτον.

2096 2404 2302 2457 Οὐκοῦν
2333 2406 2360 2457 6
2380 2403 2440 2456 τὸ
2467 2405 2566 2473 τῆς
2594 2403 2801 2467 εἰκόνος
2837 2406 3179 2475 κατανοήσας
3213 2403 3409 2467 κάλλος
3433 2407 3489 2457 ὲν
3516 2420 3679 2475 περι-

2095 2494 2214 2563 νοίᾳ
2237 2492 2330 2545 τοῦ
2360 2492 2665 2563 ἀρχετύπου
2687 2492 2917 2561 γίνεται.
2950 2493 3060 2547 Καὶ
3081 2495 3109 2545 6
3136 2493 3227 2545 τοῦ
3250 2493 3382 2546 Υίοῢ
3408 2492 3506 2562 τὴν
3529 2493 3674 2545 οἱον-

2096 2586 2145 2636 εὶ
2177 2584 2387 2655 μορφὴν
2425 2587 2487 2654 τῇ
2525 2584 2729 2655 διανοίᾳ.
2758 2583 2959 2648 λαϐὼν,
2998 2584 3097 2654 τῆς
3138 2585 3407 2655 πατρικῆς
3439 2582 3677 2638 ὑποστά-

2099 2693 2234 2738 σεως
2256 2676 2346 2727 τὸν
2378 2675 2703 2747 χαρακτῆρα
2742 2673 3145 2730 όινετυπώσατο.
3180 2674 3393 2744 βλέπων
3426 2673 3512 2726 διὰ
3547 2673 3673 2726 τού-

2097 2784 2188 2818 του
2230 2767 2454 2831 ἐκεῖνον,
2502 2766 2562 2818 ού
2609 2767 2707 2837 τὴν
2752 2766 3076 2837 ἀγεννησίαν
3122 2766 3213 2819 τοῦ
3251 2765 3461 2836 Πατρὺς
3495 2765 3554 2817 ἐν
3592 2764 3686 2835 τῷ,

2109 2857 2522 2928 ἀπεικονίσματι
2553 2856 2762 2926 βλέπων
2794 2855 2849 2928 (ἦ
2883 2858 2989 2929 γὰρ
3023 2857 3089 2911 ἂν
3114 2857 3179 2910 δι’
3215 2856 3336 2910 ὅλου
3367 2856 3559 2911 ταυτὸν
3581 2850 3675 2927 ἦν,

2099 2950 2191 3003 καὶ
2207 2951 2304 3022 οὐχ
2331 2950 2417 3003 ἒτε
2427 2950 2558 3021 ρον),
2578 2951 2713 3005 ἀλλὰ
2742 2951 2810 3012 τὸ,
2827 2951 3119 3020 ἀγέννητον
3149 2949 3341 3013 κάλλος
3362 2951 3419 3003 ἐν
3437 2948 3515 3019 τῷ
3542 2964 3675 3016 γεν-

2102 3040 2246 3112 νητῷ
2263 3041 2654 3105 κατοπτεύσας.
2682 3042 2890 3111 Ὥσπερ
2911 3043 3018 3113 γὰρ
3046 3043 3073 3093 6
3101 3043 3158 3094 ὲν
3185 3041 3264 3111 τῷ
3290 3039 3513 3112 καθαρῷ
3532 3056 3678 3094 ’κατ-

434 3138 657 3207 speculo
688 3138 845 3207 122
876 3137 1196 3208 impressam
1225 3137 1414 3193 formae
1438 3139 1672 3209 speciem
1700 3141 1995 3210 perspexit,

2105 3132 2284 3204 ὀπτρῳ
2298 3134 2396 3203 τὴν
2409 3134 2704 3204 γενομένην
2720 3134 2814 3203 τῆς
2835 3134 3048 3205 μορφῆς
3063 3132 3297 3203 ἔμφασιν
3314 3132 3548 3202 κατανοή
3556 3148 3678 3195 σας,

434 3231 642 3284 claram
679 3229 924 3299 expressi
965 3230 1149 3286 vultus
1193 3231 1557 3301 cognitionem
1598 3232 1825 3301 adeptus
1865 3239 1998 3299 est;

435 3320 521 3376 sic
569 3320 663 3390 qui
716 3319 913 3374 Filium
968 3323 1303 3392 cognoverit,
1352 3321 1578 3391 eliigiem
1622 3332 1860 3393 paterna:
1904 3323 2005 3393 hy-

434 3411 675 3481 postasis
717 3426 815 3481 per
850 3402 972 3465 Filii
1018 3412 1266 3466 notitiam
1300 3412 1481 3467 animo
1518 3414 1777 3482 suscepit.
1809 3411 2006 3468 Omnia

434 3494 580 3559 enim
610 3518 733 3573 quae
781 3500 958 3558 Patris
996 3511 1145 3569 sunt,
1195 3503 1611 3574 conspiciuntur
1650 3506 1707 3560 in
1753 3504 1915 3571 Filio,
1948 3513 2005 3560 et

433 3594 619 3653 omnia
661 3609 780 3665 qua:
815 3592 937 3648 Filii
978 3602 1136 3661 sunt,
1185 3594 1365 3650 Patris
1420 3603 1545 3650 sunt
1579 3614 1593 3651 :
1656 3598 2005 3669 quandoqui-

432 3687 558 3742 dem
579 3693 634 3742 et
663 3695 808 3741 totus
852 3672 1021 3741 Filius
1048 3688 1103 3741 in
1130 3685 1293 3742 Patre
1338 3694 1540 3753 manet,
1576 3696 1631 3743 et
1666 3696 1840 3745 totum
1869 3706 1997 3747 rur-

431 3792 530 3835 sus
555 3778 718 3834 habet
745 3778 800 3833 in
830 3779 1121 3848 semetipso
1147 3777 1362 3834 Patrem
1388 3781 1455 3835 ³⁵.
1477 3780 1656 3846 Quare
1689 3780 1809 3838 Filii
1829 3784 2001 3854 hypo-
2046 3796 2051 3801 ‘

433 3872 600 3928 stasis
626 3873 782 3941 quasi
811 3870 986 3926 forma
1006 3886 1069 3925 ac
1093 3871 1260 3927 facies
1283 3879 1388 3937 est,
1407 3888 1514 3943 qua
1535 3872 1695 3929 Pater
1724 3875 2004 3946 cognosci-

434 3973 527 4016 tur
556 3980 569 4016 :
603 3969 658 4017 et
687 3960 866 4017 Patris
896 3962 1209 4034 hypostasis
1232 3962 1289 4016 in
1320 3962 1496 4017 forma
1520 3963 1641 4018 Filii
1663 3965 1996 4035 agnoscitur,

433 4063 686 4109 manente
721 4070 842 4124 qua;
888 4055 943 4108 in
993 4055 1102 4110 illis
1144 4055 1528 4111 consideratur
1567 4058 1897 4128 proprietate
1932 4058 2000 4112 ad

434 4147 637 4216 claram
672 4147 1046 4217 hypostasewn
1078 4147 1507 4203 distinctionem.

887 4364 1225 4422 EPISTOLA
1265 4365 1525 4425 XXXIX'.

2106 3223 2313 3293 ἐναργῆ
2355 3224 2448 3276 τοῦ
2482 3224 2950 3286 ἀπεικονισθέντος
3004 3219 3293 3294 προσώπου
3336 3221 3435 3292 τὴν
3473 3220 3679 3289 γνῶσιν

2103 3312 2291 3383 ἔσχεν·
2336 3314 2509 3379 οὕτως
2553 3317 2581 3369 6
2626 3314 2716 3368 τὸν
2760 3315 2890 3367 Υίὸν
2930 3315 3186 3383 ἐπιγνοὺς
3220 3314 3311 3367 τὸν
3355 3313 3694 3384 χαρακτῆρα.⁴

2104 3407 2206 3477 τῆς
2231 3407 2507 3477 πατρικῆς
2534 3405 2885 3469 ὑποστάσεως
2906 3404 2994 3459 διὰ
3015 3406 3116 3475 τῆς
3141 3403 3236 3458 τοῦ
3269 3404 3399 3457 Υἱοῦ
3425 3404 3683 3473 γνώσεως

2105 3500 2163 3553 ὲν
2209 3500 2277 3569 τῇ
2329 3497 2525 3570 καρδίᾳ
2571 3497 2786 3563 ἐδέξατο
2816 3496 2952 3567 (42).
2991 3497 3177 3551 Πάντα
3203 3495 3312 3568 γὰρ
3337 3494 3407 3548 τὰ
3441 3495 3535 3548 τοῦ
3567 3497 3682 3549 Πα-

2103 3592 2231 3663 τρὸς
2262 3592 2321 3643 ὲν
2355 3590 2434 3661 τῷ
2479 3588 2593 3661 Υἱῷ
2623 3589 2941 3660 καθορᾶται,
2977 3588 3075 3642 καὶ
3096 3589 3273 3641 πάντα
3311 3586 3380 3640 τὰ
3406 3586 3503 3640 τοῦ
3547 3586 3683 3639 Υἱοῦ

2103 3682 2196 3735 τοῦ
2231 3682 2443 3751 Πατρός
2493 3683 2673 3735 ἐστιν·
2730 3680 2917 3751 ἐπειδὴ
2958 3681 3051 3733 καὶ
3101 3678 3220 3743 ὅλος
3261 3681 3289 3733 ό
3323 3679 3450 3742 Υἱὸς
3508 3680 3567 3731 ὲν
3603 3677 3684 3749 τῷ

2105 3774 2281 3845 Πατρὶ
2316 3774 2486 3845 μένει,
2526 3775 2619 3827 καὶ
2646 3774 2765 3826 ὅλον
2791 3772 2906 3843 ἔχει
2948 3773 3109 3827 πάλιν
3138 3774 3194 3825 ὲν
3225 3771 3401 3842 ἑαυτῴ
3435 3771 3527 3825 τὸν
3569 3772 3685 3824 Πα-

2104 3866 2256 3936 τέρα.
2315 3866 2475 3918 Ὥστε
2521 3867 2554 3936 ὴ
2606 3864 2700 3918 τοῦ
2752 3864 2881 3917 Υἰοῦ
2943 3864 3239 3926 ὑπόστασις
3284 3863 3448 3916 οἱονεὶ
3498 3862 3683 3934 μορφὴ

2104 3958 2200 4011 καὶ
2234 3958 2521 4028 πρόσωπον
2546 3956 2755 4025 γίνεται
2788 3956 2885 4025 τῆς
2916 3954 3013 4008 τοῦ
3045 3955 3260 4026 Πατρὸς
3293 3954 3643 4022 ἐπιγνώσεως
3663 3970 3678 3984 ·

2106 4052 2259 4121 καὶὴ
2292 4050 2385 4104 τοῦ
2418 4051 2629 4121 Πατρὸς
2666 4050 2963 4113 ὑπόστασις
2995 4051 3053 4103 ὲν
3097 4053 3164 4120 τῇ
3199 4050 3292 4103 τοῦ
3331 4049 3460 4103 Υἱοῢ
3497 4051 3682 4121 μορφῇ

2105 4143 2542 4211 ἐπιγινώσκεται,
2575 4146 2841 4215 μενούσης
2864 4144 3047 4208 αὐτοῖς
3080 4144 3181 4213 τῆς
3207 4142 3685 4214 ὲπιθεωρουμένης

2111 4232 2372 4303 ἰδιότητος
2402 4235 2483 4297 είς
2509 4233 2780 4305 διάκρισιν
2810 4234 3013 4303 ἐναργῆ
3040 4232 3146 4286 τῶν
3173 4232 3533 4285 ὑποστάσεων.

2628 4376 2976 4431 ΕΠΙΣΤΟΛΗ
3028 4374 3165 4447 Λο,

1477 4488 1717 4541 Basiliam
1747 4490 1912 4542 invitat
1942 4492 2170 4545 Julianus
2194 4500 2244 4545 ut
2268 4494 2333 4544 ad
2366 4509 2418 4545 se
2438 4493 2612 4546 veniat.

962 4616 1218 4673 Julianus
1255 4618 1480 4674 Basilio.

505 4728 629 4801 Non
673 4728 865 4783 bellum
901 4730 1214 4796 denuntias,
1256 4732 1332 4786 ait
1377 4734 1725 4803 proverbium
1770 4755 1785 4790 :
1829 4744 1886 4790 at
1909 4752 2009 4808 ego

435 4819 628 4894 addam
680 4821 841 4875 etiam
900 4820 1030 4874 illud
1079 4823 1360 4878 comoediae
1412 4826 1610 4880 veteris
1647 4824 2001 4880 :Onumium

434 4913 709 4967 terborum
749 4928 1030 4966 aureorum
1049 4914 1070 4966 !
1096 4913 1208 4985 Age
1248 4914 1434 4985 igitur,
1464 4917 1643 4987 reipsa
1672 4917 1918 4983 ostende,
1949 4925 2003 4972 et

2039 4637 2086 4692 D

2565 4625 2894 4692 Ἰουλιανὸς
2926 4626 3238 4689 Βασιλείᾳ).

2195 4739 2259 4793 Ἠ
2291 4739 2387 4810 μὲν
2416 4739 2680 4811 παροιμία
2707 4739 2892 4808 φησὶν,
2925 4741 3006 4792 Οὐ
3037 4739 3301 4806 πόλεμον
3332 4737 3685 4805 ἀγγέλλεις-ο

2107 4828 2218 4899 ἐγὼ
2247 4829 2304 4883 δὲ
2335 4830 2626 4901 προσθείην
2650 4831 2716 4884 ὲκ
2742 4831 2842 4900 τῆς
2878 4829 3163 4900 κωμῳδίας
3183 4846 3199 4862 ο
3226 4824 3293 4881 Ὦ
3322 4827 3558 4897 χρυσὸν
3582 4827 3671 4896 ἀν

2109 4922 2315 4989 γείλας
2368 4921 2549 4980 ἐπῶν,
2608 4922 2713 4974 Ἴθι
2748 4918 2861 4986 οὖν,
2917 4921 3098 4993 ἔργοις
3154 4920 3285 4976 αὐτὸ
3339 4920 3529 4987 δεῖξον,
3588 4920 3688 4974 καὶ

503 5068 739 5125 “Joan.
804 5086 916 5153 xiv,
969 5070 1024 5125 9.
1099 5069 1145 5102 ἰ
1167 5068 1381 5127 Coloss.
1441 5086 1480 5138 ι,
1536 5071 1625 5126 15.
1702 5074 1747 5105 ³⁸
1792 5071 1951 5129 Joan.

2106 5114 2119 5139 ,
2176 5074 2260 5128 11.

501 5229 521 5253 ⁶
552 5229 706 5286 Alias
734 5227 910 5283 CCVI.

655 5299 764 5354 Καὶ
797 5298 908 5367 τῆς
934 5298 1061 5353 τοῦ.
1105 5297 1179 5351 ita
1219 5304 1427 5369 septem
1449 5313 1583 5354 mss.
1618 5296 1762 5352 Editi
1802 5298 1865 5350 ὲκ
1907 5297 2006 5368 τῆς

493 5387 543 5422 υ.
606 5369 745 5422 idem
775 5384 908 5422 mss.
948 5371 1109 5422 naulo
1144 5379 1270 5422 post
1302 5369 1576 5422 γενέσθαι.
1617 5384 1717 5422 oro
1756 5382 1820 5422 eo
1857 5368 2005 5422 uuod

425 5368 543 5423 τοῦ.
578 5368 745 5439 Iidem
775 5384 908 5439 mss.
948 5371 1109 5439 paulo
1143 5368 1576 5439 νοεῖ-γενέσθαι,
1615 5384 1717 5439 pro
1756 5382 1820 5424 eo
1857 5368 2005 5434 quod

425 5445 552 5510 erat
567 5440 637 5510 Ain
667 5437 838 5510 editis,
858 5437 1121 5510 γίνεσθαι.
1149 5437 1152 5438 ν
1236 5499 1254 5510 ,

501 5498 1090 5579 (59)-ᾼιαζεύξαντας.
1121 5512 1201 5563 Ita
1236 5499 1400 5579 'Harl.
1442 5516 1495 5564 et
1540 5510 1781 5579 quinque
1819 5498 1911 5561 alii
1952 5516 2007 5562 et

432 5575 604 5649 grng
630 5576 791 5649 sts.
822 5594 945 5632 cum
984 5580 1316 5635 editionibus
1360 5578 1494 5649 ﬂag.
1526 5575 1579 5633 et
1606 5575 1771 5632 Basil.
1801 5579 2001 5649 prima.

433 5643 613 5701 Edit'io
662 5643 991 5704 Parisiensis
1039 5659 1094 5703 et
1122 5649 1387 5704 secunda
1423 5643 1748 5705 Hasileensis
1794 5643 2006 5711 διαζεύ-

436 5714 625 5793 ξαντα.
682 5716 886 5774 Ibidem
941 5727 1166 5776 vetustae
1215 5719 1482 5776 editiones
1523 5727 1578 5775 et
1625 5733 1757 5776 mss.
1817 5716 2000 5785 μόνου.

2111 5225 2747 5301 ΕιίῇιὶοηεεγΒαεὶΙεοηείε
2789 5231 3025 5301 secunda
3066 5238 3120 5285 et
3148 5229 3323 5301 Paris.
3356 5230 3533 5301 μόνον.

2184 5299 2294 5385 ςιίρ)
2330 5298 2444 5385 Τῆς
2484 5300 2794 5367 ἁορασίας.
2832 5299 2986 5357 Unus
3027 5301 3151 5355 cod.
3194 5300 3330 5372 Reg.
3357 5298 3461 5371 ’τῆς
3496 5299 3691 5365 οὐσίας

2112 5368 2205 5422 καὶ
2234 5369 2514 5440 άορασίας.
3282 5368 3301 5372 ⁷
3418 5368 3427 5371 ⁷

2162 5438 2296 5522 ﬁl)
2348 5439 2535 5522 Ἕχοι.
2573 5438 2651 5494 lta
2684 5454 2780 5497 sex
2807 5454 2942 5495 mss.
2980 5446 3031 5494 et
3079 5437 3238 5511 Greg.
3293 5436 3454 5509 Nyss.
3501 5438 3689 5493 Basilii

2113 5506 2380 5561 editiones
2409 5506 2538 5575 ἔχει.
3190 5506 3212 5511 ⁷
3344 5506 3359 5509 ’

2161 5577 2292 5653 “(42)
2322 5566 2648 5653 _jE6é§atg.
2671 5577 2945 5653 Sie_rr_iss.
2986 5595 3077 5636 sex
3124 5587 3178 5636 ct
3215 5577 3375 5649 Greg.
3420 5576 3599 5653 Nyss._
3624 5576 3689 5634 In

2112 5646 2440 5705 editionibus
2470 5650 2651 5706 Basilii
2679 5648 2972 5713 ὲνεδέξατο.
3328 5646 3348 5649 ’
3472 5646 3501 5671 ’“
