3912 6214
538 304 649 363 διδ
1853 310 1911 367 s.
1954 308 2198 369 BAStLtl
2235 311 2450 370 nam
3682 298 3801 376 su

542 426 694 482 bium
756 426 1006 483 habitant
1028 466 1045 491 ,
1109 425 1784 499 pulchrivaripuriformes
1812 470 1827 493 ,
1885 444 2116 499 quorum

2228 429 2481 486 Δάνουσιν
2546 431 2950 504 ἒκτραφέντες,
3000 434 3052 488 oi
3100 433 3795 509 εὐμορφοποικιλοκαθαρό-

541 525 798 590 aspectus
843 519 1046 590 speciei
1109 519 1361 574 humana:
1411 519 1609 576 similis
1674 537 1784 576 non
1840 531 1970 590 est,
2024 523 2116 580 sed

2228 541 2420 597 μορφοι
2436 563 2451 589 ,
2481 518 2563 590 οῖς
2588 526 2688 579 οὐκ
2720 524 2835 579 ἔστι
2859 526 2957 580 θέα
2976 526 3279 600 ὁμοιοειδὴς
3301 526 3624 601 ἀνθρώπιον,
3653 528 3797 582 ἀλλά

541 609 718 663 forma
778 623 1008 680 prorsus
1062 606 1329 675 efferata,
1385 609 1424 664 ii
1498 624 1644 664 nunc
1700 611 1838 667 meis
1889 612 2116 682 pedibus

2228 617 2405 686 μορφὴ
2435 616 2792 687 ἀγριαίνουσα
2808 633 2823 649 ο
2857 611 3003 671 οὗτοι
3047 617 3189 673 κατὰ
3214 619 3313 690 τήν
3336 618 3643 674 ἐνεστῶσαν
3668 634 3801 690 προ-

540 701 947 770 advolvuntur;
992 711 1047 757 et
1105 717 1224 773 qua:
1283 716 1404 758 meo
1455 703 1686 772 imperio
1738 706 2116 769 conveniunt,

2228 705 2598 761 καλινδοῦνται
2647 707 2757 779 (48)
2789 708 2962 778 ῐχνεσι
2993 711 3105 773 τοῖς
3148 711 3329 781 ἐμοῖς,
3369 708 3799 780 ὑπισχνούμενοι

542 794 788 850 facturos
839 796 1185 865 pollicentur.
1231 793 1417 865 Neque
1445 794 1554 850 huc
1605 795 1874 850 duntaxat
1926 794 2116 851 feror:

2228 814 2315 868 μοι
2353 800 2530 852 ποιεῖν
2583 799 2768 852 ἐκεῖνα
2810 798 2956 870 άπερ
3004 802 3070 870 τῇ
3121 801 3230 872 ἐμῇ
3268 800 3468 872 πρέπει
3490 800 3603 871 (49)
3640 800 3802 870 βασι-

545 885 642 942 sed
696 895 912 957 oportet
961 902 1048 941 me
1083 901 1247 958 quam
1277 889 1562 943 celerrime
1608 888 1664 942 in
1714 886 1991 944 Persidem
2025 904 2116 943 ve-

2228 890 2359 962 λείᾳ.
2384 891 2519 962 οὐχ).
2546 891 2604 944 δὲ
2642 892 2702 945 ὲν
2734 890 2909 962 τούτῳ
2938 891 3085 963 μόνῳ
3134 892 3366 963 ἕλκομαι
3396 910 3412 923 ο
3446 891 3583 945 ἀλλὰ
3614 892 3700 946 δεῖ
3728 908 3800 961 με

544 980 685 1043 nire,
717 988 772 1035 et
805 980 1065 1050 Saporem
1104 980 1258 1034 illum
1306 979 1449 1034 Darii
1512 987 1764 1049 nepotem
1804 978 2116 1051 proﬂigare,

2228 981 2321 1034 σὺν
2374 981 2555 1053 πολλῷ
2607 981 2687 1051 τῷ
2724 981 2879 1052 τάχει
2924 982 3250 1037 καταλαϐεῖν
3295 984 3396 1055 τὴν
3426 983 3677 1056 Περσῶν,
3704 983 3803 1037 καὶ

544 1074 723 1127 donec
770 1073 903 1127 mihi
937 1073 1220 1143 vectigalis
1257 1087 1321 1127 ac
1352 1072 1680 1128 tributarius
1707 1074 1800 1127 ﬁat
1826 1089 1840 1125 :
1864 1087 1929 1127 ac
1959 1073 2116 1128 simul

2228 1072 2604 1143 τροπώσασθαι
2630 1074 2883 1145 Σάπωριν
2905 1076 3111 1128 ἐκεῖνον
3137 1075 3229 1128 τὸν
3253 1075 3518 1145 ἀπόγονον
3550 1074 3667 1147 (50)
3695 1075 3803 1128 Δα-

545 1168 711 1222 etiam
772 1166 953 1222 vicina
994 1165 1250 1220 ln'dorum
1301 1180 1367 1221 ac
1398 1164 1800 1221 Saracenorum
1835 1165 1988 1235 regio
2029 1165 2116 1220 de-

2228 1165 2371 1238 ρείου
2419 1166 2714 1235 γεγονότα,
2749 1166 2909 1238 ἄχρις
2952 1159 3014 1219 οὗ
3053 1168 3325 1239 ὑπόφορος
3378 1168 3474 1221 καὶ
3523 1167 3802 1238 ὑποτελής

544 1258 810 1314 vastanda
837 1299 854 1324 ,
911 1259 1085 1315 donec
1134 1259 1191 1314 bi
1258 1273 1448 1314 omnes
1497 1259 1629 1313 mihi
1667 1258 1873 1329 primas
1923 1273 2116 1313 conce-

2228 1274 2316 1327 μοι
2359 1256 2473 1326 (5i)
2515 1257 2773 1329 γένηται·
2820 1260 2878 1311 έν
2913 1258 3095 1329 ταυτῷ
3141 1258 3200 1311 δὲ
3232 1260 3327 1312 καὶ
3359 1257 3456 1330 τὴν
3499 1259 3682 1313 Ἰνδῶν
3708 1261 3805 1312 καὶ

545 1350 783 1416 dentes,
836 1350 1126 1422 vectigalia
1173 1357 1230 1406 et
1276 1349 1482 1405 tributa
1531 1349 1795 1421 pendant.
1855 1347 1938 1404 Tu
1993 1364 2116 1405 vero

2228 1346 2320 1417 τὴν
2363 1346 2695 1417 Σαρακηνῶν
2725 1348 3027 1419 περιοικίδα
3055 1348 3394 1421 ἐκπρθῆσαι
3412 1389 3430 1415 ,
3465 1351 3628 1421 ἄχρις
3649 1344 3803 1404 οὗτοι

548 1455 719 1513 supra
769 1442 968 1496 borum
1018 1443 1320 1513 potentiam
1378 1442 1573 1513 sapis,
1622 1444 1825 1513 pietate
1867 1442 2116 1498 indutum

2228 1440 2424 1503 πάντες
2461 1441 2520 1493 ὲν
2547 1439 2771 1512 δευτέρᾳ
2795 1439 2947 1505 τάξει
2985 1442 3083 1512 τῆς
3117 1441 3256 1512 ἐμῆς
3284 1443 3551 1511 γένωνται
3588 1443 3803 1511 67:690-

546 1543 603 1592 te
638 1550 762 1591 esse
820 1533 1124 1600 dictitans,
1181 1534 1278 1591 sed
1330 1549 1443 1605 prae
1492 1542 1550 1590 te
1606 1535 1788 1591 ferens
1837 1535 2116 1606 impuden-

2228 1549 2309 1602 ροι
2339 1533 2435 1586 καὶ
2462 1532 2763 1597 ὑποτελεῖς.
2802 1534 2942 1586 Ἀλλ’
2962 1533 3125 1598 αὐτὸς
3153 1534 3408 1588 ὶπέκεινα
3448 1537 3548 1605 τῆς
3592 1533 3806 1587 τούτων

548 1626 678 1680 tiam
709 1666 725 1694 ,
784 1634 839 1680 et
899 1626 1102 1695 ubique
1154 1640 1245 1680 me
1293 1622 1663 1679 Romanorum
1726 1625 1954 1695 imperio
1984 1624 2116 1678 indi-

2228 1624 2506 1694 δυνάμεως
2537 1624 2893 1694 πεφρόντικας
2911 1640 2926 1655 ο
2955 1625 3240 1678 εὐλάϐειαν
3259 1624 3435 1693 λέγων
3463 1624 3804 1687 ἐνδεδύσθαι,

547 1734 715 1792 gnum
758 1732 886 1775 esse
934 1718 1245 1789 divulgans.
1299 1715 1489 1773 Nonne
1518 1717 1636 1787 ipse
1668 1716 1814 1771 nosti
1852 1732 1939 1771 me
1982 1716 2116 1770 Con-

2228 1713 2496 1767 ἀναίδειαν
2519 1712 2577 1765 δὲ
2605 1712 3038 1784 προϐαλλόμενος
3071 1714 3182 1785 (52)
3206 1755 3222 1780 ,
3256 1715 3351 1768 καὶ
3378 1713 3657 1785 πανταχοῦ
3687 1714 3805 1768 δια-

546 1813 736 1868 stamii
778 1812 930 1868 illius
960 1809 1328 1882 potentissimi
1377 1817 1629 1879 nepotem
1659 1823 1782 1864 esse
1807 1809 1831 1861 ἲ
1862 1808 2116 1874 Quamvis

2228 1804 2477 1875 φημίζων
2521 1805 2741 1871 ἀνάξιόν
2781 1823 2848 1875 με
2884 1806 2984 1876 τῆς
3022 1806 3130 1860 τῶν
3185 1806 3473 1877 Ῥωμαίων
3522 1806 3807 1878 βασιλείας

548 1909 731 1956 autem
792 1900 908 1956 haec
962 1899 1031 1956 de
1078 1907 1132 1955 te
1188 1900 1270 1955 sic
1319 1898 1718 1968 cognoverim;
1768 1913 1880 1953 non
1938 1905 2116 1953 tamen

2228 1899 2529 1967 γεγονέναι.
2562 1894 2638 1950 Ἦ
2666 1898 2767 1951 οὐκ
2797 1893 2953 1951 οἶσθα
2978 1898 3161 1962 αὐτὸς,
3187 1898 3264 1962 ὡς
3292 1899 3679 1953 Κωνσταντίου
3705 1896 3805 1952 τοῦ

547 1990 773 2050 discedo
834 2008 865 2046 a
908 1994 1092 2063 priore
1120 1992 1214 2047 illa
1269 1991 1436 2047 animi
1470 1990 1792 2056 aﬂ'ectione,
1826 2006 1988 2061 quam
2020 2007 2116 2060 ego

2228 1989 2516 2058 κρατίστου
2545 1989 2811 2057 ἀπόγονος
2839 1991 3039 2058 γέγονα
3064 2007 3080 2054 ;
3115 1990 3225 2045 Καὶ
3257 1990 3462 2044 τούτων
3483 1991 3629 2046 οὕτω
3660 2008 3807 2060 γνω-

549 2096 603 2142 et
661 2095 719 2141 tu
764 2086 944 2141 adhuc
972 2094 1132 2142 aetate
1170 2086 1404 2157 juvenes
1452 2099 1798 2140 communem
1839 2084 1986 2139 inter
2021 2100 2116 2141 nos

2228 2080 2455 2134 σθέντων
2503 2080 2618 2151 (55)
2666 2083 2795 2151 ἡμῖν
2847 2082 2940 2134 σοῦ
2988 2083 3208 2146 εἵνεκα,
3234 2082 3357 2134 οὐδὲ
3395 2082 3496 2154 τῆς
3526 2082 3806 2155 προτέρας

549 2179 861 2234 habuimus.
898 2179 1002 2233 Sed
1033 2178 1248 2249 placido
1274 2192 1339 2233 ac
1377 2191 1572 2233 sereno
1597 2178 1780 2231 animo
1818 2177 1913 2231 tibi
1941 2177 2118 2241 edico,

546 2278 609 2326 ut
662 2272 782 2325 auri
844 2271 1013 2325 libras
1071 2271 1218 2325 mille
1262 2269 1397 2324 mihi
1429 2268 1529 2325 abs
1569 2276 1624 2323 te
1675 2268 1966 2323 mittantur
1994 2284 2119 2322 eum

544 2362 797 2419 Caesarea
858 2361 1144 2424 transibo,
1208 2367 1264 2416 et
1315 2360 1495 2415 adhuc
1564 2359 1844 2429 publicum
1889 2360 1993 2414 iter
2036 2367 2119 2414 te-

544 2455 710 2518 nebo,
767 2467 931 2525 quam
972 2453 1239 2507 citissime
1295 2452 1364 2505 ad
1414 2449 1698 2506 Persicum
1746 2452 1948 2506 bellum
1978 2466 2111 2506 con-

543 2546 809 2610 tendens;
861 2559 925 2598 ac
984 2543 1250 2614 profecto,
1289 2542 1393 2597 nisi
1437 2549 1496 2596 tu
1558 2542 1662 2597 hoc
1703 2541 1923 2606 feceris,
1954 2558 2118 2613 para-

542 2645 633 2692 tus
688 2644 809 2692 sum
852 2634 1155 2690 Caesaream
1198 2644 1367 2688 telam
1427 2634 1746 2701 destruere,
1782 2642 1834 2689 et
1891 2636 2118 2705 antiqua

2219 2170 2518 2243 ἐξέστημεν
2562 2171 2890 2236 διαθέσεως,
2923 2166 2992 2243 ἦς
3039 2172 3121 2226 ἔτι
3156 2172 3268 2227 νέοι
3316 2172 3471 2236 ὄντες
3510 2174 3577 2243 τῇ
3610 2172 3807 2245 ἡλικίᾳ

2221 2263 2331 2332 ἐγώ
2361 2281 2422 2317 τε
2451 2264 2546 2318 καὶ
2576 2264 2640 2317 σὺ
2672 2267 3093 2336 μετεσχήκαμεν
3123 2265 3256 2336 (54).
3293 2264 3455 2320 Ἀλλά
3478 2264 3704 2336 γαληνῷ
3724 2263 3805 2335 τῷ

2224 2357 2534 2427 φρονήματι
2590 2356 2832 2422 θεσπίζω
2862 2357 2993 2411 δέκα
3027 2357 3390 2422 ἑκατοντάδας
3441 2356 3670 2429 χρυσίου
3722 2356 3809 2411 λι-

2224 2445 2369 2517 τρῶν
2415 2446 2848 2516 ἑξαποπαλῆναί
2899 2464 2989 2518 μοι
3035 2448 3187 2519 παρά
3222 2448 3316 2502 σοῦ
3365 2449 3425 2503 ὲν
3474 2451 3542 2520 τῇ
3576 2447 3807 2521 παρόδῳ

2224 2555 2324 2608 μου
2358 2539 2425 2608 τῇ
2465 2537 2606 2592 κατὰ
2631 2538 2730 2608 τὴν
2761 2538 3071 2611 Καίσαρος·
3106 2539 3187 2592 ἔτι
3233 2557 3335 2611 μου
3358 2539 3499 2594 κατά
3529 2540 3633 2612 τὴν
3659 2540 3806 2594 λεω-

2220 2630 2386 2700 φόρον
2431 2628 2544 2699 (55)
2582 2629 2947 2700 ὑπάρχοντοςο
3003 2631 3100 2684 σὺν
3133 2630 3315 2701 πολλῷ
3364 2631 3442 2703 τῷ
3492 2632 3650 2703 τάχει
3697 2633 3807 2702 ἀς·

543 2731 693 2786 illius
745 2736 1064 2784 ornamenta
1119 2737 1409 2791 evertere;
1463 2739 1526 2781 ac
1574 2727 1651 2781 ibi
1711 2736 1767 2782 et
1812 2727 2015 2796 templa
2065 2733 2116 2781 et

2228 2722 2537 2792 ικνουμένου
2578 2739 2679 2793 μου
2724 2721 2818 2775 ἐπὶ
2862 2722 2954 2776 τὸν
3011 2721 3279 2794 Περσικὸν
3333 2722 3572 2794 πόλεμον
3598 2737 3617 2754 ⁶
3658 2723 3808 2776 ἑτοί-

547 2830 756 2878 statuas
797 2823 1040 2893 erigere;
1098 2821 1236 2876 adeo
1306 2830 1367 2874 ut
1411 2821 1668 2876 omnibus
1714 2819 2071 2890 persuadeam
2101 2858 2116 2883 ,

545 2922 606 2969 ut
656 2928 862 2969 morem
915 2919 1110 2983 gerant
1182 2912 1554 2966 Romanorum
1608 2911 1969 2981 imperatori,
2018 2925 2120 2965 nec

544 3005 859 3062 efferantur.
928 3004 1119 3075 Itaque
1176 3012 1537 3059 memoratum
1613 3016 1808 3057 aurum
1866 3016 2122 3057 numera-

543 3108 660 3153 tum
691 3138 707 3162 ,
751 3097 1001 3169 libraque
1026 3136 1042 3163 ,
1105 3104 1309 3152 statera
1356 3102 1412 3151 et
1453 3095 1662 3150 trutina
1704 3096 2074 3150 examinatum
2100 3136 2113 3160 ,

519 3172 664 3246 {tuto
703 3204 801 3260 per
837 3203 1008 3244 unum
1070 3188 1307 3258 aliquem
1385 3202 1451 3243 ex
1504 3186 1756 3243 ﬁdelibus
1798 3187 1908 3243 tuis
1959 3186 2117 3241 fami-

540 3277 770 3334 liaribus
855 3276 1014 3349 124
1071 3277 1139 3332 ad
1192 3290 1283 3332 me
1331 3276 1558 3341 mittas,
1604 3275 1983 3346 illudqne'tuo
2020 3284 2119 3329 an-

544 3368 678 3421 nulo
728 3365 1023 3436 obsignes;
1078 3374 1138 3419 ut
1197 3372 1562 3435 cognoscente
1629 3373 1683 3420 te
1736 3362 1956 3419 tandem
2009 3365 2112 3417 ali-

543 3456 784 3526 quando,
822 3455 948 3509 licet
979 3468 1102 3509 sero
1126 3494 1141 3516 ,
1174 3454 1382 3509 nullum
1413 3453 1586 3510 venia:
1615 3454 1794 3509 locum
1846 3469 1989 3518 esse,
2017 3470 2118 3525 ego

544 3547 758 3601 delictis
783 3546 893 3602 tuis
940 3547 1141 3616 placer.
1198 3544 1331 3611 Qua:
1370 3552 1551 3601 autem
1603 3546 1744 3617 legi,
1794 3545 2034 3601 intellexi
2062 3553 2117 3601 et

543 3639 907 3696 condemnavi

2138 3146 2187 3205 C

2223 2832 2324 2885 μου
2344 2814 2454 2885 (56)
2476 2814 2627 2879 ὄντος
2653 2830 2775 2885 μου,
2793 2815 2841 2867 εί
2861 2814 2937 2885 μὴ
2956 2813 3115 2867 τοῦτο
3144 2815 3413 2885 ποιήσεις,
3431 2814 3614 2868 πάντα
3630 2816 3807 2869 τόπον

2219 2908 2705 2979 ἀνασκευάσαιτῆς
2762 2906 3041 2979 Καίσαρος
3065 2924 3079 2939 ο
3120 2907 3216 2961 καὶ
3267 2907 3339 2961 τά
3393 2907 3564 2961 πάλαι
3621 2907 3807 2979 αὐτῆς

2220 2998 2571 3072 ὲγηγερμένα
2590 2997 3073 3069 καλλιουργήματα
3103 2997 3216 3069 (57)
3250 2997 3629 3070 καταστρέψαι
3654 3015 3672 3029 ·
3703 2999 3805 3053 καὶ

2219 3083 2362 3139 κατά
2415 3085 2581 3139 τόπον
2640 3084 2802 3149 ναούς
2854 3102 2915 3138 τε
2962 3086 3055 3139 καὶ
3114 3085 3407 3157 ἀγάλματα
3452 3086 3803 3158 ἀναστῆσαι·

2220 3173 2362 3229 ὥστε
2399 3192 2467 3247 με
2513 3175 2722 3230 πείσειν
2775 3175 2984 3241 πάντας
3011 3176 3179 3230 εἴκειν
3207 3176 3416 3247 βασιλεῖ
3462 3176 3803 3250 Ῥωμαίων,

2219 3268 2315 3321 καὶ
2348 3267 2422 3339 μὴ
2454 3267 2867 3340 ὑπεραίρεσθαι.
2915 3268 2989 3321 Τὸ
3034 3263 3130 3322 οὖν
3174 3268 3528 3341 ὲξονομασθὲν
3570 3271 3807 3342 χρυσίον

2220 3357 3206 3431 ἐξαριομοζυγοκαμπανοτρυτανίσας
3245 3360 3339 3415 καὶ
3371 3359 3761 3433 διαμετρήσας
3784 3401 3803 3427 ,

2217 3451 2475 3522 ἀσφαλῶς
2507 3452 2883 3518 ὲξαπόστειλόν
2929 3468 3019 3522 μοι
3044 3452 3112 3505 δι’
3141 3452 3342 3507 οἰκείου
3372 3453 3566 3507 πιστοῦ
3591 3471 3677 3507 σοι
3713 3454 3806 3508 δν-

2217 3561 2309 3608 τος
2333 3546 2361 3607 ,⁸
2392 3544 2660 3614 δακτυλίῳ
2713 3544 2824 3615 (58)
2874 3543 2953 3615 τῷ
3005 3543 3083 3614 σῷ
3131 3545 3573 3616 σφραγισάμενος
3598 3562 3614 3576 ο
3651 3544 3804 3601 ὥστε

2222 3654 2322 3707 με,
2357 3636 2708 3704 ὲπεγνωκὸτα
2762 3636 2872 3706 (59)
2906 3636 3010 3690 κᾶν
3046 3636 3144 3707 ὀψέ
3181 3653 3311 3690 ποτε
3354 3637 3450 3691 τοῦ
3491 3636 3696 3710 mpm?)
3742 3637 3808 3693 τὸ

542 3732 935 3804 ἀπαραίτητον,
956 3730 1187 3801 γαληνόν
1227 3747 1310 3784 σοι
1343 3729 1599 3799 γενέσθαι
1638 3730 1770 3802 περὶ
1814 3729 1884 3784 τὰ
1927 3731 2284 3801 ἐπταισμένα.
2318 3732 2384 3783 Ἀ
2414 3728 2470 3783 δὲ
2495 3730 2734 3799 ἀνέγνων
2757 3729 2905 3801 (60),
2929 3730 3100 3795 ἔγνων
3119 3731 3214 3785 καὶ
3242 3730 3543 3801 κατέγνων.

1075 3843 1415 3900 EPISTOLA
1448 3843 1607 3899 XLI‘.

2742 3842 3087 3898 ΕΠΙΣΤΟΛΗ
3123 3844 3259 3899 MA'.

543 3938 733 4006 Iuliani
757 3938 1047 4006 impietatem
1071 3935 1318 4006 liberrime
1339 3935 1502 4006 arguit
1526 3935 1911 4006 Basilius.nridet
1935 3933 2047 4006 auri
2074 3948 2313 4006 summam
2341 3933 2560 4006 hominis
2580 3934 2740 4006 Iter-bis
2774 3933 2949 4006 virenti
2979 3932 3291 4006 imperatam.
3317 3936 3479 4006 magal
3498 3933 3546 4006 ei
3567 3933 3804 4006 impiejn

607 3988 845 4053 ξεῖ
857 3988 1038 4064 gerenti
1064 3988 1371 4063 prolaturum
1392 3988 1546 4064 legem
1571 3998 1620 4047 in
1640 3996 1870 4061 veneﬁcas
1893 3999 2058 4048 latam.
2083 3996 2297 4061 Denique
2332 3997 2611 4062 pronuntiat
2632 4011 2741 4050 eum
2762 4011 2858 4047 non
2876 3988 3167 4048 intelleaiisse
3196 4009 3307 4062 quia
3326 3988 3472 4063 legit;
3492 3996 3537 4048 si
3554 3988 3711 4050 atina
3726 3998 3806 4048 in-

604 4058 1310 4115 tellexisset"condeninaiurum
1332 4073 1426 4111 non
1439 4058 1614 4125 fuisse.

963 4172 1199 4228 Basilius
1219 4173 1287 4226 ad
1319 4174 1430 4227 haec
1458 4170 1699 4226 Iuliano.

619 4270 670 4324 l.
711 4267 917 4337 Exigua
966 4272 1091 4321 sunt
1133 4273 1225 4318 tua
1268 4264 1551 4346 prasentis
1595 4261 1826 4317 fortuna:
1860 4261 2116 4332 prmclare

614 4408 636 4427 ⁴
663 4403 815 4458 Alias
844 4401 1049 4458 CCVIII
1074 4411 1128 4456 et
1161 4399 1339 4455 CCIX.

614 4473 724 4541 (48)
752 4471 1365 4541 Προσκαλινδοῦνται.
1396 4468 1490 4541 Sic
1523 4475 1753 4541 uterque
1776 4463 1944 4520 Coisl.
1988 4479 2113 4541 cum

545 4535 882 4614 Mediczeo'et
905 4541 1074 4614 Regio
1110 4541 1269 4614 ᾅδω.
1297 4540 1525 4614 Edil_i_et
1566 4535 1910 4614 Anglicanus
1945 4535 2121 4614 codex

543 4603 1079 4686 atposxukwﬁoﬁviah
1116 4610 1266 4664 Harl.
1298 4618 1370 4686 _et
1402 4608 1576 4680 Bigot.
1623 4603 2118 4686 προκυλινδοᾷνται.

638 4686 730 4753 49)
767 4683 1002 4752 Πρέπει.
1038 4682 1172 4737 Tres
1211 4679 1433 4736 codices
1469 4674 1609 4734 inss.
1660 4674 1787 4732 cum
1831 4675 1995 4730 editis
2020 4674 2120 4746 ἀρ-

589 4754 720 4809 όζει.

776 4821 887 4877 Τὸν
932 4822 1256 4891 ἀπόγονον.
1316 4818 1548 4886 Quidam
1605 4815 1822 4871 codices
1868 4812 1959 4867 τὸν
2014 4813 2121 4868 ἀπὸ

542 4895 751 4963 γένους.
1038 4961 1049 4963 _
1273 4959 1323 4963 __
1375 4959 1390 4963 _
1459 4926 1492 4963 Α-

614 4951 730 5034 (51)
773 4961 1090 5034 ’Υποτεᾼής
1110 4978 1233 5030 μοι.
1273 4959 1414 5017 Med.
1449 4957 1715 5028 ὑποτελής
1753 4971 1877 5025 μου.
1916 4951 2116 5009 Ibidem

545 5032 589 5086 II
596 5031 695 5088 a'rl.
731 5032 962 5086 ἐνταῦθα
986 5031 1063 5084 δέ.

617 5105 728 5165 (52)
760 5100 1270 5170 Προϐαλλόμενος.
1320 5097 1471 5154 Harl.
1507 5097 1575 5152 ad
1623 5090 1922 5170 marginem
1965 5108 2119 5170 περι-

543 5161 894 5244 ϐαλλόμενος.
927 5161 1096 5244 Paulo
1128 5161 1252 5240 post
1280 5185 1413 5226 mss.
1446 5170 1699 5223 Κωνστα.
1732 5161 1882 5221 Unus
1920 5178 1987 5217 ex
2008 5161 2117 5217 Re-

543 5245 647 5313 giis
678 5243 968 5297 Κωνσταντ
976 5243 1103 5313 ίνου.

618 5316 727 5377 (55)
750 5309 1175 5365 Γνωσθέντων.
1196 5309 1370 5380 Bigot.
1396 5303 1984 5379 λεχθέντων..ριιαηιυί.ς
2006 5302 2117 5358 hwc

543 5382 607 5437 de
633 5393 680 5433 te
712 5384 957 5436 dixerim.

617 5453 728 5521 (54)
764 5451 1252 5521 Μετεσχήκαμεν.
1297 5449 1515 5521 Addunt
1563 5447 1693 5521 edit_i
1739 5446 1819 5521 _—._e
1869 5443 2115 5521 βέλτιστα

545 5514 871 5591 γράμματα,
890 5514 1317 5591 κθῑξὶεὸᾱᾙΒὶςοῑ.
1342 5519 1623 5591 μαθόντες.
1652 5515 1757 5572 Sed
1778 5514 1893 5571 hate
1918 5514 2115 5569 desunt

548 5588 606 5642 in
629 5588 831 5663 ,ει-ενι..
855 5590 993 5646 Med.
1027 5599 1081 5647 et
1102 5588 1526 5663 utroque‘Coisl.

620 5658 732 5725 (55)
758 5661 890 5729 ,Ἔτι
917 5675 1035 5729 μου
1064 5658 1215 5713 κατὰ
1246 5652 1366 5726 τὴν
1401 5661 1743 5729 λεωφόρον.
1766 5654 1993 5729 Yidetur
2016 5652 2115 5729 Ju-

550 5725 733 5784 lianus
752 5725 953 5785 imitari
984 5730 1430 5787 consuetudinem
1458 5725 1750 5786 Alexandri
1774 5725 1981 5795 Severi,
2009 5725 2111 5782 sub

2456 4167 2776 4233 Βασίλειος
2818 4164 3129 4231 Ἰουλιανῷ
3157 4164 3308 4234 πρὸς
3335 4165 3543 4219 ταῦτα.

2288 4259 2341 4313 1.
2393 4258 2583 4328 Μικρά
2609 4274 2701 4310 σου
2728 4256 2795 4311 τὰ
2818 4258 2916 4329 τῆς
2943 4256 3221 4329 παρούσης
3250 4256 3421 4328 τῦχης
3452 4256 3806 4333 ἀνδραγαθή..

2225 4407 2333 4462 quo
2361 4400 2545 4446 narrat
2572 4390 2917 4463 Lampridius
2952 4392 3210 4463 itinerum
3237 4390 3357 4463 dies
3391 4390 3615 4460 publice
3659 4408 3802 4463 pro-

2146 4449 2191 4506 Ῐ)
2219 4449 2344 4534 poni
2373 4463 2567 4534 solitos
2591 4449 2732 4527 esse,
2764 4462 2840 4534 ita
2877 4470 2933 4514 ut
2970 4461 3197 4515 edictum
3225 4449 3466 4534 penderet
3497 4471 3617 4534 ante
3645 4449 3805 4518 riteri-

2220 4530 2301 4586 ses
2330 4535 2484 4595 duos,
2510 4532 2563 4584 in
2589 4548 2689 4601 quo
2728 4533 2981 4598 scriptum
3014 4541 3148 4585 esset
3174 4545 3191 4582 :
3231 4530 3341 4583 Illa
3368 4530 3478 4595 die,
3524 4532 3625 4585 illa
3656 4534 3804 4588 hora

2220 4602 2284 4655 ab
2322 4602 2448 4655 urbe
2472 4600 2608 4655 sum
2630 4601 2889 4664 exiturus,
2922 4610 2994 4661 et,
3040 4602 3087 4654 si
3118 4600 3193 4653 dii
3222 4602 3500 4663 voluerint,
3533 4603 3589 4655 in
3616 4605 3803 4666 prima

2221 4673 2491 4726 mansione
2510 4687 2791 4725 mansurus
2822 4688 2841 4724 :
2873 4670 3057 4741 deinde
3077 4687 3168 4740 per
3196 4671 3432 4724 ordinem
3461 4671 3799 4741 mansiones,

2220 4741 2407 4796 deinde
2459 4741 2672 4807 stativa,
2731 4741 2919 4795 deinde
2974 4740 3062 4794 ubi
3100 4756 3311 4794 annona
3352 4741 3663 4810 accipienda
3712 4760 3805 4799 es-

2218 4821 2314 4875 set,
2349 4821 2455 4866 etc.

2291 4881 2402 4953 (56)
2442 4881 2734 4953 Ἑτοίμου,
2763 4879 2934 4953 Coisl.
2969 4879 3244 4953 secundus
3275 4878 3610 4953 sicexhibet
3636 4880 3800 4939 hunc

2218 4949 2399 5005 Ioc'uni
2433 4969 2446 5005 :
2480 4951 2575 5021 καὶ
2598 4949 2651 5003 si
2675 4949 2748 5021 μὴ
2779 4951 2935 5003 τοῦτο
2971 4952 3235 5021 ποιήσεις,
3264 4949 3498 5021 ετοίμως
3529 4950 3647 5021 ἔχω
3665 4954 3799 5006 ἀνα.

2220 5021 2479 5074 σκευάσαι
2502 5020 2599 5090 τὴν
2651 5019 2945 5090 Καίσαρος.
2980 5019 3094 5074 8εά
3132 5019 3301 5075 Coisl.
3345 5019 3795 5090 primus—,Harlq

2218 5090 2359 5146 Med.
2396 5099 2449 5145 et
2475 5091 2567 5144 alii
2600 5090 2781 5159 plures
2811 5099 2870 5144 ut
2898 5091 2952 5143 in
2984 5098 3155 5159 textu.

2288 5162 2399 5231 (57)
2424 5156 2980 5230 Καλλὶουργήματα.
3008 5158 3160 5215 Harl.
3179 5165 3235 5214 et
3253 5156 3428 5230 Bigot.
3455 5158 3796 5235 καλλιεργήο

2261 5249 2383 5285 ατα.

2220 5250 2397 5371 P£11505.)
2427 5301 2749 5366 Δακτυλίῳ.
2773 5299 2901 5357 Post
2925 5301 3038 5356 haec.
3057 5301 3240 5365 verba,
3255 5296 3645 5371 ﬁgenda-reddi)
3673 5320 3792 5371 μοι,

2217 5369 2567 5426 θάᾱίιίέοἱδι.
2598 5373 2833 5441 primus
2879 5372 2926 5423 εί
2974 5370 3210 5441 συνίδῃς.
3250 5369 3392 5425 Med.
3424 5372 3472 5424 εί
3525 5369 3790 5437 συνεῖδες.

2215 5441 2366 5495 Harl.
2393 5444 2441 5495 εί
2492 5440 2866 5511 συνίδεςηδεά
2911 5440 3299 5511 Ιιωοᾲιιιὶιιίιηο
3350 5442 3690 5511 necessaria,
3724 5458 3794 5498 ac

2214 5513 2411 5567 melius
2440 5512 2692 5565 videntur
2719 5509 2907 5565 deesse
2944 5511 3001 5564 in
3030 5509 3199 5565 Coisl.
3232 5511 3459 5565 secund.

2285 5582 2397 5652 (3in
2440 5582 2866 5652 Ἐπεγκωκότα.
2898 5579 3604 5652 [ιθεοηςίιιω--ὲπεγνωκότμ

2285 5648 2396 5723 (60)
2429 5653 2487 5704 Ἀ
2516 5648 2597 5703 es
2622 5650 2909 5723 ἀνέγνων,
2939 5648 3045 5723 εἰςἕ
3080 5648 3157 5723 Ita
3172 5648 3517 5723 AHarLSed'
3542 5652 3661 5708 haec
3688 5651 3790 5712 de-

2214 5719 2424 5798 suntin
2458 5729 2691 5798 utroque
2716 5722 2881 5798 Cois}.
2912 5728 2967 5775 et
2996 5720 3136 5777 Med»
3166 5719 3259 5779 Sic
3288 5721 3491 5796 legitur
3515 5723 3574 5780 in
3597 5723 3790 5798 Bigot.

2219 5796 2285 5846 ’Δ
2313 5790 2428 5853 γὰο
2445 5790 2683 5857 ἀνέγνων
2712 5791 3005 5859 κατέγνων.
