3870 6218
236 291 344 345 545

1187 293 1674 352 EPISTOLABUH
1709 294 1998 352 CLASSlS
2033 293 2076 350 Ι.
2109 293 2326 350 EPIST.
2368 293 2504 352 XLI.

3375 287 3483 345 5456

239 418 385 474 ματα
411 419 423 432 ·
464 401 556 455 καὶ
592 401 771 472 φαῦλα
803 401 873 457 τά
892 403 992 474 τῆς
1036 404 1346 476 ἀριστείας,
1381 401 1450 478 ἦς
1488 405 1653 470 αὐτὸς
1682 407 1794 478 ἠρί-

1903 403 2088 459 t'acta:
2121 405 2368 475 improba
2421 419 2552 459 vero
2581 420 2704 475 qua
2744 411 2936 460 contra
2960 419 3061 461 nos
3102 402 3318 476 egregie
3359 417 3504 474 ges-.

239 512 468 558 στευσας
497 493 618 547 καθ’
661 495 855 566 ήμῶνο
885 496 1005 567 οὐχὶ
1036 496 1094 550 δὲ
1140 497 1259 550 καθ’
1302 498 1482 568 ἡμῶν,
1523 497 1659 553 ἀλλὰ
1681 498 1801 552 καθ’

237 583 453 637 ἑαυτοῦ.
492 583 631 652 Ἐγὼ
659 585 717 637 δέ
745 585 935 657 τρόμῳ
971 587 1262 658 συνέχομαι
1286 629 1301 651 ,
1328 589 1454 642 ὅταν
1479 589 1629 642 λάϐω
1665 590 1806 643 κατά

238 676 360 728 νοῦν
408 678 712 748 πορφυρίδα
764 695 824 732 σε
879 680 1306 752 περιϐεϐλῆσθαι
1368 682 1518 754 (61)⁸
1557 684 1805 755 στεφάνῳ

237 767 416 838 δὲτὴν
449 769 641 839 ἄτιμον
664 771 1042 842 κεκοσμῆσθαί
1078 789 1170 826 σου
1214 775 1476 846 κεφαλὴν,
1507 776 1644 848 ὅπερ
1681 777 1804 846 δίχα

238 859 519 923 εὐσεϐείας
549 862 649 914 οὑκ
695 861 937 934 ἔντιμον,
987 865 1101 917 ἀλλ’
1137 865 1331 935 ἄτιμον
1383 867 1670 937 καθίστησί
1709 884 1801 920 σου

234 950 333 1021 τὴν
400 951 672 1028 βασιλείαν
727 955 859 1026 (6i).
928 956 1066 1010 ’Δλλ⁹
1124 959 1287 1022 αὐτὸς
1347 960 1656 1014 ἐπανελθὼν
1711 963 1804 1014 καὶ

238 1043 619 1116 ὑπερμεγέθης
668 1047 958 1117 γενόμενος
978 1087 992 1112 ,
1026 1048 1101 1112 ῶς
1125 1067 1188 1118 γε
1219 1049 1412 1119 φαῦλοι
1440 1051 1535 1104 καὶ
1575 1052 1802 1122 μισὸκα-

235 1134 312 1187 λοι
358 1135 610 1206 δαίμονες
653 1139 909 1192 εἵλκυσάν
939 1157 999 1193 σε
1030 1143 1112 1205 είς
1143 1142 1304 1196 τοῦτο
1323 1183 1338 1207 ,
1377 1143 1438 1196 οὐ
1475 1144 1634 1214 μόνον
1661 1145 1802 1214 ὑπὲρ

235 1227 418 1280 πᾶσαν
464 1229 627 1296 φύσιν
661 1230 963 1302 ἀνθρώπων
1017 1237 1234 1305 φρονεῖν
1280 1234 1430 1306 ήρξω
1465 1234 1577 1305 (65)
1604 1272 1620 1300 ,
1666 1236 1802 1289 ἀλλὰ

234 1319 325 1370 καὶ
353 1321 434 1382 εις
465 1319 596 1373 Θεὸν
617 1322 1006 1395 ὑπεραίρεσθαι
1025 1364 1040 1389 ,
1073 1327 1166 1379 καὶ
1209 1325 1303 1398 τὴν
1337 1328 1554 1380 πάντων
1587 1329 1802 1400 μητέρα

233 1411 323 1464 καὶ
349 1411 568 1482 τιθηνὸν
605 1413 928 1486 Ἐκκλησίαν
957 1415 1277 1489 ἐνυϐρίζειν,
1326 1418 1556 1490 μηνύσει
1596 1420 1802 1491 χρησά-

235 1520 396 1574 μενος
440 1505 576 1576 πρὸς
627 1507 694 1576 μὲ
740 1507 832 1560 τὸν
883 1509 1265 1564 εὐτελέστατον
1319 1512 1530 1581 χιλιάδα
1574 1515 1798 1584 χρυσίου

232 1592 426 1664 λιτρῶν
455 1595 885 1667 ἐξαποσταλῆναί
913 1615 995 1650 σοι
1027 1600 1155 1671 παρ’
1190 1601 1346 1670 ἐμοῦ.
1386 1601 1495 1654 Καὶ
1517 1604 1548 1672 ή
1572 1602 1671 1671 μὲν
1701 1601 1796 1656 τοῦ

231 1689 453 1756 χρυσίου
483 1688 616 1761 ὁλκὴ
642 1691 743 1744 οὐκ
771 1691 1050 1765 ἐθάμϐησέ
1088 1711 1188 1764 μου
1224 1693 1322 1764 τὴν
1353 1693 1609 1758 διάνοιαν,
1631 1696 1679 1747 εί
1703 1695 1797 1748 καὶ

1907 495 2065 559 sisti,
2105 495 2188 549 vel
2229 496 2410 564 potius
2458 510 2568 548 non
2614 503 2805 549 contra
2853 510 2978 561 nos,
3023 494 3120 550 sed
3163 499 3360 549 contra
3402 501 3481 547 te-

1905 585 2219 654 metipsum.
2265 583 2375 654 Ego
2427 585 2573 638 enim
2625 585 3035 648 contremisco,
3087 598 3213 638 cum
3241 583 3295 637 in
3323 597 3480 637 men-

1904 681 2013 730 tem
2055 677 2205 730 venit
2258 681 2310 728 te
2367 689 2610 744 purpura
2643 674 2915 739 indutum,
2971 682 3228 729 actuum
3276 673 3483 730 infame

1903 772 2068 834 caput
2117 778 2322 820 corona
2369 764 2682 819 redimitum
2742 781 2908 829 esse,
2955 780 3076 835 qua:
3119 765 3239 819 sine
3281 765 3481 834 pietate

1903 873 2011 911 non
2040 867 2200 911 ornat
2246 857 2533 927 imperium
2577 865 2755 924 tuum,
2799 857 2896 912 sed
2953 857 3248 928 ignominia
3294 871 3482 926 asper-

1901 950 2000 1019 git.
2037 947 2117 1002 'l'u
2154 963 2318 1016 porro
2348 947 2599 1003 excelsus
2627 988 2642 1013 ,
2679 957 2734 1002 et
2781 963 2949 1017 supra
2987 949 3210 1002 modum
3247 960 3480 1013 magnus

1902 1040 2147 1104 cﬂectus,
2177 1049 2534 1111 posteaquam
2583 1041 2804 1097 scelesti
2841 1057 2906 1096 ac
2951 1041 3131 1096 omnis
3166 1038 3387 1108 virtutis
3422 1044 3481 1094 et

1903 1133 2205 1190 honestatis
2256 1133 2442 1188 hostes
2485 1131 2762 1189 daemones
2827 1143 2880 1188 te
2937 1132 2996 1186 in
3044 1132 3150 1186 hoc
3198 1140 3480 1201 pertraxe-

1900 1231 2052 1287 runt,
2111 1238 2220 1278 non
2252 1225 2428 1280 solum
2488 1240 2654 1294 supra
2703 1239 2923 1280 omnem
2984 1224 3278 1278 humanam
3318 1231 3479 1277 natu-

1899 1329 2016 1367 ram
2043 1315 2246 1370 sentire
2285 1316 2535 1385 cmpisti,
2577 1317 2672 1372 sed
2704 1317 2870 1371 etiam
2904 1315 2960 1369 in
2996 1314 3167 1371 Deum
3213 1315 3475 1370 verticem

1900 1405 2131 1472 tollere,
2171 1419 2235 1460 ac
2266 1405 2568 1462 Ecclesiam
2614 1407 2860 1463 omnium
2914 1413 3143 1463 matrem
3186 1421 3251 1462 ac
3299 1409 3477 1462 nutri-

1899 1513 2016 1553 cem
2087 1499 2287 1568 injuria
2350 1500 2601 1568 aﬂicere,
2651 1502 2969 1574 signiﬁcans
3027 1501 3204 1564 mihi,
3268 1501 3476 1556 homini

1898 1589 2201 1653 vilissimo,
2239 1599 2296 1644 ut
2351 1593 2470 1645 auri
2509 1591 2680 1647 libras
2719 1593 2868 1648 mille
2929 1591 2998 1646 ad
3038 1600 3091 1647 te
3133 1593 3365 1646 mittam.
3409 1592 3476 1646 Et

1901 1681 2016 1733 auri
2057 1682 2275 1750 quidem
2328 1684 2538 1753 pondus
2569 1683 2810 1738 animum
2847 1700 3039 1740 meum
3071 1700 3180 1739 non
3218 1685 3472 1756 perculit,

232 1779 373 1849 μάλα
398 1781 564 1854 πολλὴ
595 1782 931 1854 καθέστηκεν
951 1801 963 1815 ο
993 1787 1130 1840 ἀλλὰ
1159 1787 1427 1858 δακρῦσαί
1475 1803 1542 1857 με
1581 1786 1794 1858 πικρῶς

1902 1773 2144 1840 quamvis
2184 1773 2339 1828 valde
2376 1789 2634 1845 magnum
2673 1776 2786 1844 sit;
2831 1775 2927 1830 sed
2957 1790 3172 1830 amaras
3219 1775 3350 1829 mihi
3393 1777 3476 1829 la-

230 1874 639 1941 παρεσκεύασεν
669 1877 762 1929 ἐπὶ
785 1880 850 1948 τῇ
885 1878 1110 1950 τοιαύτῃ
1134 1879 1364 1950 ταχίστῃ
1395 1896 1490 1932 σου
1525 1879 1788 1951 ἀπωλείᾳ.

240 1965 535 2037 Ἐντεθύμη
545 1986 640 2036 μαι
667 1969 775 2040 γάρ
804 1969 926 2023 καθ’
963 1970 1152 2024 ἑαυτὸν
1179 1971 1253 2034 ὡς
1279 1970 1390 2039 ἐγώ
1421 1987 1481 2024 τε
1516 1973 1677 2034 αὐτὸς
1702 1971 1795 2024 καὶ

229 2055 260 2124 ή
287 2055 352 2126 σὴ
403 2056 777 2126 καλοκάγαθία
805 2060 996 2123 κοινῶς
1028 2060 1422 2132 μεμαθήκαμεν
1449 2059 1519 2113 τά
1550 2060 1668 2132 ἱερὰ
1701 2061 1796 2113 καὶ

231 2144 476 2214 βέλτιστα
519 2148 842 2219 γράμματα.
884 2151 1164 2223 Ἑκάτεροι
1195 2151 1252 2205 δὲ
1287 2151 1397 2221 (64)
1443 2150 1792 2221 διεξήλθομεν

226 2238 322 2300 τὰς
355 2239 517 2306 ἁγίας
557 2243 651 2293 καὶ
688 2241 1075 2307 θεοπνεύστους
1106 2244 1325 2316 Γραφὰς
1345 2284 1360 2307 ,
1391 2247 1486 2299 καὶ
1533 2245 1791 2298 ἐλάνθανε

228 2330 323 2400 μέν
353 2347 416 2383 σε
439 2332 563 2384 τότε
593 2332 766 2395 οὐδὲν,
803 2335 896 2386 ἐπὶ
931 2334 989 2387 δὲ
1023 2335 1117 2388 τοῦ
1161 2337 1428 2412 παρόντος
1476 2337 1792 2408 άκόσμητος

225 2422 564 2494 καθέστηκας
584 2463 600 2487 ,
645 2423 752 2477 ὑπὸ
799 2425 1040 2478 τοιούτου
1095 2429 1443 2498 φρονήματος
1488 2444 1791 2500 στρατοπε-

219 2511 448 2577 δευθείς.
484 2515 668 2586 ᾝδεις
697 2517 846 2586 ἡμᾶς
869 2517 976 2588 πρὸ
999 2519 1097 2588 τῆς
1134 2519 1260 2590 χθὲς
1279 2558 1296 2584 ,
1324 2520 1680 2590 γαληνότατε,
1703 2523 1790 2577 ἐπ’

221 2605 498 2678 ἀπληστίᾳ
536 2607 836 2679 χρημάτων
867 2608 942 2680 μὴ
973 2610 1350 2664 πολιτεύεσθαι
1374 2629 1388 2642 ο
1422 2613 1520 2666 νῦν
1549 2613 1606 2666 δὲ
1649 2614 1790 2668 κατὰ

222 2693 313 2765 τὴν
367 2697 676 2751 ἐνεστῶσαν
725 2698 859 2752 δέκα
907 2701 1264 2765 ἑκατοντάδας
1314 2702 1536 2774 χρυσίου
1591 2704 1791 2777 λιτρῶν

217 2786 651 2859 ἐξαποπαλῆναί
691 2808 773 2844 σοι
819 2789 1161 2864 ἐπεζήτησας
1207 2795 1334 2865 παρ’
1367 2794 1542 2864 ἡμῶν.
1597 2795 1790 2849 Φείσα-

1901 1878 2116 1932 crymas
2145 1865 2408 1930 excussit,
2440 1866 2511 1921 ob
2547 1867 2691 1922 hanc
2744 1875 2893 1921 tuam
2943 1869 3286 1923 celerrimam
3348 1883 3476 1939 per-

1902 1954 2121 2008 niciem.
2173 1954 2310 2010 Nam
2369 1971 2587 2013 mecum
2623 1958 2739 2028 ipse
2769 1959 3080 2024 considero,
3127 1975 3212 2015 me
3237 1967 3294 2015 et
3320 1967 3473 2015 tuam

1895 2047 2278 2102 strenuitatem
2327 2063 2517 2105 sacras
2555 2065 2619 2106 ac
2650 2051 2887 2121 optimas
2925 2053 3135 2108 litteras
3167 2051 3329 2107 simul
3387 2052 3474 2107 di-

1898 2138 2119 2193 dicisse.
2160 2139 2429 2194 Nimirum
2469 2143 2775 2199 evolvimus
2806 2151 3039 2214 uterque
3076 2153 3300 2200 sanctas
3331 2159 3398 2200 ac
3438 2158 3472 2198 a

1899 2227 2009 2283 Deo
2071 2231 2365 2300 inspiratas
2425 2231 2776 2303 Scripturas,
2842 2243 3006 2306 atque
3047 2242 3177 2290 tunc
3221 2235 3359 2290 nihil
3417 2242 3473 2292 te

1897 2324 2074 2380 latuit.
2112 2325 2267 2381 Nunc
2317 2341 2448 2381 vero
2516 2327 2811 2385 indecorus
2869 2329 3048 2386 tactus
3077 2345 3161 2394 es,
3201 2329 3470 2400 ejusmodi

1893 2419 2128 2475 elatione
2157 2421 2325 2475 animi
2365 2422 2532 2476 veluti
2585 2424 2781 2479 castris
2819 2424 3245 2479 circumclusus.
3295 2422 3471 2479 Nove-

1896 2527 1988 2565 ras
2048 2529 2148 2567 nos
2188 2514 2622 2580 nudiustertius,
2664 2517 3048 2583 serenissime,
3108 2515 3468 2586 pecuniarum

1893 2604 2064 2673 copiae
2133 2605 2360 2674 cupidos
2426 2621 2535 2661 non
2599 2623 2760 2675 esse;
2801 2617 2856 2663 et
2903 2615 3083 2664 tamen
3137 2624 3285 2663 nunc
3320 2607 3472 2664 mille

1889 2695 2012 2746 auri
2047 2693 2213 2747 libras
2247 2708 2278 2747 a
2307 2709 2393 2750 me
2414 2696 2676 2764 petivisti.
2700 2696 2846 2752 Velis
2874 2698 3057 2766 nobis,
3087 2698 3462 2766 serenissime,

1893 2799 2161 2854 parcere;
2214 2785 2307 2854 qui
2348 2795 2557 2841 tantum
2628 2789 3010 2858 possidemus,
3076 2796 3340 2859 quantum
3366 2827 3382 2853 ,
3420 2789 3468 2844 si

221 2879 342 2934 σθαι
393 2880 555 2952 ἡμῶν
604 2885 785 2939 τοίνυν
831 2885 1077 2958 θέλησον,
1136 2886 1471 2959 γαληνότατε
1492 2929 1509 2954 ,
1549 2889 1790 2944 τοσαῦτα

1902 2878 2058 2934 hodie
2107 2881 2396 2935 comedere
2447 2879 2816 2946 voluerimus,
2871 2881 3031 2937 nobis
3060 2895 3172 2935 non
3209 2879 3466 2937 suﬂiciet.

221 2977 596 3046 κεκτημένων,
621 2978 722 3032 ὅσα
746 2977 812 3032 ἂν
842 2980 1084 3051 τήμερον
1115 2980 1430 3053 θελήσωμεν
1459 2985 1653 3052 φαγεῖν
1675 2981 1788 3055 (65)

1902 2972 2087 3028 Cessat
2124 2973 2268 3042 apud
2313 2987 2434 3039 nos,
2472 2979 2532 3027 ut
2564 2988 2662 3044 par
2691 2979 2776 3029 est
2809 3012 2824 3039 ,
2859 2987 3164 3045 coquorum
3196 2987 3322 3041 ars;
3364 2987 3466 3028 nec

220 3067 316 3118 οὐκ
355 3064 644 3138 ἐξαρκέσει
683 3068 839 3139 ἡμῖν.
893 3069 1078 3140 Ἀργεῖ
1119 3071 1264 3142 γάρ,
1309 3071 1385 3136 ὡς
1434 3073 1610 3139 εἰκὸς,
1656 3075 1786 3146 παρ’

1902 3081 2081 3122 eorum
2136 3067 2307 3122 culter
2380 3065 2700 3136 sanguinem
2755 3065 2996 3136 attingit.
3045 3065 3306 3121 Ciborum
3361 3081 3467 3122 no-

220 3156 344 3226 ἡμῖν
375 3156 656 3228 μαγείρων
678 3157 863 3230 τέχνηο
888 3159 1132 3232 μάχαιρα
1150 3161 1206 3214 δὲ
1230 3162 1407 3216 αὐτῶν
1429 3164 1656 3235 αῖμασιν
1673 3165 1786 3238 (66)

1902 3166 2131 3215 strorum
2169 3159 2356 3229 optimi
2387 3198 2403 3222 ,
2471 3159 2670 3228 quibus
2699 3157 3005 3223 aﬂluimus,
3059 3157 3351 3214 herbarum
3385 3157 3469 3213 fo-

217 3245 276 3297 οὺ
329 3246 670 3318 προσομιλεῖ.
725 3246 805 3301 Τὰ
873 3250 1103 3320 μέγιστα
1161 3251 1272 3322 (67)
1314 3252 1424 3305 τῶν
1479 3255 1610 3325 παρ’
1653 3256 1786 3326 ἡμῖν

1902 3252 1966 3306 lia
1999 3259 2127 3306 sunt
2166 3267 2292 3305 cum
2325 3265 2463 3322 pane
2501 3251 2826 3322 asperrimo,
2880 3261 2934 3306 et
2967 3251 3096 3306 vino
3132 3257 3418 3307 acescente
3448 3269 3462 3305 :

221 3335 546 3407 βρωμάτων,
589 3339 648 3390 ἐν
689 3335 768 3402 οἷς
812 3341 844 3410 ή
887 3339 1165 3409 δαψίλεια,
1213 3343 1422 3413 χόρτων
1470 3343 1644 3412 φύλλα
1689 3345 1787 3398 σὺν

1902 3367 1962 3407 ne
1995 3353 2204 3407 scilicet
2248 3359 2530 3422 stupentes
2586 3367 2787 3409 sensus
2829 3351 3004 3408 nostri
3045 3348 3118 3404 ob
3141 3344 3354 3402 ventris
3380 3341 3468 3399 in-

217 3425 362 3498 ἁρτῳ
399 3428 726 3500 τραχυτάτῳ
763 3429 964 3502 καὶτῷ
1002 3431 1316 3504 ἐξεστηκότι
1343 3435 1502 3504 οἴνῳο
1535 3433 1674 3488 ὥστε
1713 3434 1786 3506 μὴ

1902 3444 2125 3514 gluviem
2157 3445 2214 3499 in
2241 3445 2462 3500 vesania
2488 3451 2798 3500 versentur.

219 3517 643 3589 ἐκθαμϐούμενα
671 3519 781 3592 (68)
810 3523 965 3592 ήμῶν
996 3522 1064 3576 τὰ
1085 3523 1417 3596 αἰσθητήρια
1443 3527 1549 3580 ὑπὸ
1573 3527 1671 3598 τῆς
1688 3543 1786 3596 γα-

222 3609 587 3682 στριμαργίας
607 3611 693 3663 ἐπ’
716 3613 993 3686 ἀφροσύνῃ
1025 3613 1424 3671 πολιτεύεσθαι.

283 3703 336 3756 2.
382 3705 713 3775 Ἀπήγγειλε
733 3706 791 3759 δέ
811 3724 900 3778 μοι
928 3708 1024 3760 καὶ
1048 3707 1204 3762 τοῦτο
1233 3709 1444 3772 Λαῦσος
1465 3711 1494 3762 ὁ
1513 3709 1607 3774 σὸς
1634 3709 1788 3782 περί-

1958 3714 2018 3769 2.
2058 3712 2337 3768 Nuntiavit
2374 3721 2428 3768 et
2459 3713 2591 3768 illud
2653 3710 2789 3766 mihi
2862 3709 3078 3766 Lausus
3149 3707 3465 3779 spectabilis

221 3793 442 3860 ϐλεπτος
491 3797 807 3868 τριϐοῦνος,
861 3800 892 3851 ό
935 3800 1157 3870 γνήσιός
1195 3816 1276 3852 σοι
1307 3802 1436 3872 περὶ
1477 3801 1546 3855 τὰ
1593 3803 1789 3855 ἐσπου-

1902 3810 2023 3859 tuus
2074 3804 2329 3860 tribunus
2357 3846 2374 3872 ,
2415 3818 2481 3859 ac
2530 3805 2780 3860 sincerus
2832 3801 3212 3856 mandatorum
3246 3805 3463 3854 tuorum

218 3887 454 3959 δασμένα
479 3930 496 3954 ,
523 3890 598 3954 ὼς
618 3893 752 3962 γυνή
786 3910 869 3955 τις
896 3894 1250 3962 προσέλευσιν
1271 3896 1564 3967 ἐποιήσατο
1578 3897 1670 3948 ἐπὶ
1689 3895 1789 3964 τῆς

1902 3896 2164 3962 minister,
2204 3897 2507 3952 accessisse
2548 3896 2830 3951 mulierem
2878 3893 3173 3966 quamdam
3203 3890 3273 3946 ad
3310 3896 3464 3944 tuam

221 3983 315 4051 σῆς
357 3983 729 4054 γαληνότητος
766 3985 852 4037 ἐπ’
880 3985 1124 4057 ἀπωλείᾳ
1149 3985 1336 4050 παιδὸς
1372 3985 1540 4057 αὐτῆς
1574 4002 1790 4056 φαρμα-

1902 3989 2238 4043 serenitatem
2300 3989 2370 4043 ob
2433 3988 2525 4042 ﬁlii
2575 4001 2785 4043 veneno
2857 3985 3061 4042 sublati
3133 3981 3462 4045 interitum;

219 4077 540 4140 κευθέντοςο
585 4077 680 4130 κα)⁵
714 4075 789 4140 ὡς
832 4077 1084 4149 κέκριται
1120 4081 1250 4152 παρ’
1280 4080 1434 4151 ὑμῶν
1465 4082 1789 4152 φαρμακοὺς

1902 4091 2058 4149 atque
2097 4096 2126 4134 a
2159 4080 2312 4136 vobis
2336 4080 2639 4150 judicatum
2678 4077 2950 4134 veneﬁcos
2981 4090 3256 4148 nusquam
3295 4088 3461 4140 esse;

226 4167 315 4237 μὲν
367 4168 624 4240 μηδαμοῦ
675 4165 811 4223 εἶναι
854 4169 998 4241 (69),
1042 4171 1200 4235 ὄντας
1243 4171 1299 4224 δὲ
1347 4172 1718 4245 ἀναιρεῖσθαι·
1753 4173 1786 4244 ἢ

1902 4172 1944 4227 si
1982 4173 2110 4235 sint,
2147 4188 2177 4227 e
2215 4171 2394 4227 medio
2426 4171 2542 4226 tolli
2585 4186 2598 4222 :
2643 4177 2736 4224 aut
2775 4170 2898 4224 illos
2933 4169 3080 4225 solos
3119 4166 3462 4231 conservari,

224 4261 452 4325 ἐκείνους
502 4261 698 4331 μόνους
729 4251 1129 4334 περιποιεῖσθαι
1159 4258 1240 4328 οἷς
1275 4266 1307 4336 ή
1362 4268 1507 4338 μάχη
1544 4266 1678 4338 πρὸς
1721 4266 1792 4320 τὰ

1902 4265 1987 4335 qui
2026 4273 2215 4318 contra
2252 4264 2456 4319 bestias
2484 4269 2745 4334 pugnant.
2786 4263 2960 4332 Atque
3001 4261 3102 4316 hoc
3128 4259 3274 4331 quod
3307 4258 3464 4329 125

225 4352 399 4425 θηρία.
441 4353 553 4408 Καὶ
585 4354 777 4418 τοῦτο,
811 4354 987 4428 ὀρθῶς
1034 4357 1221 4428 κριθὲν
1267 4358 1397 4430 παρ’
1431 4358 1604 4430 ὑμῶν,
1642 4357 1790 4424 ξένον

1902 4374 1928 4412 a
1960 4359 2111 4413 vobis
2152 4365 2296 4412 recte
2347 4356 2653 4427 judicatum
2688 4365 2771 4412 est
2797 4396 2812 4420 ,
2875 4352 3073 4408 mirum
3111 4352 3246 4407 mihi
3282 4351 3464 4408 visum

223 4463 306 4514 μοι
332 4447 570 4520 πέφηνε.
600 4448 808 4512 Παντὸς
843 4450 951 4521 γὰρ
973 4450 1208 4519 γέλωτος
1249 4453 1552 4523 ἀνάμεστον
1594 4454 1791 4524 τυγχά-

1902 4457 1998 4504 est.
2071 4448 2204 4503 Illud
2261 4449 2406 4503 enim
2468 4445 2761 4501 ridiculum
2824 4453 2910 4502 est
2994 4444 3268 4512 omnino,
3326 4457 3466 4514 quo-

223 4551 326 4599 νει,
361 4537 482 4600 πῶς
534 4537 605 4590 τά
663 4538 871 4608 μεγάλα
899 4539 1038 4611 ἄλγη
1070 4541 1177 4594 τῶν
1208 4543 1536 4613 τραυμάτων
1576 4547 1793 4615 μικροῖς

1902 4541 2057 4596 modo
2109 4557 2335 4612 magnos
2405 4540 2694 4596 vulnerum
2752 4539 2985 4607 dolores
3041 4537 3224 4607 parvis
3286 4551 3465 4592 reme-

225 4631 530 4700 φαρμάκοις
579 4631 871 4703 ἐπιχειρεῖς
901 4632 1246 4703 θεραπεύειν.
1275 4634 1407 4689 Θεὸν
1439 4635 1546 4708 γάρ
1571 4636 1789 4708 ἐνυϐρί-

1902 4635 2000 4691 diis
2038 4650 2231 4690 sanare
2266 4642 2460 4690 tentes.
2514 4633 2654 4688 Dum
2713 4633 2860 4689 enim
2925 4629 3097 4687 Deum
3154 4627 3326 4695 amcis
3387 4628 3467 4683 in-

291 4763 398 4838 (_6l)
434 4765 922 4838 Περιϐεϐλῆσθαι.
950 4765 1182 4821 Codices
1215 4783 1348 4822 mss.
1380 4777 1607 4838 excepto
1637 4769 1786 4822 Harl.

223 4832 591 4909 adduntAﬁnsp
621 4832 757 4888 sati
781 4837 1054 4907 βασιλικὸν
1086 4839 1402 4909 πρόϐλημα,
1431 4832 1568 4909 quod
1605 4851 1683 4894 est
1710 4857 1792 4895 re-

223 4905 329 4972 gale
353 4905 740 4960 indumentum.
783 4905 791 4907 “
961 4971 966 4974 _

217 5039 222 5044 ε
290 4974 397 5044 (62)
423 4977 778 5032 Βασιλείαν.
804 4977 945 5032 Editi
965 4978 1168 5034 habent
1194 4978 1455 5090 κεφαλήν,
1471 4988 1526 5035 et
1544 4979 1784 5035 addunt:

223 5042 768 5090 Καταγελαστότεηηυ
801 5047 856 5090 δέ
891 5066 982 5090 (τοι)
1013 5051 1111 5090 m‘m
1151 5049 1319 5090 ἔγνων
1347 5067 1393 5090 ρ.
1441 5067 1524 5090 vru-
1544 5049 1784 5090 τεθέαται

223 5042 768 5118 καταγελαστότερον
801 5047 856 5100 δέ
891 5066 982 5101 σου
1013 5051 1113 5102 οὐκ
1151 5042 1319 5118 ἔγνων
1347 5042 1400 5102 εί
1441 5042 1524 5113 τις
1544 5049 1790 5104 τεθέαται

226 5113 458 5191 πῶποτ-ε.
495 5113 864 5172 Ηαιιάάαιθηι
896 5121 1004 5191 scio
1046 5137 1114 5173 an
1139 5113 1294 5191 ῃέηιο
1339 5122 1506 5191 magis
1557 5137 1715 5190 quam
1745 5131 1792 5176 te

224 5185 504 5258 ridiculum
536 5205 848 5258 quemquam
888 5189 1093 5244 viderit.
1129 5189 1234 5245 Sed
1276 5191 1389 5246 haec
1415 5185 1650 5246 nulloin
1697 5207 1788 5248 co-

226 5256 338 5314 dice
370 5274 475 5313 ms.
509 5256 769 5313 vidimus.

226 5395 236 5404 ο
290 5326 399 5397 (65)
438 5328 658 5404 Ἵιρξῳ.
687 5327 972 5404 lta_Harl.,
1007 5329 1149 5387 Med.
1180 5340 1235 5387 et
1259 5332 1380 5387 Vat.
1407 5331 1569 5389 Dccst
1593 5349 1657 5389 ea
1685 5347 1788 5388 vox

225 5400 272 5447 in
304 5407 539 5465 utroque
565 5400 920 5454 Coisliniano.

441 5469 875 5544 'Exdrsgqcﬁé.
921 5469 1193 5544 lta‘liarl.
1240 5481 1295 5527 et
1335 5473 1500 5527 Coisl.
1557 5476 1785 5544 primus.

224 5536 639 5611 Κειφὲκάτερον
674 5538 888 5611 δέ-Βεε.
914 5549 969 5596 et
996 5541 1164 5596 Coisl.
1201 5543 1476 5599 secundus
1511 5536 1573 5600 et:
1593 5545 1785 5600 Medic.

287 5609 396 5683 (65)
427 5609 667 5683 Φᾳγεῖν.
697 5609 859 5683 Harl.—
878 5613 1259 5683 χορτασθῆναι.

311 5679 399 5754 66)
426 5682 708 5754 Αἵμαᾳιν.
741 5679 1176 5754 Μειξὶρίαῖματι.

312 5750 400 5822 67)
447 5753 527 5808 Τὰ
539 5751 816 5822 μέγιστα.
839 5749 930 5808 Sic
946 5749 1121 5820 Harl.,
1144 5754 1300 5828 Reg,
1327 5753 1466 5813 Med.
1485 5765 1535 5814 et
1561 5767 1790 5829 uterque

1898 4772 2063 4826 Coisl.
2090 4773 2195 4825 Alii
2227 4773 2306 4824 Τὰ
2325 4771 2590 4842 βέλτιστα.
2621 4769 3267 4842 Habentiidemcodices
3300 4767 3464 4842 paulo

1901 4853 2022 4914 post
2045 4839 2386 4914 τραχυτάτῳ,
2405 4845 2450 4897 si
2481 4854 2662 4914 tamen
2682 4839 3115 4914 excipiasCoisl.
3139 4839 3462 4914 secundum,

1899 4909 1953 4966 in
1987 4909 2096 4982 quo
2127 4909 2348 4982 legitur,
2374 4915 2511 4967 utin
2544 4913 2667 4966 aliis
2690 4909 2987 4973 nonnullis,
3015 4909 3368 4982 (βραχυτάτῳ.

1965 4979 2078 5052 (68)
2109 4979 2207 5048 Μῆ
2237 4983 2748 5052 ἐκθαμϐοὐμενα...
2774 4979 3219 5052 (πολιτεύεσθαι.
3248 4979 3326 5052 ita
3371 4993 3464 5052 co-

1891 5049 1995 5124 de;
2029 5049 2544 5124 Harlmantts.'Alii'
2570 5053 2644 5124 μὴ
2695 5049 3155 5124 ἐκθαμϐεῖσθαι...
3201 5049 3275 5124 μὴ
3314 5049 3466 5124 πολι-

1894 5121 2166 5178 τεύεσθαι.
2224 5122 2425 5178 Ibidem
2477 5118 2784 5178 Cotelcrius
2839 5118 2924 5174 ἐπ’
2983 5118 3274 5190 ἀπληστία
3314 5118 3464 5173 πολι-

1893 5192 2166 5246 τεύεσθαι.

1970 5262 2080 5334 (69)
2106 5261 2417 5334 Μηδαμοῆ
2440 5257 2631 5334 εἶναι.)
2653 5260 2891 5334 Verbum
2914 5261 3080 5334 verbo
3100 5259 3460 5334 reddidimus.

1895 5331 2029 5387 Nam
2065 5331 2268 5402 Similia
2298 5332 2364 5385 de
2387 5331 2722 5385 delatoribus
2742 5333 2992 5401 leguntur
3015 5333 3068 5386 in
3095 5331 3248 5402 Actis
3269 5332 3327 5384 S.
3357 5331 3464 5402 Cy-

1896 5403 2071 5474 priani
2107 5419 2120 5455 :
2160 5401 2384 5474 Legibus
2419 5402 2623 5474 vestris,
2669 5404 2743 5454 ait
2771 5402 3099 5474 Cyprianus,
3133 5401 3256 5474 bene
3304 5401 3465 5474 atque

1896 5419 2071 5474 prtam
2107 5419 2120 5455 :
2160 5419 2384 5472 Legwus
2419 5419 2623 5462 vestris,
2669 5419 2743 5454 all.
2771 5419 3099 5472 cyprianus,
3133 5419 3256 5454 uene
3304 5419 3465 5526 αιὲιιε

1895 5475 2100 5527 utiliter
2125 5472 2850 5545 censuistisLdelatorespou
2878 5487 3007 5545 esse.
3045 5472 3135 5545 Sic
3163 5472 3327 5525 etiam
3405 5489 3465 5545 a-

1897 5546 2055 5600 silius
2088 5544 2247 5612 epist.
2283 5541 2372 5597 55.
2415 5541 2668 5614 Synodus
2703 5540 2922 5614 Niciena
2959 5542 3249 5614 manifeste
3281 5542 3465 5614 sanxit

1896 5611 2143 5686 mulieres
2167 5611 2469 5686 extraneas
2495 5630 2597 5686 non
2625 5629 2756 5686 esse.
2796 5611 2966 5686 P_aulo
3017 5619 3138 5685 post
3177 5613 3376 5686 legitur
3404 5613 3462 5668 in

1895 5687 2086 5744 codice
2123 5685 2409 5760 Bigotiauo
2441 5684 2632 5756 μόνους
2667 5683 2767 5756 ζῇν
2799 5680 2937 5756 sici]
2969 5724 2986 5752 ,
3017 5680 3125 5742 etc.
