3870 6218
142 303 254 364 349

1101 304 1593 367 EPISTOLARUM
1629 308 1915 366 CLASSIS
1952 309 1998 366 1.
2034 310 2252 367 EPIST.
2293 312 2451 369 XLII.

3299 316 3407 373 350

142 414 495 483 ἔμπροσθεν
555 413 1047 486 ἐπεκτεινόμενος
1067 456 1081 482 ,
1126 419 1277 473 κατὰ
1340 419 1577 475 σκοπὸν
1613 420 1733 475 διώ-

1843 424 2059 478 rationis
2086 424 2155 480 ".
2204 423 2340 480 Nam
2378 426 2503 483 talis
2538 424 2699 497 126
2728 431 2810 481 est
2835 432 2949 483 tota
2988 425 3268 483 hominum
3293 429 3407 482 vita

144 522 232 558 κω
289 503 405 575 (78)
466 504 565 558 ἐπὶ
626 506 692 558 τὸ
744 505 1031 573 βραϐεῖον
1096 505 1205 573 τῆς
1256 506 1379 561 ἄνω
1428 508 1725 576 κλήσεως.

144 592 402 657 Τοιοῦτος
430 594 539 666 γὰρ
571 595 802 667 ὑπάρχει
847 596 969 659 ὅλος
1019 598 1047 650 6
1091 598 1200 650 τῶν
1245 598 1545 669 ἀνθρώπων
1592 599 1724 670 βίος,

148 685 226 757 μὴ
254 685 594 756 ἀρκούμενος
624 690 737 749 τοῖς
770 686 1061 756 φθάσασιν,
1106 687 1245 741 ἀλλὰ
1283 690 1617 760 τρεφόμενος
1664 692 1726 743 οὐ

144 778 264 839 τοῖς
301 776 540 845 φθάσασι
574 778 794 847 μᾶλλον,
845 778 984 831 ἀλλὰ
1031 781 1143 841 τοῖς
1178 779 1449 850 μέλλουσι.
1499 780 1565 832 Τί
1616 778 1726 851 γὰρ

144 864 350 932 ὠφελεῖ
381 866 666 939 ἄνθρωπον
698 870 726 921 6
768 868 952 938 χθιζὸς
992 870 1091 939 τῆς
1129 870 1362 941 γαστρὸς
1404 870 1584 941 κόρος,
1626 871 1726 943 σή·-

150 973 320 1028 μερον
342 958 443 1027 τῆς
468 962 710 1029 ἐμφύτου
751 962 943 1032 πείνης
970 962 1070 1033 τὴν
1111 963 1319 1016 οἰκείαν
1346 966 1443 1034 τῆς
1474 962 1728 1034 βρώσεως

146 1048 507 1119 παραμυθίαν
535 1052 609 1121 μὴ
639 1052 1035 1122 εὑρισκούσης;
1066 1052 1252 1117 Οὕτως
1275 1049 1368 1108 οὖν
1398 1055 1520 1108 οὐδὲ
1549 1054 1726 1128 ψυχῆς

1834 526 1944 566 non
1968 521 2224 569 contenta
2252 517 2319 570 iis
2341 531 2461 587 qua:
2494 523 2915 587 praecesserunt,
2946 516 3043 575 sed
3062 518 3268 574 nutrita
3296 533 3410 576 non

1830 604 2005 676 magis
2035 608 2326 675 praeteritis
2370 624 2535 680 quam
2569 609 2792 667 futuris.
2824 611 2966 677 Quid
2992 612 3137 666 enim
3188 613 3410 682 prodest

1834 695 2039 750 homini
2068 698 2327 754 hesterna
2354 702 2564 757 ventris
2588 702 2814 759 satietas
2834 744 2849 769 ,
2889 702 3051 758 hodie
3079 702 3245 758 insita
3267 703 3410 758 fame

1829 788 2164 845 conveniens
2193 790 2301 845 cibi
2361 792 2616 848 solatium
2649 807 2757 847 non
2790 794 3142 851 inveniente?
3171 794 3263 848 Sic
3308 794 3409 865 igi-

1832 886 1925 934 tur
1949 897 2126 952 neque
2156 884 2351 937 animae
2380 884 2597 937 lucrum
2631 886 2799 939 ullum
2847 902 2915 940 ex
2953 894 3102 941 recte
3135 885 3282 943 facto
3310 886 3409 940 iter

1832 978 2041 1039 sterno,
2060 973 2206 1045 quod
2223 974 2292 1027 ab
2312 973 2578 1029 hodierno
2604 975 2936 1046 operejusto
2963 976 3252 1031 deseritur.
3272 973 3413 1041 Qua-

1800 1059 1931 1114 ‘lem
1961 1064 2120 1129 enim,
2154 1064 2353 1135 inquit,
2378 1066 2577 1135 reperio
2608 1079 2676 1131 te,
2702 1066 2858 1120 talem
2888 1075 2934 1121 te
2956 1066 3159 1136 judico.

144 1143 342 1215 κέρδος
385 1144 478 1198 τοῦ
529 1146 779 1216 χθεσινοῦ
824 1146 1271 1219 κατορθώματος,
1303 1149 1399 1221 τῆς
1434 1152 1737 1223 σημερινῆς
1773 1153 2288 1230 ἀπολιμπανομένου
2312 1160 2745 1233 δικαιοπραγίας.
2778 1156 2916 1216 olor
2974 1160 3084 1233 γὰρ
3110 1162 3260 1231 εὕρω
3311 1176 3410 1229 σε,

146 1238 305 1308 φησὶ,
344 1238 619 1292 τοιοῦτόν
642 1255 716 1292 σε
737 1239 937 1307 κρινῶ.

217 1332 274 1385 2.
302 1331 516 1386 Οὐκοῦν
542 1334 772 1406 μάταιος
796 1335 894 1405 μὲν
919 1334 1014 1388 τοῦ
1056 1336 1267 1390 δικαίου
1293 1340 1321 1391 6
1352 1337 1540 1402 κόπος,
1571 1338 1731 1408 ἀνέγ-
1800 1320 1803 1323 Δ

148 1424 350 1492 κλητος
395 1424 453 1476 δὲ
500 1426 595 1478 καὶ
638 1425 734 1479 τοῦ
766 1426 1089 1498 ἁμαρτωλοῦ
1134 1431 1164 1482 6
1209 1431 1428 1500 τρόπος,
1485 1433 1733 1499 ἐπιγενο-

152 1516 323 1585 μένης
356 1516 469 1587 (79)
514 1517 845 1588 ἐναλλαγῆς·
892 1519 968 1587 τῷ
1008 1519 1106 1590 μὲν
1146 1521 1252 1573 ἀπὸ
1286 1522 1379 1573 τοῦ
1426 1521 1731 1594 κρείττονος

148 1611 243 1669 ἐπὶ
278 1610 340 1662 τὸ
373 1613 575 1682 χεῖρον,
604 1610 681 1681 τῷ
703 1612 758 1664 δὲ
782 1613 888 1666 ἀπὸ
912 1613 1006 1666 τοῦ
1044 1614 1287 1685 χείρονος
1323 1616 1417 1667 ἐπὶ
1456 1616 1517 1668 τὸ
1546 1618 1730 1687 κρεῖτ-

145 1718 239 1754 τον
288 1701 702 1772 μεταϐληθέντι.
740 1703 923 1758 Ταῦτα
970 1706 1066 1759 καὶ
1110 1705 1205 1759 τοῦ
1258 1706 1517 1777 Ἰεζεκιὴλ
1550 1708 1627 1770 ὡς
1666 1708 1732 1760 ὲκ

145 1791 444 1863 προσώπου
470 1793 561 1846 τοῦ
598 1794 801 1865 Κυρίου
847 1795 1263 1866 δογματίζοντος
1297 1797 1444 1850 ἐστιν
1479 1797 1726 1851 ἀκοῦσαι.

157 1882 287 1934 Ἐὰν
313 1882 445 1952 γὰρ,
483 1883 670 1950 φησιν,
727 1883 981 1947 ἐκκλίνας
1029 1888 1057 1939 6
1102 1886 1308 1949 δίκαιος
1342 1886 1730 1960 πλημμελήσῃ,

144 1974 205 2024 οὐ
237 1970 318 2040 μὴ
371 1970 596 2042 μνησθῶ
642 1972 752 2024 τῶν
802 1973 1157 2027 δικαιοσυνῶν
1206 1968 1282 2028 ὧν
1327 1975 1585 2046 ἐποίησεν
1636 1976 1734 2047 ἒμ-

146 2063 388 2135 προσθεν
423 2063 556 2133 (80)·
598 2064 713 2118 ἀλλ’
743 2065 799 2117 ὲν
835 2066 902 2137 τῇ
937 2066 1181 2137 ἁμαρτίᾳ
1231 2066 1396 2119 αὐτοῦ
1448 2067 1734 2120 ἀποθανεί-

143 2173 258 2209 ται.
288 2156 364 2208 T6
389 2155 446 2208 δὲ
473 2155 607 2208 αὐτό
635 2173 768 2227 φησι
793 2157 887 2208 καὶ
912 2158 1040 2228 περὶ
1067 2156 1164 2209 τοῦ
1195 2156 1526 2229 ἁμαρτωλοῧ
1548 2176 1561 2187 ·
1605 2158 1734 2212 Ἐὰν

144 2247 488 2318 ἐπιστρέψας
535 2251 738 2321 ποιήσῃ
784 2249 1164 2321 δικαιοσύνην,
1210 2250 1354 2321 ζωὴν
1402 2250 1625 2321 ζήσεται
1674 2254 1733 2305 ὲν

142 2340 309 2413 αὐτῇ.
345 2340 458 2394 Ποῦ
491 2342 601 2416 γὰρ
651 2344 700 2395 οἱ
746 2342 989 2396 τοσοῦτοι
1016 2344 1223 2414 Μωῡσῆ
1268 2342 1361 2396 τοῦ
1408 2343 1732 2415 θεράποντος

145 2433 323 2496 πόνοι,
352 2435 454 2503 τῆς
487 2436 545 2489 ὲν
578 2438 780 2508 στιγμῇ
835 2435 947 2506 (81)
1000 2435 1308 2504 ἀντιλογίας
1366 2436 1732 2507 παραγραφα-

147 2525 319 2598 μένης
343 2525 510 2579 αὑτοῦ
535 2526 634 2598 τὴν
668 2530 748 2591 εἰς
780 2527 877 2598 τήν
927 2528 1030 2598 γῆν
1069 2529 1170 2598 τῆς
1219 2528 1556 2601 ἐπαγγελίας
1618 2530 1731 2582 είσ-

143 2618 301 2685 οδον;
350 2618 462 2671 Ποῦ
495 2618 553 2672 δὲ
592 2620 686 2672 καὶ
723 2622 757 2690 ή
803 2619 897 2672 τοῦ
945 2620 1109 2691 Γιεζῆ
1152 2621 1563 2692 συναναστροφὴ
1598 2621 1733 2692 πρὸς

144 2710 237 2762 τὸν
298 2709 622 2775 Ἐλισσαῖον,
678 2709 1110 2782 φιλοχρηματίας
1152 2711 1313 2782 χάριν
1365 2711 1572 2783 λέπραν
1613 2714 1734 2765 ὲπι-

146 2801 508 2871 σπασαμένου
534 2818 548 2867 ;
581 2801 645 2853 Τί
677 2801 733 2854 δὲ
762 2802 856 2854 καὶ
884 2800 977 2854 τοῦ
1013 2801 1253 2873 πλήθους
1278 2802 1376 2873 τῆς
1414 2804 1604 2872 σοφίας
1654 2801 1733 2873 τῷ

145 2892 460 2962 Σολομῶντι
491 2892 704 2961 ὄφελος,
737 2893 831 2945 καὶ
862 2893 1266 2963 ἡπρολαϐοῦσα
1307 2893 1528 2964 τοιαύτη
1556 2892 1732 2947 ἔννοια

146 2988 225 3048 εἰς
271 2984 412 3037 Θεὸν
454 2984 586 3056 (82),
624 2984 847 3055 ὕστερον
906 2987 971 3038 ὲκ
1018 2986 1117 3056 τῆς
1174 2987 1604 3056 γυναικομανίας
1649 2985 1732 3049 είς

1898 1337 1956 1392 2.
1995 1336 2191 1406 Itaque
2236 1351 2412 1391 vanus
2460 1342 2545 1391 est
2570 1335 2707 1405 justi
2747 1335 2936 1400 labor,
2978 1335 3242 1407 ineulpati
3278 1336 3408 1389 item

1829 1439 1961 1487 sunt
2029 1431 2339 1502 peccatoris
2402 1443 2614 1493 mores,
2669 1430 3086 1498 superveniente
3146 1429 3410 1482 immuta-

1824 1524 2012 1591 tione;
2073 1522 2229 1577 alteri
2274 1521 2496 1591 quidem
2543 1535 2573 1573 a
2619 1520 2826 1575 virtute
2879 1520 2948 1574 ad
2993 1519 3209 1587 vitium,
3252 1518 3409 1572 alteri

1828 1625 2015 1673 autem
2058 1631 2091 1672 a
2135 1615 2271 1671 vitio
2314 1614 2384 1669 ad
2411 1615 2670 1668 virtutem
2710 1612 2998 1667 translato.
3029 1610 3155 1665 Haec
3186 1618 3241 1665 et
3276 1609 3411 1664 Eze-

1831 1706 2064 1761 chielem
2093 1705 2242 1763 velut
2264 1719 2331 1760 ex
2366 1717 2602 1774 persona
2643 1701 2861 1757 Domini
2889 1701 3178 1756 docentem
3213 1700 3407 1755 audire

1833 1797 1980 1853 licet.
2013 1795 2071 1851 Si
2100 1796 2269 1861 enim,
2317 1794 2520 1865 inquit,
2546 1792 3056 1863 justusadeclinans
3087 1791 3402 1861 deliquerit,

1834 1904 1944 1943 non
1975 1888 2307 1943 recordabor
2354 1901 2546 1941 eorum
2580 1901 2703 1956 qua:
2723 1884 2874 1953 juste
2902 1883 3032 1939 fecit
3071 1894 3232 1938 antea
3261 1902 3276 1937 :
3310 1882 3408 1939 sed

1835 1979 1892 2033 in
1931 1988 2154 2049 peccato
2183 1991 2286 2032 suo
2315 1976 2581 2030 morietur
2604 1976 2672 2030 ’⁸.
2708 1972 2846 2028 Dicit
2876 1980 3057 2029 autem
3088 1973 3324 2043 idipsum
3353 1978 3411 2027 et

1833 2070 1901 2124 de
1937 2078 2257 2139 peccatore:
2290 2068 2349 2122 Si
2389 2066 2754 2121 considerans
2779 2066 2971 2121 fecerit
3001 2066 3297 2135 justitiam,
3325 2064 3411 2118 vi-

1833 2170 1924 2216 vet
1966 2162 2022 2215 in
2073 2162 2189 2230 ipsa
2213 2162 2285 2215 ”.
2317 2158 2438 2225 Quo
2470 2161 2618 2214 enim
2671 2168 2751 2214 tot
2797 2173 2861 2214 ac
2903 2160 3042 2214 tanti
3074 2158 3295 2214 labores
3329 2157 3412 2212 fa-

1834 2254 1967 2307 muli
2010 2252 2234 2323 Moysis,
2269 2268 2395 2305 cum
2440 2252 2627 2331 ipsumx
2663 2252 2748 2307 vel
2778 2251 2944 2307 unius
2976 2252 3240 2306 momenti
3273 2265 3410 2306 con-

1835 2345 2089 2398 tradiclio
2119 2353 2283 2399 terra-
2334 2343 2624 2413 promissae
2673 2342 2827 2398 aditu
2863 2342 3144 2397 arcuerit?
3189 2340 3311 2408 Quo
3356 2348 3411 2396 et

1833 2437 1983 2493 Giezi
2014 2454 2138 2492 cum
2184 2436 2380 2492 Elisazo
2414 2438 2725 2501 convictus,
2757 2451 2883 2491 cum
2936 2436 3043 2492 sibi
3074 2436 3279 2506 lepram
3315 2449 3411 2504 pe-

1833 2532 2009 2585 cuniae
2042 2545 2235 2585 amore
2271 2529 2568 2584 asciverit?
2615 2528 2756 2594 Quid
2798 2536 2854 2584 et
2900 2528 3187 2598 sapientiae
3225 2526 3411 2580 multi.-

1833 2624 1965 2678 tudo
1995 2623 2347 2679 Salomonem
2382 2623 2547 2693 juvit,
2593 2630 2886 2692 tantusque
2934 2619 3032 2674 Dei
3084 2634 3239 2673 amor
3273 2631 3412 2689 pra;-

1833 2720 2049 2781 teritus,
2088 2733 2212 2773 cum
2247 2716 2596 2786 postmodum
2634 2715 2833 2770 insano
2882 2712 3177 2767 mulierum
3227 2725 3411 2765 amore

1832 2810 2090 2880 delapsus
2142 2810 2216 2864 sit
2257 2812 2310 2863 in
2357 2807 2767 2863 idololatriam?
2808 2805 2916 2861 Sed
2965 2821 3143 2876 neque
3188 2805 3410 2859 beatum

1832 2902 2096 2956 Davidem
2138 2902 2339 2956 mentis
2384 2899 2663 2955 aberratio
2694 2898 3032 2968 inculpatum
3075 2897 3306 2961 dimisit,
3338 2896 3411 2952 ob

1834 2993 2137 3057 admissum
2171 2991 2227 3045 in
2257 3006 2487 3045 uxorem
2521 2990 2661 3045 Uriae
2696 3000 3004 3060 peccatum.
3042 2986 3190 3043 Satis
3227 2994 3407 3042 autem

145 3077 592 3147 εἰδωλολατρείαν
622 3062 787 3130 αὑτοῦ
813 3077 1267 3142 ὲκπεπτωκότος;
1317 3076 1457 3129 Ἀλλ’
1492 3076 1610 3129 οὐδὲ
1631 3076 1722 3130 τὸν

1843 3091 1968 3141 asset
1999 3093 2054 3139 et
2083 3082 2236 3138 Judze
2264 3098 2295 3136 a
2322 3084 2526 3137 virtute
2554 3082 2624 3137 ad
2652 3083 2846 3136 vitium
2880 3082 3094 3152 lapsus,
3140 3080 3209 3134 ad
3256 3094 3409 3143 eum,

149 3170 428 3243 μακάριον
471 3168 635 3222 Δαϐιδ
678 3171 707 3221 6
743 3168 1117 3241 μετεωρισμὸς
1159 3170 1370 3239 ἀφῆκεν
1400 3168 1732 3241 ἀνέγκλητον

146 3264 237 3329 διὰ
280 3264 383 3334 τὴν
440 3264 521 3325 εἰς
573 3262 675 3334 τήν
734 3260 829 3315 τοῦ
898 3262 1014 3332 (85)
1058 3262 1255 3333 Οὐρίου
1331 3260 1730 3332 πλημμέλειαν.

151 3359 355 3429 Ἤρκει
385 3355 444 3408 δὲ
469 3356 564 3409 καὶ
592 3359 625 3426 ή
659 3355 753 3409 τοῦ
798 3354 970 3408 Ἰούδα
1016 3353 1126 3407 ἀπὸ
1164 3352 1261 3407 τοῦ
1314 3353 1621 3424 κρείττονος
1653 3353 1734 3415 είς

147 3449 211 3501 τὸ
255 3451 444 3519 χεῖρον
503 3449 869 3519 μετάπτωσις,
909 3446 1046 3516 πρὸς
1112 3444 1414 3513 ἀσφάλειαν
1451 3443 1545 3498 τοῦ
1594 3443 1737 3501 κατὰ

148 3539 284 3597 Θεὸν
313 3537 758 3609 πολιτευομένου,
807 3537 888 3601 ὃς,
930 3538 989 3590 ἓν
1020 3535 1293 3599 τοσούτοις
1322 3535 1532 3606 χρόνοις
1564 3533 1738 3604 μαθη-

150 3630 367 3694 τευθεὶς
416 3627 498 3700 τῷ
538 3627 781 3701 Χριστῷ,
826 3627 1052 3699 ὕστερον
1110 3626 1292 3698 μικρῷ
1348 3626 1596 3698 λήμματι
1646 3623 1736 3676 τὸν

152 3721 477 3793 διδάσκαλον
510 3721 926 3797 ἀπεμπολήσας,
976 3719 1150 3790 ἐαυτῷ
1185 3717 1420 3789 ἀγχόνην
1458 3718 1740 3787 ἐπραγμα-

153 3814 407 3867 τεύσατο.
443 3812 615 3865 Τοῦτο
642 3807 729 3866 οὖν
773 3812 1011 3880 γνωστόν
1051 3828 1132 3863 σοι
1179 3810 1318 3863 ἔστω
1346 3809 1481 3880 (84),
1512 3807 1734 3875 ἀδελφὲ,

154 3908 235 3959 ὅτι
267 3906 372 3975 οὐχ
419 3906 450 3958 6
488 3903 670 3967 καλῶς
710 3902 1029 3974 ἀρχόμενος,
1071 3894 1227 3966 οὗτος
1268 3900 1474 3962 τέλειος
1497 3916 1509 3929 ’
1555 3896 1671 3950 ἁλλ’
1710 3896 1739 3947 ὁ

156 3995 339 4058 καλῶς
370 3993 782 4064 ἀποτιθέμενος,
833 3987 987 4055 οὗτος
1033 3991 1256 4062 δόκιμος
1292 3990 1442 4062 παρὰ
1479 3988 1618 4059 Θεῷ.
1648 3988 1739 4059 Μὴ

156 4086 246 4144 οὖν
294 4087 406 4158 δῷς
448 4086 616 4139 ὕπνον
666 4087 782 4148 τοῖς
831 4084 1148 4154 ὀφθαλμοῖς,
1199 4081 1413 4151 ἁδελφὲ,
1467 4081 1601 4152 μηδὲ
1653 4098 1743 4133 νυ-

162 4178 407 4245 σταγμὺν
430 4178 541 4238 σοῖς
564 4174 871 4245 βλεφάροις,
899 4173 989 4226 ἴνα
1016 4171 1191 4242 σωθῇς
1216 4171 1405 4243 ὥσπερ
1458 4170 1657 4242 δορκὰς
1677 4172 1740 4223 ὲκ

162 4269 396 4340 βρόχων,
425 4268 521 4320 καὶ
547 4266 734 4335 ὥσπερ
776 4264 962 4334 ὄρνεον
997 4266 1061 4317 ὲκ
1092 4262 1344 4330 παγίδος.
1391 4262 1564 4314 Βλέπε
1611 4263 1741 4334 γὰρ,

1832 3175 1928 3246 (ιυί
1958 3163 2125 3228 vitam
2156 3173 2457 3228 secundum
2494 3172 2663 3227 Deum
2709 3173 2843 3242 agit,
2885 3170 3408 3227 communiendum:

1832 3266 1927 3337 qui
1974 3264 2179 3320 tamdiu
2209 3264 2420 3320 Christi
2454 3264 2789 3334 discipulus,
2817 3275 3007 3336 postea
3049 3266 3312 3336 magistro
3344 3266 3413 3320 ob

1833 3358 2093 3428 exiguum
2124 3357 2339 3412 lucrum
2385 3356 2688 3417 divendito.
2729 3357 2837 3412 sibi
2884 3355 3002 3427 ipse
3031 3356 3287 3429 laqueum
3317 3370 3396 3425 pa.

1833 3448 1995 3503 ravit.
2033 3445 2173 3502 Illud
2201 3447 2389 3518 itaque
2431 3454 2780 3516 perspectum
2812 3445 2911 3499 tibi
2953 3445 3045 3510 sit,
3078 3444 3268 3509 frater,
3303 3461 3414 3499 non

1835 3554 1961 3595 eum
2012 3540 2108 3610 qui
2166 3539 2307 3595 bene
2352 3539 2569 3609 incipit,
2623 3537 2921 3608 perfectum
2965 3552 3087 3592 esse
3125 3555 3139 3591 :
3173 3536 3269 3591 sed
3320 3534 3415 3605 qui

1836 3628 1975 3684 bene
2010 3628 2238 3693 desinit,
2271 3643 2399 3683 eum
2445 3642 2568 3682 esse
2614 3624 2726 3681 Deo
2775 3626 3083 3696 probatum.
3134 3621 3212 3676 Ne
3249 3620 3416 3691 igitur

1837 3720 2076 3788 dederis,
2120 3720 2316 3785 frater,
2365 3733 2624 3775 somnum
2678 3719 2879 3781 oculis,
2928 3729 3103 3786 neque
3138 3711 3418 3784 palpebris

1838 3813 1951 3867 tuis
1981 3812 2427 3866 dormitationem
2454 3810 2524 3876 ³⁰,
2557 3817 2617 3863 ut
2648 3808 2834 3864 salvus
2866 3806 2963 3863 ﬁas
2990 3805 3137 3860 velut
3164 3803 3321 3858 dama
3347 3816 3417 3857 ex

1839 3906 2112 3969 cassibus,
2145 3913 2198 3959 et
2224 3904 2374 3958 velut
2401 3902 2519 3957 avis
2551 3918 2617 3957 ex
2648 3901 2862 3970 laqueis
2886 3899 2951 3951 ³¹.
2986 3895 3289 3951 Considera
3320 3908 3419 3964 per

1842 3998 2050 4053 medios
2088 4006 2142 4052 te
2164 3997 2392 4067 laqueos
2417 3994 2676 4055 transire,
2706 4000 2761 4047 et
2792 4005 2957 4060 supra
2986 3989 3262 4053 excelsum
3289 4001 3416 4040 mu-

1842 4104 1963 4141 rum
1995 4087 2301 4150 ambulare,
2334 4101 2400 4139 ex
2436 4100 2545 4156 quo
2575 4083 2923 4154 periculosus
2960 4080 3177 4134 cadenti
3205 4079 3414 4147 lapsus.

1843 4179 2186 4249 Quapropter
2217 4192 2288 4231 ne
2334 4178 2520 4233 statim
2553 4173 2621 4228 ad
2652 4174 2777 4229 vitae
2816 4171 3067 4226 ascetica:
3098 4170 3306 4240 apicem
3335 4174 3420 4222 te—

1845 4271 2138 4340 metipsum
2192 4268 2449 4323 intendas
2489 4286 2501 4321 :
2542 4266 2776 4320 maxime
2825 4278 2958 4318 vero
3015 4276 3084 4317 ne
3134 4260 3238 4315 tibi
3300 4260 3419 4329 ipse

160 4361 240 4413 ὄτι
284 4359 403 4429 (85)
453 4360 511 4411 ὲν
560 4358 711 4428 μέσῳ
759 4356 996 4424 παγίὸων
1040 4354 1370 4421 διαθαίνεις,
1420 4355 1516 4408 καὶ
1563 4357 1736 4410 ἐπάνω

1848 4363 2112 4427 conlidas,
2169 4369 2226 4415 ut
2254 4374 2322 4415 ne
2350 4360 2421 4413 ob
2448 4358 2776 4428 imperitiam
2818 4371 2885 4411 ex
2937 4368 3153 4410 summo
3190 4351 3418 4429 ascetici

162 4426 612 4522 τείχουςύψηλοῦ
644 4426 989 4520 περιπατεῖς,
1045 4448 1167 4500 ὅθεν
1213 4447 1313 4500 οὐκ
1359 4446 1640 4513 ἀκίνδυνον
1665 4446 1736 4520 τῷ

1849 4453 2088 4509 instituti
2129 4452 2362 4508 labaris.
2395 4426 2544 4504 Nam—
2565 4450 2737 4504 satius
2765 4447 2928 4501 fuerit
2960 4446 3220 4517 paulatim
3252 4426 3421 4515 proli;

163 4542 531 4599 καταπεσόντι
570 4541 633 4594 τὸ
660 4540 878 4611 πτῶμα.
928 4538 1021 4610 Μὴ
1066 4534 1158 4592 οὖν
1207 4538 1407 4604 εὐθέως
1454 4539 1536 4602 εἰς
1580 4539 1744 4610 ἀκρόο

162 4650 303 4705 τητα
347 4633 640 4703 ἀσκήσεως
694 4632 940 4703 ὲκτείνῃς
994 4630 1258 4683 σεαυτόν’
1314 4629 1549 4700 μάλιστα
1607 4630 1742 4700 μηδὲ

163 4726 454 4799 θαρρήσῃς
478 4723 591 4794 (86)
624 4721 851 4792 σεαυτῷ,
875 4722 965 4775 ἵνα
994 4721 1068 4791 μὴ
1095 4721 1153 4785 ἐξ
1173 4721 1426 4792 ἀπειρίας
1446 4720 1541 4789 ἀφ’
1575 4719 1745 4790 ὕψους

164 4818 265 4888 τῆς
301 4816 595 4886 ἀσκήσεως
624 4813 817 4887 πέσῃς.
862 4813 1127 4884 Κρεῖσσον
1170 4812 1277 4883 γὰρ
1327 4815 1361 4882 ὴ
1411 4813 1532 4864 κατ’
1564 4811 1744 4881 ὀλίγον

274 4973 325 5098 ἓ
371 4970 574 5041 Philip.
613 4985 717 5037 ιιι,
768 4970 856 5033 ιε,
906 4968 994 5022 ιι.

168 5061 241 5109 vr,
284 5061 345 5098 θ.

1118 4968 1165 5001 ⁸⁸
1193 4967 1390 5025 Ezech.
1439 4983 1602 5034 xvm,
1647 4968 1740 5025 24.

238 5158 367 5233 (78)-
389 5157 613 5233 Διὼκω.
638 5156 775 5233 _l_ie_g.
808 5155 1107 5233 secundus
1130 5152 1362 5209 διώκων.
1407 5152 1581 5209 Paulo
1620 5162 1752 5229 post

171 5225 462 5288 ex'eodem
490 5227 675 5282 addidi
705 5225 823 5290 ὅλος
853 5236 975 5297 post
1005 5225 1258 5296 ὑπάρχει.

238 5301 356 5372 (79)
376 5370 384 5372 ἓ
405 5293 877 5372 Έπιγενομένηςῖ
909 5295 1001 5352 Sic
1028 5293 1139 5351 duo
1155 5293 1320 5363 ’mss.,
1359 5293 1557 5350 melius
1585 5309 1750 5366 quam

175 5371 228 5425 in
248 5367 423 5426 editis
453 5367 858 5438 éxayopéyq;.s_
1032 5434 1044 5438 Δ
1127 5433 1157 5438 _
1215 5412 1231 5425 .

241 5440 360 5507 (δυ)
398 5432 795 5508 Ἐμπροὸνθείκ
822 5436 990 5508 Deest
1028 5434 1085 5492 in
1123 5433 1259 5507 Reg.
1286 5432 1549 5491 secundo.
1578 5433 1749 5490 Paulo

178 5520 302 5581 post
331 5506 481 5581 ideuj
506 5511 676 5581 codex
706 5508 788 5561 ὅτι
815 5506 979 5581 ζωήν.

249 5581 366 5651 (81)
401 5577 519 5647 Τῆς
546 5579 616 5631 ἐν
641 5575 883 5647 στιγμῇ.
914 5573 1354 5651 ileg._se_cur_rdus
1387 5573 1485 5645 τῆς
1514 5573 1749 5646 στιγμῆς

178 5646 297 5722 τῆς,
488 5646 809 5722 momentum
823 5646 1289 5722 contradictionis.

204 5713 366 5795 "(82)
405 5719 650 5773 Ἔννοια
686 5720 772 5783 εὶς
808 5719 971 5776 Geor.
1004 5718 1167 5773 ﬂecte
1199 5716 1451 5772 observat
1481 5713 1751 5772 Combeﬁ-

1851 4561 1991 4600 cere.
2020 4544 2208 4615 Itaque
2236 4543 2549 4611 voluptates
2573 4542 2697 4595 vitae
2731 4540 2934 4596 sensim
2961 4536 3244 4600 subtraho,
3268 4545 3421 4589 tuam

1847 4644 2063 4684 omnem
2102 4627 2558 4681 consuetudinem
2590 4625 2800 4688 delens,
2852 4639 2919 4677 ne
2964 4622 3105 4676 forte
3148 4621 3194 4674 si
3236 4619 3421 4674 subito

1848 4736 2039 4776 omnes
2071 4721 2234 4775 simul
2274 4720 2583 4788 voluptates
2623 4698 3013 4779 irritaris,'t'ibi
3037 4713 3156 4782 ipse
3200 4709 3421 4764 turbam

1848 4812 2213 4868 tentationum
2243 4826 2516 4866 accersas.
2549 4807 2687 4861 Cum
2724 4814 2904 4861 autem
2930 4817 3097 4857 unum
3127 4799 3423 4872 voluptatis

1866 4972 1911 5004 “
1944 4970 2079 5033 ibid.
2145 4969 2237 5034 27,
2293 4967 2384 5021 28.
2500 4965 2547 4997 ’°
2584 4963 2729 5018 Psal.
2784 4974 2970 5024 cxxxr,
3025 4971 3078 5013 4.
3190 4957 3232 4989 "
3258 4955 3420 5011 Prov.

1859 5155 1977 5210 sius
2020 5148 2307 5221 legendum
2351 5145 2533 5200 εὔνοια
2567 5145 2646 5207 εἰς
2673 5141 2827 5206 Θεόν,
2860 5141 3022 5210 idque
3055 5138 3111 5193 in
3142 5136 3423 5207 interpre-

1857 5223 2026 5277 tando
2053 5220 2227 5276 secuti
2255 5231 2465 5273 sumus.

1920 5291 2044 5372 $35.).
2070 5291 2179 5372 ἕξις
2204 5284 2483 5372 ﬁmi"?
2498 5278 2598 5372 “Si?
2626 5279 3142 5372 “3.3991931”?
3162 5276 3422 5372 Είῖίξῖῗές

1854 5348 1967 5417 τοῧ.
2007 5348 2210 5430 Ϊὺὶάεξη
2246 5348 2376 5411 editi
2422 5354 2601 5430 ἀρκεῖ.
2641 5349 2761 5430 Duo
2799 5350 3022 5430 c_odices.
3060 5355 3122 5402 ut
3154 5348 3218 5407 in
3243 5355 3420 5403 textu.

1856 5433 2023 5489 Iidem
2054 5429 2215 5500 paulo
2247 5435 2368 5500 post
2396 5418 2753 5500 μαθητευθεξς
2777 5418 2855 5489 τῷ
2882 5418 3091 5490 Κυρίῳ.

1929 5489 2294 5573 (84)’Ἔοντώ.
2317 5489 2477 5548 Deest
2509 5489 2565 5545 in
2596 5489 2810 5568 duobus
2832 5489 2979 5544 mss.

1929 5572 2041 5615 mm
2081 5568 2273 5615 ηλέπε
2320 5564 2450 5615 γὰο.
2495 5562 2605 5615 ὅτι.
2667 5557 2758 5613 διε
2817 5559 2926 5614 duo
2982 5556 3221 5615 codices.
3278 5556 3422 5614 alius

1928 5564 2041 5696 $85)
2077 5564 2450 5647 Bléneqt‘zp,
2495 5564 2624 5648 ὅτι.ο
2667 5564 2758 5613 Sic
2817 5564 2926 5614 duo
2982 5564 3221 5625 codices,

1859 5641 1923 5714 βλ
1957 5659 2043 5714 πει
2079 5636 2347 5714 ias-.5511"
2380 5633 2691 5714 βλὲῖτεν.ως·
3033 5697 3058 5714 η

1929 5697 2042 5785 (86)
2073 5697 2407 5779 eumnam.
2442 5702 2533 5759 Sic
2553 5697 2669 5758 duo
2694 5714 2824 5756 mss.
2857 5697 2996 5754 Editi
3031 5697 3301 5790 θαρρήσῃ.
3370 5710 3378 5719 η
3440 5774 3445 5781 ί
