3912 6214
522 328 620 384 551

1856 332 1915 390 Β.
1955 332 2201 390 BASILII
2238 334 2454 391 MAGNI

522 442 774 501 morbum
815 443 868 501 vi
902 444 1273 516 superaveris,
1305 446 1530 518 accinge
1559 453 1614 504 te
1656 448 1723 503 ad
1754 448 2090 519 voluptatem

2197 453 2464 523 προκοπή.
2514 450 2671 507 Κατὰ
2713 447 2908 523 μικρὸν
2934 440 3028 502 οὖν
3068 443 3279 500 κλέπτε.
3297 440 3398 505 τὰς
3447 438 3642 512 ἡδονὰς
3680 437 3779 493 τοῦ

519 534 682 587 etiam
708 533 1087 589 debellandam
1112 552 1128 603 ;
1152 542 1207 591 et
1234 536 1308 590 ita
1329 536 1550 592 demum
1572 539 1881 608 voluptates
1902 554 2095 595 omnes

520 626 845 696 tempestive
884 627 1156 684 domabis.
1202 627 1339 683 Nam
1389 630 1687 700 voluptatis
1733 631 1953 700 quidem
1998 646 2097 686 no-

523 732 651 773 men
694 734 888 786 unum,
926 719 1022 775 sed
1071 735 1161 776 res
1201 720 1451 777 diversae.
1490 719 1584 787 Sis
1621 723 1806 792 itaque
1835 723 2093 793 primum,

524 809 716 874 frater,
753 813 812 866 in
853 811 1010 882 127
1031 813 1335 870 tentatione
1361 815 1510 870 omni
1545 815 1781 885 patiens.
1828 814 2096 881 Qualibus

519 909 704 958 autem
740 905 1143 960 tentationibus
1168 904 1348 962 ﬁdelis
1379 907 1665 977 probatur,
1692 907 1910 961 damnis
1936 923 2095 961 mun-

519 992 716 1062 danis,
763 994 1279 1063 criminationibus,
1317 998 1655 1062 mendaciis,
1710 997 2093 1063 contumacia,

525 1064 1044 1153 obtrectationibud,
1087 1086 1601 1157 persecution‘ibus?
1647 1087 1745 1144 His
1794 1097 1849 1145 et
1894 1089 2095 1144 simili-

520 1175 626 1231 bus
649 1174 914 1246 probatur
943 1175 1137 1233 ﬁdelis.
1172 1177 1378 1234 Deinde
1413 1179 1489 1234 sis
1517 1179 1680 1233 etiam
1707 1179 1957 1250 quietus,
1982 1194 2094 1234 non

521 1281 768 1339 praeceps
798 1268 1003 1332 verbis,
1043 1283 1153 1323 non
1199 1269 1496 1341 litigiosus,
1536 1285 1644 1325 non
1685 1270 1742 1324 in
1783 1269 2097 1326 contentio-

520 1371 644 1412 nem
679 1371 909 1427 pronus,
938 1372 1049 1412 non
1078 1357 1311 1427 cupidus
1353 1360 1541 1430 gloriae
1590 1374 1763 1427 vanae,
1806 1375 1918 1415 non
1960 1358 2096 1415 eﬁ'u-

520 1450 666 1504 tiens
715 1464 939 1515 arcana,
983 1450 1079 1508 sed
1131 1451 1237 1506 ﬁde
1289 1451 1510 1523 dignus,
1573 1468 1685 1508 non
1736 1453 1792 1507 in
1843 1467 2097 1509 sermone

521 1541 751 1604 multus,
792 1541 888 1597 sed
919 1550 1039 1598 esto
1092 1558 1309 1614 semper
1360 1560 1470 1598 non
1514 1544 1581 1600 ad
1629 1544 1957 1612 docendum,
1999 1544 2095 1600 sed

520 1630 589 1684 ad
635 1629 957 1685 discendum
1003 1638 1250 1702 paratus.
1292 1630 1370 1687 Ne
1418 1633 1736 1689 curiose'de
1778 1634 1891 1688 vita
1943 1646 2098 1689 mun-

520 1721 664 1778 dana
693 1722 963 1793 inquiras,
1003 1723 1148 1779 unde
1173 1723 1308 1777 nihil
1338 1724 1434 1779 tibi
1460 1738 1810 1780 accessurum
1837 1725 1911 1780 sit
1940 1739 2093 1780 emo-

519 1810 770 1867 lumenti.
802 1812 892 1866 Ait
935 1814 1081 1869 enim
1112 1833 1125 1869 :
1157 1812 1225 1868 Ut
1250 1831 1312 1869 ne
1348 1818 1598 1885 loquatur
1639 1831 1697 1870 os
1728 1832 1899 1871 meum
1935 1831 2094 1886 opera
2125 1801 2166 1859 Β

520 1904 792 1958 hominum
816 1905 881 1960 ⁸⁸.
913 1903 1017 1972 Qui
1060 1906 1205 1972 epim
1235 1922 1298 1962 ea
1333 1922 1455 1977 qua
1485 1915 1831 1977 peccatorum
1870 1917 1999 1964 sunt
2021 1908 2096 1962 lu-

523 1991 661 2051 bens
685 1995 951 2067 loquitur,
985 1997 1096 2052 cits
1127 1997 1181 2052 in
1210 2011 1269 2054 se
1299 2000 1603 2054 exsuscitat
1626 1999 1954 2068 voluptates.
1983 1997 2095 2054 lmo

520 2088 703 2156 potius
737 2089 993 2144 curiosus
1028 2089 1106 2145 sis
1157 2088 1212 2144 in
1257 2090 1371 2145 vita
1411 2091 1686 2161 justorum
1715 2091 2090 2161 exquirenda:

518 2178 599 2232 ita
651 2177 799 2233 enim
832 2179 932 2234 tibi
980 2180 1101 2251 ipse
1151 2181 1501 2252 comparabis
1549 2183 1863 2237 utilitatem.
1906 2180 1985 2237 Ne
2017 2183 2094 2238 sis

518 2270 601 2325 tui
637 2269 958 2326 ostendendi
997 2271 1254 2342 cupidus,
1289 2288 1458 2344 pagos
1504 2280 1597 2328 aut
1624 2274 1815 2329 domos
1858 2275 2096 2328 circurn-

518 2376 796 2431 cursans;
838 2363 934 2419 sed
972 2363 1089 2419 haec
1137 2372 1197 2420 ut
1243 2367 1548 2419 animarum
1579 2366 1803 2436 laqueos
1851 2364 1995 2436 fuge.
2038 2364 2094 2420 Si

520 2456 648 2525 quis
696 2463 876 2511 autem
924 2463 979 2512 te
1034 2455 1104 2511 ob
1150 2457 1377 2511 multam
1433 2457 1711 2528 pietatem,
1762 2458 1815 2510 in
1874 2457 2093 2512 domum

520 2560 679 2599 suam
719 2546 909 2601 multis
942 2546 1008 2601 de
1034 2548 1219 2604 causis
1260 2549 1475 2613 invitet,
1513 2548 1689 2605 discat
1722 2550 1816 2620 qui
1856 2551 1983 2604 talis
2012 2557 2096 2605 est

526 2634 687 2692 ﬁdem
715 2637 1053 2693 centurionis
1082 2639 1261 2711 sequi,
1294 2640 1410 2711 qui,
1445 2655 1570 2695 cum
1605 2639 1765 2698 Jesus
1794 2642 2095 2699 curationis

519 2741 655 2798 ergo
684 2727 753 2783 ad
784 2728 963 2800 ipsum
1005 2742 1350 2802 properaret,
1389 2733 1716 2804 deprecatus
1757 2743 1840 2791 est
1867 2734 1954 2791 his
1981 2751 2097 2791 ver-

526 2819 651 2875 bis:
690 2818 934 2888 Domine,
965 2839 1069 2877 non
1101 2840 1218 2878 sum
1258 2821 1449 2896 dignus
1490 2834 1548 2879 ut
1579 2826 1743 2881 intres
1774 2826 1869 2882 sub
1903 2835 2095 2882 tectum

527 2926 723 2977 meum,
774 2912 865 2967 sed
915 2922 1120 2968 tantum
1159 2914 1247 2968 dic
1289 2918 1501 2970 uerbum
1554 2926 1605 2971 et
1654 2917 1930 2972 sanabitur
1968 2935 2097 2989 puer

523 3020 671 3058 meus
695 3003 761 3060 ³⁸.
793 3003 930 3061 Cum
966 3013 1148 3061 autem
1177 3008 1228 3063 ei
1253 3005 1414 3064 Jesus
1440 3008 1669 3065 dixisset
1703 3027 1717 3064 :
1760 3009 1926 3077 Vade,
1960 3013 2095 3065 sicut

522 3095 821 3161 credidisti,
860 3098 958 3167 ﬁat
990 3097 1086 3151 tibi
1110 3097 1157 3131 “
1184 3116 1198 3153 :
1227 3114 1363 3169 puer
1393 3099 1488 3154 illa
1529 3100 1648 3171 ipsa
1698 3100 1832 3157 hora
1873 3113 2095 3159 sanatus

523 3197 630 3245 est.
671 3185 789 3243 Hoc
814 3189 999 3261 itaque
1029 3190 1125 3245 tibi
1160 3199 1347 3245 notum
1389 3192 1482 3256 sit,
1527 3191 1720 3256 frater,
1753 3207 1862 3248 non
1891 3193 2094 3250 Christi

525 3281 834 3350 praesentia,
872 3280 969 3336 sed
1006 3281 1240 3353 petentis
1271 3280 1377 3337 ﬁde
1406 3281 1700 3337 liberatum
1724 3281 1896 3339 fuisse
1922 3299 2095 3355 aegro-

524 3378 754 3427 tantem.
786 3370 863 3426 Ita
894 3379 947 3427 et
978 3388 1127 3427 nunc
1159 3381 1418 3445 precante
1439 3381 1494 3430 te
1520 3375 1576 3429 in
1601 3391 1711 3446 quo
1744 3375 1917 3433 fueris
1950 3377 2093 3443 loco,

523 3470 578 3518 et
612 3471 819 3534 aegroto
866 3463 1125 3520 credente
1168 3481 1227 3520 se
1258 3467 1514 3537 precibus
1564 3469 1675 3523 tuis
1717 3467 1964 3540 adjutum
2005 3469 2094 3535 iri,

520 3555 773 3613 evenient
804 3557 882 3612 illi
915 3559 1097 3614 omnia
1128 3572 1197 3614 ex
1227 3559 1519 3614 sententia.

2196 540 2336 613 βίου,
2376 541 2715 613 ἐξαφανίζων
2776 536 3003 596 σεαυτοῦ
3069 538 3251 592 πᾶσαν
3299 532 3588 605 συνήθειαν
3628 528 3779 602 (87),

2197 634 2427 704 μήποτε,
2457 633 2669 708 ἀθρόως
2710 632 2891 695 πάσας
2940 628 3077 703 ὁμοῦ
3125 626 3374 702 ἐρεθίσας
3408 624 3509 689 τὰς
3554 623 3779 696 ⁴ἡδονὰς,

2192 722 2349 795 δχλον
2406 724 2726 797 πειρασμῶν
2778 722 2990 793 σεαυτῷ
3047 717 3352 793 ὲπαγάγῃς.
3405 714 3601 770 Ἦνίκα
3626 713 3674 766 δ’
3710 712 3783 767 ἂν

2192 816 2287 871 τοῦ
2320 817 2439 881 ἐνδς
2466 816 2672 879 πάθους
2703 816 2802 887 τῆς
2841 813 3035 886 ἡδονῆς
3065 811 3209 866 κατὰ
3248 808 3449 881 κράτος
3482 805 3778 878 περιγένῃ,

2194 909 2333 981 πρὸς
2364 907 2463 980 τὴν
2493 907 2685 978 ἑτέραν
2710 906 2901 978 ἡδονὴν
2931 903 3266 976 παράταξαι,
3296 900 3389 954 καὶ
3413 898 3553 952 οὕτω
3578 896 3781 951 πασῶν

2194 1000 2302 1055 τῶν
2355 998 2559 1069 ἡδονῶν
2616 998 2890 1070 εὐκαίρως
2948 995 3306 1066 περιγενήσῃ.
3393 989 3616 1059 Ἡδονῆς
3665 986 3783 1058 γάρ

2193 1092 2364 1163 ὄνομα
2422 1090 2524 1163 μὲν
2588 1091 2686 1157 ἕνα,
2741 1090 3045 1163 πράγματα
3112 1085 3171 1140 δὲ
3226 1083 3478 1154 διάφορα.
3539 1078 3779 1143 Τοίνυν,

2194 1182 2417 1250 άδελφὲ,
2473 1180 2565 1235 έσο
2615 1167 2830 1253 πρῶτον
2882 1179 2981 1251 μὲν
3042 1174 3439 1248 ὐπομονητικδς
3484 1169 3599 1243 (88)
3639 1169 3782 1241 πρὸς

2194 1273 2370 1326 πάντα
2406 1272 2731 1345 πειρασμόν.
2769 1271 3103 1343 Πειρασμοῖς
3139 1268 3199 1323 δὲ
3241 1267 3502 1328 ποταποῖς
3544 1263 3782 1334 δοκιμά-

2195 1364 2345 1430 ζεται
2372 1367 2401 1418 ὁ
2436 1364 2644 1431 πιστὸς,
2692 1362 2918 1436 ζημίαις
2965 1361 3279 1434 κοσμικαῖς,
3314 1357 3643 1428 ἐγκλήμασι,
3679 1371 3783 1409 xa-

2192 1454 2590 1525 ταψεύσμασιν,
2649 1454 2994 1520 ἁπειθείαις,
3049 1451 3420 1514 καταλαλιαῖς,
3468 1448 3781 1518 διωγμοϊςς

2194 1548 2290 1611 Et;
2331 1548 2504 1602 ταῦτα
2549 1548 2645 1602 καὶ
2693 1546 2765 1601 τὰ
2815 1545 3041 1601 τοιαῦτα
3090 1542 3440 1615 δοκιμάζεται
3476 1541 3507 1595 ό
3559 1537 3782 1604 πιστός.
3864 1590 3871 1601 ,

2196 1640 2426 1694 Ἔπειτα
2476 1639 2535 1694 δὲ
2592 1639 2687 1694 καὶ
2746 1636 2969 1710 ήσύχιος
3029 1636 3155 1702 ἔσο,
3224 1633 3301 1707 μὴ
3375 1630 3657 1706 προπετὴς
3717 1630 3785 1686 ἐν

2193 1729 2368 1803 λόγῳ,
2437 1732 2511 1803 μὴ
2585 1730 2897 1800 ὲριστικδς,
2978 1728 3068 1800 μὴ’
3124 1726 3459 1797 φιλόνεικος,
3536 1723 3614 1794 μὴ
3678 1738 3779 1775 κε-

2193 1822 2422 1889 νόδοξος,
2463 1822 2538 1895 μὴ
2590 1821 2930 1895 ὲξηγητικὸς,
2976 1818 3113 1874 ἀλλὰ
3167 1817 3478 1888 φιλόπιστος
3513 1814 3649 1886 (89)'
3700 1812 3780 1885 μὴ

2204 1915 2266 1968 ὲν
2292 1915 2433 1985 λόγῳ
2467 1914 2656 1978 πολὺς,
2690 1913 2909 1985 ἑτοιμος
2936 1911 2995 1965 δὲ
3016 1910 3125 1964 ῐσθι
3149 1910 3235 1964 ἀεὶ
3267 1908 3341 1981 μὴ
3361 1907 3497 1979 πρὸς
3517 1906 3780 1965 διδασκαο

2193 2006 2335 2071 λίαν,
2383 2005 2521 2061 ἀλλὰ
2562 2004 2699 2077 πρὸς
2745 2004 3000 2077 μάθησιν.
3062 2001 3156 2074 Μὴ
3205 1996 3570 2070 περιεργάζου
3625 1996 3781 2068 βίους

2194 2097 2507 2167 κοσμικοὺς,
2544 2095 2669 2149 ὅθεν
2695 2092 2848 2148 οὐδέν
2879 2110 2961 2148 σοι
2988 2091 3359 2166 προσγένηται
3391 2088 3604 2158 ὄφελος.
3636 2086 3779 2159 Φησὶ

2194 2188 2330 2259 γάρ·
2358 2187 2549 2253 Ὅπως
2576 2184 2654 2241 ἂν
2669 2185 2756 2256 μὴ
2795 2184 3042 2254 λαλήσῃ
3072 2181 3139 2238 τὸ
3164 2184 3359 2253 στόμα
3378 2198 3499 2250 μου
3525 2178 3601 2233 τὰ
3628 2176 3781 2248 ἔργα

2193 2277 2312 2333 τῶν
2333 2276 2678 2345 ἀνθρώπων.
2717 2276 2777 2330 '0
2807 2274 2917 2346 γὰρ
2947 2273 3120 2346 ήδέως
3146 2270 3323 2325 λαλῶν
3346 2269 3417 2323 τὰ
3442 2267 3552 2322 τῶν
3586 2269 3781 2338 ἁμαρ-

2193 2369 2380 2423 τωλῶν
2425 2369 2659 2438 ἑτοίμως
2704 2365 2826 2420 καθ’
2872 2364 3065 2419 ἑαυτοῦ
3105 2361 3378 2429 ὲξυπνίζει
3410 2359 3511 2425 τὰς
3552 2358 3776 2432 ἡδονάς.

2194 2460 2407 2516 Μᾶλλον
2454 2460 2511 2514 δὲ
2548 2458 2993 2530 πολυπραγμόνει
3049 2456 3141 2510 τὸν
3188 2455 3298 2509 τῶν
3349 2453 3570 2508 δικαίων
3622 2451 3740 2524 βίον
3761 2469 3776 2482 ·

2194 2555 2335 2609 οὕτω
2358 2554 2464 2625 γάρ
2498 2553 2564 2608 ἂν
2585 2554 2837 2624 εὑρήσεις
2871 2546 3049 2620 ἑαυτῷ
3078 2547 3288 2618 ὄφελος.
3323 2546 3415 2617 Μὴ
3453 2544 3545 2599 ἔσο
3586 2544 3782 2613 φιλεν-

2193 2645 2409 2714 δείκτης
2457 2641 2591 2713 (90),
2638 2639 2920 2711 περιάγων
2964 2635 3063 2699 τὰς
3107 2633 3299 2705 κώμας
3335 2631 3369 2704 ἢ
3416 2630 3515 2695 τὰς
3558 2630 3776 2693 οἰκίας

2195 2737 2361 2806 φεῦγε
2391 2735 2447 2789 δὲ
2477 2733 2681 2796 ταύτας
2720 2731 2797 2795 ὡς
2832 2727 3020 2800 ψυχῶν
3060 2724 3315 2795 παγίδας.
3363 2723 3428 2777 El
3467 2721 3524 2776 δέ
3560 2737 3648 2785 τις
3683 2719 3783 2775 διὰ

2196 2827 2392 2899 πολλὴν
2434 2825 2720 2881 εὐλάϐειαν
2789 2818 3165 2892 προτρέπεται
3217 2832 3277 2870 σε
3317 2816 3399 2879 είς
3440 2813 3533 2867 τὸν
3574 2811 3780 2867 ἑαυτοῦ

2194 2914 2340 2973 οἷκον
2409 2915 2618 2971 πολλῶν
2679 2912 3008 2984 προφάσεων
3080 2907 3244 2961 ἕνεκα
3262 2924 3277 2938 ο
3359 2903 3681 2977 μανθανέτω
3750 2905 3784 2959 ό

2194 3009 2428 3072 τοιοῦτος
2449 3004 2761 3061 ἀκολουθεῖν
2788 3005 2856 3075 τῇ
2887 3001 3069 3055 πίστει
3108 2996 3203 3053 τοῦ
3238 2994 3659 3068 ἑκατοντάρχου,
3689 2993 3781 3060 ὃς,

2196 3101 2289 3156 τοῦ
2340 3097 2513 3173 Ἰησοῦ
2562 3095 2858 3169 θεραπείας
2902 3093 3065 3165 χάριν
3112 3089 3249 3163 πρὸς
3285 3088 3450 3142 αὐτὸν
3486 3085 3787 3157 ἐπειγομέο

2199 3212 2310 3259 νου,
2336 3192 2691 3267 παρῃτήσατο
2722 3188 2931 3256 λέγων’
2977 3184 3177 3251 Κύριε,
3234 3183 3348 3236 οὐκ
3396 3180 3511 3250 ειμι
3561 3179 3786 3247 ἱκανὸς

2198 3289 2299 3343 ἵνα
2317 3304 2435 3357 μου
2462 3285 2578 3341 ὑπὸ
2622 3283 2737 3352 τὴν
2767 3279 2992 3350 στέγην
3028 3275 3332 3343 εἰσέλθῃς,
3384 3272 3544 3328 ἀλλὰ
3576 3273 3788 3342 μόνον

2198 3377 2329 3433 εἰπὲ
2364 3379 2551 3447 λόγον
2578 3375 2715 3448 (9i),
2747 3372 2847 3429 καὶ
2882 3368 3192 3436 ἰαθήσεται
3233 3370 3266 3421 ὁ
3310 3365 3452 3433 παῖς
3486 3382 3626 3436 μου.
3664 3365 3786 3420 Τοῦ

2199 3470 2257 3525 δὲ
2305 3469 2479 3541 Ἰησοῦ
2509 3466 2753 3531 εἰπόντος
2786 3463 2933 3536 αὐτῷ
2956 3479 2970 3494 ·
3002 3464 3243 3532 Ὕπαγε,
3281 3460 3361 3527 ὡς
3381 3458 3783 3526 ἐπίστευσας,

2201 3560 2502 3634 γενηθήτω
2537 3575 2664 3614 σοι’
2699 3557 2822 3627 ίάθη
2853 3559 2883 3612 ό
2928 3557 3059 3619 παῖς
3089 3554 3197 3608 ἀπὸ
3226 3552 3326 3625 τῆς
3352 3551 3502 3624 ὥρας
3535 3550 3784 3620 ἐκείνης.

524 3650 696 3706 Τοῦτο
726 3649 819 3707 οὐν
843 3654 1081 3723 γνωστόν
1106 3669 1188 3707 σοι
1221 3653 1381 3721 ἔστω,
1415 3654 1634 3725 άδελιρὲ,
1677 3656 1758 3709 ὅτι
1791 3657 1889 3727 οὐχ
1930 3658 1962 3729 ὴ
2000 3657 2093 3712 τοῦ
2131 3658 2369 3730 Χριστοῦ
2403 3655 2695 3727 παρουσία,
2716 3653 2888 3725 ἀλλ’ἢ
2928 3652 3110 3715 πίστις
3147 3649 3244 3703 τοῦ
3308 3647 3585 3708 αἰτοῦντος
3616 3644 3794 3716 ἠλευ-

524 3746 733 3820 θέρωσε
760 3748 850 3803 τὸν
878 3748 1173 3820 κάμνοντα.
1210 3750 1365 3804 Οὕτω
1393 3752 1485 3825 καὶ
1522 3751 1638 3816 νῦν,
1672 3750 1766 3806 σοῦ
1818 3754 2112 3824 εὐχομένου
2150 3757 2209 3807 ὲν
2237 3747 2280 3821 ᾧ
2332 3749 2398 3827 ᾗς
2432 3751 2547 3823 (92)
2595 3750 2768 3821 τόπῳ,
2800 3748 2895 3802 καὶ
2933 3745 3026 3800 τοῦ
3069 3743 3371 3816 κάμνοντος
3409 3737 3786 3806 πιστεύοντος,

521 3844 604 3899 δτι
629 3844 749 3908 ταῖς
770 3847 889 3909 σαῖς
906 3846 1090 3918 εὐχαῖς
1126 3845 1470 3919 βοηθήσεται,
1494 3846 1824 3919 ἀποϐήσεται
1860 3848 2009 3921 αὐτῷ
2027 3852 2202 3905 πάντα
2223 3849 2593 3920 καταθυμίως.

593 3938 648 3995 5.
688 3937 820 3996 Plus
851 3947 1031 3995 autem
1062 3958 1224 4012 quam
1259 3941 1545 3999 Dominum
1582 3944 1923 4015 propinquos
1958 3954 2085 4001 tuos

523 4047 636 4086 non
666 4030 880 4104 diliges.
917 4032 1022 4098 Qui
1054 4035 1214 4098 enim,
1245 4034 1445 4103 inquit,
1479 4043 1704 4103 patrem,
1733 4045 1825 4088 aut
1848 4045 2090 4099 matrem,

2268 3945 2320 4000 5.
2343 3943 2512 3997 Πλέον
2535 3942 2591 3995 δὲ
2620 3938 2714 3994 τοῦ
2749 3937 2960 4010 Κυρίου
2988 3936 3115 4000 τοὺς
3138 3933 3376 3997 οἰκείους
3400 3948 3493 3986 σου
3529 3927 3605 4002 μὴ
3644 3930 3794 3998 ἀγα-

2198 4038 2413 4108 πήσεις.
2458 4035 2511 4086 Ὀ
2538 4033 2647 4103 γὰρ
2672 4030 2940 4101 ἀγαπῶν,
2979 4029 3133 4100 φησὶ,
3175 4024 3405 4095 πατέρα
3444 4022 3483 4092 ἢ
3522 4020 3789 4093 μητέρα,

524 4136 619 4178 aut
648 4122 842 4193 fratres
876 4142 1038 4195 supra
1072 4143 1153 4180 me
1202 4126 1399 4197 diligit,
1444 4143 1547 4181 non
1573 4135 1652 4181 est
1694 4142 1775 4180 me
1811 4125 1998 4197 dignus
2026 4127 2091 4179 ³⁵.

2197 4128 2236 4197 ἢ
2269 4125 2576 4196 ἀδελφοὺς
2602 4122 2751 4190 ὑπὲρ
2774 4119 2897 4191 ἐμὲ,
2921 4121 3033 4174 οὐκ
3073 4119 3206 4173 ἔστι
3238 4134 3359 4187 μου
3400 4112 3588 4180 ἄξιος.
3621 4113 3688 4166 Τί
3727 4114 3792 4168 δὲ

523 4215 669 4282 Quid
692 4230 823 4271 vero
849 4216 954 4271 sibi
973 4219 1090 4272 vult
1116 4217 1330 4272 Domini
1366 4218 1719 4273 mandatum?
1748 4215 1807 4273 Si
1836 4218 1974 4288 quis,
2009 4218 2094 4271 in-

2201 4218 2449 4291 βούλεται
2487 4218 2521 4287 ἡ
2549 4214 2643 4268 τοῦ
2673 4212 2879 4285 Κυρίου
2914 4209 3131 4282 ὲντολή;
3166 4208 3241 4265 El
3278 4225 3389 4275 τις,
3430 4207 3617 4278 φησὶν,
3661 4209 3791 4263 οὐκ

521 4307 667 4377 quit,
715 4324 821 4364 non
861 4308 1000 4363 tollit
1035 4325 1240 4364 crucem
1273 4328 1449 4375 suam,
1497 4319 1546 4365 et
1590 4310 1826 4381 sequitur
1859 4326 1959 4373 me,
1991 4326 2094 4365 non

2200 4310 2351 4379 αἴρει
2374 4308 2482 4363 τόν
2509 4305 2775 4374 σταιιρὸν
2807 4304 3015 4367 αὐτοῦ,
3055 4300 3155 4358 καί
3197 4298 3517 4354 ἀκολουθεῖ
3541 4314 3666 4367 μοι.
3702 4301 3791 4353 οὐ

519 4407 692 4469 potest
725 4415 870 4454 meus
909 4416 1021 4455 esse
1050 4401 1337 4472 discipulus
1358 4402 1424 4459 “.
1450 4401 1607 4468 Quod
1639 4402 1687 4456 si
1729 4403 1794 4457 iis
1831 4402 1920 4472 qui
1957 4416 2088 4457 san-

2201 4398 2452 4455 δύναταί
2481 4414 2600 4468 μου
2647 4392 2800 4449 εἶναι
2846 4392 3140 4464 μαθητής.
3180 4391 3244 4444 Et
3286 4386 3653 4452 συναπέθανες
3698 4390 3791 4460 τῷ

524 4491 693 4562 guine
718 4492 820 4547 tibi
851 4493 1130 4563 conjuncti
1165 4501 1314 4557 sunt,
1357 4509 1467 4549 una
1502 4509 1629 4549 cum
1679 4493 1902 4549 Christo
1942 4508 2092 4549 mor-

2197 4487 2413 4562 Χριστῷ
2438 4486 2547 4541 ἀπὸ
2573 4484 2680 4537 τῶν
2716 4481 2993 4552 συγγενῶν
3028 4498 3122 4533 σου
3154 4479 3263 4532 τῶν
3304 4477 3446 4532 κατὰ
3481 4476 3682 4547 σάρκα,
3731 4478 3790 4530 τί

523 4592 657 4641 tuus
686 4601 770 4650 es,
797 4585 927 4657 quid
955 4600 1150 4642 rursus
1178 4586 1262 4641 vis
1287 4601 1411 4641 cum
1439 4586 1551 4642 illis
1577 4586 1827 4643 versari?
1855 4584 1953 4640 Sin
1987 4602 2088 4640 au—

2197 4582 2355 4637 πάλιν
2392 4582 2449 4633 ὲν
2473 4578 2655 4640 αὐτοῖς
2689 4572 3121 4647 ἀναστρέφεσθαι
3158 4570 3367 4635 θέλειςς
3396 4570 3459 4623 Ei
3486 4568 3542 4623 δὲ
3574 4567 3611 4621 ἃ.
3644 4585 3791 4622 κατ-

524 4684 635 4732 tem
693 4692 817 4748 quae
868 4677 1192 4733 destruxisti
1247 4685 1474 4750 propter
1518 4678 1838 4743 Christum.
1897 4692 2092 4734 rursus

2197 4674 2390 4737 έλυσας
2437 4669 2527 4726 διὰ
2573 4668 2840 4740 Χριστὸν,
2892 4665 3052 4720 πάλιν
3106 4663 3278 4718 ταῦτα
3333 4660 3634 4732 οίκοδομεῖς
3685 4660 3792 4716 διὰ

520 4767 765 4823 aediﬁcas
817 4776 1042 4839 propter
1094 4778 1357 4838 cognatos
1426 4776 1569 4832 tuos.
1622 4770 2091 4841 pravaricatorem

2197 4766 2323 4829 τοὺς
2360 4763 2645 4832 συγγενεῖς
2690 4777 2806 4821 σου,
2850 4756 3175 4829 παραϐάτην
3214 4753 3440 4809 σεαυτὸν
3488 4751 3789 4823 καθιστᾷς.

522 4860 764 4931 teipsum
815 4861 1132 4917 constituis.
1180 4860 1258 4916 Ne
1294 4861 1462 4932 igitur
1489 4861 1560 4916 ob
1597 4860 1835 4916 aﬁinium
1873 4867 2094 4915 tuorum

2199 4858 2293 4930 Μὴ
2326 4853 2419 4913 οὖν
2464 4855 2555 4910 διὰ
2596 4854 2756 4928 χρέος
2790 4853 2903 4908 τῶν
2946 4850 3219 4922 συγγενῶν
3269 4863 3363 4901 σου
3415 4844 3795 4917 ἁναχωρὴσῃς

595 5015 639 5047 ³⁸
661 5013 807 5071 Psal.
828 5030 941 5077 XVI,
968 5015 1024 5070 ι.
1100 5015 1144 5047 ³³
1172 5013 1362 5069 Matth.
1402 5030 1521 5080 vm,
1549 5015 1604 5069 8.
1676 5014 1722 5055 ⁸⁵
1748 5012 1879 5070 ibid.
1918 5013 2004 5067 15.
2082 5012 2094 5044 ¹

2197 5011 2352 5066 lattb.
2378 5027 2435 5077 ι,
2477 5012 2567 5067 ‘57.
2647 5010 2692 5042 "
2727 5008 2863 5065 Luc.
2897 5024 3008 5073 slv,
3043 5005 3134 5061 27.

591 5168 1103 5243 (87)μΣυνήθείαν.Δ
1141 5167 1511 5243 Combelisius
1553 5167 1811 5243 intelligit
1851 5165 1919 5222 de
1961 5183 2088 5243 con-

2233 5167 2387 5243 ”(89)
2415 5168 2802 5243 duddguo'roq.
2832 5164 3226 5243 Percommoda
3257 5162 3475 5243 videtur
3502 5162 3791 5243 _Combeﬁ-

521 5234 814 5296 suetudine
862 5234 1204 5294 saecularium
1254 5248 1339 5291 et-
1370 5239 1604 5292 maxime
1658 5234 1971 5293 munerum.
2027 5240 2098 5291 At
2202 5234 2648 5308 sii'emendatio,
2685 5238 2778 5308 qui
2832 5235 3118 5307 legendum
3159 5243 3347 5291 censet
3394 5234 3787 5306 φιλόπευστος,

522 5312 693 5365 multo
726 5312 899 5371 satius
932 5311 1109 5364 visum
1141 5319 1225 5364 est
1264 5309 1379 5363 haec
1425 5309 1674 5378 accipere
1718 5308 1788 5363 de
1829 5309 2091 5378 vjtioruni
2205 5310 2455 5364 audiendi
2496 5307 2735 5376 cupidus.

524 5380 790 5449 abolenda
842 5380 1257 5435 consuetudine.
1310 5377 1402 5433 Sic
1448 5373 1589 5432 infra
1621 5388 1815 5449 aut-tor
1842 5376 2094 5449 Epistolas

2276 5380 2388 5449 (90)
2448 5373 2889 5447 Φιλὲνδείκτης.
2953 5374 3073 5432 Duo
3136 5389 3268 5431 mss.
3345 5373 3788 5446 φιλεκδημητής,

530 5446 599 5523 ad
629 5448 878 5523 iuniores
912 5450 1105 5523 suadet
1138 5446 1934 5523 ὸργῆςᾼᾴφανισμόνηΒειεῌὶιὶε
1965 5447 2094 5523 Reg:

2204 5446 2571 5523 peregrinandi
2605 5446 2845 5523 cupidus.

527 5514 647 5574 ius.
673 5535 748 5593 p._
778 5520 925 5575 3M:
961 5521 1035 5573 Οὐ
1082 5514 1279 5593 μικρός
1314 5514 1558 5593 ὀὗτος
1595 5519 1743 5589 ἀγὼν
1774 5520 1876 5593 τῇς
1910 5514 2101 5593 ἑαυτόῦ
2205 5514 2216 5521 ’
2279 5514 2390 5593 (9⁷1)
2426 5520 2816 5593 Eme-161701;.
2831 5517 3016 5573 Codex
3044 5514 3345 5593 [aenei-at,
3363 5514 3527 5593 λόγω.

530 5532 636 5574 Ius.
778 5532 925 5575 6M:
961 5532 1035 5573 υῡ
1075 5532 1277 5643 μικρὸς
1314 5532 1371 5573 δε
1401 5532 1555 5583 ουτος
1595 5532 1743 5589 αγων
1774 5536 1876 5602 τῃς
1910 5532 2094 5572 εαυτου

530 5606 665 5661 συνη
701 5589 817 5653 είας
847 5607 1070 5668 περ-ιγεν
1107 5591 1252 5644 σθαι.
1305 5589 1442 5668 Non
1464 5590 1570 5644 lere
1603 5600 1780 5668 autem
1812 5589 1947 5642 illud
1991 5606 2094 5644 cer-

2300 5532 2361 5575 υι
2426 5532 2572 5575 Eure
2598 5532 2802 5588 λόγον.
2831 5532 3016 5573 uouex
3045 5532 3181 5570 M32.
3216 5532 3336 5569 ειπε
3366 5532 3462 5583 Αογ
3513 5554 3527 5567 .

2435 5582 2615 5668 ξΕηῷ
2634 5584 2729 5668 ᾖς.
2760 5585 2855 5668 Sic
2890 5603 3025 5668 mss.
3056 5586 3202 5668 Εὐξξί
3230 5588 3287 5639 ὲν
3457 5532 3630 5668 gadio
3658 5590 3787 5668 post

529 5656 730 5733 “mea,
753 5656 1105 5733 suam'ipsius
1130 5660 1561 5733 consuetudinem
1590 5663 1809 5733 vincere.
2043 5728 2055 5733 Δ

2211 5656 2342 5718 editi
2368 5656 2485 5726 ταῖς
2507 5656 2691 5733 εὐχαῖς
2719 5668 2770 5719 ει
2792 5659 3104 5733 ἀγαπήσῃς.
3139 5656 3270 5715 Mss.
3296 5656 3435 5713 utin
3456 5662 3743 5712 contextu.

609 5728 723 5799 (88)
766 5730 1240 5801 Ύπομονητικός.
1280 5730 1414 5800 Reg.
1447 5733 1722 5787 secundus
1758 5728 2106 5800 ὐπομονικός.

3097 5872 3103 5905 l
