3870 6218
133 280 233 340 353

1072 277 1562 335 EPISTOLARUM
1601 277 1888 336 CLASSIS
1923 275 1964 335 1.
2004 279 2228 337 EPIST.
2268 283 2430 340 XLII.

3282 291 3390 347 354

131 397 222 452 τοῦ
249 396 418 450 τόπου
443 411 573 449 σουο
606 391 906 467 ἀναχωρῶν
951 393 1062 466 γὰρ
1117 395 1183 449 έκ
1212 394 1308 450 τοῦ
1367 395 1536 450 τόπου
1588 414 1707 463 σου,

1818 414 1948 455 usus
1991 413 2022 453 a
2071 399 2195 455 loco
2243 407 2339 456 tuo
2378 399 2649 457 recedas:
2683 401 2951 460 recedens
2997 403 3142 460 enim
3186 421 3218 461 a
3266 407 3389 464 loco

134 489 259 553 ίσως
289 488 664 560 ἀναχωρήσεις
695 488 807 559 (95)
845 489 909 542 ὲκ
948 487 1041 541 τοῦ
1077 488 1282 560 τρόπου
1336 505 1451 542 σου.
1501 488 1587 560 Μὴ
1619 489 1711 542 ἔσο

132 579 448 651 όχλοχαρὴς,
510 579 583 650 μὴ
649 579 969 649 φιλόχωρος,
1022 579 1098 650 μὴ
1150 579 1522 651 φιλοπολίτης,
1577 579 1712 634 ἀλλά

135 671 451 743 φιλέρημος,
479 671 564 739 ἐφ’
592 656 772 740 ἐαυτῷ
803 670 978 741 μένων
1024 670 1112 724 ἀεὶ
1138 671 1578 743 ἀμετεωρίστως,
1613 672 1712 742 τὴν

131 762 297 835 εὐχὴν
337 763 432 815 καὶ
463 761 562 833 τὴν
599 760 918 832 ψαλμῳδίαν
977 759 1138 832 ἔργον
1190 761 1510 833 ἡγούμενος.
1561 762 1711 834 Μηδὲ

133 857 238 911 τῶν
289 855 737 926 ἀναγνωσμάτων
790 853 1262 927 κατολιγωρήσῃς,
1333 854 1567 925 μάλιστα
1613 855 1711 924 τῆς

131 947 274 1011 Νέας
295 947 571 1019 Διαθήκης
594 945 727 1016 (94),
753 945 840 998 διὰ
866 945 928 998 τὸ
955 947 1020 999 ὲκ
1048 948 1148 1016 τῆς
1172 945 1416 1010 Παλαιᾶς
1438 945 1711 1016 Διαθήκης

133 1039 390 1103 πολλάκις
435 1038 639 1110 βλάϐην
681 1037 1021 1106 ἐγγίνεσθαι⁸
1081 1037 1176 1091 καὶ
1219 1038 1318 1108 οὐχ
1363 1039 1444 1092 ὅτι
1495 1041 1710 1110 ἐγράφη

133 1129 392 1202 βλαϐερὰ,
414 1130 527 1184 ἀλλ’
551 1131 632 1183 ὅτι
658 1131 692 1201 ἡ
725 1128 833 1182 τῶν
871 1127 1263 1199 βλαπτομένων
1309 1129 1516 1184 διάνοια
1553 1131 1712 1184 ἀσθε-

130 1224 245 1294 νής.
277 1225 396 1285 Πᾶς
414 1223 522 1295 γὰρ
554 1224 719 1296 ἄρτος
751 1221 1033 1294 τρόφιμος,
1069 1220 1207 1276 ἀλλά
1239 1223 1351 1285 τοῖς
1395 1222 1710 1278 ἀσθενοῦσιν

134 1314 445 1386 έπιϐλαϐἠς.
470 1314 660 1377 Οὕτως
692 1309 785 1366 οὖν
814 1314 963 1366 πᾶσα
990 1311 1182 1382 Γραφὴ
1223 1310 1583 1376 θεόπνευστος
1617 1313 1712 1366 καὶ

131 1405 420 1476 ὠφέλιμος,
453 1407 546 1458 καὶ
565 1405 717 1458 οὐδὲν
743 1404 918 1458 κοινὸν
945 1403 1011 1458 δι’
1034 1403 1206 1473 αὐτῆς
1225 1421 1240 1434 ·
1277 1405 1326 1456 εί
1367 1403 1440 1475 μὴ
1462 1404 1540 1475 τῷ
1562 1404 1712 1474 λογι-

131 1497 339 1567 ζομένῳ
366 1495 545 1550 κοινὸν
599 1492 764 1558 εἶναι,
800 1495 994 1565 ἐκείνῳ
1023 1494 1136 1565 (95)
1175 1495 1372 1548 κοινόν.
1425 1495 1610 1548 Πάντα
1654 1496 1712 1549 δὲ

131 1587 384 1658 δοκίμαζε
409 1605 423 1618 ⁸
455 1586 516 1641 τὸ
553 1587 716 1640 καλὸν
751 1587 978 1657 κάτεχεξ·
1030 1585 1138 1640 ἀπὺ
1171 1587 1374 1650 παντὸς
1409 1587 1583 1652 εἴδους
1614 1605 1712 1642 πο-

132 1677 289 1751 νηροῦ
312 1678 538 1749 ἀπέχου.
573 1677 776 1732 Πάντα
800 1677 908 1750 γάρ
947 1677 1214 1742 ἔξεστιν,
1245 1678 1384 1732 ἀλλ’
1421 1680 1492 1733 οὐ
1516 1678 1712 1733 πάντα

1810 497 1927 555 tuo,
1954 489 2194 547 fortasse
2232 507 2262 546 a
2306 493 2554 548 moribus
2579 494 2691 550 tuis
2730 495 2979 553 recedes.
3009 495 3130 552 Non
3173 509 3389 556 amator

1811 581 1890 636 sis
1928 581 2120 646 turbre,
2150 597 2260 636 non
2309 583 2476 646 ruris,
2512 599 2620 639 non
2655 585 2959 653 civitatum,
3010 587 3106 642 sed
3136 589 3388 646 solitudi-

1809 672 1938 728 nis:
1966 673 2106 742 apud
2146 675 2494 744 temetipsum
2523 691 2750 731 manens
2797 692 3013 747 semper
3049 680 3188 733 citra
3220 679 3386 735 ullam

1809 764 2010 818 mentis
2064 764 2498 833 aberrationem;
2530 767 2894 836 precationem
2934 777 2988 823 et
3030 769 3386 838 psalmodiam

1810 866 1949 920 opus
1984 859 2136 906 tuum
2171 868 2295 909 esse
2323 856 2670 910 existimans.
2708 855 2896 927 Neque
2933 858 3098 912 etiam
3125 859 3387 914 lectiones

1810 944 2076 1013 negligas,
2103 943 2442 1000 Testamenti
2471 945 2606 1000 Novi
2641 949 2898 1012 maxime,
2924 958 3214 1019 propterea
3241 952 3388 1020 quod

1811 1049 1956 1104 saepe
2007 1052 2073 1092 ex
2106 1035 2292 1092 Veteri
2333 1037 2688 1095 Testamento
2723 1041 2904 1096 oritur
2949 1041 3339 1098 detrimentum
3369 1059 3388 1101 :

1810 1141 1918 1179 non
1951 1127 2097 1196 quod
2130 1129 2347 1198 scripta:
2374 1131 2484 1186 sint
2518 1147 2606 1186 res
2645 1133 2844 1198 noxiae,
2877 1132 2972 1189 sed
3009 1135 3154 1203 quod
3189 1150 3382 1190 eorum

1811 1218 1903 1287 qui
1930 1217 2220 1285 laeduntur,
2253 1236 2408 1276 mens
2438 1223 2672 1276 infirma.
2711 1221 2900 1279 Omnis
2943 1225 3090 1279 enim
3118 1227 3274 1294 panis
3319 1227 3385 1280 ad

1813 1308 2068 1363 alendum
2122 1310 2388 1377 idoneus;
2451 1313 2544 1368 sed
2580 1321 2738 1368 nocet
2775 1315 3027 1371 infirmis.
3082 1316 3174 1372 Sic
3223 1315 3392 1385 igitur

1812 1402 1992 1456 omnis
2033 1399 2318 1471 Scriptura
2361 1405 2628 1460 divinitus
2675 1406 2941 1476 inspirata
2975 1415 3059 1463 est
3092 1415 3256 1477 atque
3290 1407 3392 1462 uti-

1812 1491 1879 1544 lis
1905 1491 1972 1554 ³⁷,
2015 1507 2116 1547 nec
2167 1493 2221 1547 in
2277 1509 2340 1548 ea
2386 1496 2687 1566 quidquam
2721 1498 3066 1568 inquinatum
3111 1506 3226 1560 est;
3279 1498 3390 1555 nisi

1812 1584 1959 1653 quod
2011 1587 2137 1655 quis
2183 1587 2530 1656 inquinatum
2581 1606 2704 1646 esse
2737 1599 2916 1661 putat,
2971 1591 3026 1646 id
3076 1591 3178 1660 ipsi
3218 1591 3392 1662 inqui.

1811 1685 1998 1729 natum
2027 1685 2128 1732 est.
2164 1680 2324 1750 128
2345 1679 2537 1735 Omnia
2567 1691 2751 1736 autem
2784 1684 2953 1753 proba
2975 1701 2987 1736 :
3009 1683 3154 1753 quod
3185 1684 3390 1739 bonum

131 1769 435 1839 συμφέρει.
470 1771 604 1823 Ἔσο
627 1764 720 1824 οὖν
748 1772 862 1833 τοῖς
888 1769 1317 1841 συντυγχάνουσί
1346 1788 1427 1824 σοι
1457 1773 1516 1825 ὲν
1543 1763 1706 1825 πᾶσιν

1818 1777 1910 1828 est,
1945 1775 2068 1823 tene
2105 1789 2117 1824 :
2153 1772 2222 1825 ab
2270 1773 2419 1826 omni
2465 1774 2648 1842 specie
2683 1775 2823 1828 mala
2869 1777 3084 1830 abstine
3101 1776 3167 1831 ³⁸.
3197 1775 3393 1832 Omm’a

132 1862 500 1934 ἀπρόσκοπος,
540 1861 880 1933 προσχαρὴς,
921 1861 1264 1932 φιλάδελφος,
1321 1863 1472 1932 ἡᾱῦς,
1521 1880 1712 1916 ταπει-

129 1953 356 2025 νόφρων,
385 1954 458 2025 μὴ
481 1954 766 2008 ἐκπίπτων
803 1953 895 2007 τοῦ
933 1954 1138 2008 σκοποῦ
1167 1957 1265 2026 τῆς
1297 1954 1596 2025 φιλοξενίας
1623 1954 1712 2008 διὰ

128 2043 429 2117 βρωμάτων
450 2045 798 2108 πολυτελείας
823 2045 956 2117 (96),
983 2045 1321 2116 ἀρκούμενος
1341 2046 1397 2100 δὲ
1425 2049 1536 2110 τοῖς
1573 2063 1714 2119 παρα

126 2137 265 2203 οὖσι,
325 2138 427 2209 τῆς
483 2137 860 2210 καθημερινῆς
907 2139 1096 2210 χρείας
1127 2137 1221 2192 τοῦ
1271 2140 1541 2211 μονὴρους
1596 2138 1711 2208 βίου

130 2227 289 2300 μηδὲν
323 2228 487 2281 πλέον
513 2228 622 2282 ἀπό
649 2244 796 2291 τινος
819 2227 991 2302 λάϐῃς
1011 2245 1026 2260 ο
1053 2229 1149 2283 καὶ
1175 2227 1412 2299 μάλιστα
1449 2228 1588 2298 φύγε
1614 2229 1709 2281 τὸν

124 2321 321 2391 χρυσὸν
352 2321 430 2386 ὡς
456 2319 636 2392 ψυχῆς
679 2320 967 2374 ἐπίϐουλον
1017 2321 1114 2375 καὶ
1159 2321 1432 2392 ἁμαρτίας
1480 2320 1709 2392 πατέρα,

126 2411 400 2483 ὑπουργὸν
419 2411 478 2466 δὲ
500 2411 597 2466 τοῦ
624 2410 898 2468 διαϐόλου.
928 2411 1022 2483 Μὴ
1053 2411 1325 2483 προφάσει
1354 2411 1456 2480 τῆς
1488 2412 1568 2474 είς
1586 2410 1713 2472 τοὺς

128 2504 360 2574 πένητας
392 2503 672 2568 διακονίας
726 2504 950 2559 σεαυτὸν
987 2505 1243 2558 ὑπόδικον
1276 2502 1712 2574 φιλοχρηματίας

127 2597 494 2669 καταστήσῃς.
517 2596 656 2650 Είδέ
683 2614 766 2661 τις
791 2597 1023 2668 πτωχῶν
1048 2596 1212 2650 ἕνεκα
1232 2596 1448 2667 κομίσει
1470 2612 1552 2648 σοι
1577 2596 1712 2666 χρή-

132 2705 291 2756 ματα,
319 2689 468 2759 γνῷς
503 2689 562 2742 δέ
591 2689 706 2762 (97)
746 2707 896 2754 τινας
931 2685 1074 2744 εἶναι
1117 2689 1512 2760 λειπομένουςο
1562 2686 1712 2758 αύτῷ

126 2780 335 2851 ἐκείνῳ,
385 2775 433 2850 ᾧ
482 2780 722 2853 ὑπάρχει
764 2780 831 2834 τὰ
883 2781 1165 2853 χρήματα,
1223 2779 1557 2849 ἀποκομίσαι
1599 2781 1713 2841 τοῖς

128 2871 540 2944 ὑστερουμένοις
569 2873 679 2943 (98)
719 2873 966 2942 ἀδελφοῖς
1026 2871 1451 2941 συμϐούλευσον,
1502 2871 1710 2940 μήποτε

129 2965 324 3037 μολύνῃ
381 2981 480 3018 σου
529 2965 631 3036 τὴν
678 2965 980 3036 συνείδησιν
1029 2967 1062 3037 ἡ
1113 2964 1222 3019 τῶν
1250 2963 1547 3036 χρημάτων
1574 2962 1710 3015 ὑπο-

125 3055 245 3128 δοχή
257 3096 270 3110 .

187 3228 239 3283 4.
267 3228 385 3294 Τάς
420 3227 618 3300 ἡδονὰς
643 3226 812 3298 φεῦγε
830 3242 848 3260 ο
873 3227 974 3298 τὴν
1007 3227 1336 3298 ἐγκράτειαν
1373 3227 1536 3282 δίωκε
1555 3245 1570 3259 ο
1617 3228 1708 3282 καὶ

123 3320 297 3392 τὸμὲν
333 3321 502 3392 σῶμα
528 3323 642 3383 τοῖς
683 3319 864 3382 πόνοις
889 3320 1080 3374 ἄσκει·
1129 3319 1229 3390 τὴν
1275 3318 1332 3371 δὲ
1376 3318 1555 3389 ψυχὴν
1595 3323 1710 3384 τοῖς

126 3416 455 3486 πειρασμοῖς
475 3411 620 3476 ἔθιζε
641 3411 773 3483 (99).
799 3412 908 3484 Τὴν
931 3409 1182 3482 σώματος
1211 3411 1304 3465 καὶ
1322 3410 1498 3481 ψυχῆς
1515 3411 1710 3465 ἀνάλυ-

128 3521 205 3558 σιν
251 3503 582 3573 ἀπαλλαγὴν
642 3502 842 3566 παντὸς
891 3501 1064 3555 κακοῦ
1114 3503 1430 3574 τιθέμενος,
1489 3503 1708 3573 ἐκδέχου

123 3595 226 3648 τῶν
267 3594 515 3648 αἰωνίων
556 3591 779 3662 ἀγαθῶν
814 3592 913 3664 τὴν
949 3592 1270 3656 ἀπόλαυσιν,
1312 3587 1380 3664 ἧς
1425 3593 1623 3656 πάντες
1659 3593 1709 3645 οί

123 3685 262 3753 ἀγωι
293 3686 520 3756 μέτοχοι
544 3684 821 3753 γεγόνασι.
851 3683 924 3737 Σὺ
948 3683 1006 3736 δὲ
1027 3683 1129 3754 (1),
1149 3683 1510 3747 ἀδιαλείπτως
1547 3684 1708 3752 ζυγο-

130 3776 369 3838 στατῶν,
420 3772 882 3844 ἀντιπαρατίθεσο
925 3775 992 3844 τῇ
1061 3771 1338 3844 διαϐολικῇ
1392 3772 1572 3842 ἐννοίᾳ
1619 3773 1710 3827 τὸν

126 3865 320 3936 εὐσεϐῆ
347 3865 635 3936 λογισμὸν,
669 3863 856 3936 ὥσπερ
890 3865 984 3917 ἐπὶ
1015 3864 1287 3935 τρυτάνης
1313 3867 1380 3935 τῇ
1419 3866 1557 3935 ῥοπῇ
1588 3863 1691 3934 τῆς

127 3957 463 4028 πλάστιγγος
513 3957 689 4027 τούτῳ
734 3954 1081 4028 παραχωρῶν
1105 3972 1119 3986 ο
1169 3957 1265 4009 καὶ
1321 3955 1554 4026 μάλιστα
1585 3955 1711 4009 ὅταν

123 4048 484 4104 ἐπαναστᾶσα
501 4051 536 4118 ὴ
563 4047 776 4119 πονηρά
817 4047 996 4102 ἔννοια
1022 4047 1154 4120 λέγῃ
1171 4064 1186 4078 ο
1215 4048 1279 4101 Τί
1313 4064 1395 4100 σοι
1437 4047 1496 4100 τὸ
1521 4046 1712 4118 ὄφελος

124 4141 221 4212 τῆς
249 4144 310 4195 ἐν
356 4141 442 4212 τῷ
478 4141 630 4212 τόπῳ
653 4139 827 4210 τούτῳ
863 4140 1173 4210 διαγωγῆς;
1213 4141 1266 4193 τί
1298 4157 1379 4193 σοι
1414 4141 1476 4192 τὸ
1523 4140 1710 4208 κέρδος

125 4233 219 4305 τῆς
237 4234 650 4306 ἀναχωρήσεως
673 4234 770 4304 τῆς
796 4234 900 4286 ἀπὸ
926 4233 1036 4288 τῶν
1058 4233 1360 4306 ἀνθρώπων
1386 4233 1708 4304 συνηθείαςὲ

134 4327 200 4381 Ἦ
233 4330 335 4382 οὐκ
358 4330 540 4398 ἔγνως
566 4328 693 4389 τοὺς
729 4327 875 4398 παρὰ
897 4325 992 4379 τοῦ
1019 4325 1154 4380 Θεοῦ
1196 4325 1562 4396 τεταγμένους
1590 4326 1714 4378 ἐπι-

131 4418 358 4485 σκόπους
395 4420 511 4473 τῶν
538 4418 632 4473 τοῦ
677 4419 812 4474 Θεοῦ
853 4418 1190 4489 Ἑκκλησιῶν
1225 4421 1336 4482 τοῖς
1367 4417 1592 4490 ἀνδράσι
1633 4416 1710 4487 (2)

133 4512 372 4584 συνήθως
409 4511 830 4576 ωνδιαςῶντας,
881 4512 976 4565 καὶ
1010 4511 1108 4575 τάς
1141 4510 1516 4582 πνευματικὰς
1553 4510 1709 4563 ἀδια-

130 4600 355 4669 λείπτως
418 4601 803 4667 ἐπιτελοῦντας
842 4601 1197 4674 πανηγύρεις,
1243 4603 1300 4655 ὲν
1347 4597 1436 4664 αἶς
1478 4600 1714 4672 μάλιστά

127 4709 226 4748 που
269 4699 387 4760 τοῖς
415 4694 887 4764 παραγενομένοις
928 4695 1135 4765 γίνεται
1167 4694 1389 4764 δφελος;
1432 4695 1579 4748 Ἐκεῖ
1602 4692 1713 4765 γὰρ

1815 1857 1959 1911 enim
1993 1859 2170 1925 licent,
2213 1861 2304 1914 sed
2334 1879 2437 1916 non
2477 1865 2654 1917 omnia
2682 1863 2962 1932 expediunt
2986 1865 3051 1920 ”.
3085 1865 3274 1936 Itaque
3300 1867 3390 1924 his

1815 1948 2144 2018 quibuscum
2185 1953 2426 2007 versaris
2473 1955 2623 2008 nulla
2681 1955 2736 2009 in
2788 1971 2844 2009 re
2891 1955 2970 2011 sis
3028 1955 3387 2024 offendicula,

1816 2038 1892 2092 sis
1933 2039 2109 2103 hctus,
2149 2039 2383 2096 fratrum
2436 2057 2650 2107 amans,
2705 2045 2962 2109 blandus,
2996 2045 3241 2110 humilis,
3276 2063 3390 2104 non

1816 2130 2078 2186 excidens
2129 2133 2519 2204 hospitalitatis
2575 2137 2858 2205 proposito
2917 2153 3013 2206 per
3080 2138 3390 2194 eduliorum

1813 2223 2106 2287 lautitiam,
2139 2225 2232 2280 sed
2261 2227 2626 2295 przescntibus
2661 2234 2976 2291 contentus,
3007 2227 3144 2282 nihil
3190 2243 3220 2282 a
3252 2241 3392 2298 quo-

1813 2331 1977 2386 quam
2017 2317 2158 2371 ultra
2193 2317 2572 2387 quotidianum
2611 2319 2871 2374 solitaria
2894 2319 3022 2374 vita:
3051 2334 3210 2375 usum
3245 2319 3393 2375 acci-

1813 2409 1972 2479 pias:
2000 2423 2063 2461 ac
2095 2409 2401 2478 praesertim
2438 2409 2568 2479 fuge
2612 2424 2808 2464 aurum
2845 2410 2995 2466 velut
3041 2411 3235 2466 animae
3259 2410 3394 2466 insi-

1813 2499 2106 2561 diatorem.
2171 2508 2226 2556 et
2288 2501 2523 2572 peccati
2557 2508 2794 2571 patrem,
2863 2515 2928 2558 ac
2980 2499 3183 2556 diaboli
3231 2500 3392 2556 mini-

1813 2600 2012 2647 strum.
2045 2591 2123 2648 Te
2152 2593 2270 2663 ipse
2305 2593 2549 2648 avaritiae
2574 2593 2871 2648 obnoxium
2899 2608 2968 2648 ne
3011 2593 3389 2657 constitueris,

1812 2683 2041 2738 obtentu
2081 2682 2375 2739 ministerii
2419 2698 2551 2753 erga
2596 2699 2888 2754 pauperes.
2940 2681 2999 2738 Si
3043 2685 3169 2754 quis
3209 2692 3393 2740 autem

1811 2789 2106 2844 egenorum
2157 2775 2329 2843 gratia
2372 2773 2564 2828 afferat
2599 2775 2699 2829 tibi
2747 2773 3031 2845 pecunias,
3082 2782 3136 2829 et
3179 2774 3394 2846 aliquos

1812 2866 2034 2921 noveris
2075 2866 2354 2937 indigere;
2386 2866 2434 2920 ei
2465 2865 2588 2935 ipsi,
2618 2865 2709 2920 cui
2747 2873 2876 2922 sunt
2911 2865 3174 2936 pecuniae,
3204 2863 3392 2920 consi-

1812 2957 1946 3012 lium
1997 2957 2086 3023 da,
2134 2965 2193 3012 ut
2240 2958 2502 3013 fratribus
2548 2957 2920 3028 indigentibus
2961 2958 3272 3025 distribuat,
3322 2971 3394 3013 ne

1814 3049 1953 3104 forte
1994 3049 2390 3106 conscientiam
2434 3055 2586 3103 tuam
2633 3049 2992 3120 coinquinent
3033 3059 3272 3122 acceptae
3298 3063 3392 3120 pe-

1738 3125 1782 3185 c
1813 3143 2013 3196 cuniae.

1882 3233 1938 3287 4.
1983 3231 2302 3304 Voluptates
2347 3233 2522 3303 fuge:
2578 3247 2912 3303 prosequere
2959 3231 3392 3301 continentiam;

1816 3340 1878 3379 ac
1915 3339 2118 3395 corpus
2156 3325 2375 3395 quidem
2413 3324 2693 3380 laboribus
2726 3339 2921 3380 exerce
2949 3342 2964 3379 :
2995 3327 3232 3380 animam
3263 3339 3393 3381 vero

1816 3413 2148 3470 assuefacito
2187 3413 2601 3468 teutationibus.
2633 3414 2743 3467 Pro
2782 3420 2932 3469 certo
2966 3419 3160 3468 tenens
3193 3427 3393 3483 corpo-

1814 3505 1893 3559 ris
1919 3511 1973 3558 et
2011 3503 2204 3556 anima:
2235 3502 2653 3579 dissolutionem
2685 3501 2814 3554 mali
2855 3499 3234 3570 cujuscunque
3269 3514 3394 3554 esse

1815 3595 2218 3659 liberationem,
2266 3594 2532 3648 bonorum
2575 3600 2904 3647 aeternorum
2949 3599 3207 3660 exspecta
3254 3590 3391 3644 frui-

1816 3687 2041 3752 tionem,
2085 3685 2244 3754 cujus
2289 3700 2481 3740 omnes
2539 3685 2714 3739 sancti
2763 3683 2944 3738 effecti
2993 3690 3124 3737 sunt
3165 3681 3393 3752 partici-

1816 3795 1933 3852 pes.
1978 3778 2059 3832 Tu
2098 3794 2226 3832 vero
2268 3776 2649 3830 indesinenter
2698 3775 3014 3844 expendens
3063 3787 3128 3828 ac
3158 3772 3389 3837 librans,

1817 3872 2090 3928 diabolico
2159 3870 2439 3940 suggestui
2486 3884 2701 3938 Oppone
2754 3867 2899 3938 piam
2968 3866 3390 3936 cogitationem,

1816 3966 1866 4020 ei
1913 3965 2057 4020 velut
2116 3963 2172 4018 in
2225 3963 2434 4016 trutina
2502 3967 2779 4015 momento
2839 3958 3013 4014 lancis
3069 3955 3392 4029 praeponde-

1817 4057 1959 4110 ranti
1999 4055 2217 4110 cedens.
2269 4053 2337 4108 Et
2379 4053 2680 4123 praesertim
2733 4065 2857 4106 cum
2890 4065 3056 4120 prava
3097 4050 3392 4119 insurgens

1817 4149 2077 4220 cogitatio
2125 4147 2325 4202 dixerit
2368 4165 2381 4200 :
2439 4144 2572 4211 Quae
2617 4143 2824 4199 utilitas
2869 4141 3102 4213 degendi
3165 4142 3222 4196 in
3287 4141 3393 4197 hoc

1817 4239 1978 4295 loco?
2039 4237 2186 4309 quod
2245 4237 2461 4292 lucrum
2511 4250 2764 4292 secessus
2819 4233 2892 4290 ab
2945 4233 3229 4288 hominum
3295 4246 3391 4288 so—

1816 4331 2054 4388 cietate?
2101 4331 2186 4385 An
2256 4330 2478 4400 ignoras
2543 4329 2881 4384 constitutos
2933 4340 2966 4380 a
3008 4325 3121 4388 Deo
3171 4324 3388 4396 episco-

1818 4440 1920 4495 pos
1963 4423 2333 4478 Ecclesiarum
2375 4420 2470 4477 Dei
2500 4436 2628 4476 cum
2670 4419 2988 4476 hominibus
3021 4434 3090 4475 ex
3129 4433 3282 4474 more
3309 4416 3392 4472 vi-

1815 4528 1964 4577 vere,
2016 4520 2073 4569 et
2123 4510 2438 4583 spirituales
2487 4509 2866 4566 indesinenter
2917 4508 3198 4564 celebrare
3254 4521 3390 4562 con-

1816 4613 2049 4668 ventus,
2106 4618 2248 4674 quos
2305 4601 2401 4673 qui
2466 4601 2672 4657 obeunt
2727 4600 3024 4672 plurimum
3082 4584 3392 4670 percipiunt

1817 4691 2120 4748 utilitatis?
2191 4689 2310 4746 Illic
2371 4689 2521 4746 enim
2583 4687 3012 4746 PrOVerbiorum
3068 4687 3391 4760 aperiuntur

195 4850 238 4884 "
267 4848 315 4904 ll
343 4851 502 4907 Tim.
527 4864 610 4908 ιιι.
636 4847 726 4904 16.
799 4847 843 4882 ³⁸
875 4847 896 4902 l
923 4847 1117 4904 Thess.
1151 4864 1206 4914 ν,
1241 4847 1332 4904 2t.
1414 4847 1456 4880 ³³
1487 4845 1658 4902 lCor.
1681 4861 1758 4912 νι,
1793 4845 1882 4904 12.

195 5006 308 5076 (9‘5)
359 5002 823 5076 Ἀναχωρήσεις.
876 5000 970 5076 S_ie
1016 5017 1158 5076 unus
1191 5017 1258 5056 ex
1278 4999 1485 5076 Regiis,
1517 5002 1712 5076 melius

131 5072 299 5144 quam'
315 5076 461 5131 editi
495 5074 873 5144 ἀναχωρήσης.
897 5072 1066 5144 Paulo
1093 5079 1218 5144 post
1241 5072 1371 5126 editi
1403 5072 1487 5142 ἐφ’
1519 5072 1712 5125 ἑαυτὸν

135 5141 303 5214 μένων
341 5147 439 5200 ἀεὶ
473 5141 888 5214 ἀμετεώρίστος.
919 5141 1050 5214 Mss.
1083 5141 1142 5196 ut
1169 5142 1223 5195 in
1255 5150 1424 5214 textu.

61 5250 78 5264 .
138 5210 322 5339 ’.μιῇξ
345 5210 638 5270 Μάλιστα
662 5210 773 5282 τῆς
802 5211 978 5278 Νέας.
1009 5210 1144 5283 Reg.
1174 5213 1449 5267 secundus
1487 5211 1623 5282 μάθε
1641 5211 1711 5264 τὰ

133 5302 221 5339 της
328 5305 420 5339 ας.

142 5305 221 5348 της
244 5305 420 5348 ινεας.

133 5302 952 5426 τηῶἓῗῆἓκείνφιδὶουηὶυε
994 5350 1205 5407 codicis
1247 5366 1348 5422 ope
1391 5350 1715 5406 emendatur

133 5424 268 5497 quod
309 5435 440 5482 erat
477 5425 534 5478 in
573 5424 734 5497 editis
761 5424 952 5497 ἐκεῖνο.

1890 4999 2004 5072 (98)
2053 4998 2555 5072 Ὑστεροτψένοις.
2607 4997 2700 5054 Sic
2716 4997 2862 5072 Reg.
2888 4999 3162 5072 secundus
3197 5012 3296 5067 pro
3325 5011 3392 5052 eo

1817 5068 2096 5141 qued'est
2141 5071 2198 5124 in
2246 5070 2408 5141 editis
2459 5068 2861 5140 στερουμένοις.
2921 5068 3044 5123 Mox
3097 5070 3206 5122 duo
3257 5083 3390 5123 mss.

1821 5139 2046 5212 μολύνῃ,
2074 5141 2203 5212 editi
2235 5139 2474 5212 μολύνει.

1851 5199 2247 5333 έ(99)”Ἕοιζε.’
2271 5209 2387 5262 Duo
2414 5207 2634 5263 codices
2663 5222 2694 5262 a
2719 5207 3048 5263 Combeftsio
3076 5206 3231 5261 citati
3253 5221 3391 5278 καρ-

1884 5298 1983 5333 ρει.

1813 5297 1983 5334 τερει.

1883 5299 2082 5422 Σὺ
2113 5347 2195 5402 δέ.
2231 5347 2374 5422 Editi
2405 5363 2505 5416 pro
2534 5348 2619 5403 his
2653 5347 3114 5422 vocibus_ha_bent
3141 5345 3387 5412 σεαυτόν,

1819 5429 1872 5475 ct
1901 5416 2072 5490 paulo
2116 5426 2240 5488 post
2268 5419 2428 5490 τοῦτο
2469 5418 2834 5490 παραχωρῶν.
2864 5416 3109 5490 _Vulnus~
3137 5423 3390 5471 sanatum

196 5479 785 5566 (οδγηολυτελειας.
828 5491 920 5547 Sic
951 5491 1085 5564 Reg.
1117 5492 1414 5548 secundus.
1448 5479 1590 5546 Eam
1620 5506 1710 5542 πο-

1818 5479 1927 5566 ope
1951 5491 2079 5561 Reg.
2116 5479 2365 5554 secundi,
2413 5490 2469 5542 in
2503 5479 2815 5558 quo-ctiam
2862 5488 3061 5559 legitur
3086 5488 3391 5556 ἀντιπαρα-

134 5563 437 5620 λυτέλειαν.
1046 5563 1053 5564 ί

140 5637 310 5708 __(9_7_)
340 5631 539 5708 Γνεῖξςζ
561 5630 668 5708 δέ..
694 5629 786 5686 Sic
827 5628 959 5708 (leg.
1002 5630 1297 5708 secundus,
1347 5632 1486 5687 alius
1528 5629 1713 5701 γνοίης

136 5701 218 5759 δι’
238 5701 366 5763 κδι
397 5703 543 5764 editi
567 5702 805 5774 ὑπάρχῃ.
837 5701 964 5758 Mss.
997 5710 1053 5757 ut
1087 5703 1141 5756 in
1174 5709 1346 5757 textu.

1818 5561 1978 5708 deign):
2006 5629 2135 5708 Ῑρῐς
2163 5628 2441 5708 ἀνδρ-άσι,
2473 5637 2580 5708 etc:
2608 5608 2752 5681 Editi
2772 5629 2907 5708 τοὺς
2918 5623 3116 5708 ἄνδρας
3143 5623 3391 5708 συνῇθως

1823 5697 2253 5763 ωνοδιάζοντας.
2278 5697 2710 5755 Εωεηόσνὶωυε
2736 5713 2839 5769 ope
2865 5697 3027 5768 Regii
3054 5697 3297 5755 secundi.
