3870 6218
506 255 624 315 ὖδδ

1833 254 1894 309 S.
1935 251 2185 308 BASlLll
2223 248 2440 306 MAGNI

3658 253 3761 309 556

511 372 802 445 migmata
835 408 851 438 ,
911 370 1256 443 explicantur
1334 373 1638 442 apostolica
1712 372 2082 437 documenta,

2190 371 2562 442 ἀποκαλύψεις
2604 374 3395 444 παῳιμιακῶνῖαἰνιγμάτων,
3424 373 3606 440 λύσεις
3632 376 3764 431 ἀπο-

511 474 870 535 exponuntur
916 465 1244 535 evangelicae
1297 464 1618 527 sententiae,
1649 463 1944 535 theologia
1996 478 2091 518 au-

517 559 709 625 ditur;
744 561 855 614 illic
893 574 1224 629 congressus
1269 558 1500 613 fratrum
1549 559 1936 629 spiritualium,
1975 573 2089 612 ma-

518 665 679 721 gnam
713 648 1132 703 occurrentibus
1170 664 1236 703 ex
1291 649 1478 705 vultus
1525 655 1751 718 aspectu
1800 648 2086 702 utilitatem

515 740 896 810 praebentium.
928 738 1009 793 Tu
1049 748 1230 793 autem
1265 747 1317 794 te
1373 744 1489 811 ipse
1523 755 1553 793 a
1588 740 1753 795 tantis
1801 740 1957 794 bonis
2010 738 2090 793 ef-

514 830 698 886 fecisti
759 832 1037 898 alienum,
1078 840 1245 901 atque
1297 832 1387 886 hic
1424 831 1639 888 desides
1696 834 1997 889 belluarum
2032 832 2088 886 in

516 939 724 980 morem
792 925 1068 981 efferatus.
1131 925 1296 981 Vides
1378 928 1523 980 enim
1596 927 1683 980 hic
1741 927 2087 981 solitudinem

516 1031 814 1086 magnam,
872 1018 1320 1073 inltumanitatem
1385 1034 1494 1072 non
1543 1017 1814 1072 modicam
1848 1057 1864 1083 ,
1918 1033 2090 1087 penu-

512 1107 654 1163 riam
684 1106 967 1171 doctrinae,
1007 1108 1431 1177 disjunetionem
1487 1124 1521 1163 a
1564 1110 1849 1172 fratribus,
1879 1127 1943 1165 ac
1974 1111 2088 1182 Spi-

512 1199 683 1252 ritum
740 1213 871 1269 erga
910 1198 1005 1253 Dei
1056 1199 1370 1254 mandatum
1401 1202 1556 1255 valde
1599 1203 1828 1257 inertem
1878 1219 1942 1258 ac
1992 1220 2084 1258 so-

513 1290 760 1344 cordem.
815 1289 952 1345 Cum
1000 1291 1167 1360 igitur
1202 1293 1402 1347 talibus
1442 1308 1506 1347 ac
1545 1294 1715 1347 tantis
1749 1304 1798 1348 te
1824 1295 2087 1364 speciosis

498 1383 822 1437 rationibus
872 1396 1041 1452 prava
1100 1384 1393 1454 insurgens
1424 1385 1682 1455 cogitatio
1712 1386 1961 1456 frangere
1991 1404 2087 1441 vo-

510 1473 677 1528 iuerit
706 1490 723 1541 ;
750 1488 965 1543 oppone
999 1475 1049 1529 ei
1099 1490 1192 1541 per
1237 1477 1381 1544 piam
1412 1476 1882 1532 ratiocinationem
1914 1479 2086 1549 ipsius

515 1565 597 1617 rei
632 1566 1044 1633 experientiam,
1079 1566 1267 1622 dicens
1301 1586 1313 1619 :
1349 1565 1800 1638 Quandoquidem
1843 1578 1903 1622 tu
1951 1571 2084 1624 mihi

508 1653 653 1709 dicis
705 1655 851 1709 bona
899 1670 1022 1709 esse
1078 1671 1201 1725 quae
1243 1657 1298 1710 in
1343 1657 1550 1711 mundo
1597 1665 1763 1721 sunt,
1799 1666 2084 1729 propterea

2190 472 2451 526 στολικῶν
2507 471 2874 542 διδαγμάτων,
2934 471 3303 540 εὐαγγελικῶν
3349 471 3639 543 νοημάτων
3682 472 3757 543 (5)

2188 563 2421 626 ἒκθεσις,
2452 562 2730 630 θεολογίας
2763 563 3046 633 ἀκρόασις,
3085 561 3330 632 ἀδελφῶν
3380 562 3763 634 πνευματικῶν

2189 655 2468 725 συντυχίαι
2517 654 2614 725 (lt),
2659 654 2902 726 μεγάλην
2949 657 3061 717 τοῖς
3108 654 3527 725 ἐντυγχάνουσιν
3567 656 3632 708 ὲκ
3662 655 3762 725 τῆς

2189 745 2319 810 θέας
2349 745 2442 799 τοῦ
2497 746 2790 818 προσώπου
2817 747 2914 817 τὴν
2961 746 3230 815 ὠφέλειαν
3271 747 3642 820 παρεχόντων.
3688 748 3760 801 Σὺ

2186 837 2264 902 δὲ,
2286 836 2553 890 τοσούτων
2582 838 2802 906 ἀγαθῶν
2827 837 3105 909 ἀλλότριον
3135 838 3358 891 σεαυτὸν
3391 840 3759 909 καταστήσας,

2187 930 2425 1001 κάθησαι
2454 929 2640 983 ἐνθάδε
2662 930 3063 1001 ὲξηγριωμένος
3092 931 3221 994 ἴσως
3240 933 3352 994 τοῖς
3372 929 3583 1002 θηρσίν.
3601 929 3762 1000 Ὁρᾷς

2186 1020 2295 1089 γὰρ
2327 1019 2560 1073 ἐνταῦθα
2592 1021 2826 1092 ἐρημίαν
2861 1021 3079 1091 πολλὴν,
3101 1021 3499 1092 ἀπανθρωπίαν
3520 1021 3618 1074 οὐκ
3649 1020 3763 1074 ὀλί-

2186 1127 2310 1181 γην,
2337 1111 2571 1182 ἀπορίαν
2598 1111 2965 1175 διδασκαλίας,
2992 1114 3235 1182 ἀδελφῶν
3261 1114 3634 1186 ἀλλοτρίωσιν,
3670 1113 3762 1167 καὶ

2186 1200 2247 1252 τὸ
2277 1200 2493 1271 πνεῦμα
2540 1201 2669 1271 περ).
2714 1200 2809 1271 τὴν
2845 1201 3062 1271 ἐντολὴν
3093 1202 3186 1254 τοῦ
3233 1201 3365 1254 Θεοῦ
3413 1201 3609 1271 ἀργίαν
3640 1198 3764 1270 ἕχον

2188 1289 2411 1362 πολλήν.
2447 1291 2614 1344 Ὅταν
2654 1286 2748 1342 οὖν
2779 1290 3059 1353 τοιαύταις
3093 1291 3187 1344 καὶ
3223 1290 3512 1353 τοσαύταις
3546 1290 3764 1357 εὐλογο-

2187 1382 2377 1451 φανέσι
2423 1382 2764 1453 προφάσεσιν
2825 1383 3180 1435 ἐπαναστᾶσα
3221 1383 3255 1452 ἡ
3306 1380 3521 1452 πονηρά
3586 1379 3765 1434 ἔννοια

2186 1470 2526 1542 καταρῤῆξαί
2553 1488 2613 1524 σε
2648 1470 2777 1543 θέλῃ
2811 1471 2913 1541 (5),
2941 1470 3308 1542 ἀντιπαράθες
3353 1472 3490 1542 αὐτῇ
3539 1469 3631 1524 διά
3666 1470 3764 1523 τοῦ

2187 1563 2446 1628 εὐσεὸοῦς
2475 1563 2736 1635 λογισμοῦ
2774 1564 2872 1635 τὴν
2901 1566 3096 1634 πεῖραν
3133 1561 3227 1615 τοῦ
3268 1563 3629 1634 πράγματος,
3672 1560 3766 1613 λέ-

2188 1673 2327 1725 γων’
2373 1656 2591 1727 Ἐπειδὴ
2622 1657 2686 1710 σὺ
2729 1656 2909 1724 λέγεις
2952 1655 3212 1726 μοικαλά
3248 1655 3317 1709 τὰ
3367 1655 3426 1708 ἐν
3454 1654 3532 1726 τῷ
3574 1654 3769 1724 κόσμῳ

508 1760 612 1815 ego
649 1746 779 1801 illuc
829 1746 1238 1818 transmigravi,
1293 1748 1575 1820 indignum
1623 1751 1889 1820 meipsum
1932 1750 2082 1819 judi-

2185 1736 2352 1813 εἶναι,
2395 1748 2487 1802 διὰ
2534 1748 2693 1802 τοῦτο
2741 1747 2852 1816 ἐγὼ
2888 1747 3125 1801 ἐνταῦθα
3169 1747 3497 1819 μετῴκησα,
3546 1746 3768 1812 ἀνάξιον

504 1851 644 1892 cans
678 1839 867 1894 mundi
906 1839 1084 1894 bonis.
1118 1838 1259 1894 Sunt
1307 1842 1454 1896 enim
1508 1843 1696 1897 mundi
1742 1844 1904 1899 bonis
1944 1847 2085 1899 mala

510 1930 767 1994 admista,
824 1946 890 1986 ae
949 1932 1109 2001 longe
1169 1941 1499 2003 exsuperant
1543 1934 1705 1988 mala.
1758 1933 1893 1990 Nam
1958 1952 2085 1992 cum

507 2020 807 2091 aliquando
864 2024 1222 2079 accessissem
1267 2023 1336 2077 ad
1376 2024 1695 2093 spirituales
1743 2034 2083 2094 conventus,

505 2112 564 2167 in
623 2127 791 2167 unum
842 2112 1064 2169 fratrem
1099 2114 1191 2168 vix
1221 2114 1461 2169 ‘tandem
1499 2115 1715 2181 .incidi,
1773 2119 1867 2187 qui
1914 2116 2085 2173 Deum

506 2203 701 2260 timere
731 2205 1056 2273 videbatur;
1093 2207 1186 2263 sed
1233 2209 1282 2262 is
1319 2208 1606 2262 tenebatur
1638 2209 1798 2280 129
1831 2209 1935 2265 sub
1967 2211 2088 2265 dia-

509 2295 667 2364 bolo;
711 2306 874 2367 atque
905 2313 973 2352 ex
1004 2298 1127 2367 ipso
1174 2297 1357 2352 audivi
1411 2298 1619 2368 lepidos
1665 2316 1969 2367 sermones,
2029 2311 2085 2358 et

508 2388 770 2443 confictas
807 2388 876 2442 ad
925 2388 1122 2445 obvios
1181 2406 1430 2461 quosque
1466 2390 1815 2461 decipiendos
1848 2393 2080 2452 fabulas.

508 2474 710 2533 Multos
747 2485 873 2548 post
924 2482 1106 2549 ipsum
1162 2481 1364 2537 otfendi
1415 2483 1563 2539 fures
1592 2523 1607 2549 ,
1664 2494 1913 2555 raptores
1943 2527 1959 2553 ,
2001 2499 2085 2560 ty-

510 2582 731 2623 rannos.
766 2567 891 2624 Vidi
922 2571 1200 2625 ebriorum
1264 2573 1502 2643 speciem
1538 2575 1848 2640 indecoram
1907 2595 1923 2645 ;
1975 2580 2084 2634 vidi

510 2659 832 2729 sanguinem
886 2674 1274 2730 oppressorum
1315 2664 1474 2729 ;vidi
1514 2680 1732 2735 quoque
1794 2668 2082 2724 mulierum

511 2750 1013 2821 pulchritudinem,
1050 2768 1156 2823 qua
1212 2754 1477 2823 pudicitia
1530 2772 1651 2811 mea
1702 2761 2081 2827 torquebatur.

508 2842 588 2897 Ac
636 2843 1015 2900 fornicationis
1072 2845 1292 2914 quidem
1331 2861 1471 2916 opus
1505 2847 1675 2918 effugi
1720 2867 1734 2915 ;
1772 2850 1867 2905 sed
1917 2852 2085 2923 virgi-

505 2934 734 2988 nitatem
778 2948 956 2987 meam
1006 2934 1194 2989 cordis
1252 2936 1584 3007 cogitatione
1646 2939 1951 3009 inquinavi.
2016 2942 2083 2996 Et

506 3025 711 3079 multos
760 3023 979 3094 quidem
1040 3040 1322 3083 sermones
1372 3027 1569 3083 animae
1632 3031 1794 3086 utiles
1855 3033 2081 3102 audivi;

2186 1842 2423 1914 ἐμαυτὸν
2463 1841 2657 1913 κρίνας
2685 1840 2793 1893 τῶν
2819 1840 2915 1894 τοῦ
2958 1841 3166 1911 κόσμου
3197 1838 3399 1894 καλῶν.
3439 1839 3769 1912 Παραμέμι-

2184 1949 2314 1986 κται
2344 1932 2454 2003 γὰρ
2477 1935 2591 1995 τοῖς
2607 1929 2701 1984 τοῦ
2726 1930 2934 2001 κόσμου
2960 1931 3145 1995 καλοῖς
3163 1930 3235 1993 τά
3255 1931 3421 1997 κακὰ,
3445 1932 3539 1985 καὶ
3565 1931 3769 2003 μᾶλλον

2186 2024 2474 2093 ὑπεραίρει
2505 2021 2574 2075 τὰ
2603 2022 2769 2075 κακά.
2801 2021 3250 2092 Παραγενόμενος
3283 2021 3362 2093 (6)
3399 2023 3510 2094 γάρ
3538 2039 3670 2076 ποτε
3707 2023 3769 2075 ὲν

2183 2118 2305 2177 ταῖς
2355 2116 2756 2183 πνευματικαῖς
2807 2112 3216 2183 πανηγύρεσιν,
3273 2113 3357 2167 ἑνὶ
3412 2113 3511 2184 μὲν
3548 2112 3770 2186 ἀδελφῷ

2189 2209 2340 2279 μόλις
2373 2207 2504 2260 ποτὲ
2535 2206 2877 2277 περιέτυχον,
2906 2207 2968 2259 τὸ
3002 2206 3101 2276 μὲν
3130 2206 3306 2260 δοκεῖν
3330 2207 3406 2277 (7)
3444 2206 3771 2279 φοϐουμένῳ

2184 2298 2274 2352 τὸν
2310 2296 2548 2368 Κύριον,
2586 2296 2948 2369 κρατουμένῳ
2975 2296 3033 2349 δὲ
3068 2296 3173 2349 ὑπὸ
3220 2295 3315 2350 τοῦ
3357 2295 3625 2361 διαϐόλου,
3668 2297 3772 2352 καὶ

2185 2391 2391 2460 ’ήκουσα
2418 2391 2547 2461 παρ’
2572 2388 2736 2443 αὑτοῦ
2768 2388 2958 2456 λόγους
2993 2388 3257 2459 κομψοὺς,
3288 2388 3384 2441 καὶ
3422 2387 3628 2459 μύθους
3668 2400 3772 2442 πεέ-

2185 2482 2529 2552 πλασμένους
2557 2482 2638 2544 εἰς
2670 2481 2889 2552 ἀπάτην
2918 2481 3027 2533 τῶν
3057 2479 3513 2550 ἐντυγχανόντων.
3540 2480 3771 2544 Πολλοῖς

2183 2574 2239 2627 δὲ
2269 2574 2386 2643 μετ’
2415 2573 2577 2626 αὐτὸν
2609 2572 2685 2643 (8)
2718 2573 3004 2643 συνέτυχον
3043 2572 3338 2638 κλέπταις,
3396 2572 3635 2644 ἂρπαξι,
3669 2589 3772 2626 τυσ-

2186 2666 2417 2737 ράννοις.
2442 2660 2598 2717 Εἶδον
2639 2663 2947 2735 μεθυόντων
2990 2664 3177 2735 σχῆμα
3201 2663 3341 2735 ἀσχη
3352 2681 3471 2735 μον,
3503 2664 3573 2717 τά
3596 2665 3774 2735 αἵμα-

2183 2775 2251 2811 τα
2289 2757 2364 2827 (9)
2403 2757 2513 2810 τῶν
2557 2755 3068 2827 καταπονουμένων.
3120 2752 3273 2809 Εἶδον
3329 2756 3387 2810 δὲ
3429 2756 3521 2810 καὶ
3566 2755 3773 2819 κάλλος

2182 2848 2479 2919 γυναικῶν,
2513 2847 2798 2918 βασανίζον
2855 2865 2957 2916 μου
2988 2848 3088 2918 τὴν
3128 2847 3507 2918 σωφροσύνην.
3543 2848 3659 2901 Καὶ
3706 2849 3774 2902 τὸ

2186 2942 2285 3013 μὲν
2338 2941 2438 3011 τῆς
2482 2940 2737 3013 πορνείας
2769 2938 2929 3011 ἔργον
2979 2940 3265 3008 διέφυγον
3298 2938 3396 3011 τὴν
3434 2939 3491 2992 δὲ
3520 2940 3773 3013 ἐμαυτοῦ

2191 3031 2484 3101 παρθενίαν
2518 3030 2750 3100 ὲμὸλυνα
2782 3028 2923 3082 κατά
2957 3029 3193 3082 διάνοιαν
3228 3027 3472 3100 καρδίας.
3496 3028 3610 3081 Κα)⁸
3636 3029 3778 3082 πολ-

509 3115 607 3171 sed
638 3122 818 3171 tamen
860 3116 1066 3170 nullum
1098 3117 1239 3187 apud
1283 3119 1604 3189 magistrum
1644 3122 1822 3192 reperi
1859 3124 2081 3195 dignam

2189 3122 2297 3176 λῶν
2323 3123 2420 3193 μὲν
2445 3122 2659 3191 ἀκήκοα
2687 3120 2861 3187 λόγων
2884 3118 3218 3188 ψυχωφελῶν
3236 3136 3249 3149 ·
3275 3118 3414 3189 πλὴν
3436 3119 3565 3190 παρ’
3586 3118 3777 3174 οὐδενὶ

508 3207 856 3263 sermonibus
884 3208 1163 3263 virtutem.
1206 3207 1339 3265 Post
1375 3209 1483 3265 hoc
1523 3227 1720 3269 rursus
1778 3214 1960 3270 audivi
1999 3218 2087 3272 in-

506 3298 874 3355 numerabiles
924 3300 1257 3370 tragmdias,
1313 3318 1435 3372 qua:
1503 3302 1837 3361 effeminatis
1906 3310 2083 3365 modis

506 3391 751 3446 animum
798 3391 1080 3448 subibant.
1136 3392 1350 3450 Rursus
1417 3394 1597 3450 audivi
1645 3397 1908 3453 citharam
1959 3416 2086 3457 sua-

507 3485 647 3541 viter
682 3494 1051 3551 resonantem,
1083 3486 1340 3556 plausum
1389 3489 1730 3555 saltantium,
1770 3507 2081 3549 scurrarum

500 3586 732 3642 Vocem,
766 3578 1120 3634 stoliditatem
1170 3579 1419 3643 multam,
1462 3580 1705 3648 facetias,
1759 3585 1932 3640 turba;
1983 3587 2085 3641 im-

506 3684 709 3725 mensa:
757 3669 1089 3725 clamorem.
1156 3669 1284 3725 Vidi
1341 3671 1615 3744 lacrymas
1678 3676 2078 3747 spoliatorum,

506 3759 724 3816 dolores
784 3775 975 3815 eorum
1031 3758 1125 3831 qui
1178 3762 1593 3820 abducebantur
1648 3781 1680 3820 a
1756 3770 2077 3839 tyrannide,

502 3854 766 3924 eiulatum
817 3871 1010 3912 eorum
1069 3857 1162 3926 qui
1241 3860 1658 3927 torquebantur.
1716 3857 1784 3914 Et
1840 3860 2080 3926 vidi,et

502 3960 634 4002 ecce
682 3962 796 4001 non
845 3957 964 4003 erat
1041 3954 1346 4004 conventus
1396 3948 1743 4019 spiritualis,
1803 3949 1901 4005 sed
1928 3965 2079 4007 mare

502 4036 683 4090 ventis
734 4034 993 4106 agitatum
1042 4050 1107 4090 ac
1152 4037 1430 4091 turbatum
1458 4075 1474 4099 ,
1514 4051 1709 4091 omnes
1768 4037 1932 4091 simul
1979 4036 2081 4091 ﬂu-

2184 3213 2295 3267 τῶν
2328 3212 2663 3266 διδασκάλων
2693 3204 2850 3284 εὗρον
2883 3210 3041 3275 ἀξίαν
3070 3209 3181 3264 τῶν
3207 3210 3380 3280 λόγων
3404 3210 3503 3281 τὴν
3533 3211 3771 3283 ἀρετήνι

2183 3305 2338 3359 Μετὰ
2360 3305 2418 3359 δὲ
2452 3304 2611 3357 τοῦτο
2639 3303 2800 3356 πάλιν
2825 3302 3034 3374 μυρίων
3062 3303 3271 3373 ἥκουσα
3291 3303 3542 3373 τραγῳδη
3551 3303 3772 3373 μάτων,

2188 3396 2373 3467 μέλεσι
2393 3394 2791 3467 τεθρυμμένοις
2813 3393 3176 3464 ὲνδεδυμένων
3195 3393 3328 3464 (10).
3352 3394 3521 3448 Πάλιν
3544 3395 3774 3466 ἀκήκοα

2184 3488 2415 3560 κιθάρας
2439 3487 2536 3556 ήδὺ
2566 3485 2825 3557 ἡκούσης,
2866 3484 2971 3537 τῶν
3009 3484 3219 3554 κρότων
3242 3484 3353 3555 (Η)
3384 3485 3491 3539 τῶν
3528 3485 3770 3558 ἀλλομέ-

2182 3597 2310 3645 νων,
2345 3580 2447 3649 τῆς
2476 3579 2659 3649 φωνῆς
2684 3577 2793 3631 τῶν
2822 3575 3171 3646 γελοιαστῶν,
3198 3577 3408 3647 μωρίας
3437 3577 3640 3648 πολλῆς
3664 3579 3769 3633 καὶ

2182 3668 2565 3741 εὐτραπελίας,
2598 3667 2755 3739 ὄχλου
2782 3666 3065 3738 ἀμυθήτου
3088 3666 3238 3737 βοήν.
3263 3663 3420 3721 Εἶδον
3445 3667 3515 3722 τά
3544 3668 3772 3739 δάκρυα.

2178 3762 2290 3815 τῶν
2323 3760 2681 3831 συληθέντων,
2730 3759 2829 3822 τὰς
2860 3760 3052 3823 ὀδύνας
3089 3760 3196 3812 τῶν
3241 3759 3605 3829 ἀπαγομένων
3640 3761 3766 3832 (12)

2180 3852 2285 3906 ὑπὸ
2325 3852 2423 3921 τῆς
2464 3849 2807 3920 τυραννίδος,
2846 3848 2945 3919 τὴν
2987 3849 3231 3919 οἰμωγὴν
3263 3848 3369 3903 τῶν
3398 3849 3769 3921 βασανιζομέ-

2181 3962 2308 4000 νων.
2339 3942 2450 3996 Καὶ
2476 3938 2634 4005 εἶδον,
2669 3942 2763 3994 καὶ
2805 3940 2912 3993 ίδοὺ
2955 3941 3055 3994 οὐκ
3074 3937 3142 4011 ἦν
3170 3942 3479 4012 πανήγυρις
3508 3959 3767 4013 πνευμα-

2174 4039 2335 4109 τικὴ,
2368 4034 2505 4089 ἀλλὰ
2537 4034 2780 4087 θάλασσα
2826 4033 3188 4105 ἀνεμιζομένη
3221 4034 3314 4087 καὶ
3349 4035 3765 4108 ταραττομένη,

504 4127 687 4182 ctibus
720 4126 837 4182 suis
870 4133 1095 4181 tentans
1122 4127 1378 4182 obruere.
1422 4125 1518 4180 Dic
1567 4127 1722 4194 mihi,
1747 4143 1781 4183 ο
1817 4128 2078 4198 cogitatio

2185 4131 2387 4191 πάντας
2421 4126 2558 4198 ὁμοῦ
2590 4128 2700 4188 τοῖς
2728 4125 2898 4195 αὐτῆς
2923 4125 3035 4196 (15)
3062 4125 3271 4196 κύμασι
3303 4124 3544 4195 καλύψαι
3581 4143 3766 4180 σπου-

500 4218 689 4283 mala,
746 4224 801 4273 et
840 4219 1189 4289 temporaria:
1243 4220 1540 4289 voluptatis
1585 4235 1649 4275 ac
1707 4235 1856 4274 vana:
1891 4223 2077 4292 gloria?

2185 4223 2431 4287 Βάζουσα.
2456 4221 2595 4288 Λέγε
2627 4236 2736 4289 μοι,
2765 4213 2811 4272 ὧ
2858 4218 3002 4288 κακὴ
3036 4217 3235 4281 ἔννοια,
3265 4218 3361 4271 καὶ
3388 4219 3417 4271 ὁ
3444 4220 3544 4290 τῆς
3587 4238 3769 4291 προσ.

498 4306 740 4376 daemon,
793 4308 923 4381 quid
962 4312 1093 4365 mihi
1121 4319 1206 4367 est
1235 4310 1399 4377 lucri,
1435 4312 1479 4366 si
1513 4311 1626 4366 haec
1654 4319 1710 4367 et
1746 4324 1984 4382 spectem
2022 4322 2077 4368 et

2185 4312 2371 4383 καίρου
2400 4310 2731 4383 ἡδυπαθείας
2763 4325 2823 4361 τε
2850 4309 2945 4361 καὶ
2972 4307 3277 4373 κενοδοξίας
3313 4310 3544 4381 δαίμων,
3579 4312 3633 4364 τί
3664 4330 3764 4384 μοι

575 4461 655 4544 (ᾇ)
683 4463 1026 4568 Νοημάξων.
1050 4464 1185 4536 Reg.
1216 4463 1490 4568 secundus
1520 4466 1926 4538 διαταγμάτων.
1957 4468 2072 4523 Ma-

576 4548 770 4568 νηιωηε
816 4550 881 4568 ..η
972 4552 1219 4568 "me...
1262 4551 1443 4568 ...η-..ω

2185 4469 2494 4568 sentis..nqui
2514 4469 2581 4568 Iili:
2607 4466 2836 4568 episgoklg
2871 4467 3045 4568 debi'i's'
3202 4468 3406 4568 adeant
3435 4467 3766 4568 Hﬁierosolys

499 4535 774 4610 sarinmus
816 4535 915 4588 cod
926 4576 938 4588 .
952 4554 1045 4610 _7tat
1053 4535 1464 4610 εαγγελμάτων.
1538 4606 1576 4610 __
1725 4535 1734 4538 ’
1755 4606 1765 4610 Δ
1953 4607 1982 4610 __

2185 4535 2469 4610 ma,tom.
2514 4538 2602 4603 Ill,
2639 4535 2691 4606 p.
2731 4538 2855 4610 655,
2890 4535 3121 4610 testatur
3147 4538 3361 4610 _nul_l_um
3403 4554 3525 4594 esse
3573 4535 3766 4610 impii-

576 4601 652 4681 (4)
698 4601 1198 4681 Συντυχίαιξῐίεὲς.
1236 4601 1508 4681 secundus
1538 4606 1807 4681 Συντυχία
1830 4607 2071 4681 μεγάλην

2185 4609 2359 4661 ritatis
2392 4601 2595 4677 genus,
2634 4601 2777 4681 quod
2812 4608 3007 4681 non_iu
3053 4608 3191 4681 locis
3220 4601 3763 4681 _Hierosolymita'nis

498 4673 641 4747 Ἐἴςᾴ
666 4675 1114 4747 συντυγχάνουσιν
1150 4673 1222 4747 ἑκ
1254 4674 1385 4747 τῆς-
1413 4673 2071 4747 προσούσηςάύτοῖςητόῦ

2185 4673 2516 4747 perpetretur
2559 4696 2572 4730 :
2606 4673 2893 4739 adulteria,
2925 4676 3091 4741 furta,
3127 4678 3465 4734 idololatrias
3493 4673 3550 4733 et
3576 4680 3763 4737 cades

503 4741 819 4816 Πνεύματος
848 4741 1067 4814 χάριτος
1112 4744 1211 4816 τὴν
1257 4741 1521 4813 ὠφέλειαν
1555 4741 1905 4815 παρέχουσαι
1934 4746 2074 4801 Fra-

2185 4741 2588 4812 comm'emorat,
2615 4761 2680 4801 ac
2694 4747 2884 4800 nullibi
2918 4755 3127 4801 tantum
3158 4748 3358 4802 furoris
3386 4763 3510 4804 esse
3536 4750 3603 4802 ad
3627 4751 3765 4804 funa

504 4821 646 4888 trum
662 4814 1339 4888 spiritualityncongressus
1356 4830 1599 4888 magnam
1621 4814 2072 4888 congredientibus
2179 4818 2417 4873 dendum
2447 4816 2791 4884 sanguinem.
2819 4832 2929 4870 non
2960 4832 3027 4871 ex
3061 4832 3283 4875 rumore
3313 4818 3519 4888 aliquo,
3559 4821 3656 4875 sed
3683 4836 3760 4876 ex

502 4883 761 4954 exinsita
796 4883 906 4954 illis
931 4883 1163 4954 Spiritus
1185 4884 1364 4954 gratia
1391 4884 1676 4938 utilitatem
1707 4886 1897 4952 ferens.
2179 4888 2463 4943 oculorum
2499 4883 2721 4940 suorum
2753 4887 3064 4941 testimonio
3095 4883 3392 4942 asseverat.

575 4951 652 5028 (5_)
682 4954 767 5006 οΣε
814 4951 984 5021 θέλῃ.
1030 4951 1335 5009 Pronomen
1370 4954 1619 5009 additum
1676 4951 1743 5009 ex
1791 4954 1962 5028 Regio
1997 4973 2078 5012 se-

2185 5026 2210 5028 _
2252 4958 2363 5027 (10)
2408 4954 2864 5028 Ἐνδεδυμένων.
2894 4955 3025 5010 Post
3061 4957 3426 5028 lianc-vocem
3460 4959 3657 5028 legitur
3692 4961 3760 5016 in

500 5021 742 5101 eundo;
979 5094 991 5101 _
1227 5091 1279 5101 Μ
1372 5093 1387 5101 _
1660 5093 1698 5101 __
1722 5093 1755 5101 __
1789 5095 1801 5101 _
1873 5021 1899 5028 '
2181 5021 2315 5101 Reg.
2346 5021 2588 5101 secundo
2631 5021 2865 5101 ἀπάτην,
2913 5027 3276 5101 sed__videtur
3316 5021 3625 5098 Obrepsisse
3648 5045 3757 5101 pro

576 5090 650 5161 (6)
684 5094 1184 5164 Παραγενόμενος.
1226 5091 1317 5148 Sic
1356 5093 1465 5149 duo
1493 5108 1624 5149 mss.
1659 5093 1804 5148 Editi
1840 5113 2074 5168 παραγι-

2185 5090 2507 5168 πάλινίιιιρᾱ
2538 5101 2687 5168 deest
2717 5097 2768 5148 in
2799 5090 2898 5168 hoc
2918 5096 3131 5168 codice.

501 5159 784 5237 νόμενοςς
837 5159 872 5237 _'
942 5159 1001 5237 _'
1076 5232 1095 5237 Α
1192 5232 1221 5237 _
1325 5233 1358 5237 _
1682 5234 1696 5237 _
1822 5236 1839 5237 _
2003 5159 2016 5166 ⁷

2249 5166 2361 5237 (Η)
2566 5167 2810 5237 κρότων.
2850 5164 3425 5237 Ιιιιιῖεεηεθευηάυε.
3468 5164 3610 5237 Editi
3654 5170 3754 5223 τὸν

575 5231 671 5308 (Ἰ)Δ
689 5232 760 5286 Τὸ
776 5231 1152 5308 μὲν-δοκεῖν.
1189 5232 1281 5288 Sic
1325 5233 1788 5308 Reg:_secundus.
1819 5234 1962 5308 Editi
1992 5237 2069 5308 τῷ

892 5304 1065 5358 Paulo
1084 5311 1235 5375 _post
1270 5298 1422 5359 cod.‘
1443 5303 1581 5360 Maz.
1636 5298 2063 5375 πεπλεγμένους.

598 5370 651 5444 ξ)
679 5374 814 5444 Μετ’
849 5376 1052 5429 αὐτόν.
1083 5370 1201 5444 Duo
1230 5389 1361 5429 mss.
1395 5375 1510 5444 μετ’
1547 5374 1735 5437 αὑτοῦ,
1761 5370 1880 5428 cui}:
1906 5391 1986 5429 eo.

601 5439 656 5507 9)
698 5443 774 5514 Τὰ
812 5444 1049 5514 αἵματα.
1079 5443 1288 5499 Auctor
1329 5439 1491 5513 hujus
1523 5446 1784 5514 epistolae,
1819 5459 1978 5514 quem
2006 5446 2059 5499 in

2177 5234 2386 5309 κρότον.
2428 5234 2628 5309 Ibidem
2665 5235 2775 5309 duo
2817 5235 3035 5309 codices
3064 5234 3171 5288 τῶν
3206 5236 3531 5306 ὀχουμένων.
3570 5236 3753 5294 Paulo

2176 5304 2298 5374 post
2348 5306 2633 5375 legendum
2685 5304 2834 5374 βοῆς,
2875 5314 2936 5359 ιιι
2977 5305 3079 5359 hoc
3115 5304 3311 5359 nomen
3340 5304 3478 5360 cum
3530 5313 3752 5363 caeteris

2171 5375 2602 5445 praecedentibus
2633 5385 2915 5445 consonet.

2239 5446 2350 5515 (12)
2397 5444 2835 5516 ΪΑπαγομέτκυν.
2866 5443 2945 5499 Ita
2976 5444 3086 5500 duo
3125 5442 3279 5516 Regii
3318 5443 3557 5500 codices.
3598 5444 3750 5500 Editi

504 5504 789 5585 i’aiaestina
818 5504 1022 5585 viiisse
1069 5528 1182 5567 non
1216 5504 1447 5585 obscure
1475 5504 2062 5585 pefspiﬁcituh‘videtur
2166 5504 2544 5585 ἐπαγομένων.

504 5577 756 5655 horribili
765 5652 774 5655 _
784 5582 1037 5655 vitiorum
1060 5585 1274 5655 pictura
1302 5584 1444 5655 hanc
1472 5577 1816 5655 potissimum
1845 5593 2060 5654 gentem

2241 5577 2359 5655 (1⁷5)
2400 5585 2525 5649 Τοῖς
2556 5582 2767 5650 αὐτῆς.
2794 5584 2870 5638 Ita
2901 5601 3044 5641 unus
3072 5584 3241 5642 codex
3267 5605 3281 5641 :
3315 5586 3457 5642 alius
3481 5586 3593 5649 τοῖς
3613 5584 3746 5641 ἑαυ-

504 5655 712 5707 notare.
738 5650 886 5708 Illius
917 5650 1290 5726 narrationem.
1307 5650 1592 5710 confirmat
1607 5650 2063 5727 Gregoriusle-

2185 5650 2284 5727 τῆς.
2312 5650 2456 5710 Εᾱὶῐί
2486 5657 2597 5718 τοῖς
2629 5656 2833 5718 αὐτοῖς.
