3912 6214
175 252 284 309 557

1134 240 1625 311 EPISTOLARUM
1654 248 1940 311 CLASSIS
1975 256 2016 312 Ι.
2057 256 2278 315 Εριετ.
2319 258 2474 315 μη.

3332 261 3440 332 ιιι

176 375 241 427 τὸ
273 371 472 442 ὄφελος
505 364 606 443 τῆς
655 370 865 427 τούτων
912 373 1147 447 θεωρίας
1178 392 1239 429 τε
1282 377 1380 429 καὶ
1417 376 1756 448 ἀκροάσεως,

1863 379 2099 447 audiam,
2127 395 2255 437 cum
2292 382 2430 436 nulli
2458 376 2650 438 eorum
2685 384 2886 455 quibus
2932 386 3134 459 lnjuria
3165 388 3256 457 tit,
3279 365 3441 464 opem

182 464 379 536 μηδενὶ
415 463 524 517 τῶν
555 463 929 536 ἀδικουμένων
957 465 1221 538 βοηθῆσαι
1256 466 1514 539 ίσχύοντι,
1545 471 1681 540 μήτε
1706 470 1763 525 δέ

176 560 295 620 τοῖς
321 556 613 621 ἀδυνάτοις
650 555 951 628 ἐπαμῦναι,
991 561 1128 631 μήτε
1159 558 1286 625 τοὺς
1315 559 1427 632 (14)
1462 561 1765 633 σφαλλομέ-

177 664 308 710 νους
354 645 755 719 διορθώσασθαι
817 648 1290 722 συγχωρουμένῳο
1341 653 1485 722 τάχα
1527 653 1585 706 δὲ
1634 652 1764 723 μέλ-

178 737 328 792 λοντι
351 736 464 809 (15)
500 737 596 791 καὶ
636 737 875 808 ἐμαυτὸν
906 739 1373 811 προσαπολλύειν;
1418 742 1628 814 Ὠσπερ
1656 741 1764 815 γὰρ

178 829 363 899 ὀλίγον
394 829 537 900 ὕδωρ
575 829 815 901 καθαρὸν
841 830 946 883 ὑπὸ
987 829 1189 901 πολλῆς
1232 829 1401 902 ζάλης
1438 832 1639 902 ἀνέμου
1670 833 1765 885 καὶ

178 920 465 993 κονιορτοῦ
494 920 837 990 ἀφανίζεται,
866 920 1039 985 οὕτως
1064 919 1099 974 ἃ
1120 921 1413 993 νομίζομεν
1443 921 1583 976 καλὰ
1607 925 1665 976 ἐν
1686 922 1764 994 τῷ

179 1013 285 1085 βίῳ
326 1016 503 1067 ποιεῖν
534 1012 670 1085 (16),
709 1014 816 1067 ὑπὸ
838 1011 934 1066 τοῦ
968 1012 1206 1085 πλήθους
1231 1015 1340 1067 τῶν
1379 1013 1566 1068 κακῶν
1600 1014 1766 1068 καλύ-

176 1122 399 1160 πτεται.
434 1106 502 1157 Αἱ
534 1105 632 1175 μὲν
674 1104 782 1177 γὰρ
820 1105 1119 1176 τραγῳδίαι
1148 1103 1336 1176 ὥσπερ
1362 1105 1624 1170 σκόλοπες
1654 1107 1765 1170 τοῖς

176 1197 326 1251 κατὰ
343 1196 436 1251 τὸν
460 1197 573 1267 βίον
592 1197 659 1251 δι’
687 1197 949 1268 εὐθυμίας
972 1198 1067 1251 καὶ
1085 1199 1262 1269 χαρᾶς
1283 1201 1341 1251 ἐν
1363 1201 1484 1261 ταῖς
1511 1199 1764 1270 καρδίαις

177 1288 361 1342 αὐτῶν
394 1290 791 1361 ἐμπήσσονται,
823 1288 908 1342 ἴνα
934 1288 1034 1359 τῆς
1074 1289 1395 1360 ψαλμῳδίας
1440 1290 1762 1363 ἐπισκοτίσῃ

174 1379 239 1434 τὸ
265 1379 509 1451 καθαρόν
529 1396 542 1409 ·
584 1383 642 1433 αἱ
669 1380 727 1433 δὲ
779 1381 1016 1452 οἰμωγαὶ
1046 1381 1142 1434 καὶ
1174 1383 1202 1435 6
1234 1381 1468 1452 ὀδυρμὸς
1503 1380 1612 1433 τῶν
1653 1381 1767 1435 ἁδι-

175 1471 464 1542 κουμένων
492 1471 588 1524 ἀνθ
599 1469 796 1543 ρώπων
822 1472 975 1543 παρὰ
995 1471 1102 1524 τῶν
1126 1472 1415 1542 ὁμοφύλων
1444 1473 1761 1543 ἐπάγονται,

176 1565 270 1618 ἵνα
303 1563 490 1634 δειχθῇ
520 1562 631 1616 τῶν
662 1564 910 1635 πενήτων
938 1566 971 1635 ἡ
1009 1565 1276 1634 ὑπομονή.

248 1654 304 1709 5.
333 1654 430 1719 Τίς
459 1652 552 1709 οὖν
592 1655 829 1724 ὠφέλεια
859 1656 1004 1726 ἐμοὶ,
1042 1655 1075 1726 ἢ
1110 1656 1354 1727 δηλονότι
1386 1657 1486 1728 τῆς
1517 1655 1694 1727 ψυχῆς
1728 1660 1761 1730 ἠ

1865 469 2010 527 ferre
2045 485 2242 541 queam
2290 489 2303 525 :
2347 488 2524 544 neque
2553 474 2713 529 liceat
2742 476 2875 531 mihi
2922 478 3220 538 imbecilles
3251 481 3440 539 defen-

1865 564 2015 630 dere,
2055 573 2149 618 aut
2193 573 2442 621 errantes
2486 568 2767 638 corrigere
2808 585 2822 637 ;
2863 569 2971 625 imo
3018 573 3179 626 etiam
3216 575 3441 647 insuper

1865 669 1954 709 me
2002 655 2119 725 ipse
2159 655 2307 712 forte
2383 660 2699 727 perditurus
2762 661 2915 716 sim?
2970 662 3436 730 Quemadmodum

1865 747 2007 801 enim
2046 748 2323 817 paululum
2356 764 2512 820 aqua:
2567 766 2717 821 purae
2760 768 2956 823 magna
3005 756 3149 809 venti
3203 759 3437 826 procella

1865 853 1929 893 ac
1976 840 2199 909 pulvere
2255 833 2573 912 dissipatur'
2608 861 2623 910 ;
2657 844 2738 899 sic
2799 861 2919 914 qua!
2979 846 3137 901 nobis
3191 848 3439 903 videmur

1864 933 2125 1000 praeclare
2156 932 2213 986 in
2266 935 2468 988 saeculo
2510 934 2721 1001 facere,
2770 937 3038 990 malorum
3093 939 3440 995 multitudine

1863 1026 2194 1081 obruuntur.
2240 1026 2375 1080 Nam
2410 1028 2685 1098 tragoediae
2714 1067 2729 1091 ,
2781 1030 2925 1084 velut
2963 1030 3112 1100 pali,
3161 1032 3217 1085 in
3255 1033 3438 1088 cordi-

1864 1116 1969 1172 bus
1997 1132 2185 1172 eorum
2239 1119 2331 1187 qui
2378 1119 2433 1172 in
2469 1122 2670 1176 saeculo
2718 1131 2885 1184 sunt,
2943 1139 3042 1194 per
3089 1124 3329 1178 laetitiam
3373 1138 3441 1181 ac

1865 1207 2120 1276 gaudium
2171 1210 2499 1279 inﬁguntur,
2557 1219 2615 1266 ut;
2659 1215 2977 1283 psalmodim
3022 1217 3246 1284 puritati
3281 1224 3438 1271 tene-

1864 1293 1992 1349 bras
2041 1293 2355 1351 oﬂ‘undant.
2434 1296 2601 1353 Porro
2654 1302 2889 1366 ejulatus
2934 1304 3279 1375 gemitusque
3342 1304 3441 1359 bo-

1864 1384 2072 1445 minum
2121 1387 2379 1457 injuriam
2422 1405 2450 1443 a
2482 1392 2775 1448 tribulibus
2800 1396 3121 1463 patientium
3147 1397 3442 1468 proferun-

1867 1480 1975 1537 tur,
2006 1480 2066 1527 ut
2088 1489 2388 1545 pauperum
2416 1481 2741 1535 ostendatur
2772 1484 3052 1551 patientia.

1934 1654 1987 1709 5.
2034 1653 2163 1721 Quae
2188 1656 2356 1727 igitur
2379 1659 2512 1713 mihi
2534 1660 2640 1715 alia
2665 1662 2896 1728 utilitas,
2928 1663 3036 1719 nisi
3071 1671 3218 1720 certe
3240 1665 3438 1722 anima!

175 1746 385 1817 βλάϐη;
429 1745 529 1799 Διὰ
554 1746 714 1801 τοῦτο
753 1742 846 1800 οὖν
884 1744 997 1814 ἐγὼ
1032 1748 1414 1818 μεταναστεύω
1444 1749 1540 1801 ἐπὶ
1564 1749 1631 1801 τὰ
1659 1748 1759 1821 ὅρη

1865 1745 2157 1801 damnum?
2206 1747 2394 1820 Itaque
2425 1766 2544 1805 eam
2587 1753 2656 1807 ob
2685 1768 2908 1809 causam
2964 1771 3066 1825 ego
3119 1759 3262 1812 velut
3310 1771 3437 1828 pasa-

158 1839 253 1903 ’ὠς
300 1837 605 1909 στρουθίον.
647 1838 736 1901 Ὠς
764 1837 1045 1909 στρουθίον
1089 1839 1201 1911 γὰρ
1232 1837 1507 1911 ὲρῤύσθην
1560 1840 1625 1892 ὲκ
1664 1840 1763 1911 τῆς

156 1929 407 1998 νπαγίδος
434 1928 540 1982 τῶν
565 1929 928 2000 θηρευόντων.
960 1930 1069 1982 Καὶ
1095 1928 1204 2000 γὰρ
1238 1931 1295 1982 ἐν
1332 1930 1504 2001 ταύτῃ
1538 1933 1602 2002 τῇ
1636 1931 1763 2001 ἐρή-

162 2036 265 2092 λμῳ
323 2020 518 2088 διάγω,
554 2014 600 2074 ὧ
629 2020 775 2093 κακὴ
814 2020 1014 2085 ἔννοια,
1041 2023 1099 2074 ἐν
1189 2023 1218 2074 6
1246 2020 1449 2092 Κύριος
1469 2022 1758 2093 διέτριϐεν.

162 2105 459 2165 ’Ἐνταῦθα
495 2114 531 2184 ἡ
565 2112 698 2185 δρῦς
729 2115 763 2183 ἡ
803 2112 1048 2184 Μαμϐρή
1078 2113 1188 2184 (17)
1212 2129 1226 2143 ⁶
1259 2113 1491 2167 ἐνταῦθα
1519 2116 1550 2185 ἡ
1599 2115 1762 2185 ούραο

179 2208 408 2279 δοφόρος
435 2205 659 2276 κλίμαξ,
692 2206 786 2259 καὶ
816 2206 872 2258 αἱ
899 2205 1007 2259 τῶν
1040 2206 1285 2275 ἀγγέλων
1311 2206 1672 2278 παρεμϐολαὶ,
1706 2208 1761 2260 αἱ

164 2298 253 2370 ’τῷ
287 2296 483 2352 Ἰακὼϐ
524 2296 802 2365 ὀφθεῖσαι·
833 2296 1070 2351 ἐνταῦθα
1097 2300 1129 2369 ἠ
1173 2296 1271 2370 ἔρη
1283 2315 1402 2369 μσς,
1431 2301 1490 2352 ἐν
1579 2300 1607 2352 6
1636 2298 1761 2362 λαὸς

163 2388 457 2459 “ἅγνισθεὶς
488 2388 878 2460 ἐνομοθετήθη,
909 2391 1004 2443 καὶ
1053 2388 1228 2455 οὕτως
1259 2391 1340 2453 είς
1383 2389 1480 2461 τὴν
1517 2390 1620 2461 γῆν
1660 2391 1760 2461 τῆς

168 2480 512 2550 ιπαγγελίας
537 2479 792 2534 εἰσελθὼν
814 2481 921 2552 (18)
948 2478 1058 2535 εἶδε
1090 2481 1244 2538 Θεόν.
1263 2482 1525 2536 Ἐνταῦθα
1552 2482 1611 2535 τὸ
1635 2482 1759 2553 ὅρος

181 2574 235 2628 ὼ
275 2572 623 2645 Καρμήλιον,
676 2574 736 2626 ἐν
776 2566 823 2641 ᾧ
856 2573 1072 2641 Ἠλίας,
1129 2573 1478 2644 αὐλιζόμενος
1530 2573 1608 2645 τῷ
1641 2573 1760 2646 θεῷ

176 2664 568 2737 οὐηρέστησεν.
610 2663 877 2718 Ἐνταῦθα
910 2665 973 2718 τὸ
1018 2664 1200 2718 πεδίον
1231 2666 1289 2717 ἐν
1319 2658 1364 2733 ᾧ
1395 2665 1758 2736 ἀναχωρήσας

175 2754 443 2825 Ἔσδρας,
488 2752 669 2817 πάσας
709 2753 807 2817 τὰς
833 2752 1223 2819 θεοπνεύστους
1269 2754 1481 2825 βίϐλους
1520 2755 1759 2826 προστά-

182 2862 350 2916 γματι
378 2844 517 2898 Θεοῦ
548 2843 894 2916 ἐξηρεύξατο.
933 2844 1217 2900 Ἐνταῦθα.
1241 2847 1274 2917 ἡ
1302 2845 1542 2918 ἕρημος,
1568 2848 1626 2900 ἐν
1729 2848 1759 2901 6

151 2937 453 3008 ’μακάριος
493 2937 781 3007 Ἰωάννης,
831 2936 1242 3010 ἀκριδοφαγῶν,
1295 2938 1583 3008 μετάνοιαν
1644 2941 1756 3002 τοῖς

170 3026 490 3099 ἀνθρώποις
517 3027 804 3099 ἐκήρυξεν.
834 3026 1104 3087 Ἐνταῦθα
1128 3028 1189 3081 τὸ
1211 3028 1338 3122 ὅρος
1364 3029 1471 3082 τῶν
1506 3028 1751 3095 Ἐλαιῶν,
1783 3063 1829 3122 c

170 3121 254 3182 εἰς
284 3119 316 3172 ὃ
338 3121 367 3173 6
387 3119 625 3191 Χριστὸς
655 3118 1018 3190 ἀνερχόμενος
1048 3119 1412 3190 προσηύχετο,
1436 3122 1582 3191 ἡμᾶς
1612 3122 1753 3176 διδά·

174 3227 326 3265 σκων
349 3210 773 3283 προσεύχεσθαι.
818 3210 1085 3265 Ἐνταῦθα
1122 3213 1150 3264 ὁ
1178 3211 1413 3282 Χριστὸς
1447 3214 1476 3266 6
1509 3213 1609 3282 τῆς
1630 3213 1759 3285 ἐρή-

152 3318 281 3377 ’μου
315 3306 492 3375 φίλος.
522 3305 663 3376 Φησὶ
690 3305 798 3377 γάρ
816 3321 832 3336 ο
862 3305 1048 3358 Ὅπου
1083 3305 1201 3359 εισὶ
1226 3305 1337 3358 δύο
1362 3305 1401 3375 ἢ
1423 3305 1581 3373 τρεῖς
1606 3320 1759 3359 συν-

171 3398 427 3467 ηγμένοι
460 3398 550 3463 εις
578 3398 643 3450 τὸ
664 3396 811 3465 ἐμὸν
838 3395 1047 3466 ὄνομα,
1073 3396 1203 3470 ἐκεῖ
1214 3400 1330 3466 εἰμι
1353 3398 1424 3451 ἐν
1448 3397 1616 3467 μέσῳ
1650 3399 1758 3453 αὑ-

170 3487 297 3540 τῶν
327 3486 462 3557 (i9).
504 3485 768 3539 Ἐνταῦθα
792 3489 824 3556 ἡ
853 3487 1014 3556 στενὴ
1045 3487 1137 3539 καὶ
1185 3487 1521 3559 τεθλιμμένη
1556 3488 1694 3552 ὁδὸς,
1724 3490 1757 3559 ἡ

172 3575 471 3643 ἀπάγουσα
512 3575 594 3638 είς
629 3574 729 3645 τὴν
784 3571 949 3645 ζωήν.
1013 3574 1279 3629 Ἐνταῦθα
1325 3575 1636 3630 διδάσκαλοι
1666 3579 1760 3630 καὶ

176 3668 487 3740 προφῆται,
511 3668 563 3719 οἱ
590 3668 647 3720 ἐν
667 3667 922 3737 ἐρημίαις
952 3665 1314 3737 πλανώμενοι,
1341 3669 1435 3721 καὶ
1463 3667 1633 3739 ὄρεσι,
1667 3668 1760 3721 καὶ

178 3759 491 3829 σπηλαίοις,
536 3759 631 3812 καὶ
671 3760 793 3822 ταῖς
836 3757 1001 3820 ὀπαῖς
1047 3758 1143 3829 τῆς
1174 3758 1298 3828 γῆς.
1335 3758 1597 3813 Ἐνταῦθα
1628 3759 1760 3812 ἁπό-

178 3852 359 3905 στολοι
384 3852 481 3905 καὶ
514 3849 920 3919 εὐαγγελισταὶ,
949 3851 1043 3903 καὶ
1073 3853 1101 3903 6
1126 3850 1237 3904 τῶν
1272 3850 1522 3921 μοναχῶν
1559 3853 1761 3922 ἐρημο-

175 3942 406 4012 πολίτης
439 3942 575 4013 βίος.
603 3941 789 3997 Ταῦτα
836 3941 1017 3995 τοίνυν
1048 3943 1313 4006 ἑκουσίως
1338 3942 1756 4014 καταδέδεγμαι,

176 4036 267 4089 ῐνα
293 4033 449 4088 λάϐω
479 4033 625 4105 ἅπερ
674 4035 787 4097 τοῖς
832 4034 1070 4104 μάρτυσι
1107 4033 1201 4087 τοῦ
1246 4033 1485 4107 Χριστοῦ
1514 4035 1609 4088 καὶ
1649 4038 1759 4100 τοῖς

152 4126 364 4188 νᾶλλοις
395 4124 564 4177 πᾶσιν
590 4122 768 4192 ἁγίοις
787 4121 1125 4195 ἐπήγγελται
1143 4140 1157 4153 ο
1196 4123 1284 4176 ἵνα
1305 4122 1553 4193 ἀψευδῶς
1579 4124 1724 4192 λέγω
1742 4142 1754 4154 ·

176 4216 284 4271 Διὰ
338 4215 482 4282 τοὺς
513 4216 733 4285 λόγους
772 4212 889 4268 τῶν
932 4213 1182 4283 χειλέων
1224 4228 1342 4268 σου
1380 4213 1496 4284 ἐγὼ
1537 4214 1761 4282 ἐφύλα-

164 4307 260 4372 έξα
297 4305 480 4371 ὁδοὺς
520 4302 812 4372 σκληράς.
852 4304 1065 4371 Ἐγνων
1110 4302 1218 4374 γὰρ
1263 4302 1352 4355 τὸν
1399 4303 1496 4374 μὲν
1537 4302 1755 4375 θεοφιλῆ

1865 1853 1955 1893 ser
1998 1839 2329 1909 transmigro
2360 1842 2415 1894 in
2448 1851 2683 1897 montes.
2718 1844 2849 1898 Sum
2890 1846 3036 1899 enim
3070 1847 3212 1902 sicut
3242 1862 3438 1917 passer

1862 1944 1927 1983 ex
1966 1930 2160 1998 laqueo
2191 1932 2506 1986 venantium
2560 1933 2821 1990 liberatus
2845 1935 2912 1987 ‘°.
2974 1936 3189 1992 Etenim
3237 1939 3292 1992 in
3332 1941 3436 1995 hac

1864 2021 2156 2076 solitudine
2179 2021 2339 2091 dego,
2370 2038 2403 2078 ο
2437 2025 2577 2078 mala
2602 2027 2862 2096 cogitatio
2896 2067 2911 2092 ,
2943 2028 2999 2083 in
3040 2042 3145 2099 qua
3174 2028 3437 2087 Dominus

1861 2118 2110 2164 versatus
2142 2119 2243 2164 est.
2291 2111 2390 2167 Hic
2433 2129 2675 2183 quercus
2703 2114 2947 2172 Mambre
2988 2135 3002 2169 :
3039 2119 3130 2173 hic
3160 2121 3309 2175 scala
3352 2120 3435 2178 fe.

1862 2212 1989 2252 rens
2017 2200 2086 2253 ad
2109 2202 2330 2266 coelum,
2381 2210 2435 2256 et
2461 2204 2777 2274 angelorum
2807 2215 2991 2263 castra
3019 2223 3051 2262 a
3096 2207 3269 2264 Jacob
3299 2225 3435 2265 con-

1863 2300 2047 2361 specta
2085 2310 2100 2360 ;
2142 2293 2230 2347 hic
2256 2296 2538 2361 .solitudo,
2582 2296 2637 2351 in
2692 2312 2798 2366 qua
2839 2301 3073 2371 populus
3110 2302 3435 2371 purificatus

1861 2382 2032 2454 legem
2072 2387 2333 2455 accepit,
2382 2395 2438 2441 et
2460 2388 2535 2441 ita
2585 2383 2801 2444 demum
2847 2391 2903 2445 in
2953 2402 3153 2447 terram
3199 2396 3435 2465 promis-

1861 2476 2032 2531 sionis
2062 2476 2343 2546 ingressus
2384 2480 2550 2535 Deum
2587 2482 2742 2536 vidit.
2776 2482 2876 2538 Hic
2930 2500 3087 2541 mons
3118 2488 3431 2555 Carmelus,

1860 2568 1917 2622 in
1954 2585 2064 2639 quo
2111 2570 2259 2626 Elias
2306 2586 2652 2628 couimorans
2691 2576 2896 2644 placuit
2939 2575 3086 2646 Deo;
3143 2578 3233 2634 hic
3286 2594 3436 2635 cam-

1858 2649 1983 2728 pu's,
2020 2662 2075 2714 in
2122 2676 2284 2731 quem
2332 2677 2455 2717 cum
2501 2663 2706 2720 Esdras
2736 2668 3097 2733 secessisset,
3127 2682 3318 2726 omnes
3361 2671 3434 2726 li-

1858 2751 1988 2808 bros
2038 2752 2302 2808 divinitus
2353 2755 2649 2825 inspiratos
2671 2798 2687 2823 ,
2723 2756 2831 2813 Deo
2857 2759 3102 2828 jubente,
3138 2765 3431 2822 eructavit.

1858 2842 1958 2899 Hic
2010 2844 2285 2908 solitudo,
2335 2846 2388 2900 in
2443 2863 2545 2917 qua
2613 2847 2807 2904 beatus
2852 2850 3092 2908 Joannes
3122 2891 3137 2917 ,
3191 2853 3433 2911 locustas

1858 2930 2047 2996 edens,
2095 2932 2405 2989 hominibus
2453 2935 2611 3005 130
2658 2939 3034 3006 paenitentiam
3089 2943 3427 3011 praedicavit.

1859 3021 1958 3077 Hic
1987 3039 2146 3079 mons
2171 3023 2472 3091 Olivarum,
2504 3029 2558 3081 in
2591 3045 2752 3098 quem
2784 3046 2907 3085 cum
2954 3033 3211 3091 Christus
3238 3051 3433 3092 ascen-

1858 3112 2031 3169 disset
2069 3117 2269 3182 oravit,
2303 3131 2464 3171 orare
2506 3133 2608 3173 nos
2637 3118 2865 3176 docens.
2910 3120 3009 3176 Hic
3039 3123 3294 3181 Christus
3336 3141 3432 3183 so-

1857 3205 2106 3260 litudinis
2129 3216 2361 3261 amator.
2394 3208 2484 3263 Ait
2530 3211 2677 3265 enim
2710 3226 2723 3265 :
2761 3209 2862 3265 Ubi
2892 3212 2996 3268 duo
3032 3225 3155 3269 sunt
3208 3227 3300 3271 aut
3326 3228 3432 3274 [τεο

1857 3300 2151 3368 congregati
2197 3300 2252 3352 in
2304 3303 2513 3355 nomine
2548 3318 2661 3356 meo
2688 3341 2703 3366 ,
2749 3303 2823 3357 ibi
2867 3323 2986 3359 sum
3024 3308 3082 3360 in
3134 3309 3307 3363 medio
3336 3327 3431 3365 eo-

1857 3405 1974 3442 rum
1994 3389 2062 3444 “.
2115 3388 2217 3444 llic
2269 3400 2502 3462 angusta
2548 3402 2603 3448 et
2646 3403 2797 3449 arcta
2858 3398 2962 3459 via,
3016 3415 3137 3468 quae
3179 3401 3328 3456 ducit
3361 3403 3431 3458 ad

1859 3482 2044 3536 vitam.
2079 3481 2178 3535 llic
2211 3482 2467 3539 doctores
2550 3494 2603 3539 et
2647 3487 2962 3557 prophetae,
3005 3490 3061 3543 in
3119 3492 3433 3548 solitudini-

1857 3573 1959 3628 bus
1999 3581 2247 3628 errantes
2272 3614 2286 3639 ,
2341 3590 2405 3628 ac
2450 3577 2731 3631 montibus
2758 3617 2773 3641 ,
2812 3580 3195 3652 speluncisque
3247 3592 3301 3639 et
3346 3584 3432 3641 fo-

1856 3664 2163 3719 raminibus
2191 3672 2354 3720 terrae
2377 3666 2443 3722 ".
2474 3665 2574 3721 Hic
2622 3672 2853 3738 apostoli
2881 3680 2935 3725 et
2980 3674 3346 3743 evangelista,
3376 3687 3431 3732 et

1857 3757 2246 3809 monachorum
2292 3765 2502 3812 semota
2561 3759 2633 3813 ab
2664 3761 2892 3816 urbibus
2920 3764 3049 3817 vita.
3084 3763 3210 3821 Haec
3246 3768 3431 3839 itaque

1858 3847 2003 3901 ultro
2040 3849 2282 3917 suscepi,
2337 3859 2395 3903 ut
2437 3864 2745 3920 consequar
2775 3869 2894 3922 quae
2937 3854 3144 3910 Christi
3176 3862 3431 3931 martyri-

1858 3936 1962 3992 bus
2005 3944 2060 3991 et
2101 3938 2356 3993 omnibus
2397 3940 2524 3995 aliis
2579 3942 2785 3997 sanctis
2840 3947 3114 4013 promissa
3172 3956 3334 4016 sunt;
3370 3960 3430 4007 ut

1863 4043 1985 4083 rere
2021 4042 2085 4082 ac
2122 4028 2259 4083 citra
2329 4029 2672 4085 mendacium
2733 4031 2952 4088 dicam:
3001 4034 3223 4104 Propter
3276 4040 3410 4093 verb.

1860 4118 2124 4173 labiorum
2174 4129 2385 4172 tuorum
2416 4135 2510 4190 ego
2567 4122 2824 4176 custodivi
2862 4124 2971 4178 vias
2998 4124 3165 4181 duras
3197 4127 3263 4184 ⁸³.
3291 4128 3430 4186 Novi

1859 4210 2003 4265 enim
2060 4210 2292 4265 charum
2351 4210 2462 4266 Deo
2500 4210 2775 4266 Abraham
2843 4214 2938 4284 qui
2999 4219 3119 4272 voci
3177 4218 3273 4275 Dei
3327 4223 3429 4277 ob-

1860 4310 2082 4359 secutus
2127 4310 2231 4367 est,
2293 4312 2348 4359 et
2380 4305 2436 4359 in
2471 4304 2819 4361 solitudinem
2851 4308 3145 4377 migravit;
3191 4320 3245 4365 et
3276 4312 3428 4369 Isaac

191 4395 448 4469 Ἀϐραὰμ
471 4398 539 4467 τῇ
583 4395 676 4448 τοῦ
705 4393 840 4448 Θεοῦ
871 4397 1020 4465 φωνῇ
1056 4393 1396 4464 πειθόμενον,
1431 4395 1523 4448 καὶ
1552 4396 1631 4458 είς
1660 4394 1757 4466 τὴν

1863 4393 2101 4462 potentia
2134 4407 2453 4463 oppressum
2476 4434 2491 4459 ,
2543 4402 2598 4449 et
2637 4392 2809 4451 Jacob
2867 4399 3234 4467 patriarcham
3271 4417 3431 4472 pere-

176 4488 388 4559 ερημον
432 4485 810 4558 μετοικοῦντα·
850 4484 944 4537 καὶ
993 4484 1180 4538 Ἰσαὰκ
1221 4484 1760 4556 καταδυναστευόμε-

174 4596 299 4634 κον·
330 4578 426 4631 καὶ
454 4575 646 4632 Ἰακὼϐ
673 4577 765 4630 τὸν
791 4576 1133 4649 πατριάρχην
1157 4575 1518 4644 ξενιτεύοντα’
1559 4578 1774 4653 Ἰωσὴφ.

177 4671 270 4727 σὺν
298 4669 551 4741 σώφρονα
579 4669 1131 4741 διαπιπρασκόμενον,
1159 4671 1287 4734 τοὺς
1307 4669 1409 4740 τῆς
1431 4668 1757 4740 ἐγκρατείας

176 4761 411 4836 nigrm;
437 4764 587 4833 τρεῖς
614 4761 810 4824 παῖδας
846 4757 1321 4833 πυρομαχοῦντας,
1343 4758 1542 4831 Δανιὴλ
1573 4759 1756 4813 δεύτε-

178 4873 275 4928 ρον
305 4856 388 4919 είς
413 4854 617 4909 λάκκον
648 4852 874 4908 λεόντων
897 4848 1394 4924 παραϐαλλόμενον,
1422 4851 1514 4905 τὸν
1539 4852 1758 4923 παρῤηο

1857 4485 2202 4555 grinantem;
2260 4486 2519 4555 pudicum
2559 4484 2763 4558 Ioseph
2800 4488 3184 4558 divenditum;
3231 4508 3431 4562 pueros

1856 4585 1966 4631 tres
2013 4576 2355 4632 abstinentiae
2412 4577 2766 4645 inventores,
2802 4581 2896 4651 qui
2955 4583 3213 4640 adversus
3251 4585 3430 4656 ignem

1857 4674 2212 4737 pugnarunt;
2262 4666 2540 4725 Danielem
2593 4672 2762 4727 semel
2801 4679 2856 4727 et
2884 4672 3082 4728 iterum
3112 4674 3168 4729 in
3225 4675 3432 4734 fossam

1855 4759 2075 4814 leonum
2127 4759 2474 4830 conjectum;
2526 4760 2817 4819 Jeremiam
2872 4764 3040 4821 libere
3083 4767 3435 4839 loquentem,

1857 4851 2002 4906 comi
2038 4851 2193 4907 ‘lacui
2235 4853 2551 4922 addictum;
2593 4853 2786 4911 Isaiam
2843 4870 3168 4913 arcanorum
3216 4870 3433 4930 specta—

248 5015 298 5045 “
330 5011 481 5070 Psal.
510 5026 701 5079 cum,
734 5012 785 5067 7.
859 5011 904 5044 “
937 5011 1131 5067 Matth.
1169 5026 1329 5077 mu,
1365 5008 1459 5065 20.
1529 5006 1578 5042 “
1612 5005 1781 5064 Hebr.
1812 5022 1892 5073 XI,
1921 5006 2010 5062 58.
2086 5008 2132 5039 ⁸³
2157 5008 2303 5065 Psal.
2332 5025 2444 5075 xvi,
2475 5011 2529 5066 4.

247 5168 366 5254 (ιι)
388 5167 736 5254 mittereac.
762 5165 1058 5254 etc-ﬁes;
1075 5160 1758 5254 εεειηάμξρμήτεηεὶτὲι

174 5231 508 5310 ἀδίκούντων
534 5239 634 5310 τῆν
658 5231 834 5310 ὁρμὴν
861 5231 1130 5310 ἀνακόψαι
1172 5231 1473 5310 δυναμένῳ,
1515 5233 1654 5310 μήτε
1699 5231 1758 5284 δὲ

174 5255 508 5293 αοικουντων
603 5257 634 5293 ν
658 5255 834 5310 ορμην
861 5255 1130 5309 ανακοψαι
1172 5255 1473 5305 ουναμενῳ,
1516 5255 1654 5304 μητε
1699 5255 1756 5284 οε

172 5311 305 5372 τοὺς
331 5255 753 5430 σφαλλοῙἮνους,
777 5316 883 5364 etc.
917 5305 1051 5363 Cum
1072 5322 1163 5362 nec
1184 5306 1481 5376 iniquorum
1507 5305 1756 5370 impetum

176 5378 429 5430 revellere
464 5394 527 5430 va
550 5394 685 5430 eam.

176 5378 685 5455 τεηςζιετεέρέςαπι-
1131 5446 1227 5455 _-.
1390 5442 1444 5455 η.

271 5448 364 5518 15)
415 5447 781 5502 uenam...
832 5446 1343 5515 προσαπολλύειν.
1389 5442 1483 5518 Sic
1523 5442 1758 5518 duorum

283 5513 435 5573 icum
462 5513 910 5590 opeemendatur
935 5518 1082 5590 quod
1115 5525 1234 5573 erat
1268 5519 1324 5572 in
1350 5515 1514 5572 editis
1547 5513 1750 5586 μᾶλλόν

160 5606 295 5661 τινε
315 5585 765 5661 Ἐροσαίἶολλιῖντι·

242 5655 606 5732 (ιω-ποιεῖν.
641 5656 770 5715 Post
797 5657 938 5716 hanc
964 5673 1153 5718 vocem
1168 5658 1373 5717 addunt
1389 5655 1522 5731 Reg.
1555 5673 1750 5720 secun-

1855 5160 1960 5238 dus
2009 5170 2066 5218 et
2108 5161 2245 5218 Ποῖ.
2288 5163 2521 5219 ἐνώπιον
2569 5166 2890 5238 ἀνθρώπων.
2951 5164 3145 5223 Coram
3199 5168 3429 5225 homini-

1856 5231 1972 5379 buzi
1985 5304 2038 5379 Ἰ)
2072 5304 2341 5379 Μαμϐρῆ.
2370 5307 2608 5379 ltatnss.
2649 5305 2795 5362 Editi
2823 5306 3044 5379 Μαϐρή.

1926 5375 2406 5457 (milito-8.160%.
2456 5376 2571 5432 Hoc
2614 5379 2841 5433 verbum
2887 5375 3134 5433 additum
3187 5392 3254 5434 ex
3287 5376 3426 5457 Reg.

1854 5446 2193 5601 38.}???th
2224 5519 2396 5592 μέσῳ
2441 5516 2658 5574 αὐτῶν.
2696 5517 2829 5590 Reg.
2863 5517 3136 5576 secundus
3172 5518 3290 5589 μετ’
3327 5517 3428 5576 αὐ-

1855 5606 1984 5646 των.
