  <div class='ocr_page' id='page_1' title='image "/cluster/home/n/w/nwhite01/storage/ocr_20150623/32/nnc1.0046978879/231.png"; bbox 0 0 3870 6218; ppageno 0'>
   <div class='ocr_carea' id='block_1_1' title="bbox 484 198 594 258">
    <p class='ocr_par' dir='ltr' id='par_1_1' title="bbox 484 198 594 258">
     <span class='ocr_line' id='line_1_1' title="bbox 484 198 594 258; baseline 0 0"><span class='ocrx_word' id='word_1_1' title='bbox 484 198 594 258; x_wconf 77' lang='lat'><strong>359</strong></span> 
     </span>
    </p>
   </div>
   <div class='ocr_carea' id='block_1_2' title="bbox 1861 194 2474 256">
    <p class='ocr_par' dir='ltr' id='par_1_2' title="bbox 1861 194 2474 256">
     <span class='ocr_line' id='line_1_2' title="bbox 1861 194 2474 256; baseline -0.011 0"><span class='ocrx_word' id='word_1_2' title='bbox 1861 202 1928 256; x_wconf 68' lang='grc' dir='ltr'>Β.</span> <span class='ocrx_word' id='word_1_3' title='bbox 1976 197 2218 256; x_wconf 80' lang='lat' dir='ltr'><strong>BASILII</strong></span> <span class='ocrx_word' id='word_1_4' title='bbox 2257 194 2474 252; x_wconf 74' lang='lat' dir='ltr'><strong>MAGNI</strong></span> 
     </span>
    </p>
   </div>
   <div class='ocr_carea' id='block_1_3' title="bbox 3613 177 3710 236">
    <p class='ocr_par' dir='ltr' id='par_1_3' title="bbox 3613 177 3710 236">
     <span class='ocr_line' id='line_1_3' title="bbox 3613 177 3710 236; baseline 0.031 -5"><span class='ocrx_word' id='word_1_5' title='bbox 3613 177 3710 236; x_wconf 72' lang='grc'><strong>360</strong></span> 
     </span>
    </p>
   </div>
   <div class='ocr_carea' id='block_1_4' title="bbox 485 304 2061 389">
    <p class='ocr_par' dir='ltr' id='par_1_4' title="bbox 485 317 2061 389">
     <span class='ocr_line' id='line_1_4' title="bbox 485 317 2061 389; baseline -0.003 -14"><span class='ocrx_word' id='word_1_6' title='bbox 485 325 682 388; x_wconf 82' lang='lat' dir='ltr'><strong>torem,</strong></span> <span class='ocrx_word' id='word_1_7' title='bbox 735 332 886 376; x_wconf 83' lang='lat' dir='ltr'><strong>serra</strong></span> <span class='ocrx_word' id='word_1_8' title='bbox 937 326 1194 383; x_wconf 82' lang='lat' dir='ltr'><strong>sectum;</strong></span> <span class='ocrx_word' id='word_1_9' title='bbox 1241 319 1536 376; x_wconf 84' lang='lat' dir='ltr'><strong>abductum</strong></span> <span class='ocrx_word' id='word_1_10' title='bbox 1585 319 1642 373; x_wconf 91' lang='lat' dir='ltr'><strong>in</strong></span> <span class='ocrx_word' id='word_1_11' title='bbox 1693 317 2061 389; x_wconf 74' lang='lat' dir='ltr'><strong>captivitatem</strong></span> 
     </span>
    </p>
   </div>
   <div class='ocr_carea' id='block_1_5' title="bbox 2168 304 3716 389">
    <p class='ocr_par' dir='ltr' id='par_1_5' title="bbox 2168 304 3716 383">
     <span class='ocr_line' id='line_1_5' title="bbox 2168 304 3716 383; baseline -0.005 -16"><span class='ocrx_word' id='word_1_12' title='bbox 2168 312 2392 383; x_wconf 78' lang='grc' dir='ltr'>σιαστὴν</span> <span class='ocrx_word' id='word_1_13' title='bbox 2429 309 2542 382; x_wconf 72' lang='grc'><strong>(20)</strong></span> <span class='ocrx_word' id='word_1_14' title='bbox 2593 308 2862 380; x_wconf 84' lang='grc' dir='ltr'>Ἰερεμίαν</span> <span class='ocrx_word' id='word_1_15' title='bbox 2908 308 2986 370; x_wconf 88' lang='grc' dir='ltr'><strong>είς</strong></span> <span class='ocrx_word' id='word_1_16' title='bbox 3027 306 3227 361; x_wconf 83' lang='grc' dir='ltr'><strong>λάκκον</strong></span> <span class='ocrx_word' id='word_1_17' title='bbox 3261 304 3517 378; x_wconf 77' lang='grc' dir='ltr'>βορϐόρου</span> <span class='ocrx_word' id='word_1_18' title='bbox 3563 319 3716 359; x_wconf 85' lang='grc' dir='ltr'>κατα-</span> 
     </span>
    </p>
   </div>
   <div class='ocr_carea' id='block_1_6' title="bbox 485 408 2060 482">
    <p class='ocr_par' dir='ltr' id='par_1_6' title="bbox 485 408 2060 482">
     <span class='ocr_line' id='line_1_6' title="bbox 485 408 2060 482; baseline -0.002 -16"><span class='ocrx_word' id='word_1_19' title='bbox 485 411 791 476; x_wconf 82' lang='lat' dir='ltr'><strong>lsraelem;</strong></span> <span class='ocrx_word' id='word_1_20' title='bbox 843 408 1110 466; x_wconf 84' lang='lat' dir='ltr'><strong>Joannem</strong></span> <span class='ocrx_word' id='word_1_21' title='bbox 1164 411 1416 466; x_wconf 78' lang='lat' dir='ltr'><strong>adulterii</strong></span> <span class='ocrx_word' id='word_1_22' title='bbox 1467 410 1911 482; x_wconf 81' lang='lat' dir='ltr'><strong>objurgatorem,</strong></span> <span class='ocrx_word' id='word_1_23' title='bbox 1964 424 2060 463; x_wconf 79' lang='lat' dir='ltr'><strong>ca-</strong></span> 
     </span>
    </p>
   </div>
   <div class='ocr_carea' id='block_1_7' title="bbox 487 502 2061 574">
    <p class='ocr_par' dir='ltr' id='par_1_7' title="bbox 487 502 2061 574">
     <span class='ocr_line' id='line_1_7' title="bbox 487 502 2061 574; baseline 0.001 -18"><span class='ocrx_word' id='word_1_24' title='bbox 487 503 599 574; x_wconf 88' lang='lat' dir='ltr'><strong>pite</strong></span> <span class='ocrx_word' id='word_1_25' title='bbox 627 510 940 558; x_wconf 88' lang='lat' dir='ltr'><strong>truncatum</strong></span> <span class='ocrx_word' id='word_1_26' title='bbox 973 520 990 568; x_wconf 89' lang='lat'><strong>;</strong></span> <span class='ocrx_word' id='word_1_27' title='bbox 1034 515 1304 572; x_wconf 82' lang='lat' dir='ltr'><strong>martyres</strong></span> <span class='ocrx_word' id='word_1_28' title='bbox 1358 502 1568 559; x_wconf 86' lang='lat' dir='ltr'><strong>Christi</strong></span> <span class='ocrx_word' id='word_1_29' title='bbox 1598 505 1666 562; x_wconf 83' lang='lat' dir='ltr'><strong>de</strong></span> <span class='ocrx_word' id='word_1_30' title='bbox 1718 503 1899 559; x_wconf 87' lang='lat' dir='ltr'><strong>medio</strong></span> <span class='ocrx_word' id='word_1_31' title='bbox 1931 502 2061 558; x_wconf 83' lang='lat' dir='ltr'><strong>sub-</strong></span> 
     </span>
    </p>
   </div>
   <div class='ocr_carea' id='block_1_8' title="bbox 485 592 2061 666">
    <p class='ocr_par' dir='ltr' id='par_1_8' title="bbox 485 592 2061 666">
     <span class='ocr_line' id='line_1_8' title="bbox 485 592 2061 666; baseline -0.001 -16"><span class='ocrx_word' id='word_1_32' title='bbox 485 593 646 650; x_wconf 81' lang='lat' dir='ltr'><strong>latos.</strong></span> <span class='ocrx_word' id='word_1_33' title='bbox 684 592 752 647; x_wconf 90' lang='lat' dir='ltr'><strong>Et</strong></span> <span class='ocrx_word' id='word_1_34' title='bbox 804 594 932 664; x_wconf 90' lang='lat' dir='ltr'><strong>quid</strong></span> <span class='ocrx_word' id='word_1_35' title='bbox 992 595 1241 664; x_wconf 84' lang='lat' dir='ltr'><strong>pluribus</strong></span> <span class='ocrx_word' id='word_1_36' title='bbox 1285 598 1510 652; x_wconf 85' lang='lat' dir='ltr'><strong>moror?</strong></span> <span class='ocrx_word' id='word_1_37' title='bbox 1550 597 1642 652; x_wconf 89' lang='lat' dir='ltr'><strong>ubi</strong></span> <span class='ocrx_word' id='word_1_38' title='bbox 1681 605 1734 651; x_wconf 92' lang='lat' dir='ltr'><strong>et</strong></span> <span class='ocrx_word' id='word_1_39' title='bbox 1779 595 1896 666; x_wconf 89' lang='lat' dir='ltr'><strong>ipse</strong></span> <span class='ocrx_word' id='word_1_40' title='bbox 1939 593 2061 648; x_wconf 82' lang='lat' dir='ltr'><strong>Sal-</strong></span> 
     </span>
    </p>
   </div>
   <div class='ocr_carea' id='block_1_9' title="bbox 485 685 2061 754">
    <p class='ocr_par' dir='ltr' id='par_1_9' title="bbox 485 685 2061 754">
     <span class='ocr_line' id='line_1_9' title="bbox 485 685 2061 754; baseline -0.001 -14"><span class='ocrx_word' id='word_1_41' title='bbox 485 694 640 741; x_wconf 86' lang='lat' dir='ltr'><strong>vator</strong></span> <span class='ocrx_word' id='word_1_42' title='bbox 677 699 776 754; x_wconf 92' lang='lat' dir='ltr'><strong>pro</strong></span> <span class='ocrx_word' id='word_1_43' title='bbox 811 685 972 740; x_wconf 88' lang='lat' dir='ltr'><strong>nobis</strong></span> <span class='ocrx_word' id='word_1_44' title='bbox 1006 686 1302 742; x_wconf 79' lang='lat' dir='ltr'><strong>crucifixus</strong></span> <span class='ocrx_word' id='word_1_45' title='bbox 1337 696 1440 751; x_wconf 87' lang='lat' dir='ltr'><strong>est.</strong></span> <span class='ocrx_word' id='word_1_46' title='bbox 1497 696 1557 742; x_wconf 87' lang='lat' dir='ltr'><strong>ut</strong></span> <span class='ocrx_word' id='word_1_47' title='bbox 1591 696 1765 742; x_wconf 89' lang='lat' dir='ltr'><strong>morte</strong></span> <span class='ocrx_word' id='word_1_48' title='bbox 1794 701 1893 740; x_wconf 89' lang='lat' dir='ltr'><strong>sua</strong></span> <span class='ocrx_word' id='word_1_49' title='bbox 1923 685 2061 740; x_wconf 84' lang='lat' dir='ltr'><strong>vivi-</strong></span> 
     </span>
    </p>
   </div>
   <div class='ocr_carea' id='block_1_10' title="bbox 488 772 2060 847">
    <p class='ocr_par' dir='ltr' id='par_1_10' title="bbox 488 772 2060 847">
     <span class='ocr_line' id='line_1_10' title="bbox 488 772 2060 847; baseline 0.003 -20"><span class='ocrx_word' id='word_1_50' title='bbox 488 772 678 828; x_wconf 82' lang='lat' dir='ltr'><strong>ﬁcaret</strong></span> <span class='ocrx_word' id='word_1_51' title='bbox 732 789 858 839; x_wconf 86' lang='lat' dir='ltr'><strong>nos,</strong></span> <span class='ocrx_word' id='word_1_52' title='bbox 889 783 943 830; x_wconf 87' lang='lat' dir='ltr'><strong>et</strong></span> <span class='ocrx_word' id='word_1_53' title='bbox 999 791 1443 847; x_wconf 87' lang='lat' dir='ltr'><strong>unumquemque</strong></span> <span class='ocrx_word' id='word_1_54' title='bbox 1471 787 1718 834; x_wconf 87' lang='lat' dir='ltr'><strong>nostrum</strong></span> <span class='ocrx_word' id='word_1_55' title='bbox 1749 778 1817 832; x_wconf 89' lang='lat' dir='ltr'><strong>ad</strong></span> <span class='ocrx_word' id='word_1_56' title='bbox 1850 778 2060 847; x_wconf 89' lang='lat' dir='ltr'><strong>patien-</strong></span> 
     </span>
    </p>
   </div>
   <div class='ocr_carea' id='block_1_11' title="bbox 486 866 2060 936">
    <p class='ocr_par' dir='ltr' id='par_1_11' title="bbox 486 866 2060 936">
     <span class='ocr_line' id='line_1_11' title="bbox 486 866 2060 936; baseline 0.004 -16"><span class='ocrx_word' id='word_1_57' title='bbox 486 866 619 920; x_wconf 86' lang='lat' dir='ltr'><strong>tiam</strong></span> <span class='ocrx_word' id='word_1_58' title='bbox 660 866 913 922; x_wconf 83' lang='lat' dir='ltr'><strong>incitaret</strong></span> <span class='ocrx_word' id='word_1_59' title='bbox 968 883 1032 923; x_wconf 92' lang='lat' dir='ltr'><strong>ac</strong></span> <span class='ocrx_word' id='word_1_60' title='bbox 1065 869 1323 924; x_wconf 84' lang='lat' dir='ltr'><strong>traheret.</strong></span> <span class='ocrx_word' id='word_1_61' title='bbox 1371 869 1451 924; x_wconf 75' lang='lat' dir='ltr'><strong>Ad</strong></span> <span class='ocrx_word' id='word_1_62' title='bbox 1487 871 1631 925; x_wconf 90' lang='lat' dir='ltr'><strong>hunc</strong></span> <span class='ocrx_word' id='word_1_63' title='bbox 1657 870 1875 936; x_wconf 83' lang='lat' dir='ltr'><strong>festino,</strong></span> <span class='ocrx_word' id='word_1_64' title='bbox 1907 877 1960 925; x_wconf 90' lang='lat' dir='ltr'><strong>et</strong></span> <span class='ocrx_word' id='word_1_65' title='bbox 1992 870 2060 926; x_wconf 87' lang='lat' dir='ltr'><strong>ad</strong></span> 
     </span>
    </p>
   </div>
   <div class='ocr_carea' id='block_1_12' title="bbox 483 956 2060 1032">
    <p class='ocr_par' dir='ltr' id='par_1_12' title="bbox 483 956 2060 1032">
     <span class='ocr_line' id='line_1_12' title="bbox 483 956 2060 1032; baseline 0.003 -19"><span class='ocrx_word' id='word_1_66' title='bbox 483 956 704 1013; x_wconf 87' lang='lat' dir='ltr'><strong>Patrem</strong></span> <span class='ocrx_word' id='word_1_67' title='bbox 731 997 748 1024; x_wconf 90' lang='lat'><strong>,</strong></span> <span class='ocrx_word' id='word_1_68' title='bbox 795 968 850 1014; x_wconf 89' lang='lat' dir='ltr'><strong>ct</strong></span> <span class='ocrx_word' id='word_1_69' title='bbox 884 959 953 1013; x_wconf 89' lang='lat' dir='ltr'><strong>ad</strong></span> <span class='ocrx_word' id='word_1_70' title='bbox 998 958 1262 1030; x_wconf 83' lang='lat' dir='ltr'><strong>Spiritum</strong></span> <span class='ocrx_word' id='word_1_71' title='bbox 1291 973 1560 1016; x_wconf 87' lang='lat' dir='ltr'><strong>sanctum.</strong></span> <span class='ocrx_word' id='word_1_72' title='bbox 1629 961 1929 1032; x_wconf 85' lang='lat' dir='ltr'><strong>Legitimus</strong></span> <span class='ocrx_word' id='word_1_73' title='bbox 1977 965 2060 1018; x_wconf 83' lang='lat' dir='ltr'><strong>in-</strong></span> 
     </span>
    </p>
   </div>
   <div class='ocr_carea' id='block_1_13' title="bbox 483 1049 2060 1122">
    <p class='ocr_par' dir='ltr' id='par_1_13' title="bbox 483 1049 2060 1122">
     <span class='ocr_line' id='line_1_13' title="bbox 483 1049 2060 1122; baseline 0.003 -18"><span class='ocrx_word' id='word_1_74' title='bbox 483 1049 664 1104; x_wconf 80' lang='lat' dir='ltr'><strong>veniri</strong></span> <span class='ocrx_word' id='word_1_75' title='bbox 720 1063 932 1116; x_wconf 89' lang='lat' dir='ltr'><strong>conor,</strong></span> <span class='ocrx_word' id='word_1_76' title='bbox 981 1051 1262 1122; x_wconf 83' lang='lat' dir='ltr'><strong>indignum</strong></span> <span class='ocrx_word' id='word_1_77' title='bbox 1319 1062 1519 1108; x_wconf 87' lang='lat' dir='ltr'><strong>memet</strong></span> <span class='ocrx_word' id='word_1_78' title='bbox 1560 1053 1816 1122; x_wconf 81' lang='lat' dir='ltr'><strong>judicans</strong></span> <span class='ocrx_word' id='word_1_79' title='bbox 1873 1056 2060 1109; x_wconf 89' lang='lat' dir='ltr'><strong>mundi</strong></span> 
     </span>
    </p>
   </div>
   <div class='ocr_carea' id='block_1_14' title="bbox 482 1138 2056 1213">
    <p class='ocr_par' dir='ltr' id='par_1_14' title="bbox 482 1138 2056 1213">
     <span class='ocr_line' id='line_1_14' title="bbox 482 1138 2056 1213; baseline 0.001 -16"><span class='ocrx_word' id='word_1_80' title='bbox 482 1140 665 1197; x_wconf 82' lang='lat' dir='ltr'><strong>bonis.</strong></span> <span class='ocrx_word' id='word_1_81' title='bbox 709 1138 977 1196; x_wconf 70' lang='lat' dir='ltr'><strong>Caeterum</strong></span> <span class='ocrx_word' id='word_1_82' title='bbox 1005 1158 1181 1212; x_wconf 90' lang='lat' dir='ltr'><strong>neque</strong></span> <span class='ocrx_word' id='word_1_83' title='bbox 1204 1158 1305 1213; x_wconf 82' lang='lat' dir='ltr'><strong>ego</strong></span> <span class='ocrx_word' id='word_1_84' title='bbox 1350 1150 1572 1213; x_wconf 89' lang='lat' dir='ltr'><strong>pr0pter</strong></span> <span class='ocrx_word' id='word_1_85' title='bbox 1619 1144 1905 1209; x_wconf 90' lang='lat' dir='ltr'><strong>mundum,</strong></span> <span class='ocrx_word' id='word_1_86' title='bbox 1965 1145 2056 1199; x_wconf 84' lang='lat' dir='ltr'><strong>sed</strong></span> 
     </span>
    </p>
   </div>
   <div class='ocr_carea' id='block_1_15' title="bbox 482 1231 2058 1306">
    <p class='ocr_par' dir='ltr' id='par_1_15' title="bbox 482 1231 2058 1306">
     <span class='ocr_line' id='line_1_15' title="bbox 482 1231 2058 1306; baseline 0.002 -19"><span class='ocrx_word' id='word_1_87' title='bbox 482 1231 721 1287; x_wconf 90' lang='lat' dir='ltr'><strong>mundus</strong></span> <span class='ocrx_word' id='word_1_88' title='bbox 753 1242 979 1303; x_wconf 91' lang='lat' dir='ltr'><strong>pr0pter</strong></span> <span class='ocrx_word' id='word_1_89' title='bbox 1005 1250 1109 1288; x_wconf 88' lang='lat' dir='ltr'><strong>me.</strong></span> <span class='ocrx_word' id='word_1_90' title='bbox 1175 1233 1301 1288; x_wconf 71' lang='lat' dir='ltr'><strong>Haec</strong></span> <span class='ocrx_word' id='word_1_91' title='bbox 1331 1235 1495 1305; x_wconf 78' lang='lat' dir='ltr'><strong>igitur</strong></span> <span class='ocrx_word' id='word_1_92' title='bbox 1537 1234 1679 1303; x_wconf 90' lang='lat' dir='ltr'><strong>apud</strong></span> <span class='ocrx_word' id='word_1_93' title='bbox 1716 1237 2058 1306; x_wconf 72' lang='lat' dir='ltr'><strong>temetipsum</strong></span> 
     </span>
    </p>
   </div>
   <div class='ocr_carea' id='block_1_16' title="bbox 481 1325 2056 1394">
    <p class='ocr_par' dir='ltr' id='par_1_16' title="bbox 481 1325 2056 1394">
     <span class='ocr_line' id='line_1_16' title="bbox 481 1325 2056 1394; baseline 0.001 -15"><span class='ocrx_word' id='word_1_94' title='bbox 481 1330 790 1394; x_wconf 83' lang='lat' dir='ltr'><strong>reputans,</strong></span> <span class='ocrx_word' id='word_1_95' title='bbox 846 1339 1020 1394; x_wconf 90' lang='lat' dir='ltr'><strong>eaque</strong></span> <span class='ocrx_word' id='word_1_96' title='bbox 1056 1325 1374 1394; x_wconf 85' lang='lat' dir='ltr'><strong>diligenter,</strong></span> <span class='ocrx_word' id='word_1_97' title='bbox 1433 1334 1492 1380; x_wconf 88' lang='lat' dir='ltr'><strong>ut</strong></span> <span class='ocrx_word' id='word_1_98' title='bbox 1524 1327 1620 1381; x_wconf 83' lang='lat' dir='ltr'><strong>tibi</strong></span> <span class='ocrx_word' id='word_1_99' title='bbox 1675 1327 1882 1381; x_wconf 90' lang='lat' dir='ltr'><strong>dictum</strong></span> <span class='ocrx_word' id='word_1_100' title='bbox 1931 1335 2056 1392; x_wconf 90' lang='lat' dir='ltr'><strong>est,</strong></span> 
     </span>
    </p>
   </div>
   <div class='ocr_carea' id='block_1_17' title="bbox 483 1417 2061 1490">
    <p class='ocr_par' dir='ltr' id='par_1_17' title="bbox 483 1417 2061 1490">
     <span class='ocr_line' id='line_1_17' title="bbox 483 1417 2061 1490; baseline 0.003 -21"><span class='ocrx_word' id='word_1_101' title='bbox 483 1430 795 1486; x_wconf 79' lang='lat' dir='ltr'><strong>exsequens</strong></span> <span class='ocrx_word' id='word_1_102' title='bbox 824 1455 840 1480; x_wconf 92' lang='lat'><strong>,</strong></span> <span class='ocrx_word' id='word_1_103' title='bbox 899 1417 1118 1472; x_wconf 86' lang='lat' dir='ltr'><strong>decerta</strong></span> <span class='ocrx_word' id='word_1_104' title='bbox 1175 1433 1274 1487; x_wconf 88' lang='lat' dir='ltr'><strong>pro</strong></span> <span class='ocrx_word' id='word_1_105' title='bbox 1321 1419 1550 1474; x_wconf 77' lang='lat' dir='ltr'><strong>veritate</strong></span> <span class='ocrx_word' id='word_1_106' title='bbox 1612 1435 1784 1490; x_wconf 89' lang='lat' dir='ltr'><strong>usque</strong></span> <span class='ocrx_word' id='word_1_107' title='bbox 1814 1419 1880 1473; x_wconf 85' lang='lat' dir='ltr'><strong>ad</strong></span> <span class='ocrx_word' id='word_1_108' title='bbox 1915 1435 2061 1474; x_wconf 88' lang='lat' dir='ltr'><strong>mor-</strong></span> 
     </span>
    </p>
   </div>
   <div class='ocr_carea' id='block_1_18' title="bbox 483 1505 2061 1579">
    <p class='ocr_par' dir='ltr' id='par_1_18' title="bbox 483 1505 2061 1579">
     <span class='ocr_line' id='line_1_18' title="bbox 483 1505 2061 1579; baseline 0.003 -19"><span class='ocrx_word' id='word_1_109' title='bbox 483 1510 615 1560; x_wconf 84' lang='lat' dir='ltr'><strong>tem.</strong></span> <span class='ocrx_word' id='word_1_110' title='bbox 662 1505 876 1561; x_wconf 86' lang='lat' dir='ltr'><strong>Etenim</strong></span> <span class='ocrx_word' id='word_1_111' title='bbox 931 1505 1184 1562; x_wconf 86' lang='lat' dir='ltr'><strong>Christus</strong></span> <span class='ocrx_word' id='word_1_112' title='bbox 1233 1509 1301 1562; x_wconf 91' lang='lat' dir='ltr'><strong>ad</strong></span> <span class='ocrx_word' id='word_1_113' title='bbox 1368 1518 1597 1564; x_wconf 90' lang='lat' dir='ltr'><strong>mortem</strong></span> <span class='ocrx_word' id='word_1_114' title='bbox 1656 1526 1830 1579; x_wconf 87' lang='lat' dir='ltr'><strong>usque</strong></span> <span class='ocrx_word' id='word_1_115' title='bbox 1885 1509 2061 1565; x_wconf 83' lang='lat' dir='ltr'><strong>factus</strong></span> 
     </span>
    </p>
   </div>
   <div class='ocr_carea' id='block_1_19' title="bbox 2165 395 3716 473">
    <p class='ocr_par' dir='ltr' id='par_1_19' title="bbox 2165 395 3716 473">
     <span class='ocr_line' id='line_1_19' title="bbox 2165 395 3716 473; baseline -0.005 -14"><span class='ocrx_word' id='word_1_116' title='bbox 2165 405 2547 473; x_wconf 79' lang='grc' dir='ltr'>δικαζόμενον’</span> <span class='ocrx_word' id='word_1_117' title='bbox 2590 401 2816 455; x_wconf 78' lang='grc' dir='ltr'>Ἡσαΐαν</span> <span class='ocrx_word' id='word_1_118' title='bbox 2864 399 2953 452; x_wconf 82' lang='grc' dir='ltr'>τὸν</span> <span class='ocrx_word' id='word_1_119' title='bbox 3000 399 3108 451; x_wconf 82' lang='grc' dir='ltr'><strong>τῶν</strong></span> <span class='ocrx_word' id='word_1_120' title='bbox 3155 396 3488 468; x_wconf 79' lang='grc' dir='ltr'>ἁποκρύφων</span> <span class='ocrx_word' id='word_1_121' title='bbox 3535 395 3716 466; x_wconf 83' lang='grc' dir='ltr'>θεατὴν</span> 
     </span>
    </p>
   </div>
   <div class='ocr_carea' id='block_1_20' title="bbox 2165 488 3716 566">
    <p class='ocr_par' dir='ltr' id='par_1_20' title="bbox 2165 488 3716 566">
     <span class='ocr_line' id='line_1_20' title="bbox 2165 488 3716 566; baseline -0.005 -18"><span class='ocrx_word' id='word_1_122' title='bbox 2165 495 2492 566; x_wconf 78' lang='grc' dir='ltr'>πριζόμενον</span> <span class='ocrx_word' id='word_1_123' title='bbox 2515 511 2527 524; x_wconf 96' lang='grc'><strong>·</strong></span> <span class='ocrx_word' id='word_1_124' title='bbox 2565 493 2656 547; x_wconf 88' lang='grc' dir='ltr'><strong>τὸν</strong></span> <span class='ocrx_word' id='word_1_125' title='bbox 2699 491 2914 563; x_wconf 81' lang='grc' dir='ltr'>Ἰσραὴλ</span> <span class='ocrx_word' id='word_1_126' title='bbox 2948 488 3508 562; x_wconf 73' lang='grc' dir='ltr'>αίχμαλωτιζόμενονο</span> <span class='ocrx_word' id='word_1_127' title='bbox 3555 488 3716 542; x_wconf 84' lang='grc' dir='ltr'>Ἰωάν-</span> 
     </span>
    </p>
   </div>
   <div class='ocr_carea' id='block_1_21' title="bbox 2161 579 3714 654">
    <p class='ocr_par' dir='ltr' id='par_1_21' title="bbox 2161 579 3714 654">
     <span class='ocr_line' id='line_1_21' title="bbox 2161 579 3714 654; baseline -0.003 -18"><span class='ocrx_word' id='word_1_128' title='bbox 2161 601 2258 654; x_wconf 86' lang='grc' dir='ltr'><strong>νην</strong></span> <span class='ocrx_word' id='word_1_129' title='bbox 2287 584 2377 636; x_wconf 82' lang='grc' dir='ltr'>τδν</span> <span class='ocrx_word' id='word_1_130' title='bbox 2407 583 2505 653; x_wconf 77' lang='grc' dir='ltr'>τῆς</span> <span class='ocrx_word' id='word_1_131' title='bbox 2541 581 2786 652; x_wconf 84' lang='grc' dir='ltr'><strong>μοιχείας</strong></span> <span class='ocrx_word' id='word_1_132' title='bbox 2818 581 3036 650; x_wconf 80' lang='grc' dir='ltr'>ἔλεγχον</span> <span class='ocrx_word' id='word_1_133' title='bbox 3066 579 3502 650; x_wconf 79' lang='grc' dir='ltr'><strong>ἀποτεμνόμενον</strong></span> <span class='ocrx_word' id='word_1_134' title='bbox 3525 596 3539 611; x_wconf 85' lang='grc'>⁶</span> <span class='ocrx_word' id='word_1_135' title='bbox 3573 581 3714 633; x_wconf 85' lang='grc' dir='ltr'>ἀναι-</span> 
     </span>
    </p>
   </div>
   <div class='ocr_carea' id='block_1_22' title="bbox 2163 671 3716 749">
    <p class='ocr_par' dir='ltr' id='par_1_22' title="bbox 2163 671 3716 749">
     <span class='ocr_line' id='line_1_22' title="bbox 2163 671 3716 749; baseline -0.002 -20"><span class='ocrx_word' id='word_1_136' title='bbox 2163 677 2457 749; x_wconf 77' lang='grc' dir='ltr'>ρουμένους</span> <span class='ocrx_word' id='word_1_137' title='bbox 2478 675 2604 738; x_wconf 85' lang='grc' dir='ltr'>τοὺς</span> <span class='ocrx_word' id='word_1_138' title='bbox 2645 673 2882 745; x_wconf 82' lang='grc' dir='ltr'><strong>Χριστοῦ</strong></span> <span class='ocrx_word' id='word_1_139' title='bbox 2919 675 3222 745; x_wconf 83' lang='grc' dir='ltr'>μάρτυρας.</span> <span class='ocrx_word' id='word_1_140' title='bbox 3259 672 3369 725; x_wconf 59' lang='grc' dir='ltr'><strong>Καὶ⁸</strong></span> <span class='ocrx_word' id='word_1_141' title='bbox 3410 672 3497 724; x_wconf 83' lang='grc' dir='ltr'><strong>ἵνα</strong></span> <span class='ocrx_word' id='word_1_142' title='bbox 3536 671 3584 724; x_wconf 91' lang='grc' dir='ltr'>τί</span> <span class='ocrx_word' id='word_1_143' title='bbox 3617 689 3716 741; x_wconf 89' lang='grc' dir='ltr'><strong>μα-</strong></span> 
     </span>
    </p>
   </div>
   <div class='ocr_carea' id='block_1_23' title="bbox 2162 761 3716 836">
    <p class='ocr_par' dir='ltr' id='par_1_23' title="bbox 2162 761 3716 836">
     <span class='ocr_line' id='line_1_23' title="bbox 2162 761 3716 836; baseline -0.004 -16"><span class='ocrx_word' id='word_1_144' title='bbox 2162 763 2440 836; x_wconf 87' lang='grc' dir='ltr'>κρολογῶ;</span> <span class='ocrx_word' id='word_1_145' title='bbox 2482 764 2616 816; x_wconf 84' lang='grc' dir='ltr'>ὅπου</span> <span class='ocrx_word' id='word_1_146' title='bbox 2662 781 2727 833; x_wconf 87' lang='grc' dir='ltr'><strong>γε</strong></span> <span class='ocrx_word' id='word_1_147' title='bbox 2773 764 2867 816; x_wconf 80' lang='grc' dir='ltr'><strong>καὶ</strong></span> <span class='ocrx_word' id='word_1_148' title='bbox 2914 764 3073 826; x_wconf 76' lang='grc' dir='ltr'>αὐτὸς</span> <span class='ocrx_word' id='word_1_149' title='bbox 3115 763 3145 814; x_wconf 83' lang='grc' dir='ltr'>ὁ</span> <span class='ocrx_word' id='word_1_150' title='bbox 3185 762 3372 833; x_wconf 80' lang='grc' dir='ltr'>Σωτὴρ</span> <span class='ocrx_word' id='word_1_151' title='bbox 3415 761 3716 833; x_wconf 79' lang='grc' dir='ltr'>ἐσταυρώθη</span> 
     </span>
    </p>
   </div>
   <div class='ocr_carea' id='block_1_24' title="bbox 2161 855 3714 930">
    <p class='ocr_par' dir='ltr' id='par_1_24' title="bbox 2161 855 3714 930">
     <span class='ocr_line' id='line_1_24' title="bbox 2161 855 3714 930; baseline -0.003 -18"><span class='ocrx_word' id='word_1_152' title='bbox 2161 858 2302 930; x_wconf 79' lang='grc' dir='ltr'>ὑπὲρ</span> <span class='ocrx_word' id='word_1_153' title='bbox 2328 856 2504 928; x_wconf 85' lang='grc' dir='ltr'>ἡμῶν,</span> <span class='ocrx_word' id='word_1_154' title='bbox 2543 857 2629 910; x_wconf 81' lang='grc' dir='ltr'>ἴνα</span> <span class='ocrx_word' id='word_1_155' title='bbox 2657 855 2736 926; x_wconf 80' lang='grc' dir='ltr'><strong>τῷ</strong></span> <span class='ocrx_word' id='word_1_156' title='bbox 2767 856 2960 910; x_wconf 79' lang='grc' dir='ltr'>ἑαυτοῦ</span> <span class='ocrx_word' id='word_1_157' title='bbox 2990 856 3203 926; x_wconf 85' lang='grc' dir='ltr'><strong>θανάτῳ</strong></span> <span class='ocrx_word' id='word_1_158' title='bbox 3225 857 3370 927; x_wconf 79' lang='grc' dir='ltr'>ἡμᾶς</span> <span class='ocrx_word' id='word_1_159' title='bbox 3398 855 3714 926; x_wconf 77' lang='grc' dir='ltr'>ζωοποιήσῃ,</span> 
     </span>
    </p>
   </div>
   <div class='ocr_carea' id='block_1_25' title="bbox 2162 947 3720 1021">
    <p class='ocr_par' dir='ltr' id='par_1_25' title="bbox 2162 947 3720 1021">
     <span class='ocr_line' id='line_1_25' title="bbox 2162 947 3720 1021; baseline -0.001 -20"><span class='ocrx_word' id='word_1_160' title='bbox 2162 950 2254 1001; x_wconf 80' lang='grc' dir='ltr'><strong>καὶ</strong></span> <span class='ocrx_word' id='word_1_161' title='bbox 2305 950 2510 1012; x_wconf 85' lang='grc' dir='ltr'>πάντας</span> <span class='ocrx_word' id='word_1_162' title='bbox 2553 949 2700 1020; x_wconf 82' lang='grc' dir='ltr'>ἡμᾶς</span> <span class='ocrx_word' id='word_1_163' title='bbox 2751 949 2889 1021; x_wconf 75' lang='grc' dir='ltr'>πρὸς</span> <span class='ocrx_word' id='word_1_164' title='bbox 2943 949 3057 1018; x_wconf 79' lang='grc' dir='ltr'>τὴν.</span> <span class='ocrx_word' id='word_1_165' title='bbox 3089 947 3367 1019; x_wconf 81' lang='grc' dir='ltr'>ὑπομονὴν</span> <span class='ocrx_word' id='word_1_166' title='bbox 3411 947 3600 1019; x_wconf 53' lang='lat' dir='ltr'><strong>meum</strong></span> <span class='ocrx_word' id='word_1_167' title='bbox 3629 949 3720 1000; x_wconf 74' lang='grc' dir='ltr'>καὶ</span> 
     </span>
    </p>
   </div>
   <div class='ocr_carea' id='block_1_26' title="bbox 2161 1038 3716 1114">
    <p class='ocr_par' dir='ltr' id='par_1_26' title="bbox 2161 1038 3716 1114">
     <span class='ocr_line' id='line_1_26' title="bbox 2161 1038 3716 1114; baseline -0.002 -20"><span class='ocrx_word' id='word_1_168' title='bbox 2161 1042 2382 1114; x_wconf 77' lang='grc' dir='ltr'>ἐλκύσῃ.</span> <span class='ocrx_word' id='word_1_169' title='bbox 2439 1041 2584 1111; x_wconf 84' lang='grc' dir='ltr'>Πρὸς</span> <span class='ocrx_word' id='word_1_170' title='bbox 2620 1040 2810 1095; x_wconf 78' lang='grc' dir='ltr'>τοῦτον</span> <span class='ocrx_word' id='word_1_171' title='bbox 2842 1041 3152 1111; x_wconf 80' lang='grc' dir='ltr'>ἐπείγομαι,</span> <span class='ocrx_word' id='word_1_172' title='bbox 3185 1040 3278 1096; x_wconf 71' lang='grc' dir='ltr'><strong>καὶ</strong></span> <span class='ocrx_word' id='word_1_173' title='bbox 3320 1038 3456 1111; x_wconf 81' lang='grc' dir='ltr'>πρὸς</span> <span class='ocrx_word' id='word_1_174' title='bbox 3492 1039 3581 1092; x_wconf 85' lang='grc' dir='ltr'>τὸν</span> <span class='ocrx_word' id='word_1_175' title='bbox 3608 1040 3716 1091; x_wconf 88' lang='grc' dir='ltr'><strong>Πα-</strong></span> 
     </span>
    </p>
   </div>
   <div class='ocr_carea' id='block_1_27' title="bbox 2159 1131 3718 1205">
    <p class='ocr_par' dir='ltr' id='par_1_27' title="bbox 2159 1131 3718 1205">
     <span class='ocr_line' id='line_1_27' title="bbox 2159 1131 3718 1205; baseline -0.002 -17"><span class='ocrx_word' id='word_1_176' title='bbox 2159 1135 2314 1205; x_wconf 82' lang='grc' dir='ltr'>τέρα,</span> <span class='ocrx_word' id='word_1_177' title='bbox 2343 1135 2438 1188; x_wconf 81' lang='grc' dir='ltr'><strong>καὶ</strong></span> <span class='ocrx_word' id='word_1_178' title='bbox 2459 1134 2518 1186; x_wconf 89' lang='grc' dir='ltr'>τὸ</span> <span class='ocrx_word' id='word_1_179' title='bbox 2546 1133 2769 1204; x_wconf 79' lang='grc' dir='ltr'>Πνεῦμα</span> <span class='ocrx_word' id='word_1_180' title='bbox 2790 1133 2849 1185; x_wconf 83' lang='grc' dir='ltr'>τὸ</span> <span class='ocrx_word' id='word_1_181' title='bbox 2873 1132 3024 1198; x_wconf 80' lang='grc' dir='ltr'>ἅγιον</span> <span class='ocrx_word' id='word_1_182' title='bbox 3040 1133 3170 1203; x_wconf 62' lang='grc' dir='ltr'>(Ἣ).</span> <span class='ocrx_word' id='word_1_183' title='bbox 3193 1133 3416 1202; x_wconf 81' lang='grc' dir='ltr'>Γνήσιος</span> <span class='ocrx_word' id='word_1_184' title='bbox 3443 1131 3718 1203; x_wconf 81' lang='grc' dir='ltr'>εὑρεθῆναι</span> 
     </span>
    </p>
   </div>
   <div class='ocr_carea' id='block_1_28' title="bbox 2160 1224 3719 1296">
    <p class='ocr_par' dir='ltr' id='par_1_28' title="bbox 2160 1224 3719 1296">
     <span class='ocr_line' id='line_1_28' title="bbox 2160 1224 3719 1296; baseline -0.001 -17"><span class='ocrx_word' id='word_1_185' title='bbox 2160 1225 2518 1296; x_wconf 76' lang='grc' dir='ltr'>ἀγωνίζομαι,</span> <span class='ocrx_word' id='word_1_186' title='bbox 2548 1224 2765 1290; x_wconf 82' lang='grc' dir='ltr'>ἀνάξιον</span> <span class='ocrx_word' id='word_1_187' title='bbox 2786 1225 3022 1294; x_wconf 78' lang='grc' dir='ltr'>ἐμαυτὸν</span> <span class='ocrx_word' id='word_1_188' title='bbox 3053 1225 3244 1296; x_wconf 83' lang='grc' dir='ltr'>κρίνας</span> <span class='ocrx_word' id='word_1_189' title='bbox 3266 1225 3374 1277; x_wconf 82' lang='grc' dir='ltr'>τῶν</span> <span class='ocrx_word' id='word_1_190' title='bbox 3403 1224 3496 1278; x_wconf 80' lang='grc' dir='ltr'>τοῦ</span> <span class='ocrx_word' id='word_1_191' title='bbox 3522 1225 3719 1296; x_wconf 79' lang='grc' dir='ltr'><strong>κόσμου</strong></span> 
     </span>
    </p>
   </div>
   <div class='ocr_carea' id='block_1_29' title="bbox 2160 1315 3722 1388">
    <p class='ocr_par' dir='ltr' id='par_1_29' title="bbox 2160 1315 3722 1388">
     <span class='ocr_line' id='line_1_29' title="bbox 2160 1315 3722 1388; baseline -0.001 -17"><span class='ocrx_word' id='word_1_192' title='bbox 2160 1317 2359 1372; x_wconf 83' lang='grc' dir='ltr'>καλῶν.</span> <span class='ocrx_word' id='word_1_193' title='bbox 2405 1316 2551 1388; x_wconf 84' lang='grc' dir='ltr'><strong>Πλὴν</strong></span> <span class='ocrx_word' id='word_1_194' title='bbox 2575 1316 2688 1370; x_wconf 84' lang='grc' dir='ltr'><strong>ἀλλ’</strong></span> <span class='ocrx_word' id='word_1_195' title='bbox 2717 1316 2838 1370; x_wconf 77' lang='grc' dir='ltr'><strong>οὐδὲ</strong></span> <span class='ocrx_word' id='word_1_196' title='bbox 2873 1315 2983 1384; x_wconf 81' lang='grc' dir='ltr'><strong>ἐγὼ</strong></span> <span class='ocrx_word' id='word_1_197' title='bbox 3013 1315 3102 1369; x_wconf 83' lang='grc' dir='ltr'><strong>διὰ</strong></span> <span class='ocrx_word' id='word_1_198' title='bbox 3148 1315 3240 1370; x_wconf 79' lang='grc' dir='ltr'>τὸν</span> <span class='ocrx_word' id='word_1_199' title='bbox 3285 1316 3507 1387; x_wconf 87' lang='grc' dir='ltr'>κόσμον,</span> <span class='ocrx_word' id='word_1_200' title='bbox 3551 1316 3654 1370; x_wconf 85' lang='grc' dir='ltr'>ἀλλ’</span> <span class='ocrx_word' id='word_1_201' title='bbox 3691 1319 3722 1370; x_wconf 85' lang='grc' dir='ltr'>ὀ</span> 
     </span>
    </p>
   </div>
   <div class='ocr_carea' id='block_1_30' title="bbox 2161 1407 3718 1482">
    <p class='ocr_par' dir='ltr' id='par_1_30' title="bbox 2161 1407 3718 1482">
     <span class='ocr_line' id='line_1_30' title="bbox 2161 1407 3718 1482; baseline -0.001 -18"><span class='ocrx_word' id='word_1_202' title='bbox 2161 1412 2363 1482; x_wconf 88' lang='grc' dir='ltr'>κόσμος</span> <span class='ocrx_word' id='word_1_203' title='bbox 2393 1411 2462 1463; x_wconf 88' lang='grc' dir='ltr'><strong>δι’</strong></span> <span class='ocrx_word' id='word_1_204' title='bbox 2495 1409 2615 1482; x_wconf 81' lang='grc' dir='ltr'>ὲμέ.</span> <span class='ocrx_word' id='word_1_205' title='bbox 2642 1409 2828 1463; x_wconf 83' lang='grc' dir='ltr'>Ταῦτα</span> <span class='ocrx_word' id='word_1_206' title='bbox 2859 1407 2952 1463; x_wconf 76' lang='grc' dir='ltr'>οὖν</span> <span class='ocrx_word' id='word_1_207' title='bbox 2981 1412 3039 1463; x_wconf 84' lang='grc' dir='ltr'><strong>ὲν</strong></span> <span class='ocrx_word' id='word_1_208' title='bbox 3069 1409 3246 1480; x_wconf 78' lang='grc' dir='ltr'>ἑαυτῷ</span> <span class='ocrx_word' id='word_1_209' title='bbox 3269 1409 3718 1482; x_wconf 74' lang='grc' dir='ltr'><strong>ἐπιλογιζόμενος,</strong></span> 
     </span>
    </p>
   </div>
   <div class='ocr_carea' id='block_1_31' title="bbox 2161 1502 3718 1576">
    <p class='ocr_par' dir='ltr' id='par_1_31' title="bbox 2161 1502 3718 1576">
     <span class='ocr_line' id='line_1_31' title="bbox 2161 1502 3718 1576; baseline 0.001 -20"><span class='ocrx_word' id='word_1_210' title='bbox 2161 1504 2256 1561; x_wconf 73' lang='grc' dir='ltr'><strong>καὶ</strong></span> <span class='ocrx_word' id='word_1_211' title='bbox 2288 1503 2458 1558; x_wconf 86' lang='grc' dir='ltr'>τελῶν</span> <span class='ocrx_word' id='word_1_212' title='bbox 2489 1502 2628 1556; x_wconf 83' lang='grc' dir='ltr'>αὑτὰ</span> <span class='ocrx_word' id='word_1_213' title='bbox 2675 1503 2997 1568; x_wconf 78' lang='grc' dir='ltr'>σπουδαίως,</span> <span class='ocrx_word' id='word_1_214' title='bbox 3041 1504 3182 1556; x_wconf 80' lang='grc' dir='ltr'>κατὰ</span> <span class='ocrx_word' id='word_1_215' title='bbox 3213 1503 3274 1556; x_wconf 84' lang='grc' dir='ltr'>τὸ</span> <span class='ocrx_word' id='word_1_216' title='bbox 3305 1504 3587 1576; x_wconf 70' lang='grc' dir='ltr'><strong>εἰρημένον</strong></span> <span class='ocrx_word' id='word_1_217' title='bbox 3618 1523 3718 1572; x_wconf 86' lang='grc' dir='ltr'>σοι,</span> 
     </span>
    </p>
   </div>
   <div class='ocr_carea' id='block_1_32' title="bbox 483 1569 2061 1670">
    <p class='ocr_par' dir='ltr' id='par_1_32' title="bbox 483 1569 2061 1667">
     <span class='ocr_line' id='line_1_32' title="bbox 483 1569 2061 1667; baseline 0.001 -15"><span class='ocrx_word' id='word_1_218' title='bbox 483 1602 570 1652; x_wconf 87' lang='lat' dir='ltr'><strong>est</strong></span> <span class='ocrx_word' id='word_1_219' title='bbox 599 1595 881 1652; x_wconf 85' lang='lat' dir='ltr'><strong>obediens.</strong></span> <span class='ocrx_word' id='word_1_220' title='bbox 949 1595 1054 1652; x_wconf 91' lang='lat' dir='ltr'><strong>Sed</strong></span> <span class='ocrx_word' id='word_1_221' title='bbox 1095 1605 1147 1652; x_wconf 90' lang='lat' dir='ltr'><strong>et</strong></span> <span class='ocrx_word' id='word_1_222' title='bbox 1185 1598 1482 1667; x_wconf 85' lang='lat' dir='ltr'><strong>Apostolus</strong></span> <span class='ocrx_word' id='word_1_223' title='bbox 1538 1598 1671 1654; x_wconf 88' lang='lat' dir='ltr'><strong>dicit</strong></span> <span class='ocrx_word' id='word_1_224' title='bbox 1713 1569 1960 1654; x_wconf 31' lang='lat' dir='ltr'><strong>:nVidete</strong></span> <span class='ocrx_word' id='word_1_225' title='bbox 2001 1617 2061 1654; x_wconf 88' lang='lat' dir='ltr'><strong>ne</strong></span> 
     </span>
    </p>
   </div>
   <div class='ocr_carea' id='block_1_33' title="bbox 2168 1569 3839 1670">
    <p class='ocr_par' dir='ltr' id='par_1_33' title="bbox 2168 1569 3839 1670">
     <span class='ocr_line' id='line_1_33' title="bbox 2168 1569 3839 1670; baseline 0.001 -21"><span class='ocrx_word' id='word_1_226' title='bbox 2168 1596 2429 1665; x_wconf 79' lang='grc' dir='ltr'>ἀγώνισαι</span> <span class='ocrx_word' id='word_1_227' title='bbox 2458 1597 2600 1668; x_wconf 81' lang='grc' dir='ltr'>ὑπὲρ</span> <span class='ocrx_word' id='word_1_228' title='bbox 2647 1596 2746 1665; x_wconf 81' lang='grc' dir='ltr'><strong>τῆς</strong></span> <span class='ocrx_word' id='word_1_229' title='bbox 2772 1595 3025 1665; x_wconf 83' lang='grc' dir='ltr'><strong>ἀληθείας</strong></span> <span class='ocrx_word' id='word_1_230' title='bbox 3063 1597 3165 1660; x_wconf 82' lang='grc' dir='ltr'>ἓως</span> <span class='ocrx_word' id='word_1_231' title='bbox 3206 1569 3456 1650; x_wconf 38' lang='grc' dir='ltr'>θανάτου..</span> <span class='ocrx_word' id='word_1_232' title='bbox 3485 1598 3592 1652; x_wconf 79' lang='grc' dir='ltr'>Καὶ</span> <span class='ocrx_word' id='word_1_233' title='bbox 3618 1569 3725 1670; x_wconf 81' lang='grc' dir='ltr'><strong>γὰρ</strong></span> <span class='ocrx_word' id='word_1_234' title='bbox 3837 1569 3839 1588; x_wconf 23' lang='grc' dir='ltr'><em>Α</em></span> 
     </span>
    </p>
   </div>
   <div class='ocr_carea' id='block_1_34' title="bbox 482 1667 2061 1760">
    <p class='ocr_par' dir='ltr' id='par_1_34' title="bbox 482 1688 2058 1760">
     <span class='ocr_line' id='line_1_34' title="bbox 482 1688 2058 1760; baseline 0.004 -19"><span class='ocrx_word' id='word_1_235' title='bbox 482 1688 694 1760; x_wconf 82' lang='lat' dir='ltr'><strong>quando</strong></span> <span class='ocrx_word' id='word_1_236' title='bbox 748 1690 818 1743; x_wconf 77' lang='lat' dir='ltr'><strong>sit</strong></span> <span class='ocrx_word' id='word_1_237' title='bbox 847 1689 901 1744; x_wconf 88' lang='lat' dir='ltr'><strong>in</strong></span> <span class='ocrx_word' id='word_1_238' title='bbox 957 1689 1066 1744; x_wconf 81' lang='lat' dir='ltr'><strong>ulla</strong></span> <span class='ocrx_word' id='word_1_239' title='bbox 1100 1701 1326 1746; x_wconf 68' lang='lat' dir='ltr'><strong>vestrum</strong></span> <span class='ocrx_word' id='word_1_240' title='bbox 1376 1708 1467 1746; x_wconf 85' lang='lat' dir='ltr'><strong>cor</strong></span> <span class='ocrx_word' id='word_1_241' title='bbox 1493 1707 1711 1760; x_wconf 82' lang='lat' dir='ltr'><strong>pravum</strong></span> <span class='ocrx_word' id='word_1_242' title='bbox 1739 1732 1753 1758; x_wconf 90' lang='lat'><strong>,</strong></span> <span class='ocrx_word' id='word_1_243' title='bbox 1786 1702 1844 1746; x_wconf 87' lang='lat' dir='ltr'><strong>ut</strong></span> <span class='ocrx_word' id='word_1_244' title='bbox 1886 1692 2058 1747; x_wconf 82' lang='lat' dir='ltr'><strong>desci-</strong></span> 
     </span>
    </p>
   </div>
   <div class='ocr_carea' id='block_1_35' title="bbox 2168 1667 3725 1760">
    <p class='ocr_par' dir='ltr' id='par_1_35' title="bbox 2168 1667 3725 1756">
     <span class='ocr_line' id='line_1_35' title="bbox 2168 1667 3725 1756; baseline 0.004 -20"><span class='ocrx_word' id='word_1_245' title='bbox 2168 1686 2190 1736; x_wconf 81' lang='grc' dir='ltr'><strong>ό</strong></span> <span class='ocrx_word' id='word_1_246' title='bbox 2223 1685 2458 1756; x_wconf 84' lang='grc' dir='ltr'>Χριστὸς</span> <span class='ocrx_word' id='word_1_247' title='bbox 2484 1667 2726 1756; x_wconf 81' lang='grc' dir='ltr'>ὑπήκοος</span> <span class='ocrx_word' id='word_1_248' title='bbox 2754 1684 2944 1754; x_wconf 78' lang='grc' dir='ltr'>γέγονε</span> <span class='ocrx_word' id='word_1_249' title='bbox 2975 1685 3136 1756; x_wconf 82' lang='grc' dir='ltr'>μέχρι</span> <span class='ocrx_word' id='word_1_250' title='bbox 3165 1686 3413 1741; x_wconf 85' lang='grc' dir='ltr'>θανάτου.</span> <span class='ocrx_word' id='word_1_251' title='bbox 3450 1687 3605 1742; x_wconf 83' lang='grc' dir='ltr'><strong>Ἀλλὰ</strong></span> <span class='ocrx_word' id='word_1_252' title='bbox 3630 1667 3725 1742; x_wconf 78' lang='grc' dir='ltr'><strong>καὶ</strong></span> 
     </span>
    </p>
   </div>
   <div class='ocr_carea' id='block_1_36' title="bbox 483 1778 2056 1836">
    <p class='ocr_par' dir='ltr' id='par_1_36' title="bbox 483 1778 2056 1836">
     <span class='ocr_line' id='line_1_36' title="bbox 483 1778 2056 1836; baseline 0 0"><span class='ocrx_word' id='word_1_253' title='bbox 483 1787 600 1836; x_wconf 72' lang='lat' dir='ltr'><strong>seat</strong></span> <span class='ocrx_word' id='word_1_254' title='bbox 662 1796 696 1833; x_wconf 92' lang='lat' dir='ltr'><strong>a</strong></span> <span class='ocrx_word' id='word_1_255' title='bbox 737 1778 850 1835; x_wconf 82' lang='lat' dir='ltr'><strong>Deo</strong></span> <span class='ocrx_word' id='word_1_256' title='bbox 897 1781 1092 1835; x_wconf 80' lang='lat' dir='ltr'><strong>vivente</strong></span> <span class='ocrx_word' id='word_1_257' title='bbox 1145 1799 1164 1836; x_wconf 88' lang='lat'><em>:</em></span> <span class='ocrx_word' id='word_1_258' title='bbox 1216 1781 1307 1836; x_wconf 79' lang='lat' dir='ltr'><strong>sed</strong></span> <span class='ocrx_word' id='word_1_259' title='bbox 1365 1781 1715 1836; x_wconf 77' lang='lat' dir='ltr'><strong>exhortemini</strong></span> <span class='ocrx_word' id='word_1_260' title='bbox 1765 1799 1852 1836; x_wconf 79' lang='lat' dir='ltr'><strong>vos</strong></span> <span class='ocrx_word' id='word_1_261' title='bbox 1918 1783 2056 1836; x_wconf 78' lang='lat' dir='ltr'><strong>inui-</strong></span> 
     </span>
    </p>
   </div>
   <div class='ocr_carea' id='block_1_37' title="bbox 483 1869 2088 1944">
    <p class='ocr_par' dir='ltr' id='par_1_37' title="bbox 483 1869 2088 1944">
     <span class='ocr_line' id='line_1_37' title="bbox 483 1869 2088 1944; baseline 0.001 -18"><span class='ocrx_word' id='word_1_262' title='bbox 483 1887 595 1926; x_wconf 84' lang='lat' dir='ltr'><strong>cem</strong></span> <span class='ocrx_word' id='word_1_263' title='bbox 627 1909 643 1934; x_wconf 91' lang='lat'><strong>,</strong></span> <span class='ocrx_word' id='word_1_264' title='bbox 701 1877 752 1924; x_wconf 77' lang='lat' dir='ltr'><strong>et</strong></span> <span class='ocrx_word' id='word_1_265' title='bbox 797 1869 1059 1940; x_wconf 63' lang='lat' dir='ltr'><strong>aediﬁcata</strong></span> <span class='ocrx_word' id='word_1_266' title='bbox 1111 1873 1310 1942; x_wconf 81' lang='lat' dir='ltr'><strong>singuli</strong></span> <span class='ocrx_word' id='word_1_267' title='bbox 1382 1874 1639 1944; x_wconf 78' lang='lat' dir='ltr'><strong>singulos,</strong></span> <span class='ocrx_word' id='word_1_268' title='bbox 1699 1873 1933 1942; x_wconf 86' lang='lat' dir='ltr'><strong>quandiu</strong></span> <span class='ocrx_word' id='word_1_269' title='bbox 1975 1873 2088 1928; x_wconf 75' lang='lat' dir='ltr'><strong>di-.</strong></span> 
     </span>
    </p>
   </div>
   <div class='ocr_carea' id='block_1_38' title="bbox 481 1959 2058 2022">
    <p class='ocr_par' dir='ltr' id='par_1_38' title="bbox 481 1959 2058 2022">
     <span class='ocr_line' id='line_1_38' title="bbox 481 1959 2058 2022; baseline 0.001 -5"><span class='ocrx_word' id='word_1_270' title='bbox 481 1963 623 2017; x_wconf 81' lang='lat' dir='ltr'><strong>citur</strong></span> <span class='ocrx_word' id='word_1_271' title='bbox 669 1959 781 2016; x_wconf 75' lang='lat' dir='ltr'><strong>dies</strong></span> <span class='ocrx_word' id='word_1_272' title='bbox 833 1961 1119 2017; x_wconf 78' lang='lat' dir='ltr'><strong>hodiernus</strong></span> <span class='ocrx_word' id='word_1_273' title='bbox 1147 1961 1211 2014; x_wconf 74' lang='lat'><strong>“.</strong></span> <span class='ocrx_word' id='word_1_274' title='bbox 1259 1961 1398 2018; x_wconf 87' lang='lat' dir='ltr'><strong>Nam</strong></span> <span class='ocrx_word' id='word_1_275' title='bbox 1462 1963 1580 2018; x_wconf 83' lang='lat' dir='ltr'><strong>dies</strong></span> <span class='ocrx_word' id='word_1_276' title='bbox 1637 1963 1935 2022; x_wconf 80' lang='lat' dir='ltr'><strong>hodiernus</strong></span> <span class='ocrx_word' id='word_1_277' title='bbox 1983 1964 2058 2018; x_wconf 87' lang='lat' dir='ltr'><strong>si-</strong></span> 
     </span>
    </p>
   </div>
   <div class='ocr_carea' id='block_1_39' title="bbox 492 2052 2056 2126">
    <p class='ocr_par' dir='ltr' id='par_1_39' title="bbox 492 2052 2056 2126">
     <span class='ocr_line' id='line_1_39' title="bbox 492 2052 2056 2126; baseline -0.001 -17"><span class='ocrx_word' id='word_1_278' title='bbox 492 2052 719 2126; x_wconf 72' lang='lat' dir='ltr'><strong>gniﬁcat</strong></span> <span class='ocrx_word' id='word_1_279' title='bbox 787 2059 965 2108; x_wconf 87' lang='lat' dir='ltr'><strong>totum</strong></span> <span class='ocrx_word' id='word_1_280' title='bbox 992 2053 1117 2109; x_wconf 67' lang='lat' dir='ltr'><strong>vitae</strong></span> <span class='ocrx_word' id='word_1_281' title='bbox 1187 2063 1389 2108; x_wconf 81' lang='lat' dir='ltr'><strong>nostrae</strong></span> <span class='ocrx_word' id='word_1_282' title='bbox 1452 2060 1686 2123; x_wconf 84' lang='lat' dir='ltr'><strong>tempus.</strong></span> <span class='ocrx_word' id='word_1_283' title='bbox 1747 2052 1838 2108; x_wconf 88' lang='lat' dir='ltr'><strong>Sic</strong></span> <span class='ocrx_word' id='word_1_284' title='bbox 1892 2055 2056 2126; x_wconf 74' lang='lat' dir='ltr'><strong>igitur</strong></span> 
     </span>
    </p>
   </div>
   <div class='ocr_carea' id='block_1_40' title="bbox 483 2144 2058 2216">
    <p class='ocr_par' dir='ltr' id='par_1_40' title="bbox 483 2144 2058 2216">
     <span class='ocr_line' id='line_1_40' title="bbox 483 2144 2058 2216; baseline -0.001 -14"><span class='ocrx_word' id='word_1_285' title='bbox 483 2147 674 2204; x_wconf 87' lang='lat' dir='ltr'><strong>vivens</strong></span> <span class='ocrx_word' id='word_1_286' title='bbox 702 2185 720 2213; x_wconf 87' lang='lat'><strong>,</strong></span> <span class='ocrx_word' id='word_1_287' title='bbox 784 2144 996 2210; x_wconf 78' lang='lat' dir='ltr'><strong>frater,</strong></span> <span class='ocrx_word' id='word_1_288' title='bbox 1062 2155 1116 2200; x_wconf 92' lang='lat' dir='ltr'><strong>te</strong></span> <span class='ocrx_word' id='word_1_289' title='bbox 1167 2145 1286 2216; x_wconf 89' lang='lat' dir='ltr'><strong>ipse</strong></span> <span class='ocrx_word' id='word_1_290' title='bbox 1349 2145 1595 2212; x_wconf 81' lang='lat' dir='ltr'><strong>servabis</strong></span> <span class='ocrx_word' id='word_1_291' title='bbox 1622 2186 1638 2210; x_wconf 94' lang='lat'><strong>,</strong></span> <span class='ocrx_word' id='word_1_292' title='bbox 1709 2161 1915 2215; x_wconf 89' lang='lat' dir='ltr'><strong>nosque</strong></span> <span class='ocrx_word' id='word_1_293' title='bbox 1965 2161 2058 2200; x_wconf 78' lang='lat' dir='ltr'><strong>ex-</strong></span> 
     </span>
    </p>
   </div>
   <div class='ocr_carea' id='block_1_41' title="bbox 485 2235 2054 2310">
    <p class='ocr_par' dir='ltr' id='par_1_41' title="bbox 485 2235 2054 2310">
     <span class='ocr_line' id='line_1_41' title="bbox 485 2235 2054 2310; baseline 0.001 -19"><span class='ocrx_word' id='word_1_294' title='bbox 485 2237 769 2304; x_wconf 86' lang='lat' dir='ltr'><strong>hilarabis,</strong></span> <span class='ocrx_word' id='word_1_295' title='bbox 789 2245 843 2294; x_wconf 89' lang='lat' dir='ltr'><strong>et</strong></span> <span class='ocrx_word' id='word_1_296' title='bbox 863 2236 1030 2296; x_wconf 90' lang='lat' dir='ltr'><strong>Deum</strong></span> <span class='ocrx_word' id='word_1_297' title='bbox 1049 2235 1378 2310; x_wconf 76' lang='lat' dir='ltr'><strong>gloriticabis</strong></span> <span class='ocrx_word' id='word_1_298' title='bbox 1402 2237 1458 2293; x_wconf 91' lang='lat' dir='ltr'><strong>in</strong></span> <span class='ocrx_word' id='word_1_299' title='bbox 1485 2237 1685 2295; x_wconf 64' lang='lat' dir='ltr'><strong>saecula</strong></span> <span class='ocrx_word' id='word_1_300' title='bbox 1712 2237 2054 2294; x_wconf 65' lang='lat' dir='ltr'><strong>saculorum.</strong></span> 
     </span>
    </p>
   </div>
   <div class='ocr_carea' id='block_1_42' title="bbox 484 2329 678 2385">
    <p class='ocr_par' dir='ltr' id='par_1_42' title="bbox 484 2329 678 2385">
     <span class='ocr_line' id='line_1_42' title="bbox 484 2329 678 2385; baseline 0.01 -2"><span class='ocrx_word' id='word_1_301' title='bbox 484 2329 678 2385; x_wconf 75' lang='lat' dir='ltr'><strong>Amen.</strong></span> 
     </span>
    </p>
   </div>
   <div class='ocr_carea' id='block_1_43' title="bbox 981 2533 1564 2593">
    <p class='ocr_par' dir='ltr' id='par_1_43' title="bbox 981 2533 1564 2593">
     <span class='ocr_line' id='line_1_43' title="bbox 981 2533 1564 2593; baseline 0.005 -4"><span class='ocrx_word' id='word_1_302' title='bbox 981 2533 1320 2593; x_wconf 72' lang='lat' dir='ltr'><strong>EPISTOLA</strong></span> <span class='ocrx_word' id='word_1_303' title='bbox 1355 2533 1564 2592; x_wconf 63' lang='grc' dir='ltr'>ηυγ.</span> 
     </span>
    </p>
   </div>
   <div class='ocr_carea' id='block_1_44' title="bbox 2163 1775 3724 1846">
    <p class='ocr_par' dir='ltr' id='par_1_44' title="bbox 2163 1775 3724 1846">
     <span class='ocr_line' id='line_1_44' title="bbox 2163 1775 3724 1846; baseline 0.005 -19"><span class='ocrx_word' id='word_1_304' title='bbox 2163 1778 2192 1828; x_wconf 90' lang='grc' dir='ltr'><strong>ό</strong></span> <span class='ocrx_word' id='word_1_305' title='bbox 2235 1775 2553 1839; x_wconf 83' lang='grc' dir='ltr'>Ἀπόστολός</span> <span class='ocrx_word' id='word_1_306' title='bbox 2583 1792 2714 1845; x_wconf 88' lang='grc' dir='ltr'>φησι</span> <span class='ocrx_word' id='word_1_307' title='bbox 2739 1792 2752 1806; x_wconf 89' lang='grc'><strong>·</strong></span> <span class='ocrx_word' id='word_1_308' title='bbox 2785 1775 3049 1830; x_wconf 79' lang='grc' dir='ltr'><strong>Βλέπετε</strong></span> <span class='ocrx_word' id='word_1_309' title='bbox 3067 1777 3301 1846; x_wconf 84' lang='grc' dir='ltr'>μήποτε</span> <span class='ocrx_word' id='word_1_310' title='bbox 3329 1779 3498 1833; x_wconf 79' lang='grc' dir='ltr'>ἔσται</span> <span class='ocrx_word' id='word_1_311' title='bbox 3523 1781 3589 1835; x_wconf 76' lang='grc' dir='ltr'><strong>ἐν</strong></span> <span class='ocrx_word' id='word_1_312' title='bbox 3607 1798 3724 1836; x_wconf 80' lang='grc' dir='ltr'>τινι</span> 
     </span>
    </p>
   </div>
   <div class='ocr_carea' id='block_1_45' title="bbox 2161 1866 3722 1939">
    <p class='ocr_par' dir='ltr' id='par_1_45' title="bbox 2161 1866 3722 1939">
     <span class='ocr_line' id='line_1_45' title="bbox 2161 1866 3722 1939; baseline 0.003 -19"><span class='ocrx_word' id='word_1_313' title='bbox 2161 1867 2328 1935; x_wconf 81' lang='grc' dir='ltr'><strong>ὑμῶν</strong></span> <span class='ocrx_word' id='word_1_314' title='bbox 2385 1866 2598 1935; x_wconf 81' lang='grc' dir='ltr'>καρδία</span> <span class='ocrx_word' id='word_1_315' title='bbox 2645 1866 2873 1935; x_wconf 79' lang='grc' dir='ltr'>πονηρὰ</span> <span class='ocrx_word' id='word_1_316' title='bbox 2897 1907 2912 1931; x_wconf 93' lang='grc'><strong>,</strong></span> <span class='ocrx_word' id='word_1_317' title='bbox 2967 1870 3054 1932; x_wconf 85' lang='grc' dir='ltr'>εὶς</span> <span class='ocrx_word' id='word_1_318' title='bbox 3085 1869 3149 1922; x_wconf 84' lang='grc' dir='ltr'>τὸ</span> <span class='ocrx_word' id='word_1_319' title='bbox 3207 1869 3545 1939; x_wconf 68' lang='grc' dir='ltr'>ἀποστῆναι</span> <span class='ocrx_word' id='word_1_320' title='bbox 3605 1872 3722 1926; x_wconf 80' lang='grc' dir='ltr'><strong>ἀπὸ</strong></span> 
     </span>
    </p>
   </div>
   <div class='ocr_carea' id='block_1_46' title="bbox 2163 1959 3722 2033">
    <p class='ocr_par' dir='ltr' id='par_1_46' title="bbox 2163 1959 3722 2033">
     <span class='ocr_line' id='line_1_46' title="bbox 2163 1959 3722 2033; baseline 0.002 -19"><span class='ocrx_word' id='word_1_321' title='bbox 2163 1961 2310 2015; x_wconf 84' lang='grc' dir='ltr'>Θεοῦ</span> <span class='ocrx_word' id='word_1_322' title='bbox 2337 1960 2448 2033; x_wconf 72' lang='grc'>(22)</span> <span class='ocrx_word' id='word_1_323' title='bbox 2483 1959 2724 2028; x_wconf 82' lang='grc' dir='ltr'><strong>ζῶντος·</strong></span> <span class='ocrx_word' id='word_1_324' title='bbox 2757 1961 2921 2016; x_wconf 80' lang='grc' dir='ltr'><em>ἀλλὰ</em></span> <span class='ocrx_word' id='word_1_325' title='bbox 2957 1962 3272 2028; x_wconf 73' lang='grc' dir='ltr'><strong>ἀλλήλους</strong></span> <span class='ocrx_word' id='word_1_326' title='bbox 3311 1963 3722 2032; x_wconf 74' lang='grc' dir='ltr'>παρακαλεῖτε,</span> 
     </span>
    </p>
   </div>
   <div class='ocr_carea' id='block_1_47' title="bbox 2160 2050 3729 2124">
    <p class='ocr_par' dir='ltr' id='par_1_47' title="bbox 2160 2050 3729 2124">
     <span class='ocr_line' id='line_1_47' title="bbox 2160 2050 3729 2124; baseline 0 -16"><span class='ocrx_word' id='word_1_327' title='bbox 2160 2055 2258 2108; x_wconf 77' lang='grc' dir='ltr'><strong>καί</strong></span> <span class='ocrx_word' id='word_1_328' title='bbox 2284 2051 2371 2121; x_wconf 84' lang='grc' dir='ltr'>εἷς</span> <span class='ocrx_word' id='word_1_329' title='bbox 2392 2056 2500 2109; x_wconf 76' lang='grc' dir='ltr'><strong>τὸν</strong></span> <span class='ocrx_word' id='word_1_330' title='bbox 2523 2055 2632 2110; x_wconf 80' lang='grc' dir='ltr'><strong>ἕνα</strong></span> <span class='ocrx_word' id='word_1_331' title='bbox 2662 2053 3039 2123; x_wconf 70' lang='grc' dir='ltr'>οἰκοδομεῖτε,</span> <span class='ocrx_word' id='word_1_332' title='bbox 3073 2053 3248 2124; x_wconf 74' lang='grc' dir='ltr'>ἄχρις</span> <span class='ocrx_word' id='word_1_333' title='bbox 3270 2050 3342 2110; x_wconf 82' lang='grc' dir='ltr'>οὗ</span> <span class='ocrx_word' id='word_1_334' title='bbox 3376 2054 3443 2108; x_wconf 86' lang='grc' dir='ltr'><strong>τὸ</strong></span> <span class='ocrx_word' id='word_1_335' title='bbox 3469 2053 3729 2124; x_wconf 73' lang='grc' dir='ltr'>σήμερον</span> 
     </span>
    </p>
   </div>
   <div class='ocr_carea' id='block_1_48' title="bbox 2162 2147 3726 2221">
    <p class='ocr_par' dir='ltr' id='par_1_48' title="bbox 2162 2147 3726 2221">
     <span class='ocr_line' id='line_1_48' title="bbox 2162 2147 3726 2221; baseline -0.001 -20"><span class='ocrx_word' id='word_1_336' title='bbox 2162 2148 2422 2218; x_wconf 73' lang='grc' dir='ltr'>λέγεται.</span> <span class='ocrx_word' id='word_1_337' title='bbox 2462 2149 2535 2202; x_wconf 88' lang='grc' dir='ltr'>Τὸ</span> <span class='ocrx_word' id='word_1_338' title='bbox 2567 2148 2676 2221; x_wconf 78' lang='grc' dir='ltr'>γὰρ</span> <span class='ocrx_word' id='word_1_339' title='bbox 2707 2149 2945 2218; x_wconf 75' lang='grc' dir='ltr'>σήμερον</span> <span class='ocrx_word' id='word_1_340' title='bbox 2987 2148 3244 2219; x_wconf 87' lang='grc' dir='ltr'>σημαίνει</span> <span class='ocrx_word' id='word_1_341' title='bbox 3269 2147 3390 2202; x_wconf 81' lang='grc' dir='ltr'>ὅλον</span> <span class='ocrx_word' id='word_1_342' title='bbox 3427 2147 3515 2202; x_wconf 81' lang='grc' dir='ltr'><strong>τὸν</strong></span> <span class='ocrx_word' id='word_1_343' title='bbox 3541 2149 3726 2218; x_wconf 88' lang='grc' dir='ltr'>χρόνον</span> 
     </span>
    </p>
   </div>
   <div class='ocr_carea' id='block_1_49' title="bbox 2163 2235 3724 2310">
    <p class='ocr_par' dir='ltr' id='par_1_49' title="bbox 2163 2235 3724 2310">
     <span class='ocr_line' id='line_1_49' title="bbox 2163 2235 3724 2310; baseline -0.001 -18"><span class='ocrx_word' id='word_1_344' title='bbox 2163 2241 2262 2310; x_wconf 82' lang='grc' dir='ltr'><strong>τῆς</strong></span> <span class='ocrx_word' id='word_1_345' title='bbox 2293 2237 2439 2309; x_wconf 72' lang='grc' dir='ltr'>ζωῆς</span> <span class='ocrx_word' id='word_1_346' title='bbox 2470 2238 2648 2310; x_wconf 82' lang='grc' dir='ltr'>ἡμῶν.</span> <span class='ocrx_word' id='word_1_347' title='bbox 2679 2239 2866 2304; x_wconf 80' lang='grc' dir='ltr'>Οὕτως</span> <span class='ocrx_word' id='word_1_348' title='bbox 2903 2235 3000 2293; x_wconf 81' lang='grc' dir='ltr'>οὖν</span> <span class='ocrx_word' id='word_1_349' title='bbox 3041 2238 3476 2309; x_wconf 86' lang='grc' dir='ltr'>πολιτευόμενος,</span> <span class='ocrx_word' id='word_1_350' title='bbox 3510 2237 3724 2307; x_wconf 79' lang='grc' dir='ltr'>ἀδελφὲ,</span> 
     </span>
    </p>
   </div>
   <div class='ocr_carea' id='block_1_50' title="bbox 2163 2328 3728 2401">
    <p class='ocr_par' dir='ltr' id='par_1_50' title="bbox 2163 2328 3728 2401">
     <span class='ocr_line' id='line_1_50' title="bbox 2163 2328 3728 2401; baseline 0.001 -21"><span class='ocrx_word' id='word_1_351' title='bbox 2163 2331 2257 2381; x_wconf 72' lang='grc' dir='ltr'><strong>καὶ</strong></span> <span class='ocrx_word' id='word_1_352' title='bbox 2287 2329 2511 2384; x_wconf 82' lang='grc' dir='ltr'>σεαυτὸν</span> <span class='ocrx_word' id='word_1_353' title='bbox 2557 2328 2772 2395; x_wconf 83' lang='grc' dir='ltr'>σώσεις,</span> <span class='ocrx_word' id='word_1_354' title='bbox 2817 2329 2914 2382; x_wconf 78' lang='grc' dir='ltr'><strong>καὶ</strong></span> <span class='ocrx_word' id='word_1_355' title='bbox 2959 2330 3108 2401; x_wconf 79' lang='grc' dir='ltr'>ἡμᾶς</span> <span class='ocrx_word' id='word_1_356' title='bbox 3145 2329 3452 2400; x_wconf 79' lang='grc' dir='ltr'>εὐφρανεῖς,</span> <span class='ocrx_word' id='word_1_357' title='bbox 3504 2328 3595 2382; x_wconf 77' lang='grc' dir='ltr'>καὶ</span> <span class='ocrx_word' id='word_1_358' title='bbox 3635 2329 3728 2382; x_wconf 82' lang='grc' dir='ltr'><strong>τὸν</strong></span> 
     </span>
    </p>
   </div>
   <div class='ocr_carea' id='block_1_51' title="bbox 2162 2419 3725 2493">
    <p class='ocr_par' dir='ltr' id='par_1_51' title="bbox 2162 2419 3725 2493">
     <span class='ocr_line' id='line_1_51' title="bbox 2162 2419 3725 2493; baseline 0.001 -19"><span class='ocrx_word' id='word_1_359' title='bbox 2162 2421 2292 2476; x_wconf 83' lang='grc' dir='ltr'>Θεὸν</span> <span class='ocrx_word' id='word_1_360' title='bbox 2333 2422 2578 2490; x_wconf 80' lang='grc' dir='ltr'>δοξάσεις</span> <span class='ocrx_word' id='word_1_361' title='bbox 2611 2424 2692 2486; x_wconf 91' lang='grc' dir='ltr'><strong>είς</strong></span> <span class='ocrx_word' id='word_1_362' title='bbox 2722 2423 2850 2486; x_wconf 83' lang='grc' dir='ltr'>τοὺς</span> <span class='ocrx_word' id='word_1_363' title='bbox 2887 2421 3090 2486; x_wconf 82' lang='grc' dir='ltr'><strong>αἰῶνας</strong></span> <span class='ocrx_word' id='word_1_364' title='bbox 3130 2421 3240 2476; x_wconf 84' lang='grc' dir='ltr'>τῶν</span> <span class='ocrx_word' id='word_1_365' title='bbox 3269 2419 3498 2476; x_wconf 76' lang='grc' dir='ltr'>αἰώνων.</span> <span class='ocrx_word' id='word_1_366' title='bbox 3533 2421 3725 2493; x_wconf 73' lang='grc' dir='ltr'>Ἀμήν.</span> 
     </span>
    </p>
   </div>
   <div class='ocr_carea' id='block_1_52' title="bbox 2689 2541 3204 2596">
    <p class='ocr_par' dir='ltr' id='par_1_52' title="bbox 2689 2541 3204 2596">
     <span class='ocr_line' id='line_1_52' title="bbox 2689 2541 3204 2596; baseline 0.002 -1"><span class='ocrx_word' id='word_1_367' title='bbox 2689 2541 3032 2596; x_wconf 83' lang='grc' dir='ltr'><strong>ΕΠΙΣΤΟΛΗ</strong></span> <span class='ocrx_word' id='word_1_368' title='bbox 3070 2541 3204 2596; x_wconf 65' lang='grc' dir='ltr'><strong>ΜΓν.</strong></span> 
     </span>
    </p>
   </div>
   <div class='ocr_carea' id='block_1_53' title="bbox 882 2652 3332 2723">
    <p class='ocr_par' dir='ltr' id='par_1_53' title="bbox 882 2652 3332 2723">
     <span class='ocr_line' id='line_1_53' title="bbox 882 2652 3332 2723; baseline 0 -18"><span class='ocrx_word' id='word_1_369' title='bbox 882 2652 1116 2715; x_wconf 69' lang='lat' dir='ltr'><strong>Basilius,</strong></span> <span class='ocrx_word' id='word_1_370' title='bbox 1141 2667 1226 2705; x_wconf 78' lang='lat' dir='ltr'><strong>seu</strong></span> <span class='ocrx_word' id='word_1_371' title='bbox 1251 2652 1406 2718; x_wconf 82' lang='lat' dir='ltr'><strong>quivis</strong></span> <span class='ocrx_word' id='word_1_372' title='bbox 1439 2653 1566 2704; x_wconf 77' lang='lat' dir='ltr'><strong>alius</strong></span> <span class='ocrx_word' id='word_1_373' title='bbox 1597 2653 1815 2717; x_wconf 78' lang='lat' dir='ltr'><strong>epistola:</strong></span> <span class='ocrx_word' id='word_1_374' title='bbox 1839 2661 2029 2716; x_wconf 88' lang='lat' dir='ltr'><strong>auctor,</strong></span> <span class='ocrx_word' id='word_1_375' title='bbox 2057 2656 2334 2721; x_wconf 79' lang='lat' dir='ltr'><strong>evangelica</strong></span> <span class='ocrx_word' id='word_1_376' title='bbox 2352 2666 2592 2723; x_wconf 68' lang='lat' dir='ltr'><strong>praecepta</strong></span> <span class='ocrx_word' id='word_1_377' title='bbox 2609 2658 2847 2712; x_wconf 66' lang='lat' dir='ltr'><strong>solitarii:</strong></span> <span class='ocrx_word' id='word_1_378' title='bbox 2902 2655 3106 2710; x_wconf 81' lang='lat' dir='ltr'><strong>breviter</strong></span> <span class='ocrx_word' id='word_1_379' title='bbox 3121 2654 3332 2721; x_wconf 71' lang='lat' dir='ltr'><strong>exponit.</strong></span> 
     </span>
    </p>
   </div>
   <div class='ocr_carea' id='block_1_54' title="bbox 905 2754 1597 2820">
    <p class='ocr_par' dir='ltr' id='par_1_54' title="bbox 905 2754 1597 2820">
     <span class='ocr_line' id='line_1_54' title="bbox 905 2754 1597 2820; baseline 0.003 -13"><span class='ocrx_word' id='word_1_380' title='bbox 905 2754 1211 2809; x_wconf 82' lang='lat' dir='ltr'><strong>Admonitio</strong></span> <span class='ocrx_word' id='word_1_381' title='bbox 1244 2755 1312 2809; x_wconf 75' lang='lat' dir='ltr'><strong>ad</strong></span> <span class='ocrx_word' id='word_1_382' title='bbox 1346 2755 1597 2820; x_wconf 82' lang='lat' dir='ltr'><strong>iuniores.</strong></span> 
     </span>
    </p>
   </div>
   <div class='ocr_carea' id='block_1_55' title="bbox 556 2867 2060 2939">
    <p class='ocr_par' dir='ltr' id='par_1_55' title="bbox 556 2867 2060 2939">
     <span class='ocr_line' id='line_1_55' title="bbox 556 2867 2060 2939; baseline -0.003 -14"><span class='ocrx_word' id='word_1_383' title='bbox 556 2871 719 2927; x_wconf 86' lang='lat' dir='ltr'><strong>Disce</strong></span> <span class='ocrx_word' id='word_1_384' title='bbox 757 2875 817 2924; x_wconf 90' lang='lat' dir='ltr'><strong>tu</strong></span> <span class='ocrx_word' id='word_1_385' title='bbox 849 2868 945 2939; x_wconf 91' lang='lat' dir='ltr'><strong>qui</strong></span> <span class='ocrx_word' id='word_1_386' title='bbox 985 2867 1286 2922; x_wconf 85' lang='lat' dir='ltr'><strong>solitariam</strong></span> <span class='ocrx_word' id='word_1_387' title='bbox 1320 2868 1487 2922; x_wconf 81' lang='lat' dir='ltr'><strong>vitam</strong></span> <span class='ocrx_word' id='word_1_388' title='bbox 1523 2868 1700 2939; x_wconf 78' lang='lat' dir='ltr'><strong>degis,</strong></span> <span class='ocrx_word' id='word_1_389' title='bbox 1757 2870 1962 2939; x_wconf 91' lang='lat' dir='ltr'><strong>quique</strong></span> <span class='ocrx_word' id='word_1_390' title='bbox 1997 2871 2060 2924; x_wconf 80' lang='lat' dir='ltr'><strong>ti-</strong></span> 
     </span>
    </p>
   </div>
   <div class='ocr_carea' id='block_1_56' title="bbox 2511 2765 3377 2836">
    <p class='ocr_par' dir='ltr' id='par_1_56' title="bbox 2511 2765 3377 2836">
     <span class='ocr_line' id='line_1_56' title="bbox 2511 2765 3377 2836; baseline -0.005 -15"><span class='ocrx_word' id='word_1_391' title='bbox 2511 2769 2809 2822; x_wconf 81' lang='grc' dir='ltr'>Νουθεσία</span> <span class='ocrx_word' id='word_1_392' title='bbox 2837 2768 2986 2836; x_wconf 85' lang='grc' dir='ltr'>πρὸς</span> <span class='ocrx_word' id='word_1_393' title='bbox 3011 2766 3150 2832; x_wconf 83' lang='grc' dir='ltr'>τοὺς</span> <span class='ocrx_word' id='word_1_394' title='bbox 3179 2765 3377 2832; x_wconf 80' lang='grc' dir='ltr'>νέους.</span> 
     </span>
    </p>
   </div>
   <div class='ocr_carea' id='block_1_57' title="bbox 2235 2876 3730 2948">
    <p class='ocr_par' dir='ltr' id='par_1_57' title="bbox 2235 2876 3730 2948">
     <span class='ocr_line' id='line_1_57' title="bbox 2235 2876 3730 2948; baseline -0.001 -18"><span class='ocrx_word' id='word_1_395' title='bbox 2235 2877 2391 2931; x_wconf 81' lang='grc' dir='ltr'>Μάθε</span> <span class='ocrx_word' id='word_1_396' title='bbox 2421 2877 2484 2931; x_wconf 84' lang='grc' dir='ltr'>σὺ</span> <span class='ocrx_word' id='word_1_397' title='bbox 2514 2881 2542 2931; x_wconf 85' lang='grc' dir='ltr'>ὁ</span> <span class='ocrx_word' id='word_1_398' title='bbox 2573 2879 2819 2948; x_wconf 76' lang='grc' dir='ltr'>μονάξων</span> <span class='ocrx_word' id='word_1_399' title='bbox 2851 2882 2944 2932; x_wconf 70' lang='grc' dir='ltr'><strong>καὶ</strong></span> <span class='ocrx_word' id='word_1_400' title='bbox 2971 2880 3158 2942; x_wconf 75' lang='grc' dir='ltr'>πιστὸς</span> <span class='ocrx_word' id='word_1_401' title='bbox 3186 2877 3487 2948; x_wconf 79' lang='grc' dir='ltr'>ἄνθρωπος,</span> <span class='ocrx_word' id='word_1_402' title='bbox 3511 2876 3601 2930; x_wconf 81' lang='grc' dir='ltr'><strong>καὶ</strong></span> <span class='ocrx_word' id='word_1_403' title='bbox 3629 2877 3730 2947; x_wconf 82' lang='grc' dir='ltr'>τῆς</span> 
     </span>
    </p>
   </div>
   <div class='ocr_carea' id='block_1_58' title="bbox 487 2959 2061 3046">
    <p class='ocr_par' dir='ltr' id='par_1_58' title="bbox 487 2959 2061 3031">
     <span class='ocr_line' id='line_1_58' title="bbox 487 2959 2061 3031; baseline -0.002 -12"><span class='ocrx_word' id='word_1_404' title='bbox 487 2963 625 3019; x_wconf 89' lang='lat' dir='ltr'><strong>delis</strong></span> <span class='ocrx_word' id='word_1_405' title='bbox 655 2963 819 3019; x_wconf 89' lang='lat' dir='ltr'><strong>homo</strong></span> <span class='ocrx_word' id='word_1_406' title='bbox 852 2976 916 3015; x_wconf 88' lang='lat' dir='ltr'><strong>ac</strong></span> <span class='ocrx_word' id='word_1_407' title='bbox 959 2961 1178 3031; x_wconf 89' lang='lat' dir='ltr'><strong>pietatis</strong></span> <span class='ocrx_word' id='word_1_408' title='bbox 1209 2959 1385 3017; x_wconf 90' lang='lat' dir='ltr'><strong>cultor</strong></span> <span class='ocrx_word' id='word_1_409' title='bbox 1423 2976 1515 3024; x_wconf 89' lang='lat' dir='ltr'><strong>es,</strong></span> <span class='ocrx_word' id='word_1_410' title='bbox 1550 2970 1605 3016; x_wconf 86' lang='lat' dir='ltr'><strong>et</strong></span> <span class='ocrx_word' id='word_1_411' title='bbox 1645 2959 1878 3016; x_wconf 84' lang='lat' dir='ltr'><strong>edocere</strong></span> <span class='ocrx_word' id='word_1_412' title='bbox 1906 2976 2061 3017; x_wconf 85' lang='lat' dir='ltr'><strong>evan-</strong></span> 
     </span>
    </p>
   </div>
   <div class='ocr_carea' id='block_1_59' title="bbox 2168 2959 3733 3046">
    <p class='ocr_par' dir='ltr' id='par_1_59' title="bbox 2168 2967 3733 3042">
     <span class='ocr_line' id='line_1_59' title="bbox 2168 2967 3733 3042; baseline -0.001 -22"><span class='ocrx_word' id='word_1_413' title='bbox 2168 2968 2448 3034; x_wconf 78' lang='grc' dir='ltr'>εύσεὸείας</span> <span class='ocrx_word' id='word_1_414' title='bbox 2485 2970 2742 3042; x_wconf 78' lang='grc' dir='ltr'>ἐργάτης,</span> <span class='ocrx_word' id='word_1_415' title='bbox 2769 2973 2862 3024; x_wconf 79' lang='grc' dir='ltr'>καὶ</span> <span class='ocrx_word' id='word_1_416' title='bbox 2893 2969 3168 3042; x_wconf 82' lang='grc' dir='ltr'><strong>διδάχθητι</strong></span> <span class='ocrx_word' id='word_1_417' title='bbox 3192 2967 3552 3040; x_wconf 63' lang='grc' dir='ltr'>εὐαγγελικὴν</span> <span class='ocrx_word' id='word_1_418' title='bbox 3579 2967 3733 3020; x_wconf 86' lang='grc' dir='ltr'>πολι-</span> 
     </span>
    </p>
   </div>
   <div class='ocr_carea' id='block_1_60' title="bbox 485 3053 2062 3127">
    <p class='ocr_par' dir='ltr' id='par_1_60' title="bbox 485 3053 2062 3127">
     <span class='ocr_line' id='line_1_60' title="bbox 485 3053 2062 3127; baseline -0.001 -17"><span class='ocrx_word' id='word_1_419' title='bbox 485 3055 722 3127; x_wconf 74' lang='lat' dir='ltr'><strong>gelicum</strong></span> <span class='ocrx_word' id='word_1_420' title='bbox 785 3053 1003 3110; x_wconf 89' lang='lat' dir='ltr'><strong>vivendi</strong></span> <span class='ocrx_word' id='word_1_421' title='bbox 1055 3068 1263 3124; x_wconf 78' lang='lat' dir='ltr'><strong>genus,</strong></span> <span class='ocrx_word' id='word_1_422' title='bbox 1320 3054 1571 3122; x_wconf 84' lang='lat' dir='ltr'><strong>corporis</strong></span> <span class='ocrx_word' id='word_1_423' title='bbox 1627 3056 1684 3108; x_wconf 91' lang='lat' dir='ltr'><strong>in</strong></span> <span class='ocrx_word' id='word_1_424' title='bbox 1745 3055 2062 3108; x_wconf 83' lang='lat' dir='ltr'><strong>servitutem</strong></span> 
     </span>
    </p>
   </div>
   <div class='ocr_carea' id='block_1_61' title="bbox 486 3146 2064 3218">
    <p class='ocr_par' dir='ltr' id='par_1_61' title="bbox 486 3146 2064 3218">
     <span class='ocr_line' id='line_1_61' title="bbox 486 3146 2064 3218; baseline -0.001 -15"><span class='ocrx_word' id='word_1_425' title='bbox 486 3146 1203 3218; x_wconf 80' lang='lat' dir='ltr'><strong>redactionem,-spiritum</strong></span> <span class='ocrx_word' id='word_1_426' title='bbox 1258 3146 1543 3209; x_wconf 89' lang='lat' dir='ltr'><strong>humilem,</strong></span> <span class='ocrx_word' id='word_1_427' title='bbox 1601 3151 1798 3201; x_wconf 87' lang='lat' dir='ltr'><strong>mentis</strong></span> <span class='ocrx_word' id='word_1_428' title='bbox 1845 3149 2064 3216; x_wconf 87' lang='lat' dir='ltr'><strong>purita-</strong></span> 
     </span>
    </p>
   </div>
   <div class='ocr_carea' id='block_1_62' title="bbox 487 3237 2065 3310">
    <p class='ocr_par' dir='ltr' id='par_1_62' title="bbox 487 3237 2065 3310">
     <span class='ocr_line' id='line_1_62' title="bbox 487 3237 2065 3310; baseline 0 -14"><span class='ocrx_word' id='word_1_429' title='bbox 487 3248 619 3308; x_wconf 88' lang='lat' dir='ltr'><strong>tem,</strong></span> <span class='ocrx_word' id='word_1_430' title='bbox 681 3240 778 3296; x_wconf 69' lang='lat' dir='ltr'><strong>iraa</strong></span> <span class='ocrx_word' id='word_1_431' title='bbox 824 3240 1267 3296; x_wconf 71' lang='lat' dir='ltr'><strong>exstinctionem.</strong></span> <span class='ocrx_word' id='word_1_432' title='bbox 1333 3237 1572 3295; x_wconf 87' lang='lat' dir='ltr'><strong>Coactus</strong></span> <span class='ocrx_word' id='word_1_433' title='bbox 1605 3279 1620 3304; x_wconf 89' lang='lat'><strong>,</strong></span> <span class='ocrx_word' id='word_1_434' title='bbox 1664 3239 1888 3310; x_wconf 83' lang='lat' dir='ltr'><strong>insuper</strong></span> <span class='ocrx_word' id='word_1_435' title='bbox 1923 3241 2065 3296; x_wconf 84' lang='lat' dir='ltr'><strong>adde</strong></span> 
     </span>
    </p>
   </div>
   <div class='ocr_carea' id='block_1_63' title="bbox 488 3331 2060 3404">
    <p class='ocr_par' dir='ltr' id='par_1_63' title="bbox 488 3331 2060 3404">
     <span class='ocr_line' id='line_1_63' title="bbox 488 3331 2060 3404; baseline 0.001 -17"><span class='ocrx_word' id='word_1_436' title='bbox 488 3341 711 3404; x_wconf 78' lang='lat' dir='ltr'><strong>propter</strong></span> <span class='ocrx_word' id='word_1_437' title='bbox 759 3332 1087 3399; x_wconf 89' lang='lat' dir='ltr'><strong>Dominum;</strong></span> <span class='ocrx_word' id='word_1_438' title='bbox 1150 3331 1353 3387; x_wconf 90' lang='lat' dir='ltr'><strong>damno</strong></span> <span class='ocrx_word' id='word_1_439' title='bbox 1408 3331 1670 3397; x_wconf 67' lang='lat' dir='ltr'><strong>affectus,</strong></span> <span class='ocrx_word' id='word_1_440' title='bbox 1723 3349 1792 3388; x_wconf 86' lang='lat' dir='ltr'><strong>ne</strong></span> <span class='ocrx_word' id='word_1_441' title='bbox 1847 3333 2060 3404; x_wconf 78' lang='lat' dir='ltr'><strong>litiges;</strong></span> 
     </span>
    </p>
   </div>
   <div class='ocr_carea' id='block_1_64' title="bbox 487 3421 2060 3494">
    <p class='ocr_par' dir='ltr' id='par_1_64' title="bbox 487 3421 2060 3494">
     <span class='ocr_line' id='line_1_64' title="bbox 487 3421 2060 3494; baseline -0.001 -14"><span class='ocrx_word' id='word_1_442' title='bbox 487 3423 615 3480; x_wconf 88' lang='lat' dir='ltr'><strong>odio</strong></span> <span class='ocrx_word' id='word_1_443' title='bbox 673 3422 936 3487; x_wconf 87' lang='lat' dir='ltr'><strong>habitus,</strong></span> <span class='ocrx_word' id='word_1_444' title='bbox 1015 3421 1211 3494; x_wconf 64' lang='lat' dir='ltr'><strong>dilige;</strong></span> <span class='ocrx_word' id='word_1_445' title='bbox 1280 3423 1662 3491; x_wconf 86' lang='lat' dir='ltr'><strong>persecutione</strong></span> <span class='ocrx_word' id='word_1_446' title='bbox 1751 3423 2060 3492; x_wconf 86' lang='lat' dir='ltr'><strong>appetitus,</strong></span> 
     </span>
    </p>
   </div>
   <div class='ocr_carea' id='block_1_65' title="bbox 489 3511 2064 3583">
    <p class='ocr_par' dir='ltr' id='par_1_65' title="bbox 489 3511 2064 3583">
     <span class='ocr_line' id='line_1_65' title="bbox 489 3511 2064 3583; baseline -0.003 -12"><span class='ocrx_word' id='word_1_447' title='bbox 489 3515 788 3583; x_wconf 88' lang='lat' dir='ltr'><strong>sustineto;</strong></span> <span class='ocrx_word' id='word_1_448' title='bbox 814 3515 955 3570; x_wconf 90' lang='lat' dir='ltr'><strong>male</strong></span> <span class='ocrx_word' id='word_1_449' title='bbox 986 3514 1234 3578; x_wconf 90' lang='lat' dir='ltr'><strong>audiens,</strong></span> <span class='ocrx_word' id='word_1_450' title='bbox 1258 3514 1509 3568; x_wconf 88' lang='lat' dir='ltr'><strong>obsecra.</strong></span> <span class='ocrx_word' id='word_1_451' title='bbox 1553 3511 1640 3567; x_wconf 91' lang='lat' dir='ltr'><strong>Sis</strong></span> <span class='ocrx_word' id='word_1_452' title='bbox 1669 3522 1893 3582; x_wconf 87' lang='lat' dir='ltr'><strong>peccato</strong></span> <span class='ocrx_word' id='word_1_453' title='bbox 1919 3528 2064 3567; x_wconf 80' lang='lat' dir='ltr'><strong>mor-</strong></span> 
     </span>
    </p>
   </div>
   <div class='ocr_carea' id='block_1_66' title="bbox 489 3602 2062 3673">
    <p class='ocr_par' dir='ltr' id='par_1_66' title="bbox 489 3602 2062 3673">
     <span class='ocr_line' id='line_1_66' title="bbox 489 3602 2062 3673; baseline -0.003 -13"><span class='ocrx_word' id='word_1_454' title='bbox 489 3615 652 3673; x_wconf 90' lang='lat' dir='ltr'><strong>tuus;</strong></span> <span class='ocrx_word' id='word_1_455' title='bbox 692 3605 770 3660; x_wconf 88' lang='lat' dir='ltr'><strong>sis</strong></span> <span class='ocrx_word' id='word_1_456' title='bbox 806 3620 913 3660; x_wconf 88' lang='lat' dir='ltr'><strong>una</strong></span> <span class='ocrx_word' id='word_1_457' title='bbox 948 3619 1074 3658; x_wconf 89' lang='lat' dir='ltr'><strong>cum</strong></span> <span class='ocrx_word' id='word_1_458' title='bbox 1101 3603 1211 3658; x_wconf 90' lang='lat' dir='ltr'><strong>Deo</strong></span> <span class='ocrx_word' id='word_1_459' title='bbox 1251 3602 1551 3657; x_wconf 81' lang='lat' dir='ltr'><strong>cruciﬁxus</strong></span> <span class='ocrx_word' id='word_1_460' title='bbox 1579 3620 1594 3670; x_wconf 89' lang='lat'><strong>;</strong></span> <span class='ocrx_word' id='word_1_461' title='bbox 1623 3617 1812 3656; x_wconf 90' lang='lat' dir='ltr'><strong>curam</strong></span> <span class='ocrx_word' id='word_1_462' title='bbox 1844 3617 2062 3658; x_wconf 89' lang='lat' dir='ltr'><strong>omnem</strong></span> 
     </span>
    </p>
   </div>
   <div class='ocr_carea' id='block_1_67' title="bbox 489 3693 2063 3764">
    <p class='ocr_par' dir='ltr' id='par_1_67' title="bbox 489 3693 2063 3764">
     <span class='ocr_line' id='line_1_67' title="bbox 489 3693 2063 3764; baseline -0.004 -10"><span class='ocrx_word' id='word_1_463' title='bbox 489 3700 728 3754; x_wconf 81' lang='lat' dir='ltr'><strong>transfer</strong></span> <span class='ocrx_word' id='word_1_464' title='bbox 764 3697 820 3751; x_wconf 91' lang='lat' dir='ltr'><strong>in</strong></span> <span class='ocrx_word' id='word_1_465' title='bbox 883 3695 1208 3758; x_wconf 91' lang='lat' dir='ltr'><strong>Dominum,</strong></span> <span class='ocrx_word' id='word_1_466' title='bbox 1282 3693 1436 3764; x_wconf 80' lang='lat'><strong>131</strong></span> <span class='ocrx_word' id='word_1_467' title='bbox 1499 3701 1560 3747; x_wconf 92' lang='lat' dir='ltr'><strong>ut</strong></span> <span class='ocrx_word' id='word_1_468' title='bbox 1611 3693 1905 3764; x_wconf 89' lang='lat' dir='ltr'><strong>reperiaris</strong></span> <span class='ocrx_word' id='word_1_469' title='bbox 1971 3695 2063 3749; x_wconf 91' lang='lat' dir='ltr'><strong>ubi</strong></span> 
     </span>
    </p>
   </div>
   <div class='ocr_carea' id='block_1_68' title="bbox 490 3784 2064 3859">
    <p class='ocr_par' dir='ltr' id='par_1_68' title="bbox 490 3784 2064 3859">
     <span class='ocr_line' id='line_1_68' title="bbox 490 3784 2064 3859; baseline -0.003 -16"><span class='ocrx_word' id='word_1_470' title='bbox 490 3789 808 3859; x_wconf 81' lang='lat' dir='ltr'><strong>angelorum</strong></span> <span class='ocrx_word' id='word_1_471' title='bbox 849 3795 978 3843; x_wconf 88' lang='lat' dir='ltr'><strong>sunt</strong></span> <span class='ocrx_word' id='word_1_472' title='bbox 1027 3784 1300 3858; x_wconf 88' lang='lat' dir='ltr'><strong>myriades</strong></span> <span class='ocrx_word' id='word_1_473' title='bbox 1337 3824 1354 3849; x_wconf 87' lang='lat'><strong>,</strong></span> <span class='ocrx_word' id='word_1_474' title='bbox 1401 3785 1885 3855; x_wconf 78' lang='lat' dir='ltr'><strong>primogenitorum</strong></span> <span class='ocrx_word' id='word_1_475' title='bbox 1933 3800 2064 3839; x_wconf 87' lang='lat' dir='ltr'><strong>con—</strong></span> 
     </span>
    </p>
   </div>
   <div class='ocr_carea' id='block_1_69' title="bbox 490 3876 2066 3949">
    <p class='ocr_par' dir='ltr' id='par_1_69' title="bbox 490 3876 2066 3949">
     <span class='ocr_line' id='line_1_69' title="bbox 490 3876 2066 3949; baseline -0.002 -15"><span class='ocrx_word' id='word_1_476' title='bbox 490 3889 688 3936; x_wconf 81' lang='lat' dir='ltr'><strong>ventus</strong></span> <span class='ocrx_word' id='word_1_477' title='bbox 721 3918 737 3944; x_wconf 89' lang='lat'><strong>,</strong></span> <span class='ocrx_word' id='word_1_478' title='bbox 796 3877 1171 3949; x_wconf 88' lang='lat' dir='ltr'><strong>apostolorum</strong></span> <span class='ocrx_word' id='word_1_479' title='bbox 1201 3877 1385 3931; x_wconf 90' lang='lat' dir='ltr'><strong>throni</strong></span> <span class='ocrx_word' id='word_1_480' title='bbox 1417 3916 1432 3942; x_wconf 90' lang='lat'><strong>,</strong></span> <span class='ocrx_word' id='word_1_481' title='bbox 1502 3876 1888 3946; x_wconf 87' lang='lat' dir='ltr'><strong>prophetarum</strong></span> <span class='ocrx_word' id='word_1_482' title='bbox 1931 3892 2066 3946; x_wconf 71' lang='lat' dir='ltr'><strong>pra:-</strong></span> 
     </span>
    </p>
   </div>
   <div class='ocr_carea' id='block_1_70' title="bbox 493 3968 2065 4039">
    <p class='ocr_par' dir='ltr' id='par_1_70' title="bbox 493 3968 2065 4039">
     <span class='ocr_line' id='line_1_70' title="bbox 493 3968 2065 4039; baseline -0.003 -10"><span class='ocrx_word' id='word_1_483' title='bbox 493 3971 754 4029; x_wconf 84' lang='lat' dir='ltr'><strong>cellentes</strong></span> <span class='ocrx_word' id='word_1_484' title='bbox 817 3969 975 4028; x_wconf 86' lang='lat' dir='ltr'><strong>sedes</strong></span> <span class='ocrx_word' id='word_1_485' title='bbox 1016 4009 1031 4035; x_wconf 90' lang='lat'><strong>,</strong></span> <span class='ocrx_word' id='word_1_486' title='bbox 1093 3980 1308 4039; x_wconf 86' lang='lat' dir='ltr'><strong>sceptra</strong></span> <span class='ocrx_word' id='word_1_487' title='bbox 1372 3968 1806 4039; x_wconf 89' lang='lat' dir='ltr'><strong>patriarcharum</strong></span> <span class='ocrx_word' id='word_1_488' title='bbox 1839 4009 1854 4033; x_wconf 90' lang='lat'><strong>,</strong></span> <span class='ocrx_word' id='word_1_489' title='bbox 1920 3985 2065 4024; x_wconf 90' lang='lat' dir='ltr'><strong>mar-</strong></span> 
     </span>
    </p>
   </div>
   <div class='ocr_carea' id='block_1_71' title="bbox 492 4060 2064 4132">
    <p class='ocr_par' dir='ltr' id='par_1_71' title="bbox 492 4060 2064 4132">
     <span class='ocr_line' id='line_1_71' title="bbox 492 4060 2064 4132; baseline 0.001 -17"><span class='ocrx_word' id='word_1_490' title='bbox 492 4070 675 4132; x_wconf 85' lang='lat' dir='ltr'><strong>tyrum</strong></span> <span class='ocrx_word' id='word_1_491' title='bbox 752 4076 1010 4127; x_wconf 68' lang='lat' dir='ltr'><strong>coronae,</strong></span> <span class='ocrx_word' id='word_1_492' title='bbox 1063 4062 1341 4131; x_wconf 87' lang='lat' dir='ltr'><strong>justorum</strong></span> <span class='ocrx_word' id='word_1_493' title='bbox 1402 4062 1696 4130; x_wconf 81' lang='lat' dir='ltr'><strong>przeeouia.</strong></span> <span class='ocrx_word' id='word_1_494' title='bbox 1765 4060 1912 4116; x_wconf 89' lang='lat' dir='ltr'><strong>Inter</strong></span> <span class='ocrx_word' id='word_1_495' title='bbox 1963 4063 2064 4117; x_wconf 89' lang='lat' dir='ltr'><strong>hos</strong></span> 
     </span>
    </p>
   </div>
   <div class='ocr_carea' id='block_1_72' title="bbox 487 4151 2061 4220">
    <p class='ocr_par' dir='ltr' id='par_1_72' title="bbox 487 4151 2061 4220">
     <span class='ocr_line' id='line_1_72' title="bbox 487 4151 2061 4220; baseline 0.001 -16"><span class='ocrx_word' id='word_1_496' title='bbox 487 4152 670 4220; x_wconf 83' lang='lat' dir='ltr'><strong>justus</strong></span> <span class='ocrx_word' id='word_1_497' title='bbox 733 4164 792 4206; x_wconf 91' lang='lat' dir='ltr'><strong>ut</strong></span> <span class='ocrx_word' id='word_1_498' title='bbox 865 4158 925 4204; x_wconf 91' lang='lat' dir='ltr'><strong>tu</strong></span> <span class='ocrx_word' id='word_1_499' title='bbox 994 4151 1112 4220; x_wconf 88' lang='lat' dir='ltr'><strong>ipse</strong></span> <span class='ocrx_word' id='word_1_500' title='bbox 1175 4151 1598 4215; x_wconf 89' lang='lat' dir='ltr'><strong>annumereris,</strong></span> <span class='ocrx_word' id='word_1_501' title='bbox 1689 4151 2061 4220; x_wconf 86' lang='lat' dir='ltr'><strong>concupisce,</strong></span> 
     </span>
    </p>
   </div>
   <div class='ocr_carea' id='block_1_73' title="bbox 493 4239 2064 4312">
    <p class='ocr_par' dir='ltr' id='par_1_73' title="bbox 493 4239 2064 4312">
     <span class='ocr_line' id='line_1_73' title="bbox 493 4239 2064 4312; baseline 0.003 -18"><span class='ocrx_word' id='word_1_502' title='bbox 493 4240 551 4294; x_wconf 91' lang='lat' dir='ltr'><strong>in</strong></span> <span class='ocrx_word' id='word_1_503' title='bbox 601 4241 823 4296; x_wconf 85' lang='lat' dir='ltr'><strong>Christo</strong></span> <span class='ocrx_word' id='word_1_504' title='bbox 863 4239 992 4298; x_wconf 80' lang='lat' dir='ltr'><strong>Jesu</strong></span> <span class='ocrx_word' id='word_1_505' title='bbox 1022 4239 1254 4296; x_wconf 87' lang='lat' dir='ltr'><strong>Domino</strong></span> <span class='ocrx_word' id='word_1_506' title='bbox 1279 4249 1486 4296; x_wconf 87' lang='lat' dir='ltr'><strong>nostro.</strong></span> <span class='ocrx_word' id='word_1_507' title='bbox 1532 4241 1638 4310; x_wconf 82' lang='lat' dir='ltr'><strong>ipsi</strong></span> <span class='ocrx_word' id='word_1_508' title='bbox 1677 4242 1849 4312; x_wconf 73' lang='lat' dir='ltr'><strong>gloria</strong></span> <span class='ocrx_word' id='word_1_509' title='bbox 1878 4244 1934 4297; x_wconf 89' lang='lat' dir='ltr'><strong>in</strong></span> <span class='ocrx_word' id='word_1_510' title='bbox 1962 4259 2064 4298; x_wconf 69' lang='lat'><strong>53‘.-</strong></span> 
     </span>
    </p>
   </div>
   <div class='ocr_carea' id='block_1_74' title="bbox 491 4332 858 4389">
    <p class='ocr_par' dir='ltr' id='par_1_74' title="bbox 491 4332 858 4389">
     <span class='ocr_line' id='line_1_74' title="bbox 491 4332 858 4389; baseline -0.005 -1"><span class='ocrx_word' id='word_1_511' title='bbox 491 4333 636 4388; x_wconf 84' lang='lat' dir='ltr'><strong>cula.</strong></span> <span class='ocrx_word' id='word_1_512' title='bbox 664 4332 858 4389; x_wconf 86' lang='lat' dir='ltr'><strong>Amen.</strong></span> 
     </span>
    </p>
   </div>
   <div class='ocr_carea' id='block_1_75' title="bbox 1007 4446 1605 4504">
    <p class='ocr_par' dir='ltr' id='par_1_75' title="bbox 1007 4446 1605 4504">
     <span class='ocr_line' id='line_1_75' title="bbox 1007 4446 1605 4504; baseline 0.002 -2"><span class='ocrx_word' id='word_1_513' title='bbox 1007 4446 1336 4504; x_wconf 83' lang='lat' dir='ltr'><strong>EPISTOLA</strong></span> <span class='ocrx_word' id='word_1_514' title='bbox 1376 4447 1605 4503; x_wconf 74' lang='lat' dir='ltr'><strong>XLIV&quot;.</strong></span> 
     </span>
    </p>
   </div>
   <div class='ocr_carea' id='block_1_76' title="bbox 2163 3059 3730 3134">
    <p class='ocr_par' dir='ltr' id='par_1_76' title="bbox 2163 3059 3730 3134">
     <span class='ocr_line' id='line_1_76' title="bbox 2163 3059 3730 3134; baseline 0.001 -23"><span class='ocrx_word' id='word_1_515' title='bbox 2163 3059 2341 3123; x_wconf 89' lang='grc' dir='ltr'>τείαν,</span> <span class='ocrx_word' id='word_1_516' title='bbox 2387 3059 2638 3132; x_wconf 87' lang='grc' dir='ltr'>σώματος</span> <span class='ocrx_word' id='word_1_517' title='bbox 2689 3062 3096 3131; x_wconf 79' lang='grc' dir='ltr'>δουλαγωγίαν,</span> <span class='ocrx_word' id='word_1_518' title='bbox 3149 3062 3400 3134; x_wconf 81' lang='grc' dir='ltr'>φρόνημα</span> <span class='ocrx_word' id='word_1_519' title='bbox 3441 3060 3730 3126; x_wconf 81' lang='grc' dir='ltr'>ταπεινὸν,</span> 
     </span>
    </p>
   </div>
   <div class='ocr_carea' id='block_1_77' title="bbox 2165 3138 3736 3227">
    <p class='ocr_par' dir='ltr' id='par_1_77' title="bbox 2165 3138 3736 3227">
     <span class='ocr_line' id='line_1_77' title="bbox 2165 3138 3736 3227; baseline 0.003 -24"><span class='ocrx_word' id='word_1_520' title='bbox 2165 3151 2372 3216; x_wconf 78' lang='grc' dir='ltr'>ἐννοίας</span> <span class='ocrx_word' id='word_1_521' title='bbox 2407 3153 2755 3225; x_wconf 76' lang='grc' dir='ltr'>καθαρότητα</span> <span class='ocrx_word' id='word_1_522' title='bbox 2779 3194 2792 3218; x_wconf 94' lang='grc'><strong>,</strong></span> <span class='ocrx_word' id='word_1_523' title='bbox 2841 3155 3010 3227; x_wconf 83' lang='grc' dir='ltr'>όργῆς</span> <span class='ocrx_word' id='word_1_524' title='bbox 3043 3154 3369 3226; x_wconf 73' lang='grc' dir='ltr'>ἀφανισμόν.</span> <span class='ocrx_word' id='word_1_525' title='bbox 3404 3138 3736 3224; x_wconf 77' lang='grc' dir='ltr'>Ἀγγαρευό-</span> 
     </span>
    </p>
   </div>
   <div class='ocr_carea' id='block_1_78' title="bbox 2167 3244 3732 3319">
    <p class='ocr_par' dir='ltr' id='par_1_78' title="bbox 2167 3244 3732 3319">
     <span class='ocr_line' id='line_1_78' title="bbox 2167 3244 3732 3319; baseline 0.002 -24"><span class='ocrx_word' id='word_1_526' title='bbox 2167 3259 2356 3313; x_wconf 85' lang='grc' dir='ltr'>μενος,</span> <span class='ocrx_word' id='word_1_527' title='bbox 2392 3244 2671 3314; x_wconf 88' lang='grc' dir='ltr'>προστίθει</span> <span class='ocrx_word' id='word_1_528' title='bbox 2711 3246 2801 3299; x_wconf 79' lang='grc' dir='ltr'><strong>διὰ</strong></span> <span class='ocrx_word' id='word_1_529' title='bbox 2825 3246 2914 3299; x_wconf 73' lang='grc' dir='ltr'>τὸν</span> <span class='ocrx_word' id='word_1_530' title='bbox 2958 3245 3192 3318; x_wconf 83' lang='grc' dir='ltr'><strong>Κύριον·</strong></span> <span class='ocrx_word' id='word_1_531' title='bbox 3241 3244 3732 3319; x_wconf 85' lang='grc' dir='ltr'>ἀποστερούμενος,</span> 
     </span>
    </p>
   </div>
   <div class='ocr_carea' id='block_1_79' title="bbox 2167 3332 3737 3408">
    <p class='ocr_par' dir='ltr' id='par_1_79' title="bbox 2167 3332 3737 3408">
     <span class='ocr_line' id='line_1_79' title="bbox 2167 3332 3737 3408; baseline 0.003 -22"><span class='ocrx_word' id='word_1_532' title='bbox 2167 3333 2241 3406; x_wconf 78' lang='grc' dir='ltr'><strong>μὴ</strong></span> <span class='ocrx_word' id='word_1_533' title='bbox 2274 3332 2526 3400; x_wconf 74' lang='grc' dir='ltr'>δικάζουο</span> <span class='ocrx_word' id='word_1_534' title='bbox 2565 3337 2911 3408; x_wconf 84' lang='grc' dir='ltr'>μισούμενος,</span> <span class='ocrx_word' id='word_1_535' title='bbox 2958 3339 3176 3406; x_wconf 85' lang='grc' dir='ltr'>ἀγάπα·</span> <span class='ocrx_word' id='word_1_536' title='bbox 3243 3337 3595 3408; x_wconf 85' lang='grc' dir='ltr'>διωκόμενος,</span> <span class='ocrx_word' id='word_1_537' title='bbox 3634 3337 3737 3390; x_wconf 83' lang='grc' dir='ltr'><strong>ἀν-</strong></span> 
     </span>
    </p>
   </div>
   <div class='ocr_carea' id='block_1_80' title="bbox 2162 3425 3735 3501">
    <p class='ocr_par' dir='ltr' id='par_1_80' title="bbox 2162 3425 3735 3501">
     <span class='ocr_line' id='line_1_80' title="bbox 2162 3425 3735 3501; baseline 0.003 -23"><span class='ocrx_word' id='word_1_538' title='bbox 2162 3425 2290 3496; x_wconf 84' lang='grc' dir='ltr'>έχου</span> <span class='ocrx_word' id='word_1_539' title='bbox 2311 3443 2325 3456; x_wconf 74' lang='grc'><strong><em>⁸</em></strong></span> <span class='ocrx_word' id='word_1_540' title='bbox 2377 3426 2863 3498; x_wconf 83' lang='grc' dir='ltr'>βλασφημούμενος</span> <span class='ocrx_word' id='word_1_541' title='bbox 2887 3467 2902 3492; x_wconf 95' lang='grc'><strong>,</strong></span> <span class='ocrx_word' id='word_1_542' title='bbox 2931 3429 3255 3500; x_wconf 85' lang='grc' dir='ltr'>παρακάλει.</span> <span class='ocrx_word' id='word_1_543' title='bbox 3301 3427 3621 3501; x_wconf 82' lang='grc' dir='ltr'>Νεκρώθητι</span> <span class='ocrx_word' id='word_1_544' title='bbox 3664 3432 3735 3500; x_wconf 77' lang='grc' dir='ltr'><strong>τῇ</strong></span> 
     </span>
    </p>
   </div>
   <div class='ocr_carea' id='block_1_81' title="bbox 2163 3517 3738 3592">
    <p class='ocr_par' dir='ltr' id='par_1_81' title="bbox 2163 3517 3738 3592">
     <span class='ocr_line' id='line_1_81' title="bbox 2163 3517 3738 3592; baseline 0.002 -24"><span class='ocrx_word' id='word_1_545' title='bbox 2163 3517 2427 3588; x_wconf 78' lang='grc' dir='ltr'>ἁμαρτίᾳ,</span> <span class='ocrx_word' id='word_1_546' title='bbox 2466 3518 2809 3588; x_wconf 87' lang='grc' dir='ltr'>σταυρώθητι</span> <span class='ocrx_word' id='word_1_547' title='bbox 2855 3518 2933 3588; x_wconf 83' lang='grc' dir='ltr'><strong>τῷ</strong></span> <span class='ocrx_word' id='word_1_548' title='bbox 2961 3519 3113 3591; x_wconf 82' lang='grc' dir='ltr'><strong>Θεῷ’</strong></span> <span class='ocrx_word' id='word_1_549' title='bbox 3160 3521 3288 3591; x_wconf 84' lang='grc' dir='ltr'>ὃλην</span> <span class='ocrx_word' id='word_1_550' title='bbox 3329 3521 3427 3591; x_wconf 82' lang='grc' dir='ltr'><strong>τὴν</strong></span> <span class='ocrx_word' id='word_1_551' title='bbox 3459 3519 3738 3592; x_wconf 83' lang='grc' dir='ltr'>μέριμναν</span> 
     </span>
    </p>
   </div>
   <div class='ocr_carea' id='block_1_82' title="bbox 2167 3611 3738 3685">
    <p class='ocr_par' dir='ltr' id='par_1_82' title="bbox 2167 3611 3738 3685">
     <span class='ocr_line' id='line_1_82' title="bbox 2167 3611 3738 3685; baseline 0.003 -22"><span class='ocrx_word' id='word_1_552' title='bbox 2167 3611 2399 3681; x_wconf 82' lang='grc' dir='ltr'>μετάθες</span> <span class='ocrx_word' id='word_1_553' title='bbox 2434 3612 2525 3665; x_wconf 77' lang='grc' dir='ltr'><strong>ἐπὶ</strong></span> <span class='ocrx_word' id='word_1_554' title='bbox 2553 3612 2644 3665; x_wconf 86' lang='grc' dir='ltr'><strong>τὸν</strong></span> <span class='ocrx_word' id='word_1_555' title='bbox 2677 3612 2902 3684; x_wconf 87' lang='grc' dir='ltr'>Κύριον,</span> <span class='ocrx_word' id='word_1_556' title='bbox 2942 3614 3028 3666; x_wconf 81' lang='grc' dir='ltr'><strong>ἵνα</strong></span> <span class='ocrx_word' id='word_1_557' title='bbox 3070 3614 3296 3685; x_wconf 81' lang='grc' dir='ltr'>εὑρεθῇς</span> <span class='ocrx_word' id='word_1_558' title='bbox 3329 3615 3460 3667; x_wconf 78' lang='grc' dir='ltr'>ὅπου</span> <span class='ocrx_word' id='word_1_559' title='bbox 3487 3615 3738 3683; x_wconf 83' lang='grc' dir='ltr'>ἀγγέλων</span> 
     </span>
    </p>
   </div>
   <div class='ocr_carea' id='block_1_83' title="bbox 2167 3701 3737 3773">
    <p class='ocr_par' dir='ltr' id='par_1_83' title="bbox 2167 3701 3737 3773">
     <span class='ocr_line' id='line_1_83' title="bbox 2167 3701 3737 3773; baseline 0.002 -21"><span class='ocrx_word' id='word_1_560' title='bbox 2167 3702 2446 3773; x_wconf 81' lang='grc' dir='ltr'>μυριάδες,</span> <span class='ocrx_word' id='word_1_561' title='bbox 2483 3703 2838 3773; x_wconf 87' lang='grc' dir='ltr'>πρωτοτόκων</span> <span class='ocrx_word' id='word_1_562' title='bbox 2875 3702 3230 3773; x_wconf 86' lang='grc' dir='ltr'>πανηγύρεις,</span> <span class='ocrx_word' id='word_1_563' title='bbox 3263 3701 3576 3754; x_wconf 82' lang='grc' dir='ltr'>ἀποστόλων</span> <span class='ocrx_word' id='word_1_564' title='bbox 3610 3701 3737 3772; x_wconf 82' lang='grc' dir='ltr'>θρό-</span> 
     </span>
    </p>
   </div>
   <div class='ocr_carea' id='block_1_84' title="bbox 2164 3791 3733 3864">
    <p class='ocr_par' dir='ltr' id='par_1_84' title="bbox 2164 3791 3733 3864">
     <span class='ocr_line' id='line_1_84' title="bbox 2164 3791 3733 3864; baseline 0 -18"><span class='ocrx_word' id='word_1_565' title='bbox 2164 3810 2265 3856; x_wconf 92' lang='grc' dir='ltr'>νοι,</span> <span class='ocrx_word' id='word_1_566' title='bbox 2326 3791 2616 3864; x_wconf 78' lang='grc' dir='ltr'>προφητῶν</span> <span class='ocrx_word' id='word_1_567' title='bbox 2670 3792 2984 3864; x_wconf 85' lang='grc' dir='ltr'>προεδρίαι,</span> <span class='ocrx_word' id='word_1_568' title='bbox 3039 3793 3294 3863; x_wconf 82' lang='grc' dir='ltr'>σκῆπτρα</span> <span class='ocrx_word' id='word_1_569' title='bbox 3339 3792 3733 3864; x_wconf 77' lang='grc' dir='ltr'>πατριαρχῶν,</span> 
     </span>
    </p>
   </div>
   <div class='ocr_carea' id='block_1_85' title="bbox 2167 3883 3740 3956">
    <p class='ocr_par' dir='ltr' id='par_1_85' title="bbox 2167 3883 3740 3956">
     <span class='ocr_line' id='line_1_85' title="bbox 2167 3883 3740 3956; baseline 0.002 -20"><span class='ocrx_word' id='word_1_570' title='bbox 2167 3884 2458 3956; x_wconf 88' lang='grc' dir='ltr'>μαρτύρων</span> <span class='ocrx_word' id='word_1_571' title='bbox 2519 3883 2809 3953; x_wconf 79' lang='grc' dir='ltr'>στέφανοι,</span> <span class='ocrx_word' id='word_1_572' title='bbox 2871 3885 3094 3938; x_wconf 85' lang='grc' dir='ltr'>δικαίων</span> <span class='ocrx_word' id='word_1_573' title='bbox 3177 3885 3404 3938; x_wconf 75' lang='grc' dir='ltr'>ἔπαινοι.</span> <span class='ocrx_word' id='word_1_574' title='bbox 3475 3885 3740 3947; x_wconf 82' lang='grc' dir='ltr'>Ἐκείνοις</span> 
     </span>
    </p>
   </div>
   <div class='ocr_carea' id='block_1_86' title="bbox 2166 3972 3743 4046">
    <p class='ocr_par' dir='ltr' id='par_1_86' title="bbox 2166 3972 3743 4046">
     <span class='ocr_line' id='line_1_86' title="bbox 2166 3972 3743 4046; baseline 0.001 -20"><span class='ocrx_word' id='word_1_575' title='bbox 2166 3975 2390 4030; x_wconf 79' lang='grc' dir='ltr'>σεαυτὸν</span> <span class='ocrx_word' id='word_1_576' title='bbox 2413 3977 2528 4038; x_wconf 89' lang='grc' dir='ltr'>τοῖς</span> <span class='ocrx_word' id='word_1_577' title='bbox 2551 3974 2776 4038; x_wconf 88' lang='grc' dir='ltr'>δικαίοις</span> <span class='ocrx_word' id='word_1_578' title='bbox 2810 3973 3145 4046; x_wconf 84' lang='grc' dir='ltr'>ὲπιθύμησον</span> <span class='ocrx_word' id='word_1_579' title='bbox 3185 3972 3656 4044; x_wconf 86' lang='grc' dir='ltr'>συναριθμηθῆναι</span> <span class='ocrx_word' id='word_1_580' title='bbox 3677 3974 3743 4027; x_wconf 81' lang='grc' dir='ltr'>ἐν</span> 
     </span>
    </p>
   </div>
   <div class='ocr_carea' id='block_1_87' title="bbox 2164 4063 3743 4140">
    <p class='ocr_par' dir='ltr' id='par_1_87' title="bbox 2164 4063 3743 4140">
     <span class='ocr_line' id='line_1_87' title="bbox 2164 4063 3743 4140; baseline 0.003 -20"><span class='ocrx_word' id='word_1_581' title='bbox 2164 4066 2386 4138; x_wconf 83' lang='grc' dir='ltr'>Χριστῷ</span> <span class='ocrx_word' id='word_1_582' title='bbox 2443 4067 2620 4138; x_wconf 80' lang='grc' dir='ltr'>Ἰησοῦ</span> <span class='ocrx_word' id='word_1_583' title='bbox 2659 4066 2737 4137; x_wconf 85' lang='grc' dir='ltr'>τῷ</span> <span class='ocrx_word' id='word_1_584' title='bbox 2771 4068 2960 4140; x_wconf 86' lang='grc' dir='ltr'>Κυρίῳ</span> <span class='ocrx_word' id='word_1_585' title='bbox 3007 4066 3186 4138; x_wconf 80' lang='grc' dir='ltr'>ἡμῶν.</span> <span class='ocrx_word' id='word_1_586' title='bbox 3233 4065 3392 4136; x_wconf 80' lang='grc' dir='ltr'><strong>Αὐτῷ</strong></span> <span class='ocrx_word' id='word_1_587' title='bbox 3423 4067 3457 4137; x_wconf 75' lang='grc' dir='ltr'>ἡ</span> <span class='ocrx_word' id='word_1_588' title='bbox 3489 4063 3618 4132; x_wconf 79' lang='grc' dir='ltr'>δόξα</span> <span class='ocrx_word' id='word_1_589' title='bbox 3656 4066 3743 4134; x_wconf 75' lang='grc' dir='ltr'><strong>εἰς</strong></span> 
     </span>
    </p>
   </div>
   <div class='ocr_carea' id='block_1_88' title="bbox 2163 4157 2780 4229">
    <p class='ocr_par' dir='ltr' id='par_1_88' title="bbox 2163 4157 2780 4229">
     <span class='ocr_line' id='line_1_88' title="bbox 2163 4157 2780 4229; baseline 0.003 -19"><span class='ocrx_word' id='word_1_590' title='bbox 2163 4157 2290 4221; x_wconf 82' lang='grc' dir='ltr'>τοὺς</span> <span class='ocrx_word' id='word_1_591' title='bbox 2322 4157 2546 4222; x_wconf 80' lang='grc' dir='ltr'>αἰῶνας.</span> <span class='ocrx_word' id='word_1_592' title='bbox 2588 4159 2780 4229; x_wconf 87' lang='grc' dir='ltr'>Ἀμήν.</span> 
     </span>
    </p>
   </div>
   <div class='ocr_carea' id='block_1_89' title="bbox 2694 4444 3210 4500">
    <p class='ocr_par' dir='ltr' id='par_1_89' title="bbox 2694 4444 3210 4500">
     <span class='ocr_line' id='line_1_89' title="bbox 2694 4444 3210 4500; baseline 0.002 -1"><span class='ocrx_word' id='word_1_593' title='bbox 2694 4447 3042 4500; x_wconf 84' lang='grc' dir='ltr'><strong>ΕΠΙΣΤΟΔΗ</strong></span> <span class='ocrx_word' id='word_1_594' title='bbox 3078 4444 3210 4500; x_wconf 86' lang='grc' dir='ltr'><strong>ΜΔ’.</strong></span> 
     </span>
    </p>
   </div>
   <div class='ocr_carea' id='block_1_90' title="bbox 494 4562 3748 4679">
    <p class='ocr_par' dir='ltr' id='par_1_90' title="bbox 494 4562 3748 4679">
     <span class='ocr_line' id='line_1_90' title="bbox 494 4562 3748 4679; baseline -0.001 -61"><span class='ocrx_word' id='word_1_595' title='bbox 494 4567 650 4618; x_wconf 77' lang='lat' dir='ltr'><strong>Lauso</strong></span> <span class='ocrx_word' id='word_1_596' title='bbox 672 4563 900 4616; x_wconf 81' lang='lat' dir='ltr'><strong>monacho</strong></span> <span class='ocrx_word' id='word_1_597' title='bbox 922 4569 1088 4615; x_wconf 85' lang='lat' dir='ltr'><strong>auctor</strong></span> <span class='ocrx_word' id='word_1_598' title='bbox 1109 4562 1323 4628; x_wconf 71' lang='lat' dir='ltr'><strong>epistola:</strong></span> <span class='ocrx_word' id='word_1_599' title='bbox 1341 4563 1553 4628; x_wconf 81' lang='lat' dir='ltr'><strong>primum</strong></span> <span class='ocrx_word' id='word_1_600' title='bbox 1578 4564 1760 4628; x_wconf 85' lang='lat' dir='ltr'><strong>peccati</strong></span> <span class='ocrx_word' id='word_1_601' title='bbox 1779 4565 2172 4679; x_wconf 44' lang='lat' dir='ltr'><strong>magngirdggern.</strong></span> <span class='ocrx_word' id='word_1_602' title='bbox 2196 4563 2782 4677; x_wconf 53' lang='lat' dir='ltr'><strong>diimiz‘misericordiam</strong></span> <span class='ocrx_word' id='word_1_603' title='bbox 2807 4564 3024 4616; x_wconf 82' lang='lat' dir='ltr'><strong>divinam</strong></span> <span class='ocrx_word' id='word_1_604' title='bbox 3044 4572 3151 4618; x_wconf 84' lang='lat' dir='ltr'><strong>ante</strong></span> <span class='ocrx_word' id='word_1_605' title='bbox 3175 4565 3336 4616; x_wconf 79' lang='lat' dir='ltr'><strong>oculos</strong></span> <span class='ocrx_word' id='word_1_606' title='bbox 3358 4566 3506 4628; x_wconf 77' lang='lat' dir='ltr'><strong>ponit,</strong></span> <span class='ocrx_word' id='word_1_607' title='bbox 3527 4569 3574 4614; x_wconf 87' lang='lat' dir='ltr'><strong>et</strong></span> <span class='ocrx_word' id='word_1_608' title='bbox 3596 4570 3650 4614; x_wconf 88' lang='lat' dir='ltr'><strong>ut</strong></span> <span class='ocrx_word' id='word_1_609' title='bbox 3676 4564 3748 4614; x_wconf 81' lang='lat' dir='ltr'><strong>ad</strong></span> 
     </span>
     <span class='ocr_line' id='line_1_91' title="bbox 1749 4641 2466 4679; baseline 0.003 -2"><span class='ocrx_word' id='word_1_610' title='bbox 1749 4641 1800 4678; x_wconf 74' lang='lat' dir='ltr'><strong>se</strong></span> <span class='ocrx_word' id='word_1_611' title='bbox 1821 4641 1906 4678; x_wconf 77' lang='lat' dir='ltr'><strong>ven</strong></span> <span class='ocrx_word' id='word_1_612' title='bbox 1982 4667 1992 4679; x_wconf 95' lang='lat'><strong>.</strong></span> <span class='ocrx_word' id='word_1_613' title='bbox 2071 4641 2212 4679; x_wconf 84' lang='lat' dir='ltr'><strong>mane</strong></span> <span class='ocrx_word' id='word_1_614' title='bbox 2247 4642 2320 4677; x_wconf 69' lang='lat' dir='ltr'><strong>tor</strong></span> <span class='ocrx_word' id='word_1_615' title='bbox 2390 4641 2466 4679; x_wconf 91' lang='lat' dir='ltr'><strong>ur.</strong></span> 
     </span>
    </p>
   </div>
   <div class='ocr_carea' id='block_1_91' title="bbox 1749 4641 2466 4692">
    <p class='ocr_par' dir='ltr' id='par_1_91' title="bbox 1749 4641 2466 4692">
     <span class='ocr_line' id='line_1_92' title="bbox 1749 4641 2466 4692; baseline 0.004 -15"><span class='ocrx_word' id='word_1_616' title='bbox 1749 4641 1800 4678; x_wconf 74' lang='lat' dir='ltr'><strong>se</strong></span> <span class='ocrx_word' id='word_1_617' title='bbox 1821 4641 1992 4687; x_wconf 63' lang='lat' dir='ltr'><strong>tremat,</strong></span> <span class='ocrx_word' id='word_1_618' title='bbox 2017 4641 2212 4692; x_wconf 82' lang='lat' dir='ltr'><strong>oentgne</strong></span> <span class='ocrx_word' id='word_1_619' title='bbox 2231 4641 2466 4680; x_wconf 75' lang='lat' dir='ltr'><strong>hortatur.</strong></span> 
     </span>
    </p>
   </div>
   <div class='ocr_carea' id='block_1_92' title="bbox 940 4733 1603 4803">
    <p class='ocr_par' dir='ltr' id='par_1_92' title="bbox 940 4733 1603 4803">
     <span class='ocr_line' id='line_1_93' title="bbox 940 4733 1603 4803; baseline 0.006 -15"><span class='ocrx_word' id='word_1_620' title='bbox 940 4733 1022 4788; x_wconf 82' lang='lat' dir='ltr'><strong>Ad</strong></span> <span class='ocrx_word' id='word_1_621' title='bbox 1043 4733 1353 4788; x_wconf 84' lang='lat' dir='ltr'><strong>monachum</strong></span> <span class='ocrx_word' id='word_1_622' title='bbox 1379 4734 1603 4803; x_wconf 77' lang='lat' dir='ltr'><strong>lapsum.</strong></span> 
     </span>
    </p>
   </div>
   <div class='ocr_carea' id='block_1_93' title="bbox 567 4817 2064 4892">
    <p class='ocr_par' dir='ltr' id='par_1_93' title="bbox 567 4817 2064 4892">
     <span class='ocr_line' id='line_1_94' title="bbox 567 4817 2064 4892; baseline 0.005 -18"><span class='ocrx_word' id='word_1_623' title='bbox 567 4821 623 4875; x_wconf 79' lang='grc'><strong>1.</strong></span> <span class='ocrx_word' id='word_1_624' title='bbox 665 4817 904 4876; x_wconf 83' lang='lat' dir='ltr'><strong>Salutem</strong></span> <span class='ocrx_word' id='word_1_625' title='bbox 943 4835 1054 4875; x_wconf 88' lang='lat' dir='ltr'><strong>non</strong></span> <span class='ocrx_word' id='word_1_626' title='bbox 1084 4820 1341 4888; x_wconf 85' lang='lat' dir='ltr'><strong>dicimus,</strong></span> <span class='ocrx_word' id='word_1_627' title='bbox 1370 4822 1498 4892; x_wconf 79' lang='lat' dir='ltr'><strong>quia</strong></span> <span class='ocrx_word' id='word_1_628' title='bbox 1537 4839 1644 4878; x_wconf 91' lang='lat' dir='ltr'><strong>non</strong></span> <span class='ocrx_word' id='word_1_629' title='bbox 1669 4833 1753 4881; x_wconf 89' lang='lat' dir='ltr'><strong>est</strong></span> <span class='ocrx_word' id='word_1_630' title='bbox 1779 4839 1926 4882; x_wconf 87' lang='lat' dir='ltr'><strong>satus</strong></span> <span class='ocrx_word' id='word_1_631' title='bbox 1961 4831 2064 4881; x_wconf 92' lang='lat' dir='ltr'><strong>im-</strong></span> 
     </span>
    </p>
   </div>
   <div class='ocr_carea' id='block_1_94' title="bbox 571 4982 1178 5051">
    <p class='ocr_par' dir='ltr' id='par_1_94' title="bbox 571 4982 1178 5051">
     <span class='ocr_line' id='line_1_95' title="bbox 571 4982 1178 5051; baseline 0.002 -13"><span class='ocrx_word' id='word_1_632' title='bbox 571 4983 620 5016; x_wconf 76' lang='lat'><strong>“</strong></span> <span class='ocrx_word' id='word_1_633' title='bbox 648 4982 813 5040; x_wconf 84' lang='lat' dir='ltr'><strong>Hebr.</strong></span> <span class='ocrx_word' id='word_1_634' title='bbox 851 4999 935 5050; x_wconf 81' lang='lat' dir='ltr'><strong>in,</strong></span> <span class='ocrx_word' id='word_1_635' title='bbox 967 4982 1056 5051; x_wconf 74' lang='grc'><strong>12,</strong></span> <span class='ocrx_word' id='word_1_636' title='bbox 1089 4982 1178 5039; x_wconf 76' lang='grc'><strong>13.</strong></span> 
     </span>
    </p>
   </div>
   <div class='ocr_carea' id='block_1_95' title="bbox 567 5115 852 5174">
    <p class='ocr_par' dir='ltr' id='par_1_95' title="bbox 567 5115 852 5174">
     <span class='ocr_line' id='line_1_96' title="bbox 567 5115 852 5174; baseline -0.007 -2"><span class='ocrx_word' id='word_1_637' title='bbox 567 5121 590 5146; x_wconf 78' lang='lat'><strong>’</strong></span> <span class='ocrx_word' id='word_1_638' title='bbox 613 5118 766 5174; x_wconf 82' lang='lat' dir='ltr'><strong>Alias</strong></span> <span class='ocrx_word' id='word_1_639' title='bbox 785 5115 852 5171; x_wconf 79' lang='grc'><strong>11.</strong></span> 
     </span>
    </p>
   </div>
   <div class='ocr_carea' id='block_1_96' title="bbox 568 5185 904 5243">
    <p class='ocr_par' dir='ltr' id='par_1_96' title="bbox 568 5185 904 5243">
     <span class='ocr_line' id='line_1_97' title="bbox 568 5185 904 5243; baseline 0 -1"><span class='ocrx_word' id='word_1_640' title='bbox 568 5192 608 5214; x_wconf 80' lang='lat'><strong>&quot;</strong></span> <span class='ocrx_word' id='word_1_641' title='bbox 639 5189 788 5243; x_wconf 81' lang='lat' dir='ltr'><strong>Alias</strong></span> <span class='ocrx_word' id='word_1_642' title='bbox 817 5185 904 5242; x_wconf 87' lang='grc'><strong>111.</strong></span> 
     </span>
    </p>
   </div>
   <div class='ocr_carea' id='block_1_97' title="bbox 568 5257 2062 5332">
    <p class='ocr_par' dir='ltr' id='par_1_97' title="bbox 568 5257 2062 5332">
     <span class='ocr_line' id='line_1_98' title="bbox 568 5257 2062 5332; baseline 0 -20"><span class='ocrx_word' id='word_1_643' title='bbox 568 5258 702 5332; x_wconf 64' lang='lat'><strong>(29).</strong></span> <span class='ocrx_word' id='word_1_644' title='bbox 742 5259 1248 5332; x_wconf 62' lang='lat' dir='ltr'><strong>Hame&#39;LaUt’r’lr._</strong></span> <span class='ocrx_word' id='word_1_645' title='bbox 1276 5257 1410 5332; x_wconf 74' lang='lat' dir='ltr'><strong>Quae</strong></span> <span class='ocrx_word' id='word_1_646' title='bbox 1449 5260 1519 5315; x_wconf 93' lang='lat' dir='ltr'><strong>ab</strong></span> <span class='ocrx_word' id='word_1_647' title='bbox 1559 5259 1662 5314; x_wconf 88' lang='lat' dir='ltr'><strong>hac</strong></span> <span class='ocrx_word' id='word_1_648' title='bbox 1697 5274 1848 5332; x_wconf 84' lang='lat' dir='ltr'><strong>_voce</strong></span> <span class='ocrx_word' id='word_1_649' title='bbox 1889 5272 2062 5326; x_wconf 86' lang='lat' dir='ltr'><strong>usque</strong></span> 
     </span>
    </p>
   </div>
   <div class='ocr_carea' id='block_1_98' title="bbox 497 5328 2060 5398">
    <p class='ocr_par' dir='ltr' id='par_1_98' title="bbox 497 5328 2060 5398">
     <span class='ocr_line' id='line_1_99' title="bbox 497 5328 2060 5398; baseline -0.001 -15"><span class='ocrx_word' id='word_1_650' title='bbox 497 5328 590 5398; x_wconf 51' lang='lat' dir='ltr'><strong>ad:</strong></span> <span class='ocrx_word' id='word_1_651' title='bbox 619 5329 839 5382; x_wconf 75' lang='grc' dir='ltr'><strong>Ἡσαΐαν</strong></span> <span class='ocrx_word' id='word_1_652' title='bbox 884 5330 1156 5398; x_wconf 82' lang='lat' dir='ltr'><strong>leguntur,</strong></span> <span class='ocrx_word' id='word_1_653' title='bbox 1187 5330 1372 5386; x_wconf 83' lang='lat' dir='ltr'><strong>addita</strong></span> <span class='ocrx_word' id='word_1_654' title='bbox 1409 5341 1536 5386; x_wconf 87' lang='lat' dir='ltr'><strong>sunt</strong></span> <span class='ocrx_word' id='word_1_655' title='bbox 1571 5346 1638 5384; x_wconf 81' lang='lat' dir='ltr'><strong>ex</strong></span> <span class='ocrx_word' id='word_1_656' title='bbox 1680 5328 1896 5385; x_wconf 88' lang='lat' dir='ltr'><strong>duobus</strong></span> <span class='ocrx_word' id='word_1_657' title='bbox 1927 5343 2060 5383; x_wconf 91' lang='lat' dir='ltr'><strong>mss.</strong></span> 
     </span>
    </p>
   </div>
   <div class='ocr_carea' id='block_1_99' title="bbox 499 5396 1121 5455">
    <p class='ocr_par' dir='ltr' id='par_1_99' title="bbox 499 5396 1121 5455">
     <span class='ocr_line' id='line_1_100' title="bbox 499 5396 1121 5455; baseline 0.002 -3"><span class='ocrx_word' id='word_1_658' title='bbox 499 5413 532 5452; x_wconf 87' lang='lat' dir='ltr'><strong>a</strong></span> <span class='ocrx_word' id='word_1_659' title='bbox 562 5396 886 5454; x_wconf 86' lang='lat' dir='ltr'><strong>Combelisio</strong></span> <span class='ocrx_word' id='word_1_660' title='bbox 924 5396 1121 5455; x_wconf 80' lang='lat' dir='ltr'><strong>citatis.</strong></span> 
     </span>
    </p>
   </div>
   <div class='ocr_carea' id='block_1_100' title="bbox 572 5467 2057 5538">
    <p class='ocr_par' dir='ltr' id='par_1_100' title="bbox 572 5467 2057 5538">
     <span class='ocr_line' id='line_1_101' title="bbox 572 5467 2057 5538; baseline 0 -17"><span class='ocrx_word' id='word_1_661' title='bbox 572 5468 682 5538; x_wconf 71' lang='grc'><strong>(21)</strong></span> <span class='ocrx_word' id='word_1_662' title='bbox 727 5470 794 5522; x_wconf 81' lang='grc' dir='ltr'><strong>Τὸ</strong></span> <span class='ocrx_word' id='word_1_663' title='bbox 838 5469 1079 5536; x_wconf 80' lang='grc' dir='ltr'>Πνεῦμα</span> <span class='ocrx_word' id='word_1_664' title='bbox 1130 5469 1195 5523; x_wconf 86' lang='grc' dir='ltr'><strong>τὸ</strong></span> <span class='ocrx_word' id='word_1_665' title='bbox 1243 5469 1429 5538; x_wconf 79' lang='grc' dir='ltr'>ἄτιον.</span> <span class='ocrx_word' id='word_1_666' title='bbox 1462 5468 1538 5523; x_wconf 87' lang='lat' dir='ltr'><strong>Ita</strong></span> <span class='ocrx_word' id='word_1_667' title='bbox 1579 5468 1713 5536; x_wconf 76' lang='lat' dir='ltr'><strong>Reg.</strong></span> <span class='ocrx_word' id='word_1_668' title='bbox 1762 5467 2057 5524; x_wconf 80' lang='lat' dir='ltr'><strong>secundus.</strong></span> 
     </span>
    </p>
   </div>
   <div class='ocr_carea' id='block_1_101' title="bbox 499 5535 2060 5609">
    <p class='ocr_par' dir='ltr' id='par_1_101' title="bbox 499 5535 2060 5609">
     <span class='ocr_line' id='line_1_102' title="bbox 499 5535 2060 5609; baseline -0.001 -16"><span class='ocrx_word' id='word_1_669' title='bbox 499 5535 754 5609; x_wconf 59' lang='lat' dir='ltr'><strong>Editi&#39;tto</strong></span> <span class='ocrx_word' id='word_1_670' title='bbox 793 5538 944 5606; x_wconf 81' lang='grc' dir='ltr'>ἆγιον</span> <span class='ocrx_word' id='word_1_671' title='bbox 984 5535 1225 5609; x_wconf 82' lang='grc' dir='ltr'><strong>Πνεῦμα.</strong></span> <span class='ocrx_word' id='word_1_672' title='bbox 1260 5535 1339 5594; x_wconf 79' lang='lat' dir='ltr'><strong>Ex</strong></span> <span class='ocrx_word' id='word_1_673' title='bbox 1380 5541 1568 5594; x_wconf 89' lang='lat' dir='ltr'><strong>eodem</strong></span> <span class='ocrx_word' id='word_1_674' title='bbox 1612 5535 1798 5594; x_wconf 74' lang='lat' dir='ltr'><strong>codice</strong></span> <span class='ocrx_word' id='word_1_675' title='bbox 1824 5540 2060 5609; x_wconf 82' lang='lat' dir='ltr'><strong>legimus</strong></span> 
     </span>
    </p>
   </div>
   <div class='ocr_carea' id='block_1_102' title="bbox 501 5607 2057 5680">
    <p class='ocr_par' dir='ltr' id='par_1_102' title="bbox 501 5607 2057 5680">
     <span class='ocr_line' id='line_1_103' title="bbox 501 5607 2057 5680; baseline 0.002 -19"><span class='ocrx_word' id='word_1_676' title='bbox 501 5607 742 5680; x_wconf 80' lang='grc' dir='ltr'>γνήσιος,</span> <span class='ocrx_word' id='word_1_677' title='bbox 787 5609 916 5665; x_wconf 89' lang='lat' dir='ltr'><strong>editi</strong></span> <span class='ocrx_word' id='word_1_678' title='bbox 955 5607 1212 5679; x_wconf 79' lang='grc' dir='ltr'>γνησίως.</span> <span class='ocrx_word' id='word_1_679' title='bbox 1250 5609 1396 5666; x_wconf 86' lang='lat' dir='ltr'><strong>Idem</strong></span> <span class='ocrx_word' id='word_1_680' title='bbox 1438 5611 1597 5664; x_wconf 82' lang='lat' dir='ltr'><strong>habet</strong></span> <span class='ocrx_word' id='word_1_681' title='bbox 1642 5607 2057 5678; x_wconf 78' lang='grc' dir='ltr'>ἀγωνιζόμενος.</span> 
     </span>
    </p>
   </div>
   <div class='ocr_carea' id='block_1_103' title="bbox 2465 4733 3442 4805">
    <p class='ocr_par' dir='ltr' id='par_1_103' title="bbox 2465 4733 3442 4805">
     <span class='ocr_line' id='line_1_104' title="bbox 2465 4733 3442 4805; baseline -0.001 -14"><span class='ocrx_word' id='word_1_682' title='bbox 2465 4737 2624 4805; x_wconf 85' lang='grc' dir='ltr'>Πρὸς</span> <span class='ocrx_word' id='word_1_683' title='bbox 2644 4735 2920 4805; x_wconf 73' lang='grc' dir='ltr'><strong>μοναχὸν</strong></span> <span class='ocrx_word' id='word_1_684' title='bbox 2940 4737 3279 4790; x_wconf 73' lang='grc' dir='ltr'>ἐκπεσόντα</span> <span class='ocrx_word' id='word_1_685' title='bbox 3308 4733 3442 4805; x_wconf 77' lang='lat'><strong>(‘25).</strong></span> 
     </span>
    </p>
   </div>
   <div class='ocr_carea' id='block_1_104' title="bbox 2241 4826 3757 4900">
    <p class='ocr_par' dir='ltr' id='par_1_104' title="bbox 2241 4826 3757 4900">
     <span class='ocr_line' id='line_1_105' title="bbox 2241 4826 3757 4900; baseline -0.004 -16"><span class='ocrx_word' id='word_1_686' title='bbox 2241 4831 2293 4884; x_wconf 80' lang='grc'><strong>1.</strong></span> <span class='ocrx_word' id='word_1_687' title='bbox 2332 4829 2559 4900; x_wconf 87' lang='grc' dir='ltr'>Χαίρειν</span> <span class='ocrx_word' id='word_1_688' title='bbox 2586 4829 2647 4881; x_wconf 86' lang='grc' dir='ltr'><strong>ού</strong></span> <span class='ocrx_word' id='word_1_689' title='bbox 2677 4828 2930 4898; x_wconf 83' lang='grc' dir='ltr'>λέγομεν,</span> <span class='ocrx_word' id='word_1_690' title='bbox 2957 4830 3039 4881; x_wconf 85' lang='grc' dir='ltr'><strong>ὅτι</strong></span> <span class='ocrx_word' id='word_1_691' title='bbox 3073 4829 3176 4881; x_wconf 85' lang='grc' dir='ltr'><strong>οὐκ</strong></span> <span class='ocrx_word' id='word_1_692' title='bbox 3220 4826 3337 4880; x_wconf 80' lang='grc' dir='ltr'>ἔστι</span> <span class='ocrx_word' id='word_1_693' title='bbox 3383 4828 3598 4898; x_wconf 84' lang='grc' dir='ltr'>χαίρειν</span> <span class='ocrx_word' id='word_1_694' title='bbox 3629 4829 3757 4890; x_wconf 81' lang='grc' dir='ltr'>τοῖς</span> 
     </span>
    </p>
   </div>
   <div class='ocr_carea' id='block_1_105' title="bbox 2168 5083 3759 5198">
    <p class='ocr_par' dir='ltr' id='par_1_105' title="bbox 2168 5083 3759 5198">
     <span class='ocr_line' id='line_1_106' title="bbox 2168 5083 3759 5198; baseline 0.004 -28"><span class='ocrx_word' id='word_1_695' title='bbox 2168 5115 2294 5198; x_wconf 46' lang='lat' dir='ltr'><strong>Mos</strong></span> <span class='ocrx_word' id='word_1_696' title='bbox 2317 5117 2462 5190; x_wconf 78' lang='grc' dir='ltr'>Πλὴν</span> <span class='ocrx_word' id='word_1_697' title='bbox 2494 5117 2608 5171; x_wconf 84' lang='grc' dir='ltr'>ἀλλ’</span> <span class='ocrx_word' id='word_1_698' title='bbox 2635 5133 2700 5173; x_wconf 78' lang='lat' dir='ltr'><strong>ex</strong></span> <span class='ocrx_word' id='word_1_699' title='bbox 2735 5083 2952 5177; x_wconf 87' lang='lat' dir='ltr'><strong>duobus</strong></span> <span class='ocrx_word' id='word_1_700' title='bbox 2991 5133 3122 5173; x_wconf 86' lang='lat' dir='ltr'><strong>mss.</strong></span> <span class='ocrx_word' id='word_1_701' title='bbox 3153 5116 3330 5172; x_wconf 88' lang='lat' dir='ltr'><strong>Prima</strong></span> <span class='ocrx_word' id='word_1_702' title='bbox 3364 5135 3465 5174; x_wconf 72' lang='lat' dir='ltr'><strong>vox</strong></span> <span class='ocrx_word' id='word_1_703' title='bbox 3496 5119 3660 5176; x_wconf 88' lang='lat' dir='ltr'><strong>deest</strong></span> <span class='ocrx_word' id='word_1_704' title='bbox 3699 5123 3759 5176; x_wconf 89' lang='lat' dir='ltr'><strong>in</strong></span> 
     </span>
    </p>
   </div>
   <div class='ocr_carea' id='block_1_106' title="bbox 2164 5188 3766 5381">
    <p class='ocr_par' dir='ltr' id='par_1_106' title="bbox 2164 5188 3766 5381">
     <span class='ocr_line' id='line_1_107' title="bbox 2164 5188 3766 5381; baseline -0.009 -54"><span class='ocrx_word' id='word_1_705' title='bbox 2164 5188 2542 5381; x_wconf 43' lang='lat' dir='ltr'><strong>:igijugma</strong></span> <span class='ocrx_word' id='word_1_706' title='bbox 2569 5258 2739 5313; x_wconf 82' lang='grc' dir='ltr'>Θεοῦ.</span> <span class='ocrx_word' id='word_1_707' title='bbox 2771 5256 2863 5313; x_wconf 89' lang='lat' dir='ltr'><strong>Sic</strong></span> <span class='ocrx_word' id='word_1_708' title='bbox 2900 5259 3012 5314; x_wconf 91' lang='lat' dir='ltr'><strong>duo</strong></span> <span class='ocrx_word' id='word_1_709' title='bbox 3055 5273 3190 5312; x_wconf 88' lang='lat' dir='ltr'><strong>mss.</strong></span> <span class='ocrx_word' id='word_1_710' title='bbox 3232 5257 3393 5316; x_wconf 86' lang='lat' dir='ltr'><strong>Deest</strong></span> <span class='ocrx_word' id='word_1_711' title='bbox 3425 5262 3766 5330; x_wconf 65' lang='lat' dir='ltr'><strong>praepositio</strong></span> 
     </span>
    </p>
   </div>
   <div class='ocr_carea' id='block_1_107' title="bbox 2239 5345 3766 5468">
    <p class='ocr_par' dir='ltr' id='par_1_107' title="bbox 2239 5345 3766 5468">
     <span class='ocr_line' id='line_1_108' title="bbox 2239 5345 3766 5468; baseline 0.003 -18"><span class='ocrx_word' id='word_1_712' title='bbox 2239 5345 2568 5468; x_wconf 56' lang='lat' dir='ltr'><strong>(82%|)usilpdc</strong></span> <span class='ocrx_word' id='word_1_713' title='bbox 2627 5398 2902 5468; x_wconf 70' lang='grc' dir='ltr'><strong>μοναχὸν</strong></span> <span class='ocrx_word' id='word_1_714' title='bbox 2974 5399 3331 5453; x_wconf 75' lang='grc' dir='ltr'>ἐκπεσόντα.</span> <span class='ocrx_word' id='word_1_715' title='bbox 3400 5399 3560 5454; x_wconf 78' lang='lat' dir='ltr'><strong>Addit</strong></span> <span class='ocrx_word' id='word_1_716' title='bbox 3641 5367 3766 5456; x_wconf 71' lang='lat' dir='ltr'><strong>Re-</strong></span> 
     </span>
    </p>
   </div>
   <div class='ocr_carea' id='block_1_108' title="bbox 2163 5467 3766 5536">
    <p class='ocr_par' dir='ltr' id='par_1_108' title="bbox 2163 5467 3766 5536">
     <span class='ocr_line' id='line_1_109' title="bbox 2163 5467 3766 5536; baseline 0.001 -16"><span class='ocrx_word' id='word_1_717' title='bbox 2163 5467 2288 5536; x_wconf 79' lang='lat' dir='ltr'><strong>gius</strong></span> <span class='ocrx_word' id='word_1_718' title='bbox 2322 5467 2445 5524; x_wconf 78' lang='lat' dir='ltr'><strong>eod.</strong></span> <span class='ocrx_word' id='word_1_719' title='bbox 2483 5467 2640 5529; x_wconf 70' lang='grc'><strong>1908.</strong></span> <span class='ocrx_word' id='word_1_720' title='bbox 2676 5471 2769 5524; x_wconf 87' lang='lat' dir='ltr'><strong>sed</strong></span> <span class='ocrx_word' id='word_1_721' title='bbox 2803 5484 2962 5521; x_wconf 88' lang='lat' dir='ltr'><strong>manu</strong></span> <span class='ocrx_word' id='word_1_722' title='bbox 2995 5471 3316 5534; x_wconf 84' lang='lat' dir='ltr'><strong>recentiore,</strong></span> <span class='ocrx_word' id='word_1_723' title='bbox 3361 5469 3625 5535; x_wconf 78' lang='grc' dir='ltr'>Ἀλέξων,</span> <span class='ocrx_word' id='word_1_724' title='bbox 3674 5472 3766 5526; x_wconf 77' lang='lat' dir='ltr'><strong>Ad</strong></span> 
     </span>
    </p>
   </div>
   <div class='ocr_carea' id='block_1_109' title="bbox 2166 5538 3766 5614">
    <p class='ocr_par' dir='ltr' id='par_1_109' title="bbox 2166 5538 3766 5614">
     <span class='ocr_line' id='line_1_110' title="bbox 2166 5538 3766 5614; baseline 0.003 -25"><span class='ocrx_word' id='word_1_725' title='bbox 2166 5538 2481 5614; x_wconf 61' lang='lat' dir='ltr'><strong>monac/turn</strong></span> <span class='ocrx_word' id='word_1_726' title='bbox 2510 5539 2715 5614; x_wconf 69' lang='lat' dir='ltr'><strong>lapsum</strong></span> <span class='ocrx_word' id='word_1_727' title='bbox 2738 5539 3000 5614; x_wconf 49' lang='lat' dir='ltr'><strong>Aleajiurn.</strong></span> <span class='ocrx_word' id='word_1_728' title='bbox 3023 5538 3156 5593; x_wconf 87' lang='lat' dir='ltr'><strong>Cod.</strong></span> <span class='ocrx_word' id='word_1_729' title='bbox 3175 5539 3416 5614; x_wconf 80' lang='lat' dir='ltr'><strong>Golbert.</strong></span> <span class='ocrx_word' id='word_1_730' title='bbox 3437 5540 3539 5595; x_wconf 75' lang='grc'><strong>457</strong></span> <span class='ocrx_word' id='word_1_731' title='bbox 3567 5557 3582 5593; x_wconf 90' lang='lat'>:</span> <span class='ocrx_word' id='word_1_732' title='bbox 3613 5541 3766 5614; x_wconf 80' lang='grc' dir='ltr'>πρὸς</span> 
     </span>
    </p>
   </div>
   <div class='ocr_carea' id='block_1_110' title="bbox 2165 5607 3444 5680">
    <p class='ocr_par' dir='ltr' id='par_1_110' title="bbox 2165 5607 3444 5680">
     <span class='ocr_line' id='line_1_111' title="bbox 2165 5607 3444 5680; baseline 0.004 -20"><span class='ocrx_word' id='word_1_733' title='bbox 2165 5607 2406 5663; x_wconf 82' lang='grc' dir='ltr'>διάκονον</span> <span class='ocrx_word' id='word_1_734' title='bbox 2431 5609 2749 5674; x_wconf 80' lang='grc' dir='ltr'>ἐκπεσόντα,</span> <span class='ocrx_word' id='word_1_735' title='bbox 2792 5610 2871 5662; x_wconf 82' lang='lat' dir='ltr'><strong>Ad</strong></span> <span class='ocrx_word' id='word_1_736' title='bbox 2909 5609 3186 5666; x_wconf 85' lang='lat' dir='ltr'><strong>diaconum</strong></span> <span class='ocrx_word' id='word_1_737' title='bbox 3219 5609 3444 5680; x_wconf 76' lang='lat' dir='ltr'><strong>lapsum.</strong></span> 
     </span>
    </p>
   </div>
  </div>
