  <div class='ocr_page' id='page_1' title='image "/cluster/home/n/w/nwhite01/storage/ocr_20150623/32/nnc1.0046978879/232.png"; bbox 0 0 3870 6218; ppageno 0'>
   <div class='ocr_carea' id='block_1_1' title="bbox 164 263 260 322">
    <p class='ocr_par' dir='ltr' id='par_1_1' title="bbox 164 263 260 322">
     <span class='ocr_line' id='line_1_1' title="bbox 164 263 260 322; baseline 0.021 -2"><span class='ocrx_word' id='word_1_1' title='bbox 164 263 260 322; x_wconf 72' lang='grc'><strong>3131</strong></span> 
     </span>
    </p>
   </div>
   <div class='ocr_carea' id='block_1_2' title="bbox 1100 257 2475 321">
    <p class='ocr_par' dir='ltr' id='par_1_2' title="bbox 1100 257 2475 321">
     <span class='ocr_line' id='line_1_2' title="bbox 1100 257 2475 321; baseline 0.005 -7"><span class='ocrx_word' id='word_1_2' title='bbox 1100 259 1590 318; x_wconf 78' lang='lat' dir='ltr'><strong>EPISTOLARUM</strong></span> <span class='ocrx_word' id='word_1_3' title='bbox 1628 257 1914 317; x_wconf 74' lang='lat' dir='ltr'><strong>CLASSIS</strong></span> <span class='ocrx_word' id='word_1_4' title='bbox 1949 286 1989 318; x_wconf 82' lang='grc' dir='ltr'><strong>ι.</strong></span> <span class='ocrx_word' id='word_1_5' title='bbox 2031 261 2252 321; x_wconf 81' lang='lat' dir='ltr'><strong>EPIST.</strong></span> <span class='ocrx_word' id='word_1_6' title='bbox 2292 264 2475 321; x_wconf 79' lang='lat' dir='ltr'><strong>XLIV.</strong></span> 
     </span>
    </p>
   </div>
   <div class='ocr_carea' id='block_1_3' title="bbox 3316 277 3426 338">
    <p class='ocr_par' dir='ltr' id='par_1_3' title="bbox 3316 277 3426 338">
     <span class='ocr_line' id='line_1_3' title="bbox 3316 277 3426 338; baseline 0.036 -4"><span class='ocrx_word' id='word_1_7' title='bbox 3316 277 3426 338; x_wconf 72' lang='lat'><strong>362</strong></span> 
     </span>
    </p>
   </div>
   <div class='ocr_carea' id='block_1_4' title="bbox 160 374 1733 462">
    <p class='ocr_par' dir='ltr' id='par_1_4' title="bbox 160 374 1733 449">
     <span class='ocr_line' id='line_1_4' title="bbox 160 374 1733 449; baseline -0.001 -15"><span class='ocrx_word' id='word_1_8' title='bbox 160 376 421 434; x_wconf 80' lang='grc' dir='ltr'>ἀσεϐέσιν</span> <span class='ocrx_word' id='word_1_9' title='bbox 458 375 590 446; x_wconf 71' lang='grc'><strong>(24).</strong></span> <span class='ocrx_word' id='word_1_10' title='bbox 623 375 747 428; x_wconf 85' lang='grc' dir='ltr'><strong>Ἔτι</strong></span> <span class='ocrx_word' id='word_1_11' title='bbox 789 374 900 447; x_wconf 70' lang='grc' dir='ltr'>γὰρ</span> <span class='ocrx_word' id='word_1_12' title='bbox 942 375 1171 430; x_wconf 81' lang='grc' dir='ltr'>ἀπιστία</span> <span class='ocrx_word' id='word_1_13' title='bbox 1213 393 1281 448; x_wconf 82' lang='grc' dir='ltr'><strong>με</strong></span> <span class='ocrx_word' id='word_1_14' title='bbox 1339 378 1606 449; x_wconf 81' lang='grc' dir='ltr'>περιέχει,</span> <span class='ocrx_word' id='word_1_15' title='bbox 1655 376 1733 432; x_wconf 43' lang='grc' dir='ltr'><strong>καί</strong></span> 
     </span>
    </p>
   </div>
   <div class='ocr_carea' id='block_1_5' title="bbox 1836 374 3426 462">
    <p class='ocr_par' dir='ltr' id='par_1_5' title="bbox 1850 377 3426 462">
     <span class='ocr_line' id='line_1_5' title="bbox 1850 377 3426 462; baseline 0.014 -31"><span class='ocrx_word' id='word_1_16' title='bbox 1850 377 1975 448; x_wconf 89' lang='lat' dir='ltr'><strong>piis.</strong></span> <span class='ocrx_word' id='word_1_17' title='bbox 2032 379 2223 436; x_wconf 82' lang='lat' dir='ltr'><strong>Adhuc</strong></span> <span class='ocrx_word' id='word_1_18' title='bbox 2260 380 2404 438; x_wconf 86' lang='lat' dir='ltr'><strong>enim</strong></span> <span class='ocrx_word' id='word_1_19' title='bbox 2454 380 2773 441; x_wconf 87' lang='lat' dir='ltr'><strong>incredulus</strong></span> <span class='ocrx_word' id='word_1_20' title='bbox 2809 400 2954 451; x_wconf 88' lang='lat' dir='ltr'><strong>sum,</strong></span> <span class='ocrx_word' id='word_1_21' title='bbox 2994 403 3096 445; x_wconf 89' lang='lat' dir='ltr'><strong>nec</strong></span> <span class='ocrx_word' id='word_1_22' title='bbox 3129 389 3182 445; x_wconf 90' lang='lat' dir='ltr'><strong>in</strong></span> <span class='ocrx_word' id='word_1_23' title='bbox 3233 403 3426 462; x_wconf 83' lang='lat' dir='ltr'><strong>pectus</strong></span> 
     </span>
    </p>
   </div>
   <div class='ocr_carea' id='block_1_6' title="bbox 161 468 1748 542">
    <p class='ocr_par' dir='ltr' id='par_1_6' title="bbox 161 468 1748 542">
     <span class='ocr_line' id='line_1_6' title="bbox 161 468 1748 542; baseline -0.002 -15"><span class='ocrx_word' id='word_1_24' title='bbox 161 472 263 527; x_wconf 78' lang='grc' dir='ltr'>οὐκ</span> <span class='ocrx_word' id='word_1_25' title='bbox 311 468 611 542; x_wconf 77' lang='grc' dir='ltr'>ἐπέρχεταί</span> <span class='ocrx_word' id='word_1_26' title='bbox 663 485 767 539; x_wconf 73' lang='grc' dir='ltr'><strong>μου</strong></span> <span class='ocrx_word' id='word_1_27' title='bbox 812 470 893 531; x_wconf 82' lang='grc' dir='ltr'>εἰς</span> <span class='ocrx_word' id='word_1_28' title='bbox 929 468 1029 539; x_wconf 77' lang='grc' dir='ltr'>τὴν</span> <span class='ocrx_word' id='word_1_29' title='bbox 1077 469 1307 542; x_wconf 81' lang='grc' dir='ltr'>καρδίαν</span> <span class='ocrx_word' id='word_1_30' title='bbox 1338 471 1399 524; x_wconf 83' lang='grc' dir='ltr'><strong>τὸ</strong></span> <span class='ocrx_word' id='word_1_31' title='bbox 1430 470 1748 541; x_wconf 80' lang='grc' dir='ltr'>τηλικοῦτον</span> 
     </span>
    </p>
   </div>
   <div class='ocr_carea' id='block_1_7' title="bbox 160 560 1751 635">
    <p class='ocr_par' dir='ltr' id='par_1_7' title="bbox 160 560 1751 635">
     <span class='ocr_line' id='line_1_7' title="bbox 160 560 1751 635; baseline -0.003 -16"><span class='ocrx_word' id='word_1_32' title='bbox 160 564 427 635; x_wconf 84' lang='grc' dir='ltr'>ἀτόπημα</span> <span class='ocrx_word' id='word_1_33' title='bbox 460 563 555 615; x_wconf 77' lang='grc' dir='ltr'><strong>καὶ</strong></span> <span class='ocrx_word' id='word_1_34' title='bbox 590 562 654 614; x_wconf 84' lang='grc' dir='ltr'><strong>τὸ</strong></span> <span class='ocrx_word' id='word_1_35' title='bbox 681 560 1019 632; x_wconf 81' lang='grc' dir='ltr'><strong>ἐπιχείρημα</strong></span> <span class='ocrx_word' id='word_1_36' title='bbox 1057 562 1120 614; x_wconf 85' lang='grc' dir='ltr'><strong>τὸ</strong></span> <span class='ocrx_word' id='word_1_37' title='bbox 1166 562 1311 633; x_wconf 82' lang='grc' dir='ltr'>μέγα</span> <span class='ocrx_word' id='word_1_38' title='bbox 1343 562 1373 614; x_wconf 86' lang='grc' dir='ltr'><strong>δ</strong></span> <span class='ocrx_word' id='word_1_39' title='bbox 1404 561 1667 634; x_wconf 74' lang='grc' dir='ltr'>ἔπραξας,</span> <span class='ocrx_word' id='word_1_40' title='bbox 1695 562 1751 617; x_wconf 70' lang='lat' dir='ltr'><strong>sl</strong></span> 
     </span>
    </p>
   </div>
   <div class='ocr_carea' id='block_1_8' title="bbox 160 652 1747 726">
    <p class='ocr_par' dir='ltr' id='par_1_8' title="bbox 160 652 1747 726">
     <span class='ocr_line' id='line_1_8' title="bbox 160 652 1747 726; baseline -0.002 -16"><span class='ocrx_word' id='word_1_41' title='bbox 160 674 225 725; x_wconf 76' lang='grc' dir='ltr'><strong>γε</strong></span> <span class='ocrx_word' id='word_1_42' title='bbox 250 655 396 708; x_wconf 84' lang='grc' dir='ltr'><strong>κατά</strong></span> <span class='ocrx_word' id='word_1_43' title='bbox 432 654 494 707; x_wconf 79' lang='grc' dir='ltr'>τὸ</span> <span class='ocrx_word' id='word_1_44' title='bbox 537 652 857 723; x_wconf 82' lang='grc' dir='ltr'>φαινόμενον</span> <span class='ocrx_word' id='word_1_45' title='bbox 894 653 996 724; x_wconf 67' lang='grc' dir='ltr'>ἤδη</span> <span class='ocrx_word' id='word_1_46' title='bbox 1033 655 1198 706; x_wconf 80' lang='grc' dir='ltr'>πᾶσιν</span> <span class='ocrx_word' id='word_1_47' title='bbox 1218 652 1390 718; x_wconf 78' lang='grc' dir='ltr'>οὕτως</span> <span class='ocrx_word' id='word_1_48' title='bbox 1422 653 1555 726; x_wconf 77' lang='grc' dir='ltr'>ἔχει.</span> <span class='ocrx_word' id='word_1_49' title='bbox 1604 654 1747 708; x_wconf 88' lang='grc' dir='ltr'>Θαυ-</span> 
     </span>
    </p>
   </div>
   <div class='ocr_carea' id='block_1_9' title="bbox 166 744 1744 821">
    <p class='ocr_par' dir='ltr' id='par_1_9' title="bbox 166 744 1744 821">
     <span class='ocr_line' id='line_1_9' title="bbox 166 744 1744 821; baseline 0.002 -23"><span class='ocrx_word' id='word_1_50' title='bbox 166 748 324 819; x_wconf 76' lang='grc' dir='ltr'>μάζω</span> <span class='ocrx_word' id='word_1_51' title='bbox 352 747 463 817; x_wconf 84' lang='grc' dir='ltr'><strong>γάρ</strong></span> <span class='ocrx_word' id='word_1_52' title='bbox 499 744 620 809; x_wconf 83' lang='grc' dir='ltr'><strong>πῶς</strong></span> <span class='ocrx_word' id='word_1_53' title='bbox 666 746 700 817; x_wconf 83' lang='grc' dir='ltr'><strong>ἡ</strong></span> <span class='ocrx_word' id='word_1_54' title='bbox 744 744 980 817; x_wconf 83' lang='grc' dir='ltr'>τοσαύτη</span> <span class='ocrx_word' id='word_1_55' title='bbox 1010 745 1172 814; x_wconf 80' lang='grc' dir='ltr'>σοφία</span> <span class='ocrx_word' id='word_1_56' title='bbox 1204 745 1502 818; x_wconf 78' lang='grc' dir='ltr'><strong>κατεπόθη,</strong></span> <span class='ocrx_word' id='word_1_57' title='bbox 1549 748 1669 812; x_wconf 85' lang='grc' dir='ltr'><strong>πῶς</strong></span> <span class='ocrx_word' id='word_1_58' title='bbox 1709 749 1744 821; x_wconf 81' lang='grc' dir='ltr'><strong>ή</strong></span> 
     </span>
    </p>
   </div>
   <div class='ocr_carea' id='block_1_10' title="bbox 157 836 1745 910">
    <p class='ocr_par' dir='ltr' id='par_1_10' title="bbox 157 836 1745 910">
     <span class='ocr_line' id='line_1_10' title="bbox 157 836 1745 910; baseline 0.001 -18"><span class='ocrx_word' id='word_1_59' title='bbox 157 837 400 908; x_wconf 77' lang='grc' dir='ltr'>τοσαύτη</span> <span class='ocrx_word' id='word_1_60' title='bbox 436 837 695 908; x_wconf 86' lang='grc' dir='ltr'>ἀκρίϐεια</span> <span class='ocrx_word' id='word_1_61' title='bbox 725 836 941 909; x_wconf 82' lang='grc' dir='ltr'>διελύθη</span> <span class='ocrx_word' id='word_1_62' title='bbox 960 853 975 868; x_wconf 77' lang='grc'><strong>’</strong></span> <span class='ocrx_word' id='word_1_63' title='bbox 1011 836 1175 890; x_wconf 89' lang='grc' dir='ltr'>πόθεν</span> <span class='ocrx_word' id='word_1_64' title='bbox 1205 838 1238 908; x_wconf 85' lang='grc' dir='ltr'><strong>ἡ</strong></span> <span class='ocrx_word' id='word_1_65' title='bbox 1266 837 1501 910; x_wconf 81' lang='grc' dir='ltr'>τοσαύτη</span> <span class='ocrx_word' id='word_1_66' title='bbox 1529 839 1745 909; x_wconf 83' lang='grc' dir='ltr'>τύφλω-</span> 
     </span>
    </p>
   </div>
   <div class='ocr_carea' id='block_1_11' title="bbox 88 928 1742 1003">
    <p class='ocr_par' dir='ltr' id='par_1_11' title="bbox 88 928 1742 1003">
     <span class='ocr_line' id='line_1_11' title="bbox 88 928 1742 1003; baseline 0.001 -20"><span class='ocrx_word' id='word_1_67' title='bbox 88 951 95 957; x_wconf 89' lang='grc'>·</span> <span class='ocrx_word' id='word_1_68' title='bbox 161 947 247 994; x_wconf 86' lang='grc' dir='ltr'><strong>σις</strong></span> <span class='ocrx_word' id='word_1_69' title='bbox 307 929 610 1002; x_wconf 85' lang='grc' dir='ltr'>περιεχύθη</span> <span class='ocrx_word' id='word_1_70' title='bbox 634 945 649 960; x_wconf 77' lang='grc' dir='ltr'><strong><em>ο</em></strong></span> <span class='ocrx_word' id='word_1_71' title='bbox 705 929 843 997; x_wconf 88' lang='grc' dir='ltr'>πῶς,</span> <span class='ocrx_word' id='word_1_72' title='bbox 885 928 1051 1000; x_wconf 86' lang='grc' dir='ltr'>μηδὲν</span> <span class='ocrx_word' id='word_1_73' title='bbox 1097 928 1158 982; x_wconf 73' lang='grc' dir='ltr'>τὸ</span> <span class='ocrx_word' id='word_1_74' title='bbox 1196 929 1417 983; x_wconf 89' lang='grc' dir='ltr'>σύνολον</span> <span class='ocrx_word' id='word_1_75' title='bbox 1461 932 1742 1003; x_wconf 84' lang='grc' dir='ltr'>ἐννοήσας,</span> 
     </span>
    </p>
   </div>
   <div class='ocr_carea' id='block_1_12' title="bbox 156 1019 1744 1094">
    <p class='ocr_par' dir='ltr' id='par_1_12' title="bbox 156 1019 1744 1094">
     <span class='ocr_line' id='line_1_12' title="bbox 156 1019 1744 1094; baseline 0.001 -20"><span class='ocrx_word' id='word_1_76' title='bbox 156 1022 419 1094; x_wconf 72' lang='grc' dir='ltr'>τοιαύτην</span> <span class='ocrx_word' id='word_1_77' title='bbox 451 1024 548 1077; x_wconf 75' lang='grc' dir='ltr'>καὶ</span> <span class='ocrx_word' id='word_1_78' title='bbox 572 1020 841 1093; x_wconf 82' lang='grc' dir='ltr'>τοσαύτην</span> <span class='ocrx_word' id='word_1_79' title='bbox 868 1019 1143 1074; x_wconf 85' lang='grc' dir='ltr'>ἀπώλειαν</span> <span class='ocrx_word' id='word_1_80' title='bbox 1173 1020 1361 1094; x_wconf 77' lang='grc' dir='ltr'>ψυχῶν</span> <span class='ocrx_word' id='word_1_81' title='bbox 1383 1022 1644 1094; x_wconf 75' lang='grc' dir='ltr'><strong>εἰργάσω.</strong></span> <span class='ocrx_word' id='word_1_82' title='bbox 1678 1024 1744 1077; x_wconf 77' lang='lat' dir='ltr'><strong>El</strong></span> 
     </span>
    </p>
   </div>
   <div class='ocr_carea' id='block_1_13' title="bbox 154 1113 1742 1186">
    <p class='ocr_par' dir='ltr' id='par_1_13' title="bbox 154 1113 1742 1186">
     <span class='ocr_line' id='line_1_13' title="bbox 154 1113 1742 1186; baseline -0.001 -16"><span class='ocrx_word' id='word_1_83' title='bbox 154 1114 265 1186; x_wconf 79' lang='grc' dir='ltr'>γὰρ</span> <span class='ocrx_word' id='word_1_84' title='bbox 285 1115 488 1186; x_wconf 77' lang='grc' dir='ltr'>ἀληθὲς</span> <span class='ocrx_word' id='word_1_85' title='bbox 525 1115 707 1180; x_wconf 81' lang='grc' dir='ltr'>τοῦτο,</span> <span class='ocrx_word' id='word_1_86' title='bbox 733 1113 1123 1186; x_wconf 79' lang='grc' dir='ltr'>παραδέδωκας</span> <span class='ocrx_word' id='word_1_87' title='bbox 1146 1114 1258 1184; x_wconf 70' lang='lat'><strong>(25)</strong></span> <span class='ocrx_word' id='word_1_88' title='bbox 1300 1115 1392 1168; x_wconf 74' lang='grc' dir='ltr'><strong>καὶ</strong></span> <span class='ocrx_word' id='word_1_89' title='bbox 1412 1115 1511 1186; x_wconf 83' lang='grc' dir='ltr'><strong>τὴν</strong></span> <span class='ocrx_word' id='word_1_90' title='bbox 1541 1116 1742 1170; x_wconf 81' lang='grc' dir='ltr'>σαυτοῦ</span> 
     </span>
    </p>
   </div>
   <div class='ocr_carea' id='block_1_14' title="bbox 153 1206 1743 1283">
    <p class='ocr_par' dir='ltr' id='par_1_14' title="bbox 153 1206 1743 1283">
     <span class='ocr_line' id='line_1_14' title="bbox 153 1206 1743 1283; baseline 0.003 -22"><span class='ocrx_word' id='word_1_91' title='bbox 153 1206 337 1279; x_wconf 70' lang='grc' dir='ltr'>ψυχὴν</span> <span class='ocrx_word' id='word_1_92' title='bbox 383 1208 463 1280; x_wconf 80' lang='grc' dir='ltr'><strong>τῷ</strong></span> <span class='ocrx_word' id='word_1_93' title='bbox 508 1207 677 1279; x_wconf 77' lang='grc' dir='ltr'>βυθῷ,</span> <span class='ocrx_word' id='word_1_94' title='bbox 732 1208 827 1262; x_wconf 66' lang='grc' dir='ltr'><strong>καὶ</strong></span> <span class='ocrx_word' id='word_1_95' title='bbox 870 1208 1088 1262; x_wconf 87' lang='grc' dir='ltr'>πάντων</span> <span class='ocrx_word' id='word_1_96' title='bbox 1135 1209 1245 1263; x_wconf 82' lang='grc' dir='ltr'><strong>τῶν</strong></span> <span class='ocrx_word' id='word_1_97' title='bbox 1289 1211 1599 1265; x_wconf 74' lang='grc' dir='ltr'>ἀκουόντων</span> <span class='ocrx_word' id='word_1_98' title='bbox 1642 1213 1743 1283; x_wconf 76' lang='grc' dir='ltr'><strong>τὴν</strong></span> 
     </span>
    </p>
   </div>
   <div class='ocr_carea' id='block_1_15' title="bbox 155 1300 1742 1376">
    <p class='ocr_par' dir='ltr' id='par_1_15' title="bbox 155 1300 1742 1376">
     <span class='ocr_line' id='line_1_15' title="bbox 155 1300 1742 1376; baseline 0.003 -22"><span class='ocrx_word' id='word_1_99' title='bbox 155 1300 418 1355; x_wconf 86' lang='grc' dir='ltr'>ἁσέϐειαν</span> <span class='ocrx_word' id='word_1_100' title='bbox 455 1302 662 1372; x_wconf 86' lang='grc' dir='ltr'>ταύτην</span> <span class='ocrx_word' id='word_1_101' title='bbox 713 1301 806 1355; x_wconf 82' lang='grc' dir='ltr'><strong>τὸν</strong></span> <span class='ocrx_word' id='word_1_102' title='bbox 848 1301 1000 1355; x_wconf 83' lang='grc' dir='ltr'>τόνον</span> <span class='ocrx_word' id='word_1_103' title='bbox 1037 1303 1369 1375; x_wconf 83' lang='grc' dir='ltr'>παρέλυσας.</span> <span class='ocrx_word' id='word_1_104' title='bbox 1404 1304 1516 1376; x_wconf 88' lang='grc' dir='ltr'><strong>Τὴν</strong></span> <span class='ocrx_word' id='word_1_105' title='bbox 1560 1305 1742 1360; x_wconf 90' lang='grc' dir='ltr'>πίστιν</span> 
     </span>
    </p>
   </div>
   <div class='ocr_carea' id='block_1_16' title="bbox 153 1392 1743 1467">
    <p class='ocr_par' dir='ltr' id='par_1_16' title="bbox 153 1392 1743 1467">
     <span class='ocr_line' id='line_1_16' title="bbox 153 1392 1743 1467; baseline 0.003 -22"><span class='ocrx_word' id='word_1_106' title='bbox 153 1392 436 1464; x_wconf 65' lang='grc' dir='ltr'>ἡθὲτησας</span> <span class='ocrx_word' id='word_1_107' title='bbox 459 1410 475 1423; x_wconf 77' lang='grc' dir='ltr'><strong>ο</strong></span> <span class='ocrx_word' id='word_1_108' title='bbox 522 1393 617 1447; x_wconf 84' lang='grc' dir='ltr'>τοῦ</span> <span class='ocrx_word' id='word_1_109' title='bbox 664 1393 876 1462; x_wconf 88' lang='grc' dir='ltr'>ἀγῶνος</span> <span class='ocrx_word' id='word_1_110' title='bbox 923 1393 1017 1448; x_wconf 80' lang='grc' dir='ltr'><strong>τοῦ</strong></span> <span class='ocrx_word' id='word_1_111' title='bbox 1058 1395 1224 1449; x_wconf 87' lang='grc' dir='ltr'>καλοῦ</span> <span class='ocrx_word' id='word_1_112' title='bbox 1269 1396 1599 1467; x_wconf 81' lang='grc' dir='ltr'>ὴστόχησας.</span> <span class='ocrx_word' id='word_1_113' title='bbox 1651 1397 1743 1450; x_wconf 88' lang='grc' dir='ltr'>Διὸ</span> 
     </span>
    </p>
   </div>
   <div class='ocr_carea' id='block_1_17' title="bbox 151 1486 1742 1561">
    <p class='ocr_par' dir='ltr' id='par_1_17' title="bbox 151 1486 1742 1561">
     <span class='ocr_line' id='line_1_17' title="bbox 151 1486 1742 1561; baseline 0.003 -21"><span class='ocrx_word' id='word_1_114' title='bbox 151 1486 309 1556; x_wconf 81' lang='grc' dir='ltr'>ἀλγῶ</span> <span class='ocrx_word' id='word_1_115' title='bbox 330 1487 425 1540; x_wconf 79' lang='grc' dir='ltr'><strong>ἐπὶ</strong></span> <span class='ocrx_word' id='word_1_116' title='bbox 458 1487 561 1541; x_wconf 78' lang='grc' dir='ltr'>σοί.</span> <span class='ocrx_word' id='word_1_117' title='bbox 596 1489 759 1553; x_wconf 84' lang='grc' dir='ltr'>Ποίος</span> <span class='ocrx_word' id='word_1_118' title='bbox 790 1489 898 1561; x_wconf 79' lang='grc' dir='ltr'>γὰρ</span> <span class='ocrx_word' id='word_1_119' title='bbox 928 1489 1107 1561; x_wconf 81' lang='grc' dir='ltr'>ἱερεὺς</span> <span class='ocrx_word' id='word_1_120' title='bbox 1135 1487 1353 1542; x_wconf 88' lang='grc' dir='ltr'>ἀκούων</span> <span class='ocrx_word' id='word_1_121' title='bbox 1381 1487 1491 1560; x_wconf 80' lang='lat'><strong>(‘26)</strong></span> <span class='ocrx_word' id='word_1_122' title='bbox 1513 1490 1575 1543; x_wconf 79' lang='grc' dir='ltr'>οὐ</span> <span class='ocrx_word' id='word_1_123' title='bbox 1602 1488 1742 1561; x_wconf 80' lang='grc' dir='ltr'>θρη-</span> 
     </span>
    </p>
   </div>
   <div class='ocr_carea' id='block_1_18' title="bbox 152 1580 1742 1652">
    <p class='ocr_par' dir='ltr' id='par_1_18' title="bbox 152 1580 1742 1652">
     <span class='ocr_line' id='line_1_18' title="bbox 152 1580 1742 1652; baseline 0.001 -19"><span class='ocrx_word' id='word_1_124' title='bbox 152 1581 345 1650; x_wconf 86' lang='grc' dir='ltr'>νήσει;</span> <span class='ocrx_word' id='word_1_125' title='bbox 401 1582 556 1645; x_wconf 83' lang='grc' dir='ltr'>ποῖος</span> <span class='ocrx_word' id='word_1_126' title='bbox 601 1581 1054 1652; x_wconf 82' lang='grc' dir='ltr'>ἐκκλησιαστικὺς</span> <span class='ocrx_word' id='word_1_127' title='bbox 1117 1580 1178 1635; x_wconf 79' lang='grc' dir='ltr'><strong>οὐ</strong></span> <span class='ocrx_word' id='word_1_128' title='bbox 1234 1581 1541 1647; x_wconf 87' lang='grc' dir='ltr'>κόπτεται;</span> <span class='ocrx_word' id='word_1_129' title='bbox 1588 1585 1742 1647; x_wconf 86' lang='grc' dir='ltr'>ποῖος</span> 
     </span>
    </p>
   </div>
   <div class='ocr_carea' id='block_1_19' title="bbox 148 1668 1735 1742">
    <p class='ocr_par' dir='ltr' id='par_1_19' title="bbox 148 1668 1735 1742">
     <span class='ocr_line' id='line_1_19' title="bbox 148 1668 1735 1742; baseline -0.001 -17"><span class='ocrx_word' id='word_1_130' title='bbox 148 1670 343 1734; x_wconf 79' lang='grc' dir='ltr'>λαῖκὺς</span> <span class='ocrx_word' id='word_1_131' title='bbox 388 1671 450 1724; x_wconf 79' lang='grc' dir='ltr'><strong>οὐ</strong></span> <span class='ocrx_word' id='word_1_132' title='bbox 498 1670 918 1742; x_wconf 75' lang='grc' dir='ltr'>σκυθρωπάζει;</span> <span class='ocrx_word' id='word_1_133' title='bbox 954 1673 1105 1733; x_wconf 85' lang='grc' dir='ltr'>ποῖος</span> <span class='ocrx_word' id='word_1_134' title='bbox 1145 1668 1391 1741; x_wconf 77' lang='grc' dir='ltr'>ἀσκητὴς</span> <span class='ocrx_word' id='word_1_135' title='bbox 1423 1669 1483 1723; x_wconf 77' lang='grc' dir='ltr'><strong>οὐ</strong></span> <span class='ocrx_word' id='word_1_136' title='bbox 1517 1669 1735 1737; x_wconf 83' lang='grc' dir='ltr'>πενθεῖ;</span> 
     </span>
    </p>
   </div>
   <div class='ocr_carea' id='block_1_20' title="bbox 1848 472 3422 554">
    <p class='ocr_par' dir='ltr' id='par_1_20' title="bbox 1848 472 3422 554">
     <span class='ocr_line' id='line_1_20' title="bbox 1848 472 3422 554; baseline 0.009 -27"><span class='ocrx_word' id='word_1_137' title='bbox 1848 485 2028 527; x_wconf 85' lang='lat' dir='ltr'><strong>meum</strong></span> <span class='ocrx_word' id='word_1_138' title='bbox 2065 472 2234 528; x_wconf 86' lang='lat' dir='ltr'><strong>intrat</strong></span> <span class='ocrx_word' id='word_1_139' title='bbox 2283 481 2497 531; x_wconf 84' lang='lat' dir='ltr'><strong>tantum</strong></span> <span class='ocrx_word' id='word_1_140' title='bbox 2537 473 2694 531; x_wconf 82' lang='lat' dir='ltr'><strong>nefas</strong></span> <span class='ocrx_word' id='word_1_141' title='bbox 2734 490 2802 531; x_wconf 89' lang='lat' dir='ltr'><strong>ac</strong></span> <span class='ocrx_word' id='word_1_142' title='bbox 2852 492 3109 550; x_wconf 87' lang='lat' dir='ltr'><strong>magnum</strong></span> <span class='ocrx_word' id='word_1_143' title='bbox 3157 481 3372 541; x_wconf 81' lang='lat' dir='ltr'><strong>facinus</strong></span> <span class='ocrx_word' id='word_1_144' title='bbox 3406 527 3422 554; x_wconf 90' lang='lat'><strong>,</strong></span> 
     </span>
    </p>
   </div>
   <div class='ocr_carea' id='block_1_21' title="bbox 1846 562 3425 644">
    <p class='ocr_par' dir='ltr' id='par_1_21' title="bbox 1846 562 3425 644">
     <span class='ocr_line' id='line_1_21' title="bbox 1846 562 3425 644; baseline 0.013 -27"><span class='ocrx_word' id='word_1_145' title='bbox 1846 562 1992 633; x_wconf 91' lang='lat' dir='ltr'><strong>quod</strong></span> <span class='ocrx_word' id='word_1_146' title='bbox 2024 564 2339 623; x_wconf 74' lang='lat' dir='ltr'><strong>admisisti:</strong></span> <span class='ocrx_word' id='word_1_147' title='bbox 2379 567 2426 623; x_wconf 92' lang='lat' dir='ltr'><strong>si</strong></span> <span class='ocrx_word' id='word_1_148' title='bbox 2463 567 2685 639; x_wconf 81' lang='lat' dir='ltr'><strong>quidem</strong></span> <span class='ocrx_word' id='word_1_149' title='bbox 2723 584 2813 627; x_wconf 87' lang='lat' dir='ltr'><strong>res</strong></span> <span class='ocrx_word' id='word_1_150' title='bbox 2843 610 2860 636; x_wconf 94' lang='lat'><strong>,</strong></span> <span class='ocrx_word' id='word_1_151' title='bbox 2893 573 2974 627; x_wconf 92' lang='lat' dir='ltr'><strong>uti</strong></span> <span class='ocrx_word' id='word_1_152' title='bbox 3003 573 3118 644; x_wconf 84' lang='lat' dir='ltr'><strong>jam</strong></span> <span class='ocrx_word' id='word_1_153' title='bbox 3167 580 3425 637; x_wconf 87' lang='lat' dir='ltr'><strong>omnibus</strong></span> 
     </span>
    </p>
   </div>
   <div class='ocr_carea' id='block_1_22' title="bbox 1846 650 3427 741">
    <p class='ocr_par' dir='ltr' id='par_1_22' title="bbox 1846 650 3427 741">
     <span class='ocr_line' id='line_1_22' title="bbox 1846 650 3427 741; baseline 0.013 -34"><span class='ocrx_word' id='word_1_154' title='bbox 1846 653 2137 712; x_wconf 85' lang='lat' dir='ltr'><strong>manifesta</strong></span> <span class='ocrx_word' id='word_1_155' title='bbox 2169 664 2256 713; x_wconf 91' lang='lat' dir='ltr'><strong>est</strong></span> <span class='ocrx_word' id='word_1_156' title='bbox 2279 696 2296 723; x_wconf 96' lang='lat'><strong>,</strong></span> <span class='ocrx_word' id='word_1_157' title='bbox 2349 657 2426 713; x_wconf 86' lang='lat' dir='ltr'><strong>ita</strong></span> <span class='ocrx_word' id='word_1_158' title='bbox 2461 673 2586 716; x_wconf 87' lang='lat' dir='ltr'><strong>sese</strong></span> <span class='ocrx_word' id='word_1_159' title='bbox 2615 659 2798 718; x_wconf 80' lang='lat' dir='ltr'><strong>habet.</strong></span> <span class='ocrx_word' id='word_1_160' title='bbox 2836 661 3095 721; x_wconf 80' lang='lat' dir='ltr'><strong>Admiror</strong></span> <span class='ocrx_word' id='word_1_161' title='bbox 3113 650 3259 725; x_wconf 90' lang='lat' dir='ltr'><strong>enim</strong></span> <span class='ocrx_word' id='word_1_162' title='bbox 3288 686 3427 741; x_wconf 84' lang='lat' dir='ltr'><strong>quo-</strong></span> 
     </span>
    </p>
   </div>
   <div class='ocr_carea' id='block_1_23' title="bbox 1844 744 3423 825">
    <p class='ocr_par' dir='ltr' id='par_1_23' title="bbox 1844 744 3423 825">
     <span class='ocr_line' id='line_1_23' title="bbox 1844 744 3423 825; baseline 0.01 -26"><span class='ocrx_word' id='word_1_163' title='bbox 1844 744 2008 799; x_wconf 88' lang='lat' dir='ltr'><strong>modo</strong></span> <span class='ocrx_word' id='word_1_164' title='bbox 2051 747 2318 816; x_wconf 80' lang='lat' dir='ltr'><strong>sapientia</strong></span> <span class='ocrx_word' id='word_1_165' title='bbox 2357 755 2506 805; x_wconf 86' lang='lat' dir='ltr'><strong>tanta</strong></span> <span class='ocrx_word' id='word_1_166' title='bbox 2542 749 2803 823; x_wconf 84' lang='lat' dir='ltr'><strong>absorpta</strong></span> <span class='ocrx_word' id='word_1_167' title='bbox 2839 753 2946 820; x_wconf 93' lang='lat' dir='ltr'><strong>sit,</strong></span> <span class='ocrx_word' id='word_1_168' title='bbox 2984 756 3258 825; x_wconf 91' lang='lat' dir='ltr'><strong>quomodo</strong></span> <span class='ocrx_word' id='word_1_169' title='bbox 3308 766 3423 815; x_wconf 88' lang='lat' dir='ltr'><strong>tam</strong></span> 
     </span>
    </p>
   </div>
   <div class='ocr_carea' id='block_1_24' title="bbox 1845 837 3425 913">
    <p class='ocr_par' dir='ltr' id='par_1_24' title="bbox 1845 837 3425 913">
     <span class='ocr_line' id='line_1_24' title="bbox 1845 837 3425 913; baseline 0.011 -26"><span class='ocrx_word' id='word_1_170' title='bbox 1845 842 2102 913; x_wconf 81' lang='lat' dir='ltr'><strong>accurata</strong></span> <span class='ocrx_word' id='word_1_171' title='bbox 2167 837 2382 892; x_wconf 80' lang='lat' dir='ltr'><strong>vivendi</strong></span> <span class='ocrx_word' id='word_1_172' title='bbox 2434 838 2578 894; x_wconf 83' lang='lat' dir='ltr'><strong>ratio</strong></span> <span class='ocrx_word' id='word_1_173' title='bbox 2628 838 2924 909; x_wconf 88' lang='lat' dir='ltr'><strong>dissoluta;</strong></span> <span class='ocrx_word' id='word_1_174' title='bbox 2987 845 3135 902; x_wconf 85' lang='lat' dir='ltr'><strong>unde</strong></span> <span class='ocrx_word' id='word_1_175' title='bbox 3182 847 3425 905; x_wconf 57' lang='lat' dir='ltr'><strong>circum.</strong></span> 
     </span>
    </p>
   </div>
   <div class='ocr_carea' id='block_1_25' title="bbox 1843 923 3422 1011">
    <p class='ocr_par' dir='ltr' id='par_1_25' title="bbox 1843 923 3422 1011">
     <span class='ocr_line' id='line_1_25' title="bbox 1843 923 3422 1011; baseline 0.013 -32"><span class='ocrx_word' id='word_1_176' title='bbox 1843 923 1967 981; x_wconf 89' lang='lat' dir='ltr'><strong>fusa</strong></span> <span class='ocrx_word' id='word_1_177' title='bbox 2014 926 2179 984; x_wconf 89' lang='lat' dir='ltr'><strong>fuerit</strong></span> <span class='ocrx_word' id='word_1_178' title='bbox 2219 930 2438 987; x_wconf 70' lang='lat' dir='ltr'><strong>czecitas</strong></span> <span class='ocrx_word' id='word_1_179' title='bbox 2473 939 2670 999; x_wconf 90' lang='lat' dir='ltr'><strong>tanta;</strong></span> <span class='ocrx_word' id='word_1_180' title='bbox 2705 935 2982 1005; x_wconf 90' lang='lat' dir='ltr'><strong>quomodo</strong></span> <span class='ocrx_word' id='word_1_181' title='bbox 3020 937 3158 992; x_wconf 85' lang='lat' dir='ltr'><strong>nihil</strong></span> <span class='ocrx_word' id='word_1_182' title='bbox 3191 954 3422 1011; x_wconf 78' lang='lat' dir='ltr'><strong>prorsus</strong></span> 
     </span>
    </p>
   </div>
   <div class='ocr_carea' id='block_1_26' title="bbox 1843 1018 3419 1102">
    <p class='ocr_par' dir='ltr' id='par_1_26' title="bbox 1843 1018 3419 1102">
     <span class='ocr_line' id='line_1_26' title="bbox 1843 1018 3419 1102; baseline 0.01 -30"><span class='ocrx_word' id='word_1_183' title='bbox 1843 1019 2243 1087; x_wconf 87' lang='lat' dir='ltr'><strong>considerans,</strong></span> <span class='ocrx_word' id='word_1_184' title='bbox 2303 1023 2466 1078; x_wconf 85' lang='lat' dir='ltr'><strong>talem</strong></span> <span class='ocrx_word' id='word_1_185' title='bbox 2515 1038 2580 1078; x_wconf 92' lang='lat' dir='ltr'><strong>ac</strong></span> <span class='ocrx_word' id='word_1_186' title='bbox 2627 1032 2832 1080; x_wconf 87' lang='lat' dir='ltr'><strong>tantam</strong></span> <span class='ocrx_word' id='word_1_187' title='bbox 2884 1018 3203 1085; x_wconf 87' lang='lat' dir='ltr'><strong>animarum</strong></span> <span class='ocrx_word' id='word_1_188' title='bbox 3239 1035 3419 1102; x_wconf 90' lang='lat' dir='ltr'><strong>perni-</strong></span> 
     </span>
    </p>
   </div>
   <div class='ocr_carea' id='block_1_27' title="bbox 1843 1110 3426 1188">
    <p class='ocr_par' dir='ltr' id='par_1_27' title="bbox 1843 1110 3426 1188">
     <span class='ocr_line' id='line_1_27' title="bbox 1843 1110 3426 1188; baseline 0.012 -24"><span class='ocrx_word' id='word_1_189' title='bbox 1843 1110 1984 1166; x_wconf 88' lang='lat' dir='ltr'><strong>ciem</strong></span> <span class='ocrx_word' id='word_1_190' title='bbox 2020 1112 2325 1170; x_wconf 81' lang='lat' dir='ltr'><strong>induxeris.</strong></span> <span class='ocrx_word' id='word_1_191' title='bbox 2366 1112 2422 1171; x_wconf 89' lang='lat' dir='ltr'><strong>ld</strong></span> <span class='ocrx_word' id='word_1_192' title='bbox 2464 1116 2610 1171; x_wconf 83' lang='lat' dir='ltr'><strong>enim</strong></span> <span class='ocrx_word' id='word_1_193' title='bbox 2663 1116 2709 1174; x_wconf 90' lang='lat' dir='ltr'><strong>si</strong></span> <span class='ocrx_word' id='word_1_194' title='bbox 2756 1133 2947 1174; x_wconf 83' lang='lat' dir='ltr'><strong>verum</strong></span> <span class='ocrx_word' id='word_1_195' title='bbox 2991 1128 3099 1188; x_wconf 87' lang='lat' dir='ltr'><strong>est,</strong></span> <span class='ocrx_word' id='word_1_196' title='bbox 3146 1124 3426 1183; x_wconf 80' lang='lat' dir='ltr'><strong>tradidisti</strong></span> 
     </span>
    </p>
   </div>
   <div class='ocr_carea' id='block_1_28' title="bbox 1841 1203 3420 1286">
    <p class='ocr_par' dir='ltr' id='par_1_28' title="bbox 1841 1203 3420 1286">
     <span class='ocr_line' id='line_1_28' title="bbox 1841 1203 3420 1286; baseline 0.011 -31"><span class='ocrx_word' id='word_1_197' title='bbox 1841 1209 1897 1255; x_wconf 88' lang='lat' dir='ltr'><strong>et</strong></span> <span class='ocrx_word' id='word_1_198' title='bbox 1938 1209 2086 1257; x_wconf 91' lang='lat' dir='ltr'><strong>tuam</strong></span> <span class='ocrx_word' id='word_1_199' title='bbox 2132 1203 2307 1274; x_wconf 89' lang='lat' dir='ltr'><strong>ipsius</strong></span> <span class='ocrx_word' id='word_1_200' title='bbox 2356 1207 2598 1262; x_wconf 89' lang='lat' dir='ltr'><strong>animam</strong></span> <span class='ocrx_word' id='word_1_201' title='bbox 2661 1207 2963 1275; x_wconf 83' lang='lat' dir='ltr'><strong>barathro,</strong></span> <span class='ocrx_word' id='word_1_202' title='bbox 3016 1222 3071 1267; x_wconf 90' lang='lat' dir='ltr'><strong>et</strong></span> <span class='ocrx_word' id='word_1_203' title='bbox 3131 1215 3420 1286; x_wconf 90' lang='lat' dir='ltr'><strong>omnium,</strong></span> 
     </span>
    </p>
   </div>
   <div class='ocr_carea' id='block_1_29' title="bbox 1841 1293 3423 1366">
    <p class='ocr_par' dir='ltr' id='par_1_29' title="bbox 1841 1293 3423 1366">
     <span class='ocr_line' id='line_1_29' title="bbox 1841 1293 3423 1366; baseline 0.014 -23"><span class='ocrx_word' id='word_1_204' title='bbox 1841 1293 1935 1363; x_wconf 92' lang='lat' dir='ltr'><strong>qui</strong></span> <span class='ocrx_word' id='word_1_205' title='bbox 1966 1294 2295 1366; x_wconf 85' lang='lat' dir='ltr'><strong>impietatem</strong></span> <span class='ocrx_word' id='word_1_206' title='bbox 2327 1298 2469 1354; x_wconf 91' lang='lat' dir='ltr'><strong>hanc</strong></span> <span class='ocrx_word' id='word_1_207' title='bbox 2508 1298 2761 1363; x_wconf 87' lang='lat' dir='ltr'><strong>audiunt,</strong></span> <span class='ocrx_word' id='word_1_208' title='bbox 2805 1303 2977 1358; x_wconf 86' lang='lat' dir='ltr'><strong>robur</strong></span> <span class='ocrx_word' id='word_1_209' title='bbox 3010 1306 3315 1364; x_wconf 84' lang='lat' dir='ltr'><strong>exsolvisti.</strong></span> <span class='ocrx_word' id='word_1_210' title='bbox 3343 1307 3423 1364; x_wconf 88' lang='lat' dir='ltr'><strong>Ir-</strong></span> 
     </span>
    </p>
   </div>
   <div class='ocr_carea' id='block_1_30' title="bbox 1843 1382 3418 1458">
    <p class='ocr_par' dir='ltr' id='par_1_30' title="bbox 1843 1382 3418 1458">
     <span class='ocr_line' id='line_1_30' title="bbox 1843 1382 3418 1458; baseline 0.014 -22"><span class='ocrx_word' id='word_1_211' title='bbox 1843 1382 2002 1437; x_wconf 90' lang='lat' dir='ltr'><strong>ritam</strong></span> <span class='ocrx_word' id='word_1_212' title='bbox 2047 1384 2223 1441; x_wconf 80' lang='lat' dir='ltr'><strong>fecisti</strong></span> <span class='ocrx_word' id='word_1_213' title='bbox 2270 1387 2464 1455; x_wconf 85' lang='lat' dir='ltr'><strong>fidem;</strong></span> <span class='ocrx_word' id='word_1_214' title='bbox 2502 1390 2769 1450; x_wconf 86' lang='lat' dir='ltr'><strong>aberrasti</strong></span> <span class='ocrx_word' id='word_1_215' title='bbox 2826 1408 2859 1448; x_wconf 87' lang='lat' dir='ltr'><strong>a</strong></span> <span class='ocrx_word' id='word_1_216' title='bbox 2900 1398 3203 1454; x_wconf 83' lang='lat' dir='ltr'><strong>certamine</strong></span> <span class='ocrx_word' id='word_1_217' title='bbox 3252 1400 3418 1458; x_wconf 92' lang='lat' dir='ltr'><strong>bono.</strong></span> 
     </span>
    </p>
   </div>
   <div class='ocr_carea' id='block_1_31' title="bbox 1841 1468 3418 1557">
    <p class='ocr_par' dir='ltr' id='par_1_31' title="bbox 1841 1468 3418 1557">
     <span class='ocr_line' id='line_1_31' title="bbox 1841 1468 3418 1557; baseline 0.016 -33"><span class='ocrx_word' id='word_1_218' title='bbox 1841 1468 2186 1546; x_wconf 81' lang='lat' dir='ltr'><strong>Quapropter</strong></span> <span class='ocrx_word' id='word_1_219' title='bbox 2224 1474 2384 1534; x_wconf 81' lang='lat' dir='ltr'><strong>doleo</strong></span> <span class='ocrx_word' id='word_1_220' title='bbox 2430 1488 2522 1535; x_wconf 92' lang='lat' dir='ltr'><strong>tua</strong></span> <span class='ocrx_word' id='word_1_221' title='bbox 2557 1497 2746 1538; x_wconf 90' lang='lat' dir='ltr'><strong>causa.</strong></span> <span class='ocrx_word' id='word_1_222' title='bbox 2792 1482 2928 1551; x_wconf 84' lang='lat' dir='ltr'><strong>Quis</strong></span> <span class='ocrx_word' id='word_1_223' title='bbox 2960 1487 3104 1542; x_wconf 91' lang='lat' dir='ltr'><strong>enim</strong></span> <span class='ocrx_word' id='word_1_224' title='bbox 3136 1491 3418 1557; x_wconf 86' lang='lat' dir='ltr'><strong>sacerdos,</strong></span> 
     </span>
    </p>
   </div>
   <div class='ocr_carea' id='block_1_32' title="bbox 1841 1564 3420 1655">
    <p class='ocr_par' dir='ltr' id='par_1_32' title="bbox 1841 1564 3420 1655">
     <span class='ocr_line' id='line_1_32' title="bbox 1841 1564 3420 1655; baseline 0.015 -38"><span class='ocrx_word' id='word_1_225' title='bbox 1841 1564 1936 1618; x_wconf 91' lang='lat' dir='ltr'><strong>ubi</strong></span> <span class='ocrx_word' id='word_1_226' title='bbox 1970 1566 2224 1634; x_wconf 89' lang='lat' dir='ltr'><strong>audierit,</strong></span> <span class='ocrx_word' id='word_1_227' title='bbox 2276 1577 2370 1627; x_wconf 89' lang='lat' dir='ltr'><strong>tua</strong></span> <span class='ocrx_word' id='word_1_228' title='bbox 2422 1587 2589 1629; x_wconf 88' lang='lat' dir='ltr'><strong>causa</strong></span> <span class='ocrx_word' id='word_1_229' title='bbox 2654 1590 2766 1631; x_wconf 91' lang='lat' dir='ltr'><strong>non</strong></span> <span class='ocrx_word' id='word_1_230' title='bbox 2820 1578 3247 1637; x_wconf 89' lang='lat' dir='ltr'><strong>lamentabitur?</strong></span> <span class='ocrx_word' id='word_1_231' title='bbox 3293 1586 3420 1655; x_wconf 87' lang='lat' dir='ltr'><strong>quis</strong></span> 
     </span>
    </p>
   </div>
   <div class='ocr_carea' id='block_1_33' title="bbox 1840 1658 3420 1739">
    <p class='ocr_par' dir='ltr' id='par_1_33' title="bbox 1840 1658 3420 1739">
     <span class='ocr_line' id='line_1_33' title="bbox 1840 1658 3420 1739; baseline 0.015 -28"><span class='ocrx_word' id='word_1_232' title='bbox 1840 1658 2252 1718; x_wconf 88' lang='lat' dir='ltr'><strong>ecclesiasticus</strong></span> <span class='ocrx_word' id='word_1_233' title='bbox 2301 1678 2411 1719; x_wconf 90' lang='lat' dir='ltr'><strong>non</strong></span> <span class='ocrx_word' id='word_1_234' title='bbox 2463 1667 2707 1739; x_wconf 83' lang='lat' dir='ltr'><strong>plangit?</strong></span> <span class='ocrx_word' id='word_1_235' title='bbox 2758 1669 2883 1739; x_wconf 83' lang='lat' dir='ltr'><strong>quis</strong></span> <span class='ocrx_word' id='word_1_236' title='bbox 2956 1672 3132 1730; x_wconf 88' lang='lat' dir='ltr'><strong>laicus</strong></span> <span class='ocrx_word' id='word_1_237' title='bbox 3193 1675 3420 1734; x_wconf 73' lang='lat' dir='ltr'><strong>tristitia</strong></span> 
     </span>
    </p>
   </div>
   <div class='ocr_carea' id='block_1_34' title="bbox 147 1728 1733 1835">
    <p class='ocr_par' dir='ltr' id='par_1_34' title="bbox 147 1728 1733 1835">
     <span class='ocr_line' id='line_1_34' title="bbox 147 1728 1733 1835; baseline 0.001 -20"><span class='ocrx_word' id='word_1_238' title='bbox 147 1728 437 1833; x_wconf 44' lang='grc' dir='ltr'>Τάχα-καὶ</span> <span class='ocrx_word' id='word_1_239' title='bbox 474 1764 503 1816; x_wconf 98' lang='lat'><strong>6</strong></span> <span class='ocrx_word' id='word_1_240' title='bbox 538 1728 691 1834; x_wconf 75' lang='grc' dir='ltr'>ἦλιός</span> <span class='ocrx_word' id='word_1_241' title='bbox 738 1728 1030 1817; x_wconf 72' lang='grc' dir='ltr'>ἐσκότασεν</span> <span class='ocrx_word' id='word_1_242' title='bbox 1063 1728 1156 1816; x_wconf 67' lang='grc' dir='ltr'><strong>ἐπὶ</strong></span> <span class='ocrx_word' id='word_1_243' title='bbox 1198 1728 1289 1833; x_wconf 84' lang='grc' dir='ltr'><strong>τῷ⁸</strong></span> <span class='ocrx_word' id='word_1_244' title='bbox 1454 1728 1733 1834; x_wconf 64' lang='grc' dir='ltr'>πτώματι,</span> 
     </span>
    </p>
   </div>
   <div class='ocr_carea' id='block_1_35' title="bbox 1836 1728 3420 1835">
    <p class='ocr_par' dir='ltr' id='par_1_35' title="bbox 1839 1748 3420 1824">
     <span class='ocr_line' id='line_1_35' title="bbox 1839 1748 3420 1824; baseline 0.015 -24"><span class='ocrx_word' id='word_1_245' title='bbox 1839 1760 1950 1801; x_wconf 82' lang='grc' dir='ltr'><strong>ηοη</strong></span> <span class='ocrx_word' id='word_1_246' title='bbox 1999 1748 2267 1805; x_wconf 74' lang='lat' dir='ltr'><strong>adicitur?</strong></span> <span class='ocrx_word' id='word_1_247' title='bbox 2317 1755 2442 1823; x_wconf 90' lang='lat' dir='ltr'><strong>quis</strong></span> <span class='ocrx_word' id='word_1_248' title='bbox 2491 1757 2795 1816; x_wconf 86' lang='lat' dir='ltr'><strong>monachus</strong></span> <span class='ocrx_word' id='word_1_249' title='bbox 2835 1775 2942 1815; x_wconf 89' lang='lat' dir='ltr'><strong>non</strong></span> <span class='ocrx_word' id='word_1_250' title='bbox 2995 1764 3228 1819; x_wconf 69' lang='lat' dir='ltr'><strong>maeret?</strong></span> <span class='ocrx_word' id='word_1_251' title='bbox 3256 1764 3420 1824; x_wconf 84' lang='lat' dir='ltr'><strong>Forte</strong></span> 
     </span>
    </p>
   </div>
   <div class='ocr_carea' id='block_1_36' title="bbox 144 1853 1738 1928">
    <p class='ocr_par' dir='ltr' id='par_1_36' title="bbox 144 1853 1738 1928">
     <span class='ocr_line' id='line_1_36' title="bbox 144 1853 1738 1928; baseline -0.001 -18"><span class='ocrx_word' id='word_1_252' title='bbox 144 1858 245 1910; x_wconf 74' lang='grc' dir='ltr'><strong>καὶ</strong></span> <span class='ocrx_word' id='word_1_253' title='bbox 276 1857 334 1908; x_wconf 88' lang='grc' dir='ltr'><strong>αί</strong></span> <span class='ocrx_word' id='word_1_254' title='bbox 382 1854 643 1926; x_wconf 87' lang='grc' dir='ltr'>δυνάμεις</span> <span class='ocrx_word' id='word_1_255' title='bbox 670 1854 781 1908; x_wconf 85' lang='grc' dir='ltr'><strong>τῶν</strong></span> <span class='ocrx_word' id='word_1_256' title='bbox 812 1854 1055 1928; x_wconf 83' lang='grc' dir='ltr'>οὐρανῶν</span> <span class='ocrx_word' id='word_1_257' title='bbox 1076 1853 1191 1925; x_wconf 76' lang='lat'><strong>(27)</strong></span> <span class='ocrx_word' id='word_1_258' title='bbox 1233 1854 1606 1927; x_wconf 76' lang='grc' dir='ltr'>ἐσαλεύθησαν</span> <span class='ocrx_word' id='word_1_259' title='bbox 1642 1855 1738 1909; x_wconf 78' lang='grc' dir='ltr'><strong>ἐπὶ</strong></span> 
     </span>
    </p>
   </div>
   <div class='ocr_carea' id='block_1_37' title="bbox 139 1934 1736 2019">
    <p class='ocr_par' dir='ltr' id='par_1_37' title="bbox 139 1934 1736 2019">
     <span class='ocr_line' id='line_1_37' title="bbox 139 1934 1736 2019; baseline 0 -17"><span class='ocrx_word' id='word_1_260' title='bbox 139 1950 212 2019; x_wconf 78' lang='grc' dir='ltr'>τῇ</span> <span class='ocrx_word' id='word_1_261' title='bbox 246 1948 318 2018; x_wconf 82' lang='grc' dir='ltr'>σῇ</span> <span class='ocrx_word' id='word_1_262' title='bbox 349 1934 620 2018; x_wconf 73' lang='grc' dir='ltr'>ἀπωλείᾳ.</span> <span class='ocrx_word' id='word_1_263' title='bbox 671 1945 1007 2016; x_wconf 85' lang='grc' dir='ltr'>Ἐδάκρυσαν</span> <span class='ocrx_word' id='word_1_264' title='bbox 1044 1947 1140 1999; x_wconf 78' lang='grc' dir='ltr'><strong>καὶ</strong></span> <span class='ocrx_word' id='word_1_265' title='bbox 1164 1946 1213 1999; x_wconf 89' lang='grc' dir='ltr'><strong>οί</strong></span> <span class='ocrx_word' id='word_1_266' title='bbox 1249 1945 1569 2017; x_wconf 87' lang='grc' dir='ltr'>ἀναίσθητοι</span> <span class='ocrx_word' id='word_1_267' title='bbox 1596 1946 1736 2002; x_wconf 84' lang='grc' dir='ltr'>λίθοι</span> 
     </span>
    </p>
   </div>
   <div class='ocr_carea' id='block_1_38' title="bbox 142 2035 1737 2111">
    <p class='ocr_par' dir='ltr' id='par_1_38' title="bbox 142 2035 1737 2111">
     <span class='ocr_line' id='line_1_38' title="bbox 142 2035 1737 2111; baseline -0.001 -18"><span class='ocrx_word' id='word_1_268' title='bbox 142 2038 245 2093; x_wconf 69' lang='grc' dir='ltr'><strong>ἐπὶ</strong></span> <span class='ocrx_word' id='word_1_269' title='bbox 303 2040 376 2109; x_wconf 79' lang='grc' dir='ltr'>τῇ</span> <span class='ocrx_word' id='word_1_270' title='bbox 414 2040 480 2108; x_wconf 85' lang='grc' dir='ltr'>σῇ</span> <span class='ocrx_word' id='word_1_271' title='bbox 516 2035 717 2109; x_wconf 79' lang='grc' dir='ltr'>μανίᾳ-</span> <span class='ocrx_word' id='word_1_272' title='bbox 769 2036 1039 2091; x_wconf 77' lang='grc' dir='ltr'>ἔκλαυσαν</span> <span class='ocrx_word' id='word_1_273' title='bbox 1080 2036 1139 2089; x_wconf 82' lang='grc' dir='ltr'>δὲ</span> <span class='ocrx_word' id='word_1_274' title='bbox 1173 2037 1267 2090; x_wconf 75' lang='grc' dir='ltr'><strong>καὶ</strong></span> <span class='ocrx_word' id='word_1_275' title='bbox 1317 2039 1365 2090; x_wconf 87' lang='grc' dir='ltr'>οἱ</span> <span class='ocrx_word' id='word_1_276' title='bbox 1417 2037 1603 2111; x_wconf 71' lang='grc' dir='ltr'>ἐχθροὶ</span> <span class='ocrx_word' id='word_1_277' title='bbox 1648 2037 1737 2093; x_wconf 86' lang='grc' dir='ltr'><strong>διά</strong></span> 
     </span>
    </p>
   </div>
   <div class='ocr_carea' id='block_1_39' title="bbox 142 2128 1735 2203">
    <p class='ocr_par' dir='ltr' id='par_1_39' title="bbox 142 2128 1735 2203">
     <span class='ocr_line' id='line_1_39' title="bbox 142 2128 1735 2203; baseline 0.001 -21"><span class='ocrx_word' id='word_1_278' title='bbox 142 2129 245 2203; x_wconf 84' lang='grc' dir='ltr'><strong>τὴν</strong></span> <span class='ocrx_word' id='word_1_279' title='bbox 284 2128 597 2200; x_wconf 81' lang='grc' dir='ltr'>ὑπερϐολὴν</span> <span class='ocrx_word' id='word_1_280' title='bbox 639 2131 743 2201; x_wconf 82' lang='grc' dir='ltr'>τῆς</span> <span class='ocrx_word' id='word_1_281' title='bbox 770 2129 999 2200; x_wconf 82' lang='grc' dir='ltr'>ἀνομίας</span> <span class='ocrx_word' id='word_1_282' title='bbox 1047 2145 1162 2183; x_wconf 85' lang='grc' dir='ltr'>σου.</span> <span class='ocrx_word' id='word_1_283' title='bbox 1198 2130 1262 2182; x_wconf 76' lang='grc' dir='ltr'>Ὠ</span> <span class='ocrx_word' id='word_1_284' title='bbox 1291 2128 1495 2199; x_wconf 80' lang='grc' dir='ltr'>πολλῆς</span> <span class='ocrx_word' id='word_1_285' title='bbox 1535 2129 1735 2202; x_wconf 86' lang='grc' dir='ltr'>πωρὼ-</span> 
     </span>
    </p>
   </div>
   <div class='ocr_carea' id='block_1_40' title="bbox 141 2221 1732 2294">
    <p class='ocr_par' dir='ltr' id='par_1_40' title="bbox 141 2221 1732 2294">
     <span class='ocr_line' id='line_1_40' title="bbox 141 2221 1732 2294; baseline 0.003 -21"><span class='ocrx_word' id='word_1_286' title='bbox 141 2239 291 2286; x_wconf 80' lang='grc' dir='ltr'>σεως</span> <span class='ocrx_word' id='word_1_287' title='bbox 316 2221 481 2293; x_wconf 55' lang='lat'><strong>(28)!</strong></span> <span class='ocrx_word' id='word_1_288' title='bbox 504 2222 550 2275; x_wconf 85' lang='grc' dir='ltr'><strong>ὣ</strong></span> <span class='ocrx_word' id='word_1_289' title='bbox 580 2221 760 2291; x_wconf 83' lang='grc' dir='ltr'>δεινῆς</span> <span class='ocrx_word' id='word_1_290' title='bbox 798 2221 1114 2292; x_wconf 73' lang='grc' dir='ltr'>ὠμότητοςι</span> <span class='ocrx_word' id='word_1_291' title='bbox 1154 2222 1230 2276; x_wconf 86' lang='grc' dir='ltr'><strong>Οὐ</strong></span> <span class='ocrx_word' id='word_1_292' title='bbox 1269 2221 1403 2276; x_wconf 85' lang='grc' dir='ltr'>Θεὸν</span> <span class='ocrx_word' id='word_1_293' title='bbox 1428 2222 1732 2294; x_wconf 73' lang='grc' dir='ltr'>ἐφοϐήθηςο</span> 
     </span>
    </p>
   </div>
   <div class='ocr_carea' id='block_1_41' title="bbox 139 2310 1734 2387">
    <p class='ocr_par' dir='ltr' id='par_1_41' title="bbox 139 2310 1734 2387">
     <span class='ocr_line' id='line_1_41' title="bbox 139 2310 1734 2387; baseline 0.016 -21"><span class='ocrx_word' id='word_1_294' title='bbox 139 2313 248 2366; x_wconf 72' lang='grc' dir='ltr'><strong>οὐκ</strong></span> <span class='ocrx_word' id='word_1_295' title='bbox 316 2310 643 2384; x_wconf 81' lang='grc' dir='ltr'>ἀνθρώπους</span> <span class='ocrx_word' id='word_1_296' title='bbox 706 2310 965 2383; x_wconf 73' lang='grc' dir='ltr'>ῂδέσΘης·</span> <span class='ocrx_word' id='word_1_297' title='bbox 1026 2313 1088 2366; x_wconf 80' lang='grc' dir='ltr'>οὐ</span> <span class='ocrx_word' id='word_1_298' title='bbox 1154 2313 1340 2383; x_wconf 79' lang='grc' dir='ltr'>φίλους</span> <span class='ocrx_word' id='word_1_299' title='bbox 1394 2314 1734 2387; x_wconf 74' lang='grc' dir='ltr'>ἐνετράπης’</span> 
     </span>
    </p>
   </div>
   <div class='ocr_carea' id='block_1_42' title="bbox 137 2403 1731 2478">
    <p class='ocr_par' dir='ltr' id='par_1_42' title="bbox 137 2403 1731 2478">
     <span class='ocr_line' id='line_1_42' title="bbox 137 2403 1731 2478; baseline 0.001 -19"><span class='ocrx_word' id='word_1_300' title='bbox 137 2403 262 2459; x_wconf 80' lang='grc' dir='ltr'>ἀλλ’</span> <span class='ocrx_word' id='word_1_301' title='bbox 288 2403 429 2475; x_wconf 77' lang='grc' dir='ltr'>ὁμοῦ</span> <span class='ocrx_word' id='word_1_302' title='bbox 454 2405 634 2457; x_wconf 86' lang='grc' dir='ltr'>πάντα</span> <span class='ocrx_word' id='word_1_303' title='bbox 670 2403 1017 2476; x_wconf 80' lang='grc' dir='ltr'>ἐναυάγησας</span> <span class='ocrx_word' id='word_1_304' title='bbox 1035 2421 1049 2436; x_wconf 73' lang='grc' dir='ltr'><strong>ο</strong></span> <span class='ocrx_word' id='word_1_305' title='bbox 1072 2403 1212 2474; x_wconf 79' lang='grc' dir='ltr'>ὁμοῦ</span> <span class='ocrx_word' id='word_1_306' title='bbox 1243 2406 1422 2460; x_wconf 87' lang='grc' dir='ltr'>πάντα</span> <span class='ocrx_word' id='word_1_307' title='bbox 1441 2406 1731 2478; x_wconf 76' lang='grc' dir='ltr'>ἐσυλήθης.</span> 
     </span>
    </p>
   </div>
   <div class='ocr_carea' id='block_1_43' title="bbox 136 2495 1734 2569">
    <p class='ocr_par' dir='ltr' id='par_1_43' title="bbox 136 2495 1734 2569">
     <span class='ocr_line' id='line_1_43' title="bbox 136 2495 1734 2569; baseline 0.001 -19"><span class='ocrx_word' id='word_1_308' title='bbox 136 2496 235 2551; x_wconf 81' lang='grc' dir='ltr'>Διὸ</span> <span class='ocrx_word' id='word_1_309' title='bbox 273 2496 440 2550; x_wconf 83' lang='grc' dir='ltr'>πάλιν</span> <span class='ocrx_word' id='word_1_310' title='bbox 490 2496 642 2566; x_wconf 86' lang='grc' dir='ltr'>ἀλγῶ</span> <span class='ocrx_word' id='word_1_311' title='bbox 688 2496 783 2549; x_wconf 74' lang='grc' dir='ltr'>ἐπὶ</span> <span class='ocrx_word' id='word_1_312' title='bbox 831 2496 948 2563; x_wconf 72' lang='grc' dir='ltr'>σοὶ,</span> <span class='ocrx_word' id='word_1_313' title='bbox 991 2495 1166 2552; x_wconf 81' lang='grc' dir='ltr'>ἄθλιε.</span> <span class='ocrx_word' id='word_1_314' title='bbox 1218 2498 1277 2551; x_wconf 84' lang='lat'><strong>&#39;0</strong></span> <span class='ocrx_word' id='word_1_315' title='bbox 1308 2498 1407 2569; x_wconf 86' lang='grc' dir='ltr'><strong>τῆς</strong></span> <span class='ocrx_word' id='word_1_316' title='bbox 1456 2497 1734 2568; x_wconf 80' lang='grc' dir='ltr'>βασιλείας</span> 
     </span>
    </p>
   </div>
   <div class='ocr_carea' id='block_1_44' title="bbox 137 2580 1732 2660">
    <p class='ocr_par' dir='ltr' id='par_1_44' title="bbox 137 2580 1732 2660">
     <span class='ocr_line' id='line_1_44' title="bbox 137 2580 1732 2660; baseline 0 -14"><span class='ocrx_word' id='word_1_317' title='bbox 137 2591 287 2647; x_wconf 73' lang='grc' dir='ltr'>πᾶσι</span> <span class='ocrx_word' id='word_1_318' title='bbox 315 2590 413 2644; x_wconf 83' lang='grc' dir='ltr'><strong>τὸν</strong></span> <span class='ocrx_word' id='word_1_319' title='bbox 442 2589 596 2643; x_wconf 81' lang='grc' dir='ltr'>τόνον</span> <span class='ocrx_word' id='word_1_320' title='bbox 624 2587 1008 2657; x_wconf 82' lang='grc' dir='ltr'>ἀπαγγέλλων,</span> <span class='ocrx_word' id='word_1_321' title='bbox 1032 2589 1132 2660; x_wconf 84' lang='grc' dir='ltr'>τῆς</span> <span class='ocrx_word' id='word_1_322' title='bbox 1155 2580 1432 2658; x_wconf 77' lang='grc' dir='ltr'>βασιλείας</span> <span class='ocrx_word' id='word_1_323' title='bbox 1453 2590 1732 2657; x_wconf 78' lang='grc' dir='ltr'>ἐξέπεσες.</span> 
     </span>
    </p>
   </div>
   <div class='ocr_carea' id='block_1_45' title="bbox 151 2680 1734 2753">
    <p class='ocr_par' dir='ltr' id='par_1_45' title="bbox 151 2680 1734 2753">
     <span class='ocr_line' id='line_1_45' title="bbox 151 2680 1734 2753; baseline 0.001 -16"><span class='ocrx_word' id='word_1_324' title='bbox 151 2682 215 2737; x_wconf 82' lang='grc'><strong>’0</strong></span> <span class='ocrx_word' id='word_1_325' title='bbox 246 2684 352 2753; x_wconf 82' lang='grc' dir='ltr'>τῆς</span> <span class='ocrx_word' id='word_1_326' title='bbox 388 2681 740 2747; x_wconf 81' lang='grc' dir='ltr'>διδασκαλίας</span> <span class='ocrx_word' id='word_1_327' title='bbox 779 2682 870 2736; x_wconf 77' lang='grc' dir='ltr'>τὸν</span> <span class='ocrx_word' id='word_1_328' title='bbox 909 2680 1074 2751; x_wconf 87' lang='grc' dir='ltr'>φόϐον</span> <span class='ocrx_word' id='word_1_329' title='bbox 1121 2683 1287 2737; x_wconf 82' lang='grc' dir='ltr'>πᾶσιν</span> <span class='ocrx_word' id='word_1_330' title='bbox 1338 2683 1603 2753; x_wconf 80' lang='grc' dir='ltr'>ἐμποιῶν,</span> <span class='ocrx_word' id='word_1_331' title='bbox 1632 2684 1734 2738; x_wconf 78' lang='grc' dir='ltr'><strong>οὐκ</strong></span> 
     </span>
    </p>
   </div>
   <div class='ocr_carea' id='block_1_46' title="bbox 137 2772 1730 2848">
    <p class='ocr_par' dir='ltr' id='par_1_46' title="bbox 137 2772 1730 2848">
     <span class='ocr_line' id='line_1_46' title="bbox 137 2772 1730 2848; baseline -0.001 -18"><span class='ocrx_word' id='word_1_332' title='bbox 137 2775 308 2848; x_wconf 73' lang='grc' dir='ltr'>ἔσχες</span> <span class='ocrx_word' id='word_1_333' title='bbox 346 2775 513 2845; x_wconf 83' lang='grc' dir='ltr'>φόϐον</span> <span class='ocrx_word' id='word_1_334' title='bbox 542 2773 680 2828; x_wconf 82' lang='grc' dir='ltr'>Θεοῦ</span> <span class='ocrx_word' id='word_1_335' title='bbox 723 2773 986 2827; x_wconf 81' lang='grc' dir='ltr'>ἀπέναντι</span> <span class='ocrx_word' id='word_1_336' title='bbox 1027 2772 1138 2827; x_wconf 87' lang='grc' dir='ltr'><strong>τῶν</strong></span> <span class='ocrx_word' id='word_1_337' title='bbox 1179 2772 1473 2843; x_wconf 67' lang='grc' dir='ltr'>ὀφθαλμῶν</span> <span class='ocrx_word' id='word_1_338' title='bbox 1508 2791 1622 2828; x_wconf 86' lang='grc' dir='ltr'>σου.</span> <span class='ocrx_word' id='word_1_339' title='bbox 1672 2775 1730 2828; x_wconf 86' lang='lat'><strong>&#39;0</strong></span> 
     </span>
    </p>
   </div>
   <div class='ocr_carea' id='block_1_47' title="bbox 134 2863 1729 2947">
    <p class='ocr_par' dir='ltr' id='par_1_47' title="bbox 134 2863 1729 2947">
     <span class='ocr_line' id='line_1_47' title="bbox 134 2863 1729 2947; baseline -0.002 -26"><span class='ocrx_word' id='word_1_340' title='bbox 134 2866 462 2937; x_wconf 76' lang='grc' dir='ltr'>ἁγιωσύνην</span> <span class='ocrx_word' id='word_1_341' title='bbox 492 2863 801 2936; x_wconf 84' lang='grc' dir='ltr'>κηρύσσων,</span> <span class='ocrx_word' id='word_1_342' title='bbox 820 2863 1299 2947; x_wconf 37' lang='grc' dir='ltr'>ἐναγὴςοεὺρίσκῃ.</span> <span class='ocrx_word' id='word_1_343' title='bbox 1335 2863 1397 2919; x_wconf 82' lang='grc' dir='ltr'>Ὀ</span> <span class='ocrx_word' id='word_1_344' title='bbox 1429 2865 1522 2918; x_wconf 76' lang='grc' dir='ltr'><strong>ἐπὶ</strong></span> <span class='ocrx_word' id='word_1_345' title='bbox 1554 2866 1729 2938; x_wconf 86' lang='grc' dir='ltr'>ἀκτη-</span> 
     </span>
    </p>
   </div>
   <div class='ocr_carea' id='block_1_48' title="bbox 139 2954 1725 3031">
    <p class='ocr_par' dir='ltr' id='par_1_48' title="bbox 139 2954 1725 3031">
     <span class='ocr_line' id='line_1_48' title="bbox 139 2954 1725 3031; baseline -0.001 -19"><span class='ocrx_word' id='word_1_346' title='bbox 139 2957 355 3031; x_wconf 82' lang='grc' dir='ltr'>μοσύνῃ</span> <span class='ocrx_word' id='word_1_347' title='bbox 385 2956 785 3028; x_wconf 87' lang='grc' dir='ltr'>σεμνυνόμενος</span> <span class='ocrx_word' id='word_1_348' title='bbox 797 2955 930 3026; x_wconf 72' lang='grc'>(29),</span> <span class='ocrx_word' id='word_1_349' title='bbox 957 2954 1187 3026; x_wconf 88' lang='grc' dir='ltr'>συλοχρη</span> <span class='ocrx_word' id='word_1_350' title='bbox 1197 2955 1384 3025; x_wconf 87' lang='grc' dir='ltr'>ματῶν</span> <span class='ocrx_word' id='word_1_351' title='bbox 1405 2956 1725 3029; x_wconf 78' lang='grc' dir='ltr'>ἐφευρίσκῃ.</span> 
     </span>
    </p>
   </div>
   <div class='ocr_carea' id='block_1_49' title="bbox 147 3046 1730 3121">
    <p class='ocr_par' dir='ltr' id='par_1_49' title="bbox 147 3046 1730 3121">
     <span class='ocr_line' id='line_1_49' title="bbox 147 3046 1730 3121; baseline -0.002 -17"><span class='ocrx_word' id='word_1_352' title='bbox 147 3052 207 3105; x_wconf 88' lang='lat'><strong>&#39;0</strong></span> <span class='ocrx_word' id='word_1_353' title='bbox 258 3049 362 3121; x_wconf 82' lang='grc' dir='ltr'>τὴν</span> <span class='ocrx_word' id='word_1_354' title='bbox 412 3048 508 3102; x_wconf 81' lang='grc' dir='ltr'>τοῦ</span> <span class='ocrx_word' id='word_1_355' title='bbox 553 3046 689 3102; x_wconf 80' lang='grc' dir='ltr'><strong>Θεοῦ</strong></span> <span class='ocrx_word' id='word_1_356' title='bbox 741 3047 961 3101; x_wconf 87' lang='grc' dir='ltr'>κόλασιν</span> <span class='ocrx_word' id='word_1_357' title='bbox 1008 3046 1453 3119; x_wconf 78' lang='grc' dir='ltr'>ἐπιδεικνύμενος</span> <span class='ocrx_word' id='word_1_358' title='bbox 1501 3048 1589 3103; x_wconf 84' lang='grc' dir='ltr'><strong>διά</strong></span> <span class='ocrx_word' id='word_1_359' title='bbox 1632 3050 1730 3119; x_wconf 86' lang='grc' dir='ltr'>τῆς</span> 
     </span>
    </p>
   </div>
   <div class='ocr_carea' id='block_1_50' title="bbox 132 3138 1731 3214">
    <p class='ocr_par' dir='ltr' id='par_1_50' title="bbox 132 3138 1731 3214">
     <span class='ocr_line' id='line_1_50' title="bbox 132 3138 1731 3214; baseline 0.001 -19"><span class='ocrx_word' id='word_1_360' title='bbox 132 3142 505 3214; x_wconf 64' lang='grc' dir='ltr'>ὑφηγήσεως,</span> <span class='ocrx_word' id='word_1_361' title='bbox 560 3139 726 3203; x_wconf 77' lang='grc' dir='ltr'>αὐτὸς</span> <span class='ocrx_word' id='word_1_362' title='bbox 788 3139 1008 3194; x_wconf 86' lang='grc' dir='ltr'>κόλασιν</span> <span class='ocrx_word' id='word_1_363' title='bbox 1078 3138 1290 3211; x_wconf 82' lang='grc' dir='ltr'>σεαυτῷ</span> <span class='ocrx_word' id='word_1_364' title='bbox 1344 3139 1731 3213; x_wconf 79' lang='grc' dir='ltr'>προεξένησας.</span> 
     </span>
    </p>
   </div>
   <div class='ocr_carea' id='block_1_51' title="bbox 134 3228 1735 3301">
    <p class='ocr_par' dir='ltr' id='par_1_51' title="bbox 134 3228 1735 3301">
     <span class='ocr_line' id='line_1_51' title="bbox 134 3228 1735 3301; baseline 0.002 -21"><span class='ocrx_word' id='word_1_365' title='bbox 134 3231 267 3295; x_wconf 84' lang='grc' dir='ltr'><strong>Πῶς</strong></span> <span class='ocrx_word' id='word_1_366' title='bbox 332 3247 396 3284; x_wconf 85' lang='grc' dir='ltr'><strong>σε</strong></span> <span class='ocrx_word' id='word_1_367' title='bbox 459 3229 758 3301; x_wconf 85' lang='grc' dir='ltr'>θρηνήσω;</span> <span class='ocrx_word' id='word_1_368' title='bbox 812 3229 932 3294; x_wconf 86' lang='grc' dir='ltr'><strong>πῶς</strong></span> <span class='ocrx_word' id='word_1_369' title='bbox 990 3228 1215 3301; x_wconf 80' lang='grc' dir='ltr'>ἀλγήσω</span> <span class='ocrx_word' id='word_1_370' title='bbox 1272 3231 1365 3283; x_wconf 73' lang='grc' dir='ltr'>ἐπὶ</span> <span class='ocrx_word' id='word_1_371' title='bbox 1423 3229 1547 3296; x_wconf 87' lang='grc' dir='ltr'>σοί;</span> <span class='ocrx_word' id='word_1_372' title='bbox 1608 3231 1735 3294; x_wconf 86' lang='grc' dir='ltr'>Πῶς</span> 
     </span>
    </p>
   </div>
   <div class='ocr_carea' id='block_1_52' title="bbox 142 3320 1734 3393">
    <p class='ocr_par' dir='ltr' id='par_1_52' title="bbox 142 3320 1734 3393">
     <span class='ocr_line' id='line_1_52' title="bbox 142 3320 1734 3393; baseline 0 -17"><span class='ocrx_word' id='word_1_373' title='bbox 142 3323 413 3390; x_wconf 80' lang='grc' dir='ltr'>ἐξέπεσεν</span> <span class='ocrx_word' id='word_1_374' title='bbox 445 3322 476 3373; x_wconf 92' lang='lat'><strong>6</strong></span> <span class='ocrx_word' id='word_1_375' title='bbox 510 3320 788 3393; x_wconf 77' lang='grc' dir='ltr'>ἑωσφόρος</span> <span class='ocrx_word' id='word_1_376' title='bbox 827 3321 856 3374; x_wconf 93' lang='lat'><strong>6</strong></span> <span class='ocrx_word' id='word_1_377' title='bbox 898 3320 1043 3393; x_wconf 80' lang='grc' dir='ltr'>πρωῒ</span> <span class='ocrx_word' id='word_1_378' title='bbox 1082 3320 1216 3393; x_wconf 81' lang='grc'><strong>(50)</strong></span> <span class='ocrx_word' id='word_1_379' title='bbox 1258 3322 1586 3388; x_wconf 79' lang='grc' dir='ltr'>ἀνατέλλων,</span> <span class='ocrx_word' id='word_1_380' title='bbox 1638 3323 1734 3376; x_wconf 86' lang='grc' dir='ltr'><strong>καί</strong></span> 
     </span>
    </p>
   </div>
   <div class='ocr_carea' id='block_1_53' title="bbox 76 3411 1732 3486">
    <p class='ocr_par' dir='ltr' id='par_1_53' title="bbox 76 3411 1732 3486">
     <span class='ocr_line' id='line_1_53' title="bbox 76 3411 1732 3486; baseline 0 -19"><span class='ocrx_word' id='word_1_381' title='bbox 76 3483 81 3486; x_wconf 11' lang='grc' dir='ltr'><strong><em>ξ</em></strong></span> <span class='ocrx_word' id='word_1_382' title='bbox 138 3412 442 3486; x_wconf 82' lang='grc' dir='ltr'>συνετρίϐη</span> <span class='ocrx_word' id='word_1_383' title='bbox 488 3411 582 3465; x_wconf 75' lang='grc' dir='ltr'><strong>ἐπὶ</strong></span> <span class='ocrx_word' id='word_1_384' title='bbox 620 3411 723 3481; x_wconf 81' lang='grc' dir='ltr'><strong>τῆς</strong></span> <span class='ocrx_word' id='word_1_385' title='bbox 759 3411 901 3480; x_wconf 81' lang='grc' dir='ltr'><strong>γῆς;</strong></span> <span class='ocrx_word' id='word_1_386' title='bbox 938 3412 1143 3476; x_wconf 66' lang='grc' dir='ltr'>Παντὸς</span> <span class='ocrx_word' id='word_1_387' title='bbox 1197 3413 1490 3478; x_wconf 86' lang='grc' dir='ltr'>ἀκούοντος</span> <span class='ocrx_word' id='word_1_388' title='bbox 1533 3414 1732 3485; x_wconf 82' lang='grc' dir='ltr'>ἡχήσει</span> 
     </span>
    </p>
   </div>
   <div class='ocr_carea' id='block_1_54' title="bbox 134 3495 1734 3577">
    <p class='ocr_par' dir='ltr' id='par_1_54' title="bbox 134 3495 1734 3577">
     <span class='ocr_line' id='line_1_54' title="bbox 134 3495 1734 3577; baseline 0.001 -19"><span class='ocrx_word' id='word_1_389' title='bbox 134 3504 207 3559; x_wconf 81' lang='grc' dir='ltr'><strong>τά</strong></span> <span class='ocrx_word' id='word_1_390' title='bbox 263 3504 563 3575; x_wconf 71' lang='grc' dir='ltr'>ἀμφότερα</span> <span class='ocrx_word' id='word_1_391' title='bbox 615 3495 752 3557; x_wconf 80' lang='grc' dir='ltr'>ὦτα.</span> <span class='ocrx_word' id='word_1_392' title='bbox 805 3502 932 3566; x_wconf 89' lang='grc' dir='ltr'>Πῶς</span> <span class='ocrx_word' id='word_1_393' title='bbox 986 3505 1015 3557; x_wconf 93' lang='lat'><strong>6</strong></span> <span class='ocrx_word' id='word_1_394' title='bbox 1062 3504 1392 3576; x_wconf 76' lang='grc' dir='ltr'>Ναζιραῖος,</span> <span class='ocrx_word' id='word_1_395' title='bbox 1445 3508 1474 3559; x_wconf 93' lang='lat'><strong>6</strong></span> <span class='ocrx_word' id='word_1_396' title='bbox 1529 3505 1734 3577; x_wconf 79' lang='grc' dir='ltr'>ἐκλάμ-</span> 
     </span>
    </p>
   </div>
   <div class='ocr_carea' id='block_1_55' title="bbox 139 3593 1731 3668">
    <p class='ocr_par' dir='ltr' id='par_1_55' title="bbox 139 3593 1731 3668">
     <span class='ocr_line' id='line_1_55' title="bbox 139 3593 1731 3668; baseline 0 -18"><span class='ocrx_word' id='word_1_397' title='bbox 139 3614 261 3651; x_wconf 77' lang='grc' dir='ltr'><strong>πων</strong></span> <span class='ocrx_word' id='word_1_398' title='bbox 311 3594 456 3666; x_wconf 77' lang='grc' dir='ltr'>ὑπὲρ</span> <span class='ocrx_word' id='word_1_399' title='bbox 491 3595 751 3667; x_wconf 89' lang='grc' dir='ltr'>χρυσίον,</span> <span class='ocrx_word' id='word_1_400' title='bbox 802 3593 1097 3648; x_wconf 79' lang='grc' dir='ltr'>ἐσκότασεν</span> <span class='ocrx_word' id='word_1_401' title='bbox 1138 3595 1278 3668; x_wconf 83' lang='grc' dir='ltr'>ὑπὲρ</span> <span class='ocrx_word' id='word_1_402' title='bbox 1312 3596 1581 3668; x_wconf 87' lang='grc' dir='ltr'>άσϐόλην;</span> <span class='ocrx_word' id='word_1_403' title='bbox 1617 3597 1731 3661; x_wconf 86' lang='grc' dir='ltr'>υἱὸς</span> 
     </span>
    </p>
   </div>
   <div class='ocr_carea' id='block_1_56' title="bbox 140 3682 1727 3759">
    <p class='ocr_par' dir='ltr' id='par_1_56' title="bbox 140 3682 1727 3759">
     <span class='ocr_line' id='line_1_56' title="bbox 140 3682 1727 3759; baseline 0.003 -21"><span class='ocrx_word' id='word_1_404' title='bbox 140 3685 284 3739; x_wconf 82' lang='grc' dir='ltr'>Σιὼν</span> <span class='ocrx_word' id='word_1_405' title='bbox 311 3688 341 3739; x_wconf 84' lang='lat'><strong>6</strong></span> <span class='ocrx_word' id='word_1_406' title='bbox 377 3686 583 3757; x_wconf 79' lang='grc' dir='ltr'>τίμιος,</span> <span class='ocrx_word' id='word_1_407' title='bbox 623 3684 742 3748; x_wconf 91' lang='grc' dir='ltr'><strong>πῶς</strong></span> <span class='ocrx_word' id='word_1_408' title='bbox 772 3684 990 3753; x_wconf 80' lang='grc' dir='ltr'>ἐγένετο</span> <span class='ocrx_word' id='word_1_409' title='bbox 1025 3683 1218 3748; x_wconf 76' lang='grc' dir='ltr'>σκεῦος</span> <span class='ocrx_word' id='word_1_410' title='bbox 1249 3685 1560 3758; x_wconf 84' lang='grc' dir='ltr'>ἄχρηστον;</span> <span class='ocrx_word' id='word_1_411' title='bbox 1591 3682 1666 3742; x_wconf 74' lang='grc' dir='ltr'><strong>Οὖ</strong></span> <span class='ocrx_word' id='word_1_412' title='bbox 1692 3690 1727 3759; x_wconf 77' lang='grc' dir='ltr'>ἡ</span> 
     </span>
    </p>
   </div>
   <div class='ocr_carea' id='block_1_57' title="bbox 139 3775 1729 3850">
    <p class='ocr_par' dir='ltr' id='par_1_57' title="bbox 139 3775 1729 3850">
     <span class='ocr_line' id='line_1_57' title="bbox 139 3775 1729 3850; baseline 0.001 -21"><span class='ocrx_word' id='word_1_413' title='bbox 139 3780 339 3850; x_wconf 77' lang='grc' dir='ltr'>μνήμη</span> <span class='ocrx_word' id='word_1_414' title='bbox 370 3776 482 3829; x_wconf 85' lang='grc' dir='ltr'><strong>τῶν</strong></span> <span class='ocrx_word' id='word_1_415' title='bbox 507 3776 668 3830; x_wconf 80' lang='grc' dir='ltr'>θείων</span> <span class='ocrx_word' id='word_1_416' title='bbox 689 3775 923 3849; x_wconf 68' lang='grc' dir='ltr'>Γραφῶν</span> <span class='ocrx_word' id='word_1_417' title='bbox 951 3776 1057 3830; x_wconf 78' lang='grc' dir='ltr'><strong>ύπδ</strong></span> <span class='ocrx_word' id='word_1_418' title='bbox 1082 3777 1300 3831; x_wconf 85' lang='grc' dir='ltr'>πάντων</span> <span class='ocrx_word' id='word_1_419' title='bbox 1334 3777 1596 3842; x_wconf 82' lang='grc' dir='ltr'>ἐλαλείτο,</span> <span class='ocrx_word' id='word_1_420' title='bbox 1630 3780 1729 3848; x_wconf 78' lang='grc' dir='ltr'><strong>σή·-</strong></span> 
     </span>
    </p>
   </div>
   <div class='ocr_carea' id='block_1_58' title="bbox 138 3868 1731 3943">
    <p class='ocr_par' dir='ltr' id='par_1_58' title="bbox 138 3868 1731 3943">
     <span class='ocr_line' id='line_1_58' title="bbox 138 3868 1731 3943; baseline -0.001 -19"><span class='ocrx_word' id='word_1_421' title='bbox 138 3887 312 3943; x_wconf 78' lang='grc' dir='ltr'>μερον</span> <span class='ocrx_word' id='word_1_422' title='bbox 349 3868 604 3924; x_wconf 81' lang='grc' dir='ltr'>ἀπώλετο</span> <span class='ocrx_word' id='word_1_423' title='bbox 641 3868 704 3922; x_wconf 86' lang='grc' dir='ltr'><strong>τὸ</strong></span> <span class='ocrx_word' id='word_1_424' title='bbox 736 3870 1077 3942; x_wconf 88' lang='grc' dir='ltr'>μνημόσυνον</span> <span class='ocrx_word' id='word_1_425' title='bbox 1118 3869 1282 3923; x_wconf 82' lang='grc' dir='ltr'><strong>αύτοῦ</strong></span> <span class='ocrx_word' id='word_1_426' title='bbox 1328 3871 1444 3941; x_wconf 90' lang='grc' dir='ltr'>μετ’</span> <span class='ocrx_word' id='word_1_427' title='bbox 1481 3870 1634 3941; x_wconf 70' lang='grc' dir='ltr'>ἤχου.</span> <span class='ocrx_word' id='word_1_428' title='bbox 1672 3871 1731 3923; x_wconf 90' lang='lat'><strong>&#39;0</strong></span> 
     </span>
    </p>
   </div>
   <div class='ocr_carea' id='block_1_59' title="bbox 134 3959 1731 4028">
    <p class='ocr_par' dir='ltr' id='par_1_59' title="bbox 134 3959 1731 4028">
     <span class='ocr_line' id='line_1_59' title="bbox 134 3959 1731 4028; baseline 0.001 -14"><span class='ocrx_word' id='word_1_429' title='bbox 134 3961 366 4028; x_wconf 76' lang='grc' dir='ltr'>όξύνους</span> <span class='ocrx_word' id='word_1_430' title='bbox 424 3960 594 4026; x_wconf 80' lang='grc' dir='ltr'>ὀξέως</span> <span class='ocrx_word' id='word_1_431' title='bbox 645 3959 914 4015; x_wconf 85' lang='grc' dir='ltr'>ἀπώλετο.</span> <span class='ocrx_word' id='word_1_432' title='bbox 966 3959 1026 4015; x_wconf 81' lang='grc' dir='ltr'><strong>Ὀ</strong></span> <span class='ocrx_word' id='word_1_433' title='bbox 1075 3960 1339 4023; x_wconf 86' lang='grc' dir='ltr'>πολύνους</span> <span class='ocrx_word' id='word_1_434' title='bbox 1389 3959 1731 4015; x_wconf 86' lang='grc' dir='ltr'>πυλύπλοκον</span> 
     </span>
    </p>
   </div>
   <div class='ocr_carea' id='block_1_60' title="bbox 134 4049 1733 4127">
    <p class='ocr_par' dir='ltr' id='par_1_60' title="bbox 134 4049 1733 4127">
     <span class='ocr_line' id='line_1_60' title="bbox 134 4049 1733 4127; baseline -0.001 -19"><span class='ocrx_word' id='word_1_435' title='bbox 134 4053 420 4127; x_wconf 79' lang='grc' dir='ltr'>ἁμαρτίαν</span> <span class='ocrx_word' id='word_1_436' title='bbox 460 4052 778 4125; x_wconf 70' lang='grc' dir='ltr'>εἰργάσατο.</span> <span class='ocrx_word' id='word_1_437' title='bbox 833 4049 899 4107; x_wconf 83' lang='grc' dir='ltr'><strong>Οἱ</strong></span> <span class='ocrx_word' id='word_1_438' title='bbox 932 4051 1043 4123; x_wconf 84' lang='grc' dir='ltr'>γὰρ</span> <span class='ocrx_word' id='word_1_439' title='bbox 1087 4050 1431 4123; x_wconf 73' lang='grc' dir='ltr'>ὠφελημένοι</span> <span class='ocrx_word' id='word_1_440' title='bbox 1476 4050 1581 4105; x_wconf 85' lang='grc' dir='ltr'>ὑπὸ</span> <span class='ocrx_word' id='word_1_441' title='bbox 1630 4053 1733 4123; x_wconf 77' lang='grc' dir='ltr'><strong>τῆς</strong></span> 
     </span>
    </p>
   </div>
   <div class='ocr_carea' id='block_1_61' title="bbox 136 4144 1727 4217">
    <p class='ocr_par' dir='ltr' id='par_1_61' title="bbox 136 4144 1727 4217">
     <span class='ocr_line' id='line_1_61' title="bbox 136 4144 1727 4217; baseline 0.001 -19"><span class='ocrx_word' id='word_1_442' title='bbox 136 4151 239 4217; x_wconf 78' lang='grc' dir='ltr'>σῆς</span> <span class='ocrx_word' id='word_1_443' title='bbox 284 4145 644 4211; x_wconf 79' lang='grc' dir='ltr'>διδασκαλίας</span> <span class='ocrx_word' id='word_1_444' title='bbox 673 4146 981 4217; x_wconf 78' lang='grc' dir='ltr'>ἐϐλάϐησαν</span> <span class='ocrx_word' id='word_1_445' title='bbox 1024 4144 1131 4199; x_wconf 78' lang='grc' dir='ltr'>ὑπὸ</span> <span class='ocrx_word' id='word_1_446' title='bbox 1161 4144 1261 4213; x_wconf 85' lang='grc' dir='ltr'>τῆς</span> <span class='ocrx_word' id='word_1_447' title='bbox 1304 4145 1403 4214; x_wconf 83' lang='grc' dir='ltr'>σῆς</span> <span class='ocrx_word' id='word_1_448' title='bbox 1431 4145 1727 4210; x_wconf 85' lang='grc' dir='ltr'>ἀπωλείας.</span> 
     </span>
    </p>
   </div>
   <div class='ocr_carea' id='block_1_62' title="bbox 134 4237 1730 4313">
    <p class='ocr_par' dir='ltr' id='par_1_62' title="bbox 134 4237 1730 4313">
     <span class='ocr_line' id='line_1_62' title="bbox 134 4237 1730 4313; baseline 0 -21"><span class='ocrx_word' id='word_1_449' title='bbox 134 4240 198 4292; x_wconf 86' lang='grc' dir='ltr'><strong>Οἱ</strong></span> <span class='ocrx_word' id='word_1_450' title='bbox 230 4238 337 4303; x_wconf 76' lang='grc' dir='ltr'>τὰς</span> <span class='ocrx_word' id='word_1_451' title='bbox 375 4239 552 4304; x_wconf 77' lang='grc' dir='ltr'>ἀκοὰς</span> <span class='ocrx_word' id='word_1_452' title='bbox 582 4239 977 4313; x_wconf 81' lang='grc' dir='ltr'>παρατιθέντες</span> <span class='ocrx_word' id='word_1_453' title='bbox 1020 4237 1115 4292; x_wconf 77' lang='grc' dir='ltr'>ἐπὶ</span> <span class='ocrx_word' id='word_1_454' title='bbox 1143 4239 1210 4309; x_wconf 85' lang='grc' dir='ltr'>τῇ</span> <span class='ocrx_word' id='word_1_455' title='bbox 1240 4239 1306 4309; x_wconf 79' lang='grc' dir='ltr'>σῇ</span> <span class='ocrx_word' id='word_1_456' title='bbox 1345 4238 1530 4310; x_wconf 73' lang='grc' dir='ltr'>ὁμιλία</span> <span class='ocrx_word' id='word_1_457' title='bbox 1563 4238 1730 4311; x_wconf 78' lang='grc' dir='ltr'>ἔφρα-</span> 
     </span>
    </p>
   </div>
   <div class='ocr_carea' id='block_1_63' title="bbox 136 4323 1726 4403">
    <p class='ocr_par' dir='ltr' id='par_1_63' title="bbox 136 4323 1726 4403">
     <span class='ocr_line' id='line_1_63' title="bbox 136 4323 1726 4403; baseline -0.001 -19"><span class='ocrx_word' id='word_1_458' title='bbox 136 4330 235 4394; x_wconf 76' lang='grc' dir='ltr'>ξαν</span> <span class='ocrx_word' id='word_1_459' title='bbox 268 4330 341 4384; x_wconf 85' lang='grc' dir='ltr'><strong>τά</strong></span> <span class='ocrx_word' id='word_1_460' title='bbox 378 4323 499 4385; x_wconf 80' lang='grc' dir='ltr'>ὦτα</span> <span class='ocrx_word' id='word_1_461' title='bbox 548 4331 641 4384; x_wconf 86' lang='grc' dir='ltr'><strong>ὲπί</strong></span> <span class='ocrx_word' id='word_1_462' title='bbox 681 4333 750 4401; x_wconf 78' lang='grc' dir='ltr'>τῇ</span> <span class='ocrx_word' id='word_1_463' title='bbox 791 4332 857 4403; x_wconf 76' lang='grc' dir='ltr'><strong>σῇ</strong></span> <span class='ocrx_word' id='word_1_464' title='bbox 892 4327 1161 4400; x_wconf 82' lang='grc' dir='ltr'>ἀπωλείᾳ.</span> <span class='ocrx_word' id='word_1_465' title='bbox 1206 4327 1348 4395; x_wconf 87' lang='grc' dir='ltr'><strong>Ἐγὼ</strong></span> <span class='ocrx_word' id='word_1_466' title='bbox 1396 4329 1473 4391; x_wconf 86' lang='grc' dir='ltr'><strong>δὲ,</strong></span> <span class='ocrx_word' id='word_1_467' title='bbox 1510 4329 1726 4401; x_wconf 79' lang='grc' dir='ltr'>θρηνῶν</span> 
     </span>
    </p>
   </div>
   <div class='ocr_carea' id='block_1_64' title="bbox 1836 1838 3421 1920">
    <p class='ocr_par' dir='ltr' id='par_1_64' title="bbox 1836 1838 3421 1920">
     <span class='ocr_line' id='line_1_64' title="bbox 1836 1838 3421 1920; baseline 0.015 -28"><span class='ocrx_word' id='word_1_468' title='bbox 1836 1838 1999 1893; x_wconf 89' lang='lat' dir='ltr'><strong>etiam</strong></span> <span class='ocrx_word' id='word_1_469' title='bbox 2040 1843 2122 1896; x_wconf 87' lang='lat' dir='ltr'><strong>sol</strong></span> <span class='ocrx_word' id='word_1_470' title='bbox 2161 1843 2232 1898; x_wconf 89' lang='lat' dir='ltr'><strong>ob</strong></span> <span class='ocrx_word' id='word_1_471' title='bbox 2268 1852 2420 1899; x_wconf 89' lang='lat' dir='ltr'><strong>tuum</strong></span> <span class='ocrx_word' id='word_1_472' title='bbox 2455 1846 2670 1919; x_wconf 90' lang='lat' dir='ltr'><strong>lapsum</strong></span> <span class='ocrx_word' id='word_1_473' title='bbox 2703 1852 3032 1911; x_wconf 89' lang='lat' dir='ltr'><strong>obscuratus</strong></span> <span class='ocrx_word' id='word_1_474' title='bbox 3069 1865 3175 1920; x_wconf 89' lang='lat' dir='ltr'><strong>est,</strong></span> <span class='ocrx_word' id='word_1_475' title='bbox 3216 1871 3271 1915; x_wconf 89' lang='lat' dir='ltr'><strong>et</strong></span> <span class='ocrx_word' id='word_1_476' title='bbox 3309 1863 3421 1915; x_wconf 89' lang='lat' dir='ltr'><strong>vir-</strong></span> 
     </span>
    </p>
   </div>
   <div class='ocr_carea' id='block_1_65' title="bbox 1836 1932 3414 2006">
    <p class='ocr_par' dir='ltr' id='par_1_65' title="bbox 1836 1932 3414 2006">
     <span class='ocr_line' id='line_1_65' title="bbox 1836 1932 3414 2006; baseline 0.014 -21"><span class='ocrx_word' id='word_1_477' title='bbox 1836 1938 1983 1988; x_wconf 90' lang='lat' dir='ltr'><strong>tutes</strong></span> <span class='ocrx_word' id='word_1_478' title='bbox 2038 1932 2304 1989; x_wconf 69' lang='lat' dir='ltr'><strong>caelorum</strong></span> <span class='ocrx_word' id='word_1_479' title='bbox 2358 1951 2647 1994; x_wconf 66' lang='lat' dir='ltr'><strong>commotae</strong></span> <span class='ocrx_word' id='word_1_480' title='bbox 2692 1952 2820 1998; x_wconf 90' lang='lat' dir='ltr'><strong>sunt</strong></span> <span class='ocrx_word' id='word_1_481' title='bbox 2872 1944 2944 1999; x_wconf 93' lang='lat' dir='ltr'><strong>ob</strong></span> <span class='ocrx_word' id='word_1_482' title='bbox 2980 1947 3205 2003; x_wconf 78' lang='lat' dir='ltr'><strong>exitium</strong></span> <span class='ocrx_word' id='word_1_483' title='bbox 3239 1959 3414 2006; x_wconf 91' lang='lat' dir='ltr'><strong>tuum.</strong></span> 
     </span>
    </p>
   </div>
   <div class='ocr_carea' id='block_1_66' title="bbox 1839 2024 3415 2104">
    <p class='ocr_par' dir='ltr' id='par_1_66' title="bbox 1839 2024 3415 2104">
     <span class='ocr_line' id='line_1_66' title="bbox 1839 2024 3415 2104; baseline 0.014 -27"><span class='ocrx_word' id='word_1_484' title='bbox 1839 2024 1983 2089; x_wconf 90' lang='lat' dir='ltr'><strong>Quin</strong></span> <span class='ocrx_word' id='word_1_485' title='bbox 2025 2033 2079 2081; x_wconf 88' lang='lat' dir='ltr'><strong>et</strong></span> <span class='ocrx_word' id='word_1_486' title='bbox 2118 2026 2330 2098; x_wconf 86' lang='lat' dir='ltr'><strong>lapides</strong></span> <span class='ocrx_word' id='word_1_487' title='bbox 2381 2045 2579 2087; x_wconf 88' lang='lat' dir='ltr'><strong>sensus</strong></span> <span class='ocrx_word' id='word_1_488' title='bbox 2643 2042 2898 2104; x_wconf 82' lang='lat' dir='ltr'><strong>expertes</strong></span> <span class='ocrx_word' id='word_1_489' title='bbox 2945 2035 3216 2095; x_wconf 90' lang='lat' dir='ltr'><strong>insaniam</strong></span> <span class='ocrx_word' id='word_1_490' title='bbox 3265 2051 3415 2099; x_wconf 91' lang='lat' dir='ltr'><strong>tuam</strong></span> 
     </span>
    </p>
   </div>
   <div class='ocr_carea' id='block_1_67' title="bbox 1838 2111 3416 2202">
    <p class='ocr_par' dir='ltr' id='par_1_67' title="bbox 1838 2111 3416 2202">
     <span class='ocr_line' id='line_1_67' title="bbox 1838 2111 3416 2202; baseline 0.014 -36"><span class='ocrx_word' id='word_1_491' title='bbox 1838 2111 2176 2169; x_wconf 85' lang='lat' dir='ltr'><strong>deﬂeverunt</strong></span> <span class='ocrx_word' id='word_1_492' title='bbox 2205 2118 2526 2187; x_wconf 84' lang='lat' dir='ltr'><strong>:ploravere</strong></span> <span class='ocrx_word' id='word_1_493' title='bbox 2546 2137 2765 2195; x_wconf 89' lang='lat' dir='ltr'><strong>quoque</strong></span> <span class='ocrx_word' id='word_1_494' title='bbox 2794 2125 3001 2182; x_wconf 91' lang='lat' dir='ltr'><strong>inimici</strong></span> <span class='ocrx_word' id='word_1_495' title='bbox 3043 2129 3114 2184; x_wconf 93' lang='lat' dir='ltr'><strong>ob</strong></span> <span class='ocrx_word' id='word_1_496' title='bbox 3151 2130 3416 2202; x_wconf 87' lang='lat' dir='ltr'><strong>iniquita-</strong></span> 
     </span>
    </p>
   </div>
   <div class='ocr_carea' id='block_1_68' title="bbox 1837 2205 3416 2288">
    <p class='ocr_par' dir='ltr' id='par_1_68' title="bbox 1837 2205 3416 2288">
     <span class='ocr_line' id='line_1_68' title="bbox 1837 2205 3416 2288; baseline 0.015 -31"><span class='ocrx_word' id='word_1_497' title='bbox 1837 2205 1909 2259; x_wconf 90' lang='lat' dir='ltr'><strong>tis</strong></span> <span class='ocrx_word' id='word_1_498' title='bbox 1949 2212 2057 2261; x_wconf 66' lang='lat' dir='ltr'><strong>tuaa</strong></span> <span class='ocrx_word' id='word_1_499' title='bbox 2106 2210 2554 2279; x_wconf 81' lang='lat' dir='ltr'><strong>magnitudinem.</strong></span> <span class='ocrx_word' id='word_1_500' title='bbox 2594 2212 2640 2268; x_wconf 91' lang='grc' dir='ltr'><strong>Ο</strong></span> <span class='ocrx_word' id='word_1_501' title='bbox 2687 2231 2940 2288; x_wconf 87' lang='lat' dir='ltr'><strong>magnam</strong></span> <span class='ocrx_word' id='word_1_502' title='bbox 2994 2222 3327 2278; x_wconf 71' lang='lat' dir='ltr'><strong>caecitatem!</strong></span> <span class='ocrx_word' id='word_1_503' title='bbox 3369 2224 3416 2282; x_wconf 91' lang='lat'><strong>0</strong></span> 
     </span>
    </p>
   </div>
   <div class='ocr_carea' id='block_1_69' title="bbox 1838 2296 3417 2378">
    <p class='ocr_par' dir='ltr' id='par_1_69' title="bbox 1838 2296 3417 2378">
     <span class='ocr_line' id='line_1_69' title="bbox 1838 2296 3417 2378; baseline 0.015 -30"><span class='ocrx_word' id='word_1_504' title='bbox 1838 2296 2031 2350; x_wconf 88' lang='lat' dir='ltr'><strong>miram</strong></span> <span class='ocrx_word' id='word_1_505' title='bbox 2061 2297 2439 2368; x_wconf 75' lang='lat' dir='ltr'><strong>crudelitatem</strong></span> <span class='ocrx_word' id='word_1_506' title='bbox 2465 2302 2478 2354; x_wconf 92' lang='lat'><strong>!</strong></span> <span class='ocrx_word' id='word_1_507' title='bbox 2510 2299 2681 2358; x_wconf 90' lang='lat' dir='ltr'><strong>Deum</strong></span> <span class='ocrx_word' id='word_1_508' title='bbox 2713 2319 2824 2361; x_wconf 91' lang='lat' dir='ltr'><strong>non</strong></span> <span class='ocrx_word' id='word_1_509' title='bbox 2870 2309 3133 2378; x_wconf 89' lang='lat' dir='ltr'><strong>timuisti;</strong></span> <span class='ocrx_word' id='word_1_510' title='bbox 3161 2311 3417 2371; x_wconf 89' lang='lat' dir='ltr'><strong>homines</strong></span> 
     </span>
    </p>
   </div>
   <div class='ocr_carea' id='block_1_70' title="bbox 1837 2391 3421 2473">
    <p class='ocr_par' dir='ltr' id='par_1_70' title="bbox 1837 2391 3421 2473">
     <span class='ocr_line' id='line_1_70' title="bbox 1837 2391 3421 2473; baseline 0.011 -31"><span class='ocrx_word' id='word_1_511' title='bbox 1837 2391 2108 2445; x_wconf 86' lang='lat' dir='ltr'><strong>reveritus</strong></span> <span class='ocrx_word' id='word_1_512' title='bbox 2132 2405 2242 2446; x_wconf 93' lang='lat' dir='ltr'><strong>non</strong></span> <span class='ocrx_word' id='word_1_513' title='bbox 2275 2407 2368 2459; x_wconf 89' lang='lat' dir='ltr'><strong>es;</strong></span> <span class='ocrx_word' id='word_1_514' title='bbox 2393 2408 2504 2447; x_wconf 90' lang='lat' dir='ltr'><strong>non</strong></span> <span class='ocrx_word' id='word_1_515' title='bbox 2536 2404 2588 2450; x_wconf 90' lang='lat' dir='ltr'><strong>te</strong></span> <span class='ocrx_word' id='word_1_516' title='bbox 2617 2397 2780 2452; x_wconf 89' lang='lat' dir='ltr'><strong>amici</strong></span> <span class='ocrx_word' id='word_1_517' title='bbox 2830 2411 3157 2473; x_wconf 87' lang='lat' dir='ltr'><strong>moverunt;</strong></span> <span class='ocrx_word' id='word_1_518' title='bbox 3200 2405 3298 2461; x_wconf 90' lang='lat' dir='ltr'><strong>sed</strong></span> <span class='ocrx_word' id='word_1_519' title='bbox 3346 2408 3421 2463; x_wconf 87' lang='lat' dir='ltr'><strong>si-</strong></span> 
     </span>
    </p>
   </div>
   <div class='ocr_carea' id='block_1_71' title="bbox 1836 2483 3416 2571">
    <p class='ocr_par' dir='ltr' id='par_1_71' title="bbox 1836 2483 3416 2571">
     <span class='ocr_line' id='line_1_71' title="bbox 1836 2483 3416 2571; baseline 0.013 -37"><span class='ocrx_word' id='word_1_520' title='bbox 1836 2483 1951 2536; x_wconf 90' lang='lat' dir='ltr'><strong>mul</strong></span> <span class='ocrx_word' id='word_1_521' title='bbox 2003 2484 2250 2538; x_wconf 91' lang='lat' dir='ltr'><strong>omnium</strong></span> <span class='ocrx_word' id='word_1_522' title='bbox 2314 2485 2659 2558; x_wconf 83' lang='lat' dir='ltr'><strong>naufragium</strong></span> <span class='ocrx_word' id='word_1_523' title='bbox 2711 2488 2887 2547; x_wconf 83' lang='lat' dir='ltr'><strong>fecisti</strong></span> <span class='ocrx_word' id='word_1_524' title='bbox 2934 2512 2947 2548; x_wconf 89' lang='lat'><strong>:</strong></span> <span class='ocrx_word' id='word_1_525' title='bbox 3006 2496 3168 2551; x_wconf 90' lang='lat' dir='ltr'><strong>simul</strong></span> <span class='ocrx_word' id='word_1_526' title='bbox 3210 2499 3416 2571; x_wconf 60' lang='lat' dir='ltr'><strong>spolia.</strong></span> 
     </span>
    </p>
   </div>
   <div class='ocr_carea' id='block_1_72' title="bbox 1837 2575 3413 2661">
    <p class='ocr_par' dir='ltr' id='par_1_72' title="bbox 1837 2575 3413 2661">
     <span class='ocr_line' id='line_1_72' title="bbox 1837 2575 3413 2661; baseline 0.013 -37"><span class='ocrx_word' id='word_1_527' title='bbox 1837 2579 1928 2625; x_wconf 90' lang='lat' dir='ltr'><strong>tus</strong></span> <span class='ocrx_word' id='word_1_528' title='bbox 1978 2588 2038 2628; x_wconf 92' lang='lat' dir='ltr'><strong>es</strong></span> <span class='ocrx_word' id='word_1_529' title='bbox 2096 2575 2376 2631; x_wconf 89' lang='lat' dir='ltr'><strong>omnibus.</strong></span> <span class='ocrx_word' id='word_1_530' title='bbox 2434 2575 2703 2643; x_wconf 87' lang='lat' dir='ltr'><strong>Quocirca</strong></span> <span class='ocrx_word' id='word_1_531' title='bbox 2771 2581 2969 2638; x_wconf 89' lang='lat' dir='ltr'><strong>iterum</strong></span> <span class='ocrx_word' id='word_1_532' title='bbox 3052 2601 3219 2643; x_wconf 86' lang='lat' dir='ltr'><strong>causa</strong></span> <span class='ocrx_word' id='word_1_533' title='bbox 3295 2598 3413 2661; x_wconf 83' lang='lat' dir='ltr'><strong>tua,</strong></span> 
     </span>
    </p>
   </div>
   <div class='ocr_carea' id='block_1_73' title="bbox 1834 2664 3407 2751">
    <p class='ocr_par' dir='ltr' id='par_1_73' title="bbox 1834 2664 3407 2751">
     <span class='ocr_line' id='line_1_73' title="bbox 1834 2664 3407 2751; baseline 0.013 -35"><span class='ocrx_word' id='word_1_534' title='bbox 1834 2664 2023 2725; x_wconf 83' lang='lat' dir='ltr'><strong>miser,</strong></span> <span class='ocrx_word' id='word_1_535' title='bbox 2082 2665 2260 2723; x_wconf 89' lang='lat' dir='ltr'><strong>doleo.</strong></span> <span class='ocrx_word' id='word_1_536' title='bbox 2322 2669 2428 2736; x_wconf 86' lang='lat' dir='ltr'><strong>Qui</strong></span> <span class='ocrx_word' id='word_1_537' title='bbox 2479 2673 2629 2742; x_wconf 85' lang='lat' dir='ltr'><strong>regni</strong></span> <span class='ocrx_word' id='word_1_538' title='bbox 2700 2673 3020 2731; x_wconf 84' lang='lat' dir='ltr'><strong>violentiam</strong></span> <span class='ocrx_word' id='word_1_539' title='bbox 3063 2686 3229 2751; x_wconf 89' lang='lat' dir='ltr'><strong>atque</strong></span> <span class='ocrx_word' id='word_1_540' title='bbox 3295 2680 3407 2737; x_wconf 83' lang='lat' dir='ltr'><strong>dif-</strong></span> 
     </span>
    </p>
   </div>
   <div class='ocr_carea' id='block_1_74' title="bbox 1840 2753 3410 2839">
    <p class='ocr_par' dir='ltr' id='par_1_74' title="bbox 1840 2753 3410 2839">
     <span class='ocr_line' id='line_1_74' title="bbox 1840 2753 3410 2839; baseline 0.015 -32"><span class='ocrx_word' id='word_1_541' title='bbox 1840 2753 2137 2811; x_wconf 81' lang='lat' dir='ltr'><strong>ﬁcultatem</strong></span> <span class='ocrx_word' id='word_1_542' title='bbox 2187 2760 2444 2818; x_wconf 87' lang='lat' dir='ltr'><strong>omnibus</strong></span> <span class='ocrx_word' id='word_1_543' title='bbox 2491 2764 2881 2829; x_wconf 88' lang='lat' dir='ltr'><strong>annuntiabas,</strong></span> <span class='ocrx_word' id='word_1_544' title='bbox 2923 2783 3094 2839; x_wconf 87' lang='lat' dir='ltr'><strong>regno</strong></span> <span class='ocrx_word' id='word_1_545' title='bbox 3131 2771 3410 2831; x_wconf 79' lang='lat' dir='ltr'><strong>excidisti.</strong></span> 
     </span>
    </p>
   </div>
   <div class='ocr_carea' id='block_1_75' title="bbox 1837 2844 3412 2928">
    <p class='ocr_par' dir='ltr' id='par_1_75' title="bbox 1837 2844 3412 2928">
     <span class='ocr_line' id='line_1_75' title="bbox 1837 2844 3412 2928; baseline 0.015 -30"><span class='ocrx_word' id='word_1_546' title='bbox 1837 2844 1938 2912; x_wconf 90' lang='lat' dir='ltr'><strong>Qui</strong></span> <span class='ocrx_word' id='word_1_547' title='bbox 1964 2847 2225 2905; x_wconf 66' lang='lat' dir='ltr'><strong>doctrina:</strong></span> <span class='ocrx_word' id='word_1_548' title='bbox 2254 2861 2459 2908; x_wconf 90' lang='lat' dir='ltr'><strong>metum</strong></span> <span class='ocrx_word' id='word_1_549' title='bbox 2487 2856 2746 2911; x_wconf 84' lang='lat' dir='ltr'><strong>omnibus</strong></span> <span class='ocrx_word' id='word_1_550' title='bbox 2789 2860 3118 2928; x_wconf 89' lang='lat' dir='ltr'><strong>incutiebas,</strong></span> <span class='ocrx_word' id='word_1_551' title='bbox 3155 2860 3254 2918; x_wconf 89' lang='lat' dir='ltr'><strong>Dei</strong></span> <span class='ocrx_word' id='word_1_552' title='bbox 3300 2882 3412 2922; x_wconf 76' lang='lat' dir='ltr'><strong>non</strong></span> 
     </span>
    </p>
   </div>
   <div class='ocr_carea' id='block_1_76' title="bbox 1834 2937 3411 3017">
    <p class='ocr_par' dir='ltr' id='par_1_76' title="bbox 1834 2937 3411 3017">
     <span class='ocr_line' id='line_1_76' title="bbox 1834 2937 3411 3017; baseline 0.015 -26"><span class='ocrx_word' id='word_1_553' title='bbox 1834 2937 2076 2995; x_wconf 86' lang='lat' dir='ltr'><strong>habuisti</strong></span> <span class='ocrx_word' id='word_1_554' title='bbox 2107 2944 2355 2999; x_wconf 86' lang='lat' dir='ltr'><strong>timorem</strong></span> <span class='ocrx_word' id='word_1_555' title='bbox 2375 2946 2446 3001; x_wconf 92' lang='lat' dir='ltr'><strong>ob</strong></span> <span class='ocrx_word' id='word_1_556' title='bbox 2466 2948 2656 3004; x_wconf 92' lang='lat' dir='ltr'><strong>oculos</strong></span> <span class='ocrx_word' id='word_1_557' title='bbox 2681 2956 2824 3006; x_wconf 86' lang='lat' dir='ltr'><strong>tuos.</strong></span> <span class='ocrx_word' id='word_1_558' title='bbox 2847 2950 2952 3017; x_wconf 85' lang='lat' dir='ltr'><strong>Qui</strong></span> <span class='ocrx_word' id='word_1_559' title='bbox 2980 2955 3411 3014; x_wconf 84' lang='lat' dir='ltr'><strong>sanctimoniam</strong></span> 
     </span>
    </p>
   </div>
   <div class='ocr_carea' id='block_1_77' title="bbox 1836 3031 3412 3120">
    <p class='ocr_par' dir='ltr' id='par_1_77' title="bbox 1836 3031 3412 3120">
     <span class='ocr_line' id='line_1_77' title="bbox 1836 3031 3412 3120; baseline 0.014 -37"><span class='ocrx_word' id='word_1_560' title='bbox 1836 3031 2193 3102; x_wconf 64' lang='lat' dir='ltr'><strong>praedicabas,</strong></span> <span class='ocrx_word' id='word_1_561' title='bbox 2231 3037 2496 3096; x_wconf 82' lang='lat' dir='ltr'><strong>scelestus</strong></span> <span class='ocrx_word' id='word_1_562' title='bbox 2527 3039 2972 3112; x_wconf 87' lang='lat' dir='ltr'><strong>deprehenderis.</strong></span> <span class='ocrx_word' id='word_1_563' title='bbox 3007 3044 3114 3112; x_wconf 86' lang='lat' dir='ltr'><strong>Qui</strong></span> <span class='ocrx_word' id='word_1_564' title='bbox 3160 3048 3229 3104; x_wconf 90' lang='lat' dir='ltr'><strong>de</strong></span> <span class='ocrx_word' id='word_1_565' title='bbox 3269 3064 3412 3120; x_wconf 86' lang='lat' dir='ltr'><strong>pau-</strong></span> 
     </span>
    </p>
   </div>
   <div class='ocr_carea' id='block_1_78' title="bbox 1838 3126 3411 3212">
    <p class='ocr_par' dir='ltr' id='par_1_78' title="bbox 1838 3126 3411 3212">
     <span class='ocr_line' id='line_1_78' title="bbox 1838 3126 3411 3212; baseline 0.014 -37"><span class='ocrx_word' id='word_1_566' title='bbox 1838 3130 2048 3191; x_wconf 84' lang='lat' dir='ltr'><strong>perlate</strong></span> <span class='ocrx_word' id='word_1_567' title='bbox 2080 3126 2404 3195; x_wconf 85' lang='lat' dir='ltr'><strong>gloriabare,</strong></span> <span class='ocrx_word' id='word_1_568' title='bbox 2438 3133 2794 3200; x_wconf 87' lang='lat' dir='ltr'><strong>pecuniarum</strong></span> <span class='ocrx_word' id='word_1_569' title='bbox 2823 3134 3078 3193; x_wconf 88' lang='lat' dir='ltr'><strong>inventus</strong></span> <span class='ocrx_word' id='word_1_570' title='bbox 3112 3153 3173 3195; x_wconf 90' lang='lat' dir='ltr'><strong>es</strong></span> <span class='ocrx_word' id='word_1_571' title='bbox 3200 3149 3411 3212; x_wconf 88' lang='lat' dir='ltr'><strong>raptor.</strong></span> 
     </span>
    </p>
   </div>
   <div class='ocr_carea' id='block_1_79' title="bbox 1837 3212 3413 3295">
    <p class='ocr_par' dir='ltr' id='par_1_79' title="bbox 1837 3212 3413 3295">
     <span class='ocr_line' id='line_1_79' title="bbox 1837 3212 3413 3295; baseline 0.016 -29"><span class='ocrx_word' id='word_1_572' title='bbox 1837 3212 1941 3279; x_wconf 87' lang='lat' dir='ltr'><strong>Qui</strong></span> <span class='ocrx_word' id='word_1_573' title='bbox 1974 3215 2266 3273; x_wconf 91' lang='lat' dir='ltr'><strong>imminens</strong></span> <span class='ocrx_word' id='word_1_574' title='bbox 2293 3235 2322 3273; x_wconf 91' lang='lat' dir='ltr'><strong>a</strong></span> <span class='ocrx_word' id='word_1_575' title='bbox 2348 3219 2457 3276; x_wconf 92' lang='lat' dir='ltr'><strong>Deo</strong></span> <span class='ocrx_word' id='word_1_576' title='bbox 2480 3224 2811 3295; x_wconf 89' lang='lat' dir='ltr'><strong>supplicium</strong></span> <span class='ocrx_word' id='word_1_577' title='bbox 2866 3226 3192 3286; x_wconf 88' lang='lat' dir='ltr'><strong>disserendo</strong></span> <span class='ocrx_word' id='word_1_578' title='bbox 3221 3242 3413 3290; x_wconf 77' lang='lat' dir='ltr'><strong>osten-</strong></span> 
     </span>
    </p>
   </div>
   <div class='ocr_carea' id='block_1_80' title="bbox 1835 3300 3414 3386">
    <p class='ocr_par' dir='ltr' id='par_1_80' title="bbox 1835 3300 3414 3386">
     <span class='ocr_line' id='line_1_80' title="bbox 1835 3300 3414 3386; baseline 0.014 -31"><span class='ocrx_word' id='word_1_579' title='bbox 1835 3300 2025 3367; x_wconf 88' lang='lat' dir='ltr'><strong>debas,</strong></span> <span class='ocrx_word' id='word_1_580' title='bbox 2058 3304 2154 3359; x_wconf 90' lang='lat' dir='ltr'><strong>tibi</strong></span> <span class='ocrx_word' id='word_1_581' title='bbox 2194 3310 2310 3376; x_wconf 89' lang='lat' dir='ltr'><strong>ipse</strong></span> <span class='ocrx_word' id='word_1_582' title='bbox 2337 3311 2676 3369; x_wconf 86' lang='lat' dir='ltr'><strong>accersivisti</strong></span> <span class='ocrx_word' id='word_1_583' title='bbox 2724 3316 3074 3386; x_wconf 90' lang='lat' dir='ltr'><strong>supplicium.</strong></span> <span class='ocrx_word' id='word_1_584' title='bbox 3127 3319 3414 3386; x_wconf 88' lang='lat' dir='ltr'><strong>Quomodo</strong></span> 
     </span>
    </p>
   </div>
   <div class='ocr_carea' id='block_1_81' title="bbox 1835 3395 3414 3484">
    <p class='ocr_par' dir='ltr' id='par_1_81' title="bbox 1835 3395 3414 3484">
     <span class='ocr_line' id='line_1_81' title="bbox 1835 3395 3414 3484; baseline 0.015 -37"><span class='ocrx_word' id='word_1_585' title='bbox 1835 3400 1890 3449; x_wconf 88' lang='lat' dir='ltr'><strong>te</strong></span> <span class='ocrx_word' id='word_1_586' title='bbox 1919 3395 2155 3465; x_wconf 83' lang='lat' dir='ltr'><strong>lugebo?</strong></span> <span class='ocrx_word' id='word_1_587' title='bbox 2198 3402 2474 3470; x_wconf 84' lang='lat' dir='ltr'><strong>quomodo</strong></span> <span class='ocrx_word' id='word_1_588' title='bbox 2518 3412 2613 3458; x_wconf 90' lang='lat' dir='ltr'><strong>tua</strong></span> <span class='ocrx_word' id='word_1_589' title='bbox 2663 3419 2830 3462; x_wconf 84' lang='lat' dir='ltr'><strong>causa</strong></span> <span class='ocrx_word' id='word_1_590' title='bbox 2875 3408 3414 3484; x_wconf 74' lang='lat' dir='ltr'><strong>dolebo?quomod-o</strong></span> 
     </span>
    </p>
   </div>
   <div class='ocr_carea' id='block_1_82' title="bbox 1833 3485 3413 3561">
    <p class='ocr_par' dir='ltr' id='par_1_82' title="bbox 1833 3485 3413 3561">
     <span class='ocr_line' id='line_1_82' title="bbox 1833 3485 3413 3561; baseline 0.011 -21"><span class='ocrx_word' id='word_1_591' title='bbox 1833 3485 2039 3540; x_wconf 80' lang='lat' dir='ltr'><strong>excidit</strong></span> <span class='ocrx_word' id='word_1_592' title='bbox 2070 3486 2263 3543; x_wconf 89' lang='lat' dir='ltr'><strong>lucifer</strong></span> <span class='ocrx_word' id='word_1_593' title='bbox 2297 3492 2390 3557; x_wconf 87' lang='lat' dir='ltr'><strong>qui</strong></span> <span class='ocrx_word' id='word_1_594' title='bbox 2415 3507 2575 3548; x_wconf 89' lang='lat' dir='ltr'><strong>mane</strong></span> <span class='ocrx_word' id='word_1_595' title='bbox 2611 3494 2912 3561; x_wconf 82' lang='lat' dir='ltr'><strong>oriebatur,</strong></span> <span class='ocrx_word' id='word_1_596' title='bbox 2943 3505 2999 3552; x_wconf 91' lang='lat' dir='ltr'><strong>et</strong></span> <span class='ocrx_word' id='word_1_597' title='bbox 3016 3503 3291 3558; x_wconf 88' lang='lat' dir='ltr'><strong>contritus</strong></span> <span class='ocrx_word' id='word_1_598' title='bbox 3324 3513 3413 3560; x_wconf 88' lang='lat' dir='ltr'><strong>est</strong></span> 
     </span>
    </p>
   </div>
   <div class='ocr_carea' id='block_1_83' title="bbox 1832 3579 3409 3663">
    <p class='ocr_par' dir='ltr' id='par_1_83' title="bbox 1832 3579 3409 3663">
     <span class='ocr_line' id='line_1_83' title="bbox 1832 3579 3409 3663; baseline 0.013 -31"><span class='ocrx_word' id='word_1_599' title='bbox 1832 3579 1890 3632; x_wconf 90' lang='lat' dir='ltr'><strong>in</strong></span> <span class='ocrx_word' id='word_1_600' title='bbox 1925 3579 2108 3634; x_wconf 81' lang='lat' dir='ltr'><strong>terra?</strong></span> <span class='ocrx_word' id='word_1_601' title='bbox 2143 3579 2385 3637; x_wconf 88' lang='lat' dir='ltr'><strong>Cuilibet</strong></span> <span class='ocrx_word' id='word_1_602' title='bbox 2437 3585 2682 3641; x_wconf 90' lang='lat' dir='ltr'><strong>audienti</strong></span> <span class='ocrx_word' id='word_1_603' title='bbox 2731 3589 2882 3646; x_wconf 90' lang='lat' dir='ltr'><strong>auris</strong></span> <span class='ocrx_word' id='word_1_604' title='bbox 2928 3600 3162 3663; x_wconf 89' lang='lat' dir='ltr'><strong>utraque</strong></span> <span class='ocrx_word' id='word_1_605' title='bbox 3191 3596 3409 3653; x_wconf 92' lang='lat' dir='ltr'><strong>tinniet.</strong></span> 
     </span>
    </p>
   </div>
   <div class='ocr_carea' id='block_1_84' title="bbox 1831 3664 3411 3757">
    <p class='ocr_par' dir='ltr' id='par_1_84' title="bbox 1831 3664 3411 3757">
     <span class='ocr_line' id='line_1_84' title="bbox 1831 3664 3411 3757; baseline 0.013 -32"><span class='ocrx_word' id='word_1_606' title='bbox 1831 3664 2120 3738; x_wconf 66' lang='lat' dir='ltr'><strong>Quomo‘do</strong></span> <span class='ocrx_word' id='word_1_607' title='bbox 2140 3673 2430 3732; x_wconf 66' lang='lat' dir='ltr'><strong>Nazaraeus</strong></span> <span class='ocrx_word' id='word_1_608' title='bbox 2450 3693 2585 3732; x_wconf 89' lang='lat' dir='ltr'><strong>auro</strong></span> <span class='ocrx_word' id='word_1_609' title='bbox 2601 3680 2961 3749; x_wconf 91' lang='lat' dir='ltr'><strong>splendidior,</strong></span> <span class='ocrx_word' id='word_1_610' title='bbox 2986 3684 3211 3757; x_wconf 89' lang='lat' dir='ltr'><strong>fuligine</strong></span> <span class='ocrx_word' id='word_1_611' title='bbox 3230 3687 3411 3746; x_wconf 87' lang='lat' dir='ltr'><strong>factus</strong></span> 
     </span>
    </p>
   </div>
   <div class='ocr_carea' id='block_1_85' title="bbox 1832 3769 3411 3851">
    <p class='ocr_par' dir='ltr' id='par_1_85' title="bbox 1832 3769 3411 3851">
     <span class='ocr_line' id='line_1_85' title="bbox 1832 3769 3411 3851; baseline 0.009 -27"><span class='ocrx_word' id='word_1_612' title='bbox 1832 3776 1916 3825; x_wconf 89' lang='lat' dir='ltr'><strong>est</strong></span> <span class='ocrx_word' id='word_1_613' title='bbox 1967 3769 2302 3825; x_wconf 70' lang='lat' dir='ltr'><strong>obscurior?</strong></span> <span class='ocrx_word' id='word_1_614' title='bbox 2353 3773 2702 3829; x_wconf 86' lang='lat' dir='ltr'><strong>venerandus</strong></span> <span class='ocrx_word' id='word_1_615' title='bbox 2759 3775 2902 3833; x_wconf 87' lang='lat' dir='ltr'><strong>filius</strong></span> <span class='ocrx_word' id='word_1_616' title='bbox 2946 3776 3100 3844; x_wconf 87' lang='lat' dir='ltr'><strong>Sion,</strong></span> <span class='ocrx_word' id='word_1_617' title='bbox 3133 3782 3411 3851; x_wconf 88' lang='lat' dir='ltr'><strong>quomodo</strong></span> 
     </span>
    </p>
   </div>
   <div class='ocr_carea' id='block_1_86' title="bbox 1832 3859 3411 3944">
    <p class='ocr_par' dir='ltr' id='par_1_86' title="bbox 1832 3859 3411 3944">
     <span class='ocr_line' id='line_1_86' title="bbox 1832 3859 3411 3944; baseline 0.009 -28"><span class='ocrx_word' id='word_1_618' title='bbox 1832 3859 2013 3917; x_wconf 88' lang='lat' dir='ltr'><strong>factus</strong></span> <span class='ocrx_word' id='word_1_619' title='bbox 2050 3868 2135 3917; x_wconf 90' lang='lat' dir='ltr'><strong>est</strong></span> <span class='ocrx_word' id='word_1_620' title='bbox 2165 3877 2262 3918; x_wconf 87' lang='lat' dir='ltr'><strong>vas</strong></span> <span class='ocrx_word' id='word_1_621' title='bbox 2289 3863 2519 3919; x_wconf 76' lang='lat' dir='ltr'><strong>inutile?</strong></span> <span class='ocrx_word' id='word_1_622' title='bbox 2560 3865 2732 3936; x_wconf 87' lang='lat' dir='ltr'><strong>Cujus</strong></span> <span class='ocrx_word' id='word_1_623' title='bbox 2774 3867 2830 3922; x_wconf 92' lang='lat' dir='ltr'><strong>in</strong></span> <span class='ocrx_word' id='word_1_624' title='bbox 2882 3871 3057 3925; x_wconf 89' lang='lat' dir='ltr'><strong>sacris</strong></span> <span class='ocrx_word' id='word_1_625' title='bbox 3105 3868 3411 3944; x_wconf 89' lang='lat' dir='ltr'><strong>Scripturis</strong></span> 
     </span>
    </p>
   </div>
   <div class='ocr_carea' id='block_1_87' title="bbox 1832 3952 3414 4035">
    <p class='ocr_par' dir='ltr' id='par_1_87' title="bbox 1832 3952 3414 4035">
     <span class='ocr_line' id='line_1_87' title="bbox 1832 3952 3414 4035; baseline 0.01 -28"><span class='ocrx_word' id='word_1_626' title='bbox 1832 3952 2077 4024; x_wconf 83' lang='lat' dir='ltr'><strong>legendis</strong></span> <span class='ocrx_word' id='word_1_627' title='bbox 2115 3955 2519 4025; x_wconf 76' lang='lat' dir='ltr'><strong>praedicabatur</strong></span> <span class='ocrx_word' id='word_1_628' title='bbox 2562 3959 2827 4014; x_wconf 90' lang='lat' dir='ltr'><strong>memoria</strong></span> <span class='ocrx_word' id='word_1_629' title='bbox 2876 3961 2946 4014; x_wconf 89' lang='lat' dir='ltr'><strong>ab</strong></span> <span class='ocrx_word' id='word_1_630' title='bbox 2987 3963 3266 4030; x_wconf 90' lang='lat' dir='ltr'><strong>omnibus,</strong></span> <span class='ocrx_word' id='word_1_631' title='bbox 3290 3965 3414 4035; x_wconf 87' lang='lat' dir='ltr'><strong>ejus</strong></span> 
     </span>
    </p>
   </div>
   <div class='ocr_carea' id='block_1_88' title="bbox 1832 4043 3410 4128">
    <p class='ocr_par' dir='ltr' id='par_1_88' title="bbox 1832 4043 3410 4128">
     <span class='ocr_line' id='line_1_88' title="bbox 1832 4043 3410 4128; baseline 0.009 -30"><span class='ocrx_word' id='word_1_632' title='bbox 1832 4043 1996 4100; x_wconf 87' lang='lat' dir='ltr'><strong>hodie</strong></span> <span class='ocrx_word' id='word_1_633' title='bbox 2023 4047 2283 4101; x_wconf 89' lang='lat' dir='ltr'><strong>memoria</strong></span> <span class='ocrx_word' id='word_1_634' title='bbox 2311 4062 2436 4101; x_wconf 91' lang='lat' dir='ltr'><strong>cum</strong></span> <span class='ocrx_word' id='word_1_635' title='bbox 2469 4049 2651 4104; x_wconf 89' lang='lat' dir='ltr'><strong>sonitu</strong></span> <span class='ocrx_word' id='word_1_636' title='bbox 2686 4050 2870 4121; x_wconf 88' lang='lat' dir='ltr'><strong>periit.</strong></span> <span class='ocrx_word' id='word_1_637' title='bbox 2914 4051 3156 4119; x_wconf 87' lang='lat' dir='ltr'><strong>Quierat</strong></span> <span class='ocrx_word' id='word_1_638' title='bbox 3188 4058 3410 4128; x_wconf 87' lang='lat' dir='ltr'><strong>ingenio</strong></span> 
     </span>
    </p>
   </div>
   <div class='ocr_carea' id='block_1_89' title="bbox 1831 4137 3408 4217">
    <p class='ocr_par' dir='ltr' id='par_1_89' title="bbox 1831 4137 3408 4217">
     <span class='ocr_line' id='line_1_89' title="bbox 1831 4137 3408 4217; baseline 0.01 -27"><span class='ocrx_word' id='word_1_639' title='bbox 1831 4137 1946 4192; x_wconf 88' lang='lat' dir='ltr'><strong>acri</strong></span> <span class='ocrx_word' id='word_1_640' title='bbox 1976 4146 2030 4193; x_wconf 87' lang='lat' dir='ltr'><strong>et</strong></span> <span class='ocrx_word' id='word_1_641' title='bbox 2060 4139 2250 4206; x_wconf 87' lang='lat' dir='ltr'><strong>veloci,</strong></span> <span class='ocrx_word' id='word_1_642' title='bbox 2281 4140 2539 4196; x_wconf 83' lang='lat' dir='ltr'><strong>velociter</strong></span> <span class='ocrx_word' id='word_1_643' title='bbox 2568 4141 2808 4211; x_wconf 90' lang='lat' dir='ltr'><strong>interiit;</strong></span> <span class='ocrx_word' id='word_1_644' title='bbox 2837 4146 3096 4215; x_wconf 66' lang='lat' dir='ltr'><strong>praeditus</strong></span> <span class='ocrx_word' id='word_1_645' title='bbox 3120 4148 3408 4217; x_wconf 88' lang='lat' dir='ltr'><strong>prudentia</strong></span> 
     </span>
    </p>
   </div>
   <div class='ocr_carea' id='block_1_90' title="bbox 1833 4222 3409 4307">
    <p class='ocr_par' dir='ltr' id='par_1_90' title="bbox 1833 4222 3409 4307">
     <span class='ocr_line' id='line_1_90' title="bbox 1833 4222 3409 4307; baseline 0.006 -25"><span class='ocrx_word' id='word_1_646' title='bbox 1833 4228 2145 4300; x_wconf 89' lang='lat' dir='ltr'><strong>multiplici,</strong></span> <span class='ocrx_word' id='word_1_647' title='bbox 2205 4229 2488 4300; x_wconf 87' lang='lat' dir='ltr'><strong>multiplex</strong></span> <span class='ocrx_word' id='word_1_648' title='bbox 2547 4239 2831 4301; x_wconf 89' lang='lat' dir='ltr'><strong>peccatum</strong></span> <span class='ocrx_word' id='word_1_649' title='bbox 2872 4222 3230 4307; x_wconf 81' lang='lat' dir='ltr'><strong>perpetravit.</strong></span> <span class='ocrx_word' id='word_1_650' title='bbox 3284 4237 3409 4304; x_wconf 88' lang='lat' dir='ltr'><strong>Qui-</strong></span> 
     </span>
    </p>
   </div>
   <div class='ocr_carea' id='block_1_91' title="bbox 1832 4321 3408 4392">
    <p class='ocr_par' dir='ltr' id='par_1_91' title="bbox 1832 4321 3408 4392">
     <span class='ocr_line' id='line_1_91' title="bbox 1832 4321 3408 4392; baseline 0.006 -16"><span class='ocrx_word' id='word_1_651' title='bbox 1832 4321 1936 4377; x_wconf 89' lang='lat' dir='ltr'><strong>bus</strong></span> <span class='ocrx_word' id='word_1_652' title='bbox 1966 4322 2112 4375; x_wconf 89' lang='lat' dir='ltr'><strong>enim</strong></span> <span class='ocrx_word' id='word_1_653' title='bbox 2157 4321 2362 4392; x_wconf 84' lang='lat' dir='ltr'><strong>profuit</strong></span> <span class='ocrx_word' id='word_1_654' title='bbox 2404 4323 2655 4380; x_wconf 87' lang='lat' dir='ltr'><strong>doctrina</strong></span> <span class='ocrx_word' id='word_1_655' title='bbox 2713 4331 2830 4390; x_wconf 89' lang='lat' dir='ltr'><strong>tua,</strong></span> <span class='ocrx_word' id='word_1_656' title='bbox 2882 4327 2921 4381; x_wconf 91' lang='lat' dir='ltr'><strong>ii</strong></span> <span class='ocrx_word' id='word_1_657' title='bbox 2978 4342 3044 4383; x_wconf 85' lang='lat' dir='ltr'><strong>ex</strong></span> <span class='ocrx_word' id='word_1_658' title='bbox 3091 4335 3188 4383; x_wconf 86' lang='lat' dir='ltr'><strong>tuo</strong></span> <span class='ocrx_word' id='word_1_659' title='bbox 3239 4331 3408 4385; x_wconf 79' lang='lat' dir='ltr'><strong>exitio</strong></span> 
     </span>
    </p>
   </div>
   <div class='ocr_carea' id='block_1_92' title="bbox 136 4410 1733 4495">
    <p class='ocr_par' dir='ltr' id='par_1_92' title="bbox 136 4418 1723 4495">
     <span class='ocr_line' id='line_1_92' title="bbox 136 4418 1723 4495; baseline -0.002 -18"><span class='ocrx_word' id='word_1_660' title='bbox 136 4425 231 4477; x_wconf 79' lang='grc' dir='ltr'><strong>καὶ</strong></span> <span class='ocrx_word' id='word_1_661' title='bbox 286 4421 706 4495; x_wconf 76' lang='grc' dir='ltr'>σκυθρωπάζων</span> <span class='ocrx_word' id='word_1_662' title='bbox 732 4422 863 4494; x_wconf 77' lang='grc'><strong>(31),</strong></span> <span class='ocrx_word' id='word_1_663' title='bbox 903 4422 998 4475; x_wconf 73' lang='grc' dir='ltr'><strong>καὶ</strong></span> <span class='ocrx_word' id='word_1_664' title='bbox 1049 4418 1382 4490; x_wconf 82' lang='grc' dir='ltr'>παρειμένος</span> <span class='ocrx_word' id='word_1_665' title='bbox 1424 4420 1723 4486; x_wconf 86' lang='grc' dir='ltr'>πάντοθεν,</span> 
     </span>
    </p>
   </div>
   <div class='ocr_carea' id='block_1_93' title="bbox 1836 4410 3408 4495">
    <p class='ocr_par' dir='ltr' id='par_1_93' title="bbox 1836 4410 3408 4488">
     <span class='ocr_line' id='line_1_93' title="bbox 1836 4410 3408 4488; baseline 0.007 -24"><span class='ocrx_word' id='word_1_666' title='bbox 1836 4410 2093 4466; x_wconf 90' lang='lat' dir='ltr'><strong>damnum</strong></span> <span class='ocrx_word' id='word_1_667' title='bbox 2120 4427 2399 4483; x_wconf 89' lang='lat' dir='ltr'><strong>accepere.</strong></span> <span class='ocrx_word' id='word_1_668' title='bbox 2441 4412 2544 4482; x_wconf 90' lang='lat' dir='ltr'><strong>Qui</strong></span> <span class='ocrx_word' id='word_1_669' title='bbox 2573 4430 2735 4472; x_wconf 90' lang='lat' dir='ltr'><strong>aures</strong></span> <span class='ocrx_word' id='word_1_670' title='bbox 2769 4416 3061 4488; x_wconf 88' lang='lat' dir='ltr'><strong>colloquiis</strong></span> <span class='ocrx_word' id='word_1_671' title='bbox 3101 4421 3211 4476; x_wconf 88' lang='lat' dir='ltr'><strong>tuis</strong></span> <span class='ocrx_word' id='word_1_672' title='bbox 3251 4419 3408 4475; x_wconf 85' lang='lat' dir='ltr'><strong>adhi-</strong></span> 
     </span>
    </p>
   </div>
   <div class='ocr_carea' id='block_1_94' title="bbox 136 4514 1723 4586">
    <p class='ocr_par' dir='ltr' id='par_1_94' title="bbox 136 4514 1723 4586">
     <span class='ocr_line' id='line_1_94' title="bbox 136 4514 1723 4586; baseline -0.002 -17"><span class='ocrx_word' id='word_1_673' title='bbox 136 4518 233 4570; x_wconf 74' lang='grc' dir='ltr'><strong>καὶ</strong></span> <span class='ocrx_word' id='word_1_674' title='bbox 267 4515 469 4569; x_wconf 80' lang='grc' dir='ltr'>σποδὸν</span> <span class='ocrx_word' id='word_1_675' title='bbox 499 4514 635 4568; x_wconf 84' lang='grc' dir='ltr'>ὡσεὶ</span> <span class='ocrx_word' id='word_1_676' title='bbox 682 4514 845 4586; x_wconf 80' lang='grc' dir='ltr'>ἄρτον</span> <span class='ocrx_word' id='word_1_677' title='bbox 876 4514 1092 4579; x_wconf 89' lang='grc' dir='ltr'>ἐσθίων,</span> <span class='ocrx_word' id='word_1_678' title='bbox 1133 4515 1230 4570; x_wconf 77' lang='grc' dir='ltr'><strong>καὶ</strong></span> <span class='ocrx_word' id='word_1_679' title='bbox 1277 4515 1481 4569; x_wconf 82' lang='grc' dir='ltr'>σάκκον</span> <span class='ocrx_word' id='word_1_680' title='bbox 1522 4514 1617 4567; x_wconf 68' lang='grc' dir='ltr'>ἐπὶ</span> <span class='ocrx_word' id='word_1_681' title='bbox 1658 4515 1723 4585; x_wconf 83' lang='grc' dir='ltr'><strong>τῇ</strong></span> 
     </span>
    </p>
   </div>
   <div class='ocr_carea' id='block_1_95' title="bbox 138 4604 1727 4682">
    <p class='ocr_par' dir='ltr' id='par_1_95' title="bbox 138 4604 1727 4682">
     <span class='ocr_line' id='line_1_95' title="bbox 138 4604 1727 4682; baseline -0.021 -4"><span class='ocrx_word' id='word_1_682' title='bbox 138 4610 326 4682; x_wconf 77' lang='grc' dir='ltr'>πληγῇ</span> <span class='ocrx_word' id='word_1_683' title='bbox 361 4625 466 4681; x_wconf 79' lang='grc' dir='ltr'><strong>μου</strong></span> <span class='ocrx_word' id='word_1_684' title='bbox 490 4605 807 4678; x_wconf 74' lang='grc' dir='ltr'>ὲπιρῤίψας,</span> <span class='ocrx_word' id='word_1_685' title='bbox 840 4605 1069 4660; x_wconf 87' lang='grc' dir='ltr'>τοιαῦτά</span> <span class='ocrx_word' id='word_1_686' title='bbox 1109 4623 1192 4659; x_wconf 91' lang='grc' dir='ltr'><strong>σοι</strong></span> <span class='ocrx_word' id='word_1_687' title='bbox 1219 4604 1472 4678; x_wconf 83' lang='grc' dir='ltr'>ἐγκώμια</span> <span class='ocrx_word' id='word_1_688' title='bbox 1517 4604 1727 4676; x_wconf 80' lang='grc' dir='ltr'>διεξέρ-</span> 
     </span>
    </p>
   </div>
   <div class='ocr_carea' id='block_1_96' title="bbox 138 4695 1727 4771">
    <p class='ocr_par' dir='ltr' id='par_1_96' title="bbox 138 4695 1727 4771">
     <span class='ocr_line' id='line_1_96' title="bbox 138 4695 1727 4771; baseline -0.004 -18"><span class='ocrx_word' id='word_1_689' title='bbox 138 4716 345 4771; x_wconf 81' lang='grc' dir='ltr'>χομαι·</span> <span class='ocrx_word' id='word_1_690' title='bbox 396 4696 595 4769; x_wconf 80' lang='grc' dir='ltr'>μᾶλλον</span> <span class='ocrx_word' id='word_1_691' title='bbox 644 4696 704 4749; x_wconf 86' lang='grc' dir='ltr'>δὲ</span> <span class='ocrx_word' id='word_1_692' title='bbox 752 4695 1072 4764; x_wconf 76' lang='grc' dir='ltr'>ἐπιταφίους</span> <span class='ocrx_word' id='word_1_693' title='bbox 1132 4695 1322 4765; x_wconf 90' lang='grc' dir='ltr'>λόγους</span> <span class='ocrx_word' id='word_1_694' title='bbox 1380 4695 1727 4759; x_wconf 86' lang='grc' dir='ltr'>συντάσσων,</span> 
     </span>
    </p>
   </div>
   <div class='ocr_carea' id='block_1_97' title="bbox 138 4787 1727 4863">
    <p class='ocr_par' dir='ltr' id='par_1_97' title="bbox 138 4787 1727 4863">
     <span class='ocr_line' id='line_1_97' title="bbox 138 4787 1727 4863; baseline -0.004 -17"><span class='ocrx_word' id='word_1_695' title='bbox 138 4791 534 4863; x_wconf 79' lang='grc' dir='ltr'>ἀπαράκλητος</span> <span class='ocrx_word' id='word_1_696' title='bbox 582 4789 679 4843; x_wconf 78' lang='grc' dir='ltr'>καὶ</span> <span class='ocrx_word' id='word_1_697' title='bbox 716 4787 1092 4860; x_wconf 85' lang='grc' dir='ltr'>ἀθεράπευτος</span> <span class='ocrx_word' id='word_1_698' title='bbox 1122 4787 1351 4841; x_wconf 89' lang='grc' dir='ltr'>διατελῶ</span> <span class='ocrx_word' id='word_1_699' title='bbox 1374 4804 1389 4818; x_wconf 75' lang='grc' dir='ltr'><strong>ο</strong></span> <span class='ocrx_word' id='word_1_700' title='bbox 1434 4789 1517 4841; x_wconf 87' lang='grc' dir='ltr'><strong>ὅτι</strong></span> <span class='ocrx_word' id='word_1_701' title='bbox 1546 4788 1727 4859; x_wconf 87' lang='grc' dir='ltr'>παρά-</span> 
     </span>
    </p>
   </div>
   <div class='ocr_carea' id='block_1_98' title="bbox 139 4879 1728 4954">
    <p class='ocr_par' dir='ltr' id='par_1_98' title="bbox 139 4879 1728 4954">
     <span class='ocr_line' id='line_1_98' title="bbox 139 4879 1728 4954; baseline -0.003 -17"><span class='ocrx_word' id='word_1_702' title='bbox 139 4884 337 4954; x_wconf 78' lang='grc' dir='ltr'>κλησις</span> <span class='ocrx_word' id='word_1_703' title='bbox 368 4881 680 4953; x_wconf 79' lang='grc' dir='ltr'>κέκρυπται</span> <span class='ocrx_word' id='word_1_704' title='bbox 718 4880 828 4934; x_wconf 80' lang='grc' dir='ltr'><strong>ἀπὸ</strong></span> <span class='ocrx_word' id='word_1_705' title='bbox 849 4879 958 4934; x_wconf 89' lang='grc' dir='ltr'><strong>τῶν</strong></span> <span class='ocrx_word' id='word_1_706' title='bbox 997 4879 1292 4949; x_wconf 70' lang='grc' dir='ltr'>ὀφθαλμῶν</span> <span class='ocrx_word' id='word_1_707' title='bbox 1327 4896 1450 4942; x_wconf 72' lang='grc' dir='ltr'>μου,</span> <span class='ocrx_word' id='word_1_708' title='bbox 1495 4880 1590 4933; x_wconf 77' lang='grc' dir='ltr'>καὶ</span> <span class='ocrx_word' id='word_1_709' title='bbox 1626 4880 1728 4932; x_wconf 76' lang='grc' dir='ltr'>οὐκ</span> 
     </span>
    </p>
   </div>
   <div class='ocr_carea' id='block_1_99' title="bbox 210 5073 1727 5157">
    <p class='ocr_par' dir='ltr' id='par_1_99' title="bbox 210 5073 1727 5157">
     <span class='ocr_line' id='line_1_99' title="bbox 210 5073 1727 5157; baseline -0.004 -19"><span class='ocrx_word' id='word_1_710' title='bbox 361 5082 493 5157; x_wconf 57' lang='grc' dir='ltr'>τοῖς</span> <span class='ocrx_word' id='word_1_711' title='bbox 514 5079 981 5157; x_wconf 46' lang='grc' dir='ltr'><strong>ἀσεϐέςιῃ-Εὰἰιί</strong></span> <span class='ocrx_word' id='word_1_712' title='bbox 1030 5079 1110 5157; x_wconf 45' lang='grc' dir='ltr'>ἐν.</span> <span class='ocrx_word' id='word_1_713' title='bbox 1129 5079 1262 5157; x_wconf 74' lang='grc' dir='ltr'>τοῖς.</span> <span class='ocrx_word' id='word_1_714' title='bbox 1284 5073 1401 5157; x_wconf 73' lang='lat' dir='ltr'><strong>_Scd</strong></span> <span class='ocrx_word' id='word_1_715' title='bbox 1427 5089 1555 5157; x_wconf 69' lang='lat' dir='ltr'><strong>_naa_c</strong></span> <span class='ocrx_word' id='word_1_716' title='bbox 1587 5090 1727 5145; x_wconf 73' lang='lat' dir='ltr'><strong>pra:-</strong></span> 
     </span>
    </p>
   </div>
   <div class='ocr_carea' id='block_1_100' title="bbox 140 5145 1727 5235">
    <p class='ocr_par' dir='ltr' id='par_1_100' title="bbox 140 5145 1727 5235">
     <span class='ocr_line' id='line_1_100' title="bbox 140 5145 1727 5235; baseline -0.004 -26"><span class='ocrx_word' id='word_1_717' title='bbox 140 5145 556 5235; x_wconf 40' lang='lat' dir='ltr'><strong>positiondeést&#39;</strong></span> <span class='ocrx_word' id='word_1_718' title='bbox 584 5155 657 5235; x_wconf 44' lang='lat' dir='ltr'><strong>in.</strong></span> <span class='ocrx_word' id='word_1_719' title='bbox 686 5152 857 5208; x_wconf 87' lang='lat' dir='ltr'><strong>Coisl.</strong></span> <span class='ocrx_word' id='word_1_720' title='bbox 904 5148 1150 5206; x_wconf 86' lang='lat' dir='ltr'><strong>secundo</strong></span> <span class='ocrx_word' id='word_1_721' title='bbox 1194 5153 1250 5201; x_wconf 87' lang='lat' dir='ltr'><strong>et</strong></span> <span class='ocrx_word' id='word_1_722' title='bbox 1284 5148 1339 5200; x_wconf 90' lang='lat' dir='ltr'><strong>in</strong></span> <span class='ocrx_word' id='word_1_723' title='bbox 1390 5145 1638 5216; x_wconf 89' lang='lat' dir='ltr'><strong>pluribus</strong></span> <span class='ocrx_word' id='word_1_724' title='bbox 1694 5161 1727 5201; x_wconf 87' lang='lat' dir='ltr'><strong>a</strong></span> 
     </span>
    </p>
   </div>
   <div class='ocr_carea' id='block_1_101' title="bbox 141 5223 1494 5367">
    <p class='ocr_par' dir='ltr' id='par_1_101' title="bbox 141 5223 1494 5367">
     <span class='ocr_line' id='line_1_101' title="bbox 141 5223 712 5281; baseline -0.009 -1"><span class='ocrx_word' id='word_1_725' title='bbox 141 5223 478 5281; x_wconf 83' lang='lat' dir='ltr'><strong>Combefisio</strong></span> <span class='ocrx_word' id='word_1_726' title='bbox 510 5223 712 5278; x_wconf 90' lang='lat' dir='ltr'><strong>citatis.</strong></span> 
     </span>
     <span class='ocr_line' id='line_1_102' title="bbox 206 5285 1494 5367; baseline -0.009 -18"><span class='ocrx_word' id='word_1_727' title='bbox 206 5295 331 5367; x_wconf 56' lang='lat'><strong>(2.5)</strong></span> <span class='ocrx_word' id='word_1_728' title='bbox 368 5292 825 5367; x_wconf 57' lang='grc' dir='ltr'>Παραόέδωθέιις.</span> <span class='ocrx_word' id='word_1_729' title='bbox 850 5288 966 5367; x_wconf 74' lang='lat' dir='ltr'><strong>Duo</strong></span> <span class='ocrx_word' id='word_1_730' title='bbox 994 5300 1128 5367; x_wconf 86' lang='lat' dir='ltr'><strong>mss_.</strong></span> <span class='ocrx_word' id='word_1_731' title='bbox 1153 5285 1494 5367; x_wconf 70' lang='grc' dir='ltr'>παρέδωκας.</span> 
     </span>
    </p>
   </div>
   <div class='ocr_carea' id='block_1_102' title="bbox 209 5353 1722 5443">
    <p class='ocr_par' dir='ltr' id='par_1_102' title="bbox 209 5353 1722 5443">
     <span class='ocr_line' id='line_1_103' title="bbox 209 5353 1722 5443; baseline -0.001 1"><span class='ocrx_word' id='word_1_732' title='bbox 209 5353 330 5443; x_wconf 64' lang='grc' dir='ltr'>ἱεδ)</span> <span class='ocrx_word' id='word_1_733' title='bbox 370 5353 649 5443; x_wconf 51' lang='grc' dir='ltr'><strong>ἐέούων-</strong></span> <span class='ocrx_word' id='word_1_734' title='bbox 688 5353 829 5443; x_wconf 53' lang='lat' dir='ltr'><strong>Eii“</strong></span> <span class='ocrx_word' id='word_1_735' title='bbox 863 5360 1070 5443; x_wconf 51' lang='lat' dir='ltr'><strong>esse&quot;!</strong></span> <span class='ocrx_word' id='word_1_736' title='bbox 1103 5359 1197 5443; x_wconf 63' lang='grc' dir='ltr'><strong>έῖτῖ</strong></span> <span class='ocrx_word' id='word_1_737' title='bbox 1221 5353 1464 5443; x_wconf 26' lang='grc' dir='ltr'><strong>,ἐξαιτέεςεὶ</strong></span> <span class='ocrx_word' id='word_1_738' title='bbox 1488 5353 1722 5443; x_wconf 50' lang='lat' dir='ltr'><strong>ira???</strong></span> 
     </span>
    </p>
   </div>
   <div class='ocr_carea' id='block_1_103' title="bbox 140 5425 1722 5502">
    <p class='ocr_par' dir='ltr' id='par_1_103' title="bbox 140 5425 1722 5502">
     <span class='ocr_line' id='line_1_104' title="bbox 140 5425 1722 5502; baseline -0.005 -13"><span class='ocrx_word' id='word_1_739' title='bbox 140 5425 271 5489; x_wconf 69' lang='lat' dir='ltr'><strong>sunt</strong></span> <span class='ocrx_word' id='word_1_740' title='bbox 309 5425 364 5488; x_wconf 89' lang='lat' dir='ltr'><strong>in</strong></span> <span class='ocrx_word' id='word_1_741' title='bbox 396 5434 531 5502; x_wconf 72' lang='lat' dir='ltr'><strong>Reg.</strong></span> <span class='ocrx_word' id='word_1_742' title='bbox 557 5430 801 5487; x_wconf 87' lang='lat' dir='ltr'><strong>secundo</strong></span> <span class='ocrx_word' id='word_1_743' title='bbox 830 5437 883 5484; x_wconf 91' lang='lat' dir='ltr'><strong>et</strong></span> <span class='ocrx_word' id='word_1_744' title='bbox 904 5430 1074 5485; x_wconf 82' lang='lat' dir='ltr'><strong>Coisl.</strong></span> <span class='ocrx_word' id='word_1_745' title='bbox 1108 5436 1162 5482; x_wconf 89' lang='lat' dir='ltr'><strong>et</strong></span> <span class='ocrx_word' id='word_1_746' title='bbox 1187 5428 1310 5483; x_wconf 89' lang='lat' dir='ltr'><strong>aliis</strong></span> <span class='ocrx_word' id='word_1_747' title='bbox 1337 5441 1368 5480; x_wconf 88' lang='lat' dir='ltr'><strong>a</strong></span> <span class='ocrx_word' id='word_1_748' title='bbox 1397 5425 1722 5482; x_wconf 77' lang='lat' dir='ltr'><strong>Combeﬁsio</strong></span> 
     </span>
    </p>
   </div>
   <div class='ocr_carea' id='block_1_104' title="bbox 137 5502 1719 5578">
    <p class='ocr_par' dir='ltr' id='par_1_104' title="bbox 137 5502 1719 5578">
     <span class='ocr_line' id='line_1_105' title="bbox 137 5502 1719 5578; baseline -0.004 -19"><span class='ocrx_word' id='word_1_749' title='bbox 137 5505 345 5578; x_wconf 64' lang='lat' dir='ltr'><strong>citatis,</strong></span> <span class='ocrx_word' id='word_1_750' title='bbox 373 5518 453 5578; x_wconf 55' lang='lat' dir='ltr'><strong>ac</strong></span> <span class='ocrx_word' id='word_1_751' title='bbox 481 5502 673 5578; x_wconf 81' lang='lat' dir='ltr'><strong>melius</strong></span> <span class='ocrx_word' id='word_1_752' title='bbox 695 5502 952 5578; x_wconf 63' lang='lat' dir='ltr'><strong>videntur</strong></span> <span class='ocrx_word' id='word_1_753' title='bbox 969 5502 1219 5578; x_wconf 45' lang='lat' dir='ltr'><strong>deesse.</strong></span> <span class='ocrx_word' id='word_1_754' title='bbox 1258 5565 1272 5578; x_wconf 43' lang='lat'><strong><em>‘</em></strong></span> <span class='ocrx_word' id='word_1_755' title='bbox 1367 5573 1379 5578; x_wconf 29' lang='grc' dir='ltr'><strong><em>Δ</em></strong></span> <span class='ocrx_word' id='word_1_756' title='bbox 1412 5564 1460 5578; x_wconf 54' lang='grc' dir='ltr'>η</span> <span class='ocrx_word' id='word_1_757' title='bbox 1581 5564 1719 5578; x_wconf 49' lang='lat' dir='ltr'><strong>mu</strong></span> 
     </span>
    </p>
   </div>
   <div class='ocr_carea' id='block_1_105' title="bbox 202 5564 1722 5661">
    <p class='ocr_par' dir='ltr' id='par_1_105' title="bbox 202 5564 1722 5661">
     <span class='ocr_line' id='line_1_106' title="bbox 202 5564 1722 5661; baseline -0.005 -32"><span class='ocrx_word' id='word_1_758' title='bbox 202 5564 340 5661; x_wconf 30' lang='grc' dir='ltr'><strong>εἴη-</strong></span> <span class='ocrx_word' id='word_1_759' title='bbox 369 5572 502 5654; x_wconf 60' lang='grc' dir='ltr'><strong>Τῶζ</strong></span> <span class='ocrx_word' id='word_1_760' title='bbox 521 5571 813 5641; x_wconf 77' lang='grc' dir='ltr'>οὐρανῶν.</span> <span class='ocrx_word' id='word_1_761' title='bbox 850 5570 943 5624; x_wconf 83' lang='lat' dir='ltr'><strong>Sic</strong></span> <span class='ocrx_word' id='word_1_762' title='bbox 969 5568 1102 5641; x_wconf 83' lang='lat' dir='ltr'><strong>Reg.</strong></span> <span class='ocrx_word' id='word_1_763' title='bbox 1126 5565 1295 5623; x_wconf 86' lang='lat' dir='ltr'><strong>Coisl.</strong></span> <span class='ocrx_word' id='word_1_764' title='bbox 1333 5573 1387 5622; x_wconf 88' lang='lat' dir='ltr'><strong>et</strong></span> <span class='ocrx_word' id='word_1_765' title='bbox 1412 5564 1550 5621; x_wconf 81' lang='lat' dir='ltr'><strong>Maz.</strong></span> <span class='ocrx_word' id='word_1_766' title='bbox 1580 5564 1722 5621; x_wconf 86' lang='lat' dir='ltr'><strong>Editi</strong></span> 
     </span>
    </p>
   </div>
   <div class='ocr_carea' id='block_1_106' title="bbox 141 5660 1723 5785">
    <p class='ocr_par' dir='ltr' id='par_1_106' title="bbox 141 5660 1723 5785">
     <span class='ocr_line' id='line_1_107' title="bbox 141 5660 1346 5721; baseline -0.007 -23"><span class='ocrx_word' id='word_1_767' title='bbox 141 5663 234 5700; x_wconf 83' lang='grc' dir='ltr'><strong>του</strong></span> <span class='ocrx_word' id='word_1_768' title='bbox 263 5660 524 5717; x_wconf 80' lang='grc' dir='ltr'>ουρανου.</span> <span class='ocrx_word' id='word_1_769' title='bbox 1162 5708 1174 5721; x_wconf 39' lang='grc' dir='ltr'><strong>Ι</strong></span> <span class='ocrx_word' id='word_1_770' title='bbox 1334 5707 1346 5718; x_wconf 77' lang='lat'>_</span> 
     </span>
     <span class='ocr_line' id='line_1_108' title="bbox 210 5707 1723 5785; baseline -0.007 -13"><span class='ocrx_word' id='word_1_771' title='bbox 210 5716 330 5785; x_wconf 74' lang='lat'><strong>(28)</strong></span> <span class='ocrx_word' id='word_1_772' title='bbox 366 5712 722 5782; x_wconf 80' lang='grc' dir='ltr'>Πωρώσεως.</span> <span class='ocrx_word' id='word_1_773' title='bbox 753 5708 844 5766; x_wconf 89' lang='lat' dir='ltr'><strong>Sic</strong></span> <span class='ocrx_word' id='word_1_774' title='bbox 863 5710 1032 5767; x_wconf 87' lang='lat' dir='ltr'><strong>editio</strong></span> <span class='ocrx_word' id='word_1_775' title='bbox 1053 5707 1382 5766; x_wconf 75' lang='lat' dir='ltr'><strong>Basdeensrs</strong></span> <span class='ocrx_word' id='word_1_776' title='bbox 1409 5715 1462 5764; x_wconf 91' lang='lat' dir='ltr'><strong>et</strong></span> <span class='ocrx_word' id='word_1_777' title='bbox 1489 5715 1600 5763; x_wconf 90' lang='lat' dir='ltr'><strong>tres</strong></span> <span class='ocrx_word' id='word_1_778' title='bbox 1624 5720 1723 5761; x_wconf 89' lang='lat' dir='ltr'><strong>no-</strong></span> 
     </span>
    </p>
   </div>
   <div class='ocr_carea' id='block_1_107' title="bbox 468 5797 1193 5868">
    <p class='ocr_par' dir='ltr' id='par_1_107' title="bbox 468 5797 1193 5868">
     <span class='ocr_line' id='line_1_109' title="bbox 468 5797 1193 5868; baseline -0.011 0"><span class='ocrx_word' id='word_1_779' title='bbox 468 5806 739 5868; x_wconf 73' lang='grc' dir='ltr'>ΡΑτκοι..</span> <span class='ocrx_word' id='word_1_780' title='bbox 772 5803 865 5865; x_wconf 75' lang='lat' dir='ltr'><strong>Gtt</strong></span> <span class='ocrx_word' id='word_1_781' title='bbox 927 5797 1193 5861; x_wconf 77' lang='lat' dir='ltr'><strong>XXXII.</strong></span> 
     </span>
    </p>
   </div>
   <div class='ocr_carea' id='block_1_108' title="bbox 1834 4501 3407 4584">
    <p class='ocr_par' dir='ltr' id='par_1_108' title="bbox 1834 4501 3407 4584">
     <span class='ocr_line' id='line_1_110' title="bbox 1834 4501 3407 4584; baseline 0.008 -27"><span class='ocrx_word' id='word_1_782' title='bbox 1834 4501 2090 4567; x_wconf 84' lang='lat' dir='ltr'><strong>buerunt,</strong></span> <span class='ocrx_word' id='word_1_783' title='bbox 2129 4502 2286 4575; x_wconf 77' lang='lat'><strong>132</strong></span> <span class='ocrx_word' id='word_1_784' title='bbox 2317 4505 2640 4562; x_wconf 80' lang='lat' dir='ltr'><strong>obturaverc</strong></span> <span class='ocrx_word' id='word_1_785' title='bbox 2666 4508 2909 4578; x_wconf 89' lang='lat' dir='ltr'><strong>pernicie</strong></span> <span class='ocrx_word' id='word_1_786' title='bbox 2941 4518 3034 4563; x_wconf 90' lang='lat' dir='ltr'><strong>tua</strong></span> <span class='ocrx_word' id='word_1_787' title='bbox 3056 4511 3260 4566; x_wconf 89' lang='lat' dir='ltr'><strong>audita.</strong></span> <span class='ocrx_word' id='word_1_788' title='bbox 3294 4512 3407 4584; x_wconf 85' lang='lat' dir='ltr'><strong>Ego</strong></span> 
     </span>
    </p>
   </div>
   <div class='ocr_carea' id='block_1_109' title="bbox 1831 4595 3403 4670">
    <p class='ocr_par' dir='ltr' id='par_1_109' title="bbox 1831 4595 3403 4670">
     <span class='ocr_line' id='line_1_111' title="bbox 1831 4595 3403 4670; baseline 0.006 -21"><span class='ocrx_word' id='word_1_789' title='bbox 1831 4609 1962 4649; x_wconf 84' lang='lat' dir='ltr'><strong>vero</strong></span> <span class='ocrx_word' id='word_1_790' title='bbox 1996 4595 2302 4651; x_wconf 83' lang='lat' dir='ltr'><strong>lamentans</strong></span> <span class='ocrx_word' id='word_1_791' title='bbox 2355 4598 2676 4669; x_wconf 88' lang='lat' dir='ltr'><strong>tristemque</strong></span> <span class='ocrx_word' id='word_1_792' title='bbox 2711 4600 2917 4653; x_wconf 90' lang='lat' dir='ltr'><strong>vultum</strong></span> <span class='ocrx_word' id='word_1_793' title='bbox 2954 4615 3066 4670; x_wconf 66' lang='lat' dir='ltr'><strong>prae</strong></span> <span class='ocrx_word' id='word_1_794' title='bbox 3094 4617 3181 4657; x_wconf 88' lang='lat' dir='ltr'><strong>me</strong></span> <span class='ocrx_word' id='word_1_795' title='bbox 3203 4602 3403 4669; x_wconf 87' lang='lat' dir='ltr'><strong>ferens,</strong></span> 
     </span>
    </p>
   </div>
   <div class='ocr_carea' id='block_1_110' title="bbox 1830 4687 3407 4762">
    <p class='ocr_par' dir='ltr' id='par_1_110' title="bbox 1830 4687 3407 4762">
     <span class='ocr_line' id='line_1_112' title="bbox 1830 4687 3407 4762; baseline 0.004 -21"><span class='ocrx_word' id='word_1_796' title='bbox 1830 4694 1887 4741; x_wconf 88' lang='lat' dir='ltr'><strong>et</strong></span> <span class='ocrx_word' id='word_1_797' title='bbox 1916 4687 2193 4743; x_wconf 90' lang='lat' dir='ltr'><strong>undelibet</strong></span> <span class='ocrx_word' id='word_1_798' title='bbox 2211 4688 2517 4752; x_wconf 77' lang='lat' dir='ltr'><strong>exsolutus,</strong></span> <span class='ocrx_word' id='word_1_799' title='bbox 2539 4698 2593 4744; x_wconf 90' lang='lat' dir='ltr'><strong>et</strong></span> <span class='ocrx_word' id='word_1_800' title='bbox 2614 4691 2850 4745; x_wconf 89' lang='lat' dir='ltr'><strong>cinerem</strong></span> <span class='ocrx_word' id='word_1_801' title='bbox 2869 4692 3018 4746; x_wconf 84' lang='lat' dir='ltr'><strong>velut</strong></span> <span class='ocrx_word' id='word_1_802' title='bbox 3036 4707 3230 4762; x_wconf 86' lang='lat' dir='ltr'><strong>panem</strong></span> <span class='ocrx_word' id='word_1_803' title='bbox 3252 4708 3407 4748; x_wconf 81' lang='lat' dir='ltr'><strong>com-</strong></span> 
     </span>
    </p>
   </div>
   <div class='ocr_carea' id='block_1_111' title="bbox 1829 4779 3405 4854">
    <p class='ocr_par' dir='ltr' id='par_1_111' title="bbox 1829 4779 3405 4854">
     <span class='ocr_line' id='line_1_113' title="bbox 1829 4779 3405 4854; baseline 0.005 -20"><span class='ocrx_word' id='word_1_804' title='bbox 1829 4779 2020 4843; x_wconf 88' lang='lat' dir='ltr'><strong>edens,</strong></span> <span class='ocrx_word' id='word_1_805' title='bbox 2081 4795 2243 4836; x_wconf 91' lang='lat' dir='ltr'><strong>sacco</strong></span> <span class='ocrx_word' id='word_1_806' title='bbox 2311 4780 2366 4835; x_wconf 93' lang='lat' dir='ltr'><strong>in</strong></span> <span class='ocrx_word' id='word_1_807' title='bbox 2404 4782 2616 4852; x_wconf 82' lang='lat' dir='ltr'><strong>plagam</strong></span> <span class='ocrx_word' id='word_1_808' title='bbox 2654 4796 2829 4836; x_wconf 82' lang='lat' dir='ltr'><strong>meam</strong></span> <span class='ocrx_word' id='word_1_809' title='bbox 2869 4781 3091 4850; x_wconf 86' lang='lat' dir='ltr'><strong>injecto,</strong></span> <span class='ocrx_word' id='word_1_810' title='bbox 3135 4784 3231 4839; x_wconf 90' lang='lat' dir='ltr'><strong>tibi</strong></span> <span class='ocrx_word' id='word_1_811' title='bbox 3260 4785 3405 4854; x_wconf 88' lang='lat' dir='ltr'><strong>ejus-</strong></span> 
     </span>
    </p>
   </div>
   <div class='ocr_carea' id='block_1_112' title="bbox 1830 4870 3403 4943">
    <p class='ocr_par' dir='ltr' id='par_1_112' title="bbox 1830 4870 3403 4943">
     <span class='ocr_line' id='line_1_114' title="bbox 1830 4870 3403 4943; baseline 0.005 -19"><span class='ocrx_word' id='word_1_812' title='bbox 1830 4870 1976 4924; x_wconf 88' lang='lat' dir='ltr'><strong>modi</strong></span> <span class='ocrx_word' id='word_1_813' title='bbox 2030 4871 2302 4941; x_wconf 70' lang='lat' dir='ltr'><strong>praeconia</strong></span> <span class='ocrx_word' id='word_1_814' title='bbox 2336 4886 2633 4938; x_wconf 88' lang='lat' dir='ltr'><strong>recenseo,</strong></span> <span class='ocrx_word' id='word_1_815' title='bbox 2696 4872 2808 4927; x_wconf 92' lang='lat' dir='ltr'><strong>imo</strong></span> <span class='ocrx_word' id='word_1_816' title='bbox 2862 4873 3046 4943; x_wconf 85' lang='lat' dir='ltr'><strong>potius</strong></span> <span class='ocrx_word' id='word_1_817' title='bbox 3096 4875 3403 4932; x_wconf 87' lang='lat' dir='ltr'><strong>orationem</strong></span> 
     </span>
    </p>
   </div>
   <div class='ocr_carea' id='block_1_113' title="bbox 1829 5073 3403 5132">
    <p class='ocr_par' dir='ltr' id='par_1_113' title="bbox 1829 5073 3403 5132">
     <span class='ocr_line' id='line_1_115' title="bbox 1829 5073 3403 5132; baseline 0.003 -5"><span class='ocrx_word' id='word_1_818' title='bbox 1829 5076 1929 5129; x_wconf 87' lang='lat' dir='ltr'><strong>stri</strong></span> <span class='ocrx_word' id='word_1_819' title='bbox 1966 5076 2187 5132; x_wconf 89' lang='lat' dir='ltr'><strong>codices</strong></span> <span class='ocrx_word' id='word_1_820' title='bbox 2209 5085 2265 5131; x_wconf 90' lang='lat' dir='ltr'><strong>et</strong></span> <span class='ocrx_word' id='word_1_821' title='bbox 2295 5074 2388 5130; x_wconf 76' lang='lat' dir='ltr'><strong>alii</strong></span> <span class='ocrx_word' id='word_1_822' title='bbox 2416 5088 2448 5129; x_wconf 91' lang='lat' dir='ltr'><strong>a</strong></span> <span class='ocrx_word' id='word_1_823' title='bbox 2480 5073 2810 5131; x_wconf 74' lang='lat' dir='ltr'><strong>Comhellsio</strong></span> <span class='ocrx_word' id='word_1_824' title='bbox 2839 5075 3011 5130; x_wconf 88' lang='lat' dir='ltr'><strong>citati.</strong></span> <span class='ocrx_word' id='word_1_825' title='bbox 3044 5073 3222 5130; x_wconf 82' lang='lat' dir='ltr'><strong>Editio</strong></span> <span class='ocrx_word' id='word_1_826' title='bbox 3249 5074 3403 5132; x_wconf 85' lang='lat' dir='ltr'><strong>Pari-</strong></span> 
     </span>
    </p>
   </div>
   <div class='ocr_carea' id='block_1_114' title="bbox 1828 5144 2380 5218">
    <p class='ocr_par' dir='ltr' id='par_1_114' title="bbox 1828 5144 2380 5218">
     <span class='ocr_line' id='line_1_116' title="bbox 1828 5144 2380 5218; baseline -0.002 -20"><span class='ocrx_word' id='word_1_827' title='bbox 1828 5144 2027 5218; x_wconf 79' lang='lat' dir='ltr'><strong>siensis</strong></span> <span class='ocrx_word' id='word_1_828' title='bbox 2059 5145 2380 5218; x_wconf 84' lang='grc' dir='ltr'>πηρώσεως.</span> 
     </span>
    </p>
   </div>
   <div class='ocr_carea' id='block_1_115' title="bbox 1897 5211 3396 5285">
    <p class='ocr_par' dir='ltr' id='par_1_115' title="bbox 1897 5211 3396 5285">
     <span class='ocr_line' id='line_1_117' title="bbox 1897 5211 3396 5285; baseline 0.001 -17"><span class='ocrx_word' id='word_1_829' title='bbox 1897 5215 2009 5283; x_wconf 73' lang='grc'><strong>(29)</strong></span> <span class='ocrx_word' id='word_1_830' title='bbox 2033 5211 2503 5285; x_wconf 64' lang='grc' dir='ltr'>Σεμνυνόμενος.</span> <span class='ocrx_word' id='word_1_831' title='bbox 2552 5211 2642 5268; x_wconf 89' lang='lat' dir='ltr'><strong>Sic</strong></span> <span class='ocrx_word' id='word_1_832' title='bbox 2671 5228 2821 5285; x_wconf 85' lang='lat' dir='ltr'><strong>_mss.</strong></span> <span class='ocrx_word' id='word_1_833' title='bbox 2856 5212 2999 5270; x_wconf 86' lang='lat' dir='ltr'><strong>Editi</strong></span> <span class='ocrx_word' id='word_1_834' title='bbox 3046 5212 3396 5285; x_wconf 81' lang='grc' dir='ltr'>σεμνόμενος.</span> 
     </span>
    </p>
   </div>
   <div class='ocr_carea' id='block_1_116' title="bbox 1823 5282 3401 5357">
    <p class='ocr_par' dir='ltr' id='par_1_116' title="bbox 1823 5282 3401 5357">
     <span class='ocr_line' id='line_1_118' title="bbox 1823 5282 3401 5357; baseline -0.002 -16"><span class='ocrx_word' id='word_1_835' title='bbox 1823 5290 1841 5302; x_wconf 86' lang='grc'><em>’</em></span> <span class='ocrx_word' id='word_1_836' title='bbox 1899 5282 2210 5357; x_wconf 57' lang='grc' dir='ltr'>(ὅθληρωΐ.</span> <span class='ocrx_word' id='word_1_837' title='bbox 2248 5282 2340 5357; x_wconf 80' lang='lat' dir='ltr'><strong>Sic</strong></span> <span class='ocrx_word' id='word_1_838' title='bbox 2368 5284 2477 5357; x_wconf 79' lang='lat' dir='ltr'><strong>duo</strong></span> <span class='ocrx_word' id='word_1_839' title='bbox 2509 5298 2641 5357; x_wconf 77' lang='lat' dir='ltr'><strong>mss.</strong></span> <span class='ocrx_word' id='word_1_840' title='bbox 2668 5282 2806 5357; x_wconf 54' lang='grc' dir='ltr'><strong>βεηιί</strong></span> <span class='ocrx_word' id='word_1_841' title='bbox 2844 5285 3053 5357; x_wconf 73' lang='grc' dir='ltr'>πρώην.</span> <span class='ocrx_word' id='word_1_842' title='bbox 3079 5282 3248 5357; x_wconf 63' lang='lat' dir='ltr'><strong>Paulo</strong></span> <span class='ocrx_word' id='word_1_843' title='bbox 3276 5293 3401 5357; x_wconf 72' lang='lat' dir='ltr'><strong>post</strong></span> 
     </span>
    </p>
   </div>
   <div class='ocr_carea' id='block_1_117' title="bbox 1824 5353 3399 5426">
    <p class='ocr_par' dir='ltr' id='par_1_117' title="bbox 1824 5353 3399 5426">
     <span class='ocr_line' id='line_1_119' title="bbox 1824 5353 3399 5426; baseline -0.001 -14"><span class='ocrx_word' id='word_1_844' title='bbox 1824 5371 1890 5412; x_wconf 85' lang='lat' dir='ltr'><strong>ex</strong></span> <span class='ocrx_word' id='word_1_845' title='bbox 1911 5353 2120 5426; x_wconf 79' lang='lat' dir='ltr'><strong>iisdem</strong></span> <span class='ocrx_word' id='word_1_846' title='bbox 2133 5369 2282 5426; x_wconf 87' lang='lat' dir='ltr'><strong>mss.</strong></span> <span class='ocrx_word' id='word_1_847' title='bbox 2319 5353 2548 5426; x_wconf 87' lang='lat' dir='ltr'><strong>legimus</strong></span> <span class='ocrx_word' id='word_1_848' title='bbox 2584 5353 2819 5424; x_wconf 84' lang='grc' dir='ltr'>ἀσϐόλην</span> <span class='ocrx_word' id='word_1_849' title='bbox 2844 5353 2944 5424; x_wconf 82' lang='lat' dir='ltr'><strong>pro</strong></span> <span class='ocrx_word' id='word_1_850' title='bbox 2992 5353 3219 5410; x_wconf 73' lang='grc' dir='ltr'>ἀσϐολον</span> <span class='ocrx_word' id='word_1_851' title='bbox 3251 5353 3399 5426; x_wconf 72' lang='lat' dir='ltr'><strong>quod</strong></span> 
     </span>
    </p>
   </div>
   <div class='ocr_carea' id='block_1_118' title="bbox 1823 5425 3400 5567">
    <p class='ocr_par' dir='ltr' id='par_1_118' title="bbox 1823 5425 3400 5567">
     <span class='ocr_line' id='line_1_120' title="bbox 1823 5425 3275 5482; baseline -0.006 0"><span class='ocrx_word' id='word_1_852' title='bbox 1823 5435 1944 5482; x_wconf 87' lang='lat' dir='ltr'><strong>erat</strong></span> <span class='ocrx_word' id='word_1_853' title='bbox 1974 5427 2030 5479; x_wconf 92' lang='lat' dir='ltr'><strong>in</strong></span> <span class='ocrx_word' id='word_1_854' title='bbox 2058 5425 2239 5480; x_wconf 89' lang='lat' dir='ltr'><strong>editis.</strong></span> <span class='ocrx_word' id='word_1_855' title='bbox 2382 5425 2385 5426; x_wconf 58' lang='grc'><strong><em>⁷</em></strong></span> <span class='ocrx_word' id='word_1_856' title='bbox 3272 5425 3275 5426; x_wconf 65' lang='grc'><strong><em>⁷</em></strong></span> 
     </span>
     <span class='ocr_line' id='line_1_121' title="bbox 1896 5488 3400 5567; baseline -0.001 -17"><span class='ocrx_word' id='word_1_857' title='bbox 1896 5495 2009 5567; x_wconf 79' lang='grc'>(51.)</span> <span class='ocrx_word' id='word_1_858' title='bbox 2039 5489 2495 5567; x_wconf 62' lang='grc' dir='ltr'>Σκυθρωπάζων.</span> <span class='ocrx_word' id='word_1_859' title='bbox 2521 5488 2652 5547; x_wconf 86' lang='lat' dir='ltr'><strong>Post</strong></span> <span class='ocrx_word' id='word_1_860' title='bbox 2674 5491 2814 5548; x_wconf 89' lang='lat' dir='ltr'><strong>hanc</strong></span> <span class='ocrx_word' id='word_1_861' title='bbox 2842 5492 3264 5567; x_wconf 26' lang='lat' dir='ltr'><strong>vocem‘addunt</strong></span> <span class='ocrx_word' id='word_1_862' title='bbox 3288 5493 3400 5549; x_wconf 92' lang='lat' dir='ltr'><strong>duo</strong></span> 
     </span>
    </p>
   </div>
   <div class='ocr_carea' id='block_1_119' title="bbox 1824 5561 3402 5635">
    <p class='ocr_par' dir='ltr' id='par_1_119' title="bbox 1824 5561 3402 5635">
     <span class='ocr_line' id='line_1_122' title="bbox 1824 5561 3402 5635; baseline -0.001 -14"><span class='ocrx_word' id='word_1_863' title='bbox 1824 5561 2203 5635; x_wconf 13' lang='lat' dir='ltr'><strong>codicesqxal’</strong></span> <span class='ocrx_word' id='word_1_864' title='bbox 2237 5561 2679 5635; x_wconf 71' lang='grc' dir='ltr'>παριστάμενος</span> <span class='ocrx_word' id='word_1_865' title='bbox 2725 5563 3099 5635; x_wconf 82' lang='grc' dir='ltr'>σκυθρωπός.</span> <span class='ocrx_word' id='word_1_866' title='bbox 3134 5565 3402 5621; x_wconf 84' lang='lat' dir='ltr'><strong>Observat</strong></span> 
     </span>
    </p>
   </div>
   <div class='ocr_carea' id='block_1_120' title="bbox 1822 5633 3414 5717">
    <p class='ocr_par' dir='ltr' id='par_1_120' title="bbox 1822 5633 3414 5717">
     <span class='ocr_line' id='line_1_123' title="bbox 1822 5633 3414 5717; baseline 0 -25"><span class='ocrx_word' id='word_1_867' title='bbox 1822 5637 1988 5693; x_wconf 84' lang='lat' dir='ltr'><strong>etiam</strong></span> <span class='ocrx_word' id='word_1_868' title='bbox 2041 5633 2400 5691; x_wconf 83' lang='lat' dir='ltr'><strong>Combefisius</strong></span> <span class='ocrx_word' id='word_1_869' title='bbox 2431 5634 2650 5690; x_wconf 88' lang='lat' dir='ltr'><strong>codices</strong></span> <span class='ocrx_word' id='word_1_870' title='bbox 2705 5649 2838 5690; x_wconf 89' lang='lat' dir='ltr'><strong>suos</strong></span> <span class='ocrx_word' id='word_1_871' title='bbox 2879 5633 3087 5694; x_wconf 80' lang='lat' dir='ltr'><strong>habere</strong></span> <span class='ocrx_word' id='word_1_872' title='bbox 3129 5635 3414 5717; x_wconf 65' lang='lat' dir='ltr'><strong>mprsré-_</strong></span> 
     </span>
    </p>
   </div>
   <div class='ocr_carea' id='block_1_121' title="bbox 1829 5724 1984 5770">
    <p class='ocr_par' dir='ltr' id='par_1_121' title="bbox 1829 5724 1984 5770">
     <span class='ocr_line' id='line_1_124' title="bbox 1829 5724 1984 5770; baseline 0 0"><span class='ocrx_word' id='word_1_873' title='bbox 1829 5724 1984 5770; x_wconf 69' lang='grc' dir='ltr'>υσενος</span> 
     </span>
    </p>
   </div>
   <div class='ocr_carea' id='block_1_122' title="bbox 3054 5804 3463 5876">
    <p class='ocr_par' dir='ltr' id='par_1_122' title="bbox 3054 5804 3463 5876">
     <span class='ocr_line' id='line_1_125' title="bbox 3054 5804 3463 5876; baseline -0.01 -10"><span class='ocrx_word' id='word_1_874' title='bbox 3054 5804 3126 5866; x_wconf 70' lang='grc'><strong>12</strong></span> <span class='ocrx_word' id='word_1_875' title='bbox 3412 5834 3463 5876; x_wconf 59' lang='grc' dir='ltr'><strong>,κ</strong></span> 
     </span>
    </p>
   </div>
  </div>
