3870 6218
437 257 540 312 363

1837 255 1895 313 S.
1928 255 2172 312 BASlLll
2214 255 2430 312 MAGNI

3618 258 3718 316 566

416 374 722 502 Ifiinebrem
751 387 1108 444 componens,
1147 373 1577 431 consolationem
1619 374 1849 438 nullam,
1891 377 2020 430 nul-1

441 469 658 502 Ion-mna
700 466 966 502 mmlnlnm
1002 465 1262 502 ndmitln.
1311 467 1514 502 “uinum
1565 465 1884 502 ohcnnndiln
1940 475 2020 502 ac.

2141 376 2254 429 ἔστι
2288 377 2551 448 μάλαγμα
2606 376 2873 430 ἐπιθεῖναι
2899 419 2913 441 ,
2954 375 3078 428 οὔτε
3129 375 3342 438 ἔλαιον,
3382 373 3506 428 οὔτε
3549 393 3716 430 κατα-

2133 466 2362 502 λίνω...
2416 469 2568 502 vn...
2620 469 2728 502 νὴ..
2758 471 2792 502 .i.
2846 469 3027 502 ...τηε
3084 486 3185 502 ..λη
3233 469 3470 502 unum";
3548 470 3716 502 nm-..

438 469 658 536 lamque
700 466 968 522 medelam
1001 465 1263 532 admitto;
1311 467 1514 539 quippe
1564 465 1887 522 abscondita
1940 475 2025 522 est

438 558 510 611 ab
533 558 710 612 oculis
745 558 881 613 meis
920 557 1247 623 consolatio,
1309 574 1412 614 nec
1455 566 1540 614 est
1590 559 1891 614 fomentum
1927 572 2022 628 ap-

2133 466 2382 538 δέσμους.
2416 469 2573 522 Ἐστι
2620 469 2728 540 γὰρ
2758 471 2793 541 ἡ
2846 469 3028 539 πληγή
3082 486 3185 541 μου
3233 469 3495 541 ὀδυνηρά.
3548 470 3716 524 Πόθεν

2135 559 2428 631 Ιαθήσομαι
2450 578 2464 625 ;

439 663 668 718 ponere,
698 663 875 719 neque
905 650 1107 714 oleum,
1162 666 1339 721 neque
1371 651 1689 722 ligamenta.
1737 651 1832 706 Est
1870 651 2013 704 enim
2045 649 2200 720 plaga
2236 668 2353 707 mea
2384 653 2594 709 doloris
2623 655 2802 725 plena.
2835 653 2988 710 Unde
3012 656 3291 712 sanabor?

498 762 667 818 238i
696 779 802 834 qua
835 764 1002 836 igitur
1037 766 1217 821 adhuc
1246 783 1372 838 spes
1415 768 1515 821 tibi
1565 774 1818 838 superest
1875 767 2025 822 salu-

441 857 549 923 tis;
593 857 771 927 siqua
803 859 998 928 exigua
1035 859 1126 914 Dei
1163 860 1496 926 recordatio,
1551 860 1596 916 si
1645 859 1788 930 quod
1817 859 2030 914 deside-

443 951 586 1005 rium
615 950 928 1006 futurorum
955 952 1245 1018 bonorum,
1282 954 1328 1008 si
1365 954 1488 1025 quis
1519 962 1697 1010 melus
1730 953 2026 1024 supplicio-

445 1057 589 1108 rum,
620 1029 741 1114 quae.
773 1051 989 1099 servata
1013 1053 1142 1100 sunt
1165 1060 1272 1099 non
1303 1047 1699 1116 pmnitentibus
1721 1089 1735 1114 ,
1763 1045 2028 1116 resipisce

444 1137 748 1191 velociter:
783 1137 968 1192 attolle
996 1138 1188 1192 oculos
1223 1146 1350 1194 tuos
1395 1141 1448 1193 in
1495 1139 1719 1203 malum,
1763 1138 2023 1208 intellige,

444 1226 647 1282 desiste
701 1235 768 1282 a“
789 1237 883 1282 tua
933 1230 1200 1300 nequitia,
1251 1239 1447 1286 excute
1499 1228 2025 1310 circumfusamtibi

443 1321 1032 1394 ebrietatem,insurge
1063 1324 1116 1376 in
1148 1339 1270 1377 eum
1302 1323 1396 1394 qui
1445 1332 1496 1379 te
1534 1323 1853 1394 prostravit.
1893 1322 2027 1377 For-

443 1413 575 1468 titer
599 1427 798 1467 conare
823 1428 853 1468 e
874 1421 1021 1468 terra
1055 1429 1361 1483 resurgere.
1396 1413 1706 1468 Recordare
1740 1413 1868 1469 boni
1932 1427 2028 1482 pa-

444 1505 634 1568 storis,
671 1505 764 1575 qui
810 1521 1148 1576 persequens
1177 1511 1332 1560 eruet
1375 1514 1447 1561 te.
1492 1504 1716 1562 Etiamsi
1749 1506 2027 1576 supersint

445 1611 608 1652 crura
632 1595 762 1659 duo,
789 1605 884 1651 aut
905 1598 1166 1653 auriculze
1197 1599 1510 1662 summitas,
1555 1597 1707 1653 rcsili
1739 1597 1807 1651 ab
1836 1612 1904 1650 eo
1929 1597 2022 1667 qui

448 1697 504 1744 te
537 1689 867 1744 vulnera‘it.
919 1688 1126 1744 Memor
1176 1697 1298 1744 esto
1334 1690 1748 1745 miserationum
1785 1688 1902 1754 Dei,
1932 1691 2026 1761 qui

445 1789 602 1835 curat
640 1783 760 1836 oleo
807 1793 861 1839 ct
922 1782 1071 1837 vino.
1108 1781 1189 1838 Ne
1229 1782 1488 1852 desperes
1525 1783 1776 1839 salutem.
1810 1779 2026 1838 Revoca

445 1873 500 1926 in
535 1873 1006 1945 memoriam‘quae
1036 1875 1240 1946 scripta
1277 1883 1429 1936 sunt,
1460 1890 1658 1947 nempe
1686 1875 1899 1946 lapsum
1939 1891 2028 1930 re-

445 1981 691 2036 surgere,
721 1981 977 2022 aversum
1022 1968 1366 2032 converti“,
1398 1983 1724 2040 percussum
1760 1968 1966 2035 curari,
1995 1983 2026 2022 a

441 2057 636 2113 bestiis
663 2067 885 2130 captum
918 2060 1161 2126 liberari,
1185 2060 1535 2117 conﬁtentem
1563 2077 1672 2117 non
1705 2063 1880 2132 rejici.
1907 2062 2025 2118 Non

441 2151 586 2204 enim
616 2152 730 2206 vult
761 2151 904 2208 Deus
929 2163 1161 2208 mortem
1207 2155 1535 2224 peccatoris,
1570 2155 2026 2225 quemadmodum

444 2244 561 2297 vult
595 2245 840 2300 converti
873 2246 1074 2316 ipsum,
1106 2246 1463 2302 etvivere'“.
1498 2245 1576 2302 Ne
1605 2247 2027 2316 contempseris,

442 2336 588 2389 velut
615 2336 669 2389 in
699 2337 967 2391 malorum
1001 2336 1332 2406 profundum
1363 2339 1640 2408 collapsus
1677 2338 1745 2391 ".
1787 2339 2026 2409 Tempus

443 2426 718 2495 patientia:
747 2435 852 2493 est,
883 2434 1099 2497 tempus
1126 2427 1390 2492 lenitatis,
1415 2437 1654 2498 'tempus
1701 2427 2026 2493 curationis,

441 2527 655 2588 tempus
713 2518 1138 2575 emendationis.
1185 2519 1395 2591 Lapsus
1447 2520 1555 2576 es?
1605 2536 1858 2591 exsurge.
1885 2518 2028 2575 Pec-

441 2610 625 2663 casti?
682 2610 893 2666 desine.
927 2609 1006 2667 Ne
1063 2619 1177 2668 stes
1219 2613 1275 2668 in
1307 2615 1778 2685 viapeccatorum
1829 2613 1895 2677 ⁸⁸,
1930 2613 2026 2668 sed

441 2701 613 2756 rcsili.
639 2700 774 2755 Nam
812 2718 936 2756 cum
982 2718 1282 2760 conversus
1332 2705 1684 2774 ingemueris,
1738 2715 1868 2760 tunc
1912 2723 2028 2760 ser-

437 2792 662 2847 rabere.
697 2791 793 2846 Est
817 2793 964 2846 enim
999 2809 1064 2848 ex
1100 2793 1380 2849 laboribus
1439 2796 1676 2858 sanitas,
1701 2803 1755 2848 et
1786 2797 1936 2851 salus
1957 2812 2024 2850 ex

2193 771 2249 824 ‘2.
2283 771 2350 824 Εἴ
2374 790 2456 836 τις
2493 770 2587 828 οὖν
2624 773 2701 827 ἔτι
2729 774 2883 837 ἐλπὶς
2909 773 3262 828 ὑπολείπεταί
3289 791 3370 828 σοι
3412 776 3710 848 σωτηρίας.

2125 863 2178 916 εί
2220 881 2307 926 τις
2347 863 2573 936 βραχεῖα
2623 867 2811 936 μνήμη
2855 869 2983 937 περὶ
3025 866 3118 919 τὸν
3153 867 3304 935 Θεὸν,
3336 866 3390 920 εἴ
3428 886 3514 932 τις
3554 867 3714 934 πόθος

2125 955 2232 1009 τῶν
2269 956 2572 1027 μελλόντων
2605 957 2848 1027 ἀγαθῶν,
2884 957 2939 1010 εἴ
2971 975 3057 1021 τις
3093 959 3256 1028 φόϐος
3293 959 3401 1013 τῶν
3443 961 3714 1032 τεθησαυο

2129 1047 2398 1118 ρισμένων
2452 1047 2726 1101 κολάσεων
2784 1050 2898 1110 τοῖς
2950 1049 3384 1120 ἁμετανοήτοις·
3438 1049 3713 1119 άνάνηψον

2125 1141 2372 1209 ταχέως·
2413 1138 2620 1210 ἔπαρον
2653 1139 2767 1210 (59.)
2824 1139 2950 1204 τοὺς
2995 1139 3312 1211 ὀφθαλμούς
3362 1157 3456 1195 σου
3489 1142 3570 1205 είς
3623 1140 3714 1193 τὸν

2126 1231 2388 1301 οὐρανόν,
2424 1231 2546 1284 ἐλθὲ
2600 1235 2680 1296 εἰς
2732 1232 3128 1304 συναίσθησιν,
3181 1232 3388 1286 παῦσαι
3445 1233 3554 1285 ἀπὸ
3613 1231 3713 1302 τῆς

2126 1323 2391 1395 πονηρίας
2419 1341 2537 1387 σου,
2559 1325 2848 1379 ἀπόσεισαι
2869 1324 2968 1398 τὴν
2993 1324 3384 1396 περιχυθεῖσάν
3410 1342 3490 1378 σοι
3517 1323 3708 1396 μέθην,

2125 1417 2408 1471 ὲπανάστα
2443 1416 2522 1489 τῷ
2553 1416 2914 1472 καταϐαλόντι
2957 1434 3041 1472 σε.
3072 1418 3324 1486 Ἴσχυσον
3351 1418 3415 1469 ὲκ
3443 1415 3550 1487 γῆς
3579 1419 3717 1471 ἐπα-

2127 1509 2408 1579 ναστῆναι.
2439 1509 2726 1582 Μνήσθητι
2759 1509 2853 1564 τοῦ
2889 1508 3097 1579 ἀγαθοῦ
3134 1507 3412 1579 ποιμένος,
3441 1509 3525 1562 ὅτι
3554 1525 3718 1563 καταν

2127 1599 2337 1654 διώκων
2375 1601 2636 1666 ἐξελεῖταί
2691 1619 2772 1656 σε.
2825 1601 2944 1656 Κᾶν
3089 1601 3183 1654 δύο
3238 1601 3508 1673 σκέλη,ἢ
3561 1601 3714 1666 λοϐὸς

2125 1693 2330 1758 ὠτίου,
2383 1695 2736 1767 ἀποπὴδησον
2782 1693 2890 1747 ἀπὸ
2939 1694 3034 1748 τοῦ
3087 1691 3564 1765 τραυματίσαντὸς
3630 1708 3710 1745 σε.

2128 1783 2410 1856 Μνήσθητι
2442 1785 2550 1839 τῶν
2590 1783 2892 1856 οἰκτιρμῶν
2923 1785 3031 1855 (55)
3070 1783 3164 1838 τοῦ
3215 1782 3376 1848 Θεοῦ,
3423 1784 3506 1836 ὅτι
3554 1783 3720 1854 espo-

2125 1875 2282 1930 πεύει
2331 1875 2496 1948 ἐλαίῳ
2528 1876 2623 1930 καὶ
2651 1875 2798 1946 οἴνῳ.
2829 1875 2921 1946 Μὴ
2949 1874 3258 1948 ἀπελπίσῃς
3286 1873 3385 1945 τὴν
3415 1875 3710 1944 σωτηρίαν.

2139 1967 2400 2022 Ἀνάλαϐε
2425 1967 2524 2039 τὴν
2557 1969 2779 2039 μνήμην
2823 1967 2932 2020 τῶν
2974 1967 3400 2040 γεγραμμένων,
3429 1968 3510 2022 ὅτι
3555 1969 3584 2022 6
3628 1967 3718 2022 πί-

2127 2074 2276 2112 πτων
2319 2058 2624 2123 ἀνίσταται,
2657 2058 2750 2111 καὶ
2803 2059 2832 2110 6
2877 2059 3242 2130 ἀποστρέφων
3288 2059 3648 2130 ἐπιστρέφειο
3683 2059 3718 2110 6

2127 2146 2424 2218 πεπληγὼς
2465 2147 2863 2219 θεραπεύεται,
2896 2149 2924 2200 6
2965 2146 3302 2220 θηριάλωτος
3336 2149 3717 2220 περιγίνεται,

2125 2245 2156 2293 6
2188 2240 2680 2312 ἐξομολογούμενος
2703 2243 2803 2295 οὐκ
2843 2241 3229 2296 άποϐάλλεται.
3268 2241 3343 2295 Οὐ
3375 2240 3519 2294 θέλει
3543 2241 3654 2313 γὰρ
3685 2241 3717 2296 ὁ

2127 2334 2332 2406 Κύριος
2376 2334 2467 2388 τὸν
2495 2323 2726 2388 θάνατον
2753 2333 2848 2387 τοῦ
2895 2331 3246 2405 ἁμαρτωλοῦ,
3277 2333 3354 2397 ὼς
3379 2333 3440 2386 τὸ
3463 2333 3716 2400 ὲπιστρέο

2125 2426 2224 2498 ψαι
2283 2428 2376 2480 καὶ
2417 2428 2516 2498 ζῇν
2557 2427 2738 2480 αὐτόν.
2783 2425 2876 2496 Μὴ
2903 2425 2979 2490 ὡς
3029 2426 3111 2490 εἰς
3165 2426 3328 2497 βάθος
3367 2427 3480 2498 (54)
3525 2425 3715 2480 κακῶν

2126 2517 2381 2588 ἐμπεσὼν
2414 2520 2860 2592 καταφρονήσῃς.
2895 2517 3102 2590 Καιρὺς
3121 2517 3322 2589 ἀνοχῆς
3352 2519 3488 2582 ἐστι,
3522 2517 3716 2588 καιρὸς

2129 2609 2547 2682 μακροθυμίας,
2601 2609 2794 2681 καιρὸς
2845 2609 3040 2674 ἰάσεως
3066 2650 3080 2674 ,
3115 2610 3308 2678 καιρὸς
3351 2607 3712 2680 διορθώσεως.

2138 2699 2496 2771 Ὠλίσθησας;
2549 2698 2850 2770 ὲξεγείρου.
2911 2700 3231 2770 Ἦμαρτες;
3272 2697 3566 2770 ὴσύχασον.
3617 2700 3712 2772 Μὴ

2127 2794 2257 2863 στῇς
2293 2794 2349 2844 ἐν
2390 2790 2493 2860 ὁδῷ
2537 2790 2903 2862 ἁμαρτωλῶν,
2941 2791 3078 2846 ἀλλὰ
3129 2789 3502 2863 ἀποπήδησον.
3540 2792 3713 2846 Ὅταν

441 2883 758 2940 sudoribus.
799 2883 937 2940 Vide
985 2885 1156 2956 igitur
1199 2902 1267 2941 ne
1311 2886 1473 2949 forte,
1505 2888 1634 2942 dum
1689 2903 1914 2944 servare
1938 2889 2020 2943 vis

2128 2887 2234 2958 γὰρ
2269 2883 2630 2956 ἐπιστραφεὶς
2671 2883 2954 2955 στενάξῃς,
2985 2883 3106 2936 τότε
3149 2885 3392 2957 σωθήσῃ.
3418 2882 3575 2937 Ἐστι
3603 2885 3716 2955 γὰρ

440 2993 562 3048 qua:
603 2993 726 3033 cum
778 2978 1062 3033 nonnullis
1097 2987 1304 3048 pactus
1355 2996 1457 3043 es,
1510 2980 1647 3034 inita
1706 2996 1829 3035 cum
1883 2979 1995 3036 Deo

441 3078 622 3141 pacta,
671 3085 793 3140 quae
841 3084 1026 3124 coram
1091 3071 1277 3127 multis
1313 3071 1568 3127 testibus
1621 3073 1906 3141 professus
1939 3089 2021 3139 es,

439 3164 868 3234 transgrediare.
906 3161 984 3218 Ne
1018 3163 1183 3234 igitur
1214 3165 1285 3219 ob
1315 3164 1587 3219 humanas
1627 3166 1898 3235 quasdam
1937 3180 2026 3220 ra-

442 3257 824 3313 tiocinationes
878 3259 1159 3312 cuncteris
1205 3258 1272 3311 ad
1316 3273 1402 3312 me
1454 3260 1659 3314 venire.
1714 3257 1827 3328 Ego
1873 3257 2022 3312 enim

440 3358 722 3422 receptum
776 3356 1059 3403 mortuum
1117 3365 1298 3405 meum
1352 3352 1580 3422 lugebo,
1637 3365 1738 3421 ego
1787 3351 2019 3413 curabo,

436 3455 538 3518 ego
589 3455 774 3495 amare
827 3439 966 3495 ﬂebo
1010 3455 1176 3511 super
1231 3443 1566 3498 contritione
1622 3442 1747 3496 lilia:
1787 3441 2021 3512 ,gencris

437 3532 566 3591 mei.
599 3531 887 3604 Excipient
934 3541 990 3587 te
1023 3547 1236 3596 omnes,
1280 3549 1472 3589 omnes
1533 3549 1592 3590 se
1630 3535 1730 3588 tibi
1773 3533 2020 3588 laborum

437 3622 619 3677 socios
671 3623 989 3696 adjuugent.
1045 3621 1124 3678 Ne
1176 3622 1521 3693 deSpondeas
1580 3623 1873 3677 animum:
1913 3637 2022 3676 me-

435 3729 557 3769 mor
584 3716 661 3770 sis
693 3715 904 3773 diorum
936 3715 1310 3786 antiquorum.
1351 3717 1444 3771 Est
1477 3715 1628 3770 salus
1655 3731 1667 3765 :
1705 3721 1792 3770 est
1832 3729 2022 3769 emen-

432 3806 605 3864 datio.
664 3806 925 3873 Conlide.
978 3824 1048 3868 ne
1100 3808 1382 3878 desperes.
1441 3806 1561 3862 Non
1608 3815 1692 3861 est
1751 3806 1838 3860 lex
1881 3805 2020 3859 citra

435 3899 869 3956 misericordiam
899 3908 1073 3960 morte
1109 3901 1509 3963 condemnans,
1548 3898 1643 3955 sed
1686 3899 1861 3970 gratia
1907 3896 2017 3952 dif-

433 3989 616 4051 ferens
683 4005 928 4060 pmnam,
979 4002 1304 4062 exspecmns
1361 3989 1819 4045 emendationem.
1870 3987 2018 4043 Non-

430 4081 563 4137 dum
609 4083 845 4140 occlusa:
903 4091 1032 4142 sunt
1082 4082 1262 4149 fores;
1329 4083 1484 4141 audit
1537 4097 1778 4153 sponsus
1832 4099 1846 4136 :
1904 4096 2018 4136 non

431 4172 746 4230 dominatur
787 4184 1094 4242 peccatum.
1137 4173 1474 4246 Redintegra
1523 4172 1706 4230 denuo
1761 4173 2010 4228 luctam:

2127 2979 2192 3030 ἐκ
2222 2977 2397 3030 πόνων
2425 2974 2604 3044 ὑγεία,
2649 2976 2746 3029 καὶ
2778 2975 2838 3042 ἐξ
2875 2973 3117 3048 ἱδρώτων
3150 2975 3416 3048 σωτηρία.
3446 2975 3590 3048 Ὅρα
3618 2971 3714 3029 οὖν

2130 3068 2390 3140 μήποπε,
2448 3063 2723 3136 συνθήκας
2787 3065 3114 3136 βουλόμενός
3168 3083 3331 3120 τινων
3382 3064 3713 3136 φυλάττειν,

2127 3158 2382 3230 παραθῇς
2423 3157 2523 3222 τὰς
2568 3158 2707 3230 πρὸς
2743 3158 2836 3211 τὸν
2888 3157 3024 3212 Θεὸν
3056 3157 3365 3229 συνθήκας,
3395 3157 3463 3222 ἃς
3506 3158 3716 3230 ὡμολό-

2124 3267 2300 3320 γησας
2333 3250 2426 3302 ἐπὶ
2461 3249 2671 3303 πολλῶν
2705 3250 3023 3323 μαρτύρων.
3057 3249 3149 3322 Μὴ
3178 3245 3272 3304 οὖν
3304 3249 3393 3305 διά
3423 3267 3580 3315 τινας
3623 3251 3713 3304 λο-

2123 3343 2355 3415 γισμοὺς
2389 3343 2767 3415 ἀνθρωπίνους
2798 3345 3040 3415 ὀκνήσῃς
3067 3343 3246 3396 ἐλθεῖν
3277 3344 3416 3417 πρὸς
3439 3342 3528 3415 μέ.
3572 3342 3716 3414 Ἐγὼ

2122 3434 2233 3506 γὰρ
2262 3433 2548 3490 ἀναλαϐὼν
2569 3435 2662 3489 τὸν
2697 3435 2893 3502 νεκρόν
2937 3452 3040 3504 μου
3073 3433 3352 3506 θρηνήσω,
3400 3434 3513 3504 ἐγὼ
3549 3435 3714 3508 θερα-

2123 3528 2343 3594 πεύσω,
2394 3528 2505 3598 ἐγὼ
2549 3529 2763 3599 πικρῶς
2801 3527 3110 3600 κλαύσομαι
3155 3529 3248 3583 ἐπὶ
3299 3529 3362 3582 τὸ
3396 3529 3712 3602 σύντριμμα

2121 3621 2221 3690 τῆς
2251 3618 2522 3690 θυγατρὸς
2562 3619 2657 3672 τοῦ
2703 3619 2898 3686 γένους
2929 3636 3052 3690 μου.
3089 3618 3300 3683 Πάντες
3331 3635 3389 3672 σε
3435 3617 3712 3690 δέχονται,

2122 3713 2324 3777 πάντες
2350 3730 2432 3767 σοι
2473 3715 2902 3784 συμπονήσουσι.
2937 3711 3030 3784 Μὴ
3070 3710 3353 3783 ἁναπέσης
3381 3711 3528 3782 (55)·
3569 3715 3712 3783 μνή-

2123 3802 2281 3875 σθητι
2313 3803 2539 3876 ἡμερῶν
2584 3803 2852 3875 ἀρχαίων.
2896 3805 3054 3858 Ἔστι
3101 3805 3367 3878 σωτηρία,
3415 3804 3532 3859 ἔστι
3565 3805 3714 3878 διόρ-

2121 3895 2308 3959 θωσις.
2339 3896 2564 3967 Θάρσει,
2594 3895 2669 3967 μὴ
2703 3895 3034 3968 ἀπελπίσῃς.
3065 3897 3181 3950 Ούκ
3207 3896 3321 3950 ἔστι
3348 3897 3512 3967 νόμος
3539 3915 3716 3952 κατα-

2119 3987 2356 4053 δικάζων
2384 3988 2477 4042 τὸν
2520 3990 2688 4061 χωρὶς
2727 3988 3028 4060 οἰκτιρμῶν
3067 3987 3319 4054 θάνατον,
3364 3988 3500 4043 ἀλλὰ
3547 3990 3713 4063 χάρις

2120 4078 2521 4151 ὑπερτιθεμένη
2560 4079 2658 4150 τὴν
2697 4077 2940 4140 κόλασιν,
2975 4077 3306 4150 ἐκδεχομένη
3340 4078 3442 4150 τὴν
3481 4077 3735 4157 διόρθωπ

2122 4187 2222 4224 σιν.
2254 4169 2420 4224 υύπω
2450 4169 2810 4240 ἐκλείσθησαν
2844 4171 2902 4223 αἱ
2937 4169 3132 4242 θύραι·
3157 4169 3347 4224 ἀκούει
3377 4171 3406 4224 6
3431 4170 3668 4242 νυμφίος
3692 4187 3710 4203 ο

432 4277 500 4316 ne
545 4263 796 4328 moreris,
844 4263 939 4319 sed
991 4263 1068 4317 tui
1123 4264 1299 4336 ipsius
1347 4273 1403 4318 et
1455 4264 1700 4322 omnium
1763 4271 2012 4319 nostrum

2128 4263 2178 4316 οὐ
2223 4262 2468 4334 κυριεύει
2497 4239 2764 4334 ἁμαρτία.
2807 4239 3204 4316 Ἀναπάλαισον
3234 4261 3430 4316 πάλινο
3473 4239 3710 4334 μὴκατ-

432 4353 692 4407 miserere
726 4352 782 4410 in
817 4351 1040 4409 Christo
1083 4353 1213 4412 Jesu
1255 4353 1488 4412 Domino
1529 4363 1746 4420 nostro,
1779 4355 1866 4410 cui
1902 4355 1992 4425 glo

431 4444 511 4498 ria
536 4452 592 4499 et
625 4444 913 4514 imperium
948 4462 1096 4504 nunc
1123 4457 1177 4504 et
1203 4462 1425 4522 semper
1455 4447 1512 4506 in
1543 4448 1745 4509 Saecula
1781 4449 2013 4508 szeculo-

429 4553 574 4596 rum.
602 4539 796 4597 Amen.

532 4857 577 4889 ⁸⁸
601 4853 802 4916 Jerem.
826 4871 946 4919 vm,
981 4856 1036 4913 4.
1114 4859 1158 4889 ’⁸⁸
1181 4857 1381 4913 Ezecn.
1409 4874 1564 4925 xvm,
1586 4858 1676 4912 52.
1755 4860 1797 4890 "
1819 4857 1980 4913 Prov.
2010 4875 2164 4923 mn,
2187 4860 2240 4914 5.

496 5051 612 5122 (32)
650 5051 1064 5123 'Exapor._Sic
1096 5060 1367 5123 tres‘mss.
1393 5051 1535 5123 Editi
1563 5053 1805 5123 ἕπαιρον.
1833 5049 2005 5108 Paulo

424 5120 730 5194 poStnediti
753 5121 1163 5194 καταϐάλλοντι.
1204 5120 1333 5194 Mss.
1367 5128 1426 5175 ut
1455 5122 1512 5175 in
1548 5120 1717 5177 textu.

497 5191 607 5262 (53?
657 5189 779 5276 7:6)?
812 5191 1148 5263 οἰκτιρμῶν.
1210 5191 1302 5246 Sic
1364 5201 1476 5247 tres
1505 5208 1640 5248 mss.
1693 5193 1835 5248 Edili
1877 5197 2005 5259 τοὺς

417 5263 562 5319 οἰκτι
604 5263 758 5332 μούς.

490 5281 604 5402 4ὖῦ
647 5332 744 5388 Μὴ
795 5332 876 5387 die
901 5337 990 5388 εὶρ
1029 5333 1240 5398 ,ϐάθρα
1289 5333 1378 5398 Ὠς
1424 5333 1668 5390 additum
1703 5350 1769 5391 ex
1826 5337 2004 5395 tribus

2117 4357 2392 4427 οκνήσῃς,
2448 4354 2543 4408 καὶ
2607 4353 2836 4408 σεαυτὸν
2897 4353 3241 4425 οἰκτείρησον
3268 4394 3283 4419 ,
3348 4354 3441 4409 καὶ
3494 4355 3712 4420 πάντας

2115 4449 2264 4518 ἡμᾶς
2297 4446 2408 4517 (56)
2442 4449 2500 4498 ἐν
2555 4445 2773 4518 Χριστῷ
2823 4444 3000 4513 Ὶησοῦ
3045 4444 3124 4516 τῷ
3154 4445 3346 4517 Κυρίῳ
3380 4445 3557 4518 ἡμῶν,
3590 4440 3636 4515 ᾧ
3672 4450 3709 4520 ή

2116 4538 2242 4606 δόξα
2271 4541 2367 4594 καὶ
2397 4539 2460 4593 τὸ
2495 4541 2696 4612 κράτος
2721 4541 2815 4594 νῦν
2853 4541 2949 4595 καὶ
2986 4540 3074 4594 ἀεὶ
3099 4540 3180 4604 είς
3206 4541 3332 4604 τοὺς
3362 4539 3566 4606 αίῶνας
3593 4541 3708 4597 τῶν

2116 4629 2349 4690 αἰώνων.
2385 4633 2579 4704 Ἀμήν.

2323 4861 2367 4893 ⁸⁸
2406 4860 2553 4915 Psal.
2582 4877 2619 4926 I,
2649 4863 2698 4918 l.

2112 5073 2246 5130 mss.
2265 5059 2486 5130 “nostris
2521 5070 2716 5130 praeter
2736 5061 3188 5121 Combelisianos.

2183 5129 2294 5209 (55)
2332 5129 2430 5209 .Μῂ
2469 5129 2808 5209 ἀναίτέσῃς.
2865 5132 2958 5190 Sic
3005 5137 3250 5208 quinque
3293 5138 3512 5197 codices
3561 5157 3706 5198 mss.

2113 5197 2189 5253 Ed
2199 5201 2267 5272 ἧς(
2279 5197 2360 5270 μὴ
2388 5201 2672 5272 άπεισθῇς.

2152 5268 2297 5350 ,(56)
2327 5268 2564 5350 Πάγτας
2595 5268 2774 5350 ﬁnde.
2800 5273 2932 5340 Quae
2951 5287 3258 5350 sequuntur
3285 5279 3470 5337 addita
3502 5297 3573 5338 ex
3600 5281 3710 5338 Re-

2113 5343 2204 5412 gio
2234 5343 2477 5399 secundo
2507 5351 2561 5400 et
2593 5343 2761 5404 Coisl.
2797 5343 3062 5404 secundo.
