3870 6218
177 307 291 362 365

723 447 1069 503 ΕΠΙΣΤΟΔΗ
1114 447 1247 502 ΜΕ’.

1135 311 1628 371 EPISTOLABUM
1665 310 1950 368 CLASSIS
1988 314 2026 370 Ι.
2071 313 2291 370 EPIST.
2337 313 2496 371 XLV.

3337 319 3444 375 366

2276 443 2610 501 ertsrom
2648 444 2830 502 XLV“.
2869 446 3023 517 133

183 566 310 618 Cum
405 559 417 570 '
453 573 533 610 am
556 557 741 612 relictis
761 557 948 625 magnis
967 557 1138 625 opibus
1158 564 1470 610 monasticam
1495 563 1646 606 vitam
1669 552 1923 622 amplexus
1943 563 2082 625 esset,
2105 569 2164 606 ac
2180 561 2342 620 postea
2364 569 2428 607 ea:
2446 569 2633 606 summo
2653 555 2843 627 pietatis
2870 556 3059 620 fervore
3082 556 3132 627 in
3152 559 3455 628 adulterium

244 631 293 674 ει
312 561 618 674 αἳῗᾶάεεειενα
641 620 906 674 incidisset,
927 628 1093 672 auctor
1113 619 1346 674 epistolae.
1367 618 1452 674 qui
1473 631 1582 668 cum
1605 630 1662 668 eo
1683 615 2040 674 Hierosolymis
2062 625 2383 668 commoratus
2419 617 2596 674 fuerat,
2619 630 2800 674 peccat:
2826 625 2872 669 et
2906 617 3126 669 scandalt
3152 622 3453 674 magnitudi-

244 631 293 676 et
312 615 415 674 alia
433 624 626 688 scelera
641 615 906 680 incidiss'ét,
927 615 1093 672 auctor
1105 619 1357 688 epistolte,
1367 618 1457 688 qui
1467 631 1582 688 cum
1605 630 1662 668 eo
1683 615 2392 688 Hierosolymis_cominoratus
2419 617 2596 688 fuerat,
2619 615 2802 688 peccati
2826 615 2879 669 εἰ
2906 617 3128 688 mananti
3152 619 3453 688 magnitudi-

244 699 358 747 nem
381 683 427 747 ei
446 681 661 747 exponit,
685 676 922 746 simulque
942 696 1027 746 spe
1047 676 1404 734 misericordir'e
1423 678 1624 738 divine,
1651 683 1696 728 et
1715 676 1940 740 exempto
1957 676 2250 730 Judteorum
2269 691 2328 728 ac
2355 676 2632 742 Gentilium,
2661 679 2745 744 qui
2767 687 2877 730 tunc
2897 680 2963 729 ad
3002 679 3090 730 Dei
3112 676 3292 732 cuttu'm
3317 695 3454 733 com-

245 743 566 812 pellabantur,
587 743 653 794 ad
675 743 912 796 certamen
933 743 1141 795 revocat.

530 849 688 918 Πρός
709 850 1038 920 μονάζοντα
1068 849 1426 905 ἐκπεσόντα.

253 966 306 1018 1.
359 961 548 1026 Διττός
598 981 687 1032 μοι
735 963 898 1032 φόϐος
943 963 1210 1036 ἐνέσκηψε
1243 967 1356 1028 τοῖς
1393 967 1494 1036 τῆς
1533 959 1772 1026 διανοίας

175 1055 409 1120 κόλποις
433 1058 498 1108 ὲκ
526 1055 625 1126 τῆς
650 1056 779 1126 περ)⁸
806 1057 865 1109 σὲ
892 1057 1220 1120 ὑποθέσεως.
1253 1058 1322 1110 Ἦ
1356 1059 1463 1132 γάρ
1489 1073 1574 1119 τις
1603 1055 1774 1124 ἀσυμ-

178 1147 364 1219 παθὴς
378 1148 578 1220 τρόπος
596 1147 947 1219 προκαταρξά
953 1166 1112 1219 μενος
1128 1151 1209 1214 είς
1232 1148 1644 1221 μισανθρωπίας
1659 1147 1772 1218 (37)

187 1238 450 1310 ἔγκλημά
498 1255 566 1310 με
619 1239 829 1311 ῥίπτειο
880 1236 1094 1310 ῆαῦθις
1147 1240 1451 1312 συμπαθεῖν
1496 1238 1769 1300 ἐθέλοντα,

179 1329 282 1382 καὶ
316 1329 456 1402 πρὸς
477 1329 548 1384 τὰ
576 1329 723 1400 πάθη
755 1329 1318 1400 καταμαλακίζεσθαι,
1351 1330 1536 1394 κακῶς
1561 1327 1775 1401 μετατίι

182 1421 311 1491 θησι
337 1419 477 1490 (58).
499 1421 699 1492 Διόπερ
724 1421 815 1474 καὶ
849 1421 1228 1496 διαχαράττειν
1259 1421 1467 1494 μέλλων
1492 1421 1642 1474 τουτί
1668 1437 1768 1490 μου

180 1514 244 1566 τὸ
272 1512 532 1585 γράμμα,
567 1514 668 1585 τὴν
697 1515 794 1584 μὲν
825 1517 982 1586 χεῖρα
1011 1515 1298 1587 ναρκῶσαν
1339 1516 1453 1576 τοῖς
1493 1513 1772 1582 λογισμοῖς

179 1604 485 1676 ὲνεύρωσα,
516 1604 578 1658 τὺ
608 1604 667 1658 δὲ
707 1605 1019 1676 πρόσωπον,
1059 1605 1405 1678 ἠπορημένον
1433 1609 1498 1659 ὲκ
1543 1606 1642 1675 τῆς
1677 1604 1770 1656 ἐπὶ

180 1697 267 1750 σοι
293 1695 620 1767 κατηφείας,
656 1695 942 1750 ἀλλοιῶσαι
977 1698 1081 1752 οὐκ
1118 1697 1334 1768 ἴσχυσα,
1367 1695 1636 1767 τοσαύτης
1680 1713 1768 1766 μοι

179 1789 274 1841 ἐπὶ
312 1789 399 1841 σοὶ
448 1787 757 1858 κεχυμένης
795 1788 904 1859 (59)
938 1788 1222 1862 αἰσχύνης,
1269 1789 1347 1853 ὡς
1393 1790 1487 1842 καὶ
1535 1787 1633 1858 τὴν
1671 1786 1766 1840 τοῦ

181 1880 455 1952 πόματος
495 1878 798 1950 σύμπτυξιν
830 1882 1170 1953 παραχρῆμα
1222 1881 1464 1944 πίπτειν,
1507 1880 1616 1933 τῶν
1659 1895 1770 1949 χει-

179 1971 318 2026 λέων
361 1989 463 2041 μου
533 1972 615 2036 είς
656 1971 931 2042 κλαυθμὸν
1002 1973 1440 2046 ἐκτρεπομένων.
1487 1973 1666 2043 Οῖμοι,
1716 1970 1768 2022 τί

178 2064 400 2137 γράψω.
447 2065 482 2136 ἢ
522 2064 576 2118 τί
632 2065 918 2136 λογίσομαι
969 2068 1029 2120 ὲν
1074 2066 1269 2137 τριόδῳ
1327 2065 1764 2137 ἀπειλημμένος;

189 2151 319 2206 Ἐὰν
355 2152 496 2207 ἔλθω
535 2155 615 2216 είς
658 2155 876 2224 μνήμην
912 2154 1012 2226 τῆς
1063 2155 1334 2226 προτέρας
1383 2171 1476 2207 σου
1532 2155 1763 2225 ματαίας

175 2245 544 2316 ἀναστροφῆς,
585 2245 673 2298 ὅτε
723 2261 784 2297 σε
821 2244 931 2316 (40)
963 2246 1240 2316 περιέρρει
1270 2245 1518 2308 πλοῦτος,
1562 2245 1654 2298 καὶ
1702 2245 1763 2298 τὸ

174 2338 464 2410 χαμερπὲς
489 2337 755 2409 δοξάριον,
792 2339 1026 2409 φρίττω·
1057 2339 1216 2408 ἡνίκα
1265 2338 1448 2391 εἵπετό
1487 2355 1568 2391 σοι
1609 2337 1765 2392 κολά-

173 2446 290 2482 κων
318 2428 544 2498 πλῆθος,
578 2429 673 2482 καὶ
696 2430 908 2501 τρυφῆς
932 2430 1231 2493 ἀπόλαυσις
1261 2428 1592 2501 πρόσκαιρος
1626 2427 1762 2500 μετὰ

174 2519 489 2591 προφανοῦς
517 2520 764 2574 κινδύνου
797 2522 889 2575 καὶ
929 2522 1131 2575 ἀδίκων
1172 2521 1388 2592 πόρων·
1431 2521 1524 2574 καὶ
1555 2519 1630 2592 πὴ
1664 2520 1761 2590 μὲν

173 2611 488 2682 ἁρχοντικοὶ
509 2610 665 2681 φόϐοι
692 2612 1026 2684 διερῤίπιζόν
1073 2630 1165 2666 σου
1199 2612 1296 2684 τὴν
1340 2613 1438 2684 τῆς
1489 2612 1761 2683 σωτηρίας

171 2701 456 2766 ὑπόνοιαν,
581 2705 636 2757 δὲ
657 2703 930 2776 δημοσίων
963 2703 1179 2776 θόρυϐοι
1207 2703 1514 2757 διεσάλευόν
1546 2721 1637 2756 σου
1666 2703 1762 2773 τὴν

171 2794 389 2859 ἑστίαν,
421 2796 457 2866 ἦ
490 2813 550 2848 τε
581 2795 776 2867 συνοχὴ
798 2796 904 2849 τῶν
930 2795 1116 2850 κακῶν
1142 2796 1506 2868 ἀπεσφαίριζέ
1535 2795 1646 2863 (41)
1669 2813 1761 2849 σου

167 2885 265 2941 τὸν
292 2886 420 2940 νοῦν
450 2887 586 2958 πρὸς
610 2887 702 2941 τὸν
732 2887 1024 2959 δυνάμενόν
1047 2905 1129 2941 σοι
1160 2887 1370 2959 βοηθεῖν
1390 2905 1402 2918 ·
1431 2887 1592 2958 ἡνίκα
1621 2890 1762 2942 κατὰ

172 2977 377 3049 μικρὸν
421 2978 682 3048 ἐμελέτας
737 2979 1161 3050 περιϐλέπεσθαι
1217 2979 1309 3031 τὸν
1371 2979 1618 3050 Σωτῆρα,
1671 2978 1763 3047 φέ-

170 3083 340 3137 ροντα
378 3065 479 3136 μὲν
518 3067 656 3138 πρὸς
698 3068 965 3137 ὠφέλειαν
1004 3071 1132 3133 τοὺς
1169 3069 1386 3138 φόϐους,
1417 3067 1675 3139 ῥυόμενον
1703 3067 1760 3120 δέ

171 3175 258 3220 σε,
312 3159 412 3212 καὶ
471 3159 761 3223 σκέποντα,
819 3158 1085 3223 παίζοντα
1138 3162 1256 3214 κατ’
1313 3158 1480 3214 αὐτοῦ
1533 3160 1590 3211 ἐν
1641 3161 1762 3223 ταῖς

167 3250 414 3314 ἀδείαις·
460 3252 623 3322 ἡνίκα
667 3250 976 3322 ὲγυμνάζου
1024 3250 1162 3322 πρὸς
1213 3248 1516 3321 μεταϐολὴν
1563 3251 1761 3320 σεμνοῦ

167 3342 404 3415 τρόπου,
437 3342 779 3407 σκυϐαλίζων
812 3343 910 3413 μέν
941 3359 1035 3396 σου
1066 3344 1166 3414 τὴν
1196 3341 1581 3396 πολυκίνδυνον
1608 3358 1763 3413 περι-

166 3434 384 3499 ουσίαν,
430 3432 580 3487 οἴκου
626 3451 686 3486 τε
744 3433 1040 3506 θεραπείαν
1092 3435 1188 3489 καὶ
1246 3435 1492 3488 συνοίκου
1542 3432 1762 3505 ὁμιλίαν

168 3523 610 3595 ἀπαρνούμενος.
638 3524 800 3589 Ὀλος
825 3525 881 3579 δὲ
906 3525 1016 3596 (42)
1043 3523 1356 3596 μετάρσιος,
1388 3522 1577 3595 ὥσπερ
1604 3523 1756 3588 ξένος
1781 3548 1827 3608 C

169 3619 268 3672 καὶ
301 3618 531 3688 ἀλήτης,
571 3619 775 3689 ἀγροὺς
802 3619 896 3672 καὶ
923 3618 1108 3681 πόλεις
1141 3617 1466 3688 ὲξαμείϐων,
1497 3617 1759 3688 κατέδρα-

175 3728 277 3781 μες
311 3712 408 3764 ἐπὶ
439 3711 508 3764 τὰ
551 3709 915 3781 Ἱεροσόλυμα,
951 3710 1079 3765 ἔνθα
1139 3727 1221 3764 σοι
1269 3711 1366 3764 καὶ
1416 3709 1578 3772 αὐτὸς
1631 3726 1757 3762 συν-

170 3800 466 3872 διατρίϐων
517 3801 850 3871 ἐμακάριζον
895 3799 1002 3853 τῶν
1057 3799 1368 3869 ἀθλητικῶν
1416 3799 1616 3862 πόνων,
1667 3798 1757 3851 ὅτε

172 3895 551 3965 ὲϐδοματικοίς
597 3894 820 3958 κύκλοις
873 3895 1060 3966 νῆα-ιις
1105 3893 1365 3948 διατελῶν
1418 3891 1536 3964 Θεῷ
1589 3908 1759 3963 προσ-

173 3988 539 4058 εφιλοσόφεις,
571 3987 706 4059 όμοῦ
742 3989 837 4042 καὶ
868 3989 968 4052 τὰς
993 3988 1100 4041 τῶν
1131 3985 1435 4059 ἀνθρώπων
1467 3985 1758 4055 συντυχίας

171 4081 314 4152 λόγῳ
355 4080 569 4152 τροπῆς
611 4079 956 4149 ύποφείγων,
996 4078 1223 4151 ἡσυχίαν
1264 4079 1322 4132 δὲ
1358 4077 1450 4131 καὶ
1507 4093 1760 4149 μονοτρο-

352 4171 536 4242 ἑαυτῷ
579 4171 927 4244 ἐφαρμόσας,
972 4171 1098 4235 τοὺς
1139 4169 1450 4233 πολιτικοὺς
1497 4167 1759 4239 θορύϐους

173 4264 451 4332 έξέκλινας
484 4263 620 4334 (45).
651 4265 847 4332 Σὰκκῳ
874 4262 931 4315 δὲ
963 4263 1156 4334 τραχεί
1198 4261 1260 4314 τὸ
1301 4259 1463 4330 σῶμά
1501 4277 1595 4313 σου
1643 4259 1760 4313 δια-

170 4356 400 4418 νύττων,
447 4356 543 4409 καὶ
585 4353 727 4427 ζώνῃ
774 4354 986 4426 σκληρᾷ
1014 4353 1113 4424 τὴν
1145 4352 1316 4423 ὀσφύν
1343 4369 1438 4406 σου
1473 4351 1760 4424 περισφίγ-

171 4467 304 4518 γων,
337 4447 683 4520 καρτερικῶς
714 4447 784 4501 τὰ
819 4447 952 4501 ὀστᾶ
990 4463 1082 4499 σου
1112 4444 1396 4508 διέθλιϐες.
1423 4446 1673 4514 Λαγόνας
1699 4445 1757 4499 δὲ

170 4545 288 4607 ταῖς
317 4540 549 4604 ἐνδείαις
593 4539 875 4595 κοιλαίνων
910 4541 1072 4613 μέχρι
1114 4539 1224 4593 τῶν
1270 4539 1538 4594 νωτιαίων
1573 4539 1756 4612 μερῶν

171 4633 599 4705 ύπεχαύνωσας·
636 4633 730 4686 καὶ
761 4632 994 4702 φασκίας
1036 4633 1134 4702 μὲν
1182 4631 1395 4702 ἁπαλῆς
1435 4633 1535 4705 τὴν
1562 4635 1756 4704 χρῆσιν

168 4725 498 4798 ἀπρνὴσω,
533 4722 742 4776 ἔνδοθεν
770 4723 825 4776 δὲ
856 4723 954 4788 τὰς
999 4723 1270 4794 λαπάρας,
1304 4724 1497 4787 σικύας
1532 4724 1645 4795 (44)
1678 4725 1756 4778 δί-

170 4835 273 4887 κην
301 4815 632 4885 ὕφελκύσας,
657 4817 766 4878 τοῖς
795 4817 1123 4886 νεφριτικοῖς
1157 4816 1376 4886 χωρίοις
1408 4817 1748 4888 «pomm-

1801 848 1850 906 Α
2318 848 2402 902 Ad
2429 848 2739 903 monachum
2773 849 3000 916 lapsum.

1944 954 1996 1007 1.
2052 955 2256 1026 Duplex
2301 959 2463 1013 timor
2503 959 2673 1014 subiit
2739 963 2934 1014 mentis
2983 975 3117 1016 mea:
3168 962 3328 1020 sinus
3360 971 3450 1018 tua

1874 1061 2064 1102 causa.
2125 1050 2234 1102 Aut
2291 1051 2436 1105 enim
2486 1065 2875 1122 praeocCupaus
2927 1067 3014 1106 me
3051 1052 3450 1110 immisericors

1873 1139 2093 1207 quidam
2123 1141 2288 1195 animi
2326 1151 2506 1198 motus
2532 1143 2585 1197 in
2611 1144 2819 1199 crimen
2861 1145 3277 1202 inbumanitatis
3311 1163 3450 1203 con—

1867 1229 2033 1300 jicit:
2073 1239 2166 1285 aut
2197 1247 2392 1288 rursus
2437 1235 2683 1290 misereri
2713 1235 3009 1298 volentem,
3063 1237 3228 1291 etiam
3273 1246 3336 1293 ut
3380 1238 3454 1294 ad

1869 1320 2001 1374 vitia
2051 1322 2446 1386 remollescam,
2494 1326 2634 1380 male
2681 1327 2971 1379 convertit.
3006 1323 3188 1393 Quare
3217 1339 3271 1383 et
3307 1329 3450 1384 hanc

1870 1426 2047 1466 meam
2091 1413 2377 1483 epistolam
2403 1424 2758 1480 exaraturus,
2789 1433 3008 1472 manum
3054 1420 3273 1489 quidem
3333 1431 3448 1476 tor-

1869 1511 2183 1573 pescentem
2215 1505 2730 1563 ratiocinationibus
2766 1509 3148 1574 corroboravi,
3197 1510 3292 1566 sed
3331 1514 3450 1566 vul-

1867 1601 2008 1660 tum,
2039 1609 2104 1649 ex
2135 1606 2398 1666 concepta
2440 1606 2662 1669 propter
2692 1607 2744 1653 te
2777 1600 3002 1656 tristitia
3041 1603 3288 1667 anxium,
3325 1618 3450 1656 mu-

1867 1690 1984 1739 tare
2029 1700 2137 1739 non
2206 1687 2391 1756 potui:
2431 1697 2584 1743 tanto
2633 1689 2786 1752 mihi,
2840 1700 2930 1746 tua
2975 1707 3165 1758 causa,
3221 1693 3448 1749 incusso

1868 1776 2096 1846 pudore,
2150 1787 2209 1833 ut
2246 1781 2360 1835 oris
2404 1781 2566 1836 etiam
2620 1781 2817 1847 ﬂexus,
2870 1785 3028 1840 labiis
3084 1787 3224 1842 meis
3273 1788 3327 1842 in
3363 1787 3449 1843 lu-

1867 1878 2012 1922 ctum
2050 1871 2352 1936 conversis,
2389 1873 2572 1927 statim
2605 1875 2941 1931 concideret.
2991 1875 3088 1933 Hei
3117 1879 3270 1944 mihi,
3311 1881 3446 1948 quid

1867 1961 2128 2026 scribam,
2157 1971 2252 2016 aut
2276 1964 2410 2034 quid
2455 1966 2686 2036 cogitem
2738 1968 2792 2021 in
2857 1969 3017 2022 trivio
3067 1956 3446 2026 constitutus?

1871 2050 1928 2105 Si
1949 2052 2082 2108 mihi
2122 2056 2322 2124 prioris
2367 2065 2473 2111 tua:
2516 2074 2668 2112 vanae
2716 2060 2929 2115 vivendi
2974 2061 3205 2116 rationis
3260 2064 3444 2118 veniat

1871 2145 1922 2198 in
1980 2155 2250 2212 mentem,
2307 2163 2432 2202 cum
2484 2149 2928 2206 circumﬂuerent
2978 2159 3032 2207 te
3075 2151 3322 2222 divitiae,
3377 2171 3443 2210 ac

1864 2239 2012 2291 humi
2057 2255 2253 2308 repens
2304 2243 2554 2311 gloriola,
2600 2241 2802 2298 horreo
2854 2263 2868 2298 :
2913 2259 3040 2299 cum
3091 2245 3440 2302 adulatorum

1865 2337 1915 2384 te
1967 2338 2290 2398 sequeretur
2356 2331 2684 2399 multitudo,
2731 2331 3108 2405 fruererisque
3168 2333 3322 2390 brevi
3375 2352 3442 2389 ac

1863 2421 2191 2490 temporaria
2226 2423 2525 2492 voluptate,
2563 2439 2673 2479 non
2703 2425 2821 2481 sine
2869 2425 3162 2482 manifesto
3194 2428 3442 2498 periculo

1861 2524 1913 2570 et
1937 2515 2123 2584 iniquo
2151 2527 2362 2585 quaestu
2396 2533 2409 2570 :
2439 2525 2494 2571 et
2525 2517 2723 2586 partim
2763 2518 2987 2588 quidem
3019 2521 3442 2592 magistratuum

1863 2608 2025 2662 timor
2053 2615 2107 2663 te
2149 2607 2217 2664 de
2257 2609 2435 2664 salute
2471 2611 2803 2681 cogitantem
2857 2612 3157 2683 exagitaret
3193 2631 3209 2670 :
3243 2616 3441 2682 partim

1862 2715 1992 2755 vero
2021 2701 2364 2772 publicorum
2398 2703 2740 2774 negotiorum
2781 2703 3051 2759 tumultus
3087 2713 3237 2760 tuam
3271 2706 3443 2764 inter-

1863 2793 2146 2847 turbarent
2175 2793 2420 2858 domum,
2449 2805 2612 2864 atque
2659 2795 2930 2850 malorum
2959 2797 3265 2868 frequentia
3295 2815 3444 2854 men-

1863 2894 1970 2938 tem
1999 2891 2149 2938 tuam
2180 2885 2248 2939 ad
2277 2899 2424 2950 eum,
2455 2886 2548 2955 qui
2569 2886 2830 2956 opitulari
2863 2888 2960 2943 tibi
2997 2898 3232 2958 poterat,
3261 2901 3442 2947 retor-

1861 2985 2245 3046 queretzcum
2293 2977 2554 3046 paulatim
2609 2979 2960 3034 Servatorem
3013 2982 3443 3054 circumspicere

1863 3061 2229 3130 meditareris,
2275 3063 2503 3120 timores
2543 3065 2766 3136 quidem
2793 3069 2893 3124 tibi
2935 3069 3005 3124 ad
3035 3080 3184 3126 tuam
3233 3074 3442 3127 utilita-

1863 3159 1973 3208 tem
2028 3153 2376 3221 inferentem,
2408 3157 2734 3215 liberantem
2764 3177 2897 3217 vero
2941 3179 3007 3220 ac
3065 3175 3441 3239 protegentem

1862 3253 1936 3312 te,
1971 3248 2063 3318 qui
2097 3248 2146 3303 ei
2174 3247 2309 3303 dum
2341 3250 2394 3305 in
2434 3257 2553 3307 tuto
2587 3267 2760 3316 esses,
2796 3254 3048 3314 illuseras
3079 3277 3092 3314 :
3120 3274 3248 3314 cum
3280 3268 3334 3317 te
3371 3261 3442 3317 ad

1862 3338 2206 3396 innovandos
2227 3342 2983 3416 acquirendosquehonestos
3016 3367 3200 3409 mores
3216 3369 3442 3411 exerce-

1863 3446 1973 3496 rcs,
1999 3433 2526 3503 periculosissimam
2576 3446 2726 3494 tuam
2767 3442 3102 3512 opulentiam
3152 3445 3314 3501 nihili
3355 3447 3442 3504 fa-

1862 3521 2037 3587 ciens,
2079 3523 2268 3594 reique
2303 3523 2589 3583 familiaris
2617 3543 2808 3582 curam
2835 3537 2893 3585 et
2923 3533 3115 3588 uxoris
3144 3544 3443 3591 consuetu-

1859 3613 2040 3670 dinem
2071 3615 2368 3686 refugiens.
2391 3618 2535 3684 Quin
2569 3621 2732 3675 etiam
2773 3630 2924 3680 totus
2978 3627 3250 3694 sublimis,
3294 3630 3440 3685 velut

1857 3709 2177 3780 peregrinus
2206 3717 2260 3766 et
2284 3726 2434 3779 erro,
2472 3713 2620 3783 agris
2653 3724 2706 3768 et
2740 3714 3056 3772 civitatibus
3108 3721 3437 3790 peragratis.

1858 3804 2040 3873 petisti
2079 3802 2451 3876 Jerosolyma,
2481 3806 2573 3860 ubi
2603 3817 2656 3862 et
2685 3807 2801 3878 ipse
2841 3816 3021 3864 tecum
3064 3825 3439 3871 commoratus

1857 3894 1928 3950 ob
1957 3895 2246 3952 athleticos
2292 3902 2348 3951 te
2373 3896 2587 3954 labores
2616 3897 2836 3954 beatum
2870 3902 3264 3971 praedicabant,
3310 3923 3437 3962 cum

1857 4002 1955 4058 per
1997 3989 2340 4059 septenarios
2377 3989 2618 4047 circulos
2668 3990 2894 4061 jejunus
2937 4009 3296 4064 perseverans
3326 3997 3438 4054 Deo

1856 4079 2340 4151 philosophareris,
2372 4081 2645 4152 simulque
2668 4098 3005 4154 congressus
3021 4086 3290 4145 humanos
3319 4097 3435 4144 vel-

1858 4171 1934 4226 uti
1967 4171 2023 4226 in
2065 4171 2250 4244 fugam
2279 4187 2580 4230 conversus
2610 4175 2907 4242 devitares,
2941 4185 3106 4249 atque
3139 4182 3438 4251 tranquillo

1857 4282 1921 4322 ac
1952 4267 2198 4323 solitario
2225 4267 2443 4324 vivendi
2499 4285 2698 4340 genere
2745 4270 2842 4326 tibi
2875 4282 3089 4343 parato,
3127 4275 3316 4331 civiles
3346 4285 3438 4332 tu-

1855 4360 2061 4415 multus
2109 4359 2439 4416 declinares.
2486 4360 2752 4419 Praeterea
2793 4378 2997 4436 corpus
3047 4375 3201 4422 tuum
3251 4369 3435 4423 cilicio

1857 4466 2054 4523 aspero
2087 4452 2394 4515 lancinans.
2421 4462 2474 4508 et
2505 4469 2643 4509 zona
2687 4453 2824 4510 dura
2862 4457 3176 4528 astringens
3218 4460 3436 4518 lumbos

1855 4549 2002 4608 tuos,
2040 4545 2309 4615 patienter
2351 4560 2476 4602 ossa
2537 4555 2630 4600 tua
2687 4547 2982 4604 alterebas.
3039 4548 3182 4616 Quin
3233 4561 3288 4607 et
3341 4555 3439 4610 ilia

1856 4636 2038 4690 inedia
2073 4652 2408 4702 concavans,
2440 4655 2503 4694 ea
2549 4655 2722 4710 usque
2773 4642 2839 4696 ad
2874 4641 3025 4698 dorsi
3082 4653 3266 4712 partes
3314 4645 3434 4701 laxa

1854 4727 2106 4793 ell‘ecisti,
2138 4737 2302 4799 atque
2335 4730 2517 4786 fasciae
2553 4732 2733 4786 mollis
2758 4732 2961 4800 rejecto
2989 4749 3089 4787 usu
3109 4772 3124 4797 ,
3161 4735 3432 4792 abdomen

1859 4820 2188 4876 intrinsecus
2211 4823 2508 4877 cucurbita:
2538 4821 2591 4877 in
2631 4839 2836 4878 morem
2884 4833 3251 4892 contractum,
3285 4833 3435 4884 reni-

172 4909 297 4962 σθαι
322 4906 544 4971 ὲϐιάζου
564 4922 579 4937 ·
613 4905 740 4977 ὅλην
769 4905 826 4958 δὲ
866 4907 966 4980 τὴν
1011 4907 1110 4978 τῆς
1144 4907 1342 4978 σαρκὸς
1390 4908 1624 4981 πιμελὴν
1659 4912 1750 4964 ὲκ-

1864 4912 1961 4965 bus
1985 4913 2354 4967 adhaerescere
2382 4913 2639 4982 cogebas.
2675 4914 2754 4968 Ad
2787 4914 2920 4982 bare,
2959 4925 3225 4972 evacuato
3246 4921 3436 4978 carnis

383 5059 862 5127 Μισανθρωπίας.
897 5057 1068 5115 Coisl.
1114 5061 1324 5132 primus
1370 5063 1743 5135 μισαδελφῑας,

166 5129 280 5183 odii
317 5129 572 5183 fratrum.

236 5200 358 5268 (38)
386 5198 767 5268 Μετατίθησι.
802 5199 1046 5265 Quatuor
1084 5216 1217 5256 mss.
1247 5202 1486 5268 codices,
1524 5221 1631 5260 non
1663 5215 1744 5260 ta-

167 5284 294 5342 men
339 5267 732 5342 antiquissimi,
771 5269 972 5342 habent
1001 5271 1289 5342 διατίθησι.
1318 5273 1483 5328 Miror
1510 5274 1742 5332 Combe-

167 5340 352 5412 ﬁsium
380 5338 486 5412 legi
510 5339 972 5412 γρηῦ-διατίθημι.

235 5409 355 5487 (ξορ)
398 5408 529 5487 ᾚπ)
573 5410 675 5487 σοί
702 5408 1059 5487 κεχυμέιςνης.
1104 5409 1242 5487 Duo“
1267 5413 1485 5471 codices
1524 5432 1622 5487 pro
1653 5417 1739 5474 bis

163 5480 402 5558 inc-ibus
431 5479 631 5558 habent
659 5479 1078 5558 ἐπικεχυμένης.
1128 5483 1369 5540 Colbcrt.
1423 5494 1480 5539 et
1527 5479 1739 5558 primus

165 5549 542 5621 Coislinianus
574 5549 951 5621 ἐπικειμένης.

235 5619 352 5686 (40)
381 5618 523 5694 "Ofe
562 5634 656 5694 σε.
699 5618 930 5694 codices
968 5637 1079 5694 non
1129 5623 1284 5694 pauci
1319 5625 1408 5678 ὅτε
1459 5643 1559 5690 σοι,
1597 5645 1738 5684 unus

289 5706 405 5770 σου.
442 5687 612 5759 Paulo
651 5702 772 5762 post
797 5691 926 5748 editi
958 5687 1204 5751 κολάκων
1233 5694 1429 5767 πλήθη.
1460 5687 1564 5753 Sci
1600 5716 1735 5757 mss.

171 5769 230 5812 ω
255 5768 308 5813 in
341 5768 506 5814 ιειιυ.

1924 5067 2034 5136 (41)
2081 5067 2638 5144 ’ᾼπεσφαίριζετ-ξίο
2673 5067 3050 5144 Harl.,_Coisl1
3059 5075 3290 5144 primus,
3318 5077 3430 5130 Me-

1988 5145 2041 5191 et
2070 5139 2400 5217 pluresalii.
2435 5139 3001 5217 Editidtrreccpaiptca.
3032 5136 3200 5199 Paulo
3227 5136 3349 5217 pust
3373 5152 3428 5203 in
3487 5202 3489 5208 ,

1847 5208 2024 5291 tribus
2080 5208 2364 5262 codicibus
2399 5208 2796 5266 recentioribus
2840 5208 2995 5268 deest
3029 5231 3118 5272 σοι
3163 5208 3288 5274 ante
3335 5220 3428 5272 τὸν

1845 5277 2255 5432 Ἴῖίῖ-ἒῗῗέρλξς
2284 5346 2491 5432 δεξί’ὃὶο
2521 5348 2693 5414 Harl.,
2725 5349 2895 5408 Coisl.
2919 5355 3129 5427 primus
3160 5367 3212 5413 et
3237 5360 3427 5432 plures

1845 5419 1958 5472 alii.
1995 5419 2134 5471 Editi
2173 5419 2314 5482 ὅλως
2338 5420 2416 5475 δέ..

1879 5489 2026 5590 r953)
2075 5486 2445 5557 Ἐξέκλινας.
2477 5489 2554 5544 ita
2603 5507 2699 5546 sex
2743 5508 2880 5550 mss.
2927 5511 3037 5549 non
3072 5503 3133 5552 ut
3168 5498 3224 5554 in
3261 5499 3426 5559 editis

1877 5560 1927 5594 ελ
1970 5560 2020 5611 λι
2055 5576 2130 5614 ες.

1842 5560 2302 5702 Latinaran
2347 5629 2489 5688 Editi
2529 5631 2718 5688 σικύου
2767 5647 2960 5692 contra
3002 5639 3246 5697 omnium
3283 5655 3426 5702 mss.

1843 5699 2093 5758 codicum
2127 5699 2305 5758 Iidem.

1913 5772 1930 5793 ‘
1969 5771 2117 5826 Alias
2148 5769 2233 5825 ιγ.
