3870 6218
428 297 528 352 57!

1773 296 1832 356 S.
1875 295 2113 354 BASlLll
2154 296 2367 354 MAGNI

3582 291 3684 345 572

423 425 539 472 ἰηη
583 417 650 474 ³⁸.
698 415 800 485 Qui
855 418 1027 486 enim,
1063 417 1271 490 nuptiis
1311 434 1398 474 co'.
1423 419 1569 476 servi
1617 419 1872 483 violatis,
1922 420 1997 474 lo-

2104 419 2246 473 κατά
2273 419 2335 472 τὺ
2367 419 2662 487 ἀναγκαῖον
2690 420 2754 488 τῇ
2788 415 2964 486 φύσει,
2999 415 3089 468 τὸν
3113 414 3253 468 θεῖον
3276 413 3414 484 ’ὅρον
3447 408 3682 474 ἐδέξατο,

419 507 624 576 quendi
651 507 960 564 libertatem
988 507 1056 563 ad
1087 518 1315 563 mortem
1345 525 1516 580 usque
1548 510 1826 575 perduxit,
1859 526 1993 580 quo-

417 615 547 652 nam
606 605 756 655 esset
804 598 992 654 animo
1055 599 1314 664 futurus,
1367 603 1411 656 si
1460 609 1670 656 tantam
1723 609 1996 656 contume-

417 692 546 745 liam
607 701 804 748 sancto
876 692 1099 750 Domini
1183 693 1423 749 thalamo
1500 695 1706 750 illatam
1773 694 1994 764 conspi-

419 791 568 838 ceret
591 783 614 838 τ

485 963 540 1017 2.
573 961 643 1016 At
679 969 759 1026 tu,
789 970 1086 1032 postquam
1133 959 1334 1014 divina:
1389 960 1538 1014 illius
1593 957 1996 1029 coniunctionis

417 1053 666 1121 ahjecisti
713 1053 950 1124 jugum,
1003 1060 1169 1122 atque
1238 1051 1622 1106 intaminatum
1683 1053 1792 1106 veri
1851 1051 1996 1122 regis

417 1147 715 1202 thalamum
780 1147 1034 1215 fugiens,
1089 1149 1144 1201 in
1198 1155 1415 1217 turpem
1472 1147 1618 1200 illam
1666 1147 1998 1217 impiamque

416 1238 777 1306 corruptelam
827 1237 968 1292 ﬁnde
1016 1237 1162 1306 lapsa
1197 1251 1278 1298 es,
1316 1251 1440 1289 cum
1481 1236 1594 1304 jam
1640 1251 1749 1291 non
1793 1236 1997 1290 habeas

415 1329 690 1400 quomodo
739 1345 979 1384 amaram
1047 1331 1186 1384 hanc
1253 1330 1658 1383 accusationem
1736 1327 1996 1397 effugias,

421 1422 581 1494 136
607 1437 707 1477 nec
739 1423 850 1476 ullo
883 1420 1047 1476 modo
1077 1429 1170 1475 aut
1205 1431 1321 1475 arte
1370 1421 1570 1474 malum
1611 1418 1741 1472 illud
1765 1420 1996 1474 abscon-

415 1514 545 1570 dere
583 1529 774 1584 queas,
823 1528 1062 1584 praeceps
1114 1514 1171 1568 in
1229 1511 1514 1567 audaciam
1560 1512 1893 1581 prorumpis.
1935 1510 1998 1565 Et

416 1605 673 1675 quoniam
723 1605 944 1676 impius,
992 1606 1048 1659 iu
1091 1603 1418 1675 profundum
1470 1605 1738 1658 malorum
1787 1605 1995 1674 lapsus,

415 1698 672 1768 deinceps
723 1696 1044 1760 contemnit,
1101 1697 1217 1768 ipsa
1269 1695 1434 1752 etiam
1497 1704 1654 1766 pacta
1704 1710 1829 1750 cum
1870 1709 1998 1750 vero

2100 512 2250 582 καὶὴ
2284 510 2506 578 γλῶσσα
2547 510 2704 580 σιγᾷ⁸
2755 507 2918 564 Ἀλλ’
2949 510 2981 562 ό
3025 508 3208 576 λόγος
3251 505 3358 559 τοῦ
3409 500 3558 557 Θεοῦ
3611 501 3683 554 οὐ

2097 603 2348 657 δέδεται.
2394 602 2454 654 '0
2484 601 2612 672 γὰρ,
2658 601 2844 670 ἐπειδὴ
2885 598 3172 654 συνδούλου
3209 597 3386 667 γάμος
3417 594 3680 665 ήθετεττο,

2101 695 2263 766 μέχρι
2290 693 2517 748 θανάτου
2550 692 2648 764 τὴν
2680 691 2990 763 παρρησίαν
3019 685 3374 760 προαγαγὼν,
3403 686 3459 739 τί
3483 685 3548 740 ἂν
3576 684 3682 738 πά-

2098 785 2180 838 θοι
2223 782 2554 855 τηλικαύτην
2603 783 2815 854 ἐφορῶν
2862 780 3017 852 ὓϐριν
3071 781 3202 852 περὶ
3251 777 3343 832 τὸν
3388 777 3540 845 ἀγιον
3585 773 3679 829 τοῦ

2097 876 2305 947 Κυρίου
2332 875 2595 948 νυμφῶνα
2618 891 2633 939 ;

2168 969 2225 1022 2.
2269 968 2428 1022 Ἀλλὰ
2462 968 2548 1031 σὺ,
2577 967 2675 1038 τῆς
2700 966 2850 1030 θείας
2880 965 3096 1035 ἐκείνης
3129 961 3423 1031 συναφείας
3447 960 3556 1027 (60')
3588 957 3680 1012 τὸν

2099 1058 2260 1129 ζυγὸν
2291 1058 2665 1132 ἀπορρίψασα,
2691 1057 2786 1111 καὶ
2811 1055 2902 1110 τὸν
2939 1055 3037 1127 μὲν
3075 1055 3342 1125 ἄχραντον
3369 1051 3464 1106 τοῦ
3495 1051 3680 1125 ἀληθι-

2099 1150 2190 1204 νοῦ
2213 1150 2473 1221 βασιλέως
2498 1149 2780 1220 ἀποδρᾶσα
2801 1147 3085 1219 νυμφῶνα,
3110 1145 3246 1218 πρὸς
3271 1145 3328 1199 δὲ
3355 1144 3455 1216 τὴν
3487 1143 3680 1214 ἄτιμον

2099 1243 2299 1314 ταύτην
2345 1244 2438 1296 καὶ
2471 1242 2640 1314 ἀσεϐῆ
2691 1241 2898 1314 φθορὰν
2951 1239 3192 1312 αἰσχρῶς
3246 1236 3519 1302 πεσοῦσα,
3557 1235 3679 1288 ἐπεὶ

2100 1333 2200 1388 οὐκ
2232 1333 2374 1404 ἔχεις
2420 1331 2538 1397 πῶς
2569 1330 2666 1404 τὴν
2701 1329 2907 1402 πικρὰν
2957 1328 3163 1398 ταύτην
3207 1324 3540 1398 κατηγορίαν
3584 1326 3676 1376 ἐκ-

2099 1421 2278 1494 φύγῃς
2297 1463 2312 1484 ,
2341 1421 2460 1474 ούδέ
2488 1421 2573 1485 τίς
2607 1420 2724 1474 ἐστί
2756 1437 2838 1473 σοι
2863 1419 3063 1491 τρόπος
3091 1416 3210 1470 οὒδέ
3252 1415 3466 1488 μηχανὴ
3491 1415 3553 1467 τὸ
3575 1413 3678 1467 δειο

2100 1515 2189 1570 νὺν
2224 1514 2336 1586 (6i)
2360 1513 2520 1568 τοῦτο
2559 1512 2924 1583 συγκαλύψαι,
2953 1511 3121 1584 ὁμόσε
3157 1514 3224 1583 τῇ
3254 1509 3431 1582 τόλμῃ
3453 1508 3674 1578 χωρεῖς.

2098 1609 2209 1662 Καὶ
2236 1607 2541 1678 ἐπειδήπερ
2590 1607 2790 1677 ἀσεϐὴς
2809 1646 2824 1669 ,
2855 1604 3110 1678 ἐμπεσὼν
3148 1606 3229 1668 είς
3272 1603 3434 1674 βάθος
3460 1600 3675 1663 κακῶν,

2099 1699 2283 1753 λοιπὸν
2305 1701 2670 1771 καταφρονεῖ,
2695 1697 2866 1763 αύτάς
2889 1699 3108 1769 ἀπαρνῇ
3131 1696 3230 1760 τὰς
3249 1696 3387 1766 πρὸς
3417 1693 3510 1748 τὸν
3543 1692 3677 1764 ἀλη-

417 1802 620 1858 sponso
655 1789 785 1843 inita
818 1789 1075 1858 abnegas,
1115 1803 1291 1858 neque
1331 1802 1458 1844 esse
1489 1797 1542 1844 te
1577 1787 1865 1860 virginem,
1892 1803 1993 1843 nec

2104 1791 2240 1846 θινὸν
2270 1791 2502 1863 νυμφίον
2547 1790 2851 1861 συνθήκας,
2893 1788 3017 1843 οὔτε
3050 1784 3191 1842 εἶναι
3226 1786 3522 1859 παρθένος,
3549 1783 3677 1839 οὔτε

413 1893 655 1950 unquam
709 1879 1027 1950 promisisse
1059 1880 1363 1942 clamitans,
1394 1880 1642 1949 quamvis
1689 1880 1858 1934 multa
1901 1893 1994 1933 ac-

413 1971 646 2041 ceperis,
682 1971 849 2026 multa
879 1971 1340 2026 demonstraveris
1369 1971 1697 2042 virginitatis
1742 1973 1990 2042 pignora.

414 2061 625 2117 Revoca
659 2062 755 2116 tibi
788 2061 844 2118 in
878 2063 1193 2116 memoriam
1227 2063 1540 2130 praeclaram
1571 2062 1990 2134 professionem,

412 2166 574 2218 quam
607 2151 853 2223 professa
886 2167 946 2206 es
989 2166 1172 2204 coram
1211 2152 1338 2209 Deo.
1377 2153 1691 2223 angelisque
1727 2161 1781 2205 et
1817 2151 1994 2206 homi-

412 2244 596 2299 nibus.
631 2241 846 2298 Revoca
879 2241 976 2296 tibi
1025 2242 1080 2296 in
1122 2242 1440 2296 memoriam
1471 2244 1785 2299 societatem
1833 2257 1994 2298 vene-

411 2335 660 2402 randam,
704 2344 761 2392 et
809 2350 1025 2392 sacrum
1070 2335 1340 2405 virginum
1388 2335 1638 2401 chorum,
1676 2351 1741 2390 ac
1789 2344 1991 2390 coetum

411 2427 648 2491 Domini,
673 2436 729 2484 et
761 2428 1058 2485 Ecclesiam
1100 2437 1438 2484 sanctorum.
1493 2425 1807 2482 Memineris
1855 2441 1993 2496 quo-

409 2535 516 2590 que
542 2519 770 2574 anicula
812 2519 868 2573 in
898 2518 1116 2574 Clu-isto
1146 2519 1304 2585 aviae,
1345 2533 1466 2588 qua:
1517 2516 1718 2571 virtute
1760 2516 1992 2584 juvene-

410 2611 516 2667 scit
559 2611 881 2673 etiamnum,
926 2618 981 2664 et
1028 2610 1183 2665 ﬂoret
1231 2629 1247 2664 :
1301 2609 1494 2664 matris
1540 2607 1726 2662 itidem
1767 2623 1890 2676 quae
1937 2609 1992 2662 in

411 2701 644 2756 Domino
674 2716 798 2756 cum
833 2701 924 2756 illa
965 2701 1231 2765 decertat,
1269 2708 1322 2756 et
1371 2699 1526 2755 novis
1565 2699 1891 2769 quibusdam
1928 2714 1993 2754 ac

411 2793 643 2848 insuetis
680 2792 962 2848 laboribus
1007 2791 1458 2848 consuetudinem
1495 2789 1795 2845 dissolvere
1826 2805 1994 2843 cona-

409 2893 540 2939 tur:
571 2884 822 2940 similiter
856 2892 912 2940 et
961 2885 1169 2944 sororis
1230 2883 1429 2952 partim
1476 2883 1598 2936 illas
1641 2897 1740 2952 pro
1782 2881 1991 2936 viribus

410 2969 706 3031 imitantis.
757 2971 951 3040 partim
999 2973 1162 3026 etiam
1213 2971 1431 3024 vincere
1483 2970 1883 3036 contendentis,
1939 2981 1994 3024 et

412 3059 556 3113 avita
604 3061 865 3131 praeclare
900 3060 1042 3116 facta
1083 3062 1413 3132 virginitatis
1455 3069 1778 3117 ornamento
1829 3077 1992 3131 supc-

2098 1881 2431 1954 ύποσχέσθαι
2472 1883 2602 1936 ποτὲ
2634 1882 2841 1952 βοῶσα,
2883 1882 2918 1953 ἢ
2946 1878 3116 1935 πολλά
3153 1880 3252 1952 μὲν
3279 1879 3476 1947 ἐδέξω,
3505 1877 3678 1933 πολλά

2093 1975 2148 2028 δέ
2193 1972 2454 2038 ἐπεδείξω
2504 1973 2801 2047 παρθενίας
2843 1975 3183 2046 συνθήματα.
3237 1972 3523 2042 Μνήσθητι
3575 1971 3681 2042 τῆς

2094 2064 2266 2135 καλῆς
2310 2064 2599 2136 ὁμολογίας
2621 2105 2636 2128 ,
2659 2065 2728 2136 ἢν
2757 2064 3118 2136 ὡμολόγησας
3157 2060 3388 2127 ἐνώπιον
3420 2061 3556 2116 Θεοῦ
3581 2061 3679 2116 καὶ

2095 2157 2343 2227 ἀγγέλων
2386 2158 2482 2210 καὶ
2515 2156 2841 2229 ἀνθρώπων.
2872 2156 3157 2227 Μνήσθητι
3178 2155 3278 2226 τῆς
3319 2155 3520 2225 σεμνῆς
3552 2171 3681 2207 συν-

2094 2249 2242 2314 οδίας
2284 2251 2378 2302 καὶ
2437 2249 2582 2322 ίεροῦ
2653 2249 2938 2321 παρθένων
2979 2247 3139 2320 χοροῦ
3167 2287 3182 2312 ,
3229 2248 3324 2300 καὶ
3359 2245 3681 2316 συναγωγῆς

2103 2341 2312 2413 Κυρίου
2338 2381 2352 2403 ,
2397 2341 2492 2394 καὶ
2537 2339 2864 2410 Ἐκκλησίας
2898 2339 3062 2394 ὁσίων
3090 2356 3104 2370 ο
3148 2339 3241 2394 καὶ
3287 2336 3565 2409 γηραλέας
3620 2337 3682 2390 ἐν

2093 2430 2316 2502 Χριστῷ
2350 2432 2583 2503 μάμμης
2613 2430 2908 2503 νεαζούσης
2941 2431 3022 2485 ἐτι
3062 2431 3156 2485 καὶ
3181 2429 3292 2500 (62)
3323 2427 3680 2499 ἀκμαζούσης

2092 2521 2190 2592 τὴν
2215 2521 2438 2592 ἀρετὴν,
2461 2521 2555 2574 καὶ
2586 2519 2791 2591 μητρὸς
2819 2521 2877 2573 ἐν
2905 2518 3096 2590 Κυρίῳ
3118 2517 3254 2590 πρὸς
3279 2515 3492 2586 ἐκείνην
3514 2511 3680 2584 ἁμιλ-

2092 2611 2376 2683 λωμένης,
2409 2613 2502 2666 καὶ
2528 2612 2696 2678 ξένοις
2721 2613 2833 2665 τισὶ
2864 2612 2958 2666 καὶ
2999 2610 3192 2683 ἀήθεσι
3229 2607 3340 2680 (65)
3375 2607 3557 2670 πόνοις
3571 2621 3677 2660 κα-

2091 2705 2306 2760 ταλύειν
2340 2704 2757 2776 φιλονεικούσης
2798 2703 2865 2757 τὰ
2909 2704 3008 2775 τῆς
3066 2700 3355 2772 συνηθείας
3386 2697 3496 2770 (64)
3523 2738 3540 2762 ,
3580 2696 3681 2752 καὶ

2092 2794 2328 2866 ἀδελφῆς
2353 2795 2556 2866 ὁμοίως
2581 2795 2650 2847 τὰ
2685 2795 2785 2865 μὲν
2826 2793 3041 2857 ἐκείνας
3086 2789 3465 2862 μιμουμένης,
3501 2786 3570 2842 τὰ
3619 2785 3680 2841 δὲ

2091 2887 2187 2941 καὶ
2233 2886 2586 2957 ὑπερϐαίνειν
2635 2885 3132 2957 φιλοτιμουμένης,
3189 2884 3285 2937 καὶ
3321 2885 3434 2946 τοῖς
3475 2879 3676 2952 παρθει

2095 2979 2275 3041 νικοῖς
2310 2978 2780 3048 πλεονεκτήμασιν
2809 2973 3338 3048 ὑπερακοντιζούσης
3372 2972 3443 3025 τά
3477 2989 3681 3042 προγο-

2095 3069 2223 3123 νικά
2258 3068 2690 3141 κατορθώματα,
2730 3069 2826 3123 καὶ
2872 3068 2931 3121 σὲ
2977 3067 3073 3138 τὴν
3103 3066 3359 3136 ἀδελφὴν,
3387 3065 3462 3128 ὼς
3503 3062 3641 3135 om
3663 3103 3679 3126 ,

411 3153 606 3216 rantis,
631 3163 685 3208 et
728 3160 781 3209 te
821 3170 1084 3218 sororem,
1114 3155 1191 3210 uti
1225 3155 1467 3225 putabat,
1495 3155 1562 3209 ad
1602 3155 1781 3210 simile
1809 3162 1988 3211 certa-

2104 3160 2231 3230 πρὸς
2258 3162 2358 3232 τὴν
2391 3138 2498 3213 τῶν
2517 3138 2665 3214 ’ἴσων
2693 3160 2928 3230 ἅμιλλαν
2957 3161 3054 3212 καὶ
3082 3158 3225 3229 λόγῳ
3249 3157 3342 3212 καὶ
3391 3156 3493 3227 βίῳ
3529 3155 3683 3226 φιλοο

411 3259 536 3299 men
571 3251 684 3297 tum
715 3259 986 3306 sermone.
1018 3257 1129 3300 tum
1162 3248 1270 3300 vita
1296 3246 1439 3300 haud
1465 3246 1656 3314 ignave
1683 3260 1988 3316 provocan-

2090 3253 2268 3315 πόνως
2299 3251 2721 3323 ἐκκαλουμένης.
2756 3251 3040 3322 Μνήσθητι
3063 3249 3297 3311 τούτων,
3329 3249 3423 3302 καὶ
3459 3247 3685 3317 ἀγγελι-

411 3337 506 3389 tis.
547 3331 750 3388 Horum
806 3335 1113 3397 recordare,
1154 3344 1210 3390 et
1264 3336 1520 3406 angelicae
1573 3352 1679 3390 una
1735 3350 1858 3391 cum
1909 3336 1990 3392 eis

2104 3343 2193 3414 ιῆς
2221 3345 2348 3416 περὶ
2376 3345 2467 3397 τὸν
2499 3343 2632 3397 Θεὸν
2668 3343 2786 3416 μετ’
2813 3343 3036 3397 ἐκείνων
3075 3342 3297 3414 χορείας
3329 3380 3344 3404 ,
3378 3341 3472 3394 καὶ
3513 3357 3682 3394 πνευ-

410 3422 559 3478 circa
590 3421 757 3480 Deum
797 3424 1033 3487 choreae,
1062 3437 1114 3480 et
1148 3427 1448 3496 spiritualis
1483 3426 1540 3481 in
1573 3442 1736 3483 carne
1758 3426 1904 3492 vitae,
1935 3436 1991 3482 et

412 3515 658 3572 caelestis
685 3517 740 3570 in
772 3526 914 3572 terra
957 3519 1210 3575 instituti.
1256 3519 1564 3598 Recordare
1601 3519 1811 3574 dierum
1841 3528 1993 3575 tran-

411 3607 728 3676 quillarum,
761 3617 816 3664 et
844 3610 1084 3666 noctium
1120 3611 1568 3674 illuminatarum,
1599 3621 1654 3668 et
1696 3611 1995 3667 cantilena-

411 3713 534 3754 rum
583 3699 970 3770 spiritualium,
1017 3708 1072 3756 et
1119 3700 1436 3772 psalmodia:
1488 3717 1722 3766 sonorae,
1771 3717 1991 3772 precum

411 3799 773 3856 sanctarum,
834 3792 978 3848 thori
1043 3793 1177 3851 casti
1223 3803 1386 3863 atque
1423 3794 1772 3862 intaminati,
1825 3795 1996 3867 virgi-

412 3882 503 3942 nei
533 3897 880 3954 progressus,
920 3898 1122 3938 mensa:
1148 3883 1363 3947 sobriae,
1397 3900 1462 3937 ac
1487 3885 1741 3954 praeclare
1763 3901 1996 3956 precan-

411 3975 488 4033 tis
514 3982 578 4032 ut
606 3975 928 4045 incorrupta
961 3973 1059 4029 tibi
1087 3975 1372 4046 virginitas
1405 3986 1738 4032 servaretur.
1767 3975 1870 4032 Ubi
1901 3987 1996 4032 tua

411 4066 506 4128 illa
535 4065 718 4137 gravis
747 4067 958 4139 species
990 4075 1044 4123 et
1068 4067 1281 4123 honesti
1307 4083 1507 4132 mores,
1542 4070 1711 4125 vestis
1742 4069 1867 4126 vilis
1894 4069 2002 4124 vir-

2096 3438 2329 3508 ματικῆς
2363 3440 2420 3491 ἐν
2453 3438 2617 3509 σαρκὶ
2647 3437 2796 3506 ζωῆς
2815 3475 2832 3500 ,
2861 3437 2955 3490 καὶ
2983 3434 3234 3506 οὐρανίου
3265 3434 3360 3487 ἐπὶ
3395 3433 3499 3504 γῆς
3528 3431 3686 3488 πολι-

2092 3529 2382 3599 τεύματος.
2433 3529 2722 3600 Μνήσθητι
2751 3527 2975 3600 ἡμερῶν
3001 3525 3312 3598 ἀθορύϐων,
3343 3525 3438 3578 καὶ
3469 3525 3684 3578 νυκτῶν

2092 3623 2541 3694 πεφωτισμένων,
2571 3623 2664 3676 καὶ
2698 3621 2848 3693 ᾠδῶν
2879 3618 3265 3692 πνευματικῶν
3284 3658 3298 3682 ,
3326 3617 3422 3672 καὶ
3450 3617 3682 3690 ψαλμῳ-

2091 3714 2211 3777 δίας
2243 3715 2469 3786 εύήχου,
2505 3715 2602 3769 καὶ
2649 3712 2974 3784 προσευχῶν
3020 3711 3214 3781 ἀγίων,
3249 3710 3342 3764 καὶ
3375 3709 3546 3780 ἁγνῆς
3587 3710 3684 3763 καὶ

2093 3807 2357 3878 ἀμιάντου
2380 3805 2585 3879 κοίτης,
2605 3807 2698 3860 καὶ
2723 3805 3065 3878 παρθενικῆς
3094 3803 3342 3877 προόδου,
3362 3803 3456 3856 καὶ
3481 3803 3686 3874 ἐγκρα-

2093 3896 2220 3962 τοῦς
2249 3897 2533 3969 τραπέζης
2552 3936 2572 3964 ,
2601 3899 2694 3953 καὶ
2723 3897 2902 3962 καλῶς
2929 3897 3230 3969 εὐχομένης
3261 3895 3360 3967 τὴν
3385 3894 3687 3966 παρθενίαν

2099 4007 2180 4044 σοι
2213 3991 2448 4064 ἄφθορον
2501 3992 2807 4063 τηρηθῆναι
2845 3991 2979 4060 (65).
3031 3989 3140 4044 Ποῦ
3185 3989 3242 4042 δέ
3283 4005 3364 4042 σοι
3388 3987 3449 4041 τὸ
3483 3986 3686 4058 σεμνὸν

2096 4082 2274 4137 ἐκεῖνο
2308 4083 2523 4154 σχῆμα,
2572 4083 2675 4137 ποῦ
2708 4083 2764 4136 δὲ
2804 4083 2865 4136 τὸ
2911 4083 3136 4153 κόσμιον
3164 4076 3295 4152 ἦθος
3321 4121 3336 4145 ,
3372 4080 3465 4133 καὶ
3516 4079 3687 4152 ἐσθὴς

414 4156 594 4226 ginem
623 4156 847 4220 decens.
878 4156 1107 4227 pulcher
1129 4175 1194 4213 ex
1221 4156 1432 4229 pudore
1467 4157 1656 4218 rubor.
1683 4167 1738 4214 et
1767 4159 1997 4216 decorus

2104 4171 2252 4242 λιτὴ,
2285 4173 2542 4246 παρθένῳ
2570 4173 2886 4246 πρέπουσα,
2919 4173 3013 4226 καὶ
3043 4171 3205 4226 καλὸν
3263 4171 3362 4242 μὲν
3407 4171 3468 4224 τὸ
3510 4169 3568 4238 ἐξ
3598 4173 3688 4224 αί-

411 4263 484 4302 ex
523 4247 851 4302 abstinentia
881 4264 946 4306 ac
982 4249 1180 4320 vigiliis
1230 4250 1579 4306 elllorescens
1613 4251 1807 4321 pallor,
1839 4261 1997 4324 atque

2104 4261 2222 4327 δοῦς
2275 4263 2561 4336 ἐρύθημα,
2607 4265 2889 4337 εὐπρεπὴς
2936 4265 2993 4319 δὲ
3045 4266 3078 4336 ἡ
3117 4263 3176 4330 ἐξ
3206 4261 3534 4334 ἐγκρατείας
3586 4265 3689 4318 καὶ⁷

411 4337 562 4392 omni
587 4338 818 4408 pulchro
843 4341 1027 4395 colore
1059 4343 1343 4399 decentius
1377 4343 1741 4400 elucescens?
1777 4344 1997 4411 Quoties

2104 4355 2406 4428 ἀγρυπνίας
2431 4357 2740 4412 ἐπανθοῦσα
2765 4357 3040 4429 ὠχρότης,
3084 4356 3179 4410 καὶ
3213 4356 3395 4426 πάσης
3430 4354 3690 4426 εὐχροίας

413 4429 470 4485 in
502 4430 756 4500 precibus
786 4445 884 4502 pro
905 4432 1213 4502 virginitate
1243 4433 1381 4487 citra
1415 4433 1684 4487 maculam
1709 4435 1997 4497 servanda.

2106 4445 2458 4518 χαριέστερον
2489 4447 2914 4518 ἐπιλάμπουσα;
2952 4445 3189 4509 Ποσάκις
3230 4446 3286 4497 ἐν
3321 4447 3688 4515 προσευχαῖς,

414 4521 556 4576 forte
602 4521 870 4593 lacrymas
917 4522 1192 4578 eﬁudisti?
1241 4523 1386 4591 Quot
1434 4524 1640 4579 litteras
1683 4524 1747 4578 ad
1779 4536 1997 4584 sanctos

2105 4507 2245 4607 ῦπέρ
2275 4507 2379 4590 τοῦ.
2395 4541 2631 4611 τηρῆσαι
2657 4507 2780 4609 ,(66)
2805 4507 2910 4610 τὴν
2941 4507 3238 4610 παρθενίαν
3279 4507 3692 4604 ﬁstulam-iouia"

410 4611 679 4667 exarasti.
715 4627 813 4682 per
851 4629 988 4683 quas
1037 4614 1134 4668 tibi
1178 4630 1367 4669 eorum
1413 4613 1748 4686 ,elllagitabas
1785 4633 1995 4688 preces,

486 4698 532 4730 ⁸⁸
561 4697 602 4754 ll
637 4697 778 4755 Tim.
816 4717 876 4756 ιι.
907 4701 962 4756 9.

2107 4628 2327 4699 ἐξέχεας
2376 4629 2630 4700 δάκρυα;
2692 4630 2842 4684 Πόσα
2896 4629 2953 4682 δέ
3008 4627 3312 4700 γράμματα
3366 4627 3504 4698 πρὸς
3559 4631 3694 4693 τοὺς

684 4716 778 4755 IIII.
816 4717 876 4762 ll,
907 4716 962 4756 υ.

490 4789 611 4862 (60)
646 4793 1008 4862 Συναερείας.
1043 4791 1298 4847 Nonnulli
1335 4811 1468 4850 mss.
1511 4799 1814 4861 κοινωνίας.

493 4861 611 4942 (ﬁt)
653 4861 724 4915 Τὸ
747 4861 970 4942 detr-da".
1015 4862 1177 4942 Deest
1217 4863 1383 4942 τοῦτο
1415 4866 1470 4942 in
1512 4879 1803 4942 octomss.
1839 4868 2010 4924 Paulo

461 4937 550 5008 ost
582 4934 638 4984 in
658 4946 772 5008 _sex
806 4934 960 5008 deest
1005 4934 1212 5008 pariter
1249 4935 1522 5008 ἀληθινῶς
1564 4936 1673 4992 Sed
1719 4946 2011 5008 uti-numne

412 4944 550 5063 rost
583 4946 772 5014 In.sex
806 4944 960 4987 tleest
1005 4944 1212 5004 pariter
1249 4944 1522 5003 ἀληθινόν.
1564 4944 1673 4992 Sed
1719 4946 2008 5008 utrumque

437 5006 624 5069 egttur
655 5016 711 5056 In
740 5003 1137 5059 vetustissimis
1177 5006 1460 5060 codicibus
1483 5005 1654 5063 Coisl.
1683 5018 1738 5063 et
1773 5006 1909 5064 Med.
1951 5011 2008 5069 In

416 5069 718 5126 Barizeano
743 5089 851 5127 non
881 5080 1060 5127 exstat
1090 5074 1202 5128 haec
1227 5076 1480 5128 epistola.

903 5091 1060 5127 ξκδιοι
1092 5091 1202 5128 meo
1227 5091 1480 5131 t'DISlOIa.

484 5092 718 5126 Irtzeano
743 5092 851 5127 non
881 5092 1060 5127 (ἔχεται
1092 5092 1202 5128 nate
1227 5092 1480 5144 t'plSlOla.

484 5139 767 5222 (6?)__'Eft
789 5145 911 5222 erat:
940 5143 1030 5222 Sir
1060 5143 1233 5200 Coisl.
1269 5147 1478 5216 primus
1501 5154 1554 5201 et
1573 5145 1713 5201 Med.
1735 5146 2009 5222 Corrupte

416 5211 474 5264 in
511 5212 674 5284 editis
708 5213 916 5284 ἄρτι.ἢ
949 5214 1091 5284 τότε.

511 5230 674 5266 emus
708 5230 743 5267 α
783 5231 857 5272 τι.
883 5230 916 5284 η
949 5231 1091 5269 τοτε.

493 5230 916 5363 έθὸ)..”Ἀ]ξὲεο-ι.
950 5279 1026 5338 Ita
1051 5285 1270 5342 codices
1292 5302 1428 5341 mss.
1452 5294 1598 5349 octo,
1623 5289 1818 5344 melius
1847 5306 2009 5362 quam

416 5349 551 5405 editi
594 5351 841 5415 ἀληθέσι.

495 5420 612 5498 (£54)
656 5422 878 5498 Iliarﬁc
921 5426 1267 5498 qpaﬁndﬂqg.
1330 5426 1421 5481 Sic
1479 5427 1588 5498 duo
1641 5430 2011 5498 antiquissimi

418 5491 646 5552 codices
670 5491 1088 5570 (EpistetMedi
1104 5494 1244 5570 Editi
1269 5498 1380 5570 τῆςΔ
1393 5497 1678 5570 συνηθείας
1703 5501 1764 5553 τὸ
1777 5491 2008 5570 κράτος.

415 5563 1335 5641 consuetudinis“roburfiissolverr.
1363 5567 1482 5641 mox
1505 5563 1634 5641 editi
1657 5569 1727 5624 τὰ
1756 5563 1852 5640 μὲν
1880 5571 2012 5641 κρά-

419 5645 515 5710 τος
532 5632 781 5710 ἐκείνης.
804 5632 969 5710 Deest
995 5633 1149 5710 illud,
1174 5637 1320 5710 αατά
1340 5637 1564 5710 κράτος,
1597 5640 1651 5694 in
1683 5632 1810 5710 octo
1843 5632 2004 5708 mss;

424 5707 485 5753 at
514 5699 638 5782 duo
661 5699 872 5782 tantum
923 5699 1142 5760 habent
1170 5699 1405 5782 ἐκεῖνος’,
1455 5699 1650 5782 nempe
1690 5709 1859 5766 Coisl.
1892 5699 2004 5782 pri-3

431 5784 558 5832 mus
589 5780 643 5830 et
671 5772 854 5844 Colb.,
884 5790 1023 5849 quos
1051 5775 1223 5833 secuti
1258 5793 1467 5835 sumus.

2187 4807 2298 4880 (65)
2330 4807 2441 4880 Καὶ
2495 4807 2760 4880 καλῶς...
2801 4807 3150 4880 τηρηθῆναι.
3209 4807 3348 4864 Editi
3401 4818 3523 4880 post
3571 4810 3692 4866 hanc

2113 4878 2287 4948 verba
2324 4879 2532 4948 addunt
2565 4879 2787 4948 iterum“
2809 4879 3016 4946 κοίτης,
3046 4893 3218 4948 caque
3260 4878 3534 4934 collocant
3565 4893 3694 4938 ante

2113 4947 2206 5021 καὶ
2253 4947 2553 5021 ἐγκρατοῦς
2593 4946 2872 5021 τραπέζης
2909 4949 3002 5021 καὶ
3028 4946 3388 5021 ⁸παρθενικῆς
3419 4949 3690 5021 προόδου.

2113 5020 2288 5072 Aliter
2317 5018 2525 5088 antiqui
2553 5018 2861 5088 codices.in
2881 5018 3072 5088 primis
3097 5018 3266 5074 Coisl.
3296 5018 3354 5073 et
3379 5018 3516 5076 Med.
3545 5037 3692 5088 quos

2115 5090 2288 5143 secuti
2319 5087 2530 5160 sumus.
2566 5087 2961 5160 Meliustamen
2989 5089 3206 5160 videtur
3228 5091 3421 5146 abesse
3446 5106 3473 5142 a
3507 5087 3690 5160 Bigot.

2115 5167 2348 5230 utroque
2382 5159 2514 5230 illud
2563 5158 2942 5230 xalixalt‘bg...
2972 5159 3297 5230 τηρηθῆναι.
3349 5158 3691 5216 Crediderim

2117 5229 2218 5283 has
2248 5227 2408 5285 voces
2432 5229 2747 5284 referendas
2787 5244 2908 5282 esse
2940 5227 3004 5284 ad
3028 5227 3109 5282 ea
3141 5227 3262 5298 quae
3295 5246 3459 5300 supra
3481 5231 3550 5282 de
3577 5233 3694 5284 vir-

2112 5300 2495 5373 gin_i_s__sogore
2532 5300 2814 5373 dicuntur,
2849 5313 2912 5351 ac
2964 5300 3090 5373 inde
3136 5301 3426 5373 excidisse.
3485 5301 3691 5354 Iisdem

2115 5369 2397 5424 codicibus
2436 5371 2557 5424 freti
2610 5370 2840 5436 legimus
2870 5370 3034 5436 paulo
3072 5378 3195 5438 post
3229 5369 3332 5424 ποῦ
3361 5371 3417 5423 δέ
3455 5388 3558 5432 σοι,
3591 5387 3694 5436 pro

2109 5455 2180 5494 eo
2209 5441 2353 5509 quod
2385 5448 2504 5512 erat
2536 5441 2590 5494 in
2617 5440 2781 5496 editis
2809 5439 2912 5494 ποῦ
2939 5440 3039 5512 μέν
3064 5457 3166 5506 σοι,
3189 5449 3243 5496 et
3269 5440 3572 5496 delevimus
3595 5439 3695 5494 καί

2091 5521 2238 5581 -antc
2270 5511 2544 5581 παρθένῳ.

2191 5580 2302 5652 (66)
2337 5579 2623 5650 Τηρῆσαι.
2651 5579 2786 5636 Post
2809 5581 2954 5652 hanc
2981 5597 3171 5636 vocem
3204 5580 3353 5652 editi,
3378 5580 3583 5652 addunt
3627 5597 3691 5634 σε

2114 5650 2262 5722 quad
2287 5650 2461 5722 deest
2494 5655 2548 5706 in
2583 5667 2719 5706 mss.
2743 5661 2886 5707 octo.
2915 5650 3109 5707 Statim
3138 5651 3268 5706 editi
3298 5650 3685 5722 ἐξεδάκρυσας.

2111 5721 2243 5782 Mss.
2286 5740 2378 5781 sex
2420 5721 2638 5793 ἐξέχεας
2673 5722 2900 5797 δάκρυα,
2937 5724 3051 5778 duo
3082 5722 3300 5795 ἐξέχεας
3329 5721 3582 5794 δάκρυον.
