3870 6218
427 259 535 321 375

1738 270 1793 326 S.
1836 270 2078 327 BASlLll
2116 270 2331 328 MAGNI

3565 273 3674 331 376

429 377 571 435 Deus
597 381 664 438 “.
699 379 804 438 Sed
834 390 887 438 et
921 385 1230 453 praesidium
1264 402 1327 441 ex
1363 389 1616 458 precibus
1659 392 1795 447 meis
1838 391 2006 447 adde-

2122 392 2248 464 πρδς
2283 391 2489 463 Ἰησοῦν
2514 391 2909 463 ἀνακουφίζων,
2939 392 3034 447 καὶ
3070 391 3150 464 τῷ
3183 390 3333 463 φόϐῳ
3365 390 3460 446 ⁴τοῦ
3495 392 3673 448 δεινοῦ

431 470 578 538 ham,
609 475 655 529 si
681 491 788 545 qua
812 478 1019 533 ratione
1051 480 1320 549 integrann
1353 482 1450 536 tibi
1482 499 1683 555 corpus
1724 492 1778 540 et
1818 487 1998 541 anima

427 568 487 620 et
521 566 745 634 spi'itus
791 577 976 637 posset
1019 570 1156 623 citra
1180 571 1652 640 reprehensionem
1684 575 1738 630 in
1764 576 2000 630 adventu

431 650 648 710 Domini
681 658 855 713 nostri
888 658 1015 715 Jesu
1047 660 1248 717 Christi
1277 665 1505 721 servari.
1545 665 1617 720 At
1656 666 1858 724 frustra
1888 669 2000 724 haec

432 747 614 802 omnia
646 748 702 805 in
730 756 784 805 te
816 751 1080 816 laboravi,
1114 754 1354 826 mihique
1393 771 1615 814 amarus
1639 760 1849 814 exstitit
1880 760 2002 814 dul-

431 837 578 893 cium
607 840 820 896 illorum
849 841 1095 898 laborant
1135 846 1333 913 exitus,
1366 862 1669 919 rursusque
1695 849 1999 921 ingemendi

431 929 732 987 necessitas
762 932 832 988 ob
861 948 1003 995 eam.
1047 935 1115 992 de
1163 952 1268 1007 qua
1298 938 1537 1008 gaudere
1568 955 1653 995 me
1694 942 2000 1011 Oportebat.

431 1015 573 1074 Ecce
596 1020 740 1075 enim
772 1021 998 1093 deet-pta
1025 1040 1085 1080 es
1114 1042 1144 1080 a
1167 1039 1416 1096 serpente
1433 1029 1827 1086 amarulentius
1840 1048 2002 1102 quam

433 1104 565 1162 Eva.
596 1109 864 1181 Corrupta
891 1123 975 1169 est
1005 1130 1112 1170 non
1147 1131 1300 1173 mens
1347 1125 1438 1173 tua
1484 1120 1684 1183 solum,
1716 1122 1809 1176 sed
1840 1123 2000 1177 etiam

435 1212 542 1250 una
570 1212 693 1252 cum
728 1210 909 1256 mente
944 1218 1144 1273 corpus
1191 1213 1365 1261 tuum.
1413 1206 1479 1262 Et
1513 1209 1841 1264 horrendum
1873 1211 2000 1265 illud

433 1288 579 1357 quod
622 1297 677 1343 et
721 1289 899 1347 dicere
940 1296 1121 1363 pudet,
1172 1312 1271 1351 nec
1315 1305 1495 1353 tamen
1542 1301 1704 1356 silere
1736 1317 1877 1371 queo
1901 1308 2006 1370 (est

432 1377 580 1430 enim
614 1380 761 1433 velut
792 1381 1011 1451 quidam
1046 1384 1181 1454 ignis
1224 1387 1277 1439 in
1304 1388 1522 1443 ossibus
1567 1392 1704 1444 meis
1741 1406 2005 1446 accensus

435 1475 492 1522 et
542 1468 762 1535 ardens,
810 1475 1162 1546 resolvor-que
1220 1478 1458 1549 undique
1513 1488 1567 1536 et
1618 1498 1729 1537 non
1784 1498 2005 1552 possum

436 1559 624 1633 ferre),
657 1564 853 1622 tollens
900 1569 1089 1640 utique
1132 1573 1373 1627 membra
1406 1576 1630 1641 Christi,
1657 1578 1898 1633 membra
1931 1578 2008 1632 fc—

434 1651 561 1708 cisti
595 1657 897 1712 meretricis
925 1659 992 1715 '7.
1029 1658 1142 1715 Hoc
1186 1679 1353 1718 unum
1394 1680 1461 1720 ex
1498 1668 1752 1726 omnibus
1807 1669 2005 1722 malum

2109 483 2244 553 πρὸς
2266 483 2325 535 τὸ
2356 482 2430 554 μὴ
2465 485 2650 537 πεσεῖν
2669 482 2949 554 ἐϐοήθουν.
2966 482 3141 551 λέγων
3176 481 3310 553 (75)’
3347 481 3422 536 ει
3449 498 3538 547 τις
3567 482 3675 536 τὸν

2105 572 2258 626 ναὸν
2274 572 2382 627 τοῦ
2411 573 2557 628 Θεοῦ
2577 573 2820 642 φθείρει,
2846 571 3053 641 φθερεῖ
3071 572 3284 626 τοῦτον
3305 573 3339 624 ό
3372 572 3533 636 Θεός.
3563 568 3675 624 Καὶ

2107 664 2285 737 δήκαὶ
2313 665 2412 737 τήν
2444 668 2507 718 ὲκ
2527 664 2633 718 τῶν
2659 664 2973 737 προσευχῶν
2999 681 3098 735 μου
3125 662 3473 735 προσετίθουν
3496 662 3674 732 ἀσφά-

2107 755 2277 818 λειαν,
2304 757 2356 810 εί
2376 772 2491 818 πως
2520 754 2809 826 ὁλόκληρόν
2832 771 2926 807 σου
2950 754 3060 823 (76)
3078 752 3138 807 τὸ
3167 751 3327 823 σῶμα
3354 752 3450 804 καὶ
3471 753 3504 821 ἡ
3529 751 3676 822 ψυχὴ

2109 846 2203 898 καὶ
2226 844 2288 897 τὸ
2316 844 2533 916 πνεῦμα
2564 844 2868 915 ἀμέμπτως
2887 846 2943 896 έν
2962 846 3029 915 τῇ
3060 841 3331 914 παρουσίᾳ.
3352 842 3444 894 τοῦ
3470 841 3676 912 Κυρίου

2106 936 2267 1008 ήμῶν
2334 935 2509 1008 Ἰησοῦ
2573 935 2811 1007 Χριστοῦ
2859 934 3145 1006 τηρηθείη.
3192 934 3354 987 Ἀλλὰ
3396 933 3505 1006 γὰρ
3553 932 3681 1007 είκῆ

2109 1026 2281 1080 ταῦτα
2308 1027 2485 1081 πάντα
2508 1027 2811 1081 κεκοπίακα
2839 1028 2918 1091 είς
2940 1026 2997 1080 σέ
3022 1046 3036 1059 ο
3063 1025 3154 1080 καί
3182 1043 3273 1096 μοι
3301 1025 3496 1097 πικρὸν
3518 1025 3682 1099 ἐξέϐη

2107 1122 2216 1174 τῶν
2242 1121 2487 1190 γλυκέων
2531 1122 2757 1175 ἐκείνων
2791 1121 2969 1176 πόνων
3009 1120 3069 1174 τὸ
3111 1120 3285 1193 πέρας
3307 1135 3319 1147 ·
3352 1118 3445 1175 καὶ
3476 1119 3684 1173 στένειν

2110 1216 2323 1286 ἀνάγκη
2348 1214 2509 1269 πάλιν
2536 1214 2621 1283 ἐφ’
2720 1213 2826 1267 ἔδει
2858 1230 2926 1283 με
2960 1212 3191 1285 χαίρειν.
3238 1211 3367 1266 Ἰδοὺ
3400 1214 3508 1282 γάρ
3540 1210 3688 1280 ἡπά-

2109 1324 2273 1377 τησαι
2321 1308 2419 1379 μὲν
2484 1307 2590 1361 ὑπὸ
2636 1306 2731 1360 τοῦ
2783 1305 2959 1374 ὄφεως
3001 1306 3102 1375 τῆς
3137 1304 3279 1369 Εὔας
3320 1304 3681 1375 πικρότερονο

2111 1395 2377 1466 ἔφθαρται
2405 1395 2462 1448 δέ
2493 1412 2575 1451 σοι
2608 1396 2667 1447 οὺ
2693 1395 2762 1449 τὰ
2787 1396 3037 1466 νοήματα
3073 1395 3253 1465 μόνον,
3283 1393 3423 1449 ἀλλὰ.
3456 1393 3563 1465 γὰρ
3587 1392 3687 1445 σὺν

2112 1486 2341 1550 ἐκείνοις
2378 1487 2471 1541 καὶ
2500 1487 2631 1539 αὐτὸ
2656 1487 2716 1539 τὸ
2750 1486 2909 1557 σῶμα
2936 1504 2948 1517 ·
2977 1486 3070 1540 καὶ
3097 1489 3156 1539 τὸ
3186 1484 3451 1557 φρικῶδες
3479 1486 3685 1551 έκεῖνο,

2111 1577 2141 1631 ὃ
2167 1578 2259 1630 καὶ
2282 1579 2457 1630 εἰπεῖν
2497 1575 2639 1630 ὀκνῶ
2657 1616 2672 1642 ,
2709 1578 2801 1630 κα)⁵
2826 1577 3037 1647 σιωπᾷν
3055 1575 3116 1628 οὐ
3142 1574 3374 1645 δύναμαι
3403 1571 3551 1643 (ἔστι
3576 1571 3689 1643 γὰρ

2114 1668 2188 1732 ῶς
2239 1666 2351 1739 πῦρ
2414 1666 2702 1737 καιόμενον
2750 1667 2845 1720 καὶ
2907 1665 3237 1737 φλεγόμενον
3297 1662 3409 1735 (77)
3468 1664 3525 1715 ὲν
3575 1664 3690 1725 τοῖς

436 1745 626 1816 nequit
666 1762 790 1803 cum
818 1748 926 1805 alio
951 1755 1257 1823 comparari
1292 1774 1306 1809 :
1336 1755 1439 1811 hoc
1467 1772 1666 1812 novum
1699 1766 1785 1814 est
1814 1760 1868 1813 in
1901 1760 2011 1813 vita

2122 1757 2316 1819 5στέοις
2347 1773 2470 1827 μου,
2504 1757 2598 1810 καὶ
2632 1758 2900 1827 παρεῖμαι
2931 1753 3221 1821 πάντοθεν,
3249 1753 3343 1808 κα)¹
3370 1751 3431 1806 οὐ
3454 1751 3689 1822 δύναμαι

398 1888 405 1895 .
438 1834 674 1895 facinus.
711 1840 1059 1909 Pertransite,
1088 1846 1285 1917 inquit,
1311 1848 1514 1904 insulas
1564 1850 1832 1919 Cltettiim,
1859 1863 1907 1906 et
1934 1853 2010 1906 ri-

435 1927 569 1993 dete,
593 1942 642 1986 et
674 1934 730 1986 in
758 1930 931 1988 Cedar
956 1936 1167 2001 mittite,
1203 1949 1252 1991 et
1298 1940 1627 1996 considerate
1673 1942 2009 2008 vehementer,

436 2039 506 2076 an
528 2023 673 2093 facta
698 2026 801 2079 sint
832 2026 986 2088 talia,
1015 2046 1084 2083 an
1110 2033 1463 2098 permutarint
1490 2045 1666 2105 gentes
1703 2033 1827 2091 deos
1852 2053 1974 2090 suos
1993 2053 2011 2089 :

435 2127 484 2170 et
512 2115 602 2170 isti
629 2132 731 2170 non
761 2126 884 2172 sunt
925 2118 1001 2171 dii
1024 2120 1098 2186 ⁶⁸;
1130 2121 1283 2190 virgo
1307 2130 1486 2176 autem
1526 2125 1756 2179 mutavit
1785 2127 2012 2195 gloriam

438 2223 616 2272 suam,
645 2208 872 2280 ejusque
903 2211 1071 2281 gloria
1098 2222 1177 2267 est
1209 2219 1262 2266 in
1296 2216 1628 2285 turpitudine
1660 2233 1782 2273 sua.
1812 2217 2014 2274 Obstu-

438 2300 556 2370 puit
586 2300 783 2356 coelum
806 2303 875 2357 ob
906 2304 1027 2369 huc,
1054 2315 1109 2360 et
1137 2306 1405 2361 inhorruit
1437 2317 1582 2365 terra
1614 2311 2010 2366 vehementius.

440 2390 581 2445 Dicit
626 2390 788 2447 etiam
843 2410 987 2449 nunc
1038 2395 1347 2456 Dominus:
1392 2398 1510 2454 Duo
1559 2401 1700 2455 mala
1742 2410 2017 2473 perpetra-

436 2480 515 2535 vit
549 2480 711 2551 138
740 2482 892 2551 virgo
935 2499 947 2535 :
994 2500 1079 2540 me
1133 2486 1423 2559 dereliquit
1467 2506 1655 2545 verum
1708 2491 2013 2546 animarum

436 2579 751 2626 sanctarum
796 2584 1042 2629 sanctum
1090 2592 1375 2646 sponsum,
1429 2592 1483 2635 et
1529 2580 1775 2651 confugit
1811 2582 1879 2637 ad
1914 2584 2016 2637 im!-

438 2661 584 2730 pium
615 2668 669 2717 et
702 2661 949 2733 iniquum
995 2666 1188 2722 animat
1234 2670 1398 2724 simul
1438 2679 1493 2726 et
1534 2674 1784 2742 corporis
1824 2688 2017 2728 corru-

438 2761 647 2823 ptorem
671 2753 736 2807 “.
773 2752 982 2810 Deiecit
1010 2773 1038 2810 a
1072 2755 1182 2814 Deo
1217 2769 1495 2818 servatore
1538 2779 1660 2828 suo,
1691 2771 1747 2818 et
1790 2765 2018 2834 praebuit

438 2843 683 2898 membra
744 2860 842 2900 sua
907 2863 1064 2903 serva
1112 2851 1473 2909 immunditize
1523 2865 1579 2911 et
1628 2854 1902 2926 iniquitati
1947 2858 2014 2912 ⁷⁸.

439 2931 616 2987 Oblita
669 2946 752 2991 est
806 2944 985 2992 autem
1036 2941 1175 3009 mei,
1222 2951 1279 2998 et
1331 2954 1456 3015 post
1500 2954 1799 3002 amatorem
1855 2963 2017 3004 suum

440 3025 554 3080 ibat
590 3027 659 3093 ⁷⁸,
690 3043 720 3082 a
749 3045 857 3100 quo
888 3046 995 3086 non
1026 3031 1325 3103 iuvabitur.

2116 1847 2378 1920 φέρειν),
2414 1848 2596 1917 ἄρασα
2634 1848 2702 1902 τά
2750 1848 2887 1919 μέλη
2937 1847 3031 1902 τοῦ
3064 1844 3300 1918 Χριστοῦ
3381 1844 3690 1914 πεποίηκας

2113 1939 2252 2011 μέλη
2287 1937 2510 2010 πόρνης.
2544 1936 2718 1991 Τοῦτο
2749 1938 2909 2010 μόνον
2955 1939 3012 1991 ὲν
3047 1939 3179 1991 πᾶσι
3220 1937 3387 1991 κακὸν
3423 1934 3691 2005 ἀσύγκρι-

2110 2048 2234 2084 τονο
2274 2030 2433 2084 τοῦτο
2479 2030 2666 2084 καινὸν
2704 2032 2762 2084 ὲν
2797 2029 2897 2101 βίῳ
2937 2028 2997 2083 τὸ
3024 2029 3301 2101 τόλμημα.
3335 2029 3490 2092 Ὅτι,
3527 2025 3694 2080 Διέλ-

2112 2128 2243 2178 θετε
2262 2162 2276 2187 ,
2312 2122 2469 2192 φησι,
2495 2120 2726 2188 νήσους
2762 2122 3027 2191 Χεττιείμ
3048 2162 3062 2185 ,
3096 2122 3193 2175 καὶ
3234 2120 3391 2174 ιδετε
3412 2138 3425 2150 ·
3457 2119 3553 2172 καί
3598 2119 3692 2186 εἰς

2114 2213 2311 2283 Κηδὰρ
2332 2212 2730 2267 ἀποστείλατε
2752 2252 2767 2276 ,
2797 2212 2896 2265 καὶ
2930 2210 3194 2281 νοήσατε
3222 2210 3479 2280 σφόδρα,
3511 2211 3564 2262 εί
3594 2210 3693 2276 τέ-

2112 2323 2251 2375 rore
2278 2304 2549 2372 τοιαῦτα,
2573 2306 2626 2358 εὶ
2660 2303 3029 2368 ἀλλάξονται
3073 2304 3215 2370 ἔθνη
3258 2302 3433 2366 θεοὺς
3469 2296 3690 2361 αὐτῶν,

2112 2397 2209 2450 καὶ
2248 2396 2416 2451 αὐτοὶ
2451 2398 2564 2450 οὐκ
2605 2396 2725 2449 εἰσὶ
2758 2397 2882 2450 θεοί
2906 2412 2918 2424 °
2951 2397 2984 2466 ή
3017 2394 3074 2447 δὲ
3128 2395 3392 2467 παρθένος
3424 2391 3695 2461 ἠλλάξατο

2113 2490 2210 2559 τὴν
2233 2489 2386 2555 δόξαν
2408 2490 2576 2560 αὐτῆς
2607 2489 2717 2559 (78)
2743 2530 2758 2555 ,
2800 2490 2945 2559 καὶὴ
2980 2488 3106 2552 δόξα
3153 2490 3207 2541 ὲν
3242 2490 3307 2558 τῇ
3339 2483 3567 2556 αἰσχύνῃ
3594 2483 3694 2536 αὑ-

2113 2581 2231 2651 τῆς.
2282 2580 2501 2651 Ἐξέεττη
2528 2582 2556 2633 ὁ
2589 2580 2817 2651 οὐρανὸς
2841 2581 2935 2633 ἐπὶ
2966 2579 3163 2651 τούτῳ,
3193 2580 3288 2633 καὶ
3310 2577 3528 2648 ἔφριξεν
3554 2575 3587 2644 ἡ
3618 2575 3692 2643 γῆ

2114 2674 2209 2726 ἐπὶ
2242 2672 2423 2726 πλεῖον
2450 2670 2674 2744 σφόδρα.
2710 2672 2870 2740 Λέγει
2895 2673 3003 2742 (79)
3032 2673 3125 2726 καὶ
3153 2670 3247 2725 νῦν
3280 2673 3308 2724 ὁ
3329 2668 3533 2739 Κύριος
3557 2706 3572 2729 ,
3608 2666 3694 2718 ὅτι

2115 2764 2209 2818 δύο
2238 2765 2333 2817 καὶ
2368 2762 2581 2834 πονηρὰ
2621 2764 2938 2835 ὲποίησενή
2978 2762 3281 2835 παρθένος·
3324 2760 3424 2832 ἐμὲ
3463 2756 3696 2828 ἐγκατέ-

2116 2854 2238 2906 λιπε
2283 2852 2375 2906 τὸν
2406 2851 2655 2923 ἀληθινὸν
2685 2852 2778 2906 τὸν
2822 2853 2975 2921 ἆγιον
3002 2851 3191 2923 ψυχῶν
3233 2851 3403 2919 ἁγίων
3439 2848 3696 2920 νυμφίον,

2119 2944 2212 2997 καὶ
2241 2941 2453 3013 ἀπέδρα
2488 2941 2622 3013 πρὸς
2656 2941 2830 3012 ἀσεϐῆ
2859 2941 2953 2994 καὶ
2991 2941 3308 3011 παράνομον
3354 2936 3530 3007 ψυχῆς
3556 2930 3696 3003 ὁμοῦ

2119 3035 2214 3090 καὶ
2248 3033 2498 3105 σώματος
2549 3032 2772 3104 φθορέα.
2826 3031 3062 3103 Ἀπέστη
3113 3031 3221 3086 ἀπὸ
3264 3028 3398 3083 Θεοῦ
3451 3028 3698 3097 σωτῆρος

438 3119 643 3191 αὐτῆς.
698 3122 790 3175 καὶ
851 3125 1163 3197 παρέστησε
1193 3127 1264 3181 τὰ
1287 3128 1424 3200 μέλη
1472 3131 1642 3202 αὐτῆς
1673 3132 1837 3188 δοῦλα
1867 3135 1932 3204 τῇ
1999 3126 2310 3200 ἀκαθαρσία
2352 3127 2448 3181 καὶ
2484 3128 2565 3199 ,τῇ
2626 3125 2849 3197 ἀνομίᾳ.
2900 3124 3065 3178 Ἐμοῦ
3106 3123 3162 3177 δὲ
3209 3118 3536 3183 ἐπελάθετο,
3602 3116 3703 3171 καὶ

438 3211 615 3267 ὀπίσω
638 3214 733 3268 τοῦ
770 3217 1004 3289 ἐραστοῦ
1036 3220 1206 3293 αὐτῆς
1233 3223 1548 3295 ἐπορεύετο,
1567 3225 1626 3291 ἐξ
1655 3219 1715 3279 οὗ
1746 3227 1848 3281 οὐκ
1878 3224 2320 3297 ὠφεληθήσεται.

508 3326 565 3382 4.
600 3324 895 3397 Expediret
938 3330 989 3384 ei
1042 3337 1101 3384 ut
1150 3331 1295 3387 mola
1344 3334 1583 3390 asinaria
1622 3335 1770 3391 circa
1817 3337 2014 3393 collum

2192 3330 2246 3384 4.
2277 3327 2580 3400 Συνέφερεν
2624 3328 2738 3398 (80)
2774 3327 2921 3399 αὐτῷ
2976 3328 3025 3380 εί
3097 3323 3262 3396 μύλος
3308 3323 3484 3385 ὀνικὸς
3542 3338 3704 3392 περι-

440 3415 615 3486 ipsius
668 3416 845 3488 posita
877 3416 1089 3487 fuisset,
1138 3429 1195 3476 et
1242 3420 1297 3475 in
1345 3438 1495 3480 mare
1542 3424 1819 3496 proiectus
1848 3439 2014 3494 esset,

2123 3426 2302 3476 έκειτο
2338 3420 2467 3491 περὶ
2497 3420 2588 3473 τὸν
2613 3419 2882 3492 τράχηλον
2910 3417 3094 3482 αὑτοῦ,
3117 3417 3210 3470 καὶ
3240 3415 3467 3486 ἔρριπτο
3491 3415 3571 3476 είς
3595 3414 3702 3483 τὴν

440 3509 625 3578 potius
654 3524 818 3578 quam
850 3509 1180 3568 odendiculo
1231 3514 1425 3570 fuisset
1466 3516 1665 3587 virgini
1701 3519 1913 3575 Domini
1947 3524 2014 3576 ⁷³.

2124 3514 2428 3577 θάλασσαν,
2466 3513 2501 3583 ἢ
2534 3514 2618 3566 ὅτι
2669 3512 3019 3566 ὲσκανδάλισε
3051 3510 3148 3582 τὴν
3180 3508 3447 3580 παρθένον
3487 3504 3699 3576 Κυρίου

440 3597 580 3666 Quis
625 3616 818 3657 servus
863 3611 1157 3658 contumax
1201 3605 1277 3659 ita
1326 3607 1570 3674 insaniit,
1596 3618 1658 3664 ut
1698 3609 1755 3665 in
1788 3612 2014 3668 herilem

2123 3624 2226 3671 τις.
2263 3606 2458 3670 Δοῦλος
2498 3604 2611 3677 (81)
2656 3604 2894 3673 αὐθάδης
2945 3605 3027 3666 είς
3068 3600 3323 3655 τοσοῦτον
3369 3599 3580 3669 ἐμάνη,
3619 3597 3702 3664 ὠς

441 3690 659 3746 thorum
690 3708 749 3749 se
781 3693 897 3763 ipse
936 3694 1220 3764 injiceret?
1246 3704 1340 3751 aut
1366 3698 1491 3768 quis
1525 3700 1713 3770 praedo
1736 3718 1801 3756 eo
1830 3717 2014 3759 anien-

2122 3699 2412 3769 δεσποτικῇ
2458 3698 2616 3768 κοίτῃ
2661 3696 2852 3751 ἑαυτὸν
2893 3694 3215 3766 έπιρῤίψαη
3246 3692 3279 3762 ἢ
3317 3692 3469 3753 ποῖος
3493 3687 3703 3760 λῃστὴς

444 3781 533 3837 tiae
559 3779 795 3847 devenit,
829 3792 886 3838 ut
931 3782 1048 3853 ipsa
1084 3783 1179 3841 Dei
1222 3785 1452 3841 donaria
1495 3777 1856 3861 contingeret,
1908 3809 2014 3848 non

2122 3791 2215 3844 ἐπὶ
2242 3790 2494 3844 τοσοῦτον
2526 3789 2784 3852 ἀπονοίας
2824 3785 3070 3858 προήχθη
3093 3827 3108 3851 ,
3137 3784 3211 3848 ὡς
3256 3780 3433 3838 αὐτῶν
3485 3779 3702 3849 ἐφάψα-

439 3889 573 3931 vasa
603 3876 920 3941 inanimata,
969 3877 1063 3933 sed
1102 3894 1333 3949 corpora
1385 3882 1646 3946 viventia,
1693 3892 1747 3940 et
1781 3886 2017 3940 animam

440 3962 838 4022 inhabitantem
885 3968 1142 4024 habentia
1190 3970 1387 4026 factam
1429 3972 1499 4027 ad
1552 3974 1845 4046 imaginem
1888 3976 2023 4035 Dei?

440 4054 581 4128 Quis
623 4073 865 4128 unquam
905 4059 1125 4114 auditus
1163 4067 1247 4117 est
1296 4063 1351 4117 in
1395 4065 1572 4119 media
1599 4065 1821 4123 civitate
1847 4076 1902 4122 et
1930 4083 2018 4124 se-

441 4159 579 4204 rena
623 4150 852 4206 meridie
905 4151 1313 4224 imaginiregite
1357 4154 1565 4213 formas
1611 4157 2018 4215 immundorum

442 4250 737 4308 porcorum
771 4240 1074 4299 inscribere
1105 4258 1276 4299 ausus
1303 4247 1460 4301 esse?
1487 4245 1719 4318 Nuptias
1753 4249 2022 4308 humanas

443 4324 494 4382 si
518 4326 645 4397 quis
675 4327 979 4394 violaverit,
1022 4330 1546 4399 immisericorditer,
1579 4351 1765 4392 coram
1806 4338 2021 4396 duobus

445 4424 542 4472 aut
568 4417 745 4474 tribus
777 4419 1031 4484 testibus,
1058 4422 1309 4475 moritur.
1353 4420 1571 4487 Quanto
1608 4426 1858 4495 graviore
1891 4445 2022 4500 sup-

2125 3884 2249 3939 σθαι
2264 3883 2373 3937 τῶν
2404 3881 2500 3936 τοῦ
2533 3881 2668 3935 Θεοῦ
2700 3879 3066 3951 ἀναθημάτων
3087 3916 3101 3940 ,
3129 3877 3188 3929 οὑ
3214 3872 3421 3928 σκευῶν
3451 3871 3703 3943 ἀψύχων,

2125 3975 2262 4030 ἀλλά
2298 3973 2568 4046 σωμάτων
2612 3971 2830 4037 ζώντων
2875 3971 2969 4024 καὶ
2992 3968 3167 4039 ψυχὴν
3214 3965 3420 4019 ένοικον
3466 3963 3706 4034 ἑχόντων

2123 4068 2244 4121 κατ’
2270 4066 2452 4120 εἰκόνα
2472 4064 2607 4118 Θεοῦ
2639 4063 3047 4134 πεποιημένηνς
3071 4061 3166 4123 Τίς
3195 4060 3289 4112 ἀπ’
3315 4056 3508 4119 αἰῶνος
3534 4055 3710 4126 ήκου-

2126 4173 2248 4211 σται
2274 4157 2332 4211 ἐν
2379 4157 2521 4230 μέσῃ
2565 4155 2720 4209 πόλει
2765 4153 2858 4209 καὶ
2894 4152 3131 4222 σταθερᾷ
3172 4146 3491 4222 μεσημϐρίᾳ
3529 4146 3707 4199 εἰκόνι

2127 4248 2377 4319 βασιλικῇ
2417 4248 2617 4319 χοίρων
2645 4245 2859 4318 μορφὰς
2902 4242 3225 4313 ἀκαθάρτων
3250 4237 3550 4309 ἐπιγράψαι
3580 4235 3707 4290 τολ-

2131 4342 2309 4412 μήσας
2335 4357 2351 4407 ἲ
2404 4339 2703 4410 Ἀθετήσας
2735 4354 2819 4402 τις
2850 4335 3029 4406 γάμον
3061 4331 3378 4404 ἀνθρώπου,
3409 4329 3579 4401 χωρὶς
3622 4331 3709 4384 οἱ-

2129 4431 2399 4505 κτιρμῶν,
2435 4431 2531 4484 ἐπὶ
2579 4430 2732 4484 δυσὶν
2754 4428 2789 4500 ἦ
2827 4428 2975 4498 τρισὶ
3025 4425 3311 4498 μάρτυσιν,
3342 4420 3705 4492 ἀποθνήσκει.

517 4596 564 4628 ⁸⁸
593 4594 775 4677 [ρον.
808 4610 892 4659 ιιι,
932 4595 1062 4677 17.Δ
1092 4599 1136 4630 ⁸⁷
1175 4598 1195 4651 l
1224 4598 1352 4655 Cor.
1387 4618 1462 4667 v1,
1498 4603 1585 4659 15.
1664 4605 1708 4637 ⁸⁸
1738 4557 1937 4667 .lerem.
1969 4626 2014 4664 ιιι

2122 4621 2148 4676 ν,
2184 4611 2269 4665 ll.
2356 4608 2402 4642 "
2460 4609 2593 4665 ibid.
2620 4557 2818 4672 i2,l5.
2874 4607 2920 4641 "
2956 4604 3112 4661 Rom.
3142 4620 3225 4669 vI,
3262 4601 3344 4656 l9.
3390 4604 3432 4634 τί
3474 4600 3599 4658 Osc.
3639 4618 3706 4667 ιι,

445 4665 536 4722 i3.
613 4666 658 4699 "
691 4664 824 4720 Luc.
867 4681 1000 4729 xvn,
1030 4667 1085 4725 Ξ.

512 4892 883 4979 (Πελλδὲτωτο
905 4892 1041 4979 ‘Hus
1090 4895 1535 4979 transtulimus;

448 4964 575 5089 cng
606 4963 776 5021 Coisl’.
812 4975 869 5021 et
902 4963 1099 5021 Medic.
1140 4966 1280 5022 Male
1306 4968 1363 5021 in
1408 4967 1570 5024 editis
1603 4968 1882 5039 legebatur
1912 4976 2033 5039 post

448 5052 489 5089 Θ
525 5051 552 5086 ε
582 5052 683 5089 ρει.

525 5051 683 5090 ειοει.

448 5052 1050 5231 φυὲ7ἕ)ι’⁹ονιόκλνιρόν
1072 5122 1224 5190 σου.
1261 5105 1371 5188 se:
1407 5122 1542 5163 mss.
1588 5107 1877 5180 ὁλόκληρόν
1925 5125 2029 5191 σοι,

449 5189 511 5231 se
577 5183 759 5230 tamen
801 5177 1167 5231 vetustissnm
1207 5176 1380 5231 Corsl.
1431 5187 1488 5231 et
1530 5176 1668 5231 Med.
1718 5194 1843 5231 cum
1871 5181 2029 5231 editis

449 5176 545 5231 sed
577 5183 759 5230 tamen
801 5177 1167 5233 vetustissimi
1207 5176 1380 5234 Coisl.
1431 5187 1488 5232 et
1530 5176 1668 5235 Med.
1718 5176 1843 5234 cum
1871 5181 2034 5234 editis

449 5247 823 5301 musentiunt.

526 5314 1064 5388 (7?)_¢.lsrdysror.
1095 5316 1257 5373 Deest
1289 5317 1344 5388 in
1383 5331 1477 5374 sex
1510 5332 1668 5388 mss.,
1709 5333 1818 5372 non
1847 5323 2031 5388 taliten

451 5383 511 5459 i_n
536 5383 696 5459 nea.
752 5383 808 5442 et
848 5383 1255 5459 (loisl.»primo.
1289 5386 1443 5443 Unus
1487 5387 1771 5459 efoegiis
1812 5387 2028 5459 φλέγον.

453 5451 628 5526 Paulo
654 5466 780 5526 post
812 5451 1138 5514 auctoritate
1182 5466 1431 5515 veterum
1482 5451 1732 5514 codicu'm
1774 5451 2032 5513 emenda-

455 5523 641 5599 vimus
657 5523 1044 5599 quodgvitiose
1059 5528 1125 5599 in
1156 5528 1321 5583 editis
1356 5527 1637 5599 legebatur
1670 5529 1885 5599 Ἀρασα
1924 5526 2032 5599 γὰρ

456 5608 528 5648 τα
553 5594 962 5669 μέληζᾲειῌίηΐη
984 5597 1081 5669 καὶ
1103 5600 1159 5669 Δεί
1180 5594 1429 5669 νοήσατε.

530 5664 641 5737 (78)
658 5665 877 5734 Αὐτῆς,
909 5666 1007 5720 καὶ
1025 5670 1064 5737 ἠ
1091 5664 1405 5732 δόξα.’11;εο
1426 5667 1622 5724 desunt
1644 5669 1698 5723 in
1721 5675 1843 5723 octo
1870 5680 2030 5724 mss..

870 4934 883 4948 .
906 4891 1038 4966 :ﬂuc
1090 4895 1477 4951 transtulimus
1534 4897 1677 4952 hanc
1725 4915 1911 4953 vocem
1959 4914 2024 4952 ex
2056 4867 2103 4925 Β
2133 4916 2240 4956 non
2267 4908 2450 4955 tamen
2485 4901 2541 4955 in
2573 4900 2830 4955 Mediczeo
2871 4910 2923 4954 et
2956 4899 3293 4955 Coisliniano
3322 4901 3518 4966 primo.

2203 4972 2314 5040 (79)
2334 4969 2524 5040 Λέγει.
2555 4970 2697 5025 Editi
2719 4969 2929 5023 addunt
2944 4970 3180 5040 πάντως.
3209 4970 3303 5023 sed
3331 4970 3526 5024 melius
3549 4969 3708 5026 deest

2131 5041 2184 5114 in
2214 5038 2356 5114 Med.
2393 5038 2453 5114 et
2475 5041 2648 5114 Coisl.
2698 5042 2898 5114 primo.
2947 5038 3062 5114 Non
3094 5041 3267 5114 multo
3295 5049 3435 5114 post
3465 5041 3593 5114 editi
3633 5046 3707 5114 τῇ

2130 5111 2328 5182 ἀνομίᾳ
2357 5113 2437 5173 εἰς
2462 5110 2560 5182 τὴν
2583 5110 2830 5181 ἀνομίαν,
2855 5119 2908 5182 et
2947 5109 3258 5182 ἐπελάθετο,
3295 5110 3443 5182 λέγει
3473 5109 3706 5182 Κυρίοςῖ

2130 5180 2373 5234 Primum
2396 5180 2826 5235 additamentum
2845 5181 2998 5235 abest
3017 5197 3045 5233 a
3064 5180 3231 5234 Coisl.
3256 5181 3432 5250 primo
3457 5186 3513 5235 et
3533 5180 3703 5247 Med,

2131 5252 2358 5304 alterum
2390 5252 2458 5304 ab
2492 5260 2617 5304 octo
2643 5267 2772 5305 mss.

2203 5321 2314 5443 (80‘)
2339 5322 2694 5390 Συνέφερεν.
2741 5320 2815 5373 Ita
2851 5334 3041 5375 omnes
3071 5335 3204 5375 mss.
3249 5318 3390 5374 Editi
3430 5317 3703 5391 Συνέφερε

2218 5408 2286 5443 κα
2315 5430 2328 5443 .
3377 5411 3392 5425 ο
3590 5423 3609 5438 .

2129 5390 2183 5443 δὲ
2218 5391 2328 5444 καί.
3377 5411 3392 5425 ο
3590 5423 3609 5438 .

2201 5460 2323 5531 (81)
2352 5460 2598 5526 Δοῦλεζε.
2645 5459 2785 5514 Editi
2835 5458 3053 5531 addunt
3085 5458 3283 5531 οὕτως,
3312 5458 3459 5528 quod
3487 5459 3639 5531 abest
3670 5476 3700 5515 a

2133 5528 2267 5654 (ηεξ.
2292 5528 2457 5587 Deest
2481 5535 2643 5585 etiam
2674 5530 2873 5585 ibidem
2911 5528 3114 5601 Κυρίου
3163 5530 3218 5584 in
3248 5529 3415 5585 Coisl.
3446 5530 3626 5601 primo
3649 5537 3703 5587 et

2186 5617 2214 5654 e
2259 5640 2271 5654 .

2186 5605 2271 5657 ed.

3708 5738 3737 5773 Δ
