3870 6218
463 290 574 348 379

1777 305 1837 360 5.
1882 304 2124 362 BASlLll
2162 303 2378 362 MAGNI

3633 292 3742 350 580

464 425 565 499 eos
585 412 688 499 qui
727 413 797 471 ab
831 416 966 477 orbe
1000 421 1227 477 condito
1269 423 1632 493 dormierint,
1669 438 1722 483 et
1761 427 2060 499 procedent

2176 429 2259 481 καὶ
2312 425 2606 482 ἀποδοῦναι
2662 427 2880 498 ἑκάστῳ
2944 422 3090 479 κατὰ
3142 420 3263 493 τὴν.
3293 415 3491 490 πρᾶξιν
3538 410 3738 469 αότοῦο

467 496 563 567 qui
584 495 728 559 bona
744 499 992 572 fecerint,
1012 507 1068 562 in
1084 514 1546 569 resurrectionem
1577 517 1699 572 vita:
1721 495 1791 578 "1
1808 517 1902 587 qui
1927 532 2059 571 vero

2176 519 2288 573 Ξταν
2312 521 2346 590 ἡ
2377 516 2611 587 σάλπιγξ
2629 517 2833 589 ἐκείνη,
2852 495 2995 589 μέγα
3011 533 3064 570 τι
3093 513 3188 568 καὶ
3214 507 3442 583 φοϐερὸν
3462 506 3737 578 ἡχήσασα,

469 590 639 656 mala,
663 592 718 647 in
748 603 1209 659 resurrectionem
1235 604 1453 675 judicii.
1486 607 1704 664 Revoca
1729 610 1825 664 tibi
1859 610 1914 665 in
1947 625 2061 665 mo-

470 682 704 738 moriam
752 684 969 745 Danieli
1016 692 1260 749 oblatam
1309 695 1406 752 Dei
1454 698 1755 766 visionem,
1783 701 2060 772 quomodo

473 774 630 831 nobis
650 776 724 832 ob
743 781 934 835 oculos
954 781 1226 852 judicium
1254 800 1439 858 ponat.
1473 792 1830 862 Aspiciebam,
1857 794 2058 865 inquit,

469 866 637 922 donec
674 869 850 926 throni
888 876 1049 943 positi
1075 888 1231 943 sunt,
1268 889 1319 935 et
1350 883 1612 953 Antiquus
1659 885 1862 938 dierum
1899 884 2056 940 sedit.

482 955 860 1016 Vestimentum
889 965 1006 1035 ejus
1043 968 1330 1025 candidum
1362 975 1519 1042 quasi
1575 975 1703 1040 nix,
1747 985 1797 1030 et
1832 976 2059 1046 capillus

473 1053 662 1119 capitis
712 1054 829 1121 ejus
875 1060 1030 1128 quasi
1066 1062 1194 1116 lana
1227 1065 1462 1130 munda;
1493 1077 1627 1122 rota:
1653 1068 1766 1138 ejus
1802 1069 1939 1140 ignis
1970 1085 2061 1122 ar.

473 1143 623 1197 dens.
667 1144 715 1197 Ρ
718 1148 895 1203 lumen
924 1151 1061 1218 ignis
1084 1155 1327 1210 trahebat
1355 1158 1410 1212 in
1438 1170 1717 1229 conspectu
1749 1161 1884 1224 eius.
1913 1160 2062 1217 Mille

470 1234 647 1290 millia
676 1237 1035 1297 deserviebant
1061 1246 1139 1314 ei,
1174 1256 1227 1302 et
1253 1247 1390 1303 dena
1415 1251 1587 1305 millia
1613 1254 1803 1306 denum
1832 1253 2061 1311 millium

2157 612 2285 674 τοὺς
2306 611 2400 663 ἀπ’
2439 608 2634 673 αἰῶνος
2650 607 2909 680 ὲξυπνίσῃ
2941 604 3322 666 καθεύδοντας,
3353 599 3449 654 καὶ
3474 594 3741 667 ἐκπορεύ-

2163 714 2346 751 σονται
2376 699 2424 751 οἱ
2455 698 2523 751 τὰ
2569 695 2752 766 ἀγαθὰ
2779 697 3108 768 ποιήσαντες
3148 695 3230 757 εἰς
3253 690 3553 745 ἀνάστασιν
3574 685 3740 756 ζωῆς,

2159 790 2221 841 oi‘
2247 789 2305 841 δὲ
2346 787 2415 842 τὰ
2466 787 2646 857 φαῦλα
2677 786 2984 860 πράξαντες
3019 788 3101 851 εἰς
3146 784 3444 839 ἀνάστασιν
3482 779 3742 853 κρίσεως.

2160 881 2446 953 Μνήσθητι
2478 882 2579 953 τῆς
2606 881 2699 935 τοῦ
2743 880 2941 952 Δανιὴλ
2980 878 3235 943 θεοπτῐας
3277 876 3409 950 (91),
3441 877 3589 937 ὅπως
3610 874 3744 943 ἡμῖν

2161 974 2253 1028 ὑπ’
2289 973 2411 1043 ὄψιν
2454 973 2579 1043 ἄγει
2631 974 2729 1046 τὴν
2763 975 2964 1046 κρίσιν.
3007 971 3353 1043 Ἐθεώρουν,
3409 969 3594 1041 φησὶν,
3633 965 3745 1032 ἕως

2161 1068 2304 1123 ὅτου
2331 1069 2533 1138 θρόνοι
2573 1065 3023 1137 ἐτέθησαν,,,κιῑὶ
3042 1064 3308 1131 Παλαιὸς
3349 1058 3586 1133 ἡμερῶν
3606 1055 3748 1112 ὲκάρ

2162 1164 2324 1229 θητο.
2363 1161 2475 1215 Καὶ
2529 1161 2595 1216 τὸ
2639 1161 2870 1231 ἔνδυμα
2910 1159 3096 1215 αὐτοῦ
3130 1156 3356 1214 λευκὸν
3398 1154 3538 1208 ὡσεὶ
3575 1149 3743 1221 χιὼν.

2161 1251 2260 1305 καὶ
2282 1251 2486 1321 τ’)’θρὶξ
2521 1251 2635 1320 τῆς
2674 1249 2942 1321 κεφαλῆς
2976 1249 3162 1305 αὐτοῦ
3197 1245 3338 1302 ὡσεὶ
3374 1245 3538 1314 ἔριον
3564 1243 3748 1297 καθα-

475 1324 797 1384 assistebant
831 1332 898 1387 ei.
933 1332 1238 1410 Judiciique
1279 1338 1455 1395 locum
1492 1343 1771 1398 constituit
1797 1386 1825 1410 ,_
1848 1353 1898 1399 et
1938 1344 2060 1401 libri

2176 1344 2289 1417 adv,
2317 1347 2374 1399 οἱ
2387 1343 2589 1414 τροχοὶ
2616 1343 2804 1415 αὑτοῦ
2844 1341 2963 1411 πῦρ
2992 1342 3238 1412 φλέγον.
3264 1336 3536 1408 Ποταμὸς
3554 1331 3748 1402 πυρὸς

475 1420 646 1488 aperti
678 1433 804 1478 sunt
830 1424 916 1494 δίς
954 1427 1122 1494 bona,
1154 1432 1320 1501 mala,
1352 1432 1669 1500 manifesta,
1694 1435 1932 1501 occulta,
1970 1451 2060 1492 ac-

2176 1431 2367 1491 εἷλκεν
2414 1435 2755 1505 ἔμπροσθεν
2798 1435 3007 1491 αὐτοῦ.
3050 1436 3247 1488 Χίλιαι
3282 1429 3550 1501 χιλιάδες
3587 1427 3747 1483 ἑλει-

472 1509 675 1577 tiones,
706 1516 895 1582 verba,
923 1520 1310 1591 cogitationes,
1340 1525 1527 1580 omnia
1558 1529 1876 1590 acervatim.
1909 1536 1971 1582 ut
1994 1528 2060 1585 ab

2176 1528 2462 1598 τούργουν
2507 1527 2670 1593 αὐτῷ
2691 1544 2704 1558 ·
2751 1529 2849 1582 καὶ
2886 1530 3091 1599 μύριαι
3108 1523 3395 1596 μυριάδες
3425 1517 3750 1590 παρειστή-

475 1601 737 1660 omnibus
765 1610 823 1660 et
846 1609 1057 1679 angelis
1088 1617 1143 1666 et
1170 1611 1483 1671 hominibus
1522 1616 1772 1672 exaudiri
1817 1616 2060 1689 possint,

2176 1631 2380 1671 ιιεισαν
2426 1616 2606 1683 αὐτῷ.
2660 1617 2982 1687 Κριτήριον
3055 1616 3341 1677 ἐκάθισε,
3394 1612 3493 1667 καὶ
3541 1611 3752 1677 ,ϐίϐλοι

474 1691 623 1748 clare
641 1700 698 1749 et
716 1704 903 1766 aperte
932 1701 1262 1758 revelantes.
1287 1703 1369 1759 Ad
1398 1705 1514 1762 haec
1537 1708 1815 1776 quomodo
1840 1708 2060 1766 alfectos

2176 1705 2591 1777 ἀνεῴχθησαν·
2651 1708 2721 1762 τὰ
2766 1708 2932 1776 καλὰ,
2976 1707 3046 1763 τὰ
3092 1705 3291 1777 φαῦλα,
3327 1704 3395 1758 τὰ
3425 1704 3652 1775 φανερὰ,
3677 1701 3754 1758 τά

473 1797 705 1841 necesse
735 1794 822 1843 est
852 1804 977 1846 esse
1008 1807 1104 1849 eos
1132 1795 1228 1865 qui
1268 1796 1410 1852 male
1438 1797 1721 1853 vixerint?
1746 1797 1847 1855 Ubi
1877 1801 2060 1872 itaque

2176 1798 2543 1872 κεκρυμμένα,
2580 1801 2651 1855 τά
2676 1801 3011 1873 πράγματα,
3052 1798 3121 1852 τὰ
3155 1799 3396 1871 ῥήματα,
3414 1795 3481 1849 τὰ
3510 1794 3751 1865 ἐνθυμή-

474 1873 660 1931 anima
689 1878 784 1933 illa
812 1881 1200 1954 abscondetur,
1233 1902 1356 1956 quae
1383 1888 1441 1942 in
1469 1890 1646 1946 oculis
1677 1899 1755 1947 tot
1786 1901 2060 1964 spectato-

2176 1908 2340 1963 ματα,
2396 1891 2468 1945 τὰ
2516 1890 2697 1945 πάντα
2750 1893 2962 1964 ἁθρόως
3008 1890 3120 1962 (92)
3165 1892 3242 1953 εἰς
3275 1888 3601 1955 ἐξάκουστον
3632 1888 3755 1949 τοῖς

474 1978 598 2020 rum
630 1967 814 2024 subito
841 1971 961 2027 visa
992 1972 1156 2030 fuerit
1187 1976 1478 2035 dedecoris
1517 1981 1676 2050 plena
1697 1980 1907 2053 ‘lQuali
1933 1998 2060 2040 vero

2176 1984 2302 2037 πᾶσι
2356 1983 2452 2038 καὶ
2484 1983 2738 2052 ἀγγέλοις
2805 1983 2901 2038 καὶ
2955 1979 3267 2053 ἀνθρώποις
3314 1978 3502 2050 σαφῶς
3541 1980 3755 2032 ἀνακα-

473 2069 712 2153 corpore
737 2059 954 2117 inﬁnita
983 2063 1078 2119 illa
1109 2074 1165 2121 et
1194 2068 1565 2126 intolerabilia
1596 2071 1835 2142 perferet
1860 2075 2060 2146 suppli-

2176 2074 2484 2130 ltittrouaat.
2506 2076 2653 2153 Πρὸς
2680 2074 2852 2135 ταῦτα
2891 2075 3171 2138 ποταποὺς
3194 2068 3336 2127 εἶναι
3374 2073 3588 2141 ἀνάγκη
3620 2072 3754 2133 τοὺς

475 2147 587 2212 cia,
619 2147 712 2204 ubi
740 2150 886 2222 ignis
922 2155 1313 2226 inexstinctus,
1344 2170 1399 2217 et
1440 2163 1649 2218 vermis
1690 2163 2060 2221 indesinenter

2176 2170 2351 2236 κακῶς
2402 2147 2777 2242 βεϐιωκόταςς
2819 2170 2929 2226 Ποῦ
2961 2170 3070 2244 ἄρα
3110 2173 3144 2242 ἡ
3179 2169 3326 2241 ψυχὴ
3357 2166 3539 2238 ἐκείνη
3577 2183 3753 2221 κατα-

477 2241 734 2310 puniens,
751 2252 806 2300 et
824 2245 995 2302 imum
1019 2248 1179 2306 inferi
1198 2253 1606 2309 tenebricosum
1627 2264 1682 2311 et
1705 2257 2060 2324 horrendum,

2176 2241 2424 2329 δύσεται,
2480 2265 2514 2335 ἡ
2573 2265 2632 2317 ὲν
2685 2262 2843 2334 ὄψεσι
2872 2241 3178 2317 ’τοσούτων
3237 2259 3442 2315 θεατῶν
3490 2257 3755 2328 ἐξαίφνης

476 2339 533 2386 et
564 2333 808 2393 ululatus
839 2340 1051 2406 amari,
1082 2349 1139 2397 et
1169 2342 1409 2413 ejulatus
1444 2344 1669 2418 ingens,
1698 2356 1754 2403 et
1784 2349 2060 2420 ploratus,

2176 2354 2394 2424 ὀφθεῖσα
2428 2333 2693 2426 αἰσχύνης
2735 2333 3069 2420 νάνόιπλεωςς
3109 2353 3257 2424 Ποίῳ
3304 2351 3361 2405 δὲ
3406 2350 3621 2422 σώματι
3652 2348 3758 2411 τὰς

476 2433 534 2479 et
563 2426 770 2483 stridor
791 2429 1041 2486 dentium
1066 2472 1083 2498 ,
1108 2442 1164 2490 et
1190 2436 1284 2492 ubi
1312 2437 1454 2491 mala
1483 2437 1646 2493 ﬁnem
1681 2455 1790 2495 non
1825 2440 2060 2496 habent?

2176 2444 2506 2517 ἀπεράντους
2547 2444 2765 2510 ὲκείνας
2820 2446 2914 2499 καὶ
2973 2444 3333 2507 ἀνυποίστους
3383 2441 3758 2512 ύποστήσεται

476 2517 563 2574 Ab
593 2519 832 2593 bis'post
865 2533 1098 2581 mortem
1142 2527 1367 2583 liberari
1397 2545 1508 2585 non
1538 2532 1701 2586 datur
1722 2573 1737 2597 ,
1770 2548 1950 2603 neque
1979 2541 2060 2590 est

2176 2538 2464 2608 μάστιγας,
2505 2536 2638 2590 ὅπου
2698 2537 2811 2610 πῦρ
2837 2535 3121 2600 ἄσϐεστον,
3151 2536 3246 2596 καὶ
3262 2532 3478 2605 σκώληξ
3507 2534 3769 2595 ἀθάνατα

479 2608 749 2668 industria
766 2615 896 2682 ulla,
920 2631 1102 2688 neque
1131 2632 1222 2675 ars
1251 2619 1545 2692 effugiendi
1572 2638 1757 2678 amara
1772 2625 2060 2696 supplicia.

2176 2627 2436 2694 κολάζων,
2467 2629 2562 2687 καὶ
2595 2608 2814 2701 πυθμὴν
2838 2629 2967 2705 ᾅδου
3018 2628 3295 2693 σκοτεινὸς
3331 2629 3426 2683 καὶ
3449 2623 3761 2698 φρικώδης.

477 2701 576 2756 καὶ
595 2703 833 2775 οἰμωγαὶ
859 2709 1080 2780 πικραὶ,
1097 2711 1191 2764 καὶ
1225 2711 1524 2785 ὀλολυγμὸς
1544 2712 1800 2781 ἐξαίσιος,
1831 2716 1928 2770 καὶ
1954 2715 2235 2789 κλαυθμὸς
2266 2720 2360 2773 καὶ
2383 2717 2627 2791 βρυγμὸς
2647 2701 2899 2783 ὀδόντων,
2926 2720 3021 2773 καὶ
3047 2719 3219 2790 πέρας
3240 2718 3341 2772 οὐκ
3357 2717 3467 2789 ἔχει
3488 2716 3558 2769 τὰ
3578 2713 3755 2769 δεινά.

479 2793 699 2849 Τούτων
726 2798 828 2852 οὐκ
852 2798 998 2855 ἔστιν
1016 2801 1303 2877 ἀπαλλαγὴ
1340 2805 1480 2876 μετὰ
1498 2806 1755 2873 θάνατον,
1784 2808 2027 2877 αύδέτις
2051 2808 2285 2874 ἐπίνοια,
2313 2810 2435 2864 οὐδὲ
2461 2811 2675 2882 μηχανὴ
2701 2810 2795 2864 τοῦ
2818 2808 3086 2864 διεκδῦναι
3107 2810 3176 2864 τά
3204 2809 3380 2880 πικρὰ
3395 2807 3757 2880 κολαστήρια.

550 2886 605 2943 6.
638 2885 764 2944 Haec
786 2905 935 2947 nunc
977 2894 1153 2950 vitare
1195 2895 1344 2953 licet.
1380 2895 1519 2952 Dum
1558 2907 1740 2955 autem
1770 2900 1919 2965 licet,
1955 2901 2060 2957 eri-

2237 2902 2291 2958 6.
2320 2902 2506 2957 Ταῦτα
2547 2903 2771 2973 φεύγειν
2813 2902 2990 2969 ἔξεστι
3027 2902 3141 2958 νῦν.
3170 2904 3315 2967 Ἕως
3354 2901 3584 2966 ἔξεστιν,
3620 2901 3756 2954 eau-

480 2991 674 3047 gamus
717 2982 1089 3055 nosmetipsos
1131 3001 1196 3041 ex
1237 3000 1392 3053 casu,
1426 3004 1604 3060 neque
1642 2990 1711 3047 de
1761 2991 1917 3048 nobis
1962 2993 2060 3064 ipsi

2176 2995 2307 3064 :06;
2337 2996 2445 3050 ἀπὸ
2468 2995 2563 3050 τοῦ
2603 2995 2897 3068 πτώματος
2925 2994 3308 3065 ἀναλάϐωμεν,
3351 2992 3484 3066 μηδὲ
3518 2991 3762 3046 ἀπελπί-

481 3070 873 3140 desperemus,
908 3073 956 3130 si
984 3090 1014 3129 a
1045 3077 1205 3133 malis
1230 3076 1682 3150 discesserimus,
1711 3081 1883 3140 Jcsus.
1902 3084 2060 3140 Chri-

2176 3084 2591 3155 σωμεν.ἒαυτῶν
2613 3085 2748 3154 (95),
2774 3083 2869 3138 ἐὰν
2893 3081 3250 3153 άναλύσωμεν
3274 3079 3382 3134 ἀπὸ
3401 3078 3510 3132 τῶν
3542 3077 3755 3132 κακῶν.

482 3168 604 3219 stus
642 3164 795 3219 venit
834 3166 1180 3223 inmundum
1222 3183 1542 3242 peccatores
1577 3175 1759 3231 salvos
1799 3175 2065 3234 facturus.

493 3248 697 3317 Venite,
728 3254 1011 3312 adoremus
1040 3265 1092 3313 et
1125 3259 1463 3328 procidamus
1493 3273 1617 3318 ante
1642 3264 1826 3331 illum,
1861 3274 1912 3318 et
1950 3264 2070 3335 plo-

490 3359 663 3399 remus
688 3362 869 3402 coram
892 3349 1007 3416 ipso
1041 3352 1112 3408 ⁸³.
1144 3350 1386 3409 Verbum
1414 3370 1621 3413 vocans
1652 3372 1753 3414 nos
1795 3358 1863 3415 ad
1894 3360 2070 3430 paeni-

485 3435 734 3504 tentiam,
768 3440 973 3497 clamat
998 3458 1064 3500 ac
1092 3446 1434 3503 vociferatur
1459 3468 1472 3503 :
1517 3447 1699 3506 Venite
1728 3451 1798 3505 ad
1824 3469 1925 3516 me,
1956 3470 2071 3507 om-

486 3541 576 3581 nes
608 3528 702 3597 qui
739 3528 1003 3588 laboratis
1040 3546 1092 3589 et
1144 3538 1351 3592 onerati
1389 3539 1517 3594 estis
1545 3579 1561 3604 ,
1620 3551 1669 3594 et
1706 3558 1800 3613 ego
1833 3543 2070 3612 reﬁciam

485 3633 575 3671 ros
601 3617 670 3671 ⁸³.
703 3617 801 3677 Est
832 3622 999 3694 igitur
1034 3625 1120 3680 via
1147 3628 1373 3693 salutis,
1404 3629 1451 3685 si
1487 3631 1649 3686 modo
1678 3633 1930 3689 velimus.
1965 3634 2071 3688 De-

487 3709 705 3780 glutivit
755 3727 906 3770 mors
947 3718 1285 3786 praevalens:
1337 3719 1432 3776 sed
1477 3722 1647 3793 probe
1680 3723 1857 3787 scito,
1901 3722 2069 3781 Deum

486 3817 708 3858 rursum
737 3805 1034 3865 abstulisse
1068 3810 1363 3883 lacryniam
1393 3828 1611 3870 omnem
1650 3814 1721 3870 ab
1750 3816 1901 3871 omni
1932 3815 2073 3874 facie

487 3894 871 3964 pcenitentium
901 3898 973 3956 ".
1003 3899 1210 3958 Fidelis
1249 3902 1512 3960 Dominus
1536 3906 1590 3961 in
1625 3906 1869 3964 omnibus
1904 3911 2071 3966 verbis

484 3985 600 4040 suis
625 3986 695 4043 ⁸⁸.
726 3987 844 4044 Non
889 3993 1152 4049 mentitur
1174 4010 1299 4052 cum
1341 3996 1506 4052 dicit:
1540 3997 1603 4054 Si
1631 3997 1828 4068 fuerint
1858 4013 2072 4071 peccata

490 4086 665 4132 rostra
708 4082 863 4151 quasi
901 4084 1260 4153 phwniceum,
1305 4090 1443 4143 sicut
1485 4090 1654 4144 nivem
1691 4093 1989 4149 dealbabo:
2026 4096 2074 4149 si

483 4185 608 4225 vero
633 4171 833 4241 fuerint
875 4186 932 4229 ut
971 4180 1243 4233 coccinum
1268 4219 1284 4246 ,
1327 4182 1464 4235 sicut
1498 4183 1678 4238 lanam
1721 4184 1978 4241 dealbabo
2001 4188 2069 4242 ⁸⁸.

2183 3176 2391 3249 Ἰησοῦς
2429 3177 2666 3248 Χριστὸς
2715 3172 2879 3250 ἦλθεν
2913 3177 2996 3240 εἰς
3027 3174 3119 3229 τὸν
3151 3173 3353 3245 κόσμον
3395 3167 3761 3243 ἁμαρτωλοὺς

2172 3267 2363 3323 σῶσαι.
2402 3268 2600 3333 Δεῦτε,
2630 3266 3158 3336 προσκυνήσωμεν
3179 3264 3277 3318 καὶ
3314 3259 3763 3329 προσπέσωμεν

2169 3357 2350 3425 αὐτῷ,
2370 3361 2469 3414 καὶ
2494 3360 2853 3429 κλαύσωμεν
2899 3356 3182 3411 ἐναντίον
3213 3352 3424 3410 αὐτοῦ.
3460 3352 3639 3423 Ἠμᾶς
3658 3351 3761 3405 ἐπὶ

2173 3450 2462 3522 μετάνοιαν
2512 3449 2694 3506 καλῶν
2732 3454 2763 3505 6
2809 3450 2983 3520 Λόγος
3034 3448 3134 3521 βοᾷ
3158 3448 3254 3502 καὶ
3281 3446 3545 3518 κέκραγε·
3575 3442 3762 3497 Δεῦτε

2171 3541 2332 3612 πρὸς¹
2339 3539 2418 3611 μὲ
2439 3539 2663 3608 πάντες
2687 3543 2741 3596 οἱ
2765 3539 3093 3607 κοπιῶντες
3140 3536 3239 3592 καὶ
3268 3532 3760 3605 πεφορτισμένοι,

2173 3630 2334 3701 κάγὼ
2348 3631 2681 3686 ἀναπαύσω
2713 3627 2870 3700 ὑμᾶς
2906 3629 3039 3701 (94).
3079 3629 3267 3682 Ἔστιν
3297 3621 3391 3680 οὖν
3441 3622 3561 3687 ὁδὸς
3581 3638 3765 3692 σωτη-

2176 3723 2316 3796 ρίας,
2369 3724 2465 3778 ἐὰν
2509 3722 2777 3794 θέλωμεν.
2828 3722 3107 3777 Κατέπιεν
3156 3722 3186 3773 6
3232 3718 3462 3779 θάνατος
3505 3714 3760 3786 ἰσχύσας,

2172 3814 2289 3869 ἀλλ’
2323 3810 2383 3869 εὖ
2427 3812 2557 3879 ἴσθι,
2584 3815 2667 3869 ὅτι
2711 3814 2871 3868 πάλιν
2912 3815 3132 3884 ἀφεῖλεν
3156 3814 3184 3867 6
3204 3810 3339 3874 Θεὸς
3369 3810 3476 3865 πᾶν
3518 3806 3763 3880 δάκρυον

2171 3906 2280 3960 ἀπὸ
2318 3906 2517 3971 παντὸς
2558 3904 2853 3979 προσώπου
2890 3906 2999 3961 τῶν
3058 3903 3483 3977 μετανοούντων.
3531 3898 3765 3964 Πιστὸς

2172 4001 2388 4066 Κύριος
2446 3998 2515 4052 ἐν
2561 3996 2712 4053 πᾶσι
2757 3998 2886 4065 τοῖς
2921 3998 3127 4065 λόγοις
3155 3993 3364 4050 αὑτοῦ.
3396 3993 3467 4047 Οὐ
3495 3990 3763 4062 ψεύδεται

2173 4085 2341 4141 εἰπών
2375 4087 2524 4158 (93)·
2567 4089 2707 4143 Ἐὰν
2724 4084 2875 4145 ὦσιν
2899 4091 2958 4142 al
2986 4087 3265 4158 ἁμαρτίαι
3308 4083 3476 4154 ὑμῶν
3510 4083 3592 4149 ὡς
3622 4099 3766 4151 gat-

2173 4180 2404 4244 νικοῦν,
2438 4180 2520 4247 ὡς
2541 4181 2716 4249 χιόνα
2743 4177 3048 4235 λευκανῶο
3100 4177 3209 4232 ἐὰν
3227 4175 3296 4230 δὲ
3318 4171 3473 4230 ὦσιν
3508 4174 3589 4239 ὡς
3620 4174 3769 4227 κόκ-

487 4258 719 4321 Paratus
752 4279 835 4322 est
866 4283 1098 4340 magnus
1145 4272 1238 4328 ille
1279 4274 1587 4330 animarum
1638 4278 1883 4334 medicus
1924 4296 2060 4334 mor.

2176 4288 2368 4336 κινον,
2392 4272 2533 4325 ὡσεὶ
2567 4272 2728 4341 ἔριον
2745 4271 3043 4327 λευκανῶ.
3075 4269 3334 4340 Ἐτοιμός
3358 4270 3505 4321 ἐστιν
3536 4269 3565 4320 6
3583 4267 3769 4337 μέγας

488 4354 617 4409 bum
643 4363 798 4412 tuum
827 4376 1056 4430 sanare;
1107 4365 1202 4434 qui
1248 4381 1359 4420 non
1394 4366 1468 4421 tui
1510 4369 1713 4432 solius,
1754 4369 1851 4425 scd
1880 4386 2068 4427 eorum

479 4448 764 4516 omnium,
805 4454 898 4524 qui
933 4470 1158 4524 peccato
1204 4457 1255 4513 in
1298 4461 1618 4515 servitutem
1665 4462 1867 4518 addicti
1910 4474 2069 4529 sunt,

490 4547 775 4610 promptus
796 4550 881 4598 est
902 4544 1180 4604 liberator.
1198 4546 1356 4618 140
1373 4546 1547 4603 Verba
1566 4547 1715 4605 illius
1737 4559 1894 4605 sunt:
1912 4550 2071 4608 dulce

485 4628 620 4683 illud
645 4643 710 4685 ac
736 4631 975 4688 salutare
1001 4649 1065 4689 os
1100 4635 1237 4691 dixit
1261 4655 1276 4692 :
1310 4635 1435 4691 Non
1458 4655 1589 4708 opus
1617 4640 1806 4695 habent
1837 4643 2065 4699 valentes

486 4721 720 4787 medico,
766 4723 857 4778 sed
891 4725 1028 4780 male
1055 4727 1325 4783 habentes.
1366 4727 1491 4784 Non
1528 4733 1644 4785 veni
1674 4731 1743 4783 ad
1773 4734 2065 4788 coeundum

481 4811 693 4881 justas,
735 4816 826 4870 sed
866 4826 1165 4881 peccatores
1212 4818 1281 4872 ad
1319 4821 1680 4889 paenitentiam
1705 4822 1771 4877 ³⁷.
1805 4824 2064 4888 Quaenam

477 4916 617 4975 ergo
647 4913 740 4960 tua
783 4908 1068 4963 excusatio
1103 4914 1218 4972 est,
1252 4915 1348 4962 aut
1380 4907 1608 4963 alterius
1635 4909 1912 4983 cujusvis,
1939 4926 2063 4965 cum

556 5060 604 5095 ⁸⁸
640 5059 799 5135 Joan.
835 5061 1017 5135 v.29.
1107 5063 1151 5097 “
1176 5061 1456 5135 Donavit.
1490 5066 1543 5129 9,
1580 5066 1666 5123 10.
1759 5065 1805 5098 ³³
1844 5064 1986 5119 Psal.
2033 5081 2179 5135 xciv,
2216 5074 2271 5125 li.

482 5147 669 5197 τηεν,
709 5133 797 5189 13.
872 5133 919 5166 ⁸⁸
951 5134 1058 5188 lsa.
1095 5151 1134 5200 ι,
1168 5133 1256 5189 18.
1335 5134 1378 5166 ⁸⁷
1404 5135 1598 5190 Matth.
1629 5152 1702 5199 ix,
1742 5137 1825 5199 12,
1866 5136 1950 5190 l3.

556 5292 669 5367 (θὶ)
701 5292 1209 5367 ΘεοπτίαςηΕᾴἱιί
1254 5294 1605 5360 θεοπτείας,..
1658 5297 1825 5359 Ἕως,
1882 5297 2065 5367 φησὶν,

484 5362 753 5421 ἐθεώρουν
784 5366 873 5418 ὅτε
901 5363 984 5418 οὗ.
1016 5363 1249 5420 Codices
1277 5382 1407 5421 mss.
1434 5383 1624 5421 onmes
1650 5376 1709 5420 ut
1737 5367 1790 5421 in
1821 5362 1995 5420 testu.

468 5468 471 5473 ‹
557 5434 806 5509 (92)__1'a
851 5434 1051 5509 πάντα
1097 5435 1345 5509 ᾀθρόως.
1399 5437 1492 5509 Sic
1538 5453 1740 5509 magno
1792 5453 2070 5494 consensu

489 5503 801 5591 Μεθ’...βῴἑὶ
832 5504 1008 5585 causa.
1040 5506 1219 5591 πάντα
1247 5506 1517 5591 φανερῶς.

561 5572 675 5646 (95)
724 5574 1008 5630 Ἑαυτῶν.
1049 5572 1307 5646 Ἑαυτούς
1333 5572 1504 5632 Οὸίει.
1534 5576 1762 5646 primus.

560 5643 674 5713 (94)
706 5646 952 5700 Δεῦτε...
987 5645 1163 5715 ὑμᾶς.
1202 5645 1328 5701 Hmc
1358 5643 1555 5701 dcsnnt
1588 5649 1641 5700 in
1675 5657 1803 5702 octo
1847 5664 1979 5705 mss.
2014 5649 2069 5704 in

490 5716 693 5786 quibus
728 5718 805 5770 sic
840 5717 1037 5787 legitur
1064 5736 1075 5770 :
1109 5715 1402 5789 κέκραγεν.
1433 5718 1619 5769 Ἔστιν
1649 5718 1786 5782 ὁδός.

2173 4360 2283 4416 τῶν
2303 4361 2490 4434 ψυχῶν
2523 4364 2704 4434 ἰατρὸς
2721 4363 2977 4419 ἰάσασθαί
2997 4380 3089 4416 σου
3116 4363 3177 4415 τὸ
3195 4361 3382 4423 πάθος,
3419 4358 3478 4422 ὃς
3509 4357 3767 4430 οὐδὲ”(96)

2182 4456 2521 4528 μονωτὰτης,
2576 4457 2715 4512 ἀλλὰ
2773 4457 2992 4511 πάντων
3045 4456 3156 4510 τῶν
3213 4452 3628 4524 δεδουλωμένων
3690 4454 3766 4523 τῇ

2182 4547 2426 4620 ἁμαρτίᾳ
2479 4550 2627 4601 ἐστὶν
2669 4549 2888 4621 ἕτοιμος
2930 4545 3321 4618 ἐλευθερωτής.
3371 4540 3611 4597 Ἐκείνου
3659 4540 3767 4612 ῥή-

2176 4640 2327 4710 ματά
2354 4640 2522 4693 ἐστιν·
2563 4642 2738 4695 ἐκεῖνο
2768 4641 2829 4694 τὺ
2876 4639 3047 4710 γλυκὺ
3101 4640 3195 4693 καὶ
3245 4637 3511 4707 σωτήριον
3583 4633 3771 4701 στόμα

2173 4727 2359 4784 εἷπεν’
2416 4734 2498 4786 Οὐ
2551 4733 2763 4801 χρείαν
2805 4731 3060 4801 ἔχουσιν
3088 4734 3142 4785 οἱ
3178 4730 3499 4799 ἰσχύοντες
3530 4721 3788 4790 ἰατροῦ,

2174 4823 2335 4878 ἀλλὰ
2383 4827 2437 4879 υτ
2501 4824 2701 4891 κακῶς
2748 4826 3009 4896 ἔχοντες.
3077 4826 3200 4879 Οὐκ
3249 4819 3441 4893 ἦλθον
3504 4815 3770 4873 καλέσαι

2174 4913 2465 4982 δικαίους,
2509 4917 2672 4971 ἀλλὰ
2732 4916 3118 4987 ἁμαρτωλοὺς
3163 4916 3253 4982 εἰς
3272 4911 3599 4984 μετάνοιαν
3624 4906 3764 4977 (97-)-

2372 5071 2418 5103 ⁸³
2457 5070 2647 5126 Matth.
2684 5088 2763 5137 xu,
2793 5071 2892 5127 28.
2988 5072 3036 5105 ”
3072 5070 3190 5126 ιω-
3214 5085 3340 5135 xxv,
3381 5068 3435 5124 8.
3537 5064 3584 5097 ⁸⁸
3610 5061 3740 5117 Psnl

2250 5294 2362 5368 (95)
2402 5293 2624 5351 Εἰπὼν.
2654 5293 2798 5349 Editi
2829 5292 3038 5349 addunt
3063 5291 3378 5358 articuhem,
3409 5291 3501 5347 sed
3526 5292 3684 5347 deest
3709 5293 3771 5346 ir.

2181 5382 2361 5506 mihi)
2398 5438 2498 5505 Ὃς
2544 5434 2753 5491 οὐδὲ...
2805 5432 3229 5503 ἐλευθερωτής.
3284 5431 3411 5489 llaec
3456 5432 3659 5488 destitit
3708 5434 3771 5487 in

2178 5518 2303 5563 octo
2332 5508 2636 5562 codicibus.

2253 5578 2368 5648 (97)
2402 5580 2505 5644 E11;
2518 5575 2860 5646 μετάνοιαν.
2895 5573 3092 5648 Statim
3123 5575 3178 5628 in
3203 5587 3299 5629 sex
3326 5570 3608 5628 codicibus
3645 5568 3777 5643 βού-

2182 5647 2331 5703 λεται
2351 5647 2596 5719 Κύριος,
2632 5648 2846 5703 ca-leris
2876 5647 3112 5701 omissis.
