3870 6218
468 297 581 357 583
1797 312 1857 371 S.
1897 314 2138 373 BASILII
2176 319 2367 376 MAGN
3643 318 3750 375 334

477 428 710 496 trepolis
731 434 939 488 nostra;
962 431 1209 488 insidiati
1231 443 1384 502 sunt,
1417 449 1650 507 eamque
1674 436 1950 494 haereticis
1981 438 2061 493 zi-

2170 441 2357 496 ἐλαϐεν
2385 443 2448 496 οὐ
2488 441 2706 518 μικρὸς,
2741 442 2952 515 μήποτε
2995 443 3044 496 oi
3087 441 3217 496 ποτὲ
3262 439 3644 514 ἐφεδρεύοντες
3671 443 3746 512 (2)

474 518 658 575 laniis
686 523 965 593 complere
994 525 1310 591 voluerunt,
1337 541 1485 582 nttnc
1509 528 1856 585 occasionem
1891 530 2060 596 nacti,

2170 536 2230 607 τῇ
2274 534 2540 608 ὲκκλησιᾳ
2564 536 2666 607 τῆς
2695 535 3080 608 μητροπόλεως
3097 535 3276 607 ἡμῶν,
3307 536 3402 588 καὶ
3435 533 3747 606 βουλόμενοι

477 618 656 664 satam
689 614 864 667 multo
912 615 1100 671 labore
1147 617 1202 672 in
1249 619 1532 673 hominum
1582 621 1781 676 animis
1807 621 2063 692 pietatem

483 699 640 773 1&1
675 706 859 773 pravis
886 707 1004 761 suis
1030 707 1304 765 doctrinis
1330 711 1635 773 eradicent,
1664 712 1894 783 ejusque
1917 713 2060 767 scin-

476 795 612 849 dant
643 797 942 853 unitatem:
978 802 1124 870 quod
1153 810 1206 857 et
1241 804 1294 855 in
1328 804 1517 858 multis
1548 802 1814 859 Ecclesiis
1849 804 2067 859 factita-

478 895 630 941 runt.
661 887 957 959 Postquam
990 900 1173 948 autem
1203 902 1257 948 et
1286 895 1417 949 cleri
1448 896 1643 950 litterae
1672 898 1737 949 ad
1770 912 1872 952 nos
1902 912 2065 952 vene-

457 988 644 1048 ‘runt,
675 984 1030 1042 exhortantes
1071 997 1130 1041 ut
1176 1003 1245 1041 ne
1285 987 1555 1056 ejusmodi
1589 995 1836 1058 tempore
1878 989 2064 1058 despi-

480 1074 726 1142 ciamus;
760 1076 1221 1148 circumspiciens
1244 1094 1711 1149 quoquoversum,
1744 1081 2063 1134 recordatus

480 1179 602 1220 sum
659 1176 856 1223 vestra:
911 1170 1199 1226 charitatis
1251 1180 1526 1241 rectaeque
1576 1171 1739 1235 ﬁdei,
1794 1178 1848 1226 et
1894 1171 2063 1227 studii

479 1257 627 1326 quod
664 1273 882 1329 semper
915 1261 968 1313 in
1010 1260 1291 1318 Ecclesias
1322 1261 1417 1316 Dei
1453 1262 1744 1318 adhibetis.
1787 1266 1962 1333 Atque
1999 1278 2062 1318 ea

480 1350 551 1405 de
578 1365 746 1406 causa
785 1353 909 1407 misi
942 1353 1200 1408 dilectum
1233 1354 1579 1410 Eustathium
1618 1356 2056 1420 condiaconum,

480 1443 577 1512 qui
614 1452 849 1499 vestram
894 1447 1218 1516 gravitatem
1266 1448 1586 1502 adhortetur
1612 1489 1626 1515 ,
1659 1456 1958 1519 exoretque
2003 1455 2063 1501 ut

476 1535 776 1592 exantlatis
819 1538 1074 1593 omnibus
1125 1554 1226 1609 pro
1271 1539 1535 1594 Ecclesiis
1586 1540 1868 1597 laboribus
1913 1541 2063 1596 hunc

476 1640 699 1697 quoque
727 1626 964 1691 addatis,
1006 1629 1279 1702 simulque
1308 1632 1523 1686 senium
1552 1647 1732 1686 meum
1761 1640 1946 1687 vestro
1974 1648 2063 1690 re-

476 1720 677 1774 creetis
693 1733 1014 1790 congressu,
1033 1735 1096 1775 ac
1114 1721 1484 1792 percelebrcm
1512 1738 1659 1779 sanae
1673 1722 1927 1779 Ecclesiae
1951 1725 2065 1795 pie-

2166 627 2336 699 αὐτὴν
2364 627 2657 698 αἱρετικῶν
2682 627 2936 692 ζιζανίων
2963 626 3272 700 πληρῶσαι,
3298 625 3493 698 καιροῦ
3523 625 3620 680 νῦν
3647 626 3747 679 λα-

2167 717 2408 788 ϐόμενοι,
2444 719 2542 790 τὴν
2574 719 2755 790 πολλῷ
2793 720 3027 792 καμάτῳ
3065 722 3512 792 κατασπαρεῐσαν
3548 719 3607 772 ὲν
3631 721 3752 783 ταῖς

2164 811 2364 885 ψυχαῖς
2407 812 2516 865 τῶν
2548 812 2858 884 ἀνθρώπων
2904 813 3186 869 εὐσέϐειαν
3230 816 3351 878 ταῖς
3380 813 3509 885 παρ’
3541 812 3750 867 ἑαυτῶν

2167 905 2431 973 πονηραῖς
2482 902 2850 968 διδασκαλίαις
2895 902 3257 976 ὲκριζὼσωσι,
3290 905 3382 959 καὶ
3414 905 3618 974 ταύτης
3649 903 3750 977 τὴν

2168 994 2395 1066 ἑνότητα
2424 994 2805 1066 κατατέμωσιν
2833 1012 2846 1026 ·
2872 997 3010 1066 ὅπερ
3036 997 3131 1049 καὶ
3162 998 3253 1050 ἐπὶ
3276 995 3483 1050 πολλῶν
3516 996 3750 1068 Ἐκκλη-

2169 1083 2300 1137 σιῶν
2336 1086 2721 1157 πεποιήκασιν.
2772 1086 2990 1158 Ἐπειδὴ
3040 1087 3095 1141 δὲ
3137 1088 3231 1140 καὶ
3261 1087 3566 1160 γράμματα
3611 1088 3751 1159 πρὸς

2164 1176 2314 1246 ἡμᾶς
2358 1176 2588 1246 ἀφίκετο
2632 1177 2728 1231 τοῦ
2768 1178 2992 1251 κλήρου,
3023 1179 3446 1251 παρακαλοῦντα
3480 1181 3554 1251 μὴ
3605 1197 3752 1252 παρ-

2163 1266 2397 1338 οφθῆναι
2426 1270 2485 1321 ὲν
2509 1268 2686 1341 καιρῷ
2712 1269 2961 1340 τοιούτῳ,
2980 1271 3445 1342 περιϐλεψάμενος
3474 1273 3531 1326 ἐν
3564 1271 3750 1343 κύκλῳ

2165 1360 2448 1432 ἐμνήσθην
2470 1363 2572 1435 τῆς
2609 1363 2880 1435 ὑμετέρας
2931 1365 3171 1436 ἀγάπης,
3210 1366 3303 1418 καὶ
3329 1366 3430 1436 τῆς
3460 1365 3626 1437 ὀρθῆς
3657 1364 3751 1418 πι-

2168 1466 2359 1517 στεως,
2398 1453 2608 1507 καὶτοῦ
2630 1453 2796 1525 ζήλου
2817 1454 2876 1508 ὃν
2905 1454 3054 1526 ἔχετε
3079 1456 3165 1509 ἀεὶ
3204 1456 3345 1528 ὑπὲρ
3373 1456 3481 1510 τῶν
3521 1457 3751 1527 Ἐκκλη-

2167 1542 2297 1595 σιῶν
2325 1543 2420 1596 τοῦ
2454 1543 2614 1598 Θεοῦ.
2673 1546 2787 1600 Καὶ
2838 1545 3034 1600 τούτου
3075 1546 3264 1601 ἕνεκεν
3320 1547 3617 1601 ἀπέστειλα
3652 1548 3751 1602 τὸν

2164 1633 2446 1706 ἀγαπητόν
2489 1634 2789 1690 Εὐστάθιον
2822 1635 2914 1690 τὸν
2954 1634 3296 1690 συνδιάκονον
3315 1677 3329 1701 ,
3371 1636 3750 1708 παρακαλέσαι

2164 1725 2319 1796 ὑμῶν
2346 1727 2447 1798 τὴν
2478 1728 2942 1800 σεμνοπρέπειαν,
2984 1729 3080 1783 καὶ
3107 1729 3427 1801 δυσωπῆσαι
3458 1730 3593 1783 πᾶσι
3634 1731 3753 1794 τοῖς

478 1816 644 1864 tatem
677 1811 1021 1876 instaurctis,
1052 1812 1414 1883 praeﬁcientes
1451 1813 1501 1867 ei
1535 1830 1645 1868 una
1671 1814 1959 1870 nobiscum
1991 1816 2058 1885 (si

2170 1816 2307 1888 ὑπὲρ
2353 1818 2463 1870 τῶν
2514 1818 2853 1890 Ἐκκλησιῶν
2896 1820 3167 1892 καμάτοις
3211 1821 3305 1874 καὶ
3358 1821 3451 1875 τὸν
3505 1822 3751 1893 παρόντα

478 1902 643 1956 modo
673 1901 820 1974 digni
858 1904 1192 1970 babeamur,
1225 1905 1319 1976 qui
1361 1906 1648 1962 vobiscum
1677 1922 1816 1978 opus
1852 1907 2055 1960 bonum

479 1993 824 2064 adjuvemus)
876 2005 1154 2067 pastorem
1210 1999 1511 2052 secundum
1557 1996 1770 2053 Domini
1809 2000 2062 2053 volunta-

475 2091 610 2149 ῑθῐη,
633 2088 725 2156 qui
755 2088 928 2157 possit
949 2087 1120 2157 ipsius
1146 2089 1408 2159 populum
1431 2089 1757 2159 gubernare.
1785 2087 2060 2144 Habemus

475 2179 622 2235 enim
652 2180 726 2234 ob
763 2180 956 2235 oculos
993 2181 1192 2246 virum,
1222 2196 1325 2236 nec
1365 2182 1521 2236 vobis
1563 2180 1851 2251 ignotum:
1894 2196 2059 2251 quem

476 2269 525 2326 si
567 2270 818 2327 obtinere
856 2288 1185 2343 possumus,
1228 2274 1345 2329 scio
1382 2275 1752 2344 acquisituros
1791 2289 1895 2329 nos
1940 2287 2060 2326 nia-

474 2377 637 2435 gnam
673 2363 817 2434 apud
852 2364 1020 2420 Deum
1054 2365 1342 2431 ﬁduciam,
1375 2374 1538 2436 atque
1563 2367 1617 2419 in
1649 2365 1931 2436 populum,
1963 2364 2058 2435 qui

479 2469 583 2509 nos
629 2455 946 2521 advocavit,
1002 2456 1328 2512 beneﬁcium
1378 2458 1675 2510 maximum
1733 2455 2056 2510 collaturos.

478 2541 588 2600 Sed
630 2547 826 2601 iterum
876 2555 1040 2618 atque
1073 2552 1271 2618 saepius
1318 2562 1487 2616 rogo,
1527 2554 1586 2600 ut
1631 2546 1779 2601 omni
1809 2544 2059 2616 deposita

475 2639 709 2708 segnitie
745 2641 1052 2694 occurratis
1080 2648 1136 2694 et
1178 2640 1374 2696 hiemis
1413 2638 1763 2695 difﬁcultates
1807 2646 2061 2694 antever-

474 2730 629 2783 tatis.

2163 1907 2457 1962 ἐπιθεῖναι·
2499 1909 2680 1981 κάμοῦ
2706 1928 2766 1963 τε
2797 1910 2857 1964 τὸ
2895 1912 3070 1983 γῆρας
3099 1914 3164 1984 τῇ
3210 1924 3467 1985 συντυχίᾳ
3501 1911 3754 1967 ἀναπαῦ-

2169 2016 2275 2053 σαι·
2311 2000 2404 2054 καὶ
2433 2004 2501 2073 τῇ
2522 2002 2653 2074 ὀρθῇ
2670 2003 2969 2076 Ἐκκλησία
2988 2004 3087 2076 τὴν
3112 2004 3436 2077 περιϐόητον
3468 2005 3751 2059 εὐσέϐειαν

2166 2088 2583 2161 διορθώσασθαι,
2615 2092 2803 2156 δόντας
2834 2093 2973 2164 αὐτῇ
3009 2093 3127 2165 μεθ’
3155 2096 3188 2166 ἡ
3199 2093 3315 2165 μῶν
3348 2092 3416 2164 (εἰ
3448 2092 3557 2165 ἄρα
3576 2111 3748 2148 κατα-

2167 2179 2491 2253 ξιωθειημεν
2529 2183 3009 2239 συναντιλαϐἐσθαι
3047 2187 3178 2256 ὑμῖν
3209 2184 3304 2238 τοῦ
3336 2185 3541 2254 ἀγαθοῦ
3561 2184 3750 2258 ἔργου)

2166 2273 2401 2343 ποιμένα
2450 2273 2590 2326 κατὰ
2645 2274 2706 2327 τὸ
2755 2274 3003 2346 βούλημα
3048 2274 3144 2328 τοῦ
3177 2274 3406 2348 Κυρίου,
3451 2274 3751 2343 δυνάμενον

2163 2364 2439 2419 διευθῦναι
2494 2365 2586 2421 τὸν
2637 2366 2764 2421 λαὸν
2816 2368 3003 2422 αὐτοῦ.
3057 2369 3291 2439 Ἐχομεν
3355 2370 3465 2439 γὰρ
3525 2368 3602 2438 ('5)
3641 2365 3754 2437 πρδ

2163 2457 2459 2529 ὀφθαλμῶν
2489 2458 2659 2532 ἄνδρα
2685 2459 2744 2513 ὃν
2776 2460 2896 2514 οὐδὲ
2925 2460 3080 2513 αὐτοὶ
3111 2461 3386 2529 ἀγνοεῖτε·
3417 2450 3478 2512 οῦ
3509 2459 3558 2510 εἰ
3581 2473 3753 2511 κατα-

2168 2548 2494 2623 ξιωθείημεν
2521 2553 2818 2623 ἐπιτυχεῖν,
2866 2548 2983 2606 οἴδα
3022 2552 3103 2605 ὅτι
3143 2550 3385 2623 μεγάλην
3435 2549 3752 2622 παρρησίαν

2167 2642 2305 2715 πρὸς
2340 2644 2432 2697 τὸν
2464 2643 2597 2697 Θεὸν
2645 2643 2984 2715 κτησόμεθα,
3035 2642 3129 2698 καὶ
3184 2643 3264 2714 τῷ
3298 2640 3754 2712 ἑπικαλεσαμένῳ

2167 2734 2315 2799 ἡμᾶς
2341 2732 2456 2804 λαῷ
2482 2733 2743 2805 μεγίστην
2767 2733 3089 2804 εὐεργεσίαν
3113 2732 3559 2804 καταθησόμεθα.
3590 2727 3761 2785 ’Δλλὰν

476 2821 783 2894 παρακαλῶ
814 2819 890 2892 (4)
917 2823 1010 2875 καὶ
1044 2822 1206 2906 nam
1271 2824 1365 2876 καὶ
1403 2823 1681 2887 πολλάκις,
1737 2825 1914 2878 πάντα
1980 2822 2136 2879 ὄκνον
2175 2827 2575 2899 ὑπερθεμένους
2624 2827 2937 2898 ἀπαντῆσαι
2973 2819 3075 2882 καῖ
3108 2825 3404 2900 προλαϐεῖν
3443 2824 3513 2879 τὰ
3550 2824 3616 2875 ὲκ
3651 2819 3754 2874 τοῦ

477 2913 742 2985 χειμῶνος
776 2913 1034 2985 δυσχερῆ.
1102 2912 1107 2918 ’

932 3032 1269 3089 EPISTOLA
1306 3033 1563 3092 XLVIII“.

2694 3038 3040 3091 ΕΠΙΣΤυΛΗ
3077 3035 3184 3091 ΜΗ
3199 3076 3216 3094 .

477 3149 699 3221 Biantem
718 3156 929 3221 excusat
944 3149 1157 3221 Basilius
1187 3164 1275 3221 cu_r
1302 3166 1399 3202 non
1418 3152 1686 3221 scripserit.
1714 3154 1859 3207 Mittit
1890 3157 2121 3221 epistolas
2147 3155 2401 3209 Antiochia
2424 3157 2618 3221 allatas.
2656 3160 2846 3221 Narrat
2877 3157 2938 3208 de
2962 3154 3248 3221 DemOpIiilo
3271 3152 3585 3221 simulaqum
3605 3149 3761 3215 piela’

540 3214 601 3263 tis
633 3219 685 3284 _et
708 3211 1136 3285 Δνει-ιιιξλῐαεὶγῆν
1157 3228 1207 3265 se
1229 3213 1430 3278 ferente,
1451 3222 1495 3266 et
1514 3211 1576 3268 ile
1595 3211 1956 3283 episcoporum,
1984 3227 2090 3284 post
2111 3232 2363 3285 egressum
2384 3218 2601 3281 Eusebii,
2623 3218 2837 3270 adventu
2855 3225 2899 3270 et
2917 3211 3225 3269 schismdtico
3247 3216 3427 3266 animo.
3452 3211 3615 3278 Rogat
3632 3222 3683 3263 ut
3703 3226 3759 3263 se

539 3274 717 3327 revisat
741 3289 849 3327 rere
870 3274 1076 3326 ineunte.

746 3386 750 3389 ’
791 3378 1041 3445 Eusebio,
1072 3383 1312 3452 episcopo
1342 3380 1774 3441 Samosatorum.

547 3491 652 3549 Vix
687 3496 832 3550 nacti
867 3512 1060 3552 sumus
1105 3497 1198 3564 qui
1248 3498 1463 3553 litteras
1504 3499 1572 3553 ad
1615 3506 1765 3554 tuam
1806 3502 2064 3571 pietatem

476 3587 732 3654 deferret,
758 3589 1026 3659 siquidem
1054 3592 1227 3644 nostri
1248 3590 1501 3646 homines
1521 3593 1593 3645 ita
1618 3592 1850 3648 hiemem
1873 3594 2069 3647 exhon-

476 3692 726 3744 rescunt,
758 3689 819 3735 ut
849 3697 918 3736 ne
947 3682 1225 3751 paululum
1264 3682 1482 3752 quidem
1519 3698 1587 3737 ex
1615 3684 1824 3739 aedibus
1848 3684 2065 3754 prospi-

476 3789 604 3829 cere
631 3775 818 3829 velint.
848 3772 985 3830 Nam
1022 3782 1174 3828 tanta
1208 3775 1416 3828 nivium
1446 3775 1603 3845 copia
1641 3776 1813 3831 abluti
1844 3793 2058 3841 sumus,

478 3875 541 3920 ut
574 3881 697 3920 cum
730 3866 868 3937 ipsis
897 3865 1107 3922 mdibus
1136 3869 1379 3937 cooperti
1414 3867 1528 3938 jam
1560 3867 1700 3923 duos
1744 3885 1962 3926 menses
2004 3871 2059 3924 in

477 3959 760 4031 speluncis
787 3958 1087 4014 latitemus.
1118 3958 1357 4016 Prorsus
1386 3962 1572 4032 itaque
1594 3961 1753 4017 nobis
1780 3961 2055 4033 ignosces,

605 4116 755 4171 Alias
778 4114 1003 4171 CCLIV.
1038 4116 1253 4187 Scripta
1285 4116 1445 4187 initio
1472 4117 1845 4187 episcopatus.

551 4188 630 4258 (2)
674 4187 1151 4258 Ἐφεὸρεύοχτες.
1164 4186 1386 4258 Iudicat
1407 4186 1703 4258 Gregorius
1734 4195 1973 4244 Structas
1997 4189 2066 4243 ab

378 4318 416 4325 ,_
465 4249 705 4315 'Aria'nis
731 4249 962 4312 insidias
982 4249 1242 4313 Ecclesia:
1263 4249 1592 4313 Caesariensi
1615 4273 1763 4313 anno
1787 4259 1913 4324 365,
1938 4274 2065 4314 cum

470 4326 685 4383 Valens
719 4329 775 4380 in
815 4328 957 4381 hanc
1003 4328 1190 4382 urbem
1239 4332 1389 4383 venit
1434 4344 1559 4382 cum
1603 4344 1705 4383 suo
1735 4330 2064 4383 Arianorum

479 4403 860 4470 episcoporum
897 4398 1186 4470 comitatu.
1223 4397 1376 4453 Tunc
1405 4398 1661 4466 Basilius,
1683 4401 1778 4469 qui
1807 4416 1866 4455 se
1892 4401 1947 4454 in
1978 4413 2069 4456 so-

483 4468 771 4539 litudinem
804 4468 954 4537 pacis
979 4469 1194 4523 tuenda:
1221 4484 1388 4523 causa
1417 4468 1720 4539 receperat,
1754 4471 1823 4524 ad
1849 4485 2070 4525 succur-

481 4538 716 4595 rendum
749 4541 1007 4608 episcopo
1039 4554 1139 4593 suo
1168 4539 1461 4601 advolavit,
1499 4540 1754 4594 omnibus
1777 4541 1943 4596 rebus
1964 4540 2068 4595 Ec-

481 4611 666 4665 clesiae
714 4610 935 4662 utilitati
1009 4610 1355 4679 posthabitis,
1430 4624 1495 4679 ac
1540 4613 1860 4679 praeclarum
1914 4611 2066 4665 illum

464 4679 825 4806 'tritggphum
865 4680 1186 4750 reportavit,
1206 4681 1273 4736 de
1310 4696 1421 4751 quo
1456 4678 1756 4752 Gregorius
1794 4688 1937 4736 orat.
1973 4682 2064 4749 20,

480 4767 539 4806 ι).
650 4789 664 4805 .

479 4767 931 4892 p.(§?.'Ezoyer
965 4819 1098 4891 γάρ.
1143 4820 1235 4876 Sic
1258 4828 1498 4891 quatuor
1524 4819 1736 4892 antiqui
1764 4820 1988 4878 codices
2015 4832 2069 4878 et

480 4890 652 4973 editio
680 4890 1091 4973 Ilaganoensis.
1133 4890 1503 4973 liquit-310%?
1542 4890 1663 4973 μέν.

554 4963 632 5034 (4)
672 4961 869 5034 ᾲἈλζιὰ
896 4962 1244 5032 παρακαλῶ,
1287 4961 1648 5034 ειιὲςΜίηἰωθ
1681 4961 1879 5034 mirum
1920 4962 2067 5031 quod

482 5031 757 5089 Eusebius
809 5034 864 5087 in
915 5031 1183 5104 remotam
1236 5033 1577 5104 provinciam
1622 5031 1701 5104 ad
1744 5034 2066 5087 electionem

481 5105 725 5175 episcopi
759 5115 997 5158 vocetur.
1027 5102 1190 5175 Nam,
1216 5102 1343 5158 cum
1401 5118 1546 5158 unus
1587 5103 1659 5158 sit
1693 5104 2066 5175 episcopatus,

482 5171 539 5229 et
570 5171 713 5230 unus
755 5189 909 5243 grex,
939 5190 1082 5244 saepe
1117 5174 1370 5229 incidunt
1394 5183 1640 5243 tempora
1675 5171 1971 5240 ejusmodi,
2009 5181 2068 5226 ut

482 5260 673 5314 curam
728 5259 885 5301 suam
947 5252 1002 5299 ct
1060 5245 1486 5301 sollicitudinem
1556 5244 1802 5314 episcopi
1846 5244 2066 5314 pateris

482 5311 747 5384 Ecclesiis
795 5315 1050 5370 debeant.
1100 5315 1169 5371 Ut
1203 5317 1435 5371 haeream
1463 5314 1519 5367 in
1552 5310 1801 5384 eiemplo
1845 5310 2068 5384 Eusebii

487 5383 917 5451 Samosatensis,
962 5386 1167 5442 nemini
1218 5397 1463 5455 sanctus
1473 5384 1563 5440 ille
1604 5383 1813 5455 martyr
1850 5384 1912 5455 in
1960 5383 2064 5437 hoc

486 5469 685 5526 genere
715 5457 1013 5518 concessit,
1048 5472 1112 5511 ac
1146 5459 1200 5511 in
1230 5456 1398 5512 variis
1426 5453 1688 5511 Ecclesiis
1717 5453 2087 5526 presbyteros

486 5536 542 5597 et
574 5524 859 5589 diaconos,
907 5537 1070 5596 atque
1103 5528 1271 5583 etiam
1313 5528 1603 5597 episc0pos
1637 5524 1835 5597 magno
1864 5524 2061 5597 Eccle-

487 5593 585 5663 sia:
611 5597 902 5651 commodo
944 5593 1239 5663 ordinavit,
1292 5593 1364 5652 αι’
1408 5593 1643 5651 testatur
1688 5593 2062 5650 Theodoretus

491 5661 637 5720 Hist.
671 5667 765 5720 lib.
804 5682 878 5727 tv,
907 5682 957 5718 c.
988 5668 1072 5722 15.
1101 5667 1179 5721 Ex
1222 5661 1326 5721 hac
1369 5673 1551 5721 autem
1579 5665 1811 5734 epistola
1837 5674 1891 5720 et
1917 5680 2057 5719 nou-

488 5736 658 5795 nullis
690 5737 812 5794 aliis
839 5737 1083 5807 ejusdem
1107 5737 1377 5810 Gregorii,
1414 5745 1467 5793 et
1496 5752 1559 5792 ex
1594 5736 1892 5803 laboribus,
1923 5750 2060 5806 quos

2439 3385 2728 3453 Εὑσεϐίῳ,
2760 3385 3073 3450 ἐπισκόπῳ
3113 3381 3503 3452 Σαμοσάτων.

2242 3500 2412 3565 Μόλις
2449 3503 2582 3572 ἡμῖν
2623 3499 2866 3571 ὑπῆρξεν
2897 3499 3173 3569 ἐπιτυχεῖν
3217 3495 3463 3550 διακόνου
3490 3493 3760 3567 γραμμά-

2169 3610 2280 3647 των
2311 3592 2447 3664 πρὸς
2491 3593 2590 3664 τὴν
2626 3593 2725 3664 σὴν
2758 3590 3073 3645 θεοσέϐειαν
3094 3606 3108 3621 ⁸
3146 3590 3270 3643 ἐπεὶ
3315 3587 3431 3657 οἵγε
3460 3587 3589 3658 παρ’
3622 3587 3761 3657 ἡμῖν

2167 3687 2310 3742 οὓτω
2354 3685 2701 3755 κατέπτηξαν
2746 3685 2837 3738 τὸν
2877 3682 3143 3756 χειμῶνα,
3172 3681 3249 3747 ὡς
3286 3680 3421 3753 μηδὲ
3466 3680 3527 3733 τὸ
3563 3677 3763 3750 μυιρὰ⁵

2166 3797 2327 3833 τατον
2360 3779 2695 3850 προκύπτειν
2726 3776 2835 3831 τῶν
2860 3775 3149 3847 δωματίων
3173 3772 3481 3845 ἀνέχεσθαι.
3514 3771 3620 3825 Καὶ
3644 3770 3759 3843 γὰρ

2165 3871 2406 3942 τοσούτῳ
2438 3870 2634 3942 πλήθει
2685 3870 2880 3941 χιόνων
2928 3868 3320 3938 κατενίφημεν,
3364 3865 3440 3929 ὡς
3467 3865 3650 3927 αὐτοῖς
3679 3865 3763 3917 οτ-

2169 3963 2769 4037 κοιςᾸκαταχωσθέντες
2829 3960 2903 4033 (5)
2954 3959 3047 4014 δύο
3093 3960 3268 4032 μῆνας
3306 3958 3408 4031 ήδη
3441 3961 3563 4023 ταῖς
3582 3974 3762 4011 καταο

2171 4133 2201 4172 a
2232 4126 2386 4188 patre
2416 4116 2605 4171 Basilii
2632 4118 2816 4171 'causa
2855 4122 3143 4181 susceptos
3183 4123 3374 4188 narrat
3406 4113 3459 4167 in
3490 4112 3767 4188 orationi-

2170 4183 2275 4244 bus
2309 4188 2376 4244 l9
2397 4197 2450 4243 et
2480 4188 2570 4251 26,
2606 4187 2765 4241 facile
2806 4188 3171 4257 perspicimus
3192 4184 3494 4257 episcopos
3525 4183 3764 4257 electio-

2172 4276 2304 4314 num
2345 4260 2556 4313 otiosos
2604 4253 2953 4328 spectatores
2978 4272 3087 4313 non
3127 4253 3321 4328 fuisse,
3357 4253 3453 4328 sed
3484 4253 3766 4328 plurimas

2173 4346 2360 4385 earum
2395 4340 2579 4400 partes
2620 4325 2966 4400 conciliando
2994 4334 3049 4382 et
3076 4325 3419 4400 adhortando
3457 4325 3767 4400 sustinuiso

2177 4416 2258 4456 se.
2295 4395 2629 4466 Quinetiam
2672 4398 2867 4453 electio
2920 4397 3197 4452 interdum
3245 4411 3413 4466 penes
3464 4395 3769 4466 episcopos

2175 4480 2327 4550 erat;
2352 4480 2413 4550 et
2462 4470 2778 4550 cu.m_varia
2827 4475 3016 4549 essent
3052 4466 3233 4550 plebis
3286 4482 3351 4520 ac
3380 4467 3509 4520 cleri
3548 4470 3763 4549 studia,

2177 4551 2238 4595 ut
2261 4542 2315 4595 in
2351 4540 2538 4595 Basilii
2567 4540 2836 4595 electione
2865 4538 3113 4608 contigit,
3151 4545 3283 4590 tunc
3318 4550 3382 4591 ea
3412 4551 3540 4606 pars
3568 4538 3767 4608 vince-

2174 4612 2266 4667 bat
2291 4611 2380 4666 cui
2415 4610 2592 4680 major
2628 4612 2844 4680 favebat
2870 4606 3256 4680 episcoporum
3289 4623 3575 4680 numerus.
3612 4606 3765 4680 Hinc

2174 4699 2301 4736 eum
2331 4680 2399 4736 ad
2430 4677 2749 4735 canonicam
2779 4677 2968 4735 Basilii
2991 4677 3314 4736 electionem
3342 4677 3561 4733 deesset
3591 4679 3769 4736 unius

2098 4770 2143 4825 ι)
2174 4751 2419 4833 episcopi
2449 4750 2770 4833 suffragium
2790 4792 2806 4816 ,
2837 4748 3133 4833 Gregorius
3156 4747 3413 4833 Νιηὶιιριί
3440 4748 3763 4833 episcopus,

2171 4819 2427 4893 quamvis
2460 4819 2725 4893 senio'ac
2756 4819 3620 4893 morbo'confectus,Caesaream
3661 4819 3768 4893 ad-

2168 4887 2396 4956 volavit,
2432 4901 2490 4945 ut
2525 4891 2832 4946 electionem
2864 4891 3070 4945 calculo
3094 4906 3189 4945 suo
3219 4888 3530 4958 adjuvant,
3559 4887 3770 4959 βοηθή-

2171 4966 2374 5087 σωχὲῇ
2424 4963 2612 5033 ψήφω,
2645 4960 2983 5026 Grea.Naz.,
3014 4968 3156 5017 orat.
3195 4960 3286 5025 l9,
3320 4975 3376 5031 p.
3410 4959 3539 5024 511,
3579 4967 3634 5014 et
3665 4960 3765 5025 20,

2171 5050 2223 5087 υ.
2249 5050 2283 5087 a
2360 5073 2372 5087 .
2856 5062 2861 5073 ι

2209 5074 2223 5089 .
2249 5034 2372 5089 545.
2856 5062 2861 5073 .

2166 5050 2886 5174 Ρθῶῗοὶίαταχωσθέντεςί.
2913 5100 2995 5156 Ita
3016 5116 3154 5174 mss.
3172 5115 3301 5174 sex.
3343 5097 3501 5174 _Edit_i
3545 5106 3767 5174 et_trcs

2167 5169 2556 5231 vetustissimi
2588 5175 2812 5230 codices
2842 5171 3022 5238 Harl.,
3070 5169 3211 5226 Med.
3249 5179 3303 5225 et
3332 5169 3505 5225 Coisl.
3545 5169 3766 5238 primus

2171 5246 2377 5301 habent
2401 5244 2876 5315 καταχωσθέντας.
2908 5240 3063 5315 Quod
3081 5241 3317 5315 quidem
3337 5239 3539 5315 _I_nirari
3586 5238 3762 5315 subit.

2176 5315 2311 5370 Nam
2348 5332 2492 5386 saepe
2515 5309 2655 5370 alias
2690 5316 2744 5368 in
2776 5309 3049 5386 ejusmodi
3071 5309 3216 5386 locis
3241 5309 3470 5386 codices
3493 5311 3766 5386 recentio-

2172 5402 2265 5442 res
2297 5380 2697 5447 accu'sativum,
2724 5380 3085 5440 vetustissimi
3106 5382 3505 5437 nominativum
3532 5380 3762 5435 habent.

2176 5458 2358 5523 Quare
2401 5457 2576 5513 satius
2613 5456 2793 5511 visum
2838 5462 2922 5509 est
2960 5469 3079 5508 eam
3126 5453 3458 5522 scripturam
3498 5452 3764 5523 retinere.

2177 5522 2266 5581 cui
2304 5543 2401 5583 sex
2426 5528 2646 5583 codices
2684 5527 2787 5581 hoc
2836 5527 2976 5586 loco.
3004 5534 3117 5579 tres
3153 5523 3516 5579 vetustissimi
3548 5523 3605 5577 in
3636 5522 3767 5576 aliis

2176 5598 2314 5654 locis
2349 5599 2743 5668 suﬂragantur.
2776 5594 2948 5668 Paulo
2987 5594 3205 5668 a_nte_in
3240 5594 3416 5651 tribuc
3447 5592 3765 5649 vetustissi-

2177 5669 2280 5726 mis
2315 5664 2599 5727 codicibus
2640 5668 2839 5740 legitur
2870 5664 2978 5720 τῶν
3005 5664 3274 5738 δομάτων.
