3870 6218
117 301 220 358 385

1044 296 1536 356 EPISTULARUM
1560 299 1850 357 CLASSIS
1879 298 1946 356 11.
1984 297 2206 357 EPIST.
2245 295 2433 354 XLIX.

3295 298 3407 356 1'86

114 422 334 474 δόσεσιν
364 419 725 492 ὲμφωλεύειν.
760 419 1059 494 Συγγνώσῃ
1094 417 1188 475 οὖν
1217 440 1438 488 παντως
1470 426 1624 496 ἡμῖν,
1648 425 1709 478 τό

1814 438 1938 480 cum
1968 432 2024 478 et
2062 420 2450 493 Cappadocum
2482 419 2652 475 animi
2681 419 3028 478 timiditatem
3049 459 3067 485 ,
3114 429 3169 476 et
3206 438 3406 492 corpo-

114 528 172 564 τε
193 511 435 583 ἄτολμον
460 511 570 566 τῶν
598 511 1040 567 Καππαδοκικῶν
1066 512 1142 585 (6)
1177 514 1348 584 ἠθῶν,
1375 516 1470 570 καὶ
1506 517 1568 571 τὸ
1599 517 1709 574 τῶν

118 604 387 675 σωμάτων
408 602 728 675 δυσκίνητον
758 604 1145 675 ἐπιστάμενος,
1182 606 1232 658 εί
1256 606 1332 678 μὴ
1364 607 1558 662 θᾶττον
1580 610 1707 662 ὲπε-

113 690 446 763 στείλαμεν,
491 693 615 765 μηδ’
646 695 727 758 εἰς
768 694 968 763 γνῶσιν
1001 695 1285 767 ἠγάγομεν
1322 698 1391 768 τῇ
1434 698 1709 770 τιμιότητί

117 803 209 840 σου
237 787 306 840 τὰ
324 787 434 840 ἀπὸ
454 786 557 857 τῆς
593 786 942 859 Ἀντιοχείας,
970 787 1006 842 ἃ
1031 789 1251 854 πάντως
1279 789 1379 861 μὲν
1416 790 1708 864 γνωρίζειν

115 896 194 933 σοι
220 879 392 932 ἕωλόν
421 882 537 932 ἐστι
565 882 659 934 καὶ
686 879 916 953 ψυχρὸν,
947 881 1119 935 πάλαι
1146 882 1512 954 μεμαθηκότι,
1545 884 1620 949 ὡς
1647 884 1709 939 τὸ

113 972 291 1036 εἰκός*
329 971 472 1044 πλὴν
515 971 630 1027 ἀλλ’
685 972 837 1026 οὐδὲν
892 974 1184 1045 ἡγούμενοι
1222 978 1455 1048 πρᾶγμα
1508 977 1602 1031 καὶ
1639 979 1707 1032 τὰ

114 1063 438 1134 ἐγνωσμένα
503 1063 824 1133 σημαίνειν,
872 1065 1274 1138 ἀπεστείλαμεν
1327 1067 1428 1132 τὰς
1480 1066 1570 1121 διὰ
1611 1068 1706 1122 τοῦ

112 1155 465 1223 ἀναγνώστου
517 1156 872 1228 κομισθείσας
913 1159 1225 1223 ἐπιστολάς.
1267 1161 1378 1214 Καὶ
1410 1161 1583 1215 ταῦτα
1609 1162 1708 1233 μὲν

110 1252 191 1315 είς
212 1249 494 1304 τοσοῦτον.
558 1252 625 1305 Ἡ
660 1251 720 1305 δὲ
748 1253 1322 1317 Κωνσταντινούπολις
1346 1253 1459 1325 ἔχει
1497 1252 1590 1308 τὸν
1610 1257 1709 1327 Δη-

113 1343 345 1413 μόφιλον
405 1342 574 1396 πολὺν
627 1342 728 1414 ἠδη
760 1344 952 1414 χρόνον
994 1344 1093 1413 (7),
1130 1344 1208 1409 ὡς
1246 1345 1343 1400 καὶ
1383 1345 1538 1399 αὐτοὶ
1559 1339 1705 1400 οὗτοι

110 1433 511 1503 ἀπαγγελοῦσι,
534 1434 629 1488 καὶ
656 1437 899 1507 προκεκή
909 1454 1102 1507 ρυκται
1129 1437 1350 1503 πάντως
1375 1441 1440 1511 τῇ
1463 1439 1706 1511 ὁσιότητι

112 1544 227 1603 σου.
266 1528 382 1580 Καί
392 1544 447 1581 τι
480 1528 610 1600 περὶ
654 1527 817 1583 αὐτὸν
845 1529 1073 1601 πλάσμα
1105 1530 1400 1603 ὀρθότητος
1425 1533 1519 1586 καὶ
1546 1532 1706 1587 εὐλα-

108 1598 263 1682 ϐείας
298 1617 454 1689 παρά
510 1619 730 1673 πάντων
780 1618 1087 1690 συμφώνως
1123 1619 1234 1674 τῶν
1287 1622 1704 1694 ἀφικνουμένων

108 1711 446 1783 θρυλλεῖται,
474 1711 550 1777 ὡς
570 1714 665 1767 καὶ
689 1712 758 1766 τὰ
791 1712 1058 1768 διεστῶτα
1086 1714 1187 1786 τῆς
1215 1714 1422 1780 πόλεως
1448 1716 1588 1787 μέρη
1623 1719 1705 1781 είς

1820 526 1942 565 rum
1982 519 2260 580 torporem
2298 508 2553 585 noveris,
2599 508 2646 563 si
2679 508 2844 565 cilius
2882 525 2992 564 non
3041 511 3403 582 scripsimus,

1818 617 1997 672 neque
2027 600 2258 657 fecimus
2287 599 2662 671 praestantiam
2711 608 2863 655 tuam
2906 616 3097 656 eorum
3137 618 3259 673 qua:
3292 609 3405 658 Au—

1817 693 2023 747 tiochia
2060 694 2227 747 allata
2259 700 2390 747 sunt
2432 693 2723 748 certiorem
2765 711 2777 749 :
2814 708 2935 764 quae
2962 694 3183 762 quidem
3221 698 3403 751 omni-

1816 799 1890 840 no
1923 785 2019 840 tibi
2063 792 2193 840 nota
2229 784 2410 841 facere
2454 786 2740 841 rancidum
2781 795 2865 841 est
2901 793 2956 841 et
2998 785 3294 858 frigidum,
3343 800 3400 845 ut

1815 876 1909 947 qui
1941 875 2149 931 dudum
2175 875 2474 943 didiceris,
2515 887 2577 931 ut
2606 877 2906 933 verisimile
2937 887 3056 946 est;
3089 878 3185 934 sed
3217 889 3405 934 tamen

1816 970 1952 1026 nihil
1994 969 2326 1024 incommodi
2367 984 2492 1026 esse
2520 970 2934 1036 existimantes,
2978 973 3144 1026 etiam
3183 974 3406 1043 cognita

1816 1065 2151 1137 signiﬁcare,
2183 1066 2437 1120 misimus
2465 1066 2661 1121 allatas
2696 1081 2792 1136 per
2821 1066 3082 1122 lectorem
3112 1069 3400 1138 epistolas.

1815 1159 1894 1213 Ac
1920 1158 1989 1214 de
2014 1159 2099 1215 his
2126 1159 2345 1229 quidem
2371 1159 2658 1214 hactenus.
2681 1158 3192 1230 Constantinopolis
3213 1169 3398 1216 autem

1809 1252 2133 1323 jamdudum
2164 1252 2328 1308 habet
2357 1250 2760 1323 DemOpbilum,
2793 1261 2849 1307 ut
2878 1263 2931 1307 et
2958 1254 3035 1307 illi
3065 1256 3169 1324 ipsi
3196 1268 3400 1309 narra»

1813 1331 1979 1405 bunt,
2011 1350 2175 1412 atque
2217 1351 2275 1395 ut
2316 1343 2508 1412 procul
2552 1342 2725 1397 dubio
2759 1342 2872 1411 jam
2915 1342 3070 1413 prius
3119 1344 3402 1399 sanctitati

1812 1440 1921 1489 tute
1950 1434 2263 1489 nuntiatum
2299 1440 2405 1490 cst.
2437 1434 2517 1489 Ac
2553 1434 2632 1490 de‘
2655 1435 2750 1490 illo
2786 1435 3008 1506 quidem
3042 1437 3401 1492 simulacrum

1813 1526 2088 1598 quoddam
2121 1534 2288 1581 rectas
2320 1526 2443 1581 fidei
2482 1536 2537 1582 et
2570 1528 2793 1598 pietatis
2828 1528 2897 1583 ah
2942 1530 3201 1585 omnibus
3230 1532 3398 1585 adve-

1813 1620 2126 1681 nientibus.
2177 1620 2335 1692 142
2381 1635 2602 1676 summo
2651 1637 2925 1678 consensu
2954 1622 3227 1693 jactatur,
3262 1623 3402 1679 adeo

1814 1714 2070 1769 utetiam
2104 1713 2437 1769 dissidentes
2478 1713 2719 1769 civitatis
2767 1724 2955 1785 partes
2991 1716 3297 1772 coaluerint
3340 1716 3399 1772 in

107 1803 307 1857 ταυτὸν
338 1802 638 1870 συνελθεῖν,
671 1805 768 1859 καὶ
796 1805 907 1858 τῶν
941 1804 1336 1878 πλησιοχώρων
1391 1809 1544 1872 τινὰς
1582 1810 1707 1861 ἐπι-

1814 1822 2004 1871 unum,
2037 1812 2200 1877 atque
2231 1822 2300 1861 ex
2336 1806 2537 1861 vicinis
2565 1806 2838 1877 episcOpis
2875 1808 3127 1863 nonnulli
3167 1809 3399 1879 conjun-

108 1898 332 1952 σκόπων
352 1898 451 1972 τὴν
472 1898 667 1953 ἕνωσιν
683 1897 1101 1975 καταδέξασθαι.
1118 1900 1182 1953 οι
1200 1899 1257 1952 δὲ
1278 1899 1537 1971 ἡμέτεροι
1554 1901 1707 1955 οὐδὲν

106 1992 373 2062 ἀμείνους
426 1991 711 2063 ἐφάνησαν
758 1992 867 2046 τῶν
914 1991 1167 2047 ἐλπίδων.
1204 1992 1558 2058 Ἐπιστάντες
1597 1995 1706 2066 γὰρ

105 2084 271 2149 εὐθὺς
316 2084 463 2139 κατὰ
502 2084 672 2147 πόδας
713 2085 809 2156 τῆς
855 2085 1128 2159 ὑμετέρας
1166 2085 1372 2151 ἐξόδου,
1399 2084 1573 2139 πολλὰ
1607 2086 1705 2156 μὲν

105 2174 262 2232 εἷπον
294 2177 542 2249 λυπηρὰ,
568 2176 741 2230 πολλά
768 2177 826 2230 δὲ
862 2178 1147 2250 ἐποίησαν,
1186 2179 1282 2232 καὶ
1310 2178 1464 2242 τέλος
1494 2179 1703 2249 ἀνεχώ-

106 2288 307 2343 ρησαν,
332 2270 733 2342 βεϐαιώσαντες
762 2274 891 2343 ἡμῖν
922 2272 985 2325 τὸ
1026 2272 1253 2343 σχίσμα.
1289 2272 1354 2325 El
1399 2272 1497 2343 μὲν
1531 2268 1624 2326 οὖν
1650 2288 1703 2327 τι

105 2367 403 2437 γενήσεται
458 2364 689 2435 βέλτιον,
746 2365 841 2418 καὶ
900 2367 948 2418 εἰ
982 2363 1283 2418 παύσονται
1337 2365 1437 2436 τῆς
1483 2364 1702 2428 κακίας,

105 2459 303 2531 ἄδηλον
327 2459 492 2513 παντὶ
507 2457 646 2530 πλὴν
672 2458 706 2530 ἢ
731 2456 810 2529 τῷ
841 2456 961 2530 Θεῷ
979 2458 1075 2530 (8).
1095 2457 1177 2510 Τὰ
1210 2457 1309 2528 μὲν
1331 2452 1425 2511 οὖν
1459 2456 1706 2527 παρόντα

107 2554 359 2607 τοιαῦτα.
387 2552 454 2606 Ἠ
478 2551 537 2605 δὲ
561 2539 725 2622 λοιπὴ
750 2551 1052 2621 Ἐκκλησία
1082 2550 1339 2604 εὐσταθεῖ
1356 2551 1424 2621 τῇ
1444 2548 1538 2602 τοῦ
1561 2547 1697 2601 Θεοῦ

108 2647 319 2719 χάριτι,
377 2645 475 2700 καὶ
500 2643 717 2717 εὔχεται
749 2642 883 2715 ὁμοῦ
923 2642 1004 2715 τῷ
1036 2640 1132 2716 ἦρι
1167 2643 1294 2698 ἰδεῖν
1329 2660 1388 2697 σε
1420 2641 1584 2695 πάλιν
1609 2643 1702 2695 ἐπὶ

107 2743 207 2812 τῆς
236 2739 543 2813 ἡμετέρας,
574 2737 671 2791 καὶ
704 2734 1073 2807 ἀνανεωθῆναι
1101 2734 1189 2788 διὰ
1229 2735 1326 2805 τῆς
1362 2734 1575 2805 ἀγαθῆς
1606 2751 1700 2787 σου

105 2832 485 2894 διδασκαλίας.
539 2828 723 2900 Κάμοὶ
769 2827 827 2881 δὲ
857 2827 919 2881 τὸ
964 2826 1124 2899 σῶμα
1164 2825 1318 2881 οὐδὲν
1346 2826 1571 2899 ἄμεινον
1599 2826 1702 2897 τῆς

109 2926 406 3000 συνηθείας
437 2924 574 2995 ἔχει.

648 3080 997 3136 ΕΗΙΣΤυΛΗ
1035 3077 1168 3133 ΜΘ.
1236 3079 1241 3085 ’

1812 1898 2050 1954 ctionem
2079 1897 2313 1973 amplexi
2345 1894 2677 1952 sint.Nostri
2709 1904 2890 1952 autem
2921 1913 3017 1968 spe
3040 1908 3095 1953 et
3113 1906 3400 1969 exspecta-

1812 1990 1963 2045 tione
1983 2004 2095 2044 non
2125 1989 2392 2045 exstitere
2421 1991 2700 2047 meliores.
2734 1990 2870 2045 Nam
2904 2006 3028 2046 cum
3056 1993 3241 2046 statim
3272 2001 3399 2064 post

1810 2098 2096 2155 egressum
2133 2091 2288 2137 tuum
2325 2082 2714 2147 advenissent,
2751 2085 2921 2138 multa
2951 2084 3171 2154 quidem
3217 2084 3401 2141 tristia

1809 2173 2020 2239 dixere,
2049 2173 2219 2229 multa
2246 2174 2413 2229 etiam
2449 2176 2649 2236 fecere,
2678 2189 2745 2229 ac
2773 2175 2992 2229 tandem
3021 2176 3403 2233 discesserunt

1813 2266 2028 2322 ﬁrmato
2059 2267 2221 2323 nobis
2253 2267 2574 2322 schismate.
2606 2264 2803 2320 Utrum
2849 2274 3032 2322 autem
3073 2268 3271 2323 melius
3297 2269 3422 2321 σιξ-⁸

1811 2359 1942 2430 quid
1965 2358 2210 2414 futurum
2243 2359 2346 2425 sit,
2380 2365 2549 2429 atque
2592 2367 2778 2413 utrum
2809 2361 2879 2414 ab
2904 2360 3258 2430 improbitate
3281 2361 3404 2415 dis-

1810 2452 2021 2508 cessuri
2051 2452 2181 2517 sint,
2209 2452 2415 2507 nemini
2447 2450 2556 2507 nisi
2580 2449 2692 2506 Deo
2715 2460 3059 2523 compertum
3081 2459 3185 2508 est.
3212 2452 3404 2523 itaque

1809 2560 1899 2601 res
1928 2552 2227 2616 praesentes
2262 2552 2392 2600 sunt
2429 2542 2726 2614 ejusmodi.
2760 2543 3011 2600 Ecclesia
3049 2552 3231 2603 autem
3273 2546 3404 2600 reti-

1808 2652 1916 2707 qua
1951 2650 2051 2707 per
2081 2634 2175 2691 Dei
2214 2636 2447 2706 gratiam
2479 2634 2745 2705 praeclare
2784 2643 2925 2702 stat,
2954 2643 3119 2708 teque
3149 2645 3399 2708 excptat,

1808 2729 1972 2785 simul
2003 2742 2068 2783 ac
2096 2743 2193 2783 ver
2218 2728 2521 2798 prodierit,
2549 2727 2749 2781 iterum
2778 2727 2921 2798 apud
2957 2744 3057 2785 nos
3089 2730 3276 2785 videre
3296 2770 3310 2793 ,
3345 2737 3401 2784 et

1806 2841 1905 2897 per
1946 2825 2145 2881 bonam
2186 2834 2335 2880 tuam
2381 2824 2694 2880 doctrinam
2740 2826 3018 2880 renovari.
3052 2825 3182 2880 Mihi
3218 2835 3414 2882 autent

1808 2932 2014 2989 corpus
2044 2916 2209 2973 solito
2238 2917 2438 2973 melius
2463 2931 2574 2971 non
2605 2931 2667 2972 se
2690 2916 2875 2971 habet.

2295 3069 2640 3126 EPISTULA
2677 3069 2889 3127 XLIX'.

106 3202 327 3256 Basilius
345 3199 535 3268 gratias
557 3199 659 3266 agit
682 3199 916 3259 Arcadia,
939 3196 1024 3264 qui
1046 3202 1325 3268 conceptam
1340 3208 1379 3265 a_
1389 3207 1441 3245 se
1459 3193 1520 3245 de
1538 3205 1595 3243 eo
1613 3204 1763 3268 spent
1771 3188 2154 3268 signiﬁcaverat.
2529 3187 2741 3242 Basilius
2761 3196 3039 3258 martyrum
3057 3188 3309 3256 reliquias,
3332 3190 3403 3241 ad

998 3257 1255 3311 ecclesiam
1277 3258 1337 3307 ab
1360 3257 1468 3321 ipso
1492 3257 1834 3313 constructam,
1858 3257 1903 3304 si
1925 3263 2047 3318 quas
2066 3257 2287 3318 reperire
2309 3257 2478 3314 possit.

589 3366 874 3439 Ἀρκαδίφ
901 3366 1232 3429 ἐπισκόπῳ.

172 3486 576 3560 Ηῦχαρίστησα
629 3483 711 3555 τῷ
766 3482 909 3554 ἁγίῳ
942 3480 1084 3553 Θεῷ,
1105 3480 1431 3551 γράμμασιν
1459 3475 1697 3548 ἐντυχὼν

104 3582 203 3653 τῆς
230 3580 525 3643 εὐλαϐείας
549 3576 728 3650 ὑμῶν,
757 3576 854 3630 καὶ
875 3573 1106 3646 εὖχομαι
1144 3571 1305 3636 αὑτός
1326 3588 1387 3625 τε
1413 3570 1515 3642 τῆς
1546 3568 1700 3622 ἐλπί-

106 3672 210 3738 δος,
263 3674 333 3745 ἦν
383 3671 537 3742 ἔχετε
586 3670 674 3738 ἐφ’
701 3669 854 3739 ἡμῖν,
904 3666 1055 3734 ἄξιος
1094 3659 1256 3727 εἶναι,
1284 3662 1380 3715 καὶ
1413 3662 1559 3733 ὑμᾶς
1606 3659 1701 3713 τὸν

106 3767 199 3821 ἐπὶ
240 3767 310 3837 τῇ
368 3762 504 3836 τιμῇ
533 3759 716 3832 ἡμῶν,
763 3760 831 3831 ἣν
871 3761 965 3813 ἐπὶ
992 3756 1072 3829 τῷ
1099 3756 1325 3827 ὀνόματι
1359 3752 1455 3807 τοῦ
1488 3752 1701 3823 Κυρίου

118 3858 293 3928 Ἰησοῦ
348 3852 590 3928 Χριστοῦ
650 3854 846 3924 τιμᾶτε
876 3853 1048 3923 ἡμᾶς,
1081 3848 1273 3921 μισθὸν
1304 3846 1511 3900 τέλειον
1542 3843 1699 3915 κομί-

110 3949 323 4003 σασθαι.
368 3944 797 4018 Ὑπερήσθημεν
850 3944 927 4004 δὲ,
959 3945 1043 3997 ὅτι
1086 3944 1202 4005 καὶ,
1248 3940 1519 4012 μέριμναν
1564 3935 1697 4008 πρέο

109 4058 317 4096 πουσαν
355 4037 673 4113 Χριστιανῷ
729 4036 1111 4099 ἀναλαϐόντες,
1159 4034 1242 4097 είς
1279 4032 1438 4099 δόξαν
1461 4028 1555 4084 τοῦ
1577 4028 1697 4082 ὀνό-

113 4155 280 4208 ματος
308 4134 409 4190 τοῦ
431 4134 671 4205 Χριστοῦ
721 4127 871 4187 οἷκον
917 4130 1202 4201 ἠγείρατε,
1237 4127 1334 4181 καὶ
1370 4125 1698 4196 ἠγαπήσατε

108 4229 183 4301 τῷ
234 4230 377 4293 ὄντι,
430 4226 574 4281 κατά
614 4226 677 4280 τὸ
722 4222 1133 4298 γεγραμμένον,
1178 4217 1517 4290 εὐπρέπειαν
1545 4214 1700 4269 οἴκου

110 4323 339 4395 Κυρίου,
388 4318 815 4391 εὐτρεπίσαντες
882 4316 1098 4378 ἑαυτοῖς
1163 4310 1265 4382 τὴν
1308 4308 1562 4379 οὐράνιον
1618 4305 1699 4378 (9)

114 4419 277 4489 μονὴν
300 4413 405 4487 τὴν
459 4411 867 4484 ἡτοιμασμένην
896 4411 955 4462 ὲν
989 4409 1058 4478 τῇ
1100 4404 1405 4458 ἀναπαύσει
1434 4403 1546 4464 τοῖς
1567 4400 1704 4469 ἀγα-

112 4508 251 4561 πῶσι
295 4508 360 4561 τδ
405 4505 580 4576 ὄνομα
620 4502 715 4557 τοῦ
754 4499 1014 4574 Χριστοῦ.
1064 4497 1190 4551 Ἐὰν
1253 4495 1312 4549 δὲ
1380 4491 1702 4565 δυνηθῶμεν

110 4601 434 4674 περινοῆσαι
462 4597 694 4668 λείψανα
743 4593 1056 4667 μαρτύρων,
1094 4586 1370 4660 εὐχόμεθα
1420 4585 1515 4639 καὶ
1547 4583 1703 4638 αὐτοὶ

111 4689 489 4765 συμϐαλέσθαι
518 4686 673 4760 ὑμῶν
690 4688 758 4758 τῇ
786 4682 1008 4754 σπουδῇ.
1033 4682 1094 4737 Εἰ
1127 4679 1237 4751 γὰρ
1256 4678 1336 4740 είς
1357 4675 1703 4747 μνημόσυνον

1726 3365 1773 3429 C

2339 3356 2381 3409 Α
2393 3355 2574 3410 rcadio
2599 3355 2865 3425 episcopo.

1872 3473 2090 3530 Gratias
2123 3472 2209 3543 egi
2239 3470 2353 3527 Deo
2378 3479 2573 3527 sancto
2599 3470 2757 3526 lectis
2781 3470 3002 3541 pietatis
3035 3478 3146 3527 tute
3176 3471 3400 3539 littoris,

1800 3581 2104 3639 precorque
2129 3573 2192 3619 ut
2222 3573 2277 3620 et
2297 3578 2400 3635 ego
2420 3578 2483 3617 ea
2518 3578 2636 3634 spe,
2668 3579 2834 3634 quam
2859 3562 2929 3618 de
2953 3578 3041 3619 me
3070 3566 3397 3634 concepisti.

1799 3660 1998 3731 dignus
2026 3662 2153 3723 sim,
2186 3666 2241 3713 et
2270 3664 2328 3712 tu
2361 3658 2611 3722 honoris,
2646 3672 2809 3727 quem
2842 3657 2975 3711 mihi
3008 3657 3181 3713 habes
3206 3659 3261 3712 iu
3294 3674 3398 3712 no-

1798 3754 1948 3808 mine
1998 3751 2212 3805 Domini
2260 3749 2396 3806 Jesn
2448 3750 2698 3815 Christi,
2748 3749 3058 3805 mercedem
3094 3749 3399 3820 perfectam

1799 3844 2032 3900 referas.
2088 3841 2259 3898 Valde
2305 3848 2489 3896 autem
2540 3841 2757 3897 laetatus
2801 3856 2961 3905 sum,
3011 3841 3168 3913 quod
3207 3858 3401 3897 curam

1799 3933 2116 3990 Christiano
2146 3931 2367 4003 dignam
2414 3933 2725 4002 suscipiens
2752 3973 2767 3999 ,
2800 3930 3022 3986 domum
3066 3932 3133 3986 ad
3168 3934 3401 4002 gloriam

1799 4026 2043 4082 nominis
2073 4024 2280 4079 Christi
2331 4024 2750 4089 construxeris,
2809 4038 2875 4077 ac
2929 4038 3056 4077 vere
3102 4023 3396 4088 dilexeris,

1800 4120 1943 4178 sicut
1971 4118 2236 4188 scriptum
2264 4124 2350 4173 est
2372 4117 2441 4184 ",
2476 4117 2733 4172 decorem
2763 4117 2962 4172 domus
2997 4116 3254 4173 Domini:
3299 4119 3427 4173 tibi-

1800 4210 1907 4282 ipsi
1941 4223 2260 4280 praeparans
2313 4210 2599 4264 ctelestem
2647 4211 3029 4275 mansionem,
3064 4210 3408 4266 destinatam-

1801 4304 1858 4358 in
1887 4302 2077 4373 requie
2114 4301 2471 4372 diligentibus
2498 4316 2702 4356 nomen
2740 4301 2967 4357 Christi.
3007 4300 3165 4368 Quod
3192 4302 3237 4356 si
3265 4301 3401 4356 reli-

1801 4397 1963 4468 quias
1992 4404 2293 4464 martyrum
2330 4395 2666 4466 investigare
2696 4396 2942 4467 possim,
2986 4397 3155 4466 cupio
3188 4404 3242 4450 ct
3282 4394 3407 4465 ipse

1802 4491 1970 4546 studii
2003 4490 2083 4543 tui
2113 4487 2336 4556 adjutor
2365 4502 2509 4543 esse.
2552 4486 2688 4542 Nam
2730 4488 2778 4543 si
2813 4488 2871 4542 in
2903 4488 3167 4543 memoria
3193 4495 3399 4541 aeterna

1803 4582 1910 4637 erit
1934 4582 2122 4652 justus
2147 4586 2239 4652 ον,
2273 4584 2516 4656 profecto
2542 4582 2698 4635 home
2723 4581 2870 4636 illius
2892 4581 3171 4634 memoria:
3190 4619 3204 4641 ,
3235 4592 3401 4644 quam

1806 4676 2168 4748 tibi‘sanctus
2195 4680 2496 4751 impertiet,
2527 4677 2736 4733 erimus
2768 4674 3089 4747 participes.

110 4790 327 4845 αξιῖινιον
355 4787 512 4842 ἔσται
548 4785 779 4850 δίκαιος,
820 4779 1067 4837 κοινωνοί
1093 4776 1209 4851 (10)
1239 4770 1500 4845 ἐσόμεθα,
1526 4769 1767 4842 δηλονότι
1798 4772 1899 4844 τῆς
1934 4772 2150 4846 ἀγαθῆς
2193 4771 2549 4847 μνήμηςξτῆς
2576 4769 2948 4845 δοθησομένης
2978 4769 3107 4842 ὑμῖν
3132 4766 3282 4839 παρά
3306 4766 3406 4820 τοῦ

112 4886 288 4956 ἁγίου.

178 5010 226 5042 ’⁸
252 5005 408 5064 Psal.
455 5018 587 5066 xxv,
628 5000 683 5055 8.
760 4999 828 5031 ’°‘
872 4996 1018 5052 Psal.
1051 5010 1165 5061 cn,
1197 4990 1250 5050 ‘7.

180 5166 257 5236 (6)
314 5157 820 5236 Καππαδοκικῶν.
867 5156 945 5236 Ιεὲ
995 5150 1176 5236 Bari...
1234 5146 1428 5236 c9351.:
1464 5143 1705 5236 primit}.

1814 5208 1843 5236 Α
1878 5136 1956 5210 (9)
1975 5135 2322 5236 DOPgdt‘tOV.‘
2347 5133 2441 5190 Sic
2483 5131 2653 5190 Coisl.
2690 5140 2925 5202 uterque
2956 5138 3012 5186 et
3037 5128 3171 5202 Reg.
3203 5147 3405 5186 secun-

114 5218 254 5292 ῐιρέξ
272 5237 510 5298 primus,
535 5230 781 5286 Clarom.
810 5238 865 5284 et
888 5225 1066 5296 Bigot.
1095 5224 1256 5277 alter.
1288 5218 1434 5274 Editi
1464 5218 1704 5270 Καππα-

107 5307 306 5363 δοκῶν.

177 5354 659 5449 mamma
680 5368 920 5449 mror
950 5365 1104 5449 ῌπτιι
1133 5354 1706 5449 ειμεςέτξιξπὲἒὶιὲἒ·

109 5423 576 5514 aliis,
592 5423 813 5514 χρόνος.
837 5423 1021 5514 Paulo
1042 5442 1168 5514 post
1202 5433 1405 5514 legitur
1426 5423 1709 5496 ἀπαγγέλ-

109 5520 262 5574 leuat
308 5519 367 5573 in
402 5505 691 5570 codicibus
721 5510 872 5565 Harl.
898 5516 953 5564 et
980 5505 1152 5563 Cdisl.
1191 5505 1392 5575 primo.

181 5592 263 5663 (8)
303 5584 549 5663 Πᾳῂνῆ
572 5582 655 5663 τῶ
683 5579 824 5663 ρεῷ.
853 5579 1027 5636 Coisl.
1087 5586 1321 5647 utri-que
1360 5578 1418 5628 et
1462 5580 1611 5625 unus
1641 5578 1710 5622 ex

112 5652 305 5733 Regiis
317 5652 463 5730 πλὴν
497 5657 548 5711 εί
574 5654 657 5726 τῷ
686 5652 827 5723 θεῷ.

1811 5206 1946 5264 dus.
1973 5207 2114 5262 Εὐιιὶ
2132 5206 2411 5277 οὐρανίαν.

1883 5278 1994 5402 μθ)
2032 5271 2340 5332 Κοινὼνοί.
2392 5276 2535 5329 Ante
2576 5274 2719 5329 hanc
2769 5287 2963 5327 vocem
3012 5271 3147 5328 editi
3194 5272 3405 5326 addqu

1883 5394 1884 5399 η
1927 5389 1942 5402 .
1991 5348 2087 5402 sed
2144 5349 2259 5402 haec
2302 5344 2621 5402 coniunctio
2663 5345 2820 5400 abest
2863 5343 2933 5397 ab
2972 5342 3230 5398 omnibus
3267 5360 3401 5399 mss.

1811 5342 1942 5413 καί,
1975 5342 2087 5404 ’θεά
2144 5349 2259 5402 haec
2302 5344 2621 5413 conjunctio
2663 5345 2820 5400 abest
2863 5343 2933 5397 ab
2972 5342 3230 5398 omnibus
3267 5360 3401 5399 mss.

1854 5435 1955 5475 uos
1983 5420 2036 5473 iu
2065 5419 2210 5472 hanc
2236 5414 3120 5487 epistolam_hahuinuts,_nempe
3162 5428 3197 5466 a
3233 5413 3402 5483 Μαίη

1841 5483 1984 5550 ἶοὶει.
2014 5483 2409 5558 utroque,')_’a_t
2458 5494 2512 5558 et
2534 5484 2671 5557 Reg.
2701 5483 2970 5558 secundo.

1892 5565 1909 5587 “
1939 5561 2090 5618 Alias
2117 5554 2411 5617 CCCCVII!
2462 5554 2681 5627 Scripta
2700 5555 2859 5611 initio
2878 5554 3232 5627 episcopatus
