  <div class='ocr_page' id='page_1' title='image "/cluster/home/n/w/nwhite01/storage/ocr_20150623/32/nnc1.0046978879/246.png"; bbox 0 0 3870 6218; ppageno 0'>
   <div class='ocr_carea' id='block_1_1' title="bbox 121 291 2406 361">
    <p class='ocr_par' dir='ltr' id='par_1_1' title="bbox 121 291 2406 361">
     <span class='ocr_line' id='line_1_1' title="bbox 121 291 2406 361; baseline 0.006 -15"><span class='ocrx_word' id='word_1_1' title='bbox 121 291 206 346; x_wconf 71' lang='grc'><strong>589</strong></span> <span class='ocrx_word' id='word_1_2' title='bbox 1053 299 1545 359; x_wconf 72' lang='lat' dir='ltr'><strong>EPISTOLARUM</strong></span> <span class='ocrx_word' id='word_1_3' title='bbox 1583 303 1874 360; x_wconf 79' lang='lat' dir='ltr'><strong>CLASSIS</strong></span> <span class='ocrx_word' id='word_1_4' title='bbox 1912 303 1976 358; x_wconf 87' lang='lat' dir='ltr'><strong>ll.</strong></span> <span class='ocrx_word' id='word_1_5' title='bbox 2018 303 2243 361; x_wconf 73' lang='lat' dir='ltr'><strong>EPIST.</strong></span> <span class='ocrx_word' id='word_1_6' title='bbox 2318 304 2406 360; x_wconf 84' lang='lat' dir='ltr'><strong>LI.</strong></span> 
     </span>
    </p>
   </div>
   <div class='ocr_carea' id='block_1_2' title="bbox 3283 313 3390 366">
    <p class='ocr_par' dir='ltr' id='par_1_2' title="bbox 3283 313 3390 366">
     <span class='ocr_line' id='line_1_2' title="bbox 3283 313 3390 366; baseline 0.009 -1"><span class='ocrx_word' id='word_1_7' title='bbox 3283 313 3390 366; x_wconf 71' lang='lat'><strong>590</strong></span> 
     </span>
    </p>
   </div>
   <div class='ocr_carea' id='block_1_3' title="bbox 124 415 1679 501">
    <p class='ocr_par' dir='ltr' id='par_1_3' title="bbox 124 415 1679 500">
     <span class='ocr_line' id='line_1_3' title="bbox 124 415 1679 500; baseline 0.008 -33"><span class='ocrx_word' id='word_1_8' title='bbox 124 416 277 469; x_wconf 71' lang='grc' dir='ltr'>πάντα</span> <span class='ocrx_word' id='word_1_9' title='bbox 305 415 639 488; x_wconf 78' lang='grc' dir='ltr'>ὖπομένειν,</span> <span class='ocrx_word' id='word_1_10' title='bbox 672 420 769 491; x_wconf 81' lang='grc' dir='ltr'>τὴν</span> <span class='ocrx_word' id='word_1_11' title='bbox 816 422 956 496; x_wconf 78' lang='grc' dir='ltr'>ὑπὲρ</span> <span class='ocrx_word' id='word_1_12' title='bbox 998 424 1208 480; x_wconf 80' lang='grc' dir='ltr'><strong>ἑαυτῶν</strong></span> <span class='ocrx_word' id='word_1_13' title='bbox 1251 427 1531 500; x_wconf 77' lang='grc' dir='ltr'><strong>ἐκδίκησιν</strong></span> <span class='ocrx_word' id='word_1_14' title='bbox 1572 430 1679 482; x_wconf 87' lang='grc' dir='ltr'>ἐπι-</span> 
     </span>
    </p>
   </div>
   <div class='ocr_carea' id='block_1_4' title="bbox 1789 415 3388 501">
    <p class='ocr_par' dir='ltr' id='par_1_4' title="bbox 1797 425 3388 501">
     <span class='ocr_line' id='line_1_4' title="bbox 1797 425 3388 501; baseline 0.003 -23"><span class='ocrx_word' id='word_1_15' title='bbox 1797 428 1892 478; x_wconf 89' lang='lat' dir='ltr'><strong>nia</strong></span> <span class='ocrx_word' id='word_1_16' title='bbox 1933 425 2205 496; x_wconf 89' lang='lat' dir='ltr'><strong>perferre,</strong></span> <span class='ocrx_word' id='word_1_17' title='bbox 2253 429 2442 483; x_wconf 83' lang='lat' dir='ltr'><strong>omnia</strong></span> <span class='ocrx_word' id='word_1_18' title='bbox 2491 427 2806 492; x_wconf 87' lang='lat' dir='ltr'><strong>sustinere,</strong></span> <span class='ocrx_word' id='word_1_19' title='bbox 2840 438 3085 486; x_wconf 75' lang='lat' dir='ltr'><strong>nostram</strong></span> <span class='ocrx_word' id='word_1_20' title='bbox 3116 428 3388 501; x_wconf 72' lang='lat' dir='ltr'><strong>&#39;ipsoruni</strong></span> 
     </span>
    </p>
   </div>
   <div class='ocr_carea' id='block_1_5' title="bbox 121 506 1686 590">
    <p class='ocr_par' dir='ltr' id='par_1_5' title="bbox 121 506 1686 590">
     <span class='ocr_line' id='line_1_5' title="bbox 121 506 1686 590; baseline -0.021 10"><span class='ocrx_word' id='word_1_21' title='bbox 121 506 402 578; x_wconf 58' lang='grc' dir='ltr'><strong>τρέψαντες</strong></span> <span class='ocrx_word' id='word_1_22' title='bbox 435 508 546 580; x_wconf 60' lang='grc' dir='ltr'><strong>(Η)</strong></span> <span class='ocrx_word' id='word_1_23' title='bbox 585 509 666 580; x_wconf 71' lang='grc' dir='ltr'><strong>τῷ</strong></span> <span class='ocrx_word' id='word_1_24' title='bbox 689 511 882 585; x_wconf 69' lang='grc' dir='ltr'><strong>Κνρίῳ</strong></span> <span class='ocrx_word' id='word_1_25' title='bbox 902 553 916 577; x_wconf 73' lang='grc' dir='ltr'><strong>ι</strong></span> <span class='ocrx_word' id='word_1_26' title='bbox 951 513 1011 576; x_wconf 82' lang='grc' dir='ltr'><strong>ὃς</strong></span> <span class='ocrx_word' id='word_1_27' title='bbox 1046 515 1108 568; x_wconf 75' lang='grc' dir='ltr'>οὗ</span> <span class='ocrx_word' id='word_1_28' title='bbox 1139 517 1462 588; x_wconf 69' lang='grc' dir='ltr'>περιόψεται</span> <span class='ocrx_word' id='word_1_29' title='bbox 1491 519 1639 590; x_wconf 79' lang='grc' dir='ltr'>ἡμᾶς</span> <span class='ocrx_word' id='word_1_30' title='bbox 1673 536 1686 548; x_wconf 90' lang='grc'><strong>·</strong></span> 
     </span>
    </p>
   </div>
   <div class='ocr_carea' id='block_1_6' title="bbox 123 600 1692 678">
    <p class='ocr_par' dir='ltr' id='par_1_6' title="bbox 123 600 1692 678">
     <span class='ocr_line' id='line_1_6' title="bbox 123 600 1692 678; baseline 0.006 -25"><span class='ocrx_word' id='word_1_31' title='bbox 123 600 238 653; x_wconf 78' lang='grc' dir='ltr'>διότι</span> <span class='ocrx_word' id='word_1_32' title='bbox 301 601 358 653; x_wconf 87' lang='lat'><strong>&#39;0</strong></span> <span class='ocrx_word' id='word_1_33' title='bbox 415 602 819 671; x_wconf 61' lang='grc' dir='ltr'>συκοφαντῶν</span> <span class='ocrx_word' id='word_1_34' title='bbox 891 604 1123 674; x_wconf 80' lang='grc' dir='ltr'>πένητα</span> <span class='ocrx_word' id='word_1_35' title='bbox 1190 609 1516 678; x_wconf 79' lang='grc' dir='ltr'>παροξύνει</span> <span class='ocrx_word' id='word_1_36' title='bbox 1587 611 1692 664; x_wconf 80' lang='grc' dir='ltr'><strong>τὸν</strong></span> 
     </span>
    </p>
   </div>
   <div class='ocr_carea' id='block_1_7' title="bbox 123 691 1694 774">
    <p class='ocr_par' dir='ltr' id='par_1_7' title="bbox 123 691 1694 774">
     <span class='ocr_line' id='line_1_7' title="bbox 123 691 1694 774; baseline 0.008 -29"><span class='ocrx_word' id='word_1_37' title='bbox 123 691 445 760; x_wconf 68' lang='grc' dir='ltr'>ποιήσαντα</span> <span class='ocrx_word' id='word_1_38' title='bbox 475 695 683 749; x_wconf 80' lang='grc' dir='ltr'>αὐτόν.</span> <span class='ocrx_word' id='word_1_39' title='bbox 715 698 778 750; x_wconf 88' lang='grc' dir='ltr'><strong>Οἱ</strong></span> <span class='ocrx_word' id='word_1_40' title='bbox 809 697 993 769; x_wconf 79' lang='grc' dir='ltr'>μέντοι</span> <span class='ocrx_word' id='word_1_41' title='bbox 1017 699 1078 753; x_wconf 70' lang='grc' dir='ltr'>τὸ</span> <span class='ocrx_word' id='word_1_42' title='bbox 1101 701 1290 758; x_wconf 82' lang='grc' dir='ltr'>καινὸν</span> <span class='ocrx_word' id='word_1_43' title='bbox 1322 702 1480 755; x_wconf 74' lang='grc' dir='ltr'>τοῦτο</span> <span class='ocrx_word' id='word_1_44' title='bbox 1507 703 1694 774; x_wconf 78' lang='grc' dir='ltr'>δρᾶμα</span> 
     </span>
    </p>
   </div>
   <div class='ocr_carea' id='block_1_8' title="bbox 123 783 1690 862">
    <p class='ocr_par' dir='ltr' id='par_1_8' title="bbox 123 783 1690 862">
     <span class='ocr_line' id='line_1_8' title="bbox 123 783 1690 862; baseline 0.009 -27"><span class='ocrx_word' id='word_1_45' title='bbox 123 783 211 853; x_wconf 79' lang='grc' dir='ltr'>τῆς</span> <span class='ocrx_word' id='word_1_46' title='bbox 232 783 350 837; x_wconf 79' lang='grc' dir='ltr'>καθ’</span> <span class='ocrx_word' id='word_1_47' title='bbox 395 785 555 856; x_wconf 85' lang='grc' dir='ltr'>ἡμῶν</span> <span class='ocrx_word' id='word_1_48' title='bbox 596 786 947 862; x_wconf 74' lang='grc' dir='ltr'><strong>βλασφημίας</strong></span> <span class='ocrx_word' id='word_1_49' title='bbox 979 791 1268 856; x_wconf 80' lang='grc' dir='ltr'><strong>συνθέντες</strong></span> <span class='ocrx_word' id='word_1_50' title='bbox 1298 794 1511 848; x_wconf 83' lang='grc' dir='ltr'>ἐοίκασι</span> <span class='ocrx_word' id='word_1_51' title='bbox 1551 813 1690 849; x_wconf 86' lang='grc' dir='ltr'>παν-</span> 
     </span>
    </p>
   </div>
   <div class='ocr_carea' id='block_1_9' title="bbox 124 876 1689 959">
    <p class='ocr_par' dir='ltr' id='par_1_9' title="bbox 124 876 1689 959">
     <span class='ocr_line' id='line_1_9' title="bbox 124 876 1689 959; baseline 0.008 -30"><span class='ocrx_word' id='word_1_52' title='bbox 124 876 274 942; x_wconf 85' lang='grc' dir='ltr'>τελῶς</span> <span class='ocrx_word' id='word_1_53' title='bbox 308 878 559 931; x_wconf 83' lang='grc' dir='ltr'>ἀπιστεῖν</span> <span class='ocrx_word' id='word_1_54' title='bbox 595 879 675 950; x_wconf 80' lang='grc' dir='ltr'><strong>τῷ</strong></span> <span class='ocrx_word' id='word_1_55' title='bbox 719 881 941 953; x_wconf 83' lang='grc' dir='ltr'>Κυρίῳ,</span> <span class='ocrx_word' id='word_1_56' title='bbox 972 883 1031 947; x_wconf 81' lang='grc' dir='ltr'>ὃς</span> <span class='ocrx_word' id='word_1_57' title='bbox 1063 885 1157 938; x_wconf 76' lang='grc' dir='ltr'>καὶ</span> <span class='ocrx_word' id='word_1_58' title='bbox 1205 887 1331 957; x_wconf 76' lang='grc' dir='ltr'>περὶ</span> <span class='ocrx_word' id='word_1_59' title='bbox 1369 886 1479 956; x_wconf 86' lang='grc'><strong>(18)</strong></span> <span class='ocrx_word' id='word_1_60' title='bbox 1517 886 1689 959; x_wconf 72' lang='grc' dir='ltr'>ἀργοῦ</span> 
     </span>
    </p>
   </div>
   <div class='ocr_carea' id='block_1_10' title="bbox 123 966 1690 1044">
    <p class='ocr_par' dir='ltr' id='par_1_10' title="bbox 123 966 1690 1044">
     <span class='ocr_line' id='line_1_10' title="bbox 123 966 1690 1044; baseline 0.003 -23"><span class='ocrx_word' id='word_1_61' title='bbox 123 968 349 1039; x_wconf 76' lang='grc' dir='ltr'>ῥήματος</span> <span class='ocrx_word' id='word_1_62' title='bbox 389 966 582 1020; x_wconf 81' lang='grc' dir='ltr'>δώσειν</span> <span class='ocrx_word' id='word_1_63' title='bbox 622 970 769 1038; x_wconf 80' lang='grc' dir='ltr'>ἡμᾶς</span> <span class='ocrx_word' id='word_1_64' title='bbox 803 969 962 1038; x_wconf 88' lang='grc' dir='ltr'>λόγον</span> <span class='ocrx_word' id='word_1_65' title='bbox 992 973 1050 1023; x_wconf 88' lang='grc' dir='ltr'>ὲν</span> <span class='ocrx_word' id='word_1_66' title='bbox 1087 973 1153 1042; x_wconf 82' lang='grc' dir='ltr'>τῇ</span> <span class='ocrx_word' id='word_1_67' title='bbox 1204 973 1386 1044; x_wconf 68' lang='grc' dir='ltr'>ἡμέρᾳ</span> <span class='ocrx_word' id='word_1_68' title='bbox 1425 972 1527 1041; x_wconf 81' lang='grc' dir='ltr'>τῆς</span> <span class='ocrx_word' id='word_1_69' title='bbox 1564 973 1690 1043; x_wconf 83' lang='grc' dir='ltr'>κρί-</span> 
     </span>
    </p>
   </div>
   <div class='ocr_carea' id='block_1_11' title="bbox 121 1058 1691 1135">
    <p class='ocr_par' dir='ltr' id='par_1_11' title="bbox 121 1058 1691 1135">
     <span class='ocr_line' id='line_1_11' title="bbox 121 1058 1691 1135; baseline 0.005 -27"><span class='ocrx_word' id='word_1_70' title='bbox 121 1073 243 1119; x_wconf 83' lang='grc' dir='ltr'>σεως</span> <span class='ocrx_word' id='word_1_71' title='bbox 269 1058 610 1129; x_wconf 80' lang='grc' dir='ltr'>ἀπεφήνατο.</span> <span class='ocrx_word' id='word_1_72' title='bbox 659 1060 800 1128; x_wconf 85' lang='grc' dir='ltr'><strong>Ἐγὼ</strong></span> <span class='ocrx_word' id='word_1_73' title='bbox 846 1062 903 1116; x_wconf 82' lang='grc' dir='ltr'>δὲ</span> <span class='ocrx_word' id='word_1_74' title='bbox 928 1103 943 1126; x_wconf 92' lang='grc'><strong>,</strong></span> <span class='ocrx_word' id='word_1_75' title='bbox 976 1063 1097 1116; x_wconf 84' lang='grc' dir='ltr'>είπὲ</span> <span class='ocrx_word' id='word_1_76' title='bbox 1128 1081 1247 1135; x_wconf 87' lang='grc' dir='ltr'>μοι,</span> <span class='ocrx_word' id='word_1_77' title='bbox 1285 1063 1377 1116; x_wconf 77' lang='grc' dir='ltr'>τὸν</span> <span class='ocrx_word' id='word_1_78' title='bbox 1411 1063 1691 1135; x_wconf 83' lang='grc' dir='ltr'>μακαριώ-</span> 
     </span>
    </p>
   </div>
   <div class='ocr_carea' id='block_1_12' title="bbox 119 1150 1690 1228">
    <p class='ocr_par' dir='ltr' id='par_1_12' title="bbox 119 1150 1690 1228">
     <span class='ocr_line' id='line_1_12' title="bbox 119 1150 1690 1228; baseline 0.008 -29"><span class='ocrx_word' id='word_1_79' title='bbox 119 1164 260 1201; x_wconf 78' lang='grc' dir='ltr'>τατον</span> <span class='ocrx_word' id='word_1_80' title='bbox 313 1150 527 1204; x_wconf 86' lang='grc' dir='ltr'>Διάνιον</span> <span class='ocrx_word' id='word_1_81' title='bbox 571 1152 682 1222; x_wconf 82' lang='grc'><strong>(19)</strong></span> <span class='ocrx_word' id='word_1_82' title='bbox 732 1154 1140 1226; x_wconf 85' lang='grc' dir='ltr'>άνεθεμάτισα;</span> <span class='ocrx_word' id='word_1_83' title='bbox 1181 1157 1354 1210; x_wconf 85' lang='grc' dir='ltr'>Τοῦτο</span> <span class='ocrx_word' id='word_1_84' title='bbox 1383 1155 1492 1228; x_wconf 85' lang='grc' dir='ltr'><strong>γάρ</strong></span> <span class='ocrx_word' id='word_1_85' title='bbox 1532 1157 1690 1228; x_wconf 81' lang='grc' dir='ltr'>ἡμῶν</span> 
     </span>
    </p>
   </div>
   <div class='ocr_carea' id='block_1_13' title="bbox 120 1243 1686 1324">
    <p class='ocr_par' dir='ltr' id='par_1_13' title="bbox 120 1243 1686 1324">
     <span class='ocr_line' id='line_1_13' title="bbox 120 1243 1686 1324; baseline 0.008 -31"><span class='ocrx_word' id='word_1_86' title='bbox 120 1243 465 1313; x_wconf 66' lang='grc' dir='ltr'><strong>κατήγγειλαν</strong></span> <span class='ocrx_word' id='word_1_87' title='bbox 496 1244 633 1315; x_wconf 72' lang='grc'><strong>(20),</strong></span> <span class='ocrx_word' id='word_1_88' title='bbox 677 1247 790 1301; x_wconf 78' lang='grc' dir='ltr'><strong>Ποῦ</strong></span> <span class='ocrx_word' id='word_1_89' title='bbox 841 1249 874 1320; x_wconf 86' lang='grc' dir='ltr'>ἢ</span> <span class='ocrx_word' id='word_1_90' title='bbox 931 1250 1110 1316; x_wconf 74' lang='grc' dir='ltr'>πότες</span> <span class='ocrx_word' id='word_1_91' title='bbox 1150 1251 1310 1305; x_wconf 87' lang='grc' dir='ltr'>τίνων</span> <span class='ocrx_word' id='word_1_92' title='bbox 1362 1252 1686 1324; x_wconf 82' lang='grc' dir='ltr'>παρόντων;</span> 
     </span>
    </p>
   </div>
   <div class='ocr_carea' id='block_1_14' title="bbox 121 1335 1686 1417">
    <p class='ocr_par' dir='ltr' id='par_1_14' title="bbox 121 1335 1686 1417">
     <span class='ocr_line' id='line_1_14' title="bbox 121 1335 1686 1417; baseline 0.014 -32"><span class='ocrx_word' id='word_1_93' title='bbox 121 1335 199 1386; x_wconf 79' lang='grc' dir='ltr'><strong>ἐπὶ</strong></span> <span class='ocrx_word' id='word_1_94' title='bbox 240 1335 370 1407; x_wconf 75' lang='grc' dir='ltr'>ποίᾳ</span> <span class='ocrx_word' id='word_1_95' title='bbox 419 1338 735 1408; x_wconf 80' lang='grc' dir='ltr'>προφάσει;</span> <span class='ocrx_word' id='word_1_96' title='bbox 782 1339 958 1408; x_wconf 74' lang='grc' dir='ltr'>ψιλοῖς</span> <span class='ocrx_word' id='word_1_97' title='bbox 994 1345 1233 1414; x_wconf 76' lang='grc' dir='ltr'>ῥήμασιν</span> <span class='ocrx_word' id='word_1_98' title='bbox 1275 1344 1306 1417; x_wconf 78' lang='grc' dir='ltr'><strong>ἢ</strong></span> <span class='ocrx_word' id='word_1_99' title='bbox 1351 1344 1686 1417; x_wconf 71' lang='grc' dir='ltr'>ἐγγράφοιςὶ</span> 
     </span>
    </p>
   </div>
   <div class='ocr_carea' id='block_1_15' title="bbox 120 1426 1687 1507">
    <p class='ocr_par' dir='ltr' id='par_1_15' title="bbox 120 1426 1687 1507">
     <span class='ocr_line' id='line_1_15' title="bbox 120 1426 1687 1507; baseline 0.007 -28"><span class='ocrx_word' id='word_1_100' title='bbox 120 1426 302 1497; x_wconf 72' lang='grc' dir='ltr'>ἑτέροις</span> <span class='ocrx_word' id='word_1_101' title='bbox 329 1429 641 1484; x_wconf 82' lang='grc' dir='ltr'>ἀκολουθῶν</span> <span class='ocrx_word' id='word_1_102' title='bbox 660 1472 675 1496; x_wconf 93' lang='grc'><strong>,</strong></span> <span class='ocrx_word' id='word_1_103' title='bbox 703 1431 736 1501; x_wconf 78' lang='grc' dir='ltr'><strong>ἦ</strong></span> <span class='ocrx_word' id='word_1_104' title='bbox 777 1433 940 1496; x_wconf 78' lang='grc' dir='ltr'>αὐτὸς</span> <span class='ocrx_word' id='word_1_105' title='bbox 963 1435 1255 1507; x_wconf 79' lang='grc' dir='ltr'><strong>κατάρχων</strong></span> <span class='ocrx_word' id='word_1_106' title='bbox 1281 1437 1376 1490; x_wconf 70' lang='grc' dir='ltr'><strong>κα)⁴</strong></span> <span class='ocrx_word' id='word_1_107' title='bbox 1412 1436 1687 1491; x_wconf 78' lang='grc' dir='ltr'><strong>αὐθεντῶν</strong></span> 
     </span>
    </p>
   </div>
   <div class='ocr_carea' id='block_1_16' title="bbox 127 1518 1687 1600">
    <p class='ocr_par' dir='ltr' id='par_1_16' title="bbox 127 1518 1687 1600">
     <span class='ocr_line' id='line_1_16' title="bbox 127 1518 1687 1600; baseline 0.009 -30"><span class='ocrx_word' id='word_1_108' title='bbox 127 1518 207 1572; x_wconf 75' lang='grc' dir='ltr'>τοῦ</span> <span class='ocrx_word' id='word_1_109' title='bbox 230 1520 396 1593; x_wconf 78' lang='grc' dir='ltr'>τολμή</span> <span class='ocrx_word' id='word_1_110' title='bbox 407 1539 602 1593; x_wconf 59' lang='lat' dir='ltr'><strong>patec;</strong></span> <span class='ocrx_word' id='word_1_111' title='bbox 637 1525 702 1576; x_wconf 83' lang='grc' dir='ltr'><strong><em>Ὠ</em></strong></span> <span class='ocrx_word' id='word_1_112' title='bbox 726 1525 826 1596; x_wconf 79' lang='grc' dir='ltr'>τῆς</span> <span class='ocrx_word' id='word_1_113' title='bbox 862 1525 1136 1592; x_wconf 76' lang='grc' dir='ltr'>ἀναιδείας</span> <span class='ocrx_word' id='word_1_114' title='bbox 1161 1528 1271 1582; x_wconf 90' lang='grc' dir='ltr'><strong>τῶν</strong></span> <span class='ocrx_word' id='word_1_115' title='bbox 1297 1529 1477 1585; x_wconf 90' lang='grc' dir='ltr'>πάντα</span> <span class='ocrx_word' id='word_1_116' title='bbox 1516 1530 1687 1600; x_wconf 83' lang='grc' dir='ltr'>φθεγ-</span> 
     </span>
    </p>
   </div>
   <div class='ocr_carea' id='block_1_17' title="bbox 118 1611 1686 1692">
    <p class='ocr_par' dir='ltr' id='par_1_17' title="bbox 118 1611 1686 1692">
     <span class='ocr_line' id='line_1_17' title="bbox 118 1611 1686 1692; baseline 0.01 -28"><span class='ocrx_word' id='word_1_117' title='bbox 118 1611 340 1681; x_wconf 80' lang='grc' dir='ltr'>γομένων</span> <span class='ocrx_word' id='word_1_118' title='bbox 383 1614 621 1687; x_wconf 66' lang='grc' dir='ltr'>ῥᾳδίωςί</span> <span class='ocrx_word' id='word_1_119' title='bbox 672 1616 736 1668; x_wconf 85' lang='grc' dir='ltr'><strong>Ὦ</strong></span> <span class='ocrx_word' id='word_1_120' title='bbox 785 1619 884 1688; x_wconf 82' lang='grc' dir='ltr'>τῆς</span> <span class='ocrx_word' id='word_1_121' title='bbox 924 1623 1389 1692; x_wconf 84' lang='grc' dir='ltr'><strong>καταφρονήσεως</strong></span> <span class='ocrx_word' id='word_1_122' title='bbox 1436 1623 1546 1677; x_wconf 88' lang='grc' dir='ltr'><strong>τῶν</strong></span> <span class='ocrx_word' id='word_1_123' title='bbox 1591 1624 1686 1678; x_wconf 83' lang='grc' dir='ltr'><strong>τοῦ</strong></span> 
     </span>
    </p>
   </div>
   <div class='ocr_carea' id='block_1_18' title="bbox 117 1701 1682 1787">
    <p class='ocr_par' dir='ltr' id='par_1_18' title="bbox 117 1701 1682 1787">
     <span class='ocr_line' id='line_1_18' title="bbox 117 1701 1682 1787; baseline 0.011 -33"><span class='ocrx_word' id='word_1_124' title='bbox 117 1701 234 1756; x_wconf 84' lang='grc' dir='ltr'><strong>Θεοῦ</strong></span> <span class='ocrx_word' id='word_1_125' title='bbox 267 1706 590 1777; x_wconf 77' lang='grc' dir='ltr'>κριμάτωνί</span> <span class='ocrx_word' id='word_1_126' title='bbox 625 1705 772 1779; x_wconf 80' lang='grc' dir='ltr'>Πλὴν</span> <span class='ocrx_word' id='word_1_127' title='bbox 806 1710 854 1762; x_wconf 90' lang='grc' dir='ltr'>εἰ</span> <span class='ocrx_word' id='word_1_128' title='bbox 903 1710 978 1782; x_wconf 81' lang='grc' dir='ltr'>μὴ</span> <span class='ocrx_word' id='word_1_129' title='bbox 1011 1711 1122 1784; x_wconf 84' lang='grc' dir='ltr'>ἄρα</span> <span class='ocrx_word' id='word_1_130' title='bbox 1167 1713 1244 1785; x_wconf 84' lang='grc' dir='ltr'>τῷ</span> <span class='ocrx_word' id='word_1_131' title='bbox 1276 1715 1556 1787; x_wconf 80' lang='grc' dir='ltr'><strong>πλάσματι</strong></span> <span class='ocrx_word' id='word_1_132' title='bbox 1583 1717 1682 1772; x_wconf 77' lang='grc' dir='ltr'>αὖ.-</span> 
     </span>
    </p>
   </div>
   <div class='ocr_carea' id='block_1_19' title="bbox 115 1795 1687 1880">
    <p class='ocr_par' dir='ltr' id='par_1_19' title="bbox 115 1795 1687 1880">
     <span class='ocr_line' id='line_1_19' title="bbox 115 1795 1687 1880; baseline 0.01 -33"><span class='ocrx_word' id='word_1_133' title='bbox 115 1795 208 1849; x_wconf 82' lang='grc' dir='ltr'>τῶν</span> <span class='ocrx_word' id='word_1_134' title='bbox 229 1799 316 1851; x_wconf 80' lang='grc' dir='ltr'>καὶ</span> <span class='ocrx_word' id='word_1_135' title='bbox 346 1799 508 1854; x_wconf 80' lang='grc' dir='ltr'>τοῦτο</span> <span class='ocrx_word' id='word_1_136' title='bbox 535 1803 1126 1876; x_wconf 82' lang='grc' dir='ltr'>προστραγῳδήσουσιν</span> <span class='ocrx_word' id='word_1_137' title='bbox 1145 1805 1277 1875; x_wconf 71' lang='grc'><strong>(21),</strong></span> <span class='ocrx_word' id='word_1_138' title='bbox 1306 1807 1390 1860; x_wconf 83' lang='grc' dir='ltr'>ὅτι</span> <span class='ocrx_word' id='word_1_139' title='bbox 1420 1808 1687 1880; x_wconf 81' lang='grc' dir='ltr'><strong>ἐγενόμην</strong></span> 
     </span>
    </p>
   </div>
   <div class='ocr_carea' id='block_1_20' title="bbox 116 1887 1688 1974">
    <p class='ocr_par' dir='ltr' id='par_1_20' title="bbox 116 1887 1688 1974">
     <span class='ocr_line' id='line_1_20' title="bbox 116 1887 1688 1974; baseline 0.01 -35"><span class='ocrx_word' id='word_1_140' title='bbox 116 1887 196 1941; x_wconf 75' lang='grc' dir='ltr'>καὶ</span> <span class='ocrx_word' id='word_1_141' title='bbox 221 1888 434 1962; x_wconf 77' lang='grc' dir='ltr'>ἔκφρων</span> <span class='ocrx_word' id='word_1_142' title='bbox 465 1894 597 1947; x_wconf 78' lang='grc' dir='ltr'>ποτε</span> <span class='ocrx_word' id='word_1_143' title='bbox 622 1934 637 1958; x_wconf 91' lang='grc'><strong>,</strong></span> <span class='ocrx_word' id='word_1_144' title='bbox 669 1894 808 1949; x_wconf 83' lang='grc' dir='ltr'>ὥστε</span> <span class='ocrx_word' id='word_1_145' title='bbox 837 1897 1051 1966; x_wconf 85' lang='grc' dir='ltr'>ἀγνοεῖν</span> <span class='ocrx_word' id='word_1_146' title='bbox 1076 1897 1242 1962; x_wconf 80' lang='grc' dir='ltr'>αὐτὸς</span> <span class='ocrx_word' id='word_1_147' title='bbox 1268 1898 1338 1952; x_wconf 85' lang='grc' dir='ltr'><strong>τά</strong></span> <span class='ocrx_word' id='word_1_148' title='bbox 1364 1900 1560 1954; x_wconf 77' lang='grc' dir='ltr'>ἐαυτοῦ</span> <span class='ocrx_word' id='word_1_149' title='bbox 1590 1903 1688 1974; x_wconf 75' lang='grc' dir='ltr'><strong>ρή-</strong></span> 
     </span>
    </p>
   </div>
   <div class='ocr_carea' id='block_1_21' title="bbox 118 1983 1684 2065">
    <p class='ocr_par' dir='ltr' id='par_1_21' title="bbox 118 1983 1684 2065">
     <span class='ocr_line' id='line_1_21' title="bbox 118 1983 1684 2065; baseline 0.01 -34"><span class='ocrx_word' id='word_1_150' title='bbox 118 1998 261 2049; x_wconf 78' lang='grc' dir='ltr'>ματα.</span> <span class='ocrx_word' id='word_1_151' title='bbox 313 1983 439 2038; x_wconf 74' lang='grc' dir='ltr'><strong>Ἐπὶ</strong></span> <span class='ocrx_word' id='word_1_152' title='bbox 468 1986 578 2057; x_wconf 82' lang='grc' dir='ltr'><strong>γάρ</strong></span> <span class='ocrx_word' id='word_1_153' title='bbox 603 1987 712 2040; x_wconf 90' lang='grc' dir='ltr'><strong>τῶν</strong></span> <span class='ocrx_word' id='word_1_154' title='bbox 738 1987 1016 2060; x_wconf 80' lang='grc' dir='ltr'>λογισμῶν</span> <span class='ocrx_word' id='word_1_155' title='bbox 1057 1990 1320 2063; x_wconf 83' lang='grc' dir='ltr'><strong>ὑπάρχων</strong></span> <span class='ocrx_word' id='word_1_156' title='bbox 1350 1991 1462 2046; x_wconf 91' lang='grc' dir='ltr'><strong>τῶν</strong></span> <span class='ocrx_word' id='word_1_157' title='bbox 1509 1995 1684 2065; x_wconf 86' lang='grc' dir='ltr'>ἐμαυ-</span> 
     </span>
    </p>
   </div>
   <div class='ocr_carea' id='block_1_22' title="bbox 113 2069 1684 2156">
    <p class='ocr_par' dir='ltr' id='par_1_22' title="bbox 113 2069 1684 2156">
     <span class='ocr_line' id='line_1_22' title="bbox 113 2069 1684 2156; baseline 0.01 -32"><span class='ocrx_word' id='word_1_158' title='bbox 113 2069 225 2139; x_wconf 79' lang='grc' dir='ltr'>τοῦ,</span> <span class='ocrx_word' id='word_1_159' title='bbox 255 2074 407 2129; x_wconf 72' lang='grc' dir='ltr'>οὐδὲν</span> <span class='ocrx_word' id='word_1_160' title='bbox 436 2072 556 2132; x_wconf 82' lang='grc' dir='ltr'>οἶδα</span> <span class='ocrx_word' id='word_1_161' title='bbox 580 2079 813 2150; x_wconf 83' lang='grc' dir='ltr'>ποιήσας</span> <span class='ocrx_word' id='word_1_162' title='bbox 842 2080 1085 2136; x_wconf 78' lang='grc' dir='ltr'>τοιοῦτον</span> <span class='ocrx_word' id='word_1_163' title='bbox 1109 2125 1124 2149; x_wconf 93' lang='grc'><strong>,</strong></span> <span class='ocrx_word' id='word_1_164' title='bbox 1164 2084 1288 2137; x_wconf 79' lang='grc' dir='ltr'>οὐδὲ</span> <span class='ocrx_word' id='word_1_165' title='bbox 1320 2084 1684 2156; x_wconf 85' lang='grc' dir='ltr'>προελόμενος</span> 
     </span>
    </p>
   </div>
   <div class='ocr_carea' id='block_1_23' title="bbox 113 2163 1688 2248">
    <p class='ocr_par' dir='ltr' id='par_1_23' title="bbox 113 2163 1688 2248">
     <span class='ocr_line' id='line_1_23' title="bbox 113 2163 1688 2248; baseline 0.01 -31"><span class='ocrx_word' id='word_1_166' title='bbox 113 2163 197 2234; x_wconf 72' lang='grc' dir='ltr'>τὴν</span> <span class='ocrx_word' id='word_1_167' title='bbox 216 2169 405 2240; x_wconf 80' lang='grc' dir='ltr'>ἀρχήν.</span> <span class='ocrx_word' id='word_1_168' title='bbox 450 2170 596 2224; x_wconf 86' lang='grc' dir='ltr'>Ἀλλ’</span> <span class='ocrx_word' id='word_1_169' title='bbox 645 2174 820 2227; x_wconf 85' lang='grc' dir='ltr'>ἐκεῖνο</span> <span class='ocrx_word' id='word_1_170' title='bbox 863 2174 1064 2245; x_wconf 75' lang='grc' dir='ltr'>μᾶλλον</span> <span class='ocrx_word' id='word_1_171' title='bbox 1103 2175 1327 2248; x_wconf 77' lang='grc' dir='ltr'>ἐμαυτῷ</span> <span class='ocrx_word' id='word_1_172' title='bbox 1358 2178 1688 2232; x_wconf 73' lang='grc' dir='ltr'>συνεπίσταο</span> 
     </span>
    </p>
   </div>
   <div class='ocr_carea' id='block_1_24' title="bbox 115 2261 1686 2342">
    <p class='ocr_par' dir='ltr' id='par_1_24' title="bbox 115 2261 1686 2342">
     <span class='ocr_line' id='line_1_24' title="bbox 115 2261 1686 2342; baseline 0.009 -32"><span class='ocrx_word' id='word_1_173' title='bbox 115 2274 237 2323; x_wconf 80' lang='grc' dir='ltr'>μαι,</span> <span class='ocrx_word' id='word_1_174' title='bbox 276 2261 355 2314; x_wconf 83' lang='grc' dir='ltr'><strong>δτι</strong></span> <span class='ocrx_word' id='word_1_175' title='bbox 410 2264 476 2315; x_wconf 85' lang='grc' dir='ltr'><strong>ἐκ</strong></span> <span class='ocrx_word' id='word_1_176' title='bbox 530 2263 756 2336; x_wconf 77' lang='grc' dir='ltr'>πρώτης</span> <span class='ocrx_word' id='word_1_177' title='bbox 798 2266 1016 2338; x_wconf 75' lang='grc' dir='ltr'>ἡλικίας</span> <span class='ocrx_word' id='word_1_178' title='bbox 1050 2268 1396 2340; x_wconf 77' lang='grc' dir='ltr'>συνετράφην</span> <span class='ocrx_word' id='word_1_179' title='bbox 1430 2268 1508 2340; x_wconf 82' lang='grc' dir='ltr'><strong>τῷ</strong></span> <span class='ocrx_word' id='word_1_180' title='bbox 1556 2272 1686 2342; x_wconf 65' lang='grc' dir='ltr'>τπρὶ</span> 
     </span>
    </p>
   </div>
   <div class='ocr_carea' id='block_1_25' title="bbox 113 2347 1684 2432">
    <p class='ocr_par' dir='ltr' id='par_1_25' title="bbox 113 2347 1684 2432">
     <span class='ocr_line' id='line_1_25' title="bbox 113 2347 1684 2432; baseline 0.01 -33"><span class='ocrx_word' id='word_1_181' title='bbox 113 2347 256 2402; x_wconf 76' lang='grc' dir='ltr'>αὐτὸν</span> <span class='ocrx_word' id='word_1_182' title='bbox 300 2351 541 2424; x_wconf 74' lang='grc' dir='ltr'>φίλτρῳ,</span> <span class='ocrx_word' id='word_1_183' title='bbox 573 2354 668 2407; x_wconf 71' lang='grc' dir='ltr'><strong>καὶ</strong></span> <span class='ocrx_word' id='word_1_184' title='bbox 711 2355 1019 2412; x_wconf 75' lang='grc' dir='ltr'>ἀπέϐλεπον</span> <span class='ocrx_word' id='word_1_185' title='bbox 1058 2359 1197 2430; x_wconf 86' lang='grc' dir='ltr'>πρὸς</span> <span class='ocrx_word' id='word_1_186' title='bbox 1236 2359 1327 2414; x_wconf 85' lang='grc' dir='ltr'>τὸν</span> <span class='ocrx_word' id='word_1_187' title='bbox 1361 2360 1529 2432; x_wconf 78' lang='grc' dir='ltr'>ἄνδρα</span> <span class='ocrx_word' id='word_1_188' title='bbox 1555 2401 1570 2426; x_wconf 90' lang='grc'><strong>,</strong></span> <span class='ocrx_word' id='word_1_189' title='bbox 1607 2361 1684 2425; x_wconf 83' lang='grc' dir='ltr'>ὼς</span> 
     </span>
    </p>
   </div>
   <div class='ocr_carea' id='block_1_26' title="bbox 114 2437 1683 2520">
    <p class='ocr_par' dir='ltr' id='par_1_26' title="bbox 114 2437 1683 2520">
     <span class='ocr_line' id='line_1_26' title="bbox 114 2437 1683 2520; baseline 0.009 -29"><span class='ocrx_word' id='word_1_190' title='bbox 114 2437 200 2508; x_wconf 78' lang='grc' dir='ltr'>μὲν</span> <span class='ocrx_word' id='word_1_191' title='bbox 229 2442 462 2514; x_wconf 81' lang='grc' dir='ltr'>γεραρὸς</span> <span class='ocrx_word' id='word_1_192' title='bbox 518 2442 677 2504; x_wconf 80' lang='grc' dir='ltr'>ἰδεῖν,</span> <span class='ocrx_word' id='word_1_193' title='bbox 723 2443 800 2508; x_wconf 89' lang='grc' dir='ltr'>ὡς</span> <span class='ocrx_word' id='word_1_194' title='bbox 848 2445 906 2499; x_wconf 83' lang='grc' dir='ltr'>δὲ</span> <span class='ocrx_word' id='word_1_195' title='bbox 961 2447 1420 2520; x_wconf 78' lang='grc' dir='ltr'>μεγαλοπρεπὴς,</span> <span class='ocrx_word' id='word_1_196' title='bbox 1469 2450 1592 2504; x_wconf 85' lang='grc' dir='ltr'>ὅσον</span> <span class='ocrx_word' id='word_1_197' title='bbox 1625 2451 1683 2504; x_wconf 55' lang='grc' dir='ltr'>ἃ</span> 
     </span>
    </p>
   </div>
   <div class='ocr_carea' id='block_1_27' title="bbox 111 2525 1682 2611">
    <p class='ocr_par' dir='ltr' id='par_1_27' title="bbox 111 2525 1682 2611">
     <span class='ocr_line' id='line_1_27' title="bbox 111 2525 1682 2611; baseline 0.011 -33"><span class='ocrx_word' id='word_1_198' title='bbox 111 2525 233 2599; x_wconf 75' lang='grc' dir='ltr'>ἔχων</span> <span class='ocrx_word' id='word_1_199' title='bbox 257 2532 317 2585; x_wconf 80' lang='grc' dir='ltr'>τὸ</span> <span class='ocrx_word' id='word_1_200' title='bbox 346 2532 678 2604; x_wconf 82' lang='grc' dir='ltr'>ἱεροπρεπές</span> <span class='ocrx_word' id='word_1_201' title='bbox 709 2535 766 2587; x_wconf 82' lang='grc' dir='ltr'><strong>ἐν</strong></span> <span class='ocrx_word' id='word_1_202' title='bbox 791 2535 870 2606; x_wconf 80' lang='grc' dir='ltr'><strong>τῷ</strong></span> <span class='ocrx_word' id='word_1_203' title='bbox 898 2535 1052 2592; x_wconf 76' lang='grc' dir='ltr'>εῖδει.</span> <span class='ocrx_word' id='word_1_204' title='bbox 1103 2539 1258 2592; x_wconf 75' lang='grc' dir='ltr'>Ἐπεὶ</span> <span class='ocrx_word' id='word_1_205' title='bbox 1281 2539 1339 2592; x_wconf 87' lang='grc' dir='ltr'><strong>δέ</strong></span> <span class='ocrx_word' id='word_1_206' title='bbox 1371 2558 1461 2611; x_wconf 89' lang='grc' dir='ltr'><strong>μοι</strong></span> <span class='ocrx_word' id='word_1_207' title='bbox 1495 2540 1682 2596; x_wconf 82' lang='grc' dir='ltr'>λοιπὸν</span> 
     </span>
    </p>
   </div>
   <div class='ocr_carea' id='block_1_28' title="bbox 109 2622 1687 2704">
    <p class='ocr_par' dir='ltr' id='par_1_28' title="bbox 109 2622 1687 2704">
     <span class='ocr_line' id='line_1_28' title="bbox 109 2622 1687 2704; baseline 0.01 -30"><span class='ocrx_word' id='word_1_208' title='bbox 109 2622 190 2675; x_wconf 71' lang='grc' dir='ltr'>καὶ</span> <span class='ocrx_word' id='word_1_209' title='bbox 218 2625 244 2676; x_wconf 85' lang='grc' dir='ltr'><strong>ό</strong></span> <span class='ocrx_word' id='word_1_210' title='bbox 271 2623 428 2694; x_wconf 83' lang='grc' dir='ltr'>λόγος</span> <span class='ocrx_word' id='word_1_211' title='bbox 473 2629 656 2701; x_wconf 80' lang='grc' dir='ltr'>παρῆν</span> <span class='ocrx_word' id='word_1_212' title='bbox 680 2670 694 2694; x_wconf 91' lang='grc'><strong>,</strong></span> <span class='ocrx_word' id='word_1_213' title='bbox 724 2630 847 2684; x_wconf 89' lang='grc' dir='ltr'>τότε</span> <span class='ocrx_word' id='word_1_214' title='bbox 871 2629 934 2702; x_wconf 82' lang='grc' dir='ltr'>δὴ</span> <span class='ocrx_word' id='word_1_215' title='bbox 966 2631 1062 2683; x_wconf 76' lang='grc' dir='ltr'>καὶ</span> <span class='ocrx_word' id='word_1_216' title='bbox 1107 2631 1214 2684; x_wconf 78' lang='grc' dir='ltr'><strong>ἀπὸ</strong></span> <span class='ocrx_word' id='word_1_217' title='bbox 1242 2631 1352 2686; x_wconf 90' lang='grc' dir='ltr'><strong>τῶν</strong></span> <span class='ocrx_word' id='word_1_218' title='bbox 1379 2631 1482 2702; x_wconf 78' lang='grc' dir='ltr'>τῆς</span> <span class='ocrx_word' id='word_1_219' title='bbox 1501 2633 1687 2704; x_wconf 74' lang='grc' dir='ltr'>ψυχῆς</span> 
     </span>
    </p>
   </div>
   <div class='ocr_carea' id='block_1_29' title="bbox 111 2713 1678 2798">
    <p class='ocr_par' dir='ltr' id='par_1_29' title="bbox 111 2713 1678 2798">
     <span class='ocr_line' id='line_1_29' title="bbox 111 2713 1678 2798; baseline 0.008 -32"><span class='ocrx_word' id='word_1_220' title='bbox 111 2713 307 2782; x_wconf 81' lang='grc' dir='ltr'>ἀγαθῶν</span> <span class='ocrx_word' id='word_1_221' title='bbox 340 2718 508 2772; x_wconf 76' lang='grc' dir='ltr'>αὐτὸν</span> <span class='ocrx_word' id='word_1_222' title='bbox 544 2721 915 2790; x_wconf 84' lang='grc' dir='ltr'>ἐπεγίνωσκον</span> <span class='ocrx_word' id='word_1_223' title='bbox 942 2739 957 2754; x_wconf 82' lang='grc'><em>’</em></span> <span class='ocrx_word' id='word_1_224' title='bbox 1007 2723 1102 2777; x_wconf 72' lang='grc' dir='ltr'>καὶ</span> <span class='ocrx_word' id='word_1_225' title='bbox 1143 2723 1363 2796; x_wconf 78' lang='grc' dir='ltr'>ἔχαιρον</span> <span class='ocrx_word' id='word_1_226' title='bbox 1411 2725 1577 2779; x_wconf 82' lang='grc' dir='ltr'>αὐτοῦ</span> <span class='ocrx_word' id='word_1_227' title='bbox 1611 2729 1678 2798; x_wconf 80' lang='grc' dir='ltr'>τῇ</span> 
     </span>
    </p>
   </div>
   <div class='ocr_carea' id='block_1_30' title="bbox 108 2808 1678 2892">
    <p class='ocr_par' dir='ltr' id='par_1_30' title="bbox 108 2808 1678 2892">
     <span class='ocr_line' id='line_1_30' title="bbox 108 2808 1678 2892; baseline 0.011 -34"><span class='ocrx_word' id='word_1_228' title='bbox 108 2808 362 2880; x_wconf 74' lang='grc' dir='ltr'>συνουσίᾳ,</span> <span class='ocrx_word' id='word_1_229' title='bbox 388 2809 454 2864; x_wconf 82' lang='grc' dir='ltr'><strong>τδ</strong></span> <span class='ocrx_word' id='word_1_230' title='bbox 477 2812 681 2866; x_wconf 78' lang='grc' dir='ltr'>ἁπλοῦν</span> <span class='ocrx_word' id='word_1_231' title='bbox 713 2814 806 2868; x_wconf 70' lang='grc' dir='ltr'>καὶ</span> <span class='ocrx_word' id='word_1_232' title='bbox 834 2818 1081 2884; x_wconf 85' lang='grc' dir='ltr'>γενναῖον</span> <span class='ocrx_word' id='word_1_233' title='bbox 1113 2818 1208 2870; x_wconf 81' lang='grc' dir='ltr'>καὶ</span> <span class='ocrx_word' id='word_1_234' title='bbox 1237 2818 1546 2891; x_wconf 84' lang='grc' dir='ltr'>ἐλευθέριον</span> <span class='ocrx_word' id='word_1_235' title='bbox 1564 2820 1678 2892; x_wconf 68' lang='lat'><strong>(2‘2)</strong></span> 
     </span>
    </p>
   </div>
   <div class='ocr_carea' id='block_1_31' title="bbox 106 2898 1677 2982">
    <p class='ocr_par' dir='ltr' id='par_1_31' title="bbox 106 2898 1677 2982">
     <span class='ocr_line' id='line_1_31' title="bbox 106 2898 1677 2982; baseline 0.011 -32"><span class='ocrx_word' id='word_1_236' title='bbox 106 2898 201 2952; x_wconf 86' lang='grc' dir='ltr'><strong>τῶν</strong></span> <span class='ocrx_word' id='word_1_237' title='bbox 226 2903 445 2972; x_wconf 84' lang='grc' dir='ltr'>τρόπων</span> <span class='ocrx_word' id='word_1_238' title='bbox 477 2905 912 2978; x_wconf 84' lang='grc' dir='ltr'>καταμανθάνων</span> <span class='ocrx_word' id='word_1_239' title='bbox 938 2949 952 2974; x_wconf 94' lang='grc'><strong>,</strong></span> <span class='ocrx_word' id='word_1_240' title='bbox 994 2909 1087 2961; x_wconf 72' lang='grc' dir='ltr'>καὶ</span> <span class='ocrx_word' id='word_1_241' title='bbox 1127 2910 1228 2963; x_wconf 85' lang='grc' dir='ltr'>ὅσα</span> <span class='ocrx_word' id='word_1_242' title='bbox 1257 2910 1392 2965; x_wconf 81' lang='grc' dir='ltr'>ἄλλα</span> <span class='ocrx_word' id='word_1_243' title='bbox 1425 2912 1538 2982; x_wconf 72' lang='grc'><strong>(25)</strong></span> <span class='ocrx_word' id='word_1_244' title='bbox 1583 2914 1677 2968; x_wconf 73' lang='grc' dir='ltr'>τοῦ</span> 
     </span>
    </p>
   </div>
   <div class='ocr_carea' id='block_1_32' title="bbox 107 2991 1680 3077">
    <p class='ocr_par' dir='ltr' id='par_1_32' title="bbox 107 2991 1680 3077">
     <span class='ocr_line' id='line_1_32' title="bbox 107 2991 1680 3077; baseline 0.013 -36"><span class='ocrx_word' id='word_1_245' title='bbox 107 2991 276 3063; x_wconf 73' lang='grc' dir='ltr'>ἀνδρὸς</span> <span class='ocrx_word' id='word_1_246' title='bbox 305 2995 445 3061; x_wconf 82' lang='grc' dir='ltr'>ἴδια,</span> <span class='ocrx_word' id='word_1_247' title='bbox 478 2998 514 3067; x_wconf 84' lang='grc' dir='ltr'><strong>ἡ</strong></span> <span class='ocrx_word' id='word_1_248' title='bbox 544 2998 645 3069; x_wconf 85' lang='grc' dir='ltr'>τῆς</span> <span class='ocrx_word' id='word_1_249' title='bbox 677 2999 860 3070; x_wconf 63' lang='grc' dir='ltr'>ψυχῆς</span> <span class='ocrx_word' id='word_1_250' title='bbox 892 3001 1204 3072; x_wconf 83' lang='grc' dir='ltr'>ἡμερότης,</span> <span class='ocrx_word' id='word_1_251' title='bbox 1233 3003 1296 3056; x_wconf 85' lang='grc' dir='ltr'>τὸ</span> <span class='ocrx_word' id='word_1_252' title='bbox 1334 3005 1680 3077; x_wconf 83' lang='grc' dir='ltr'>μεγαλοφυές</span> 
     </span>
    </p>
   </div>
   <div class='ocr_carea' id='block_1_33' title="bbox 103 3085 1677 3168">
    <p class='ocr_par' dir='ltr' id='par_1_33' title="bbox 103 3085 1677 3168">
     <span class='ocr_line' id='line_1_33' title="bbox 103 3085 1677 3168; baseline 0.012 -35"><span class='ocrx_word' id='word_1_253' title='bbox 103 3098 152 3134; x_wconf 85' lang='grc' dir='ltr'><strong>τε</strong></span> <span class='ocrx_word' id='word_1_254' title='bbox 179 3085 307 3154; x_wconf 73' lang='grc' dir='ltr'>ὁμοῦ</span> <span class='ocrx_word' id='word_1_255' title='bbox 337 3089 434 3141; x_wconf 78' lang='grc' dir='ltr'>καὶ</span> <span class='ocrx_word' id='word_1_256' title='bbox 479 3091 658 3160; x_wconf 73' lang='grc' dir='ltr'>πρᾶον</span> <span class='ocrx_word' id='word_1_257' title='bbox 679 3131 694 3154; x_wconf 92' lang='grc'><strong>,</strong></span> <span class='ocrx_word' id='word_1_258' title='bbox 725 3090 786 3143; x_wconf 80' lang='grc' dir='ltr'>τὸ</span> <span class='ocrx_word' id='word_1_259' title='bbox 823 3092 1099 3164; x_wconf 78' lang='grc' dir='ltr'>εὐπρεπὲς</span> <span class='ocrx_word' id='word_1_260' title='bbox 1120 3136 1135 3160; x_wconf 89' lang='grc'><strong>,</strong></span> <span class='ocrx_word' id='word_1_261' title='bbox 1182 3094 1244 3148; x_wconf 79' lang='grc' dir='ltr'>τὸ</span> <span class='ocrx_word' id='word_1_262' title='bbox 1276 3096 1578 3168; x_wconf 84' lang='grc' dir='ltr'>ἀόργητον,</span> <span class='ocrx_word' id='word_1_263' title='bbox 1615 3099 1677 3152; x_wconf 86' lang='grc' dir='ltr'><strong>τὺ</strong></span> 
     </span>
    </p>
   </div>
   <div class='ocr_carea' id='block_1_34' title="bbox 1799 517 3384 590">
    <p class='ocr_par' dir='ltr' id='par_1_34' title="bbox 1799 517 3384 590">
     <span class='ocr_line' id='line_1_34' title="bbox 1799 517 3384 590; baseline 0.004 -21"><span class='ocrx_word' id='word_1_264' title='bbox 1799 518 2064 573; x_wconf 98' lang='lat' dir='ltr'><strong>ultionem</strong></span> <span class='ocrx_word' id='word_1_265' title='bbox 2100 520 2484 588; x_wconf 89' lang='lat' dir='ltr'><strong>permittentes</strong></span> <span class='ocrx_word' id='word_1_266' title='bbox 2538 517 2808 584; x_wconf 80' lang='lat' dir='ltr'><strong>Domino,</strong></span> <span class='ocrx_word' id='word_1_267' title='bbox 2845 521 2938 590; x_wconf 91' lang='lat' dir='ltr'><strong>qui</strong></span> <span class='ocrx_word' id='word_1_268' title='bbox 2974 536 3078 578; x_wconf 87' lang='lat' dir='ltr'><strong>nos</strong></span> <span class='ocrx_word' id='word_1_269' title='bbox 3128 537 3237 578; x_wconf 88' lang='lat' dir='ltr'><strong>non</strong></span> <span class='ocrx_word' id='word_1_270' title='bbox 3285 521 3384 577; x_wconf 86' lang='lat' dir='ltr'><strong>de-</strong></span> 
     </span>
    </p>
   </div>
   <div class='ocr_carea' id='block_1_35' title="bbox 1797 607 3385 681">
    <p class='ocr_par' dir='ltr' id='par_1_35' title="bbox 1797 607 3385 681">
     <span class='ocr_line' id='line_1_35' title="bbox 1797 607 3385 681; baseline 0.001 -17"><span class='ocrx_word' id='word_1_271' title='bbox 1797 609 2014 678; x_wconf 83' lang='lat' dir='ltr'><strong>Spiciet.</strong></span> <span class='ocrx_word' id='word_1_272' title='bbox 2072 607 2216 664; x_wconf 86' lang='lat' dir='ltr'><strong>Nam</strong></span> <span class='ocrx_word' id='word_1_273' title='bbox 2269 611 2359 680; x_wconf 79' lang='lat' dir='ltr'><strong>qui</strong></span> <span class='ocrx_word' id='word_1_274' title='bbox 2431 610 2797 664; x_wconf 83' lang='lat' dir='ltr'><strong>calumniatur</strong></span> <span class='ocrx_word' id='word_1_275' title='bbox 2840 625 3156 681; x_wconf 79' lang='lat' dir='ltr'><strong>pauperem,</strong></span> <span class='ocrx_word' id='word_1_276' title='bbox 3205 613 3385 667; x_wconf 77' lang='lat' dir='ltr'><strong>irr‘t’tat</strong></span> 
     </span>
    </p>
   </div>
   <div class='ocr_carea' id='block_1_36' title="bbox 1795 699 3384 770">
    <p class='ocr_par' dir='ltr' id='par_1_36' title="bbox 1795 699 3384 770">
     <span class='ocr_line' id='line_1_36' title="bbox 1795 699 3384 770; baseline 0.003 -18"><span class='ocrx_word' id='word_1_277' title='bbox 1795 700 1965 767; x_wconf 75' lang='lat' dir='ltr'><strong>ipsius</strong></span> <span class='ocrx_word' id='word_1_278' title='bbox 2010 700 2366 755; x_wconf 60' lang='lat' dir='ltr'><strong>Conditorem</strong></span> <span class='ocrx_word' id='word_1_279' title='bbox 2398 700 2465 757; x_wconf 76' lang='lat'><strong>“.</strong></span> <span class='ocrx_word' id='word_1_280' title='bbox 2509 699 2781 755; x_wconf 71' lang='lat' dir='ltr'><strong>Cancrum</strong></span> <span class='ocrx_word' id='word_1_281' title='bbox 2835 703 2932 770; x_wconf 89' lang='lat' dir='ltr'><strong>qui</strong></span> <span class='ocrx_word' id='word_1_282' title='bbox 2984 715 3182 756; x_wconf 87' lang='lat' dir='ltr'><strong>novam</strong></span> <span class='ocrx_word' id='word_1_283' title='bbox 3234 703 3384 757; x_wconf 83' lang='lat' dir='ltr'><strong>illam</strong></span> 
     </span>
    </p>
   </div>
   <div class='ocr_carea' id='block_1_37' title="bbox 1792 789 3382 862">
    <p class='ocr_par' dir='ltr' id='par_1_37' title="bbox 1792 789 3382 862">
     <span class='ocr_line' id='line_1_37' title="bbox 1792 789 3382 862; baseline 0.003 -18"><span class='ocrx_word' id='word_1_284' title='bbox 1792 789 2154 862; x_wconf 65' lang='lat' dir='ltr'><strong>blasphemiae</strong></span> <span class='ocrx_word' id='word_1_285' title='bbox 2186 791 2426 848; x_wconf 86' lang='lat' dir='ltr'><strong>fabulam</strong></span> <span class='ocrx_word' id='word_1_286' title='bbox 2477 792 2772 848; x_wconf 87' lang='lat' dir='ltr'><strong>adversum</strong></span> <span class='ocrx_word' id='word_1_287' title='bbox 2808 809 2910 848; x_wconf 90' lang='lat' dir='ltr'><strong>nos</strong></span> <span class='ocrx_word' id='word_1_288' title='bbox 2956 795 3382 856; x_wconf 85' lang='lat' dir='ltr'><strong>coneinnarunt.</strong></span> 
     </span>
    </p>
   </div>
   <div class='ocr_carea' id='block_1_38' title="bbox 1793 885 3383 960">
    <p class='ocr_par' dir='ltr' id='par_1_38' title="bbox 1793 885 3383 960">
     <span class='ocr_line' id='line_1_38' title="bbox 1793 885 3383 960; baseline 0.003 -20"><span class='ocrx_word' id='word_1_289' title='bbox 1793 885 2052 941; x_wconf 88' lang='lat' dir='ltr'><strong>videntur</strong></span> <span class='ocrx_word' id='word_1_290' title='bbox 2072 887 2299 942; x_wconf 90' lang='lat' dir='ltr'><strong>omnino</strong></span> <span class='ocrx_word' id='word_1_291' title='bbox 2326 903 2434 942; x_wconf 91' lang='lat' dir='ltr'><strong>non</strong></span> <span class='ocrx_word' id='word_1_292' title='bbox 2461 888 2686 942; x_wconf 87' lang='lat' dir='ltr'><strong>credere</strong></span> <span class='ocrx_word' id='word_1_293' title='bbox 2713 887 2966 954; x_wconf 86' lang='lat' dir='ltr'><strong>Domino,</strong></span> <span class='ocrx_word' id='word_1_294' title='bbox 3001 889 3092 960; x_wconf 88' lang='lat' dir='ltr'><strong>qui</strong></span> <span class='ocrx_word' id='word_1_295' title='bbox 3119 890 3383 945; x_wconf 85' lang='lat' dir='ltr'><strong>rationem</strong></span> 
     </span>
    </p>
   </div>
   <div class='ocr_carea' id='block_1_39' title="bbox 1796 980 3386 1050">
    <p class='ocr_par' dir='ltr' id='par_1_39' title="bbox 1796 980 3386 1050">
     <span class='ocr_line' id='line_1_39' title="bbox 1796 980 3386 1050; baseline 0.001 -16"><span class='ocrx_word' id='word_1_296' title='bbox 1796 994 1900 1034; x_wconf 86' lang='lat' dir='ltr'><strong>nos</strong></span> <span class='ocrx_word' id='word_1_297' title='bbox 1943 980 1998 1034; x_wconf 91' lang='lat' dir='ltr'><strong>in</strong></span> <span class='ocrx_word' id='word_1_298' title='bbox 2034 981 2122 1035; x_wconf 89' lang='lat' dir='ltr'><strong>die</strong></span> <span class='ocrx_word' id='word_1_299' title='bbox 2173 981 2368 1050; x_wconf 89' lang='lat' dir='ltr'><strong>judicii</strong></span> <span class='ocrx_word' id='word_1_300' title='bbox 2406 982 2490 1036; x_wconf 93' lang='lat' dir='ltr'><strong>vel</strong></span> <span class='ocrx_word' id='word_1_301' title='bbox 2525 981 2594 1036; x_wconf 87' lang='lat' dir='ltr'><strong>de</strong></span> <span class='ocrx_word' id='word_1_302' title='bbox 2625 981 2806 1035; x_wconf 90' lang='lat' dir='ltr'><strong>otioso</strong></span> <span class='ocrx_word' id='word_1_303' title='bbox 2852 980 3021 1036; x_wconf 88' lang='lat' dir='ltr'><strong>verbo</strong></span> <span class='ocrx_word' id='word_1_304' title='bbox 3072 981 3386 1036; x_wconf 80' lang='lat' dir='ltr'><strong>reddituros</strong></span> 
     </span>
    </p>
   </div>
   <div class='ocr_carea' id='block_1_40' title="bbox 1791 1070 3384 1146">
    <p class='ocr_par' dir='ltr' id='par_1_40' title="bbox 1791 1070 3384 1146">
     <span class='ocr_line' id='line_1_40' title="bbox 1791 1070 3384 1146; baseline 0.002 -21"><span class='ocrx_word' id='word_1_305' title='bbox 1791 1073 2258 1141; x_wconf 79' lang='lat' dir='ltr'><strong>pronuntiavit&quot;.</strong></span> <span class='ocrx_word' id='word_1_306' title='bbox 2293 1070 2390 1127; x_wconf 91' lang='lat' dir='ltr'><strong>Dic</strong></span> <span class='ocrx_word' id='word_1_307' title='bbox 2420 1083 2625 1138; x_wconf 87' lang='lat' dir='ltr'><strong>autem,</strong></span> <span class='ocrx_word' id='word_1_308' title='bbox 2669 1089 2877 1143; x_wconf 68' lang='lat' dir='ltr'><strong>quzeso,</strong></span> <span class='ocrx_word' id='word_1_309' title='bbox 2928 1090 3101 1146; x_wconf 75' lang='lat' dir='ltr'><strong>egone</strong></span> <span class='ocrx_word' id='word_1_310' title='bbox 3131 1075 3384 1130; x_wconf 87' lang='lat' dir='ltr'><strong>beatissi-</strong></span> 
     </span>
    </p>
   </div>
   <div class='ocr_carea' id='block_1_41' title="bbox 1791 1162 3383 1223">
    <p class='ocr_par' dir='ltr' id='par_1_41' title="bbox 1791 1162 3383 1223">
     <span class='ocr_line' id='line_1_41' title="bbox 1791 1162 3383 1223; baseline 0.003 -7"><span class='ocrx_word' id='word_1_311' title='bbox 1791 1177 1942 1216; x_wconf 89' lang='lat' dir='ltr'><strong>mum</strong></span> <span class='ocrx_word' id='word_1_312' title='bbox 1981 1162 2236 1218; x_wconf 78' lang='lat' dir='ltr'><strong>Dianium</strong></span> <span class='ocrx_word' id='word_1_313' title='bbox 2271 1165 2771 1220; x_wconf 80' lang='lat' dir='ltr'><strong>anathematizavi?</strong></span> <span class='ocrx_word' id='word_1_314' title='bbox 2805 1164 2920 1220; x_wconf 85' lang='lat' dir='ltr'><strong>Hoc</strong></span> <span class='ocrx_word' id='word_1_315' title='bbox 2954 1168 3101 1221; x_wconf 91' lang='lat' dir='ltr'><strong>enim</strong></span> <span class='ocrx_word' id='word_1_316' title='bbox 3131 1167 3200 1220; x_wconf 89' lang='lat' dir='ltr'><strong>de</strong></span> <span class='ocrx_word' id='word_1_317' title='bbox 3225 1167 3383 1223; x_wconf 90' lang='lat' dir='ltr'><strong>nobis</strong></span> 
     </span>
    </p>
   </div>
   <div class='ocr_carea' id='block_1_42' title="bbox 1791 1253 3384 1330">
    <p class='ocr_par' dir='ltr' id='par_1_42' title="bbox 1791 1253 3384 1330">
     <span class='ocr_line' id='line_1_42' title="bbox 1791 1253 3384 1330; baseline 0.001 -20"><span class='ocrx_word' id='word_1_318' title='bbox 1791 1253 2140 1310; x_wconf 86' lang='lat' dir='ltr'><strong>dictitarunt.</strong></span> <span class='ocrx_word' id='word_1_319' title='bbox 2176 1254 2321 1310; x_wconf 84' lang='lat' dir='ltr'><strong>Ubi?</strong></span> <span class='ocrx_word' id='word_1_320' title='bbox 2355 1257 2438 1310; x_wconf 87' lang='lat' dir='ltr'><strong>vel</strong></span> <span class='ocrx_word' id='word_1_321' title='bbox 2482 1256 2746 1327; x_wconf 86' lang='lat' dir='ltr'><strong>quando?</strong></span> <span class='ocrx_word' id='word_1_322' title='bbox 2776 1272 2962 1312; x_wconf 88' lang='lat' dir='ltr'><strong>coram</strong></span> <span class='ocrx_word' id='word_1_323' title='bbox 2999 1259 3240 1329; x_wconf 85' lang='lat' dir='ltr'><strong>quibus?</strong></span> <span class='ocrx_word' id='word_1_324' title='bbox 3270 1275 3384 1330; x_wconf 92' lang='lat' dir='ltr'><strong>quo</strong></span> 
     </span>
    </p>
   </div>
   <div class='ocr_carea' id='block_1_43' title="bbox 1794 1345 3382 1418">
    <p class='ocr_par' dir='ltr' id='par_1_43' title="bbox 1794 1345 3382 1418">
     <span class='ocr_line' id='line_1_43' title="bbox 1794 1345 3382 1418; baseline 0.005 -22"><span class='ocrx_word' id='word_1_325' title='bbox 1794 1345 2107 1413; x_wconf 59' lang='lat' dir='ltr'><strong>praetextu?</strong></span> <span class='ocrx_word' id='word_1_326' title='bbox 2160 1345 2326 1400; x_wconf 87' lang='lat' dir='ltr'><strong>nudis</strong></span> <span class='ocrx_word' id='word_1_327' title='bbox 2368 1347 2573 1411; x_wconf 90' lang='lat' dir='ltr'><strong>verbis,</strong></span> <span class='ocrx_word' id='word_1_328' title='bbox 2624 1361 2695 1401; x_wconf 90' lang='lat' dir='ltr'><strong>an</strong></span> <span class='ocrx_word' id='word_1_329' title='bbox 2744 1348 2995 1418; x_wconf 85' lang='lat' dir='ltr'><strong>scripto?</strong></span> <span class='ocrx_word' id='word_1_330' title='bbox 3041 1350 3180 1404; x_wconf 91' lang='lat' dir='ltr'><strong>alios</strong></span> <span class='ocrx_word' id='word_1_331' title='bbox 3209 1348 3382 1404; x_wconf 87' lang='lat' dir='ltr'><strong>duces</strong></span> 
     </span>
    </p>
   </div>
   <div class='ocr_carea' id='block_1_44' title="bbox 1792 1437 3384 1509">
    <p class='ocr_par' dir='ltr' id='par_1_44' title="bbox 1792 1437 3384 1509">
     <span class='ocr_line' id='line_1_44' title="bbox 1792 1437 3384 1509; baseline 0.005 -18"><span class='ocrx_word' id='word_1_332' title='bbox 1792 1451 2052 1507; x_wconf 88' lang='lat' dir='ltr'><strong>sequens,</strong></span> <span class='ocrx_word' id='word_1_333' title='bbox 2102 1451 2169 1491; x_wconf 89' lang='lat' dir='ltr'><strong>an</strong></span> <span class='ocrx_word' id='word_1_334' title='bbox 2205 1437 2323 1508; x_wconf 90' lang='lat' dir='ltr'><strong>ipse</strong></span> <span class='ocrx_word' id='word_1_335' title='bbox 2364 1439 2639 1509; x_wconf 85' lang='lat' dir='ltr'><strong>incoeptur</strong></span> <span class='ocrx_word' id='word_1_336' title='bbox 2667 1447 2722 1495; x_wconf 88' lang='lat' dir='ltr'><strong>et</strong></span> <span class='ocrx_word' id='word_1_337' title='bbox 2762 1448 2962 1496; x_wconf 88' lang='lat' dir='ltr'><strong>auctor</strong></span> <span class='ocrx_word' id='word_1_338' title='bbox 2993 1440 3304 1498; x_wconf 83' lang='lat' dir='ltr'><strong>facinoris?</strong></span> <span class='ocrx_word' id='word_1_339' title='bbox 3336 1441 3384 1499; x_wconf 91' lang='grc' dir='ltr'>Ο</span> 
     </span>
    </p>
   </div>
   <div class='ocr_carea' id='block_1_45' title="bbox 1790 1523 3376 1604">
    <p class='ocr_par' dir='ltr' id='par_1_45' title="bbox 1790 1523 3376 1604">
     <span class='ocr_line' id='line_1_45' title="bbox 1790 1523 3376 1604; baseline 0.006 -22"><span class='ocrx_word' id='word_1_340' title='bbox 1790 1527 2185 1598; x_wconf 90' lang='lat' dir='ltr'><strong>impudentiam</strong></span> <span class='ocrx_word' id='word_1_341' title='bbox 2229 1532 2512 1585; x_wconf 82' lang='lat' dir='ltr'><strong>hominum</strong></span> <span class='ocrx_word' id='word_1_342' title='bbox 2549 1532 2737 1587; x_wconf 85' lang='lat' dir='ltr'><strong>omnia</strong></span> <span class='ocrx_word' id='word_1_343' title='bbox 2771 1523 2945 1588; x_wconf 77' lang='lat' dir='ltr'><strong>facile</strong></span> <span class='ocrx_word' id='word_1_344' title='bbox 2994 1533 3376 1604; x_wconf 77' lang='lat' dir='ltr'><strong>loquentium!</strong></span> 
     </span>
    </p>
   </div>
   <div class='ocr_carea' id='block_1_46' title="bbox 1791 1618 3379 1692">
    <p class='ocr_par' dir='ltr' id='par_1_46' title="bbox 1791 1618 3379 1692">
     <span class='ocr_line' id='line_1_46' title="bbox 1791 1618 3379 1692; baseline 0.006 -19"><span class='ocrx_word' id='word_1_345' title='bbox 1791 1618 1836 1674; x_wconf 95' lang='lat'><strong>0</strong></span> <span class='ocrx_word' id='word_1_346' title='bbox 1884 1628 2258 1691; x_wconf 89' lang='lat' dir='ltr'><strong>contemptum</strong></span> <span class='ocrx_word' id='word_1_347' title='bbox 2307 1623 2644 1692; x_wconf 73' lang='lat' dir='ltr'><strong>iudiciorum</strong></span> <span class='ocrx_word' id='word_1_348' title='bbox 2676 1622 2809 1679; x_wconf 82' lang='lat' dir='ltr'><strong>Dei!</strong></span> <span class='ocrx_word' id='word_1_349' title='bbox 2865 1623 2984 1680; x_wconf 85' lang='lat' dir='ltr'><strong>Nisi</strong></span> <span class='ocrx_word' id='word_1_350' title='bbox 3037 1624 3177 1682; x_wconf 89' lang='lat' dir='ltr'><strong>forte</strong></span> <span class='ocrx_word' id='word_1_351' title='bbox 3223 1640 3379 1683; x_wconf 85' lang='lat' dir='ltr'><strong>com-</strong></span> 
     </span>
    </p>
   </div>
   <div class='ocr_carea' id='block_1_47' title="bbox 1788 1704 3433 1785">
    <p class='ocr_par' dir='ltr' id='par_1_47' title="bbox 1788 1704 3433 1785">
     <span class='ocr_line' id='line_1_47' title="bbox 1788 1704 3433 1785; baseline 0.005 -21"><span class='ocrx_word' id='word_1_352' title='bbox 1788 1719 1975 1765; x_wconf 90' lang='lat' dir='ltr'><strong>mento</strong></span> <span class='ocrx_word' id='word_1_353' title='bbox 2005 1726 2106 1766; x_wconf 90' lang='lat' dir='ltr'><strong>suo</strong></span> <span class='ocrx_word' id='word_1_354' title='bbox 2137 1711 2280 1766; x_wconf 91' lang='lat' dir='ltr'><strong>hanc</strong></span> <span class='ocrx_word' id='word_1_355' title='bbox 2308 1714 2472 1768; x_wconf 84' lang='lat' dir='ltr'><strong>etiam</strong></span> <span class='ocrx_word' id='word_1_356' title='bbox 2505 1715 2832 1785; x_wconf 78' lang='lat' dir='ltr'><strong>tragoediam</strong></span> <span class='ocrx_word' id='word_1_357' title='bbox 2864 1716 3145 1785; x_wconf 81' lang='lat' dir='ltr'><strong>adjicient,</strong></span> <span class='ocrx_word' id='word_1_358' title='bbox 3173 1716 3379 1773; x_wconf 90' lang='lat' dir='ltr'><strong>factum</strong></span> <span class='ocrx_word' id='word_1_359' title='bbox 3425 1704 3433 1710; x_wconf 68' lang='grc'><strong>’</strong></span> 
     </span>
    </p>
   </div>
   <div class='ocr_carea' id='block_1_48' title="bbox 1719 1793 3382 1880">
    <p class='ocr_par' dir='ltr' id='par_1_48' title="bbox 1719 1793 3382 1880">
     <span class='ocr_line' id='line_1_48' title="bbox 1719 1793 3382 1880; baseline 0.003 -21"><span class='ocrx_word' id='word_1_360' title='bbox 1719 1793 1763 1847; x_wconf 85' lang='grc' dir='ltr'>Β</span> <span class='ocrx_word' id='word_1_361' title='bbox 1790 1819 1878 1859; x_wconf 88' lang='lat' dir='ltr'><strong>me</strong></span> <span class='ocrx_word' id='word_1_362' title='bbox 1924 1819 2049 1860; x_wconf 89' lang='lat' dir='ltr'><strong>esse</strong></span> <span class='ocrx_word' id='word_1_363' title='bbox 2100 1805 2399 1878; x_wconf 87' lang='lat' dir='ltr'><strong>aliquando</strong></span> <span class='ocrx_word' id='word_1_364' title='bbox 2434 1807 2508 1862; x_wconf 90' lang='lat' dir='ltr'><strong>ita</strong></span> <span class='ocrx_word' id='word_1_365' title='bbox 2545 1808 2892 1873; x_wconf 83' lang='lat' dir='ltr'><strong>dementem,</strong></span> <span class='ocrx_word' id='word_1_366' title='bbox 2933 1816 2992 1863; x_wconf 91' lang='lat' dir='ltr'><strong>ut</strong></span> <span class='ocrx_word' id='word_1_367' title='bbox 3036 1823 3157 1864; x_wconf 87' lang='lat' dir='ltr'><strong>mea</strong></span> <span class='ocrx_word' id='word_1_368' title='bbox 3209 1810 3382 1880; x_wconf 79' lang='lat' dir='ltr'><strong>ipsius</strong></span> 
     </span>
    </p>
   </div>
   <div class='ocr_carea' id='block_1_49' title="bbox 1786 1898 3379 1971">
    <p class='ocr_par' dir='ltr' id='par_1_49' title="bbox 1786 1898 3379 1971">
     <span class='ocr_line' id='line_1_49' title="bbox 1786 1898 3379 1971; baseline 0.001 -19"><span class='ocrx_word' id='word_1_369' title='bbox 1786 1898 1953 1954; x_wconf 85' lang='lat' dir='ltr'><strong>verba</strong></span> <span class='ocrx_word' id='word_1_370' title='bbox 1989 1914 2098 1954; x_wconf 92' lang='lat' dir='ltr'><strong>non</strong></span> <span class='ocrx_word' id='word_1_371' title='bbox 2153 1914 2465 1956; x_wconf 89' lang='lat' dir='ltr'><strong>noscerem.</strong></span> <span class='ocrx_word' id='word_1_372' title='bbox 2521 1899 2667 1955; x_wconf 86' lang='lat' dir='ltr'><strong>Nihil</strong></span> <span class='ocrx_word' id='word_1_373' title='bbox 2703 1901 2850 1956; x_wconf 91' lang='lat' dir='ltr'><strong>enim</strong></span> <span class='ocrx_word' id='word_1_374' title='bbox 2903 1899 3214 1971; x_wconf 86' lang='lat' dir='ltr'><strong>ejusmodi,</strong></span> <span class='ocrx_word' id='word_1_375' title='bbox 3247 1900 3379 1956; x_wconf 87' lang='lat' dir='ltr'><strong>dum</strong></span> 
     </span>
    </p>
   </div>
   <div class='ocr_carea' id='block_1_50' title="bbox 1786 1991 3378 2063">
    <p class='ocr_par' dir='ltr' id='par_1_50' title="bbox 1786 1991 3378 2063">
     <span class='ocr_line' id='line_1_50' title="bbox 1786 1991 3378 2063; baseline 0.003 -18"><span class='ocrx_word' id='word_1_376' title='bbox 1786 1991 2023 2047; x_wconf 86' lang='lat' dir='ltr'><strong>rationis</strong></span> <span class='ocrx_word' id='word_1_377' title='bbox 2061 2006 2291 2063; x_wconf 83' lang='lat' dir='ltr'><strong>compos</strong></span> <span class='ocrx_word' id='word_1_378' title='bbox 2328 1991 2428 2057; x_wconf 88' lang='lat' dir='ltr'><strong>fui,</strong></span> <span class='ocrx_word' id='word_1_379' title='bbox 2465 2000 2562 2047; x_wconf 89' lang='lat' dir='ltr'><strong>aut</strong></span> <span class='ocrx_word' id='word_1_380' title='bbox 2594 1991 2794 2048; x_wconf 87' lang='lat' dir='ltr'><strong>fecisse</strong></span> <span class='ocrx_word' id='word_1_381' title='bbox 2825 2007 2913 2048; x_wconf 93' lang='lat' dir='ltr'><strong>me</strong></span> <span class='ocrx_word' id='word_1_382' title='bbox 2954 1993 3096 2059; x_wconf 92' lang='lat' dir='ltr'><strong>scio,</strong></span> <span class='ocrx_word' id='word_1_383' title='bbox 3127 2002 3221 2049; x_wconf 90' lang='lat' dir='ltr'><strong>aut</strong></span> <span class='ocrx_word' id='word_1_384' title='bbox 3255 2007 3378 2049; x_wconf 89' lang='lat' dir='ltr'><strong>om-</strong></span> 
     </span>
    </p>
   </div>
   <div class='ocr_carea' id='block_1_51' title="bbox 1783 2080 3378 2154">
    <p class='ocr_par' dir='ltr' id='par_1_51' title="bbox 1783 2080 3378 2154">
     <span class='ocr_line' id='line_1_51' title="bbox 1783 2080 3378 2154; baseline 0.002 -17"><span class='ocrx_word' id='word_1_385' title='bbox 1783 2081 1918 2137; x_wconf 87' lang='lat' dir='ltr'><strong>nino</strong></span> <span class='ocrx_word' id='word_1_386' title='bbox 1968 2080 2152 2138; x_wconf 85' lang='lat' dir='ltr'><strong>facere</strong></span> <span class='ocrx_word' id='word_1_387' title='bbox 2203 2083 2466 2138; x_wconf 85' lang='lat' dir='ltr'><strong>voluisse.</strong></span> <span class='ocrx_word' id='word_1_388' title='bbox 2504 2081 2610 2138; x_wconf 86' lang='lat' dir='ltr'><strong>Sed</strong></span> <span class='ocrx_word' id='word_1_389' title='bbox 2668 2083 2852 2153; x_wconf 87' lang='lat' dir='ltr'><strong>potius</strong></span> <span class='ocrx_word' id='word_1_390' title='bbox 2896 2083 3031 2138; x_wconf 90' lang='lat' dir='ltr'><strong>mihi</strong></span> <span class='ocrx_word' id='word_1_391' title='bbox 3081 2083 3247 2154; x_wconf 88' lang='lat' dir='ltr'><strong>hujus</strong></span> <span class='ocrx_word' id='word_1_392' title='bbox 3297 2085 3378 2140; x_wconf 88' lang='lat' dir='ltr'><strong>rei</strong></span> 
     </span>
    </p>
   </div>
   <div class='ocr_carea' id='block_1_52' title="bbox 1785 2173 3381 2236">
    <p class='ocr_par' dir='ltr' id='par_1_52' title="bbox 1785 2173 3381 2236">
     <span class='ocr_line' id='line_1_52' title="bbox 1785 2173 3381 2236; baseline 0.004 -8"><span class='ocrx_word' id='word_1_393' title='bbox 1785 2173 2049 2228; x_wconf 89' lang='lat' dir='ltr'><strong>conscius</strong></span> <span class='ocrx_word' id='word_1_394' title='bbox 2075 2188 2220 2236; x_wconf 91' lang='lat' dir='ltr'><strong>sum,</strong></span> <span class='ocrx_word' id='word_1_395' title='bbox 2239 2189 2328 2229; x_wconf 89' lang='lat' dir='ltr'><strong>me</strong></span> <span class='ocrx_word' id='word_1_396' title='bbox 2355 2173 2423 2228; x_wconf 90' lang='lat' dir='ltr'><strong>ab</strong></span> <span class='ocrx_word' id='word_1_397' title='bbox 2451 2174 2674 2228; x_wconf 89' lang='lat' dir='ltr'><strong>ineunte</strong></span> <span class='ocrx_word' id='word_1_398' title='bbox 2695 2181 2858 2229; x_wconf 73' lang='lat' dir='ltr'><strong>:etate</strong></span> <span class='ocrx_word' id='word_1_399' title='bbox 2881 2175 3174 2230; x_wconf 89' lang='lat' dir='ltr'><strong>educatum</strong></span> <span class='ocrx_word' id='word_1_400' title='bbox 3206 2175 3381 2234; x_wconf 79' lang='lat' dir='ltr'><strong>fuisse</strong></span> 
     </span>
    </p>
   </div>
   <div class='ocr_carea' id='block_1_53' title="bbox 1784 2265 3377 2338">
    <p class='ocr_par' dir='ltr' id='par_1_53' title="bbox 1784 2265 3377 2338">
     <span class='ocr_line' id='line_1_53' title="bbox 1784 2265 3377 2338; baseline 0.002 -18"><span class='ocrx_word' id='word_1_401' title='bbox 1784 2265 1842 2320; x_wconf 93' lang='lat' dir='ltr'><strong>in</strong></span> <span class='ocrx_word' id='word_1_402' title='bbox 1888 2267 2038 2322; x_wconf 88' lang='lat' dir='ltr'><strong>illius</strong></span> <span class='ocrx_word' id='word_1_403' title='bbox 2088 2281 2310 2331; x_wconf 90' lang='lat' dir='ltr'><strong>amore,</strong></span> <span class='ocrx_word' id='word_1_404' title='bbox 2365 2275 2420 2321; x_wconf 88' lang='lat' dir='ltr'><strong>et</strong></span> <span class='ocrx_word' id='word_1_405' title='bbox 2475 2266 2744 2320; x_wconf 90' lang='lat' dir='ltr'><strong>intuendo</strong></span> <span class='ocrx_word' id='word_1_406' title='bbox 2777 2265 3166 2322; x_wconf 88' lang='lat' dir='ltr'><strong>considerasse</strong></span> <span class='ocrx_word' id='word_1_407' title='bbox 3211 2281 3377 2338; x_wconf 87' lang='lat' dir='ltr'><strong>quam</strong></span> 
     </span>
    </p>
   </div>
   <div class='ocr_carea' id='block_1_54' title="bbox 1784 2357 3380 2429">
    <p class='ocr_par' dir='ltr' id='par_1_54' title="bbox 1784 2357 3380 2429">
     <span class='ocr_line' id='line_1_54' title="bbox 1784 2357 3380 2429; baseline 0.002 -17"><span class='ocrx_word' id='word_1_408' title='bbox 1784 2366 1932 2413; x_wconf 86' lang='lat' dir='ltr'><strong>esset</strong></span> <span class='ocrx_word' id='word_1_409' title='bbox 1963 2358 2052 2414; x_wconf 89' lang='lat' dir='ltr'><strong>ille</strong></span> <span class='ocrx_word' id='word_1_410' title='bbox 2074 2359 2160 2413; x_wconf 90' lang='lat' dir='ltr'><strong>vir</strong></span> <span class='ocrx_word' id='word_1_411' title='bbox 2195 2367 2426 2429; x_wconf 87' lang='lat' dir='ltr'><strong>aspectu</strong></span> <span class='ocrx_word' id='word_1_412' title='bbox 2458 2357 2814 2422; x_wconf 89' lang='lat' dir='ltr'><strong>venerabilis,</strong></span> <span class='ocrx_word' id='word_1_413' title='bbox 2853 2365 3058 2428; x_wconf 90' lang='lat' dir='ltr'><strong>quanta</strong></span> <span class='ocrx_word' id='word_1_414' title='bbox 3090 2357 3380 2428; x_wconf 83' lang='lat' dir='ltr'><strong>majestate</strong></span> 
     </span>
    </p>
   </div>
   <div class='ocr_carea' id='block_1_55' title="bbox 1784 2450 3378 2522">
    <p class='ocr_par' dir='ltr' id='par_1_55' title="bbox 1784 2450 3378 2522">
     <span class='ocr_line' id='line_1_55' title="bbox 1784 2450 3378 2522; baseline 0.002 -19"><span class='ocrx_word' id='word_1_415' title='bbox 1784 2452 2068 2522; x_wconf 79' lang='lat' dir='ltr'><strong>praeditus,</strong></span> <span class='ocrx_word' id='word_1_416' title='bbox 2097 2462 2366 2522; x_wconf 90' lang='lat' dir='ltr'><strong>quantum</strong></span> <span class='ocrx_word' id='word_1_417' title='bbox 2402 2450 2688 2522; x_wconf 81' lang='lat' dir='ltr'><strong>dignitatis</strong></span> <span class='ocrx_word' id='word_1_418' title='bbox 2721 2450 3081 2506; x_wconf 87' lang='lat' dir='ltr'><strong>sacerdotalis</strong></span> <span class='ocrx_word' id='word_1_419' title='bbox 3108 2465 3205 2507; x_wconf 87' lang='lat' dir='ltr'><strong>ore</strong></span> <span class='ocrx_word' id='word_1_420' title='bbox 3233 2466 3378 2522; x_wconf 82' lang='lat' dir='ltr'><strong>prae-</strong></span> 
     </span>
    </p>
   </div>
   <div class='ocr_carea' id='block_1_56' title="bbox 1783 2541 3378 2615">
    <p class='ocr_par' dir='ltr' id='par_1_56' title="bbox 1783 2541 3378 2615">
     <span class='ocr_line' id='line_1_56' title="bbox 1783 2541 3378 2615; baseline 0 -17"><span class='ocrx_word' id='word_1_421' title='bbox 1783 2543 1989 2600; x_wconf 79' lang='lat' dir='ltr'><strong>ferens.</strong></span> <span class='ocrx_word' id='word_1_422' title='bbox 2040 2543 2340 2615; x_wconf 88' lang='lat' dir='ltr'><strong>Postquam</strong></span> <span class='ocrx_word' id='word_1_423' title='bbox 2394 2549 2579 2598; x_wconf 90' lang='lat' dir='ltr'><strong>autem</strong></span> <span class='ocrx_word' id='word_1_424' title='bbox 2642 2542 2776 2596; x_wconf 89' lang='lat' dir='ltr'><strong>mihi</strong></span> <span class='ocrx_word' id='word_1_425' title='bbox 2817 2541 3080 2614; x_wconf 84' lang='lat' dir='ltr'><strong>deinceps</strong></span> <span class='ocrx_word' id='word_1_426' title='bbox 3136 2551 3192 2597; x_wconf 89' lang='lat' dir='ltr'><strong>et</strong></span> <span class='ocrx_word' id='word_1_427' title='bbox 3234 2544 3378 2598; x_wconf 86' lang='lat' dir='ltr'><strong>ratio</strong></span> 
     </span>
    </p>
   </div>
   <div class='ocr_carea' id='block_1_57' title="bbox 1783 2633 3374 2703">
    <p class='ocr_par' dir='ltr' id='par_1_57' title="bbox 1783 2633 3374 2703">
     <span class='ocr_line' id='line_1_57' title="bbox 1783 2633 3374 2703; baseline -0.001 -12"><span class='ocrx_word' id='word_1_428' title='bbox 1783 2635 1983 2703; x_wconf 78' lang='lat' dir='ltr'><strong>adfuit,</strong></span> <span class='ocrx_word' id='word_1_429' title='bbox 2017 2644 2134 2690; x_wconf 91' lang='lat' dir='ltr'><strong>tum</strong></span> <span class='ocrx_word' id='word_1_430' title='bbox 2168 2650 2300 2690; x_wconf 89' lang='lat' dir='ltr'><strong>vero</strong></span> <span class='ocrx_word' id='word_1_431' title='bbox 2332 2642 2386 2690; x_wconf 92' lang='lat' dir='ltr'><strong>et</strong></span> <span class='ocrx_word' id='word_1_432' title='bbox 2415 2649 2484 2690; x_wconf 77' lang='lat' dir='ltr'><strong>ex</strong></span> <span class='ocrx_word' id='word_1_433' title='bbox 2523 2634 2723 2689; x_wconf 71' lang='lat' dir='ltr'><strong>anima:</strong></span> <span class='ocrx_word' id='word_1_434' title='bbox 2767 2633 2929 2690; x_wconf 87' lang='lat' dir='ltr'><strong>bonis</strong></span> <span class='ocrx_word' id='word_1_435' title='bbox 2957 2651 3083 2690; x_wconf 89' lang='lat' dir='ltr'><strong>eum</strong></span> <span class='ocrx_word' id='word_1_436' title='bbox 3114 2649 3374 2692; x_wconf 82' lang='lat' dir='ltr'><strong>noveram</strong></span> 
     </span>
    </p>
   </div>
   <div class='ocr_carea' id='block_1_58' title="bbox 1782 2725 3376 2798">
    <p class='ocr_par' dir='ltr' id='par_1_58' title="bbox 1782 2725 3376 2798">
     <span class='ocr_line' id='line_1_58' title="bbox 1782 2725 3376 2798; baseline -0.002 -16"><span class='ocrx_word' id='word_1_437' title='bbox 1782 2727 2068 2798; x_wconf 89' lang='lat' dir='ltr'><strong>ipsiusque</strong></span> <span class='ocrx_word' id='word_1_438' title='bbox 2115 2725 2276 2798; x_wconf 61' lang='lat'><strong>1&amp;4</strong></span> <span class='ocrx_word' id='word_1_439' title='bbox 2317 2725 2632 2787; x_wconf 82' lang='lat' dir='ltr'><strong>delectabar</strong></span> <span class='ocrx_word' id='word_1_440' title='bbox 2679 2725 3115 2790; x_wconf 90' lang='lat' dir='ltr'><strong>consuetudine,</strong></span> <span class='ocrx_word' id='word_1_441' title='bbox 3164 2725 3376 2796; x_wconf 89' lang='lat' dir='ltr'><strong>simpli-</strong></span> 
     </span>
    </p>
   </div>
   <div class='ocr_carea' id='block_1_59' title="bbox 1783 2815 3379 2888">
    <p class='ocr_par' dir='ltr' id='par_1_59' title="bbox 1783 2815 3379 2888">
     <span class='ocr_line' id='line_1_59' title="bbox 1783 2815 3379 2888; baseline 0.001 -15"><span class='ocrx_word' id='word_1_442' title='bbox 1783 2819 2004 2874; x_wconf 87' lang='lat' dir='ltr'><strong>citatem</strong></span> <span class='ocrx_word' id='word_1_443' title='bbox 2061 2830 2115 2873; x_wconf 89' lang='lat' dir='ltr'><strong>et</strong></span> <span class='ocrx_word' id='word_1_444' title='bbox 2164 2817 2562 2888; x_wconf 84' lang='lat' dir='ltr'><strong>ingenuitatem</strong></span> <span class='ocrx_word' id='word_1_445' title='bbox 2611 2829 2677 2870; x_wconf 87' lang='lat' dir='ltr'><strong>ac</strong></span> <span class='ocrx_word' id='word_1_446' title='bbox 2724 2815 3109 2873; x_wconf 86' lang='lat' dir='ltr'><strong>liberalitatem</strong></span> <span class='ocrx_word' id='word_1_447' title='bbox 3161 2833 3379 2874; x_wconf 87' lang='lat' dir='ltr'><strong>morum</strong></span> 
     </span>
    </p>
   </div>
   <div class='ocr_carea' id='block_1_60' title="bbox 1781 2908 3375 2983">
    <p class='ocr_par' dir='ltr' id='par_1_60' title="bbox 1781 2908 3375 2983">
     <span class='ocr_line' id='line_1_60' title="bbox 1781 2908 3375 2983; baseline -0.003 -16"><span class='ocrx_word' id='word_1_448' title='bbox 1781 2910 2144 2983; x_wconf 82' lang='lat' dir='ltr'><strong>pchpiciens,</strong></span> <span class='ocrx_word' id='word_1_449' title='bbox 2191 2920 2246 2965; x_wconf 91' lang='lat' dir='ltr'><strong>et</strong></span> <span class='ocrx_word' id='word_1_450' title='bbox 2276 2923 2624 2980; x_wconf 86' lang='lat' dir='ltr'><strong>quaecunque</strong></span> <span class='ocrx_word' id='word_1_451' title='bbox 2666 2908 2774 2963; x_wconf 85' lang='lat' dir='ltr'><strong>alia</strong></span> <span class='ocrx_word' id='word_1_452' title='bbox 2821 2909 3044 2980; x_wconf 88' lang='lat' dir='ltr'><strong>propria</strong></span> <span class='ocrx_word' id='word_1_453' title='bbox 3077 2919 3239 2965; x_wconf 89' lang='lat' dir='ltr'><strong>erant</strong></span> <span class='ocrx_word' id='word_1_454' title='bbox 3269 2910 3375 2964; x_wconf 88' lang='lat' dir='ltr'><strong>viri</strong></span> 
     </span>
    </p>
   </div>
   <div class='ocr_carea' id='block_1_61' title="bbox 1781 3001 3373 3072">
    <p class='ocr_par' dir='ltr' id='par_1_61' title="bbox 1781 3001 3373 3072">
     <span class='ocr_line' id='line_1_61' title="bbox 1781 3001 3373 3072; baseline -0.004 -12"><span class='ocrx_word' id='word_1_455' title='bbox 1781 3014 2126 3070; x_wconf 88' lang='lat' dir='ltr'><strong>ornamenta,</strong></span> <span class='ocrx_word' id='word_1_456' title='bbox 2175 3003 2345 3058; x_wconf 87' lang='lat' dir='ltr'><strong>animi</strong></span> <span class='ocrx_word' id='word_1_457' title='bbox 2392 3003 2782 3067; x_wconf 86' lang='lat' dir='ltr'><strong>mansuetudo,</strong></span> <span class='ocrx_word' id='word_1_458' title='bbox 2833 3001 3262 3072; x_wconf 75' lang='lat' dir='ltr'><strong>magnanimitas</strong></span> <span class='ocrx_word' id='word_1_459' title='bbox 3294 3003 3373 3057; x_wconf 88' lang='lat' dir='ltr'><strong>si-</strong></span> 
     </span>
    </p>
   </div>
   <div class='ocr_carea' id='block_1_62' title="bbox 1781 3092 3372 3164">
    <p class='ocr_par' dir='ltr' id='par_1_62' title="bbox 1781 3092 3372 3164">
     <span class='ocr_line' id='line_1_62' title="bbox 1781 3092 3372 3164; baseline -0.001 -15"><span class='ocrx_word' id='word_1_460' title='bbox 1781 3096 1895 3150; x_wconf 89' lang='lat' dir='ltr'><strong>mul</strong></span> <span class='ocrx_word' id='word_1_461' title='bbox 1925 3104 1987 3152; x_wconf 89' lang='lat' dir='ltr'><strong>et-</strong></span> <span class='ocrx_word' id='word_1_462' title='bbox 2005 3096 2225 3161; x_wconf 90' lang='lat' dir='ltr'><strong>lenitas,</strong></span> <span class='ocrx_word' id='word_1_463' title='bbox 2253 3093 2438 3150; x_wconf 89' lang='lat' dir='ltr'><strong>decori</strong></span> <span class='ocrx_word' id='word_1_464' title='bbox 2470 3093 2742 3157; x_wconf 90' lang='lat' dir='ltr'><strong>studium,</strong></span> <span class='ocrx_word' id='word_1_465' title='bbox 2775 3092 3001 3148; x_wconf 92' lang='lat' dir='ltr'><strong>animus</strong></span> <span class='ocrx_word' id='word_1_466' title='bbox 3032 3093 3129 3148; x_wconf 62' lang='lat' dir='ltr'><strong>ire</strong></span> <span class='ocrx_word' id='word_1_467' title='bbox 3151 3107 3372 3164; x_wconf 81' lang='lat' dir='ltr'><strong>expers,</strong></span> 
     </span>
    </p>
   </div>
   <div class='ocr_carea' id='block_1_63' title="bbox 107 3160 1679 3261">
    <p class='ocr_par' dir='ltr' id='par_1_63' title="bbox 107 3177 1673 3261">
     <span class='ocr_line' id='line_1_63' title="bbox 107 3177 1673 3261; baseline 0.01 -32"><span class='ocrx_word' id='word_1_468' title='bbox 107 3177 308 3248; x_wconf 73' lang='grc' dir='ltr'>φαιδρὸν</span> <span class='ocrx_word' id='word_1_469' title='bbox 352 3182 450 3234; x_wconf 72' lang='grc' dir='ltr'><strong>καὶ</strong></span> <span class='ocrx_word' id='word_1_470' title='bbox 497 3182 824 3253; x_wconf 78' lang='grc' dir='ltr'>εὐπρόσιτον</span> <span class='ocrx_word' id='word_1_471' title='bbox 867 3187 934 3256; x_wconf 83' lang='grc' dir='ltr'>τῇ</span> <span class='ocrx_word' id='word_1_472' title='bbox 972 3187 1261 3258; x_wconf 80' lang='grc' dir='ltr'>σεμνότητι</span> <span class='ocrx_word' id='word_1_473' title='bbox 1315 3191 1673 3261; x_wconf 84' lang='grc' dir='ltr'>κεκραμένον.</span> 
     </span>
    </p>
   </div>
   <div class='ocr_carea' id='block_1_64' title="bbox 1789 3160 3376 3261">
    <p class='ocr_par' dir='ltr' id='par_1_64' title="bbox 1789 3160 3376 3257">
     <span class='ocr_line' id='line_1_64' title="bbox 1789 3160 3376 3257; baseline -0.001 -16"><span class='ocrx_word' id='word_1_474' title='bbox 1789 3188 2035 3242; x_wconf 86' lang='lat' dir='ltr'><strong>hilaritas</strong></span> <span class='ocrx_word' id='word_1_475' title='bbox 2080 3196 2136 3243; x_wconf 89' lang='lat' dir='ltr'><strong>et</strong></span> <span class='ocrx_word' id='word_1_476' title='bbox 2184 3160 2478 3242; x_wconf 80' lang='lat' dir='ltr'><strong>affabilitas</strong></span> <span class='ocrx_word' id='word_1_477' title='bbox 2527 3188 2802 3257; x_wconf 78' lang='lat' dir='ltr'><strong>gravitate</strong></span> <span class='ocrx_word' id='word_1_478' title='bbox 2857 3185 3145 3257; x_wconf 89' lang='lat' dir='ltr'><strong>permista.</strong></span> <span class='ocrx_word' id='word_1_479' title='bbox 3193 3160 3376 3252; x_wconf 62' lang='lat' dir='ltr'><strong>dum</strong></span> 
     </span>
    </p>
   </div>
   <div class='ocr_carea' id='block_1_65' title="bbox 106 3265 1680 3353">
    <p class='ocr_par' dir='ltr' id='par_1_65' title="bbox 106 3265 1680 3353">
     <span class='ocr_line' id='line_1_65' title="bbox 106 3265 1680 3353; baseline 0.011 -33"><span class='ocrx_word' id='word_1_480' title='bbox 106 3265 245 3324; x_wconf 80' lang='grc' dir='ltr'>Ὥστε</span> <span class='ocrx_word' id='word_1_481' title='bbox 275 3274 439 3327; x_wconf 70' lang='grc' dir='ltr'>αὑτὸν</span> <span class='ocrx_word' id='word_1_482' title='bbox 477 3274 796 3347; x_wconf 75' lang='grc' dir='ltr'>ἐναρίθμιον</span> <span class='ocrx_word' id='word_1_483' title='bbox 843 3271 990 3349; x_wconf 76' lang='grc' dir='ltr'>εἶχον</span> <span class='ocrx_word' id='word_1_484' title='bbox 1035 3282 1148 3343; x_wconf 86' lang='grc' dir='ltr'>τοῖς</span> <span class='ocrx_word' id='word_1_485' title='bbox 1191 3283 1680 3353; x_wconf 76' lang='grc' dir='ltr'>περιφανεστάτοις</span> 
     </span>
    </p>
   </div>
   <div class='ocr_carea' id='block_1_66' title="bbox 105 3366 466 3440">
    <p class='ocr_par' dir='ltr' id='par_1_66' title="bbox 105 3366 466 3440">
     <span class='ocr_line' id='line_1_66' title="bbox 105 3366 466 3440; baseline 0.017 -24"><span class='ocrx_word' id='word_1_486' title='bbox 105 3366 206 3416; x_wconf 75' lang='grc' dir='ltr'>κατ’</span> <span class='ocrx_word' id='word_1_487' title='bbox 241 3367 466 3440; x_wconf 77' lang='grc' dir='ltr'>ἀρετήν.</span> 
     </span>
    </p>
   </div>
   <div class='ocr_carea' id='block_1_67' title="bbox 161 3456 1678 3540">
    <p class='ocr_par' dir='ltr' id='par_1_67' title="bbox 161 3456 1678 3540">
     <span class='ocr_line' id='line_1_67' title="bbox 161 3456 1678 3540; baseline 0.009 -30"><span class='ocrx_word' id='word_1_488' title='bbox 161 3456 210 3510; x_wconf 74' lang='grc'>2.</span> <span class='ocrx_word' id='word_1_489' title='bbox 242 3459 376 3531; x_wconf 74' lang='grc' dir='ltr'>Περὶ</span> <span class='ocrx_word' id='word_1_490' title='bbox 403 3460 594 3532; x_wconf 78' lang='grc' dir='ltr'>μέντοι</span> <span class='ocrx_word' id='word_1_491' title='bbox 618 3463 689 3517; x_wconf 84' lang='grc' dir='ltr'>τὰ</span> <span class='ocrx_word' id='word_1_492' title='bbox 709 3462 998 3517; x_wconf 86' lang='grc' dir='ltr'>τελευταῖα</span> <span class='ocrx_word' id='word_1_493' title='bbox 1015 3464 1109 3519; x_wconf 82' lang='grc' dir='ltr'><strong>τοῦ</strong></span> <span class='ocrx_word' id='word_1_494' title='bbox 1143 3465 1258 3536; x_wconf 89' lang='grc' dir='ltr'>βίου</span> <span class='ocrx_word' id='word_1_495' title='bbox 1294 3466 1376 3537; x_wconf 76' lang='grc' dir='ltr'><strong>(οὐ</strong></span> <span class='ocrx_word' id='word_1_496' title='bbox 1404 3466 1512 3540; x_wconf 78' lang='grc' dir='ltr'><strong>γάρ</strong></span> <span class='ocrx_word' id='word_1_497' title='bbox 1542 3468 1678 3523; x_wconf 87' lang='grc' dir='ltr'>ἀπο-</span> 
     </span>
    </p>
   </div>
   <div class='ocr_carea' id='block_1_68' title="bbox 106 3548 1678 3633">
    <p class='ocr_par' dir='ltr' id='par_1_68' title="bbox 106 3548 1678 3633">
     <span class='ocr_line' id='line_1_68' title="bbox 106 3548 1678 3633; baseline 0.01 -34"><span class='ocrx_word' id='word_1_498' title='bbox 106 3548 357 3622; x_wconf 77' lang='grc' dir='ltr'>κρύψομαι</span> <span class='ocrx_word' id='word_1_499' title='bbox 390 3552 672 3625; x_wconf 79' lang='grc' dir='ltr'>τάληθές)</span> <span class='ocrx_word' id='word_1_500' title='bbox 721 3555 999 3629; x_wconf 86' lang='grc' dir='ltr'>ἐλυπήθην</span> <span class='ocrx_word' id='word_1_501' title='bbox 1048 3559 1134 3611; x_wconf 86' lang='grc' dir='ltr'><strong>ἐπ’</strong></span> <span class='ocrx_word' id='word_1_502' title='bbox 1178 3557 1328 3630; x_wconf 84' lang='grc' dir='ltr'><strong>αὐτῷ</strong></span> <span class='ocrx_word' id='word_1_503' title='bbox 1359 3559 1538 3633; x_wconf 77' lang='grc' dir='ltr'>λύπην</span> <span class='ocrx_word' id='word_1_504' title='bbox 1575 3562 1678 3616; x_wconf 80' lang='grc' dir='ltr'>οὐκ</span> 
     </span>
    </p>
   </div>
   <div class='ocr_carea' id='block_1_69' title="bbox 105 3642 1677 3724">
    <p class='ocr_par' dir='ltr' id='par_1_69' title="bbox 105 3642 1677 3724">
     <span class='ocr_line' id='line_1_69' title="bbox 105 3642 1677 3724; baseline 0.009 -31"><span class='ocrx_word' id='word_1_505' title='bbox 105 3642 306 3717; x_wconf 72' lang='grc' dir='ltr'>ἀνεκτὴν</span> <span class='ocrx_word' id='word_1_506' title='bbox 334 3647 479 3718; x_wconf 89' lang='grc' dir='ltr'><strong>μετά</strong></span> <span class='ocrx_word' id='word_1_507' title='bbox 505 3647 718 3704; x_wconf 82' lang='grc' dir='ltr'>πολλῶν</span> <span class='ocrx_word' id='word_1_508' title='bbox 749 3649 859 3703; x_wconf 89' lang='grc' dir='ltr'><strong>τῶν</strong></span> <span class='ocrx_word' id='word_1_509' title='bbox 884 3651 942 3704; x_wconf 88' lang='grc' dir='ltr'><strong>ἐν</strong></span> <span class='ocrx_word' id='word_1_510' title='bbox 974 3652 1039 3722; x_wconf 79' lang='grc' dir='ltr'><strong>τῇ</strong></span> <span class='ocrx_word' id='word_1_511' title='bbox 1071 3652 1297 3724; x_wconf 88' lang='grc' dir='ltr'>πατρίδι</span> <span class='ocrx_word' id='word_1_512' title='bbox 1327 3652 1677 3724; x_wconf 75' lang='grc' dir='ltr'>φοϐουμένων</span> 
     </span>
    </p>
   </div>
   <div class='ocr_carea' id='block_1_70' title="bbox 103 3732 1678 3815">
    <p class='ocr_par' dir='ltr' id='par_1_70' title="bbox 103 3732 1678 3815">
     <span class='ocr_line' id='line_1_70' title="bbox 103 3732 1678 3815; baseline 0.008 -29"><span class='ocrx_word' id='word_1_513' title='bbox 103 3732 179 3786; x_wconf 77' lang='grc' dir='ltr'><strong>τόν</strong></span> <span class='ocrx_word' id='word_1_514' title='bbox 209 3736 410 3810; x_wconf 80' lang='grc' dir='ltr'>Κὺριον</span> <span class='ocrx_word' id='word_1_515' title='bbox 431 3779 448 3803; x_wconf 97' lang='grc'><strong>,</strong></span> <span class='ocrx_word' id='word_1_516' title='bbox 485 3739 582 3792; x_wconf 73' lang='grc' dir='ltr'>ἐπὶ</span> <span class='ocrx_word' id='word_1_517' title='bbox 610 3743 676 3811; x_wconf 77' lang='grc' dir='ltr'><strong>τῇ</strong></span> <span class='ocrx_word' id='word_1_518' title='bbox 710 3741 1002 3812; x_wconf 82' lang='grc' dir='ltr'>ὑπογραφῇ</span> <span class='ocrx_word' id='word_1_519' title='bbox 1038 3741 1136 3813; x_wconf 81' lang='grc' dir='ltr'><strong>τῆς</strong></span> <span class='ocrx_word' id='word_1_520' title='bbox 1165 3743 1405 3807; x_wconf 87' lang='grc' dir='ltr'>πίστεως</span> <span class='ocrx_word' id='word_1_521' title='bbox 1439 3743 1540 3815; x_wconf 80' lang='grc' dir='ltr'>τῆς</span> <span class='ocrx_word' id='word_1_522' title='bbox 1573 3745 1678 3799; x_wconf 76' lang='grc' dir='ltr'>ὑπὸ</span> 
     </span>
    </p>
   </div>
   <div class='ocr_carea' id='block_1_71' title="bbox 103 3826 1678 3905">
    <p class='ocr_par' dir='ltr' id='par_1_71' title="bbox 103 3826 1678 3905">
     <span class='ocr_line' id='line_1_71' title="bbox 103 3826 1678 3905; baseline 0.01 -29"><span class='ocrx_word' id='word_1_523' title='bbox 103 3826 193 3878; x_wconf 82' lang='grc' dir='ltr'><strong>τῶν</strong></span> <span class='ocrx_word' id='word_1_524' title='bbox 212 3847 272 3883; x_wconf 86' lang='grc' dir='ltr'><strong>πε</strong></span> <span class='ocrx_word' id='word_1_525' title='bbox 278 3832 334 3901; x_wconf 73' lang='grc' dir='ltr'>ρ).</span> <span class='ocrx_word' id='word_1_526' title='bbox 353 3832 638 3904; x_wconf 81' lang='grc' dir='ltr'>Γεώργιον</span> <span class='ocrx_word' id='word_1_527' title='bbox 663 3832 775 3905; x_wconf 64' lang='grc'><strong>(2-4)</strong></span> <span class='ocrx_word' id='word_1_528' title='bbox 803 3833 912 3887; x_wconf 85' lang='grc' dir='ltr'>ἀπὸ</span> <span class='ocrx_word' id='word_1_529' title='bbox 936 3833 1039 3904; x_wconf 85' lang='grc' dir='ltr'>τῆς</span> <span class='ocrx_word' id='word_1_530' title='bbox 1050 3835 1678 3902; x_wconf 84' lang='grc' dir='ltr'>Κωνσταντινουπόλεως</span> 
     </span>
    </p>
   </div>
   <div class='ocr_carea' id='block_1_72' title="bbox 103 3921 1677 4000">
    <p class='ocr_par' dir='ltr' id='par_1_72' title="bbox 103 3921 1677 4000">
     <span class='ocr_line' id='line_1_72' title="bbox 103 3921 1677 4000; baseline 0.008 -30"><span class='ocrx_word' id='word_1_531' title='bbox 103 3921 453 3995; x_wconf 80' lang='grc' dir='ltr'>κομισθείσης.</span> <span class='ocrx_word' id='word_1_532' title='bbox 497 3921 670 3990; x_wconf 80' lang='grc' dir='ltr'>Εἶτα,</span> <span class='ocrx_word' id='word_1_533' title='bbox 720 3922 836 3990; x_wconf 79' lang='grc' dir='ltr'>οἶος</span> <span class='ocrx_word' id='word_1_534' title='bbox 885 3927 1095 3990; x_wconf 82' lang='grc' dir='ltr'>ἐκεῖνος</span> <span class='ocrx_word' id='word_1_535' title='bbox 1150 3928 1418 4000; x_wconf 86' lang='grc' dir='ltr'>πραότητι</span> <span class='ocrx_word' id='word_1_536' title='bbox 1471 3929 1677 4000; x_wconf 88' lang='grc' dir='ltr'>τρόπου</span> 
     </span>
    </p>
   </div>
   <div class='ocr_carea' id='block_1_73' title="bbox 103 4013 1679 4092">
    <p class='ocr_par' dir='ltr' id='par_1_73' title="bbox 103 4013 1679 4092">
     <span class='ocr_line' id='line_1_73' title="bbox 103 4013 1679 4092; baseline 0.006 -28"><span class='ocrx_word' id='word_1_537' title='bbox 103 4013 182 4064; x_wconf 69' lang='grc' dir='ltr'>καὶ</span> <span class='ocrx_word' id='word_1_538' title='bbox 226 4015 499 4090; x_wconf 78' lang='grc' dir='ltr'>ἐπιεικείᾳ</span> <span class='ocrx_word' id='word_1_539' title='bbox 547 4016 757 4081; x_wconf 83' lang='grc' dir='ltr'>πάντας</span> <span class='ocrx_word' id='word_1_540' title='bbox 811 4018 1184 4090; x_wconf 67' lang='grc' dir='ltr'>πληροφορεῖν</span> <span class='ocrx_word' id='word_1_541' title='bbox 1239 4020 1296 4074; x_wconf 87' lang='grc' dir='ltr'><strong>ἐν</strong></span> <span class='ocrx_word' id='word_1_542' title='bbox 1349 4020 1679 4092; x_wconf 84' lang='grc' dir='ltr'>σπλάγχνοις</span> 
     </span>
    </p>
   </div>
   <div class='ocr_carea' id='block_1_74' title="bbox 102 4109 1680 4184">
    <p class='ocr_par' dir='ltr' id='par_1_74' title="bbox 102 4109 1680 4184">
     <span class='ocr_line' id='line_1_74' title="bbox 102 4109 1680 4184; baseline 0.006 -28"><span class='ocrx_word' id='word_1_543' title='bbox 102 4112 363 4177; x_wconf 75' lang='grc' dir='ltr'>πατρικοῖς</span> <span class='ocrx_word' id='word_1_544' title='bbox 400 4109 739 4180; x_wconf 82' lang='grc' dir='ltr'>ἀνεχόμενος</span> <span class='ocrx_word' id='word_1_545' title='bbox 762 4151 777 4175; x_wconf 91' lang='grc'><strong>,</strong></span> <span class='ocrx_word' id='word_1_546' title='bbox 820 4110 921 4182; x_wconf 72' lang='grc' dir='ltr'>ἤδη</span> <span class='ocrx_word' id='word_1_547' title='bbox 956 4109 1285 4164; x_wconf 87' lang='grc' dir='ltr'>καταπεσὼν</span> <span class='ocrx_word' id='word_1_548' title='bbox 1316 4114 1397 4176; x_wconf 86' lang='grc' dir='ltr'><strong>είς</strong></span> <span class='ocrx_word' id='word_1_549' title='bbox 1441 4111 1541 4182; x_wconf 84' lang='grc' dir='ltr'>τὴν</span> <span class='ocrx_word' id='word_1_550' title='bbox 1578 4113 1680 4184; x_wconf 67' lang='lat' dir='ltr'><strong>ep-</strong></span> 
     </span>
    </p>
   </div>
   <div class='ocr_carea' id='block_1_75' title="bbox 104 4196 1680 4274">
    <p class='ocr_par' dir='ltr' id='par_1_75' title="bbox 104 4196 1680 4274">
     <span class='ocr_line' id='line_1_75' title="bbox 104 4196 1680 4274; baseline 0.003 -22"><span class='ocrx_word' id='word_1_551' title='bbox 104 4196 332 4266; x_wconf 74' lang='grc' dir='ltr'>ᾲωστῐαν,</span> <span class='ocrx_word' id='word_1_552' title='bbox 356 4201 452 4270; x_wconf 78' lang='grc' dir='ltr'><strong>ὑφ’</strong></span> <span class='ocrx_word' id='word_1_553' title='bbox 486 4196 558 4273; x_wconf 78' lang='grc' dir='ltr'>ἧς</span> <span class='ocrx_word' id='word_1_554' title='bbox 586 4202 679 4254; x_wconf 70' lang='grc' dir='ltr'>καὶ</span> <span class='ocrx_word' id='word_1_555' title='bbox 709 4200 976 4272; x_wconf 78' lang='grc' dir='ltr'>μετῆλθεν</span> <span class='ocrx_word' id='word_1_556' title='bbox 1010 4202 1118 4255; x_wconf 84' lang='grc' dir='ltr'>ἀπὸ</span> <span class='ocrx_word' id='word_1_557' title='bbox 1143 4202 1238 4256; x_wconf 86' lang='grc' dir='ltr'>τοῦ</span> <span class='ocrx_word' id='word_1_558' title='bbox 1269 4202 1410 4272; x_wconf 84' lang='grc' dir='ltr'>βίου,</span> <span class='ocrx_word' id='word_1_559' title='bbox 1442 4220 1680 4274; x_wconf 87' lang='grc' dir='ltr'>προσκα-</span> 
     </span>
    </p>
   </div>
   <div class='ocr_carea' id='block_1_76' title="bbox 100 4288 1676 4367">
    <p class='ocr_par' dir='ltr' id='par_1_76' title="bbox 100 4288 1676 4367">
     <span class='ocr_line' id='line_1_76' title="bbox 100 4288 1676 4367; baseline 0.005 -26"><span class='ocrx_word' id='word_1_560' title='bbox 100 4288 369 4362; x_wconf 78' lang='grc' dir='ltr'>λεσάμενος</span> <span class='ocrx_word' id='word_1_561' title='bbox 424 4295 582 4365; x_wconf 74' lang='grc' dir='ltr'>ἡμᾶς</span> <span class='ocrx_word' id='word_1_562' title='bbox 629 4292 770 4364; x_wconf 69' lang='grc' dir='ltr'>ἔφη,</span> <span class='ocrx_word' id='word_1_563' title='bbox 818 4293 926 4346; x_wconf 82' lang='grc' dir='ltr'><strong>ὑπὸ</strong></span> <span class='ocrx_word' id='word_1_564' title='bbox 973 4293 1212 4367; x_wconf 89' lang='grc' dir='ltr'>μάρτυρι</span> <span class='ocrx_word' id='word_1_565' title='bbox 1261 4294 1340 4365; x_wconf 80' lang='grc' dir='ltr'><strong>τῷ</strong></span> <span class='ocrx_word' id='word_1_566' title='bbox 1378 4294 1570 4366; x_wconf 85' lang='grc' dir='ltr'>Κυρίῳ</span> <span class='ocrx_word' id='word_1_567' title='bbox 1616 4295 1676 4349; x_wconf 89' lang='grc' dir='ltr'><strong>ἐν</strong></span> 
     </span>
    </p>
   </div>
   <div class='ocr_carea' id='block_1_77' title="bbox 105 4382 1676 4459">
    <p class='ocr_par' dir='ltr' id='par_1_77' title="bbox 105 4382 1676 4459">
     <span class='ocr_line' id='line_1_77' title="bbox 105 4382 1676 4459; baseline 0.004 -24"><span class='ocrx_word' id='word_1_568' title='bbox 105 4382 337 4457; x_wconf 77' lang='grc' dir='ltr'>ἁπλότητι</span> <span class='ocrx_word' id='word_1_569' title='bbox 391 4387 634 4459; x_wconf 80' lang='grc' dir='ltr'>καρδίας</span> <span class='ocrx_word' id='word_1_570' title='bbox 695 4384 1071 4440; x_wconf 83' lang='grc' dir='ltr'>συντεθεῖσθαι</span> <span class='ocrx_word' id='word_1_571' title='bbox 1129 4386 1230 4457; x_wconf 83' lang='grc' dir='ltr'>μὲν</span> <span class='ocrx_word' id='word_1_572' title='bbox 1279 4385 1358 4457; x_wconf 85' lang='grc' dir='ltr'><strong>τῷ</strong></span> <span class='ocrx_word' id='word_1_573' title='bbox 1413 4388 1523 4440; x_wconf 84' lang='grc' dir='ltr'>ἀπὸ</span> <span class='ocrx_word' id='word_1_574' title='bbox 1578 4387 1676 4459; x_wconf 79' lang='grc' dir='ltr'>τῆς</span> 
     </span>
    </p>
   </div>
   <div class='ocr_carea' id='block_1_78' title="bbox 101 4474 1673 4551">
    <p class='ocr_par' dir='ltr' id='par_1_78' title="bbox 101 4474 1673 4551">
     <span class='ocr_line' id='line_1_78' title="bbox 101 4474 1673 4551; baseline 0.003 -24"><span class='ocrx_word' id='word_1_575' title='bbox 101 4474 712 4540; x_wconf 72' lang='grc' dir='ltr'>Κωνστειντινουπόλεως</span> <span class='ocrx_word' id='word_1_576' title='bbox 775 4479 1149 4551; x_wconf 83' lang='grc' dir='ltr'>γραμματείῳ</span> <span class='ocrx_word' id='word_1_577' title='bbox 1179 4519 1195 4542; x_wconf 93' lang='grc'><strong>,</strong></span> <span class='ocrx_word' id='word_1_578' title='bbox 1252 4478 1420 4549; x_wconf 85' lang='grc' dir='ltr'>μηδὲν</span> <span class='ocrx_word' id='word_1_579' title='bbox 1476 4479 1533 4532; x_wconf 85' lang='grc' dir='ltr'>δὲ</span> <span class='ocrx_word' id='word_1_580' title='bbox 1585 4479 1673 4532; x_wconf 80' lang='grc' dir='ltr'><strong>ἐπ’</strong></span> 
     </span>
    </p>
   </div>
   <div class='ocr_carea' id='block_1_79' title="bbox 100 4564 1671 4644">
    <p class='ocr_par' dir='ltr' id='par_1_79' title="bbox 100 4564 1671 4644">
     <span class='ocr_line' id='line_1_79' title="bbox 100 4564 1671 4644; baseline 0.004 -25"><span class='ocrx_word' id='word_1_581' title='bbox 100 4564 324 4642; x_wconf 80' lang='grc' dir='ltr'>ἀθετήσει</span> <span class='ocrx_word' id='word_1_582' title='bbox 350 4575 456 4644; x_wconf 83' lang='grc' dir='ltr'>τῆς</span> <span class='ocrx_word' id='word_1_583' title='bbox 487 4570 637 4626; x_wconf 84' lang='grc' dir='ltr'><strong>κατά</strong></span> <span class='ocrx_word' id='word_1_584' title='bbox 667 4571 903 4624; x_wconf 87' lang='grc' dir='ltr'>Νικαίαν</span> <span class='ocrx_word' id='word_1_585' title='bbox 931 4571 1037 4624; x_wconf 84' lang='grc' dir='ltr'><strong>ὑπὸ</strong></span> <span class='ocrx_word' id='word_1_586' title='bbox 1065 4569 1174 4624; x_wconf 91' lang='grc' dir='ltr'><strong>τῶν</strong></span> <span class='ocrx_word' id='word_1_587' title='bbox 1209 4569 1379 4640; x_wconf 89' lang='grc' dir='ltr'>άγίων</span> <span class='ocrx_word' id='word_1_588' title='bbox 1411 4573 1671 4644; x_wconf 88' lang='grc' dir='ltr'>Πατέρων</span> 
     </span>
    </p>
   </div>
   <div class='ocr_carea' id='block_1_80' title="bbox 99 4654 1670 4734">
    <p class='ocr_par' dir='ltr' id='par_1_80' title="bbox 99 4654 1670 4734">
     <span class='ocr_line' id='line_1_80' title="bbox 99 4654 1670 4734; baseline 0.005 -28"><span class='ocrx_word' id='word_1_589' title='bbox 99 4654 386 4732; x_wconf 65' lang='grc' dir='ltr'>ἐπιτεθείσης</span> <span class='ocrx_word' id='word_1_590' title='bbox 421 4661 670 4724; x_wconf 85' lang='grc' dir='ltr'>πίστεως</span> <span class='ocrx_word' id='word_1_591' title='bbox 702 4658 1063 4731; x_wconf 76' lang='grc' dir='ltr'>προελέσθαιο</span> <span class='ocrx_word' id='word_1_592' title='bbox 1119 4660 1256 4730; x_wconf 81' lang='grc' dir='ltr'>μηδὲ</span> <span class='ocrx_word' id='word_1_593' title='bbox 1302 4660 1480 4725; x_wconf 80' lang='grc' dir='ltr'>ἄλλως</span> <span class='ocrx_word' id='word_1_594' title='bbox 1526 4660 1670 4734; x_wconf 84' lang='grc' dir='ltr'>ἔχειν</span> 
     </span>
    </p>
   </div>
   <div class='ocr_carea' id='block_1_81' title="bbox 98 4748 1671 4828">
    <p class='ocr_par' dir='ltr' id='par_1_81' title="bbox 98 4748 1671 4828">
     <span class='ocr_line' id='line_1_81' title="bbox 98 4748 1671 4828; baseline 0.005 -28"><span class='ocrx_word' id='word_1_595' title='bbox 98 4748 145 4800; x_wconf 84' lang='grc' dir='ltr'>ὲν</span> <span class='ocrx_word' id='word_1_596' title='bbox 171 4753 229 4822; x_wconf 74' lang='grc' dir='ltr'>τῇ</span> <span class='ocrx_word' id='word_1_597' title='bbox 257 4753 455 4828; x_wconf 66' lang='grc' dir='ltr'>καρδίᾳ</span> <span class='ocrx_word' id='word_1_598' title='bbox 481 4793 499 4818; x_wconf 92' lang='grc'><strong>,</strong></span> <span class='ocrx_word' id='word_1_599' title='bbox 533 4752 568 4823; x_wconf 80' lang='grc' dir='ltr'><strong>ἢ</strong></span> <span class='ocrx_word' id='word_1_600' title='bbox 621 4751 696 4817; x_wconf 82' lang='grc' dir='ltr'><strong>ὡς</strong></span> <span class='ocrx_word' id='word_1_601' title='bbox 728 4751 1036 4823; x_wconf 79' lang='grc' dir='ltr'>παρέλαϐεν</span> <span class='ocrx_word' id='word_1_602' title='bbox 1077 4751 1137 4820; x_wconf 78' lang='grc' dir='ltr'>ἐξ</span> <span class='ocrx_word' id='word_1_603' title='bbox 1168 4751 1344 4824; x_wconf 79' lang='grc' dir='ltr'>ἀρχῆς</span> <span class='ocrx_word' id='word_1_604' title='bbox 1363 4769 1377 4784; x_wconf 69' lang='grc'>⁸</span> <span class='ocrx_word' id='word_1_605' title='bbox 1415 4753 1552 4807; x_wconf 81' lang='grc' dir='ltr'>ἀλλὰ</span> <span class='ocrx_word' id='word_1_606' title='bbox 1579 4755 1671 4808; x_wconf 79' lang='grc' dir='ltr'>καὶ</span> 
     </span>
    </p>
   </div>
   <div class='ocr_carea' id='block_1_82' title="bbox 153 4905 1312 4975">
    <p class='ocr_par' dir='ltr' id='par_1_82' title="bbox 153 4905 1312 4975">
     <span class='ocr_line' id='line_1_82' title="bbox 153 4905 1312 4975; baseline 0.003 -16"><span class='ocrx_word' id='word_1_607' title='bbox 153 4905 194 4959; x_wconf 51' lang='grc'><strong>⁸1</strong></span> <span class='ocrx_word' id='word_1_608' title='bbox 221 4905 380 4967; x_wconf 86' lang='lat' dir='ltr'><strong>Prov.</strong></span> <span class='ocrx_word' id='word_1_609' title='bbox 420 4924 547 4975; x_wconf 64' lang='grc' dir='ltr'>τιν,</span> <span class='ocrx_word' id='word_1_610' title='bbox 582 4907 674 4962; x_wconf 76' lang='grc'><strong>51.</strong></span> <span class='ocrx_word' id='word_1_611' title='bbox 766 4909 814 4942; x_wconf 77' lang='grc'><strong>’⁸</strong></span> <span class='ocrx_word' id='word_1_612' title='bbox 849 4907 1042 4963; x_wconf 79' lang='lat' dir='ltr'><strong>Matth.</strong></span> <span class='ocrx_word' id='word_1_613' title='bbox 1079 4922 1181 4972; x_wconf 78' lang='lat' dir='ltr'><strong>xu,</strong></span> <span class='ocrx_word' id='word_1_614' title='bbox 1220 4907 1312 4963; x_wconf 81' lang='lat'><strong>&#39;56.</strong></span> 
     </span>
    </p>
   </div>
   <div class='ocr_carea' id='block_1_83' title="bbox 151 5062 1660 5138">
    <p class='ocr_par' dir='ltr' id='par_1_83' title="bbox 151 5062 1660 5138">
     <span class='ocr_line' id='line_1_83' title="bbox 151 5062 1660 5138; baseline 0.001 -18"><span class='ocrx_word' id='word_1_615' title='bbox 151 5065 251 5137; x_wconf 84' lang='grc'><strong>(17)</strong></span> <span class='ocrx_word' id='word_1_616' title='bbox 300 5067 792 5138; x_wconf 69' lang='grc' dir='ltr'>Ἐπιτρέψαντες.</span> <span class='ocrx_word' id='word_1_617' title='bbox 844 5064 943 5138; x_wconf 86' lang='lat' dir='ltr'><strong>Sic</strong></span> <span class='ocrx_word' id='word_1_618' title='bbox 983 5064 1150 5138; x_wconf 74' lang='lat' dir='ltr'><strong>Med.,</strong></span> <span class='ocrx_word' id='word_1_619' title='bbox 1199 5062 1354 5118; x_wconf 78' lang='lat' dir='ltr'><strong>Harl.</strong></span> <span class='ocrx_word' id='word_1_620' title='bbox 1387 5071 1485 5138; x_wconf 83' lang='lat' dir='ltr'><strong>_et_</strong></span> <span class='ocrx_word' id='word_1_621' title='bbox 1524 5062 1660 5134; x_wconf 80' lang='lat' dir='ltr'><strong>Reg.</strong></span> 
     </span>
    </p>
   </div>
   <div class='ocr_carea' id='block_1_84' title="bbox 97 5133 1664 5208">
    <p class='ocr_par' dir='ltr' id='par_1_84' title="bbox 97 5133 1664 5208">
     <span class='ocr_line' id='line_1_84' title="bbox 97 5133 1664 5208; baseline 0 -20"><span class='ocrx_word' id='word_1_622' title='bbox 97 5133 294 5202; x_wconf 82' lang='lat' dir='ltr'><strong>primus.</strong></span> <span class='ocrx_word' id='word_1_623' title='bbox 333 5133 482 5194; x_wconf 76' lang='lat' dir='ltr'><strong>Editi</strong></span> <span class='ocrx_word' id='word_1_624' title='bbox 529 5133 585 5193; x_wconf 79' lang='lat' dir='ltr'><strong>et</strong></span> <span class='ocrx_word' id='word_1_625' title='bbox 623 5138 716 5191; x_wconf 87' lang='lat' dir='ltr'><strong>alii</strong></span> <span class='ocrx_word' id='word_1_626' title='bbox 749 5152 882 5208; x_wconf 83' lang='lat' dir='ltr'><strong>mss.</strong></span> <span class='ocrx_word' id='word_1_627' title='bbox 931 5135 1342 5208; x_wconf 73' lang='grc' dir='ltr'>ἐπιρρίψαντες.</span> <span class='ocrx_word' id='word_1_628' title='bbox 1384 5133 1488 5189; x_wconf 85' lang='lat' dir='ltr'><strong>Sed</strong></span> <span class='ocrx_word' id='word_1_629' title='bbox 1517 5139 1664 5208; x_wconf 81' lang='lat' dir='ltr'><strong>scri-</strong></span> 
     </span>
    </p>
   </div>
   <div class='ocr_carea' id='block_1_85' title="bbox 96 5206 1664 5281">
    <p class='ocr_par' dir='ltr' id='par_1_85' title="bbox 96 5206 1664 5281">
     <span class='ocr_line' id='line_1_85' title="bbox 96 5206 1664 5281; baseline 0.002 -23"><span class='ocrx_word' id='word_1_630' title='bbox 96 5214 226 5281; x_wconf 69' lang='lat' dir='ltr'><strong>ptura</strong></span> <span class='ocrx_word' id='word_1_631' title='bbox 257 5225 425 5281; x_wconf 86' lang='lat' dir='ltr'><strong>quam</strong></span> <span class='ocrx_word' id='word_1_632' title='bbox 463 5208 781 5281; x_wconf 70' lang='lat' dir='ltr'><strong>sequimur,</strong></span> <span class='ocrx_word' id='word_1_633' title='bbox 809 5206 1038 5281; x_wconf 31' lang='lat' dir='ltr'><strong>‘Dasilii&#39;</strong></span> <span class='ocrx_word' id='word_1_634' title='bbox 1063 5206 1208 5278; x_wconf 56' lang='lat' dir='ltr'><strong>sudo</strong></span> <span class='ocrx_word' id='word_1_635' title='bbox 1234 5206 1434 5276; x_wconf 84' lang='lat' dir='ltr'><strong>aptior,</strong></span> <span class='ocrx_word' id='word_1_636' title='bbox 1477 5215 1537 5258; x_wconf 89' lang='lat' dir='ltr'><strong>ut</strong></span> <span class='ocrx_word' id='word_1_637' title='bbox 1580 5207 1664 5261; x_wconf 86' lang='lat' dir='ltr'><strong>vi-</strong></span> 
     </span>
    </p>
   </div>
   <div class='ocr_carea' id='block_1_86' title="bbox 95 5275 925 5352">
    <p class='ocr_par' dir='ltr' id='par_1_86' title="bbox 95 5275 925 5352">
     <span class='ocr_line' id='line_1_86' title="bbox 95 5275 925 5352; baseline 0.004 -23"><span class='ocrx_word' id='word_1_638' title='bbox 95 5275 199 5352; x_wconf 76' lang='lat' dir='ltr'><strong>dere</strong></span> <span class='ocrx_word' id='word_1_639' title='bbox 222 5275 300 5336; x_wconf 69' lang='lat' dir='ltr'><strong>est</strong></span> <span class='ocrx_word' id='word_1_640' title='bbox 327 5282 387 5335; x_wconf 85' lang='lat' dir='ltr'><strong>in</strong></span> <span class='ocrx_word' id='word_1_641' title='bbox 429 5275 606 5352; x_wconf 78' lang='lat' dir='ltr'><strong>epist.</strong></span> <span class='ocrx_word' id='word_1_642' title='bbox 638 5277 925 5352; x_wconf 69' lang='lat'><strong>126,_28_9.</strong></span> 
     </span>
    </p>
   </div>
   <div class='ocr_carea' id='block_1_87' title="bbox 149 5345 1663 5420">
    <p class='ocr_par' dir='ltr' id='par_1_87' title="bbox 149 5345 1663 5420">
     <span class='ocr_line' id='line_1_87' title="bbox 149 5345 1663 5420; baseline 0 -16"><span class='ocrx_word' id='word_1_643' title='bbox 149 5349 248 5420; x_wconf 82' lang='lat' dir='ltr'><strong>(l8)</strong></span> <span class='ocrx_word' id='word_1_644' title='bbox 289 5354 388 5418; x_wconf 59' lang='grc' dir='ltr'><strong>ε’ος</strong></span> <span class='ocrx_word' id='word_1_645' title='bbox 418 5345 528 5406; x_wconf 64' lang='lat' dir='ltr'><strong>xit!</strong></span> <span class='ocrx_word' id='word_1_646' title='bbox 560 5349 719 5403; x_wconf 79' lang='grc' dir='ltr'>πεοί.</span> <span class='ocrx_word' id='word_1_647' title='bbox 745 5348 1080 5404; x_wconf 75' lang='lat' dir='ltr'><strong>Coniunctio</strong></span> <span class='ocrx_word' id='word_1_648' title='bbox 1109 5345 1296 5402; x_wconf 87' lang='lat' dir='ltr'><strong>addita</strong></span> <span class='ocrx_word' id='word_1_649' title='bbox 1317 5360 1383 5400; x_wconf 80' lang='lat' dir='ltr'><strong>ex</strong></span> <span class='ocrx_word' id='word_1_650' title='bbox 1418 5346 1663 5418; x_wconf 83' lang='lat' dir='ltr'><strong>quinque</strong></span> 
     </span>
    </p>
   </div>
   <div class='ocr_carea' id='block_1_88' title="bbox 94 5429 202 5474">
    <p class='ocr_par' dir='ltr' id='par_1_88' title="bbox 94 5429 202 5474">
     <span class='ocr_line' id='line_1_88' title="bbox 94 5429 202 5474; baseline 0.046 -5"><span class='ocrx_word' id='word_1_651' title='bbox 94 5429 202 5474; x_wconf 87' lang='lat' dir='ltr'><strong>mss.</strong></span> 
     </span>
    </p>
   </div>
   <div class='ocr_carea' id='block_1_89' title="bbox 148 5485 1521 5555">
    <p class='ocr_par' dir='ltr' id='par_1_89' title="bbox 148 5485 1521 5555">
     <span class='ocr_line' id='line_1_89' title="bbox 148 5485 1521 5555; baseline -0.001 -13"><span class='ocrx_word' id='word_1_652' title='bbox 148 5492 246 5555; x_wconf 83' lang='grc'><strong>(19)</strong></span> <span class='ocrx_word' id='word_1_653' title='bbox 282 5493 552 5546; x_wconf 77' lang='grc' dir='ltr'>Διάνιον.</span> <span class='ocrx_word' id='word_1_654' title='bbox 585 5487 662 5544; x_wconf 84' lang='lat' dir='ltr'><strong>Ita</strong></span> <span class='ocrx_word' id='word_1_655' title='bbox 689 5504 882 5545; x_wconf 88' lang='lat' dir='ltr'><strong>omnes</strong></span> <span class='ocrx_word' id='word_1_656' title='bbox 914 5503 1046 5544; x_wconf 87' lang='lat' dir='ltr'><strong>mss.</strong></span> <span class='ocrx_word' id='word_1_657' title='bbox 1076 5485 1222 5542; x_wconf 79' lang='lat' dir='ltr'><strong>Editi</strong></span> <span class='ocrx_word' id='word_1_658' title='bbox 1260 5486 1521 5540; x_wconf 87' lang='grc' dir='ltr'>Διάνοιον.</span> 
     </span>
    </p>
   </div>
   <div class='ocr_carea' id='block_1_90' title="bbox 147 5492 1664 5634">
    <p class='ocr_par' dir='ltr' id='par_1_90' title="bbox 147 5492 1664 5634">
     <span class='ocr_line' id='line_1_90' title="bbox 148 5492 1521 5555; baseline -0.001 -13"><span class='ocrx_word' id='word_1_659' title='bbox 148 5492 225 5555; x_wconf 83' lang='grc'><strong>(19</strong></span> <span class='ocrx_word' id='word_1_660' title='bbox 282 5493 552 5546; x_wconf 77' lang='grc' dir='ltr'>Διάνιον.</span> <span class='ocrx_word' id='word_1_661' title='bbox 585 5492 662 5544; x_wconf 84' lang='lat' dir='ltr'><strong>Ita</strong></span> <span class='ocrx_word' id='word_1_662' title='bbox 689 5504 882 5545; x_wconf 88' lang='lat' dir='ltr'><strong>omnes</strong></span> <span class='ocrx_word' id='word_1_663' title='bbox 914 5503 1046 5544; x_wconf 87' lang='lat' dir='ltr'><strong>mss.</strong></span> <span class='ocrx_word' id='word_1_664' title='bbox 1078 5492 1222 5542; x_wconf 81' lang='lat' dir='ltr'><strong>Editi</strong></span> <span class='ocrx_word' id='word_1_665' title='bbox 1260 5492 1521 5540; x_wconf 88' lang='grc' dir='ltr'>Διάνοιον.</span> 
     </span>
     <span class='ocr_line' id='line_1_91' title="bbox 147 5492 1664 5634; baseline 0 -20"><span class='ocrx_word' id='word_1_666' title='bbox 147 5492 246 5634; x_wconf 53' lang='grc' dir='ltr'><strong>(ΞΑ)</strong></span> <span class='ocrx_word' id='word_1_667' title='bbox 275 5563 722 5634; x_wconf 74' lang='grc' dir='ltr'>Κατήγγειλαν.</span> <span class='ocrx_word' id='word_1_668' title='bbox 755 5559 890 5634; x_wconf 72' lang='lat' dir='ltr'><strong>Tres</strong></span> <span class='ocrx_word' id='word_1_669' title='bbox 920 5559 1142 5634; x_wconf 79' lang='lat' dir='ltr'><strong>codices</strong></span> <span class='ocrx_word' id='word_1_670' title='bbox 1185 5573 1295 5634; x_wconf 78' lang='lat' dir='ltr'><strong>non</strong></span> <span class='ocrx_word' id='word_1_671' title='bbox 1335 5557 1664 5628; x_wconf 86' lang='lat' dir='ltr'><strong>antiquissi-</strong></span> 
     </span>
    </p>
   </div>
   <div class='ocr_carea' id='block_1_91' title="bbox 95 5628 1414 5706">
    <p class='ocr_par' dir='ltr' id='par_1_91' title="bbox 95 5628 1414 5706">
     <span class='ocr_line' id='line_1_92' title="bbox 95 5628 1414 5706; baseline -0.002 -24"><span class='ocrx_word' id='word_1_672' title='bbox 95 5628 545 5706; x_wconf 39' lang='lat' dir='ltr'><strong>amenta-gas,</strong></span> <span class='ocrx_word' id='word_1_673' title='bbox 567 5632 888 5706; x_wconf 81' lang='lat' dir='ltr'><strong>ltoc_c_rimen</strong></span> <span class='ocrx_word' id='word_1_674' title='bbox 909 5630 1059 5706; x_wconf 62' lang='lat' dir='ltr'><strong>nobis</strong></span> <span class='ocrx_word' id='word_1_675' title='bbox 1099 5628 1414 5683; x_wconf 68' lang='lat' dir='ltr'><strong>intulerunt.</strong></span> 
     </span>
    </p>
   </div>
   <div class='ocr_carea' id='block_1_92' title="bbox 147 5697 1654 5777">
    <p class='ocr_par' dir='ltr' id='par_1_92' title="bbox 147 5697 1654 5777">
     <span class='ocr_line' id='line_1_93' title="bbox 147 5697 1654 5777; baseline -0.001 -19"><span class='ocrx_word' id='word_1_676' title='bbox 147 5698 246 5774; x_wconf 78' lang='grc'><strong>(21)</strong></span> <span class='ocrx_word' id='word_1_677' title='bbox 275 5697 978 5777; x_wconf 76' lang='grc' dir='ltr'>Πρὸστραγφδήσουσιν.</span> <span class='ocrx_word' id='word_1_678' title='bbox 1027 5697 1109 5756; x_wconf 85' lang='lat' dir='ltr'><strong>lta</strong></span> <span class='ocrx_word' id='word_1_679' title='bbox 1146 5710 1258 5758; x_wconf 86' lang='lat' dir='ltr'><strong>tres</strong></span> <span class='ocrx_word' id='word_1_680' title='bbox 1293 5699 1654 5757; x_wconf 84' lang='lat' dir='ltr'><strong>vetustissimi</strong></span> 
     </span>
    </p>
   </div>
   <div class='ocr_carea' id='block_1_93' title="bbox 1781 3275 3376 3348">
    <p class='ocr_par' dir='ltr' id='par_1_93' title="bbox 1781 3275 3376 3348">
     <span class='ocr_line' id='line_1_94' title="bbox 1781 3275 3376 3348; baseline 0 -16"><span class='ocrx_word' id='word_1_681' title='bbox 1781 3278 1961 3348; x_wconf 90' lang='lat' dir='ltr'><strong>ipsum</strong></span> <span class='ocrx_word' id='word_1_682' title='bbox 1995 3277 2139 3333; x_wconf 86' lang='lat' dir='ltr'><strong>inter</strong></span> <span class='ocrx_word' id='word_1_683' title='bbox 2180 3277 2432 3332; x_wconf 86' lang='lat' dir='ltr'><strong>homines</strong></span> <span class='ocrx_word' id='word_1_684' title='bbox 2465 3277 2670 3332; x_wconf 88' lang='lat' dir='ltr'><strong>virtute</strong></span> <span class='ocrx_word' id='word_1_685' title='bbox 2711 3275 3154 3346; x_wconf 85' lang='lat' dir='ltr'><strong>spectatissimos</strong></span> <span class='ocrx_word' id='word_1_686' title='bbox 3181 3291 3376 3332; x_wconf 85' lang='lat' dir='ltr'><strong>nume-</strong></span> 
     </span>
    </p>
   </div>
   <div class='ocr_carea' id='block_1_94' title="bbox 1779 3373 1972 3428">
    <p class='ocr_par' dir='ltr' id='par_1_94' title="bbox 1779 3373 1972 3428">
     <span class='ocr_line' id='line_1_95' title="bbox 1779 3373 1972 3428; baseline -0.01 0"><span class='ocrx_word' id='word_1_687' title='bbox 1779 3373 1972 3428; x_wconf 87' lang='lat' dir='ltr'><strong>rabam</strong></span> 
     </span>
    </p>
   </div>
   <div class='ocr_carea' id='block_1_95' title="bbox 1849 3463 3374 3535">
    <p class='ocr_par' dir='ltr' id='par_1_95' title="bbox 1849 3463 3374 3535">
     <span class='ocr_line' id='line_1_96' title="bbox 1849 3463 3374 3535; baseline -0.001 -15"><span class='ocrx_word' id='word_1_688' title='bbox 1849 3467 1903 3520; x_wconf 71' lang='grc'>2.</span> <span class='ocrx_word' id='word_1_689' title='bbox 1943 3464 2049 3520; x_wconf 89' lang='lat' dir='ltr'><strong>Sed</strong></span> <span class='ocrx_word' id='word_1_690' title='bbox 2087 3473 2270 3520; x_wconf 89' lang='lat' dir='ltr'><strong>tamen</strong></span> <span class='ocrx_word' id='word_1_691' title='bbox 2299 3465 2449 3520; x_wconf 88' lang='lat' dir='ltr'><strong>circa</strong></span> <span class='ocrx_word' id='word_1_692' title='bbox 2475 3472 2786 3520; x_wconf 76' lang='lat' dir='ltr'><strong>extremum</strong></span> <span class='ocrx_word' id='word_1_693' title='bbox 2819 3464 2947 3519; x_wconf 76' lang='lat' dir='ltr'><strong>vita:</strong></span> <span class='ocrx_word' id='word_1_694' title='bbox 2976 3471 3194 3534; x_wconf 91' lang='lat' dir='ltr'><strong>tempus</strong></span> <span class='ocrx_word' id='word_1_695' title='bbox 3228 3463 3374 3535; x_wconf 89' lang='lat' dir='ltr'><strong>(non</strong></span> 
     </span>
    </p>
   </div>
   <div class='ocr_carea' id='block_1_96' title="bbox 1778 3555 3376 3626">
    <p class='ocr_par' dir='ltr' id='par_1_96' title="bbox 1778 3555 3376 3626">
     <span class='ocr_line' id='line_1_97' title="bbox 1778 3555 3376 3626; baseline -0.001 -14"><span class='ocrx_word' id='word_1_696' title='bbox 1778 3557 1927 3612; x_wconf 88' lang='lat' dir='ltr'><strong>enim</strong></span> <span class='ocrx_word' id='word_1_697' title='bbox 1975 3556 2169 3611; x_wconf 86' lang='lat' dir='ltr'><strong>celabo</strong></span> <span class='ocrx_word' id='word_1_698' title='bbox 2225 3556 2554 3626; x_wconf 84' lang='lat' dir='ltr'><strong>veritatem)</strong></span> <span class='ocrx_word' id='word_1_699' title='bbox 2587 3555 2741 3611; x_wconf 90' lang='lat' dir='ltr'><strong>dolui</strong></span> <span class='ocrx_word' id='word_1_700' title='bbox 2795 3556 2863 3611; x_wconf 91' lang='lat' dir='ltr'><strong>de</strong></span> <span class='ocrx_word' id='word_1_701' title='bbox 2917 3556 3014 3610; x_wconf 92' lang='lat' dir='ltr'><strong>illo</strong></span> <span class='ocrx_word' id='word_1_702' title='bbox 3061 3556 3376 3611; x_wconf 82' lang='lat' dir='ltr'><strong>inconsola-</strong></span> 
     </span>
    </p>
   </div>
   <div class='ocr_carea' id='block_1_97' title="bbox 1777 3647 3370 3720">
    <p class='ocr_par' dir='ltr' id='par_1_97' title="bbox 1777 3647 3370 3720">
     <span class='ocr_line' id='line_1_98' title="bbox 1777 3647 3370 3720; baseline 0 -16"><span class='ocrx_word' id='word_1_703' title='bbox 1777 3649 1962 3704; x_wconf 89' lang='lat' dir='ltr'><strong>biliter</strong></span> <span class='ocrx_word' id='word_1_704' title='bbox 1995 3665 2120 3704; x_wconf 92' lang='lat' dir='ltr'><strong>cum</strong></span> <span class='ocrx_word' id='word_1_705' title='bbox 2142 3649 2392 3719; x_wconf 89' lang='lat' dir='ltr'><strong>pluribus</strong></span> <span class='ocrx_word' id='word_1_706' title='bbox 2415 3649 2468 3703; x_wconf 89' lang='lat' dir='ltr'><strong>in</strong></span> <span class='ocrx_word' id='word_1_707' title='bbox 2495 3649 2671 3720; x_wconf 87' lang='lat' dir='ltr'><strong>patria</strong></span> <span class='ocrx_word' id='word_1_708' title='bbox 2703 3648 2996 3704; x_wconf 88' lang='lat' dir='ltr'><strong>Dominum</strong></span> <span class='ocrx_word' id='word_1_709' title='bbox 3024 3647 3370 3712; x_wconf 78' lang='lat' dir='ltr'><strong>timentibus,</strong></span> 
     </span>
    </p>
   </div>
   <div class='ocr_carea' id='block_1_98' title="bbox 1779 3737 3374 3812">
    <p class='ocr_par' dir='ltr' id='par_1_98' title="bbox 1779 3737 3374 3812">
     <span class='ocr_line' id='line_1_99' title="bbox 1779 3737 3374 3812; baseline -0.003 -16"><span class='ocrx_word' id='word_1_710' title='bbox 1779 3741 1927 3812; x_wconf 89' lang='lat' dir='ltr'><strong>quod</strong></span> <span class='ocrx_word' id='word_1_711' title='bbox 1979 3741 2407 3810; x_wconf 89' lang='lat' dir='ltr'><strong>subscripsisset</strong></span> <span class='ocrx_word' id='word_1_712' title='bbox 2457 3740 2580 3795; x_wconf 85' lang='lat' dir='ltr'><strong>ﬁdei</strong></span> <span class='ocrx_word' id='word_1_713' title='bbox 2632 3755 2664 3793; x_wconf 91' lang='lat' dir='ltr'><strong>a</strong></span> <span class='ocrx_word' id='word_1_714' title='bbox 2694 3738 2932 3810; x_wconf 81' lang='lat' dir='ltr'><strong>Georgio</strong></span> <span class='ocrx_word' id='word_1_715' title='bbox 2977 3737 3374 3794; x_wconf 89' lang='lat' dir='ltr'><strong>Constantino-</strong></span> 
     </span>
    </p>
   </div>
   <div class='ocr_carea' id='block_1_99' title="bbox 1779 3830 3375 3904">
    <p class='ocr_par' dir='ltr' id='par_1_99' title="bbox 1779 3830 3375 3904">
     <span class='ocr_line' id='line_1_100' title="bbox 1779 3830 3375 3904; baseline -0.002 -16"><span class='ocrx_word' id='word_1_716' title='bbox 1779 3833 1889 3904; x_wconf 85' lang='lat' dir='ltr'><strong>poli</strong></span> <span class='ocrx_word' id='word_1_717' title='bbox 1932 3834 2132 3887; x_wconf 80' lang='lat' dir='ltr'><strong>allatae.</strong></span> <span class='ocrx_word' id='word_1_718' title='bbox 2167 3831 2394 3896; x_wconf 85' lang='lat' dir='ltr'><strong>Deinde,</strong></span> <span class='ocrx_word' id='word_1_719' title='bbox 2424 3840 2486 3886; x_wconf 89' lang='lat' dir='ltr'><strong>ut</strong></span> <span class='ocrx_word' id='word_1_720' title='bbox 2509 3833 2598 3887; x_wconf 90' lang='lat' dir='ltr'><strong>ille</strong></span> <span class='ocrx_word' id='word_1_721' title='bbox 2631 3847 2732 3902; x_wconf 87' lang='lat' dir='ltr'><strong>pro</strong></span> <span class='ocrx_word' id='word_1_722' title='bbox 2757 3846 2857 3888; x_wconf 90' lang='lat' dir='ltr'><strong>sua</strong></span> <span class='ocrx_word' id='word_1_723' title='bbox 2893 3845 3110 3885; x_wconf 92' lang='lat' dir='ltr'><strong>morum</strong></span> <span class='ocrx_word' id='word_1_724' title='bbox 3144 3830 3375 3885; x_wconf 83' lang='lat' dir='ltr'><strong>lenitate</strong></span> 
     </span>
    </p>
   </div>
   <div class='ocr_carea' id='block_1_100' title="bbox 1779 3923 3371 3996">
    <p class='ocr_par' dir='ltr' id='par_1_100' title="bbox 1779 3923 3371 3996">
     <span class='ocr_line' id='line_1_101' title="bbox 1779 3923 3371 3996; baseline -0.003 -14"><span class='ocrx_word' id='word_1_725' title='bbox 1779 3933 1834 3982; x_wconf 90' lang='lat' dir='ltr'><strong>et</strong></span> <span class='ocrx_word' id='word_1_726' title='bbox 1860 3925 2285 3980; x_wconf 85' lang='lat' dir='ltr'><strong>mansuetudine</strong></span> <span class='ocrx_word' id='word_1_727' title='bbox 2334 3941 2445 3980; x_wconf 90' lang='lat' dir='ltr'><strong>non</strong></span> <span class='ocrx_word' id='word_1_728' title='bbox 2481 3925 2817 3996; x_wconf 83' lang='lat' dir='ltr'><strong>gravabatur</strong></span> <span class='ocrx_word' id='word_1_729' title='bbox 2853 3923 3110 3979; x_wconf 88' lang='lat' dir='ltr'><strong>omnibus</strong></span> <span class='ocrx_word' id='word_1_730' title='bbox 3139 3931 3371 3993; x_wconf 89' lang='lat' dir='ltr'><strong>paterno</strong></span> 
     </span>
    </p>
   </div>
   <div class='ocr_carea' id='block_1_101' title="bbox 1778 4015 3372 4089">
    <p class='ocr_par' dir='ltr' id='par_1_101' title="bbox 1778 4015 3372 4089">
     <span class='ocr_line' id='line_1_102' title="bbox 1778 4015 3372 4089; baseline -0.003 -16"><span class='ocrx_word' id='word_1_731' title='bbox 1778 4026 2004 4089; x_wconf 85' lang='lat' dir='ltr'><strong>pectore</strong></span> <span class='ocrx_word' id='word_1_732' title='bbox 2053 4017 2399 4077; x_wconf 79' lang='lat' dir='ltr'><strong>satisfacere.</strong></span> <span class='ocrx_word' id='word_1_733' title='bbox 2430 4031 2554 4071; x_wconf 92' lang='lat' dir='ltr'><strong>cum</strong></span> <span class='ocrx_word' id='word_1_734' title='bbox 2582 4017 2696 4086; x_wconf 87' lang='lat' dir='ltr'><strong>jam</strong></span> <span class='ocrx_word' id='word_1_735' title='bbox 2745 4017 2800 4070; x_wconf 92' lang='lat' dir='ltr'><strong>in</strong></span> <span class='ocrx_word' id='word_1_736' title='bbox 2848 4015 3126 4078; x_wconf 81' lang='lat' dir='ltr'><strong>morbum,</strong></span> <span class='ocrx_word' id='word_1_737' title='bbox 3158 4030 3226 4068; x_wconf 78' lang='lat' dir='ltr'><strong>ex</strong></span> <span class='ocrx_word' id='word_1_738' title='bbox 3261 4029 3372 4084; x_wconf 90' lang='lat' dir='ltr'><strong>quo</strong></span> 
     </span>
    </p>
   </div>
   <div class='ocr_carea' id='block_1_102' title="bbox 1778 4106 3366 4174">
    <p class='ocr_par' dir='ltr' id='par_1_102' title="bbox 1778 4106 3366 4174">
     <span class='ocr_line' id='line_1_103' title="bbox 1778 4106 3366 4174; baseline -0.003 -8"><span class='ocrx_word' id='word_1_739' title='bbox 1778 4111 1945 4166; x_wconf 90' lang='lat' dir='ltr'><strong>etiam</strong></span> <span class='ocrx_word' id='word_1_740' title='bbox 1972 4125 2001 4165; x_wconf 93' lang='lat' dir='ltr'><strong>e</strong></span> <span class='ocrx_word' id='word_1_741' title='bbox 2034 4110 2146 4163; x_wconf 90' lang='lat' dir='ltr'><strong>vita</strong></span> <span class='ocrx_word' id='word_1_742' title='bbox 2184 4110 2465 4174; x_wconf 88' lang='lat' dir='ltr'><strong>discessit,</strong></span> <span class='ocrx_word' id='word_1_743' title='bbox 2500 4108 2820 4174; x_wconf 89' lang='lat' dir='ltr'><strong>incidisset;</strong></span> <span class='ocrx_word' id='word_1_744' title='bbox 2871 4106 3034 4162; x_wconf 91' lang='lat' dir='ltr'><strong>nobis</strong></span> <span class='ocrx_word' id='word_1_745' title='bbox 3060 4107 3366 4169; x_wconf 84' lang='lat' dir='ltr'><strong>accersitis.</strong></span> 
     </span>
    </p>
   </div>
   <div class='ocr_carea' id='block_1_103' title="bbox 1779 4197 3370 4270">
    <p class='ocr_par' dir='ltr' id='par_1_103' title="bbox 1779 4197 3370 4270">
     <span class='ocr_line' id='line_1_104' title="bbox 1779 4197 3370 4270; baseline -0.003 -13"><span class='ocrx_word' id='word_1_746' title='bbox 1779 4202 1953 4264; x_wconf 86' lang='lat' dir='ltr'><strong>dixit,</strong></span> <span class='ocrx_word' id='word_1_747' title='bbox 2015 4200 2249 4256; x_wconf 91' lang='lat' dir='ltr'><strong>Domino</strong></span> <span class='ocrx_word' id='word_1_748' title='bbox 2303 4209 2477 4266; x_wconf 88' lang='lat' dir='ltr'><strong>teste,</strong></span> <span class='ocrx_word' id='word_1_749' title='bbox 2514 4216 2576 4257; x_wconf 92' lang='lat' dir='ltr'><strong>se</strong></span> <span class='ocrx_word' id='word_1_750' title='bbox 2619 4200 2830 4270; x_wconf 89' lang='lat' dir='ltr'><strong>scripto</strong></span> <span class='ocrx_word' id='word_1_751' title='bbox 2888 4197 3370 4268; x_wconf 83' lang='lat' dir='ltr'><strong>Constantinopoli</strong></span> 
     </span>
    </p>
   </div>
   <div class='ocr_carea' id='block_1_104' title="bbox 1780 4286 3371 4364">
    <p class='ocr_par' dir='ltr' id='par_1_104' title="bbox 1780 4286 3371 4364">
     <span class='ocr_line' id='line_1_105' title="bbox 1780 4286 3371 4364; baseline -0.003 -16"><span class='ocrx_word' id='word_1_752' title='bbox 1780 4293 1948 4348; x_wconf 87' lang='lat' dir='ltr'><strong>allato</strong></span> <span class='ocrx_word' id='word_1_753' title='bbox 1981 4293 2038 4346; x_wconf 90' lang='lat' dir='ltr'><strong>in</strong></span> <span class='ocrx_word' id='word_1_754' title='bbox 2086 4293 2446 4364; x_wconf 89' lang='lat' dir='ltr'><strong>simplicitate</strong></span> <span class='ocrx_word' id='word_1_755' title='bbox 2476 4291 2662 4346; x_wconf 92' lang='lat' dir='ltr'><strong>cordis</strong></span> <span class='ocrx_word' id='word_1_756' title='bbox 2712 4289 3046 4352; x_wconf 89' lang='lat' dir='ltr'><strong>assensisse,</strong></span> <span class='ocrx_word' id='word_1_757' title='bbox 3083 4286 3182 4343; x_wconf 88' lang='lat' dir='ltr'><strong>sed</strong></span> <span class='ocrx_word' id='word_1_758' title='bbox 3231 4286 3371 4343; x_wconf 81' lang='lat' dir='ltr'><strong>nihil</strong></span> 
     </span>
    </p>
   </div>
   <div class='ocr_carea' id='block_1_105' title="bbox 1777 4381 3369 4451">
    <p class='ocr_par' dir='ltr' id='par_1_105' title="bbox 1777 4381 3369 4451">
     <span class='ocr_line' id='line_1_106' title="bbox 1777 4381 3369 4451; baseline -0.002 -13"><span class='ocrx_word' id='word_1_759' title='bbox 1777 4386 1844 4439; x_wconf 86' lang='lat' dir='ltr'><strong>ad</strong></span> <span class='ocrx_word' id='word_1_760' title='bbox 1894 4385 2018 4440; x_wconf 78' lang='lat' dir='ltr'><strong>fidei</strong></span> <span class='ocrx_word' id='word_1_761' title='bbox 2059 4384 2256 4441; x_wconf 68' lang='lat' dir='ltr'><strong>Nicaeae</strong></span> <span class='ocrx_word' id='word_1_762' title='bbox 2290 4401 2320 4440; x_wconf 91' lang='lat' dir='ltr'><strong>a</strong></span> <span class='ocrx_word' id='word_1_763' title='bbox 2356 4385 2564 4441; x_wconf 89' lang='lat' dir='ltr'><strong>sanctis</strong></span> <span class='ocrx_word' id='word_1_764' title='bbox 2610 4383 2868 4440; x_wconf 85' lang='lat' dir='ltr'><strong>Patribus</strong></span> <span class='ocrx_word' id='word_1_765' title='bbox 2900 4381 3164 4451; x_wconf 73' lang='lat' dir='ltr'><strong>exposita:</strong></span> <span class='ocrx_word' id='word_1_766' title='bbox 3207 4395 3369 4436; x_wconf 85' lang='lat' dir='ltr'><strong>ever-</strong></span> 
     </span>
    </p>
   </div>
   <div class='ocr_carea' id='block_1_106' title="bbox 1779 4474 3371 4551">
    <p class='ocr_par' dir='ltr' id='par_1_106' title="bbox 1779 4474 3371 4551">
     <span class='ocr_line' id='line_1_107' title="bbox 1779 4474 3371 4551; baseline -0.003 -16"><span class='ocrx_word' id='word_1_767' title='bbox 1779 4480 1993 4536; x_wconf 88' lang='lat' dir='ltr'><strong>sionem</strong></span> <span class='ocrx_word' id='word_1_768' title='bbox 2051 4480 2157 4534; x_wconf 91' lang='lat' dir='ltr'><strong>sibi</strong></span> <span class='ocrx_word' id='word_1_769' title='bbox 2214 4479 2606 4551; x_wconf 90' lang='lat' dir='ltr'><strong>proposuisse,</strong></span> <span class='ocrx_word' id='word_1_770' title='bbox 2651 4493 2830 4548; x_wconf 88' lang='lat' dir='ltr'><strong>neque</strong></span> <span class='ocrx_word' id='word_1_771' title='bbox 2894 4475 3046 4530; x_wconf 88' lang='lat' dir='ltr'><strong>aliud</strong></span> <span class='ocrx_word' id='word_1_772' title='bbox 3093 4474 3152 4530; x_wconf 91' lang='lat' dir='ltr'><strong>in</strong></span> <span class='ocrx_word' id='word_1_773' title='bbox 3201 4474 3371 4530; x_wconf 84' lang='lat' dir='ltr'><strong>corde</strong></span> 
     </span>
    </p>
   </div>
   <div class='ocr_carea' id='block_1_107' title="bbox 1779 4569 3368 4645">
    <p class='ocr_par' dir='ltr' id='par_1_107' title="bbox 1779 4569 3368 4645">
     <span class='ocr_line' id='line_1_108' title="bbox 1779 4569 3368 4645; baseline -0.003 -18"><span class='ocrx_word' id='word_1_774' title='bbox 1779 4573 2004 4639; x_wconf 87' lang='lat' dir='ltr'><strong>habere,</strong></span> <span class='ocrx_word' id='word_1_775' title='bbox 2032 4589 2194 4644; x_wconf 90' lang='lat' dir='ltr'><strong>quam</strong></span> <span class='ocrx_word' id='word_1_776' title='bbox 2238 4574 2386 4645; x_wconf 84' lang='lat' dir='ltr'><strong>quod</strong></span> <span class='ocrx_word' id='word_1_777' title='bbox 2416 4574 2486 4628; x_wconf 91' lang='lat' dir='ltr'><strong>ab</strong></span> <span class='ocrx_word' id='word_1_778' title='bbox 2529 4572 2688 4627; x_wconf 91' lang='lat' dir='ltr'><strong>initio</strong></span> <span class='ocrx_word' id='word_1_779' title='bbox 2733 4569 2999 4625; x_wconf 91' lang='lat' dir='ltr'><strong>traditum</strong></span> <span class='ocrx_word' id='word_1_780' title='bbox 3039 4575 3368 4638; x_wconf 85' lang='lat' dir='ltr'><strong>acceperat:</strong></span> 
     </span>
    </p>
   </div>
   <div class='ocr_carea' id='block_1_108' title="bbox 1780 4659 3369 4738">
    <p class='ocr_par' dir='ltr' id='par_1_108' title="bbox 1780 4659 3369 4738">
     <span class='ocr_line' id='line_1_109' title="bbox 1780 4659 3369 4738; baseline -0.004 -19"><span class='ocrx_word' id='word_1_781' title='bbox 1780 4665 1893 4720; x_wconf 89' lang='lat' dir='ltr'><strong>imo</strong></span> <span class='ocrx_word' id='word_1_782' title='bbox 1922 4666 2088 4720; x_wconf 88' lang='lat' dir='ltr'><strong>etiam</strong></span> <span class='ocrx_word' id='word_1_783' title='bbox 2118 4666 2335 4738; x_wconf 81' lang='lat' dir='ltr'><strong>precari</strong></span> <span class='ocrx_word' id='word_1_784' title='bbox 2367 4681 2447 4730; x_wconf 90' lang='lat' dir='ltr'><strong>se,</strong></span> <span class='ocrx_word' id='word_1_785' title='bbox 2480 4673 2543 4720; x_wconf 92' lang='lat' dir='ltr'><strong>ut</strong></span> <span class='ocrx_word' id='word_1_786' title='bbox 2578 4681 2648 4720; x_wconf 88' lang='lat' dir='ltr'><strong>ne</strong></span> <span class='ocrx_word' id='word_1_787' title='bbox 2681 4672 2969 4735; x_wconf 85' lang='lat' dir='ltr'><strong>separetur</strong></span> <span class='ocrx_word' id='word_1_788' title='bbox 3001 4676 3032 4716; x_wconf 89' lang='lat' dir='ltr'><strong>a</strong></span> <span class='ocrx_word' id='word_1_789' title='bbox 3059 4668 3208 4716; x_wconf 89' lang='lat' dir='ltr'><strong>sorte</strong></span> <span class='ocrx_word' id='word_1_790' title='bbox 3237 4659 3369 4716; x_wconf 85' lang='lat' dir='ltr'><strong>bea-</strong></span> 
     </span>
    </p>
   </div>
   <div class='ocr_carea' id='block_1_109' title="bbox 1781 4756 3366 4829">
    <p class='ocr_par' dir='ltr' id='par_1_109' title="bbox 1781 4756 3366 4829">
     <span class='ocr_line' id='line_1_110' title="bbox 1781 4756 3366 4829; baseline -0.001 -19"><span class='ocrx_word' id='word_1_791' title='bbox 1781 4765 1966 4812; x_wconf 90' lang='lat' dir='ltr'><strong>torum</strong></span> <span class='ocrx_word' id='word_1_792' title='bbox 2017 4765 2398 4814; x_wconf 88' lang='lat' dir='ltr'><strong>trecentorum</strong></span> <span class='ocrx_word' id='word_1_793' title='bbox 2432 4757 2622 4814; x_wconf 86' lang='lat' dir='ltr'><strong>decem</strong></span> <span class='ocrx_word' id='word_1_794' title='bbox 2675 4765 2731 4813; x_wconf 92' lang='lat' dir='ltr'><strong>et</strong></span> <span class='ocrx_word' id='word_1_795' title='bbox 2775 4765 2903 4812; x_wconf 89' lang='lat' dir='ltr'><strong>octo</strong></span> <span class='ocrx_word' id='word_1_796' title='bbox 2949 4756 3366 4829; x_wconf 88' lang='lat' dir='ltr'><strong>episcoporum,</strong></span> 
     </span>
    </p>
   </div>
   <div class='ocr_carea' id='block_1_110' title="bbox 1769 5063 3373 5138">
    <p class='ocr_par' dir='ltr' id='par_1_110' title="bbox 1769 5063 3373 5138">
     <span class='ocr_line' id='line_1_111' title="bbox 1769 5063 3373 5138; baseline 0.002 -19"><span class='ocrx_word' id='word_1_797' title='bbox 1769 5063 1994 5122; x_wconf 85' lang='lat' dir='ltr'><strong>codices</strong></span> <span class='ocrx_word' id='word_1_798' title='bbox 2052 5079 2176 5121; x_wconf 90' lang='lat' dir='ltr'><strong>cum</strong></span> <span class='ocrx_word' id='word_1_799' title='bbox 2239 5066 2492 5138; x_wconf 90' lang='lat' dir='ltr'><strong>pluribus</strong></span> <span class='ocrx_word' id='word_1_800' title='bbox 2545 5066 2690 5122; x_wconf 87' lang='lat' dir='ltr'><strong>aliis.</strong></span> <span class='ocrx_word' id='word_1_801' title='bbox 2744 5063 2888 5120; x_wconf 87' lang='lat' dir='ltr'><strong>Editi</strong></span> <span class='ocrx_word' id='word_1_802' title='bbox 2943 5066 3373 5138; x_wconf 78' lang='grc' dir='ltr'>προστραγῳδή-</span> 
     </span>
    </p>
   </div>
   <div class='ocr_carea' id='block_1_111' title="bbox 1773 5151 1961 5191">
    <p class='ocr_par' dir='ltr' id='par_1_111' title="bbox 1773 5151 1961 5191">
     <span class='ocr_line' id='line_1_112' title="bbox 1773 5151 1961 5191; baseline 0.011 -3"><span class='ocrx_word' id='word_1_803' title='bbox 1773 5151 1961 5191; x_wconf 89' lang='grc' dir='ltr'>σωσιν.</span> 
     </span>
    </p>
   </div>
   <div class='ocr_carea' id='block_1_112' title="bbox 1843 5204 3367 5276">
    <p class='ocr_par' dir='ltr' id='par_1_112' title="bbox 1843 5204 3367 5276">
     <span class='ocr_line' id='line_1_113' title="bbox 1843 5204 3367 5276; baseline 0 -16"><span class='ocrx_word' id='word_1_804' title='bbox 1843 5206 1954 5276; x_wconf 71' lang='lat'><strong>(2‘2)</strong></span> <span class='ocrx_word' id='word_1_805' title='bbox 2012 5207 2403 5275; x_wconf 77' lang='grc' dir='ltr'>Ἐλευθέριον.</span> <span class='ocrx_word' id='word_1_806' title='bbox 2444 5205 2581 5276; x_wconf 77' lang='lat' dir='ltr'><strong>Reg.</strong></span> <span class='ocrx_word' id='word_1_807' title='bbox 2629 5204 2908 5262; x_wconf 90' lang='lat' dir='ltr'><strong>secundus</strong></span> <span class='ocrx_word' id='word_1_808' title='bbox 2958 5212 3013 5260; x_wconf 85' lang='lat' dir='ltr'><strong>et</strong></span> <span class='ocrx_word' id='word_1_809' title='bbox 3056 5204 3228 5276; x_wconf 82' lang='lat' dir='ltr'><strong>Coisl.</strong></span> <span class='ocrx_word' id='word_1_810' title='bbox 3276 5220 3367 5260; x_wconf 85' lang='lat' dir='ltr'><strong>se-</strong></span> 
     </span>
    </p>
   </div>
   <div class='ocr_carea' id='block_1_113' title="bbox 1771 5275 3364 5348">
    <p class='ocr_par' dir='ltr' id='par_1_113' title="bbox 1771 5275 3364 5348">
     <span class='ocr_line' id='line_1_114' title="bbox 1771 5275 3364 5348; baseline 0 -17"><span class='ocrx_word' id='word_1_811' title='bbox 1771 5279 1988 5348; x_wconf 85' lang='lat' dir='ltr'><strong>cundus</strong></span> <span class='ocrx_word' id='word_1_812' title='bbox 2027 5278 2332 5348; x_wconf 78' lang='grc' dir='ltr'>ἐλεύθερον.</span> <span class='ocrx_word' id='word_1_813' title='bbox 2369 5275 2543 5348; x_wconf 86' lang='lat' dir='ltr'><strong>Paulo</strong></span> <span class='ocrx_word' id='word_1_814' title='bbox 2568 5286 2692 5348; x_wconf 87' lang='lat' dir='ltr'><strong>post</strong></span> <span class='ocrx_word' id='word_1_815' title='bbox 2715 5291 2780 5330; x_wconf 82' lang='lat' dir='ltr'><strong>ex</strong></span> <span class='ocrx_word' id='word_1_816' title='bbox 2809 5276 3050 5346; x_wconf 90' lang='lat' dir='ltr'><strong>antiquis</strong></span> <span class='ocrx_word' id='word_1_817' title='bbox 3078 5275 3364 5331; x_wconf 88' lang='lat' dir='ltr'><strong>codicibus</strong></span> 
     </span>
    </p>
   </div>
   <div class='ocr_carea' id='block_1_114' title="bbox 1771 5346 2748 5420">
    <p class='ocr_par' dir='ltr' id='par_1_114' title="bbox 1771 5346 2748 5420">
     <span class='ocr_line' id='line_1_115' title="bbox 1771 5346 2748 5420; baseline -0.001 -19"><span class='ocrx_word' id='word_1_818' title='bbox 1771 5347 1958 5420; x_wconf 60' lang='lat' dir='ltr'><strong>addita</strong></span> <span class='ocrx_word' id='word_1_819' title='bbox 1988 5350 2180 5403; x_wconf 87' lang='lat' dir='ltr'><strong>vocula</strong></span> <span class='ocrx_word' id='word_1_820' title='bbox 2194 5346 2334 5420; x_wconf 28' lang='lat' dir='ltr'><strong>Apost</strong></span> <span class='ocrx_word' id='word_1_821' title='bbox 2387 5346 2748 5420; x_wconf 69' lang='grc' dir='ltr'>μεγαλοφυές.</span> 
     </span>
    </p>
   </div>
   <div class='ocr_carea' id='block_1_115' title="bbox 1849 5412 3368 5489">
    <p class='ocr_par' dir='ltr' id='par_1_115' title="bbox 1849 5412 3368 5489">
     <span class='ocr_line' id='line_1_116' title="bbox 1849 5412 3368 5489; baseline 0.002 -18"><span class='ocrx_word' id='word_1_822' title='bbox 1849 5417 1963 5488; x_wconf 73' lang='grc'><strong>(25)</strong></span> <span class='ocrx_word' id='word_1_823' title='bbox 1999 5419 2148 5473; x_wconf 85' lang='grc' dir='ltr'>Ὅσα</span> <span class='ocrx_word' id='word_1_824' title='bbox 2177 5412 2359 5472; x_wconf 66' lang='grc' dir='ltr'>ἄλλα.</span> <span class='ocrx_word' id='word_1_825' title='bbox 2387 5412 2536 5489; x_wconf 64' lang='grc' dir='ltr'>Ἐδίιί</span> <span class='ocrx_word' id='word_1_826' title='bbox 2575 5412 2784 5471; x_wconf 80' lang='lat' dir='ltr'><strong>addunt</strong></span> <span class='ocrx_word' id='word_1_827' title='bbox 2820 5412 2889 5489; x_wconf 79' lang='grc' dir='ltr'>ἦν</span> <span class='ocrx_word' id='word_1_828' title='bbox 2925 5416 3073 5488; x_wconf 90' lang='lat' dir='ltr'><strong>quod</strong></span> <span class='ocrx_word' id='word_1_829' title='bbox 3115 5414 3270 5472; x_wconf 86' lang='lat' dir='ltr'><strong>deest</strong></span> <span class='ocrx_word' id='word_1_830' title='bbox 3303 5413 3368 5475; x_wconf 82' lang='lat' dir='ltr'><strong>in</strong></span> 
     </span>
    </p>
   </div>
   <div class='ocr_carea' id='block_1_116' title="bbox 1773 5487 2696 5544">
    <p class='ocr_par' dir='ltr' id='par_1_116' title="bbox 1773 5487 2696 5544">
     <span class='ocr_line' id='line_1_117' title="bbox 1773 5487 2696 5544; baseline 0.003 -3"><span class='ocrx_word' id='word_1_831' title='bbox 1773 5487 1952 5544; x_wconf 86' lang='lat' dir='ltr'><strong>tribus</strong></span> <span class='ocrx_word' id='word_1_832' title='bbox 1972 5489 2364 5544; x_wconf 90' lang='lat' dir='ltr'><strong>vetustissimis</strong></span> <span class='ocrx_word' id='word_1_833' title='bbox 2390 5488 2696 5544; x_wconf 83' lang='lat' dir='ltr'><strong>codicibus.</strong></span> 
     </span>
    </p>
   </div>
   <div class='ocr_carea' id='block_1_117' title="bbox 1842 5555 3368 5634">
    <p class='ocr_par' dir='ltr' id='par_1_117' title="bbox 1842 5555 3368 5634">
     <span class='ocr_line' id='line_1_118' title="bbox 1842 5555 3368 5634; baseline 0 -22"><span class='ocrx_word' id='word_1_834' title='bbox 1842 5560 1955 5630; x_wconf 70' lang='lat'><strong>(24)</strong></span> <span class='ocrx_word' id='word_1_835' title='bbox 1993 5559 2311 5631; x_wconf 81' lang='grc' dir='ltr'>Γεώργιον.</span> <span class='ocrx_word' id='word_1_836' title='bbox 2352 5558 2485 5633; x_wconf 78' lang='lat' dir='ltr'><strong>Reg.</strong></span> <span class='ocrx_word' id='word_1_837' title='bbox 2540 5559 2820 5618; x_wconf 87' lang='lat' dir='ltr'><strong>secundus</strong></span> <span class='ocrx_word' id='word_1_838' title='bbox 2853 5567 2909 5617; x_wconf 90' lang='lat' dir='ltr'><strong>et</strong></span> <span class='ocrx_word' id='word_1_839' title='bbox 2955 5557 3131 5616; x_wconf 86' lang='lat' dir='ltr'><strong>Coisl.</strong></span> <span class='ocrx_word' id='word_1_840' title='bbox 3181 5555 3368 5634; x_wconf 78' lang='grc' dir='ltr'>Γεῶρ-</span> 
     </span>
    </p>
   </div>
   <div class='ocr_carea' id='block_1_118' title="bbox 1763 5646 1936 5698">
    <p class='ocr_par' dir='ltr' id='par_1_118' title="bbox 1763 5646 1936 5698">
     <span class='ocr_line' id='line_1_119' title="bbox 1763 5646 1936 5698; baseline 0.029 -13"><span class='ocrx_word' id='word_1_841' title='bbox 1763 5646 1936 5698; x_wconf 90' lang='grc' dir='ltr'>γινον.</span> 
     </span>
    </p>
   </div>
  </div>
