3870 6218
153 260 232 327 393
1068 252 1557 320 EPISTOLARUM
1593 255 1884 315 CLASSIS
1919 256 1983 312 li.
2023 256 2244 315 EPIST.
2287 256 2397 315 LII.

3258 257 3365 324 898

152 377 401 441 αὐθαδείας
425 376 560 449 ,(35)
592 376 794 448 γέμον·
827 375 889 431 τὺ
925 375 983 431 δὲ
1027 375 1187 431 πάλιν
1215 377 1306 444 ὑφ’
1341 374 1545 446 ἐτέρων
1582 371 1694 426 δια-

1802 369 2011 426 videtur
2043 370 2099 426 id
2142 370 2381 442 quodam
2412 368 2576 426 modo
2608 370 2942 429 mediocrem
2984 372 3093 431 illis
3133 389 3367 433 excusaa

153 472 404 543 ϐληθεῖσαν
437 472 608 542 αὐτὴν
641 470 882 525 ὓποτπον
931 469 1076 541 ἔχειν
1104 508 1121 533 ,
1166 467 1326 523 τοῦτὸ
1373 482 1493 530 πως
1542 464 1692 519 δοκεῖ

152 563 223 616 τοῦ
245 562 580 633 ἐγκλήματος
600 562 795 625 αὐτοὺς
823 556 1058 634 μετρίως
1084 558 1422 631 ἐλευθεροῦν.
1446 558 1558 613 Καὶ
1580 556 1691 629 γὰρ

152 654 212 724 τῷ
237 654 339 708 δντι
383 654 494 725 (56)
519 692 535 716 ,
567 654 620 707 οἱ
660 654 754 707 ἐπὶ
790 652 991 724 Παύλῳ
1042 651 1122 723 τῷ
1161 651 1470 722 Σαμοσατεῖ
1513 648 1692 702 συνελ-

151 746 328 811 θόντες,
373 745 619 799 διέϐαλον
645 745 746 816 τὴν
768 743 913 810 λέξιν
943 742 1021 808 ὡς
1055 736 1156 798 οὐκ
1187 742 1404 814 εὔηχον.
1440 741 1689 812 Ἔφασαν

151 836 235 907 γὰρ
267 839 463 891 ἐκεῖνοι
497 837 597 909 τὴν
637 839 732 891 τοῦ
768 838 1056 908 ὀμοουσίου
1091 836 1272 909 φωνὴν
1304 837 1575 908 παριστᾷν
1604 833 1684 887 εν-

149 937 265 978 νοιαν
290 926 481 989 οὐσίας
521 943 583 979 τε
622 916 716 979 καὶ
750 926 860 979 τῶν
895 928 990 979 ἀπ’
1014 927 1219 998 αὐτῆς·
1265 925 1405 980 ὥστε
1448 941 1692 996 καταμε-

150 1013 389 1082 ρισθείσαν
431 1015 532 1087 τὴν
575 1008 763 1070 οὐσῖαν
811 1016 1074 1088 παρέχειν
1120 1015 1216 1069 τοῦ
1266 1016 1555 1085 ὁμοουσίου
1588 1016 1690 1086 τὴν

146 1105 483 1177 προσηγορίαν
515 1110 629 1171 τοῖς
656 1109 736 1170 εἰς
760 1106 797 1160 ἃ
815 1107 1061 1179 διῃρέθη.
1095 1107 1267 1160 Τοῦτο
1288 1107 1345 1160 δὲ
1367 1106 1460 1160 ἐπὶ
1483 1105 1689 1177 χαλκοῦ

147 1192 241 1263 μὲν
258 1197 343 1249 καὶ
366 1196 477 1249 τῶν
507 1196 603 1251 ἀπ’
631 1198 797 1251 αὐτοῦ
838 1199 1190 1269 νομισμάτων
1224 1199 1338 1270 ἔχει
1374 1198 1495 1252 τινὰ
1531 1197 1689 1265 λόγον

145 1285 195 1337 τὸ
212 1285 462 1356 διανόημα
488 1304 500 1317 ·
550 1284 644 1340 ἐπὶ
697 1288 755 1341 δὲ
799 1287 937 1341 Θεοῦ
967 1289 1181 1360 Πατρὸς
1229 1290 1325 1342 καὶ
1368 1288 1506 1342 Θεοῦ
1555 1288 1688 1342 Υἱοῦ

145 1376 224 1429 οὐκ
260 1377 412 1431 οὐσία
461 1378 809 1450 πρεσϐυτέρα
835 1417 851 1442 ,
901 1379 1011 1432 οὐδ’
1064 1366 1434 1451 ὑπερκειμένη
1483 1374 1689 1449 ἀμφοῖν

147 1464 396 1537 θεωρεῖται
423 1485 438 1498 ·
470 1468 724 1531 ἀσεϐείας
750 1468 858 1539 γὰρ
886 1469 1146 1523 ἐπέκεινα
1183 1470 1342 1524 τοῦτο
1367 1470 1464 1524 καὶ
1496 1472 1688 1541 νοῆσαι

144 1557 221 1610 καὶ
252 1557 600 1627 φθέγξασθαι.
643 1561 707 1614 Τί
748 1562 856 1632 γὰρ
892 1560 959 1615 ἂν
1004 1561 1214 1631 γένοιτο
1257 1559 1353 1616 τοῦ
1389 1561 1688 1632 ἁγεννήτου

145 1651 522 1725 πρεσϐύτερονς
588 1653 914 1726 Ἀναιρεῖται
963 1654 1020 1708 δὲ
1079 1656 1146 1708 ὲκ
1190 1657 1291 1726 τῆς
1342 1654 1689 1725 βλασφημίας

1790 459 1959 515 tionis
1980 461 2195 516 veniam
2225 461 2545 517 conciliare.
2572 460 2710 518 Nam
2758 479 2949 520 revera
2980 467 3075 536 qui
3103 468 3159 522 in
3211 467 3366 524 Pauli

1792 548 2198 608 Samosatensis
2220 567 2392 608 causa
2414 562 2803 621 convenerant,
2825 571 3016 613 vocem
3046 559 3185 614 hanc
3207 561 3368 632 quasi

1789 642 1932 697 male
1962 651 2251 699 sonantem
2299 644 2616 715 culparuut.
2646 644 2915 702 Dixerunt
2947 648 3095 704 enim
3127 652 3368 708 consubc

1789 735 2066 791 stantialis
2115 750 2251 792 voce
2307 737 2553 793 exhiberi
2604 739 2880 795 notionem
2931 741 3251 798 substantiae
3311 752 3369 800 et

1789 840 1981 882 eorum
2009 842 2133 899 qua:
2155 841 2224 885 ex
2252 830 2591 897 substantia;
2621 830 2758 887 adeo
2804 841 2866 887 ut
2897 832 3071 889 divisa
3111 835 3370 890 subStan-

1789 918 1867 972 tia
1905 919 2329 990 appellationem
2372 923 2862 980 consubstantialis
2915 926 3172 981 conciliet
3208 928 3277 983 iis
3308 929 3367 983 in

1789 1022 1913 1077 qua:
1935 1008 2113 1065 divisa
2146 1017 2254 1065 est.
2295 1009 2429 1077 Quae
2464 1011 2685 1082 quidem
2735 1012 2996 1083 cogitatio
3037 1014 3218 1069 locum
3264 1016 3369 1069 ali-

1789 1114 1955 1169 quem
1980 1099 2143 1157 habet
2182 1102 2240 1157 in
2270 1118 2397 1158 aere
2424 1110 2479 1158 et
2505 1102 2561 1157 in
2594 1102 2846 1159 conﬂatis
2873 1120 2939 1159 ex
2967 1120 3032 1160 eo
3060 1107 3367 1162 numisma-

1790 1189 1975 1245 tibus:
2007 1200 2063 1245 at
2092 1191 2149 1244 in
2193 1190 2303 1247 Deo
2349 1190 2511 1247 Patre
2537 1199 2592 1247 et
2635 1192 2690 1247 in
2723 1192 2837 1248 Deo
2875 1193 3015 1248 Filio
3057 1195 3369 1252 substantia

1790 1294 1903 1335 non
1933 1290 2018 1336 est
2067 1282 2376 1353 antiquior,
2407 1299 2585 1353 neque
2627 1285 2848 1355 utrique
2905 1289 3248 1357 superposita
3278 1289 3370 1344 in-

1789 1371 2093 1445 telligitur:
2129 1372 2235 1429 hoc
2280 1375 2427 1430 enim
2459 1376 2723 1446 cogitare,
2764 1383 2859 1431 aut
2894 1378 3101 1444 dicere,
3148 1395 3370 1437 omnem

1791 1464 2093 1537 impietatis
2139 1467 2365 1523 modum
2426 1470 2663 1525 excedit.
2713 1469 2857 1537 Quid
2920 1472 3074 1527 enim
3124 1475 3369 1544 ingenito

1790 1558 2070 1628 antiquius
2108 1559 2219 1615 sit?
2249 1559 2487 1616 Tollitur
2514 1562 2679 1617 etiam
2715 1563 2821 1618 hac
2854 1563 3199 1635 blasphemia
3235 1567 3363 1623 [idet

1790 1649 1849 1704 in
1879 1648 2098 1707 Patrem
2127 1661 2182 1709 et
2210 1651 2450 1708 Filium:
2496 1669 2625 1709 nam
2656 1657 2800 1711 inter
2831 1671 2890 1712 se
2934 1656 3166 1712 fratrum
3196 1659 3369 1713 ratio-

141 1739 315 1813 ταύτης
333 1744 427 1796 καὶ
448 1742 483 1814 ἡ
507 1745 587 1807 εἰς
612 1744 702 1797 τὸν
724 1746 945 1815 Πατέρα
966 1744 1062 1799 καὶ
1087 1745 1217 1799 Υἱὺν
1242 1745 1454 1810 πίστις·
1483 1743 1690 1815 ἀδελφὰ

1802 1758 1915 1798 nem
1953 1743 2156 1799 habent
2186 1760 2309 1816 quae
2333 1761 2402 1802 ex
2437 1758 2547 1802 uno
2576 1748 2906 1804 subsistunt.

143 1830 233 1902 γὰρ
258 1832 502 1904 ἀλλήλοις
532 1836 602 1890 τὰ
628 1834 689 1902 ἐξ
726 1835 844 1900 ἐνὸς
866 1834 1175 1906 ὑφεστῶτα.

195 1922 243 1975 2.
256 1924 357 1976 Καὶ
366 1925 556 1996 ἐπειδὴ
578 1925 638 1991 ἐξ
657 1926 757 1980 οὐκ
774 1926 943 1980 ὄντων
963 1928 1045 1990 εἰς
1061 1924 1124 1979 τὸ
1142 1920 1280 1980 εἶναι
1298 1925 1580 1998 παρ’ἧχθαι
1598 1924 1694 1980 τὸν

137 2007 245 2064 Υἱον
270 2012 344 2067 ἔτι
374 2015 500 2068 τότε
526 2013 668 2088 ἦσαν
694 2018 742 2070 οἱ
767 2015 1038 2086 λέγοντες,
1073 2017 1161 2070 ἵνα
1191 2015 1287 2071 καὶ
1313 2015 1514 2087 ταύτην
1540 2017 1694 2072 ἐκτέ-

137 2118 258 2169 μωσι
301 2104 400 2176 τὴν
454 2105 745 2171 ἀσέϐειαν,
794 2106 856 2160 τὸ
907 2103 1192 2177 ὁμοούσιον
1242 2107 1689 2178 προσειρήκασιν.

138 2194 369 2266 ’Ᾱχρονος
394 2197 508 2270 γὰρ
543 2199 641 2252 καὶ
671 2199 990 2262 ἀδιάστατος
1033 2200 1067 2269 ὴ
1105 2197 1200 2251 τοῦ
1248 2196 1381 2251 Υἱοῦ
1427 2198 1565 2269 πρὸς
1601 2198 1693 2253 τον

132 2283 329 2357 Πατέρα
362 2290 650 2358 συνάφεια.
690 2289 850 2361 Δηλοῖ
882 2289 940 2343 δὲ
987 2291 1080 2344 κα)¹
1115 2291 1184 2344 τὰ
1223 2289 1563 2362 προλαϐόντα
1600 2291 1696 2361 ῥή-

132 2392 260 2446 ματα
285 2380 488 2450 ταύτην
515 2377 654 2435 εἶναι
685 2381 794 2435 τῶν
830 2380 1041 2453 ἀνδρῶν
1076 2381 1176 2453 τὴν
1203 2380 1464 2435 διάνοιαν.
1501 2381 1698 2435 Εἰπόν-

128 2474 206 2530 te;
231 2470 333 2543 γὰρ
362 2472 478 2541 φῶς
504 2474 571 2526 ὲκ
594 2473 793 2542 φωτὸς,
822 2473 916 2527 καὶ
939 2475 1005 2527 ὲκ
1025 2473 1126 2543 τῆς
1149 2473 1337 2537 οὐσίας
1355 2472 1450 2527 τοῦ
1480 2473 1695 2544 Πατρὸς

123 2559 205 2613 τὸν
240 2562 359 2617 Υἱὸν
389 2564 777 2636 γεγεννῆσθαι,
807 2566 929 2636 οὐχὶ
951 2565 1009 2618 δὲ
1041 2565 1394 2635 πεποιῆσθαι,
1414 2564 1694 2634 ἐπήγαγον

125 2651 314 2718 τούτοις
338 2657 401 2709 τὸ
424 2657 747 2728 ὁμοοῦσιον·
780 2655 1236 2725 παραδεικνύντες
1257 2695 1271 2719 ,
1311 2656 1395 2708 ὅτι
1427 2655 1596 2726 ὅνπερ
1628 2654 1695 2707 ἄν

120 2758 194 2807 τις
223 2746 405 2818 ἀποδῷ
446 2747 630 2818 φωτὸς
665 2747 822 2816 λόγον
858 2747 953 2801 ἐπὶ
994 2747 1231 2817 Πατρὸς,
1274 2741 1428 2810 οὗτος
1460 2745 1696 2817 ἁρμόσει

122 2836 206 2887 καὶ
230 2837 321 2891 ἐπὶ
347 2838 505 2892 Υιοῦ.
543 2838 663 2903 Φῶς
683 2838 793 2910 γὰρ
821 2839 1075 2911 ἀληθινὸν
1109 2840 1246 2912 πρὸς
1278 2839 1392 2908 φῶς
1418 2839 1692 2910 ἀληθινὸν,

120 2927 225 2978 ara-5‘
269 2927 444 3000 αὐτὴν
488 2927 587 2983 τοῦ
642 2930 820 2997 φωτὸς
866 2929 964 3000 τὴν
1009 2928 1241 2992 ἔννοιαν,
1287 2928 1543 2999 οὐδεμίαν
1585 2927 1696 2993 ἕξει

121 3018 487 3092 παραλλαγήν.
534 3021 688 3073 Ἐπεὶ
715 3015 807 3073 οὖν
831 3023 979 3075 ἐστιν
1013 3021 1250 3092 ἄναρχον
1287 3020 1458 3121 φῶς-6
1479 3021 1689 3125 Ιξατὴρ,
1721 3067 1763 3125 C

117 3110 357 3181 γεννητὸν
398 3111 461 3164 δὲ
504 3110 625 3180 φῶς
664 3112 694 3165 ὀ
735 3109 899 3175 Υἱὸς,
940 3111 1058 3181 φῶς
1111 3111 1167 3166 δὲ
1211 3111 1306 3165 καὶ
1346 3109 1462 3181 φῶς
1505 3106 1696 3164 ἑκάτε-

118 3216 200 3270 ρος
221 3203 356 3275 (57),
389 3203 687 3276 ὀμοούσιον
710 3201 868 3260 εἶπαν
888 3204 1134 3269 δικαίως,
1165 3205 1253 3259 ἵνα
1273 3204 1333 3258 τὸ
1357 3205 1459 3275 τῆς
1479 3203 1695 3272 φύσεως

118 3292 356 3363 ὁμότιμον
390 3296 849 3365 παραστήσωσιν.
883 3296 959 3350 οὐ
988 3295 1099 3368 γὰρ
1124 3295 1195 3349 τὰ
1220 3294 1424 3363 ἀδελφὰ
1448 3294 1695 3365 ἀλλήλοις

116 3381 356 3447 όμοούσια
419 3387 562 3459 (38)
615 3378 867 3457 λέγεται,
922 3389 1061 3459 ὅπερ
1106 3388 1248 3451 τινὲς
1308 3387 1692 3456 ὑπειλήφασιν·

114 3474 210 3526 ἀλλ’
267 3478 400 3533 ὅταν
443 3480 549 3533 καὶ
588 3479 651 3532 τὸ
687 3478 858 3533 αἴτιον
897 3471 993 3533 κα)⁵
1034 3478 1097 3533 τὺ
1139 3481 1204 3533 ὲκ
1243 3478 1338 3533 τοῦ
1381 3477 1556 3531 αἰτίου
1596 3474 1696 3547 τὴν

113 3564 329 3640 ὕπαρξιν
369 3570 507 3643 ἔχον
553 3571 657 3642 τῆς
701 3571 874 3643 αὐτῆς
903 3572 1126 3647 ὑπάρχῃ
1164 3570 1400 3641 φύσεως,
1432 3568 1696 3642 ὁμοούσισι

110 3655 326 3727 λέγεται.

168 3841 219 3894 3.
247 3843 403 3916 Αὕτη
437 3844 503 3899 δὲ
536 3845 574 3914 ή
623 3842 777 3915 φωνὴ
806 3844 900 3897 καὶ
950 3841 1013 3897 τὸ
1042 3842 1136 3896 τοῦ
1182 3839 1470 3896 Σαϐελλίου
1527 3839 1695 3894 κακὸν

106 3929 523 4005 ἐπανορθοῦται·
570 3936 786 4006 ἀναιρεῖ
818 3934 927 4005 γὰρ
943 3934 1041 4005 τὴν
1077 3934 1384 4003 ταυτότητα
1423 3931 1523 4003 τῆς
1563 3932 1697 3985 orco-

108 4025 354 4091 στάσεως,
405 4029 511 4083 καὶ
562 4028 773 4095 εἰσάγει
818 4026 1029 4081 τελείαν
1072 4024 1181 4079 τῶν
1233 4023 1544 4096 προσώπων
1597 4023 1697 4093 τὴν

106 4115 318 4173 ἔννοιαν.
356 4121 438 4173 Οὐ
460 4120 587 4191 γὰρ
614 4118 746 4173 αὐτό
770 4118 824 4171 τί
859 4122 1006 4172 ἐστιν
1031 4117 1209 4188 ἐαυτῷ
1238 4116 1552 4188 ὀμοούσιον,
1579 4112 1695 4171 ἀλλ’

105 4204 275 4279 ἕτερον
298 4212 511 4282 ἑτέρῳ·
556 4209 700 4263 ὥστε
729 4209 909 4273 καλῶς
938 4208 1051 4280 ἔχει
1084 4209 1179 4263 καὶ
1211 4209 1478 4276 εὐσεϐῶς,
1501 4208 1610 4263 τῶν
1636 4227 1696 4262 τε

106 4297 451 4355 ὗποστὰσεων
474 4301 589 4373 τὴν
620 4301 857 4371 ἰδιότητα
876 4300 1202 4372 διορίζουσα,
1234 4300 1329 4353 καὶ
1354 4300 1452 4371 τῆς
1484 4299 1698 4369 φύσεως

1861 1914 1917 1971 2.
1944 1915 2012 1971 Et
2042 1918 2170 1987 quia
2197 1917 2400 1973 Filium
2458 1935 2526 1975 ex
2570 1920 2745 1977 nihilo
2814 1921 3141 1993 productum
3191 1925 3371 1982 adhuc

1792 2012 1925 2065 tunc
1957 2021 2115 2065 erant
2146 2012 2242 2082 qui
2274 2012 2555 2080 dicerent;
2613 2025 2673 2070 ut
2705 2016 2846 2070 hanc
2901 2032 3121 2087 quoque
3176 2020 3370 2088 praeci-

1792 2104 1985 2160 derent
2042 2105 2375 2176 impietatem
2405 2144 2421 2171 ,
2479 2106 2957 2163 consubstantiale
3009 2119 3370 2180 usurparunt.

1792 2195 1928 2250 Nam
1977 2196 2099 2252 sine
2136 2204 2382 2267 tempore
2415 2204 2501 2253 est
2527 2205 2584 2253 et
2608 2198 2728 2253 sine
2760 2198 3044 2254 intervallo
3074 2198 3199 2255 Filii
3244 2216 3374 2257 cum

1793 2285 1956 2342 Patre
1987 2287 2324 2357 conjunctio.
2372 2285 2766 2343 Demonstrant
2791 2300 2973 2344 autem
3001 2297 3056 2345 et
3086 2295 3371 2363 superiora

1793 2376 1962 2431 verba
1988 2377 2131 2431 hanc
2163 2378 2382 2431 illorum
2427 2392 2552 2433 esse
2582 2385 2841 2434 mentem.
2874 2377 3173 2451 Postquam
3225 2383 3374 2439 enim

1794 2468 2055 2524 dixerunt
2087 2470 2271 2524 lumen
2299 2468 2368 2524 de
2399 2468 2631 2536 lumine,
2669 2476 2834 2541 atque
2868 2470 3064 2527 Filium
3101 2487 3168 2529 ex
3191 2473 3374 2532 Patris

1795 2558 2106 2615 substantia
2160 2560 2405 2615 venitum
2463 2575 2618 2627 esse,
2677 2575 2790 2616 non
2836 2576 2967 2617 vero
3017 2561 3255 2632 factum;
3287 2566 3377 2623 bis

1795 2651 2264 2708 consubstantiale
2316 2652 2759 2723 subiunxerunt:
2800 2653 3150 2722 indicantes;
3204 2674 3375 2729 quam

1795 2739 1922 2810 quis
1948 2741 2172 2798 luminis
2198 2743 2467 2798 rationem
2498 2743 2553 2798 in
2582 2742 2748 2800 Patre
2777 2744 3080 2802 reddiderit
3105 2786 3122 2812 ,
3172 2763 3293 2804 eam
3322 2759 3379 2807 et

1795 2829 1935 2885 Filio
1987 2838 2173 2902 aptam
2230 2838 2287 2888 et
2337 2840 2731 2904 congruentem
2765 2832 3048 2891 futuram:
3103 2837 3378 2907 siquidem

1797 2920 1980 2977 lumen
2011 2938 2200 2978 verum
2234 2938 2359 2978 cum
2390 2940 2523 2980 vero
2566 2924 2808 2989 lumine,
2840 2926 3143 2982 secundum
3198 2930 3378 2999 ipsam

1798 3011 2023 3070 luminis
2056 3013 2334 3069 notionem
2359 3054 2377 3079 ,
2431 3013 2935 3072 dissimilitudinem
2965 3019 3171 3073 nullam
3206 3020 3377 3077 habe-

1797 3105 1898 3160 bit.
1937 3104 2076 3161 Cum
2129 3106 2297 3174 igitur
2326 3106 2490 3163 Pater
2516 3109 2700 3164 lumen
2751 3109 2822 3165 sit
2861 3110 3115 3183 principii
3151 3127 3373 3183 expers,

1795 3197 1970 3255 Filius
2000 3213 2132 3255 vero
2166 3201 2349 3256 lumen
2381 3202 2625 3272 genitum
2647 3242 2664 3268 ,
2699 3217 2763 3257 ac
2818 3212 3052 3274 uterque
3090 3205 3270 3260 lumen
3320 3211 3376 3261 et

1796 3292 2005 3357 lumen,
2032 3292 2157 3363 jure
2185 3294 2708 3351 consubstantialem
2742 3294 3036 3361 dixerunt,
3071 3304 3132 3352 ut
3165 3308 3377 3355 naturae

1796 3384 2061 3454 aqualem
2089 3384 2409 3456 dignitatem
2440 3384 2901 3443 demonstrarent.
2929 3387 3051 3443 Non
3080 3391 3224 3444 enim
3255 3401 3380 3462 qua

1798 3474 2029 3529 fratrum
2064 3475 2209 3532 inter
2250 3492 2311 3533 se
2337 3478 2605 3533 rationem
2661 3478 2866 3535 habent
2890 3521 2905 3544 ,
2952 3480 3215 3535 dicuntur
3246 3497 3382 3537 con-

1798 3569 2208 3634 substantialia,
2232 3569 2289 3624 id
2317 3569 2463 3641 quod
2488 3570 2712 3641 quidam
2744 3572 3095 3640 existimant;
3127 3573 3221 3628 sed
3250 3582 3380 3629 cum

1796 3664 1851 3713 et
1887 3673 2078 3724 causa,
2112 3667 2167 3715 et
2204 3661 2259 3716 id
2289 3662 2434 3731 quod
2464 3677 2533 3717 ex
2569 3676 2736 3718 causa
2771 3664 3148 3720 exsistenliam
3191 3666 3377 3732 habet,

1796 3749 2045 3819 ejusdem
2075 3759 2207 3806 sunt
2232 3760 2467 3820 naturae,
2505 3756 3001 3810 consubstantialia
3022 3755 3305 3813 dicuntur.

1869 3843 1924 3898 5.
1965 3842 2126 3915 146
2175 3842 2448 3899 Caeterum
2480 3854 2589 3899 vox
2632 3848 2822 3901 eadem
2875 3844 3099 3902 Sabellii
3158 3864 3379 3921 quoque

1796 3935 2122 4006 pravitatem
2150 3935 2411 4005 corrigit:
2443 3937 2583 3991 tollit
2608 3937 2754 3992 enim
2783 3938 3098 4009 hypostasis
3122 3940 3380 3997 identitaa

1799 4038 1941 4090 tem,
1967 4034 2023 4081 et
2051 4025 2348 4097 perfectam
2399 4042 2764 4097 personarum
2812 4030 3092 4085 notionem
3140 4031 3375 4087 inducit.

1797 4117 1985 4189 Neque
2005 4118 2151 4174 enim
2179 4118 2478 4188 quidquam
2507 4120 2718 4190 sibiipsi
2752 4122 3224 4179 consubstantiale
3252 4133 3338 4181 est
3359 4158 3376 4190 ,
3488 4130 3495 4137 “

1799 4209 1894 4264 sed
1929 4210 2161 4264 alterum
2199 4210 2393 4264 alteri:
2429 4222 2600 4279 quare
2629 4211 2893 4281 praeclare
2919 4227 2983 4267 ac
3012 4213 3102 4283 pie
3124 4229 3184 4271 se
3212 4215 3380 4272 habet
3470 4222 3475 4229 '

1799 4299 1893 4354 illa
1942 4312 2080 4366 vox,
2127 4305 2186 4355 et
2224 4301 2602 4372 hypostasewn
2650 4303 3041 4373 proprietatem
3085 4305 3378 4372 deﬁniens,

103 4386 158 4442 τὸ
181 4392 623 4464 ἀπαράλλακτον
664 4391 985 4463 παριστῶσα
1017 4390 1150 4463 (59).
1190 4392 1358 4445 Ὅταν
1398 4388 1455 4445 δὲ
1492 4394 1557 4445 ὲκ
1595 4393 1694 4462 τῆς

1802 4399 1854 4449 et
1881 4399 2093 4449 naturae
2145 4394 2264 4449 sine
2310 4394 2425 4448 ullo
2472 4393 2794 4450 discrimine
2832 4395 3249 4453 similitudinem
3283 4398 3381 4455 de-

101 4481 273 4544 οὐςίας
306 4484 407 4538 τοῦ
452 4481 689 4554 Harpe;
712 4482 803 4535 τὸν
830 4481 956 4535 Υἰδν
987 4477 1126 4535 εἶναι
1157 4480 1568 4553 διδασκώμεθα,
1604 4483 1699 4535 καὶ

101 4575 443 4647 γεννηθέντα,
477 4577 611 4631 ἀλλ’
651 4570 772 4646 οὐχὶ
800 4574 1112 4646 ποιηθέντα,
1154 4573 1229 4645 μὴ
1265 4573 1699 4646 καταπίπτωμεν

161 4757 266 4822 (55)
307 4759 409 4823 Ὠς
443 4751 809 4821 αὐθαδείας.
842 4755 958 4811 Duo
989 4772 1126 4811 mss.
1156 4756 1251 4811 καὶ
1278 4755 1592 4820 αὐθαδείας.

164 4828 269 4899 (3b)
302 4830 404 4899 7T1;
433 4829 607 4882 ὄντι.
641 4825 721 4899 Ex
752 4827 857 4880 hoc
890 4824 1429 4899 Basiliiqtestimonio
1453 4826 1698 4899 Cureel-

105 4893 579 4965 heus,'Quatern.
638 4895 861 4965 dissert.
887 4898 938 4962 l,
986 4912 1041 4965 p.
1076 4897 1198 4958 158,
1237 4905 1290 4951 et
1321 4897 1572 4951 Clericus
1607 4896 1698 4948 Bi-

106 4964 317 5037 bliothg
357 4981 504 5025 tom.
546 4964 631 5027 Χ,
674 4981 728 5035 p.
773 4964 897 5037 408,
934 4981 1125 5020 ansam
1171 4966 1459 5037 carpenda:
1503 4967 1698 5037 synodi

106 5031 316 5097 Nicena:
360 5031 695 5108 arripiunt,
750 5036 896 5108 quod
946 5037 1209 5108 rejectam
1253 5031 1324 5090 ab
1353 5036 1458 5108 alia
1486 5031 1700 5108 sy'nodo

105 5121 273 5178 Vocem
311 5104 737 5178 adoptaverit;
770 5104 872 5162 Sed
906 5104 1118 5178 consuli
1152 5113 1341 5178 potest
1384 5104 1701 5178 Dissertatio

106 5176 157 5230 fle
184 5172 561 5236 Semianimis
598 5176 661 5228 in
693 5192 797 5243 qua
828 5191 959 5229 nova
992 5172 1182 5245 Cyrii’li
1222 5174 1702 5243 Hierosolymitani

108 5264 292 5317 operum
321 5254 504 5307 editio
537 5246 873 5317 defenditur.
904 5244 1306 5317 improbatur,
1342 5260 1463 5315 cap.
1499 5244 1555 5307 7,
1591 5247 1703 5314 opi-

109 5314 272 5377 natum
319 5323 466 5376 illud
528 5316 748 5388 synodi
792 5314 1145 5388 Antiocheam
1188 5314 1491 5388 decretum,
1536 5323 1591 5370 et
1632 5318 1701 5371 iis

109 5404 395 5463 [epugnare
427 5385 580 5462 quae
607 5386 781 5456 paulo
803 5393 929 5463 ante
951 5385 1218 5463 synodum
1246 5386 1386 5440 inter
1409 5393 1702 5456 utrumque

111 5455 412 5533 Dion'ysiunl
446 5455 650 5530 'gesta
707 5462 872 5533 sunt_,
922 5455 990 5533 et
1022 5455 1303 5533 omnibus
1328 5470 1577 5524 prorsus,
1618 5455 1701 5533 ne

109 5525 306 5592 Arianis
338 5525 591 5604 quidem
634 5525 906 5604 exceptis,
945 5525 1208 5604 ignotuur
1228 5525 1400 5604 fuisse
1431 5535 1606 5604 usque
1631 5527 1698 5604 ad

111 5616 287 5661 annum
325 5595 475 5669 3'58;
520 5596 1054 5669 nec__ullo_pro_rsus
1082 5595 1401 5669 testimonio
1433 5595 1558 5669 niti.
1592 5598 1700 5650 nisi

114 5662 611 5732 Semiarianorum.
637 5662 781 5718 Nam
797 5662 1033 5718 Basilius
1048 5673 1255 5736 pugnat
1268 5665 1499 5722 adversa
1517 5665 1700 5721 fronte

363 5771 687 5833 Ριτιιοι.
732 5755 851 5819 Gn.
876 5757 1149 5823 XXXII.

1800 4490 2137 4541 monstrans.
2172 4484 2310 4541 Cum
2340 4491 2522 4541 autem
2547 4501 2614 4541 ex
2638 4485 2818 4543 Patris
2842 4486 3149 4544 substantia
3177 4488 3376 4545 Filium

1798 4590 1924 4634 esse
1946 4577 2204 4644 dicimus,
2235 4593 2470 4648 eumque
2498 4578 2763 4649 genitum,
2792 4592 2903 4635 non
2931 4587 3112 4636 autem
3137 4580 3374 4651 factum;

1800 4765 1925 4806 cum
1970 4749 2296 4824 Athanasio,
2344 4751 2440 4822 qui
2486 4753 2542 4808 in
2587 4752 2732 4808 libro
2774 4752 2850 4808 De
2869 4755 3120 4824 tgnadis,
3168 4771 3225 4810 n.
3266 4757 3374 4824 45,

1800 4822 2279 4895 consubstantiale
2326 4837 2436 4877 non
2482 4823 2771 4895 asynon
2802 4822 3166 4895 Antiochena,
3212 4830 3307 4883 sed
3345 4822 3379 4882 τι

1799 4885 1975 4962 Paulo
2003 4889 2365 4962 Samosateno
2394 4885 2728 4962 exagitatum
2750 4893 2923 4949 fuisse
2943 4894 3095 4950 dicit.

1873 4961 1987 5037 (ζῆ)
2035 4959 2366 5037 Ἐρεᾴτερος.
2401 4959 2650 5037 Quatuor
2678 4964 2900 5037 codices
2928 4980 3070 5037 mss.
3093 4964 3377 5037 ἑκάτερον.

1800 5030 2008 5086 Ibidem
2041 5030 2261 5085 codices
2282 5047 2405 5101 non
2447 5034 2606 5101 pauci
2640 5033 2785 5086 εἴποι
2820 5033 2887 5088 ἂν
2921 5033 3169 5099 δικαίως.
3208 5030 3378 5091 Coisl.

1800 5103 2011 5171 primus
2038 5100 2242 5153 εἴποιεν
2265 5100 2331 5154 ἂν
2357 5100 2600 5171 δικαίως.

1874 5171 1986 5241 (58)
2028 5170 2358 5241 Ὁμοούσια.
2402 5170 2537 5227 Post
2585 5172 2727 5226 hanc
2758 5187 2947 5228 vocem
2989 5171 3122 5227 editi
3172 5173 3383 5229 addunt

1804 5240 2002 5313 iterum
2042 5240 2317 5313 ἀλλήᾉοις,
2368 5243 2514 5311 quod
2553 5242 2817 5313 abestab
2848 5244 3103 5297 omnibus
3135 5245 3381 5313 antiquis

1804 5260 2002 5295 :terum
2042 5260 2140 5293 αΛΛ
2184 5260 2317 5305 Λοις,
2368 5260 2514 5311 (11100
2553 5260 2709 5296 θυεει
2747 5260 2817 5296 ιιι)
2848 5260 3103 5297 omnibus
3135 5260 3381 5313 anuquts

1803 5311 2107 5366 codicibus.
2145 5260 2317 5364 1hanc
2358 5319 2539 5365 autem
2573 5312 2763 5366 Basilii
2802 5312 2871 5367 de
2918 5314 3382 5370 consubstantiali

1805 5383 2155 5443 sententiam,
2187 5396 2308 5450 quae
2332 5381 2500 5452 rariis
2526 5381 2865 5450 coniecturis
2898 5383 3182 5437 materiam
3206 5382 3378 5452 dedit,

1802 5452 2096 5519 explanare
2126 5453 2180 5505 in
2209 5451 2533 5507 Praefatione
2561 5466 2847 5507 conamur.

1877 5519 1987 5593 (59)
2010 5520 2388 5593 Παριστῶσα.
2422 5520 2514 5593 Sic
2541 5536 2732 5593 omnes
2758 5521 2968 5592 antiqui
2997 5522 3237 5588 codices,
3265 5534 3381 5579 mea

1804 5590 1914 5647 lius
1944 5590 2108 5662 quam
2138 5593 2191 5646 in
2220 5592 2400 5660 prima
2419 5591 2661 5648 editione
2683 5591 2863 5649 Paris.
2889 5590 3229 5666 ἱπεριστῶσαι

2947 5756 3020 5817 13
