3870 6218
157 329 231 383 Mil

1082 330 1572 389 EPISTOLARUM
1609 330 1894 388 CLASSIS
1933 331 1995 389 II.
2036 332 2256 393 EPIST.
2299 334 2412 395 LV.

3272 332 3379 391 ιος

161 436 232 498 Arb
264 442 449 525 milia).
483 444 584 516 μὲν
613 443 882 517 ὑπηρέται
925 446 1284 519 ἀριθμοῦνται
1321 450 1443 504 καθ’
1473 450 1708 521 ἑκάστην

1831 465 1880 506 ie
1909 467 2053 508 unus
2098 453 2343 523 quidem,
2381 459 2443 506 ut
2488 466 2587 508 vos
2621 451 2724 521 ipsi
2770 447 3169 514 tcstiﬁcamini,
3199 446 3379 501 homi-

162 531 347 605 κώμην,
378 533 528 601 ἄξιος
564 535 622 589 δὲ
657 535 998 607 λειτουργίας
1030 538 1124 591 τοῦ
1168 539 1556 611 θυσιαστηρίου
1587 540 1709 594 οὐδὲ

162 621 226 688 εἷς
263 623 396 696 (57),
446 625 523 690 ὡς
571 628 727 697 ὑμεῖς
774 629 927 682 αὐτοὶ
984 632 1333 704 μαρτυρεῖτε,
1381 631 1713 706 ἀποροῦντες

161 717 344 787 ἀνδρῶν
360 719 420 771 ὲν
444 722 564 783 ταῖς
578 721 962 793 ψηφοφορίαις.
990 722 1141 776 Ἐπεὶ
1157 718 1249 778 οὖν
1265 724 1375 796 ὁρῶ
1388 726 1450 779 τὸ
1476 726 1711 797 πρᾶγμα

161 808 317 862 λοιπὸν
378 812 459 873 είς
515 811 813 881 ἀνήκεστον
870 812 1092 885 προϊὸν,
1154 814 1387 886 μάλιστα
1432 814 1551 880 νῦν,
1600 815 1711 868 τῶν

162 900 404 955 πλείστων
439 902 589 973 φόϐῳ
621 905 717 974 τῆς
752 905 1139 976 στρατολογίας
1166 907 1550 961 είσποιούντων
1578 909 1709 962 ἐαυ-

161 991 264 1053 τοὺς
284 994 351 1062 τῇ
387 992 679 1065 ὑπηρεσίᾳ,
721 995 1034 1064 ἀναγκαίως
1070 992 1234 1068 ἦλθον
1274 1000 1355 1062 εἰς
1383 998 1447 1051 τὸ
1475 998 1713 1051 ἀνανεώ-

162 1081 335 1134 σασθαι
360 1083 487 1145 τοὺς
534 1085 644 1137 τῶν
674 1086 934 1159 Πατέρων
982 1088 1245 1152 κανόνας⁶
1280 1090 1376 1144 καὶ
1413 1090 1713 1145 ἐπιστέλλω

163 1171 268 1242 ὑμῖν
296 1173 613 1228 ἀποστεῖλαί
643 1194 734 1246 μοι
761 1175 861 1248 τὴν
888 1178 1215 1252 ἀναγραφὴν
1245 1180 1481 1253 ἑκάστης
1516 1181 1711 1254 κώμης

160 1264 251 1318 τῶν
274 1266 707 1338 ὑπηρετούντων,
742 1270 836 1323 καὶ
867 1271 973 1324 ὑπὸ
998 1271 1144 1336 τίνος
1172 1273 1422 1344 εἰσῆκται
1453 1273 1709 1338 ἕκαστος,

163 1358 243 1409 καὶ
266 1358 320 1411 ἐν
362 1359 500 1430 ποίῳ
530 1360 631 1431 βίῳ
676 1362 842 1417 ἐστίν.
900 1364 1093 1435 Ἔχετε
1134 1364 1192 1418 δὲ
1237 1366 1332 1420 καὶ
1379 1367 1534 1421 αὐτοὶ
1580 1368 1711 1439 παρ’

163 1447 352 1514 ἑαυτοῖς
372 1451 470 1522 τὴν
498 1453 841 1525 ἀναγραφὴν,
874 1453 1014 1509 ὥστε
1038 1457 1425 1528 συγκρίνεσθαι
1445 1462 1559 1523 τοῖς
1581 1459 1712 1531 παρ’

165 1539 275 1608 ἡμῖν
295 1542 678 1613 ἀποκειμένοις
695 1545 985 1616 γράμμασι
1014 1545 1083 1599 τά
1109 1545 1371 1619 ὑμέτερα,
1396 1548 1495 1602 καὶ
1523 1549 1715 1620 μηδενὶ

163 1628 338 1695 ἐξεῖναι
374 1634 585 1698 ἑαυτὸν,
634 1635 721 1688 ὅτε
762 1635 1030 1706 βούλεται,
1080 1638 1515 1710 παρεγγράφειν.
1558 1638 1716 1693 Οὕτω

165 1721 346 1791 μέντοι,
383 1724 522 1794 μετά
563 1726 663 1797 τὴν
707 1725 935 1799 πρώτην
981 1728 1305 1799 ἐπινέμησιν
1350 1730 1405 1782 εί
1434 1747 1579 1794 τινες
1611 1730 1716 1784 ὑπὸ

1811 558 1941 597 num
1991 546 2220 614 penuria
2266 546 2581 601 laborantes
2610 543 2666 598 in
2700 541 3083 599 clectionibus.
3115 536 3385 604 Quoniam

1813 633 1979 705 igitur
2005 636 2162 692 video
2183 652 2298 692 rem
2322 639 2377 692 in
2411 639 2614 691 malum
2634 636 2749 706 jam
2777 631 3085 689 insanabile
3109 627 3383 700 progredi,

1812 742 1960 781 nunc
1983 732 2303 798 praesertim,
2333 744 2456 783 cum
2488 728 2712 798 plurimi
2742 725 2953 780 militiae
2976 729 3149 785 metu,
3175 716 3388 787 seipsos

1813 818 1869 873 in
1919 820 2283 876 ministerium
2337 821 2668 891 conjiciant,
2714 815 3028 874 necessario
3072 810 3284 867 accessi
3316 809 3387 864 ad

1811 906 2035 963 Patrum
2082 924 2323 965 canones
2366 908 2745 974 renovandos;
2783 920 2848 959 ac
2884 904 3039 959 vobis
3081 900 3285 963 scribo,
3328 903 3390 951 ut

1813 1001 2050 1057 mittatis
2106 1001 2239 1055 mihi
2300 1001 2607 1070 catalogum
2674 997 3051 1052 ministrorum
3119 990 3394 1060 cujusque

1813 1092 1960 1163 pagi,
1989 1102 2043 1147 et
2067 1108 2098 1146 a
2126 1108 2236 1162 quo
2260 1093 2493 1162 quisque
2521 1090 2679 1162 149
2706 1087 3052 1143 introductus
3076 1085 3167 1147 sit,
3193 1089 3248 1136 et
3268 1094 3391 1149 qua:

1814 1184 1938 1253 ejus
1986 1184 2060 1240 sit
2099 1184 2316 1239 vivendi
2355 1184 2514 1238 ratio.
2552 1182 2760 1236 llabete
2809 1188 2989 1233 autem
3023 1181 3078 1230 et
3104 1172 3211 1244 ipsi
3246 1169 3393 1241 apud

1813 1292 1913 1332 vos
1938 1277 2267 1346 catalogum,
2295 1285 2356 1329 ut
2384 1290 2509 1329 cum
2536 1273 2763 1342 scriptis
2793 1269 2935 1341 apud
2989 1281 3091 1323 uos
3130 1262 3395 1334 repositis

1814 1376 1998 1424 vestra
2047 1369 2425 1433 conferantur,
2462 1382 2563 1422 nec
2611 1366 2867 1436 cuiquam
2906 1362 3071 1416 liceat
3103 1358 3391 1428 seipsum,

1816 1474 1942 1515 cum
1974 1460 2234 1525 voluerit,
2268 1458 2589 1515 inscribere.
2616 1455 2696 1510 Ita
2721 1469 2878 1520 sane,
2920 1452 2968 1509 si
3000 1451 3095 1522 qui
3120 1457 3244 1519 post
3276 1445 3394 1518 pri-

1815 1564 1964 1604 mam
1996 1549 2350 1606 indictionem
2383 1564 2413 1603 a
2445 1547 2780 1620 presbyteris
2820 1541 3119 1600 introducti
3162 1539 3393 1603 fuerint,

1815 1639 1958 1695 inter
1999 1641 2168 1697 laicos
2204 1641 2547 1711 rejiciantur.
2593 1638 2793 1695 Eorum
2841 1644 3021 1691 autem
3060 1647 3291 1692 examen
3328 1630 3397 1685 de

1818 1731 2034 1802 integro
2060 1733 2311 1803 repetite,
2340 1739 2395 1787 et
2424 1732 2471 1787 si
2501 1732 2652 1802 digni
2680 1729 2905 1793 fuerint,
2930 1725 3190 1795 suffragio
3210 1729 3396 1782 vestro

164 1813 527 1886 πρεσϐυτέρων
557 1816 910 1888 εἰσήχθησαν,
944 1817 1035 1871 ἐπὶ
1063 1820 1193 1883 τοὺς
1231 1819 1454 1884 λα’ίκοὺς
1479 1822 1709 1893 ἀπορρι-

1831 1800 2215 1894 suscipiantur.
2266 1800 2581 1894 Expurgate
2625 1821 2962 1883 Ecclesiam,
3018 1816 3273 1887 indignos
3326 1828 3399 1869 ex

162 1903 334 1973 φῶσιν.
376 1905 616 1961 ¹Ἂνωθεν
658 1908 715 1961 δὲ
761 1909 986 1980 γένηται
1025 1909 1202 1965 αὐτῶν
1243 1913 1372 1983 παρ’
1435 1912 1589 1983 ὑμῶν
1625 1912 1713 1979 ἐξ-

162 1992 357 2060 έτασις·
390 1998 493 2051 κᾶν
527 2000 626 2070 μὲν
658 2000 796 2067 ἄξιοι
828 1994 955 2066 ὦσι,
980 2004 1045 2074 τῇ
1076 2001 1316 2074 ὑμετέρα
1342 2002 1508 2073 ψήφῳ
1537 2020 1715 2076 παρα-

159 2083 504 2157 δεχθίγτωσαν.
567 2089 1024 2161 Ἐπικαθαρίσατε
1069 2091 1181 2164 (58)
1231 2094 1331 2163 τὴν
1365 2093 1712 2164 Ἐκκλησίαν,

160 2177 272 2241 τοὺς
312 2180 565 2247 ἀναξίους
609 2182 779 2253 αὐτῆς
821 2182 1225 2249 ἀπελάσαντες,
1254 2183 1350 2238 καὶ
1382 2182 1475 2236 τοῦ
1532 2183 1720 2237 λοιποῦ

158 2267 422 2337 ἐξετάζετε
458 2272 571 2344 (59)
606 2273 703 2344 μὲν
722 2274 846 2337 τοὺς
873 2273 1055 2339 ἀξίους
1080 2274 1174 2328 καὶ
1200 2273 1573 2346 παραδέχεσθε
1593 2293 1607 2305 ·
1645 2275 1719 2348 μὴ

1816 1929 1881 1970 ea
1900 1916 2207 1986 ejicientcs.
2230 1915 2407 1986 Atque
2430 1916 2484 1967 in
2515 1922 2792 1984 posterum
2820 1910 3125 1966 examinate
3151 1906 3393 1977 quidem,

1818 2008 1914 2078 qui
1956 2006 2107 2078 digni
2146 2008 2292 2073 sint,
2331 2016 2386 2062 et
2423 2013 2520 2061 eos
2567 2004 2838 2060 admittite
2879 2021 2892 2056 :
2933 2000 3030 2057 sed
3081 1999 3234 2070 prius
3286 2010 3397 2050 non

1821 2097 2106 2162 ascribite,
2140 2112 2305 2168 quam
2338 2096 2407 2151 ad
2445 2111 2549 2151 nos
2577 2094 2915 2161 retuleritis;
2952 2098 3047 2146 aut
3074 2090 3267 2145 scitote
3294 2086 3399 2141 lai-

1829 2203 1953 2243 cum
1982 2188 2227 2243 futurum
2253 2202 2399 2252 esse,
2429 2187 2523 2258 qui
2553 2186 2672 2243 sine
2701 2193 2895 2242 nostro
2918 2183 3128 2255 judicio
3150 2183 3206 2237 in
3235 2180 3397 2235 mini-

1826 2280 2053 2336 sterium
2080 2280 2244 2335 fuerit
2270 2280 2565 2335 admissus.

158 2362 424 2436 ἀριθμεῖτε
457 2368 515 2422 δὲ
544 2368 675 2441 πρὶν
718 2370 797 2433 εἰς
833 2370 982 2441 ἡμᾶς
1026 2372 1409 2441 ἐπανενεγκεῖν
1427 2388 1453 2404 ··
1477 2372 1510 2424 ’θ
1557 2371 1873 2443 γινώσκετε,
1905 2378 1989 2431 ὅτι
2054 2376 2240 2441 λαῖκὸς
2275 2375 2429 2430 ἔσται
2489 2376 2519 2429 ὀ
2581 2375 2710 2430 ἄνευ
2739 2371 3015 2445 ἡμετέρας
3042 2367 3266 2441 γνώμης
3314 2364 3411 2431 εἰς.

157 2460 443 2533 ὑπηρεσίαν
473 2464 854 2537 παραδεχθείς.

688 2579 1032 2635 ΕΠΙΣΤΟΛΗ
1069 2583 1196 2638 NE".

2352 2576 2692 2634 EPISTOLA
2730 2575 2864 2631 μη.

156 2686 393 2760 Decretum
415 2687 594 2760 Basilii
613 2686 846 2739 adversus
864 2695 1119 2760 extraneas
1139 2704 1368 2760 iungeres
1388 2705 1501 2742 cum
1519 2694 1822 2760 Pargqorius
1838 2690 2088 2760 presbyter
2112 2690 2272 2742 minus
2297 2692 2602 2760 observaret;
2625 2690 2845 2760 hortatur
2866 2703 2975 2741 eum
3001 2689 3214 2760 Basilius
3233 2697 3285 2742 ut

208 2752 355 2821 rebito
376 2749 537 2813 potius
568 2762 709 2819 quam
725 2754 1007 2821 excusando
1030 2764 1134 2802 sese
1153 2751 1417 2821 ιίρίρηιῑαις
1443 2768 1579 2804 secus
1614 2746 2208 2821 depositionemfuinatur,
2237 2761 2379 2819 atque
2402 2753 2558 2818 ipsam
2579 2746 2725 2805 etiam
2744 2749 3279 2804 exconununicationem
3295 2746 3398 2806 t'um

208 2812 317 2872 ipsi,
334 2812 439 2862 tum
453 2825 565 2864 eum
584 2812 936 2874 recipientibus,
957 2812 1000 2863 si
1022 2812 1344 2864 sacerdotium
1365 2812 1488 2865 citra
1506 2812 1886 2867 emendationem
1907 2812 1999 2866 sibi
2015 2812 2230 2879 arroget.

459 2918 806 2988 Παρητορίφ
846 2917 960 2988 (60)
999 2918 1398 2989 πρεσϐυτέρῳ.

227 3029 507 3101 Ἐνέτυχόν
537 3047 629 3082 σου
666 3031 779 3091 τοῖς
803 3028 1098 3100 γράμμασι
1128 3029 1266 3100 μετὰ
1302 3029 1482 3102 πάσης
1516 3049 1721 3104 paxpe-

153 3120 361 3192 θυμίας,
409 3121 510 3176 καί⁹
541 3119 823 3191 ἐθαύμασα
857 3120 996 3186 πῶς,
1037 3120 1332 3192 δυνάμενος
1372 3123 1504 3194 ἡμῖν
1539 3124 1725 3178 συντό-

154 3229 262 3281 μως
288 3213 384 3267 καὶ
416 3211 660 3274 εὐκόλως
687 3211 1130 3282 ἀπολογήσασθαι
1181 3211 1273 3265 διά
1316 3212 1425 3266 τῶν
1467 3215 1728 3285 πραγμά-

150 3320 268 3370 των,
301 3307 419 3368 τοῖς
458 3302 560 3375 μὲν
599 3302 1089 3374 κατηγορουμένοις
1118 3302 1398 3374 ἐπιμένειν
1430 3304 1726 3377 καταδέχῃ,

149 3394 320 3464 λόγοις
354 3397 415 3450 δὲ
453 3399 688 3468 μακροῖς
718 3394 1045 3466 θεραπεύειν
1074 3398 1373 3467 ἐπιχειρεῖς
1405 3397 1475 3450 τά
1511 3398 1727 3453 ἀνίατα.

150 3484 279 3539 Οὔτε
308 3486 528 3559 πρῶτοι
569 3483 692 3539 οὔτε
741 3485 913 3555 μόνοι,
958 3485 1291 3557 Παρηγόριε,
1335 3486 1731 3557 ἐνομοθετήσα-

150 3592 244 3645 μεν
272 3579 553 3645 γυναῖκας
578 3576 801 3648 ἀνδράσι
841 3576 917 3648 μὴ
946 3580 1237 3632 συνοικεῖν.
1286 3575 1423 3629 Ἀλλ’
1457 3576 1730 3647 ἀνάγνωθι

147 3667 232 3721 τὸν
262 3667 625 3741 ἐξενεχθέντα
679 3668 880 3723 κανόνα
926 3667 1078 3740 παρά
1115 3667 1224 3722 τῶν
1270 3669 1440 3738 ἁγίων
1472 3670 1732 3742 Πατέρων

144 3760 295 3830 ήμῶν
320 3760 437 3814 τῶν
475 3762 539 3814 ὲν
581 3761 648 3831 τῇ
694 3759 894 3831 συνόδῳ
934 3760 1189 3823 Νικαίας,
1222 3759 1282 3824 ὃς
1321 3759 1569 3830 φανερῶς
1626 3760 1734 3814 ἀπ-

145 3852 412 3923 ηγόρευσε
469 3851 860 3915 συνεισακτοὺς
906 3849 1017 3922 (61)
1047 3851 1122 3922 μὴ
1148 3846 1306 3905 εἶναι.
1345 3850 1454 3921 (62)
1498 3849 1733 3922 Ἀγαμία

144 3943 197 3997 δὲ
225 3947 294 4001 ιν
310 3945 502 4017 τούτῳ
530 3942 644 4014 ἔχει
679 3943 738 3996 τὺ
773 3942 990 4014 σεμνὸν,
1038 3945 1096 3997 ὲν
1136 3941 1215 4014 τῷ
1255 3941 1584 4014 κεχωρίσθαι
1631 3943 1733 4016 τῆς

146 4034 280 4105 μετά
302 4035 580 4107 γυναικὸς
614 4032 724 4105 (65)
754 4032 1047 4103 διαγωγῆς.
1090 4033 1179 4098 Ὠς
1207 4031 1302 4086 ἐὰν
1327 4031 1732 4103 ἐπαγγελλόμε-

141 4127 226 4191 νός
250 4145 338 4192 τις
361 4127 447 4199 τῷ
472 4126 727 4196 ὀνόματι,
763 4124 909 4197 ἔργῳ
945 4123 1016 4178 τὰ
1039 4122 1149 4179 τῶν
1172 4122 1390 4193 γυναιξὶ
1421 4123 1732 4210 συνοικούνε

141 4234 244 4272 των
267 4222 426 4292 ποιῇ,
458 4217 630 4287 δῆλός
671 4217 789 4270 ὲστι
830 4216 893 4270 τὸ
923 4217 1021 4288 μὲν
1048 4216 1149 4286 τῆς
1194 4214 1492 4286 παρθενίας
1537 4215 1733 4287 σεμνὸν

140 4310 195 4364 ἒν
215 4313 282 4383 τῇ
314 4309 681 4384 προσηγορίᾳ
710 4308 940 4373 διώκων,
967 4307 1061 4362 τοῦ
1090 4307 1148 4362 δὲ
1180 4308 1304 4362 καθ’
1329 4307 1525 4381 ἡδονὴν
1555 4309 1732 4381 ἀπρε-

142 4400 273 4465 ποῦς
324 4402 405 4474 μὴ
451 4399 853 4471 ἀφιστάμενος.
902 4398 1156 4470 Τοσούτῳ
1191 4393 1293 4453 οὖν.
1332 4398 1544 4470 μᾶλλον·
1566 4400 1732 4471 ἐχρῆν

2290 2920 2580 2990 Paregorio
2608 2919 2931 2990 presbytero.

1896 3035 2026 3107 Legi
2062 3044 2187 3091 tuas
2216 3034 2428 3090 litteras
2475 3048 2601 3089 cum
2642 3033 2791 3088 omni
2840 3031 3137 3102 patientia;
3169 3048 3403 3103 sumque

1825 3126 2126 3182 admiratus
2148 3165 2164 3191 ,
2202 3141 2302 3181 cur
2338 3139 2463 3180 cum
2517 3125 2704 3195 possis
2739 3123 2884 3195 apud
2930 3139 3034 3180 nos
3085 3124 3326 3179 breviter
3348 3133 3403 3180 et

1827 3216 1987 3271 facile
2040 3215 2200 3272 factis
2232 3216 2345 3271 tuis
2392 3229 2615 3270 causam
2652 3229 2850 3285 agere,
2902 3213 2960 3269 in
3012 3214 3177 3270 rebus
3211 3221 3427 3285 repren

1825 3308 2013 3364 bensis
2041 3308 2334 3377 persistere
2351 3306 2509 3373 velis,
2535 3321 2600 3361 ac
2624 3306 2806 3376 longis
2835 3304 3185 3362 sermonibus
3206 3320 3425 3362 curaroo

1825 3404 2005 3456 tentes
2036 3398 2384 3454 insanabilia.
2439 3395 2553 3451 Nec
2588 3396 2785 3467 primi,
2825 3411 2928 3451 nec
2954 3396 3089 3461 soli,
3122 3395 3421 3465 Paregori,_

1828 3492 2186 3558 sancivimus,
2219 3499 2280 3546 ut
2312 3506 2382 3547 ne
2404 3505 2515 3546 una
2546 3505 2673 3546 cum
2704 3491 2843 3548 viris
2872 3490 3183 3545 habitarent
3210 3489 3407 3545 mulie-

1828 3598 1943 3638 res.
1993 3582 2102 3639 Sed
2134 3584 2254 3654 lege
2284 3598 2554 3638 canonem
2588 3598 2620 3637 a
2653 3583 2860 3639 sanctis
2895 3581 3104 3638 nostris
3151 3581 3419 3637 Patribus.

1827 3673 2035 3731 editum
2064 3673 2121 3728 in
2153 3674 2362 3745 synodo
2392 3671 2613 3728 Nicaana
2634 3711 2650 3737 ,
2684 3672 2780 3743 qui
2826 3671 3117 3727 manifeste
3171 3671 3421 3726 sancivit.

1831 3773 2121 3822 extraneas
2149 3765 2409 3822 mulieres
2436 3779 2548 3819 non
2572 3778 2718 3821 esse.
2752 3761 2879 3818 Vita
2910 3770 3094 3818 autem
3125 3762 3320 3818 caelebs
3350 3762 3407 3817 in

1829 3875 1896 3916 eo
1917 3860 2260 3915 honestatem
2300 3857 2468 3913 habet
2486 3896 2502 3923 ,
2530 3864 2595 3912 ut
2621 3872 2652 3910 a
2684 3856 2940 3913 convictu
2965 3854 3215 3910 mulieris
3250 3868 3410 3923 sepa—

1830 3956 2002 4007 retur.
2051 3948 2233 4015 Quare
2282 3947 2330 4001 si
2363 3946 2489 4016 quis
2517 3945 2685 4002 verbo
2714 3944 3029 4015 professus,
3075 3943 3256 4013 reipsa
3287 3957 3430 4011 quaa-

1831 4039 2251 4109 conjugatorum
2282 4043 2412 4092 sunt
2455 4034 2618 4099 facit,
2648 4034 2828 4105 palam
2857 4042 2943 4090 est
2967 4043 3092 4089 eum
3120 4032 3413 4104 virginita-

1832 4130 1903 4186 tis
1932 4128 2152 4199 quidem
2201 4127 2548 4182 honestatem
2592 4126 2649 4181 in
2698 4125 2926 4181 nomine
2973 4125 3261 4195 persequi,
3314 4123 3412 4180 sed

1830 4234 2176 4292 nequaquam
2200 4219 2269 4274 ab
2302 4219 2563 4273 indecora
2597 4218 2879 4287 voluptate
2911 4217 3209 4273 abstinere.
3233 4214 3431 4270 Tanto.

1833 4327 1962 4382 ergo
2002 4310 2176 4381 magis
2223 4308 2587 4381 oportebatte
2619 4307 2977 4378 postulationi
3018 4315 3223 4363 nostra:
3252 4305 3423 4361 facile

1796 4458 1803 4463 ,
1834 4400 2048 4467 cedere,
2079 4405 2286 4470 quanto
2317 4406 2372 4454 te
2405 4398 2488 4453 ais
2514 4413 2637 4454 esse
2678 4398 2988 4454 liberiorem
3017 4398 3085 4454 ab
3110 4398 3259 4452 omni
3286 4411 3410 4452 cor-

143 4507 201 4545 σε
228 4494 481 4558 εὐκόλως
530 4486 674 4558 εῖξαι
722 4490 879 4563 ἡμῶν
917 4491 984 4562 τῇ
1027 4488 1279 4555 ἀξιώσει,⁸
1298 4490 1516 4561 ὅσῳπερ
1558 4490 1726 4560 λέγεις

1842 4506 2007 4563 porca
2035 4489 2280 4546 libidine.
2313 4486 2502 4561 Neque
2532 4489 2680 4545 enim
2707 4488 2888 4544 virum
2936 4488 3283 4561 septuaginta
3313 4503 3414 4543 au-
3502 4552 3507 4558 θ

210 4648 322 4720 (57)
366 4646 543 4720 οὐδὲ
572 4640 683 4720 εἷς.
716 4644 813 4720 Ita
827 4652 942 4720 tres
973 4645 1335 4720 vetustissimi
1368 4644 1751 4720 codices,_prol

143 4714 230 4783 eo,
264 4714 420 4790 quod
454 4726 590 4775 erat
640 4717 696 4771 in
728 4714 892 4790 editis
938 4715 1134 4780 οὐδείς.
1167 4715 1325 4790 Ωιιρὰ
1372 4717 1448 4769 ait
1501 4715 1737 4790 Basilibs

143 4785 597 4867 eborepiscopos
627 4786 907 4867 hominum
936 4800 1184 4867 penuria“
1214 4786 1464 4867 laborare
1622 4787 1736 4841 ele-

144 4854 447 4923 ctionibns,
482 4854 564 4913 'id
613 4854 1059 4911 deelectionibus
1096 4854 1419 4910 inferiorum
1456 4855 1738 4910 ministro.

142 4943 259 4983 rum
281 4931 470 4999 accipi
504 4943 628 4983 non
658 4925 838 4999 debet,
879 4926 972 4999 sed
996 4925 1438 4999 presbyterorum
1467 4924 1739 4999 et_diaco-

144 5013 361 5071 norum,
393 4994 833 5071 quos__episcopi
865 4994 1385 5067 chorepiscoporum
1415 4994 1735 5050 testimonio

145 5066 433 5140 probatos'
465 5066 830 5140 ordinabant.

208 5140 325 5208 (58)
379 5135 924 5209 ’ExugaOapla‘ats.
947 5134 1092 5209 Editi
1114 5133 1322 5191 addunt
1343 5133 1460 5203 οὖν,
1482 5153 1611 5209 quae
1628 5138 1749 5209 qui-

143 5206 503 5292 demnvocula
537 5206 701 5292 deest
725 5206 778 5260 in
822 5207 1029 5292 nostris
1060 5213 1266 5292 septem
1300 5220 1437 5292 mss:

208 5281 323 5353 (59)
366 5275 911 5353 'Asgelcioartg...
959 5275 1275 5340 ἐξετάζετε.
1312 5275 1454 5353 Editi
1511 5275 1752 5353 ἀπελαύ-

143 5344 403 5416 νοντες...
437 5344 1035 5415 ὲξετάσατε.Ρι·ἰῐηοηι
1063 5360 1251 5416 vocem
1291 5345 1455 5401 trium
1488 5348 1754 5401 vetustis»

145 5414 443 5487 simorum,
478 5414 729 5473 alteram
763 5423 970 5487 septem
1001 5414 1254 5471 codicum
1281 5416 1608 5472 auctoritate
1628 5432 1750 5471 inu-

145 5493 405 5547 lavimus.

208 5561 323 5633 (60)
355 5554 758 5633 ﬂammis-
791 5554 885 5633 ita
935 5553 1577 5633 Harl-.ﬁoisl-rtimus,
1604 5554 1747 5633 Med-

145 5639 190 5684 et
216 5624 476 5688 'Cla'rom'.
509 5624 652 5684 cum
683 5624 869 5680 Basilii
911 5625 1266 5681 editionihus.
1307 5624 1376 5680 At
1400 5626 1465 5681 in
1490 5641 1584 5681 sex
1623 5625 1747 5681 aliis

148 5702 437 5760 codicibus
473 5710 632 5757 mss.
666 5703 724 5753 et
770 5696 827 5751 in
880 5695 1170 5754 Pandectis
1210 5696 1409 5770 legitur
1438 5696 1751 5769 Γρηγορίῳ,

1842 4645 1934 4701 Sic
1967 4646 2113 4702 enim
2141 4645 2348 4700 habent
2376 4645 2443 4700 ad
2481 4645 2782 4715 marginem
2832 4655 2945 4704 tres
2986 4646 3204 4703 codices
3251 4646 3428 4703 modo

1836 4716 2014 4779 citati,
2048 4716 2239 4781 Cois|.,
2270 4716 2414 4770 Med.
2443 4721 2498 4769 et
2525 4714 2766 4770 Clarom.

1903 4785 2014 4853 (6|)
2050 4786 2515 4850 Συνεισακτούς.
2549 4783 2641 4839 Sic
2696 4800 2886 4842 omnes
2919 4800 3057 4841 mss.
3121 4784 3265 4839 Editi
3298 4802 3426 4840 συνσΔ

1835 4855 2052 4920 ακτούς.
2084 4855 2511 4926 interpretamur
2537 4864 2837 4926 extraneos,
2868 4870 2977 4926 non
3014 4871 3141 4910 vero
3161 4854 3417 4926 subinduf

1838 4937 1974 4990 ctas,
2016 4925 2147 4995 quia
2182 4924 2263 4980 sic
2297 4924 2743 4995 Hieronymuset
2768 4924 3014 4979 Ruiiinus
3044 4934 3099 4980 ct
3127 4925 3283 4979 multi
3322 4925 3417 4980 alii

1849 4994 2057 5051 veteres
2096 4995 2239 5049 hanc
2260 5009 2448 5063 vocem
2475 4994 2852 5055 reddiderunt,
2881 5004 2940 5047 ut
2965 4995 3262 5049 observant
3288 5002 3420 5063 post

1845 5066 2129 5134 Cujacium
2153 5062 2540 5125 Gothofredus,
2576 5064 2668 5117 lib.
2703 5080 2792 5119 xv:
2824 5064 2955 5119 Cod.
2991 5062 3421 5129 Tlieod.,etLu-

1848 5152 1948 5206 pus
2005 5135 2061 5189 in
2119 5148 2383 5206 canonem
2424 5134 2660 5206 _tertium
2703 5136 3006 5206 Niczenurn.
3045 5134 3247 5188 Eadem
3287 5148 3420 5206 voce

1846 5202 2019 5259 utitur
2034 5211 2228 5257 auctor
2249 5203 2376 5259 libri
2409 5202 2487 5257 De
2516 5203 2888 5270 singularitate
2918 5204 3252 5266 clericorum,
3275 5219 3331 5258 n.
3351 5202 3421 5258 30

1847 5283 1903 5329 ct
1926 5274 2016 5329 52.
2053 5271 2269 5329 Vocates
2320 5281 2501 5328 autem
2541 5280 2668 5325 sunt
2714 5274 3083 5339 συνεισακτοί,
3117 5282 3418 5332 extranew.

1854 5354 1912 5398 ut
1947 5355 2348 5467 opponerentur
2379 5343 2450 5424 iis
2485 5356 2624 5411 quas
2679 5353 2874 5397 natura
2913 5344 3092 5410 dedit,
3127 5344 3419 5407 matribus,

1854 5430 2025 5467 SOI‘OI‘I
2068 5428 2130 5466 us
2160 5420 2216 5467 et
2245 5421 2445 5467 amitis.

1850 5420 2130 5470 sororibus
2160 5420 2216 5467 et
2245 5420 2445 5469 amitis.

1921 5484 2034 5551 (62)
2069 5481 2207 5537 Vide
2233 5481 2514 5538 Addenda.

1928 5555 2037 5625 (65)
2056 5553 2237 5625 ίΜετὰ
2261 5555 2567 5625 γυναικός.
2592 5551 2686 5608 Sic
2722 5559 2837 5610 tres
2877 5554 3239 5611 vetustissimi
3271 5551 3426 5608 cod'b-

1849 5618 1961 5681 res.
1996 5618 2136 5678 Ε(ίὶιί
2165 5618 2305 5681 μετά
2335 5618 2571 5681 γυναικιῖ

1920 5643 1961 5681 5.
1998 5642 2136 5678 lhﬂlll

1920 5700 1937 5719 ‘
1976 5693 2125 5752 Alias

2407 5640 2633 5678 ναικων.

2200 5692 2431 5753 XCVIII.
2462 5694 2679 5767 Scripta
2708 5697 2873 5754 initio.
2896 5696 3258 5768 episcopatus.
