3870 6218
425 346 535 398 ωδ

1747 344 1805 403 S.
1846 347 2092 404 BASILII
2125 345 2340 404 MAGNI

3580 339 3686 403 108

431 480 535 519 nos
550 471 735 518 natum
752 465 1007 522 existimo
1021 465 1315 523 libidinose
1333 467 1582 524 habitare
1598 482 1722 523 cum
1738 469 1968 525 muliere
1988 488 2003 523 :

2124 467 2390 538 ιλεόθερος
2408 460 2546 519 εἶναι
2578 464 2781 530 παντὸς
2808 465 3123 538 σωματικοῦ
3152 465 3380 530 πάθους.
3413 463 3555 519 Οὔτε
3576 467 3691 540 γὰρ

432 568 535 608 nec
553 554 697 624 quod
717 562 876 626 turpe
895 557 1114 628 aliquod
1137 557 1350 614 facinus
1368 557 1561 614 fuisset
1577 558 1896 623 admissum,
1922 557 2006 613 id-

433 644 583 699 circo
610 645 1009 716 constituiquaa
1034 648 1326 713 constitui;
1362 647 1456 703 sed
1477 647 1618 718 quod
1651 647 1719 702 ab
1744 645 2009 716 Apostolo

433 733 727 790 didicimus
763 734 1148 793 ollendiculum
1178 737 1333 793 fratri
1366 755 1479 793 non
1507 752 1711 811 ponere
1739 738 1811 793 ad
1841 753 2004 794 scan-

432 824 618 879 dalum
651 827 692 881 ¹.
750 823 967 883 Scimus
999 837 1180 883 autem
1235 828 1381 900 quod
1437 843 1469 883 a
1526 828 1808 885 nonnullis
1855 837 2007 884 recte

431 915 677 985 geritur,
734 917 856 973 aliis
914 918 1261 975 occasionem
1315 936 1437 976 esse
1482 919 1764 991 peccandi.
1828 919 2010 986 Quare

434 1006 785 1076 praecipimus
831 1017 1146 1064 sanctorum
1191 1009 1417 1065 Patrum
1446 1010 1729 1066 decretum
1772 1026 2007 1081 sequen-

408 1104 539 1165 ,tes,
572 1104 631 1151 ut
658 1111 690 1151 a
711 1098 1034 1154 muliercula
1061 1101 1355 1171 separeris.
1390 1100 1532 1168 Quid
1566 1102 1731 1171 igitur
1758 1101 2007 1172 ehorepi-

434 1201 661 1257 scopum
690 1189 934 1254 incusas,
963 1199 1020 1246 et
1046 1192 1249 1248 veteris
1277 1193 1577 1253 inimicitias
1604 1192 1741 1249 facis
1772 1194 2005 1249 mentio-

433 1281 600 1335 nem?
633 1279 777 1346 Quid
805 1281 874 1339 de
905 1284 1065 1339 nobis
1106 1285 1355 1355 quereris
1400 1286 1548 1355 quod
1578 1284 1769 1341 faciles
1799 1287 2011 1341 calum-t

380 1448 387 1455 _
433 1370 545 1426 niis
577 1386 740 1428 aures
778 1374 1166 1444 praebeamus,
1198 1391 1263 1431 ac
1297 1392 1409 1431 non
1438 1377 1623 1447 potius
1653 1378 1721 1434 de
1759 1385 1812 1432 te
1849 1377 2002 1448 ipse,

387 1468 402 1515 '.
432 1462 529 1531 qui
554 1461 754 1518 adduci
786 1480 901 1520 non
947 1475 1123 1536 potes,
1155 1474 1215 1521 ut
1253 1483 1285 1521 a
1320 1468 1566 1525 mulieris
1611 1469 2014 1524 consuetudine-

432 1554 702 1610 rccedas?
732 1554 883 1627 Ejice
914 1556 1081 1627 igitur
1109 1557 1257 1612 illam
1297 1557 1455 1629 150
1489 1574 1558 1614 ex
1606 1559 1714 1615 tuis
1756 1557 1963 1615 aedibus
1987 1598 2005 1623 ,

432 1653 488 1700 et
517 1645 575 1700 in
608 1648 944 1703 monasterio
965 1649 1257 1705 constitue.
1293 1647 1376 1703 Sit
1406 1650 1499 1705 illa
1526 1664 1653 1712 cum
1678 1650 2002 1720 virginibus,

430 1748 486 1794 et
514 1739 658 1808 apud
705 1747 759 1794 te
787 1740 1029 1795 serviant
1058 1740 1193 1807 viri,
1226 1748 1289 1795 ut
1318 1756 1388 1797 ne
1418 1740 1513 1796 Dei
1552 1758 1752 1797 nomen
1787 1753 2006 1814 propter

2102 559 2195 614 τὸν
2254 558 2721 629 ἑϐδομηκονταετῆ
2787 559 3048 628 γεγονότα
3112 558 3375 630 πείθομαι
3421 558 3692 629 ἐμπαθῶς

2107 653 2373 705 συνοικεῖν
2397 649 2638 719 γυναικὶ,
2669 648 2792 705 οὔτε
2839 650 2918 715 ὡς
2959 650 3317 722 ἐπιγενομένη
3364 649 3470 703 τινὶ
3498 649 3689 721 ἀτόπῳ

2107 740 2302 812 πράξει
2355 739 2639 810 ὼρίσαμεν
2678 737 2717 792 ἃ.
2749 738 3063 811 ὡρίσαμεψ
3114 739 3229 793 ἀλλ’
3274 738 3467 809 ἐπειδὴ
3512 738 3691 792 ἐδιδά-

2104 830 2315 903 χθημεν
2346 832 2497 905 παρὰ
2519 832 2618 885 τοῦ
2660 830 2982 885 Ἀποστόλου
3008 830 3084 903 μὴ
3107 831 3313 885 τιθέναι
3347 829 3689 901 πρόσκομμα

2104 923 2184 994 τῷ
2229 923 2442 995 ἀδελφῷ
2487 926 2568 988 είς
2614 923 2911 979 σκάνδαλον
2948 923 3081 996 (64).
3120 924 3356 994 Οἴδαμεν
3404 922 3483 987 δὲ,
3514 922 3693 975 ὅτιτὸ

2106 1015 2259 1085 παρά
2308 1031 2471 1070 τινων
2521 1016 2692 1085 ὑγιῶς
2737 1015 3017 1087 γινόμενον
3060 1015 3240 1079 ἄλλοις
3279 1014 3502 1086 ἀφορμὴ
3546 1012 3692 1084 πρὸς

2106 1107 2383 1178 ἁμαρτίαν
2408 1108 2644 1181 ὑπάρχει
2693 1107 2829 1181 (65).
2878 1107 3079 1161 Τούτου
3118 1107 3303 1161 ἕνεκεν
3348 1105 3689 1178 προσετάξα-

2108 1216 2230 1270 μεν,
2268 1200 2522 1271 ἑπόμενοι
2549 1203 2616 1272 τῇ
2657 1200 2886 1271 διαταγῇ
2911 1200 3021 1253 τῶν
3059 1199 3229 1268 ἀγίων
3261 1197 3542 1269 Πατέρων,
3575 1212 3698 1267 χω-

2110 1292 2358 1363 ρισθῆναι
2386 1309 2447 1346 σε
2473 1291 2569 1345 τοῦ
2592 1293 2836 1360 γυναίου.
2872 1292 2938 1345 Τί
2966 1286 3058 1345 οὖν
3078 1289 3329 1359 ἐγκαλεῖς
3344 1287 3420 1359 τῷ
3444 1303 3689 1359 χωρεπι-

2108 1385 2316 1456 σκόπῳ,
2363 1385 2459 1440 καὶ
2491 1383 2726 1448 παλαιᾶς
2756 1383 2956 1456 ἔχθρας
2989 1382 3303 1454 μέμνησαι;
3334 1380 3399 1432 Τί
3439 1379 3498 1433 δὲ
3533 1378 3697 1448 ἡμᾶς

2106 1477 2447 1547 καταμέμφῃ
2498 1476 2574 1539 ὡς
2620 1475 2875 1537 εὐκόλους
2912 1472 3083 1529 ἀκοὰς
3113 1472 3335 1542 ἔχοντας
3378 1472 3459 1533 εἰς
3491 1468 3555 1521 τὸ
3581 1466 3697 1532 τὰς

2105 1565 2355 1631 διαϐολάς
2392 1565 2747 1638 προσίεσθαις
2807 1564 2923 1619 ἀλλ’
2968 1565 3089 1634 οὐχὶ
3124 1561 3331 1632 σεαυτῷ
3376 1560 3452 1631 μὴ
3496 1561 3684 1629 ἀνεχο-

2109 1657 2256 1728 μένῳ
2290 1656 2400 1728 (66)
2434 1656 2736 1727 ἀποστῆναι
2781 1656 2881 1727 τῆς
2927 1655 3065 1725 πρὸς
3120 1653 3217 1725 τὴν
3260 1653 3493 1721 γυναῖκα
3558 1666 3695 1702 συν-

2105 1742 2329 1814 ηθείας;
2366 1743 2634 1799 Ἔκϐαλλε
2668 1745 2844 1800 τοίνυν
2875 1744 3045 1815 αὐτὴν
3086 1742 3193 1797 ἀπὸ
3233 1740 3337 1794 τοῦ
3377 1740 3528 1793 οἴκου
3562 1755 3684 1803 σου,

428 1844 531 1885 vos
559 1830 989 1901 blaspliemetur.
1028 1831 1155 1888 Haec
1179 1832 1351 1889 donec
1377 1833 1595 1897 feceris,
1630 1834 2005 1890 innumerabi-

2124 1837 2202 1889 (αἱ
2234 1836 2577 1907 κατάστησον
2618 1836 2787 1908 αὐτὴν
2818 1837 2875 1889 ὲν
2927 1833 3273 1906 μοναστηρίῳ
3312 1831 3447 1903 (67).
3501 1830 3697 1882 Ἔστω

431 1922 506 1975 lia
529 1938 650 1993 qua:
680 1938 777 1993 per
803 1924 1060 1994 epistolas
1091 1926 1287 1982 scribis
1318 1926 1457 1980 nihil
1486 1934 1543 1982 te
1566 1916 1874 1997 'juvabunt;
1907 1928 2003 1985 sed

2124 1927 2292 1998 ἐκείνη
2338 1927 2475 2000 μετά
2519 1926 2829 2000 παρθένων,
2870 1927 2965 1980 καὶ
3010 1928 3075 1981 σὺ
3130 1923 3409 1997 ὑπηρετοῦΔ
3456 1922 3547 1976 ὑπ’
3591 1921 3699 1974 ἀνα

430 2014 686 2070 morieris
723 2015 957 2082 otiosus,
998 2030 1062 2071 ac
1094 2016 1292 2075 reddes
1326 2016 1561 2073 Domino
1599 2018 1866 2074 rationem
1905 2019 2007 2074 otii

2124 2017 2284 2090 Ξρῶν,
2333 2020 2420 2075 ἵνα
2454 2020 2529 2091 μὴ
2560 2020 2621 2073 τὸ
2666 2018 2836 2090 ὄνομα
2861 2019 2956 2072 τοῦ
2988 2017 3124 2072 Θεοῦ
3164 2017 3230 2070 δι’
3261 2017 3407 2087 ὑμᾶς
3444 2014 3697 2085 βλασφη-

429 2105 533 2187 tui.
590 2102 749 2171 Quod
806 2108 854 2163 si
914 2123 1084 2163 ausus
1138 2109 1309 2165 fueris
1363 2110 1500 2165 citra
1567 2110 2000 2166 emendationem

2124 2112 2298 2182 113]“!-
2335 2112 2481 2177 Ἕως
2513 2112 2559 2165 δ’
2605 2112 2673 2167 ἂν
2699 2112 2871 2166 ταῦτα
2909 2114 3088 2183 ποιῇς,
3120 2111 3175 2164 αἱ
3224 2107 3503 2180 μυριάδες,
3539 2106 3700 2176 ἀπερι

433 2197 800 2253 sacerdotium
842 2199 942 2254 tibi
982 2200 1303 2262 vindicare.
1332 2200 1647 2269 {anathema
1693 2201 1804 2256 eris
1857 2201 2007 2256 omni

2124 2203 2222 2273 [68)
2259 2205 2593 2277 συγγράφεις
2624 2204 2712 2259 διὰ
2758 2203 2867 2257 τῶν
2914 2201 3232 2267 ἐπιστολῶν,
3274 2200 3426 2257 οὐδὲν
3472 2197 3690 2269 ὠφελή-

430 2286 669 2356 populo;
700 2295 755 2342 et
798 2289 893 2358 qui
932 2297 986 2344 te
1023 2292 1365 2361 receperint,
1406 2289 1864 2346 excommunicati
1909 2305 2007 2360 per

2124 2294 2268 2347 σουσί
2295 2310 2392 2347 σε’
2438 2293 2576 2349 ἀλλά
2603 2294 2946 2365 τελευτήσεις
2987 2292 3195 2363 ἀργῶν,
3238 2291 3334 2344 καὶ
3381 2288 3573 2352 δώσεις
3602 2286 3699 2357 τῷ·

431 2392 651 2433 omnem
680 2377 979 2436 Eeclesiam
1001 2392 1182 2436 erunt.
1842 2445 1853 2456 θ

2124 2385 2305 2456 Κυρίῳ
2326 2384 2488 2455 λόγον
2514 2386 2615 2457 τῆς
2641 2385 2866 2439 σεαυτοῦ
2894 2385 3111 2455 ἀργίας.
3157 2383 3282 2438 Ἐὰν
3307 2383 3365 2437 δὲ
3384 2381 3682 2453 τολμήσῃς,

436 2468 513 2539 μὴ
550 2469 980 2542 διορθωσάμενος
1014 2474 1260 2538 σεαυτὸν,
1293 2474 1613 2545 ἀντέχεσθαι
1679 2476 1779 2546 τῆς
1809 2476 2130 2549 ἱερωσύνης,
2195 2479 2444 2552 ἀνάθεμα
2472 2480 2569 2554 έσῃ
2602 2481 2765 2536 παντὶ
2792 2480 2871 2553 τῷ
2891 2479 3031 2552 λαῷ.
3090 2480 3186 2536 καὶ
3210 2480 3262 2533 οί
3291 2476 3566 2548 δεχόμενοί
3621 2490 3697 2527 σε

433 2567 762 2637 ὲκκήηρυκτοι
796 2568 937 2623 κατά
971 2572 1151 2624 πᾶσαν
1193 2570 1520 2642 Ἐκκλησίαν
1544 2573 1891 2644 γενήσονται.

964 2723 1300 2781 EPlSTOLA
1325 2726 1478 2782 LVl‘.

2191 2767 2209 2782 .
2654 2726 3002 2781 ΕΠΙΣΤΟΛΗ
3032 2726 3143 2792 NCT
3154 2762 3172 2781 .

437 2855 652 2911 Basilius
673 2860 1306 2933 querentem-Pergamium,
1335 2863 1466 2929 quod
1493 2861 1667 2933 litteris
1689 2862 1791 2933 suis
1808 2877 1903 2933 non
1928 2864 2271 2933 respondisset,
2296 2867 2492 2933 placare
2513 2873 2743 2933 conatur,
2766 2879 2909 2931 seque
2931 2857 3344 2933 uenturam!!!“
3366 2873 3430 2912 ex
3458 2864 3702 2927 ροιεεωιε·

729 2927 854 2983 orta,
878 2921 965 2973 sed
985 2921 1324 2987 sollicitudine,
1345 2921 1442 2989 qua
1463 2939 1589 2975 nunc
1610 2924 1937 2990 distringitur,
1963 2921 2231 2979 adductum
2253 2921 2356 2980 esse
2379 2929 2615 2990 declarat,
2637 2936 2689 2980 ut
2706 2921 2965 2993 Perg'amii
2987 2921 3372 2978 oblivisceretur.

1075 3051 1372 3124 Pergamio.

2659 3059 2970 3128 Περγαμίφ
3009 3056 3140 3129 (69)-

513 3165 647 3219 Sum
698 3163 949 3235 equidem
999 3173 1194 3219 natura
1242 3166 1498 3236 proclivis
1548 3166 1619 3221 ad
1659 3165 2012 3230 oblivionem,

2184 3171 2317 3243 Είμῖ
2368 3171 2465 3243 μὲν
2512 3169 2677 3240 φύσει
2714 3169 2937 3232 εὔκολος
2977 3168 3111 3240 πρὸς
3142 3167 3240 3239 τὴν
3267 3166 3455 3239 λήθην,
3500 3166 3694 3235 ἐπεγέὲ

437 3255 536 3310 sed
584 3257 818 3311 accessit
862 3256 996 3311 mihi
1041 3265 1097 3311 et
1140 3257 1479 3327 negotiorum
1532 3258 1858 3323 multitudo,
1894 3274 2000 3329 qu...

2124 3279 2238 3318 νετο
2275 3263 2331 3316 δέ
2367 3280 2456 3333 μοι
2503 3263 2598 3319 καὶ
2639 3262 2699 3315 τὸ
2727 3260 2835 3314 τῶν
2869 3259 3133 3330 ἀσχολιῶν
3165 3258 3389 3330 πλῆθος,
3426 3260 3705 3311 ἐπιτεῖνον

435 3349 685 3401 innatam
734 3345 1107 3402 inﬁmitatem
1166 3347 1420 3420 adauget.
1482 3348 1846 3415 Quamobrem
1912 3350 2015 3406 etsi

2124 3352 2217 3425 τὴν
2242 3354 2305 3405 ὲκ
2330 3351 2545 3420 φύσεως
2573 3351 2905 3422 ἀρρωστίαν.
2940 3350 3124 3413 Ὥστε,
3154 3349 3207 3401 εί
3236 3349 3329 3403 καὶ
3376 3348 3452 3420 μὴ
3478 3347 3694 3418 μέμνη-

435 3454 549 3493 non
596 3438 821 3494 memini
859 3455 954 3495 me
985 3440 1196 3495 litteras
1234 3440 1485 3510 accipere
1526 3440 1830 3495 nobilitatis
1882 3451 2010 3506 tuae,

2124 3462 2220 3515 μαι
2258 3442 2552 3514 δεξάμενος
2596 3443 2898 3514 γράμματα
2922 3442 3023 3513 τῆς
3048 3440 3325 3510 εὐγενείας
3360 3456 3476 3504 σου,
3511 3438 3707 3491 πείθοι

436 3544 623 3588 tamen
651 3540 707 3588 te
745 3532 814 3587 ad
841 3548 929 3589 me
957 3534 1251 3605 scripsisse
1295 3550 1620 3604 persuasum
1662 3534 1867 3599 habeo;
1903 3549 2013 3589 non

2124 3553 2220 3606 μαι
2282 3533 2676 3589 ἐπεσταλκέναι
2728 3550 2788 3586 σε
2839 3535 3006 3603 ἡμῖν’
3057 3532 3118 3585 οὐ
3177 3532 3286 3602 γὰρ
3346 3530 3413 3585 ἂν
3474 3530 3699 3593 πάντως

436 3621 583 3677 enim
629 3621 982 3679 mentiturum
1026 3631 1082 3680 te
1126 3637 1353 3695 prorsus
1402 3625 1591 3681 fuisse.
1626 3624 1783 3691 Quod
1834 3632 2015 3681 autem

2124 3626 2313 3697 ψεῦδος
2358 3628 2531 3680 εἰπεῖν
2578 3642 2658 3681 σε.
2712 3623 2819 3679 Τοῦ
2864 3624 2923 3677 δὲ
2958 3622 3032 3695 μὴ
3087 3621 3545 3692 ἀντιφθέγξασθαι
3594 3622 3705 3674 οὐκ

437 3727 552 3769 non
599 3714 899 3785 respondi,
933 3714 1092 3785 culpa
1149 3730 1260 3770 non
1292 3716 1396 3770 fuit
1427 3731 1568 3783 mea,
1603 3717 1698 3771 sed
1736 3717 1882 3772 illius
1921 3717 2015 3788 qui

2124 3718 2232 3788 ἐγὼ
2281 3720 2475 3782 αἴτιος,
2520 3717 2634 3772 ἀλλ’
2665 3718 2691 3770 ό
2738 3716 2814 3789 μὴ
2853 3717 3161 3787 ἀπαιτήσας
3207 3713 3306 3779 τὰς
3353 3712 3695 3786 ἀποκρίσεις.

438 3815 711 3875 responsa
740 3818 849 3860 non
878 3804 1150 3877 peposcit.
1193 3803 1353 3860 Nunc
1392 3815 1572 3861 autem
1602 3806 1668 3860 ad
1702 3817 1759 3862 te
1795 3808 2015 3862 veniunt

2124 3810 2261 3865 Νυνὶ
2296 3810 2354 3864 δὲ
2382 3811 2507 3881 ἥκει
2542 3826 2623 3863 σοι
2650 3808 2719 3863 τὰ
2745 3807 3053 3880 γράμματα
3084 3805 3275 3872 ταῦτα,
3308 3806 3447 3877 ὑπέρ
3481 3822 3542 3859 τε
3583 3803 3702 3875 (70)

437 3898 527 3953 ha
549 3900 779 3963 litteras,
810 3912 932 3970 qua:
959 3906 1014 3953 et
1041 3900 1316 3968 praeterita
1357 3906 1623 3953 excusent
1645 3906 1700 3954 et
1733 3899 2015 3953 salutatio-

2124 3900 2234 3953 τῶν
2279 3899 2601 3969 φθασάντων
2645 3897 2941 3967 ἀπολογίαν
2993 3896 3324 3969 πληροῦντα,
3377 3897 3473 3950 καὶ
3523 3895 3705 3967 ἀρχὴν

444 3992 534 4054 nis
581 3991 806 4047 alterius
850 3989 1065 4045 initium
1097 3991 1394 4061 praebeant.
1444 3988 1626 4057 Quare
1680 4005 1803 4045 cum
1833 3990 1901 4045 ad
1933 4004 2015 4045 me

2125 3988 2336 4042 διδόντα
2386 3986 2759 4060 προσηγορίας
2801 3986 3078 4058 δευτέρας.
3124 3987 3307 4048 Ὥστε,
3341 3986 3560 4041 ἐπειδὰν
3587 3988 3705 4041 ἐπιο

445 4082 680 4147 scribes,
713 4096 783 4136 ne
811 4081 1043 4136 alterum
1083 4081 1359 4136 scribendi
1398 4082 1646 4136 ordinem
1692 4096 1720 4135 a
1761 4088 1816 4136 te
1850 4080 2015 4151 incipi

2127 4080 2351 4153 στέλλῃς
2415 4082 2567 4152 ἡμῖν,
2627 4080 2701 4151 μὴ
2763 4080 2838 4143 ὡς
2890 4078 3059 4150 ἄρξας
3121 4078 3379 4149 δευτέρας
3446 4077 3711 4150 περιόδου

441 4172 708 4242 opineris,
740 4171 839 4229 sed
865 4173 1023 4230 hisce
1041 4172 1241 4229 litteris
1269 4172 1512 4229 debitum
1543 4171 1799 4243 persolvi.
1823 4171 2022 4238 Quam-

516 4328 535 4359 ⁸
574 4327 737 4384 Rom.
769 4343 885 4395 xxv,
920 4328 1015 4384 l3.

522 4488 540 4508 '
574 4483 728 4539 Alias
768 4480 1037 4553 CCCLIV.
1078 4481 1293 4553 Scripta
1314 4483 1479 4553 initio
1512 4483 1884 4553 episcopatus.

522 4498 539 4508 '
574 4498 728 4539 Atlas
768 4498 1037 4539 uuuuv.
1078 4498 1293 4606 Scrtgta
1321 4498 1479 4537 tmtlo
1512 4498 1884 4553 episcopatus.

516 4555 630 4625 (64)
663 4555 766 4625 Εἰς
791 4552 1164 4625 σκάνδαλον.
1228 4554 1290 4625 γῆς
1308 4551 1461 4625 Harl.
1496 4552 1753 4625 etCoisl.
1793 4552 2022 4625 primus,

445 4621 819 4696 quibusjavet
842 4640 984 4696 unus
1012 4640 1080 4696 ex
1100 4624 1314 4696 Regiis,
1340 4624 1397 4677 in
1427 4640 1539 4693 quo
1564 4624 1761 4693 legitur
1790 4624 1838 4674 εἰ
1864 4621 2026 4674 σκάν-

444 4693 624 4751 δαλον.
655 4693 859 4765 Εάἰιίίῆ
892 4693 1208 4765 σκάνδαλον.

518 4759 974 4837 (65)]Υείάρχει.
1024 4762 1127 4837 _Si_c
1187 4763 1351 4819 iidem
1400 4771 1514 4819 tres
1565 4761 1785 4819 codices
1837 4768 1891 4816 et
1935 4759 2027 4816 alii

447 4834 718 4891 nonnulli.
756 4835 906 4905 Editi
929 4834 1182 4905 ὑπάρξει.

520 4906 634 4978 (66)
674 4901 913 4978 ξεαυτῷ
940 4904 1026 4974 μὴ
1048 4901 1427 4978 ᾀνεχομένῳἶ
1477 4902 1555 4956 Ita
1607 4911 1720 4978 tres
1766 4901 2029 4978 vetusﬁs-

450 4971 578 5033 simi
606 4971 825 5030 codices
849 4971 973 5028 cum
1003 4971 1360 5033 tribus'aliis.
1385 4973 1538 5028 Unus
1558 4988 1624 5027 ex
1647 4971 1832 5041 Regiis
1866 4989 2029 5025 σεαυ-

366 5062 379 5081 ι
448 5046 546 5099 τοῦ
588 5047 663 5117 μὴ
703 5043 1054 5117 ἀνεχομένου.
1096 5043 1243 5099 Editi
1299 5053 1354 5100 et
1407 5058 1550 5098 unus
1598 5051 1692 5097 aut
1746 5044 1886 5096 alter
1927 5056 2030 5095 ms.

451 5114 677 5187 σεαυτόν
704 5115 778 5187 μὴ
804 5114 1151 5185 ἀνεχόμενον.

526 5186 639 5255 (67)
691 5179 796 5241 Ἕκ
830 5179 1238 5254 μοῖθαστηρίῳ.
1279 5182 1595 5255 Balsamon,
1645 5179 1738 5255 qui
1787 5189 2037 5255 vetustos

453 5252 697 5311 canones
737 5252 1011 5310 interdum
1041 5252 1117 5309 ex"
1157 5253 1553 5309 consuetudine
1596 5253 1772 5306 anatis
1809 5267 1922 5307 sua:
1953 5252 2038 5304 in-

453 5333 821 5396 terpretatur,
868 5324 1380 5396 Basiliideeretum
1432 5324 1486 5396 in
1516 5322 1776 5396 consilii,
1826 5337 1935 5396 non
1980 5320 2040 5396 i_n

456 5391 715 5466 praecepti
754 5397 876 5451 loco
914 5395 1146 5465 accipit,
1179 5395 1307 5464 quia
1333 5393 1663 5466 virginitatis
1695 5393 1866 5466 legem
1893 5391 2037 5466 invi-

457 5461 529 5518 i.e
574 5461 852 5534 imponere
898 5461 1145 5520 severius
1177 5461 1325 5534 justo
1366 5461 1660 5534 videretur.
1704 5461 1810 5517 Sed
1855 5461 2038 5534 minus

365 5554 391 5577 η·
458 5535 597 5591 vidit
626 5531 913 5589 Balsamon
943 5544 998 5589 et
1023 5531 1313 5589 extraneas
1350 5534 1473 5587 illas
1503 5532 1760 5587 mulieres
1789 5539 1842 5586 et
1865 5531 2038 5593 viros,

461 5606 791 5669 quibuscum
837 5604 1187 5670 habitabant,
1209 5604 1553 5675 _virginitatis
1600 5602 1717 5675 lege
1747 5601 2040 5675 obstrictos

461 5675 657 5734 fuisse.
692 5675 1059 5729 Consentium
1101 5669 1260 5729 eade
1290 5669 1352 5729 re
1399 5680 1634 5727 veteres.
1658 5669 1880 5724 'Auctor
1915 5669 2042 5723 libri

434 5746 543 5802 'De
595 5744 968 5815 singularitate
1024 5746 1355 5808 clericorum,
1409 5741 1793 5798 continentibus
1838 5739 2041 5795 doricis

2124 4172 2469 4246 γραμμάτων
2508 4171 2741 4237 διανοοῦ,
2767 4170 2881 4225 ἀλλ’
2918 4171 2995 4237 ὡς
3022 4169 3426 4243 ἀποπληρώσας
3464 4170 3558 4224 ἐπὶ
3586 4172 3715 4237 τοῖς

2127 4486 2177 4534 et
2209 4475 2497 4546 virginibus
2536 4474 2769 4546 bcspitia
2801 4470 3127 4543 separanda,
3170 4469 3511 4546 pronuntiat,
3547 4482 3710 4522 num.

2134 4549 2220 4603 16.
2252 4539 2467 4603 canon.
2526 4544 2594 4598 l9
2635 4539 2966 4614 'Ancyra'nus
2995 4549 3150 4614 vetat
3187 4556 3270 4614 ne_
3288 4539 3529 4614 virgines
3567 4551 3711 4614 eum

2130 4619 2286 4680 viris,
2312 4615 2478 4671 veluti
2511 4629 2637 4669 cum
2684 4607 2947 4668 fratribus
2976 4613 3197 4681 degant.
3231 4607 3530 4681 Gregorius
3567 4607 3712 4661 Naz.

2132 4690 2187 4743 in
2213 4679 2458 4742 carmine
2504 4684 2688 4748 tertio,
2736 4698 2860 4753 pag.
2909 4682 3000 4748 57,
3043 4679 3289 4753 praecipit
3314 4679 3621 4753 virginibus
3647 4685 3715 4731 ut

2131 4757 2439 4812 masculum
2477 4769 2693 4809 omnem
2738 4748 2936 4816 vitent,
2986 4748 3334 4805 σιὶνεισακτδν
3362 4749 3417 4801 δὲ
3450 4748 3711 4818 μάλιστα,

2133 4829 2362 4881 maxime
2409 4841 2527 4878 vero
2567 4834 2900 4877 extraneum.
2947 4820 3307 4891 Hieronymus
3358 4819 3416 4891 in
3453 4817 3716 4891 :Epistola

2134 4899 2202 4952 ad
2238 4894 2617 4959 Eustochium,
2649 4892 2915 4955 Ctrlibem,
2955 4888 3168 4961 inquit,
3192 4890 3388 4956 spernit
3418 4888 3565 4961 virgo
3593 4904 3719 4961 ger-

2137 4984 2375 5026 manum,
2402 4965 2625 5035 fratrem
2656 4963 2843 5035 qua’rit
2864 4959 3191 5023 extraneum,
3218 4968 3267 5012 et
3299 4974 3417 5035 cum
3451 4959 3505 5010 in
3529 4959 3719 5035 eodem

2137 5028 2412 5107 proposito
2440 5051 2553 5089 esse
2586 5050 2642 5088 se
2668 5028 2966 5107 simulent,
3000 5039 3243 5103 quierunt
3263 5030 3517 5107 _aliorum
3548 5028 3717 5107 spiri-

2139 5098 2284 5161 tuale
2315 5106 2587 5167 solatium,
2606 5112 2663 5155 ut
2685 5103 2827 5156 domi
2845 5098 3069 5157 habeant
3087 5100 3302 5155 carnale
3320 5098 3715 5153 commercium.

2141 5177 2394 5243 Virgines
2428 5183 2483 5230 et
2526 5175 2804 5228 canonica:
2840 5182 3107 5227 vocantur
3144 5167 3416 5241 ejusmodi
3452 5167 3721 5243 mulieres

2140 5248 2197 5301 in
2230 5237 2586 5302 Orationibus
2618 5243 2991 5313 Chrysostomi
3016 5237 3280 5313 adversus
3304 5237 3543 5313 eos,_qui
3586 5253 3722 5313 συν-

2142 5316 2431 5379 εισακτούς
2475 5315 2699 5369 habent.
2733 5307 2959 5368 Minime
2995 5328 3125 5382 ergo
3162 5312 3362 5365 mirum
3396 5307 3722 5382 si‘Basilius

2141 5389 2198 5441 in
2239 5377 2574 5441 monasterio
2605 5384 2982 5437 collocandam
3011 5377 3131 5438 esse
3171 5381 3267 5449 ait,
3301 5393 3423 5450 quin
3445 5378 3561 5450 jam
3605 5377 3724 5432 vir-

2140 5456 2351 5528 ginitati
2369 5470 2504 5528 sese
2536 5460 2972 5528 consecraverat.

2213 5526 2324 5597 (68)
2366 5526 2562 5593 Ἅπερ.
2592 5525 3100 5597 ῼοᾱίςεεηίιυειυοιε
3139 5519 3475 5597 recentiores
3513 5517 3717 5589 ἇσπερ.

2215 5589 2325 5661 (69)
2364 5589 2688 5663 Περγαμίῳ.
2712 5589 3021 5663 Medicams
3058 5591 3230 5663 codex
3274 5589 3573 5663 Περγάμῳ.

2218 5660 2329 5739 (70)
2376 5660 2568 5734 ’Υπὲρ
2590 5681 2672 5721 τε.
2704 5662 2854 5718 Harl.
2879 5672 2931 5720 et
2965 5662 3106 5720 Med.
3137 5660 3276 5731 ὑπὲρ
3310 5660 3432 5732 μέν.
