3870 6218
132 292 233 349 403

1057 287 1554 346 EPISTOLARUM
1592 288 1880 347 CLASSIS
1919 289 1984 347 ll.
2027 291 2253 350 LPIST.
2292 292 2450 348 LVII.

3302 300 3409 359 406

132 406 368 480 παροῦσι
385 404 457 461 τά
477 404 824 477 ὀφειλόμενα.
864 404 978 460 Καὶ
1003 403 1133 476 γάρ,
1171 407 1221 459 εί
1249 406 1345 459 καὶ
1371 405 1485 477 (71)
1511 405 1720 461 ἀντίδο-

1851 407 1906 463 is
1931 408 2078 464 enim
2107 423 2229 465 mea
2254 408 2491 479 epistola
2517 406 2721 479 prioris
2750 415 2859 465 tua:
2888 410 2964 467 sit
2993 417 3407 487 remuneratio,-

135 520 215 566 σις
247 501 602 573 προαγόντων
639 499 757 552 ἐστὶ
794 498 866 552 τὰ
891 499 1158 573 ἡμέτερα,
1189 498 1326 555 ἀλλά
1367 499 1446 571 τῷ
1490 500 1653 554 πλέον
1685 501 1719 573 ἢ

134 592 415 647 διπλάσιον
468 589 830 664 ὑπερϐάλλειν
877 590 1019 645 κατὰ
1070 591 1132 645 τὸ
1181 591 1401 663 μέτρον,
1459 592 1724 664 ἑκατέραν

135 683 230 754 τὴν
256 681 412 747 τάξιν
434 682 545 753 (72)
570 680 981 752 ἀποπληρώσει.
1022 683 1188 755 Ὁρᾷς
1211 684 1373 737 όποῖα
1405 682 1724 754 σοφίζεσθαι

137 777 281 845 ἡμᾶς
329 777 365 848 ἡ
423 775 593 847 ἀργία
647 773 1093 844 καταναγκάζει;
1157 775 1230 829 Σὺ
1280 775 1338 829 δὲ
1395 776 1626 855 παῦσαι,
1679 772 1725 830 ὦ

136 866 346 939 ἄριστε,
373 866 597 936 ἐπάγων
624 865 736 936 (75)
771 866 830 920 ἐν
862 869 1082 936 μικροῖς
1116 868 1325 938 ῥήμασι
1357 865 1602 937 μεγάλας
1639 867 1726 919 ai-

136 962 277 1025 τίας,
303 958 569 1030 οὐμενοῦν
596 960 827 1030 ἐχούσας
860 957 1165 1031 ὑπερϐολὴν
1191 961 1271 1022 είς
1314 958 1535 1013 κακίαν.
1571 958 1724 1031 Λήθη

136 1051 241 1122 γάρ
274 1050 472 1121 φίλων,
503 1052 599 1105 καὶ
629 1050 903 1124 ὑπεροψία
932 1049 995 1102 ἐκ
1031 1048 1347 1113 δυναστείας
1374 1048 1723 1121 ἐγγινομένη,

137 1143 318 1197 πάντα
341 1142 456 1215 ἔχει
493 1142 631 1213 ὁμοῦ
661 1142 733 1196 τά
770 1142 939 1196 δεινά.
972 1140 1098 1195 Εἴτε
1129 1141 1241 1214 γάρ
1268 1142 1369 1196 οὐκ
1414 1142 1723 1215 ἀγαπῶμεν

137 1235 278 1289 κατά
307 1234 407 1307 τὴν
444 1234 664 1306 ἐντολὴν
691 1231 786 1287 τοῦ
829 1232 1064 1302 Κυρίου,
1097 1232 1222 1287 οὐδὲ
1265 1232 1359 1286 τὸν
1405 1234 1729 1305 χαρακτῆρα

137 1326 486 1397 ἐπικείμενον
532 1328 669 1398 ἡμῖν
719 1325 914 1396 ἔχομεν
935 1340 950 1356 σ
1007 1325 1116 1378 εἴτε
1164 1326 1516 1397 φρονήματος
1568 1324 1728 1378 κενοῦ

138 1417 230 1471 καὶ
278 1416 603 1480 ἀλαζονείας
645 1412 1080 1485 ὑπεπλήσθημεν
1134 1412 1516 1482 τυφωθέντες,
1565 1413 1769 1484 ἐμπί-’

140 1524 349 1580 πτομεν
375 1506 490 1579 (74)
521 1508 603 1570 είς
636 1505 876 1576 ἄφυκτον
906 1507 1079 1578 κρῖμα
1109 1503 1205 1558 τοῦ
1238 1504 1506 1559 διαὸόλου.
1530 1490 1729 1571 mare,

140 1600 347 1671 εἰμὲν,
395 1598 569 1662 οὕτως
620 1597 758 1669 ἔχων
816 1597 1059 1662 διανοίας
1118 1598 1248 1670 περὶ
1294 1596 1474 1669 ἡμῶν,
1518 1597 1732 1662 τούτοις

141 1693 362 1764 ἐχρήσω
387 1694 501 1755 τοῖς
537 1692 796 1763 ῥήμασιν,
832 1686 986 1756 εὖξαι
1020 1691 1215 1759 φυγεῖν
1248 1690 1398 1761 ἡμᾶς
1429 1690 1530 1760 τὴν
1566 1706 1734 1760 πονη-

1825 500 1953 570 quia
1998 507 2183 556 tamen
2217 501 2345 571 plus
2383 500 2552 571 duplo
2582 501 2806 557 modum
2839 504 3088 571 excedit,
3117 515 3415 580 utrumque

1826 590 2074 647 ordinem
2122 592 2385 663 explebit.
2424 590 2594 648 Vides
2647 593 2959 663 qualia'nos
2985 596 3227 653 cavillari
3255 608 3415 673 cogat

1826 682 2041 737 otium?
2077 680 2159 737 Tu
2194 697 2330 738 vero
2365 683 2593 749 desine,
2625 698 2660 739 ο
2693 685 2779 739 vir
2806 688 3040 756 optime,
3074 690 3267 759 paucis
3292 706 3417 746 ver-

1826 773 1912 829 bis
1946 788 2142 845 magna
2171 773 2406 829 crimina
2428 814 2444 838 ,
2488 790 2720 846 quaeque
2748 778 2993 847 nequitia
3023 781 3270 851 superari
3303 797 3418 838 non

1828 863 2065 934 possint,
2096 863 2327 919 inferre.
2359 863 2494 918 Nam
2519 866 2825 922 amicorum
2857 869 3062 926 oblivio
3084 879 3139 927 et
3169 881 3418 928 contem-

1829 964 1957 1029 ptus
2006 972 2074 1012 ex
2124 963 2394 1028 potestate
2425 966 2618 1023 ortus,
2652 960 2837 1014 omnia
2867 961 3032 1016 simul
3075 964 3221 1018 mala
3266 979 3420 1019 com-

1829 1046 2158 1117 plectuntur.
2204 1046 2331 1103 Sive
2377 1048 2525 1103 enim
2584 1049 2886 1105 secundum
2942 1050 3158 1107 Domini
3208 1068 3417 1124 praece-

1831 1148 1988 1208 ptum
2012 1152 2123 1192 non
2154 1136 2456 1208 diligimus,
2492 1130 2671 1209 neque
2704 1140 2868 1195 etiam
2910 1140 3225 1212 impositam
3258 1145 3420 1201 nobis

1833 1235 2020 1282 notam
2059 1235 2114 1283 et
2145 1228 2524 1283 characterem
2559 1230 2888 1286 retinemus.
2922 1229 3049 1287 Sive
3086 1231 3237 1288 factu
3267 1235 3421 1288 inani

1831 1327 1886 1374 et
1914 1318 2235 1390 arrogantia
2285 1318 2566 1389 replemur
2616 1319 2792 1375 inﬂati
2817 1363 2832 1388 ,
2873 1321 3178 1379 incidimus
3218 1322 3274 1378 in
3304 1321 3423 1378 dia-

1832 1409 1944 1464 boli
1988 1409 2257 1479 judicium
2296 1409 2669 1468 ineluctabile.
2724 1410 2906 1479 Quare
2950 1412 2998 1469 si
3038 1412 3107 1469 de
3153 1414 3313 1470 nobis
3346 1416 3424 1469 ita

1834 1502 2110 1567 sentiens,
2141 1502 2232 1558 his
2258 1501 2442 1557 verbis
2469 1518 2605 1581 usus
2652 1520 2750 1573 es;
2780 1520 3008 1575 precare
3053 1515 3115 1561 ut
3151 1507 3423 1578 improbi-

1833 1600 2038 1658 tatem,
2091 1609 2256 1664 quam
2305 1592 2363 1649 in
2406 1596 2620 1652 nostris
2672 1597 2921 1654 moribus
2974 1599 3423 1670 deprehendisti,

1835 1684 2149 1756 fugiamus;
2182 1687 2269 1742 sin
2305 1696 2489 1744 autem
2523 1689 2929 1746 consuetudine
2955 1692 3196 1762 quadam
3231 1692 3431 1748 incon-

143 1783 281 1854 ρίαν,
309 1784 379 1856 ἢν
414 1783 637 1855 ἐξεῦρες
666 1782 822 1854 ἡμῶν
849 1783 907 1834 ἐν
949 1780 1027 1853 τῷ
1053 1781 1242 1853 τρόπῳ
1261 1797 1275 1812 ο
1310 1782 1359 1834 εί
1388 1781 1445 1834 δὲ
1474 1780 1740 1852 συνηθείᾳ.

1851 1777 2076 1832 siderata
2131 1778 2198 1833 ad
2252 1778 2355 1835 bas
2406 1795 2572 1835 voces
2623 1779 2842 1837 devenit
2896 1781 3119 1854 lingua,
3160 1797 3261 1839 nos
3318 1783 3428 1854 ipsi

140 1876 242 1928 τινὶ
272 1874 621 1944 ἀνεξετάστῳ
668 1874 762 1926 ἐπὶ
799 1870 911 1926 τῶν
938 1871 1200 1943 ῥημάτων
1229 1867 1393 1943 ἦλθεν
1421 1873 1454 1942 ἡ
1490 1870 1728 1941 γλῶττα,

142 1965 372 2028 ἑαυτοὺς
399 1961 937 2037 παραμυθησόμεθα,
982 1963 1077 2016 καὶ
1118 1962 1216 2034 τὴν
1248 1962 1347 2034 σὴν
1385 1962 1733 2034 χρηστότητα

142 2056 241 2122 τὰς
278 2058 347 2110 ἐκ
375 2056 490 2111 τῶν
514 2055 856 2127 πραγμάτων
888 2054 1194 2127 μαρτυρίας
1212 2054 1527 2126 προσθεῖναι
1553 2071 1734 2126 παρα-

142 2144 441 2215 καλοῦμεν.
506 2145 716 2198 Ἐκεῖνο
769 2142 878 2213 γάρ
928 2138 989 2196 εὖ
1045 2141 1190 2208 ἴσθι,
1251 2143 1333 2196 ὅτι
1388 2144 1423 2214 ἡ
1483 2143 1736 2215 παροῦσα

142 2237 364 2309 φροντὶς
405 2231 789 2298 ταπεινώσεως
829 2235 963 2306 ἡμῖν
1001 2234 1227 2304 γέγονεν
1275 2234 1521 2305 ἀφορμή.
1566 2233 1730 2287 Ὥστε

142 2327 235 2381 σοῦ
260 2327 390 2382 τότε
432 2325 829 2398 ἐπιλησόμεθα,
875 2326 1005 2380 ὅταν
1051 2325 1147 2380 καὶ
1190 2326 1419 2390 ἑαυτοὺς
1458 2326 1739 2396 ἀγνοήσω-

146 2436 244 2490 μεν
299 2419 439 2490 (75).
500 2419 593 2488 Μὴ
645 2418 828 2471 τοίνυν
872 2418 1005 2473 ποτὲ
1064 2418 1163 2482 τὰς
1204 2417 1463 2490 ἀσχολίας
1515 2420 1740 2489 σημεῖον

141 2512 346 2584 τρόπου
380 2511 478 2565 καὶ
502 2510 843 2582 κακοηθείας
876 2512 1104 2584 ποιήσῃ.

684 2667 1030 2721 ΕΠΙΣΤΟΛΗ
1077 2666 1200 2720 ΝΖ¹;

1838 1869 2273 1936 consolabimur,
2302 1879 2567 1943 tuamque
2597 1872 3011 1944 benignitatem,
3050 1880 3111 1928 ut
3150 1889 3218 1930 ex
3263 1874 3428 1931 factis

1838 1961 2151 2018 testimonia
2197 1961 2482 2033 proferat,
2535 1978 2819 2035 rogamus.
2871 1963 3010 2019 Illud
3055 1965 3201 2021 enim
3257 1966 3430 2037 probe

1842 2055 2026 2119 scias,
2077 2054 2221 2109 hanc
2267 2054 2729 2119 sollicitudinem,
2779 2071 2887 2127 qua
2938 2070 3088 2112 nunc
3136 2056 3431 2127 distringi-

1842 2162 1990 2213 mur,
2043 2147 2388 2203 occasionem
2443 2148 2604 2203 nobis
2654 2147 2856 2203 factam
2906 2164 3032 2206 esse
3077 2149 3424 2207 humilitatis.

1841 2238 2184 2310 Quapmpter
2223 2239 2304 2294 tui
2340 2250 2470 2294 tunc
2502 2240 2911 2305 obliviscamur,
2938 2256 3062 2296 cum
3093 2249 3147 2298 et
3184 2249 3427 2297 nosmet-

1839 2331 1992 2403 ipsos
2038 2331 2192 2405 151
2237 2332 2635 2403 ignorabimus.
2689 2332 2834 2389 Cave
2889 2333 3076 2405 igitur,
3135 2334 3430 2404 nequando

1843 2424 2062 2495 negotia
2094 2425 2299 2507 indolis
2338 2441 2403 2480 ac
2443 2441 2659 2481 morum
2691 2426 2962 2482 malorum
3009 2421 3275 2484 indicium
3305 2441 3434 2483 esse

1844 2511 2036 2568 ducas.

2360 2666 2706 2724 EPISTOLA
2744 2668 2927 2725 LV'll'.

144 2775 394 2847 Heluium
434 2777 655 2847 hortatur
684 2775 991 2847 Basilicam
1024 2777 1207 2847 sapius
1245 2776 1441 2847 scribat,
1471 2782 1535 2847 (et
1554 2775 1613 2847 lin
1647 2776 1839 2840 magnis
1882 2777 2116 2847 "solstitiis
2162 2787 2439 2847 versantem
2457 2783 2757 2847 consoletur.
2772 2782 2914 2845 Optat
2932 2784 2988 2847 _ut
3027 2778 3120 2830 sibi
3152 2777 3293 2847 illum
3325 2778 3431 2847 .ati-'

200 2843 405 2902 quando
422 2838 590 2908 videre
611 2841 852 2904 contingat
864 2838 1225 2908 ;jamque'huic
1245 2838 1501 2903 cupiditati
1517 2838 1875 2904 obsequeretur,
1899 2839 1996 2893 nisi
2035 2842 2211 2905 fratres
2229 2842 2475 2895 retinuiss.
2490 2851 2540 2895 nt
2560 2842 2705 2896 certis
2723 2842 2786 2892 de
2807 2838 2986 2904 causis,
3007 2853 3127 2907 quas
3153 2839 3434 2907 Theophra-

202 2899 312 2952 stus
329 2899 567 2952 narrabit.

324 3011 592 3073 Μελετίφ
618 3007 770 3081 (76),
801 3008 1114 3075 ἐπισκόπῳ
1162 3006 1525 3079 Ἀντιοχείας

2193 3010 2408 3068 Meletio
2430 3051 2445 3077 ,
2475 3012 2719 3084 episcopo
2761 3010 3076 3067 Antiochiw.

214 3122 286 3177 Εἴ
331 3139 452 3186 πως
497 3121 714 3192 ἐγένετο
773 3121 1007 3193 φανερὸν
1056 3123 1123 3193 τῇ
1169 3121 1451 3195 θεοσεϐείᾳ
1498 3139 1592 3177 σου
1643 3123 1742 3194 τῆς

1924 3120 1981 3177 Si
2026 3136 2138 3193 quo
2178 3122 2344 3178 modo
2372 3130 2506 3178 nota
2549 3122 2706 3180 fleret
2738 3122 2927 3195 pietati
2958 3129 3068 3178 tute
3110 3123 3434 3194 magnitudo

144 3215 493 3289 εὐφροσύνης
519 3216 583 3268 τὸ
620 3214 869 3286 μέγεθος,
903 3215 971 3285 ἢν
1005 3215 1255 3285 ἐμποιεῖς
1294 3215 1409 3288 (77)
1450 3218 1585 3288 ἡμῖν
1617 3217 1747 3271 όσά-

146 3327 233 3373 κις
256 3308 329 3362 ἂν
360 3307 703 3379 ἐπιστέλλῃς,
749 3303 886 3373 οἴδα,
924 3308 1008 3361 ὅτι
1054 3306 1155 3360 οὐκ
1194 3308 1260 3362 ἄν
1308 3325 1438 3362 ποτε
1488 3325 1745 3380 παραπε-

148 3401 354 3455 σοῦσαν
408 3399 755 3471 γραμμάτων
806 3399 1078 3471 πρόφασιν
1111 3399 1390 3472 ὑπερέϐης
1413 3417 1426 3430 ·
1475 3399 1614 3454 ἀλλὰ
1652 3402 1749 3456 καὶ

146 3492 458 3563 ἐπενόησας
483 3489 551 3544 ἃν
581 3488 782 3552 πολλάς
811 3491 946 3561 ἡμῖν
985 3491 1161 3543 ποιεῖν
1185 3488 1447 3542 ἑκάστοτε
1488 3489 1588 3554 τὰς
1635 3490 1752 3541 ἐπι-

150 3584 373 3648 στολάς,
405 3581 690 3654 γνωρίζων
716 3582 809 3637 τὸν
835 3582 937 3635 ἐπὶ·
956 3585 1025 3654 τῇ
1068 3580 1376 3636 ἀναπαύσει
1421 3583 1532 3635 τῶν
1571 3579 1752 3634 θλιϐο-

154 3677 335 3746 μένων
358 3674 473 3747 (78)
505 3674 659 3745 παρὰ
692 3673 786 3726 τοῦ
820 3672 1206 3747 φιλανθρώπου
1245 3674 1518 3727 Δεσπότου
1559 3671 1751 3744 μισθὸν

151 3767 544 3838 ᾶποκείμενον.
574 3766 761 3819 Πάντα
807 3764 918 3838 γὰρ
961 3765 1156 3837 ὀδύνης
1184 3763 1253 3818 τά
1292 3764 1421 3836 τῇδε
1449 3763 1751 3836 πεπλήρω-

150 3854 399 3928 rugata).
428 3854 564 3925 μόνη
610 3854 743 3924 ἡμῖν
786 3857 935 3909 ἐστιν
979 3853 1302 3927 ἀποστροφὴ
1338 3854 1451 3910 τῶν
1497 3853 1683 3908 δεινῶν
1717 3857 1752 3926 ἠ

151 3948 253 4017 τῆς
299 3946 405 4018 σῆς
449 3945 727 4017 ὁσιότητος
776 3945 992 4000 ἔννοια·
1048 3947 1116 4018 ἢν
1166 3947 1568 4019 ἐναργεστέραν
1618 3949 1752 4018 ἡμῖν

153 4040 434 4110 ἔμποιεϊή
452 4038 542 4095 διὰ
562 4038 672 4094 τῶν
705 4039 886 4111 πάσης
939 4039 1129 4109 σοφίας
1161 4041 1255 4093 καὶ
1282 4039 1506 4111 χάριτος
1550 4039 1754 4112 πεπλη-

157 4132 429 4204 ρωμένων
474 4132 821 4203 γραμμάτων
870 4148 964 4185 σου
1009 4131 1222 4203 ὁμιλία.
1260 4132 1448 4196 Ὥστε,
1479 4132 1608 4184 ὅταν
1656 4130 1753 4185 λά-

157 4224 345 4295 εωμεν
377 4224 464 4286 είς
503 4225 697 4295 χεῖρας
734 4221 831 4295 τὴν
883 4223 1176 4295 ἐπιστολήν
1229 4240 1343 4289 σου,
1400 4223 1616 4294 πρῶτον
1655 4223 1753 4294 μὲν

155 4315 219 4368 τὸ
249 4316 455 4387 μέτρον
503 4315 675 4387 αὐτῆς
720 4315 1149 4388 ἐπισκοποῦμεν,
1202 4315 1299 4370 καὶ
1345 4314 1599 4370 τοσοῦτον
1649 4317 1750 4369 αύ-

1850 3215 2082 3280 Ιωῑίιίω,
2111 3229 2277 3283 quam
2326 3214 2462 3269 mihi
2492 3213 2656 3270 atfers
2679 3254 2695 3280 ,
2728 3215 3168 3285 quotiescunque
3199 3216 3434 3282 scribis,

1851 3305 1968 3361 scio
2011 3314 2066 3358 te
2113 3319 2398 3375 nunquam
2451 3305 2690 3359 oblatam
2750 3306 3030 3362 scribendi
3084 3307 3437 3363 occasionem

1850 3398 2350 3467 praetermissurum
2408 3395 2629 3465 fuisse;
2678 3397 2776 3453 sed
2812 3405 2877 3453 et-
2921 3399 3178 3454 consulto
3231 3400 3437 3457 multas

1850 3488 2010 3543 nobis
2040 3487 2273 3543 subinde
2315 3488 2582 3559 epistolas
2616 3485 2925 3554 facturum,
2968 3502 3094 3543 cum
3123 3503 3237 3544 non
3280 3490 3439 3560 igno-

1852 3596 1944 3637 res
1994 3580 2303 3636 mercedem
2358 3580 2728 3635 consolationi
2769 3579 3091 3635 aﬂlictorum
3135 3596 3165 3634 a
3199 3581 3439 3652 benigno

1852 3672 1965 3727 Deo
1988 3673 2306 3743 repositam.
2348 3671 2543 3727 Omnia
2570 3672 2716 3728 enim
2755 3672 2846 3727 hic
2876 3673 3067 3728 dolore
3095 3673 3254 3743 plena
3281 3680 3433 3738 sunt,-

1853 3780 1918 3819 ac
1967 3781 2075 3820 una
2131 3766 2290 3821 nobis
2329 3775 2415 3820 est
2467 3763 2721 3819 avocatio
2773 3765 3080 3827 malorum,
3120 3764 3437 3820 sanctitatis

1855 3862 1962 3909 tua:
2006 3854 2303 3925 cogitatio;
2350 3869 2517 3924 quam
2569 3852 3002 3909 rnanil‘estiorem
3060 3854 3220 3909 nobis
3271 3852 3441 3911 edicit

1853 3953 2010 4000 tuum
2036 3960 2135 4016 per
2172 3944 2386 3999 litteras
2414 3942 2566 3999 omni
2598 3941 2869 4013 sapientia
2895 3957 2959 3999 ac
2989 3943 3165 4014 gratia
3201 3941 3438 3997 refertas

1853 4038 2214 4109 colloquium.
2253 4035 2438 4104 Quare
2465 4051 2591 4092 cum
2642 4036 2929 4108 epistolam
2961 4043 3113 4091 tuam
3154 4036 3212 4090 in
3241 4049 3440 4090 manus

1857 4129 2163 4192 sumimus,
2196 4128 2437 4199 primum
2497 4126 2720 4199 quidem
2766 4129 2991 4184 modum
3031 4127 3207 4198 ipsius
3254 4126 3437 4182 intue-

1855 4239 2002 4291 mur,
2049 4237 2281 4293 eamque
2339 4229 2551 4278 tantum
2585 4222 2865 4295 diligimus
2895 4262 2910 4288 ,
2963 4230 3171 4293 quanto
3212 4221 3440 4277 uberior

1855 4315 2024 4370 fuerit
2054 4329 2121 4369 ac
2146 4315 2425 4385 copiosior
2451 4333 2465 4369 :
2510 4313 2711 4371 deinde
2758 4315 3000 4386 legentes
3020 4330 3291 4384 ,semper
3317 4314 3440 4385 qui-

156 4408 258 4476 τὴν
286 4405 621 4478 ἀγαπῶμεν.
652 4409 869 4480 ὅσῳπερ
886 4407 952 4463 ἂν
986 4408 1287 4481 περισσεύῃ
1333 4407 1447 4480 (79)
1490 4406 1569 4478 τῷ
1614 4407 1742 4480 πλή-

1857 4407 1982 4463 dem
2020 4413 2349 4462 occurrente
2405 4408 2660 4463 oratione
2713 4406 3094 4467 delectamur:
3154 4406 3249 4461 ﬁni
3307 4421 3442 4461 vero

159 4501 276 4555 θεισ
303 4500 524 4565 ἔπειτα,
553 4497 859 4565 διεξιόντες,
896 4499 976 4572 τῷ
1022 4500 1121 4571 μὲν
1149 4500 1238 4554 ἀεὶ
1282 4498 1742 4571 προστυγχάνοντι

1860 4499 2387 4569 appropinquantes,
2406 4497 2673 4555 aﬂicimur
2689 4501 2973 4564 molestia;
3005 4498 3142 4554 adeo
3167 4496 3439 4569 quidquid

157 4594 256 4649 τοῦ
310 4595 478 4665 λόγου
529 4594 826 4667 χαίρομεν·
881 4593 961 4666 τῷ
1013 4594 1156 4648 τέλει
1201 4592 1260 4647 δὲ
1313 4591 1416 4663 τῆς
1460 4591 1750 4663 ἐπιστολῆς

160 4685 654 4759 προσεγγίζοντες,
719 4687 1161 4759 δυσχεραίνομεν.
1220 4683 1376 4739 Οὕτω
1431 4685 1538 4738 πᾶν
1599 4684 1627 4736 ὅ
1681 4701 1757 4737 τι-

240 4817 353 4889 (71)
381 4818 497 4874 Kal
524 4818 635 4888 γὰρ
668 4821 721 4873 εί
751 4821 871 4872 καί.
909 4819 1060 4876 Harl.
1092 4820 1187 4872 καὶ
1217 4818 1325 4889 γάρ
1347 4819 1444 4889 καὶ
1470 4818 1525 4888 ὴ.
1554 4816 1677 4872 Vat.
1705 4819 1754 4889 εί

240 4835 353 4889 (ιι)
381 4835 497 4874 nat
524 4835 635 4888 γαρ
668 4835 871 4900 ειηκαι.
909 4835 1060 4876 Harl.
1092 4835 1187 4872 και
1217 4835 1325 4940 γαρ
1347 4835 1444 4899 και
1470 4835 1525 4888 η.
1564 4835 1677 4898 vat.
1705 4835 1754 4871 ει

163 4888 277 4962 γάρ
306 4890 495 4962 acati).
525 4889 757 4962 Duo_alu
787 4891 883 4943 καὶ
913 4890 1022 4962 γάρ
1060 4891 1157 4943 καὶ
1189 4889 1257 4943 εί.
1314 4889 1497 4943 bidem
1525 4889 1658 4944 editi
1692 4888 1754 4942 τὸ

162 4958 356 5013 πλέον.
388 4958 526 5014 Mss.
560 4967 619 5012 ut
645 4958 701 5013 in
728 4968 898 5014 textu.

237 5029 359 5099 (72)
381 5028 729 5101 _'Exatépar
761 5029 876 5099 τὴν
906 5029 1099 5101 τάξιν.
1147 5031 1292 5086 Editi
1330 5030 1607 5101 ἑκατέρων
1631 5028 1756 5101 τὴν

162 5098 353 5169 ἀξίαν.
381 5098 610 5170 Legitur
648 5099 716 5170 in,
737 5108 944 5169 septem
970 5100 1258 5157 codicibus
1286 5117 1419 5159 mss.
1449 5098 1550 5170 τὴν
1580 5098 1755 5165 τάξιν.

164 5169 509 5228 Sed‘voeem
556 5169 845 5241 ἑκατέραν,
892 5187 1012 5241 quae
1050 5169 1643 5241 maximewneceSSaria
1675 5179 1760 5224 est

164 5242 241 5298 ad
272 5241 611 5296 sententiam
640 5240 1114 5301 illustrandam,in
1139 5243 1260 5296 solo
1283 5240 1570 5296 Harlaeano
1601 5255 1761 5310 repe-

161 5314 373 5367 rimus.
416 5310 621 5366 Ibidem
670 5311 802 5366 editi
840 5312 972 5382 ὁρᾷς
1018 5312 1186 5376 ὅπως.
1224 5310 1478 5382 Plerique
1535 5324 1669 5365 mss.
1700 5318 1761 5363 ut

159 5383 221 5437 in
259 5387 439 5434 textu.
1522 5418 1527 5423 .

242 5451 363 5521 (73)
404 5449 697 5521 Ἑκάτων.
730 5448 883 5505 Hanc
913 5467 1101 5507 vocem
1137 5450 1453 5507 addidimus
1480 5467 1549 5507 ex
1581 5449 1758 5514 Harl.,

162 5521 317 5577 Med.
341 5519 402 5575 et
438 5519 704 5593 Clarum,
738 5522 1142 5593 etudelevimus
1181 5523 1411 5593 verbum
1445 5521 1760 5593 παρεχόμε-

162 5607 303 5662 νοςζ
318 5591 468 5662 quod
503 5599 629 5646 erat
655 5592 709 5646 in
741 5590 905 5646 editis
934 5598 1058 5662 post
1087 5592 1302 5646 κακίαν.

247 5660 364 5733 {74)
412 5662 839 5733 Ἐμπιπτομεν.
870 5660 952 5719 Ita
1000 5677 1137 5721 mss.
1173 5665 1438 5737 quinque.
1484 5660 1629 5720 Editi
1673 5662 1766 5720 ἐκ·

163 5731 496 5788 πίπτω-εν..
662 5742 667 5747 ·

242 5747 473 5798 πτομεν.
479 5759 496 5800 λ
662 5742 667 5747 ’

1856 4590 2063 4646 dixeris
2085 4590 2143 4645 in
2170 4591 2398 4654 litteris,
2421 4591 2627 4648 bonum
2654 4599 2761 4648 est.
2786 4593 2923 4648 Nam
2954 4592 3158 4647 bonum
3180 4599 3266 4647 est
3292 4590 3441 4661 quod

1856 4695 1887 4735 a
1914 4682 2061 4738 bono
2092 4681 2263 4737 corde
2303 4681 2596 4738 redundat.
2632 4681 2790 4749 Quod
2827 4683 2874 4739 si
2904 4682 3065 4737 nobis
3097 4681 3442 4752 cmitingeret

1929 4813 2522 4886 (ἹδὶγξΑτνοήσωμεν.
2558 4811 2730 4886 Μὴ...
2762 4812 3009 4886 ποιήσῃ.
3065 4813 3143 4867 Ita
3195 4810 3446 4881 plerique

1856 4884 2562 4966 Insigniiditiﬁyvoﬁcgpav.
2591 4884 2750 4966 Mi}...
2788 4885 3031 4966 ποίησαι.

1931 4955 2045 5027 (76)
2072 4951 2612 5027 Hexsilqnffjtulus
2651 4951 3095 5027 liujus‘epistolae
3126 4960 3182 5007 et
3209 4951 3440 5027 aliarum

1859 5022 2139 5096 deinceps,
2162 5041 2286 5096 quae
2325 5024 2392 5079 ad
2426 5023 2700 5096 Meletinm
2731 5024 2932 5094 scripta
2978 5031 3235 5096 suntne!
3252 5022 3443 5096 codice

1860 5093 2152 5152 Barlaaano
2179 5093 2447 5164 sumptus
2474 5101 2580 5152 est.
2633 5095 2685 5148 in
2717 5109 2827 5164 quo
2848 5093 3099 5164 epistola
3130 5093 3267 5154 215,
3305 5093 3443 5147 alias

1860 5166 1988 5235 272,
2048 5167 2128 5221 sic
2168 5163 2512 5221 inscribitur.
2556 5163 2616 5218 In
2661 5163 2787 5220 aliis
2834 5163 3120 5220 codicibus
3172 5164 3445 5218 omittitur

1862 5252 1965 5292 vox
2005 5237 2356 5307 Ἀντιοχείας.

1933 5308 2047 5379 (77)
2088 5298 2517 5378 ⁶³Ηνί“ἐμέτοιεῖς.
2553 5303 2671 5359 Duo
2700 5320 2836 5361 mss.
2867 5306 3204 5361 recentiores
3238 5298 3306 5374 ἦς
3340 5304 3446 5373 ἐμ-

1863 5381 2056 5441 ποιεῖς.

1937 5449 2051 5522 (78)
2085 5444 2483 5517 Θλιὸομένων.
2528 5441 2667 5501 Tres
2700 5444 2922 5507 codices
2951 5445 3291 5503 recentiores
3332 5441 3448 5497 θλι-

1907 5536 2032 5573 εων.

1863 5520 2060 5716 ψεῗὶινεέ
2094 5587 2455 5658 Περισσεύῃ.
2499 5584 2575 5641 Ita
2608 5585 2785 5655 Harl.,
2810 5587 2982 5646 Coisi.
3015 5587 3227 5662 primus
3248 5593 3305 5645 et
3331 5593 3465 5647 ωσι.

1870 5661 1982 5716 alii.
2061 5659 2160 5714 diti
2187 5656 2524 5716 περισσεύει.

1870 5661 1982 5719 alii.
2013 5659 2160 5716 Editi
2187 5659 2524 5719 περισσεύει.

1990 5732 2146 5790 Alias
2158 5729 2296 5789 LVI.
2330 5729 2555 5788 Scripta
2583 5742 2731 5783 anno
2762 5729 2873 5781 ut
