3870 6218
172 304 276 363 409

1120 314 1611 376 εριδτοιΑιιωι
1646 316 1937 376 CLASSIS
1972 322 2040 378 ll.
2081 320 2303 379 EPIST.
2340 320 2481 381 LII.

3310 320 3429 380 ιιο

173 423 374 477 θόντων
406 422 736 493 μεμνῆσθαι,
772 426 908 498 μήτε
929 427 1040 482 τῶν
1063 430 1346 502 παρόντων
1365 433 1738 502 αἰσθάνεσθαι,

1850 440 2113 510 pecudum
2139 440 2360 498 ferrem.
2392 438 2502 496 Sed
2537 436 2670 509 quid
2705 434 2902 492 faciam
2947 448 3069 495 meo
3095 438 3272 511 ipsius
3296 440 3421 496 ani-

169 513 311 583 ὑπὲρ
331 514 427 566 τοῦ
456 516 636 570 πᾶσαν
666 518 878 589 πληγὴν
904 520 984 583 εἰς
1012 521 1116 591 γῆν
1152 523 1408 593 κεκυφὼς
1449 526 1635 599 φέρειν
1663 528 1740 592 ὡς

1850 545 1967 596 mo,
2009 534 2103 602 qui
2131 538 2255 602 post
2288 546 2458 586 unum
2499 538 2555 586 et
2585 529 2816 584 alterum
2859 530 3293 599 experimentum
3322 532 3417 587 nl-

165 607 231 660 τὰ
262 606 604 677 βοσκήματα.
658 609 819 663 Ἀλλὰ
842 611 894 664 τί
917 612 1074 666 πάθω
1099 614 1235 685 πρὸς
1261 616 1353 669 τὸν
1387 618 1625 688 ἐμαυτοῦ
1648 619 1739 673 λο-

164 695 380 764 γισμὸν,
422 698 561 767 μετὰ
595 698 722 769 μίαν
741 702 833 754 καὶ
856 701 1116 774 δευτέραν
1156 709 1353 777 πεῖραν
1401 710 1554 763 οὐδὲν
1579 710 1741 765 δυνά-

166 804 325 857 μενον
377 790 750 856 ἀνεξετάστως
811 796 1165 865 προσίεσθαι;
1231 798 1418 853 Ταῦτα
1484 802 1584 871 τῆς
1639 802 1741 872 σῆς

163 879 464 949 ἁπλότητος
495 881 904 955 καθαπτόμενος
933 886 1166 959 ἔγραψα,
1205 889 1272 960 ἥν
1296 890 1404 943 οὐδ’
1430 892 1602 955 ἄλλως
1624 892 1738 963 (90)

162 972 477 1037 πρέπουσαν
505 974 868 1044 Χριστιανοῖς,
906 977 985 1049 τῷ
1028 980 1252 1051 παρόντι
1287 981 1464 1053 καιρῷ
1496 983 1605 1053 (9|)
1628 983 1741 1054 ὁρῶ

165 1062 237 1132 μὴ
273 1064 650 1133 ἁρμόζουσαν·
692 1067 777 1120 ἵνα
812 1070 948 1141 πρὸς
980 1071 1108 1139 γοῦν
1150 1073 1211 1125 τὸ
1245 1074 1441 1143 ἑφεξῆς
1469 1076 1658 1128 ἑαυτόν
1678 1092 1739 1129 τε

162 1156 472 1223 φυλάττοις,
502 1158 681 1228 κάμοῦ
711 1161 865 1232 φείδῃ
886 1178 902 1194 ·
932 1163 1140 1233 ἐπειδὴ,
1172 1164 1255 1217 δεῖ
1284 1165 1394 1237 γάρ
1427 1183 1495 1237 με
1528 1167 1662 1238 πρὸς
1679 1168 1740 1221 σὲ

164 1246 300 1317 μετᾶ
337 1248 654 1319 παρρησίας
684 1252 858 1304 εἰπεῖν
879 1292 891 1315 ,
936 1252 1316 1318 ἁναξιὸπιστος
1343 1251 1396 1309 εῐ
1416 1255 1524 1310 τῶν
1566 1255 1741 1309 τοιού-

131 1350 265 1397 έτων
293 1338 563 1401 διάκονος.
590 1339 736 1411 Πλὴν
764 1341 961 1407 οἵτινες
994 1343 1104 1413 (92)
1137 1344 1203 1398 ἂν
1228 1342 1360 1398 ὦσιν
1393 1348 1442 1398 oi
1469 1346 1738 1399 ἐπεσταλ-

130 1428 334 1490 ’κὸτες,
367 1428 785 1499 ἀπεκρινάμεθα
808 1431 990 1495 αὐτοῖς
1019 1431 1089 1484 τὰ
1109 1434 1315 1488 εἰκότα.
1350 1435 1476 1487 Εἴτε
1515 1430 1609 1488 οὖν
1643 1435 1742 1488 αὐ-

161 1519 247 1581 τὸς
272 1518 589 1590 ἁπόπειράν
622 1538 711 1591 μοι
755 1520 984 1588 καθιεὶς,
1021 1522 1132 1576 εἴτε
1164 1524 1242 1595 τῷ
1279 1525 1392 1580 ὄντι
1431 1527 1584 1598 παρὰ
1628 1526 1739 1580 τῶν

162 1610 475 1663 ὲτασκόπων
520 1610 721 1675 λαϐὼν,
776 1612 877 1684 τὴν
932 1615 1221 1686 ἐπιστολὴν
1265 1615 1538 1689 ἔπεμψας,
1594 1618 1741 1689 ἔχεις

164 1702 255 1763 τὰς
286 1702 631 1773 ἀποκρίσεις.
677 1705 746 1759 Σὲ
797 1705 853 1759 δὲ
906 1705 1041 1761 ἄλλα
1087 1709 1236 1773 εἰκὸς
1271 1706 1341 1781 ἦν
1388 1710 1468 1781 τῷ
1511 1711 1738 1783 παρόντι

1839 621 1922 676 hil
1962 624 2369 693 inexploratum
2423 621 2713 677 admittere
2762 622 2981 691 potest?
3013 620 3139 676 Haec
3177 623 3414 693 scripsi,

1840 714 2241 783 simplicitatem
2306 722 2457 768 tuam
2516 711 2932 787 perstringens,
2982 726 3145 782 quam
3212 713 3417 784 alioqui

1840 804 2169 860 Christianis
2211 820 2322 860 non
2355 813 2749 875 congruentem
2773 843 2789 869 ,
2831 804 2961 858 huic
2990 804 3222 873 tempori
3269 804 3418 859 haud

1840 895 2134 950 convenire
2162 894 2354 960 video;
2391 902 2450 948 ut
2475 895 2668 948 saltem
2703 894 2966 963 deinceps
3003 900 3118 947 tum
3167 894 3283 963 ipse
3315 892 3419 948 tibi

1840 1000 2067 1051 caveas,
2105 994 2217 1040 tum
2261 986 2393 1041 mihi
2442 1001 2640 1057 parcas
2665 1003 2679 1041 :
2705 986 2976 1056 siquidem
3002 1024 3018 1049 ,
3056 984 3227 1039 libere
3269 983 3417 1039 cnim

1839 1091 1929 1131 me
1977 1076 2043 1130 ad
2088 1084 2141 1131 te
2180 1077 2332 1147 loqui
2386 1085 2634 1147 oportet,
2669 1077 2859 1132 talium
2907 1075 3158 1139 minister
3194 1089 3256 1129 es
3309 1074 3419 1129 fide

1840 1166 1987 1223 haud
2020 1166 2243 1239 dignus.
2270 1168 2662 1225 Verumtamen
2692 1168 3007 1239 quicunque
3050 1165 3291 1229 fuerint,
3318 1163 3417 1234 qui

1840 1261 2204 1331 scripserint,
2260 1263 2373 1327 eis,
2412 1269 2473 1316 ut
2529 1275 2627 1332 par
2678 1268 2826 1327 erat,
2859 1260 2968 1330 jam
3004 1257 3411 1329 respondimus.

1843 1349 1967 1406 Sive
1996 1352 2169 1423 igitur
2197 1359 2597 1409 tentamentum
2631 1352 2766 1406 mihi
2802 1350 3090 1421 iujiciens,
3127 1348 3415 1417 epistolam

1838 1442 2079 1510 misisti,
2112 1445 2228 1501 sive
2254 1460 2448 1501 revera
2478 1443 2745 1515 accepisti
2787 1443 2856 1498 ab
2902 1440 3205 1511 episcopis,
3241 1438 3424 1499 habes.

1837 1547 2125 1602 responsa.
2167 1532 2243 1590 Te
2290 1549 2423 1589 vero
2462 1534 2701 1589 decebat
2737 1532 2844 1587 alia
2887 1531 2944 1585 in
2976 1528 3236 1602 praesenti
3272 1537 3415 1582 tem-

1837 1638 1971 1695 pore
1996 1640 2192 1681 curare
2214 1665 2229 1690 ,
2254 1625 2428 1681 frater
2457 1640 2584 1681 cum
2619 1625 2698 1680 sis
2724 1664 2740 1689 ,
2769 1626 3001 1678 necdum
3032 1629 3245 1676 natura:
3271 1617 3423 1673 obli-.

1838 1723 1931 1772 tus
1950 1756 1966 1782 ,
1993 1731 2174 1787 neque
2196 1733 2283 1774 me
2308 1717 2521 1773 inimici
2552 1719 2672 1775 loco
2699 1718 2899 1772 habeas
2926 1733 2939 1770 :
2970 1707 3415 1785 quandoquidem

164 1795 491 1864 φροντίζειν,
525 1796 753 1867 ἀδελφόν
788 1816 847 1852 τε
876 1798 1023 1865 ὄντα,
1062 1800 1160 1855 καὶ
1184 1803 1350 1873 μήπω
1381 1802 1484 1873 τῆς
1521 1804 1736 1871 φύσεως

1850 1806 2006 1860 vitam
2039 1803 2274 1877 ingressi
2310 1823 2535 1872 sumus,
2560 1822 2682 1878 quae
2711 1819 2914 1877 corpus
2952 1809 3198 1858 nostrum
3221 1803 3422 1852 conte-.

164 1885 607 1956 ἐπιλελησμένον,
642 1887 775 1958 μηδὲ
807 1890 866 1942 ὲν
890 1889 1086 1961 ἐχθροῦ
1118 1892 1283 1964 μοίρᾳ
1307 1893 1457 1963 ἡμᾶς
1484 1893 1695 1964 ὁρῶντα
1713 1909 1731 1925 ·

165 1976 343 2047 ἐπειδὴ
372 1980 454 2040 εἰς
492 1977 605 2047 βίον
639 1980 992 2051 παρήλθομεν
1053 1982 1406 2053 συντρίϐοντα
1449 1984 1547 2054 μὲν
1577 1983 1735 2055 ἡμῶν

163 2066 218 2118 τὸ
242 2068 424 2138 σῶμα,
456 2069 733 2125 κακοῦντα
762 2070 820 2125 δὲ
846 2072 960 2144 (95)
1000 2074 1094 2128 καὶ
1121 2074 1218 2145 τὴν
1237 2074 1415 2145 ψυχὴν
1438 2074 1518 2146 τῷ
1560 2077 1733 2147 om?"

166 2157 363 2214 ϐαίνειν
397 2161 500 2230 τὴν
540 2161 815 2234 ἡμετέραν
862 2163 1110 2236 δύναμιν.
1171 2164 1310 2218 Ἀλλ’
1348 2166 1497 2236 ὅμως
1546 2167 1734 2238 ἐπειδὴ

167 2248 333 2313 οὕτως
368 2252 827 2324 ὲκπειτολέμωσαι
860 2254 996 2323 (94),
1029 2254 1221 2309 τούτου
1250 2255 1437 2310 ἕνεκεν
1480 2258 1734 2328 παρεῖναι

169 2356 223 2393 σε
247 2340 353 2394 ἔδει
382 2341 501 2407 νῦν,
543 2345 637 2397 καὶ¹
675 2348 950 2400 κοινωνεῖν
991 2345 1101 2401 τῶν
1134 2349 1494 2419 πραγμάτων.
1541 2349 1734 2403 Ἀδελ-

165 2432 260 2499 φοὶ
287 2433 423 2501 γὰρ,
451 2436 638 2505 φησιν,
670 2436 740 2489 ἐν
776 2437 1065 2507 ἀνάγκαις
1102 2438 1382 2492 ἔστωσαν
1428 2438 1732 2509 χρήσιμοι.

166 2522 225 2576 Ei
249 2524 307 2577 δὲ
351 2525 433 2595 τῷ
472 2526 585 2580 ὖντι
622 2528 908 2600 συντυχίαν
946 2528 1221 2599 ἡμετέραν
1257 2530 1647 2599 καταδέχονται
1684 2532 1735 2584 οἱ

164 2616 585 2687 αἰδεσιμὼτατοι
610 2619 919 2684 ἐπίσκοποι,
950 2619 1045 2675 καὶ
1080 2619 1243 2673 τόπον
1277 2622 1408 2690 ἡμῖν
1434 2621 1737 2693 ὡρισμένον

166 2708 253 2761 καὶ
293 2710 490 2781 καιρὸν
527 2712 975 2783 ῃωρισάτωσαν,
1011 2712 1106 2766 καὶ
1153 2712 1222 2765 δι’
1271 2712 1415 2765 ἰδίων
1464 2714 1613 2783 ἡμᾶς
1645 2714 1738 2767 ἁν-

165 2797 397 2869 θρώπων
445 2803 1010 2873 μεωπειλάσθωσαν.
1075 2804 1288 2875 Ὥσπερ
1333 2803 1444 2876 γὰρ
1492 2805 1629 2876 πρὸς
1677 2806 1738 2860 τὸ

1835 1899 1943 1962 rit,
1978 1913 2044 1954 ac
2094 1901 2333 1955 animam
2366 1916 2585 1971 quoque
2630 1900 2854 1956 coniicit
2880 1938 2895 1963 ,
2930 1904 3222 1968 propterea
3264 1890 3421 1962 quod,

1836 1990 1986 2046 vires
2024 1998 2243 2047 nostras
2285 1999 2529 2064 superat.
2561 1991 2835 2047 Caterum
2871 1988 3129 2060 quoniam
3161 1984 3242 2041 sic
3276 1980 3424 2046 mihi

1838 2081 2042 2137 bellum
2070 2083 2315 2138 indicere
2360 2083 2643 2147 statuisti,
2693 2082 2903 2138 idcirco
2949 2079 3143 2134 adesse
3182 2087 3236 2130 te
3264 2087 3414 2128 nunc

1839 2174 2163 2243 oportebat,
2194 2182 2359 2245 atque
2386 2176 2728 2243 negotiorum
2752 2187 2874 2229 esse
2904 2170 3243 2243 participem.
3276 2163 3424 2218 Fra-.

1842 2273 1946 2318 tres
1996 2266 2176 2333 enim,
2236 2265 2449 2335 inquit,
2500 2267 2558 2318 in
2606 2262 3006 2326 necessitatibus
3036 2259 3191 2314 utiles
3225 2258 3410 2313 sint’.

1840 2354 1996 2422 Quod
2056 2355 2102 2413 si
2150 2371 2342 2412 revera
2395 2363 2644 2412 nostrum
2706 2367 3068 2425 congressum
3119 2349 3418 2405 admittunt

1840 2447 2081 2516 episcopi
2108 2447 2258 2501 omni
2294 2448 2603 2503 reverentia
2636 2444 2983 2517 dignissimi,
3014 2449 3069 2498 et
3100 2441 3282 2495 locum
3314 2452 3417 2491 no-

1838 2536 1926 2592 bis
1955 2537 2238 2593 definitum
2277 2546 2333 2593 et
2357 2545 2573 2608 tempus
2612 2538 2893 2599 indicent,
2930 2547 3123 2603 meque
3156 2545 3253 2601 per
3281 2543 3423 2585 suos.

1841 2628 2093 2686 homines
2129 2639 2442 2686 accersant.
2473 2629 2543 2685 Ut
2573 2630 2719 2683 enim
2750 2637 2948 2700 patruo
2975 2641 3097 2681 meo
3123 2633 3415 2679 occurrere

1845 2718 2001 2789 153
2038 2736 2148 2776 non
2184 2736 2413 2782 recuso,
2451 2721 2528 2774 ita
2555 2721 2663 2775 nisi
2696 2720 2859 2775 modo
2890 2716 3213 2789 congruenti
3246 2726 3413 2769 voca-

1841 2819 1933 2866 tus
1960 2811 2114 2867 fuero
2140 2852 2155 2877 ,
2183 2828 2294 2867 non
2323 2813 2516 2868 feram.

162 2889 472 2963 ἁπαντῆσαι
509 2895 670 2959 αὐτὸς
702 2895 839 2967 πρὸς
879 2896 971 2949 τὸν
1008 2893 1245 2967 ἐμαυτοῦ
1298 2895 1441 2950 θεῖον
1474 2896 1576 2951 οὐκ
1610 2898 1847 2969 ἀπαξιῶ,
1877 2904 2071 2972 οὕτως,
2138 2905 2231 2959 ἐὰν
2260 2905 2336 2977 μὴ
2367 2904 2506 2977 μετὰ
2548 2903 2641 2959 τοῦ
2703 2905 3003 2968 πρέποντος
3046 2902 3323 2974 σχήματος
3382 2897 3418 2969 ὴ

161 2981 350 3055 κλῆσις
380 2983 491 3057 (95)
525 2986 768 3059 γένηται,
797 2989 897 3041 οὐκ
930 2987 1207 3056 ἀνέξομαι.

692 3106 1037 3159 ΕΠΙΣΤΟΛΗ
1074 3104 1202 3159 NG'.

2371 3106 2708 3164 EPISTOLA
2746 3106 2902 3161 LlX‘.

162 3212 352 3284 Rumpit
379 3211 626 3284 silentium
647 3215 875 3276 Basilius,
903 3231 961 3267 ac
984 3214 1299 3284 dissensionis
1318 3216 1477 3269 causis
1500 3217 1661 3284 insua
1678 3226 1876 3284 peccata
1894 3218 2084 3284 rejectis
2105 3219 2694 3284 avunculunrobtestatur,
2720 3224 2771 3284 ut
2813 3218 3007 3284 tandem
3041 3218 3305 3284 aliquando
3342 3220 3415 3271 si-

218 3278 472 3346 multatem
494 3277 718 3346 deponat2
739 3292 801 3346 ea;
823 3291 917 3346 qua
941 3285 1047 3330 totae
1068 3277 1280 3330 civitates
1298 3284 1343 3330 et
1363 3278 1530 3342 populi
1548 3277 1809 3333 truduntur.
1837 3277 2101 3335 Faciurum
2122 3295 2173 3333 se
2198 3279 2435 3345 promittit
2451 3279 2689 3346 quidquid
2710 3279 2756 3331 ei
2778 3279 2911 3344 pacis
2932 3277 3249 3333 concilianda:
3270 3294 3418 3332 causa

215 3336 379 3388 victim
400 3336 674 3401 {uerit'esse
690 3336 983 3405 faciendum.

704 3445 1006 3514 I’pm-opltp
1038 3445 1193 3510 θείῳ.

230 3535 281 3589 l.
325 3534 699 3603 Ἐσιώπησα.
749 3537 846 3605 Μὴ
897 3537 995 3590 καὶ
1046 3537 1139 3591 ἀεὶ
1184 3535 1584 3606 σιωπήσομαι,
1646 3540 1741 3592 καὶ

162 3626 429 3699 ἀνέξομαι
475 3629 569 3681 ἐπὶ
596 3627 778 3681 πλεῖον
801 3627 900 3698 τὴν
935 3627 1356 3699 δυσφορωτάτην
1398 3627 1597 3701 ζημίαν
1642 3629 1742 3699 τῆς

227 3740 250 3771 ³
280 3739 462 3795 Eccli.
498 3755 589 3805 ιι,
623 3740 713 3796 24.
788 3740 811 3772 ³
839 3739 944 3797 lsa.
979 3757 1115 3807 xui,
1146 3741 1234 3797 Η.

229 3854 346 3921 (90)
385 3855 508 3908 Ἤν
532 3852 660 3908 οὐδ’
684 3853 904 3919 ἄλλως.
922 3853 1125 3908 Contra
1148 3856 1201 3908 in
1224 3872 1320 3912 sex
1366 3872 1497 3910 mss.
1537 3854 1745 3909 codici-

98 3968 101 3971 η
163 3920 285 3994 bus.
315 3920 421 3992 Qui
456 3924 661 3994 habent
707 3923 774 3993 ἢν
815 3924 1009 3986 ἄλλως,
1045 3923 1290 3993 Gregorii
1337 3926 1741 3994 simplicitatem

120 3991 770 4064 “Cliristiano_Adi_gnan_t_
812 3995 1085 4064 existimat
1119 3991 1376 4049 Basilius.
1422 3991 1643 4064 Legitur
1686 3994 1742 4046 in

165 4062 454 4118 codicibus
481 4060 623 4134 Med}
652 4069 705 4117 et
726 4060 874 4134 Harl.
907 4063 973 4133 ἢν
998 4062 1072 4134 ὡς
1105 4064 1298 4128 ἄλλως.
1326 4060 1611 4134 Equidem,
1636 4063 1743 4117 etsi

165 4134 373 4205 nemini
392 4132 645 4189 concedo
667 4133 758 4205 qui
790 4133 910 4205 plus
931 4132 1139 4205 tribuat
1170 4132 1410 4205 antiquis
1437 4134 1740 4194 codicibus,

164 4203 447 4272 vulgatam
509 4209 693 4261 tamen
743 4202 1028 4256 lectionem
1088 4204 1209 4256 loco
1264 4202 1582 4258 movendam
1632 4217 1744 4272 non

164 4271 316 4341 puto.
348 4272 495 4325 Nam
528 4273 701 4341 primo
732 4273 905 4325 elevat
946 4272 1098 4326 fidem
1133 4289 1268 4327 mss.
1301 4274 1551 4328 codicum
1589 4271 1741 4336 illud,

165 4342 259 4405 ὡς,
289 4344 556 4397 codicum
577 4341 723 4397 Harl.
752 4349 806 4395 et
835 4341 997 4403 Med.,
1020 4342 1164 4410 quod
1197 4359 1320 4396 cum
1353 4351 1592 4396 erratum
1619 4356 1745 4396 esse

167 4411 441 4477 videatur,
467 4412 564 4465 dat
578 4412 789 4479 copiam
807 4411 1119 4481 suspirandi
1138 4413 1299 4465 aliam
1318 4428 1529 4475 vocem,
1550 4425 1746 4479 nempe

167 4482 295 4545 οὐδ’,
359 4481 605 4537 deletam
653 4481 846 4541 fuisse,
898 4490 953 4534 et
1005 4482 1152 4535 illius
1207 4483 1327 4536 loco
1389 4482 1744 4537 substitutum

167 4551 239 4615 ὡς
275 4553 481 4606 fuisse.
518 4548 720 4621 Deinde
746 4565 873 4621 vero
899 4565 1020 4603 cum
1061 4549 1305 4620 Gregorii
1352 4552 1442 4606 illa
1480 4549 1747 4621 simplici-

166 4630 247 4676 tas
276 4619 563 4676 mendacii
586 4620 804 4674 olliciosi
839 4620 957 4673 labe
986 4636 1094 4673 non
1125 4619 1383 4686 caruerit,
1419 4619 1613 4675 adduci
1637 4634 1746 4672 non

168 4706 393 4759 possum
438 4696 505 4743 ut
536 4689 953 4759 eamBasilium
997 4691 1278 4759 probasse,
1322 4701 1376 4745 et
1415 4690 1746 4745 Christianis

168 4758 371 4831 alioqui
402 4760 633 4831 dignam
661 4758 934 4831 iudicasse
967 4758 1289 4814 existimem.
1324 4760 1395 4815 Ut
1423 4760 1560 4814 nihil
1589 4760 1747 4831 deli-

1766 3468 1813 3529 Ο

2392 3446 2642 3518 Gregorio
2662 3455 2877 3517 patruo.

1917 3537 1969 3591 l.
2004 3537 2161 3593 Silus.
2207 3539 2348 3592 Num
2379 3548 2427 3593 et
2458 3556 2661 3608 semper
2694 3539 2879 3602 silebo,
2913 3553 2976 3593 ac
2998 3538 3229 3608 amplius
3262 3555 3417 3594 com-

1847 3627 2059 3683 mittam
2090 3630 2111 3661 ³
2141 3636 2200 3684 ιιι
2232 3631 2679 3686 molestissimum
2708 3631 2913 3686 silentii
2941 3632 3199 3685 damnum
3224 3641 3417 3688 contra

1917 3848 2027 3917 (94)
2085 3849 2628 3915 Ἐκπεπολέμωσειι.
2684 3850 2774 3904 Sic
2833 3851 3050 3905 codices
3106 3866 3239 3907 mss.
3299 3871 3416 3913 sex.

1849 3918 1991 3972 Editi
2029 3920 2479 3989 ἐκπεπολέμωκα.
2515 3920 2631 3973 Non
2665 3922 2781 3976 sine
2813 3921 2985 3974 ironia
3021 3921 3153 3974 dicit
3183 3921 3418 3983 Basilius

1851 3989 2068 4059 fratrem
2100 3990 2201 4042 sibi
2237 3990 2434 4043 bellum
2469 3990 2729 4051 indicere,
2766 3991 2894 4059 quia
2920 3992 3128 4045 scilicet
3154 4007 3218 4045 eo
3248 3994 3418 4050 invito

1850 4058 2142 4128 Gregorius
2167 4058 2220 4111 in
2254 4059 2682 4128 pacificationem
2711 4058 2831 4114 seSe
2862 4061 3257 4129 interponebat.
3293 4065 3418 4122 "me

1849 4130 1993 4205 enim
2024 4138 2130 4191 est,
2280 4129 2827 4205 fallorthujushloci
2873 4133 3164 4205 sententia,
3213 4134 3419 4205 Gregov

1850 4199 1992 4250 rium
2020 4213 2126 4270 non
2158 4198 2411 4253 debuisse
2440 4198 2709 4270 ejusmodi
2735 4201 3069 4270 temporibus
3092 4217 3227 4254 nova
3263 4198 3417 4260 fratri

1849 4266 2067 4339 negetis
2102 4269 2368 4322 lacessere
2394 4284 2407 4333 ;
2432 4269 2526 4323 sed
2558 4278 2737 4323 tamen
2765 4266 2892 4339 quia
2943 4273 3142 4325 bellum
3175 4272 3418 4331 indicere

1850 4338 1898 4390 ei
1936 4342 2223 4397 statuerat,
2252 4339 2443 4392 saltem
2472 4338 2990 4395 Gznsaream’venire
3019 4350 3073 4394 et
3101 4357 3264 4398 curas
3291 4361 3416 4399 cum

1850 4404 2021 4459 fratre
2073 4408 2264 4475 partiri
2300 4406 2575 4463 debuisse.
2629 4408 2742 4463 Etsi
2792 4423 2972 4466 autem
3023 4412 3138 4466 haec
3184 4411 3418 4470 Basilius

1850 4476 2085 4600 quadam
2126 4476 2304 4546 potius
2360 4478 2670 4532 urbanitate
2702 4495 2863 4547 quam
2908 4482 3072 4535 animi
3120 4483 3419 4540 olfensione

1891 4547 2018 4600 ιλιι.
2052 4545 2270 4600 videtur
2300 4554 2480 4600 tamen
2512 4548 2805 4600 Gregorius
2836 4550 3100 4600 offensum
3134 4553 3280 4600 illius
3309 4556 3419 4600 ani-

1891 4545 2270 4621 isit,‘videtur
2300 4554 2480 4621 tamen
2512 4545 2805 4621 Gregorius
2836 4550 3100 4605 offensum
3134 4553 3280 4609 illius
3309 4556 3420 4607 ani-

1851 4631 1999 4687 mum
2026 4614 2325 4687 judicasse,
2358 4616 2521 4685 idque
2569 4614 2762 4687 pa’truo
2797 4622 3077 4674 communi
3117 4622 3409 4678 indicasse.

1852 4683 1992 4738 llinc
2022 4684 2266 4759 Basilius
2288 4690 2340 4759 in
2373 4683 2532 4754 epist.
2560 4683 2648 4759 ad
2668 4689 2918 4759 eumdem
2954 4699 3205 4759 patruum
3236 4708 3416 4747 remo-

1852 4761 1942 4809 vet
1967 4770 1994 4807 a
2019 4770 2078 4809 se
2116 4756 2458 4824 suspiciones
2485 4756 2649 4811 animi
2683 4759 2738 4812 in
2780 4756 2999 4813 fratrem
3044 4761 3191 4824 irati,
3224 4770 3278 4816 et
3304 4764 3417 4817 bel-

168 4821 391 4902 bem'ex
425 4821 557 4902 aliis
605 4821 883 4902 operibus,
910 4840 1063 4902 certe
1110 4831 1317 4902 iubae
1358 4834 1475 4901 ipsa
1517 4829 1745 4897 epistola
1778 4821 1823 4876 Ι)
1852 4825 1963 4902 lurn
1988 4825 2104 4881 sive
2158 4821 2476 4902 inimicitias
2530 4841 2654 4881 cum
2687 4830 3031 4899 propinquis,
3075 4838 3134 4885 ut
3159 4821 3415 4902 magnum

169 4898 393 4957 fratrem
428 4899 717 4960 admonet,
758 4907 810 4952 ut
837 4898 1095 4968 deinceps
1135 4899 1238 4953 sibi
1273 4898 1391 4968 ipse
1414 4908 1622 4960 caveat,
1652 4914 1749 4953 ne-

168 4969 293 5025 dum
324 4971 489 5025 illius
522 4968 922 5038 simplicitatem
961 4968 1098 5022 alias
1131 4984 1434 5038 congruere
1474 4969 1746 5024 Christia—

168 5040 251 5094 nis
274 5039 562 5095 crederet.
596 5037 901 5105 Quinetiam
933 5044 1152 5107 optasse
1180 5054 1238 5092 se
1252 5037 1354 5101 ait,
1384 5048 1443 5093 ut
1477 5040 1578 5094 sibi
1605 5049 1749 5092 terra

168 5108 763 5180 dehisceret,_eo_quod
785 5108 1277 5180 mendaciiprobris
1303 5124 1557 5180 aspersus
1579 5114 1748 5180 esset.

168 5181 319 5259 Adeo
336 5180 446 5259 illi
456 5176 796 5259 displicebat
824 5178 907 5229 vel
939 5176 1651 5259 ipsailmendacicisuspicio.

167 5264 183 5313 ι
218 5251 354 5319 ι(9Ι)
398 5248 497 5319 Τῷ
525 5246 778 5315 πάρόντι
810 5246 1012 5316 καιρῷ.
1053 5246 1220 5305 Coisl.
1262 5249 1470 5318 primus
1488 5246 1555 5305 ἐι
1597 5246 1748 5302 Harl.

170 5318 277 5384 τοῖς
306 5318 560 5389 παροῦσι
585 5321 812 5389 καιροῖς·
895 5385 943 5389 λ,
1357 5319 1439 5389 2"?

237 5391 353 5462 (92)
391 5384 585 5456 Πλὴν
619 5384 855 5457 οἵτινες.
888 5385 981 5443 Sic
1020 5401 1155 5444 mss.
1192 5401 1309 5444 sex.
1357 5386 1502 5444 Editi
1540 5385 1683 5459 πλὴν
1710 5384 1766 5440 ετ

171 5477 332 5523 τινες.
988 5506 997 5513 .

241 5531 355 5600 (95)
389 5525 723 5601 Κακοῦντα
770 5527 858 5583 δέ.
907 5526 1053 5601 Editi
1102 5526 1465 5601 auwplﬁwm
1508 5526 1586 5593 δέ,
1638 5536 1761 5596 quas

175 5597 484 5673 scriptura,
523 5598 627 5673 e_tsi
656 5613 755 5673 sua
778 5606 972 5669 sponte
999 5597 1193 5673 vitiosa
1224 5597 1334 5653 non
1378 5597 1612 5662 videtur,
1648 5611 1757 5673 non

174 5666 356 5727 tamen
406 5668 761 5742 praeferenda
807 5666 904 5725 sex
930 5667 1210 5725 codicibus
1250 5683 1383 5724 mss.
1418 5682 1557 5740 quos
1586 5666 1761 5723 secuti

178 5756 386 5810 sumus.

1851 4893 2025 4957 nefas,
2068 4910 2096 4947 a
2120 4909 2178 4949 se
2199 4895 2517 4950 detestatur.

1922 4963 2033 5038 (95)
2070 4964 2142 5018 Ἠ
2186 4964 2426 5038 κλῆσις.
2461 4966 2633 5038 Negat
2664 4967 2924 5038 Basilius
2969 4984 3028 5024 se
3078 4968 3414 5035 adfuturum,

1849 5033 1956 5088 nisi
1999 5033 2256 5111 decenter
2282 5033 2690 5111 advocetur,_id_
2718 5045 2821 5100 est,
2856 5038 2958 5111 nisi
3007 5039 3294 5111 mittantur
3323 5033 3418 5111 qui

1851 5119 1980 5177 eum
2006 5104 2060 5157 in
2088 5104 2351 5177 indictum
2384 5106 2561 5177 locum
2591 5108 2883 5163 deducant.
2917 5107 3045 5161 Erat
3075 5104 3419 5177 Basiliusfut

1851 5173 2226 5247 in_ejus_modi
2257 5174 2470 5247 ciliciis“
2490 5177 2811 5232 exhibendis
2841 5173 3323 5247 diligentissimus,
3344 5182 3419 5235 ita

1850 5244 2014 5298 etiam
2068 5243 2122 5313 in
2155 5243 2505 5313 reposcendis
2553 5254 2813 5301 attentus.
2856 5243 3099 5302 Mefetius
3130 5243 3419 5304 Antioche-

1858 5311 2389 5386 nus‘et'l‘heoilorus
2429 5314 2863 5386 Nicopolitanus,
2890 5332 3012 5371 cum
3042 5318 3297 5373 Basiltum
3348 5319 3418 5374 ad

1856 5381 2228 5459 celebritatem
2250 5383 2542 5459 quamdam
2565 5381 2747 5440 obiter
2780 5387 3142 5443 advocassent
3169 5406 3266 5459 per
3292 5388 3420 5443 Hel-

1860 5452 2060 5506 lenium
2095 5452 2348 5507 Nazianzi
2379 5453 2836 5523 Peracquatorem,
2874 5472 2975 5512 nec
3012 5452 3206 5513 iterum
3237 5460 3420 5515 misis.

1858 5530 1979 5597 sent
2008 5523 2108 5597 qui
2130 5523 2415 5597 de__iisdem
2449 5525 2764 5581 admoneret
2809 5535 2903 5581 aut
2950 5527 3276 5597 deduceret;
3302 5530 3420 5585 dis-

1857 5593 2049 5663 plicuit
2072 5592 2272 5648 Basilio
2294 5593 2662 5662 perfunctoria
2709 5596 2973 5652 invitandi
2995 5600 3156 5665 ratio,
3189 5592 3421 5656 ac'veri-

1857 5671 1947 5718 tus
1981 5677 2051 5717 ne
2077 5675 2365 5730 suspeetus
2397 5666 2505 5719 illis
2542 5674 2705 5728 esset,
2740 5666 2932 5723 adesse
2955 5670 3149 5725 noluit.

1930 5737 1950 5756 ‘
1979 5733 2128 5791 Alias
2166 5731 2348 5795 XLVI.
2374 5732 2589 5808 Scripta
2619 5751 2759 5792 anno
2787 5737 2911 5795 571.
