3870 6218
412 288 515 343 Hi

1726 281 1786 338 S.
1827 281 2077 339 BASILII
2105 279 2325 339 MAGNI

3547 264 3654 323 M2

411 401 680 472 meipsum
710 375 991 457 obﬁrmem
1011 438 1027 464 ,
1058 412 1160 456 nec
1206 399 1326 470 ipse
1372 397 1648 464 scribens,
1678 412 1783 454 nec
1835 398 1974 457 allo-

2097 398 2294 468 τιωπῆς
2321 393 2565 467 κυρῶσαι
2608 392 2727 446 κατ’
2754 387 3007 462 ἐμαυτοῦ,
3027 383 3139 457 (96)
3170 383 3306 458 μήτε
3337 383 3499 449 αὐτὸς
3539 386 3655 438 ἐπι·

350 560 355 564 ,
411 499 672 563 quentem
702 490 966 546 audiens?
993 488 1104 561 Ego
1138 489 1286 545 enim
1317 504 1441 545 cum
1490 488 1755 544 hactenus
1792 486 1848 541 in
1882 487 1985 543 hac

408 583 557 640 tristi
584 582 855 639 sententia
882 580 1317 652 permanserim,
1342 580 1532 637 videor
1565 579 1701 635 mihi
1734 593 1845 635 non
1875 578 1984 634 im-

406 670 609 727 merito
644 669 924 740 prophetae
944 669 1113 726 verba
1139 680 1194 724 ει
1210 670 1327 739 ipse
1348 683 1514 739 posse
1541 667 1789 739 proferre
1818 684 1835 722 :
1870 666 2009 721 To-.

409 760 587 827 [oraui
603 762 743 816 sicut
769 760 1073 830 parturiens
1103 764 1168 814 ἐ
1210 773 1428 829 semper
1457 758 1684 829 quidem
1724 758 1986 828 concupi-

407 867 574 912 scens
631 858 727 907 aut
759 865 1157 924 congressum,
1208 857 1305 906 aut
1362 865 1673 907 sermonem
1695 889 1711 915 ,
1768 864 1986 919 semper

409 950 596 997 autem
627 941 918 1013 proposito
948 940 1213 997 excidens
1256 940 1330 995 ob
1382 954 1505 996 mea
1557 947 1805 1011 peccata.
1861 937 1985 993 Non

404 1034 559 1091 enim
587 1034 756 1089 ullam
780 1033 949 1088 aliam
992 1046 1187 1089 eorum
1206 1072 1223 1099 ,
1253 1045 1377 1102 quae
1406 1032 1543 1086 ﬁunt
1566 1071 1585 1099 ,
1635 1045 1861 1087 causam
1888 1046 1987 1086 ex-

407 1125 656 1197 cogitare
688 1139 830 1195 queo
856 1173 872 1192 ,
889 1127 899 1193 ζ
908 1123 1016 1179 nisi
1037 1124 1184 1196 quod
1220 1137 1541 1194 persuasum
1566 1123 1700 1177 mihi
1727 1131 1815 1179 est
1836 1130 1987 1178 vete-

406 1229 535 1271 rum
564 1230 652 1271 me
677 1223 1033 1285 peccatorum
1064 1215 1125 1269 in
1158 1213 1471 1271 dilectionis
1502 1220 1610 1269 tua:
1638 1215 1987 1285 separatione

408 1319 608 1378 poenas
634 1305 819 1373 luere;
845 1303 895 1362 si
934 1313 1118 1362 tamen
1143 1306 1214 1362 de
1240 1315 1295 1362 te
1322 1306 1731 1377 separationem
1761 1306 1846 1362 vel
1885 1322 1989 1361 no-

2088 487 2356 551 στέλλων,
2388 487 2525 557 μήτε
2550 482 2764 538 ἀκούων
2799 475 3341 552 προσφθεγγομένου;
3376 474 3515 544 Ἐγὼ
3556 475 3656 546 μὲν

2084 578 2214 650 γὰρ,
2258 578 2417 649 μέχρι
2468 575 2562 630 τοῦ
2621 573 2884 644 παρόντος
2934 568 3343 642 ἐγκαρτερήσας
3387 564 3467 638 τῷ
3522 582 3656 620 σκυ-

2087 667 2290 741 θρωπῷ
2315 667 2490 737 τούτῳ
2529 664 2777 735 δόγματι,
2821 660 3061 732 ἡγοῦμαι
3105 658 3334 730 πρέπειν
3381 655 3550 727 κάμοὶ
3583 656 3657 711 τά

2084 758 2181 812 τοῦ
2210 758 2488 829 προφήτου
2528 755 2708 825 λέγειν
2728 771 2741 784 ·
2806 753 2888 806 ὅτι
2950 748 3344 820 Ἐκαρτέρησα
3381 748 3461 814 ὡς
3489 749 3526 817 ἠ
3570 748 3659 802 τι-

2084 863 2349 905 κτουσα·
2396 848 2485 903 ἀεὶ
2535 847 2633 919 μὲν
2661 842 3008 916 ἐπιθυμῶνῆ
3049 842 3334 912 συντυχίας
3382 840 3416 910 ἢ
3462 841 3656 910 λόγων,

2085 942 2176 996 ἀεὶ
2206 940 2264 995 δὲ
2290 939 2684 1009 ἀποτυγχάνων
2710 935 2801 990 διὰ
2823 936 2923 999 τάς
2948 932 3216 1005 ἁμαρτίας
3256 931 3355 996 τὰς
3393 931 3653 1002 ἐμαυτοῦ.

2086 1036 2162 1089 Οὐ
2212 1034 2320 1106 γὰρ
2371 1033 2436 1104 δὴ
2506 1032 2673 1101 ἀλλην
2717 1029 2839 1083 τινὰ
2881 1027 3058 1081 αἰτίαν
3109 1026 3217 1096 ἔχω
3264 1027 3375 1089 τοῖς
3432 1024 3656 1095 γινομέ-
3694 1090 3717 1106 1,

2085 1146 2197 1192 νοις
2228 1102 2339 1199 (9"?)
2373 1102 2631 1189 ἐπινοεῖν,
2683 1121 2823 1192 πλήν
2860 1137 2924 1189 γε
2963 1118 3027 1190 δὴ
3066 1117 3161 1170 τοῦ
3216 1115 3505 1170 πεπεῖσθαι
3550 1133 3659 1170 πα-
3690 1102 3720 1166 θ’

2084 1218 2252 1273 λαιῶν
2291 1214 2703 1288 ἁμαρτημάτων
2753 1209 3050 1265 ἐκτιννύειν
3097 1207 3271 1273 δίκας,
3313 1209 3372 1261 ἐν
3420 1205 3497 1278 τῷ
3552 1224 3663 1277 χω-

2090 1309 2268 1384 ρισμῷ
2287 1310 2387 1379 τῆς
2413 1307 2632 1376 ἀγάπης
2668 1320 2760 1357 σου
2781 1320 2795 1333 ·
2839 1301 2889 1354 εἰ
2922 1299 2986 1368 δὴ
3022 1299 3118 1354 καὶ
3153 1297 3440 1368 ὀνομάζειν
3488 1314 3660 1370 χωρι-

409 1396 628 1451 minare
655 1394 743 1452 fas
772 1402 858 1452 est
878 1409 910 1450 a
941 1396 1189 1466 quolibet
1216 1396 1474 1464 homine,
1508 1396 1713 1453 nedum
1746 1412 1777 1451 a
1801 1398 1982 1466 nobis,

2097 1403 2244 1475 σμὸν,
2270 1402 2415 1455 ὅσιον
2455 1399 2548 1452 ἐπὶ
2583 1395 2701 1462 σοῦ,
2744 1392 2839 1448 καὶ
2869 1389 3175 1446 οὑτινοσοῦν
3213 1389 3321 1444 τῶν
3369 1389 3659 1460 τυχόντων,

406 1485 611 1556 quibus
635 1486 705 1541 ab
753 1483 916 1542 initio
945 1488 1124 1557 patris
1157 1488 1281 1544 loco
1316 1486 1490 1543 fuisti.
1539 1485 1648 1543 Sed
1698 1497 1984 1558 peccatum

2097 1494 2165 1567 μὴ
2195 1494 2278 1547 ὅτι
2305 1509 2371 1561 γε
2402 1490 2582 1562 ήμῶν,
2634 1481 2716 1551 οἷς
2772 1484 2833 1550 ἐξ
2870 1483 3046 1555 ἀρχῆς
3077 1484 3135 1537 ἐν
3187 1482 3393 1553 πατρὸς
3435 1481 3664 1550 γέγονας

406 1591 594 1632 meum
620 1593 770 1633 nunc
794 1618 811 1644 ,
841 1578 991 1635 velut
1023 1579 1197 1636 densa
1232 1580 1484 1650 quaedam
1510 1580 1752 1645 obducta
1777 1582 1983 1648 nubes,

2097 1584 2258 1660 χώρᾳ.
2301 1581 2442 1636 Ἀλλ’
2469 1582 2503 1653 ή
2532 1577 2774 1650 ἁμαρτία
2813 1592 2913 1646 μου
2949 1573 3066 1640 νῦν,
3111 1568 3200 1629 οἷα
3237 1572 3435 1644 νεφέλη
3469 1571 3664 1643 βαθεῖά

408 1666 607 1723 horum
636 1669 885 1725 omnium
929 1670 1334 1740 ignorationem
1379 1671 1621 1728 induxit.
1666 1671 1802 1727 Cum
1833 1673 1981 1727 enim

2097 1695 2168 1740 τις
2191 1673 2515 1744 ἐπισχοῦσα,
2546 1670 2767 1725 πάντων
2795 1667 3018 1722 ἐκείνων
3053 1666 3273 1735 ἄγνοιαν
3322 1665 3660 1736 ἐνεποίησεν.

412 1758 705 1815 considero
723 1800 738 1827 ,
765 1769 961 1831 praeter
984 1760 1234 1816 dolorem
1265 1761 1360 1832 qui
1390 1760 1529 1815 mihi
1566 1777 1632 1817 ea
1654 1778 1720 1816 ex
1744 1778 1805 1818 re
1830 1777 1985 1817 crea-

2097 1771 2259 1826 Ὀταν
2280 1742 2390 1837 γάρ
2412 1763 2612 1829 ἀπίδω,
2642 1760 2779 1833 πλὴν
2803 1760 2895 1814 τοῦ
2921 1761 2948 1813 ἐ
2957 1758 3046 1831 μοὶ
3086 1757 3262 1828 λύπην
3285 1756 3346 1810 τὸ
3383 1756 3665 1827 γινόμενον

407 1860 501 1908 tus
531 1859 650 1917 est,
705 1853 857 1909 aliud
911 1855 1051 1910 nihil
1102 1854 1231 1910 inde
1280 1862 1638 1911 consecutum
1684 1871 1772 1912 me
1823 1871 1981 1924 esse,

404 1942 686 2012 quomodo
713 1958 828 1998 non
863 1945 1063 2000 merito
1087 1945 1348 2015 nequitiae
1376 1961 1516 2001 meae
1548 1946 1818 2002 ascriham
1852 1961 1989 2017 pra:-

410 2034 633 2090 sentia?
682 2033 956 2091 Ceterum
1004 2036 1121 2091 sive
1175 2043 1402 2106 peccata
1461 2044 1593 2092 sunt
1639 2052 1828 2092 eorum
1864 2051 1986 2107 quas

404 2123 731 2180 acciderunt
766 2139 956 2191 causa,
986 2125 1077 2180 hic
1108 2125 1242 2180 mihi
1270 2126 1649 2182 molestiarum
1682 2126 1805 2182 ﬁnis
1829 2136 1982 2189 esto:

407 2215 529 2271 sive
599 2215 808 2286 aliquid
872 2217 1092 2272 consilii
1148 2216 1570 2283 intendebatur,
1627 2216 1987 2286 adimpletum

404 2306 639 2362 omnino
666 2314 753 2364 est
777 2306 924 2377 quod
953 2307 1333 2379 expetebatur.
1370 2306 1493 2362 Non
1530 2307 1677 2363 enim
1711 2307 1986 2362 modicum

406 2406 495 2457 est
532 2399 717 2454 damni
756 2409 992 2470 tempus.
1049 2401 1399 2471 Quapropter
1439 2401 1726 2457 continere
1758 2417 1848 2456 me
1870 2416 1987 2455 am-

405 2490 555 2562 plius
583 2505 708 2546 cum
749 2507 860 2546 non
913 2506 1156 2562 possem,
1224 2492 1379 2561 prior
1405 2492 1530 2562 rupi
1566 2506 1786 2556 vocem,
1824 2491 1988 2548 obse-

403 2595 574 2636 crans
600 2588 662 2635 ut
704 2588 760 2635 et
812 2582 992 2637 nostri
1029 2595 1240 2635 memor
1266 2581 1379 2646 sis,
1416 2590 1470 2635 et
1521 2582 1600 2636 tui
1637 2580 1848 2652 ipsius,
1891 2581 1988 2652 qui

407 2687 507 2744 per
534 2687 751 2727 omnem
780 2672 948 2726 vitam
975 2712 990 2736 ,
1018 2672 1283 2741 majorem
1330 2687 1497 2742 quam
1537 2673 1986 2744 consanguinitas

298 2780 303 2785 '
405 2761 699 2832 exigebat,
743 2762 921 2818 nostri
964 2776 1156 2817 curam
1198 2763 1529 2826 ostendisti,
1565 2779 1821 2835 nuncque
1852 2764 1988 2820 civi-

407 2862 577 2910 tatem
599 2854 794 2925 diligas
825 2860 1018 2908 nostra
1050 2868 1246 2919 causa,
1273 2870 1385 2910 non
1420 2862 1603 2910 autem
1635 2863 1860 2926 propter
1883 2869 1986 2912 nos

410 2952 466 3001 te
495 2945 614 3016 ipse
642 2945 921 3000 abalienes
945 2959 977 2997 a
1015 2944 1258 3000 civitate.

479 3037 537 3092 2.
583 3036 642 3090 Si
680 3051 787 3106 qua
835 3036 1003 3106 igitur
1044 3036 1348 3092 consolatio
1392 3035 1453 3090 in
1500 3034 1741 3104 Christo,
1787 3037 1833 3093 si
1875 3052 1984 3108 qua
2014 3076 2058 3133 α

411 3127 726 3184 communio
748 3126 1006 3197 Spiritus,
1035 3127 1082 3182 si
1113 3142 1235 3197 qua:
1263 3127 1479 3183 viscera
1504 3136 1559 3182 et
1586 3129 1984 3197 miserationes,

410 3219 569 3289 exple
609 3226 798 3273 votum
838 3233 1021 3273 meum
1048 3236 1066 3286 ;
1112 3219 1247 3283 siste
1274 3219 1364 3273 hic
1394 3220 1573 3275 tristia
1603 3238 1616 3275 :
1650 3221 1867 3276 initium
1889 3223 1990 3277 ali-

412 3308 563 3381 quod
606 3309 738 3365 aﬁer
783 3325 966 3365 rerum
1016 3311 1275 3381 deinceps
1320 3311 1668 3380 hilariorum,
1712 3313 1907 3368 ducem
1937 3323 1990 3370 te

411 3400 536 3456 aliis
566 3401 814 3467 prtebens
859 3401 928 3456 ad
963 3400 1194 3472 optima,
1228 3402 1453 3458 minime
1501 3411 1681 3458 autem
1717 3405 1884 3459 alium
1920 3405 1990 3461 ad

412 3491 611 3546 illicita
661 3506 916 3562 sequens.
961 3491 1144 3562 Neque
1185 3493 1330 3547 enim
1382 3507 1681 3562 corporeus
1709 3494 1990 3550 character

413 3581 491 3637 ita
515 3581 771 3652 proprius
798 3583 1124 3652 cujusquam
1151 3583 1452 3652 deputatus
1480 3592 1586 3648 est,
1626 3592 1685 3639 ut
1717 3584 1881 3638 animi
1910 3585 1989 3639 tui

410 3688 518 3745 pax
559 3682 615 3730 et
660 3677 1043 3730 mansuetudo.
1094 3673 1201 3728 Par
1254 3676 1421 3746 igitur
1461 3674 1648 3739 fuerit,
1695 3690 1820 3731 cum
1865 3678 1989 3733 talis

417 3767 519 3829 sis,
550 3766 689 3822 alios
741 3767 809 3821 ad
860 3776 913 3822 te
955 3767 1195 3832 trahere,
1246 3783 1311 3822 ac
1358 3768 1619 3823 omnibus
1648 3768 1715 3823 ad
1745 3777 1799 3825 te
1834 3785 1992 3825 acce-

398 3851 673 3912 dentibus
723 3865 1007 3928 praestare,
1047 3858 1321 3912 ut.veluti
1370 3859 1658 3928 cujusdam
1720 3861 1988 3930 unguenti

412 3946 756 4018 fragrantia,
801 3964 1017 4004 morum
1072 3957 1294 4004 tuorum
1353 3950 1574 4006 lenitate
1636 3950 1986 4022 impleantur.

409 4035 547 4091 Nam
596 4037 812 4093 etiamsi
872 4039 1007 4109 quid
1064 4054 1212 4094 nunc
1268 4038 1540 4105 obsistat,
1598 4051 1778 4096 tamen
1828 4044 1991 4113 paulo

410 4136 537 4203 post
562 4130 741 4200 ipsum
763 4134 927 4186 etiam
957 4132 1112 4201 pacis
1142 4133 1347 4188 bonum
1382 4142 1766 4204 cognoscetur.
1798 4135 1986 4201 Quan-

419 4222 517 4276 diu
543 4228 721 4276 autem
751 4220 822 4275 ob
854 4220 1014 4293 154
1042 4221 1445 4277 dissensionem
1485 4223 1774 4278 calumniae
1803 4226 1990 4280 locum

412 4313 715 4379 habebunt,
748 4327 975 4369 necesse
1023 4320 1108 4369 est
1150 4314 1494 4383 suspiciones
1547 4330 1761 4385 semper
1806 4316 1859 4369 in
1889 4331 1985 4386 pe-

409 4405 504 4476 jus
555 4403 837 4475 adaugeri.
872 4404 1016 4460 Sane
1062 4420 1132 4460 ne
1183 4406 1293 4461 illis
1335 4405 1556 4475 quidem
1598 4406 1855 4460 decorum
1908 4416 1991 4462 est

412 4513 519 4553 nos
578 4497 872 4569 negligere,
932 4496 1028 4550 sed
1077 4498 1316 4551 maxime
1357 4497 1624 4559 omnium,
1661 4499 1990 4566 praestantia:

413 4597 545 4644 tuae.
599 4587 657 4642 Si
709 4587 842 4658 quid
897 4588 1044 4643 enim
1103 4602 1419 4658 peccamus,
1473 4587 1730 4643 meliores
1786 4589 1991 4644 erimus

413 4680 698 4737 admoniti.
726 4678 841 4733 Hoc
864 4685 1046 4734 autem
1081 4677 1198 4733 ﬁeri
1224 4693 1335 4734 non
1359 4687 1545 4749 potest
1568 4679 1707 4733 citra
1737 4693 1995 4750 congres-

484 4835 508 4867 ⁸
538 4832 648 4890 lsa.
675 4849 810 4901 mi,
842 4833 932 4891 14.

485 4991 611 5063 (96),
635 4993 773 5063 Ka_t’
802 4990 1087 5063 ἐμαυτοῦ.
1124 4988 1203 5063 Ita
1238 4990 1481 5063 quinque
1509 5004 1646 5063 mss.
1681 4988 1826 5045 Editi
1872 4990 1989 5044 κατ’

412 5059 679 5136 ἐμαυτόνἑ
705 5059 878 5136 ξἰιυὶο
901 5070 1022 5136 post
1044 5059 1454 5136 Harl._cd:_qdi:d
1484 5060 1564 5131 τῷ
1586 5063 1863 5136 ὀζιτρςκρήτῃἶ

485 5131 617 5205 (97)-
636 5131 765 5205 Τοῖς
795 5129 1152 5205 τινρμέγρρς.
1192 5129 1272 5205 lla
1301 5130 1450 5184 Harl.
1502 5129 1554 5205 et
1580 5129 1995 5205 Cdivs_l{pﬁrir_nus

413 5199 540 5258 cuin
579 5199 814 5257 'duobus'
837 5202 982 5254 aliis.
1015 5200 1153 5269 Editi
1191 5202 1303 5263 τοῖς
1334 5199 1664 5269 γενομένοις.
1699 5200 1790 5255 Sic
1826 5200 1994 5254 etiam

414 5272 561 5327 infra
585 5271 648 5324 τὸ
673 5271 991 5341 γενόμενον.
1017 5268 1217 5324 Ibidem
1247 5270 1355 5324 duo
1393 5268 1611 5341 codices
1638 5285 1738 5341 pro
1759 5272 1996 5341 ἐπινοεῖν

414 5341 621 5396 habent
643 5338 836 5394 εἰπεῖν.
861 5338 1032 5394 Paulo
1065 5347 1189 5411 post
1225 5341 1356 5395 editi
1381 5342 1429 5392 εἰ
1459 5339 1540 5411 δεῖ
1567 5339 1682 5405 καί,
1716 5340 1864 5411 quod
1905 5355 1995 5395 er-

420 5419 605 5481 ratum
638 5426 741 5481 ope
772 5419 1012 5481 quatuor
1044 5410 1301 5481 codicum
1326 5410 1671 5481 sustulimus.

407 5503 460 5561 :_
482 5480 604 5561 £98)
652 5477 1161 5561 Κατρρρούμενοφς,
1215 5477 1341 5561 εξῶς
1378 5479 1537 5561 ρςηςι.
1581 5477 1669 5561 ita
1715 5494 1826 5561 sex_
1857 5493 1994 5561 mss.

417 5548 1043 5620 Editi'xa'topdgépevog,
1069 5548 1187 5612 πῶς
1214 5549 1334 5604 οὐκ.
1383 5549 1600 5605 Habent
1627 5549 1998 5619 κατορθούμε-

421 5636 512 5690 νον
527 5617 674 5690 llag.
695 5616 757 5690 et
780 5616 1013 5673 Froben.

410 5724 420 5746 ι
494 5688 606 5746 ί99)
628 5687 712 5744 *Τὸ
732 5689 1252 5752 οὶκονομούμενον.
1280 5688 1340 5745 id
1380 5696 1485 5754 est,
1517 5692 1564 5746 si
1595 5689 1858 5755 puniendi
1891 5690 1997 5748 mei

2088 1860 2295 1932 φέρειν,
2332 1855 2499 1928 μηδὲν
2521 1855 2708 1924 ἓτερον
2759 1850 2822 1917 ἐξ
2862 1848 3029 1904 αὑτοῦ
3060 1847 3495 1919 κατορθούμενον
3523 1845 3661 1918 (98),

2088 1952 2207 2015 πῶς
2241 1949 2361 2020 οὐχὶ
2392 1946 2615 2009 εἰκότως
2641 1947 2762 2007 ταῖς
2812 1940 3054 2015 ἐμαυτοῦ
3101 1940 3321 2004 κακίαις
3369 1938 3664 2010 ἀνατίθημι

2085 2042 2155 2097 τὰ
2188 2041 2467 2113 παρόντας
2529 2034 2666 2089 Ἀλλ’
2707 2033 2818 2088 εἴτε
2873 2033 3136 2106 ἁμαρτίαι
3191 2031 3299 2086 τῶν
3345 2029 3668 2102 συμϐάντων

2086 2133 2279 2197 αἰτίαι,
2327 2127 2488 2184 τοῦτό
2540 2145 2630 2200 μοι
2677 2125 2852 2197 πέρας
2896 2123 3038 2178 ἔστω
3057 2124 3166 2177 τῶν
3211 2122 3516 2194 δυσχερῶν
3552 2123 3667 2175 εἴτε

2086 2245 2140 2281 τι
2187 2224 2249 2278 τὸ
2310 2219 2764 2292 οἰκονομούμενον
2810 2212 2880 2289 ἦν
2921 2215 3055 2287 (99),
3117 2214 3469 2288 ἐξεπληρώθη
3525 2214 3667 2269 πάν-

2084 2335 2195 2382 τως
2245 2314 2308 2371 τὸ
2355 2311 2813 2381 σπουδαζόμενον.
2867 2307 2941 2360 Οὐ
2983 2305 3092 2379 γάρ
3135 2306 3313 2375 ὀλίγος
3358 2308 3388 2360 ὁ
3428 2307 3526 2378 τῆς
3566 2304 3679 2376 ζη..

2091 2410 2220 2482 μίας
2266 2405 2477 2478 χρόνος.
2516 2401 2629 2468 Διὸ,
2675 2398 2875 2471 μηκέτι
2930 2398 3159 2468 στέγων,
3214 2398 3428 2469 πρῶτος
3459 2397 3668 2470 ἔρρηξα

2088 2497 2292 2568 φωνὴν,
2337 2490 2673 2563 παρακαλῶν
2710 2489 2875 2561 ἡμῶν
2911 2506 2973 2543 τε
3027 2488 3206 2544 αὐτῶν
3253 2486 3679 2558 ἀναμνησθῆναι

2087 2592 2182 2645 καὶ
2219 2586 2468 2653 σεαυτοῦ,
2508 2584 2569 2648 ὃς
2603 2581 2763 2637 πλέον
2809 2581 2845 2652 ἢ
2899 2580 3043 2636 κατά
3091 2580 3152 2636 τὸ
3199 2580 3299 2651 τῆς
3345 2578 3668 2648 συγγενείας

2087 2681 2254 2746 εἰκὸς,
2320 2677 2473 2749 παρά
2559 2676 2741 2731 πάντα
2818 2672 2908 2727 τὸν
2979 2672 3093 2743 βίον
3157 2671 3257 2742 τὴν
3343 2669 3667 2740 κηδεμονίαν

2087 2771 2245 2844 ήμῶν
2293 2766 2553 2834 ἐπεδείξω
2574 2807 2589 2831 ,
2637 2764 2733 2818 καὶ
2786 2764 2885 2833 τὴν
2938 2762 3092 2816 πάλιν
3148 2762 3242 2816 νῦν
3294 2760 3453 2833 ήμῶν
3478 2760 3682 2813 ἕνεκεν.

2087 2864 2340 2934 ἀγαπᾷν,
2383 2858 2520 2914 ἀλλά
2571 2858 2646 2929 μὴ
2683 2856 2750 2910 δι’
2797 2857 2946 2927 ἡμᾶς
2985 2854 3062 2927 (i)
3110 2852 3421 2927 ἀλλοτριοῦν
3472 2851 3683 2906 σαυτδυι

2093 2954 2192 3026 τῆς
2216 2952 2445 3015 πόλεως.

2161 3046 2216 3101 2.
2253 3044 2320 3097 Ei'
2351 3059 2436 3106 τις
2470 3036 2564 3094 οὖν
2600 3039 2941 3111 παράκλησις
2975 3038 3034 3091 ἐν
3073 3034 3316 3108 Χριστῷ,
3342 3036 3395 3089 εἴ
3432 3052 3517 3099 τις
3552 3050 3671 3087 κοι-

2090 3137 2257 3193 νωνία
2289 3135 2627 3204 Πνεύματος,
2680 3133 2732 3186 εἴ
2773 3149 2894 3184 τινα
2936 3129 3219 3200 σπλάγχνα
3251 3127 3345 3183 καὶ
3372 3125 3669 3197 οἱκτιρμοὶ,

2090 3229 2378 3300 πλήρωσον
2413 3224 2573 3297 ἡμῶν
2616 3222 2715 3295 τὴν
2752 3223 2949 3294 εὐχήν·
2986 3220 3219 3276 ἐνταῦθα
3268 3218 3462 3289 στῆσον
3496 3206 3571 3288 (Ξ)
3601 3217 3676 3271 τὰ

2090 3318 2333 3389 κατηφῆ,
2364 3317 2540 3388 ἀρχήν
2573 3332 2699 3369 τινα
2742 3314 2829 3379 δὸς
2854 3316 2966 3377 τοῖς
3002 3312 3378 3385 φαιδροτέροις
3431 3308 3571 3381 πρὸς
3609 3307 3677 3360 τὸ

2089 3412 2237 3482 ἑξῆς,
2277 3409 2436 3472 αὐτὸς
2480 3410 2593 3471 τοῖς
2628 3407 2809 3469 ἄλλοις
2848 3404 3258 3477 καθηγούμενος
3299 3402 3392 3455 ἐπὶ
3429 3399 3500 3453 τά
3552 3399 3675 3470 βέλ-

2089 3516 2268 3563 τιστα,
2295 3498 2409 3552 ἀλλ’
2430 3497 2552 3568 οὐχὶ
2591 3493 2900 3549 ἀκολουθῶν
2933 3493 3107 3565 ἑτέρῳ
3136 3492 3220 3561 ἐφ’
3252 3491 3288 3546 ἃ
3316 3490 3391 3562 μὴ
3427 3488 3525 3543 δεῖ.
3560 3488 3675 3541 Καὶ

2090 3594 2197 3664 γὰρ
2223 3588 2345 3645 οὐδέ
2392 3588 2642 3659 σώματος
2674 3586 2964 3658 χαρακτὴρ
3016 3586 3143 3650 ἴδιος
3188 3583 3331 3637 οὕτω
3363 3583 3507 3646 τινὸς
3557 3582 3678 3634 ἐνοτ-

2095 3683 2281 3755 μίσθη,
2317 3682 2394 3745 ὡς
2424 3680 2526 3749 τῆς
2557 3680 2656 3750 σῆς
2690 3679 2867 3748 ψυχῆς
2895 3678 2958 3730 τὸ
3005 3676 3277 3749 εἰρηνικόν
3316 3692 3379 3727 τε
3409 3674 3503 3727 καὶ
3529 3674 3675 3743 ἤμε-

2094 3791 2206 3845 ρον.
2252 3772 2460 3844 Πρέποι
2502 3772 2577 3842 (5)
2628 3770 2672 3822 δ’
2696 3769 2761 3824 ἂν
2807 3765 2900 3823 οὖν
2933 3767 3010 3839 τῷ
3040 3766 3270 3837 τοιούτῳ
3311 3765 3438 3828 τοὺς
3480 3764 3677 3828 ἄλλους

2092 3866 2270 3918 ἕλκειν
2302 3863 2436 3934 πρὸς
2486 3862 2699 3924 ἐαυτὸν,
2734 3861 2830 3913 καὶ
2874 3860 3135 3932 παρέχειν
3184 3860 3319 3911 πᾶσι
3367 3861 3480 3921 τοῖς
3518 3856 3676 3938 ἐγγί-

2093 3953 2245 4018 ζουσί
2277 3971 2380 4020 σοι,
2413 3951 2604 4023 ὥσπερ
2634 3951 2807 4022 μύρου
2848 3950 2994 4013 τινὸς
3034 3949 3283 4016 εὐωδίας,
3318 3948 3417 4020 τῆς
3449 3946 3543 4001 τοῦ
3576 3948 3677 4000 σοῦ

2093 4045 2299 4118 τρόπου
2333 4044 2701 4116 χρηστότητος
2739 4041 3213 4112 ἀναπίμπλασθαι.
3249 4041 3362 4095 Καὶ
3406 4039 3515 4112 γὰρ
3539 4041 3599 4093 εῖν
3618 4056 3676 4092 τι

2094 4137 2190 4190 καὶ
2223 4135 2515 4205 ἀντιτεῖνόν
2545 4136 2662 4189 ἐστι
2716 4134 2844 4197 νῦν,
2875 4134 3012 4187 ἀλλὰ
3060 4133 3254 4205 μικρὸν
3302 4131 3528 4203 ὕστερον
3576 4132 3676 4185 καὶ

2096 4228 2228 4282 αὐτὸ
2254 4228 2314 4280 τὸ
2339 4228 2437 4299 τῆς
2465 4229 2690 4299 εἰρήνης
2724 4227 2928 4296 ἀγαθὸν
2964 4224 3348 4295 ἐπιγνώσεται.
3369 4225 3515 4287 Ἕως
3536 4224 3582 4278 δ’
3604 4223 3675 4279 ἂν

2096 4321 2162 4371 ἐκ
2205 4319 2304 4389 τῆς
2350 4319 2684 4380 διαστάσεως
2726 4319 2784 4370 αἰ
2835 4316 3080 4370 διαϐολαὶ
3136 4315 3318 4388 χώραν
3350 4316 3544 4387 ἔχωσιν
3573 4315 3675 4386 (4),

2022 4444 2065 4499 D
2098 4410 2314 4482 ἀνάγκη
2335 4410 2422 4463 ἀεὶ
2458 4409 2556 4473 τὰς
2594 4408 2830 4479 ὑποψίας
2867 4408 2960 4461 ἐπὶ
2987 4408 3048 4461 τὸ
3075 4411 3258 4479 χεῖρον
3293 4405 3674 4471 συναύξεσθαι.

2100 4503 2256 4555 Ἔστι
2288 4500 2390 4571 μὲν
2427 4496 2520 4554 οὖν
2547 4499 2668 4554 οὐδὲ
2702 4499 2933 4561 ἐκείνοις
2976 4498 3186 4569 πρέπον
3227 4497 3448 4568 ἀμελεῖν
3493 4494 3676 4567 ήμῶν,

2097 4589 2317 4643 πάντων
2348 4589 2410 4642 δὲ
2437 4589 2599 4642 πλέον
2632 4590 2699 4660 τῇ
2733 4585 3006 4657 τιμιότητί
3039 4603 3155 4641 σου.
3184 4585 3295 4639 Καὶ
3328 4584 3441 4656 γὰρ
3481 4584 3677 4655 εἰιμέν

2100 4679 2486 4751 ἁμαρτάνομεν
2531 4695 2619 4747 τι,
2662 4677 2904 4748 βελτίους
2958 4674 3195 4746 ἐσόμεθα
3243 4673 3676 4745 νουθετούμενοι.

2098 5004 2267 5045 causa
2286 4987 2343 5044 id
2376 4986 2574 5043 fecisti.
2604 4983 2724 5039 Non
2761 4983 2935 5039 multo
2969 4990 3094 5052 post
3120 4980 3257 5038 editi
3301 4976 3673 5052 ἀναμνῆσθαι,

2102 5059 2210 5115 Sex
2243 5074 2378 5113 mss.
2407 5066 2467 5112 ut
2495 5057 2549 5111 in
2574 5062 2749 5110 textu.
2776 5054 2867 5109 Sic
2896 5063 2950 5108 et
2980 5052 3156 5107 Paris.
3186 5052 3241 5106 2.

2173 5130 2251 5200 (1)
2281 5128 2360 5181 Δι’
2380 5127 2562 5200 ῄμᾶς.
2587 5123 3034 5200 ltasex‘codiccs
3058 5138 3192 5177 mss.
3226 5120 3370 5200 Editi
3397 5121 3462 5176 δι’
3494 5120 3677 5194 ἡμῶν.

2101 5191 2305 5254 Ibidem
2330 5191 2464 5252 editi
2497 5191 2742 5250 σεαυτόν.
2775 5194 3019 5259 Quatuor
3042 5208 3176 5247 mss.
3209 5191 3424 5246 σαυτόν.

2174 5269 2252 5339 (2)
2286 5265 2662 5339 Στῆσλονηδὶο
2684 5280 2817 5319 mss.
2848 5277 3069 5339 supra
3097 5278 3164 5317 eo
3184 5260 3341 5339 quod
3355 5261 3523 5339 estin
3558 5259 3681 5316 edi-

2102 5330 2188 5393 tis
2207 5330 2403 5393 λῦσον.
2434 5334 2608 5390 Paulo
2649 5341 2773 5404 post
2798 5335 2929 5389 editi
2955 5330 3100 5404 ἑξῆς,
3136 5330 3677 5404 καίᾲτοῖςὲάλλοιςη..

2103 5409 2216 5461 ἀλλ’
2246 5408 2365 5462 οὐκ.
2401 5405 2506 5461 Sex
2538 5401 2672 5460 mss:
2702 5412 2762 5458 ut
2800 5404 2855 5457 in
2878 5401 3180 5458 tvxtultlod
3206 5401 3681 5457 Harl.dxo).oued\v

2103 5480 2328 5545 ἑτέροις.
2358 5476 2476 5531 Duo
2507 5476 2601 5545 alii
2629 5475 2717 5545 ἐφῖ
2739 5473 2768 5526 ὃ
2798 5474 2872 5545 μὴ
2905 5474 3002 5526 δεῖ.

2173 5540 2252 5618 (3)
2284 5544 2640 5618 Hpégqt._lta
2677 5540 2826 5618 μαι-Ι.
2850 5540 2904 5599 et
2932 5541 3101 5598 Coisl.
3140 5542 3351 5612 primus
3381 5555 3506 5596 cum
3538 5540 3682 5599 duo-

2103 5614 2207 5675 bus
2234 5614 2378 5672 aliis.
2414 5614 2559 5670 Editi
2586 5615 2804 5686 πρέπει.

2176 5688 2251 5755 (4)
2291 5688 2575 5755 Ἔχωσιν.
2608 5679 2687 5741 l'ta
2716 5699 2853 5743 mss.
2884 5681 3143 5756 quinque.
3172 5680 3317 5738 Editi
3349 5679 3586 5751 ἔχουσιν.
