3870 6218
142 334 255 390 ΜΞ

1099 322 1589 381 EPISTOLARUM
1625 323 1910 382 CLASSIS
1945 322 2009 380 11.
2050 323 2268 381 EPIST.
2335 321 2447 376 LX.

3292 311 3400 366 ιιι

145 446 326 499 Τοῦτο
379 443 438 498 δὲ
494 441 626 497 ἄνευ
670 438 962 511 συντυχίας
1004 438 1305 510 ἀμήχανον.
1352 438 1416 491 Ei
1470 437 1527 491 δὲ
1575 437 1728 491 οὐδὲν

1853 452 1972 492 .um.
2027 436 2124 491 Sin
2168 442 2352 489 autem
2386 431 2525 487 nihil
2569 428 2809 484 facimus
2835 425 2986 492 mali,
3015 440 3123 483 cur
3142 426 3267 484 odio
3296 429 3399 484 ha-

144 532 467 605 ἀδικοῦμεν,
516 532 644 587 ἀντὶ
690 530 835 595 τίνος
894 528 1238 601 μισούμεθα;
1286 528 1472 582 Ταῦτα
1518 528 1618 599 μὲν
1662 528 1726 600 δὴ

147 621 245 679 οὖν
302 625 374 678 τὰ
415 616 519 694 τῆς
562 621 698 685 ἰδίας
745 617 983 691 ἐμαυτοῦ
1041 616 1403 687 δικαιολογίας
1446 616 1529 688 (5)
1596 633 1730 688 προ-

141 717 400 788 ἳσχομαι.

218 807 279 861 5.
330 806 401 857 Ἀ
443 804 489 857 δ’
525 802 595 858 ἂν
625 800 765 873 ὑπὲρ
795 798 1003 854 ἑαυτῶν
1034 800 1091 852 αἱ
1139 797 1455 869 Ἔκκλησίαι
1501 796 1727 862 είποιεν,

147 899 251 952 οὒκ
283 899 367 961 είς
408 895 572 950 καλὸν
611 893 716 964 τῆς
759 891 1096 955 διαστάσεως
1139 889 1296 963 ἡμῶν
1334 889 1726 954 ἀπολαύουσαι,

148 992 366 1064 βέλτιον
392 989 489 1060 μὲν
525 986 755 1057 σιωπᾷν.
777 985 858 1039 Οὐ
890 983 1000 1054 γὰρ
1021 984 1109 1037 ἵνα
1130 982 1379 1053 λυπήσω,
1412 985 1524 1045 τοῖς
1550 981 1729 1051 λόγοις

147 1084 435 1154 κέχρημαι
456 1078 557 1149 (6),
587 1077 703 1131 ἀλλ’
732 1076 820 1130 ἱνα
846 1075 1041 1128 παύσω
1066 1074 1135 1128 τὰ
1155 1072 1393 1144 λυπηρά.
1415 1073 1526 1144 Τὴν
1545 1072 1602 1127 δὲ
1630 1071 1730 1144 σὴν

148 1174 374 1230 σύνεσιν
409 1173 628 1236 πάντως
659 1168 809 1223 οὐδὲν
830 1167 1217 1235 διαπέφευγεν,
1244 1165 1382 1219 ἀλλὰ
1403 1165 1582 1236 πολλῷ
1613 1165 1731 1236 μεί-

148 1267 231 1334 ζω
253 1268 353 1321 καὶ
380 1263 693 1335 τελειότερα
712 1254 787 1316 ὧν
822 1262 986 1332 ἡμεῖς
1017 1259 1267 1330 νοοῦμεν,
1291 1258 1455 1321 αὐτὸς
1480 1258 1548 1311 ἂν
1575 1258 1731 1324 ἐξεύ-

151 1375 275 1430 ροις
300 1358 371 1427 τῇ
416 1353 649 1423 διανοίᾳ,
691 1351 784 1405 καὶ
822 1350 1002 1412 ἄλλοις
1043 1347 1240 1411 εἴποις,
1264 1349 1322 1411 ὅς
1360 1364 1425 1416 γε
1458 1347 1553 1401 καὶ
1592 1341 1731 1410 εἶδες

150 1450 263 1522 πρὸ
286 1446 447 1519 ήμῶν
470 1446 570 1509 τὰς
606 1444 808 1515 βλάϐας
824 1443 900 1514 (7)
937 1442 1046 1496 τῶν
1077 1439 1435 1512 Ἐκκλησιῶν,
1466 1440 1562 1493 καὶ
1584 1438 1729 1510 λυπῇ

155 1539 361 1613 μᾶλλον
385 1537 567 1609 ἡμῶν,
597 1535 765 1590 πάλαι
801 1532 1175 1603 δεδιδαγμένος
1200 1530 1274 1602 (8)
1307 1528 1458 1602 παρὰ
1494 1529 1589 1583 τοῦ
1617 1530 1733 1583 Κυ-

153 1630 276 1701 ρίου
306 1627 535 1701 μηδενὸς
565 1624 677 1679 τῶν
704 1623 1000 1694 ἐλαχίστων
1026 1623 1404 1693 καταφρονεῖν.
1441 1619 1581 1673 Νυνὶ
1611 1618 1668 1671 δὲ
1696 1620 1731 1689 ή

154 1718 333 1790 βλάϐη
368 1717 471 1770 οὐκ
510 1716 592 1778 εἰς
634 1713 736 1767 ἕνα
768 1712 803 1784 ἢ
848 1711 1101 1782 δεύτερον
1144 1706 1515 1781 περιορίζεται
1539 1746 1555 1772 ,
1596 1705 1732 1760 ἀλλὰ

1829 530 2073 589 bemur?
2101 528 2282 597 Atque
2320 527 2435 580 haec
2459 524 2681 594 quidem
2717 518 2785 575 ad
2814 533 2990 573 meam
3016 516 3188 587 ipsius
3210 515 3401 571 defen-

1829 617 2038 675 sionem
2078 616 2316 688 profero.

1898 795 1954 851 5.
1981 793 2124 862 Quid
2162 801 2349 849 autem
2386 789 2670 854 Ecclesiae,
2694 803 2818 861 quae
2841 787 3020 843 nostri
3045 785 3260 841 dissidii
3289 798 3403 839 non

1830 886 1900 941 ad
1946 901 2103 943 suam
2156 884 2448 940 utilitatem
2499 881 2795 952 participes
2843 885 2994 941 sunt,
3049 891 3168 946 pro.
3202 874 3401 945 seipsis

1829 978 2089 1042 dixerint,
2158 975 2359 1031 melius
2404 973 2627 1044 quidem
2674 979 2878 1026 tacere.
2953 966 3088 1022 Non.
3141 967 3287 1022 enim
3339 972 3402 1018 ut

1830 1072 2138 1129 molestiam
2164 1069 2472 1135 exhibeam,
2503 1065 2669 1126 verba
2712 1064 2855 1119 facio
2884 1080 2900 1131 ;
2930 1061 3028 1118 sed
3062 1067 3123 1115 ut
3154 1058 3403 1114 molestis

1829 1165 1997 1221 rebus
2037 1162 2201 1218 ﬁnem
2254 1161 2553 1230 imponam.
2598 1155 2774 1210 Tuam
2818 1161 3004 1208 autem.
3056 1148 3403 1223 prudentiam

1831 1257 2056 1313 omnino
2103 1253 2243 1309 nihil
2286 1252 2424 1323 fugit
2474 1269 2488 1304 :
2534 1246 2631 1304 sed
2658 1246 2834 1301 multo
2861 1243 3069 1313 majora
3119 1256 3184 1296 ac
3228 1238 3408 1311 perfe-

1832 1348 2010 1402 ctiora
2049 1360 2214 1416 quam
2266 1357 2389 1412 quae
2432 1354 2534 1395 nos
2576 1336 2904 1410 cogitamus,
2928 1333 3049 1403 ipsa
3088 1340 3185 1385 tua
3222 1334 3406 1383 mente

1831 1440 2039 1512 poteris
2097 1437 2410 1508 excogitare
2435 1472 2452 1499 ,
2506 1433 2741 1502 aliisque
2789 1429 2974 1484 dicere
3030 1443 3044 1479 :
3107 1422 3200 1494 qui
3257 1427 3409 1477 certe

1832 1533 1995 1588 etiam
2041 1537 2167 1585 ante
2231 1543 2336 1583 nos
2395 1524 2765 1581 Ecclesiarum
2822 1516 3015 1575 vidisti
3056 1515 3404 1578 detrimenta,

1832 1621 2116 1691 magisque
2165 1632 2330 1688 quam
2376 1630 2480 1671 nos
2530 1613 2709 1678 doles,
2755 1605 3050 1679 jam'olim
3094 1603 3321 1659 edoctus
3373 1614 3415 1654 a

1835 1690 2087 1774 Domino,
2126 1709 2399 1764 neminem
2449 1720 2516 1761 ex
2547 1700 2792 1759 minimis
2834 1704 3206 1753 contemnere.
3250 1690 3417 1746 Nune

154 1779 348 1872 Σιιιπόλειίς
372 1807 492 1861 δλαι
515 1806 612 1860 καὶ
642 1779 806 1875 δῆμοι
832 1802 942 1857 τῶν
974 1779 1259 1873 ἡμετέρων
1286 1779 1732 1870 παραπολαύουσι

1853 1808 2017 1857 mutem
2060 1800 2320 1855 damnum
2360 1813 2472 1853 non
2517 1810 2628 1851 uno
2668 1800 2762 1848 aut
2802 1791 2973 1844 altero
3013 1781 3414 1841 circumscribia

158 1896 481 1971 συμφορῶν.
527 1896 641 1968 Τὴν
687 1896 796 1967 γὰρ
835 1894 927 1947 ἐπὶ
977 1893 1077 1963 τῆς
1111 1890 1407 1962 ὑπερορίας
1454 1889 1640 1960 φήμην
1681 1887 1734 1940 τί

158 1990 268 2064 χρὴ
311 1991 407 2043 καὶ
435 1988 615 2057 λέγειν
659 1985 821 2040 ὁποία
867 2001 954 2047 τις
1005 1983 1158 2036 ἔσται
1208 1983 1339 2054 περὶ
1369 1981 1562 2053 ὴμῶν;
1590 1980 1736 2052 Πρέ-

156 2100 253 2136 πει
276 2080 356 2152 (9)
385 2076 479 2134 οὖν
501 2081 567 2134 ἂν
591 2080 659 2149 τῇ
691 2080 757 2150 σῇ
798 2075 1178 2148 μεγαλοψυχίᾳ
1202 2075 1266 2128 τὸ
1311 2076 1408 2145 μὲν
1434 2073 1737 2142 φιλόνεικον

157 2174 371 2244 ἑτέροις
393 2172 745 2243 παραχωρεῖν
766 2187 780 2200 ·
809 2169 1010 2241 μᾶλλον
1043 2168 1101 2221 δὲ
1118 2168 1385 2221 κάκείνων
1405 2166 1608 2232 ἐξελεῖν
1634 2166 1738 2237 τῆς

155 2265 377 2337 ψυχῆς,
435 2264 594 2335 ειπερ
654 2256 767 2315 οἷόν
813 2276 905 2313 τε·
962 2259 1124 2313 αὐτὸν
1166 2258 1223 2313 δὲ
1271 2258 1339 2312 δι’
1385 2256 1739 2322 ἀνεξικακίας

156 2356 383 2426 νικῆσαι
413 2354 485 2407 τὰ
524 2352 767 2424 λυπηρά.
803 2352 876 2406 Τὸ
913 2351 1013 2423 μὲν
1056 2349 1166 2422 γὰρ
1203 2349 1511 2420 ἀμύνεσθαι
1536 2348 1738 2412 παντός

156 2450 280 2503 ἐστι
328 2445 425 2500 τοῦ
449 2443 804 2517 ὀργιζομένου
827 2460 844 2475 ι
877 2445 942 2495 τὸ
971 2443 1029 2496 δὲ
1068 2442 1164 2495 καὶ
1215 2441 1383 2511 αὐτῆς
1419 2439 1520 2510 τῆς
1566 2438 1738 2511 ὀργῆς

156 2539 493 2611 ὑψηλότερον
517 2532 679 2600 εἶναι,
708 2534 867 2588 τοῦτο
896 2534 961 2606 δὴ
991 2532 1150 2604 μόνου
1181 2531 1294 2597 σοῦ,
1324 2532 1419 2585 καὶ
1445 2531 1497 2583 εί
1533 2531 1618 2594 τίς
1653 2548 1737 2585 σοι

156 2630 259 2703 τὴν
280 2630 485 2703 ἀρετὴν
520 2627 927 2699 παραπλήσιος.
968 2626 1174 2678 Ἐκεῖνο
1195 2624 1254 2677 δὲ
1293 2625 1392 2676 οὐκ
1434 2624 1567 2694 ἐρῶ,
1593 2625 1676 2678 ὅτι
1710 2628 1739 2678 ό

157 2725 294 2795 ήμῖν
333 2720 679 2792 χαλεπαίνων
726 2720 808 2782 είς
851 2717 977 2781 τοὺς
1017 2716 1185 2788 μηδὲν
1231 2715 1594 2788 ἀδικήσαντας
1639 2715 1739 2787 τὴν

161 2813 335 2886 οργὴν
365 2811 685 2882 ἐπαφίησιν.
726 2811 859 2865 Εἴτε
896 2805 990 2863 οὖν
1045 2809 1317 2880 παρουσίᾳ
1341 2848 1356 2872 ,
1402 2810 1509 2862 εἴτε
1557 2809 1739 2881 γράμ-

163 2920 330 2974 ματι,
370 2900 483 2954 εἴτε
532 2898 723 2971 κλήσει
763 2900 829 2968 τῇ
884 2897 1020 2969 πρὸς
1051 2898 1263 2961 ἑαυτὸν,
1321 2898 1431 2951 εἴτε
1471 2890 1624 2970 ᾧπερ
1672 2898 1741 2953 ἂν

160 2993 372 3057 ἐθέλοις
411 2992 618 3063 τρόπῳ,
650 2988 1048 3061 παραμύθησαι
1077 2990 1233 3060 ήμῶν
1270 2990 1368 3061 τὴν
1395 2990 1572 3063 ψυχήν
1602 2990 1739 3064 (10).

170 3085 339 3155 Ἡμῖν
375 3083 476 3155 μὲν
495 3081 605 3154 γὰρ
628 3081 763 3152 εὐχὴ
784 3082 880 3134 ἐπὶ
904 3082 1004 3152 τῆς
1031 3080 1353 3152 Ἐκκλησίας
1377 3082 1611 3153 φανῆναι
1642 3082 1742 3155 τὴν
1768 3110 1814 3171 c

164 3176 486 3230 θεοσέϐειαν
510 3192 625 3240 σου,
643 3175 739 3229 καὶ
764 3175 913 3246 ἡμᾶς
934 3190 993 3227 τε
1019 3172 1177 3244 ὁμοῦ,
1202 3173 1293 3226 καὶ
1321 3173 1412 3226 τὸν
1434 3175 1560 3229 λαὸν
1582 3174 1745 3246 θερα-

162 3269 363 3325 πεῦσαι
395 3268 539 3340 αὐτῇ
564 3284 625 3322 τε
659 3269 727 3338 τῇ
754 3266 873 3336 δψει
902 3265 999 3318 καὶ
1028 3268 1142 3329 τοῖς
1174 3266 1358 3334 λόγοις
1387 3266 1492 3336 τῆς
1518 3267 1742 3338 χάριτός

162 3377 280 3414 σου.
315 3361 445 3414 Ἐὰν
470 3361 570 3431 μὲν
602 3356 696 3414 οὖν
723 3358 880 3413 τοῦτο
964 3358 1208 3424 δυνατὸν,
1229 3358 1387 3412 τοῦτο
1415 3359 1705 3430 κράτιστον
1724 3376 1739 3390 ·

165 3454 258 3508 ἐὰν
304 3453 365 3508 δέ
400 3470 457 3507 τι
506 3453 694 3520 ἕτερον
737 3451 900 3525 δόξῃ,
956 3453 1176 3505 κάκεῖνο
1219 3451 1504 3523 δεξόμεθα.
1567 3452 1744 3505 Μόνον

165 3545 379 3614 παγίως
410 3544 677 3615 γνωρίσαι
699 3546 831 3617 ἡμῖν
856 3543 918 3599 τὸ
940 3542 1347 3617 παριστάμενον
1386 3546 1458 3615 τῇ
1487 3544 1745 3615 φρονήσει

169 3651 264 3691 σου
304 3634 715 3707 παρακλήθητι.

725 3872 1078 3928 ΕΠΙΣΤΟΛΗ
1110 3871 1183 3927 Ξν.

1834 1902 1946 1961 tur,
1995 1892 2093 1949 sed
2130 1899 2258 1947 totae
2301 1890 2552 1945 civitates
2582 1900 2646 1941 ac
2676 1882 2861 1954 populi
2904 1878 3279 1935 calamitatum
3306 1888 3408 1928 no-

1839 1960 2081 2037 strarum
2107 1980 2407 2051 participes
2454 1982 2603 2033 sunt.
2642 1972 2865 2027 Famam
2913 1968 3059 2025 enim
3092 1967 3150 2020 in
3182 1960 3421 2019 remotis.

1836 2073 2135 2145 provinciis
2174 2069 2306 2141 quid
2352 2069 2437 2124 vel
2484 2068 2671 2123 dicere
2719 2063 2949 2126 attinet,
3010 2056 3195 2129 qualis
3224 2054 3417 2109 futura

1838 2142 1913 2221 sit
1960 2164 2030 2219 de
2081 2160 2284 2217 nobis?
2334 2157 2497 2213 Decet
2539 2156 2708 2226 igitur
2756 2160 2816 2206 ut
2855 2159 2949 2205 tua
2992 2142 3421 2218 magnanimitas.

1838 2251 2210 2311 contentionis
2258 2249 2503 2305 studium
2563 2245 2687 2301 aliis
2741 2242 3035 2311 relinquat,
3080 2237 3191 2291 imo
3237 2249 3305 2290 ex
3343 2232 3413 2287 il-

1837 2347 2014 2402 lorum
2050 2344 2215 2399 etiam
2258 2341 2459 2395 animis
2487 2337 2762 2401 extrahat,
2795 2334 2844 2389 si
2889 2331 3008 2386 fieri
3032 2334 3215 2400 potest
3241 2342 3263 2378 ι
3291 2324 3424 2394 ipse.

1840 2442 2020 2489 autem
2068 2430 2336 2502 patientia
2385 2426 2669 2483 molestias
2724 2437 2971 2495 superes.
3026 2418 3163 2473 Nam
3211 2411 3418 2470 ulcisci

1840 2542 1925 2591 se,
1950 2523 2195 2595 cujusvis
2236 2519 2363 2576 irati
2388 2527 2473 2574 est
2509 2537 2526 2573 :
2565 2517 2663 2573 sed
2694 2517 2813 2586 ipsa
2845 2514 3009 2569 etiam
3054 2510 3138 2571 ira
3165 2505 3417 2577 superio-

1839 2634 1956 2675 rem
2000 2632 2143 2681 esse,
2169 2615 2275 2669 hoc
2303 2619 2453 2669 certe
2487 2619 2642 2665 tuum
2670 2617 2757 2665 est
2780 2608 2975 2671 solius,
3005 2610 3061 2660 et
3090 2602 3139 2659 si
3170 2600 3295 2671 quis
3319 2596 3425 2651 tibi

1840 2711 2041 2765 virtute
2091 2706 2422 2763 consimilis.
2472 2702 2609 2757 lllud
2659 2708 2841 2756 autem
2891 2713 3000 2753 non
3043 2696 3242 2760 dicam,
3290 2702 3427 2745 eum

1843 2802 1938 2874 qui
1984 2801 2143 2856 nobis
2174 2805 2486 2863 succenset,
2532 2796 2590 2849 in
2626 2791 3059 2849 insontes.iram
3101 2786 3416 2840 immittere.

1844 2895 2031 2964 Itaque
2072 2893 2188 2947 sive
2239 2887 2578 2944 adveniendo
2616 2885 2684 2940 ad
2736 2898 2876 2948 nos,
2927 2881 3044 2936 sive
3093 2874 3427 2939 scribendo,

1846 2986 1962 3042 sive
2007 2983 2076 3039 ad
2136 2991 2192 3038 te
2244 2978 2601 3044 accersendo,
2646 2976 2762 3031 sive
2804 2983 3131 3045 quocunque
3181 2966 3419 3023 volueris

1846 3076 2030 3140 modo,
2085 3073 2375 3130 consolare
2426 3069 2671 3124 animum
2727 3072 3001 3121 nostrum.
3058 3057 3227 3114 Nobis
3272 3055 3421 3113 enim

1846 3170 1903 3224 in
1936 3166 2141 3239 optatis
2185 3174 2292 3233 est,
2326 3171 2387 3219 ut
2420 3162 2481 3217 in
2509 3159 2757 3216 Ecclesia
2809 3161 3068 3226 appareat
3096 3151 3416 3223 pietasi.tua,

1848 3270 1903 3319 et
1926 3276 2031 3317 nos
2060 3259 2225 3315 simul
2258 3264 2314 3312 et
2353 3254 2615 3327 populum
2650 3263 2764 3305 tum
2801 3248 2921 3319 ipso
2950 3249 3273 3313 conspectu,
3300 3250 3425 3294 tum

1849 3351 2034 3423 gratiae
2067 3360 2176 3403 tute
2217 3326 2565 3402 sermonibus
2593 3354 2777 3395 cures.
2828 3335 2984 3402 Quod
3023 3334 3069 3388 si
3113 3330 3264 3386 istud
3301 3326 3421 3382 ﬁeri
3501 3395 3510 3407 ν

1848 3416 2046 3510 potest,
2069 3437 2172 3492 erit
2188 3435 2449 3503 optimum
2475 3449 2493 3484 :
2512 3431 2700 3485 sivero
2728 3422 2875 3479 aliud
2902 3419 3033 3492 quid
3056 3416 3345 3479 videbitur,
3369 3417 3424 3466 et

1850 3506 1986 3587 illud
2021 3529 2433 3599 amplectamur.
2478 3520 2594 3575 Hoc
2636 3527 2846 3574 tantum
2893 3528 2924 3567 a
2969 3520 3022 3567 te
3061 3518 3213 3564 certo
3252 3506 3425 3574 impe-

1849 3633 2013 3686 trem,
2047 3592 2283 3691 ιιι-(ιιιοά
2308 3614 2612 3686 prudentiae
2640 3617 2751 3665 tua:
2777 3607 2951 3663 visum
2970 3601 3154 3665 fuerit,
3186 3596 3242 3651 id
3263 3592 3433 3650 nobis.

1849 3711 2142 3786 significes.

2300 3930 2301 3933 η
2407 3859 2747 3917 EPISTOLA
2784 3856 2917 3911 LX“.

451 4005 667 4078 peritius
689 4020 741 4059 se
760 4006 930 4078 fratris
951 4006 1156 4058 adventu
1177 4011 1222 4056 et
1248 4003 1421 4078 litteris
1442 4004 1668 4078 avuneuti
1688 4018 1822 4078 spem
1844 4000 2306 4078 pacisaﬂgreitlibus
2327 4004 2602 4078 geel-eamut
2614 3993 2779 4078 fuisse.
2804 3979 3433 4078 Picatum!

250 4046 584 4134 iit'quidquid
621 4046 871 4120 αυᾶἷιέίιίῗ
889 4046 1591 4132 ἷεῖῦἶξιίῶυἷξὲίὴρῶῗᾶ
1599 4046 2301 4130 "b25'5ia’éie‘r'ii"i'raiili'§é
2326 4046 2569 4126 dimder'eﬂ
2586 4046 2802 4117 testatur,
2828 4054 2886 4104 ob
2920 4064 2980 4104 ea
3010 4061 3118 4112 quae
3136 4046 3272 4111 prius
3294 4052 3426 4109 gesta

253 4133 464 4197 fuerant.

713 4235 1016 4307 Γρηγορίφ
1049 4235 1203 4299 θείῳ.

246 4355 357 4408 Καὶ
386 4352 654 4423 πρότερον
682 4347 851 4419 ἡδέως
876 4342 1016 4400 εἶδον
1039 4347 1135 4399 τὸν
1152 4345 1378 4413 ἀδελφόν
1408 4361 1529 4415 μου.
1550 4342 1615 4396 Τί
1637 4355 1754 4413 γαρ

180 4449 276 4501 οὐκ
307 4444 556 4517 ἔμελλον,
587 4439 811 4508 ἀδελφόν
828 4455 889 4491 τε
919 4438 1048 4491 ὄντα
1078 4434 1334 4508 ἐμαυτοῦ,
1361 4436 1457 4488 καὶ
1480 4432 1748 4499 τοιοῦτον;

182 4537 291 4590 Καὶ
321 4534 420 4589 νῦν
445 4532 504 4585 δὲ
556 4532 623 4601 τῇ
662 4528 799 4598 αὐτῇ
832 4525 1068 4580 διαθέσει
1115 4524 1525 4598 προσεδεξάμην
1568 4521 1753 4593 ἐπιδη-

187 4630 457 4698 μήσαντα,
497 4621 665 4693 μηδέν
697 4637 751 4673 τι
786 4619 886 4689 τῆς
925 4617 1164 4689 ἐμαυτοῦ
1213 4616 1446 4688 στοργῆς
1483 4613 1760 4687 παρατρέ-

184 4716 481 4786 ψας.Μηδὲ
506 4714 616 4784 γὰρ
649 4710 857 4780 γένοιτό
876 4728 929 4763 τι
966 4710 1176 4763 τοιοῦτο
1209 4708 1402 4762 παθεῖν
1435 4708 1596 4779 μηδὲν
1620 4705 1756 4777 (Η),

186 4810 215 4862 ὃ
240 4811 342 4878 τῆς
368 4806 589 4877 φύσεως
619 4802 990 4867 ἐπιλαθέσθαι,
1020 4804 1115 4856 καὶ
1145 4800 1590 4855 ὲκπολειιωθῖιναι
1623 4797 1760 4870 πρὸς

254 4967 334 5038 (5)
368 4967 797 5038 Δικαιολογιας.
821 4965 898 5038 Ita
918 4980 1058 5038 Amss.
1083 4972 1310 5029 septem.
1335 4957 1761 5038 Corruptissime

187 5027 704 5104 εύὶιῖδιστολογίας,
743 5027 886 5090 unde
916 5027 1187 5102 interpres
1216 5051 1229 5085 :
1256 5047 1434 5104 meant
1461 5027 1626 5099 ipsius
1647 5027 1761 5098 qui-

188 5109 304 5161 dem
334 5100 594 5170 tanquam
624 5107 884 5160 bicornem
917 5100 1175 5158 rationem
1198 5100 1487 5170 pratendoﬁ.

229 5178 340 5257 .(6)
371 5167 857 5257 KéWm..Post
876 5176 1028 5257 banc
1052 5167 1239 5257 vocem
1252 5171 1430 5257 editio
1456 5169 1630 5257 Paris.
1663 5167 1762 5257 ad-

190 5238 536 5372 gt'tfodjcgtwg,
556 5238 716 5316 quod
740 5245 897 5301 abest
922 5245 991 5299 ab
1014 5243 1271 5298 omnibus
1291 5256 1424 5295 mss.
1454 5247 1509 5295 et
1533 5238 1768 5295 vetustis

260 5336 272 5370 ι
304 5333 414 5371 nom
461 5333 546 5372 us.

260 5327 546 5372 limitibus.

262 5384 496 5460 ('1);ng
516 5382 886 5460 ῥλὰὅρςηιιο
915 5397 1057 5460 [ηδε.
1083 5397 1200 5460 sex.
1226 5388 1282 5460 et
1309 5387 1538 5460 vetustae
1569 5378 1767 5460 editio-

194 5447 487 5511 neéfAliai
506 5447 616 5509 τῶν
652 5447 989 5525 Ἐκκλησιῷν
1005 5453 1107 5524 τὴν
1138 5453 1357 5524 ζημίαν.
1382 5447 1580 5507 Ibidem
1604 5450 1767 5520 quin-

192 5542 298 5595 que
324 5528 547 5582 codices
570 5525 711 5581 ὥστε
739 5518 1022 5595 καὶέἷδες.

262 5598 342 5680 ς8)
379 5595 828 5680 Δεδιδατέέέηος.
860 5593 1086 5680 ξξόὶιὶήες
1115 5607 1402 5680 mss._pon
1424 5593 1594 5680 ,ρευιεὶ
1624 5606 1764 5680 ἔρο-

192 5660 738 5793 δεδῲγμένοςξὲεὰ
769 5660 944 5747 multo
969 5664 1152 5732 aptius
1178 5663 1399 5721 codices
1424 5660 1597 5727 “arb,
1624 5660 1765 5716 mea.

194 5748 254 5790 et
278 5741 408 5793 (.ms
435 5778 451 5793 .
485 5752 628 5793 auos
660 5743 834 5793 secuti
855 5749 1068 5791 sumus.
1095 5785 1107 5793 .

194 5748 254 5790 et
278 5741 451 5796 Coisl.
485 5752 628 5809 quos
660 5741 834 5793 secuti
855 5749 1107 5810 sumus”

2392 4220 2643 4292 bregorio
2683 4227 2893 4287 patruo.

1925 4339 1993 4394 Et
2018 4346 2175 4394 antea
2216 4337 2448 4392 libenter
2473 4333 2721 4388 videbam
2753 4330 2979 4386 fratrem
3012 4343 3212 4384 meum.
3246 4325 3422 4392 Quid-

1854 4433 1911 4490 ni
1944 4432 2089 4488 enim
2115 4432 2282 4486 ?cum
2313 4437 2369 4485 et
2402 4426 2571 4482 frater
2596 4440 2750 4479 meus
2779 4424 2872 4486 sit,
2902 4433 2957 4477 et
2993 4422 3120 4476 talis
3150 4438 3164 4475 :
3195 4426 3250 4474 et
3279 4432 3425 4474 nunc

1854 4525 2048 4582 eodem
2102 4523 2299 4579 aﬂectu
2376 4520 2593 4590 suscepi
2648 4517 3047 4578 advenientem,
3106 4512 3245 4567 nihil
3305 4525 3426 4566 meo

1857 4632 2050 4673 amore
2071 4616 2380 4670 imminuto.
2414 4611 2576 4667 Absit
2613 4610 2760 4665 enim
2795 4608 2875 4662 sic
2902 4606 3106 4660 alliciar
3126 4604 3331 4665 animo,
3365 4608 3427 4654 ut

1858 4717 1913 4765 et
1936 4718 2144 4765 naturae
2168 4705 2480 4771 obliviscar,
2503 4710 2558 4758 et
2591 4716 2714 4755 cum
2749 4697 3070 4769 propinquis
3113 4693 3430 4750 inimicitias

1860 4816 2067 4872 geram.
2107 4798 2212 4854 Sed
2255 4805 2310 4853 et
2350 4795 2601 4866 corporis
2651 4790 3057 4847 infirmitatum.
3093 4794 3148 4841 et
3194 4785 3431 4838 aliorum

1935 4955 2010 5026 (9)
2040 4954 2275 5023 Πρέπει.
2310 4951 2447 5026 Tres
2481 4967 2616 5026 mss.
2649 4965 2758 5026 non
2785 4941 3165 5026 antiquissimi
3209 4938 3435 5010 πρέποι.

1863 5019 2032 5083 Coisl.
2064 5019 2276 5095 primus
2309 5023 2510 5095 πρέπει
2531 5019 2721 5095 οὗν-τῇ

1935 5076 2048 5167 (fil)
2065 5076 2504 5163 rIIapagniti};om
2529 5076 2836 5167 ﬁgéf'ﬁiiw
2859 5081 3089 5166 ψυχήν.
3115 5076 3434 5167 Ιίρὲ-(ἒοέὶίξςε

1863 5146 2121 5238 quatuor.
2415 5146 3433 5238 unusuantiquissi'mus;'nempeucolis:

2154 5214 2814 5301 1[adi—tieratptzpvmdﬁcra't...
2866 5214 3223 5301 καταξίωσοῦ.
3255 5214 3362 5301 ξεά
3386 5215 3437 5301 εξ

1865 5288 2204 5380 postremum
2239 5288 2462 5380 verbum
2513 5288 2832 5380 retineatur,
2879 5291 3162 5380 legendum
3208 5288 3332 5380 erit,
3373 5292 3435 5338 ut

1867 5357 1963 5433 Egi
1975 5357 2047 5429 in
2066 5374 2258 5427 codice
2299 5369 2450 5423 Harl.
2480 5357 3042 5441 παραμυθήσασθαι...
3072 5357 3437 5422 καταξίωσον,

1870 5444 2138 5502 consolari
2173 5443 2409 5509 dignare.

1942 5516 2057 5585 (li)
2086 5502 2324 5585 Παρέῖις.
2349 5509 2513 5564 Deest
2539 5505 2814 5585 ea_vox_in
2840 5502 3060 5585 duobus
3083 5510 3436 5585 mss._!ecen:

1873 5567 2125 5640 tioribus.
2168 5581 2339 5636 Paulo
2384 5584 2508 5650 post
2524 5577 2700 5650 editio
2732 5574 2912 5630 Paris.
2942 5572 3166 5644 ποιήσῃ.
3210 5567 3343 5625 Mss.
3383 5572 3440 5620 et

1869 5663 2097 5714 vetusta:
2122 5648 2401 5708 editiones
2416 5648 2652 5716 ποιήσει.

1946 5732 1964 5752 '
1988 5724 2139 5781 Alias
2170 5720 2331 5777 XLV.
2362 5712 2576 5788 Scripta
2603 5730 2749 5773 anno
2770 5712 2872 5768 ’571
