3870 6218
134 276 244 332 M7

1069 255 1566 325 EPISTOLABUM
1602 254 1891 323 CLASSIS
1943 256 2013 322 ιι.
2052 261 2273 321 EPIST.
2313 260 2476 318 LXII.

3305 262 3411 324 “8

134 391 245 458 ἄρα
277 385 374 439 τοῦ
410 382 838 456 Ἐκκλησιαστοῦ
882 378 944 436 τὸ
974 383 1166 452 σοφόν·
1200 383 1349 436 Οὐαί
1375 397 1496 447 σοι,
1529 382 1729 446 πόλις,

1845 380 1937 436 Va:
1978 382 2094 444 tibi,
2140 380 2347 444 civitas,
2393 378 2544 448 cuius
2594 394 2690 434 rex
2726 378 2912 450 junior
2933 387 3011 434 est
3044 378 3066 410 '
3095 378 3198 451 (est
3226 388 3427 436 autem»

133 474 212 551 ἧς
258 481 293 532 d
330 477 640 542 βασιλεύς
686 489 802 530 σου
853 473 1141 543 νεώτερος
1182 472 1457 544 (ἐνταῦθα
1503 471 1560 525 δέ
1603 470 1721 525 ὲστί

135 587 192 624 τι
223 568 337 641 (25)
373 568 469 622 xui.
496 564 942 639 χαλεπώτερον),
975 565 1071 620 καὶ
1104 565 1154 617 οἱ
1195 563 1459 636 ἄρχοντές
1489 579 1590 616 σου
1620 561 1722 615 οὐκ

136 660 246 716 ἀπὸ
277 659 472 722 νυκτὸς
519 656 826 723 ἐσθίουσιν,
873 655 1012 711 ἀλλά
1063 654 1338 728 μεσούσης
1370 654 1471 725 τῆς
1507 653 1723 725 ἡμέρας

135 747 620 811 ἀκολασταίνουσι,
654 745 1022 818 βοσκημάτων
1051 743 1392 816 ἀλογώτερον
1422 743 1724 814 ἀλλοτρίοις

137 842 341 911 γάμοις
375 835 823 909 ὲπιμαινόμενοιι
865 838 1101 891 Ἐκεῖνον
1128 835 1226 907 μὲν
1253 832 1344 889 οὖν
1371 835 1428 889 αἱ
1466 835 1724 906 μάστιγες

140 935 367 1006 μένουσι
398 932 549 1004 παρὰ
577 931 675 986 τοῦ
702 930 913 986 δικαίου
945 930 1154 1002 κριτοῦ,
1177 929 1256 1001 τῷ
1285 930 1385 1001 τσῳ
1415 929 1599 1001 μέτρῳ
1631 929 1726 982 ἁν-

134 1026 706 1100 τιμετρηθησόμεναι,
744 1024 810 1088 ἃς
838 1023 1000 1087 αὐτὸς
1028 1021 1317 1095 προλαϐὼν
1349 1020 1587 1092 ἐπέθηκε
1613 1023 1725 1083 τοῖς

136 1121 320 1189 ἀγίοις
356 1118 543 1173 αὑτοῦ.
584 1115 919 1188 Ἐγνωρίσθη
937 1115 994 1168 δὲ
1020 1115 1114 1168 καὶ¹
1140 1117 1207 1185 τῇ
1248 1106 1542 1184 Ἐκκλησία
1567 1109 1726 1183 ἡμῶν

136 1212 205 1264 ἐκ
238 1209 349 1263 τῶν
399 1207 747 1280 γραμμάτων
784 1204 884 1278 τῆς
926 1206 1025 1277 σῆς
1075 1203 1404 1269 θεοσεϐείας,
1457 1204 1551 1257 καλ⁵
1587 1204 1726 1257 ἀπο-

134 1301 404 1375 τρόπαιον
445 1299 609 1355 αὑτὸν
653 1298 853 1361 πάντες
894 1297 1230 1369 ἡγήσονται,
1270 1294 1346 1367 μὴ
1376 1294 1547 1367 πυρὸς
1588 1292 1724 1365 (24),

142 1389 220 1461 μὴ
253 1389 471 1453 ὓδατος,
512 1388 586 1459 μὴ
615 1387 825 1457 σκέπης
857 1384 1005 1456 αὐτῷ
1039 1384 1450 1447 κοινωνοῦντες,
1487 1384 1647 1455 εἴπερ
1674 1400 1728 1435 τι

138 1480 339 1551 ϐερελος
370 1483 483 1544 τοῖς
517 1477 662 1533 οῦτω
696 1477 1129 1549 κεκρατημένοις
1170 1476 1356 1547 κοινῆς
1390 1475 1486 1529 καὶ
1521 1474 1729 1547 ὁμοψή-

139 1589 244 1642 φου
300 1569 718 1638 καταγνώσεως.
774 1567 1041 1641 Ἀρκοῦσα
1086 1567 1144 1622 δὲ
1183 1565 1333 1637 αύτῷ
1381 1565 1585 1638 στήλη,
1635 1564 1729 1618 καὶ

139 1661 285 1716 αὐτὰ
313 1661 380 1715 τά
414 1662 721 1733 γράμματα
760 1658 1242 1728 ἀναγινωσκόμενα
1266 1656 1380 1728 (25)
1424 1653 1724 1726 πανταχοῦ.

141 1756 220 1809 Οὐ
273 1753 384 1825 γὰρ
417 1752 763 1823 διαλείψομεν
819 1751 987 1804 πᾶσιν
1018 1746 1185 1802 αὐτοῦ
1218 1749 1316 1802 καὶ
1362 1747 1582 1810 οἰκείοις
1634 1745 1727 1800 καὶ

142 1845 323 1916 φίλοις
353 1844 451 1898 καὶ
484 1842 658 1908 ξένοις
683 1840 1105 1904 ἐπιδεικνύντες.
1140 1839 1370 1902 Πάντως
1400 1838 1479 1901 δὲ,
1510 1835 1612 1890 κᾶν
1648 1837 1723 1909 μὴ

140 1936 391 2005 ἅψωνται
417 1933 584 1987 αὐτοῦ
634 1931 976 2005 παραχρῆμα
1005 1931 1074 1984 τὰ
1114 1929 1387 2000 ἐπιτίμια,
1414 1927 1602 1999 ὥσπερ
1630 1925 1725 1980 τοῦ

137 2026 365 2098 Φαραὼ,
417 2025 533 2080 ἀλλ’
562 2026 645 2087 είς
693 2021 918 2092 ῦστερόν
967 2039 1099 2075 ποτε
1161 2020 1384 2094 βαρεῖαν
1430 2018 1579 2091 αὐτῷ
1632 2018 1729 2074 καὶ

136 2118 399 2192 ἀλγεινὴν
430 2118 530 2190 τὴν
560 2117 812 2172 ἀνάδοσιν
839 2115 952 2191 (26)
986 2115 1150 2169 οἴσει.

672 2230 1019 2284 ΕΠΙΣΤΟΛΗ
1055 2228 1175 2284 EB’.

1827 472 1918 528 hic
1956 472 2215 543 quiddam
2258 471 2422 526 etiam
2468 470 2804 542 molestius),
2840 479 2894 526 et
2930 469 3092 541 cujus
3133 471 3410 542 principes

1830 579 1943 620 non
1983 574 2014 618 a
2048 570 2213 617 nocte
2245 562 2565 627 comedunt,
2610 562 2704 618 sed
2739 564 2793 617 in
2832 563 2953 634 ipso
2990 563 3216 618 meridie
3247 564 3411 619 lasci-

1828 653 2009 714 viunt,
2044 652 2340 723 pecoribus
2371 653 2508 723 ipsis
2538 652 2817 708 eﬂ‘eratius
2848 655 2904 709 in
2950 654 3158 710 aiienas
3189 656 3412 725 nuptias

1829 743 2098 799 furentes.
2157 742 2314 798 lllum
2376 744 2597 815 quidem
2654 744 2864 815 ﬂagella
2920 753 3144 801 manent
3195 762 3225 800 a
3262 746 3413 816 justo

1826 834 2036 896 Judice,
2071 835 2264 906 aequali
2294 850 2549 890 mensura
2577 835 2679 907 ipsi
2706 836 3072 907 rependcnda,
3111 853 3231 908 qua:
3258 838 3410 907 prior

1827 928 1947 998 ipse
1973 927 2122 982 illius
2153 926 2363 982 sanctis
2392 926 2607 981 inﬂixit.
2654 927 2893 983 lnnotuit
2935 936 3115 983 autem
3147 935 3199 983 et
3226 928 3413 984 Eccle-

1829 1020 1923 1074 sia:
1953 1029 2154 1075 nostra:
2182 1035 2247 1073 ex
2278 1019 2474 1074 litteris
2496 1020 2712 1090 pietatis
2744 1020 2902 1092 156
2946 1027 3073 1086 tuae,
3116 1029 3171 1076 et
3201 1020 3414 1076 abomi-

1828 1111 2076 1166 nandum
2128 1112 2308 1183 ipsum
2359 1111 2756 1167 existimabunt
2803 1128 3016 1175 omnes,
3067 1116 3148 1167 sic
3192 1122 3252 1167 ut
3299 1126 3412 1166 non

1830 1205 2036 1274 ignem,
2065 1221 2174 1259 non
2200 1220 2419 1275 aquam,
2448 1215 2559 1260 non
2588 1214 2792 1259 tectum
2818 1219 2942 1257 cum
2973 1206 3089 1275 ipso
3114 1220 3413 1261 commune

1828 1295 2091 1363 habeant,
2121 1297 2170 1352 si
2209 1297 2341 1368 quid
2368 1297 2544 1368 prosit
2586 1296 2904 1352 hominibus
2935 1297 3009 1350 ita
3040 1296 3207 1350 animi
3237 1296 3415 1366 imp0~

1829 1388 2075 1444 tentibus
2124 1387 2433 1443 communis
2481 1395 2645 1455 atque
2682 1385 2959 1441 unanimis
3002 1384 3406 1439 condemnatio.

1833 1477 1982 1535 Satis
2046 1487 2227 1534 autem
2276 1493 2470 1548 magna
2536 1478 2615 1532 illi
2665 1476 2902 1531 infamiae
2930 1485 3083 1543 nota,
3137 1475 3223 1530 vel
3278 1473 3412 1545 ipsa:

1833 1572 2047 1637 litterae,
2079 1569 2210 1624 dum
2258 1570 2460 1641 ubique
2498 1569 2774 1640 leguntur.
2800 1566 2921 1622 Non
2959 1568 3105 1622 enim
3140 1566 3411 1620 intermit-

1831 1670 2012 1717 temus
2041 1676 2136 1716 eas
2175 1661 2436 1715 omnibus
2466 1659 2586 1730 ejus
2624 1668 2678 1714 et
2704 1657 3031 1729 propinquis
3059 1663 3112 1711 ct
3139 1656 3328 1710 amicis
3356 1662 3412 1708 et

1759 1728 1803 1783 Β
1831 1752 2145 1823 hospitibus
2175 1728 2506 1807 ostendere.
2533 1728 2769 1804 Omnino
2798 1756 3004 1814 autem,
3037 1747 3252 1802 etiamsi
3298 1762 3410 1800 non

1833 1860 1960 1901 eum
2002 1844 2258 1914 protinus
2300 1850 2528 1913 tangant
2568 1840 2788 1896 inﬂicta:
2820 1854 3016 1911 poenae,
3058 1838 3408 1910 quemadmo-

1833 1936 1962 1991 dum
1988 1934 2331 1990 Pharaonem
2364 1952 2379 2001 ;
2411 1943 2559 1989 certe
2589 1932 2887 2003 aliquando
2920 1947 3139 2002 gravem
3169 1939 3224 1987 et
3252 1946 3405 1986 acer-

1832 2028 1961 2083 bam
1996 2026 2047 2082 ei
2080 2026 2580 2082 remunerationem
2611 2025 2666 2079 in
2688 2031 2973 2095 posterum
3001 2022 3198 2081 ferent.

2329 2218 2669 2277 EPISTOLA
2705 2219 2891 2278 LXII‘.

133 2328 506 2380 Parmam
535 2322 823 2387 Ecclesium,
845 2324 987 2391 cujus
1008 2322 1262 2391 episcopus
1288 2320 1489 2382 obierat,
1513 2336 1578 2375 ea;
1597 2319 2246 2391 antiquomoreponsolamr
2272 2317 2516 2391 Basilius;
2556 2317 2760 2384 dentque
2781 2331 2980 2383 operam
3016 2318 3254 2380 hortatur,
3291 2324 3343 2369 ut
3380 2330 3414 2370 α

1089 2382 1191 2437 Deo
1212 2392 1456 2448 pastorem
1478 2382 1745 2436 secundum
1768 2384 1873 2448 ejus
1896 2382 2185 2433 voluntatem
2206 2382 2474 2445 impetrent.

285 2474 370 2544 Τῇ
405 2475 737 2543 Ἐκκλησία
765 2472 1129 2543 Παρνασσοῦ
1151 2472 1621 2542 παραμυθητική.

206 2569 321 2622 Καὶ
362 2567 475 2620 ἔθει
522 2565 780 2637 ἑπόμενοι
822 2564 1038 2636 παλαιῷ
1093 2567 1157 2618 ὲκ
1199 2565 1417 2636 μακρᾶς
1457 2564 1556 2635 τῆς
1600 2564 1731 2617 ἀκο-

133 2659 361 2723 λουθίας
400 2658 787 2731 κεκρατηκότι,
830 2657 923 2711 καὶ
961 2658 1053 2711 τὸν
1094 2655 1307 2728 καρπὸν
1340 2653 1433 2708 τοῦ
1472 2654 1733 2726 Πνεῦμα-

133 2768 247 2814 τος.
278 2750 382 2822 τὴν
411 2750 553 2804 κατά
582 2749 714 2803 Θεὸν
742 2748 982 2819 ἀγάπην,
1010 2748 1139 2818 ὑμῖν
1162 2745 1615 2816 ἐπιδεικνύμενοι,
1639 2744 1731 2800 διὰ

130 2842 228 2895 τοῦ
256 2841 589 2914 γράμματος
622 2840 723 2911 τὴν
757 2839 1041 2895 εὐλάϐειαν
1070 2838 1224 2909 ὑμῶν
1253 2837 1725 2909 ὲπισκεπτόμεθα,

134 2930 527 2994 κοινωνοῦντες
572 2930 699 3001 ὑμῖν
739 2929 839 2999 τῆς
882 2946 942 2982 τε
978 2928 1071 2981 ἐπὶ
1111 2927 1187 2999 τῷ
1227 2927 1496 2998 συμϐάντι
1526 2926 1726 2997 λύπης,

2117 2468 2368 2523 Ecclesia:
2411 2466 2672 2521 Parnassi
2712 2468 3089 2522 consolatoria.

1899 2563 1965 2619 Et
1987 2577 2194 2617 morem
2229 2565 2524 2631 sequentes
2563 2560 2848 2629 antiquum
2883 2576 2947 2615 ex
2987 2559 3145 2629 longa
3199 2558 3441 2630 tempe!

1828 2673 1951 2713 rum
2005 2655 2147 2712 serie
2212 2654 2508 2725 vigentem,
2565 2660 2619 2708 et
2673 2652 2913 2707 fructum
2970 2651 3229 2722 Spiritus,
3279 2654 3415 2710 dilce

1829 2751 2063 2806 ctionem
2123 2745 2423 2801 secundum
2480 2744 2673 2808 Deum,
2729 2744 2886 2799 vobis
2927 2737 3268 2807 exhibentes.
3321 2762 3416 2816 per

1836 2842 2045 2896 litteras
2099 2838 2355 2908 pietatem
2408 2844 2645 2892 vestram
2682 2836 2994 2901 invisimus,
3057 2851 3121 2889 ac
3168 2836 3415 2891 dolorem

1834 2927 2116 2984 vobiscum
2142 2926 2198 2980 in
2228 2926 2330 2981 hoc
2358 2934 2578 2990 eventu,
2610 2931 2664 2981 et
2694 2941 2877 2980 rerum
2910 2940 3032 2995 qua:
3058 2925 3111 2978 in
3158 2927 3414 2982 manibus

134 3020 229 3074 καὶ
255 3020 361 3090 τῆς
389 3017 671 3090 φροντίδος
692 3017 799 3091 τῶν
827 3021 885 3073 ὲν
912 3018 1122 3090 χερσίν.
1166 3017 1337 3088 Ὑπὲρ
1375 3016 1474 3089 μὲν
1506 3012 1599 3071 οῦν
1623 3017 1729 3070 τῶν

1839 3027 1967 3074 sunt
1995 3016 2415 3074 sollicitudinem
2468 3017 2752 3087 partimur.
2793 3016 2870 3070 Ac
2918 3016 2986 3071 de
3028 3017 3272 3072 molestis
3296 3019 3418 3087 qui-

132 3109 402 3182 λυπηρῶν
416 3108 670 3163 τοσοῦτον
690 3108 943 3180 λέγομεν,
964 3109 1045 3162 ὅτι
1068 3108 1259 3180 καιρὸς
1280 3109 1409 3179 ἡμῖν
1426 3108 1733 3178 ἀποϐλέψαι

136 3201 279 3274 πρὸς
300 3200 372 3253 τά
403 3196 500 3253 τοῦ
534 3198 855 3252 Ἀποστόλου
900 3199 1356 3271 παραγγέλματα,
1394 3198 1487 3252 καὶ
1520 3199 1595 3271 μὴ
1640 3198 1736 3251 λυ-

140 3293 365 3348 πεῖσθαι
410 3291 508 3358 Ὠς
529 3290 630 3344 καί
669 3293 724 3345 οἱ
750 3289 986 3354 λοιποὶ,
1020 3292 1075 3343 οἱ
1101 3287 1188 3360 μὴ
1217 3290 1463 3359 ἔχοντες
1485 3289 1731 3344 ἐλπίδα·

135 3383 196 3436 οὐ
230 3384 345 3455 μὴν
377 3380 490 3434 οὐδ’
520 3379 745 3444 ἀπαθῶς
770 3379 914 3451 ἔχειν
949 3379 1087 3451 πρὸς
1110 3380 1172 3433 τὸ
1198 3379 1434 3450 συμϐὰν,
1468 3380 1604 3435 ἀλλὰ
1636 3381 1738 3451 τῆς

141 3475 239 3545 μὲν
270 3471 485 3544 ζημίας
512 3471 883 3538 αἰσθάνεσθαι,
915 3470 1021 3524 ὑπὸ
1040 3470 1097 3523 δὲ
1128 3470 1228 3542 τῆς
1254 3470 1431 3542 λύπης
1462 3470 1536 3543 μὴ
1564 3488 1737 3525 κατα-

137 3566 385 3630 πίπτειν,
422 3562 514 3616 τὸν
545 3563 646 3635 μὲν
684 3563 918 3634 ποιμένα
944 3562 1040 3616 τοῦ
1078 3562 1266 3626 τέλους
1309 3563 1734 3635 μακαρίζοντας,

135 3652 209 3716 ὡς
236 3656 296 3707 ὲν
335 3653 489 3725 γήρα
528 3651 643 3723 (27)
676 3651 819 3705 πίονι
865 3651 964 3723 τὴν
1006 3651 1151 3721 ζωὴν
1204 3650 1609 3717 καταλύσαντα,
1643 3653 1738 3705 καὶ

138 3746 258 3806 ταῖς
289 3743 585 3814 μεγίσταις
618 3742 770 3815 παρά
799 3741 894 3795 τοῦ
919 3741 1124 3813 Κυρίου
1149 3745 1336 3813 τιμαῖς
1359 3743 1739 3797 ὲναναπαυσά-

142 3851 329 3905 μενον.
357 3835 500 3906 Περὶ
530 3834 591 3888 δὲ
614 3833 723 3887 τῶν
749 3832 952 3887 λοιπῶν
981 3833 1166 3886 ἐκεῖνα
1195 3835 1480 3904 παραινεῖν
1518 3832 1734 3905 ἔχομεν,

137 3927 221 3979 ὅτι
252 3927 551 3998 προσήκει,
586 3926 768 3980 πᾶσαν
813 3924 1183 3996 ἀποθεμένους
1230 3925 1557 3995 κατήφειαν,
1610 3927 1740 3979 ἑαυ-

137 4018 250 4072 τῶν
276 4017 555 4086 γενέσθαι,
581 4018 680 4071 καὶ
712 4019 848 4088 πρὸς
883 4016 982 4087 τὴν
1021 4015 1326 4084 ἀναγκαίαν
1361 4016 1616 4088 πρόνοιαν
1637 4018 1738 4088 τῆς

153 4108 493 4179 Ἐκκλησίας
515 4108 902 4177 διαναστῆναι·
942 4108 1091 4169 ὅπως
1121 4103 1187 4158 ἂν
1214 4105 1243 4156 ὁ
1270 4103 1425 4174 ἅγιος
1457 4106 1590 4171 Θεὸς
1615 4108 1738 4159 ἐπι-

143 4199 408 4271 μεληθείη
458 4198 573 4270 (28)
604 4197 700 4251 τοῦ
751 4198 881 4252 ἰδίου
934 4196 1187 4268 ποιμνίου
1206 4235 1223 4259 ,
1267 4196 1362 4250 καὶ
1405 4198 1738 4270 παράσχοιτο

140 4291 271 4362 ὑμῖν
316 4290 555 4361 ποιμένα
593 4289 736 4345 κατά
775 4289 837 4342 τὸ
878 4288 1044 4344 αὐτοῦ
1087 4287 1330 4358 θέλημα,
1375 4291 1734 4360 ποιμαίνοντα

140 4380 289 4454 ὑμᾶς
319 4383 441 4454 μετ’
471 4382 804 4453 ἐπιστήμης.

210 4493 237 4528 ³
264 4494 453 4551 Eccle.
481 4509 541 4559 ι,
574 4492 662 4548 16.
737 4491 798 4546 ⁸1
821 4490 1015 4548 Thess.
1047 4506 1123 4557 tv,
1157 4490 1246 4547 l2.

215 4607 333 4680 (9.5)
378 4606 556 4680 Ἐστι.
591 4622 667 4680 τι.
705 4604 910 4660 Vocula
963 4604 1147 4659 addita
1194 4618 1264 4659 ex
1297 4611 1538 4675 quatuor
1591 4620 1728 4662 mss.

144 4676 328 4746 iisque
359 4676 775 4746 vetustioribus.

213 4742 332 4820 ('24)
364 4746 464 4820 Mi;
492 4748 702 4813 πυρός.
733 4744 929 4820 Liquet
957 4743 1103 4798 hunc
1123 4742 1317 4820 ducem
1350 4758 1462 4798 non
1497 4745 1674 4820 solum
1700 4761 1733 4801 a

144 4812 539 4872 communione
561 4812 615 4869 et
634 4812 889 4883 precibus
916 4822 1184 4883 remotum
1211 4812 1531 4883 fuisse,_sed
1561 4816 1729 4870 etiam

146 4888 215 4941 ab
243 4886 495 4941 Ecclesia
540 4881 768 4954 prorsus
795 4885 1049 4953 ejectum.
1081 4881 1254 4954 Porro
1304 4883 1358 4936 in
1403 4881 1595 4954 Libya,
1636 4885 1731 4939 ubi

146 4970 270 5011 cum
332 4952 561 5024 imperii
611 4955 774 5009 etiam
819 4952 1331 5024 excommunicatus
1383 4952 1727 5019 versabatur,

149 5041 310 5082 nemo
341 5023 557 5095 poterat
586 5039 711 5080 eum
755 5023 812 5078 in
848 5023 1113 5095 bis._Quae
1157 5023 1225 5095 ad
1282 5037 1397 5095 rem
1452 5025 1730 5095 publicam

148 5092 449 5166 pertinent,
496 5094 702 5165 fugere,
750 5108 855 5148 nec
877 5092 1094 5166 videtur
1139 5092 1472 5147 Athanasius
1514 5094 1730 5149 edicere

149 5163 420 5235 potuisse,
461 5172 524 5218 ut
566 5163 727 5219 nemo
758 5177 883 5235 cum
928 5177 994 5235 eo
1033 5163 1214 5235 ignem
1240 5170 1358 5235 aut
1401 5177 1597 5235 aquam
1621 5170 1731 5235 aut

148 5232 355 5291 tectum
378 5248 672 5290 commune
703 5232 1134 5302 haberet.Atris,
1165 5233 1212 5287 si
1236 5233 1293 5302 in
1324 5233 1730 5302 Cappadociam

148 5307 417 5375 privatus
443 5303 718 5375 rediisset,
749 5304 944 5375 merito
976 5301 1239 5375 subiisset
1285 5301 1732 5375 h_a‘s‘ignomiuite

149 5370 328 5431 notas.
362 5374 543 5429 Simili
574 5373 737 5427 modo
769 5370 1006 5429 Basilius
1037 5373 1094 5426 in
1120 5373 1280 5443 epist.
1305 5371 1411 5426 288
1444 5370 1728 5427 hominem

150 5443 206 5499 iis
234 5446 388 5500 vitiis
426 5444 763 5514 pertinacem
819 5446 1280 5514 excommunicat,
1325 5456 1391 5496 ac
1431 5443 1588 5514 jubet
1626 5443 1728 5497 toti

150 5528 285 5585 pago
303 5512 621 5585 denuntiari
645 5528 764 5567 eum
780 5512 1169 5585 admittendum
1195 5527 1299 5564 non
1324 5527 1437 5566 esse
1461 5513 1530 5566 ad
1557 5513 1729 5566 ullam

153 5583 329 5638 rerum
360 5584 434 5639 ad
464 5584 628 5638 vitam
653 5583 1026 5653 pertinentium
1047 5583 1372 5653 societatem.

220 5653 331 5723 (25)
374 5650 948 5722 ’Arartraio‘xdpera.
985 5650 1165 5709 Editio
1209 5651 1385 5707 Paris.
1439 5651 1588 5708 addit
1637 5666 1727 5707 ar-

128 5702 135 5729 ί

1837 3114 1960 3171 detn
1980 3114 2146 3170 rebus
2200 3114 2304 3169 hoc
2363 3122 2574 3167 tantum
2632 3111 2888 3177 dicimus,
2932 3120 3148 3182 tempus
3195 3127 3316 3166 esse
3359 3120 3419 3166 ut

1835 3207 2198 3277 respiciamus
2233 3206 2298 3259 ad
2330 3212 2601 3275 praecepta
2645 3203 2914 3275 Apostoli,
2957 3220 3059 3258 nec
3084 3217 3417 3259 maereamus

1842 3297 1910 3352 Ut
1951 3308 2000 3353 et
2042 3297 2241 3361 cwteri,
2274 3295 2363 3366 qui
2414 3311 2557 3365 spem
2598 3311 2703 3348 non
2755 3293 3025 3359 habent“;
3075 3310 3176 3350 nec
3236 3303 3419 3349 tamen

1839 3390 1983 3445 hunc
2028 3404 2215 3445 casum
2245 3387 2381 3442 citra
2415 3387 2588 3441 ullum
2641 3386 2849 3440 doloris
2879 3401 3103 3441 sensum
3150 3385 3415 3452 feramus,

1838 3482 1931 3540 sed
1964 3483 2226 3538 damnum
2256 3480 2477 3550 quidem
2510 3478 2812 3534 sentiamus
2838 3497 2850 3530 :
2876 3486 2932 3531 at
2965 3477 3143 3532 dolori
3190 3478 3419 3534 minime

1838 3574 2283 3637 succumbamus,
2344 3581 2623 3643 pastorem
2678 3570 2748 3624 ob
2783 3570 2929 3625 illius
2957 3570 3166 3625 obitum
3197 3570 3419 3624 beatum

1837 3666 2231 3726 existimantes,
2275 3675 2333 3717 ut
2368 3663 2459 3732 qui
2496 3662 2549 3715 in
2572 3669 2852 3715 senectute
2875 3661 3057 3730 pingui
3095 3660 3414 3723 decesserit,

1838 3765 1891 3812 et
1929 3756 1983 3809 in
2049 3754 2305 3808 maximis
2360 3768 2389 3806 a
2441 3752 2674 3806 Domino
2713 3751 3018 3804 honoribus
3063 3751 3415 3820 requieverit.

1837 3845 1915 3901 De
1946 3846 2157 3900 exteris
2186 3850 2365 3897 autem
2415 3843 2602 3907 rebus,
2632 3842 2747 3895 haec
2784 3841 3046 3895 habemus
3068 3857 3188 3912 quae
3218 3840 3419 3895 adhor-

1837 3945 2035 4001 temur,
2061 3951 2296 3991 moerere
2323 3936 2473 3990 omni
2503 3935 2773 4006 deposito,
2812 3934 2879 3988 ad
2912 3949 3035 3989 sese
3076 3933 3418 3988 redeundum

1836 4044 1978 4095 esse,
2005 4038 2059 4084 et
2088 4027 2154 4082 ad
2187 4025 2559 4082 necessariam
2601 4025 2864 4081 Ecclesiae
2897 4040 3085 4080 curam
3124 4040 3419 4096 assurgen-

1836 4123 1989 4186 dum,
2052 4129 2113 4176 ut
2163 4120 2308 4176 Deus
2363 4126 2590 4174 sanctus
2626 4133 2788 4173 suum
2835 4120 2977 4173 ovile
3020 4126 3197 4183 curet,
3233 4118 3417 4175 νοιιὶε-

1837 4229 1945 4285 que
1973 4212 2139 4269 donet
2189 4218 2471 4283 pastorem
2509 4210 2811 4266 secundum
2861 4226 3017 4268 suam
3054 4212 3417 4279 voluntatem,

1768 4353 1815 4408 Β
1837 4305 1931 4375 qui
1951 4320 2049 4359 vos
2069 4320 2193 4359 cum
2225 4302 2455 4359 scicntia
2490 4309 2703 4372 pascat.

1835 4609 2087 4682 tieulum,
2117 4608 2370 4682 etpaulo
2396 4616 2521 4682 post
2555 4609 2719 4682 habet
2755 4607 3029 4682 Odﬁéjdp
3059 4615 3114 4663 et
3140 4610 3208 4664 τὰ
3234 4626 3415 4682 παρα-ι

1834 4680 2024 4751 χρῆμα
2053 4678 2306 4751 ἐπιτίμια
2333 4678 2407 4734 et,
2417 4678 2641 4751 βαρεῖαν
2662 4678 2850 4733 αὑτοῦ.
2883 4678 3112 4735 Codices
3139 4678 3325 4751 nostri
3353 4689 3411 4732 ut

1832 4748 1888 4803 in
1927 4748 2100 4805 textu.
2147 4748 2358 4813 Quibus
2395 4748 2517 4804 cum
2556 4749 2720 4804 etiam
2757 4750 3111 4803 consentiunt
3140 4750 3417 4804 editiones

1834 4817 2043 4890 Hagen.
2070 4828 2124 4876 et
2151 4819 2543 4890 Froben.,ﬂuisi
2574 4817 2716 4890 quod
2749 4817 2952 4890 habent
2983 4818 3115 4872 οὐδὲ
3143 4820 3251 4889 γάρ
3265 4827 3318 4874 et
3346 4819 3418 4873 τὰ

1833 4887 2086 4960 ἐπιτίμια
2117 4890 2307 4960 ὥσπερ
2344 4887 2673 4960 τοῦᾷΦαραῲ
2698 4888 3057 4960 παραχρῆμα.

1904 4958 2402 5032 (eammeam.
2441 4958 2587 5032 Editi
2637 4958 3091 5032 dvridocrtj),qu2e
3133 4959 3413 5032 scriptura

1832 5029 1938 5085 etsi
1968 5029 2144 5101 prima
2182 5029 2377 5101 specie
2406 5042 2518 5083 non
2570 5029 2920 5101 incommoda
2960 5029 3196 5101 videtur,
3235 5030 3417 5098 magis

1831 5097 2019 5155 tamen
2048 5097 2255 5154 arridet
2283 5114 2348 5153 ea
2391 5113 2555 5169 quam
2604 5097 2661 5151 in
2700 5106 2960 5169 contextu
3007 5098 3312 5169 posuimus,
3336 5097 3411 5153 ac

1869 5179 2090 5226 raeterea
2125 5184 2221 5225 sex
2247 5184 2381 5223 mss.
2408 5166 2672 5224 ‘codicum
2704 5175 2757 5222 et
2782 5166 3084 5223 editionum
3114 5166 3323 5238 Hagan.
3355 5174 3412 5223 et

1877 5241 2189 5295 robeniante
2220 5239 2408 5307 primae
2438 5240 2763 5292 auctoritate
2784 5237 2996 5292 nititur.

1878 5310 2014 5400 ’(27)
2061 5310 2163 5364 Ἐν
2185 5306 2354 5378 γήρᾳ.
2388 5306 2481 5363 Sic
2507 5308 2676 5363 Coisl.
2705 5307 2915 5377 primus
2941 5317 2997 5363 et
3020 5306 3160 5365 Med.
3184 5306 3327 5363 Editi
3351 5307 3414 5360 έν

1868 5397 2009 5433 ηοει.

1829 5397 2009 5452 γηρει·

1903 5450 2014 5520 (28)
2057 5447 2500 5520 Ἐπιμεληρείη.
2519 5445 2629 5520 Sic
2652 5446 2813 5520 iidem
2847 5445 2988 5503 Med.
3012 5454 3068 5502 et
3088 5447 3258 5506 Coisl.
3283 5461 3418 5504 cum

1830 5516 1958 5578 aliis
1988 5516 2292 5588 nonnullis.
2318 5516 2841 5588 βρἰιίίὲπιμεληθῇ.

1901 5594 1919 5614 ⁴
1946 5590 2098 5646 Alias
2125 5585 2430 5645 CLXXXV.
2467 5585 2681 5660 Scripta
2710 5585 2858 5643 circa
2901 5601 2993 5644 an.
3036 5586 3165 5645 571.
