3870 6218
436 234 541 292 διν

967 371 1303 429 EPISTOLA
1341 370 1544 427 LXHI‘.

1776 234 1836 284 δ.
1874 240 2119 285 βΛδιωι
2159 238 2374 282 Μέλων

3581 232 3697 287 420

2706 368 3050 426 summa
3086 371 3204 427 ειη.
3279 434 3283 453 η

442 491 654 546 Basilius
683 487 1036 556 perhonoriﬁce
1057 489 1233 539 salutat
1258 485 1579 556 principalem
1601 485 2119 556 ﬁeocwsgrew,_quem
2141 497 2203 535 ea:
2226 484 2358 545 fama
2382 487 2563 554 tantum
2599 488 2645 556 et
2677 482 3012 556 ea;_co_tloquiis
3052 481 3236 548 Etpidii
3258 482 3523 535 communis
3542 483 3698 538 amici

1291 545 1487 599 noverat
1498 561 1517 608 ;
1540 546 1748 611 petitque
1770 548 1832 596 ab
1852 561 1909 598 eo
1926 552 1978 597 ut
1993 545 2050 598 se
2071 559 2274 598 numero
2293 545 2563 596 amicorum
2580 545 2842 595 adscribet.

864 657 1162 725 Principaii
1208 655 1593 711 Neocazsarece.

510 777 703 833 Virum
732 774 1056 845 sapientem,
1082 772 1301 827 etiamsi
1346 772 1505 841 longe
1535 779 1802 825 terrarum
1835 769 2013 840 degat,

440 866 658 924 etiamsi
696 878 975 933 nunquam
1024 862 1201 917 oculis
1225 860 1476 924 viderim,
1504 859 1737 913 amicum
1785 858 2014 928 judico;

445 957 723 1033 sententia
766 954 956 1025 tragici
1019 952 1298 1023 Euripidis
1349 959 1455 1009 est.
1521 950 1864 1021 Quapropter
1913 950 2015 1006 etsi

443 1053 607 1108 nobis
633 1067 701 1106 ex
727 1064 1049 1120 congressu,
1076 1048 1168 1118 qui
1194 1062 1378 1101 coram
1411 1048 1505 1113 sit,
1525 1046 1762 1101 nondum
1796 1060 2018 1116 magna-

444 1145 752 1198 nimitatem
809 1150 958 1195 tuam
1025 1154 1359 1209 cognoscere
1414 1138 1664 1209 contigit,
1706 1152 1794 1192 me
1834 1145 2019 1192 tamen

444 1235 544 1288 tibi
592 1232 825 1287 amicum
855 1246 979 1287 esse
1006 1237 1060 1286 et
1095 1230 1420 1283 familiarem
1460 1229 1602 1283 dico.
1633 1227 1711 1282 Ne
1742 1234 1902 1297 putes
1929 1242 2019 1282 as-

447 1325 810 1380 sentationem
870 1338 993 1377 esse
1049 1322 1194 1376 hunc
1242 1335 1572 1375 sermonem.
1606 1318 1825 1372 Famam
1872 1317 2019 1374 enim

449 1415 706 1470 amicitia:
760 1413 1196 1470 conciliatriccm
1248 1413 1445 1475 habeo,
1484 1426 1681 1481 magno
1719 1410 1900 1466 sonitu
1931 1425 2019 1465 res

451 1517 573 1561 tuas
599 1505 852 1560 omnibus
872 1505 1186 1559 hominibus
1208 1505 1618 1574 praedicantem.
1643 1505 1711 1558 At
1730 1513 2018 1575 postquam

449 1603 506 1650 et
539 1610 661 1649 cum
689 1594 844 1664 157
871 1594 1036 1664 digno
1083 1589 1232 1647 omni
1286 1594 1591 1649 reverentia
1641 1593 1856 1664 Elpidio
1890 1608 2022 1647 con-

451 1688 624 1756 gressi
652 1700 866 1749 sumus,
900 1685 976 1739 ita
1007 1685 1170 1739 nobis
1213 1684 1502 1739 innotuisti
1535 1692 1590 1740 et
1616 1690 1898 1755 tantopere
1919 1699 2021 1739 nos

451 1777 667 1848 cepisti,
688 1792 753 1832 ac
789 1776 836 1834 si
857 1776 951 1831 diu
977 1783 1157 1831 tecum
1196 1775 1733 1840 fuissemusversati,
1763 1790 1828 1831 ac
1858 1776 2022 1845 longa

451 1867 786 1937 experientia
836 1881 958 1937 qua
1005 1866 1103 1921 tibi
1151 1867 1337 1921 insunt
1371 1866 1513 1920 bona
1550 1865 2020 1937 cognovissemus.

2042 662 2091 718 Α

2447 655 2713 725 Ἠγεμόνι
2749 654 2860 726 (29)
2894 655 3357 724 Νεοκαισαρείας

2188 766 2292 819 Τὸν
2326 766 2485 836 σοφὸν
2523 765 2711 835 ἄνδρα,
2744 766 2845 819 κᾶν
2884 767 3016 830 ὲκάς
3046 767 3170 839 ναίῃ
3212 765 3418 838 χθονὸς,
3457 764 3557 821 κᾶν
3585 767 3701 840 μή·-

2119 856 2238 908 ποτ’
2270 855 2429 908 αὑτὸν
2458 854 2639 920 ὄσσοις
2685 854 2943 928 προσίδω,
2980 857 3151 927 κρίνω
3188 857 3371 926 φίλον·
3403 858 3699 928 Εὐριπίδου

2118 948 2235 1003 ἐστὶ
2260 948 2354 1001 τοῦ
2381 948 2644 1020 τραγικοῦ
2675 948 2852 1018 λόγος.
2882 948 3066 1014 Ὥστε,
3105 951 3177 1012 εἰ,
3228 950 3394 1021 μήπω
3433 950 3535 1021 τῆς
3573 949 3702 1005 κατ’

2118 1039 2427 1108 ὀφθαλμοὺς
2462 1041 2592 1110 ἡμῖν
2631 1041 2921 1111 συντυχίας
2952 1038 3049 1112 τὴν
3087 1040 3286 1109 γνῶσιν
3334 1058 3425 1094 σου
3464 1042 3562 1111 τῆς
3596 1059 3700 1112 με-

2118 1130 2418 1200 γαλοφυΐας
2457 1132 2848 1203 χαρισαμένης,
2890 1134 3068 1204 φαμὲν
3112 1129 3251 1188 εἶναι
3302 1134 3444 1203 φίλοι
3475 1152 3568 1188 σου
3600 1135 3703 1190 καὶ

2121 1220 2388 1293 συνήθεις,
2421 1223 2494 1294 μὴ
2522 1222 2809 1285 κολακείαν
2831 1221 2969 1278 εἶναι
2998 1224 3089 1279 τὴν
3109 1223 3267 1294 λόγον
3295 1225 3506 1298 κρίνῃς.
3534 1226 3700 1296 Ἔχο-

2124 1327 2223 1381 μεν
2251 1311 2358 1382 γάρ
2391 1313 2580 1384 φήμην
2620 1311 2875 1381 πρόξενον
2909 1312 3010 1383 τῆς
3048 1314 3248 1383 φιλίας.
3298 1315 3703 1386 μεγαλοφὼνως

2119 1402 2190 1456 τὰ
2216 1402 2286 1456 σά
2319 1404 2483 1455 πᾶσιν
2527 1403 2834 1475 ἀνθρώποις
2881 1406 3220 1475 συμϐοῶσαν.
3259 1408 3374 1475 Ἀφ’
3401 1400 3463 1461 οὗ
3514 1407 3704 1478 μέντοι

2121 1493 2216 1547 καὶ
2235 1492 2314 1565 τῷ
2337 1493 2749 1565 αἰδεσιμωτάτῳ
2790 1494 3040 1565 Ἑλπιδίῳ
3069 1496 3178 1566 (50)
3207 1495 3584 1567 συνετύχομεν,
3613 1512 3707 1550 το-

2124 1585 2314 1640 σοῦτόν
2350 1603 2411 1641 σε
2441 1588 2837 1658 ἐγνωρίσαμεν,
2873 1589 2967 1642 καὶ
2997 1586 3138 1642 οὕτω
3166 1589 3286 1642 κατ’
3316 1589 3492 1661 ἄκρας
3523 1587 3703 1641 ἑαλώ-

2122 1676 2301 1746 καμέν
2335 1695 2451 1741 σου,
2484 1678 2686 1731 ὡσανεὶ
2717 1679 2884 1733 πολὺν
2916 1680 3107 1751 χρόνον
3153 1681 3560 1750 συγγεγονότες,
3605 1680 3706 1733 καὶ

2123 1768 2209 1821 διὰ
2244 1771 2462 1840 μακρᾶς
2491 1771 2592 1841 τῆς
2620 1771 2816 1842 πείρας
2836 1772 2944 1825 τῶν
2976 1773 3033 1825 ἐν
3064 1772 3147 1825 σοὶ
3174 1773 3351 1826 καλῶν
3372 1772 3469 1843 τὴν
3497 1771 3685 1841 γνῶσι·

2125 1861 2362 1931 ἔχοντες.
2396 1862 2470 1914 Οὐ
2503 1865 2611 1933 γάρ
2650 1863 2925 1918 ἐπαύσατο
2956 1866 2984 1918 ό
3012 1864 3149 1936 ἀνὴρ
3178 1865 3382 1919 ἕκαστα
3429 1867 3558 1936 ἡμῖν
3590 1865 3703 1919 τῶν

450 1960 570 2016 Non
593 1959 739 2015 enim
765 1958 927 2014 desiit
948 1958 1061 2013 ‘ille
1087 1967 1177 2013 tua
1208 1958 1367 2013 nobis
1391 1967 1709 2013 ornamenta
1731 1959 2023 2029 'sigillatim

2130 1953 2256 2024 περὶ
2285 1952 2344 2005 σὲ
2380 1953 2733 2024 διηγούμενος
2754 1972 2770 1987 ο
2818 1956 2880 2009 τὸ
2916 1956 3327 2027 μεγαλοπρεπὲς
3358 1957 3457 2028 τῆς
3496 1956 3701 2027 ψυχῆς,

452 2065 676 2107 narrare
712 2068 726 2104 :
759 2048 924 2104 animi
971 2048 1425 2119 magnitudinem,
1461 2050 1624 2103 altam
1655 2059 1712 2104 et
1745 2049 2022 2105 excelsam

2130 2042 2218 2097 τοῦ
2258 2044 2601 2115 φρονήματος
2626 2045 2687 2097 τὸ
2719 2046 3028 2118 ἀνάστημα,
3056 2047 3162 2100 τῶν
3190 2048 3406 2117 τρόπων
3432 2049 3530 2119 τὴν
3562 2052 3703 2120 ἠμει-

454 2150 716 2207 mentem,
747 2155 961 2195 morum
987 2140 1308 2195 facilitatem
1340 2158 1354 2194 :
1393 2154 1576 2194 rerum
1603 2140 2021 2209 experientiam,

453 2234 652 2290 mentis
680 2230 1046 2304 prudentiam,
1075 2231 1201 2285 vitae
1234 2230 1554 2300 gravitatem
1588 2229 1868 2284 hilaritate
1899 2245 2026 2299 per-

454 2327 675 2381 mislam
702 2342 718 2392 ;
748 2323 856 2378 vim
876 2322 1120 2386 dicendi,
1151 2330 1206 2378 et
1234 2337 1575 2392 quzecunque
1622 2323 1727 2376 alia
1757 2322 1875 2392 ipse
1897 2322 2024 2392 qui-

455 2410 578 2466 dem
624 2410 786 2481 longo
830 2409 1117 2465 nobiscum
1179 2410 1458 2480 colloquio
1506 2411 1808 2475 recensuit,
1866 2411 2024 2465 nobis

456 2508 638 2556 autem
671 2501 915 2557 scribere
955 2516 1064 2555 non
1101 2507 1185 2556 est
1207 2502 1500 2572 integrum,
1531 2517 1600 2556 ne
1629 2502 1774 2555 ultra
1803 2501 2026 2556 modum

455 2593 743 2661 epistolam
790 2591 1179 2663 producamus.
1254 2592 1540 2658 Quomodo
1603 2592 1769 2663 igitur
1844 2592 2026 2648 virum

456 2685 620 2738 talem
642 2699 753 2737 non
777 2698 1015 2739 amarem
1033 2683 1058 2736 Ἰ
1078 2685 1350 2755 quomodo
1367 2685 1650 2739 continere
1678 2699 1764 2739 me
1783 2699 2024 2754 possem,

456 2773 750 2841 quominus
779 2774 1094 2829 exclamans
1117 2773 1285 2828 animi
1310 2774 1415 2829 mei
1452 2773 1704 2828 allectum
1734 2772 2030 2828 declarent?

458 2861 852 2917 Salutationem
891 2862 1075 2932 itaque
1114 2863 1357 2932 suscipe,
1410 2862 1496 2916 vir
1528 2862 1748 2929 eximie,
1785 2877 1906 2932 quae
1931 2860 2029 2914 tibi

457 2968 526 3007 ex
562 2967 692 3006 vera
723 2967 786 3007 ac
812 2952 1027 3009 sincera
1050 2952 1290 3006 amicitia
1331 2953 1618 3006 adhibetur
1644 2969 1658 3006 :
1692 2952 1852 3022 longe
1881 2951 2032 3006 enim

459 3045 663 3098 absunt
686 3059 715 3097 a
740 3044 923 3099 servili
954 3059 1017 3098 ac
1049 3044 1301 3098 illiberali
1333 3044 1648 3099 adulatione
1681 3059 1864 3099 mores
1885 3043 2028 3097 mei:

384 3191 393 3198 ,
458 3153 657 3208 meque
724 3138 907 3192 scribe
964 3137 1020 3191 in
1057 3137 1360 3191 amicorum
1397 3142 1618 3190 tuorum
1657 3150 1909 3200 numero,
1937 3134 2032 3188 lit-

457 3230 592 3283 teris
644 3236 698 3284 te
748 3228 1128 3300 frequentibus
1158 3229 1456 3284 ostendens
1499 3236 1554 3283 et
1589 3227 1896 3283 absentiam
1935 3225 2031 3281 de-

457 3319 677 3376 liniens.

946 3472 1287 3551 EPISTULA
1328 3471 1536 3530 LXIV'.

2128 2133 2358 2207 ρότητα·
2412 2136 2702 2206 ἐμπειρίαν
2758 2138 3120 2208 πραγμάτων,
3172 2137 3383 2191 σύνεσιν
3437 2138 3705 2208 γνώμης,

2127 2226 2431 2295 σεμνότητα
2466 2225 2603 2295 βίου,
2638 2229 2951 2299 φαιδρότητι
2984 2230 3095 2298 (51)
3130 2229 3511 2302 κεκραμένην
3542 2230 3708 2296 λόγου

2125 2315 2375 2386 δύναμιν,
2412 2315 2579 2368 τᾶλλα
2612 2317 2711 2370 ὅσα
2744 2314 2903 2382 αὐτὸς
2948 2318 3046 2389 μὲν
3085 2320 3173 2373 διὰ
3212 2321 3411 2391 πολλῆς
3436 2321 3534 2391 τῆς
3567 2320 3711 2390 πρὸς

2124 2408 2274 2477 ἡμᾶς
2302 2406 2515 2478 ὁμιλίας
2541 2408 2983 2480 ἀπηριθμήσατο,
3019 2413 3149 2482 ἡμῖν
3177 2412 3234 2464 δὲ
3257 2413 3487 2484 γράφειν
3512 2413 3614 2467 οὐκ
3636 2410 3711 2484 ἦν

2127 2496 2383 2561 δυνατὸν,
2433 2498 2519 2552 ἵνα
2569 2499 2643 2570 μὴ
2699 2498 2804 2565 ἔξω
2859 2501 2953 2554 τοῦ
3013 2503 3208 2575 μέτρου
3254 2504 3353 2576 τὴν
3414 2504 3707 2576 ἐπιστολὴν

2129 2589 2554 2660 προαγάγωμεν.
2608 2590 2731 2654 Πῶς
2780 2586 2873 2645 οὖν
2925 2594 3026 2647 οὐκ
3072 2594 3293 2665 ἔμελλον
3343 2596 3559 2667 ἀγαπᾷν
3611 2594 3714 2649 τὸν

2129 2675 2403 2742 τοιοῦτον;
2451 2679 2567 2742 πῶς
2618 2677 2747 2747 γοῦν
2792 2681 3072 2752 ἠδυνάμην
3120 2683 3358 2753 ἐμαυτοῦ
3410 2684 3711 2755 κρατῆσαι,

2131 2768 2266 2839 πρὸς
2293 2769 2355 2821 τὸ
2394 2768 2467 2840 μὴ
2497 2770 2617 2839 οὐχὶ
2647 2772 2739 2825 καὶ
2779 2772 2985 2827 ἐκϐοῶν
3013 2774 3072 2826 τὸ
3116 2776 3216 2844 τῆς
3253 2774 3713 2846 ψυχῆς.ὲμαυτοῦ

2132 2858 2304 2921 πάθος
2333 2859 2743 2931 διασημαίνειν;
2777 2863 2942 2933 Δέχου
2978 2866 3156 2919 τοίνυν
3188 2866 3284 2937 τὴν
3314 2867 3713 2938 προσηγορίαν,

2132 2945 2177 3004 ὦ
2206 2952 2494 3020 θαυμάσιε,
2521 2955 2585 3005 ὲκ
2615 2954 2795 3023 φιλίας
2809 2956 3068 3029 ἀληθινῆς
3094 2958 3185 3013 καὶ
3214 2959 3400 3013 ἀδόλου
3433 2976 3516 3012 σοι
3539 2977 3717 3031 προσ-

2133 3043 2438 3115 αγομένηνο
2525 3045 2713 3117 πόρρω
2766 3047 2895 3119 γάρξ
2924 3049 3162 3114 θωπείας
3208 3051 3604 3124 δουλοπρεποῦς
3638 3055 3715 3107 τὰ

2132 3135 2376 3207 ἡμέτερα
2402 3151 2415 3192 ξ
2447 3136 2538 3189 καὶ
2565 3136 2658 3207 ἔχε
2689 3139 2799 3208 (5‘2)
2827 3141 2974 3211 ἡμᾶς
2996 3141 3074 3211 τῷ
3106 3143 3390 3213 καταλόγῳ
3408 3142 3518 3197 τῶν
3546 3159 3713 3197 σεαυ-

2133 3226 2229 3280 τοῦ
2254 3227 2422 3297 φίλων
2449 3230 2817 3301 ὲναριθμίους,
2845 3234 3134 3306 γράμμασι
3162 3235 3407 3306 συνεχέσι
3438 3235 3631 3289 σαυτόν
3647 3251 3718 3288 τι

2135 3318 2349 3384 δεικνὺς
2378 3319 2473 3373 καὶ
2505 3323 2997 3394 παραμυθούμενος
3021 3326 3120 3396 τὴν
3151 3326 3437 3397 ἀπόλειψιν

2675 3477 3019 3532 ΕΠΙΣΤΟΛΗ
3055 3481 3171 3536 ΞΔ’.

764 3586 1123 3649 Perhonoriﬁce
1139 3589 1315 3638 salutat
1342 3585 1654 3653 Hesychium,
1683 3599 1825 3651 quem
1848 3591 1894 3638 et
1914 3583 2032 3637 olim
2056 3578 2356 3650 cognoverat,
2379 3591 2423 3637 et
2440 3597 2502 3636 ea:
2523 3598 2744 3638 sermone
2764 3584 2952 3651 Etpidii
2973 3586 3177 3652 plurimi
3199 3588 3415 3653 faciebat.

1108 3710 1369 3781 Hesycuzo
1996 3759 2000 3763 .

2775 3716 3078 3787 νἮσυχίῳ.

533 3826 697 3882 Multa
726 3822 946 3895 quidem
973 3838 1061 3879 me
1089 3823 1251 3879 etiam
1284 3823 1353 3877 ab
1381 3823 1541 3877 initio
1564 3837 1688 3878 cum
1721 3828 1815 3877 tua
1850 3821 2033 3893 digni-

2221 3826 2347 3897 Έμὲ
2378 3824 2549 3879 πολλά
2583 3826 2680 3898 μὲν
2709 3822 2778 3898 ἦν
2814 3827 2909 3881 καὶ
2950 3826 3012 3892 ἐξ
3061 3828 3233 3900 ἀρχῆς
3270 3828 3339 3883 τά
3375 3829 3724 3890 συνάπτοντά

461 3926 576 3975 tate
634 3916 1078 3986 conjungebant,
1145 3914 1460 3970 communis
1512 3915 1818 3969 litterarum
1858 3929 2033 3979 amor,

2140 3934 2231 3971 σου
2251 3920 2317 3989 τῇ
2349 3917 2643 3989 τιμιότητι,
2673 3919 2701 3971 ὃ
2726 3935 2784 3970 τε
2819 3918 2946 3990 περὶ
2976 3919 3165 3988 λόγους
3194 3922 3370 3984 κοινὸς
3398 3922 3558 3993 ἔρως,
3590 3925 3725 3980 πολ.

464 4012 671 4082 ubique
697 4009 765 4064 ab
787 4009 877 4064 his
906 4023 1026 4078 quae
1072 4008 1280 4078 experti
1307 4015 1436 4062 sunt
1459 4006 1830 4076 pervulgatus,
1869 4013 1923 4060 et
1940 4022 2039 4060 an—

2138 4010 2301 4080 λαχοῦ
2343 4009 2493 4080 παρά
2524 4009 2631 4062 τῶν
2674 4011 3090 4081 πεπειραμένων
3127 4012 3551 4084 περιφερόμενος
3575 4015 3720 4087 (55),

461 4104 616 4174 tiqua
642 4110 831 4157 nostra
857 4116 982 4155 cum
1012 4100 1132 4154 viro
1152 4099 1462 4153 admirabili
1488 4097 1746 4154 Terentio
1768 4097 2027 4151 amicitia.

2132 4103 2168 4173 ἥ
2191 4103 2409 4173 τε¹πρὸς
2451 4101 2541 4154 τὸν
2568 4101 2869 4173 θαυμάσιον
2912 4103 3079 4173 ἄνδρα
3125 4105 3408 4173 Τερέντιον
3437 4106 3547 4175 (54)
3576 4109 3718 4178 ἡμῖν

461 4198 533 4251 At
595 4201 885 4264 postquam
930 4193 1016 4248 vir
1049 4193 1310 4263 optimus,
1361 4191 1566 4260 quique
1605 4204 1816 4243 mecum
1855 4189 2033 4245 omnis

2134 4195 2199 4246 ὲκ
2221 4191 2451 4246 παλαιοῦ
2482 4191 2634 4262 φιλία
2654 4210 2667 4224 ·
2699 4194 2821 4247 ἐπεὶ
2856 4194 2911 4247 δὲ
2943 4195 3037 4248 καὶ
3076 4197 3105 4249 ό
3148 4195 3323 4250 πάντα
3349 4197 3588 4269 ἄριστος,
3618 4200 3724 4254 καὶ

463 4284 890 4341 necessitudinis
906 4299 1106 4338 nomen
1133 4282 1413 4352 adimplet.
1437 4282 1586 4337 omni
1605 4283 1815 4337 honore
1834 4280 2034 4350 dignus

2137 4282 2320 4354 πάσης
2347 4284 2478 4354 ἡμῖν
2520 4281 2847 4352 οἰκειότητος
2893 4283 3063 4353 ὄνομα
3103 4284 3413 4357 ἐκπληρῶν,
3447 4286 3476 4339 ό
3513 4286 3725 4341 αἰδεσι-

465 4375 634 4430 frater
680 4373 929 4444 Elpidius
976 4388 1190 4429 mecum
1232 4388 1538 4428 sermonem
1582 4372 1793 4438 habuit,
1830 4386 1894 4426 ac
1929 4372 2035 4441 sin-

2142 4370 2388 4442 μώτατος
2414 4371 2641 4439 ἀδελφὸς
2685 4370 2951 4437 Ἐλπίδιος
2988 4376 3069 4438 είς
3099 4373 3289 4442 λόγους
3338 4374 3583 4443 ἀφίκετο,
3619 4378 3724 4430 καὶ

466 4466 589 4538 gula
640 4465 905 4521 virtutum
958 4472 1177 4520 tuarum
1251 4473 1571 4520 ornamenta
1628 4463 1874 4519 narravit
1931 4462 2037 4536 (est

2137 4464 2344 4518 ἕκαστα
2377 4463 2484 4517 τῶν
2516 4462 2629 4535 (55)
2659 4463 2718 4516 ὲν
2758 4465 2842 4517 σοὶ
2869 4464 3048 4520 καλῶν
3075 4466 3368 4538 διηγήσατο
3386 4465 3723 4537 (δυνατώτα-

2137 4630 2363 4691 prorsus
2387 4616 2747 4691 dissentiente
2768 4636 2883 4691 gms.
2927 4620 3163 4677 codice.‘

2208 4689 2317 4762 (ξι)
2353 4688 2720 4762 φαιὸρρζητι.
2760 4689 2851 4745 Sic
2899 4692 3310 4762 emendavimus
3350 4709 3451 4762 ope
3496 4694 3719 4752 codicis

2136 4753 2388 4835 hie'dic'aei
2405 4753 2560 4835 quod
2594 4753 2874 4835 legebatur
2920 4760 2977 4815 in
3015 4761 3180 4835 editis
3214 4753 3566 4835 φαιδρότητα.
3600 4765 3721 4822 Co—

656 4827 835 4883 raesidi
860 4824 1135 4882 Sebastiw.
1165 4826 1269 4881 Sed
1294 4827 1348 4879 in
1375 4824 1609 4895 utroque
1633 4827 1753 4881 loco
1778 4842 1887 4880 non
1919 4828 2031 4880 dux
2135 4825 2236 4895 dex
2269 4824 2595 4882 Parisiensis
2645 4824 2902 4888 Ecclesiae
2949 4832 3190 4886 secunda
3226 4824 3408 4888 'manu
3455 4824 3621 4890 habet
3649 4848 3720 4893 ut

466 4908 561 4955 aut
593 4913 1095 4974 praeses,_quorum
1134 4903 1382 4974 potestas
1424 4893 1589 4950 unius
1621 4897 1776 4974 urbis
1831 4896 2030 4974 finibus
2054 4931 2102 4974 ᾖ
2134 4893 2445 4974 Medicaeus.
2474 4897 2678 4954 ibidem
2699 4899 2832 4954 editi
2848 4899 3021 4969 λόγων
3048 4900 3294 4972 δύναμιν,
3332 4915 3537 4974 septem
3567 4920 3715 4962 mss.

466 4951 577 5023 non
593 4951 1012 5028 rcontinebatur,
1044 4951 1162 5021 sed:
1184 4966 1364 5035 potius
1402 4968 1730 5036 praepositus
1762 4967 1915 5021 urbis
1939 4967 2026 5036 in-
2059 4951 2103 5005 Ι)
2132 4973 2192 5019 ut
2222 4968 2283 5036 in
2315 4951 2486 5022 textu.

467 5040 704 5113 dicatur,
736 5038 1350 5113 seuprimuscufiiclut
1374 5035 1642 5113 legituan
1670 5036 1802 5090 Cod.
1826 5035 2021 5113 Tlieod.
2133 5105 2174 5113 __
2198 5035 2320 5113 _(_52)
2354 5036 2467 5113 Καί
2492 5038 2621 5113 ἔχε.
2652 5038 2991 5113 coniunctio
3013 5039 3197 5095 addita
3227 5057 3292 5096 ex
3329 5051 3537 5113 septem
3567 5061 3714 5104 mss.

467 5109 564 5162 lib.
590 5124 686 5172 xu,
711 5108 794 5160 tit.
832 5108 882 5170 1,
917 5107 1166 5187 leg.127,
1194 5107 1313 5187 t7l_,
1346 5114 1400 5161 et
1432 5107 1552 5187 1_89_.
1586 5106 2028 5187 Erant.en'im'in
2132 5105 2346 5187 Ibidem.
2373 5105 2915 5187 editL'éyaptOuioug.
2945 5112 3074 5187 Mss.
3118 5120 3177 5165 ut
3210 5105 3471 5187 intexto.

469 5193 794 5257 unaquaque
823 5178 1005 5266 curia.
1035 5177 1384 5266 principales,
1420 5184 1475 5231 et
1527 5176 1668 5266 inter
1700 5176 2030 5266 principales
2208 5177 2415 5266 :wéliajs
2448 5176 3073 5266 CCCL:'Scriptancirca
3097 5184 3344 5266 ang)“.

468 5246 610 5302 unus
641 5248 913 5302 eminebat
953 5246 1236 5315 dignitate,
1268 5261 1332 5299 ac
1376 5247 1627 5315 regendae
1657 5247 1824 5300 curiae
1851 5253 1902 5299 et
1932 5260 2027 5298 ur-

470 5318 554 5370 bis
571 5317 936 5387 guliernandae
950 5317 1209 5386 plurimas
1236 5322 1416 5386 partes
1439 5317 1675 5370 tenebat.
1697 5315 2028 5385 Praapositus

470 5401 728 5455 pagorum
760 5386 1010 5456 similiter
1025 5394 1266 5456 iyocatur
1293 5384 1517 5456 ἡγεμών
1551 5386 1607 5439 in
1649 5387 1808 5456 epist.
1841 5384 1960 5456 86.”

2177 5246 2313 5348 “(5.3)
2348 5246 2835 5351 Περιφερόμενοςῖ.
2880 5251 3064 5307 Codex
3102 5250 3392 5310 Medicaeus
3433 5272 3714 5328 συμπερι-

2135 5332 2657 5456 φςῖἕῦεἶὲρίέντιον.
2687 5388 2780 5444 Sic
2794 5390 3116 5456 Clar.,Reg.
3149 5394 3425 5450 secundus
3453 5402 3502 5449 et
3531 5394 3714 5452 Coisl.

470 5384 1266 5464 pagorumjimi‘literjocatur
1293 5384 1517 5464 ῄγεμιὶξν
1551 5386 1607 5439 in
1649 5387 1808 5464 epist.
2150 5384 2155 5385 7
2203 5384 2780 5464 (54)_Tspé_1_gz_'tor._Sie
2794 5390 3116 5464 Clar.,Reg.
3149 5394 3425 5450 secundus
3453 5402 3502 5449 et
3531 5394 3714 5452 Coisl.

540 5456 648 5525 (50)
690 5455 986 5525 Ἐλπιδίῳ.
1017 5455 1191 5519 Harl.,
1210 5454 1379 5509 Coisl.
1404 5454 1634 5525 primus,
1669 5454 1806 5509 Med.
1832 5463 1887 5525 et
1907 5455 2029 5508 Cla-

468 5524 909 5595 ῐοωεἜλλαδιῳ.
947 5524 1233 5579 Mcdicaeus
1257 5524 1743 5595 praemittitvgcem
1786 5524 2023 5595 ἀδελφῷ,

469 5595 565 5650 sed
586 5594 728 5653 idem
744 5595 798 5650 in
822 5593 1071 5653 sequenti
1087 5596 1317 5652 epistola
1341 5602 1570 5652 vocatur
1588 5593 1851 5653 Eloidius.
1871 5593 2023 5650 nullo

536 4623 557 4643 ¹
584 4619 734 4674 Alias
760 4616 1079 4673 CCCLXXI.
1114 4614 1330 4674 Scripta
1369 4616 1516 4671 circa
1548 4632 1638 4671 an.
1677 4615 1803 4673 571.
1948 4670 1951 4671 ν

534 4688 647 4761 (29)
680 4688 1197 4761 Ἡγεμόνιηῡυοειη
1217 4687 1585 4761 Neocaesareae
1600 4687 2030 4761 intelligitAvetus

465 4756 767 4827 interpres;
789 4756 846 4812 In
872 4758 1029 4827 titulo
1051 4773 1277 4827 prorsus
1308 4757 1471 4811 simili
1503 4757 1746 4826 epistola:
1779 4756 1882 4812 506
1908 4758 2030 4810 red-

465 4831 564 4893 dit,

2132 5456 2982 5534 sequndtts._Editi-Tspswivov.
3031 5456 3188 5521 Diaest
3232 5466 3347 5521 haec
3377 5465 3613 5534 epistola
3652 5468 3718 5522 in

2131 5526 2304 5602 codd:
2341 5526 2492 5602 [lar].
2524 5536 2576 5581 et
2603 5526 2771 5602 Coisl.
2804 5534 3003 5602 primo.

2346 5597 2616 5653 Ἐκαστα
2636 5600 2774 5656 τῶν.
2802 5595 3082 5656 ᾸΓιὶιἺΙΙης
3111 5605 3332 5654 additu:
3360 5622 3421 5647 an
3461 5620 3599 5649 meo,

3755 5676 3785 5702 κ
