3870 6218
192 218 302 275 421
1157 218 1657 279 EPISTOLARUI
1692 217 1997 281 σωθεῖς.
2037 223 2085 281 Π
2124 222 2340 281 EPIST.
2381 220 2543 278 LXV.
3361 224 3477 283 ﬂ

194 356 292 401 τος
319 338 400 401 δὲ,
436 337 593 412 εἴπερ
631 355 716 403 τις
761 339 937 404 ἄλλος,
980 342 1074 394 καὶ
1108 341 1311 414 ἀρετὴν
1361 341 1646 415 ἀνθρώπου
1685 359 1773 396 κα⁴

1889 351 2091 408 autem,
2120 344 2167 400 si
2189 343 2316 413 quis
2344 342 2507 405 alius,
2527 337 2766 396 maxime
2793 336 3046 404 idoneus,
3074 337 3170 409 qui
3199 343 3255 394 et
3288 337 3469 394 virtu-

194 430 488 501 ταμαθεῖν,
520 430 616 484 καὶ
646 433 993 504 παραστῆσαι
1019 431 1227 504 ταύτην
1253 433 1332 506 τῷ
1362 433 1528 507 λόγῳ)
1551 451 1566 466 ’
1596 435 1773 489 τοσοῦ·

1892 442 2001 489 tem
2047 435 2288 489 hominis
2332 438 2565 506 spectet,
2594 445 2825 502 eamque
2859 445 3112 485 sermone
3136 428 3414 501 praedicet)
3449 447 3467 485 :

195 539 293 576 τον
323 524 454 594 ἡμῖν
475 524 565 576 τὸν
592 525 685 577 ἐπὶ
715 524 801 577 σοι
827 512 995 578 πόθον
1020 524 1334 593 ἐξέκαυσεν,
1364 526 1505 580 ὥστε
1531 525 1773 597 εὔχεσθαι

1895 526 1955 583 in
1975 542 2062 582 me
2085 534 2298 582 tantum
2323 526 2404 580 tui
2433 524 2684 581 accendit
2711 523 3064 589 desiderium,
3096 530 3157 578 ut
3184 532 3236 579 te
3262 523 3473 580 nostris

194 615 349 684 ἡμᾶς
384 615 671 682 ἐπιστῆναὶ
702 616 767 670 σέ
794 633 925 669 ποτε
964 620 1030 689 τῇ
1064 618 1273 690 παλαιᾷ
1303 619 1457 691 ἐστίᾳ
1496 618 1674 690 ἡμῶν,
1698 618 1773 671 ἵνα

1892 618 2190 688 aliquando
2223 616 2470 690 antiquis
2497 616 2707 671 laribus
2733 614 2928 670 adesse
2950 629 3141 684 precer
3174 632 3189 669 :
3222 628 3332 684 quo
3356 628 3472 669 non

197 708 279 779 μὴ
308 708 444 779 ἀκοῇ
489 708 670 777 μόνον,
704 708 841 763 ἀλλὰ
889 709 984 763 καὶ
1032 710 1199 783 πείρᾳ
1236 710 1346 765 τῶν
1386 713 1446 766 ἐν
1495 711 1579 765 σοί
1606 709 1773 765 καλῶι

1892 708 2170 764 auditione
2229 710 2367 779 sola,
2419 710 2517 766 sed
2555 709 2894 780 experientia
2936 706 3105 763 etiam
3128 706 3474 764 ornamentis

193 798 619 869 ἀπολαύωμεν.

1890 800 2002 858 tuis
2042 799 2315 860 fruamur.
2620 828 2621 833 π
3480 856 3488 868 .
3512 876 3513 879 η

731 955 1086 1010 ΕΠΙΣΤΟΛΗ
1135 955 1257 1010 ΞΒ.

2393 952 2733 1010 EPISTOLA
2783 951 2967 1008 vai.
3509 919 3515 950 '

194 1069 541 1141 Priorscribit
565 1072 765 1143 Atqrbio
791 1072 1021 1143 pasilius,
1046 1072 1185 1140 eique
1207 1070 1333 1143 cedit
1369 1071 1589 1138 quamvis
1610 1079 1727 1124 natu
1758 1068 1937 1184 malim,
1959 1083 2017 1122 ac
2037 1077 2179 1144 rogat
2197 1077 2249 1122 ut
2280 1078 2325 1123 et
2362 1069 2466 1142 ipse
2487 1069 2713 1142 deinceps
2734 1068 3157 1181 Char-immaer
3177 1081 3229 1120 se
3249 1069 3389 1131 ferat,
3420 1073 3470 1121 ιε

257 1140 431 1184 coartet
452 1141 619 1184 (ruant:
641 1142 827 1184 intersit
844 1142 1006 1184 mutua
1026 1136 1286 1184 concordia
1304 1135 1370 1184 ad
1394 1135 1570 1184 bellum
1593 1135 1806 1184 reuellen
1843 1148 1944 1184 unt.
1965 1135 2095 1184 auod
2120 1148 2171 1184 in
2194 1135 2361 1184 orbem
2377 1134 2632 1184 circuibat.
2674 1146 2735 1183 ac
2771 1131 2964 1183 tandem
3096 1142 3178 1182 eos
3212 1136 3467 1184 perventu-

257 1132 619 1246 mteetrgpanti
641 1132 827 1186 intersit
844 1131 1286 1187 ntutua'coricordia
1304 1131 1570 1187 ad'bettum
1593 1131 1944 1199 repellendum,
1965 1131 2171 1199 quod'in
2194 1135 2361 1185 orbem
2377 1131 2632 1194 circuibat,
2655 1131 2735 1183 'ac
2771 1131 2964 1183 tandem
2997 1131 3063 1181 ad
3096 1142 3178 1182 eos
3212 1136 3467 1194 perventu-

778 1279 1048 1347 Ἀταρὸίφ
1086 1277 1221 1350 (56).

2545 1268 2789 1325 Atarbio.

266 1370 379 1423 Καὶ
401 1369 453 1422 τί
482 1369 654 1442 πέρας
686 1368 837 1423 ἔσται
860 1370 960 1441 τῆς
990 1370 1222 1441 σιωπῆς,
1253 1371 1302 1423 εί
1326 1366 1438 1439 ἐγὼ
1469 1368 1588 1438 μὲν,
1622 1371 1689 1421 τὰ
1719 1367 1773 1419 ἐκ

1958 1360 2162 1433 Ecquis
2188 1362 2294 1419 erit
2324 1361 2533 1419 silentii
2572 1361 2717 1426 linis,
2739 1361 2787 1415 si
2819 1375 2922 1432 ego
2952 1361 3133 1416 aetatis
3161 1376 3464 1433 reposcens

192 1460 298 1530 τῆς
317 1461 534 1531 ἡλικίας
559 1462 823 1534 πρεσϐεῖα
850 1459 1122 1526 ἀπαιτῶν,
1153 1461 1479 1533 ἀναμένοιμι
1510 1458 1662 1532 παρὰ
1688 1457 1773 1511 σοῦ

1885 1454 2030 1525 jura,
2062 1463 2376 1526 exspectem
2410 1470 2441 1509 a
2482 1462 2533 1510 te
2579 1454 2695 1510 ﬁeri
2735 1454 2954 1509 initium
3018 1456 3329 1522 salutandi,
3372 1464 3469 1512 tua

195 1553 455 1622 γενέσθαι
487 1555 598 1623 (57)
627 1554 728 1625 τὴν
757 1555 930 1626 ἀρχὴν
963 1556 1063 1626 τῆς
1088 1554 1544 1626 προσφωνήσεως,
1580 1554 1614 1623 ἡ
1641 1551 1698 1605 δὲ
1718 1548 1773 1603 σί

1888 1558 2070 1604 autem
2129 1549 2355 1605 dilectio
2416 1549 2628 1604 diutius
2656 1548 2791 1603 velit
2842 1548 2900 1603 in
2945 1549 3090 1605 malo
3145 1552 3468 1620 quiescendi

196 1643 393 1712 ἀγάπη
426 1643 519 1696 ἐπὶ
569 1643 754 1697 πλεῖον
799 1643 1039 1714 βούλοιτο
1076 1647 1140 1716 τῇ
1189 1643 1426 1715 βλαϐερᾷ
1461 1641 1639 1714 κρίσει
1684 1640 1783 1711 τῆς

194 1735 430 1805 ἡσυχίας
468 1734 580 1805 (58)
627 1737 1011 1808 ἐγκαρτερεῖνς
1059 1736 1196 1789 Ἀλλ’
1224 1737 1373 1807 ὅμως
1410 1733 1542 1804 ἐγὼ,
1581 1734 1680 1806 τὴν
1726 1735 1783 1786 ἐν

192 1826 308 1887 τοῖς
328 1824 562 1893 φιλικοῖς
593 1820 763 1896 ἦτταν
787 1827 947 1898 νίκης
975 1826 1120 1897 ἔχειν
1153 1826 1382 1897 δύναμιν
1417 1827 1780 1898 ἡγησάμενος,

194 1915 445 1987 ὁμολογῶ
474 1934 557 1969 σοι
594 1918 693 1987 μὲν
726 1920 1076 1990 παραχωρεῖν
1113 1920 1212 1989 τῆς
1243 1918 1339 1971 ἐπὶ
1367 1917 1446 1989 τῷ
1479 1918 1655 1972 δοκεῖν
1685 1934 1783 1970 πε-

198 2007 581 2080 ριγεγενῆσθαι
606 2012 708 2080 τῆς
737 2010 943 2073 οἰκείας
971 2010 1209 2081 κρίσεως
1248 2009 1587 2081 φιλοτιμίας’
1620 2007 1784 2074 αὐτὸς

194 2100 255 2155 δὲ
285 2100 503 2171 πρῶτος
534 2102 627 2155 ἐπὶ
651 2101 712 2154 τὸ
744 2102 975 2173 γράφειν
1001 2097 1186 2174 ἦλθον,
1217 2101 1392 2167 εἰδὼς,
1424 2102 1561 2173 ὁτιὴ
1594 2100 1783 2173 ἀγάπη

197 2193 377 2247 πάντα
424 2192 626 2262 στέγει,
675 2193 852 2247 πάντα
905 2193 1202 2264 ὑπομένει,
1248 2191 1485 2265 οὐδαμοῦ
1531 2193 1687 2266 ζητεῖ
1723 2194 1784 2248 τὸ

192 2285 398 2355 ἑαυτῆς
422 2301 435 2314 ·
472 2285 662 2356 διόπερ
699 2282 830 2336 ὀὔτε
882 2284 1140 2338 ἐκπίπτει
1180 2285 1337 2339 ποτέ.
1393 2285 1783 2349 Ἀταπείνωτος

196 2375 306 2446 γὰρ
327 2378 356 2428 ὁ
372 2376 515 2429 κατά
532 2374 756 2445 ἀγάπην
776 2374 854 2445 τῷ
872 2374 1098 2448 πλησίον
1114 2376 1572 2448 ὑποτασσόμενος.
1594 2378 1783 2440 Ὅπως

193 2463 288 2521 οὖν
313 2467 409 2519 καὶ
432 2466 597 2530 αὐτὸς
626 2467 762 2539 πρὸς
786 2466 917 2535 γοῦν
948 2468 1010 2519 τὸ
1040 2466 1164 2539 ἐξῆς
1190 2468 1281 2522 τὸν
1318 2468 1533 2539 πρῶτον
1563 2467 1659 2521 καὶ
1688 2468 1784 2539 μέ-

193 2574 381 2627 γιστον
424 2558 638 2629 καρπὸν
687 2556 782 2611 τοῦ
831 2559 1148 2631 Πνεύματος
1189 2559 1650 2631 ἐπιδεικνύμενος,
1685 2561 1783 2631 τὴν

192 2650 439 2721 ἀγάπην,
479 2652 794 2724 ἀπορρίψῃς
834 2653 933 2724 μὲν
971 2654 1034 2707 τὸ
1080 2654 1190 2708 τῶν
1241 2654 1609 2727 ὀργιζομένων
1650 2671 1782 2708 σκυ-

194 2740 433 2810 θρωπὸν,
459 2744 595 2814 ὅπερ
625 2746 755 2814 ἡμῖν
786 2745 874 2798 διὰ
906 2747 1006 2817 τῆς
1040 2747 1250 2818 σιωπῆς
1280 2747 1619 2816 ὑποφαίνεις,
1651 2748 1783 2801 ἀνα-

190 2833 363 2904 λάϐῃς
401 2834 458 2887 δὲ
501 2835 678 2907 χαρὰν
717 2839 775 2889 ἐν
818 2839 885 2907 τῇ
940 2838 1160 2910 καρδίᾳ,
1203 2839 1425 2910 εἰρήνην
1469 2837 1608 2909 πρὸς
1657 2830 1783 2903 τοὺς

1886 1641 2117 1695 consilio
2173 1641 2566 1712 perseverare?
2601 1639 2706 1695 Sed
2749 1655 2874 1694 cum
2907 1654 3008 1711 ego
3050 1640 3211 1712 158
3235 1643 3292 1697 in
3327 1646 3467 1698 ami-

1885 1731 2014 1785 citia
2045 1731 2191 1785 vinci
2231 1732 2373 1785 idem
2404 1730 2585 1784 valere
2625 1729 2933 1785 existimem
2970 1744 3034 1784 ac
3063 1733 3302 1798 vincere,
3337 1748 3469 1802 pro-

1884 1822 2041 1878 ﬁteor
2095 1837 2183 1877 me
2246 1821 2347 1876 tibi
2415 1820 2719 1876 concedere
2759 1822 2866 1875 hoc
2895 1821 3073 1878 laudis
3095 1831 3151 1877 et
3186 1824 3371 1894 gloriae
3407 1825 3465 1880 in

1885 1914 2103 1985 propria
2158 1914 2431 1970 sententia
2485 1913 2769 1968 retinenda
2801 1916 3066 1970 studium.
3114 1915 3236 1986 Ipse
3283 1926 3467 1972 autem

1884 2007 2034 2077 prior
2057 2005 2124 2060 ad
2160 2004 2513 2060 scribendum
2539 2006 2768 2070 accessi,
2796 2022 2904 2061 non
2931 2008 3192 2077 ignorans
3220 2007 3469 2062 Charita-

1885 2107 1992 2153 tem
2018 2097 2201 2151 omnia
2230 2096 2480 2161 suﬂ‘erre,
2505 2097 2693 2151 omnia
2715 2100 3293 2170 sustinere,nusquam
3318 2100 3465 2169 quod

1885 2205 2044 2246 suum
2073 2196 2158 2247 est
2184 2206 2462 2262 quaerere;
2490 2198 2825 2261 quapropter
2869 2208 3149 2262 nunquam
3198 2194 3463 2249 excidit".

1883 2281 2020 2337 Nam
2038 2282 2202 2351 dejici
2221 2299 2328 2338 non
2348 2290 2548 2354 potest,
2566 2283 2660 2353 qui
2678 2297 2736 2338 se
2753 2298 2850 2354 per
2871 2284 3190 2339 cbaritatem
3210 2288 3467 2356 proximo

1882 2374 2176 2429 submittit.
2214 2372 2323 2428 Fac
2354 2374 2523 2445 igitur
2548 2382 2603 2428 et
2634 2374 2753 2443 ipse
2810 2374 3005 2430 saltem
3047 2377 3308 2446 deinceps
3353 2380 3470 2447 pri-

1883 2482 2032 2522 mum
2076 2474 2131 2523 et
2189 2468 2488 2523 maximum
2538 2466 2780 2538 Spiritus
2814 2467 3076 2532 fructum,
3137 2470 3466 2525 charitatem

1884 2573 1997 2629 prae
2057 2566 2112 2614 te
2165 2559 2390 2624 ferens,
2436 2558 2699 2630 projicias
2747 2560 3104 2615 irascentium
3160 2563 3464 2626 tristitiam,

1882 2666 2048 2722 quam
2082 2651 2243 2706 nobis
2277 2666 2376 2721 per
2413 2651 2694 2706 silentium
2747 2651 3066 2715 dcclarasti,
3101 2660 3156 2707 et
3187 2654 3465 2723 concipias

1883 2743 2051 2799 corde
2071 2743 2336 2807 laetitiam,
2362 2757 2556 2812 pacem
2584 2758 2710 2797 cum
2748 2743 3012 2800 fratribus
3046 2745 3189 2800 idem
3224 2746 3467 2800 sentien-

1883 2835 2054 2902 tibus,
2115 2834 2359 2892 studium
2395 2842 2450 2889 et
2486 2834 2912 2890 sollicitudinem
2948 2850 3049 2905 pro
3095 2835 3466 2891 Ecclesiarum

189 2925 501 2997 ὀμοψύχους
525 2925 635 2980 τῶν
669 2928 928 2997 ἀδελφῶν,
963 2930 1197 3001 σπουδὴν
1217 2932 1311 2984 καὶ
1343 2931 1610 3002 μέριμναν
1638 2931 1773 3003 ὑπὲρ

1885 2924 2098 2982 Domini
2126 2926 2508 2997 perpetuitate.
2545 2925 2778 2982 Noveris
2812 2928 2983 2994 enim,
3014 2927 3121 2982 nlsi
3152 2943 3337 2997 parem
3365 2944 3468 2984 nos

188 3017 289 3088 τῆς
320 3017 431 3070 τῶν
467 3019 804 3090 Ἐκκλησιῶν
852 3018 961 3090 (59)
1003 3018 1097 3073 τοῦ
1149 3021 1355 3092 Κυρίου
1384 3021 1667 3093 διαμονῆς.
1695 3022 1782 3074 Γί-

188 3125 369 3162 νωσκε
408 3108 542 3177 γάρ,
581 3109 687 3174 ὅτι,
725 3109 774 3161 εί
816 3108 894 3179 μὴ
928 3108 1020 3163 τὸν
1059 3108 1173 3161 ίσον
1216 3111 1377 3180 ἡμεῖς
1408 3107 1596 3178 ἀγῶνα
1640 3108 1781 3181 ὑπὲρ

187 3200 297 3253 τῶν
329 3192 672 3272 Ἐκκλησιῶν
697 3199 1080 3270 ἀναλάϐωμεν,
1103 3200 1299 3254 ὁπόσον
1328 3199 1542 3272 ἔχουσιν
1562 3201 1613 3253 oi
1634 3201 1782 3253 ἀντι-

188 3291 435 3363 κείμενοι
470 3294 538 3364 τῇ
586 3290 906 3365 ὑγιαινούσῃ
956 3292 1278 3364 διδασκαλίᾳ
1330 3295 1412 3357 εἰς
1463 3292 1781 3364 καθαίρεσιν

188 3382 369 3439 αὐτῶν
411 3384 507 3437 καὶ
542 3384 780 3455 παντελῆ
816 3385 1143 3455 ἀφανισμὸν,
1185 3386 1339 3439 οὐδὲν
1375 3386 1438 3438 τὸ
1466 3384 1673 3439 κωλύον
1701 3385 1779 3438 οἴ-

189 3475 381 3544 χεσθαι
415 3475 516 3545 μὲν
547 3476 961 3548 παρασυρεῖσαν
1004 3476 1110 3529 ὑπὸ
1156 3474 1267 3529 τῶν
1293 3474 1407 3548 (40)
1442 3475 1652 3548 ἐχθρῶν
1678 3476 1779 3546 τὴν

191 3565 476 3634 ἀλήθειαν,
512 3566 937 3638 παραπολαῦσαι
961 3568 1018 3621 δέ
1058 3586 1112 3622 τι
1147 3569 1243 3622 καὶ
1272 3571 1423 3639 ἡμᾶς
1453 3567 1547 3622 τοῦ
1575 3568 1778 3640 κρίμα-

188 3673 297 3722 τος,
347 3657 425 3728 μὴ
464 3657 617 3731 πάσῃ
654 3658 856 3730 σπουδῇ
903 3659 998 3713 καὶ
1047 3659 1327 3732 προθυμίᾳ
1358 3661 1417 3712 ἐν
1462 3661 1685 3732 ὁμονοίᾳ
1710 3662 1775 3732 τῇ

191 3749 322 3818 πρὸς
353 3749 622 3819 ἀλλήλους
658 3751 755 3803 καὶ
796 3751 1072 3823 συμπνοίᾳ
1121 3755 1187 3823 τῇ
1224 3750 1366 3805 κατά
1392 3750 1484 3804 τὸν
1517 3750 1649 3806 Θεὸν
1680 3751 1780 3823 τὴν

190 3841 548 3913 ἐνδεχομένην
580 3842 853 3913 μέριμναν
879 3842 1020 3915 ὑπὲρ
1032 3843 1133 3913 τῆς
1147 3842 1391 3906 ἐνώσεως
1406 3842 1515 3896 τῶν
1550 3842 1781 3912 Ἐκκλη-

190 3932 318 3985 σιῶν
345 3934 793 4005 ἐπιδειξαμένους
817 3935 951 4006 (il).
979 3934 1294 4007 Παρακαλῶ
1321 3932 1434 3997 οὖν,
1456 3934 1651 3988 ἔκϐαλε
1682 3935 1781 4006 τῆς

190 4025 418 4080 σεαυτοῦ
447 4026 627 4097 ψυχῆς
650 4027 727 4095 μτὸ
749 4028 958 4082 οἴεσθαι
1000 4029 1225 4100 μηδενὸς
1254 4027 1440 4098 ἐτέρου
1476 4029 1557 4091 εἰς
1587 4044 1779 4081 κοινω-

188 4115 304 4170 νίαν
339 4116 713 4187 προσδεῖσθαι.
744 4119 819 4171 Οὐ
848 4118 958 4190 γὰρ
992 4117 1131 4171 κατά
1170 4118 1391 4188 ἀγάπην
1416 4115 1781 4189 περιπατοῦν-

187 4223 275 4271 τος
296 4207 422 4260 οὐδὲ
449 4206 556 4279 πλη
565 4206 785 4279 ροῦντὸς
803 4209 920 4262 ἐστι
936 4210 1035 4280 τὴν
1056 4209 1272 4279 ἐντολὴν
1286 4208 1394 4279 (42)
1406 4207 1499 4261 τοῦ
1518 4206 1776 4279 Χριστοῦ,

188 4299 283 4363 τῆς
303 4300 445 4371 πρὸς
466 4300 595 4365 τοὺς
619 4299 882 4369 ἀδελφοὺς
904 4299 1194 4369 συναφείας
1218 4298 1408 4352 ἑαυτὸν
1426 4299 1773 4370 ἀποτέμνειν.

187 4389 339 4460 ’Δμα
358 4391 967 4461 δέκάκεῖνολογίζεσοαι
984 4391 1081 4463 τὴν
1103 4389 1312 4461 ἀγαθήν
1338 4407 1431 4443 σου
1455 4391 1775 4462 προαίρεσιν

187 4480 468 4556 βούλομαι,
490 4483 574 4536 ὅτι
588 4483 649 4536 τὺ
669 4481 761 4537 τοῦ
784 4482 912 4536 πολέ
922 4500 1022 4536 μου
1041 4481 1207 4536 κακὸν
1220 4480 1403 4553 κύκλῳ
1422 4481 1770 4553 περιιὸν(45),

251 4603 275 4635 ⁷
307 4602 332 4657 1
359 4602 490 4658 Cor.
521 4618 643 4670 xm,
667 4603 698 4655 7
733 4618 851 4672 sqq.

249 4715 365 4788 (36)
412 4715 711 4788 Ἀταρϐίῳ.
747 4714 929 4788 Codex
957 4714 1415 4788 Clarpmontauus
1446 4713 1758 4788 Αρταρκιῳ.

251 4785 366 4857 (57)
398 4785 566 4854 Παρά
596 4786 714 4857 σοῦ
741 4785 1036 4854 γενέσθαι.
1067 4786 1209 4841 Editi
1238 4785 1390 4856 παρὰ
1422 4785 1517 4838 σοῦ
1551 4803 1641 4857 μοι
1670 4785 1765 4857 γε-

183 4855 390 4919 νέσθαι,
422 4858 517 4911 sed
538 4855 673 4909 illud
712 4872 802 4924 μοι
818 4857 1205 4924 expunximus,
1227 4855 1374 4925 qudd
1393 4855 1765 4925 etrsentcntiae

181 4930 418 4982 nitorem
449 4926 623 4996 kedit,
646 4933 701 4979 et
726 4927 781 4979 in
797 4927 1181 4996 antiquissimo
1201 4924 1394 4982 codice
1424 4924 1679 4981 Medicaeo
1708 4933 1764 4980 et

181 4998 349 5053 Coisl.
386 4998 566 5065 primo
600 4995 776 5061 deest,
810 4997 866 5050 in
899 4995 1023 5052 aliis
1065 5005 1248 5052 autem
1285 4996 1571 5051 codicibus
1610 5011 1762 5050 nunc

181 5077 302 5137 post
332 5066 531 5190 ἀρχὴν,
560 5081 711 5120 nunc
742 5076 865 5191 post
887 5067 1140 5135 γενέσθαι
1171 5067 1428 5137 ponitur;
1470 5066 1614 5121 unde
1648 5082 1756 5119 non

181 5141 349 5191 absur
394 5152 426 5189 a
457 5137 704 5191 susnicio
779 5152 882 5191 anc
914 5139 1165 5191 voculam
1194 5154 1224 5191 e
1255 5139 1499 5191 margine
1538 5138 1593 5191 in
1624 5151 1756 5191 con-

181 5137 426 5193 absurda
457 5137 704 5206 SuSpicio
742 5137 882 5192 hanc
914 5139 1165 5192 voculam
1194 5154 1224 5191 e
1255 5139 1499 5206 margine
1538 5138 1593 5191 in
1624 5151 1758 5191 con-

180 5217 387 5264 textum
428 5209 496 5260 ad
530 5207 883 5262 librariorum
927 5208 1213 5261 arbitrium
1248 5208 1529 5261 inductam
1565 5207 1757 5263 fuisse.

249 5278 364 5348 (53)
405 5276 720 5347 Ἡσυχίας.
759 5277 1010 5347 Quinque
1054 5278 1277 5332 codices
1321 5292 1456 5348 mss.
1488 5293 1759 5348 συκοφαγ-

181 5348 319 5412 τίας,
342 5346 410 5401 in
436 5346 970 5402 maldcalumniandi
995 5348 1252 5411 consilio;
1282 5347 1379 5401 sed
1410 5346 1582 5413 Harl.,
1617 5346 1755 5401 Med.

182 5425 235 5488 et
269 5417 443 5473 Coisl.
470 5420 685 5488 primus
718 5420 876 5488 longe
904 5419 1245 5487 antiquiores
1277 5418 1481 5488 habent
1510 5425 1569 5488 ut
1599 5418 1752 5472 editi.

186 5484 273 5541 Sic
309 5484 489 5543 etiam'
530 5484 991 5545 Claromontanus
1035 5484 1229 5544 codex.
1276 5487 1454 5543 Credo
1500 5487 1757 5543 librarios

187 5555 393 5630 idcirco
431 5558 574 5614 hanc
619 5574 809 5630 vocem
848 5558 1212 5630 συκοφαντίας
1248 5558 1305 5630 in
1347 5566 1560 5630 textum
1596 5559 1758 5630 indu-

186 5627 349 5693 xisse.
404 5631 534 5689 quia
580 5627 1101 5701 Atarbiusmagnis
1153 5628 1415 5685 Basilium
1467 5628 1758 5685 calumniis

1882 3017 2126 3074 laborem
2155 3033 2257 3088 pro
2310 3017 2575 3074 Ecclesiis
2625 3018 3014 3088 suscipiamus,
3053 3032 3118 3072 ac
3156 3033 3303 3073 sana
3374 3019 3471 3073 do-

1884 3110 2076 3166 ctrina:
2104 3109 2406 3166 adversarii
2437 3110 2506 3164 ad
2535 3126 2721 3165 earum
2756 3111 3097 3167 eversionem
3136 3119 3189 3166 et
3216 3111 3468 3165 cumula-

1885 3209 1993 3257 tam
2045 3202 2296 3270 ruinam;
2331 3202 2469 3257 nihil
2508 3202 2775 3273 impedire
2827 3204 3125 3274 quominus
3161 3206 3367 3259 veritas
3396 3205 3469 3259 ab

1880 3294 2122 3351 inimicis
2169 3310 2360 3351 eversa
2403 3302 2608 3365 pereat,
2645 3310 2710 3349 ac
2756 3296 3234 3352 condemnationis
3266 3304 3320 3352 et
3358 3297 3467 3366 ipsi

1883 3386 2180 3458 participes
2212 3386 2409 3452 simus,
2435 3386 2582 3457 quod
2621 3402 2733 3442 non
2762 3389 2913 3441 omni
2942 3388 3127 3443 studio
3159 3399 3323 3458 atque
3350 3390 3468 3445 ala-

1882 3473 2081 3528 critate
2105 3473 2161 3527 in
2189 3481 2380 3529 mutua
2431 3474 2729 3529 concordia
2754 3491 2819 3530 ac
2853 3476 2909 3529 in
2934 3475 3022 3532 bis
3044 3491 3165 3547 quae
3196 3478 3261 3532 ad
3293 3476 3467 3533 Deum

1883 3572 2135 3633 spectant
2162 3565 2595 3636 conspiratione,
2631 3566 3062 3621 sollicitudinem
3088 3582 3188 3634 pro
3216 3568 3364 3621 virili
3396 3569 3464 3626 ad

1881 3653 2256 3711 Ecclesiarum
2305 3657 2755 3726 conjunctionem
2797 3657 3221 3714 ostenderimus.
3265 3658 3467 3714 Hortor

1881 3746 2073 3817 igitur,
2108 3747 2250 3802 banc
2281 3749 2599 3818 opinionem
2624 3765 2687 3804 ex
2724 3751 2909 3804 animo
2933 3759 3027 3804 tuo
3059 3750 3270 3819 ejicias,
3298 3760 3351 3806 te
3374 3768 3467 3808 ne-

1881 3840 2028 3893 ruine
2058 3840 2165 3894 alio
2199 3841 2265 3894 ad
2305 3842 2750 3897 communionem
2810 3844 3080 3914 indigere.
3135 3843 3252 3898 Non
3314 3847 3462 3903 enim

1880 3937 1936 3984 et
1957 3930 2060 3984 viri
2081 3932 2382 3986 secundum
2404 3932 2729 3988 cbaritatem
2756 3935 3114 3998 ambulantis,
3139 3944 3232 3990 aut
3255 3937 3461 3995 Christi

1882 4021 2054 4091 legem
2113 4022 2483 4093 adimplentis,
2546 4038 2668 4080 sese
2708 4040 2739 4078 a
2794 4026 3023 4081 fratrum
3073 4028 3462 4097 conjunctione

1882 4114 2225 4169 abscindere.
2263 4112 2439 4169 Simul
2461 4120 2644 4169 autem
2673 4115 2836 4170 velim
2868 4125 2923 4171 et
2959 4117 3096 4171 illud
3129 4119 3332 4189 cogitet
3363 4121 3463 4175 bo—
3571 4155 3585 4173 .

1883 4220 1987 4259 nus
2020 4213 2146 4261 tuus
2175 4206 2414 4272 animus,
2452 4207 2579 4263 belli
2612 4208 2815 4261 malum
2844 4208 2991 4279 quod
3028 4209 3084 4264 in
3132 4213 3318 4266 orbem
3352 4213 3462 4267 cir-

1882 4299 2475 4376 cumagitur,_tandem
2521 4300 2820 4371 aliquando
2872 4302 2941 4357 ad
2985 4317 3088 4358 nos
3136 4305 3299 4359 etiam
3334 4321 3461 4376 per-

1879 4397 2173 4445 venturum
2196 4373 2301 4459 {ac
2334 4394 2381 4448 si
2422 4408 2525 4449 nos
2558 4408 2782 4464 quoque
2808 4409 2918 4448 una
2940 4410 3062 4450 cum
3091 4396 3215 4451 aliis
3245 4398 3460 4467 injuria:

1878 4484 2177 4556 participes
2222 4487 2427 4554 simus,
2479 4503 2591 4543 nou
2630 4489 2982 4554 inventuros,
3020 4490 3118 4559 qui
3169 4491 3460 4546 commise-

1869 4711 2151 4785 appetivit,
2179 4719 2239 4767 ut
2271 4710 2457 4785 videre
2484 4711 2651 4785 estin
2676 4712 2839 4785 epist.
2876 4712 2996 4785 126.

1947 4779 2053 4854 (59)
2096 4783 2496 4854 ΪΕκκλη-σιῶῖ.
2528 4781 2677 4836 Harl.
2711 4779 2865 4838 addit
2893 4783 2987 4836 τοῦ
3011 4779 3170 4854 Θεοῦ.

1959 4849 2050 4925 40)
2093 4852 2239 4925 Ὑπὸ
2264 4851 2529 4925 τῶχτνδίο
2557 4861 2667 4925 tres
2690 4854 3049 4925 vetustissimi
3073 4849 3292 4925 codices
3321 4864 3449 4905 cum

1865 4921 2117 5048 pluribus
2145 4924 2288 4978 aliis.
2328 4921 2474 5003 Editi
2517 4922 2668 4995 παρὰ
2704 4922 2841 5004 τῶν..
2875 4923 2999 5003 Μοξι
3040 4921 3167 4976 editi
3202 4938 3454 4995 παραπο-

1899 5012 2062 5048 αυσαι
2091 4994 2191 5047 ἔτι.
2223 4992 2456 5048 Codices
2495 4995 2658 5048 modo
2692 5002 2844 5047 crtatt
2875 5002 2936 5048 ut
2968 5009 3022 5045 In
3057 4998 3231 5046 textu.

1899 4994 2062 5048 αὖσαι
2091 4994 2191 5047 ἔτι.
2223 4992 2456 5048 Codices
2495 4992 2658 5049 modo
2692 4993 2844 5047 citati
2875 5002 2936 5048 ut
2968 4992 3022 5045 in
3057 4998 3231 5046 textu.

1937 5065 2051 5135 (4i)
2089 5061 2635 5132 Ἐπιδειξαμένους.
2670 5063 2812 5120 Med.
2846 5060 3283 5132 ἐπιδεξαμένους,
3329 5076 3449 5115 sus-

2240 5203 2523 5271 έντολήν-
2558 5202 2648 5259 Sic
2666 5211 2782 5260 tres
2806 5181 3170 5259 νθευειίεείιηί
3202 5199 3444 5259 ⁰⁰⁶ί⁰⁸⁸·

1866 5275 2011 5331 Editi
2041 5275 2133 5328 τὸν
2164 5275 2348 5344 νόμον.
2378 5342 2391 5344 _
2658 5342 2694 5344 ά
2967 5341 2976 5344 _
3080 5341 3116 5344 ι
3144 5343 3151 5344 7
3178 5340 3192 5344 Α
3363 5341 3396 5344 __
3433 5299 3467 5344 ί.

1939 5347 2052 5416 (45)
2067 5340 2340 5416 [Ιεριὶόν.
2369 5342 2460 5400 Sic
2491 5359 2630 5401 mss.
2655 5342 2797 5416 Editi
2827 5341 3050 5416 περιίοι.
3080 5340 3448 5416 Ibidemediti

1867 5410 2042 5471 nam:
2066 5410 2203 5472 Tres
2231 5416 2590 5472 vetustissimi
2624 5414 2842 5469 codices
2869 5410 2928 5468 ut
2957 5414 3013 5466 in
3046 5421 3218 5469 textu.
3245 5410 3449 5467 Liben-

1860 5498 1943 5543 ter
1976 5489 2209 5557 legerem
2231 5487 2280 5538 εἰ
2309 5486 2566 5557 καὶ-πρὸς
2589 5486 2735 5556 ἡμᾶς
2761 5484 3014 5557 εἰσέλθοι,
3041 5484 3087 5537 si
3113 5481 3181 5536 ad
3206 5497 3300 5537 nos
3327 5498 3466 5554 per-J

1859 5555 2077 5614 venerit.
2114 5555 2223 5612 Sed
2253 5571 2363 5608 non
2407 5555 2589 5610 favent
2613 5555 2762 5611 ’mss.
2797 5555 3040 5609 codices.

1849 5681 1897 5705 ὧν
1934 5633 1953 5656 ³⁵
1981 5628 2136 5684 Alias
2167 5620 2481 5682 CCCLXIII.
2514 5625 2730 5697 Scripta
2759 5624 2909 5681 circa
2940 5640 3031 5680 an.
3066 5623 3194 5703 5³71.
