3870 6218
1307 237 1344 248 ’δ-

396 251 500 309 623

1709 250 1768 306 S.
1810 248 2052 306 BASILII
2088 247 2308 305 MAGNI

3276 211 3349 223 νοτ

3559 239 3669 311 ist

396 374 639 435 rescant,
687 381 755 424 eo
787 363 954 440 'quod
989 366 1190 424 laetitia
1236 372 1485 439 tempore
1536 367 1607 424 iis
1633 368 1730 439 qui
1771 366 1978 438 injuria

2093 366 2173 420 ιαὶ
2226 364 2365 437 πρὸς
2398 365 2551 437 ἡμᾶς
2597 364 2831 420 εἰσέλθοι
2880 365 3034 431 ποτὲ,
3088 366 3195 422 κᾶν
3252 354 3391 439 μετὰ
3426 367 3538 421 τῶν
3569 367 3672 422 ἄλ-

396 458 777 516 aﬂiciebantur
836 458 1339 517 commiserationis
1369 461 1673 532 symbolam
1716 474 1827 517 non
1856 474 1982 517 ero-

396 566 728 625 gavernuus.

892 880 1238 938 EPISTOLA
1276 882 1489 941 LXVI'.

2086 453 2197 509 λων
2262 454 2359 509 καὶ
2414 456 2578 526 ἡμεῖς
2637 455 2741 527 τῆς
2796 455 3060 528 ἐπηρείας
3128 456 3673 528 παραπολαύσωμεν,

2086 547 2207 601 οὐδὲ
2244 548 2373 612 τοὺς
2411 547 2808 622 συναλγοῦντας
2835 549 3166 621 εὑρήσομεν,
3201 548 3288 603 διὰ
3316 549 3378 603 τὸ
3405 551 3464 602 ὲν
3493 548 3673 622 καιρῷ

2086 641 2186 708 τῆς
2223 628 2492 712 εὐθυμίας
2530 640 2642 713 (44)
2674 640 2835 713 ἡμῶν
2875 643 2950 713 μὴ
2999 640 3513 715 προκαταδαλέσθαι
3556 645 3672 707 τοῖς

2087 728 2435 801 ἠδικημένοις
2461 730 2555 785 τὸν
2579 732 2679 803 τῆς
2712 732 3055 803 συμπαθείας
3087 732 3300 804 ἔρανον.

2616 888 2965 943 ΕΠΙΣΤΟΛΗ
3004 889 3122 946 ΞΖ’.

400 998 551 1063 Rogat
572 996 886 1050 Athanasium
909 995 1145 1059 Basilius,
1168 1001 1222 1047 ut
1246 993 1575 1047 Occidentales
1591 993 1657 1044 ad
1679 998 2063 1063 succurrendum
2080 996 2267 1063 Orienti
2285 998 2488 1063 excitet;
2506 1004 2553 1052 et
2569 1012 2679 1050 cum
2698 997 2962 1051 dissidium
2978 998 3325 1052 Antiochenam
3347 997 3478 1052 solus
3498 999 3673 1053 sedare

1575 1060 1743 1122 possit,
1765 1058 1889 1109 hanc
1906 1058 2208 1124 provinciam
2245 1058 2494 1125 suscipiat.

699 1167 1008 1232 Athanasio,
1032 1167 1276 1236 episcopo
1306 1164 1677 1222 Alexandriae.

476 1282 527 1336 1.
577 1280 798 1337 Nemini
845 1282 1086 1337 arbitror
1124 1289 1337 1336 tantum
1370 1280 1579 1336 doloris
1619 1280 1813 1337 aﬂ'erre
1845 1297 1985 1351 prte-

403 1370 614 1430 set'item
637 1373 1013 1429 Ecclesiartnu
1051 1383 1277 1437 statum,
1317 1388 1414 1429 seu
1467 1373 1674 1445 potius,
1705 1381 1765 1427 ut
1800 1376 1984 1430 verius

401 1466 630 1535 loquar,
684 1466 1106 1534 confusionem,
1160 1474 1430 1536 quantum
1461 1465 1794 1536 prmstantias
1840 1473 1983 1530 tum,

402 1557 499 1628 qui
534 1572 824 1627 comparas
861 1572 987 1611 cum
1023 1557 1227 1626 priscis
1259 1558 1572 1626 praesentia,
1609 1565 1987 1628 quantumque

2287 1170 2630 1235 Ἀθανασίῳ,
2657 1169 2970 1233 ἐπισκόπῳ
3006 1169 3474 1239 Ἀλεξανδρείας.

2157 1283 2209 1338 1.
2250 1283 2454 1337 Οὐδένα
2481 1281 2733 1337 τοσοῦτον
2764 1281 2899 1353 ἡγοῦ
2909 1301 3002 1355 μαι
3031 1282 3224 1337 λυπεῖν
3262 1283 3361 1355 τὴν
3387 1280 3673 1354 παροῦσαν

2084 1377 2193 1430 τῶν
2237 1376 2575 1448 Ἑκκλησιῶν
2607 1376 2962 1440 κατάστασιν,
3016 1375 3218 1447 μᾶλλον
3268 1375 3327 1429 δὲ
3383 1374 3671 1446 σύγχυσιν,

2087 1469 2261 1520 εἰπεῖν
2300 1466 2690 1539 ἀληθέστερον,
2738 1468 2863 1521 ὅσον
2903 1467 3002 1538 τὴν
3047 1466 3144 1539 σὴν
3190 1464 3505 1538 τιμιότητα’
3549 1481 3655 1534 συγ

2087 1560 2340 1630 κρίνοντα
2379 1559 2477 1631 μὲν
2515 1560 2628 1623 τοῖς
2672 1560 2922 1630 ἀρχαίοις
2956 1560 3142 1625 τανῦν,
3183 1552 3278 1614 κα).
3317 1559 3469 1632 παρὰ
3507 1560 3676 1613 πόσον

401 1649 518 1704 hinc
547 1650 615 1703 ab
639 1649 746 1704 illis
780 1649 1008 1711 distent,
1036 1650 1325 1720 intelligis,
1389 1664 1455 1703 ac
1482 1648 1617 1703 illud
1646 1650 1811 1704 etiam
1844 1665 1980 1706 con-

2093 1650 2256 1704 ταῦτα
2304 1651 2530 1704 ἐκείνων
2573 1649 2898 1722 ἐξήλλακται
2940 1649 3310 1721 λογιζόμενον,
3355 1651 3449 1704 καὶ
3498 1651 3581 1703 ὅτι
3624 1651 3673 1703 εί

405 1740 641 1803 sideras,
674 1741 723 1794 si
766 1755 856 1795 res
896 1740 1087 1796 eodem
1121 1741 1330 1811 impetu
1363 1739 1419 1794 in
1452 1740 1611 1810 pejus
1642 1741 1979 1808 dilabantur,

401 1834 541 1888 nihil
592 1833 1032 1903 prohibiturum,
1077 1834 1376 1905 quominus
1421 1833 1682 1889 Ecclesiae
1728 1834 1879 1889 brevi
1926 1835 1984 1888 in

403 1927 566 1980 aliam
606 1927 899 1997 quamdam
947 1927 1179 1982 formam
1228 1927 1451 1997 penitus
1508 1933 1978 1984 transmotentur.

403 2016 533 2073 Ilaec
590 2033 734 2088 saepe
782 2034 997 2074 mecum
1054 2019 1171 2088 ipse
1225 2019 1483 2089 cogitavi,
1536 2020 1584 2075 si
1636 2020 1796 2075 nobis
1846 2018 1983 2074 adeo

401 2111 737 2167 miserabilis
775 2110 1150 2167 Ecclesiarum
1186 2111 1506 2182 depravatio
1550 2111 1790 2175 videtur,
1829 2111 1979 2181 quali

401 2217 526 2257 eum
568 2203 754 2258 animo
786 2203 874 2259 his
906 2203 970 2257 in
1008 2204 1172 2259 rebus
1193 2219 1319 2260 esse
1344 2219 1445 2274 par
1484 2203 1576 2266 sit,
1619 2203 1712 2273 qui
1740 2205 1982 2274 priscam

403 2295 841 2364 tranquilitatem
874 2295 1036 2366 159
1064 2305 1118 2351 et
1152 2295 1210 2350 in
1262 2296 1368 2351 ﬁde
1401 2296 1758 2350 concordiam
1792 2294 1981 2350 Eccle-

404 2384 617 2438 siarum
663 2382 885 2438 Domini
934 2394 1197 2455 expertus
1230 2384 1353 2441 est?
1402 2386 1474 2439 At
1519 2385 1979 2456 quemadmodum

401 2476 641 2547 plurima
673 2458 1142 2545 pars'doloris‘ad
1185 2478 1560 2547 praestantiam
1599 2486 1747 2532 tuam
1785 2492 1979 2548 perve-

402 2569 515 2630 nit,
550 2568 623 2621 ita
666 2566 864 2623 decere
895 2568 1255 2634 arbitramur,
1284 2576 1345 2622 ut
1381 2576 1435 2623 et
1465 2568 1857 2623 sollicitudinis
1884 2584 1983 2638 pro

403 2654 668 2710 Ecclesiis
705 2655 944 2726 plurima
989 2656 1058 2710 ad
1101 2665 1251 2711 tuam
1295 2657 1644 2727 prudentiam
1688 2659 1979 2730 pertineat.

401 2743 623 2799 Dudum
676 2746 804 2801 novi
858 2754 913 2802 et
963 2746 1102 2817 ipse,
1141 2763 1239 2817 pro
1297 2749 1565 2805 mediocri
1622 2764 1744 2804 mea
1797 2765 1981 2806 rerum

401 2835 624 2897 notitia,
671 2850 838 2889 unam
870 2849 994 2891 esse
1032 2835 1294 2891 Ecclesiis
1331 2836 1538 2893 nostris
1584 2836 1775 2898 auxilii
1810 2837 1978 2901 viam,

405 2925 453 2981 si
480 2926 768 2979 nobiscum
795 2925 1111 2995 conspirent
1142 2923 1526 2982 Occidentales
1550 2926 1818 2997 episcopi.
1841 2925 1979 2982 Nam

2090 1742 2231 1797 κατὰ
2269 1741 2367 1812 τὴν
2401 1741 2571 1810 αὐτὴν
2607 1740 2784 1812 ὁρμὴν
2826 1740 3084 1812 ὑπορρέοι
3120 1740 3232 1811 (45)
3273 1740 3365 1794 ἐπὶ
3396 1741 3458 1794 τὸ
3491 1743 3655 1812 χεῖρο·

2082 1836 2152 1890 τὰ
2190 1835 2515 1907 πράγματα,
2563 1833 2716 1886 οὐδὲν
2759 1833 2914 1887 ἔσται
2946 1834 3007 1886 τὸ
3038 1832 3279 1899 κωλύον,
3319 1834 3449 1887 εἴσω
3489 1834 3639 1903 ὀλίγο

2084 1924 2279 1997 χρόνου
2304 1924 2440 1995 πρὸς
2468 1923 2596 1977 ἄλλο
2617 1938 2671 1975 τι
2702 1924 2884 1995 σχῆμα
2913 1923 3194 1987 παντελῶς
3221 1924 3676 1996 μεθαρμοσθῆναι

2082 2019 2183 2083 τὰς
2225 2017 2574 2087 Ἐκκλησίας.
2608 2015 2796 2070 Ταῦτα
2822 2014 3080 2080 πολλάκις
3110 2016 3197 2069 ἐπ’
3234 2015 3475 2087 ἐμαυτοῦ
3519 2018 3676 2085 γενό-

2086 2128 2245 2185 μενος
2294 2109 2594 2181 διενοήθην,
2641 2109 2757 2172 ὅτι,
2806 2110 2855 2160 εί
2901 2111 3035 2179 ἡμῖν
3087 2107 3261 2172 οὕτως
3311 2108 3517 2180 ἐλεεινὴ
3563 2110 3678 2164 τῶν

2095 2201 2489 2272 Ἐκκλησιῶνὴ
2525 2198 2857 2272 παρατροπὴ
2899 2200 3316 2269 καταφαίνεται,
3352 2200 3512 2253 ποίαν
3553 2202 3677 2256 τινὰ

2082 2290 2230 2357 εἰκὸς
2268 2291 2360 2345 ἐπὶ
2399 2284 2610 2354 τούτοις
2653 2289 2832 2363 ψυχὴν
2871 2289 3018 2360 ἔχειν
3053 2284 3146 2343 τὸν
3181 2290 3283 2361 τῆς
3322 2291 3555 2362 ἀρχαίας
3586 2292 3678 2346 εύ-

2085 2384 2340 2447 σταθείας
2371 2383 2466 2437 καὶ
2501 2381 2753 2453 ὁμονοίας
2791 2383 2920 2452 περὶ
2958 2381 3055 2454 τὴν
3082 2381 3265 2435 πίστιν
3299 2382 3407 2436 τῶν
3453 2383 3678 2455 Ἐκκληά

2086 2478 2218 2531 σιῶν
2242 2476 2337 2531 τοῦ
2367 2476 2573 2547 Κυρίου
2606 2474 2719 2547 (46)
2750 2475 3193 2547 πεπειραμένον;
3223 2474 3366 2528 Ἀλλ’
3399 2473 3587 2548 ὥσπερ
3616 2475 3679 2529 τὸ

2084 2566 2220 2621 πολὺ
2266 2566 2364 2637 τῆς
2407 2564 2585 2637 λύπης
2629 2563 2728 2635 τὴν
2777 2563 2875 2635 σὴν
2926 2563 3243 2635 τελειότητα
3293 2564 3675 2637 περιίσταται,

2083 2659 2255 2722 οὕτως
2290 2655 2570 2728 ἡγούμεθα
2613 2656 2910 2728 προσήκειν
2952 2655 3178 2727 καὶτῆς
3227 2655 3368 2729 ὑπὲρ
3401 2656 3511 2711 τῶν
3552 2656 3679 2710 Ἐκ-

2084 2750 2324 2823 κλησιῶν
2367 2749 2637 2822 μερίμνης
2677 2748 2739 2801 τὸ
2780 2747 2943 2800 πλέον
2995 2750 3060 2818 τῇ
3104 2751 3171 2820 σῇ
3226 2747 3507 2820 διαφέρειν
3546 2765 3653 2820 φρο

2083 2845 2257 2914 νήσει.
2282 2841 2458 2896 Πάλαι
2482 2838 2598 2894 οἶδα
2620 2840 2714 2894 καὶ
2746 2840 2929 2906 αὐτὸς,
2963 2839 3103 2893 κατὰ
3135 2840 3235 2910 τὴν
3264 2840 3679 2912 ἐνυπάρχουσαν

2089 2951 2180 3005 μοι
2221 2933 2459 3005 μετρίως
2493 2931 2604 2984 τῶν
2644 2931 2987 3002 πραγμάτων
3023 2930 3361 3001 κατάληψιν,
3400 2931 3528 3002 μίαν
3559 2933 3679 2985 ἐπι-

404 3016 454 3073 si
503 3017 812 3082 voluerint,
862 3018 1008 3087 quod
1064 3018 1434 3073 adhibuerunt
1488 3020 1734 3074 studium
1779 3020 1835 3074 in
1869 3035 1978 3075 uno

2093 3026 2242 3096 γνοὺς
2270 3025 2387 3078 ὁδὸν
2405 3023 2656 3096 βοηθείας
2685 3025 2806 3087 ταῖς
2838 3023 2962 3077 καθ’
2991 3025 3138 3095 ἡμᾶς
3179 3025 3555 3096 Ἐκκλησίαις,
3576 3026 3681 3097 τὴν

406 3117 502 3163 aut
535 3109 739 3173 altero,
783 3124 1045 3179 perverse
1094 3109 1151 3163 in
1194 3108 1494 3165 Occidente
1527 3111 1732 3166 sentire
1783 3109 1982 3180 depre-

402 3199 617 3263 hensis,
649 3199 786 3254 illud
809 3199 975 3254 etiam
1004 3214 1106 3269 pro
1135 3210 1449 3257 nostrarum
1477 3204 1715 3271 partium
1743 3202 1985 3272 partecia

402 3288 736 3355 ostendere;
783 3288 1019 3344 fortasse
1058 3291 1223 3346 rebus
1269 3292 1656 3347 communibus
1687 3308 1800 3346 non
1846 3291 1987 3346 nihil

406 3382 709 3437 accesserit
753 3382 1048 3447 utilitatis,
1084 3384 1415 3454 imperatore
1465 3382 1838 3440 multitudinis
1887 3398 1987 3438 au-

405 3479 714 3533 ctoritatem
751 3486 1038 3532 reverente
1080 3484 1136 3531 et
1174 3477 1392 3547 populis
1426 3476 1633 3547 ubique
1677 3478 1831 3548 ipsos
1865 3477 1987 3532 sine

405 3570 575 3625 duhio
602 3569 981 3639 sequentibus.
1014 3568 1152 3635 Quis
1183 3578 1365 3623 autem
1396 3569 1464 3622 ad
1490 3568 1605 3623 hac
1652 3569 1987 3640 perficienda

404 3663 688 3736 potentior
737 3670 822 3719 est
873 3662 1163 3732 prudentia
1218 3662 1351 3715 tua?
1396 3662 1521 3731 quis
1577 3661 1644 3716 ad
1692 3661 1986 3716 videndum

406 3754 542 3826 quid
563 3755 758 3809 deceat
787 3754 1040 3809 acutior?
1078 3753 1203 3824 quis
1235 3754 1301 3808 ad
1335 3752 1667 3822 perficienda
1711 3768 1831 3822 quae
1858 3768 1988 3822 pro-

407 3854 542 3903 sunt
569 3846 877 3901 etlicacior?
907 3846 1033 3915 quis
1064 3846 1131 3900 ad
1157 3845 1456 3900 dolendum
1486 3859 1552 3899 ex
1586 3844 1822 3898 fratrum
1853 3843 1990 3898 aﬂli-

405 3938 593 3995 ctione
620 3938 981 4008 propensior?
1005 3937 1132 4007 quis
1159 3951 1423 4006 perquam
1451 3935 1752 3991 reverenda
1781 3936 1990 3991 canitie

407 4036 506 4086 tua
539 4029 825 4085 Occidenti
856 4030 955 4083 toti
997 4028 1411 4083 venerabilior?
1446 4028 1716 4098 Relinque
1766 4027 1988 4098 aliquod

410 4127 833 4175 monumentum
876 4120 1230 4184 mortalibus,
1262 4128 1355 4174 tua
1386 4118 1607 4173 vivendi
1652 4118 1866 4173 ratione
1899 4117 1987 4171 di-

409 4226 602 4284 gnum,
634 4209 797 4265 Pater
826 4210 881 4264 in
924 4210 1119 4281 primis
1152 4209 1480 4265 venerande.
1513 4209 1839 4264 Innumeros
1866 4209 1990 4263 illos

412 4319 515 4377 pro
546 4305 747 4375 pietate
775 4304 1088 4358 exantlatos
1119 4303 1339 4358 labores
1368 4303 1474 4357 hoc
1504 4318 1618 4357 uno
1649 4301 1798 4357 facto
1827 4316 1990 4357 exor-

410 4413 525 4455 na:
558 4396 713 4451 mitte
755 4397 969 4465 aliquos
998 4411 1065 4450 ex
1099 4406 1292 4448 sancta
1333 4400 1427 4447 tua
1462 4391 1714 4447 Ecclesia
1745 4392 1899 4446 viros
1928 4394 1987 4445 in

412 4503 551 4547 sana
577 4486 829 4542 doctrina
858 4494 1110 4557 potentes
1146 4486 1211 4539 ad
1244 4484 1633 4541 Occidentales
1655 4483 1988 4554 episcopos:

411 4595 628 4653 expone
652 4580 761 4635 illis
790 4579 1134 4635 calamitates
1158 4577 1362 4647 quibus
1391 4577 1726 4648 premimur:
1759 4588 1994 4646 suggere

488 4739 505 4764 ⁸
541 4738 692 4792 AIias
720 4734 955 4791 XLVIII.
985 4734 1201 4806 Scripta
1225 4750 1370 4789 anno
1399 4735 1528 4789 571.

414 4870 445 4935 θ
484 4809 597 4932 (t4)
627 4808 950 4876 Εὐθυμίας.
984 4805 1076 4861 Sic
1110 4802 1273 4861 iidem
1302 4813 1418 4863 tres
1451 4803 1689 4859 codices.
1721 4802 1868 4860 Editi
1897 4803 1991 4859 εὐε-

451 4898 515 4935 τιν
541 4896 626 4935 ας.

487 4881 626 4932 νίας.

645 4946 963 5021 Ὑπεοῤῥέοι.
994 4946 1193 5021 Ita-sex
1222 4960 1358 5000 mss.
1391 4942 1847 5021 Ιίιίἰιὶίνιτορρέειἶ

489 5014 602 5092 (46)
624 5017 750 5092 ’Τοῦ
790 5018 1031 5092 Κυρίου.
1074 5014 1169 5092 Ita
1198 5024 1331 5092 tres_
1354 5014 1721 5092 vetustissimi
1748 5014 1988 5081 codices,

416 5084 594 5150 Harl;
624 5087 761 5141 Med.
796 5096 845 5140 et
870 5088 1040 5141 Coisl.
1074 5086 1217 5139 Editi
1241 5084 1334 5137 τοῦ
1365 5085 1522 5141 Θεοῦ.

489 5162 601 5230 (I7)
621 5157 810 5230 ῨὙπὲρ
843 5155 985 5230 erce
1024 5156 1060 5230 ᾗ
1110 5157 1238 5210 δύο.
1270 5155 1341 5230 |r_i_
1357 5170 1454 5230 ora
1482 5153 1693 5230 cpdicis
1713 5153 1876 5230 ‘Regii
1907 5171 1995 5211 se-

418 5224 593 5285 cundi
618 5226 945 5297 Iegiturrhoc
970 5228 1236 5280 scholium
1260 5224 1432 5297 gIIapi.
1455 5224 1567 5297 fribv
1596 5225 1737 5297 κατὰ
1775 5225 1992 5297 Ῥώμην

418 5295 728 5355 ἐπισκόπων
761 5296 1069 5362 Αύξεντίου,
1092 5297 1186 5350 καὶ
1210 5295 1477 5366 τῶνυπερὶ
1507 5295 1689 5348 αὐτόν.

492 5369 605 5490 (48)
643 5366 763 5421 Τῶν
790 5383 852 5420 τε
884 5369 1280 5435 κρατούντων.
1311 5364 1509 5419 Eadem
1536 5381 1670 5419 voce
1697 5364 1994 5434 imperatov

492 5455 538 5490 ιιι
574 5439 823 5490 iesitznat
846 5438 898 5490 in
935 5439 1100 5490 enist.
1134 5437 1222 5490 68.
1252 5436 1343 5490 Sic
1370 5444 1550 5490 autem
1581 5437 1993 5490 interpretando

423 5436 538 5493 rem
574 5436 823 5506 designat
846 5438 898 5490 in
935 5439 1100 5507 epist.
1134 5437 1222 5490 68.
1252 5436 1343 5490 Sic
1370 5444 1553 5507 autem,
1581 5437 1993 5507 interpretando

421 5503 750 5577 Sustulirmis
803 5503 1063 5577 quidquid
1107 5515 1227 5577 erat
1255 5506 1511 5577 ambigui
1545 5506 1598 5559 in
1633 5503 1993 5577 Graecocon-

420 5587 596 5634 textu.
618 5576 752 5631 Illud
776 5574 1412 5638 ειιὶιιι,’ἁκολουθούντων
1432 5574 1651 5639 αὐτοῖς,
1687 5590 1796 5629 non
1829 5574 1993 5629 debet

423 5649 619 5707 referri
647 5648 713 5704 ad
749 5646 1174 5718 imperatorem;
1202 5646 1405 5717 alioqui
1430 5645 1665 5703 Basilius
1693 5644 1993 5717 profuisset

2018 4362 2066 4422 υ

2087 3116 2239 3189 παρὰ
2284 3115 2393 3170 τῶν
2436 3114 2669 3169 δυτικῶν
2714 3115 3029 3170 ἐπισκόπων
3082 3115 3409 3188 σύμπνοιαν.
3455 3118 3521 3170 Et
3566 3117 3680 3190 γὰρ

2090 3207 2430 3279 βουληθεῖεν,
2466 3206 2525 3259 ὃν
2566 3206 2825 3261 ἀνέλαϐον
2864 3207 3005 3279 ὑπὲρ
3043 3206 3164 3272 ἑνὸς
3196 3206 3229 3281 ἢ
3268 3208 3362 3263 δύο
3394 3209 3524 3281 (47)
3567 3209 3682 3265 τῶν

2087 3299 2230 3355 κατὰ
2267 3300 2363 3373 τὴν
2407 3299 2560 3352 δύσιν
2600 3297 2695 3352 ἐπὶ
2738 3298 3030 3372 κακοδοξίᾳ
3078 3299 3442 3371 φωραθέντων
3482 3300 3680 3372 ζῆλον,

2085 3391 2275 3446 τοῦτον
2297 3392 2390 3446 καὶ
2418 3392 2557 3462 ὑπὲρ
2589 3390 2690 3460 τῆς
2719 3391 3014 3464 παροικίας
3039 3391 3148 3445 τῶν
3177 3391 3297 3447 καθ’
3322 3394 3472 3465 ἡμᾶς
3495 3393 3682 3466 μερῶν

2086 3484 2479 3551 ἐπιδείξασθαι,
2504 3485 2645 3556 τάχα
2682 3484 2747 3538 ἄν
2776 3501 2830 3539 τι
2862 3485 3072 3555 γένοιτο
3098 3488 3209 3550 τοῖς
3234 3489 3435 3551 κοινοῖς
3463 3486 3679 3555 ὄφελος,

2087 3576 2195 3630 τῶν
2228 3593 2286 3630 τε
2331 3575 2678 3648 κρατούντων
2710 3576 2819 3648 (48)
2862 3577 2924 3630 τὸ
2959 3577 3272 3642 ἀξιόπιστον
3308 3578 3401 3632 τοῦ
3437 3578 3683 3650 πλήθους

2086 3671 2544 3747 δυσωπουμένων,
2599 3671 2695 3726 καὶ
2739 3672 2849 3726 τῶν
2898 3667 3200 3744 ἑκασταχοῦ
3255 3672 3399 3727 λαῶν
3453 3673 3684 3728 ἀκολουι

2089 3762 2325 3817 θούντων
2348 3764 2531 3827 αὐτοῖς
2557 3765 2987 3836 ἁναντιρρήτως.
3012 3764 3107 3829 Τίς
3132 3759 3225 3819 οὖν
3250 3764 3424 3818 ταῦτα
3443 3765 3684 3838 διαπρά-

2094 3853 2286 3919 ξασθαι
2321 3855 2423 3926 τῆς
2458 3855 2561 3926 σῆς
2597 3856 2866 3918 συνέσεως
2900 3854 3295 3927 δυνατώτερος;
3329 3857 3413 3921 τίς
3448 3859 3682 3914 συνιδεῖν

2090 3945 2152 3999 τὸ
2182 3945 2298 3999 δέον
2324 3945 2606 4018 ὀξύτερος;
2635 3949 2721 4011 τίς
2750 3946 3039 4018 ἐνεργῆσαι
3066 3944 3136 3999 τὰ
3163 3948 3412 4019 χρήσιμα
3443 3966 3682 4020 πρακτι-

2090 4038 2357 4112 κώτερος;
2403 4040 2488 4103 τίς
2535 4039 2672 4111 πρὸς
2712 4039 2811 4112 τὴν
2854 4040 3224 4111 καταπὸνησιν
3274 4041 3382 4094 τῶν
3432 4041 3681 4112 ἀδελφῶν

2092 4130 2569 4201 συμπαθέστερος;
2605 4130 2689 4195 τίς
2719 4130 2821 4199 τῆς
2854 4132 3190 4203 σεμνοτάτης
3221 4149 3313 4185 σου
3345 4131 3538 4197 πολιᾶς
3567 4133 3679 4207 (49)

2093 4224 2241 4296 πάσῃ
2278 4226 2344 4295 τῇ
2382 4223 2533 4278 δύσει
2567 4223 3019 4296 αίδεσιμώτεροςς
3056 4226 3338 4281 Κατάλιπέ
3378 4245 3431 4281 τι
3470 4224 3680 4301 μνημό-

2096 4326 2252 4369 συνον
2284 4314 2362 4386 τῷ
2393 4313 2492 4387 βίῳ
2524 4314 2627 4385 τῆς
2659 4316 2761 4387 σῆς
2794 4316 3016 4380 ἐπάξιον
3051 4319 3347 4386 πολιτείας,
3379 4319 3679 4391 τιμιώτατα

2093 4404 2295 4476 Πάτερ.
2330 4403 2468 4468 Τοὺς
2510 4404 2735 4477 μυρίους
2779 4406 3020 4471 ἐκείνους
3063 4409 3205 4481 ὑπὲρ
3247 4410 3346 4481 τῆς
3394 4409 3681 4477 εὐσεϐείας

2094 4492 2286 4558 ἄλλους
2307 4488 2388 4547 ἐν),
2411 4493 2583 4566 τούτῳ
2609 4497 3027 4568 κατακόσμησον
3044 4497 3337 4571 (scisma.
3354 4497 3680 4572 Ἐκπεμψόν

2091 4602 2246 4648 τινας
2287 4586 2351 4638 ὲκ
2384 4585 2486 4656 τῆς
2522 4582 2682 4655 ἁγίας
2719 4586 2819 4657 τῆς
2863 4587 2970 4641 ὑπὸ
3006 4588 3067 4641 σὲ
3108 4589 3434 4661 Ἑκκλησίας
3476 4592 3681 4666 ἄνδρας

2093 4737 2263 4809 αύτῷ,
2293 4746 2355 4793 ιιι
2385 4739 2440 4794 in
2482 4739 2645 4809 epist.
2676 4740 2854 4796 'modo
2882 4741 3070 4797 citata.
3106 4739 3375 4799 Praeterea
3414 4760 3525 4799 non
3557 4753 3681 4800 tan.

2093 4817 2208 4885 tum
2238 4809 2362 4885 sibi
2383 4811 2451 4865 de
2500 4808 2729 4885 Valente
2778 4812 3164 4882 pollicebatur,
3199 4821 3259 4867 ut
3302 4829 3427 4868 eum
3460 4818 3682 4885 populis

2093 4878 2267 4951 facem
2298 4881 2365 4934 ad
2399 4896 2589 4951 sanam
2642 4878 2800 4935 fidem
2853 4891 3099 4951 speraret
3143 4878 3549 4951 ostensurumf
3580 4887 3680 4941 sed

2093 4897 2267 4933 tacem
2298 4897 2365 4934 au
2399 4897 2589 4935 sanam
2642 4897 2800 4935 nuem
2853 4898 2878 4936 s
2919 4897 3099 4938 araret
3143 4897 3528 4951 ostensurum;
3580 4897 3680 4941 sed

2093 4949 2210 5003 lucc
2260 4950 2709 5032 referride'oent
2752 4897 3278 5032 adaccidentales.
3328 4955 3507 5032 atque
3547 4956 3680 5032 inde

2093 5029 2280 5073 nostra
2318 5022 2569 5093 firmatur
2591 5021 2995 5093 interpretatio.
3022 5021 3158 5093 Nam
3188 5038 3313 5078 cum
3342 5021 3459 5080 haec
3482 5026 3677 5092 verba,

2091 5100 2142 5164 et
2175 5092 2384 5164 populis
2415 5091 2605 5163 ubique
2631 5091 2796 5164 Δίρεὸε
2842 5095 2962 5150 sine
3005 5092 3166 5164 dubio
3200 5096 3554 5164 sequentibus.
3588 5091 3681 5151 re-

2094 5159 2227 5214 ferri
2257 5160 2494 5216 debeant
2519 5159 2591 5216 ad
2620 5159 3037 5229 OCcidetﬂales;
3080 5163 3127 5218 si
3167 5159 3534 5231 his'vocibus,
3567 5167 3682 5222 τῶν

2091 5246 2153 5283 τε
2188 5231 2554 5302 κρατούντων,
2587 5248 2710 5302 qua:
2746 5232 2995 5357 proxime
3023 5233 3376 5303 antecedunt,
3401 5251 3515 5291 non
3546 5238 3680 5293 uni-

2094 5314 2214 5354 cam
2250 5317 2562 5357 personam.
2589 5303 2685 5357 sed
2714 5319 2749 5357 υ
2775 5317 2902 5357 ures
2930 5302 3300 5357 desienasset.

2094 5314 2216 5375 cani
2232 5317 2562 5375 personam,
2588 5303 2685 5375 _s_ed
2714 5302 2902 5373 plures
2930 5302 3300 5375 designasset.

2168 5369 2279 5441 (49)
2310 5372 2556 5441 Πολιᾶς.
2588 5369 2733 5429 Tres
2759 5388 2893 5428 mss.
2927 5382 2984 5428 et
3017 5369 3259 5429 secunda
3300 5391 3468 5432 manu
3499 5374 3678 5433 Medi-

2094 5455 2239 5494 caaus
2267 5441 2561 5506 πολιτείας.

2164 5510 2275 5581 (50)
2308 5514 2810 5589 Katandp'p‘na'or.
2842 5510 2921 5571 Ita
2951 5530 3087 5572 mss.
3124 5524 3333 5589 septem
3366 5535 3381 5572 :
3413 5515 3548 5573 editi
3576 5532 3678 5572 κα·-

2091 5580 2380 5652 τὰστησον,
2412 5580 2689 5653 conﬁrma.
