3870 6218
123 253 227 311 ιεε

1036 254 1522 310 EPISTOLARUM
1559 253 1846 310 CLASSIS
1876 253 1940 310 ll.
1982 252 2204 310 EPIST.
2246 251 2452 308 LXVII.

3272 249 3380 313 ιισ

123 363 380 427 δυνατοὺς
401 363 460 414 ἐν
475 366 543 434 τῇ
571 363 890 435 ὑγιαινούσῃ
915 364 1233 438 διδασκαλίᾳ
1255 366 1390 440 πρὸς
1414 369 1541 432 τοὺς
1561 367 1698 422 κατά

1810 367 2025 422 modum
2057 367 2177 438 Opis
2207 365 2444 422 ferenda:
2473 383 2487 431 ;
2524 364 2622 420 ﬁas
2648 363 2871 421 Samuel
2895 342 3202 433 Ecclesiis“,
3235 366 3380 422 aﬂli-

124 454 216 526 τὴν
239 453 395 508 δύσιν
422 453 770 518 ἐπισκόπους·
791 456 1046 527 διήγησαι
1071 458 1254 522 αὐτοῖς
1282 459 1381 521 τὰς
1400 459 1704 530 κατασχού-

123 564 220 611 σας
270 547 420 618 ἡμᾶς
476 549 778 620 συμφοράς·
832 549 1034 604 ὑπόθου
1087 551 1286 624 τρόπον
1343 553 1698 624 ἀντιλήψεως

124 638 278 710 γενοῦ
303 640 558 712 Σαμουὴλ
583 644 701 706 ταῖς
731 642 1097 714 Ἑκκλησίαις·
1135 644 1560 716 πολεμουμένοις
1587 648 1701 709 τοῖς

122 733 268 795 λαοῖς
328 732 814 803 συγκακοπάθησον
837 751 851 765 ·
911 735 1170 802 ἀνένεγκε
1230 737 1513 807 εἰρηνικάς
1569 736 1698 806 (51)

120 823 451 898 προσευχάςο
482 824 704 896 αἴτησον
733 825 892 897 χάριν
919 827 1069 898 παρὰ
1096 829 1192 882 τοῦ
1224 829 1450 901 Κυρίου,
1479 831 1704 901 εἰρήνης

118 929 168 964 τι
197 914 549 984 μνημόσυνον
595 917 874 984 ἐναφεῖναι
897 918 1010 989 (52)
1033 922 1156 982 ταῖς
1183 920 1544 992 Ἐκκλησίαις.
1574 917 1704 975 Οἶδα

118 1005 194 1056 Ξτι
213 1004 464 1069 ἀσθενεῖς
489 1007 545 1058 αἱ
573 1008 855 1061 ἐπιστολαὶ
887 1010 1025 1081 πρὸς
1057 1011 1366 1082 συμϐουλὴν
1395 1011 1488 1064 τοῦ
1518 1011 1705 1065 τοσού-
1732 1063 1735 1066 ,

116 1116 206 1150 ,ου
251 1098 599 1169 πράγματος.
645 1101 780 1154 Ἀλλ’
814 1101 938 1155 οὔτε
977 1103 1140 1166 αὐτὸς
1179 1106 1276 1175 τῆς
1326 1107 1455 1175 παρ’
1497 1104 1700 1176 ἐτέρων

1806 473 1934 529 gere
1955 473 2064 512 una
2093 473 2220 512 cum
2247 458 2467 528 populis
2497 456 2640 512 bello
2666 457 2995 528 oppugnatis
3020 473 3033 522 ;
3056 456 3198 526 pll‘er
3229 457 3353 528 paci
3378 488 3384 497 -

1807 549 1940 606 ﬁcas
1985 565 2220 621 preces;
2265 560 2390 621 pete
2423 551 2654 623 gratiam
2691 563 2722 603 a
2766 548 3020 616 Domino,
3053 559 3112 604 ut
3157 551 3377 622 aliquod

1805 645 1958 715 pacis
2007 653 2423 700 monumentum
2464 643 2730 700 Ecclesiis
2779 642 3056 698 immittat.
3094 643 3222 699 Scio
3260 644 3380 715 epi-

1814 737 1990 792 stolas
2040 736 2288 792 inﬁrmas
2337 752 2481 800 esse,
2531 746 2592 792 ut
2642 752 2732 792 res
2763 735 2900 789 tanti
2946 736 3212 790 momenti
3253 752 3383 792 sua-

1804 829 2018 884 deatur.
2045 828 2152 886 Sed
2183 845 2364 900 neque
2393 837 2452 884 tu
2478 829 2709 884 aliorum
2737 829 3119 886 exhortatione
3144 828 3379 900 indiges,

1804 937 1915 975 non
1949 937 2080 978 sane
2110 923 2286 992 magis
2330 937 2496 991 quam
2528 920 2940 991 generosissimi
2985 919 3198 990 pugiles
3242 934 3380 989 pue-

1804 1029 1992 1070 rorum
2025 1014 2421 1070 acclamatione
2448 1032 2460 1066 :
2491 1027 2669 1082 neque
2698 1027 2801 1067 nos
2829 1011 3090 1067 docemus
3120 1024 3380 1082 ignoran—

1807 1111 1936 1170 tem,
1969 1103 2063 1159 sed
2098 1101 2383 1158 festinanti
2419 1102 2681 1171 impetum
2710 1101 3069 1156 intendimus.

115 1190 512 1261 παρακλήσεως
550 1193 798 1263 χρῄζεις,
838 1196 900 1247 οὐ
942 1195 1142 1264 μᾶλλον
1207 1213 1269 1265 γε
1313 1197 1346 1267 ἢ
1389 1195 1498 1249 τῶν
1547 1195 1862 1265 ἀγωνιστῶν
1926 1197 1974 1248 οἰ
2041 1195 2406 1264 γενναιότατοι
2440 1195 2540 1265 τῆς
2576 1193 2727 1265 παρά
2767 1191 2874 1245 τῶν
2919 1193 3126 1247 παίδων
3165 1193 3379 1262 ὑποφω-

114 1284 342 1354 ιὴσεως·
362 1283 486 1338 οὔτε
506 1285 666 1357 ἡμεῖς
686 1288 977 1356 ἀγνοοῦντα
993 1290 1335 1362 διδάσκομεν,
1358 1292 1472 1346 ἀλλ’
1496 1291 1855 1345 ἐσπουδακότι
1887 1290 1986 1362 τὴν
2012 1291 2188 1363 ὁρμὴν
2215 1291 2576 1362 ἐπιτείνομεν.

173 1379 231 1434 2.
267 1381 412 1451 Πρὸς
454 1381 552 1452 μὲν
584 1379 677 1438 οὖν
707 1384 777 1436 τὰ
814 1383 978 1439 λοιπὰ
1013 1389 1114 1457 τῆς
1147 1387 1411 1458 ἀνατολῆς
1453 1387 1583 1450 ἴσως
1619 1405 1702 1440 σοι

116 1469 205 1523 (αὶ
231 1471 496 1524 πλειόνων
528 1476 821 1546 συνεργίας
845 1478 1092 1548 προσδεῖ,
1125 1480 1220 1531 κα)⁸
1245 1479 1458 1550 ἀνάγκη
1497 1479 1701 1550 ἀναμέ-

115 1577 222 1612 ιειν
256 1563 385 1625 τοὺς
421 1565 485 1616 ὲκ
523 1567 623 1634 τῆς
670 1565 896 1630 δύσεως.
941 1568 1005 1621 Ἦ
1048 1569 1230 1639 μέντοι
1268 1569 1371 1640 τῆς
1415 1571 1557 1624 κατὰ
1600 1573 1700 1643 τὴν

1877 1387 1933 1442 2.
1965 1386 2048 1442 Ad
2082 1388 2326 1456 reliquas
2359 1385 2581 1455 quidem
2624 1401 2712 1440 res
2743 1383 2985 1440 Orientis
3015 1383 3248 1441 fortasse
3273 1383 3376 1438 tilzi

1807 1479 2045 1550 plurium
2087 1479 2252 1533 etiam
2303 1478 2622 1548 adiumento
2653 1493 2794 1546 opus
2845 1484 2952 1537 est,
3004 1483 3171 1546 atque
3217 1474 3379 1530 Occi-

1805 1573 2054 1629 dentales
2103 1587 2332 1628 necesse
2382 1578 2467 1628 est
2526 1582 2867 1639 exspectare.
2919 1567 3025 1624 Sed
3081 1569 3377 1638 praeclarus

121 1651 450 1723 Αντιόχειαν
491 1655 819 1728 Ἐκκλησίας
866 1661 1086 1724 εὐταξία
1131 1662 1408 1734 προδήλως
1451 1665 1548 1734 τῆς
1599 1665 1698 1735 σῆς

121 1743 345 1767 l___..__-
383 1744 656 1767 n_-_-£_!,,
703 1766 707 1767 ,
750 1749 772 1765 ον
974 1753 984 1765 ι
1101 1753 1114 1767 ο
1212 1756 1223 1767 ε
1403 1755 1428 1765 ~
1569 1756 1668 1767 ,ιι-κ

1810 1665 2160 1720 Antiochense
2205 1664 2468 1720 Ecclesiae
2508 1670 2686 1718 status
2723 1669 2912 1733 aperte
2941 1678 3007 1717 ex
3053 1672 3145 1716 tua
3176 1661 3378 1732 pietate

112 1743 347 1814 ἧρτηται
382 1744 710 1811 θεοσεϐείας·
739 1749 880 1803 ὥστε
905 1753 1033 1816 τοὺς
1060 1753 1157 1824 μὲν
1177 1755 1532 1826 οἰκονομῆσαι
1564 1756 1694 1827 (55),

112 1837 236 1899 τοὺς
269 1837 328 1890 δὲ
353 1838 756 1910 καθησυχάσαι,
787 1843 1078 1898 ἀποδοῦναι
1102 1845 1157 1898 δὲ
1178 1846 1275 1918 τὴν
1305 1848 1458 1918 ἰσχὺν
1489 1850 1552 1919 τῇ
1580 1849 1699 1902 Ἐκ-

113 1926 313 1998 (luat-.11
345 1929 460 1998 (54)
491 1930 579 1984 διὰ
621 1933 722 2002 τῆς
757 1937 1094 2005 συμφωνίας.
1138 1939 1249 1992 Καὶ
1287 1939 1394 2011 γὰρ
1428 1942 1508 1994 ὅτι
1547 1942 1696 2009 ὀφεί-

112 2031 241 2084 λεις,
273 2023 414 2075 κατά
444 2024 570 2087 τοὺς
606 2029 952 2095 σοφωτάτους
978 2030 1085 2084 τῶν
1115 2031 1334 2098 ἰατρῶν,
1369 2033 1468 2104 τῆς
1500 2034 1698 2103 ἐπιμε-

110 2111 261 2175 λείας
303 2115 370 2167 ἐκ
405 2114 513 2168 τῶν
557 2123 934 2187 καιριωτάτων
974 2120 1267 2191 ἄρχεσθαι,
1309 2124 1510 2187 παντὸς
1543 2127 1700 2196 ἀκρι-

110 2201 370 2276 ὗέστερον
395 2207 558 2270 αὐτὸς
578 2207 887 2264 ἐπίστασαι.
917 2209 981 2265 Τί
1004 2212 1048 2264 δ’
1079 2212 1145 2266 ἂν
1175 2214 1384 2282 γένοιτο
1413 2219 1534 2281 ταῖς
1557 2218 1697 2271 κατά

111 2296 209 2366 τὴν
237 2298 571 2370 οἰκουμένην
600 2301 952 2373 Ἐκκλησίαις
985 2304 1088 2375 τῆς
1121 2307 1446 2378 Ἀντιοχείας
1485 2312 1700 2363 ἐπικαι-

106 2387 377 2460 ριώτερον
413 2391 558 2462 (55);
594 2393 661 2464 ῆν
693 2396 742 2446 εἰ
775 2396 973 2467 συνέϐη
1020 2398 1157 2468 πρὸς
1197 2400 1448 2469 ὁμόνοιαν
1483 2402 1701 2456 ἐπανελ-

103 2478 254 2546 θεῖν,
303 2481 459 2535 οὐδὲν
510 2485 775 2550 ἐκώλυεν,
830 2486 1019 2560 ὥσπερ
1070 2489 1312 2562 κεφαλὴν
1357 2493 1697 2566 ἐρρωμένην,

108 2575 276 2627 παντὶ
299 2574 382 2644 τῷ
417 2574 629 2647 σώματι
667 2580 1018 2650 ἐπιχορηγεῖν
1057 2581 1155 2654 τὴν
1197 2583 1427 2652 ὑγίειαν.
1465 2585 1556 2656 Τῷ
1585 2586 1697 2640 ὄντι

104 2663 164 2716 δὲ
203 2666 308 2736 τῆς
352 2666 454 2736 σῆς
494 2667 662 2721 δεῖται
707 2672 898 2740 σοφίας
944 2673 1036 2726 καὶ
1079 2674 1439 2747 εὐαγγελικῆς
1486 2694 1700 2748 συμπα-

103 2755 268 2820 θείας
293 2758 361 2810 τά
391 2759 604 2832 ἐκείνης
628 2761 729 2832 τῆς
758 2763 963 2827 πόλεως
992 2765 1421 2838 ἀρρωστήματα·
1452 2769 1487 2839 ἦ
1519 2786 1582 2838 γε
1601 2771 1699 2841 οὐχ

104 2847 216 2901 ὕπὸ
237 2848 350 2901 τῶν
385 2851 675 2920 αἰρετικῶν
705 2853 1058 2925 διατέτμηται
1092 2858 1270 2926 μόνον,
1301 2858 1437 2913 ἀλλά
1473 2862 1564 2913 καὶ
1595 2861 1700 2914 ὑπὸ

111 2939 217 2990 τῶν
255 2939 326 2992 τὰ
367 2940 508 2994 αὑτά
550 2947 764 3014 φρονεῖν
804 2945 1053 3018 ἀλλήλοις
1081 2947 1345 3015 λεγόντων
1382 2951 1695 3007 διασπᾶται.

1801 1755 2037 1825 pendet,
2071 1756 2146 1809 ita
2175 1763 2226 1809 ut
2277 1755 2332 1808 in
2366 1755 2504 1811 alios
2537 1754 2761 1824 quidem
2794 1761 3226 1824 temperamento
3255 1763 3376 1806 uta-

1798 1847 1896 1911 ris,
1929 1847 2067 1901 alios
2115 1861 2248 1900 vero
2299 1860 2642 1916 compescas,
2699 1854 2865 1916 atque
2912 1845 3170 1902 Ecclesia:
3206 1849 3376 1902 robur

1797 1953 1894 2009 per
1916 1938 2271 1993 concordiam
2299 1937 2580 1993 restituas.
2599 1936 2720 1992 Tibi
2741 1939 2910 2003 enim,
2935 1939 3374 2009 sapientissimo-

1796 2045 1919 2084 rum
1949 2031 2284 2085 medicorum
2308 2045 2483 2091 more,
2513 2029 2744 2083 curandi
2779 2029 2996 2084 initium
3029 2045 3060 2084 a
3082 2031 3375 2101 praecipuis

1797 2119 2044 2189 partibus
2059 2135 2180 2176 esse
2197 2118 2524 2183 faciendum,
2543 2119 2738 2175 melius
2764 2119 2880 2189 ipse
2896 2135 3060 2190 quam
3077 2121 3371 2192 quisquam

1800 2212 1941 2267 alius
1962 2211 2253 2282 perspicis.
2276 2210 2416 2277 Quid
2448 2217 2628 2266 autem
2663 2211 2900 2266 habeant
2927 2213 3082 2268 orbis
3103 2221 3374 2268 terrarum

1806 2303 2088 2366 Ecclesiae,
2121 2303 2270 2374 quod
2302 2301 2704 2372 praeferendum
2727 2303 2800 2358 sit
2833 2303 3178 2358 Antiochiae?
3209 2319 3372 2375 quam

1799 2395 1846 2449 si
1891 2396 2052 2465 160
2093 2397 2434 2464 contingeret
2473 2396 2541 2449 ad
2587 2395 2946 2450 concordiam
2999 2397 3200 2461 redire,
3235 2396 3373 2451 nihil

1799 2487 2118 2556 impediret,
2163 2488 2462 2556 quominus
2514 2488 2661 2543 velut
2731 2497 2898 2557 caput
2959 2490 3373 2544 corroboratum

1798 2579 2055 2633 universo
2107 2579 2327 2648 corpori
2403 2580 2702 2635 sanitatem
2771 2580 3103 2652 suppeditet.
3160 2579 3373 2636 Revera

1799 2676 1982 2724 autem
2014 2680 2107 2724 tua
2157 2671 2412 2742 indigent
2463 2672 2732 2742 sapientia
2768 2679 2822 2728 et
2859 2673 3176 2742 evangelica
3221 2686 3368 2726 como

1799 2763 2156 2818 miseratione
2201 2764 2357 2820 urbis
2405 2765 2554 2820 illius
2587 2763 2960 2836 aegritudines.
2991 2779 3112 2834 quae
3150 2779 3258 2819 non
3303 2764 3372 2818 ab

1798 2853 2074 2910 haereticis
2101 2856 2264 2910 modo
2311 2856 2484 2912 scissa
2531 2865 2636 2920 est,
2697 2857 2790 2912 sed
2823 2857 2891 2910 ab
2937 2857 3006 2912 iis
3036 2856 3224 2919 etiam,
3275 2855 3371 2924 qui

1800 2948 1942 3002 idem
1982 2949 2127 3002 inter
2166 2963 2225 3004 se
2261 2949 2472 3004 sentire
2507 2965 2566 3005 se
2613 2950 2827 3013 dicunt,
2860 2949 3210 3019 discerpitur.
3246 2947 3373 3004 Haec

104 3031 303 3086 Ταῦτα
335 3034 394 3087 δὲ
423 3035 620 3089 ἐνῶσαι
656 3038 748 3091 καὶ
780 3041 859 3102 εἰς
891 3041 1008 3104 ἐνὸς
1034 3040 1281 3112 σώματος
1312 3043 1422 3113 (56)
1465 3061 1698 3114 συναγα-

1810 3053 1933 3092 vero
1964 3038 2286 3103 conciliare,
2323 3047 2378 3094 et
2411 3039 2479 3094 ad
2527 3039 2695 3094 unius
2725 3039 2978 3108 corporis
3026 3038 3371 3093 harmoniam

107 3128 227 3189 γεῖν
265 3126 536 3197 ἁρμονίαν
561 3128 768 3183 ἐκείνου
795 3131 956 3202 μόνου
976 3132 1114 3198 ἐστὶ,
1140 3135 1233 3187 τοῦ
1257 3135 1348 3188 καὶ
1374 3138 1485 3200 τοῖς
1514 3137 1696 3210 ξηροῖς

1810 3129 2070 3200 redigere,
2124 3131 2274 3186 illius
2311 3139 2399 3186 est
2438 3132 2644 3195 solius,
2679 3131 2774 3202 qui
2825 3140 2880 3186 et
2931 3131 3100 3187 siccis
3130 3130 3371 3196 ossibus,

102 3217 324 3281 ὀστέοις
352 3219 453 3289 τὴν
491 3222 570 3284 εἰς
608 3221 774 3292 νεῦρα
805 3223 899 3276 καὶ
935 3224 1111 3295 σάρκα
1149 3226 1311 3279 πάλιν
1341 3227 1598 3281 ἐπάνοδον
1626 3232 1692 3301 τῇ

102 3310 312 3381 ἁφάτῳ
348 3311 515 3364 αὑτοῦ
555 3313 782 3385 δυνάμει
831 3315 1211 3387 χαριζομένου.
1259 3319 1482 3384 Πάντως
1531 3321 1587 3374 δὲ
1629 3321 1700 3376 τὰ

107 3404 333 3470 μεγάλα
360 3405 390 3456 ὁ
421 3404 624 3476 Κύριος
642 3406 727 3459 διὰ
751 3407 856 3460 τῶν
885 3407 1052 3480 ἀξίων
1075 3409 1237 3462 αὐτοῦ
1270 3413 1498 3482 ἐνεργεῖ.
1530 3414 1697 3469 Πάλιν

104 3489 202 3546 οὖν
238 3495 336 3547 καὶ
366 3496 600 3550 ἐνταῦθα
628 3501 693 3568 τῇ
731 3501 797 3570 σῇ
832 3498 1170 3571 μεγαλοφυΐᾳ
1195 3501 1425 3571 πρέπειν
1459 3503 1557 3574 τὴν
1589 3505 1696 3559 τῶν

105 3586 450 3656 τηλικούτων
495 3589 770 3644 διακονίαν
814 3592 1136 3664 ἐλπίζομεν,
1174 3593 1314 3647 ὥστε
1366 3599 1700 3669 καταστορέ-

107 3694 202 3730 σαι
229 3679 331 3748 μὲν
365 3679 460 3732 τοῦ
487 3679 616 3732 λαοῦ
643 3681 734 3735 τὸν
755 3683 1010 3754 τάραχον,
1042 3682 1244 3737 παῦσαι
1267 3685 1321 3738 δὲ
1344 3685 1443 3749 τὰς
1467 3687 1698 3758 μερικάς

106 3770 479 3841 προστασίας,
503 3771 767 3838 ὑποτάξαι
792 3773 848 3826 δὲ
880 3775 1086 3836 πάντας
1115 3773 1364 3845 ἀλλήλοις
1394 3777 1452 3828 ἐν
1485 3778 1695 3852 ἀγάπῃ,

106 3861 208 3912 καὶ
240 3860 344 3931 τὴν
378 3861 611 3926 ἀρχαίαν
642 3865 796 3933 lex}:
819 3864 1115 3918 ἀποδοῦναι
1148 3868 1212 3937 τῇ
1238 3867 1551 3940 Ἐκκλησία.

645 4104 995 4159 ΕΠΙΣΊὈΛΗ
1041 4105 1159 4164 ΞΖ’.

1803 3228 1862 3276 ιιι
1897 3222 1963 3276 ad
1995 3238 2194 3278 nervos
2234 3231 2289 3278 et
2316 3238 2537 3278 carnem
2568 3225 2749 3278 denuo
2781 3223 3026 3288 redeant,
3062 3238 3173 3276 non
3212 3237 3376 3277 enar-

1803 3313 1963 3367 rabili
2011 3328 2111 3368 sua
2161 3322 2433 3384 potestate
2462 3315 2716 3386 largitur.
2751 3313 3016 3370 Dominus
3044 3321 3225 3368 autem
3257 3330 3376 3368 om-

1801 3404 1935 3459 nino
1976 3420 2174 3476 magna
2238 3421 2334 3476 per
2379 3421 2496 3470 eos,
2539 3407 2632 3476 qui
2675 3421 2735 3462 se
2783 3406 2935 3477 digni
2990 3413 3139 3468 sunt,
3190 3405 3372 3459 cilicit.

1801 3493 2019 3551 Rursus
2059 3497 2226 3568 igitur
2255 3504 2310 3552 ct
2340 3497 2431 3552 hic
2465 3497 2970 3566 magnanimitatem
3005 3505 3154 3551 tuam
3179 3497 3373 3550 decere

1802 3598 2078 3646 tantarum
2119 3608 2301 3647 rerum
2331 3593 2864 3648 administrationem
2895 3607 3205 3661 speramus,
3237 3590 3375 3644 adeo

1797 3693 1857 3736 ut
1883 3686 2067 3754 pOpuli
2093 3687 2313 3755 quidem
2340 3687 2630 3740 tumultum
2658 3699 2999 3754 compescas,
3021 3681 3376 3754 prmiecturas
3449 3735 3458 3745 ,

1797 3782 1978 3830 autem
2011 3778 2374 3846 particularcs
2415 3778 2666 3847 abrogcs,
2693 3786 2747 3831 et
2784 3791 2973 3832 omnes
3009 3776 3114 3831 sibi
3142 3776 3372 3828 invicem

1798 3867 2059 3936 subjicias
2093 3868 2147 3922 in
2177 3870 2495 3932 dilectione,
2529 3884 2594 3922 ac
2632 3869 2801 3925 robur
2838 3869 3080 3933 priscum
3115 3866 3375 3921 Ecclesiae

1797 3959 2079 4013 restituas.

2281 4113 2622 4168 EPISTOLA
2661 4114 2749 4168 LX
2760 4115 2893 4171 Vll'.

107 4215 557 4293 Rogatu_Dorotliei
577 4218 788 4289 apertius
812 4219 1023 4293 explicat
1049 4221 1281 4293 Basilius,
1305 4225 1434 4288 quod
1455 4225 2026 4293 prioribusindicaverat
2050 4228 2242 4293 litteris,
2269 4228 2340 4293 sic
2366 4227 2634 4293 Antiochia:
2659 4243 2747 4293 res,
2758 4230 3127 4293 componendas,
3151 4238 3202 4279 ut
3218 4231 3378 4293 Mele-

194 4281 274 4330 ius
295 4281 738 4355 βεςιεεὶιεηοονροῖὶ
753 4281 937 4355 ρνᾳξέίι,
1031 4281 1154 4355 alios
1177 4281 1337 4336 autem
1353 4281 1619 4339 acohomia
1636 4288 1919 4341 adhibeatur
1943 4304 1960 4341 :
1995 4293 2060 4340 ita
2082 4291 2210 4341 enim
2234 4281 2285 4342 ἐι
2309 4290 2429 4354 ipsis
2455 4289 2836 4342 Occidentalibus
2856 4281 3125 4355 placuisse,
3137 4299 3187 4341 ut
3207 4281 3378 4345 littere:

171 4355 266 4404 per
288 4341 476 4391 beatum
508 4340 772 4404 Sylvanwn
788 4342 951 4394 altatae
971 4350 1218 4395 testantur.

318 4447 670 4513 Ἀθανασίῳ,
699 4449 1010 4514 ἐπισκόπῳ
1043 4451 1499 4520 Ἀλεξανδρείας.

193 4558 359 4628 Ἐμοὶ
408 4558 509 4628 μὲν
561 4559 824 4634 ἐξαρκοῦν
887 4561 1058 4632 ἐφάνη
1117 4565 1175 4614 ἐν
1236 4565 1346 4626 τοῖς
1412 4562 1700 4633 προτέροις

106 4653 412 4722 γράμμασι
452 4651 589 4720 πρὸς
627 4653 724 4723 τὴν
766 4653 862 4723 σὴν
900 4655 1189 4726 τιμιότητα
1234 4654 1486 4707 τοσοῦτον
1529 4653 1696 4707 ἐνδεί-

187 4815 308 4882 (5|)
341 4811 684 4881 Εἰρ-ηνικάς.
710 4812 791 4867 Ad
814 4828 964 4867 oram
989 4813 1195 4868 codicis
1225 4812 1380 4882 Regii
1406 4811 1480 4866 25
1509 4811 1697 4882 observ

110 4880 206 4936 vat
251 4880 618 4940 Combeﬁsius
659 4884 762 4938 hoc
804 4884 1076 4938 scholium
1124 4883 1228 4946 legi
1266 4901 1280 4938 ;
1317 4880 1448 4934 Ὅτι
1489 4880 1697 4934 τούτων

112 4954 223 5006 τῶν
262 4954 560 5023 εἰρηνικῶν
635 4952 867 5024 έμνηται
909 4954 1004 5006 καὶ
1034 4954 1091 5004 ἐν
1123 4955 1244 5015 ταῖς
1288 4955 1579 5021 μυστικαῖς
1606 4952 1695 5003 εὑ-

115 5027 237 5074 1:13:
269 5025 372 5074 τῆς
409 5023 560 5074 θείας
597 4971 936 5074 ἵειτουογίας
964 5026 992 5074 ὁ
1024 5022 1197 5074 μέγας
1236 5024 1446 5074 Πατήρ.
1488 5021 1694 5073 Harum

115 5027 237 5090 χαῖς
269 5021 386 5094 τῆς
409 5023 560 5086 θείας
597 5021 936 5094 λειτουργίας
964 5026 992 5076 ὁ
1023 5022 1197 5094 μέγας
1236 5021 1694 5094 ΠατήρηΗανιιηι

113 5091 468 5161 paciﬁcerum
495 5109 704 5159 precum
730 5091 965 5147 meminit
985 5091 1152 5163 (etiam
1179 5093 1234 5145 in
1266 5091 1504 5163 mysticis
1528 5092 1697 5160 preci-

120 5163 214 5214 bus
238 5165 435 5217 divina:
463 5163 690 5232 titurgia:
720 5180 942 5233 magnus
973 5162 1156 5216 Pater.

194 5234 306 5303 (52)
353 5231 709 5301 ’Eragoeimr.
757 5231 834 5286 Ita
875 5250 966 5288 sex
1001 5248 1130 5303 mss.
1165 5231 1306 5286 Editi
1341 5231 1693 5301 ἐναφεθῆναι.

119 5301 295 5357 Paulo
322 5314 447 5372 post
481 5304 611 5358 editi
654 5303 791 5374 πρὸς
838 5302 1132 5374 συμϐολήν.
1189 5303 1294 5356 Sex
1350 5318 1484 5357 mss.
1533 5311 1590 5354 ut
1639 5304 1695 5356 in

119 5383 298 5427 textu.

216 5443 311 5510 53)
347 5442 767 5512 Οἰκονομῆσαι.
801 5442 1064 5511 Spectant
1109 5443 1223 5496 haec
1268 5441 1336 5495 ad
1379 5439 1695 5512 Paulinum,

117 5527 285 5578 quem
321 5528 447 5566 cum
483 5511 793 5583 provideret
823 5513 1056 5566 Basilius
1085 5529 1193 5566 non
1228 5513 1462 5583 libenter
1495 5511 1576 5583 de;
1596 5526 1696 5583 suo

121 5584 348 5650 cpinato
374 5581 500 5650 iure
523 5583 904 5647 decessurum,
938 5584 1139 5652 aliquid
1172 5582 1249 5636 illi
1274 5581 1503 5650 ejusque
1531 5581 1699 5634 cleri-

121 5655 209 5707 cis
230 5652 434 5707 deferri
465 5653 702 5717 volebat,
725 5653 870 5722 quod
905 5653 1042 5707 hanc
1067 5654 1336 5723 iacturam
1371 5666 1695 5721 compensa-

283 5749 556 5812 Ρηιιοι..
588 5748 703 5809 Gn.
739 5748 1008 5812 ΧΧΧΗ.

1727 4455 1779 4515 D

2098 4452 2418 4517 Athanasio,
2449 4453 2689 4523 episcopo
2711 4453 3076 4511 Alexandriae.

1872 4559 2001 4614 Mihi
2057 4561 2278 4630 quidem
2325 4561 2461 4616 satis
2493 4577 2619 4616 esse
2670 4561 2956 4618 videbatur
2996 4563 3050 4617 in
3093 4564 3372 4633 prioribus

1798 4644 2021 4710 litteris,
2054 4649 2385 4716 praestantiae
2425 4657 2532 4703 tuae
2561 4658 2775 4704 tantum
2808 4651 3073 4716 iudicare,
3103 4653 3370 4722 quidquid

1799 4815 1882 4860 ret
1905 4821 1968 4860 ac
1991 4807 2294 4861 molestiam
2332 4807 2545 4863 leniret.
2578 4808 2795 4866 Clarius
2829 4811 2946 4866 haac
2979 4810 3294 4866 indicantur
3315 4814 3369 4866 in

1799 4877 2028 4946 epistola
2060 4878 2327 4946 sequenti.

1871 4947 1982 5022 (5t)
2029 4945 2493 5022 Tﬁgﬁatxlycrt'q:
2547 4948 2622 5022 Ita
2671 4964 2808 5022 mss.
2839 4964 2958 5022 sex,
2986 4950 3370 5022 etpanlogpost

1796 5015 2248 5090 desiist;._E_diti
2295 5018 2394 5088 τῆς
2443 5018 2767 5090 Ἑκκλησίας
2815 5027 2868 5073 et
2911 5015 3150 5090 ὀφείλῂς.
3194 5015 3368 5076 Habet

1797 5086 2033 5155 ὀφείλεις
2064 5086 2100 5139 2
2127 5087 2300 5140 Paris.

1870 5156 1983 5222 (55)
2024 5156 2551 5228 ’meatptgbtepor.
2581 5156 2658 5210 Ita
2690 5157 2832 5212 Med.
2867 5166 2922 5214 et
2960 5157 3128 5214 Coisl.
3161 5160 3371 5228 primus

1799 5241 1864 5280 ac
1896 5227 2070 5294 prima
2098 5241 2260 5279 manu
2294 5224 2469 5286 llarl.,
2495 5242 2659 5295 quam
2704 5228 2994 5283 lectionem
3045 5224 3372 5282 confirmant

1799 5297 2160 5369 quatuor_alii
2197 5296 2416 5369 codices
2451 5297 2505 5348 in
2547 5297 2751 5366 quibus
2792 5298 2992 5369 legitur
3020 5299 3100 5352 ἐτι
3148 5298 3372 5368 καιριώ-

1801 5363 1976 5436 τερον.
2021 5366 2158 5419 Editi
2184 5363 2560 5436 καιριώτερον.

1874 5436 1986 5507 (56)
2017 5440 2119 5500 Εἰς
2141 5435 2316 5509 μὲν-ὸς.
2346 5435 2636 5504 σώματος.
2689 5437 2856 5492 Coisl.
2911 5446 3140 5509 uterque
3178 5444 3232 5494 et
3259 5437 3372 5493 duo

1804 5504 2064 5568 liegii'et;
2093 5505 2218 5575 μίαν
2254 5504 2525 5575 σώματος.

1876 5583 1890 5598 ·
1920 5579 2070 5632 Alias
2104 5577 2163 5631 L.
2196 5574 2414 5646 Scripta
2446 5591 2589 5630 anno
2620 5576 2746 5630 373.

3027 5744 3101 5803 ω
