  <div class='ocr_page' id='page_1' title='image "/cluster/home/n/w/nwhite01/storage/ocr_20150623/32/nnc1.0046978879/265.png"; bbox 0 0 3870 6218; ppageno 0'>
   <div class='ocr_carea' id='block_1_1' title="bbox 477 260 580 322">
    <p class='ocr_par' dir='ltr' id='par_1_1' title="bbox 477 260 580 322">
     <span class='ocr_line' id='line_1_1' title="bbox 477 260 580 322; baseline -0.078 0"><span class='ocrx_word' id='word_1_1' title='bbox 477 260 580 322; x_wconf 60' lang='grc' dir='ltr'><strong>ω’(</strong></span> 
     </span>
    </p>
   </div>
   <div class='ocr_carea' id='block_1_2' title="bbox 1786 249 2374 315">
    <p class='ocr_par' dir='ltr' id='par_1_2' title="bbox 1786 249 2374 315">
     <span class='ocr_line' id='line_1_2' title="bbox 1786 249 2374 315; baseline -0.02 0"><span class='ocrx_word' id='word_1_2' title='bbox 1786 261 1841 315; x_wconf 88' lang='lat' dir='ltr'><strong>S.</strong></span> <span class='ocrx_word' id='word_1_3' title='bbox 1883 255 2120 312; x_wconf 54' lang='lat' dir='ltr'><strong>BASlLll</strong></span> <span class='ocrx_word' id='word_1_4' title='bbox 2157 249 2374 306; x_wconf 79' lang='lat' dir='ltr'><strong>MAGNI</strong></span> 
     </span>
    </p>
   </div>
   <div class='ocr_carea' id='block_1_3' title="bbox 3630 241 3740 297">
    <p class='ocr_par' dir='ltr' id='par_1_3' title="bbox 3630 241 3740 297">
     <span class='ocr_line' id='line_1_3' title="bbox 3630 241 3740 297; baseline 0.009 -1"><span class='ocrx_word' id='word_1_5' title='bbox 3630 241 3740 297; x_wconf 69' lang='grc' dir='ltr'><strong>ιεε</strong></span> 
     </span>
    </p>
   </div>
   <div class='ocr_carea' id='block_1_4' title="bbox 476 353 2077 454">
    <p class='ocr_par' dir='ltr' id='par_1_4' title="bbox 476 353 2048 454">
     <span class='ocr_line' id='line_1_4' title="bbox 476 353 2048 454; baseline -0.012 -1"><span class='ocrx_word' id='word_1_6' title='bbox 476 415 542 452; x_wconf 72' lang='lat' dir='ltr'><strong>ex</strong></span> <span class='ocrx_word' id='word_1_7' title='bbox 597 401 798 450; x_wconf 81' lang='lat' dir='ltr'><strong>sanctae</strong></span> <span class='ocrx_word' id='word_1_8' title='bbox 852 389 1109 444; x_wconf 68' lang='lat' dir='ltr'><strong>Ecclesiae</strong></span> <span class='ocrx_word' id='word_1_9' title='bbox 1174 385 1529 440; x_wconf 62' lang='lat' dir='ltr'><strong>Antiochense</strong></span> <span class='ocrx_word' id='word_1_10' title='bbox 1582 383 1782 454; x_wconf 87' lang='lat' dir='ltr'><strong>populo</strong></span> <span class='ocrx_word' id='word_1_11' title='bbox 1838 353 1898 436; x_wconf 25' lang='lat' dir='ltr'><strong>iu,</strong></span> <span class='ocrx_word' id='word_1_12' title='bbox 1945 379 2048 434; x_wconf 82' lang='lat' dir='ltr'><strong>(ide</strong></span> 
     </span>
    </p>
   </div>
   <div class='ocr_carea' id='block_1_5' title="bbox 2184 353 3744 454">
    <p class='ocr_par' dir='ltr' id='par_1_5' title="bbox 2189 365 3744 439">
     <span class='ocr_line' id='line_1_5' title="bbox 2189 365 3744 439; baseline -0.004 -13"><span class='ocrx_word' id='word_1_13' title='bbox 2189 373 2376 435; x_wconf 78' lang='grc' dir='ltr'>ασθαι,</span> <span class='ocrx_word' id='word_1_14' title='bbox 2402 371 2497 432; x_wconf 69' lang='grc' dir='ltr'>,δτι</span> <span class='ocrx_word' id='word_1_15' title='bbox 2533 371 2637 423; x_wconf 79' lang='grc' dir='ltr'>πᾶν</span> <span class='ocrx_word' id='word_1_16' title='bbox 2671 368 2732 423; x_wconf 79' lang='grc' dir='ltr'><strong>τὸ</strong></span> <span class='ocrx_word' id='word_1_17' title='bbox 2767 368 2877 439; x_wconf 73' lang='grc' dir='ltr'>(ΒΤ)</span> <span class='ocrx_word' id='word_1_18' title='bbox 2915 367 3057 422; x_wconf 82' lang='grc' dir='ltr'>κατὰ</span> <span class='ocrx_word' id='word_1_19' title='bbox 3087 366 3185 438; x_wconf 84' lang='grc' dir='ltr'>τὴν</span> <span class='ocrx_word' id='word_1_20' title='bbox 3214 366 3397 419; x_wconf 87' lang='grc' dir='ltr'>πίστιν</span> <span class='ocrx_word' id='word_1_21' title='bbox 3427 365 3744 436; x_wconf 72' lang='grc' dir='ltr'><strong>ἐρρωμένον</strong></span> 
     </span>
    </p>
   </div>
   <div class='ocr_carea' id='block_1_6' title="bbox 478 472 2053 549">
    <p class='ocr_par' dir='ltr' id='par_1_6' title="bbox 478 472 2053 549">
     <span class='ocr_line' id='line_1_6' title="bbox 478 472 2053 549; baseline -0.011 -7"><span class='ocrx_word' id='word_1_22' title='bbox 478 491 696 542; x_wconf 84' lang='lat' dir='ltr'><strong>ﬁrmum</strong></span> <span class='ocrx_word' id='word_1_23' title='bbox 737 494 841 549; x_wconf 88' lang='lat' dir='ltr'><strong>est,</strong></span> <span class='ocrx_word' id='word_1_24' title='bbox 881 483 934 536; x_wconf 90' lang='lat' dir='ltr'><strong>in</strong></span> <span class='ocrx_word' id='word_1_25' title='bbox 972 495 1138 534; x_wconf 88' lang='lat' dir='ltr'><strong>unam</strong></span> <span class='ocrx_word' id='word_1_26' title='bbox 1183 477 1532 532; x_wconf 84' lang='lat' dir='ltr'><strong>concordiam</strong></span> <span class='ocrx_word' id='word_1_27' title='bbox 1559 484 1614 529; x_wconf 89' lang='lat' dir='ltr'><strong>et</strong></span> <span class='ocrx_word' id='word_1_28' title='bbox 1662 475 1923 528; x_wconf 85' lang='lat' dir='ltr'><strong>unitatem</strong></span> <span class='ocrx_word' id='word_1_29' title='bbox 1956 472 2053 526; x_wconf 89' lang='lat' dir='ltr'><strong>ad-</strong></span> 
     </span>
    </p>
   </div>
   <div class='ocr_carea' id='block_1_7' title="bbox 477 563 2050 637">
    <p class='ocr_par' dir='ltr' id='par_1_7' title="bbox 477 563 2050 637">
     <span class='ocr_line' id='line_1_7' title="bbox 477 563 2050 637; baseline -0.011 -5"><span class='ocrx_word' id='word_1_30' title='bbox 477 575 792 631; x_wconf 88' lang='lat' dir='ltr'><strong>ducendum</strong></span> <span class='ocrx_word' id='word_1_31' title='bbox 818 587 975 636; x_wconf 86' lang='lat' dir='ltr'><strong>esse;</strong></span> <span class='ocrx_word' id='word_1_32' title='bbox 1014 569 1092 630; x_wconf 91' lang='lat' dir='ltr'><strong>id,</strong></span> <span class='ocrx_word' id='word_1_33' title='bbox 1127 568 1375 637; x_wconf 86' lang='lat' dir='ltr'><strong>inquam,</strong></span> <span class='ocrx_word' id='word_1_34' title='bbox 1415 567 1550 621; x_wconf 89' lang='lat' dir='ltr'><strong>satis</strong></span> <span class='ocrx_word' id='word_1_35' title='bbox 1587 580 1709 620; x_wconf 89' lang='lat' dir='ltr'><strong>esse</strong></span> <span class='ocrx_word' id='word_1_36' title='bbox 1744 563 2050 624; x_wconf 87' lang='lat' dir='ltr'><strong>videbatur,</strong></span> 
     </span>
    </p>
   </div>
   <div class='ocr_carea' id='block_1_8' title="bbox 480 652 2054 730">
    <p class='ocr_par' dir='ltr' id='par_1_8' title="bbox 480 652 2054 730">
     <span class='ocr_line' id='line_1_8' title="bbox 480 652 2054 730; baseline -0.01 -10"><span class='ocrx_word' id='word_1_37' title='bbox 480 675 538 719; x_wconf 90' lang='lat' dir='ltr'><strong>ut</strong></span> <span class='ocrx_word' id='word_1_38' title='bbox 570 667 1015 720; x_wconf 86' lang='lat' dir='ltr'><strong>demonstrarem</strong></span> <span class='ocrx_word' id='word_1_39' title='bbox 1062 659 1486 730; x_wconf 88' lang='lat' dir='ltr'><strong>religiosissimo</strong></span> <span class='ocrx_word' id='word_1_40' title='bbox 1532 657 1795 726; x_wconf 90' lang='lat' dir='ltr'><strong>episcopo</strong></span> <span class='ocrx_word' id='word_1_41' title='bbox 1838 652 2054 708; x_wconf 74' lang='lat' dir='ltr'><strong>Meletio</strong></span> 
     </span>
    </p>
   </div>
   <div class='ocr_carea' id='block_1_9' title="bbox 478 747 2052 828">
    <p class='ocr_par' dir='ltr' id='par_1_9' title="bbox 478 747 2052 828">
     <span class='ocr_line' id='line_1_9' title="bbox 478 747 2052 828; baseline -0.01 -15"><span class='ocrx_word' id='word_1_42' title='bbox 478 768 771 828; x_wconf 76' lang='lat' dir='ltr'><strong>oportere,</strong></span> <span class='ocrx_word' id='word_1_43' title='bbox 800 770 922 825; x_wconf 68' lang='lat' dir='ltr'><strong>qua:</strong></span> <span class='ocrx_word' id='word_1_44' title='bbox 971 754 1024 808; x_wconf 93' lang='lat' dir='ltr'><strong>in</strong></span> <span class='ocrx_word' id='word_1_45' title='bbox 1051 755 1234 823; x_wconf 85' lang='lat' dir='ltr'><strong>plures</strong></span> <span class='ocrx_word' id='word_1_46' title='bbox 1280 758 1464 822; x_wconf 87' lang='lat' dir='ltr'><strong>partes</strong></span> <span class='ocrx_word' id='word_1_47' title='bbox 1506 763 1656 802; x_wconf 87' lang='lat' dir='ltr'><strong>nunc</strong></span> <span class='ocrx_word' id='word_1_48' title='bbox 1696 747 1872 802; x_wconf 85' lang='lat' dir='ltr'><strong>divisa</strong></span> <span class='ocrx_word' id='word_1_49' title='bbox 1903 753 2052 808; x_wconf 91' lang='lat' dir='ltr'><strong>sunt,</strong></span> 
     </span>
    </p>
   </div>
   <div class='ocr_carea' id='block_1_10' title="bbox 481 837 2057 918">
    <p class='ocr_par' dir='ltr' id='par_1_10' title="bbox 481 837 2057 918">
     <span class='ocr_line' id='line_1_10' title="bbox 481 837 2057 918; baseline -0.006 -16"><span class='ocrx_word' id='word_1_50' title='bbox 481 851 802 918; x_wconf 68' lang='lat' dir='ltr'><strong>atljungere.</strong></span> <span class='ocrx_word' id='word_1_51' title='bbox 823 846 929 901; x_wconf 87' lang='lat' dir='ltr'><strong>Sed</strong></span> <span class='ocrx_word' id='word_1_52' title='bbox 965 847 1093 916; x_wconf 87' lang='lat' dir='ltr'><strong>quia</strong></span> <span class='ocrx_word' id='word_1_53' title='bbox 1125 844 1268 900; x_wconf 90' lang='lat' dir='ltr'><strong>idem</strong></span> <span class='ocrx_word' id='word_1_54' title='bbox 1300 843 1388 896; x_wconf 91' lang='lat' dir='ltr'><strong>ille</strong></span> <span class='ocrx_word' id='word_1_55' title='bbox 1417 841 1652 895; x_wconf 89' lang='lat' dir='ltr'><strong>dilectus</strong></span> <span class='ocrx_word' id='word_1_56' title='bbox 1682 837 2057 893; x_wconf 83' lang='lat' dir='ltr'><strong>condiaconus</strong></span> 
     </span>
    </p>
   </div>
   <div class='ocr_carea' id='block_1_11' title="bbox 485 929 2057 996">
    <p class='ocr_par' dir='ltr' id='par_1_11' title="bbox 485 929 2057 996">
     <span class='ocr_line' id='line_1_11' title="bbox 485 929 2057 996; baseline -0.008 -3"><span class='ocrx_word' id='word_1_57' title='bbox 485 949 674 995; x_wconf 81' lang='lat' dir='ltr'><strong>noster</strong></span> <span class='ocrx_word' id='word_1_58' title='bbox 700 939 1006 993; x_wconf 87' lang='lat' dir='ltr'><strong>Dorotheus</strong></span> <span class='ocrx_word' id='word_1_59' title='bbox 1045 935 1334 991; x_wconf 89' lang='lat' dir='ltr'><strong>clariorem</strong></span> <span class='ocrx_word' id='word_1_60' title='bbox 1365 932 1432 986; x_wconf 92' lang='lat' dir='ltr'><strong>de</strong></span> <span class='ocrx_word' id='word_1_61' title='bbox 1469 931 1555 985; x_wconf 76' lang='lat' dir='ltr'><strong>his</strong></span> <span class='ocrx_word' id='word_1_62' title='bbox 1596 929 1924 984; x_wconf 76' lang='lat' dir='ltr'><strong>mentionem</strong></span> <span class='ocrx_word' id='word_1_63' title='bbox 1960 942 2057 996; x_wconf 89' lang='lat' dir='ltr'><strong>po-</strong></span> 
     </span>
    </p>
   </div>
   <div class='ocr_carea' id='block_1_12' title="bbox 489 1020 2060 1094">
    <p class='ocr_par' dir='ltr' id='par_1_12' title="bbox 489 1020 2060 1094">
     <span class='ocr_line' id='line_1_12' title="bbox 489 1020 2060 1094; baseline -0.009 -7"><span class='ocrx_word' id='word_1_64' title='bbox 489 1033 714 1087; x_wconf 86' lang='lat' dir='ltr'><strong>stulavit</strong></span> <span class='ocrx_word' id='word_1_65' title='bbox 739 1071 753 1094; x_wconf 93' lang='lat'><strong>,</strong></span> <span class='ocrx_word' id='word_1_66' title='bbox 790 1028 1109 1085; x_wconf 89' lang='lat' dir='ltr'><strong>necessario</strong></span> <span class='ocrx_word' id='word_1_67' title='bbox 1143 1035 1416 1081; x_wconf 84' lang='lat' dir='ltr'><strong>testamur</strong></span> <span class='ocrx_word' id='word_1_68' title='bbox 1449 1032 1503 1080; x_wconf 92' lang='lat' dir='ltr'><strong>et</strong></span> <span class='ocrx_word' id='word_1_69' title='bbox 1547 1025 1805 1078; x_wconf 86' lang='lat' dir='ltr'><strong>universo</strong></span> <span class='ocrx_word' id='word_1_70' title='bbox 1831 1020 2060 1076; x_wconf 81' lang='lat' dir='ltr'><strong>Orienti</strong></span> 
     </span>
    </p>
   </div>
   <div class='ocr_carea' id='block_1_13' title="bbox 489 1112 2059 1186">
    <p class='ocr_par' dir='ltr' id='par_1_13' title="bbox 489 1112 2059 1186">
     <span class='ocr_line' id='line_1_13' title="bbox 489 1112 2059 1186; baseline -0.009 -9"><span class='ocrx_word' id='word_1_71' title='bbox 489 1126 544 1177; x_wconf 90' lang='lat' dir='ltr'><strong>in</strong></span> <span class='ocrx_word' id='word_1_72' title='bbox 572 1124 716 1177; x_wconf 88' lang='lat' dir='ltr'><strong>votis</strong></span> <span class='ocrx_word' id='word_1_73' title='bbox 745 1137 868 1176; x_wconf 85' lang='lat' dir='ltr'><strong>esse</strong></span> <span class='ocrx_word' id='word_1_74' title='bbox 888 1164 902 1186; x_wconf 89' lang='lat'><strong>,</strong></span> <span class='ocrx_word' id='word_1_75' title='bbox 930 1127 985 1173; x_wconf 89' lang='lat' dir='ltr'><strong>et</strong></span> <span class='ocrx_word' id='word_1_76' title='bbox 1029 1135 1058 1174; x_wconf 90' lang='lat' dir='ltr'><strong>a</strong></span> <span class='ocrx_word' id='word_1_77' title='bbox 1103 1117 1267 1173; x_wconf 90' lang='lat' dir='ltr'><strong>nobis</strong></span> <span class='ocrx_word' id='word_1_78' title='bbox 1296 1114 1516 1170; x_wconf 77' lang='lat' dir='ltr'><strong>Meletio</strong></span> <span class='ocrx_word' id='word_1_79' title='bbox 1562 1112 1878 1167; x_wconf 89' lang='lat' dir='ltr'><strong>omnimodo</strong></span> <span class='ocrx_word' id='word_1_80' title='bbox 1923 1125 2059 1164; x_wconf 92' lang='lat' dir='ltr'><strong>con-</strong></span> 
     </span>
    </p>
   </div>
   <div class='ocr_carea' id='block_1_14' title="bbox 485 1202 2059 1284">
    <p class='ocr_par' dir='ltr' id='par_1_14' title="bbox 485 1202 2059 1284">
     <span class='ocr_line' id='line_1_14' title="bbox 485 1202 2059 1284; baseline -0.008 -16"><span class='ocrx_word' id='word_1_81' title='bbox 485 1214 693 1284; x_wconf 73' lang='lat' dir='ltr'><strong>junctis</strong></span> <span class='ocrx_word' id='word_1_82' title='bbox 720 1211 921 1283; x_wconf 82' lang='lat' dir='ltr'><strong>expeti,</strong></span> <span class='ocrx_word' id='word_1_83' title='bbox 955 1218 1013 1264; x_wconf 93' lang='lat' dir='ltr'><strong>ut</strong></span> <span class='ocrx_word' id='word_1_84' title='bbox 1037 1224 1161 1264; x_wconf 91' lang='lat' dir='ltr'><strong>eum</strong></span> <span class='ocrx_word' id='word_1_85' title='bbox 1201 1207 1488 1262; x_wconf 83' lang='lat' dir='ltr'><strong>videamus</strong></span> <span class='ocrx_word' id='word_1_86' title='bbox 1521 1203 1819 1258; x_wconf 85' lang='lat' dir='ltr'><strong>Eeclesiam</strong></span> <span class='ocrx_word' id='word_1_87' title='bbox 1845 1202 2059 1258; x_wconf 84' lang='lat' dir='ltr'><strong>Domini</strong></span> 
     </span>
    </p>
   </div>
   <div class='ocr_carea' id='block_1_15' title="bbox 489 1297 2060 1376">
    <p class='ocr_par' dir='ltr' id='par_1_15' title="bbox 489 1297 2060 1376">
     <span class='ocr_line' id='line_1_15' title="bbox 489 1297 2060 1376; baseline -0.008 -16"><span class='ocrx_word' id='word_1_88' title='bbox 489 1308 916 1376; x_wconf 79' lang='lat' dir='ltr'><strong>gubernantem;</strong></span> <span class='ocrx_word' id='word_1_89' title='bbox 971 1304 1151 1357; x_wconf 89' lang='lat' dir='ltr'><strong>virum</strong></span> <span class='ocrx_word' id='word_1_90' title='bbox 1193 1308 1248 1355; x_wconf 90' lang='lat' dir='ltr'><strong>et</strong></span> <span class='ocrx_word' id='word_1_91' title='bbox 1293 1298 1400 1354; x_wconf 84' lang='lat' dir='ltr'><strong>ﬁde</strong></span> <span class='ocrx_word' id='word_1_92' title='bbox 1450 1297 1811 1366; x_wconf 86' lang='lat' dir='ltr'><strong>inculpatum,</strong></span> <span class='ocrx_word' id='word_1_93' title='bbox 1843 1302 1899 1350; x_wconf 84' lang='lat' dir='ltr'><strong>et</strong></span> <span class='ocrx_word' id='word_1_94' title='bbox 1944 1303 2060 1348; x_wconf 89' lang='lat' dir='ltr'><strong>tum</strong></span> 
     </span>
    </p>
   </div>
   <div class='ocr_carea' id='block_1_16' title="bbox 489 1387 2062 1461">
    <p class='ocr_par' dir='ltr' id='par_1_16' title="bbox 489 1387 2062 1461">
     <span class='ocr_line' id='line_1_16' title="bbox 489 1387 2062 1461; baseline -0.008 -9"><span class='ocrx_word' id='word_1_95' title='bbox 489 1400 602 1452; x_wconf 85' lang='lat' dir='ltr'><strong>vita</strong></span> <span class='ocrx_word' id='word_1_96' title='bbox 637 1398 846 1452; x_wconf 89' lang='lat' dir='ltr'><strong>null-um</strong></span> <span class='ocrx_word' id='word_1_97' title='bbox 892 1410 1018 1449; x_wconf 90' lang='lat' dir='ltr'><strong>cum</strong></span> <span class='ocrx_word' id='word_1_98' title='bbox 1067 1393 1189 1447; x_wconf 89' lang='lat' dir='ltr'><strong>aliis</strong></span> <span class='ocrx_word' id='word_1_99' title='bbox 1219 1389 1615 1461; x_wconf 80' lang='lat' dir='ltr'><strong>comparationi</strong></span> <span class='ocrx_word' id='word_1_100' title='bbox 1669 1389 1848 1442; x_wconf 92' lang='lat' dir='ltr'><strong>locum</strong></span> <span class='ocrx_word' id='word_1_101' title='bbox 1881 1387 2062 1440; x_wconf 86' lang='lat' dir='ltr'><strong>--relin-</strong></span> 
     </span>
    </p>
   </div>
   <div class='ocr_carea' id='block_1_17' title="bbox 490 1478 2056 1560">
    <p class='ocr_par' dir='ltr' id='par_1_17' title="bbox 490 1478 2056 1560">
     <span class='ocr_line' id='line_1_17' title="bbox 490 1478 2056 1560; baseline -0.008 -17"><span class='ocrx_word' id='word_1_102' title='bbox 490 1496 749 1560; x_wconf 87' lang='lat' dir='ltr'><strong>quentem</strong></span> <span class='ocrx_word' id='word_1_103' title='bbox 777 1508 792 1554; x_wconf 88' lang='lat'><strong>;</strong></span> <span class='ocrx_word' id='word_1_104' title='bbox 825 1485 1112 1556; x_wconf 79' lang='lat' dir='ltr'><strong>tunrquod</strong></span> <span class='ocrx_word' id='word_1_105' title='bbox 1167 1485 1282 1553; x_wconf 87' lang='lat' dir='ltr'><strong>ipse</strong></span> <span class='ocrx_word' id='word_1_106' title='bbox 1333 1483 1612 1543; x_wconf 88' lang='lat' dir='ltr'><strong>universo,</strong></span> <span class='ocrx_word' id='word_1_107' title='bbox 1649 1488 1708 1534; x_wconf 95' lang='lat' dir='ltr'><strong>ut</strong></span> <span class='ocrx_word' id='word_1_108' title='bbox 1749 1480 1822 1533; x_wconf 90' lang='lat' dir='ltr'><strong>ita</strong></span> <span class='ocrx_word' id='word_1_109' title='bbox 1855 1478 2056 1543; x_wconf 89' lang='lat' dir='ltr'><strong>dicam,</strong></span> 
     </span>
    </p>
   </div>
   <div class='ocr_carea' id='block_1_18' title="bbox 493 1571 2061 1650">
    <p class='ocr_par' dir='ltr' id='par_1_18' title="bbox 493 1571 2061 1650">
     <span class='ocr_line' id='line_1_18' title="bbox 493 1571 2061 1650; baseline -0.008 -14"><span class='ocrx_word' id='word_1_110' title='bbox 493 1580 708 1650; x_wconf 88' lang='lat' dir='ltr'><strong>corpori</strong></span> <span class='ocrx_word' id='word_1_111' title='bbox 745 1579 1004 1633; x_wconf 79' lang='lat' dir='ltr'><strong>Ecclesiae</strong></span> <span class='ocrx_word' id='word_1_112' title='bbox 1046 1576 1254 1648; x_wconf 78' lang='lat' dir='ltr'><strong>praesit,</strong></span> <span class='ocrx_word' id='word_1_113' title='bbox 1309 1575 1523 1647; x_wconf 78' lang='lat' dir='ltr'><strong>reliqua</strong></span> <span class='ocrx_word' id='word_1_114' title='bbox 1567 1588 1696 1627; x_wconf 85' lang='lat' dir='ltr'><strong>vero</strong></span> <span class='ocrx_word' id='word_1_115' title='bbox 1745 1571 1857 1627; x_wconf 87' lang='lat' dir='ltr'><strong>sint</strong></span> <span class='ocrx_word' id='word_1_116' title='bbox 1915 1571 2061 1624; x_wconf 85' lang='lat' dir='ltr'><strong>velut</strong></span> 
     </span>
    </p>
   </div>
   <div class='ocr_carea' id='block_1_19' title="bbox 493 1660 2058 1739">
    <p class='ocr_par' dir='ltr' id='par_1_19' title="bbox 493 1660 2058 1739">
     <span class='ocr_line' id='line_1_19' title="bbox 493 1660 2058 1739; baseline -0.009 -15"><span class='ocrx_word' id='word_1_117' title='bbox 493 1671 730 1739; x_wconf 86' lang='lat' dir='ltr'><strong>partium</strong></span> <span class='ocrx_word' id='word_1_118' title='bbox 795 1676 1098 1739; x_wconf 84' lang='lat' dir='ltr'><strong>segmenta.</strong></span> <span class='ocrx_word' id='word_1_119' title='bbox 1160 1667 1342 1732; x_wconf 80' lang='lat' dir='ltr'><strong>Quare</strong></span> <span class='ocrx_word' id='word_1_120' title='bbox 1393 1664 1633 1734; x_wconf 87' lang='lat' dir='ltr'><strong>undique</strong></span> <span class='ocrx_word' id='word_1_121' title='bbox 1685 1660 2058 1716; x_wconf 86' lang='lat' dir='ltr'><strong>necessarium</strong></span> 
     </span>
    </p>
   </div>
   <div class='ocr_carea' id='block_1_20' title="bbox 2157 455 3746 534">
    <p class='ocr_par' dir='ltr' id='par_1_20' title="bbox 2157 455 3746 534">
     <span class='ocr_line' id='line_1_20' title="bbox 2157 455 3746 534; baseline -0.005 -16"><span class='ocrx_word' id='word_1_122' title='bbox 2157 464 2249 518; x_wconf 78' lang='grc' dir='ltr'>τοῦ</span> <span class='ocrx_word' id='word_1_123' title='bbox 2288 464 2426 517; x_wconf 79' lang='grc' dir='ltr'>κατὰ</span> <span class='ocrx_word' id='word_1_124' title='bbox 2453 461 2550 534; x_wconf 82' lang='grc' dir='ltr'>τὴν</span> <span class='ocrx_word' id='word_1_125' title='bbox 2580 461 2738 530; x_wconf 84' lang='grc' dir='ltr'>ἁγίαν</span> <span class='ocrx_word' id='word_1_126' title='bbox 2777 459 3102 531; x_wconf 80' lang='grc' dir='ltr'><strong>Ἐκκλησίαν</strong></span> <span class='ocrx_word' id='word_1_127' title='bbox 3143 457 3469 528; x_wconf 86' lang='grc' dir='ltr'><strong>Ἀντιοχείας</strong></span> <span class='ocrx_word' id='word_1_128' title='bbox 3499 455 3628 512; x_wconf 77' lang='grc' dir='ltr'>λαοῦ</span> <span class='ocrx_word' id='word_1_129' title='bbox 3661 459 3746 521; x_wconf 84' lang='grc' dir='ltr'><strong>είς</strong></span> 
     </span>
    </p>
   </div>
   <div class='ocr_carea' id='block_1_21' title="bbox 2161 548 3748 626">
    <p class='ocr_par' dir='ltr' id='par_1_21' title="bbox 2161 548 3748 626">
     <span class='ocr_line' id='line_1_21' title="bbox 2161 548 3748 626; baseline -0.004 -18"><span class='ocrx_word' id='word_1_130' title='bbox 2161 557 2289 626; x_wconf 85' lang='grc' dir='ltr'>μίαν</span> <span class='ocrx_word' id='word_1_131' title='bbox 2324 553 2640 624; x_wconf 79' lang='grc' dir='ltr'><strong>συμφωνίαν</strong></span> <span class='ocrx_word' id='word_1_132' title='bbox 2670 551 2764 605; x_wconf 74' lang='grc' dir='ltr'><strong>καὶ</strong></span> <span class='ocrx_word' id='word_1_133' title='bbox 2793 551 2988 604; x_wconf 73' lang='grc' dir='ltr'>ἕνωσιν</span> <span class='ocrx_word' id='word_1_134' title='bbox 3024 550 3129 622; x_wconf 84' lang='grc' dir='ltr'>χρὴ</span> <span class='ocrx_word' id='word_1_135' title='bbox 3160 549 3480 620; x_wconf 84' lang='grc' dir='ltr'>ὲναχθῆναι,</span> <span class='ocrx_word' id='word_1_136' title='bbox 3513 548 3650 620; x_wconf 82' lang='grc' dir='ltr'>πρὸς</span> <span class='ocrx_word' id='word_1_137' title='bbox 3680 549 3748 602; x_wconf 74' lang='grc' dir='ltr'>τὸ</span> 
     </span>
    </p>
   </div>
   <div class='ocr_carea' id='block_1_22' title="bbox 2157 639 3747 718">
    <p class='ocr_par' dir='ltr' id='par_1_22' title="bbox 2157 639 3747 718">
     <span class='ocr_line' id='line_1_22' title="bbox 2157 639 3747 718; baseline -0.006 -17"><span class='ocrx_word' id='word_1_138' title='bbox 2157 647 2417 718; x_wconf 83' lang='grc' dir='ltr'>δηλῶσαι,</span> <span class='ocrx_word' id='word_1_139' title='bbox 2461 646 2542 698; x_wconf 85' lang='grc' dir='ltr'>ὄτι</span> <span class='ocrx_word' id='word_1_140' title='bbox 2590 642 2669 710; x_wconf 80' lang='grc' dir='ltr'>τῷ</span> <span class='ocrx_word' id='word_1_141' title='bbox 2716 642 3114 712; x_wconf 84' lang='grc' dir='ltr'>θεοφιλεστὰτῳ</span> <span class='ocrx_word' id='word_1_142' title='bbox 3167 640 3451 711; x_wconf 81' lang='grc' dir='ltr'>ὲπισκόπῳ</span> <span class='ocrx_word' id='word_1_143' title='bbox 3497 639 3747 711; x_wconf 83' lang='grc' dir='ltr'>Μελετίῳ</span> 
     </span>
    </p>
   </div>
   <div class='ocr_carea' id='block_1_23' title="bbox 2157 732 3746 807">
    <p class='ocr_par' dir='ltr' id='par_1_23' title="bbox 2157 732 3746 807">
     <span class='ocr_line' id='line_1_23' title="bbox 2157 732 3746 807; baseline -0.006 -14"><span class='ocrx_word' id='word_1_144' title='bbox 2157 740 2265 794; x_wconf 85' lang='grc' dir='ltr'>δέοι</span> <span class='ocrx_word' id='word_1_145' title='bbox 2303 737 2372 792; x_wconf 86' lang='grc' dir='ltr'>τὰ</span> <span class='ocrx_word' id='word_1_146' title='bbox 2414 739 2494 800; x_wconf 84' lang='grc' dir='ltr'><strong>εἰς</strong></span> <span class='ocrx_word' id='word_1_147' title='bbox 2541 735 2681 806; x_wconf 88' lang='grc' dir='ltr'>μέρη</span> <span class='ocrx_word' id='word_1_148' title='bbox 2730 735 2950 788; x_wconf 86' lang='grc' dir='ltr'>πλείονα</span> <span class='ocrx_word' id='word_1_149' title='bbox 2993 735 3088 788; x_wconf 82' lang='grc' dir='ltr'><strong>νῦν</strong></span> <span class='ocrx_word' id='word_1_150' title='bbox 3128 734 3435 807; x_wconf 81' lang='grc' dir='ltr'><strong>διῃρημένα</strong></span> <span class='ocrx_word' id='word_1_151' title='bbox 3488 732 3746 802; x_wconf 84' lang='grc' dir='ltr'>συνάψαι.</span> 
     </span>
    </p>
   </div>
   <div class='ocr_carea' id='block_1_24' title="bbox 2159 820 3752 894">
    <p class='ocr_par' dir='ltr' id='par_1_24' title="bbox 2159 820 3752 894">
     <span class='ocr_line' id='line_1_24' title="bbox 2159 820 3752 894; baseline -0.004 -12"><span class='ocrx_word' id='word_1_152' title='bbox 2159 829 2313 883; x_wconf 75' lang='grc' dir='ltr'>Ἐπεὶ</span> <span class='ocrx_word' id='word_1_153' title='bbox 2337 827 2394 880; x_wconf 83' lang='grc' dir='ltr'>δὲ</span> <span class='ocrx_word' id='word_1_154' title='bbox 2420 827 2447 878; x_wconf 89' lang='grc' dir='ltr'>ὁ</span> <span class='ocrx_word' id='word_1_155' title='bbox 2468 826 2631 888; x_wconf 74' lang='grc' dir='ltr'>αὐτὸς</span> <span class='ocrx_word' id='word_1_156' title='bbox 2662 820 2818 887; x_wconf 76' lang='grc' dir='ltr'>οὗτος</span> <span class='ocrx_word' id='word_1_157' title='bbox 2842 827 2871 878; x_wconf 86' lang='grc' dir='ltr'><strong>ό</strong></span> <span class='ocrx_word' id='word_1_158' title='bbox 2902 823 3184 893; x_wconf 81' lang='grc' dir='ltr'>ἀγαπητὸς</span> <span class='ocrx_word' id='word_1_159' title='bbox 3219 823 3560 887; x_wconf 78' lang='grc' dir='ltr'>συνδιάκονος</span> <span class='ocrx_word' id='word_1_160' title='bbox 3587 823 3752 894; x_wconf 84' lang='grc' dir='ltr'>ἡμῶν</span> 
     </span>
    </p>
   </div>
   <div class='ocr_carea' id='block_1_25' title="bbox 2162 913 3753 990">
    <p class='ocr_par' dir='ltr' id='par_1_25' title="bbox 2162 913 3753 990">
     <span class='ocr_line' id='line_1_25' title="bbox 2162 913 3753 990; baseline -0.003 -19"><span class='ocrx_word' id='word_1_161' title='bbox 2162 917 2437 990; x_wconf 85' lang='grc' dir='ltr'>Δωρόθεος</span> <span class='ocrx_word' id='word_1_162' title='bbox 2477 915 2875 986; x_wconf 78' lang='grc' dir='ltr'><strong>ἐναργεστέραν</strong></span> <span class='ocrx_word' id='word_1_163' title='bbox 2907 915 3004 985; x_wconf 83' lang='grc' dir='ltr'>τὴν</span> <span class='ocrx_word' id='word_1_164' title='bbox 3039 915 3166 987; x_wconf 80' lang='grc' dir='ltr'>περὶ</span> <span class='ocrx_word' id='word_1_165' title='bbox 3203 914 3406 968; x_wconf 82' lang='grc' dir='ltr'>τούτων</span> <span class='ocrx_word' id='word_1_166' title='bbox 3444 913 3753 986; x_wconf 69' lang='grc' dir='ltr'>ἐπεζήτησα</span> 
     </span>
    </p>
   </div>
   <div class='ocr_carea' id='block_1_26' title="bbox 2166 995 3754 1081">
    <p class='ocr_par' dir='ltr' id='par_1_26' title="bbox 2166 995 3754 1081">
     <span class='ocr_line' id='line_1_26' title="bbox 2166 995 3754 1081; baseline -0.003 -18"><span class='ocrx_word' id='word_1_167' title='bbox 2166 1012 2405 1081; x_wconf 86' lang='grc' dir='ltr'><strong>μνήμην,</strong></span> <span class='ocrx_word' id='word_1_168' title='bbox 2457 1007 2772 1076; x_wconf 84' lang='grc' dir='ltr'>ἀναγκαίως</span> <span class='ocrx_word' id='word_1_169' title='bbox 2812 1007 3316 1078; x_wconf 86' lang='grc' dir='ltr'>ὲπισημαινόμεθα,</span> <span class='ocrx_word' id='word_1_170' title='bbox 3355 1007 3437 1060; x_wconf 83' lang='grc' dir='ltr'>ὅτι</span> <span class='ocrx_word' id='word_1_171' title='bbox 3472 995 3566 1059; x_wconf 78' lang='grc' dir='ltr'><strong>καὶ</strong></span> <span class='ocrx_word' id='word_1_172' title='bbox 3597 1008 3754 1077; x_wconf 81' lang='grc' dir='ltr'>πάσῃ</span> 
     </span>
    </p>
   </div>
   <div class='ocr_carea' id='block_1_27' title="bbox 2160 1102 3762 1177">
    <p class='ocr_par' dir='ltr' id='par_1_27' title="bbox 2160 1102 3762 1177">
     <span class='ocr_line' id='line_1_27' title="bbox 2160 1102 3762 1177; baseline -0.002 -18"><span class='ocrx_word' id='word_1_173' title='bbox 2160 1110 2228 1177; x_wconf 84' lang='grc' dir='ltr'>τῇ</span> <span class='ocrx_word' id='word_1_174' title='bbox 2271 1105 2502 1175; x_wconf 82' lang='grc' dir='ltr'>ἀνατολῇ</span> <span class='ocrx_word' id='word_1_175' title='bbox 2540 1105 2607 1157; x_wconf 81' lang='grc' dir='ltr'>δι’</span> <span class='ocrx_word' id='word_1_176' title='bbox 2630 1104 2817 1174; x_wconf 75' lang='grc' dir='ltr'>εὐχῆς,</span> <span class='ocrx_word' id='word_1_177' title='bbox 2852 1104 2946 1157; x_wconf 78' lang='grc' dir='ltr'>καὶ</span> <span class='ocrx_word' id='word_1_178' title='bbox 2980 1106 3110 1175; x_wconf 81' lang='grc' dir='ltr'>ἡμῖν</span> <span class='ocrx_word' id='word_1_179' title='bbox 3145 1106 3258 1168; x_wconf 86' lang='grc' dir='ltr'>τοῖς</span> <span class='ocrx_word' id='word_1_180' title='bbox 3292 1105 3564 1170; x_wconf 82' lang='grc' dir='ltr'>παντοίως</span> <span class='ocrx_word' id='word_1_181' title='bbox 3601 1102 3762 1175; x_wconf 80' lang='grc' dir='ltr'>αὐτῷ</span> 
     </span>
    </p>
   </div>
   <div class='ocr_carea' id='block_1_28' title="bbox 2166 1194 3760 1268">
    <p class='ocr_par' dir='ltr' id='par_1_28' title="bbox 2166 1194 3760 1268">
     <span class='ocr_line' id='line_1_28' title="bbox 2166 1194 3760 1268; baseline 0.002 -20"><span class='ocrx_word' id='word_1_182' title='bbox 2166 1195 2532 1267; x_wconf 85' lang='grc' dir='ltr'>συνημμένοις</span> <span class='ocrx_word' id='word_1_183' title='bbox 2560 1194 2924 1265; x_wconf 82' lang='grc' dir='ltr'>ἐπιθυμητὸν,</span> <span class='ocrx_word' id='word_1_184' title='bbox 2953 1195 3116 1248; x_wconf 79' lang='grc' dir='ltr'>αὑτὸν</span> <span class='ocrx_word' id='word_1_185' title='bbox 3145 1195 3272 1250; x_wconf 78' lang='grc' dir='ltr'>ἰδεῖν</span> <span class='ocrx_word' id='word_1_186' title='bbox 3301 1197 3399 1266; x_wconf 79' lang='grc' dir='ltr'><strong>τὴν</strong></span> <span class='ocrx_word' id='word_1_187' title='bbox 3424 1198 3760 1268; x_wconf 83' lang='grc' dir='ltr'>Ἐκκλησίαν</span> 
     </span>
    </p>
   </div>
   <div class='ocr_carea' id='block_1_29' title="bbox 2161 1282 3758 1356">
    <p class='ocr_par' dir='ltr' id='par_1_29' title="bbox 2161 1282 3758 1356">
     <span class='ocr_line' id='line_1_29' title="bbox 2161 1282 3758 1356; baseline 0.001 -18"><span class='ocrx_word' id='word_1_188' title='bbox 2161 1283 2415 1338; x_wconf 79' lang='grc' dir='ltr'>διέποντα</span> <span class='ocrx_word' id='word_1_189' title='bbox 2437 1282 2530 1336; x_wconf 80' lang='grc' dir='ltr'>τοῦ</span> <span class='ocrx_word' id='word_1_190' title='bbox 2562 1283 2785 1353; x_wconf 75' lang='grc' dir='ltr'>Κυρίουο</span> <span class='ocrx_word' id='word_1_191' title='bbox 2809 1287 2874 1355; x_wconf 79' lang='grc' dir='ltr'>τῇ</span> <span class='ocrx_word' id='word_1_192' title='bbox 2900 1302 2960 1336; x_wconf 90' lang='grc' dir='ltr'><strong>τε</strong></span> <span class='ocrx_word' id='word_1_193' title='bbox 2993 1285 3173 1337; x_wconf 82' lang='grc' dir='ltr'>πίστει</span> <span class='ocrx_word' id='word_1_194' title='bbox 3201 1286 3758 1356; x_wconf 55' lang='grc' dir='ltr'>ἀνεπίληπτοναῦντα,</span> 
     </span>
    </p>
   </div>
   <div class='ocr_carea' id='block_1_30' title="bbox 2164 1375 3762 1450">
    <p class='ocr_par' dir='ltr' id='par_1_30' title="bbox 2164 1375 3762 1450">
     <span class='ocr_line' id='line_1_30' title="bbox 2164 1375 3762 1450; baseline 0.003 -22"><span class='ocrx_word' id='word_1_195' title='bbox 2164 1377 2256 1428; x_wconf 77' lang='grc' dir='ltr'><strong>καὶ</strong></span> <span class='ocrx_word' id='word_1_196' title='bbox 2288 1375 2365 1446; x_wconf 82' lang='grc' dir='ltr'>τῷ</span> <span class='ocrx_word' id='word_1_197' title='bbox 2392 1377 2492 1446; x_wconf 84' lang='grc' dir='ltr'><strong>βίῳ</strong></span> <span class='ocrx_word' id='word_1_198' title='bbox 2519 1375 2774 1446; x_wconf 74' lang='grc' dir='ltr'>οὐδεμίαν</span> <span class='ocrx_word' id='word_1_199' title='bbox 2808 1377 2946 1446; x_wconf 82' lang='grc' dir='ltr'>πρὸς</span> <span class='ocrx_word' id='word_1_200' title='bbox 2979 1377 3104 1441; x_wconf 81' lang='grc' dir='ltr'>τοὺς</span> <span class='ocrx_word' id='word_1_201' title='bbox 3136 1377 3330 1442; x_wconf 77' lang='grc' dir='ltr'>ἄλλους</span> <span class='ocrx_word' id='word_1_202' title='bbox 3364 1377 3762 1450; x_wconf 75' lang='grc' dir='ltr'>ἐπιδεχόμενον</span> 
     </span>
    </p>
   </div>
   <div class='ocr_carea' id='block_1_31' title="bbox 2165 1465 3765 1540">
    <p class='ocr_par' dir='ltr' id='par_1_31' title="bbox 2165 1465 3765 1540">
     <span class='ocr_line' id='line_1_31' title="bbox 2165 1465 3765 1540; baseline 0.003 -22"><span class='ocrx_word' id='word_1_203' title='bbox 2165 1465 2473 1538; x_wconf 82' lang='grc' dir='ltr'>σύγκρισιν,</span> <span class='ocrx_word' id='word_1_204' title='bbox 2491 1466 2586 1518; x_wconf 75' lang='grc' dir='ltr'><strong>καὶ</strong></span> <span class='ocrx_word' id='word_1_205' title='bbox 2598 1465 2673 1537; x_wconf 78' lang='grc' dir='ltr'><strong>τῷ</strong></span> <span class='ocrx_word' id='word_1_206' title='bbox 2701 1466 2810 1538; x_wconf 79' lang='grc'>(58)</span> <span class='ocrx_word' id='word_1_207' title='bbox 2830 1466 2923 1521; x_wconf 83' lang='grc' dir='ltr'>τοῦ</span> <span class='ocrx_word' id='word_1_208' title='bbox 2947 1468 3167 1533; x_wconf 79' lang='grc' dir='ltr'>παντὸς,</span> <span class='ocrx_word' id='word_1_209' title='bbox 3184 1469 3259 1532; x_wconf 78' lang='grc' dir='ltr'>ὡς</span> <span class='ocrx_word' id='word_1_210' title='bbox 3283 1471 3478 1532; x_wconf 71' lang='grc' dir='ltr'>εἰπεῖν,</span> <span class='ocrx_word' id='word_1_211' title='bbox 3502 1470 3765 1540; x_wconf 81' lang='grc' dir='ltr'>σώματος</span> 
     </span>
    </p>
   </div>
   <div class='ocr_carea' id='block_1_32' title="bbox 2161 1551 3764 1628">
    <p class='ocr_par' dir='ltr' id='par_1_32' title="bbox 2161 1551 3764 1628">
     <span class='ocr_line' id='line_1_32' title="bbox 2161 1551 3764 1628; baseline 0.002 -21"><span class='ocrx_word' id='word_1_212' title='bbox 2161 1555 2261 1623; x_wconf 79' lang='grc' dir='ltr'>τῆς</span> <span class='ocrx_word' id='word_1_213' title='bbox 2292 1553 2621 1624; x_wconf 85' lang='grc' dir='ltr'>Ἐκκλησίας</span> <span class='ocrx_word' id='word_1_214' title='bbox 2653 1553 2814 1608; x_wconf 82' lang='grc' dir='ltr'>αὑτὸν</span> <span class='ocrx_word' id='word_1_215' title='bbox 2854 1556 3207 1628; x_wconf 87' lang='grc' dir='ltr'>προεστάναι,</span> <span class='ocrx_word' id='word_1_216' title='bbox 3245 1556 3406 1610; x_wconf 74' lang='grc' dir='ltr'>τὰδὲ</span> <span class='ocrx_word' id='word_1_217' title='bbox 3448 1557 3610 1610; x_wconf 81' lang='grc' dir='ltr'>λοιπὰ</span> <span class='ocrx_word' id='word_1_218' title='bbox 3644 1551 3764 1611; x_wconf 76' lang='grc' dir='ltr'>οἷον</span> 
     </span>
    </p>
   </div>
   <div class='ocr_carea' id='block_1_33' title="bbox 2166 1641 3766 1718">
    <p class='ocr_par' dir='ltr' id='par_1_33' title="bbox 2166 1641 3766 1718">
     <span class='ocr_line' id='line_1_33' title="bbox 2166 1641 3766 1718; baseline 0.002 -21"><span class='ocrx_word' id='word_1_219' title='bbox 2166 1662 2231 1715; x_wconf 88' lang='grc' dir='ltr'><strong>με</strong></span> <span class='ocrx_word' id='word_1_220' title='bbox 2241 1645 2346 1716; x_wconf 76' lang='grc' dir='ltr'>ρῶν</span> <span class='ocrx_word' id='word_1_221' title='bbox 2368 1645 2740 1716; x_wconf 81' lang='grc' dir='ltr'>ἀποτμήματα</span> <span class='ocrx_word' id='word_1_222' title='bbox 2764 1641 2924 1700; x_wconf 82' lang='grc' dir='ltr'>εἶναι.</span> <span class='ocrx_word' id='word_1_223' title='bbox 2934 1647 3096 1700; x_wconf 78' lang='grc' dir='ltr'>Ὥστε</span> <span class='ocrx_word' id='word_1_224' title='bbox 3112 1647 3446 1718; x_wconf 84' lang='grc' dir='ltr'>πανταχόθεν</span> <span class='ocrx_word' id='word_1_225' title='bbox 3460 1649 3766 1716; x_wconf 80' lang='grc' dir='ltr'>ἀναγκαῖόν</span> 
     </span>
    </p>
   </div>
   <div class='ocr_carea' id='block_1_34' title="bbox 494 1735 2077 1824">
    <p class='ocr_par' dir='ltr' id='par_1_34' title="bbox 494 1735 2063 1824">
     <span class='ocr_line' id='line_1_34' title="bbox 494 1735 2063 1824; baseline -0.011 -8"><span class='ocrx_word' id='word_1_226' title='bbox 494 1735 660 1816; x_wconf 71' lang='lat' dir='ltr'><strong>simul</strong></span> <span class='ocrx_word' id='word_1_227' title='bbox 707 1769 762 1815; x_wconf 93' lang='lat' dir='ltr'><strong>et</strong></span> <span class='ocrx_word' id='word_1_228' title='bbox 809 1735 977 1821; x_wconf 80' lang='lat' dir='ltr'><strong>utile,</strong></span> <span class='ocrx_word' id='word_1_229' title='bbox 1019 1757 1149 1812; x_wconf 87' lang='lat' dir='ltr'><strong>huic</strong></span> <span class='ocrx_word' id='word_1_230' title='bbox 1203 1757 1322 1810; x_wconf 86' lang='lat' dir='ltr'><strong>viro</strong></span> <span class='ocrx_word' id='word_1_231' title='bbox 1368 1754 1632 1824; x_wconf 84' lang='lat' dir='ltr'><strong>conjungi</strong></span> <span class='ocrx_word' id='word_1_232' title='bbox 1666 1750 1863 1813; x_wconf 83' lang='lat' dir='ltr'><strong>alios,</strong></span> <span class='ocrx_word' id='word_1_233' title='bbox 1919 1748 2063 1802; x_wconf 88' lang='lat' dir='ltr'><strong>velut</strong></span> 
     </span>
    </p>
   </div>
   <div class='ocr_carea' id='block_1_35' title="bbox 2184 1735 3767 1824">
    <p class='ocr_par' dir='ltr' id='par_1_35' title="bbox 2184 1735 3767 1812">
     <span class='ocr_line' id='line_1_35' title="bbox 2184 1735 3767 1812; baseline 0.003 -22"><span class='ocrx_word' id='word_1_234' title='bbox 2184 1755 2222 1790; x_wconf 71' lang='grc' dir='ltr'>πε</span> <span class='ocrx_word' id='word_1_235' title='bbox 2265 1735 2402 1806; x_wconf 80' lang='grc' dir='ltr'>ὁμοῦ</span> <span class='ocrx_word' id='word_1_236' title='bbox 2452 1738 2546 1789; x_wconf 75' lang='grc' dir='ltr'>καὶ</span> <span class='ocrx_word' id='word_1_237' title='bbox 2590 1737 2865 1809; x_wconf 78' lang='grc' dir='ltr'>συμφέρον</span> <span class='ocrx_word' id='word_1_238' title='bbox 2901 1738 2978 1809; x_wconf 81' lang='grc' dir='ltr'>τῷ</span> <span class='ocrx_word' id='word_1_239' title='bbox 3019 1739 3174 1810; x_wconf 77' lang='grc' dir='ltr'>ἀνδρὶ</span> <span class='ocrx_word' id='word_1_240' title='bbox 3208 1740 3384 1810; x_wconf 83' lang='grc' dir='ltr'>τούτῳ</span> <span class='ocrx_word' id='word_1_241' title='bbox 3421 1740 3767 1812; x_wconf 83' lang='grc' dir='ltr'>συναφθῆναι</span> 
     </span>
    </p>
   </div>
   <div class='ocr_carea' id='block_1_36' title="bbox 495 1844 2064 1922">
    <p class='ocr_par' dir='ltr' id='par_1_36' title="bbox 495 1844 2064 1922">
     <span class='ocr_line' id='line_1_36' title="bbox 495 1844 2064 1922; baseline -0.01 -14"><span class='ocrx_word' id='word_1_242' title='bbox 495 1855 816 1909; x_wconf 85' lang='lat' dir='ltr'><strong>ﬂuminibus</strong></span> <span class='ocrx_word' id='word_1_243' title='bbox 874 1851 1094 1922; x_wconf 78' lang='lat' dir='ltr'><strong>magnis</strong></span> <span class='ocrx_word' id='word_1_244' title='bbox 1155 1850 1372 1904; x_wconf 90' lang='lat' dir='ltr'><strong>minora</strong></span> <span class='ocrx_word' id='word_1_245' title='bbox 1421 1866 1433 1901; x_wconf 93' lang='lat'>:</span> <span class='ocrx_word' id='word_1_246' title='bbox 1493 1847 1642 1901; x_wconf 90' lang='lat' dir='ltr'><strong>circa</strong></span> <span class='ocrx_word' id='word_1_247' title='bbox 1691 1844 1828 1898; x_wconf 86' lang='lat' dir='ltr'><strong>alios</strong></span> <span class='ocrx_word' id='word_1_248' title='bbox 1884 1846 2064 1894; x_wconf 90' lang='lat' dir='ltr'><strong>autem</strong></span> 
     </span>
    </p>
   </div>
   <div class='ocr_carea' id='block_1_37' title="bbox 495 1930 2067 2019">
    <p class='ocr_par' dir='ltr' id='par_1_37' title="bbox 495 1930 2067 2019">
     <span class='ocr_line' id='line_1_37' title="bbox 495 1930 2067 2019; baseline -0.011 -16"><span class='ocrx_word' id='word_1_249' title='bbox 495 1947 714 2019; x_wconf 82' lang='lat' dir='ltr'><strong>aliquod</strong></span> <span class='ocrx_word' id='word_1_250' title='bbox 768 1951 1259 2016; x_wconf 86' lang='lat' dir='ltr'><strong>temperamentum</strong></span> <span class='ocrx_word' id='word_1_251' title='bbox 1311 1939 1595 2004; x_wconf 86' lang='lat' dir='ltr'><strong>adhiberi,</strong></span> <span class='ocrx_word' id='word_1_252' title='bbox 1649 1935 1796 2006; x_wconf 89' lang='lat' dir='ltr'><strong>quod</strong></span> <span class='ocrx_word' id='word_1_253' title='bbox 1843 1941 1896 1988; x_wconf 93' lang='lat' dir='ltr'><strong>et</strong></span> <span class='ocrx_word' id='word_1_254' title='bbox 1955 1930 2067 1985; x_wconf 90' lang='lat' dir='ltr'><strong>illis</strong></span> 
     </span>
    </p>
   </div>
   <div class='ocr_carea' id='block_1_38' title="bbox 497 2026 2070 2110">
    <p class='ocr_par' dir='ltr' id='par_1_38' title="bbox 497 2026 2070 2110">
     <span class='ocr_line' id='line_1_38' title="bbox 497 2026 2070 2110; baseline -0.014 -13"><span class='ocrx_word' id='word_1_255' title='bbox 497 2041 810 2105; x_wconf 87' lang='lat' dir='ltr'><strong>conveniat,</strong></span> <span class='ocrx_word' id='word_1_256' title='bbox 840 2051 894 2096; x_wconf 92' lang='lat' dir='ltr'><strong>et</strong></span> <span class='ocrx_word' id='word_1_257' title='bbox 921 2038 1174 2110; x_wconf 82' lang='lat' dir='ltr'><strong>paciﬁcet</strong></span> <span class='ocrx_word' id='word_1_258' title='bbox 1209 2035 1493 2106; x_wconf 88' lang='lat' dir='ltr'><strong>populum,</strong></span> <span class='ocrx_word' id='word_1_259' title='bbox 1527 2039 1583 2086; x_wconf 89' lang='lat' dir='ltr'><strong>et</strong></span> <span class='ocrx_word' id='word_1_260' title='bbox 1609 2026 1932 2101; x_wconf 81' lang='lat' dir='ltr'><strong>prudentiae</strong></span> <span class='ocrx_word' id='word_1_261' title='bbox 1963 2031 2070 2077; x_wconf 76' lang='lat' dir='ltr'><strong>tute</strong></span> 
     </span>
    </p>
   </div>
   <div class='ocr_carea' id='block_1_39' title="bbox 497 2119 2062 2204">
    <p class='ocr_par' dir='ltr' id='par_1_39' title="bbox 497 2119 2062 2204">
     <span class='ocr_line' id='line_1_39' title="bbox 497 2119 2062 2204; baseline -0.017 -14"><span class='ocrx_word' id='word_1_262' title='bbox 497 2150 562 2189; x_wconf 89' lang='lat' dir='ltr'><strong>ac</strong></span> <span class='ocrx_word' id='word_1_263' title='bbox 590 2148 850 2204; x_wconf 90' lang='lat' dir='ltr'><strong>perquam</strong></span> <span class='ocrx_word' id='word_1_264' title='bbox 895 2129 1097 2186; x_wconf 89' lang='lat' dir='ltr'><strong>celebri</strong></span> <span class='ocrx_word' id='word_1_265' title='bbox 1143 2126 1379 2182; x_wconf 75' lang='lat' dir='ltr'><strong>solertiae</strong></span> <span class='ocrx_word' id='word_1_266' title='bbox 1430 2121 1724 2190; x_wconf 89' lang='lat' dir='ltr'><strong>studioque</strong></span> <span class='ocrx_word' id='word_1_267' title='bbox 1770 2119 2062 2186; x_wconf 90' lang='lat' dir='ltr'><strong>competat.</strong></span> 
     </span>
    </p>
   </div>
   <div class='ocr_carea' id='block_1_40' title="bbox 498 2202 2069 2284">
    <p class='ocr_par' dir='ltr' id='par_1_40' title="bbox 498 2202 2069 2284">
     <span class='ocr_line' id='line_1_40' title="bbox 498 2202 2069 2284; baseline -0.015 -6"><span class='ocrx_word' id='word_1_268' title='bbox 498 2202 765 2278; x_wconf 68' lang='lat' dir='ltr'><strong>Caeterum</strong></span> <span class='ocrx_word' id='word_1_269' title='bbox 811 2219 1069 2277; x_wconf 80' lang='lat' dir='ltr'><strong>eximiam</strong></span> <span class='ocrx_word' id='word_1_270' title='bbox 1117 2225 1268 2271; x_wconf 87' lang='lat' dir='ltr'><strong>tuam</strong></span> <span class='ocrx_word' id='word_1_271' title='bbox 1326 2211 1674 2284; x_wconf 87' lang='lat' dir='ltr'><strong>prudentiam</strong></span> <span class='ocrx_word' id='word_1_272' title='bbox 1708 2207 1858 2261; x_wconf 92' lang='lat' dir='ltr'><strong>nullo</strong></span> <span class='ocrx_word' id='word_1_273' title='bbox 1905 2202 2069 2258; x_wconf 91' lang='lat' dir='ltr'><strong>modo</strong></span> 
     </span>
    </p>
   </div>
   <div class='ocr_carea' id='block_1_41' title="bbox 399 2294 2071 2380">
    <p class='ocr_par' dir='ltr' id='par_1_41' title="bbox 399 2294 2071 2380">
     <span class='ocr_line' id='line_1_41' title="bbox 399 2294 2071 2380; baseline -0.014 -10"><span class='ocrx_word' id='word_1_274' title='bbox 399 2367 402 2370; x_wconf 74' lang='lat'><strong>.</strong></span> <span class='ocrx_word' id='word_1_275' title='bbox 499 2317 648 2379; x_wconf 83' lang='lat' dir='ltr'><strong>latet,</strong></span> <span class='ocrx_word' id='word_1_276' title='bbox 687 2312 876 2367; x_wconf 90' lang='lat' dir='ltr'><strong>eadem</strong></span> <span class='ocrx_word' id='word_1_277' title='bbox 929 2311 1039 2380; x_wconf 88' lang='lat' dir='ltr'><strong>jam</strong></span> <span class='ocrx_word' id='word_1_278' title='bbox 1093 2317 1148 2362; x_wconf 87' lang='lat' dir='ltr'><strong>et</strong></span> <span class='ocrx_word' id='word_1_279' title='bbox 1198 2302 1550 2360; x_wconf 88' lang='lat' dir='ltr'><strong>unanimibus</strong></span> <span class='ocrx_word' id='word_1_280' title='bbox 1599 2299 1711 2353; x_wconf 90' lang='lat' dir='ltr'><strong>tuis</strong></span> <span class='ocrx_word' id='word_1_281' title='bbox 1751 2294 2071 2350; x_wconf 85' lang='lat' dir='ltr'><strong>Occidenta—</strong></span> 
     </span>
    </p>
   </div>
   <div class='ocr_carea' id='block_1_42' title="bbox 500 2387 2067 2476">
    <p class='ocr_par' dir='ltr' id='par_1_42' title="bbox 500 2387 2067 2476">
     <span class='ocr_line' id='line_1_42' title="bbox 500 2387 2067 2476; baseline -0.015 -18"><span class='ocrx_word' id='word_1_282' title='bbox 500 2407 645 2462; x_wconf 87' lang='lat' dir='ltr'><strong>libus</strong></span> <span class='ocrx_word' id='word_1_283' title='bbox 691 2404 1002 2476; x_wconf 87' lang='lat' dir='ltr'><strong>placuisse,</strong></span> <span class='ocrx_word' id='word_1_284' title='bbox 1036 2407 1096 2454; x_wconf 87' lang='lat' dir='ltr'><strong>ut</strong></span> <span class='ocrx_word' id='word_1_285' title='bbox 1138 2397 1439 2453; x_wconf 88' lang='lat' dir='ltr'><strong>ostendunt</strong></span> <span class='ocrx_word' id='word_1_286' title='bbox 1483 2393 1678 2447; x_wconf 80' lang='lat' dir='ltr'><strong>littera:</strong></span> <span class='ocrx_word' id='word_1_287' title='bbox 1713 2403 1808 2458; x_wconf 91' lang='lat' dir='ltr'><strong>per</strong></span> <span class='ocrx_word' id='word_1_288' title='bbox 1851 2387 2067 2441; x_wconf 88' lang='lat' dir='ltr'><strong>beatum</strong></span> 
     </span>
    </p>
   </div>
   <div class='ocr_carea' id='block_1_43' title="bbox 503 2492 1220 2572">
    <p class='ocr_par' dir='ltr' id='par_1_43' title="bbox 503 2492 1220 2572">
     <span class='ocr_line' id='line_1_43' title="bbox 503 2492 1220 2572; baseline -0.013 -17"><span class='ocrx_word' id='word_1_289' title='bbox 503 2501 798 2572; x_wconf 83' lang='lat' dir='ltr'><strong>Sylvanum</strong></span> <span class='ocrx_word' id='word_1_290' title='bbox 837 2495 997 2550; x_wconf 90' lang='lat' dir='ltr'><strong>nobis</strong></span> <span class='ocrx_word' id='word_1_291' title='bbox 1023 2492 1220 2546; x_wconf 65' lang='lat' dir='ltr'><strong>allatae.</strong></span> 
     </span>
    </p>
   </div>
   <div class='ocr_carea' id='block_1_44' title="bbox 860 2685 1694 2767">
    <p class='ocr_par' dir='ltr' id='par_1_44' title="bbox 860 2685 1694 2767">
     <span class='ocr_line' id='line_1_44' title="bbox 860 2685 1694 2767; baseline -0.02 -14"><span class='ocrx_word' id='word_1_292' title='bbox 860 2697 1028 2767; x_wconf 78' lang='lat'><strong>.161</strong></span> <span class='ocrx_word' id='word_1_293' title='bbox 1070 2690 1407 2747; x_wconf 66' lang='lat' dir='ltr'><strong>EPISTOLA</strong></span> <span class='ocrx_word' id='word_1_294' title='bbox 1448 2685 1694 2741; x_wconf 59' lang='lat' dir='ltr'><strong>LXVIII-2</strong></span> 
     </span>
    </p>
   </div>
   <div class='ocr_carea' id='block_1_45' title="bbox 2166 1825 3770 1902">
    <p class='ocr_par' dir='ltr' id='par_1_45' title="bbox 2166 1825 3770 1902">
     <span class='ocr_line' id='line_1_45' title="bbox 2166 1825 3770 1902; baseline 0.004 -23"><span class='ocrx_word' id='word_1_295' title='bbox 2166 1827 2292 1889; x_wconf 74' lang='grc' dir='ltr'>τοὺς</span> <span class='ocrx_word' id='word_1_296' title='bbox 2325 1825 2539 1890; x_wconf 66' lang='grc' dir='ltr'>ἄλλους,</span> <span class='ocrx_word' id='word_1_297' title='bbox 2565 1826 2752 1898; x_wconf 78' lang='grc' dir='ltr'>ὥσπερ</span> <span class='ocrx_word' id='word_1_298' title='bbox 2782 1830 2892 1892; x_wconf 81' lang='grc' dir='ltr'>τοῖς</span> <span class='ocrx_word' id='word_1_299' title='bbox 2924 1828 3179 1898; x_wconf 85' lang='grc' dir='ltr'>μεγάλοις</span> <span class='ocrx_word' id='word_1_300' title='bbox 3204 1829 3310 1883; x_wconf 79' lang='grc' dir='ltr'>τῶν</span> <span class='ocrx_word' id='word_1_301' title='bbox 3343 1831 3601 1902; x_wconf 81' lang='grc' dir='ltr'>ποταμῶν</span> <span class='ocrx_word' id='word_1_302' title='bbox 3631 1833 3770 1895; x_wconf 80' lang='grc' dir='ltr'>τοὺς</span> 
     </span>
    </p>
   </div>
   <div class='ocr_carea' id='block_1_46' title="bbox 2168 1918 3772 1991">
    <p class='ocr_par' dir='ltr' id='par_1_46' title="bbox 2168 1918 3772 1991">
     <span class='ocr_line' id='line_1_46' title="bbox 2168 1918 3772 1991; baseline 0.005 -20"><span class='ocrx_word' id='word_1_303' title='bbox 2168 1918 2440 1981; x_wconf 82' lang='grc' dir='ltr'>ἐλάττους·</span> <span class='ocrx_word' id='word_1_304' title='bbox 2477 1921 2604 1990; x_wconf 77' lang='grc' dir='ltr'>περὶ</span> <span class='ocrx_word' id='word_1_305' title='bbox 2635 1920 2690 1973; x_wconf 87' lang='grc' dir='ltr'>δὲ</span> <span class='ocrx_word' id='word_1_306' title='bbox 2720 1920 2851 1984; x_wconf 82' lang='grc' dir='ltr'>τοὺς</span> <span class='ocrx_word' id='word_1_307' title='bbox 2889 1920 3080 1985; x_wconf 82' lang='grc' dir='ltr'>ἄλλους</span> <span class='ocrx_word' id='word_1_308' title='bbox 3109 1923 3363 1991; x_wconf 85' lang='grc' dir='ltr'>γενέσθαι</span> <span class='ocrx_word' id='word_1_309' title='bbox 3400 1925 3520 1978; x_wconf 81' lang='grc' dir='ltr'>τινὰ</span> <span class='ocrx_word' id='word_1_310' title='bbox 3548 1927 3772 1979; x_wconf 73' lang='grc' dir='ltr'>οἰκονο-</span> 
     </span>
    </p>
   </div>
   <div class='ocr_carea' id='block_1_47' title="bbox 2173 2011 3772 2091">
    <p class='ocr_par' dir='ltr' id='par_1_47' title="bbox 2173 2011 3772 2091">
     <span class='ocr_line' id='line_1_47' title="bbox 2173 2011 3772 2091; baseline 0.006 -28"><span class='ocrx_word' id='word_1_311' title='bbox 2173 2011 2321 2080; x_wconf 78' lang='grc' dir='ltr'>μίαν,</span> <span class='ocrx_word' id='word_1_312' title='bbox 2364 2011 2464 2081; x_wconf 85' lang='grc' dir='ltr'>τὴν</span> <span class='ocrx_word' id='word_1_313' title='bbox 2499 2013 2775 2077; x_wconf 83' lang='grc' dir='ltr'>κάκείνοις</span> <span class='ocrx_word' id='word_1_314' title='bbox 2806 2015 3146 2085; x_wconf 84' lang='grc' dir='ltr'>πρέπουσαν,</span> <span class='ocrx_word' id='word_1_315' title='bbox 3179 2017 3277 2071; x_wconf 78' lang='grc' dir='ltr'>καὶ</span> <span class='ocrx_word' id='word_1_316' title='bbox 3309 2017 3401 2071; x_wconf 83' lang='grc' dir='ltr'><strong>τὸν</strong></span> <span class='ocrx_word' id='word_1_317' title='bbox 3438 2018 3564 2071; x_wconf 85' lang='grc' dir='ltr'>λαὸν</span> <span class='ocrx_word' id='word_1_318' title='bbox 3601 2020 3772 2091; x_wconf 72' lang='grc' dir='ltr'>εἰρη-</span> 
     </span>
    </p>
   </div>
   <div class='ocr_carea' id='block_1_48' title="bbox 2171 2103 3778 2184">
    <p class='ocr_par' dir='ltr' id='par_1_48' title="bbox 2171 2103 3778 2184">
     <span class='ocr_line' id='line_1_48' title="bbox 2171 2103 3778 2184; baseline 0.007 -30"><span class='ocrx_word' id='word_1_319' title='bbox 2171 2103 2458 2169; x_wconf 85' lang='grc' dir='ltr'>νεύουσαν,</span> <span class='ocrx_word' id='word_1_320' title='bbox 2494 2105 2586 2157; x_wconf 70' lang='grc' dir='ltr'>καὶ</span> <span class='ocrx_word' id='word_1_321' title='bbox 2608 2108 2672 2176; x_wconf 82' lang='grc' dir='ltr'><strong>τῇ</strong></span> <span class='ocrx_word' id='word_1_322' title='bbox 2699 2109 2764 2177; x_wconf 83' lang='grc' dir='ltr'>σῇ</span> <span class='ocrx_word' id='word_1_323' title='bbox 2800 2107 3129 2161; x_wconf 78' lang='grc' dir='ltr'>συνέσει-καὶ</span> <span class='ocrx_word' id='word_1_324' title='bbox 3151 2111 3462 2182; x_wconf 79' lang='grc' dir='ltr'>περιϐοήτῳ</span> <span class='ocrx_word' id='word_1_325' title='bbox 3482 2112 3778 2184; x_wconf 74' lang='grc' dir='ltr'>ἐντρεχείᾳ</span> 
     </span>
    </p>
   </div>
   <div class='ocr_carea' id='block_1_49' title="bbox 2179 2187 3774 2267">
    <p class='ocr_par' dir='ltr' id='par_1_49' title="bbox 2179 2187 3774 2267">
     <span class='ocr_line' id='line_1_49' title="bbox 2179 2187 3774 2267; baseline 0.006 -19"><span class='ocrx_word' id='word_1_326' title='bbox 2179 2195 2271 2248; x_wconf 75' lang='grc' dir='ltr'><strong>καὶ</strong></span> <span class='ocrx_word' id='word_1_327' title='bbox 2304 2195 2504 2266; x_wconf 82' lang='grc' dir='ltr'>σπουδῇ</span> <span class='ocrx_word' id='word_1_328' title='bbox 2538 2198 2951 2254; x_wconf 81' lang='grc' dir='ltr'>ἐπιϐάλλουσαν.</span> <span class='ocrx_word' id='word_1_329' title='bbox 2997 2202 3220 2267; x_wconf 82' lang='grc' dir='ltr'>Πάντως</span> <span class='ocrx_word' id='word_1_330' title='bbox 3251 2187 3307 2257; x_wconf 74' lang='grc' dir='ltr'>δὲ</span> <span class='ocrx_word' id='word_1_331' title='bbox 3339 2203 3437 2257; x_wconf 86' lang='grc' dir='ltr'>οὐκ</span> <span class='ocrx_word' id='word_1_332' title='bbox 3473 2203 3630 2258; x_wconf 80' lang='grc' dir='ltr'>ἔλαθέ</span> <span class='ocrx_word' id='word_1_333' title='bbox 3666 2222 3774 2258; x_wconf 83' lang='grc' dir='ltr'><strong>σου</strong></span> 
     </span>
    </p>
   </div>
   <div class='ocr_carea' id='block_1_50' title="bbox 2175 2286 3775 2366">
    <p class='ocr_par' dir='ltr' id='par_1_50' title="bbox 2175 2286 3775 2366">
     <span class='ocr_line' id='line_1_50' title="bbox 2175 2286 3775 2366; baseline 0.008 -28"><span class='ocrx_word' id='word_1_334' title='bbox 2175 2286 2274 2355; x_wconf 83' lang='grc' dir='ltr'>τὴν</span> <span class='ocrx_word' id='word_1_335' title='bbox 2303 2287 2709 2359; x_wconf 83' lang='grc' dir='ltr'>ἀνυπέρϐλητον</span> <span class='ocrx_word' id='word_1_336' title='bbox 2738 2291 3028 2362; x_wconf 82' lang='grc' dir='ltr'>φρόνησιν,</span> <span class='ocrx_word' id='word_1_337' title='bbox 3061 2293 3144 2347; x_wconf 86' lang='grc' dir='ltr'>ὅτι</span> <span class='ocrx_word' id='word_1_338' title='bbox 3170 2294 3270 2365; x_wconf 73' lang='grc' dir='ltr'>ἤδη</span> <span class='ocrx_word' id='word_1_339' title='bbox 3306 2296 3533 2359; x_wconf 73' lang='grc' dir='ltr'>καὶτοῖς</span> <span class='ocrx_word' id='word_1_340' title='bbox 3554 2295 3775 2366; x_wconf 79' lang='grc' dir='ltr'>ὁμοψύ-</span> 
     </span>
    </p>
   </div>
   <div class='ocr_carea' id='block_1_51' title="bbox 2175 2382 3780 2455">
    <p class='ocr_par' dir='ltr' id='par_1_51' title="bbox 2175 2382 3780 2455">
     <span class='ocr_line' id='line_1_51' title="bbox 2175 2382 3780 2455; baseline 0.007 -26"><span class='ocrx_word' id='word_1_341' title='bbox 2175 2395 2292 2448; x_wconf 89' lang='grc' dir='ltr'>χοις</span> <span class='ocrx_word' id='word_1_342' title='bbox 2332 2394 2424 2432; x_wconf 88' lang='grc' dir='ltr'><strong>σου</strong></span> <span class='ocrx_word' id='word_1_343' title='bbox 2471 2383 2583 2443; x_wconf 83' lang='grc' dir='ltr'>τοῖς</span> <span class='ocrx_word' id='word_1_344' title='bbox 2621 2382 2762 2434; x_wconf 72' lang='grc' dir='ltr'>κατὰ</span> <span class='ocrx_word' id='word_1_345' title='bbox 2797 2382 2894 2455; x_wconf 78' lang='grc' dir='ltr'>τὴν</span> <span class='ocrx_word' id='word_1_346' title='bbox 2946 2385 3098 2438; x_wconf 85' lang='grc' dir='ltr'>δύσιν</span> <span class='ocrx_word' id='word_1_347' title='bbox 3136 2387 3203 2440; x_wconf 75' lang='grc' dir='ltr'>τὰ</span> <span class='ocrx_word' id='word_1_348' title='bbox 3245 2387 3383 2441; x_wconf 85' lang='grc' dir='ltr'>αὐτὰ</span> <span class='ocrx_word' id='word_1_349' title='bbox 3426 2386 3597 2441; x_wconf 80' lang='grc' dir='ltr'>ταῦτα</span> <span class='ocrx_word' id='word_1_350' title='bbox 3642 2405 3780 2442; x_wconf 87' lang='grc' dir='ltr'>συν-</span> 
     </span>
    </p>
   </div>
   <div class='ocr_carea' id='block_1_52' title="bbox 2177 2470 3779 2548">
    <p class='ocr_par' dir='ltr' id='par_1_52' title="bbox 2177 2470 3779 2548">
     <span class='ocr_line' id='line_1_52' title="bbox 2177 2470 3779 2548; baseline 0.007 -27"><span class='ocrx_word' id='word_1_351' title='bbox 2177 2470 2526 2538; x_wconf 80' lang='grc' dir='ltr'>ήρεσεν(59)·</span> <span class='ocrx_word' id='word_1_352' title='bbox 2561 2471 2635 2535; x_wconf 82' lang='grc' dir='ltr'>ὡς</span> <span class='ocrx_word' id='word_1_353' title='bbox 2676 2472 2826 2544; x_wconf 88' lang='grc' dir='ltr'>δηλοί</span> <span class='ocrx_word' id='word_1_354' title='bbox 2857 2475 2925 2529; x_wconf 85' lang='grc' dir='ltr'>τὰ</span> <span class='ocrx_word' id='word_1_355' title='bbox 2955 2476 3262 2548; x_wconf 84' lang='grc' dir='ltr'>γράμματα</span> <span class='ocrx_word' id='word_1_356' title='bbox 3297 2479 3365 2532; x_wconf 84' lang='grc' dir='ltr'>τὰ</span> <span class='ocrx_word' id='word_1_357' title='bbox 3401 2479 3488 2533; x_wconf 86' lang='grc' dir='ltr'>διὰ</span> <span class='ocrx_word' id='word_1_358' title='bbox 3525 2478 3623 2532; x_wconf 81' lang='grc' dir='ltr'>τοῦ</span> <span class='ocrx_word' id='word_1_359' title='bbox 3658 2497 3779 2548; x_wconf 81' lang='grc' dir='ltr'>μα-</span> 
     </span>
    </p>
   </div>
   <div class='ocr_carea' id='block_1_53' title="bbox 2177 2559 3227 2638">
    <p class='ocr_par' dir='ltr' id='par_1_53' title="bbox 2177 2559 3227 2638">
     <span class='ocr_line' id='line_1_53' title="bbox 2177 2559 3227 2638; baseline 0.01 -26"><span class='ocrx_word' id='word_1_360' title='bbox 2177 2559 2369 2630; x_wconf 85' lang='grc' dir='ltr'>καρίου</span> <span class='ocrx_word' id='word_1_361' title='bbox 2406 2561 2696 2616; x_wconf 81' lang='grc' dir='ltr'>Σιλουανώ</span> <span class='ocrx_word' id='word_1_362' title='bbox 2722 2566 3053 2636; x_wconf 83' lang='grc' dir='ltr'>κομισθέντα</span> <span class='ocrx_word' id='word_1_363' title='bbox 3073 2571 3227 2638; x_wconf 80' lang='grc' dir='ltr'>ἡμῖν.</span> 
     </span>
    </p>
   </div>
   <div class='ocr_carea' id='block_1_54' title="bbox 2720 2682 3233 2737">
    <p class='ocr_par' dir='ltr' id='par_1_54' title="bbox 2720 2682 3233 2737">
     <span class='ocr_line' id='line_1_54' title="bbox 2720 2682 3233 2737; baseline -0.002 0"><span class='ocrx_word' id='word_1_364' title='bbox 2720 2684 3070 2737; x_wconf 84' lang='grc' dir='ltr'><strong>ΕΠΙΣΤΟΛΗ</strong></span> <span class='ocrx_word' id='word_1_365' title='bbox 3108 2682 3233 2736; x_wconf 85' lang='grc' dir='ltr'><strong>ΞΗ’.</strong></span> 
     </span>
    </p>
   </div>
   <div class='ocr_carea' id='block_1_55' title="bbox 507 2791 3758 2906">
    <p class='ocr_par' dir='ltr' id='par_1_55' title="bbox 507 2791 3758 2906">
     <span class='ocr_line' id='line_1_55' title="bbox 507 2791 3758 2906; baseline -0.005 -35"><span class='ocrx_word' id='word_1_366' title='bbox 507 2824 626 2871; x_wconf 83' lang='lat' dir='ltr'><strong>Cum</strong></span> <span class='ocrx_word' id='word_1_367' title='bbox 659 2814 845 2866; x_wconf 74' lang='lat' dir='ltr'><strong>Meletio</strong></span> <span class='ocrx_word' id='word_1_368' title='bbox 871 2812 971 2879; x_wconf 80' lang='lat' dir='ltr'><strong>agit</strong></span> <span class='ocrx_word' id='word_1_369' title='bbox 1002 2808 1212 2861; x_wconf 80' lang='lat' dir='ltr'><strong>Basilius</strong></span> <span class='ocrx_word' id='word_1_370' title='bbox 1239 2808 1299 2858; x_wconf 88' lang='lat' dir='ltr'><strong>de</strong></span> <span class='ocrx_word' id='word_1_371' title='bbox 1323 2803 1558 2856; x_wconf 81' lang='lat' dir='ltr'><strong>Dorotheo</strong></span> <span class='ocrx_word' id='word_1_372' title='bbox 1581 2805 1776 2850; x_wconf 72' lang='lat' dir='ltr'><strong>Ruinam</strong></span> <span class='ocrx_word' id='word_1_373' title='bbox 1809 2791 2299 2906; x_wconf 44' lang='lat' dir='ltr'><strong>mittendgiaggrztiat</strong></span> <span class='ocrx_word' id='word_1_374' title='bbox 2342 2798 2403 2847; x_wconf 88' lang='lat' dir='ltr'><strong>de</strong></span> <span class='ocrx_word' id='word_1_375' title='bbox 2441 2800 2636 2864; x_wconf 82' lang='lat' dir='ltr'><strong>Euippii</strong></span> <span class='ocrx_word' id='word_1_376' title='bbox 2672 2801 2896 2864; x_wconf 81' lang='lat' dir='ltr'><strong>adventu,</strong></span> <span class='ocrx_word' id='word_1_377' title='bbox 2933 2808 2979 2852; x_wconf 79' lang='lat' dir='ltr'><strong>et</strong></span> <span class='ocrx_word' id='word_1_378' title='bbox 3023 2800 3235 2852; x_wconf 81' lang='lat' dir='ltr'><strong>aliorum</strong></span> <span class='ocrx_word' id='word_1_379' title='bbox 3273 2801 3569 2852; x_wconf 75' lang='lat' dir='ltr'><strong>Arianorum</strong></span> <span class='ocrx_word' id='word_1_380' title='bbox 3597 2814 3758 2867; x_wconf 57' lang='grc' dir='ltr'>περ..</span> 
     </span>
    </p>
   </div>
   <div class='ocr_carea' id='block_1_56' title="bbox 857 2974 1717 3050">
    <p class='ocr_par' dir='ltr' id='par_1_56' title="bbox 857 2974 1717 3050">
     <span class='ocr_line' id='line_1_56' title="bbox 857 2974 1717 3050; baseline -0.015 -11"><span class='ocrx_word' id='word_1_381' title='bbox 857 2983 1101 3046; x_wconf 83' lang='lat' dir='ltr'><strong>Meletio,</strong></span> <span class='ocrx_word' id='word_1_382' title='bbox 1135 2981 1372 3050; x_wconf 78' lang='lat' dir='ltr'><strong>episcopo</strong></span> <span class='ocrx_word' id='word_1_383' title='bbox 1406 2974 1717 3030; x_wconf 61' lang='lat' dir='ltr'><strong>Antiochiae.</strong></span> 
     </span>
    </p>
   </div>
   <div class='ocr_carea' id='block_1_57' title="bbox 2452 2973 3493 3041">
    <p class='ocr_par' dir='ltr' id='par_1_57' title="bbox 2452 2973 3493 3041">
     <span class='ocr_line' id='line_1_57' title="bbox 2452 2973 3493 3041; baseline 0.003 -17"><span class='ocrx_word' id='word_1_384' title='bbox 2452 2973 2738 3036; x_wconf 78' lang='grc' dir='ltr'>Μελετίῳ,</span> <span class='ocrx_word' id='word_1_385' title='bbox 2771 2973 3082 3036; x_wconf 74' lang='grc' dir='ltr'>ἐπισκόπῳ</span> <span class='ocrx_word' id='word_1_386' title='bbox 3110 2973 3493 3041; x_wconf 76' lang='grc' dir='ltr'>Ἀντιοχείας.</span> 
     </span>
    </p>
   </div>
   <div class='ocr_carea' id='block_1_58' title="bbox 581 3038 2077 3145">
    <p class='ocr_par' dir='ltr' id='par_1_58' title="bbox 581 3059 2077 3145">
     <span class='ocr_line' id='line_1_58' title="bbox 581 3059 2077 3145; baseline -0.013 -13"><span class='ocrx_word' id='word_1_387' title='bbox 581 3079 856 3132; x_wconf 82' lang='lat' dir='ltr'><strong>Hactenus</strong></span> <span class='ocrx_word' id='word_1_388' title='bbox 909 3074 1127 3145; x_wconf 90' lang='lat' dir='ltr'><strong>quidem</strong></span> <span class='ocrx_word' id='word_1_389' title='bbox 1175 3072 1448 3124; x_wconf 89' lang='lat' dir='ltr'><strong>voluimus</strong></span> <span class='ocrx_word' id='word_1_390' title='bbox 1495 3069 1733 3122; x_wconf 85' lang='lat' dir='ltr'><strong>retinere</strong></span> <span class='ocrx_word' id='word_1_391' title='bbox 1786 3059 1928 3132; x_wconf 90' lang='lat' dir='ltr'><strong>apud</strong></span> <span class='ocrx_word' id='word_1_392' title='bbox 1975 3073 2077 3112; x_wconf 90' lang='lat' dir='ltr'><strong>nos</strong></span> 
     </span>
    </p>
   </div>
   <div class='ocr_carea' id='block_1_59' title="bbox 2184 3038 3786 3145">
    <p class='ocr_par' dir='ltr' id='par_1_59' title="bbox 2253 3038 3786 3137">
     <span class='ocr_line' id='line_1_59' title="bbox 2253 3038 3786 3137; baseline 0.005 -26"><span class='ocrx_word' id='word_1_393' title='bbox 2253 3060 2401 3125; x_wconf 86' lang='grc' dir='ltr'>Τέως</span> <span class='ocrx_word' id='word_1_394' title='bbox 2460 3064 2560 3132; x_wconf 87' lang='grc' dir='ltr'>μὲν</span> <span class='ocrx_word' id='word_1_395' title='bbox 2607 3065 2983 3137; x_wconf 77' lang='grc' dir='ltr'>ἡϐουλήθημεν</span> <span class='ocrx_word' id='word_1_396' title='bbox 3036 3038 3341 3136; x_wconf 67' lang='grc' dir='ltr'>κατασχεῖν</span> <span class='ocrx_word' id='word_1_397' title='bbox 3376 3065 3504 3136; x_wconf 88' lang='grc' dir='ltr'>παρ’</span> <span class='ocrx_word' id='word_1_398' title='bbox 3557 3065 3786 3128; x_wconf 80' lang='grc' dir='ltr'>ἑαυτοῖς</span> 
     </span>
    </p>
   </div>
   <div class='ocr_carea' id='block_1_60' title="bbox 508 3155 2078 3240">
    <p class='ocr_par' dir='ltr' id='par_1_60' title="bbox 508 3155 2078 3240">
     <span class='ocr_line' id='line_1_60' title="bbox 508 3155 2078 3240; baseline -0.014 -15"><span class='ocrx_word' id='word_1_399' title='bbox 508 3165 980 3240; x_wconf 79' lang='lat' dir='ltr'><strong>religiosissimum</strong></span> <span class='ocrx_word' id='word_1_400' title='bbox 1026 3163 1249 3219; x_wconf 81' lang='lat' dir='ltr'><strong>fratrem</strong></span> <span class='ocrx_word' id='word_1_401' title='bbox 1294 3163 1624 3215; x_wconf 75' lang='lat' dir='ltr'><strong>Doro‘tlieum</strong></span> <span class='ocrx_word' id='word_1_402' title='bbox 1659 3155 2078 3214; x_wconf 86' lang='lat' dir='ltr'><strong>condiaconum,</strong></span> 
     </span>
    </p>
   </div>
   <div class='ocr_carea' id='block_1_61' title="bbox 512 3245 2083 3328">
    <p class='ocr_par' dir='ltr' id='par_1_61' title="bbox 512 3245 2083 3328">
     <span class='ocr_line' id='line_1_61' title="bbox 512 3245 2083 3328; baseline -0.014 -10"><span class='ocrx_word' id='word_1_403' title='bbox 512 3273 571 3318; x_wconf 95' lang='lat' dir='ltr'><strong>ut</strong></span> <span class='ocrx_word' id='word_1_404' title='bbox 592 3278 717 3318; x_wconf 90' lang='lat' dir='ltr'><strong>eum</strong></span> <span class='ocrx_word' id='word_1_405' title='bbox 748 3261 851 3316; x_wconf 89' lang='lat' dir='ltr'><strong>sub</strong></span> <span class='ocrx_word' id='word_1_406' title='bbox 880 3259 1039 3314; x_wconf 82' lang='lat' dir='ltr'><strong>ﬁnem</strong></span> <span class='ocrx_word' id='word_1_407' title='bbox 1074 3256 1416 3328; x_wconf 84' lang='lat' dir='ltr'><strong>negotiorum</strong></span> <span class='ocrx_word' id='word_1_408' title='bbox 1447 3253 1806 3314; x_wconf 87' lang='lat' dir='ltr'><strong>dimittentes,</strong></span> <span class='ocrx_word' id='word_1_409' title='bbox 1838 3245 2083 3316; x_wconf 84' lang='lat' dir='ltr'><strong>singulas</strong></span> 
     </span>
    </p>
   </div>
   <div class='ocr_carea' id='block_1_62' title="bbox 512 3335 2084 3422">
    <p class='ocr_par' dir='ltr' id='par_1_62' title="bbox 512 3335 2084 3422">
     <span class='ocr_line' id='line_1_62' title="bbox 512 3335 2084 3422; baseline -0.014 -12"><span class='ocrx_word' id='word_1_410' title='bbox 512 3369 605 3409; x_wconf 86' lang='lat' dir='ltr'><strong>res</strong></span> <span class='ocrx_word' id='word_1_411' title='bbox 641 3358 825 3422; x_wconf 80' lang='lat' dir='ltr'><strong>gestas</strong></span> <span class='ocrx_word' id='word_1_412' title='bbox 872 3348 1209 3420; x_wconf 69' lang='lat' dir='ltr'><strong>prtestantite</strong></span> <span class='ocrx_word' id='word_1_413' title='bbox 1239 3354 1344 3399; x_wconf 66' lang='lat' dir='ltr'><strong>tua:</strong></span> <span class='ocrx_word' id='word_1_414' title='bbox 1390 3360 1487 3414; x_wconf 91' lang='lat' dir='ltr'><strong>per</strong></span> <span class='ocrx_word' id='word_1_415' title='bbox 1521 3343 1698 3410; x_wconf 89' lang='lat' dir='ltr'><strong>ipsum</strong></span> <span class='ocrx_word' id='word_1_416' title='bbox 1746 3335 2084 3410; x_wconf 58' lang='lat' dir='ltr'><strong>signiﬁcare-</strong></span> 
     </span>
    </p>
   </div>
   <div class='ocr_carea' id='block_1_63' title="bbox 513 3423 2086 3508">
    <p class='ocr_par' dir='ltr' id='par_1_63' title="bbox 513 3423 2086 3508">
     <span class='ocr_line' id='line_1_63' title="bbox 513 3423 2086 3508; baseline -0.013 -10"><span class='ocrx_word' id='word_1_417' title='bbox 513 3458 656 3498; x_wconf 89' lang='lat' dir='ltr'><strong>mus.</strong></span> <span class='ocrx_word' id='word_1_418' title='bbox 690 3441 798 3497; x_wconf 89' lang='lat' dir='ltr'><strong>Sed</strong></span> <span class='ocrx_word' id='word_1_419' title='bbox 826 3451 1005 3494; x_wconf 88' lang='lat' dir='ltr'><strong>tamen</strong></span> <span class='ocrx_word' id='word_1_420' title='bbox 1031 3436 1314 3508; x_wconf 87' lang='lat' dir='ltr'><strong>quoniam,</strong></span> <span class='ocrx_word' id='word_1_421' title='bbox 1354 3433 1482 3488; x_wconf 92' lang='lat' dir='ltr'><strong>dum</strong></span> <span class='ocrx_word' id='word_1_422' title='bbox 1521 3431 1662 3486; x_wconf 87' lang='lat' dir='ltr'><strong>diem</strong></span> <span class='ocrx_word' id='word_1_423' title='bbox 1693 3444 1760 3483; x_wconf 81' lang='lat' dir='ltr'><strong>ex</strong></span> <span class='ocrx_word' id='word_1_424' title='bbox 1801 3427 1888 3480; x_wconf 87' lang='lat' dir='ltr'><strong>dio</strong></span> <span class='ocrx_word' id='word_1_425' title='bbox 1932 3423 2086 3478; x_wconf 83' lang='lat' dir='ltr'><strong>dill&#39;e-</strong></span> 
     </span>
    </p>
   </div>
   <div class='ocr_carea' id='block_1_64' title="bbox 515 3517 2084 3601">
    <p class='ocr_par' dir='ltr' id='par_1_64' title="bbox 515 3517 2084 3601">
     <span class='ocr_line' id='line_1_64' title="bbox 515 3517 2084 3601; baseline -0.015 -13"><span class='ocrx_word' id='word_1_426' title='bbox 515 3536 715 3596; x_wconf 88' lang='lat' dir='ltr'><strong>rimus,</strong></span> <span class='ocrx_word' id='word_1_427' title='bbox 749 3534 802 3586; x_wconf 90' lang='lat' dir='ltr'><strong>in</strong></span> <span class='ocrx_word' id='word_1_428' title='bbox 841 3533 1060 3601; x_wconf 86' lang='lat' dir='ltr'><strong>longum</strong></span> <span class='ocrx_word' id='word_1_429' title='bbox 1106 3537 1322 3597; x_wconf 90' lang='lat' dir='ltr'><strong>tempus</strong></span> <span class='ocrx_word' id='word_1_430' title='bbox 1357 3521 1615 3595; x_wconf 82' lang='lat' dir='ltr'><strong>protracti</strong></span> <span class='ocrx_word' id='word_1_431' title='bbox 1648 3534 1861 3580; x_wconf 88' lang='lat' dir='ltr'><strong>sumus,</strong></span> <span class='ocrx_word' id='word_1_432' title='bbox 1895 3517 2084 3570; x_wconf 86' lang='lat' dir='ltr'><strong>statim</strong></span> 
     </span>
    </p>
   </div>
   <div class='ocr_carea' id='block_1_65' title="bbox 513 3608 2086 3696">
    <p class='ocr_par' dir='ltr' id='par_1_65' title="bbox 513 3608 2086 3696">
     <span class='ocr_line' id='line_1_65' title="bbox 513 3608 2086 3696; baseline -0.015 -15"><span class='ocrx_word' id='word_1_433' title='bbox 513 3635 678 3696; x_wconf 89' lang='lat' dir='ltr'><strong>atque</strong></span> <span class='ocrx_word' id='word_1_434' title='bbox 726 3624 924 3685; x_wconf 90' lang='lat' dir='ltr'><strong>nobis,</strong></span> <span class='ocrx_word' id='word_1_435' title='bbox 962 3630 1024 3675; x_wconf 92' lang='lat' dir='ltr'><strong>ut</strong></span> <span class='ocrx_word' id='word_1_436' title='bbox 1072 3623 1128 3674; x_wconf 89' lang='lat' dir='ltr'><strong>in</strong></span> <span class='ocrx_word' id='word_1_437' title='bbox 1187 3619 1352 3673; x_wconf 89' lang='lat' dir='ltr'><strong>rebus</strong></span> <span class='ocrx_word' id='word_1_438' title='bbox 1383 3612 1748 3676; x_wconf 75' lang='lat' dir='ltr'><strong>difﬁcillimis,</strong></span> <span class='ocrx_word' id='word_1_439' title='bbox 1794 3608 2086 3664; x_wconf 90' lang='lat' dir='ltr'><strong>consilium</strong></span> 
     </span>
    </p>
   </div>
   <div class='ocr_carea' id='block_1_66' title="bbox 515 3698 2089 3789">
    <p class='ocr_par' dir='ltr' id='par_1_66' title="bbox 515 3698 2089 3789">
     <span class='ocr_line' id='line_1_66' title="bbox 515 3698 2089 3789; baseline -0.014 -15"><span class='ocrx_word' id='word_1_440' title='bbox 515 3717 737 3789; x_wconf 85' lang='lat' dir='ltr'><strong>aliquod</strong></span> <span class='ocrx_word' id='word_1_441' title='bbox 784 3716 866 3770; x_wconf 86' lang='lat' dir='ltr'><strong>de&#39;</strong></span> <span class='ocrx_word' id='word_1_442' title='bbox 882 3718 1052 3770; x_wconf 89' lang='lat' dir='ltr'><strong>rebus</strong></span> <span class='ocrx_word' id='word_1_443' title='bbox 1082 3711 1309 3782; x_wconf 77' lang='lat' dir='ltr'><strong>agendis</strong></span> <span class='ocrx_word' id='word_1_444' title='bbox 1351 3711 1405 3762; x_wconf 91' lang='lat' dir='ltr'><strong>in</strong></span> <span class='ocrx_word' id='word_1_445' title='bbox 1455 3715 1694 3760; x_wconf 85' lang='lat' dir='ltr'><strong>mentem</strong></span> <span class='ocrx_word' id='word_1_446' title='bbox 1729 3703 1901 3764; x_wconf 86' lang='lat' dir='ltr'><strong>venit,</strong></span> <span class='ocrx_word' id='word_1_447' title='bbox 1935 3698 2089 3754; x_wconf 89' lang='lat' dir='ltr'><strong>misi-</strong></span> 
     </span>
    </p>
   </div>
   <div class='ocr_carea' id='block_1_67' title="bbox 459 3791 2088 3879">
    <p class='ocr_par' dir='ltr' id='par_1_67' title="bbox 459 3791 2088 3879">
     <span class='ocr_line' id='line_1_67' title="bbox 459 3791 2088 3879; baseline -0.015 -14"><span class='ocrx_word' id='word_1_448' title='bbox 459 3791 462 3795; x_wconf 9' lang='lat'><strong><em>;</em></strong></span> <span class='ocrx_word' id='word_1_449' title='bbox 517 3826 639 3865; x_wconf 86' lang='lat' dir='ltr'><strong>mus</strong></span> <span class='ocrx_word' id='word_1_450' title='bbox 683 3808 1005 3879; x_wconf 64' lang='lat' dir='ltr'><strong>praedictum</strong></span> <span class='ocrx_word' id='word_1_451' title='bbox 1046 3806 1250 3866; x_wconf 82' lang='lat' dir='ltr'><strong>virum,</strong></span> <span class='ocrx_word' id='word_1_452' title='bbox 1304 3801 1398 3871; x_wconf 90' lang='lat' dir='ltr'><strong>qui</strong></span> <span class='ocrx_word' id='word_1_453' title='bbox 1453 3798 1801 3854; x_wconf 86' lang='lat' dir='ltr'><strong>sanctitatem</strong></span> <span class='ocrx_word' id='word_1_454' title='bbox 1851 3799 2088 3848; x_wconf 87' lang='lat' dir='ltr'><strong>vestram</strong></span> 
     </span>
    </p>
   </div>
   <div class='ocr_carea' id='block_1_68' title="bbox 515 3886 2092 3967">
    <p class='ocr_par' dir='ltr' id='par_1_68' title="bbox 515 3886 2092 3967">
     <span class='ocr_line' id='line_1_68' title="bbox 515 3886 2092 3967; baseline -0.015 -10"><span class='ocrx_word' id='word_1_455' title='bbox 515 3904 831 3962; x_wconf 87' lang='lat' dir='ltr'><strong>conveniat,</strong></span> <span class='ocrx_word' id='word_1_456' title='bbox 865 3899 1180 3967; x_wconf 79' lang='lat' dir='ltr'><strong>referatque</strong></span> <span class='ocrx_word' id='word_1_457' title='bbox 1219 3909 1317 3964; x_wconf 91' lang='lat' dir='ltr'><strong>per</strong></span> <span class='ocrx_word' id='word_1_458' title='bbox 1362 3907 1421 3948; x_wconf 92' lang='lat' dir='ltr'><strong>se</strong></span> <span class='ocrx_word' id='word_1_459' title='bbox 1451 3891 1566 3962; x_wconf 90' lang='lat' dir='ltr'><strong>ipse</strong></span> <span class='ocrx_word' id='word_1_460' title='bbox 1598 3886 1832 3957; x_wconf 86' lang='lat' dir='ltr'><strong>singula,</strong></span> <span class='ocrx_word' id='word_1_461' title='bbox 1856 3892 1910 3939; x_wconf 90' lang='lat' dir='ltr'><strong>et</strong></span> <span class='ocrx_word' id='word_1_462' title='bbox 1941 3897 2092 3936; x_wconf 83' lang='lat' dir='ltr'><strong>com-</strong></span> 
     </span>
    </p>
   </div>
   <div class='ocr_carea' id='block_1_69' title="bbox 520 3977 2094 4063">
    <p class='ocr_par' dir='ltr' id='par_1_69' title="bbox 520 3977 2094 4063">
     <span class='ocr_line' id='line_1_69' title="bbox 520 3977 2094 4063; baseline -0.016 -11"><span class='ocrx_word' id='word_1_463' title='bbox 520 3995 848 4052; x_wconf 73' lang='lat' dir='ltr'><strong>mental-ium</strong></span> <span class='ocrx_word' id='word_1_464' title='bbox 887 3999 1137 4063; x_wconf 83' lang='lat' dir='ltr'><strong>nostrum</strong></span> <span class='ocrx_word' id='word_1_465' title='bbox 1171 3985 1447 4050; x_wconf 84' lang='lat' dir='ltr'><strong>ostendat,</strong></span> <span class='ocrx_word' id='word_1_466' title='bbox 1469 3991 1528 4039; x_wconf 92' lang='lat' dir='ltr'><strong>ut</strong></span> <span class='ocrx_word' id='word_1_467' title='bbox 1552 3983 1597 4039; x_wconf 89' lang='lat' dir='ltr'><strong>si</strong></span> <span class='ocrx_word' id='word_1_468' title='bbox 1629 3981 1784 4035; x_wconf 81' lang='lat' dir='ltr'><strong>utilia</strong></span> <span class='ocrx_word' id='word_1_469' title='bbox 1807 3977 2094 4032; x_wconf 88' lang='lat' dir='ltr'><strong>videantur</strong></span> 
     </span>
    </p>
   </div>
   <div class='ocr_carea' id='block_1_70' title="bbox 517 4067 2090 4157">
    <p class='ocr_par' dir='ltr' id='par_1_70' title="bbox 517 4067 2090 4157">
     <span class='ocr_line' id='line_1_70' title="bbox 517 4067 2090 4157; baseline -0.014 -16"><span class='ocrx_word' id='word_1_470' title='bbox 517 4101 641 4157; x_wconf 68' lang='lat' dir='ltr'><strong>qua:</strong></span> <span class='ocrx_word' id='word_1_471' title='bbox 674 4102 702 4139; x_wconf 88' lang='lat' dir='ltr'><strong>a</strong></span> <span class='ocrx_word' id='word_1_472' title='bbox 733 4084 896 4139; x_wconf 88' lang='lat' dir='ltr'><strong>nobis</strong></span> <span class='ocrx_word' id='word_1_473' title='bbox 933 4082 1242 4153; x_wconf 79' lang='lat' dir='ltr'><strong>excogitata</strong></span> <span class='ocrx_word' id='word_1_474' title='bbox 1285 4086 1436 4140; x_wconf 92' lang='lat' dir='ltr'><strong>sunt,</strong></span> <span class='ocrx_word' id='word_1_475' title='bbox 1474 4091 1537 4131; x_wconf 90' lang='lat' dir='ltr'><strong>ea</strong></span> <span class='ocrx_word' id='word_1_476' title='bbox 1581 4075 1636 4129; x_wconf 91' lang='lat' dir='ltr'><strong>in</strong></span> <span class='ocrx_word' id='word_1_477' title='bbox 1685 4087 1799 4127; x_wconf 89' lang='lat' dir='ltr'><strong>rem</strong></span> <span class='ocrx_word' id='word_1_478' title='bbox 1851 4067 2090 4124; x_wconf 83' lang='lat' dir='ltr'><strong>conferri</strong></span> 
     </span>
    </p>
   </div>
   <div class='ocr_carea' id='block_1_71' title="bbox 519 4163 2092 4244">
    <p class='ocr_par' dir='ltr' id='par_1_71' title="bbox 519 4163 2092 4244">
     <span class='ocr_line' id='line_1_71' title="bbox 519 4163 2092 4244; baseline -0.013 -13"><span class='ocrx_word' id='word_1_479' title='bbox 519 4187 675 4233; x_wconf 73' lang='lat' dir='ltr'><strong>curet</strong></span> <span class='ocrx_word' id='word_1_480' title='bbox 705 4186 889 4232; x_wconf 84' lang='lat' dir='ltr'><strong>vestra</strong></span> <span class='ocrx_word' id='word_1_481' title='bbox 928 4173 1269 4244; x_wconf 60' lang='lat' dir='ltr'><strong>prastantia.</strong></span> <span class='ocrx_word' id='word_1_482' title='bbox 1303 4170 1427 4225; x_wconf 72' lang='lat' dir='ltr'><strong>llaec</strong></span> <span class='ocrx_word' id='word_1_483' title='bbox 1458 4178 1662 4231; x_wconf 88' lang='lat' dir='ltr'><strong>autem,</strong></span> <span class='ocrx_word' id='word_1_484' title='bbox 1695 4172 1753 4219; x_wconf 90' lang='lat' dir='ltr'><strong>ut</strong></span> <span class='ocrx_word' id='word_1_485' title='bbox 1789 4163 1844 4217; x_wconf 91' lang='lat' dir='ltr'><strong>in</strong></span> <span class='ocrx_word' id='word_1_486' title='bbox 1875 4175 2092 4216; x_wconf 85' lang='lat' dir='ltr'><strong>summa</strong></span> 
     </span>
    </p>
   </div>
   <div class='ocr_carea' id='block_1_72' title="bbox 519 4247 2094 4332">
    <p class='ocr_par' dir='ltr' id='par_1_72' title="bbox 519 4247 2094 4332">
     <span class='ocr_line' id='line_1_72' title="bbox 519 4247 2094 4332; baseline -0.015 -9"><span class='ocrx_word' id='word_1_487' title='bbox 519 4271 723 4332; x_wconf 88' lang='lat' dir='ltr'><strong>dicam,</strong></span> <span class='ocrx_word' id='word_1_488' title='bbox 756 4267 889 4322; x_wconf 86' lang='lat' dir='ltr'><strong>vicit</strong></span> <span class='ocrx_word' id='word_1_489' title='bbox 919 4266 1221 4332; x_wconf 85' lang='lat' dir='ltr'><strong>sententia,</strong></span> <span class='ocrx_word' id='word_1_490' title='bbox 1253 4271 1314 4317; x_wconf 93' lang='lat' dir='ltr'><strong>ut</strong></span> <span class='ocrx_word' id='word_1_491' title='bbox 1361 4247 1504 4316; x_wconf 77' lang='lat' dir='ltr'><strong>idem</strong></span> <span class='ocrx_word' id='word_1_492' title='bbox 1554 4260 1643 4314; x_wconf 88' lang='lat' dir='ltr'><strong>ille.</strong></span> <span class='ocrx_word' id='word_1_493' title='bbox 1695 4257 1860 4309; x_wconf 80' lang='lat' dir='ltr'><strong>frater</strong></span> <span class='ocrx_word' id='word_1_494' title='bbox 1906 4260 2094 4306; x_wconf 88' lang='lat' dir='ltr'><strong>noster</strong></span> 
     </span>
    </p>
   </div>
   <div class='ocr_carea' id='block_1_73' title="bbox 2182 3149 3784 3227">
    <p class='ocr_par' dir='ltr' id='par_1_73' title="bbox 2182 3149 3784 3227">
     <span class='ocr_line' id='line_1_73' title="bbox 2182 3149 3784 3227; baseline 0.004 -25"><span class='ocrx_word' id='word_1_495' title='bbox 2182 3149 2272 3202; x_wconf 82' lang='grc' dir='ltr'><strong>τὸν</strong></span> <span class='ocrx_word' id='word_1_496' title='bbox 2299 3152 2692 3208; x_wconf 80' lang='grc' dir='ltr'>εὐλαϐέστατον</span> <span class='ocrx_word' id='word_1_497' title='bbox 2722 3156 2949 3225; x_wconf 82' lang='grc' dir='ltr'>ἀδελφὸν</span> <span class='ocrx_word' id='word_1_498' title='bbox 2973 3156 3246 3227; x_wconf 86' lang='grc' dir='ltr'>Δωρόθεον</span> <span class='ocrx_word' id='word_1_499' title='bbox 3276 3157 3367 3208; x_wconf 84' lang='grc' dir='ltr'><strong>τὸν</strong></span> <span class='ocrx_word' id='word_1_500' title='bbox 3399 3153 3784 3218; x_wconf 82' lang='grc' dir='ltr'>συνδιάκονον,</span> 
     </span>
    </p>
   </div>
   <div class='ocr_carea' id='block_1_74' title="bbox 2184 3244 3786 3319">
    <p class='ocr_par' dir='ltr' id='par_1_74' title="bbox 2184 3244 3786 3319">
     <span class='ocr_line' id='line_1_74' title="bbox 2184 3244 3786 3319; baseline 0.001 -22"><span class='ocrx_word' id='word_1_501' title='bbox 2184 3244 2346 3304; x_wconf 84' lang='grc' dir='ltr'>ὥστε,</span> <span class='ocrx_word' id='word_1_502' title='bbox 2382 3246 2474 3299; x_wconf 72' lang='grc' dir='ltr'><strong>ἐπὶ</strong></span> <span class='ocrx_word' id='word_1_503' title='bbox 2499 3246 2575 3317; x_wconf 82' lang='grc' dir='ltr'>τῷ</span> <span class='ocrx_word' id='word_1_504' title='bbox 2599 3247 2744 3301; x_wconf 89' lang='grc' dir='ltr'>τέλει</span> <span class='ocrx_word' id='word_1_505' title='bbox 2775 3248 2881 3301; x_wconf 88' lang='grc' dir='ltr'><strong>τῶν</strong></span> <span class='ocrx_word' id='word_1_506' title='bbox 2913 3249 3251 3319; x_wconf 86' lang='grc' dir='ltr'>πραγμάτων</span> <span class='ocrx_word' id='word_1_507' title='bbox 3284 3246 3786 3318; x_wconf 68' lang='grc' dir='ltr'>ἀποπεμψάμενοι,</span> 
     </span>
    </p>
   </div>
   <div class='ocr_carea' id='block_1_75' title="bbox 2185 3337 3788 3411">
    <p class='ocr_par' dir='ltr' id='par_1_75' title="bbox 2185 3337 3788 3411">
     <span class='ocr_line' id='line_1_75' title="bbox 2185 3337 3788 3411; baseline 0 -21"><span class='ocrx_word' id='word_1_508' title='bbox 2185 3337 2450 3409; x_wconf 88' lang='grc' dir='ltr'>γνωρίσαι</span> <span class='ocrx_word' id='word_1_509' title='bbox 2504 3338 2572 3391; x_wconf 84' lang='grc' dir='ltr'>δι’</span> <span class='ocrx_word' id='word_1_510' title='bbox 2623 3339 2788 3392; x_wconf 79' lang='grc' dir='ltr'>αὐτοῦ</span> <span class='ocrx_word' id='word_1_511' title='bbox 2835 3340 3040 3394; x_wconf 74' lang='grc' dir='ltr'>ἕκαστα</span> <span class='ocrx_word' id='word_1_512' title='bbox 3087 3339 3196 3394; x_wconf 81' lang='grc' dir='ltr'>τῶν</span> <span class='ocrx_word' id='word_1_513' title='bbox 3243 3339 3650 3410; x_wconf 85' lang='grc' dir='ltr'>πεπραγμένων</span> <span class='ocrx_word' id='word_1_514' title='bbox 3714 3343 3788 3411; x_wconf 78' lang='grc' dir='ltr'>τῇ</span> 
     </span>
    </p>
   </div>
   <div class='ocr_carea' id='block_1_76' title="bbox 2185 3430 3792 3504">
    <p class='ocr_par' dir='ltr' id='par_1_76' title="bbox 2185 3430 3792 3504">
     <span class='ocr_line' id='line_1_76' title="bbox 2185 3430 3792 3504; baseline 0.003 -23"><span class='ocrx_word' id='word_1_515' title='bbox 2185 3430 2456 3501; x_wconf 83' lang='grc' dir='ltr'>τιμιότητί</span> <span class='ocrx_word' id='word_1_516' title='bbox 2489 3448 2600 3484; x_wconf 93' lang='grc' dir='ltr'>σου.</span> <span class='ocrx_word' id='word_1_517' title='bbox 2625 3431 2776 3483; x_wconf 76' lang='grc' dir='ltr'>Ἐπεὶ</span> <span class='ocrx_word' id='word_1_518' title='bbox 2795 3431 2850 3484; x_wconf 79' lang='grc' dir='ltr'>δὲ</span> <span class='ocrx_word' id='word_1_519' title='bbox 2876 3431 3089 3504; x_wconf 72' lang='grc' dir='ltr'>ἡμέραν</span> <span class='ocrx_word' id='word_1_520' title='bbox 3105 3433 3160 3498; x_wconf 82' lang='grc' dir='ltr'>ἐξ</span> <span class='ocrx_word' id='word_1_521' title='bbox 3177 3431 3388 3503; x_wconf 79' lang='grc' dir='ltr'>ἡμέρας</span> <span class='ocrx_word' id='word_1_522' title='bbox 3411 3431 3792 3502; x_wconf 77' lang='grc' dir='ltr'>ὑπερτιθέμε-</span> 
     </span>
    </p>
   </div>
   <div class='ocr_carea' id='block_1_77' title="bbox 2187 3520 3794 3595">
    <p class='ocr_par' dir='ltr' id='par_1_77' title="bbox 2187 3520 3794 3595">
     <span class='ocr_line' id='line_1_77' title="bbox 2187 3520 3794 3595; baseline 0.003 -22"><span class='ocrx_word' id='word_1_523' title='bbox 2187 3539 2268 3574; x_wconf 88' lang='grc' dir='ltr'><strong>νοι</strong></span> <span class='ocrx_word' id='word_1_524' title='bbox 2291 3523 2369 3584; x_wconf 84' lang='grc' dir='ltr'><strong>είς</strong></span> <span class='ocrx_word' id='word_1_525' title='bbox 2397 3522 2531 3576; x_wconf 82' lang='grc' dir='ltr'>πολὺ</span> <span class='ocrx_word' id='word_1_526' title='bbox 2560 3520 2652 3575; x_wconf 80' lang='grc' dir='ltr'>τοῦ</span> <span class='ocrx_word' id='word_1_527' title='bbox 2681 3525 2870 3594; x_wconf 83' lang='grc' dir='ltr'>χρόνον</span> <span class='ocrx_word' id='word_1_528' title='bbox 2903 3522 3312 3595; x_wconf 85' lang='grc' dir='ltr'>παρετάθημεν,</span> <span class='ocrx_word' id='word_1_529' title='bbox 3338 3523 3432 3576; x_wconf 77' lang='grc' dir='ltr'><strong>καὶ</strong></span> <span class='ocrx_word' id='word_1_530' title='bbox 3454 3522 3591 3593; x_wconf 73' lang='grc' dir='ltr'>ἅμα,</span> <span class='ocrx_word' id='word_1_531' title='bbox 3617 3521 3701 3586; x_wconf 85' lang='grc' dir='ltr'>ὡς</span> <span class='ocrx_word' id='word_1_532' title='bbox 3728 3525 3794 3578; x_wconf 81' lang='grc' dir='ltr'>ὲν</span> 
     </span>
    </p>
   </div>
   <div class='ocr_carea' id='block_1_78' title="bbox 2189 3612 3794 3686">
    <p class='ocr_par' dir='ltr' id='par_1_78' title="bbox 2189 3612 3794 3686">
     <span class='ocr_line' id='line_1_78' title="bbox 2189 3612 3794 3686; baseline 0 -20"><span class='ocrx_word' id='word_1_533' title='bbox 2189 3615 2439 3685; x_wconf 84' lang='grc' dir='ltr'>ἀπόροις,</span> <span class='ocrx_word' id='word_1_534' title='bbox 2487 3613 2651 3686; x_wconf 85' lang='grc' dir='ltr'>βουλή</span> <span class='ocrx_word' id='word_1_535' title='bbox 2696 3632 2779 3678; x_wconf 90' lang='grc' dir='ltr'><strong>τις</strong></span> <span class='ocrx_word' id='word_1_536' title='bbox 2823 3617 2956 3684; x_wconf 83' lang='grc' dir='ltr'>ἡμῖν</span> <span class='ocrx_word' id='word_1_537' title='bbox 3013 3613 3236 3668; x_wconf 77' lang='grc' dir='ltr'>ἐνέπεσε</span> <span class='ocrx_word' id='word_1_538' title='bbox 3295 3613 3424 3684; x_wconf 73' lang='grc' dir='ltr'>περὶ</span> <span class='ocrx_word' id='word_1_539' title='bbox 3480 3612 3588 3666; x_wconf 86' lang='grc' dir='ltr'><strong>τῶν</strong></span> <span class='ocrx_word' id='word_1_540' title='bbox 3634 3631 3794 3684; x_wconf 84' lang='grc' dir='ltr'>πρα-</span> 
     </span>
    </p>
   </div>
   <div class='ocr_carea' id='block_1_79' title="bbox 2191 3704 3792 3778">
    <p class='ocr_par' dir='ltr' id='par_1_79' title="bbox 2191 3704 3792 3778">
     <span class='ocr_line' id='line_1_79' title="bbox 2191 3704 3792 3778; baseline 0.001 -19"><span class='ocrx_word' id='word_1_541' title='bbox 2191 3706 2931 3777; x_wconf 84' lang='grc' dir='ltr'>κτέων(60),ἀπεστείλαμεν</span> <span class='ocrx_word' id='word_1_542' title='bbox 2946 3706 3038 3760; x_wconf 84' lang='grc' dir='ltr'>τὸν</span> <span class='ocrx_word' id='word_1_543' title='bbox 3061 3707 3459 3778; x_wconf 83' lang='grc' dir='ltr'>προειρημένον</span> <span class='ocrx_word' id='word_1_544' title='bbox 3481 3704 3652 3776; x_wconf 82' lang='grc' dir='ltr'>ἄνδρα</span> <span class='ocrx_word' id='word_1_545' title='bbox 3681 3724 3792 3760; x_wconf 79' lang='grc' dir='ltr'>κα-</span> 
     </span>
    </p>
   </div>
   <div class='ocr_carea' id='block_1_80' title="bbox 2193 3793 3796 3870">
    <p class='ocr_par' dir='ltr' id='par_1_80' title="bbox 2193 3793 3796 3870">
     <span class='ocr_line' id='line_1_80' title="bbox 2193 3793 3796 3870; baseline -0.003 -18"><span class='ocrx_word' id='word_1_546' title='bbox 2193 3799 2440 3853; x_wconf 84' lang='grc' dir='ltr'>ταλαϐεῖν</span> <span class='ocrx_word' id='word_1_547' title='bbox 2474 3798 2629 3869; x_wconf 82' lang='grc' dir='ltr'>ὑμῶν</span> <span class='ocrx_word' id='word_1_548' title='bbox 2667 3799 2766 3870; x_wconf 82' lang='grc' dir='ltr'><strong>τὴν</strong></span> <span class='ocrx_word' id='word_1_549' title='bbox 2795 3797 3082 3870; x_wconf 86' lang='grc' dir='ltr'>ὁσιότητα,</span> <span class='ocrx_word' id='word_1_550' title='bbox 3117 3797 3210 3850; x_wconf 77' lang='grc' dir='ltr'><strong>καὶ</strong></span> <span class='ocrx_word' id='word_1_551' title='bbox 3241 3796 3307 3848; x_wconf 90' lang='grc' dir='ltr'>δι’</span> <span class='ocrx_word' id='word_1_552' title='bbox 3349 3793 3541 3849; x_wconf 81' lang='grc' dir='ltr'>ἑαυτοῦ</span> <span class='ocrx_word' id='word_1_553' title='bbox 3577 3812 3638 3848; x_wconf 87' lang='grc' dir='ltr'><strong>τε</strong></span> <span class='ocrx_word' id='word_1_554' title='bbox 3691 3798 3796 3850; x_wconf 86' lang='grc' dir='ltr'><strong>ἁν-</strong></span> 
     </span>
    </p>
   </div>
   <div class='ocr_carea' id='block_1_81' title="bbox 2194 3887 3794 3960">
    <p class='ocr_par' dir='ltr' id='par_1_81' title="bbox 2194 3887 3794 3960">
     <span class='ocr_line' id='line_1_81' title="bbox 2194 3887 3794 3960; baseline -0.001 -16"><span class='ocrx_word' id='word_1_555' title='bbox 2194 3895 2432 3960; x_wconf 83' lang='grc' dir='ltr'>ενεγκεῖν</span> <span class='ocrx_word' id='word_1_556' title='bbox 2455 3891 2682 3954; x_wconf 79' lang='grc' dir='ltr'>ἕκαστα,</span> <span class='ocrx_word' id='word_1_557' title='bbox 2701 3889 2872 3944; x_wconf 76' lang='grc' dir='ltr'>καὶτὸ</span> <span class='ocrx_word' id='word_1_558' title='bbox 2894 3887 3296 3960; x_wconf 80' lang='grc' dir='ltr'>ὑπομνηστικὸν</span> <span class='ocrx_word' id='word_1_559' title='bbox 3311 3891 3343 3960; x_wconf 81' lang='grc' dir='ltr'>ἡ</span> <span class='ocrx_word' id='word_1_560' title='bbox 3355 3888 3466 3959; x_wconf 86' lang='grc' dir='ltr'><strong>μῶν</strong></span> <span class='ocrx_word' id='word_1_561' title='bbox 3491 3888 3794 3954; x_wconf 79' lang='grc' dir='ltr'>ἐπιδεῖξαι,</span> 
     </span>
    </p>
   </div>
   <div class='ocr_carea' id='block_1_82' title="bbox 2194 3980 3796 4054">
    <p class='ocr_par' dir='ltr' id='par_1_82' title="bbox 2194 3980 3796 4054">
     <span class='ocr_line' id='line_1_82' title="bbox 2194 3980 3796 4054; baseline -0.002 -16"><span class='ocrx_word' id='word_1_562' title='bbox 2194 3985 2280 4038; x_wconf 76' lang='grc' dir='ltr'>ἵνα</span> <span class='ocrx_word' id='word_1_563' title='bbox 2300 4023 2314 4047; x_wconf 93' lang='grc'><strong>,</strong></span> <span class='ocrx_word' id='word_1_564' title='bbox 2349 3985 2396 4037; x_wconf 84' lang='grc' dir='ltr'><strong>εί</strong></span> <span class='ocrx_word' id='word_1_565' title='bbox 2428 3982 2618 4053; x_wconf 80' lang='grc' dir='ltr'>φανείη</span> <span class='ocrx_word' id='word_1_566' title='bbox 2653 3982 2938 4054; x_wconf 85' lang='grc' dir='ltr'>χρησίμως</span> <span class='ocrx_word' id='word_1_567' title='bbox 2967 3980 3111 4052; x_wconf 76' lang='grc' dir='ltr'>ἔχειν</span> <span class='ocrx_word' id='word_1_568' title='bbox 3140 3981 3208 4034; x_wconf 86' lang='grc' dir='ltr'>τὰ</span> <span class='ocrx_word' id='word_1_569' title='bbox 3241 3983 3370 4053; x_wconf 83' lang='grc' dir='ltr'>παρ’</span> <span class='ocrx_word' id='word_1_570' title='bbox 3400 3981 3555 4053; x_wconf 82' lang='grc' dir='ltr'>ἡμῶν</span> <span class='ocrx_word' id='word_1_571' title='bbox 3588 3983 3796 4054; x_wconf 76' lang='grc' dir='ltr'>ἐννοη-</span> 
     </span>
    </p>
   </div>
   <div class='ocr_carea' id='block_1_83' title="bbox 2195 4073 3801 4148">
    <p class='ocr_par' dir='ltr' id='par_1_83' title="bbox 2195 4073 3801 4148">
     <span class='ocr_line' id='line_1_83' title="bbox 2195 4073 3801 4148; baseline 0 -20"><span class='ocrx_word' id='word_1_572' title='bbox 2195 4077 2375 4143; x_wconf 87' lang='grc' dir='ltr'>θέντα,</span> <span class='ocrx_word' id='word_1_573' title='bbox 2417 4078 2496 4138; x_wconf 83' lang='grc' dir='ltr'><strong>εἰς</strong></span> <span class='ocrx_word' id='word_1_574' title='bbox 2520 4075 2680 4148; x_wconf 80' lang='grc' dir='ltr'>ἔργον</span> <span class='ocrx_word' id='word_1_575' title='bbox 2708 4074 2879 4128; x_wconf 74' lang='grc' dir='ltr'>ἐλθεῖν</span> <span class='ocrx_word' id='word_1_576' title='bbox 2910 4073 3062 4145; x_wconf 79' lang='grc' dir='ltr'>παρὰ</span> <span class='ocrx_word' id='word_1_577' title='bbox 3085 4073 3185 4143; x_wconf 77' lang='grc' dir='ltr'>τῆς</span> <span class='ocrx_word' id='word_1_578' title='bbox 3214 4074 3484 4145; x_wconf 79' lang='grc' dir='ltr'>ὑμετέρας</span> <span class='ocrx_word' id='word_1_579' title='bbox 3505 4073 3801 4147; x_wconf 80' lang='grc' dir='ltr'>τελειότη-</span> 
     </span>
    </p>
   </div>
   <div class='ocr_carea' id='block_1_84' title="bbox 2195 4163 3797 4236">
    <p class='ocr_par' dir='ltr' id='par_1_84' title="bbox 2195 4163 3797 4236">
     <span class='ocr_line' id='line_1_84' title="bbox 2195 4163 3797 4236; baseline -0.002 -16"><span class='ocrx_word' id='word_1_580' title='bbox 2195 4186 2286 4230; x_wconf 86' lang='grc' dir='ltr'><strong>τος</strong></span> <span class='ocrx_word' id='word_1_581' title='bbox 2330 4166 2711 4236; x_wconf 82' lang='grc' dir='ltr'>σπουδασθείη.</span> <span class='ocrx_word' id='word_1_582' title='bbox 2758 4166 2847 4228; x_wconf 83' lang='grc' dir='ltr'>Ὠς</span> <span class='ocrx_word' id='word_1_583' title='bbox 2893 4165 2951 4219; x_wconf 81' lang='grc' dir='ltr'>δὲ</span> <span class='ocrx_word' id='word_1_584' title='bbox 2999 4164 3278 4235; x_wconf 87' lang='grc' dir='ltr'>συντόμως</span> <span class='ocrx_word' id='word_1_585' title='bbox 3325 4166 3526 4230; x_wconf 84' lang='grc' dir='ltr'>εἰπεῖν,</span> <span class='ocrx_word' id='word_1_586' title='bbox 3581 4163 3797 4236; x_wconf 82' lang='grc' dir='ltr'>γνώμη</span> 
     </span>
    </p>
   </div>
   <div class='ocr_carea' id='block_1_85' title="bbox 2198 4255 3798 4331">
    <p class='ocr_par' dir='ltr' id='par_1_85' title="bbox 2198 4255 3798 4331">
     <span class='ocr_line' id='line_1_85' title="bbox 2198 4255 3798 4331; baseline -0.001 -20"><span class='ocrx_word' id='word_1_587' title='bbox 2198 4259 2502 4331; x_wconf 77' lang='grc' dir='ltr'>ἐκράτησεν</span> <span class='ocrx_word' id='word_1_588' title='bbox 2538 4257 2629 4310; x_wconf 74' lang='grc' dir='ltr'><strong>ἐπὶ</strong></span> <span class='ocrx_word' id='word_1_589' title='bbox 2647 4257 2745 4329; x_wconf 85' lang='grc' dir='ltr'>τὴν</span> <span class='ocrx_word' id='word_1_590' title='bbox 2766 4257 2986 4328; x_wconf 84' lang='grc' dir='ltr'>Ῥώμην</span> <span class='ocrx_word' id='word_1_591' title='bbox 3011 4255 3261 4327; x_wconf 79' lang='grc' dir='ltr'>διαϐῆναι</span> <span class='ocrx_word' id='word_1_592' title='bbox 3282 4256 3372 4309; x_wconf 82' lang='grc' dir='ltr'><strong>τὸν</strong></span> <span class='ocrx_word' id='word_1_593' title='bbox 3399 4255 3561 4310; x_wconf 78' lang='grc' dir='ltr'>αὑτὸν</span> <span class='ocrx_word' id='word_1_594' title='bbox 3589 4255 3798 4310; x_wconf 79' lang='grc' dir='ltr'>τοῦτον</span> 
     </span>
    </p>
   </div>
   <div class='ocr_carea' id='block_1_86' title="bbox 519 4346 2077 4432">
    <p class='ocr_par' dir='ltr' id='par_1_86' title="bbox 519 4346 2077 4429">
     <span class='ocr_line' id='line_1_86' title="bbox 519 4346 2077 4429; baseline -0.013 -14"><span class='ocrx_word' id='word_1_595' title='bbox 519 4362 827 4416; x_wconf 86' lang='lat' dir='ltr'><strong>Dorotheus</strong></span> <span class='ocrx_word' id='word_1_596' title='bbox 848 4360 1075 4414; x_wconf 76' lang='lat' dir='ltr'><strong>Romam</strong></span> <span class='ocrx_word' id='word_1_597' title='bbox 1103 4357 1511 4429; x_wconf 75' lang='lat' dir='ltr'><strong>proficiscatur,</strong></span> <span class='ocrx_word' id='word_1_598' title='bbox 1533 4351 1842 4417; x_wconf 82' lang='lat' dir='ltr'><strong>excitetque</strong></span> <span class='ocrx_word' id='word_1_599' title='bbox 1874 4346 2077 4414; x_wconf 74' lang='lat' dir='ltr'><strong>aliquos</strong></span> 
     </span>
    </p>
   </div>
   <div class='ocr_carea' id='block_1_87' title="bbox 2184 4346 3802 4432">
    <p class='ocr_par' dir='ltr' id='par_1_87' title="bbox 2200 4347 3802 4420">
     <span class='ocr_line' id='line_1_87' title="bbox 2200 4347 3802 4420; baseline 0 -16"><span class='ocrx_word' id='word_1_600' title='bbox 2200 4350 2424 4418; x_wconf 83' lang='grc' dir='ltr'>ἀδελφὸν</span> <span class='ocrx_word' id='word_1_601' title='bbox 2444 4349 2602 4420; x_wconf 81' lang='grc' dir='ltr'>ἡμῶν</span> <span class='ocrx_word' id='word_1_602' title='bbox 2628 4347 2931 4420; x_wconf 87' lang='grc' dir='ltr'>Δωρόθεον,</span> <span class='ocrx_word' id='word_1_603' title='bbox 2963 4347 3316 4418; x_wconf 79' lang='grc' dir='ltr'>διαναστῆσαί</span> <span class='ocrx_word' id='word_1_604' title='bbox 3344 4365 3496 4411; x_wconf 89' lang='grc' dir='ltr'>τινας</span> <span class='ocrx_word' id='word_1_605' title='bbox 3527 4347 3640 4400; x_wconf 84' lang='grc' dir='ltr'><strong>τῶν</strong></span> <span class='ocrx_word' id='word_1_606' title='bbox 3678 4350 3802 4404; x_wconf 81' lang='grc' dir='ltr'>ἀπὸ</span> 
     </span>
    </p>
   </div>
   <div class='ocr_carea' id='block_1_88' title="bbox 521 4439 2090 4523">
    <p class='ocr_par' dir='ltr' id='par_1_88' title="bbox 521 4439 2090 4523">
     <span class='ocr_line' id='line_1_88' title="bbox 521 4439 2090 4523; baseline -0.011 -17"><span class='ocrx_word' id='word_1_607' title='bbox 521 4469 587 4506; x_wconf 74' lang='lat' dir='ltr'><strong>ex</strong></span> <span class='ocrx_word' id='word_1_608' title='bbox 615 4452 770 4507; x_wconf 85' lang='lat' dir='ltr'><strong>Italia</strong></span> <span class='ocrx_word' id='word_1_609' title='bbox 802 4453 896 4523; x_wconf 85' lang='lat' dir='ltr'><strong>qui</strong></span> <span class='ocrx_word' id='word_1_610' title='bbox 929 4467 1031 4506; x_wconf 91' lang='lat' dir='ltr'><strong>nos</strong></span> <span class='ocrx_word' id='word_1_611' title='bbox 1072 4451 1334 4512; x_wconf 90' lang='lat' dir='ltr'><strong>invisant,</strong></span> <span class='ocrx_word' id='word_1_612' title='bbox 1363 4445 1502 4499; x_wconf 89' lang='lat' dir='ltr'><strong>mari</strong></span> <span class='ocrx_word' id='word_1_613' title='bbox 1548 4449 1784 4521; x_wconf 72' lang='lat' dir='ltr'><strong>utentes,</strong></span> <span class='ocrx_word' id='word_1_614' title='bbox 1829 4446 1888 4492; x_wconf 93' lang='lat' dir='ltr'><strong>ut</strong></span> <span class='ocrx_word' id='word_1_615' title='bbox 1919 4439 2090 4490; x_wconf 84' lang='lat' dir='ltr'><strong>inter-</strong></span> 
     </span>
    </p>
   </div>
   <div class='ocr_carea' id='block_1_89' title="bbox 519 4529 2091 4618">
    <p class='ocr_par' dir='ltr' id='par_1_89' title="bbox 519 4529 2091 4618">
     <span class='ocr_line' id='line_1_89' title="bbox 519 4529 2091 4618; baseline -0.012 -17"><span class='ocrx_word' id='word_1_616' title='bbox 519 4548 815 4618; x_wconf 85' lang='lat' dir='ltr'><strong>pellatores</strong></span> <span class='ocrx_word' id='word_1_617' title='bbox 845 4542 1110 4598; x_wconf 86' lang='lat' dir='ltr'><strong>devitem.</strong></span> <span class='ocrx_word' id='word_1_618' title='bbox 1129 4537 1506 4593; x_wconf 81' lang='lat' dir='ltr'><strong>Animadverti</strong></span> <span class='ocrx_word' id='word_1_619' title='bbox 1530 4534 1674 4589; x_wconf 90' lang='lat' dir='ltr'><strong>enim</strong></span> <span class='ocrx_word' id='word_1_620' title='bbox 1709 4549 1804 4587; x_wconf 92' lang='lat' dir='ltr'><strong>eos</strong></span> <span class='ocrx_word' id='word_1_621' title='bbox 1826 4532 1917 4601; x_wconf 93' lang='lat' dir='ltr'><strong>qui</strong></span> <span class='ocrx_word' id='word_1_622' title='bbox 1947 4529 2091 4600; x_wconf 91' lang='lat' dir='ltr'><strong>apud</strong></span> 
     </span>
    </p>
   </div>
   <div class='ocr_carea' id='block_1_90' title="bbox 520 4627 2093 4709">
    <p class='ocr_par' dir='ltr' id='par_1_90' title="bbox 520 4627 2093 4709">
     <span class='ocr_line' id='line_1_90' title="bbox 520 4627 2093 4709; baseline -0.011 -17"><span class='ocrx_word' id='word_1_623' title='bbox 520 4639 909 4709; x_wconf 86' lang='lat' dir='ltr'><strong>Imperatorem</strong></span> <span class='ocrx_word' id='word_1_624' title='bbox 979 4639 1230 4703; x_wconf 90' lang='lat' dir='ltr'><strong>potentes</strong></span> <span class='ocrx_word' id='word_1_625' title='bbox 1281 4637 1434 4694; x_wconf 91' lang='lat' dir='ltr'><strong>sunt,</strong></span> <span class='ocrx_word' id='word_1_626' title='bbox 1483 4643 1660 4698; x_wconf 85' lang='lat' dir='ltr'><strong>neque</strong></span> <span class='ocrx_word' id='word_1_627' title='bbox 1705 4627 1864 4689; x_wconf 83' lang='lat' dir='ltr'><strong>velle,</strong></span> <span class='ocrx_word' id='word_1_628' title='bbox 1918 4637 2093 4690; x_wconf 88' lang='lat' dir='ltr'><strong>neque</strong></span> 
     </span>
    </p>
   </div>
   <div class='ocr_carea' id='block_1_91' title="bbox 522 4716 2093 4802">
    <p class='ocr_par' dir='ltr' id='par_1_91' title="bbox 522 4716 2093 4802">
     <span class='ocr_line' id='line_1_91' title="bbox 522 4716 2093 4802; baseline -0.01 -16"><span class='ocrx_word' id='word_1_629' title='bbox 522 4747 684 4802; x_wconf 90' lang='lat' dir='ltr'><strong>posse</strong></span> <span class='ocrx_word' id='word_1_630' title='bbox 731 4729 885 4782; x_wconf 86' lang='lat' dir='ltr'><strong>illum</strong></span> <span class='ocrx_word' id='word_1_631' title='bbox 937 4726 1004 4781; x_wconf 91' lang='lat' dir='ltr'><strong>de</strong></span> <span class='ocrx_word' id='word_1_632' title='bbox 1048 4724 1333 4780; x_wconf 77' lang='lat' dir='ltr'><strong>exsulibus</strong></span> <span class='ocrx_word' id='word_1_633' title='bbox 1373 4723 1748 4777; x_wconf 88' lang='lat' dir='ltr'><strong>submonere:</strong></span> <span class='ocrx_word' id='word_1_634' title='bbox 1807 4717 1903 4773; x_wconf 88' lang='lat' dir='ltr'><strong>sed</strong></span> <span class='ocrx_word' id='word_1_635' title='bbox 1946 4716 2093 4786; x_wconf 90' lang='lat' dir='ltr'><strong>quod</strong></span> 
     </span>
    </p>
   </div>
   <div class='ocr_carea' id='block_1_92' title="bbox 521 4811 2094 4892">
    <p class='ocr_par' dir='ltr' id='par_1_92' title="bbox 521 4811 2094 4892">
     <span class='ocr_line' id='line_1_92' title="bbox 521 4811 2094 4892; baseline -0.009 -14"><span class='ocrx_word' id='word_1_636' title='bbox 521 4825 658 4879; x_wconf 73' lang='lat' dir='ltr'><strong>nihil</strong></span> <span class='ocrx_word' id='word_1_637' title='bbox 703 4821 862 4892; x_wconf 85' lang='lat' dir='ltr'><strong>pejus</strong></span> <span class='ocrx_word' id='word_1_638' title='bbox 895 4821 950 4874; x_wconf 92' lang='lat' dir='ltr'><strong>in</strong></span> <span class='ocrx_word' id='word_1_639' title='bbox 983 4817 1237 4874; x_wconf 88' lang='lat' dir='ltr'><strong>ecclesiis</strong></span> <span class='ocrx_word' id='word_1_640' title='bbox 1275 4815 1388 4870; x_wconf 84' lang='lat' dir='ltr'><strong>ﬁeri</strong></span> <span class='ocrx_word' id='word_1_641' title='bbox 1423 4814 1667 4878; x_wconf 88' lang='lat' dir='ltr'><strong>videant,</strong></span> <span class='ocrx_word' id='word_1_642' title='bbox 1720 4812 1775 4866; x_wconf 89' lang='lat' dir='ltr'><strong>id</strong></span> <span class='ocrx_word' id='word_1_643' title='bbox 1811 4827 1910 4881; x_wconf 86' lang='lat' dir='ltr'><strong>pro</strong></span> <span class='ocrx_word' id='word_1_644' title='bbox 1936 4811 2094 4864; x_wconf 88' lang='lat' dir='ltr'><strong>lucro</strong></span> 
     </span>
    </p>
   </div>
   <div class='ocr_carea' id='block_1_93' title="bbox 589 4949 1824 5019">
    <p class='ocr_par' dir='ltr' id='par_1_93' title="bbox 589 4949 1824 5019">
     <span class='ocr_line' id='line_1_93' title="bbox 589 4949 1824 5019; baseline -0.011 -10"><span class='ocrx_word' id='word_1_645' title='bbox 589 4957 608 4977; x_wconf 84' lang='grc'>⁶</span> <span class='ocrx_word' id='word_1_646' title='bbox 643 4954 791 5008; x_wconf 79' lang='lat' dir='ltr'><strong>Alias</strong></span> <span class='ocrx_word' id='word_1_647' title='bbox 831 4951 990 5007; x_wconf 76' lang='lat' dir='ltr'><strong>LVII.</strong></span> <span class='ocrx_word' id='word_1_648' title='bbox 1021 4951 1238 5019; x_wconf 89' lang='lat' dir='ltr'><strong>Scripta</strong></span> <span class='ocrx_word' id='word_1_649' title='bbox 1267 4963 1412 5004; x_wconf 89' lang='lat' dir='ltr'><strong>anno</strong></span> <span class='ocrx_word' id='word_1_650' title='bbox 1439 4949 1564 5001; x_wconf 77' lang='lat'><strong>571.</strong></span> <span class='ocrx_word' id='word_1_651' title='bbox 1739 5013 1778 5019; x_wconf 91' lang='lat'><strong>__</strong></span> <span class='ocrx_word' id='word_1_652' title='bbox 1799 4981 1824 5019; x_wconf 55' lang='lat'><strong>_.</strong></span> 
     </span>
    </p>
   </div>
   <div class='ocr_carea' id='block_1_94' title="bbox 592 5013 2096 5096">
    <p class='ocr_par' dir='ltr' id='par_1_94' title="bbox 592 5013 2096 5096">
     <span class='ocr_line' id='line_1_94' title="bbox 592 5013 2096 5096; baseline -0.008 -19"><span class='ocrx_word' id='word_1_653' title='bbox 592 5025 704 5096; x_wconf 72' lang='lat'><strong>(57)</strong></span> <span class='ocrx_word' id='word_1_654' title='bbox 739 5025 858 5096; x_wconf 75' lang='grc' dir='ltr'>Ὅτι</span> <span class='ocrx_word' id='word_1_655' title='bbox 891 5013 1254 5096; x_wconf 39' lang='grc' dir='ltr'>πᾶν-τᾴξιια</span> <span class='ocrx_word' id='word_1_656' title='bbox 1302 5035 1431 5096; x_wconf 67' lang='lat' dir='ltr'><strong>mss.</strong></span> <span class='ocrx_word' id='word_1_657' title='bbox 1467 5026 1697 5096; x_wconf 69' lang='lat' dir='ltr'><strong>septem.</strong></span> <span class='ocrx_word' id='word_1_658' title='bbox 1904 5015 2096 5096; x_wconf 67' lang='grc' dir='ltr'>δτιπερ</span> 
     </span>
    </p>
   </div>
   <div class='ocr_carea' id='block_1_95' title="bbox 515 5085 2098 5162">
    <p class='ocr_par' dir='ltr' id='par_1_95' title="bbox 515 5085 2098 5162">
     <span class='ocr_line' id='line_1_95' title="bbox 515 5085 2098 5162; baseline -0.007 -14"><span class='ocrx_word' id='word_1_659' title='bbox 515 5085 798 5149; x_wconf 53' lang='lat' dir='ltr'><strong>«simiqu</strong></span> <span class='ocrx_word' id='word_1_660' title='bbox 830 5101 951 5162; x_wconf 87' lang='lat' dir='ltr'><strong>post</strong></span> <span class='ocrx_word' id='word_1_661' title='bbox 980 5091 1112 5145; x_wconf 85' lang='lat' dir='ltr'><strong>editi</strong></span> <span class='ocrx_word' id='word_1_662' title='bbox 1141 5089 1491 5160; x_wconf 84' lang='grc' dir='ltr'>συναχθῆναι.</span> <span class='ocrx_word' id='word_1_663' title='bbox 1525 5087 1675 5141; x_wconf 89' lang='lat' dir='ltr'><strong>Harl.</strong></span> <span class='ocrx_word' id='word_1_664' title='bbox 1700 5093 1754 5140; x_wconf 89' lang='lat' dir='ltr'><strong>et</strong></span> <span class='ocrx_word' id='word_1_665' title='bbox 1788 5085 1958 5139; x_wconf 76' lang='lat' dir='ltr'><strong>Coisl.</strong></span> <span class='ocrx_word' id='word_1_666' title='bbox 1985 5086 2098 5155; x_wconf 84' lang='lat' dir='ltr'><strong>pri—</strong></span> 
     </span>
    </p>
   </div>
   <div class='ocr_carea' id='block_1_96' title="bbox 517 5163 1551 5220">
    <p class='ocr_par' dir='ltr' id='par_1_96' title="bbox 517 5163 1551 5220">
     <span class='ocr_line' id='line_1_96' title="bbox 517 5163 1551 5220; baseline -0.011 1"><span class='ocrx_word' id='word_1_667' title='bbox 517 5182 640 5220; x_wconf 84' lang='lat' dir='ltr'><strong>mus</strong></span> <span class='ocrx_word' id='word_1_668' title='bbox 676 5179 798 5217; x_wconf 90' lang='lat' dir='ltr'><strong>cum</strong></span> <span class='ocrx_word' id='word_1_669' title='bbox 832 5163 1008 5216; x_wconf 88' lang='lat' dir='ltr'><strong>tribus</strong></span> <span class='ocrx_word' id='word_1_670' title='bbox 1049 5163 1172 5216; x_wconf 82' lang='lat' dir='ltr'><strong>aliis</strong></span> <span class='ocrx_word' id='word_1_671' title='bbox 1206 5170 1263 5214; x_wconf 90' lang='lat' dir='ltr'><strong>ut</strong></span> <span class='ocrx_word' id='word_1_672' title='bbox 1291 5164 1344 5214; x_wconf 92' lang='lat' dir='ltr'><strong>in</strong></span> <span class='ocrx_word' id='word_1_673' title='bbox 1378 5167 1551 5212; x_wconf 81' lang='lat' dir='ltr'><strong>textu.</strong></span> 
     </span>
    </p>
   </div>
   <div class='ocr_carea' id='block_1_97' title="bbox 589 5224 2100 5305">
    <p class='ocr_par' dir='ltr' id='par_1_97' title="bbox 589 5224 2100 5305">
     <span class='ocr_line' id='line_1_97' title="bbox 589 5224 2100 5305; baseline -0.007 -16"><span class='ocrx_word' id='word_1_674' title='bbox 589 5236 701 5305; x_wconf 78' lang='lat'><strong>(58)</strong></span> <span class='ocrx_word' id='word_1_675' title='bbox 741 5233 850 5305; x_wconf 69' lang='grc' dir='ltr'><strong>Καὶ</strong></span> <span class='ocrx_word' id='word_1_676' title='bbox 871 5232 971 5298; x_wconf 83' lang='grc' dir='ltr'><strong>τῷ.</strong></span> <span class='ocrx_word' id='word_1_677' title='bbox 999 5231 1139 5286; x_wconf 84' lang='lat' dir='ltr'><strong>Editi</strong></span> <span class='ocrx_word' id='word_1_678' title='bbox 1164 5231 1259 5284; x_wconf 76' lang='grc' dir='ltr'><strong>καὶ</strong></span> <span class='ocrx_word' id='word_1_679' title='bbox 1274 5229 1364 5305; x_wconf 54' lang='grc' dir='ltr'>τό.</span> <span class='ocrx_word' id='word_1_680' title='bbox 1401 5227 1507 5305; x_wconf 78' lang='lat' dir='ltr'><strong>Sed</strong></span> <span class='ocrx_word' id='word_1_681' title='bbox 1536 5229 1641 5281; x_wconf 86' lang='lat' dir='ltr'><strong>hoc</strong></span> <span class='ocrx_word' id='word_1_682' title='bbox 1664 5235 1928 5305; x_wconf 67' lang='lat' dir='ltr'><strong>erratum,</strong></span> <span class='ocrx_word' id='word_1_683' title='bbox 1951 5224 2100 5294; x_wconf 89' lang='lat' dir='ltr'><strong>quod</strong></span> 
     </span>
    </p>
   </div>
   <div class='ocr_carea' id='block_1_98' title="bbox 518 5297 2099 5373">
    <p class='ocr_par' dir='ltr' id='par_1_98' title="bbox 518 5297 2099 5373">
     <span class='ocr_line' id='line_1_98' title="bbox 518 5297 2099 5373; baseline -0.005 -16"><span class='ocrx_word' id='word_1_684' title='bbox 518 5297 616 5358; x_wconf 84' lang='lat' dir='ltr'><strong>toti</strong></span> <span class='ocrx_word' id='word_1_685' title='bbox 655 5297 905 5373; x_wconf 72' lang='lat' dir='ltr'><strong>epistola:</strong></span> <span class='ocrx_word' id='word_1_686' title='bbox 947 5306 1201 5357; x_wconf 81' lang='lat' dir='ltr'><strong>tenebras</strong></span> <span class='ocrx_word' id='word_1_687' title='bbox 1231 5300 1587 5373; x_wconf 47' lang='lat' dir='ltr'><strong>oﬂ&#39;uudebatL</strong></span> <span class='ocrx_word' id='word_1_688' title='bbox 1622 5297 1948 5373; x_wconf 73' lang='lat' dir='ltr'><strong>sustulimus</strong></span> <span class='ocrx_word' id='word_1_689' title='bbox 1982 5310 2099 5373; x_wconf 84' lang='lat' dir='ltr'><strong>_op_e</strong></span> 
     </span>
    </p>
   </div>
   <div class='ocr_carea' id='block_1_99' title="bbox 518 5363 2096 5439">
    <p class='ocr_par' dir='ltr' id='par_1_99' title="bbox 518 5363 2096 5439">
     <span class='ocr_line' id='line_1_99' title="bbox 518 5363 2096 5439; baseline -0.006 -13"><span class='ocrx_word' id='word_1_690' title='bbox 518 5363 769 5427; x_wconf 75' lang='lat' dir='ltr'><strong>codicum</strong></span> <span class='ocrx_word' id='word_1_691' title='bbox 792 5373 942 5426; x_wconf 85' lang='lat' dir='ltr'><strong>Harl.</strong></span> <span class='ocrx_word' id='word_1_692' title='bbox 962 5382 1008 5426; x_wconf 89' lang='lat' dir='ltr'><strong>et</strong></span> <span class='ocrx_word' id='word_1_693' title='bbox 1034 5373 1200 5426; x_wconf 70' lang='lat' dir='ltr'><strong>Coisl.</strong></span> <span class='ocrx_word' id='word_1_694' title='bbox 1227 5367 1667 5439; x_wconf 73' lang='lat' dir='ltr'><strong>utriusque.Vat.</strong></span> <span class='ocrx_word' id='word_1_695' title='bbox 1687 5377 1741 5421; x_wconf 91' lang='lat' dir='ltr'><strong>et</strong></span> <span class='ocrx_word' id='word_1_696' title='bbox 1758 5363 1892 5435; x_wconf 83' lang='lat' dir='ltr'><strong>Reg.</strong></span> <span class='ocrx_word' id='word_1_697' title='bbox 1913 5363 2096 5434; x_wconf 83' lang='lat' dir='ltr'><strong>priuii.</strong></span> 
     </span>
    </p>
   </div>
   <div class='ocr_carea' id='block_1_100' title="bbox 519 5437 2100 5524">
    <p class='ocr_par' dir='ltr' id='par_1_100' title="bbox 519 5437 2100 5524">
     <span class='ocr_line' id='line_1_100' title="bbox 519 5437 2100 5524; baseline -0.004 -28"><span class='ocrx_word' id='word_1_698' title='bbox 519 5443 842 5524; x_wconf 21' lang='lat' dir='ltr'><strong>.Paulo‘post</strong></span> <span class='ocrx_word' id='word_1_699' title='bbox 869 5443 1002 5498; x_wconf 83' lang='lat' dir='ltr'><strong>editi</strong></span> <span class='ocrx_word' id='word_1_700' title='bbox 1030 5443 1079 5496; x_wconf 89' lang='grc' dir='ltr'><strong>οί</strong></span> <span class='ocrx_word' id='word_1_701' title='bbox 1109 5442 1166 5495; x_wconf 79' lang='grc' dir='ltr'><strong>δὲ</strong></span> <span class='ocrx_word' id='word_1_702' title='bbox 1194 5437 1440 5494; x_wconf 70' lang='grc' dir='ltr'>λοιπο“ι..ζ</span> <span class='ocrx_word' id='word_1_703' title='bbox 1475 5438 1584 5510; x_wconf 83' lang='grc' dir='ltr'>εἴη.</span> <span class='ocrx_word' id='word_1_704' title='bbox 1628 5437 1849 5508; x_wconf 80' lang='lat' dir='ltr'><strong>Septem</strong></span> <span class='ocrx_word' id='word_1_705' title='bbox 1877 5450 2005 5490; x_wconf 87' lang='lat' dir='ltr'><strong>mss.</strong></span> <span class='ocrx_word' id='word_1_706' title='bbox 2041 5446 2100 5489; x_wconf 90' lang='lat' dir='ltr'><strong>ut</strong></span> 
     </span>
    </p>
   </div>
   <div class='ocr_carea' id='block_1_101' title="bbox 519 5521 779 5567">
    <p class='ocr_par' dir='ltr' id='par_1_101' title="bbox 519 5521 779 5567">
     <span class='ocr_line' id='line_1_101' title="bbox 519 5521 779 5567; baseline 0 -1"><span class='ocrx_word' id='word_1_707' title='bbox 519 5521 575 5567; x_wconf 84' lang='lat' dir='ltr'><strong>in</strong></span> <span class='ocrx_word' id='word_1_708' title='bbox 608 5521 779 5566; x_wconf 78' lang='lat' dir='ltr'><strong>textu.</strong></span> 
     </span>
    </p>
   </div>
   <div class='ocr_carea' id='block_1_102' title="bbox 591 5573 2097 5652">
    <p class='ocr_par' dir='ltr' id='par_1_102' title="bbox 591 5573 2097 5652">
     <span class='ocr_line' id='line_1_102' title="bbox 591 5573 2097 5652; baseline -0.005 -14"><span class='ocrx_word' id='word_1_709' title='bbox 591 5582 702 5652; x_wconf 81' lang='lat'><strong>(59)</strong></span> <span class='ocrx_word' id='word_1_710' title='bbox 735 5581 1102 5652; x_wconf 76' lang='grc' dir='ltr'><strong>Συνήρεσεν.</strong></span> <span class='ocrx_word' id='word_1_711' title='bbox 1138 5581 1216 5635; x_wconf 85' lang='lat' dir='ltr'><strong>Ita</strong></span> <span class='ocrx_word' id='word_1_712' title='bbox 1249 5595 1344 5636; x_wconf 82' lang='lat' dir='ltr'><strong>sex</strong></span> <span class='ocrx_word' id='word_1_713' title='bbox 1377 5580 1599 5638; x_wconf 85' lang='lat' dir='ltr'><strong>codices</strong></span> <span class='ocrx_word' id='word_1_714' title='bbox 1637 5585 1691 5636; x_wconf 90' lang='lat' dir='ltr'><strong>et</strong></span> <span class='ocrx_word' id='word_1_715' title='bbox 1719 5583 1948 5634; x_wconf 70' lang='lat' dir='ltr'><strong>vetustae</strong></span> <span class='ocrx_word' id='word_1_716' title='bbox 1975 5573 2097 5632; x_wconf 91' lang='lat' dir='ltr'><strong>edi-</strong></span> 
     </span>
    </p>
   </div>
   <div class='ocr_carea' id='block_1_103' title="bbox 517 5651 1443 5726">
    <p class='ocr_par' dir='ltr' id='par_1_103' title="bbox 517 5651 1443 5726">
     <span class='ocr_line' id='line_1_103' title="bbox 517 5651 1443 5726; baseline -0.002 -20"><span class='ocrx_word' id='word_1_717' title='bbox 517 5651 718 5726; x_wconf 78' lang='lat' dir='ltr'><strong>tiones.</strong></span> <span class='ocrx_word' id='word_1_718' title='bbox 749 5651 1078 5710; x_wconf 82' lang='lat' dir='ltr'><strong>Parisiensis</strong></span> <span class='ocrx_word' id='word_1_719' title='bbox 1110 5652 1240 5723; x_wconf 81' lang='grc' dir='ltr'>συνή</span> <span class='ocrx_word' id='word_1_720' title='bbox 1251 5667 1443 5723; x_wconf 83' lang='grc' dir='ltr'>ρεσκεν</span> 
     </span>
    </p>
   </div>
   <div class='ocr_carea' id='block_1_104' title="bbox 2201 4436 3804 4515">
    <p class='ocr_par' dir='ltr' id='par_1_104' title="bbox 2201 4436 3804 4515">
     <span class='ocr_line' id='line_1_104' title="bbox 2201 4436 3804 4515; baseline -0.011 -8"><span class='ocrx_word' id='word_1_721' title='bbox 2201 4447 2298 4514; x_wconf 82' lang='grc' dir='ltr'>τῆς</span> <span class='ocrx_word' id='word_1_722' title='bbox 2327 4444 2583 4507; x_wconf 87' lang='grc' dir='ltr'>Ἰταλίας,</span> <span class='ocrx_word' id='word_1_723' title='bbox 2642 4443 2778 4515; x_wconf 83' lang='grc' dir='ltr'>πρὸς</span> <span class='ocrx_word' id='word_1_724' title='bbox 2828 4443 2926 4514; x_wconf 79' lang='grc' dir='ltr'>τὴν</span> <span class='ocrx_word' id='word_1_725' title='bbox 2984 4440 3272 4511; x_wconf 77' lang='grc' dir='ltr'>ἐπίσκεψιν</span> <span class='ocrx_word' id='word_1_726' title='bbox 3323 4439 3478 4510; x_wconf 80' lang='grc' dir='ltr'>ἡμῶν</span> <span class='ocrx_word' id='word_1_727' title='bbox 3535 4436 3804 4512; x_wconf 75' lang='grc' dir='ltr'>θαλάσσῃ</span> 
     </span>
    </p>
   </div>
   <div class='ocr_carea' id='block_1_105' title="bbox 2197 4527 3800 4608">
    <p class='ocr_par' dir='ltr' id='par_1_105' title="bbox 2197 4527 3800 4608">
     <span class='ocr_line' id='line_1_105' title="bbox 2197 4527 3800 4608; baseline -0.002 -19"><span class='ocrx_word' id='word_1_728' title='bbox 2197 4536 2576 4608; x_wconf 82' lang='grc' dir='ltr'>χρησαμένους</span> <span class='ocrx_word' id='word_1_729' title='bbox 2609 4535 2739 4605; x_wconf 75' lang='grc'>(61),</span> <span class='ocrx_word' id='word_1_730' title='bbox 2773 4535 2858 4588; x_wconf 78' lang='grc' dir='ltr'><strong>ἵνα</strong></span> <span class='ocrx_word' id='word_1_731' title='bbox 2885 4534 3012 4596; x_wconf 81' lang='grc' dir='ltr'>τοὺς</span> <span class='ocrx_word' id='word_1_732' title='bbox 3045 4530 3432 4603; x_wconf 69' lang='grc' dir='ltr'>ἐμποδίζοντας</span> <span class='ocrx_word' id='word_1_733' title='bbox 3451 4527 3800 4596; x_wconf 76' lang='grc' dir='ltr'>διαφύγωσι.</span> 
     </span>
    </p>
   </div>
   <div class='ocr_carea' id='block_1_106' title="bbox 2199 4618 3805 4700">
    <p class='ocr_par' dir='ltr' id='par_1_106' title="bbox 2199 4618 3805 4700">
     <span class='ocr_line' id='line_1_106' title="bbox 2199 4618 3805 4700; baseline 0.001 -20"><span class='ocrx_word' id='word_1_734' title='bbox 2199 4630 2338 4692; x_wconf 82' lang='grc' dir='ltr'>Τοὺς</span> <span class='ocrx_word' id='word_1_735' title='bbox 2375 4627 2482 4700; x_wconf 86' lang='grc' dir='ltr'>γὰρ</span> <span class='ocrx_word' id='word_1_736' title='bbox 2537 4625 3110 4699; x_wconf 88' lang='grc' dir='ltr'>παραδυναστεύοντας</span> <span class='ocrx_word' id='word_1_737' title='bbox 3152 4626 3265 4686; x_wconf 84' lang='grc' dir='ltr'>τοῖς</span> <span class='ocrx_word' id='word_1_738' title='bbox 3306 4621 3600 4692; x_wconf 80' lang='grc' dir='ltr'>κρατοῦσιν</span> <span class='ocrx_word' id='word_1_739' title='bbox 3641 4618 3805 4675; x_wconf 82' lang='grc' dir='ltr'>εἶδον</span> 
     </span>
    </p>
   </div>
   <div class='ocr_carea' id='block_1_107' title="bbox 2201 4710 3804 4789">
    <p class='ocr_par' dir='ltr' id='par_1_107' title="bbox 2201 4710 3804 4789">
     <span class='ocr_line' id='line_1_107' title="bbox 2201 4710 3804 4789; baseline -0.004 -19"><span class='ocrx_word' id='word_1_740' title='bbox 2201 4718 2366 4789; x_wconf 86' lang='grc' dir='ltr'>μηδὲν</span> <span class='ocrx_word' id='word_1_741' title='bbox 2405 4716 2778 4787; x_wconf 85' lang='grc' dir='ltr'>βουλομένους,</span> <span class='ocrx_word' id='word_1_742' title='bbox 2811 4715 2949 4786; x_wconf 78' lang='grc' dir='ltr'>μήτε</span> <span class='ocrx_word' id='word_1_743' title='bbox 2979 4713 3311 4782; x_wconf 86' lang='grc' dir='ltr'>δυναμένους</span> <span class='ocrx_word' id='word_1_744' title='bbox 3340 4710 3804 4779; x_wconf 83' lang='grc' dir='ltr'>ὑπομιμνήσκειν</span> 
     </span>
    </p>
   </div>
   <div class='ocr_carea' id='block_1_108' title="bbox 2199 4799 3804 4878">
    <p class='ocr_par' dir='ltr' id='par_1_108' title="bbox 2199 4799 3804 4878">
     <span class='ocr_line' id='line_1_108' title="bbox 2199 4799 3804 4878; baseline -0.004 -16"><span class='ocrx_word' id='word_1_745' title='bbox 2199 4808 2362 4862; x_wconf 79' lang='grc' dir='ltr'>αὐτὸν</span> <span class='ocrx_word' id='word_1_746' title='bbox 2404 4807 2516 4877; x_wconf 74' lang='grc'>(62)</span> <span class='ocrx_word' id='word_1_747' title='bbox 2559 4806 2690 4878; x_wconf 78' lang='grc' dir='ltr'>περὶ</span> <span class='ocrx_word' id='word_1_748' title='bbox 2725 4805 2834 4860; x_wconf 82' lang='grc' dir='ltr'><strong>τῶν</strong></span> <span class='ocrx_word' id='word_1_749' title='bbox 2869 4803 3308 4874; x_wconf 82' lang='grc' dir='ltr'>ὲκϐεϐλημένων,</span> <span class='ocrx_word' id='word_1_750' title='bbox 3347 4801 3483 4855; x_wconf 81' lang='grc' dir='ltr'>ἀλλὰ</span> <span class='ocrx_word' id='word_1_751' title='bbox 3513 4799 3575 4852; x_wconf 84' lang='grc' dir='ltr'><strong>τὸ</strong></span> <span class='ocrx_word' id='word_1_752' title='bbox 3615 4802 3700 4871; x_wconf 90' lang='grc' dir='ltr'>μή</span> <span class='ocrx_word' id='word_1_753' title='bbox 3742 4819 3804 4855; x_wconf 83' lang='grc' dir='ltr'><strong>τι</strong></span> 
     </span>
    </p>
   </div>
   <div class='ocr_carea' id='block_1_109' title="bbox 2272 4936 3808 5013">
    <p class='ocr_par' dir='ltr' id='par_1_109' title="bbox 2272 4936 3808 5013">
     <span class='ocr_line' id='line_1_109' title="bbox 2272 4936 3808 5013; baseline -0.005 -18"><span class='ocrx_word' id='word_1_754' title='bbox 2272 4941 2385 5013; x_wconf 84' lang='grc'>(60)</span> <span class='ocrx_word' id='word_1_755' title='bbox 2413 4939 2554 5013; x_wconf 77' lang='grc' dir='ltr'>Περὶ</span> <span class='ocrx_word' id='word_1_756' title='bbox 2592 4941 2712 5013; x_wconf 59' lang='lat' dir='ltr'><strong>ubi;</strong></span> <span class='ocrx_word' id='word_1_757' title='bbox 2749 4940 3074 5013; x_wconf 61' lang='grc' dir='ltr'>πρακτέων.</span> <span class='ocrx_word' id='word_1_758' title='bbox 3117 4937 3254 5013; x_wconf 81' lang='lat' dir='ltr'><strong>Tres</strong></span> <span class='ocrx_word' id='word_1_759' title='bbox 3295 4950 3429 5013; x_wconf 72' lang='lat' dir='ltr'><strong>mss.</strong></span> <span class='ocrx_word' id='word_1_760' title='bbox 3483 4948 3592 4988; x_wconf 90' lang='lat' dir='ltr'><strong>non</strong></span> <span class='ocrx_word' id='word_1_761' title='bbox 3636 4936 3808 5013; x_wconf 75' lang='lat' dir='ltr'><strong>anti-</strong></span> 
     </span>
    </p>
   </div>
   <div class='ocr_carea' id='block_1_110' title="bbox 2198 5005 3802 5082">
    <p class='ocr_par' dir='ltr' id='par_1_110' title="bbox 2198 5005 3802 5082">
     <span class='ocr_line' id='line_1_110' title="bbox 2198 5005 3802 5082; baseline -0.005 -15"><span class='ocrx_word' id='word_1_762' title='bbox 2198 5005 2452 5079; x_wconf 80' lang='lat' dir='ltr'><strong>quissimi</strong></span> <span class='ocrx_word' id='word_1_763' title='bbox 2479 5005 2608 5082; x_wconf 79' lang='grc' dir='ltr'><strong>περὶ</strong></span> <span class='ocrx_word' id='word_1_764' title='bbox 2635 5010 2745 5082; x_wconf 71' lang='grc' dir='ltr'>τῶν</span> <span class='ocrx_word' id='word_1_765' title='bbox 2771 5005 3171 5080; x_wconf 77' lang='grc' dir='ltr'>προκειμένων,</span> <span class='ocrx_word' id='word_1_766' title='bbox 3201 5005 3453 5082; x_wconf 58' lang='lat' dir='ltr'><strong>dercbus</strong></span> <span class='ocrx_word' id='word_1_767' title='bbox 3470 5006 3802 5082; x_wconf 51' lang='lat' dir='ltr'><strong>qoppsitis.</strong></span> 
     </span>
    </p>
   </div>
   <div class='ocr_carea' id='block_1_111' title="bbox 2200 5072 3807 5150">
    <p class='ocr_par' dir='ltr' id='par_1_111' title="bbox 2200 5072 3807 5150">
     <span class='ocr_line' id='line_1_111' title="bbox 2200 5072 3807 5150; baseline -0.004 -13"><span class='ocrx_word' id='word_1_768' title='bbox 2200 5072 2324 5137; x_wconf 72' lang='lat' dir='ltr'><strong>Mox</strong></span> <span class='ocrx_word' id='word_1_769' title='bbox 2360 5083 2494 5137; x_wconf 90' lang='lat' dir='ltr'><strong>editi</strong></span> <span class='ocrx_word' id='word_1_770' title='bbox 2524 5072 2870 5146; x_wconf 74' lang='grc' dir='ltr'>κάταλαλεῖν,</span> <span class='ocrx_word' id='word_1_771' title='bbox 2903 5072 3132 5150; x_wconf 76' lang='lat' dir='ltr'><strong>excepta</strong></span> <span class='ocrx_word' id='word_1_772' title='bbox 3156 5072 3400 5133; x_wconf 81' lang='lat' dir='ltr'><strong>editione</strong></span> <span class='ocrx_word' id='word_1_773' title='bbox 3422 5074 3458 5127; x_wconf 74' lang='grc'>2</span> <span class='ocrx_word' id='word_1_774' title='bbox 3485 5072 3666 5128; x_wconf 87' lang='lat' dir='ltr'><strong>Paris.</strong></span> <span class='ocrx_word' id='word_1_775' title='bbox 3695 5073 3807 5130; x_wconf 80' lang='lat' dir='ltr'><strong>Li-</strong></span> 
     </span>
    </p>
   </div>
   <div class='ocr_carea' id='block_1_112' title="bbox 2200 5152 2908 5209">
    <p class='ocr_par' dir='ltr' id='par_1_112' title="bbox 2200 5152 2908 5209">
     <span class='ocr_line' id='line_1_112' title="bbox 2200 5152 2908 5209; baseline -0.007 0"><span class='ocrx_word' id='word_1_776' title='bbox 2200 5153 2284 5209; x_wconf 86' lang='lat' dir='ltr'><strong>bri</strong></span> <span class='ocrx_word' id='word_1_777' title='bbox 2321 5160 2535 5208; x_wconf 84' lang='lat' dir='ltr'><strong>veteres</strong></span> <span class='ocrx_word' id='word_1_778' title='bbox 2561 5161 2621 5208; x_wconf 90' lang='lat' dir='ltr'><strong>ut</strong></span> <span class='ocrx_word' id='word_1_779' title='bbox 2650 5152 2703 5205; x_wconf 91' lang='lat' dir='ltr'><strong>in</strong></span> <span class='ocrx_word' id='word_1_780' title='bbox 2737 5160 2908 5206; x_wconf 82' lang='lat' dir='ltr'><strong>textu.</strong></span> 
     </span>
    </p>
   </div>
   <div class='ocr_carea' id='block_1_113' title="bbox 2273 5215 3804 5297">
    <p class='ocr_par' dir='ltr' id='par_1_113' title="bbox 2273 5215 3804 5297">
     <span class='ocr_line' id='line_1_113' title="bbox 2273 5215 3804 5297; baseline -0.007 -20"><span class='ocrx_word' id='word_1_781' title='bbox 2273 5222 2876 5297; x_wconf 60' lang='lat' dir='ltr'><strong>(6|)_Xpno&#39;ayér9_vg.</strong></span> <span class='ocrx_word' id='word_1_782' title='bbox 2925 5217 3108 5297; x_wconf 66' lang='lat' dir='ltr'><strong>Codex</strong></span> <span class='ocrx_word' id='word_1_783' title='bbox 3132 5216 3448 5297; x_wconf 41' lang='lat' dir='ltr'><strong>.Medicaeus</strong></span> <span class='ocrx_word' id='word_1_784' title='bbox 3495 5215 3804 5297; x_wconf 60' lang='grc' dir='ltr'>χρησομέο</span> 
     </span>
    </p>
   </div>
   <div class='ocr_carea' id='block_1_114' title="bbox 2201 5286 3809 5417">
    <p class='ocr_par' dir='ltr' id='par_1_114' title="bbox 2201 5286 3809 5417">
     <span class='ocr_line' id='line_1_114' title="bbox 2201 5286 3809 5417; baseline -0.004 -71"><span class='ocrx_word' id='word_1_785' title='bbox 2201 5286 2549 5417; x_wconf 42' lang='lat' dir='ltr'><strong>gfsgit&#39;pamo</strong></span> <span class='ocrx_word' id='word_1_786' title='bbox 2573 5286 2701 5347; x_wconf 73' lang='lat' dir='ltr'><strong>alite</strong></span> <span class='ocrx_word' id='word_1_787' title='bbox 2741 5291 2881 5346; x_wconf 82' lang='lat' dir='ltr'><strong>Med.</strong></span> <span class='ocrx_word' id='word_1_788' title='bbox 2912 5301 2967 5346; x_wconf 92' lang='lat' dir='ltr'><strong>et</strong></span> <span class='ocrx_word' id='word_1_789' title='bbox 2996 5288 3172 5344; x_wconf 83' lang='lat' dir='ltr'><strong>Coisl.</strong></span> <span class='ocrx_word' id='word_1_790' title='bbox 3201 5290 3414 5359; x_wconf 88' lang='lat' dir='ltr'><strong>primus</strong></span> <span class='ocrx_word' id='word_1_791' title='bbox 3451 5286 3561 5338; x_wconf 85' lang='grc' dir='ltr'>τῶν</span> <span class='ocrx_word' id='word_1_792' title='bbox 3588 5286 3656 5338; x_wconf 82' lang='grc' dir='ltr'>ὲκ</span> <span class='ocrx_word' id='word_1_793' title='bbox 3681 5286 3809 5358; x_wconf 82' lang='grc' dir='ltr'>τῆς</span> 
     </span>
     <span class='ocr_line' id='line_1_115' title="bbox 2254 5381 2462 5417; baseline 0.005 -1"><span class='ocrx_word' id='word_1_794' title='bbox 2254 5382 2319 5416; x_wconf 91' lang='grc' dir='ltr'><strong>τα</strong></span> <span class='ocrx_word' id='word_1_795' title='bbox 2377 5381 2462 5417; x_wconf 75' lang='grc' dir='ltr'>ας.</span> 
     </span>
    </p>
   </div>
   <div class='ocr_carea' id='block_1_115' title="bbox 2254 5381 2462 5418">
    <p class='ocr_par' dir='ltr' id='par_1_115' title="bbox 2254 5381 2462 5418">
     <span class='ocr_line' id='line_1_116' title="bbox 2254 5381 2462 5418; baseline 0.01 -2"><span class='ocrx_word' id='word_1_796' title='bbox 2254 5381 2462 5418; x_wconf 74' lang='grc' dir='ltr'>ταλιας.</span> 
     </span>
    </p>
   </div>
   <div class='ocr_carea' id='block_1_116' title="bbox 2274 5399 3806 5505">
    <p class='ocr_par' dir='ltr' id='par_1_116' title="bbox 2274 5399 3806 5505">
     <span class='ocr_line' id='line_1_117' title="bbox 2274 5399 3806 5505; baseline -0.007 -17"><span class='ocrx_word' id='word_1_797' title='bbox 2274 5399 2640 5505; x_wconf 42' lang='lat' dir='ltr'><strong>adadv.</strong></span> <span class='ocrx_word' id='word_1_798' title='bbox 2681 5428 2767 5505; x_wconf 22' lang='lat' dir='ltr'><strong>Alta</strong></span> <span class='ocrx_word' id='word_1_799' title='bbox 2799 5429 2966 5505; x_wconf 81' lang='lat' dir='ltr'><strong>editio</strong></span> <span class='ocrx_word' id='word_1_800' title='bbox 3007 5426 3219 5498; x_wconf 83' lang='lat' dir='ltr'><strong>Hagan.</strong></span> <span class='ocrx_word' id='word_1_801' title='bbox 3255 5436 3312 5482; x_wconf 90' lang='lat' dir='ltr'><strong>et</strong></span> <span class='ocrx_word' id='word_1_802' title='bbox 3333 5428 3364 5505; x_wconf 81' lang='lat' dir='ltr'><strong>_l_</strong></span> <span class='ocrx_word' id='word_1_803' title='bbox 3399 5424 3576 5505; x_wconf 50' lang='lat' dir='ltr'><strong>Basu.</strong></span> <span class='ocrx_word' id='word_1_804' title='bbox 3600 5431 3806 5505; x_wconf 65' lang='lat' dir='ltr'><strong>et_go.</strong></span> 
     </span>
    </p>
   </div>
   <div class='ocr_carea' id='block_1_117' title="bbox 2201 5492 3805 5569">
    <p class='ocr_par' dir='ltr' id='par_1_117' title="bbox 2201 5492 3805 5569">
     <span class='ocr_line' id='line_1_118' title="bbox 2201 5492 3805 5569; baseline -0.005 -10"><span class='ocrx_word' id='word_1_805' title='bbox 2201 5492 2540 5559; x_wconf 59' lang='lat' dir='ltr'><strong>dices&#39;Med.</strong></span> <span class='ocrx_word' id='word_1_806' title='bbox 2573 5511 2629 5555; x_wconf 93' lang='lat' dir='ltr'><strong>ct</strong></span> <span class='ocrx_word' id='word_1_807' title='bbox 2671 5501 2837 5556; x_wconf 82' lang='lat' dir='ltr'><strong>Coisl.</strong></span> <span class='ocrx_word' id='word_1_808' title='bbox 2880 5492 3244 5569; x_wconf 58' lang='lat' dir='ltr'><strong>primus&#39;cum</strong></span> <span class='ocrx_word' id='word_1_809' title='bbox 3277 5492 3805 5569; x_wconf 50' lang='lat' dir='ltr'><strong>tribus_al_iis;lion</strong></span> 
     </span>
    </p>
   </div>
   <div class='ocr_carea' id='block_1_118' title="bbox 2201 5562 3809 5630">
    <p class='ocr_par' dir='ltr' id='par_1_118' title="bbox 2201 5562 3809 5630">
     <span class='ocr_line' id='line_1_119' title="bbox 2201 5562 3809 5630; baseline -0.006 -1"><span class='ocrx_word' id='word_1_810' title='bbox 2201 5583 2381 5630; x_wconf 83' lang='lat' dir='ltr'><strong>exstat</strong></span> <span class='ocrx_word' id='word_1_811' title='bbox 2407 5575 2459 5626; x_wconf 90' lang='lat' dir='ltr'><strong>in</strong></span> <span class='ocrx_word' id='word_1_812' title='bbox 2491 5571 2777 5625; x_wconf 66' lang='lat' dir='ltr'><strong>ilarlzeauo</strong></span> <span class='ocrx_word' id='word_1_813' title='bbox 2808 5562 2998 5627; x_wconf 85' lang='lat' dir='ltr'><strong>codice</strong></span> <span class='ocrx_word' id='word_1_814' title='bbox 3026 5571 3142 5626; x_wconf 65' lang='lat' dir='ltr'><strong>haec</strong></span> <span class='ocrx_word' id='word_1_815' title='bbox 3163 5568 3415 5625; x_wconf 77' lang='lat' dir='ltr'><strong>epistola.</strong></span> <span class='ocrx_word' id='word_1_816' title='bbox 3443 5563 3588 5621; x_wconf 85' lang='lat' dir='ltr'><strong>Edit.</strong></span> <span class='ocrx_word' id='word_1_817' title='bbox 3614 5562 3657 5619; x_wconf 73' lang='grc'>2</span> <span class='ocrx_word' id='word_1_818' title='bbox 3684 5563 3809 5620; x_wconf 70' lang='lat' dir='ltr'><strong>Ba-</strong></span> 
     </span>
    </p>
   </div>
   <div class='ocr_carea' id='block_1_119' title="bbox 2202 5640 2821 5705">
    <p class='ocr_par' dir='ltr' id='par_1_119' title="bbox 2202 5640 2821 5705">
     <span class='ocr_line' id='line_1_120' title="bbox 2202 5640 2821 5705; baseline -0.006 -5"><span class='ocrx_word' id='word_1_819' title='bbox 2202 5646 2290 5700; x_wconf 87' lang='lat' dir='ltr'><strong>sil.</strong></span> <span class='ocrx_word' id='word_1_820' title='bbox 2320 5654 2373 5700; x_wconf 88' lang='lat' dir='ltr'><strong>et</strong></span> <span class='ocrx_word' id='word_1_821' title='bbox 2401 5641 2577 5699; x_wconf 82' lang='lat' dir='ltr'><strong>Paris.</strong></span> <span class='ocrx_word' id='word_1_822' title='bbox 2605 5640 2821 5705; x_wconf 78' lang='grc' dir='ltr'>αὐτούς.</span> 
     </span>
    </p>
   </div>
  </div>
