  <div class='ocr_page' id='page_1' title='image "/cluster/home/n/w/nwhite01/storage/ocr_20150623/32/nnc1.0046978879/266.png"; bbox 0 0 3870 6218; ppageno 0'>
   <div class='ocr_carea' id='block_1_1' title="bbox 119 221 226 281">
    <p class='ocr_par' dir='ltr' id='par_1_1' title="bbox 119 221 226 281">
     <span class='ocr_line' id='line_1_1' title="bbox 119 221 226 281; baseline 0.037 -4"><span class='ocrx_word' id='word_1_1' title='bbox 119 221 226 281; x_wconf 67' lang='grc' dir='ltr'>ιὲθ</span> 
     </span>
    </p>
   </div>
   <div class='ocr_carea' id='block_1_2' title="bbox 1056 228 2463 304">
    <p class='ocr_par' dir='ltr' id='par_1_2' title="bbox 1056 228 2463 304">
     <span class='ocr_line' id='line_1_2' title="bbox 1056 228 2463 304; baseline 0 -22"><span class='ocrx_word' id='word_1_2' title='bbox 1056 229 1542 287; x_wconf 76' lang='lat' dir='ltr'><strong>EPISTOLARUM</strong></span> <span class='ocrx_word' id='word_1_3' title='bbox 1579 229 1864 287; x_wconf 79' lang='lat' dir='ltr'><strong>CLASSIS</strong></span> <span class='ocrx_word' id='word_1_4' title='bbox 1903 231 1967 286; x_wconf 83' lang='lat' dir='ltr'><strong>ll.</strong></span> <span class='ocrx_word' id='word_1_5' title='bbox 2008 231 2227 304; x_wconf 82' lang='lat' dir='ltr'><strong>EPIST.</strong></span> <span class='ocrx_word' id='word_1_6' title='bbox 2273 228 2463 284; x_wconf 77' lang='lat' dir='ltr'><strong>LXIX.</strong></span> 
     </span>
    </p>
   </div>
   <div class='ocr_carea' id='block_1_3' title="bbox 3265 233 3370 292">
    <p class='ocr_par' dir='ltr' id='par_1_3' title="bbox 3265 233 3370 292">
     <span class='ocr_line' id='line_1_3' title="bbox 3265 233 3370 292; baseline 0 -2"><span class='ocrx_word' id='word_1_7' title='bbox 3265 233 3370 292; x_wconf 70' lang='grc' dir='ltr'><strong>ιδο</strong></span> 
     </span>
    </p>
   </div>
   <div class='ocr_carea' id='block_1_4' title="bbox 119 345 1688 427">
    <p class='ocr_par' dir='ltr' id='par_1_4' title="bbox 119 345 1688 424">
     <span class='ocr_line' id='line_1_4' title="bbox 119 345 1688 424; baseline 0.005 -26"><span class='ocrx_word' id='word_1_8' title='bbox 119 349 302 417; x_wconf 81' lang='grc' dir='ltr'>χεῖρον</span> <span class='ocrx_word' id='word_1_9' title='bbox 324 345 451 399; x_wconf 71' lang='grc' dir='ltr'>ἰδεῖν</span> <span class='ocrx_word' id='word_1_10' title='bbox 472 345 530 398; x_wconf 79' lang='grc' dir='ltr'><strong>ὲν</strong></span> <span class='ocrx_word' id='word_1_11' title='bbox 549 347 667 410; x_wconf 84' lang='grc' dir='ltr'>ταῖς</span> <span class='ocrx_word' id='word_1_12' title='bbox 692 347 1007 419; x_wconf 80' lang='grc' dir='ltr'><strong>ἐκκλησίαις</strong></span> <span class='ocrx_word' id='word_1_13' title='bbox 1032 351 1314 422; x_wconf 87' lang='grc' dir='ltr'>γινόμενον</span> <span class='ocrx_word' id='word_1_14' title='bbox 1345 351 1533 424; x_wconf 81' lang='grc' dir='ltr'><strong>κέρδος</strong></span> <span class='ocrx_word' id='word_1_15' title='bbox 1561 351 1688 406; x_wconf 87' lang='grc' dir='ltr'>τιθε·</span> 
     </span>
    </p>
   </div>
   <div class='ocr_carea' id='block_1_5' title="bbox 1795 345 3370 427">
    <p class='ocr_par' dir='ltr' id='par_1_5' title="bbox 1799 353 3370 427">
     <span class='ocr_line' id='line_1_5' title="bbox 1799 353 3370 427; baseline 0.001 -18"><span class='ocrx_word' id='word_1_16' title='bbox 1799 356 2016 412; x_wconf 89' lang='lat' dir='ltr'><strong>ducere.</strong></span> <span class='ocrx_word' id='word_1_17' title='bbox 2048 355 2238 427; x_wconf 82' lang='lat' dir='ltr'><strong>Igitur,</strong></span> <span class='ocrx_word' id='word_1_18' title='bbox 2270 355 2316 410; x_wconf 89' lang='lat' dir='ltr'><strong>si</strong></span> <span class='ocrx_word' id='word_1_19' title='bbox 2358 363 2412 410; x_wconf 90' lang='lat' dir='ltr'><strong>et</strong></span> <span class='ocrx_word' id='word_1_20' title='bbox 2447 353 2749 425; x_wconf 69' lang='lat' dir='ltr'><strong>prudentia:</strong></span> <span class='ocrx_word' id='word_1_21' title='bbox 2777 364 2881 410; x_wconf 73' lang='lat' dir='ltr'><strong>tuae</strong></span> <span class='ocrx_word' id='word_1_22' title='bbox 2907 355 3039 412; x_wconf 90' lang='lat' dir='ltr'><strong>utile</strong></span> <span class='ocrx_word' id='word_1_23' title='bbox 3081 357 3370 412; x_wconf 72' lang='lat' dir='ltr'><strong>consilium</strong></span> 
     </span>
    </p>
   </div>
   <div class='ocr_carea' id='block_1_6' title="bbox 125 431 1702 513">
    <p class='ocr_par' dir='ltr' id='par_1_6' title="bbox 125 431 1702 513">
     <span class='ocr_line' id='line_1_6' title="bbox 125 431 1702 513; baseline 0.005 -25"><span class='ocrx_word' id='word_1_24' title='bbox 125 435 342 506; x_wconf 79' lang='grc' dir='ltr'><strong>μένους.</strong></span> <span class='ocrx_word' id='word_1_25' title='bbox 364 437 430 490; x_wconf 78' lang='lat' dir='ltr'><strong>El</strong></span> <span class='ocrx_word' id='word_1_26' title='bbox 457 431 551 491; x_wconf 79' lang='grc' dir='ltr'><strong>οὖν</strong></span> <span class='ocrx_word' id='word_1_27' title='bbox 589 438 681 491; x_wconf 78' lang='grc' dir='ltr'>καὶ</span> <span class='ocrx_word' id='word_1_28' title='bbox 701 441 767 510; x_wconf 79' lang='grc' dir='ltr'><strong>τῇ</strong></span> <span class='ocrx_word' id='word_1_29' title='bbox 793 441 858 510; x_wconf 80' lang='grc' dir='ltr'>σῇ</span> <span class='ocrx_word' id='word_1_30' title='bbox 895 441 1152 512; x_wconf 83' lang='grc' dir='ltr'><strong>φρονήσει</strong></span> <span class='ocrx_word' id='word_1_31' title='bbox 1181 443 1451 513; x_wconf 81' lang='grc' dir='ltr'>χρήσιμον</span> <span class='ocrx_word' id='word_1_32' title='bbox 1479 437 1619 496; x_wconf 78' lang='grc' dir='ltr'>εἶναι</span> <span class='ocrx_word' id='word_1_33' title='bbox 1642 444 1702 496; x_wconf 81' lang='grc' dir='ltr'>τὸ</span> 
     </span>
    </p>
   </div>
   <div class='ocr_carea' id='block_1_7' title="bbox 123 526 1702 601">
    <p class='ocr_par' dir='ltr' id='par_1_7' title="bbox 123 526 1702 601">
     <span class='ocr_line' id='line_1_7' title="bbox 123 526 1702 601; baseline 0.004 -19"><span class='ocrx_word' id='word_1_34' title='bbox 123 526 398 598; x_wconf 78' lang='grc' dir='ltr'><strong>βούλευμα</strong></span> <span class='ocrx_word' id='word_1_35' title='bbox 444 529 794 601; x_wconf 78' lang='grc' dir='ltr'><strong>παρασταίη,</strong></span> <span class='ocrx_word' id='word_1_36' title='bbox 849 529 1207 596; x_wconf 85' lang='grc' dir='ltr'>καταξιώσεις</span> <span class='ocrx_word' id='word_1_37' title='bbox 1267 533 1362 586; x_wconf 74' lang='grc' dir='ltr'><strong>καὶ</strong></span> <span class='ocrx_word' id='word_1_38' title='bbox 1415 535 1702 600; x_wconf 78' lang='grc' dir='ltr'>ἐπιστολὰς</span> 
     </span>
    </p>
   </div>
   <div class='ocr_carea' id='block_1_8' title="bbox 117 618 1700 699">
    <p class='ocr_par' dir='ltr' id='par_1_8' title="bbox 117 618 1700 699">
     <span class='ocr_line' id='line_1_8' title="bbox 117 618 1700 699; baseline 0.004 -27"><span class='ocrx_word' id='word_1_39' title='bbox 117 618 393 682; x_wconf 82' lang='grc' dir='ltr'>τυπῶσαι,</span> <span class='ocrx_word' id='word_1_40' title='bbox 423 621 519 674; x_wconf 73' lang='grc' dir='ltr'>καὶ</span> <span class='ocrx_word' id='word_1_41' title='bbox 543 621 920 692; x_wconf 76' lang='grc' dir='ltr'>ὑπομνηστικὰ</span> <span class='ocrx_word' id='word_1_42' title='bbox 946 622 1319 694; x_wconf 68' lang='grc' dir='ltr'>ὑπαγορεῖωαι</span> <span class='ocrx_word' id='word_1_43' title='bbox 1344 626 1468 696; x_wconf 73' lang='grc' dir='ltr'>περὶ</span> <span class='ocrx_word' id='word_1_44' title='bbox 1491 619 1566 680; x_wconf 80' lang='grc' dir='ltr'><strong>ὧν</strong></span> <span class='ocrx_word' id='word_1_45' title='bbox 1596 628 1700 699; x_wconf 82' lang='grc' dir='ltr'><strong>χρὴ</strong></span> 
     </span>
    </p>
   </div>
   <div class='ocr_carea' id='block_1_9' title="bbox 114 709 1702 787">
    <p class='ocr_par' dir='ltr' id='par_1_9' title="bbox 114 709 1702 787">
     <span class='ocr_line' id='line_1_9' title="bbox 114 709 1702 787; baseline 0.006 -25"><span class='ocrx_word' id='word_1_46' title='bbox 114 709 464 783; x_wconf 83' lang='grc' dir='ltr'>διαλεχθῆναι</span> <span class='ocrx_word' id='word_1_47' title='bbox 503 713 695 778; x_wconf 83' lang='grc' dir='ltr'>αὑτὸν,</span> <span class='ocrx_word' id='word_1_48' title='bbox 739 715 834 768; x_wconf 71' lang='grc' dir='ltr'>καὶ</span> <span class='ocrx_word' id='word_1_49' title='bbox 873 715 1010 786; x_wconf 86' lang='grc' dir='ltr'>πρὸς</span> <span class='ocrx_word' id='word_1_50' title='bbox 1048 717 1201 780; x_wconf 87' lang='grc' dir='ltr'>τίνας</span> <span class='ocrx_word' id='word_1_51' title='bbox 1241 716 1397 787; x_wconf 78' lang='lat'>(65).</span> <span class='ocrx_word' id='word_1_52' title='bbox 1441 719 1605 772; x_wconf 81' lang='grc' dir='ltr'>Ὥστε</span> <span class='ocrx_word' id='word_1_53' title='bbox 1644 719 1702 771; x_wconf 81' lang='grc' dir='ltr'>δὲ</span> 
     </span>
    </p>
   </div>
   <div class='ocr_carea' id='block_1_10' title="bbox 114 801 1701 881">
    <p class='ocr_par' dir='ltr' id='par_1_10' title="bbox 114 801 1701 881">
     <span class='ocr_line' id='line_1_10' title="bbox 114 801 1701 881; baseline 0.006 -27"><span class='ocrx_word' id='word_1_54' title='bbox 114 801 265 872; x_wconf 73' lang='grc' dir='ltr'>ἔχειν</span> <span class='ocrx_word' id='word_1_55' title='bbox 295 801 638 868; x_wconf 76' lang='grc' dir='ltr'><strong>ἀξιοπιστίαν</strong></span> <span class='ocrx_word' id='word_1_56' title='bbox 665 803 788 857; x_wconf 79' lang='grc' dir='ltr'>τινὰ</span> <span class='ocrx_word' id='word_1_57' title='bbox 817 804 884 858; x_wconf 81' lang='grc' dir='ltr'>τὰ</span> <span class='ocrx_word' id='word_1_58' title='bbox 921 805 1256 877; x_wconf 84' lang='grc' dir='ltr'>γράμματα,</span> <span class='ocrx_word' id='word_1_59' title='bbox 1291 808 1701 881; x_wconf 69' lang='grc' dir='ltr'>συμπαραλήψῃ</span> 
     </span>
    </p>
   </div>
   <div class='ocr_carea' id='block_1_11' title="bbox 113 893 1698 970">
    <p class='ocr_par' dir='ltr' id='par_1_11' title="bbox 113 893 1698 970">
     <span class='ocr_line' id='line_1_11' title="bbox 113 893 1698 970; baseline 0.003 -24"><span class='ocrx_word' id='word_1_60' title='bbox 113 893 337 956; x_wconf 79' lang='grc' dir='ltr'>πάντως</span> <span class='ocrx_word' id='word_1_61' title='bbox 374 893 500 956; x_wconf 77' lang='grc' dir='ltr'>τοὺς</span> <span class='ocrx_word' id='word_1_62' title='bbox 539 893 956 965; x_wconf 80' lang='grc' dir='ltr'><strong>ὁμογνώμονας,</strong></span> <span class='ocrx_word' id='word_1_63' title='bbox 996 897 1101 950; x_wconf 80' lang='grc' dir='ltr'><strong>κᾶν</strong></span> <span class='ocrx_word' id='word_1_64' title='bbox 1139 897 1213 969; x_wconf 82' lang='grc' dir='ltr'>μὴ</span> <span class='ocrx_word' id='word_1_65' title='bbox 1251 899 1486 970; x_wconf 81' lang='grc' dir='ltr'>παρῶσι.</span> <span class='ocrx_word' id='word_1_66' title='bbox 1535 898 1615 952; x_wconf 81' lang='grc' dir='ltr'><strong>Τὰ</strong></span> <span class='ocrx_word' id='word_1_67' title='bbox 1653 899 1698 951; x_wconf 84' lang='grc' dir='ltr'>δ’</span> 
     </span>
    </p>
   </div>
   <div class='ocr_carea' id='block_1_12' title="bbox 108 983 1701 1058">
    <p class='ocr_par' dir='ltr' id='par_1_12' title="bbox 108 983 1701 1058">
     <span class='ocr_line' id='line_1_12' title="bbox 108 983 1701 1058; baseline 0.004 -23"><span class='ocrx_word' id='word_1_68' title='bbox 108 983 349 1036; x_wconf 64' lang='grc' dir='ltr'>ἐνταῦθα</span> <span class='ocrx_word' id='word_1_69' title='bbox 375 983 455 1036; x_wconf 75' lang='grc' dir='ltr'>ἔτι</span> <span class='ocrx_word' id='word_1_70' title='bbox 486 984 632 1036; x_wconf 72' lang='grc' dir='ltr'>ἐστὶν</span> <span class='ocrx_word' id='word_1_71' title='bbox 662 987 720 1038; x_wconf 82' lang='grc' dir='ltr'>ὲν</span> <span class='ocrx_word' id='word_1_72' title='bbox 750 986 951 1058; x_wconf 81' lang='grc' dir='ltr'><strong>ἀδήλῳ,</strong></span> <span class='ocrx_word' id='word_1_73' title='bbox 983 987 1076 1040; x_wconf 78' lang='grc' dir='ltr'><strong>τοῦ</strong></span> <span class='ocrx_word' id='word_1_74' title='bbox 1111 987 1378 1042; x_wconf 85' lang='grc' dir='ltr'>Εὐῖππίου</span> <span class='ocrx_word' id='word_1_75' title='bbox 1404 1005 1701 1056; x_wconf 84' lang='grc' dir='ltr'>παραγενο-</span> 
     </span>
    </p>
   </div>
   <div class='ocr_carea' id='block_1_13' title="bbox 112 1071 1697 1148">
    <p class='ocr_par' dir='ltr' id='par_1_13' title="bbox 112 1071 1697 1148">
     <span class='ocr_line' id='line_1_13' title="bbox 112 1071 1697 1148; baseline 0.004 -24"><span class='ocrx_word' id='word_1_76' title='bbox 112 1071 280 1141; x_wconf 80' lang='grc' dir='ltr'><strong>μένου</strong></span> <span class='ocrx_word' id='word_1_77' title='bbox 331 1074 451 1144; x_wconf 82' lang='grc' dir='ltr'>μὲν,</span> <span class='ocrx_word' id='word_1_78' title='bbox 495 1075 660 1145; x_wconf 82' lang='grc' dir='ltr'>μηδὲν</span> <span class='ocrx_word' id='word_1_79' title='bbox 700 1075 757 1128; x_wconf 85' lang='grc' dir='ltr'>δὲ</span> <span class='ocrx_word' id='word_1_80' title='bbox 801 1077 936 1141; x_wconf 83' lang='grc' dir='ltr'>τέως</span> <span class='ocrx_word' id='word_1_81' title='bbox 988 1079 1343 1148; x_wconf 78' lang='grc' dir='ltr'>ἐκφήναντος.</span> <span class='ocrx_word' id='word_1_82' title='bbox 1391 1080 1697 1132; x_wconf 79' lang='grc' dir='ltr'>Ἀπειλοῦσι</span> 
     </span>
    </p>
   </div>
   <div class='ocr_carea' id='block_1_14' title="bbox 110 1163 1697 1241">
    <p class='ocr_par' dir='ltr' id='par_1_14' title="bbox 110 1163 1697 1241">
     <span class='ocr_line' id='line_1_14' title="bbox 110 1163 1697 1241; baseline 0.003 -24"><span class='ocrx_word' id='word_1_83' title='bbox 110 1163 302 1233; x_wconf 80' lang='grc' dir='ltr'>μέντοι</span> <span class='ocrx_word' id='word_1_84' title='bbox 323 1165 418 1218; x_wconf 77' lang='grc' dir='ltr'>καὶ</span> <span class='ocrx_word' id='word_1_85' title='bbox 438 1165 738 1236; x_wconf 86' lang='grc' dir='ltr'>συνδρομήν</span> <span class='ocrx_word' id='word_1_86' title='bbox 760 1184 879 1221; x_wconf 88' lang='grc' dir='ltr'>τινα</span> <span class='ocrx_word' id='word_1_87' title='bbox 912 1169 1311 1241; x_wconf 87' lang='grc' dir='ltr'>όμογνωμόνων</span> <span class='ocrx_word' id='word_1_88' title='bbox 1341 1170 1524 1232; x_wconf 78' lang='grc' dir='ltr'>αὐτοῖς</span> <span class='ocrx_word' id='word_1_89' title='bbox 1549 1169 1612 1222; x_wconf 78' lang='grc' dir='ltr'>ἐκ</span> <span class='ocrx_word' id='word_1_90' title='bbox 1639 1186 1697 1222; x_wconf 85' lang='grc' dir='ltr'>τε</span> 
     </span>
    </p>
   </div>
   <div class='ocr_carea' id='block_1_15' title="bbox 105 1253 1693 1332">
    <p class='ocr_par' dir='ltr' id='par_1_15' title="bbox 105 1253 1693 1332">
     <span class='ocr_line' id='line_1_15' title="bbox 105 1253 1693 1332; baseline 0.006 -27"><span class='ocrx_word' id='word_1_91' title='bbox 105 1253 207 1323; x_wconf 81' lang='grc' dir='ltr'>τῆς</span> <span class='ocrx_word' id='word_1_92' title='bbox 234 1253 526 1326; x_wconf 81' lang='grc' dir='ltr'>’Δρμενίας</span> <span class='ocrx_word' id='word_1_93' title='bbox 552 1257 650 1326; x_wconf 82' lang='grc' dir='ltr'>τῆς</span> <span class='ocrx_word' id='word_1_94' title='bbox 671 1257 1057 1330; x_wconf 84' lang='grc' dir='ltr'>Τετραπόλεως</span> <span class='ocrx_word' id='word_1_95' title='bbox 1081 1262 1176 1315; x_wconf 69' lang='grc' dir='ltr'>καὶ</span> <span class='ocrx_word' id='word_1_96' title='bbox 1212 1264 1276 1315; x_wconf 82' lang='grc' dir='ltr'>ὲκ</span> <span class='ocrx_word' id='word_1_97' title='bbox 1304 1262 1399 1332; x_wconf 82' lang='grc' dir='ltr'>τῆς</span> <span class='ocrx_word' id='word_1_98' title='bbox 1423 1262 1693 1326; x_wconf 83' lang='grc' dir='ltr'><strong>Κιλικίας.</strong></span> 
     </span>
    </p>
   </div>
   <div class='ocr_carea' id='block_1_16' title="bbox 643 1414 1146 1469">
    <p class='ocr_par' dir='ltr' id='par_1_16' title="bbox 643 1414 1146 1469">
     <span class='ocr_line' id='line_1_16' title="bbox 643 1414 1146 1469; baseline 0.006 -3"><span class='ocrx_word' id='word_1_99' title='bbox 643 1414 987 1467; x_wconf 83' lang='grc' dir='ltr'><strong>ΕΠΙΣΤΟΛΠ</strong></span> <span class='ocrx_word' id='word_1_100' title='bbox 1024 1415 1122 1468; x_wconf 76' lang='grc' dir='ltr'><strong>ΞΘ¹</strong></span> <span class='ocrx_word' id='word_1_101' title='bbox 1131 1457 1146 1469; x_wconf 95' lang='grc'><strong>.</strong></span> 
     </span>
    </p>
   </div>
   <div class='ocr_carea' id='block_1_17' title="bbox 1801 446 3369 517">
    <p class='ocr_par' dir='ltr' id='par_1_17' title="bbox 1801 446 3369 517">
     <span class='ocr_line' id='line_1_17' title="bbox 1801 446 3369 517; baseline 0.003 -16"><span class='ocrx_word' id='word_1_102' title='bbox 1801 463 1928 502; x_wconf 89' lang='lat' dir='ltr'><strong>esse</strong></span> <span class='ocrx_word' id='word_1_103' title='bbox 1959 447 2140 503; x_wconf 90' lang='lat' dir='ltr'><strong>visum</strong></span> <span class='ocrx_word' id='word_1_104' title='bbox 2177 447 2362 508; x_wconf 83' lang='lat' dir='ltr'><strong>fuerit,</strong></span> <span class='ocrx_word' id='word_1_105' title='bbox 2397 446 2694 517; x_wconf 80' lang='lat' dir='ltr'><strong>dignabere</strong></span> <span class='ocrx_word' id='word_1_106' title='bbox 2731 453 2786 502; x_wconf 86' lang='lat' dir='ltr'><strong>et</strong></span> <span class='ocrx_word' id='word_1_107' title='bbox 2813 447 3076 516; x_wconf 75' lang='lat' dir='ltr'><strong>epistolas</strong></span> <span class='ocrx_word' id='word_1_108' title='bbox 3117 462 3369 512; x_wconf 82' lang='lat' dir='ltr'><strong>exarare,</strong></span> 
     </span>
    </p>
   </div>
   <div class='ocr_carea' id='block_1_18' title="bbox 1800 535 3372 610">
    <p class='ocr_par' dir='ltr' id='par_1_18' title="bbox 1800 535 3372 610">
     <span class='ocr_line' id='line_1_18' title="bbox 1800 535 3372 610; baseline 0.003 -19"><span class='ocrx_word' id='word_1_109' title='bbox 1800 546 1855 591; x_wconf 89' lang='lat' dir='ltr'><strong>et</strong></span> <span class='ocrx_word' id='word_1_110' title='bbox 1885 537 2336 592; x_wconf 89' lang='lat' dir='ltr'><strong>commentarium</strong></span> <span class='ocrx_word' id='word_1_111' title='bbox 2376 537 2612 604; x_wconf 90' lang='lat' dir='ltr'><strong>dictare,</strong></span> <span class='ocrx_word' id='word_1_112' title='bbox 2662 535 2731 593; x_wconf 90' lang='lat' dir='ltr'><strong>de</strong></span> <span class='ocrx_word' id='word_1_113' title='bbox 2777 537 3001 608; x_wconf 89' lang='lat' dir='ltr'><strong>quibus,</strong></span> <span class='ocrx_word' id='word_1_114' title='bbox 3029 548 3084 593; x_wconf 90' lang='lat' dir='ltr'><strong>et</strong></span> <span class='ocrx_word' id='word_1_115' title='bbox 3127 538 3194 593; x_wconf 88' lang='lat' dir='ltr'><strong>ad</strong></span> <span class='ocrx_word' id='word_1_116' title='bbox 3231 555 3372 610; x_wconf 78' lang='lat' dir='ltr'><strong>quos</strong></span> 
     </span>
    </p>
   </div>
   <div class='ocr_carea' id='block_1_19' title="bbox 1806 626 3373 697">
    <p class='ocr_par' dir='ltr' id='par_1_19' title="bbox 1806 626 3373 697">
     <span class='ocr_line' id='line_1_19' title="bbox 1806 626 3373 697; baseline 0.003 -17"><span class='ocrx_word' id='word_1_117' title='bbox 1806 627 1987 696; x_wconf 90' lang='lat' dir='ltr'><strong>ipsum</strong></span> <span class='ocrx_word' id='word_1_118' title='bbox 2021 626 2184 681; x_wconf 85' lang='lat' dir='ltr'><strong>verba</strong></span> <span class='ocrx_word' id='word_1_119' title='bbox 2231 626 2412 681; x_wconf 80' lang='lat' dir='ltr'><strong>facere</strong></span> <span class='ocrx_word' id='word_1_120' title='bbox 2455 633 2727 696; x_wconf 78' lang='lat' dir='ltr'><strong>oporteat.</strong></span> <span class='ocrx_word' id='word_1_121' title='bbox 2756 627 2936 697; x_wconf 83' lang='lat' dir='ltr'><strong>Atque</strong></span> <span class='ocrx_word' id='word_1_122' title='bbox 2979 635 3040 681; x_wconf 92' lang='lat' dir='ltr'><strong>ut</strong></span> <span class='ocrx_word' id='word_1_123' title='bbox 3071 629 3373 686; x_wconf 84' lang='lat' dir='ltr'><strong>auctOrita-</strong></span> 
     </span>
    </p>
   </div>
   <div class='ocr_carea' id='block_1_20' title="bbox 1803 715 3373 787">
    <p class='ocr_par' dir='ltr' id='par_1_20' title="bbox 1803 715 3373 787">
     <span class='ocr_line' id='line_1_20' title="bbox 1803 715 3373 787; baseline 0.003 -19"><span class='ocrx_word' id='word_1_124' title='bbox 1803 723 1907 770; x_wconf 89' lang='lat' dir='ltr'><strong>tem</strong></span> <span class='ocrx_word' id='word_1_125' title='bbox 1965 715 2204 785; x_wconf 79' lang='lat' dir='ltr'><strong>aliquam</strong></span> <span class='ocrx_word' id='word_1_126' title='bbox 2251 715 2491 770; x_wconf 84' lang='lat' dir='ltr'><strong>habeant</strong></span> <span class='ocrx_word' id='word_1_127' title='bbox 2544 715 2778 779; x_wconf 61' lang='lat' dir='ltr'><strong>litterae,</strong></span> <span class='ocrx_word' id='word_1_128' title='bbox 2827 716 3092 787; x_wconf 84' lang='lat' dir='ltr'><strong>adjunges</strong></span> <span class='ocrx_word' id='word_1_129' title='bbox 3143 718 3373 773; x_wconf 90' lang='lat' dir='ltr'><strong>omnino</strong></span> 
     </span>
    </p>
   </div>
   <div class='ocr_carea' id='block_1_21' title="bbox 1799 805 3374 873">
    <p class='ocr_par' dir='ltr' id='par_1_21' title="bbox 1799 805 3374 873">
     <span class='ocr_line' id='line_1_21' title="bbox 1799 805 3374 873; baseline 0.002 -13"><span class='ocrx_word' id='word_1_130' title='bbox 1799 819 1893 860; x_wconf 90' lang='lat' dir='ltr'><strong>cos</strong></span> <span class='ocrx_word' id='word_1_131' title='bbox 1939 805 2034 873; x_wconf 87' lang='lat' dir='ltr'><strong>qui</strong></span> <span class='ocrx_word' id='word_1_132' title='bbox 2081 806 2226 860; x_wconf 89' lang='lat' dir='ltr'><strong>idem</strong></span> <span class='ocrx_word' id='word_1_133' title='bbox 2275 807 2540 872; x_wconf 73' lang='lat' dir='ltr'><strong>sentiunt,</strong></span> <span class='ocrx_word' id='word_1_134' title='bbox 2587 807 2800 862; x_wconf 89' lang='lat' dir='ltr'><strong>etiamsi</strong></span> <span class='ocrx_word' id='word_1_135' title='bbox 2850 822 2959 861; x_wconf 91' lang='lat' dir='ltr'><strong>non</strong></span> <span class='ocrx_word' id='word_1_136' title='bbox 3015 808 3219 864; x_wconf 80' lang='lat' dir='ltr'><strong>adsint.</strong></span> <span class='ocrx_word' id='word_1_137' title='bbox 3270 807 3374 863; x_wconf 88' lang='lat' dir='ltr'><strong>Hic</strong></span> 
     </span>
    </p>
   </div>
   <div class='ocr_carea' id='block_1_22' title="bbox 1799 894 3372 968">
    <p class='ocr_par' dir='ltr' id='par_1_22' title="bbox 1799 894 3372 968">
     <span class='ocr_line' id='line_1_22' title="bbox 1799 894 3372 968; baseline 0.004 -22"><span class='ocrx_word' id='word_1_138' title='bbox 1799 901 1984 948; x_wconf 91' lang='lat' dir='ltr'><strong>autem</strong></span> <span class='ocrx_word' id='word_1_139' title='bbox 2023 910 2112 950; x_wconf 87' lang='lat' dir='ltr'><strong>res</strong></span> <span class='ocrx_word' id='word_1_140' title='bbox 2141 894 2364 949; x_wconf 66' lang='lat' dir='ltr'><strong>incerta:</strong></span> <span class='ocrx_word' id='word_1_141' title='bbox 2392 894 2572 949; x_wconf 88' lang='lat' dir='ltr'><strong>adhuc</strong></span> <span class='ocrx_word' id='word_1_142' title='bbox 2596 903 2650 949; x_wconf 89' lang='lat' dir='ltr'><strong>et</strong></span> <span class='ocrx_word' id='word_1_143' title='bbox 2683 895 2898 962; x_wconf 71' lang='lat' dir='ltr'><strong>dubiae;</strong></span> <span class='ocrx_word' id='word_1_144' title='bbox 2929 911 3055 952; x_wconf 90' lang='lat' dir='ltr'><strong>cum</strong></span> <span class='ocrx_word' id='word_1_145' title='bbox 3098 896 3372 968; x_wconf 80' lang='lat' dir='ltr'><strong>Euippius</strong></span> 
     </span>
    </p>
   </div>
   <div class='ocr_carea' id='block_1_23' title="bbox 1796 985 3369 1059">
    <p class='ocr_par' dir='ltr' id='par_1_23' title="bbox 1796 985 3369 1059">
     <span class='ocr_line' id='line_1_23' title="bbox 1796 985 3369 1059; baseline 0.003 -21"><span class='ocrx_word' id='word_1_146' title='bbox 1796 986 2080 1041; x_wconf 80' lang='lat' dir='ltr'><strong>advenerit</strong></span> <span class='ocrx_word' id='word_1_147' title='bbox 2125 985 2383 1056; x_wconf 85' lang='lat' dir='ltr'><strong>quidem,</strong></span> <span class='ocrx_word' id='word_1_148' title='bbox 2419 987 2513 1041; x_wconf 87' lang='lat' dir='ltr'><strong>sed</strong></span> <span class='ocrx_word' id='word_1_149' title='bbox 2558 987 2800 1042; x_wconf 89' lang='lat' dir='ltr'><strong>nondum</strong></span> <span class='ocrx_word' id='word_1_150' title='bbox 2843 989 3141 1059; x_wconf 88' lang='lat' dir='ltr'><strong>quidquam</strong></span> <span class='ocrx_word' id='word_1_151' title='bbox 3186 990 3369 1045; x_wconf 88' lang='lat' dir='ltr'><strong>decla-</strong></span> 
     </span>
    </p>
   </div>
   <div class='ocr_carea' id='block_1_24' title="bbox 1795 1076 3370 1151">
    <p class='ocr_par' dir='ltr' id='par_1_24' title="bbox 1795 1076 3370 1151">
     <span class='ocr_line' id='line_1_24' title="bbox 1795 1076 3370 1151; baseline 0.003 -21"><span class='ocrx_word' id='word_1_152' title='bbox 1795 1078 2020 1132; x_wconf 87' lang='lat' dir='ltr'><strong>raverit.</strong></span> <span class='ocrx_word' id='word_1_153' title='bbox 2056 1076 2336 1132; x_wconf 84' lang='lat' dir='ltr'><strong>Minantur</strong></span> <span class='ocrx_word' id='word_1_154' title='bbox 2369 1078 2587 1148; x_wconf 89' lang='lat' dir='ltr'><strong>quidem</strong></span> <span class='ocrx_word' id='word_1_155' title='bbox 2621 1087 2676 1133; x_wconf 91' lang='lat' dir='ltr'><strong>et</strong></span> <span class='ocrx_word' id='word_1_156' title='bbox 2705 1093 3042 1135; x_wconf 88' lang='lat' dir='ltr'><strong>concursum</strong></span> <span class='ocrx_word' id='word_1_157' title='bbox 3074 1080 3370 1151; x_wconf 84' lang='lat' dir='ltr'><strong>quemdam</strong></span> 
     </span>
    </p>
   </div>
   <div class='ocr_carea' id='block_1_25' title="bbox 1793 1169 3368 1239">
    <p class='ocr_par' dir='ltr' id='par_1_25' title="bbox 1793 1169 3368 1239">
     <span class='ocr_line' id='line_1_25' title="bbox 1793 1169 3368 1239; baseline 0.003 -16"><span class='ocrx_word' id='word_1_158' title='bbox 1793 1183 2007 1232; x_wconf 90' lang='lat' dir='ltr'><strong>eorum,</strong></span> <span class='ocrx_word' id='word_1_159' title='bbox 2033 1169 2127 1239; x_wconf 90' lang='lat' dir='ltr'><strong>qui</strong></span> <span class='ocrx_word' id='word_1_160' title='bbox 2173 1169 2313 1223; x_wconf 91' lang='lat' dir='ltr'><strong>idem</strong></span> <span class='ocrx_word' id='word_1_161' title='bbox 2358 1184 2421 1222; x_wconf 92' lang='lat' dir='ltr'><strong>ac</strong></span> <span class='ocrx_word' id='word_1_162' title='bbox 2457 1170 2534 1224; x_wconf 77' lang='lat' dir='ltr'><strong>illi</strong></span> <span class='ocrx_word' id='word_1_163' title='bbox 2572 1171 2837 1235; x_wconf 87' lang='lat' dir='ltr'><strong>sentiunt,</strong></span> <span class='ocrx_word' id='word_1_164' title='bbox 2866 1187 2930 1226; x_wconf 81' lang='lat' dir='ltr'><strong>ex</strong></span> <span class='ocrx_word' id='word_1_165' title='bbox 2972 1171 3230 1226; x_wconf 84' lang='lat' dir='ltr'><strong>Armenia</strong></span> <span class='ocrx_word' id='word_1_166' title='bbox 3260 1170 3368 1228; x_wconf 87' lang='lat' dir='ltr'><strong>Te-</strong></span> 
     </span>
    </p>
   </div>
   <div class='ocr_carea' id='block_1_26' title="bbox 1793 1259 2408 1330">
    <p class='ocr_par' dir='ltr' id='par_1_26' title="bbox 1793 1259 2408 1330">
     <span class='ocr_line' id='line_1_26' title="bbox 1793 1259 2408 1330; baseline 0.003 -17"><span class='ocrx_word' id='word_1_167' title='bbox 1793 1260 1990 1330; x_wconf 88' lang='lat' dir='ltr'><strong>trapoli</strong></span> <span class='ocrx_word' id='word_1_168' title='bbox 2016 1271 2069 1314; x_wconf 89' lang='lat' dir='ltr'><strong>et</strong></span> <span class='ocrx_word' id='word_1_169' title='bbox 2096 1276 2164 1314; x_wconf 80' lang='lat' dir='ltr'><strong>ex</strong></span> <span class='ocrx_word' id='word_1_170' title='bbox 2194 1259 2408 1315; x_wconf 88' lang='lat' dir='ltr'><strong>Cilicia.</strong></span> 
     </span>
    </p>
   </div>
   <div class='ocr_carea' id='block_1_27' title="bbox 2275 1411 2858 1468">
    <p class='ocr_par' dir='ltr' id='par_1_27' title="bbox 2275 1411 2858 1468">
     <span class='ocr_line' id='line_1_27' title="bbox 2275 1411 2858 1468; baseline 0.005 -3"><span class='ocrx_word' id='word_1_171' title='bbox 2275 1411 2613 1468; x_wconf 79' lang='lat' dir='ltr'><strong>EPISTOLA</strong></span> <span class='ocrx_word' id='word_1_172' title='bbox 2651 1413 2858 1468; x_wconf 73' lang='lat' dir='ltr'><strong>LXIX‘.</strong></span> 
     </span>
    </p>
   </div>
   <div class='ocr_carea' id='block_1_28' title="bbox 110 1524 3365 1596">
    <p class='ocr_par' dir='ltr' id='par_1_28' title="bbox 110 1524 3365 1596">
     <span class='ocr_line' id='line_1_28' title="bbox 110 1524 3365 1596; baseline 0.001 -19"><span class='ocrx_word' id='word_1_173' title='bbox 110 1526 299 1596; x_wconf 53' lang='lat' dir='ltr'><strong>utadd!</strong></span> <span class='ocrx_word' id='word_1_174' title='bbox 322 1524 536 1596; x_wconf 73' lang='lat' dir='ltr'><strong>Basilius</strong></span> <span class='ocrx_word' id='word_1_175' title='bbox 575 1525 823 1596; x_wconf 58' lang='lat' dir='ltr'><strong>Athanasii</strong></span> <span class='ocrx_word' id='word_1_176' title='bbox 846 1525 1058 1596; x_wconf 77' lang='lat' dir='ltr'><strong>studium</strong></span> <span class='ocrx_word' id='word_1_177' title='bbox 1087 1535 1132 1578; x_wconf 87' lang='lat' dir='ltr'><strong>et</strong></span> <span class='ocrx_word' id='word_1_178' title='bbox 1169 1542 1338 1596; x_wconf 70' lang='lat' dir='ltr'><strong>curam</strong></span> <span class='ocrx_word' id='word_1_179' title='bbox 1363 1527 1577 1596; x_wconf 69' lang='lat' dir='ltr'><strong>omnium</strong></span> <span class='ocrx_word' id='word_1_180' title='bbox 1603 1527 1928 1596; x_wconf 68' lang='lat' dir='ltr'><strong>Ecclesjarum</strong></span> <span class='ocrx_word' id='word_1_181' title='bbox 1951 1541 1968 1578; x_wconf 91' lang='lat'><strong><em>:</em></strong></span> <span class='ocrx_word' id='word_1_182' title='bbox 1990 1527 2172 1596; x_wconf 64' lang='lat' dir='ltr'><strong>gratias</strong></span> <span class='ocrx_word' id='word_1_183' title='bbox 2193 1525 2294 1591; x_wconf 83' lang='lat' dir='ltr'><strong>agit</strong></span> <span class='ocrx_word' id='word_1_184' title='bbox 2313 1527 2694 1596; x_wconf 82' lang='lat' dir='ltr'><strong>ob__missum_ad</strong></span> <span class='ocrx_word' id='word_1_185' title='bbox 2720 1542 2771 1579; x_wconf 83' lang='lat' dir='ltr'><strong>se</strong></span> <span class='ocrx_word' id='word_1_186' title='bbox 2795 1531 2997 1596; x_wconf 63' lang='lat' dir='ltr'><strong>Petram</strong></span> <span class='ocrx_word' id='word_1_187' title='bbox 3018 1530 3365 1596; x_wconf 72' lang='lat' dir='ltr'><strong>presbyterum.</strong></span> 
     </span>
    </p>
   </div>
   <div class='ocr_carea' id='block_1_29' title="bbox 171 1587 3366 1655">
    <p class='ocr_par' dir='ltr' id='par_1_29' title="bbox 171 1587 3366 1655">
     <span class='ocr_line' id='line_1_29' title="bbox 171 1587 3366 1655; baseline 0 -16"><span class='ocrx_word' id='word_1_188' title='bbox 171 1590 360 1655; x_wconf 67' lang='lat' dir='ltr'><strong>Iterum</strong></span> <span class='ocrx_word' id='word_1_189' title='bbox 380 1587 443 1655; x_wconf 79' lang='lat' dir='ltr'><strong>ad</strong></span> <span class='ocrx_word' id='word_1_190' title='bbox 465 1587 739 1655; x_wconf 69' lang='lat' dir='ltr'><strong>euptptittit</strong></span> <span class='ocrx_word' id='word_1_191' title='bbox 760 1589 1067 1655; x_wconf 66' lang='lat' dir='ltr'><strong>[toral/reum,</strong></span> <span class='ocrx_word' id='word_1_192' title='bbox 1090 1588 1266 1655; x_wconf 78' lang='lat' dir='ltr'><strong>ul_ejus</strong></span> <span class='ocrx_word' id='word_1_193' title='bbox 1284 1589 1502 1655; x_wconf 70' lang='lat' dir='ltr'><strong>consiliis</strong></span> <span class='ocrx_word' id='word_1_194' title='bbox 1514 1589 1730 1655; x_wconf 65' lang='lat' dir='ltr'><strong>munitus</strong></span> <span class='ocrx_word' id='word_1_195' title='bbox 1754 1592 1954 1655; x_wconf 72' lang='lat' dir='ltr'><strong>Romam</strong></span> <span class='ocrx_word' id='word_1_196' title='bbox 1978 1587 2331 1655; x_wconf 61' lang='lat' dir='ltr'><strong>proﬁciscatur.</strong></span> <span class='ocrx_word' id='word_1_197' title='bbox 2369 1588 2750 1655; x_wconf 70' lang='lat' dir='ltr'><strong>Nat-rat_visum_</strong></span> <span class='ocrx_word' id='word_1_198' title='bbox 2771 1603 2897 1655; x_wconf 84' lang='lat' dir='ltr'><strong>csse_</strong></span> <span class='ocrx_word' id='word_1_199' title='bbox 2913 1587 3109 1655; x_wconf 67' lang='lat' dir='ltr'><strong>Romam</strong></span> <span class='ocrx_word' id='word_1_200' title='bbox 3134 1587 3366 1655; x_wconf 65' lang='lat' dir='ltr'><strong>scribere,</strong></span> 
     </span>
    </p>
   </div>
   <div class='ocr_carea' id='block_1_30' title="bbox 165 1647 3369 1714">
    <p class='ocr_par' dir='ltr' id='par_1_30' title="bbox 165 1647 3369 1714">
     <span class='ocr_line' id='line_1_30' title="bbox 165 1647 3369 1714; baseline 0.001 -14"><span class='ocrx_word' id='word_1_201' title='bbox 165 1657 220 1700; x_wconf 68' lang='lat' dir='ltr'><strong>ut</strong></span> <span class='ocrx_word' id='word_1_202' title='bbox 241 1647 540 1714; x_wconf 74' lang='lat' dir='ltr'><strong>indejdonei</strong></span> <span class='ocrx_word' id='word_1_203' title='bbox 576 1648 1006 1714; x_wconf 74' lang='lat' dir='ltr'><strong>legatimittanlur.</strong></span> <span class='ocrx_word' id='word_1_204' title='bbox 1025 1647 1295 1714; x_wconf 59' lang='lat' dir='ltr'><strong>ac_pla}‘ere</strong></span> <span class='ocrx_word' id='word_1_205' title='bbox 1326 1651 1585 1714; x_wconf 74' lang='lat' dir='ltr'><strong>nonnullis,</strong></span> <span class='ocrx_word' id='word_1_206' title='bbox 1612 1658 1663 1700; x_wconf 87' lang='lat' dir='ltr'><strong>ut</strong></span> <span class='ocrx_word' id='word_1_207' title='bbox 1676 1651 1882 1714; x_wconf 64' lang='lat' dir='ltr'><strong>Itomani</strong></span> <span class='ocrx_word' id='word_1_208' title='bbox 1908 1647 2193 1714; x_wconf 61' lang='lat' dir='ltr'><strong>Mdrce&#39;llttm</strong></span> <span class='ocrx_word' id='word_1_209' title='bbox 2216 1649 2458 1714; x_wconf 80' lang='lat' dir='ltr'><strong>damnent,</strong></span> <span class='ocrx_word' id='word_1_210' title='bbox 2488 1649 2673 1714; x_wconf 77' lang='lat' dir='ltr'><strong>sibique</strong></span> <span class='ocrx_word' id='word_1_211' title='bbox 2699 1650 2827 1700; x_wconf 89' lang='lat' dir='ltr'><strong>idem</strong></span> <span class='ocrx_word' id='word_1_212' title='bbox 2852 1650 3026 1702; x_wconf 84' lang='lat' dir='ltr'><strong>videri.</strong></span> <span class='ocrx_word' id='word_1_213' title='bbox 3054 1655 3206 1714; x_wconf 86' lang='lat' dir='ltr'><strong>Rogat</strong></span> <span class='ocrx_word' id='word_1_214' title='bbox 3228 1651 3345 1714; x_wconf 82' lang='lat' dir='ltr'><strong>deni</strong></span> <span class='ocrx_word' id='word_1_215' title='bbox 3352 1647 3369 1685; x_wconf 65' lang='grc' dir='ltr'><strong>ί</strong></span> 
     </span>
    </p>
   </div>
   <div class='ocr_carea' id='block_1_31' title="bbox 167 1709 3368 1822">
    <p class='ocr_par' dir='ltr' id='par_1_31' title="bbox 167 1709 3368 1822">
     <span class='ocr_line' id='line_1_31' title="bbox 167 1709 3368 1822; baseline 0.002 -63"><span class='ocrx_word' id='word_1_216' title='bbox 167 1709 646 1822; x_wconf 54' lang='lat' dir='ltr'><strong>WDprothewn</strong></span> <span class='ocrx_word' id='word_1_217' title='bbox 665 1711 969 1780; x_wconf 39' lang='lat' dir='ltr'><strong>rid-primam</strong></span> <span class='ocrx_word' id='word_1_218' title='bbox 982 1709 1333 1781; x_wconf 69' lang='lat' dir='ltr'><strong>navigationem</strong></span> <span class='ocrx_word' id='word_1_219' title='bbox 1355 1709 1580 1771; x_wconf 69' lang='lat' dir='ltr'><strong>dimittat,</strong></span> <span class='ocrx_word' id='word_1_220' title='bbox 1603 1719 1647 1762; x_wconf 88' lang='lat' dir='ltr'><strong>et</strong></span> <span class='ocrx_word' id='word_1_221' title='bbox 1669 1710 1847 1776; x_wconf 81' lang='lat' dir='ltr'><strong>legatos</strong></span> <span class='ocrx_word' id='word_1_222' title='bbox 1867 1726 1927 1763; x_wconf 76' lang='lat' dir='ltr'><strong>ea:</strong></span> <span class='ocrx_word' id='word_1_223' title='bbox 1952 1711 2206 1762; x_wconf 84' lang='lat' dir='ltr'><strong>Occidente</strong></span> <span class='ocrx_word' id='word_1_224' title='bbox 2237 1712 2542 1762; x_wconf 80' lang='lat' dir='ltr'><strong>advenientes</strong></span> <span class='ocrx_word' id='word_1_225' title='bbox 2566 1709 2770 1771; x_wconf 77' lang='lat' dir='ltr'><strong>moneat,</strong></span> <span class='ocrx_word' id='word_1_226' title='bbox 2797 1715 3039 1773; x_wconf 85' lang='lat' dir='ltr'><strong>quomodo</strong></span> <span class='ocrx_word' id='word_1_227' title='bbox 3078 1709 3176 1776; x_wconf 62' lang='lat' dir='ltr'><strong>pa&#39;x</strong></span> <span class='ocrx_word' id='word_1_228' title='bbox 3212 1713 3368 1765; x_wconf 81' lang='lat' dir='ltr'><strong>conci-</strong></span> 
     </span>
     <span class='ocr_line' id='line_1_32' title="bbox 360 1773 1570 1822; baseline 0.001 -1"><span class='ocrx_word' id='word_1_229' title='bbox 360 1778 426 1822; x_wconf 66' lang='grc' dir='ltr'>ιιι</span> <span class='ocrx_word' id='word_1_230' title='bbox 445 1785 503 1821; x_wconf 82' lang='lat' dir='ltr'><strong>ac</strong></span> <span class='ocrx_word' id='word_1_231' title='bbox 527 1785 577 1822; x_wconf 83' lang='lat' dir='ltr'><strong>tn</strong></span> <span class='ocrx_word' id='word_1_232' title='bbox 596 1785 768 1822; x_wconf 73' lang='lat' dir='ltr'><strong>prmus</strong></span> <span class='ocrx_word' id='word_1_233' title='bbox 787 1773 1001 1822; x_wconf 73' lang='lat' dir='ltr'><strong>Ecclesia</strong></span> <span class='ocrx_word' id='word_1_234' title='bbox 1023 1775 1314 1822; x_wconf 75' lang='lat' dir='ltr'><strong>Anttocltena</strong></span> <span class='ocrx_word' id='word_1_235' title='bbox 1335 1773 1570 1822; x_wconf 85' lang='lat' dir='ltr'><strong>curanda.</strong></span> 
     </span>
    </p>
   </div>
   <div class='ocr_carea' id='block_1_32' title="bbox 360 1770 1570 1836">
    <p class='ocr_par' dir='ltr' id='par_1_32' title="bbox 360 1770 1570 1836">
     <span class='ocr_line' id='line_1_33' title="bbox 360 1770 1570 1836; baseline 0.002 -14"><span class='ocrx_word' id='word_1_236' title='bbox 360 1770 426 1822; x_wconf 74' lang='lat' dir='ltr'><strong>ait</strong></span> <span class='ocrx_word' id='word_1_237' title='bbox 445 1785 503 1821; x_wconf 87' lang='lat' dir='ltr'><strong>ac</strong></span> <span class='ocrx_word' id='word_1_238' title='bbox 527 1770 577 1822; x_wconf 83' lang='lat' dir='ltr'><strong>in</strong></span> <span class='ocrx_word' id='word_1_239' title='bbox 596 1770 768 1836; x_wconf 77' lang='lat' dir='ltr'><strong>primis</strong></span> <span class='ocrx_word' id='word_1_240' title='bbox 787 1771 1001 1823; x_wconf 78' lang='lat' dir='ltr'><strong>Ecclesia</strong></span> <span class='ocrx_word' id='word_1_241' title='bbox 1023 1770 1314 1825; x_wconf 70' lang='lat' dir='ltr'><strong>Antiochena</strong></span> <span class='ocrx_word' id='word_1_242' title='bbox 1335 1773 1570 1824; x_wconf 84' lang='lat' dir='ltr'><strong>curanda.</strong></span> 
     </span>
    </p>
   </div>
   <div class='ocr_carea' id='block_1_33' title="bbox 298 1881 1494 1953">
    <p class='ocr_par' dir='ltr' id='par_1_33' title="bbox 298 1881 1494 1953">
     <span class='ocr_line' id='line_1_34' title="bbox 298 1881 1494 1953; baseline 0.004 -19"><span class='ocrx_word' id='word_1_243' title='bbox 298 1881 642 1946; x_wconf 80' lang='grc' dir='ltr'>Ἀθανασίφ,</span> <span class='ocrx_word' id='word_1_244' title='bbox 682 1882 991 1950; x_wconf 75' lang='grc' dir='ltr'>ἐπισκόπῳ</span> <span class='ocrx_word' id='word_1_245' title='bbox 1041 1883 1494 1953; x_wconf 77' lang='grc' dir='ltr'>Ἀλεξανδρείας.</span> 
     </span>
    </p>
   </div>
   <div class='ocr_carea' id='block_1_34' title="bbox 177 1993 1686 2068">
    <p class='ocr_par' dir='ltr' id='par_1_34' title="bbox 177 1993 1686 2068">
     <span class='ocr_line' id='line_1_35' title="bbox 177 1993 1686 2068; baseline 0.001 -20"><span class='ocrx_word' id='word_1_246' title='bbox 177 1995 231 2048; x_wconf 69' lang='grc' dir='ltr'>ί.</span> <span class='ocrx_word' id='word_1_247' title='bbox 275 1994 381 2047; x_wconf 87' lang='grc' dir='ltr'>Ἦν</span> <span class='ocrx_word' id='word_1_248' title='bbox 413 1995 479 2047; x_wconf 81' lang='grc' dir='ltr'>ὲκ</span> <span class='ocrx_word' id='word_1_249' title='bbox 529 1993 758 2048; x_wconf 83' lang='grc' dir='ltr'>παλαιοῦ</span> <span class='ocrx_word' id='word_1_250' title='bbox 793 1995 901 2066; x_wconf 68' lang='grc'><strong>(64)</strong></span> <span class='ocrx_word' id='word_1_251' title='bbox 937 1997 1064 2068; x_wconf 75' lang='grc' dir='ltr'>περὶ</span> <span class='ocrx_word' id='word_1_252' title='bbox 1106 1997 1206 2068; x_wconf 80' lang='grc' dir='ltr'>τῆς</span> <span class='ocrx_word' id='word_1_253' title='bbox 1243 2015 1340 2068; x_wconf 90' lang='grc' dir='ltr'><strong>σης</strong></span> <span class='ocrx_word' id='word_1_254' title='bbox 1377 1998 1686 2068; x_wconf 78' lang='grc' dir='ltr'><strong>τιμιότητος</strong></span> 
     </span>
    </p>
   </div>
   <div class='ocr_carea' id='block_1_35' title="bbox 105 2084 1687 2160">
    <p class='ocr_par' dir='ltr' id='par_1_35' title="bbox 105 2084 1687 2160">
     <span class='ocr_line' id='line_1_36' title="bbox 105 2084 1687 2160; baseline 0.003 -22"><span class='ocrx_word' id='word_1_255' title='bbox 105 2084 382 2155; x_wconf 72' lang='grc' dir='ltr'>ὑπόληψιν</span> <span class='ocrx_word' id='word_1_256' title='bbox 418 2084 648 2157; x_wconf 75' lang='grc' dir='ltr'>ἔσχομεν</span> <span class='ocrx_word' id='word_1_257' title='bbox 669 2126 684 2150; x_wconf 92' lang='grc'><strong>,</strong></span> <span class='ocrx_word' id='word_1_258' title='bbox 719 2087 923 2159; x_wconf 83' lang='grc' dir='ltr'>ταύτην</span> <span class='ocrx_word' id='word_1_259' title='bbox 953 2090 982 2141; x_wconf 88' lang='grc' dir='ltr'><strong>ό</strong></span> <span class='ocrx_word' id='word_1_260' title='bbox 1012 2089 1202 2159; x_wconf 80' lang='grc' dir='ltr'>χρόνος</span> <span class='ocrx_word' id='word_1_261' title='bbox 1235 2088 1441 2159; x_wconf 83' lang='grc' dir='ltr'>προῖὼν</span> <span class='ocrx_word' id='word_1_262' title='bbox 1478 2090 1563 2143; x_wconf 68' lang='grc' dir='ltr'><strong>ἀεὶ</strong></span> <span class='ocrx_word' id='word_1_263' title='bbox 1595 2090 1687 2160; x_wconf 80' lang='grc' dir='ltr'><strong>βε-</strong></span> 
     </span>
    </p>
   </div>
   <div class='ocr_carea' id='block_1_36' title="bbox 105 2165 1687 2252">
    <p class='ocr_par' dir='ltr' id='par_1_36' title="bbox 105 2165 1687 2252">
     <span class='ocr_line' id='line_1_37' title="bbox 105 2165 1687 2252; baseline 0.004 -25"><span class='ocrx_word' id='word_1_264' title='bbox 105 2176 286 2229; x_wconf 82' lang='grc' dir='ltr'>ϐαιοῖ·</span> <span class='ocrx_word' id='word_1_265' title='bbox 340 2165 542 2246; x_wconf 73' lang='grc' dir='ltr'>μᾶλλον</span> <span class='ocrx_word' id='word_1_266' title='bbox 573 2178 629 2231; x_wconf 86' lang='grc' dir='ltr'>δὲ</span> <span class='ocrx_word' id='word_1_267' title='bbox 659 2177 754 2232; x_wconf 77' lang='grc' dir='ltr'>καὶ</span> <span class='ocrx_word' id='word_1_268' title='bbox 787 2178 1036 2243; x_wconf 82' lang='grc' dir='ltr'>συναύξει</span> <span class='ocrx_word' id='word_1_269' title='bbox 1065 2183 1184 2242; x_wconf 83' lang='grc' dir='ltr'>ταῖς</span> <span class='ocrx_word' id='word_1_270' title='bbox 1217 2180 1554 2252; x_wconf 81' lang='grc' dir='ltr'>προσθήκαις</span> <span class='ocrx_word' id='word_1_271' title='bbox 1579 2181 1687 2234; x_wconf 86' lang='grc' dir='ltr'><strong>τῶν</strong></span> 
     </span>
    </p>
   </div>
   <div class='ocr_carea' id='block_1_37' title="bbox 102 2266 1689 2342">
    <p class='ocr_par' dir='ltr' id='par_1_37' title="bbox 102 2266 1689 2342">
     <span class='ocr_line' id='line_1_38' title="bbox 102 2266 1689 2342; baseline 0.003 -23"><span class='ocrx_word' id='word_1_272' title='bbox 102 2266 254 2320; x_wconf 76' lang='grc' dir='ltr'>κατὰ</span> <span class='ocrx_word' id='word_1_273' title='bbox 296 2267 463 2339; x_wconf 82' lang='grc' dir='ltr'>μέρος</span> <span class='ocrx_word' id='word_1_274' title='bbox 498 2269 910 2340; x_wconf 75' lang='grc' dir='ltr'>ἐπιγινομένων.</span> <span class='ocrx_word' id='word_1_275' title='bbox 949 2268 1068 2324; x_wconf 85' lang='grc' dir='ltr'>’Ότι</span> <span class='ocrx_word' id='word_1_276' title='bbox 1097 2271 1206 2324; x_wconf 82' lang='grc' dir='ltr'>τῶν</span> <span class='ocrx_word' id='word_1_277' title='bbox 1235 2272 1334 2342; x_wconf 84' lang='grc' dir='ltr'><strong>μὲν</strong></span> <span class='ocrx_word' id='word_1_278' title='bbox 1375 2271 1550 2326; x_wconf 80' lang='grc' dir='ltr'>ἄλλων</span> <span class='ocrx_word' id='word_1_279' title='bbox 1577 2275 1689 2335; x_wconf 84' lang='grc' dir='ltr'>τοῖς</span> 
     </span>
    </p>
   </div>
   <div class='ocr_carea' id='block_1_38' title="bbox 104 2360 1688 2437">
    <p class='ocr_par' dir='ltr' id='par_1_38' title="bbox 104 2360 1688 2437">
     <span class='ocr_line' id='line_1_39' title="bbox 104 2360 1688 2437; baseline 0.004 -26"><span class='ocrx_word' id='word_1_280' title='bbox 104 2360 390 2424; x_wconf 74' lang='grc' dir='ltr'>πλείστοις</span> <span class='ocrx_word' id='word_1_281' title='bbox 423 2360 642 2433; x_wconf 81' lang='grc' dir='ltr'>ἐξαρκεί</span> <span class='ocrx_word' id='word_1_282' title='bbox 672 2363 732 2416; x_wconf 85' lang='grc' dir='ltr'>τὸ</span> <span class='ocrx_word' id='word_1_283' title='bbox 781 2362 902 2418; x_wconf 87' lang='grc' dir='ltr'>καθ’</span> <span class='ocrx_word' id='word_1_284' title='bbox 937 2363 1131 2418; x_wconf 79' lang='grc' dir='ltr'>ἑαυτὸν</span> <span class='ocrx_word' id='word_1_285' title='bbox 1171 2363 1403 2417; x_wconf 74' lang='grc' dir='ltr'>ἕκαστον</span> <span class='ocrx_word' id='word_1_286' title='bbox 1432 2382 1688 2437; x_wconf 79' lang='grc' dir='ltr'><strong>περισκο⁹</strong></span> 
     </span>
    </p>
   </div>
   <div class='ocr_carea' id='block_1_39' title="bbox 104 2451 1686 2526">
    <p class='ocr_par' dir='ltr' id='par_1_39' title="bbox 104 2451 1686 2526">
     <span class='ocr_line' id='line_1_40' title="bbox 104 2451 1686 2526; baseline 0.003 -22"><span class='ocrx_word' id='word_1_287' title='bbox 104 2453 234 2504; x_wconf 80' lang='grc' dir='ltr'>πεῖν</span> <span class='ocrx_word' id='word_1_288' title='bbox 257 2467 274 2480; x_wconf 91' lang='grc'><strong>·</strong></span> <span class='ocrx_word' id='word_1_289' title='bbox 310 2452 394 2504; x_wconf 75' lang='grc' dir='ltr'>σοὶ</span> <span class='ocrx_word' id='word_1_290' title='bbox 429 2451 488 2504; x_wconf 85' lang='grc' dir='ltr'>δὲ</span> <span class='ocrx_word' id='word_1_291' title='bbox 527 2453 625 2523; x_wconf 79' lang='grc' dir='ltr'><strong>οὐχ</strong></span> <span class='ocrx_word' id='word_1_292' title='bbox 662 2453 841 2507; x_wconf 72' lang='grc' dir='ltr'>ἱκανὸν</span> <span class='ocrx_word' id='word_1_293' title='bbox 873 2452 1049 2519; x_wconf 76' lang='grc' dir='ltr'>τοῦτο,</span> <span class='ocrx_word' id='word_1_294' title='bbox 1089 2453 1204 2507; x_wconf 81' lang='grc' dir='ltr'>ἀλλ’</span> <span class='ocrx_word' id='word_1_295' title='bbox 1245 2456 1278 2525; x_wconf 84' lang='grc' dir='ltr'>ἡ</span> <span class='ocrx_word' id='word_1_296' title='bbox 1323 2455 1562 2526; x_wconf 79' lang='grc' dir='ltr'>μέριμνᾶ</span> <span class='ocrx_word' id='word_1_297' title='bbox 1605 2472 1686 2509; x_wconf 92' lang='grc' dir='ltr'>σοι</span> 
     </span>
    </p>
   </div>
   <div class='ocr_carea' id='block_1_40' title="bbox 105 2543 1688 2620">
    <p class='ocr_par' dir='ltr' id='par_1_40' title="bbox 105 2543 1688 2620">
     <span class='ocr_line' id='line_1_41' title="bbox 105 2543 1688 2620; baseline 0.003 -24"><span class='ocrx_word' id='word_1_298' title='bbox 105 2543 305 2598; x_wconf 78' lang='grc' dir='ltr'>πασῶν</span> <span class='ocrx_word' id='word_1_299' title='bbox 336 2544 446 2597; x_wconf 82' lang='grc' dir='ltr'>τῶν</span> <span class='ocrx_word' id='word_1_300' title='bbox 493 2545 830 2617; x_wconf 83' lang='grc' dir='ltr'>Ἐκκλησιῶν</span> <span class='ocrx_word' id='word_1_301' title='bbox 860 2545 1092 2618; x_wconf 78' lang='grc' dir='ltr'><strong>τοσαύτη</strong></span> <span class='ocrx_word' id='word_1_302' title='bbox 1115 2589 1130 2612; x_wconf 94' lang='grc'><strong>,</strong></span> <span class='ocrx_word' id='word_1_303' title='bbox 1158 2547 1258 2618; x_wconf 85' lang='grc' dir='ltr'><strong>δση</strong></span> <span class='ocrx_word' id='word_1_304' title='bbox 1289 2549 1383 2601; x_wconf 75' lang='grc' dir='ltr'><strong>καὶ</strong></span> <span class='ocrx_word' id='word_1_305' title='bbox 1414 2549 1511 2620; x_wconf 80' lang='grc' dir='ltr'>τῆς</span> <span class='ocrx_word' id='word_1_306' title='bbox 1543 2548 1688 2610; x_wconf 74' lang='grc' dir='ltr'>ἰδίως</span> 
     </span>
    </p>
   </div>
   <div class='ocr_carea' id='block_1_41' title="bbox 102 2634 1688 2708">
    <p class='ocr_par' dir='ltr' id='par_1_41' title="bbox 102 2634 1688 2708">
     <span class='ocr_line' id='line_1_42' title="bbox 102 2634 1688 2708; baseline 0.004 -22"><span class='ocrx_word' id='word_1_307' title='bbox 102 2636 266 2708; x_wconf 69' lang='grc' dir='ltr'>παρὰ</span> <span class='ocrx_word' id='word_1_308' title='bbox 315 2634 413 2688; x_wconf 83' lang='grc' dir='ltr'>τοῦ</span> <span class='ocrx_word' id='word_1_309' title='bbox 465 2635 646 2689; x_wconf 80' lang='grc' dir='ltr'>κοινοῦ</span> <span class='ocrx_word' id='word_1_310' title='bbox 704 2638 969 2691; x_wconf 86' lang='grc' dir='ltr'>Δεσπότου</span> <span class='ocrx_word' id='word_1_311' title='bbox 1031 2638 1187 2708; x_wconf 80' lang='grc' dir='ltr'>ἡμῶν</span> <span class='ocrx_word' id='word_1_312' title='bbox 1232 2638 1688 2708; x_wconf 78' lang='grc' dir='ltr'>ὲμπιστευθείσης</span> 
     </span>
    </p>
   </div>
   <div class='ocr_carea' id='block_1_42' title="bbox 99 2726 1688 2800">
    <p class='ocr_par' dir='ltr' id='par_1_42' title="bbox 99 2726 1688 2800">
     <span class='ocr_line' id='line_1_43' title="bbox 99 2726 1688 2800; baseline 0.003 -19"><span class='ocrx_word' id='word_1_313' title='bbox 99 2726 382 2781; x_wconf 78' lang='grc' dir='ltr'>ἐπίκειται</span> <span class='ocrx_word' id='word_1_314' title='bbox 411 2743 424 2755; x_wconf 88' lang='grc'><strong>·</strong></span> <span class='ocrx_word' id='word_1_315' title='bbox 457 2727 516 2790; x_wconf 82' lang='grc' dir='ltr'>ὃς</span> <span class='ocrx_word' id='word_1_316' title='bbox 547 2744 610 2794; x_wconf 86' lang='grc' dir='ltr'><strong>γε</strong></span> <span class='ocrx_word' id='word_1_317' title='bbox 645 2728 832 2780; x_wconf 78' lang='grc' dir='ltr'>οὐδένα</span> <span class='ocrx_word' id='word_1_318' title='bbox 881 2729 1072 2800; x_wconf 87' lang='grc' dir='ltr'>χρόνον</span> <span class='ocrx_word' id='word_1_319' title='bbox 1113 2729 1404 2792; x_wconf 82' lang='grc' dir='ltr'>διαλείπεις</span> <span class='ocrx_word' id='word_1_320' title='bbox 1449 2731 1688 2800; x_wconf 85' lang='grc' dir='ltr'>διαλεγό-</span> 
     </span>
    </p>
   </div>
   <div class='ocr_carea' id='block_1_43' title="bbox 105 2814 1689 2887">
    <p class='ocr_par' dir='ltr' id='par_1_43' title="bbox 105 2814 1689 2887">
     <span class='ocr_line' id='line_1_44' title="bbox 105 2814 1689 2887; baseline 0.001 -17"><span class='ocrx_word' id='word_1_321' title='bbox 105 2833 295 2885; x_wconf 82' lang='grc' dir='ltr'>μενος,</span> <span class='ocrx_word' id='word_1_322' title='bbox 325 2814 593 2870; x_wconf 75' lang='grc' dir='ltr'>νουθετῶν</span> <span class='ocrx_word' id='word_1_323' title='bbox 611 2857 626 2880; x_wconf 89' lang='grc'><strong>,</strong></span> <span class='ocrx_word' id='word_1_324' title='bbox 654 2817 979 2870; x_wconf 72' lang='grc' dir='ltr'>ἐπιστέλλων</span> <span class='ocrx_word' id='word_1_325' title='bbox 1004 2856 1018 2881; x_wconf 90' lang='grc'><strong>,</strong></span> <span class='ocrx_word' id='word_1_326' title='bbox 1059 2817 1358 2887; x_wconf 80' lang='grc' dir='ltr'>ἐκπέμπων</span> <span class='ocrx_word' id='word_1_327' title='bbox 1388 2820 1538 2882; x_wconf 72' lang='grc' dir='ltr'>τινας</span> <span class='ocrx_word' id='word_1_328' title='bbox 1562 2819 1689 2872; x_wconf 77' lang='grc' dir='ltr'><strong>ἐκά-</strong></span> 
     </span>
    </p>
   </div>
   <div class='ocr_carea' id='block_1_44' title="bbox 104 2907 1688 2979">
    <p class='ocr_par' dir='ltr' id='par_1_44' title="bbox 104 2907 1688 2979">
     <span class='ocr_line' id='line_1_45' title="bbox 104 2907 1688 2979; baseline 0.001 -17"><span class='ocrx_word' id='word_1_329' title='bbox 104 2925 264 2963; x_wconf 84' lang='grc' dir='ltr'>στοτε</span> <span class='ocrx_word' id='word_1_330' title='bbox 314 2912 445 2972; x_wconf 75' lang='grc' dir='ltr'>τοὺς</span> <span class='ocrx_word' id='word_1_331' title='bbox 477 2907 899 2979; x_wconf 79' lang='grc' dir='ltr'><strong>ὑποτιθεμένους</strong></span> <span class='ocrx_word' id='word_1_332' title='bbox 930 2907 999 2962; x_wconf 79' lang='grc' dir='ltr'><strong>τὰ</strong></span> <span class='ocrx_word' id='word_1_333' title='bbox 1043 2907 1315 2978; x_wconf 82' lang='grc' dir='ltr'>βέλτιστα.</span> <span class='ocrx_word' id='word_1_334' title='bbox 1359 2910 1470 2961; x_wconf 70' lang='grc' dir='ltr'><strong>Καὶ</strong></span> <span class='ocrx_word' id='word_1_335' title='bbox 1510 2910 1603 2962; x_wconf 76' lang='grc' dir='ltr'>νῦν</span> <span class='ocrx_word' id='word_1_336' title='bbox 1631 2911 1688 2963; x_wconf 82' lang='grc' dir='ltr'>δὲ</span> 
     </span>
    </p>
   </div>
   <div class='ocr_carea' id='block_1_45' title="bbox 98 2999 1688 3074">
    <p class='ocr_par' dir='ltr' id='par_1_45' title="bbox 98 2999 1688 3074">
     <span class='ocr_line' id='line_1_46' title="bbox 98 2999 1688 3074; baseline 0 -18"><span class='ocrx_word' id='word_1_337' title='bbox 98 3002 214 3056; x_wconf 76' lang='grc' dir='ltr'><strong>ἀπὸ</strong></span> <span class='ocrx_word' id='word_1_338' title='bbox 258 3001 359 3055; x_wconf 77' lang='grc' dir='ltr'>τοῦ</span> <span class='ocrx_word' id='word_1_339' title='bbox 391 3001 537 3072; x_wconf 79' lang='grc' dir='ltr'>ἱεροῦ</span> <span class='ocrx_word' id='word_1_340' title='bbox 574 2999 940 3071; x_wconf 82' lang='grc' dir='ltr'>πληρώματος</span> <span class='ocrx_word' id='word_1_341' title='bbox 972 3000 1066 3054; x_wconf 80' lang='grc' dir='ltr'>τοῦ</span> <span class='ocrx_word' id='word_1_342' title='bbox 1103 3002 1208 3053; x_wconf 84' lang='grc' dir='ltr'><strong>ὑπὸ</strong></span> <span class='ocrx_word' id='word_1_343' title='bbox 1257 3001 1316 3055; x_wconf 81' lang='grc' dir='ltr'>σὲ</span> <span class='ocrx_word' id='word_1_344' title='bbox 1364 3002 1565 3074; x_wconf 81' lang='grc' dir='ltr'>κλήρου</span> <span class='ocrx_word' id='word_1_345' title='bbox 1597 3004 1688 3056; x_wconf 82' lang='grc' dir='ltr'><strong>τὸν</strong></span> 
     </span>
    </p>
   </div>
   <div class='ocr_carea' id='block_1_46' title="bbox 100 3091 1689 3164">
    <p class='ocr_par' dir='ltr' id='par_1_46' title="bbox 100 3091 1689 3164">
     <span class='ocr_line' id='line_1_47' title="bbox 100 3091 1689 3164; baseline 0 -18"><span class='ocrx_word' id='word_1_346' title='bbox 100 3092 543 3163; x_wconf 72' lang='grc' dir='ltr'>αἱδεσιμώτατον</span> <span class='ocrx_word' id='word_1_347' title='bbox 595 3091 820 3159; x_wconf 74' lang='grc' dir='ltr'>ἀδελφὸν</span> <span class='ocrx_word' id='word_1_348' title='bbox 868 3092 1072 3163; x_wconf 77' lang='grc' dir='ltr'>Πέτρον</span> <span class='ocrx_word' id='word_1_349' title='bbox 1115 3092 1503 3163; x_wconf 77' lang='grc' dir='ltr'>ἐκπεμφθέντα</span> <span class='ocrx_word' id='word_1_350' title='bbox 1552 3094 1689 3164; x_wconf 74' lang='grc' dir='ltr'>μετὰ</span> 
     </span>
    </p>
   </div>
   <div class='ocr_carea' id='block_1_47' title="bbox 101 3179 1688 3253">
    <p class='ocr_par' dir='ltr' id='par_1_47' title="bbox 101 3179 1688 3253">
     <span class='ocr_line' id='line_1_48' title="bbox 101 3179 1688 3253; baseline -0.001 -18"><span class='ocrx_word' id='word_1_351' title='bbox 101 3183 310 3253; x_wconf 73' lang='grc' dir='ltr'>πολλῆς</span> <span class='ocrx_word' id='word_1_352' title='bbox 338 3183 515 3253; x_wconf 74' lang='grc' dir='ltr'>χαρᾶς</span> <span class='ocrx_word' id='word_1_353' title='bbox 551 3179 847 3250; x_wconf 80' lang='grc' dir='ltr'>ἐδεξάμεθα</span> <span class='ocrx_word' id='word_1_354' title='bbox 870 3221 887 3246; x_wconf 89' lang='grc'><strong>,</strong></span> <span class='ocrx_word' id='word_1_355' title='bbox 921 3181 1017 3234; x_wconf 75' lang='grc' dir='ltr'><strong>καὶ</strong></span> <span class='ocrx_word' id='word_1_356' title='bbox 1041 3182 1132 3236; x_wconf 81' lang='grc' dir='ltr'><strong>τὸν</strong></span> <span class='ocrx_word' id='word_1_357' title='bbox 1170 3182 1372 3251; x_wconf 73' lang='grc' dir='ltr'>ἀγαθὸν</span> <span class='ocrx_word' id='word_1_358' title='bbox 1398 3181 1561 3234; x_wconf 76' lang='grc' dir='ltr'>αὑτοῦ</span> <span class='ocrx_word' id='word_1_359' title='bbox 1589 3182 1688 3251; x_wconf 71' lang='grc' dir='ltr'>τῆς</span> 
     </span>
    </p>
   </div>
   <div class='ocr_carea' id='block_1_48' title="bbox 2108 1878 3080 1948">
    <p class='ocr_par' dir='ltr' id='par_1_48' title="bbox 2108 1878 3080 1948">
     <span class='ocr_line' id='line_1_49' title="bbox 2108 1878 3080 1948; baseline 0 -16"><span class='ocrx_word' id='word_1_360' title='bbox 2108 1879 2422 1944; x_wconf 76' lang='lat' dir='ltr'><strong>Athanasio,</strong></span> <span class='ocrx_word' id='word_1_361' title='bbox 2450 1879 2693 1948; x_wconf 80' lang='lat' dir='ltr'><strong>episcopo</strong></span> <span class='ocrx_word' id='word_1_362' title='bbox 2721 1878 3080 1934; x_wconf 65' lang='lat' dir='ltr'><strong>Alexandriae.</strong></span> 
     </span>
    </p>
   </div>
   <div class='ocr_carea' id='block_1_49' title="bbox 1860 1989 3365 2062">
    <p class='ocr_par' dir='ltr' id='par_1_49' title="bbox 1860 1989 3365 2062">
     <span class='ocr_line' id='line_1_50' title="bbox 1860 1989 3365 2062; baseline -0.001 -16"><span class='ocrx_word' id='word_1_363' title='bbox 1860 1995 1909 2046; x_wconf 81' lang='lat' dir='ltr'><strong>l.</strong></span> <span class='ocrx_word' id='word_1_364' title='bbox 1952 1991 2124 2058; x_wconf 86' lang='lat' dir='ltr'><strong>Quam</strong></span> <span class='ocrx_word' id='word_1_365' title='bbox 2173 1989 2378 2046; x_wconf 91' lang='lat' dir='ltr'><strong>dudum</strong></span> <span class='ocrx_word' id='word_1_366' title='bbox 2435 1991 2502 2045; x_wconf 91' lang='lat' dir='ltr'><strong>de</strong></span> <span class='ocrx_word' id='word_1_367' title='bbox 2547 2000 2639 2046; x_wconf 81' lang='lat' dir='ltr'><strong>tua</strong></span> <span class='ocrx_word' id='word_1_368' title='bbox 2685 1991 3000 2061; x_wconf 67' lang='lat' dir='ltr'><strong>praestantia</strong></span> <span class='ocrx_word' id='word_1_369' title='bbox 3053 1992 3365 2062; x_wconf 86' lang='lat' dir='ltr'><strong>opinionem</strong></span> 
     </span>
    </p>
   </div>
   <div class='ocr_carea' id='block_1_50' title="bbox 1789 2083 3368 2154">
    <p class='ocr_par' dir='ltr' id='par_1_50' title="bbox 1789 2083 3368 2154">
     <span class='ocr_line' id='line_1_51' title="bbox 1789 2083 3368 2154; baseline -0.001 -16"><span class='ocrx_word' id='word_1_370' title='bbox 1789 2085 2051 2140; x_wconf 90' lang='lat' dir='ltr'><strong>habemus</strong></span> <span class='ocrx_word' id='word_1_371' title='bbox 2079 2125 2095 2150; x_wconf 88' lang='lat'><strong>,</strong></span> <span class='ocrx_word' id='word_1_372' title='bbox 2153 2099 2274 2139; x_wconf 87' lang='lat' dir='ltr'><strong>eam</strong></span> <span class='ocrx_word' id='word_1_373' title='bbox 2309 2091 2523 2154; x_wconf 86' lang='lat' dir='ltr'><strong>tempus</strong></span> <span class='ocrx_word' id='word_1_374' title='bbox 2574 2083 2930 2153; x_wconf 80' lang='lat' dir='ltr'><strong>progrediens</strong></span> <span class='ocrx_word' id='word_1_375' title='bbox 2980 2098 3195 2153; x_wconf 87' lang='lat' dir='ltr'><strong>semper</strong></span> <span class='ocrx_word' id='word_1_376' title='bbox 3233 2098 3368 2138; x_wconf 90' lang='lat' dir='ltr'><strong>con-</strong></span> 
     </span>
    </p>
   </div>
   <div class='ocr_carea' id='block_1_51' title="bbox 1789 2171 3367 2244">
    <p class='ocr_par' dir='ltr' id='par_1_51' title="bbox 1789 2171 3367 2244">
     <span class='ocr_line' id='line_1_52' title="bbox 1789 2171 3367 2244; baseline 0 -16"><span class='ocrx_word' id='word_1_377' title='bbox 1789 2175 2010 2228; x_wconf 84' lang='lat' dir='ltr'><strong>ﬁrmat:</strong></span> <span class='ocrx_word' id='word_1_378' title='bbox 2067 2174 2152 2229; x_wconf 91' lang='lat' dir='ltr'><strong>vel</strong></span> <span class='ocrx_word' id='word_1_379' title='bbox 2213 2173 2396 2243; x_wconf 89' lang='lat' dir='ltr'><strong>potius</strong></span> <span class='ocrx_word' id='word_1_380' title='bbox 2449 2171 2612 2228; x_wconf 87' lang='lat' dir='ltr'><strong>simul</strong></span> <span class='ocrx_word' id='word_1_381' title='bbox 2664 2173 2867 2228; x_wconf 84' lang='lat' dir='ltr'><strong>crescit</strong></span> <span class='ocrx_word' id='word_1_382' title='bbox 2911 2187 2978 2228; x_wconf 84' lang='lat' dir='ltr'><strong>ex</strong></span> <span class='ocrx_word' id='word_1_383' title='bbox 3023 2189 3212 2228; x_wconf 89' lang='lat' dir='ltr'><strong>eorum</strong></span> <span class='ocrx_word' id='word_1_384' title='bbox 3244 2189 3367 2244; x_wconf 62' lang='lat' dir='ltr'><strong>quae</strong></span> 
     </span>
    </p>
   </div>
   <div class='ocr_carea' id='block_1_52' title="bbox 1789 2264 3366 2337">
    <p class='ocr_par' dir='ltr' id='par_1_52' title="bbox 1789 2264 3366 2337">
     <span class='ocr_line' id='line_1_53' title="bbox 1789 2264 3366 2337; baseline -0.001 -16"><span class='ocrx_word' id='word_1_385' title='bbox 1789 2267 2102 2337; x_wconf 80' lang='lat' dir='ltr'><strong>singulatim</strong></span> <span class='ocrx_word' id='word_1_386' title='bbox 2187 2265 2323 2320; x_wconf 86' lang='lat' dir='ltr'><strong>ﬁunt</strong></span> <span class='ocrx_word' id='word_1_387' title='bbox 2389 2264 2822 2322; x_wconf 90' lang='lat' dir='ltr'><strong>accessionibus.</strong></span> <span class='ocrx_word' id='word_1_388' title='bbox 2898 2264 3032 2319; x_wconf 87' lang='lat' dir='ltr'><strong>Nam</strong></span> <span class='ocrx_word' id='word_1_389' title='bbox 3091 2267 3366 2336; x_wconf 88' lang='lat' dir='ltr'><strong>plerisque</strong></span> 
     </span>
    </p>
   </div>
   <div class='ocr_carea' id='block_1_53' title="bbox 1789 2356 3361 2426">
    <p class='ocr_par' dir='ltr' id='par_1_53' title="bbox 1789 2356 3361 2426">
     <span class='ocr_line' id='line_1_54' title="bbox 1789 2356 3361 2426; baseline 0 -16"><span class='ocrx_word' id='word_1_390' title='bbox 1789 2358 1910 2412; x_wconf 86' lang='lat' dir='ltr'><strong>aliis</strong></span> <span class='ocrx_word' id='word_1_391' title='bbox 1943 2356 2078 2412; x_wconf 88' lang='lat' dir='ltr'><strong>satis</strong></span> <span class='ocrx_word' id='word_1_392' title='bbox 2107 2363 2191 2411; x_wconf 88' lang='lat' dir='ltr'><strong>est</strong></span> <span class='ocrx_word' id='word_1_393' title='bbox 2213 2371 2312 2411; x_wconf 91' lang='lat' dir='ltr'><strong>sua</strong></span> <span class='ocrx_word' id='word_1_394' title='bbox 2340 2356 2610 2426; x_wconf 89' lang='lat' dir='ltr'><strong>cujusque</strong></span> <span class='ocrx_word' id='word_1_395' title='bbox 2638 2356 2861 2426; x_wconf 89' lang='lat' dir='ltr'><strong>propria</strong></span> <span class='ocrx_word' id='word_1_396' title='bbox 2892 2356 3318 2426; x_wconf 85' lang='lat' dir='ltr'><strong>circumspicere</strong></span> <span class='ocrx_word' id='word_1_397' title='bbox 3345 2376 3361 2410; x_wconf 90' lang='lat'><strong>:</strong></span> 
     </span>
    </p>
   </div>
   <div class='ocr_carea' id='block_1_54' title="bbox 1787 2446 3362 2511">
    <p class='ocr_par' dir='ltr' id='par_1_54' title="bbox 1787 2446 3362 2511">
     <span class='ocr_line' id='line_1_55' title="bbox 1787 2446 3362 2511; baseline 0.001 -10"><span class='ocrx_word' id='word_1_398' title='bbox 1787 2449 1884 2504; x_wconf 89' lang='lat' dir='ltr'><strong>tibi</strong></span> <span class='ocrx_word' id='word_1_399' title='bbox 1921 2463 2050 2503; x_wconf 88' lang='lat' dir='ltr'><strong>vero</strong></span> <span class='ocrx_word' id='word_1_400' title='bbox 2090 2447 2143 2502; x_wconf 88' lang='lat' dir='ltr'><strong>id</strong></span> <span class='ocrx_word' id='word_1_401' title='bbox 2194 2448 2328 2503; x_wconf 89' lang='lat' dir='ltr'><strong>satis</strong></span> <span class='ocrx_word' id='word_1_402' title='bbox 2377 2461 2489 2502; x_wconf 91' lang='lat' dir='ltr'><strong>non</strong></span> <span class='ocrx_word' id='word_1_403' title='bbox 2539 2455 2665 2511; x_wconf 88' lang='lat' dir='ltr'><strong>est,</strong></span> <span class='ocrx_word' id='word_1_404' title='bbox 2712 2446 2806 2503; x_wconf 90' lang='lat' dir='ltr'><strong>sed</strong></span> <span class='ocrx_word' id='word_1_405' title='bbox 2853 2455 3002 2500; x_wconf 90' lang='lat' dir='ltr'><strong>tanta</strong></span> <span class='ocrx_word' id='word_1_406' title='bbox 3057 2447 3200 2502; x_wconf 89' lang='lat' dir='ltr'><strong>inest</strong></span> <span class='ocrx_word' id='word_1_407' title='bbox 3261 2448 3362 2502; x_wconf 89' lang='lat' dir='ltr'><strong>tibi</strong></span> 
     </span>
    </p>
   </div>
   <div class='ocr_carea' id='block_1_55' title="bbox 1789 2538 3367 2610">
    <p class='ocr_par' dir='ltr' id='par_1_55' title="bbox 1789 2538 3367 2610">
     <span class='ocr_line' id='line_1_56' title="bbox 1789 2538 3367 2610; baseline 0.001 -17"><span class='ocrx_word' id='word_1_408' title='bbox 1789 2539 2031 2594; x_wconf 91' lang='lat' dir='ltr'><strong>omnium</strong></span> <span class='ocrx_word' id='word_1_409' title='bbox 2083 2538 2452 2594; x_wconf 84' lang='lat' dir='ltr'><strong>Ecclesiarum</strong></span> <span class='ocrx_word' id='word_1_410' title='bbox 2514 2552 2688 2601; x_wconf 90' lang='lat' dir='ltr'><strong>cura,</strong></span> <span class='ocrx_word' id='word_1_411' title='bbox 2732 2548 2938 2608; x_wconf 87' lang='lat' dir='ltr'><strong>quanta</strong></span> <span class='ocrx_word' id='word_1_412' title='bbox 2993 2539 3184 2603; x_wconf 89' lang='lat' dir='ltr'><strong>illius,</strong></span> <span class='ocrx_word' id='word_1_413' title='bbox 3244 2556 3367 2610; x_wconf 65' lang='lat' dir='ltr'><strong>quas</strong></span> 
     </span>
    </p>
   </div>
   <div class='ocr_carea' id='block_1_56' title="bbox 1790 2628 3367 2698">
    <p class='ocr_par' dir='ltr' id='par_1_56' title="bbox 1790 2628 3367 2698">
     <span class='ocr_line' id='line_1_57' title="bbox 1790 2628 3367 2698; baseline 0.003 -16"><span class='ocrx_word' id='word_1_414' title='bbox 1790 2629 2040 2698; x_wconf 80' lang='lat' dir='ltr'><strong>privatim</strong></span> <span class='ocrx_word' id='word_1_415' title='bbox 2071 2629 2230 2683; x_wconf 89' lang='lat' dir='ltr'><strong>tibia</strong></span> <span class='ocrx_word' id='word_1_416' title='bbox 2271 2629 2550 2682; x_wconf 90' lang='lat' dir='ltr'><strong>communi</strong></span> <span class='ocrx_word' id='word_1_417' title='bbox 2607 2638 2798 2684; x_wconf 87' lang='lat' dir='ltr'><strong>nostro</strong></span> <span class='ocrx_word' id='word_1_418' title='bbox 2847 2628 3080 2685; x_wconf 89' lang='lat' dir='ltr'><strong>Domino</strong></span> <span class='ocrx_word' id='word_1_419' title='bbox 3139 2647 3367 2687; x_wconf 90' lang='lat' dir='ltr'><strong>concre-</strong></span> 
     </span>
    </p>
   </div>
   <div class='ocr_carea' id='block_1_57' title="bbox 1791 2720 3367 2791">
    <p class='ocr_par' dir='ltr' id='par_1_57' title="bbox 1791 2720 3367 2791">
     <span class='ocr_line' id='line_1_58' title="bbox 1791 2720 3367 2791; baseline 0.003 -17"><span class='ocrx_word' id='word_1_420' title='bbox 1791 2721 1902 2774; x_wconf 88' lang='lat' dir='ltr'><strong>dita</strong></span> <span class='ocrx_word' id='word_1_421' title='bbox 1937 2729 2021 2775; x_wconf 90' lang='lat' dir='ltr'><strong>est</strong></span> <span class='ocrx_word' id='word_1_422' title='bbox 2050 2736 2062 2771; x_wconf 90' lang='lat'>:</span> <span class='ocrx_word' id='word_1_423' title='bbox 2094 2720 2299 2790; x_wconf 90' lang='lat' dir='ltr'><strong>quippe</strong></span> <span class='ocrx_word' id='word_1_424' title='bbox 2341 2722 2436 2790; x_wconf 86' lang='lat' dir='ltr'><strong>qui</strong></span> <span class='ocrx_word' id='word_1_425' title='bbox 2492 2721 2705 2774; x_wconf 91' lang='lat' dir='ltr'><strong>nullum</strong></span> <span class='ocrx_word' id='word_1_426' title='bbox 2757 2731 2974 2791; x_wconf 87' lang='lat' dir='ltr'><strong>tempus</strong></span> <span class='ocrx_word' id='word_1_427' title='bbox 3030 2724 3367 2779; x_wconf 79' lang='lat' dir='ltr'><strong>intermittas</strong></span> 
     </span>
    </p>
   </div>
   <div class='ocr_carea' id='block_1_58' title="bbox 1791 2810 3367 2876">
    <p class='ocr_par' dir='ltr' id='par_1_58' title="bbox 1791 2810 3367 2876">
     <span class='ocr_line' id='line_1_59' title="bbox 1791 2810 3367 2876; baseline 0.003 -11"><span class='ocrx_word' id='word_1_428' title='bbox 1791 2810 2118 2875; x_wconf 88' lang='lat' dir='ltr'><strong>disserendi,</strong></span> <span class='ocrx_word' id='word_1_429' title='bbox 2147 2812 2495 2876; x_wconf 89' lang='lat' dir='ltr'><strong>admonendi,</strong></span> <span class='ocrx_word' id='word_1_430' title='bbox 2544 2813 2822 2868; x_wconf 88' lang='lat' dir='ltr'><strong>scribendi</strong></span> <span class='ocrx_word' id='word_1_431' title='bbox 2878 2829 2943 2868; x_wconf 89' lang='lat' dir='ltr'><strong>ac</strong></span> <span class='ocrx_word' id='word_1_432' title='bbox 2974 2815 3206 2869; x_wconf 88' lang='lat' dir='ltr'><strong>subinde</strong></span> <span class='ocrx_word' id='word_1_433' title='bbox 3239 2816 3367 2869; x_wconf 86' lang='lat' dir='ltr'><strong>mit-</strong></span> 
     </span>
    </p>
   </div>
   <div class='ocr_carea' id='block_1_59' title="bbox 1792 2905 3366 2978">
    <p class='ocr_par' dir='ltr' id='par_1_59' title="bbox 1792 2905 3366 2978">
     <span class='ocr_line' id='line_1_60' title="bbox 1792 2905 3366 2978; baseline 0.002 -21"><span class='ocrx_word' id='word_1_434' title='bbox 1792 2905 1960 2969; x_wconf 89' lang='lat' dir='ltr'><strong>tendi,</strong></span> <span class='ocrx_word' id='word_1_435' title='bbox 1993 2905 2086 2972; x_wconf 90' lang='lat' dir='ltr'><strong>qui</strong></span> <span class='ocrx_word' id='word_1_436' title='bbox 2117 2905 2321 2973; x_wconf 87' lang='lat' dir='ltr'><strong>optima</strong></span> <span class='ocrx_word' id='word_1_437' title='bbox 2352 2913 2756 2961; x_wconf 89' lang='lat' dir='ltr'><strong>commoneant.</strong></span> <span class='ocrx_word' id='word_1_438' title='bbox 2795 2907 2950 2978; x_wconf 73' lang='lat'><strong>162</strong></span> <span class='ocrx_word' id='word_1_439' title='bbox 3010 2907 3188 2977; x_wconf 80' lang='lat' dir='ltr'><strong>Atque</strong></span> <span class='ocrx_word' id='word_1_440' title='bbox 3217 2923 3366 2962; x_wconf 88' lang='lat' dir='ltr'><strong>nunc</strong></span> 
     </span>
    </p>
   </div>
   <div class='ocr_carea' id='block_1_60' title="bbox 1789 2996 3367 3066">
    <p class='ocr_par' dir='ltr' id='par_1_60' title="bbox 1789 2996 3367 3066">
     <span class='ocr_line' id='line_1_61' title="bbox 1789 2996 3367 3066; baseline 0.003 -14"><span class='ocrx_word' id='word_1_441' title='bbox 1789 2998 1953 3052; x_wconf 88' lang='lat' dir='ltr'><strong>etiam</strong></span> <span class='ocrx_word' id='word_1_442' title='bbox 2001 2996 2224 3066; x_wconf 86' lang='lat' dir='ltr'><strong>dignum</strong></span> <span class='ocrx_word' id='word_1_443' title='bbox 2282 2996 2433 3050; x_wconf 91' lang='lat' dir='ltr'><strong>omni</strong></span> <span class='ocrx_word' id='word_1_444' title='bbox 2493 2997 2703 3052; x_wconf 89' lang='lat' dir='ltr'><strong>honore</strong></span> <span class='ocrx_word' id='word_1_445' title='bbox 2759 2996 2985 3053; x_wconf 75' lang='lat' dir='ltr'><strong>fratrem</strong></span> <span class='ocrx_word' id='word_1_446' title='bbox 3051 2999 3270 3054; x_wconf 86' lang='lat' dir='ltr'><strong>Petrum</strong></span> <span class='ocrx_word' id='word_1_447' title='bbox 3335 3017 3367 3056; x_wconf 87' lang='lat' dir='ltr'><strong>e</strong></span> 
     </span>
    </p>
   </div>
   <div class='ocr_carea' id='block_1_61' title="bbox 1793 3088 3368 3164">
    <p class='ocr_par' dir='ltr' id='par_1_61' title="bbox 1793 3088 3368 3164">
     <span class='ocr_line' id='line_1_62' title="bbox 1793 3088 3368 3164; baseline 0.003 -20"><span class='ocrx_word' id='word_1_448' title='bbox 1793 3105 1950 3144; x_wconf 84' lang='lat' dir='ltr'><strong>sacro</strong></span> <span class='ocrx_word' id='word_1_449' title='bbox 1979 3090 2110 3144; x_wconf 87' lang='lat' dir='ltr'><strong>Cleri</strong></span> <span class='ocrx_word' id='word_1_450' title='bbox 2166 3088 2241 3142; x_wconf 89' lang='lat' dir='ltr'><strong>tui</strong></span> <span class='ocrx_word' id='word_1_451' title='bbox 2291 3096 2440 3143; x_wconf 69' lang='lat' dir='ltr'><strong>cmtu</strong></span> <span class='ocrx_word' id='word_1_452' title='bbox 2486 3090 2714 3146; x_wconf 90' lang='lat' dir='ltr'><strong>missum</strong></span> <span class='ocrx_word' id='word_1_453' title='bbox 2771 3091 2945 3145; x_wconf 86' lang='lat' dir='ltr'><strong>multo</strong></span> <span class='ocrx_word' id='word_1_454' title='bbox 2995 3108 3118 3146; x_wconf 91' lang='lat' dir='ltr'><strong>cum</strong></span> <span class='ocrx_word' id='word_1_455' title='bbox 3166 3095 3368 3164; x_wconf 77' lang='lat' dir='ltr'><strong>gaudio</strong></span> 
     </span>
    </p>
   </div>
   <div class='ocr_carea' id='block_1_62' title="bbox 1791 3179 3371 3251">
    <p class='ocr_par' dir='ltr' id='par_1_62' title="bbox 1791 3179 3371 3251">
     <span class='ocr_line' id='line_1_63' title="bbox 1791 3179 3371 3251; baseline 0.001 -16"><span class='ocrx_word' id='word_1_456' title='bbox 1791 3181 2129 3250; x_wconf 81' lang='lat' dir='ltr'><strong>excepimus,</strong></span> <span class='ocrx_word' id='word_1_457' title='bbox 2157 3185 2210 3232; x_wconf 79' lang='lat' dir='ltr'><strong>et</strong></span> <span class='ocrx_word' id='word_1_458' title='bbox 2266 3179 2470 3233; x_wconf 90' lang='lat' dir='ltr'><strong>bonum</strong></span> <span class='ocrx_word' id='word_1_459' title='bbox 2515 3179 2974 3250; x_wconf 78' lang='lat' dir='ltr'><strong>peregrinationis</strong></span> <span class='ocrx_word' id='word_1_460' title='bbox 3017 3181 3190 3251; x_wconf 85' lang='lat' dir='ltr'><strong>ipsius</strong></span> <span class='ocrx_word' id='word_1_461' title='bbox 3237 3199 3371 3238; x_wconf 87' lang='lat' dir='ltr'><strong>con-</strong></span> 
     </span>
    </p>
   </div>
   <div class='ocr_carea' id='block_1_63' title="bbox 100 3266 1688 3345">
    <p class='ocr_par' dir='ltr' id='par_1_63' title="bbox 100 3271 1688 3345">
     <span class='ocr_line' id='line_1_64' title="bbox 100 3271 1688 3345; baseline -0.003 -17"><span class='ocrx_word' id='word_1_462' title='bbox 100 3273 420 3345; x_wconf 75' lang='grc' dir='ltr'>ἀποδημίας</span> <span class='ocrx_word' id='word_1_463' title='bbox 452 3272 652 3325; x_wconf 69' lang='grc' dir='ltr'>σκοπὸν</span> <span class='ocrx_word' id='word_1_464' title='bbox 697 3271 804 3344; x_wconf 80' lang='grc'><strong>(65)</strong></span> <span class='ocrx_word' id='word_1_465' title='bbox 838 3271 1217 3344; x_wconf 77' lang='grc' dir='ltr'><strong>ἀπεδεξάμεθα</strong></span> <span class='ocrx_word' id='word_1_466' title='bbox 1241 3311 1256 3336; x_wconf 94' lang='grc'><strong>,</strong></span> <span class='ocrx_word' id='word_1_467' title='bbox 1291 3274 1349 3325; x_wconf 79' lang='grc' dir='ltr'><strong>ὃν</strong></span> <span class='ocrx_word' id='word_1_468' title='bbox 1386 3274 1688 3326; x_wconf 82' lang='grc' dir='ltr'>ἐπιδείκνυ-</span> 
     </span>
    </p>
   </div>
   <div class='ocr_carea' id='block_1_64' title="bbox 1795 3266 3372 3345">
    <p class='ocr_par' dir='ltr' id='par_1_64' title="bbox 1795 3269 3372 3342">
     <span class='ocr_line' id='line_1_65' title="bbox 1795 3269 3372 3342; baseline 0.003 -18"><span class='ocrx_word' id='word_1_469' title='bbox 1795 3271 1972 3324; x_wconf 89' lang='lat' dir='ltr'><strong>silium</strong></span> <span class='ocrx_word' id='word_1_470' title='bbox 2030 3269 2419 3334; x_wconf 87' lang='lat' dir='ltr'><strong>laudavimus,</strong></span> <span class='ocrx_word' id='word_1_471' title='bbox 2489 3271 2633 3340; x_wconf 92' lang='lat' dir='ltr'><strong>quod</strong></span> <span class='ocrx_word' id='word_1_472' title='bbox 2693 3273 2914 3342; x_wconf 91' lang='lat' dir='ltr'><strong>quidem</strong></span> <span class='ocrx_word' id='word_1_473' title='bbox 2976 3288 3088 3342; x_wconf 91' lang='lat' dir='ltr'><strong>prae</strong></span> <span class='ocrx_word' id='word_1_474' title='bbox 3159 3290 3219 3330; x_wconf 89' lang='lat' dir='ltr'><strong>se</strong></span> <span class='ocrx_word' id='word_1_475' title='bbox 3265 3275 3372 3330; x_wconf 78' lang='lat' dir='ltr'><strong>fert</strong></span> 
     </span>
    </p>
   </div>
   <div class='ocr_carea' id='block_1_65' title="bbox 99 3362 1687 3434">
    <p class='ocr_par' dir='ltr' id='par_1_65' title="bbox 99 3362 1687 3434">
     <span class='ocr_line' id='line_1_66' title="bbox 99 3362 1687 3434; baseline -0.002 -16"><span class='ocrx_word' id='word_1_476' title='bbox 99 3381 195 3418; x_wconf 82' lang='grc' dir='ltr'><strong>ται</strong></span> <span class='ocrx_word' id='word_1_477' title='bbox 239 3364 366 3419; x_wconf 84' lang='grc' dir='ltr'>κατ’</span> <span class='ocrx_word' id='word_1_478' title='bbox 412 3363 630 3425; x_wconf 83' lang='grc' dir='ltr'>ἐντολὰς</span> <span class='ocrx_word' id='word_1_479' title='bbox 660 3363 758 3434; x_wconf 88' lang='grc' dir='ltr'>τῆς</span> <span class='ocrx_word' id='word_1_480' title='bbox 816 3364 915 3433; x_wconf 82' lang='grc' dir='ltr'>σῆς</span> <span class='ocrx_word' id='word_1_481' title='bbox 961 3362 1306 3434; x_wconf 85' lang='grc' dir='ltr'>τιμιότητος,</span> <span class='ocrx_word' id='word_1_482' title='bbox 1336 3363 1407 3417; x_wconf 79' lang='grc' dir='ltr'>τὰ</span> <span class='ocrx_word' id='word_1_483' title='bbox 1459 3365 1687 3418; x_wconf 82' lang='grc' dir='ltr'>ἀντιτεί-</span> 
     </span>
    </p>
   </div>
   <div class='ocr_carea' id='block_1_66' title="bbox 99 3453 1686 3526">
    <p class='ocr_par' dir='ltr' id='par_1_66' title="bbox 99 3453 1686 3526">
     <span class='ocr_line' id='line_1_67' title="bbox 99 3453 1686 3526; baseline -0.001 -16"><span class='ocrx_word' id='word_1_484' title='bbox 99 3473 263 3510; x_wconf 81' lang='grc' dir='ltr'>νοντα</span> <span class='ocrx_word' id='word_1_485' title='bbox 291 3455 701 3525; x_wconf 76' lang='grc' dir='ltr'>προσαγόμενος</span> <span class='ocrx_word' id='word_1_486' title='bbox 721 3494 736 3517; x_wconf 93' lang='grc'><strong>,</strong></span> <span class='ocrx_word' id='word_1_487' title='bbox 764 3456 856 3507; x_wconf 80' lang='grc' dir='ltr'>καὶ</span> <span class='ocrx_word' id='word_1_488' title='bbox 882 3453 952 3507; x_wconf 82' lang='grc' dir='ltr'><strong>τὰ</strong></span> <span class='ocrx_word' id='word_1_489' title='bbox 975 3455 1344 3526; x_wconf 80' lang='grc' dir='ltr'>διεσπασμένα</span> <span class='ocrx_word' id='word_1_490' title='bbox 1382 3456 1686 3509; x_wconf 77' lang='grc' dir='ltr'>συνάπτων.</span> 
     </span>
    </p>
   </div>
   <div class='ocr_carea' id='block_1_67' title="bbox 104 3542 1686 3614">
    <p class='ocr_par' dir='ltr' id='par_1_67' title="bbox 104 3542 1686 3614">
     <span class='ocr_line' id='line_1_68' title="bbox 104 3542 1686 3614; baseline -0.004 -14"><span class='ocrx_word' id='word_1_491' title='bbox 104 3545 271 3601; x_wconf 83' lang='grc' dir='ltr'>Ὅθεν</span> <span class='ocrx_word' id='word_1_492' title='bbox 299 3563 350 3598; x_wconf 85' lang='grc' dir='ltr'><strong>τι</strong></span> <span class='ocrx_word' id='word_1_493' title='bbox 375 3545 469 3596; x_wconf 76' lang='grc' dir='ltr'>καὶ</span> <span class='ocrx_word' id='word_1_494' title='bbox 504 3545 664 3613; x_wconf 86' lang='grc' dir='ltr'>ἡμεῖς</span> <span class='ocrx_word' id='word_1_495' title='bbox 693 3542 1066 3614; x_wconf 81' lang='grc' dir='ltr'>συμϐαλέσθαι</span> <span class='ocrx_word' id='word_1_496' title='bbox 1093 3545 1160 3613; x_wconf 80' lang='grc' dir='ltr'>τῇ</span> <span class='ocrx_word' id='word_1_497' title='bbox 1191 3543 1316 3614; x_wconf 79' lang='grc' dir='ltr'>περὶ</span> <span class='ocrx_word' id='word_1_498' title='bbox 1340 3543 1497 3595; x_wconf 81' lang='grc' dir='ltr'>τοῦτο</span> <span class='ocrx_word' id='word_1_499' title='bbox 1523 3559 1686 3595; x_wconf 87' lang='grc' dir='ltr'>σπου-</span> 
     </span>
    </p>
   </div>
   <div class='ocr_carea' id='block_1_68' title="bbox 99 3634 1688 3711">
    <p class='ocr_par' dir='ltr' id='par_1_68' title="bbox 99 3634 1688 3711">
     <span class='ocr_line' id='line_1_69' title="bbox 99 3634 1688 3711; baseline -0.001 -25"><span class='ocrx_word' id='word_1_500' title='bbox 99 3637 168 3710; x_wconf 77' lang='grc' dir='ltr'>δῇ</span> <span class='ocrx_word' id='word_1_501' title='bbox 202 3636 593 3711; x_wconf 57' lang='grc' dir='ltr'>βουλῃθὲντες,</span> <span class='ocrx_word' id='word_1_502' title='bbox 647 3635 977 3704; x_wconf 82' lang='grc' dir='ltr'>ἐνομίσαμεν</span> <span class='ocrx_word' id='word_1_503' title='bbox 1026 3634 1467 3704; x_wconf 80' lang='grc' dir='ltr'>ἐπιτηδειοτάτην</span> <span class='ocrx_word' id='word_1_504' title='bbox 1517 3635 1688 3704; x_wconf 86' lang='grc' dir='ltr'>ἀρχὴν</span> 
     </span>
    </p>
   </div>
   <div class='ocr_carea' id='block_1_69' title="bbox 99 3724 1687 3801">
    <p class='ocr_par' dir='ltr' id='par_1_69' title="bbox 99 3724 1687 3801">
     <span class='ocr_line' id='line_1_70' title="bbox 99 3724 1687 3801; baseline -0.004 -19"><span class='ocrx_word' id='word_1_505' title='bbox 99 3733 216 3793; x_wconf 79' lang='grc' dir='ltr'>τοῖς</span> <span class='ocrx_word' id='word_1_506' title='bbox 247 3729 540 3801; x_wconf 75' lang='grc' dir='ltr'>πράγμασι</span> <span class='ocrx_word' id='word_1_507' title='bbox 570 3725 796 3790; x_wconf 83' lang='grc' dir='ltr'>δώσειν,</span> <span class='ocrx_word' id='word_1_508' title='bbox 834 3728 881 3778; x_wconf 80' lang='grc' dir='ltr'>εἰ</span> <span class='ocrx_word' id='word_1_509' title='bbox 902 3766 915 3789; x_wconf 93' lang='grc'><strong>,</strong></span> <span class='ocrx_word' id='word_1_510' title='bbox 953 3724 1141 3795; x_wconf 84' lang='grc' dir='ltr'>ὥσπερ</span> <span class='ocrx_word' id='word_1_511' title='bbox 1180 3725 1273 3778; x_wconf 77' lang='grc' dir='ltr'><strong>ἐπὶ</strong></span> <span class='ocrx_word' id='word_1_512' title='bbox 1309 3725 1552 3794; x_wconf 67' lang='grc' dir='ltr'>κορυφὴν</span> <span class='ocrx_word' id='word_1_513' title='bbox 1580 3724 1687 3777; x_wconf 82' lang='grc' dir='ltr'><strong>τῶν</strong></span> 
     </span>
    </p>
   </div>
   <div class='ocr_carea' id='block_1_70' title="bbox 99 3817 1687 3890">
    <p class='ocr_par' dir='ltr' id='par_1_70' title="bbox 99 3817 1687 3890">
     <span class='ocr_line' id='line_1_71' title="bbox 99 3817 1687 3890; baseline -0.003 -16"><span class='ocrx_word' id='word_1_514' title='bbox 99 3822 241 3874; x_wconf 77' lang='grc' dir='ltr'>ὅλων</span> <span class='ocrx_word' id='word_1_515' title='bbox 267 3863 283 3886; x_wconf 86' lang='grc'><strong>,</strong></span> <span class='ocrx_word' id='word_1_516' title='bbox 335 3820 436 3890; x_wconf 82' lang='grc' dir='ltr'><strong>τὴν</strong></span> <span class='ocrx_word' id='word_1_517' title='bbox 489 3819 586 3889; x_wconf 79' lang='grc' dir='ltr'>σὴν</span> <span class='ocrx_word' id='word_1_518' title='bbox 619 3817 1022 3888; x_wconf 85' lang='grc' dir='ltr'>ἀναδράμοιμεν</span> <span class='ocrx_word' id='word_1_519' title='bbox 1067 3817 1413 3887; x_wconf 87' lang='grc' dir='ltr'>τελειότητα,</span> <span class='ocrx_word' id='word_1_520' title='bbox 1466 3818 1560 3869; x_wconf 85' lang='grc' dir='ltr'><strong>καὶ</strong></span> <span class='ocrx_word' id='word_1_521' title='bbox 1607 3817 1687 3869; x_wconf 76' lang='grc' dir='ltr'><strong>σοὶ</strong></span> 
     </span>
    </p>
   </div>
   <div class='ocr_carea' id='block_1_71' title="bbox 104 3907 1683 3984">
    <p class='ocr_par' dir='ltr' id='par_1_71' title="bbox 104 3907 1683 3984">
     <span class='ocr_line' id='line_1_72' title="bbox 104 3907 1683 3984; baseline -0.005 -17"><span class='ocrx_word' id='word_1_522' title='bbox 104 3912 402 3984; x_wconf 69' lang='grc' dir='ltr'>συμϐούλῳ</span> <span class='ocrx_word' id='word_1_523' title='bbox 433 3927 493 3964; x_wconf 88' lang='grc' dir='ltr'><strong>τε</strong></span> <span class='ocrx_word' id='word_1_524' title='bbox 528 3909 877 3982; x_wconf 85' lang='grc' dir='ltr'>χρησαίμεθα</span> <span class='ocrx_word' id='word_1_525' title='bbox 903 3910 996 3962; x_wconf 76' lang='grc' dir='ltr'><strong>καὶ</strong></span> <span class='ocrx_word' id='word_1_526' title='bbox 1027 3909 1256 3980; x_wconf 81' lang='grc' dir='ltr'>ἡγεμόνι</span> <span class='ocrx_word' id='word_1_527' title='bbox 1279 3907 1388 3961; x_wconf 84' lang='grc' dir='ltr'><strong>τῶν</strong></span> <span class='ocrx_word' id='word_1_528' title='bbox 1416 3908 1683 3980; x_wconf 79' lang='grc' dir='ltr'>πράξεων.</span> 
     </span>
    </p>
   </div>
   <div class='ocr_carea' id='block_1_72' title="bbox 101 3998 1688 4072">
    <p class='ocr_par' dir='ltr' id='par_1_72' title="bbox 101 3998 1688 4072">
     <span class='ocr_line' id='line_1_73' title="bbox 101 3998 1688 4072; baseline -0.007 -12"><span class='ocrx_word' id='word_1_529' title='bbox 101 4005 272 4060; x_wconf 85' lang='grc' dir='ltr'>⁹Οθεν</span> <span class='ocrx_word' id='word_1_530' title='bbox 312 4005 408 4057; x_wconf 78' lang='grc' dir='ltr'><strong>καὶ</strong></span> <span class='ocrx_word' id='word_1_531' title='bbox 453 4003 545 4057; x_wconf 80' lang='grc' dir='ltr'>τὸν</span> <span class='ocrx_word' id='word_1_532' title='bbox 583 4001 808 4071; x_wconf 72' lang='grc' dir='ltr'>ἀδελφὸν</span> <span class='ocrx_word' id='word_1_533' title='bbox 847 4000 1122 4072; x_wconf 82' lang='grc' dir='ltr'>Δωρόθεον</span> <span class='ocrx_word' id='word_1_534' title='bbox 1153 3999 1264 4070; x_wconf 83' lang='grc'><strong>(66)</strong></span> <span class='ocrx_word' id='word_1_535' title='bbox 1311 3999 1402 4052; x_wconf 83' lang='grc' dir='ltr'><strong>τὸν</strong></span> <span class='ocrx_word' id='word_1_536' title='bbox 1447 3998 1688 4051; x_wconf 84' lang='grc' dir='ltr'>διάκονον</span> 
     </span>
    </p>
   </div>
   <div class='ocr_carea' id='block_1_73' title="bbox 99 4088 1684 4166">
    <p class='ocr_par' dir='ltr' id='par_1_73' title="bbox 99 4088 1684 4166">
     <span class='ocr_line' id='line_1_74' title="bbox 99 4088 1684 4166; baseline -0.006 -17"><span class='ocrx_word' id='word_1_537' title='bbox 99 4095 201 4166; x_wconf 74' lang='grc' dir='ltr'>τῆς</span> <span class='ocrx_word' id='word_1_538' title='bbox 230 4093 343 4148; x_wconf 74' lang='grc' dir='ltr'>ὑπὺ</span> <span class='ocrx_word' id='word_1_539' title='bbox 368 4091 462 4147; x_wconf 80' lang='grc' dir='ltr'>τὸν</span> <span class='ocrx_word' id='word_1_540' title='bbox 486 4088 810 4162; x_wconf 78' lang='grc' dir='ltr'>τιμιώτατον</span> <span class='ocrx_word' id='word_1_541' title='bbox 845 4089 1140 4142; x_wconf 73' lang='grc' dir='ltr'>ἐπίσκοπον</span> <span class='ocrx_word' id='word_1_542' title='bbox 1164 4088 1424 4143; x_wconf 81' lang='grc' dir='ltr'>Μελέτιον</span> <span class='ocrx_word' id='word_1_543' title='bbox 1463 4088 1684 4162; x_wconf 81' lang='grc' dir='ltr'>Ἐκκλη-</span> 
     </span>
    </p>
   </div>
   <div class='ocr_carea' id='block_1_74' title="bbox 104 4181 1676 4256">
    <p class='ocr_par' dir='ltr' id='par_1_74' title="bbox 104 4181 1676 4256">
     <span class='ocr_line' id='line_1_75' title="bbox 104 4181 1676 4256; baseline -0.003 -17"><span class='ocrx_word' id='word_1_544' title='bbox 104 4189 228 4251; x_wconf 84' lang='grc' dir='ltr'>σίας</span> <span class='ocrx_word' id='word_1_545' title='bbox 254 4227 270 4250; x_wconf 95' lang='grc'><strong>,</strong></span> <span class='ocrx_word' id='word_1_546' title='bbox 305 4185 497 4256; x_wconf 84' lang='grc' dir='ltr'>ἀγαθῷ</span> <span class='ocrx_word' id='word_1_547' title='bbox 527 4185 864 4256; x_wconf 77' lang='grc' dir='ltr'>κεχρημένον</span> <span class='ocrx_word' id='word_1_548' title='bbox 913 4181 1038 4255; x_wconf 76' lang='grc' dir='ltr'>περὶ</span> <span class='ocrx_word' id='word_1_549' title='bbox 1067 4182 1166 4253; x_wconf 79' lang='grc' dir='ltr'>τὴν</span> <span class='ocrx_word' id='word_1_550' title='bbox 1197 4181 1298 4249; x_wconf 79' lang='grc' dir='ltr'>τῆς</span> <span class='ocrx_word' id='word_1_551' title='bbox 1335 4181 1567 4246; x_wconf 87' lang='grc' dir='ltr'>πίστεως</span> <span class='ocrx_word' id='word_1_552' title='bbox 1600 4183 1676 4252; x_wconf 88' lang='grc' dir='ltr'><strong>ὁρ-</strong></span> 
     </span>
    </p>
   </div>
   <div class='ocr_carea' id='block_1_75' title="bbox 101 4273 1687 4349">
    <p class='ocr_par' dir='ltr' id='par_1_75' title="bbox 101 4273 1687 4349">
     <span class='ocr_line' id='line_1_76' title="bbox 101 4273 1687 4349; baseline -0.004 -17"><span class='ocrx_word' id='word_1_553' title='bbox 101 4278 314 4349; x_wconf 72' lang='grc' dir='ltr'>θότητα</span> <span class='ocrx_word' id='word_1_554' title='bbox 341 4277 521 4348; x_wconf 84' lang='grc' dir='ltr'>ζήλῳ,</span> <span class='ocrx_word' id='word_1_555' title='bbox 562 4277 1051 4349; x_wconf 30' lang='grc' dir='ltr'>καίιὲπιθυμοῦντα</span> <span class='ocrx_word' id='word_1_556' title='bbox 1089 4273 1184 4328; x_wconf 72' lang='grc' dir='ltr'>καὶ</span> <span class='ocrx_word' id='word_1_557' title='bbox 1218 4273 1379 4327; x_wconf 78' lang='grc' dir='ltr'>αὐτὸν</span> <span class='ocrx_word' id='word_1_558' title='bbox 1409 4273 1505 4344; x_wconf 85' lang='grc' dir='ltr'>τὴν</span> <span class='ocrx_word' id='word_1_559' title='bbox 1536 4275 1687 4346; x_wconf 79' lang='grc' dir='ltr'>εἰρή-</span> 
     </span>
    </p>
   </div>
   <div class='ocr_carea' id='block_1_76' title="bbox 101 4344 1688 4440">
    <p class='ocr_par' dir='ltr' id='par_1_76' title="bbox 101 4344 1688 4440">
     <span class='ocr_line' id='line_1_77' title="bbox 101 4344 1688 4440; baseline -0.004 -16"><span class='ocrx_word' id='word_1_560' title='bbox 101 4389 202 4440; x_wconf 88' lang='grc' dir='ltr'><strong>νην</strong></span> <span class='ocrx_word' id='word_1_561' title='bbox 371 4344 706 4439; x_wconf 21' lang='grc' dir='ltr'>Ἓκῠκλησιιῖίν</span> <span class='ocrx_word' id='word_1_562' title='bbox 725 4344 942 4431; x_wconf 77' lang='grc' dir='ltr'>ἐπιδείν,</span> <span class='ocrx_word' id='word_1_563' title='bbox 972 4367 1108 4437; x_wconf 81' lang='grc' dir='ltr'>πρὸς</span> <span class='ocrx_word' id='word_1_564' title='bbox 1128 4365 1228 4438; x_wconf 81' lang='grc' dir='ltr'>τὴν</span> <span class='ocrx_word' id='word_1_565' title='bbox 1256 4363 1353 4437; x_wconf 82' lang='grc' dir='ltr'>σὴν</span> <span class='ocrx_word' id='word_1_566' title='bbox 1384 4344 1688 4418; x_wconf 83' lang='grc' dir='ltr'>θεοσέϐειαν</span> 
     </span>
    </p>
   </div>
   <div class='ocr_carea' id='block_1_77' title="bbox 100 4454 1690 4531">
    <p class='ocr_par' dir='ltr' id='par_1_77' title="bbox 100 4454 1690 4531">
     <span class='ocr_line' id='line_1_78' title="bbox 100 4454 1690 4531; baseline -0.006 -16"><span class='ocrx_word' id='word_1_567' title='bbox 100 4459 430 4531; x_wconf 70' lang='grc' dir='ltr'>ἀναπέμψαι</span> <span class='ocrx_word' id='word_1_568' title='bbox 451 4501 466 4522; x_wconf 92' lang='grc'><strong>,</strong></span> <span class='ocrx_word' id='word_1_569' title='bbox 499 4458 638 4512; x_wconf 79' lang='grc' dir='ltr'>ὥστε</span> <span class='ocrx_word' id='word_1_570' title='bbox 659 4498 674 4522; x_wconf 95' lang='grc'><strong>,</strong></span> <span class='ocrx_word' id='word_1_571' title='bbox 704 4461 821 4521; x_wconf 81' lang='grc' dir='ltr'>ταῖς</span> <span class='ocrx_word' id='word_1_572' title='bbox 854 4461 974 4520; x_wconf 81' lang='grc' dir='ltr'>σαῖς</span> <span class='ocrx_word' id='word_1_573' title='bbox 999 4457 1302 4527; x_wconf 80' lang='grc' dir='ltr'>ὑποθήκαις</span> <span class='ocrx_word' id='word_1_574' title='bbox 1336 4454 1690 4509; x_wconf 78' lang='grc' dir='ltr'>ἀκολουθοῦν-</span> 
     </span>
    </p>
   </div>
   <div class='ocr_carea' id='block_1_78' title="bbox 100 4545 1684 4622">
    <p class='ocr_par' dir='ltr' id='par_1_78' title="bbox 100 4545 1684 4622">
     <span class='ocr_line' id='line_1_79' title="bbox 100 4545 1684 4622; baseline -0.004 -17"><span class='ocrx_word' id='word_1_575' title='bbox 100 4568 171 4605; x_wconf 76' lang='grc' dir='ltr'><strong>τα</strong></span> <span class='ocrx_word' id='word_1_576' title='bbox 205 4552 295 4622; x_wconf 78' lang='grc' dir='ltr'>(εις</span> <span class='ocrx_word' id='word_1_577' title='bbox 323 4552 421 4604; x_wconf 63' lang='grc' dir='ltr'><strong>παὶ¹</strong></span> <span class='ocrx_word' id='word_1_578' title='bbox 456 4549 536 4620; x_wconf 84' lang='grc' dir='ltr'>τῷ</span> <span class='ocrx_word' id='word_1_579' title='bbox 569 4550 746 4620; x_wconf 83' lang='grc' dir='ltr'>χρόνῳ</span> <span class='ocrx_word' id='word_1_580' title='bbox 775 4550 869 4601; x_wconf 74' lang='grc' dir='ltr'><strong>καὶ</strong></span> <span class='ocrx_word' id='word_1_581' title='bbox 899 4550 965 4619; x_wconf 83' lang='grc' dir='ltr'><strong>τῇ</strong></span> <span class='ocrx_word' id='word_1_582' title='bbox 989 4546 1099 4600; x_wconf 86' lang='grc' dir='ltr'>τῶν</span> <span class='ocrx_word' id='word_1_583' title='bbox 1125 4548 1466 4618; x_wconf 75' lang='grc' dir='ltr'>πραγμάτων</span> <span class='ocrx_word' id='word_1_584' title='bbox 1500 4545 1684 4616; x_wconf 78' lang='grc' dir='ltr'>πείρᾳ,</span> 
     </span>
    </p>
   </div>
   <div class='ocr_carea' id='block_1_79' title="bbox 103 4639 1687 4714">
    <p class='ocr_par' dir='ltr' id='par_1_79' title="bbox 103 4639 1687 4714">
     <span class='ocr_line' id='line_1_80' title="bbox 103 4639 1687 4714; baseline -0.004 -16"><span class='ocrx_word' id='word_1_585' title='bbox 103 4646 202 4698; x_wconf 80' lang='grc' dir='ltr'><strong>καί</strong></span> <span class='ocrx_word' id='word_1_586' title='bbox 224 4643 308 4714; x_wconf 82' lang='grc' dir='ltr'>τῷ</span> <span class='ocrx_word' id='word_1_587' title='bbox 340 4643 482 4714; x_wconf 76' lang='grc' dir='ltr'>ὑπὲρ</span> <span class='ocrx_word' id='word_1_588' title='bbox 512 4645 638 4706; x_wconf 81' lang='grc' dir='ltr'>τοὺς</span> <span class='ocrx_word' id='word_1_589' title='bbox 665 4641 853 4705; x_wconf 75' lang='grc' dir='ltr'>ἄλλους</span> <span class='ocrx_word' id='word_1_590' title='bbox 897 4639 1039 4712; x_wconf 76' lang='grc' dir='ltr'>ἔχειν</span> <span class='ocrx_word' id='word_1_591' title='bbox 1073 4639 1170 4709; x_wconf 84' lang='grc' dir='ltr'>τὴν</span> <span class='ocrx_word' id='word_1_592' title='bbox 1201 4641 1266 4692; x_wconf 84' lang='grc' dir='ltr'>ὲκ</span> <span class='ocrx_word' id='word_1_593' title='bbox 1309 4639 1403 4693; x_wconf 81' lang='grc' dir='ltr'><strong>τοῦ</strong></span> <span class='ocrx_word' id='word_1_594' title='bbox 1434 4639 1687 4709; x_wconf 75' lang='grc' dir='ltr'>Πνεῦμα-</span> 
     </span>
    </p>
   </div>
   <div class='ocr_carea' id='block_1_80' title="bbox 103 4729 1684 4804">
    <p class='ocr_par' dir='ltr' id='par_1_80' title="bbox 103 4729 1684 4804">
     <span class='ocr_line' id='line_1_81' title="bbox 103 4729 1684 4804; baseline -0.004 -17"><span class='ocrx_word' id='word_1_595' title='bbox 103 4753 196 4799; x_wconf 66' lang='grc' dir='ltr'><strong>σος</strong></span> <span class='ocrx_word' id='word_1_596' title='bbox 236 4733 574 4804; x_wconf 76' lang='grc' dir='ltr'>συμϐουλίαν</span> <span class='ocrx_word' id='word_1_597' title='bbox 599 4773 615 4798; x_wconf 93' lang='grc'><strong>,</strong></span> <span class='ocrx_word' id='word_1_598' title='bbox 649 4731 1056 4804; x_wconf 79' lang='grc' dir='ltr'>ἀσφαλεστέρας</span> <span class='ocrx_word' id='word_1_599' title='bbox 1091 4729 1361 4784; x_wconf 85' lang='grc' dir='ltr'>ποιεῖσθαι</span> <span class='ocrx_word' id='word_1_600' title='bbox 1404 4729 1684 4799; x_wconf 81' lang='grc' dir='ltr'>δύνασαι),</span> 
     </span>
    </p>
   </div>
   <div class='ocr_carea' id='block_1_81' title="bbox 105 4885 1684 5018">
    <p class='ocr_par' dir='ltr' id='par_1_81' title="bbox 105 4885 1684 5018">
     <span class='ocr_line' id='line_1_82' title="bbox 105 4885 1684 5018; baseline -0.008 -71"><span class='ocrx_word' id='word_1_601' title='bbox 105 4892 297 5018; x_wconf 47' lang='lat'>.8563)</span> <span class='ocrx_word' id='word_1_602' title='bbox 325 4890 484 4958; x_wconf 83' lang='grc' dir='ltr'>Πρὸς</span> <span class='ocrx_word' id='word_1_603' title='bbox 509 4889 695 4955; x_wconf 86' lang='grc' dir='ltr'>τίνας.</span> <span class='ocrx_word' id='word_1_604' title='bbox 720 4887 859 4942; x_wconf 86' lang='lat' dir='ltr'><strong>Editi</strong></span> <span class='ocrx_word' id='word_1_605' title='bbox 891 4886 1099 4941; x_wconf 85' lang='lat' dir='ltr'><strong>addunt</strong></span> <span class='ocrx_word' id='word_1_606' title='bbox 1126 4885 1219 4940; x_wconf 74' lang='grc' dir='ltr'>καὶ</span> <span class='ocrx_word' id='word_1_607' title='bbox 1242 4885 1351 4948; x_wconf 84' lang='grc' dir='ltr'>ὅτε,</span> <span class='ocrx_word' id='word_1_608' title='bbox 1381 4892 1430 4938; x_wconf 86' lang='lat' dir='ltr'><strong>et</strong></span> <span class='ocrx_word' id='word_1_609' title='bbox 1452 4885 1684 4964; x_wconf 72' lang='lat' dir='ltr'><strong>quando,</strong></span> 
     </span>
     <span class='ocr_line' id='line_1_83' title="bbox 237 4955 1684 5014; baseline -0.006 -1"><span class='ocrx_word' id='word_1_610' title='bbox 237 4963 346 5014; x_wconf 87' lang='lat' dir='ltr'><strong>hoc</strong></span> <span class='ocrx_word' id='word_1_611' title='bbox 387 4960 814 5012; x_wconf 74' lang='lat' dir='ltr'><strong>additamentum</strong></span> <span class='ocrx_word' id='word_1_612' title='bbox 844 4957 998 5011; x_wconf 74' lang='lat' dir='ltr'><strong>dee~t</strong></span> <span class='ocrx_word' id='word_1_613' title='bbox 1027 4957 1080 5009; x_wconf 92' lang='lat' dir='ltr'><strong>in</strong></span> <span class='ocrx_word' id='word_1_614' title='bbox 1115 4971 1209 5010; x_wconf 79' lang='lat' dir='ltr'><strong>sex</strong></span> <span class='ocrx_word' id='word_1_615' title='bbox 1245 4957 1445 5009; x_wconf 78' lang='lat' dir='ltr'><strong>nostris</strong></span> <span class='ocrx_word' id='word_1_616' title='bbox 1479 4955 1684 5008; x_wconf 77' lang='lat' dir='ltr'><strong>COdICl-</strong></span> 
     </span>
    </p>
   </div>
   <div class='ocr_carea' id='block_1_82' title="bbox 237 4954 1688 5014">
    <p class='ocr_par' dir='ltr' id='par_1_82' title="bbox 237 4954 1688 5014">
     <span class='ocr_line' id='line_1_84' title="bbox 237 4954 1688 5014; baseline -0.006 -1"><span class='ocrx_word' id='word_1_617' title='bbox 237 4954 346 5014; x_wconf 67' lang='lat' dir='ltr'><strong>h&#39;oc</strong></span> <span class='ocrx_word' id='word_1_618' title='bbox 373 4954 814 5012; x_wconf 71' lang='lat' dir='ltr'><strong>additamentum</strong></span> <span class='ocrx_word' id='word_1_619' title='bbox 844 4957 998 5011; x_wconf 74' lang='lat' dir='ltr'><strong>dee~t</strong></span> <span class='ocrx_word' id='word_1_620' title='bbox 1027 4957 1080 5009; x_wconf 92' lang='lat' dir='ltr'><strong>in</strong></span> <span class='ocrx_word' id='word_1_621' title='bbox 1115 4971 1209 5010; x_wconf 79' lang='lat' dir='ltr'><strong>sex</strong></span> <span class='ocrx_word' id='word_1_622' title='bbox 1245 4957 1445 5009; x_wconf 78' lang='lat' dir='ltr'><strong>nostris</strong></span> <span class='ocrx_word' id='word_1_623' title='bbox 1479 4954 1688 5008; x_wconf 78' lang='lat' dir='ltr'><strong>codici-</strong></span> 
     </span>
    </p>
   </div>
   <div class='ocr_carea' id='block_1_83' title="bbox 107 5022 1684 5094">
    <p class='ocr_par' dir='ltr' id='par_1_83' title="bbox 107 5022 1684 5094">
     <span class='ocr_line' id='line_1_85' title="bbox 107 5022 1684 5094; baseline -0.006 -10"><span class='ocrx_word' id='word_1_624' title='bbox 107 5032 231 5086; x_wconf 85' lang='lat' dir='ltr'><strong>bus.</strong></span> <span class='ocrx_word' id='word_1_625' title='bbox 263 5030 478 5084; x_wconf 84' lang='lat' dir='ltr'><strong>lbidem</strong></span> <span class='ocrx_word' id='word_1_626' title='bbox 517 5029 604 5089; x_wconf 83' lang='grc' dir='ltr'>Ὦς</span> <span class='ocrx_word' id='word_1_627' title='bbox 734 5027 860 5081; x_wconf 83' lang='lat' dir='ltr'><strong>Mss.</strong></span> <span class='ocrx_word' id='word_1_628' title='bbox 901 5028 1062 5078; x_wconf 82' lang='grc' dir='ltr'>Ὥστε</span> <span class='ocrx_word' id='word_1_629' title='bbox 1093 5025 1169 5078; x_wconf 80' lang='grc' dir='ltr'>δέ.</span> <span class='ocrx_word' id='word_1_630' title='bbox 1206 5024 1373 5077; x_wconf 86' lang='lat' dir='ltr'><strong>Paulo</strong></span> <span class='ocrx_word' id='word_1_631' title='bbox 1407 5035 1530 5094; x_wconf 89' lang='lat' dir='ltr'><strong>post</strong></span> <span class='ocrx_word' id='word_1_632' title='bbox 1551 5022 1684 5077; x_wconf 87' lang='lat' dir='ltr'><strong>editi</strong></span> 
     </span>
    </p>
   </div>
   <div class='ocr_carea' id='block_1_84' title="bbox 112 5095 1680 5170">
    <p class='ocr_par' dir='ltr' id='par_1_84' title="bbox 112 5095 1680 5170">
     <span class='ocr_line' id='line_1_86' title="bbox 112 5095 1680 5170; baseline -0.004 -18"><span class='ocrx_word' id='word_1_633' title='bbox 112 5099 528 5170; x_wconf 61' lang='grc' dir='ltr'>συμπαραλήψῃ</span> <span class='ocrx_word' id='word_1_634' title='bbox 555 5100 650 5150; x_wconf 71' lang='grc' dir='ltr'>καὶ</span> <span class='ocrx_word' id='word_1_635' title='bbox 670 5097 862 5170; x_wconf 50' lang='grc' dir='ltr'>οΰτέυς.</span> <span class='ocrx_word' id='word_1_636' title='bbox 892 5096 1145 5164; x_wconf 85' lang='lat' dir='ltr'><strong>Quinque</strong></span> <span class='ocrx_word' id='word_1_637' title='bbox 1176 5109 1307 5170; x_wconf 79' lang='lat' dir='ltr'><strong>mss.</strong></span> <span class='ocrx_word' id='word_1_638' title='bbox 1341 5103 1400 5146; x_wconf 93' lang='lat' dir='ltr'><strong>ut</strong></span> <span class='ocrx_word' id='word_1_639' title='bbox 1425 5095 1487 5170; x_wconf 75' lang='lat' dir='ltr'><strong>_in</strong></span> <span class='ocrx_word' id='word_1_640' title='bbox 1512 5101 1680 5170; x_wconf 49' lang='lat' dir='ltr'><strong>testu.</strong></span> 
     </span>
    </p>
   </div>
   <div class='ocr_carea' id='block_1_85' title="bbox 181 5163 1679 5240">
    <p class='ocr_par' dir='ltr' id='par_1_85' title="bbox 181 5163 1679 5240">
     <span class='ocr_line' id='line_1_87' title="bbox 181 5163 1679 5240; baseline -0.006 -16"><span class='ocrx_word' id='word_1_641' title='bbox 181 5163 736 5240; x_wconf 57' lang='grc' dir='ltr'>(ϐιγἙκέιῐιλαιοῦ.</span> <span class='ocrx_word' id='word_1_642' title='bbox 751 5167 884 5220; x_wconf 84' lang='lat' dir='ltr'><strong>Tres</strong></span> <span class='ocrx_word' id='word_1_643' title='bbox 907 5181 1042 5240; x_wconf 71' lang='lat' dir='ltr'><strong>mss.</strong></span> <span class='ocrx_word' id='word_1_644' title='bbox 1060 5163 1400 5240; x_wconf 60' lang='lat' dir='ltr'><strong>recentiores</strong></span> <span class='ocrx_word' id='word_1_645' title='bbox 1423 5163 1679 5240; x_wconf 68' lang='grc' dir='ltr'>ἔκπαλαι.</span> 
     </span>
    </p>
   </div>
   <div class='ocr_carea' id='block_1_86' title="bbox 113 5232 1684 5311">
    <p class='ocr_par' dir='ltr' id='par_1_86' title="bbox 113 5232 1684 5311">
     <span class='ocr_line' id='line_1_88' title="bbox 113 5232 1684 5311; baseline -0.006 -18"><span class='ocrx_word' id='word_1_646' title='bbox 113 5232 410 5311; x_wconf 51' lang='lat' dir='ltr'><strong>Aliquanto</strong></span> <span class='ocrx_word' id='word_1_647' title='bbox 448 5247 578 5311; x_wconf 72' lang='lat' dir='ltr'><strong>post</strong></span> <span class='ocrx_word' id='word_1_648' title='bbox 603 5239 869 5311; x_wconf 81' lang='lat' dir='ltr'><strong>editiones</strong></span> <span class='ocrx_word' id='word_1_649' title='bbox 900 5237 936 5289; x_wconf 69' lang='lat'><strong>2</strong></span> <span class='ocrx_word' id='word_1_650' title='bbox 969 5235 1132 5288; x_wconf 82' lang='lat' dir='ltr'><strong>Basil.</strong></span> <span class='ocrx_word' id='word_1_651' title='bbox 1163 5241 1216 5288; x_wconf 90' lang='lat' dir='ltr'><strong>et</strong></span> <span class='ocrx_word' id='word_1_652' title='bbox 1243 5234 1420 5311; x_wconf 63' lang='lat' dir='ltr'><strong>Paris.</strong></span> <span class='ocrx_word' id='word_1_653' title='bbox 1451 5233 1541 5311; x_wconf 72' lang='grc' dir='ltr'>ὅτε</span> <span class='ocrx_word' id='word_1_654' title='bbox 1575 5232 1684 5311; x_wconf 52' lang='grc' dir='ltr'>τῷν</span> 
     </span>
    </p>
   </div>
   <div class='ocr_carea' id='block_1_87' title="bbox 116 5303 1682 5380">
    <p class='ocr_par' dir='ltr' id='par_1_87' title="bbox 116 5303 1682 5380">
     <span class='ocr_line' id='line_1_89' title="bbox 116 5303 1682 5380; baseline -0.006 -17"><span class='ocrx_word' id='word_1_655' title='bbox 116 5303 231 5380; x_wconf 70' lang='grc' dir='ltr'><strong>μένξ</strong></span> <span class='ocrx_word' id='word_1_656' title='bbox 257 5309 430 5363; x_wconf 70' lang='lat' dir='ltr'><strong>‘llarl.</strong></span> <span class='ocrx_word' id='word_1_657' title='bbox 450 5303 514 5362; x_wconf 78' lang='grc' dir='ltr'>ἐι</span> <span class='ocrx_word' id='word_1_658' title='bbox 541 5309 712 5380; x_wconf 74' lang='lat' dir='ltr'><strong>coisl.</strong></span> <span class='ocrx_word' id='word_1_659' title='bbox 733 5315 988 5380; x_wconf 65' lang='lat' dir='ltr'><strong>uterque</strong></span> <span class='ocrx_word' id='word_1_660' title='bbox 1012 5314 1065 5380; x_wconf 45' lang='lat' dir='ltr'><strong>et</strong></span> <span class='ocrx_word' id='word_1_661' title='bbox 1101 5313 1331 5380; x_wconf 81' lang='lat' dir='ltr'><strong>uterque</strong></span> <span class='ocrx_word' id='word_1_662' title='bbox 1363 5304 1563 5373; x_wconf 76' lang='lat' dir='ltr'><strong>llegius</strong></span> <span class='ocrx_word' id='word_1_663' title='bbox 1600 5303 1682 5355; x_wconf 85' lang='grc' dir='ltr'><strong>ὅτι</strong></span> 
     </span>
    </p>
   </div>
   <div class='ocr_carea' id='block_1_88' title="bbox 114 5374 1196 5452">
    <p class='ocr_par' dir='ltr' id='par_1_88' title="bbox 114 5374 1196 5452">
     <span class='ocr_line' id='line_1_90' title="bbox 114 5374 1196 5452; baseline -0.006 -19"><span class='ocrx_word' id='word_1_664' title='bbox 114 5374 217 5433; x_wconf 74' lang='grc' dir='ltr'>τῶν</span> <span class='ocrx_word' id='word_1_665' title='bbox 250 5381 376 5452; x_wconf 80' lang='grc' dir='ltr'>μέν.</span> <span class='ocrx_word' id='word_1_666' title='bbox 413 5379 701 5452; x_wconf 29' lang='lat' dir='ltr'><strong>Sic‘etiam</strong></span> <span class='ocrx_word' id='word_1_667' title='bbox 732 5377 864 5452; x_wconf 76' lang='lat' dir='ltr'><strong>llag.</strong></span> <span class='ocrx_word' id='word_1_668' title='bbox 887 5374 992 5452; x_wconf 66' lang='lat' dir='ltr'><strong>et!</strong></span> <span class='ocrx_word' id='word_1_669' title='bbox 1028 5374 1196 5452; x_wconf 74' lang='lat' dir='ltr'><strong>Basil.</strong></span> 
     </span>
    </p>
   </div>
   <div class='ocr_carea' id='block_1_89' title="bbox 181 5441 1686 5523">
    <p class='ocr_par' dir='ltr' id='par_1_89' title="bbox 181 5441 1686 5523">
     <span class='ocr_line' id='line_1_91' title="bbox 181 5441 1686 5523; baseline -0.007 -18"><span class='ocrx_word' id='word_1_670' title='bbox 181 5441 294 5523; x_wconf 72' lang='lat'>(65)</span> <span class='ocrx_word' id='word_1_671' title='bbox 326 5449 584 5506; x_wconf 80' lang='grc' dir='ltr'>Σκοπόν.</span> <span class='ocrx_word' id='word_1_672' title='bbox 619 5441 878 5523; x_wconf 56' lang='lat' dir='ltr'><strong>Quamvis</strong></span> <span class='ocrx_word' id='word_1_673' title='bbox 917 5447 1030 5500; x_wconf 72' lang='lat' dir='ltr'><strong>haec</strong></span> <span class='ocrx_word' id='word_1_674' title='bbox 1070 5445 1342 5523; x_wconf 66' lang='lat' dir='ltr'><strong>scriptura</strong></span> <span class='ocrx_word' id='word_1_675' title='bbox 1374 5442 1436 5523; x_wconf 72' lang='lat' dir='ltr'><strong>in</strong></span> <span class='ocrx_word' id='word_1_676' title='bbox 1471 5441 1686 5523; x_wconf 80' lang='lat' dir='ltr'><strong>duobus</strong></span> 
     </span>
    </p>
   </div>
   <div class='ocr_carea' id='block_1_90' title="bbox 116 5513 1684 5582">
    <p class='ocr_par' dir='ltr' id='par_1_90' title="bbox 116 5513 1684 5582">
     <span class='ocr_line' id='line_1_92' title="bbox 116 5513 1684 5582; baseline -0.005 -10"><span class='ocrx_word' id='word_1_677' title='bbox 116 5513 326 5574; x_wconf 79' lang='lat' dir='ltr'><strong>tantum</strong></span> <span class='ocrx_word' id='word_1_678' title='bbox 365 5528 622 5574; x_wconf 86' lang='lat' dir='ltr'><strong>occurrat</strong></span> <span class='ocrx_word' id='word_1_679' title='bbox 649 5513 970 5574; x_wconf 71' lang='lat' dir='ltr'><strong>codicibus.</strong></span> <span class='ocrx_word' id='word_1_680' title='bbox 1021 5529 1213 5582; x_wconf 84' lang='lat' dir='ltr'><strong>nempe</strong></span> <span class='ocrx_word' id='word_1_681' title='bbox 1239 5513 1408 5568; x_wconf 90' lang='lat' dir='ltr'><strong>Coisl.</strong></span> <span class='ocrx_word' id='word_1_682' title='bbox 1441 5513 1684 5567; x_wconf 85' lang='lat' dir='ltr'><strong>secundo</strong></span> 
     </span>
    </p>
   </div>
   <div class='ocr_carea' id='block_1_91' title="bbox 118 5582 1684 5660">
    <p class='ocr_par' dir='ltr' id='par_1_91' title="bbox 118 5582 1684 5660">
     <span class='ocr_line' id='line_1_93' title="bbox 118 5582 1684 5660; baseline -0.003 -19"><span class='ocrx_word' id='word_1_683' title='bbox 118 5600 166 5660; x_wconf 84' lang='lat' dir='ltr'><strong>et</strong></span> <span class='ocrx_word' id='word_1_684' title='bbox 200 5593 334 5660; x_wconf 74' lang='lat' dir='ltr'><strong>Heg.</strong></span> <span class='ocrx_word' id='word_1_685' title='bbox 369 5588 634 5650; x_wconf 79' lang='lat' dir='ltr'><strong>secundo,</strong></span> <span class='ocrx_word' id='word_1_686' title='bbox 671 5589 1070 5660; x_wconf 72' lang='lat' dir='ltr'><strong>melior-tamen</strong></span> <span class='ocrx_word' id='word_1_687' title='bbox 1099 5585 1314 5660; x_wconf 79' lang='lat' dir='ltr'><strong>videtur</strong></span> <span class='ocrx_word' id='word_1_688' title='bbox 1346 5597 1508 5660; x_wconf 53' lang='lat' dir='ltr'><strong>qua-tu</strong></span> <span class='ocrx_word' id='word_1_689' title='bbox 1537 5582 1684 5660; x_wconf 71' lang='lat' dir='ltr'><strong>quod</strong></span> 
     </span>
    </p>
   </div>
   <div class='ocr_carea' id='block_1_92' title="bbox 120 5650 1685 5727">
    <p class='ocr_par' dir='ltr' id='par_1_92' title="bbox 120 5650 1685 5727">
     <span class='ocr_line' id='line_1_94' title="bbox 120 5650 1685 5727; baseline -0.005 -11"><span class='ocrx_word' id='word_1_690' title='bbox 120 5650 312 5716; x_wconf 61' lang='lat' dir='ltr'><strong>habent</strong></span> <span class='ocrx_word' id='word_1_691' title='bbox 347 5661 443 5716; x_wconf 88' lang='lat' dir='ltr'><strong>alii</strong></span> <span class='ocrx_word' id='word_1_692' title='bbox 483 5675 614 5715; x_wconf 87' lang='lat' dir='ltr'><strong>mss.</strong></span> <span class='ocrx_word' id='word_1_693' title='bbox 657 5667 707 5714; x_wconf 89' lang='lat' dir='ltr'><strong>et</strong></span> <span class='ocrx_word' id='word_1_694' title='bbox 749 5657 880 5713; x_wconf 86' lang='lat' dir='ltr'><strong>editi</strong></span> <span class='ocrx_word' id='word_1_695' title='bbox 913 5656 1102 5721; x_wconf 81' lang='grc' dir='ltr'>κόπον,</span> <span class='ocrx_word' id='word_1_696' title='bbox 1134 5650 1396 5727; x_wconf 71' lang='lat' dir='ltr'><strong>laborem.</strong></span> <span class='ocrx_word' id='word_1_697' title='bbox 1438 5650 1685 5708; x_wconf 81' lang='lat' dir='ltr'><strong>Proclivc</strong></span> 
     </span>
    </p>
   </div>
   <div class='ocr_carea' id='block_1_93' title="bbox 1793 3359 3370 3430">
    <p class='ocr_par' dir='ltr' id='par_1_93' title="bbox 1793 3359 3370 3430">
     <span class='ocr_line' id='line_1_95' title="bbox 1793 3359 3370 3430; baseline 0.005 -16"><span class='ocrx_word' id='word_1_698' title='bbox 1793 3359 2090 3414; x_wconf 91' lang='lat' dir='ltr'><strong>secundum</strong></span> <span class='ocrx_word' id='word_1_699' title='bbox 2163 3360 2496 3430; x_wconf 71' lang='lat' dir='ltr'><strong>praestantiae</strong></span> <span class='ocrx_word' id='word_1_700' title='bbox 2549 3372 2655 3414; x_wconf 70' lang='lat' dir='ltr'><strong>tuae</strong></span> <span class='ocrx_word' id='word_1_701' title='bbox 2704 3364 3001 3428; x_wconf 86' lang='lat' dir='ltr'><strong>mandata,</strong></span> <span class='ocrx_word' id='word_1_702' title='bbox 3068 3366 3370 3422; x_wconf 88' lang='lat' dir='ltr'><strong>concilians</strong></span> 
     </span>
    </p>
   </div>
   <div class='ocr_carea' id='block_1_94' title="bbox 1793 3451 3372 3522">
    <p class='ocr_par' dir='ltr' id='par_1_94' title="bbox 1793 3451 3372 3522">
     <span class='ocr_line' id='line_1_96' title="bbox 1793 3451 3372 3522; baseline 0.006 -18"><span class='ocrx_word' id='word_1_703' title='bbox 1793 3451 2074 3505; x_wconf 88' lang='lat' dir='ltr'><strong>contraria</strong></span> <span class='ocrx_word' id='word_1_704' title='bbox 2152 3466 2217 3505; x_wconf 88' lang='lat' dir='ltr'><strong>ac</strong></span> <span class='ocrx_word' id='word_1_705' title='bbox 2266 3451 2478 3505; x_wconf 89' lang='lat' dir='ltr'><strong>divulsa</strong></span> <span class='ocrx_word' id='word_1_706' title='bbox 2527 3452 2888 3522; x_wconf 84' lang='lat' dir='ltr'><strong>conjungens.</strong></span> <span class='ocrx_word' id='word_1_707' title='bbox 2951 3453 3104 3510; x_wconf 90' lang='lat' dir='ltr'><strong>Unde</strong></span> <span class='ocrx_word' id='word_1_708' title='bbox 3165 3463 3220 3510; x_wconf 88' lang='lat' dir='ltr'><strong>et</strong></span> <span class='ocrx_word' id='word_1_709' title='bbox 3267 3471 3372 3514; x_wconf 85' lang='lat' dir='ltr'><strong>nos</strong></span> 
     </span>
    </p>
   </div>
   <div class='ocr_carea' id='block_1_95' title="bbox 1790 3541 3370 3612">
    <p class='ocr_par' dir='ltr' id='par_1_95' title="bbox 1790 3541 3370 3612">
     <span class='ocr_line' id='line_1_97' title="bbox 1790 3541 3370 3612; baseline 0.003 -15"><span class='ocrx_word' id='word_1_710' title='bbox 1790 3557 1916 3597; x_wconf 91' lang='lat' dir='ltr'><strong>cum</strong></span> <span class='ocrx_word' id='word_1_711' title='bbox 1974 3541 2180 3612; x_wconf 91' lang='lat' dir='ltr'><strong>aliquid</strong></span> <span class='ocrx_word' id='word_1_712' title='bbox 2236 3543 2291 3596; x_wconf 90' lang='lat' dir='ltr'><strong>in</strong></span> <span class='ocrx_word' id='word_1_713' title='bbox 2341 3542 2508 3611; x_wconf 89' lang='lat' dir='ltr'><strong>hujus</strong></span> <span class='ocrx_word' id='word_1_714' title='bbox 2561 3543 2641 3597; x_wconf 90' lang='lat' dir='ltr'><strong>rei</strong></span> <span class='ocrx_word' id='word_1_715' title='bbox 2674 3544 2917 3599; x_wconf 90' lang='lat' dir='ltr'><strong>studium</strong></span> <span class='ocrx_word' id='word_1_716' title='bbox 2967 3545 3221 3602; x_wconf 82' lang='lat' dir='ltr'><strong>conferre</strong></span> <span class='ocrx_word' id='word_1_717' title='bbox 3255 3548 3370 3602; x_wconf 88' lang='lat' dir='ltr'><strong>vel-</strong></span> 
     </span>
    </p>
   </div>
   <div class='ocr_carea' id='block_1_96' title="bbox 1793 3634 3372 3696">
    <p class='ocr_par' dir='ltr' id='par_1_96' title="bbox 1793 3634 3372 3696">
     <span class='ocr_line' id='line_1_98' title="bbox 1793 3634 3372 3696; baseline 0.006 -10"><span class='ocrx_word' id='word_1_718' title='bbox 1793 3634 1990 3695; x_wconf 88' lang='lat' dir='ltr'><strong>lemus,</strong></span> <span class='ocrx_word' id='word_1_719' title='bbox 2045 3634 2623 3691; x_wconf 86' lang='lat' dir='ltr'><strong>convenientissimum</strong></span> <span class='ocrx_word' id='word_1_720' title='bbox 2669 3636 2887 3690; x_wconf 91' lang='lat' dir='ltr'><strong>initium</strong></span> <span class='ocrx_word' id='word_1_721' title='bbox 2939 3638 3103 3692; x_wconf 83' lang='lat' dir='ltr'><strong>rebus</strong></span> <span class='ocrx_word' id='word_1_722' title='bbox 3143 3637 3372 3696; x_wconf 85' lang='lat' dir='ltr'><strong>daturos</strong></span> 
     </span>
    </p>
   </div>
   <div class='ocr_carea' id='block_1_97' title="bbox 1791 3725 3370 3803">
    <p class='ocr_par' dir='ltr' id='par_1_97' title="bbox 1791 3725 3370 3803">
     <span class='ocr_line' id='line_1_99' title="bbox 1791 3725 3370 3803; baseline 0.004 -25"><span class='ocrx_word' id='word_1_723' title='bbox 1791 3725 2070 3788; x_wconf 83' lang='lat' dir='ltr'><strong>duximus,</strong></span> <span class='ocrx_word' id='word_1_724' title='bbox 2134 3725 2204 3789; x_wconf 89' lang='lat' dir='ltr'><strong>si,</strong></span> <span class='ocrx_word' id='word_1_725' title='bbox 2257 3728 2407 3781; x_wconf 90' lang='lat' dir='ltr'><strong>velut</strong></span> <span class='ocrx_word' id='word_1_726' title='bbox 2446 3729 2511 3783; x_wconf 90' lang='lat' dir='ltr'><strong>ad</strong></span> <span class='ocrx_word' id='word_1_727' title='bbox 2560 3730 2938 3803; x_wconf 84' lang='lat' dir='ltr'><strong>universorum</strong></span> <span class='ocrx_word' id='word_1_728' title='bbox 2996 3729 3245 3798; x_wconf 87' lang='lat' dir='ltr'><strong>apicem,</strong></span> <span class='ocrx_word' id='word_1_729' title='bbox 3301 3731 3370 3784; x_wconf 90' lang='lat' dir='ltr'><strong>ad</strong></span> 
     </span>
    </p>
   </div>
   <div class='ocr_carea' id='block_1_98' title="bbox 1792 3798 3370 3890">
    <p class='ocr_par' dir='ltr' id='par_1_98' title="bbox 1792 3798 3370 3890">
     <span class='ocr_line' id='line_1_100' title="bbox 1792 3798 3370 3890; baseline 0.001 -18"><span class='ocrx_word' id='word_1_730' title='bbox 1792 3827 1937 3873; x_wconf 88' lang='lat' dir='ltr'><strong>tuam</strong></span> <span class='ocrx_word' id='word_1_731' title='bbox 1972 3814 2393 3890; x_wconf 81' lang='lat' dir='ltr'><strong>confugercmns</strong></span> <span class='ocrx_word' id='word_1_732' title='bbox 2448 3798 2860 3890; x_wconf 58' lang='lat' dir='ltr'><strong>perfedtionem,</strong></span> <span class='ocrx_word' id='word_1_733' title='bbox 2909 3833 2975 3873; x_wconf 85' lang='lat' dir='ltr'><strong>ac</strong></span> <span class='ocrx_word' id='word_1_734' title='bbox 3035 3826 3089 3874; x_wconf 90' lang='lat' dir='ltr'><strong>te</strong></span> <span class='ocrx_word' id='word_1_735' title='bbox 3134 3827 3189 3875; x_wconf 91' lang='lat' dir='ltr'><strong>et</strong></span> <span class='ocrx_word' id='word_1_736' title='bbox 3235 3835 3370 3874; x_wconf 84' lang='lat' dir='ltr'><strong>con-</strong></span> 
     </span>
    </p>
   </div>
   <div class='ocr_carea' id='block_1_99' title="bbox 1791 3907 3372 3980">
    <p class='ocr_par' dir='ltr' id='par_1_99' title="bbox 1791 3907 3372 3980">
     <span class='ocr_line' id='line_1_101' title="bbox 1791 3907 3372 3980; baseline 0.002 -18"><span class='ocrx_word' id='word_1_737' title='bbox 1791 3908 2020 3974; x_wconf 88' lang='lat' dir='ltr'><strong>siliario,</strong></span> <span class='ocrx_word' id='word_1_738' title='bbox 2073 3920 2126 3964; x_wconf 91' lang='lat' dir='ltr'><strong>et</strong></span> <span class='ocrx_word' id='word_1_739' title='bbox 2183 3909 2324 3964; x_wconf 91' lang='lat' dir='ltr'><strong>duce</strong></span> <span class='ocrx_word' id='word_1_740' title='bbox 2368 3925 2558 3964; x_wconf 90' lang='lat' dir='ltr'><strong>eorum</strong></span> <span class='ocrx_word' id='word_1_741' title='bbox 2610 3925 2732 3980; x_wconf 85' lang='lat' dir='ltr'><strong>quae</strong></span> <span class='ocrx_word' id='word_1_742' title='bbox 2775 3907 2982 3978; x_wconf 77' lang='lat' dir='ltr'><strong>agenda</strong></span> <span class='ocrx_word' id='word_1_743' title='bbox 3018 3917 3149 3963; x_wconf 91' lang='lat' dir='ltr'><strong>sunt</strong></span> <span class='ocrx_word' id='word_1_744' title='bbox 3190 3916 3372 3965; x_wconf 84' lang='lat' dir='ltr'><strong>utere-</strong></span> 
     </span>
    </p>
   </div>
   <div class='ocr_carea' id='block_1_100' title="bbox 1790 3998 3369 4056">
    <p class='ocr_par' dir='ltr' id='par_1_100' title="bbox 1790 3998 3369 4056">
     <span class='ocr_line' id='line_1_102' title="bbox 1790 3998 3369 4056; baseline 0.001 -2"><span class='ocrx_word' id='word_1_745' title='bbox 1790 4013 1934 4054; x_wconf 87' lang='lat' dir='ltr'><strong>mur.</strong></span> <span class='ocrx_word' id='word_1_746' title='bbox 1977 3999 2091 4054; x_wconf 82' lang='lat' dir='ltr'><strong>Hac</strong></span> <span class='ocrx_word' id='word_1_747' title='bbox 2135 3998 2203 4054; x_wconf 89' lang='lat' dir='ltr'><strong>de</strong></span> <span class='ocrx_word' id='word_1_748' title='bbox 2241 4015 2409 4054; x_wconf 90' lang='lat' dir='ltr'><strong>causa</strong></span> <span class='ocrx_word' id='word_1_749' title='bbox 2441 4009 2496 4055; x_wconf 91' lang='lat' dir='ltr'><strong>et</strong></span> <span class='ocrx_word' id='word_1_750' title='bbox 2543 4001 2767 4056; x_wconf 82' lang='lat' dir='ltr'><strong>fratrem</strong></span> <span class='ocrx_word' id='word_1_751' title='bbox 2813 4001 3146 4055; x_wconf 83' lang='lat' dir='ltr'><strong>Dorotheum</strong></span> <span class='ocrx_word' id='word_1_752' title='bbox 3181 4001 3369 4055; x_wconf 74' lang='lat' dir='ltr'><strong>diaco~</strong></span> 
     </span>
    </p>
   </div>
   <div class='ocr_carea' id='block_1_101' title="bbox 1791 4087 3369 4163">
    <p class='ocr_par' dir='ltr' id='par_1_101' title="bbox 1791 4087 3369 4163">
     <span class='ocr_line' id='line_1_103' title="bbox 1791 4087 3369 4163; baseline 0.002 -18"><span class='ocrx_word' id='word_1_753' title='bbox 1791 4087 1922 4145; x_wconf 85' lang='lat' dir='ltr'><strong>num</strong></span> <span class='ocrx_word' id='word_1_754' title='bbox 1979 4090 2279 4155; x_wconf 86' lang='lat' dir='ltr'><strong>Ecclesiae,</strong></span> <span class='ocrx_word' id='word_1_755' title='bbox 2335 4091 2424 4146; x_wconf 92' lang='lat' dir='ltr'><strong>cui</strong></span> <span class='ocrx_word' id='word_1_756' title='bbox 2509 4093 3004 4149; x_wconf 87' lang='lat' dir='ltr'><strong>reverendissimus</strong></span> <span class='ocrx_word' id='word_1_757' title='bbox 3079 4094 3369 4163; x_wconf 80' lang='lat' dir='ltr'><strong>episcopus</strong></span> 
     </span>
    </p>
   </div>
   <div class='ocr_carea' id='block_1_102' title="bbox 1792 4183 3370 4254">
    <p class='ocr_par' dir='ltr' id='par_1_102' title="bbox 1792 4183 3370 4254">
     <span class='ocr_line' id='line_1_104' title="bbox 1792 4183 3370 4254; baseline 0 -17"><span class='ocrx_word' id='word_1_758' title='bbox 1792 4183 2041 4239; x_wconf 79' lang='lat' dir='ltr'><strong>Meletius</strong></span> <span class='ocrx_word' id='word_1_759' title='bbox 2096 4190 2330 4254; x_wconf 68' lang='lat' dir='ltr'><strong>prmest,</strong></span> <span class='ocrx_word' id='word_1_760' title='bbox 2376 4183 2522 4238; x_wconf 89' lang='lat' dir='ltr'><strong>bono</strong></span> <span class='ocrx_word' id='word_1_761' title='bbox 2566 4192 2729 4238; x_wconf 78' lang='lat' dir='ltr'><strong>recta:</strong></span> <span class='ocrx_word' id='word_1_762' title='bbox 2781 4183 2902 4237; x_wconf 85' lang='lat' dir='ltr'><strong>ﬁdei</strong></span> <span class='ocrx_word' id='word_1_763' title='bbox 2970 4183 3150 4238; x_wconf 90' lang='lat' dir='ltr'><strong>studio</strong></span> <span class='ocrx_word' id='word_1_764' title='bbox 3212 4192 3370 4239; x_wconf 88' lang='lat' dir='ltr'><strong>uten-</strong></span> 
     </span>
    </p>
   </div>
   <div class='ocr_carea' id='block_1_103' title="bbox 1791 4274 3368 4346">
    <p class='ocr_par' dir='ltr' id='par_1_103' title="bbox 1791 4274 3368 4346">
     <span class='ocr_line' id='line_1_105' title="bbox 1791 4274 3368 4346; baseline -0.001 -16"><span class='ocrx_word' id='word_1_765' title='bbox 1791 4284 1922 4338; x_wconf 87' lang='lat' dir='ltr'><strong>tem,</strong></span> <span class='ocrx_word' id='word_1_766' title='bbox 1981 4285 2035 4331; x_wconf 91' lang='lat' dir='ltr'><strong>et</strong></span> <span class='ocrx_word' id='word_1_767' title='bbox 2090 4275 2240 4345; x_wconf 89' lang='lat' dir='ltr'><strong>pacis</strong></span> <span class='ocrx_word' id='word_1_768' title='bbox 2280 4274 2650 4330; x_wconf 84' lang='lat' dir='ltr'><strong>Ecclesiarum</strong></span> <span class='ocrx_word' id='word_1_769' title='bbox 2705 4275 2952 4330; x_wconf 67' lang='lat' dir='ltr'><strong>videndae</strong></span> <span class='ocrx_word' id='word_1_770' title='bbox 2978 4277 3258 4346; x_wconf 91' lang='lat' dir='ltr'><strong>cupidum,</strong></span> <span class='ocrx_word' id='word_1_771' title='bbox 3299 4276 3368 4329; x_wconf 85' lang='lat' dir='ltr'><strong>ad</strong></span> 
     </span>
    </p>
   </div>
   <div class='ocr_carea' id='block_1_104' title="bbox 1792 4367 3370 4439">
    <p class='ocr_par' dir='ltr' id='par_1_104' title="bbox 1792 4367 3370 4439">
     <span class='ocr_line' id='line_1_106' title="bbox 1792 4367 3370 4439; baseline 0.001 -17"><span class='ocrx_word' id='word_1_772' title='bbox 1792 4369 2048 4439; x_wconf 88' lang='lat' dir='ltr'><strong>pietatem</strong></span> <span class='ocrx_word' id='word_1_773' title='bbox 2075 4377 2221 4423; x_wconf 89' lang='lat' dir='ltr'><strong>tuam</strong></span> <span class='ocrx_word' id='word_1_774' title='bbox 2268 4367 2494 4435; x_wconf 89' lang='lat' dir='ltr'><strong>remisi,</strong></span> <span class='ocrx_word' id='word_1_775' title='bbox 2531 4374 2593 4421; x_wconf 86' lang='lat' dir='ltr'><strong>ut</strong></span> <span class='ocrx_word' id='word_1_776' title='bbox 2640 4368 2888 4424; x_wconf 76' lang='lat' dir='ltr'><strong>consiliis</strong></span> <span class='ocrx_word' id='word_1_777' title='bbox 2920 4371 3030 4423; x_wconf 91' lang='lat' dir='ltr'><strong>tuis</strong></span> <span class='ocrx_word' id='word_1_778' title='bbox 3057 4370 3370 4439; x_wconf 83' lang='lat' dir='ltr'><strong>obsequens</strong></span> 
     </span>
    </p>
   </div>
   <div class='ocr_carea' id='block_1_105' title="bbox 1793 4444 3366 4530">
    <p class='ocr_par' dir='ltr' id='par_1_105' title="bbox 1793 4444 3366 4530">
     <span class='ocr_line' id='line_1_107' title="bbox 1793 4444 3366 4530; baseline 0.001 -18"><span class='ocrx_word' id='word_1_779' title='bbox 1793 4460 1938 4529; x_wconf 76' lang='lat' dir='ltr'><strong>(qua:</strong></span> <span class='ocrx_word' id='word_1_780' title='bbox 1971 4466 2025 4512; x_wconf 90' lang='lat' dir='ltr'><strong>et</strong></span> <span class='ocrx_word' id='word_1_781' title='bbox 2087 4467 2334 4529; x_wconf 90' lang='lat' dir='ltr'><strong>tempore</strong></span> <span class='ocrx_word' id='word_1_782' title='bbox 2373 4465 2428 4515; x_wconf 91' lang='lat' dir='ltr'><strong>et</strong></span> <span class='ocrx_word' id='word_1_783' title='bbox 2487 4473 2673 4512; x_wconf 89' lang='lat' dir='ltr'><strong>rerum</strong></span> <span class='ocrx_word' id='word_1_784' title='bbox 2716 4444 3085 4529; x_wconf 80' lang='lat' dir='ltr'><strong>experientia,</strong></span> <span class='ocrx_word' id='word_1_785' title='bbox 3124 4467 3180 4515; x_wconf 89' lang='lat' dir='ltr'><strong>et</strong></span> <span class='ocrx_word' id='word_1_786' title='bbox 3223 4462 3366 4530; x_wconf 88' lang='lat' dir='ltr'><strong>quod</strong></span> 
     </span>
    </p>
   </div>
   <div class='ocr_carea' id='block_1_106' title="bbox 1793 4548 3367 4620">
    <p class='ocr_par' dir='ltr' id='par_1_106' title="bbox 1793 4548 3367 4620">
     <span class='ocr_line' id='line_1_108' title="bbox 1793 4548 3367 4620; baseline 0.001 -18"><span class='ocrx_word' id='word_1_787' title='bbox 1793 4563 1904 4620; x_wconf 79' lang='lat' dir='ltr'><strong>prae</strong></span> <span class='ocrx_word' id='word_1_788' title='bbox 1962 4550 2174 4605; x_wconf 67' lang='lat' dir='ltr'><strong>caeteris</strong></span> <span class='ocrx_word' id='word_1_789' title='bbox 2232 4549 2433 4606; x_wconf 87' lang='lat' dir='ltr'><strong>habeas</strong></span> <span class='ocrx_word' id='word_1_790' title='bbox 2480 4565 2510 4604; x_wconf 90' lang='lat' dir='ltr'><strong>a</strong></span> <span class='ocrx_word' id='word_1_791' title='bbox 2541 4548 2750 4620; x_wconf 90' lang='lat' dir='ltr'><strong>Spiritu</strong></span> <span class='ocrx_word' id='word_1_792' title='bbox 2806 4552 3132 4617; x_wconf 89' lang='lat' dir='ltr'><strong>consilium,</strong></span> <span class='ocrx_word' id='word_1_793' title='bbox 3169 4553 3367 4605; x_wconf 87' lang='lat' dir='ltr'><strong>tutiora</strong></span> 
     </span>
    </p>
   </div>
   <div class='ocr_carea' id='block_1_107' title="bbox 1794 4637 3368 4708">
    <p class='ocr_par' dir='ltr' id='par_1_107' title="bbox 1794 4637 3368 4708">
     <span class='ocr_line' id='line_1_109' title="bbox 1794 4637 3368 4708; baseline 0.001 -18"><span class='ocrx_word' id='word_1_794' title='bbox 1794 4652 1859 4690; x_wconf 89' lang='lat' dir='ltr'><strong>ac</strong></span> <span class='ocrx_word' id='word_1_795' title='bbox 1892 4639 2166 4692; x_wconf 87' lang='lat' dir='ltr'><strong>securiora</strong></span> <span class='ocrx_word' id='word_1_796' title='bbox 2200 4637 2411 4693; x_wconf 72' lang='lat' dir='ltr'><strong>edicere</strong></span> <span class='ocrx_word' id='word_1_797' title='bbox 2465 4638 2644 4708; x_wconf 91' lang='lat' dir='ltr'><strong>potes)</strong></span> <span class='ocrx_word' id='word_1_798' title='bbox 2677 4679 2693 4704; x_wconf 95' lang='lat'><strong>,</strong></span> <span class='ocrx_word' id='word_1_799' title='bbox 2730 4640 2805 4692; x_wconf 92' lang='lat' dir='ltr'><strong>ita</strong></span> <span class='ocrx_word' id='word_1_800' title='bbox 2864 4639 3078 4692; x_wconf 89' lang='lat' dir='ltr'><strong>demum</strong></span> <span class='ocrx_word' id='word_1_801' title='bbox 3131 4639 3368 4708; x_wconf 81' lang='lat' dir='ltr'><strong>expetita</strong></span> 
     </span>
    </p>
   </div>
   <div class='ocr_carea' id='block_1_108' title="bbox 1796 4728 3371 4800">
    <p class='ocr_par' dir='ltr' id='par_1_108' title="bbox 1796 4728 3371 4800">
     <span class='ocr_line' id='line_1_110' title="bbox 1796 4728 3371 4800; baseline -0.001 -18"><span class='ocrx_word' id='word_1_802' title='bbox 1796 4745 1860 4783; x_wconf 91' lang='lat' dir='ltr'><strong>ac</strong></span> <span class='ocrx_word' id='word_1_803' title='bbox 1896 4728 2211 4785; x_wconf 88' lang='lat' dir='ltr'><strong>desiderata</strong></span> <span class='ocrx_word' id='word_1_804' title='bbox 2259 4729 2632 4800; x_wconf 82' lang='lat' dir='ltr'><strong>aggrediatur.</strong></span> <span class='ocrx_word' id='word_1_805' title='bbox 2677 4729 2834 4782; x_wconf 83' lang='lat' dir='ltr'><strong>Hunc</strong></span> <span class='ocrx_word' id='word_1_806' title='bbox 2879 4738 2934 4783; x_wconf 87' lang='lat' dir='ltr'><strong>et</strong></span> <span class='ocrx_word' id='word_1_807' title='bbox 2983 4730 3249 4799; x_wconf 76' lang='lat' dir='ltr'><strong>suscipias</strong></span> <span class='ocrx_word' id='word_1_808' title='bbox 3286 4730 3371 4782; x_wconf 85' lang='lat' dir='ltr'><strong>vi-</strong></span> 
     </span>
    </p>
   </div>
   <div class='ocr_carea' id='block_1_109' title="bbox 1796 4881 3366 4950">
    <p class='ocr_par' dir='ltr' id='par_1_109' title="bbox 1796 4881 3366 4950">
     <span class='ocr_line' id='line_1_111' title="bbox 1796 4881 3366 4950; baseline 0 -14"><span class='ocrx_word' id='word_1_809' title='bbox 1796 4881 1900 4936; x_wconf 81' lang='lat' dir='ltr'><strong>fuit</strong></span> <span class='ocrx_word' id='word_1_810' title='bbox 1924 4881 2165 4936; x_wconf 89' lang='lat' dir='ltr'><strong>librariis</strong></span> <span class='ocrx_word' id='word_1_811' title='bbox 2193 4882 2245 4934; x_wconf 93' lang='lat' dir='ltr'><strong>in</strong></span> <span class='ocrx_word' id='word_1_812' title='bbox 2272 4883 2376 4936; x_wconf 83' lang='lat' dir='ltr'><strong>hac</strong></span> <span class='ocrx_word' id='word_1_813' title='bbox 2401 4897 2536 4936; x_wconf 87' lang='lat' dir='ltr'><strong>voce</strong></span> <span class='ocrx_word' id='word_1_814' title='bbox 2563 4897 2770 4938; x_wconf 84' lang='lat' dir='ltr'><strong>errare.</strong></span> <span class='ocrx_word' id='word_1_815' title='bbox 2801 4881 2935 4936; x_wconf 86' lang='lat' dir='ltr'><strong>Nam</strong></span> <span class='ocrx_word' id='word_1_816' title='bbox 2971 4882 3025 4935; x_wconf 92' lang='lat' dir='ltr'><strong>in</strong></span> <span class='ocrx_word' id='word_1_817' title='bbox 3056 4882 3218 4950; x_wconf 87' lang='lat' dir='ltr'><strong>epist.</strong></span> <span class='ocrx_word' id='word_1_818' title='bbox 3238 4882 3366 4942; x_wconf 75' lang='lat' dir='ltr'><strong>2H.</strong></span> 
     </span>
    </p>
   </div>
   <div class='ocr_carea' id='block_1_110' title="bbox 1796 4951 3369 5022">
    <p class='ocr_par' dir='ltr' id='par_1_110' title="bbox 1796 4951 3369 5022">
     <span class='ocr_line' id='line_1_112' title="bbox 1796 4951 3369 5022; baseline 0.001 -18"><span class='ocrx_word' id='word_1_819' title='bbox 1796 4953 1886 5006; x_wconf 84' lang='lat' dir='ltr'><strong>ubi</strong></span> <span class='ocrx_word' id='word_1_820' title='bbox 1935 4953 2249 5007; x_wconf 85' lang='lat' dir='ltr'><strong>necessario</strong></span> <span class='ocrx_word' id='word_1_821' title='bbox 2299 4953 2583 5022; x_wconf 83' lang='lat' dir='ltr'><strong>legendum</strong></span> <span class='ocrx_word' id='word_1_822' title='bbox 2628 4951 2911 5022; x_wconf 79' lang='grc' dir='ltr'>εὐσεϐείας</span> <span class='ocrx_word' id='word_1_823' title='bbox 2959 4951 3369 5011; x_wconf 61' lang='grc' dir='ltr'>σκοπόνΛιειΙιυι</span> 
     </span>
    </p>
   </div>
   <div class='ocr_carea' id='block_1_111' title="bbox 1794 5021 3368 5091">
    <p class='ocr_par' dir='ltr' id='par_1_111' title="bbox 1794 5021 3368 5091">
     <span class='ocr_line' id='line_1_113' title="bbox 1794 5021 3368 5091; baseline 0.001 -16"><span class='ocrx_word' id='word_1_824' title='bbox 1794 5023 2215 5091; x_wconf 85' lang='lat' dir='ltr'><strong>antiquissimus</strong></span> <span class='ocrx_word' id='word_1_825' title='bbox 2249 5021 2416 5075; x_wconf 82' lang='lat' dir='ltr'><strong>codex</strong></span> <span class='ocrx_word' id='word_1_826' title='bbox 2455 5021 2622 5091; x_wconf 80' lang='lat' dir='ltr'><strong>Coisl.</strong></span> <span class='ocrx_word' id='word_1_827' title='bbox 2665 5023 2852 5091; x_wconf 83' lang='grc' dir='ltr'>κόπον.</span> <span class='ocrx_word' id='word_1_828' title='bbox 2886 5021 3053 5074; x_wconf 87' lang='lat' dir='ltr'><strong>Paulo</strong></span> <span class='ocrx_word' id='word_1_829' title='bbox 3078 5035 3207 5090; x_wconf 87' lang='lat' dir='ltr'><strong>post</strong></span> <span class='ocrx_word' id='word_1_830' title='bbox 3234 5023 3368 5076; x_wconf 89' lang='lat' dir='ltr'><strong>editi</strong></span> 
     </span>
    </p>
   </div>
   <div class='ocr_carea' id='block_1_112' title="bbox 1793 5090 3363 5162">
    <p class='ocr_par' dir='ltr' id='par_1_112' title="bbox 1793 5090 3363 5162">
     <span class='ocr_line' id='line_1_114' title="bbox 1793 5090 3363 5162; baseline 0.001 -18"><span class='ocrx_word' id='word_1_831' title='bbox 1793 5090 2017 5162; x_wconf 36' lang='grc' dir='ltr'>στῇ-περὶ</span> <span class='ocrx_word' id='word_1_832' title='bbox 2046 5092 2235 5144; x_wconf 79' lang='grc' dir='ltr'>τούτου</span> <span class='ocrx_word' id='word_1_833' title='bbox 2267 5091 2496 5160; x_wconf 83' lang='grc' dir='ltr'>σπουδῇ.</span> <span class='ocrx_word' id='word_1_834' title='bbox 2536 5090 2712 5162; x_wconf 86' lang='lat' dir='ltr'><strong>Harl.,</strong></span> <span class='ocrx_word' id='word_1_835' title='bbox 2755 5090 2926 5145; x_wconf 87' lang='lat' dir='ltr'><strong>Coisl.</strong></span> <span class='ocrx_word' id='word_1_836' title='bbox 2959 5091 3192 5157; x_wconf 87' lang='lat' dir='ltr'><strong>primus,</strong></span> <span class='ocrx_word' id='word_1_837' title='bbox 3223 5091 3363 5145; x_wconf 84' lang='lat' dir='ltr'><strong>Med.</strong></span> 
     </span>
    </p>
   </div>
   <div class='ocr_carea' id='block_1_113' title="bbox 1790 5160 3367 5231">
    <p class='ocr_par' dir='ltr' id='par_1_113' title="bbox 1790 5160 3367 5231">
     <span class='ocr_line' id='line_1_115' title="bbox 1790 5160 3367 5231; baseline -0.001 -15"><span class='ocrx_word' id='word_1_838' title='bbox 1790 5160 2003 5231; x_wconf 41' lang='lat' dir='ltr'><strong>et’Reg.</strong></span> <span class='ocrx_word' id='word_1_839' title='bbox 2045 5161 2320 5231; x_wconf 82' lang='lat' dir='ltr'><strong>secundus</strong></span> <span class='ocrx_word' id='word_1_840' title='bbox 2363 5162 2492 5231; x_wconf 83' lang='grc' dir='ltr'>περὶ</span> <span class='ocrx_word' id='word_1_841' title='bbox 2535 5161 2714 5225; x_wconf 82' lang='grc' dir='ltr'>τοῦτο,</span> <span class='ocrx_word' id='word_1_842' title='bbox 2752 5175 2872 5231; x_wconf 68' lang='lat' dir='ltr'><strong>quae</strong></span> <span class='ocrx_word' id='word_1_843' title='bbox 2919 5162 3175 5230; x_wconf 88' lang='lat' dir='ltr'><strong>loquendi</strong></span> <span class='ocrx_word' id='word_1_844' title='bbox 3224 5162 3367 5214; x_wconf 86' lang='lat' dir='ltr'><strong>ratio</strong></span> 
     </span>
    </p>
   </div>
   <div class='ocr_carea' id='block_1_114' title="bbox 1793 5230 2300 5287">
    <p class='ocr_par' dir='ltr' id='par_1_114' title="bbox 1793 5230 2300 5287">
     <span class='ocr_line' id='line_1_116' title="bbox 1793 5230 2300 5287; baseline -0.008 -3"><span class='ocrx_word' id='word_1_845' title='bbox 1793 5230 2043 5287; x_wconf 83' lang='lat' dir='ltr'><strong>usitatior</strong></span> <span class='ocrx_word' id='word_1_846' title='bbox 2076 5230 2300 5284; x_wconf 87' lang='lat' dir='ltr'><strong>Basilio.</strong></span> 
     </span>
    </p>
   </div>
   <div class='ocr_carea' id='block_1_115' title="bbox 1863 5298 3367 5370">
    <p class='ocr_par' dir='ltr' id='par_1_115' title="bbox 1863 5298 3367 5370">
     <span class='ocr_line' id='line_1_117' title="bbox 1863 5298 3367 5370; baseline -0.001 -17"><span class='ocrx_word' id='word_1_847' title='bbox 1863 5301 1973 5370; x_wconf 86' lang='lat'>(66)</span> <span class='ocrx_word' id='word_1_848' title='bbox 2014 5301 2183 5370; x_wconf 73' lang='grc' dir='ltr'>Ὅθεν</span> <span class='ocrx_word' id='word_1_849' title='bbox 2218 5299 2317 5354; x_wconf 75' lang='grc' dir='ltr'>καὶ</span> <span class='ocrx_word' id='word_1_850' title='bbox 2364 5298 2470 5352; x_wconf 75' lang='grc' dir='ltr'>τὸν·</span> <span class='ocrx_word' id='word_1_851' title='bbox 2513 5299 2780 5367; x_wconf 56' lang='grc' dir='ltr'>ἀδελφόν</span> <span class='ocrx_word' id='word_1_852' title='bbox 2819 5301 3181 5370; x_wconf 76' lang='grc' dir='ltr'>Δωρόθεον...</span> <span class='ocrx_word' id='word_1_853' title='bbox 3215 5300 3367 5370; x_wconf 50' lang='lat' dir='ltr'><strong>eia-af</strong></span> 
     </span>
    </p>
   </div>
   <div class='ocr_carea' id='block_1_116' title="bbox 1793 5367 3366 5439">
    <p class='ocr_par' dir='ltr' id='par_1_116' title="bbox 1793 5367 3366 5439">
     <span class='ocr_line' id='line_1_118' title="bbox 1793 5367 3366 5439; baseline 0 -16"><span class='ocrx_word' id='word_1_854' title='bbox 1793 5367 2042 5439; x_wconf 73' lang='grc' dir='ltr'>πέμψαι.</span> <span class='ocrx_word' id='word_1_855' title='bbox 2082 5368 2291 5439; x_wconf 77' lang='lat' dir='ltr'><strong>Habent</strong></span> <span class='ocrx_word' id='word_1_856' title='bbox 2335 5371 2445 5424; x_wconf 87' lang='lat' dir='ltr'><strong>duo</strong></span> <span class='ocrx_word' id='word_1_857' title='bbox 2483 5371 2606 5422; x_wconf 88' lang='lat' dir='ltr'><strong>libri</strong></span> <span class='ocrx_word' id='word_1_858' title='bbox 2638 5381 2849 5424; x_wconf 85' lang='lat' dir='ltr'><strong>veteres</strong></span> <span class='ocrx_word' id='word_1_859' title='bbox 2881 5367 3176 5438; x_wconf 83' lang='grc' dir='ltr'>Θεόδωρον.</span> <span class='ocrx_word' id='word_1_860' title='bbox 3213 5367 3366 5423; x_wconf 82' lang='lat' dir='ltr'><strong>Edili</strong></span> 
     </span>
    </p>
   </div>
   <div class='ocr_carea' id='block_1_117' title="bbox 1791 5438 3368 5510">
    <p class='ocr_par' dir='ltr' id='par_1_117' title="bbox 1791 5438 3368 5510">
     <span class='ocr_line' id='line_1_119' title="bbox 1791 5438 3368 5510; baseline -0.002 -18"><span class='ocrx_word' id='word_1_861' title='bbox 1791 5438 1971 5510; x_wconf 81' lang='lat' dir='ltr'><strong>autem</strong></span> <span class='ocrx_word' id='word_1_862' title='bbox 2017 5438 2326 5509; x_wconf 70' lang='grc' dir='ltr'>ἀνέπεμψα.</span> <span class='ocrx_word' id='word_1_863' title='bbox 2365 5439 2469 5493; x_wconf 87' lang='lat' dir='ltr'><strong>Sed</strong></span> <span class='ocrx_word' id='word_1_864' title='bbox 2501 5440 2556 5492; x_wconf 91' lang='lat' dir='ltr'><strong>in</strong></span> <span class='ocrx_word' id='word_1_865' title='bbox 2593 5455 2693 5510; x_wconf 14' lang='lat' dir='ltr'><strong>sex,</strong></span> <span class='ocrx_word' id='word_1_866' title='bbox 2721 5456 2855 5494; x_wconf 83' lang='lat' dir='ltr'><strong>mss.</strong></span> <span class='ocrx_word' id='word_1_867' title='bbox 2891 5443 3089 5510; x_wconf 84' lang='lat' dir='ltr'><strong>legitur</strong></span> <span class='ocrx_word' id='word_1_868' title='bbox 3117 5440 3368 5510; x_wconf 62' lang='grc' dir='ltr'><strong>ἀναπέμτ-</strong></span> 
     </span>
    </p>
   </div>
   <div class='ocr_carea' id='block_1_118' title="bbox 1789 5507 3356 5580">
    <p class='ocr_par' dir='ltr' id='par_1_118' title="bbox 1789 5507 3356 5580">
     <span class='ocr_line' id='line_1_120' title="bbox 1789 5507 3356 5580; baseline 0.001 -17"><span class='ocrx_word' id='word_1_869' title='bbox 1789 5510 1909 5578; x_wconf 74' lang='grc' dir='ltr'>ψαι.</span> <span class='ocrx_word' id='word_1_870' title='bbox 1948 5509 2156 5564; x_wconf 87' lang='lat' dir='ltr'><strong>Similis</strong></span> <span class='ocrx_word' id='word_1_871' title='bbox 2185 5507 2442 5580; x_wconf 60' lang='lat' dir='ltr'><strong>occurrit</strong></span> <span class='ocrx_word' id='word_1_872' title='bbox 2463 5509 2718 5578; x_wconf 89' lang='lat' dir='ltr'><strong>loquendi</strong></span> <span class='ocrx_word' id='word_1_873' title='bbox 2750 5513 2892 5580; x_wconf 81' lang='lat' dir='ltr'><strong>ratio</strong></span> <span class='ocrx_word' id='word_1_874' title='bbox 2926 5507 2980 5564; x_wconf 75' lang='lat' dir='ltr'><strong>in</strong></span> <span class='ocrx_word' id='word_1_875' title='bbox 3016 5511 3176 5580; x_wconf 84' lang='lat' dir='ltr'><strong>epist.</strong></span> <span class='ocrx_word' id='word_1_876' title='bbox 3211 5509 3244 5565; x_wconf 90' lang='lat'>9</span> <span class='ocrx_word' id='word_1_877' title='bbox 3286 5507 3356 5564; x_wconf 84' lang='lat' dir='ltr'><strong>ad</strong></span> 
     </span>
    </p>
   </div>
   <div class='ocr_carea' id='block_1_119' title="bbox 1792 5578 3257 5644">
    <p class='ocr_par' dir='ltr' id='par_1_119' title="bbox 1792 5578 3257 5644">
     <span class='ocr_line' id='line_1_121' title="bbox 1792 5578 3257 5644; baseline -0.001 -9"><span class='ocrx_word' id='word_1_878' title='bbox 1792 5581 2111 5644; x_wconf 78' lang='lat' dir='ltr'><strong>Maximum,</strong></span> <span class='ocrx_word' id='word_1_879' title='bbox 2134 5586 2188 5632; x_wconf 91' lang='lat' dir='ltr'><strong>et</strong></span> <span class='ocrx_word' id='word_1_880' title='bbox 2212 5579 2284 5634; x_wconf 67' lang='lat'><strong>28</strong></span> <span class='ocrx_word' id='word_1_881' title='bbox 2307 5581 2372 5633; x_wconf 89' lang='lat' dir='ltr'><strong>ad</strong></span> <span class='ocrx_word' id='word_1_882' title='bbox 2406 5578 2705 5634; x_wconf 81' lang='lat' dir='ltr'><strong>Ecclesium</strong></span> <span class='ocrx_word' id='word_1_883' title='bbox 2739 5578 3257 5637; x_wconf 69' lang='lat' dir='ltr'><strong>Neocmsarietisem.</strong></span> 
     </span>
    </p>
   </div>
   <div class='ocr_carea' id='block_1_120' title="bbox 1861 5648 2776 5722">
    <p class='ocr_par' dir='ltr' id='par_1_120' title="bbox 1861 5648 2776 5722">
     <span class='ocr_line' id='line_1_122' title="bbox 1861 5648 2776 5722; baseline -0.003 -15"><span class='ocrx_word' id='word_1_884' title='bbox 1861 5655 1881 5675; x_wconf 81' lang='lat'><strong><em>&#39;</em></strong></span> <span class='ocrx_word' id='word_1_885' title='bbox 1912 5651 2063 5707; x_wconf 79' lang='lat' dir='ltr'><strong>Alias</strong></span> <span class='ocrx_word' id='word_1_886' title='bbox 2085 5648 2194 5705; x_wconf 71' lang='grc' dir='ltr'>ιιι.</span> <span class='ocrx_word' id='word_1_887' title='bbox 2233 5648 2448 5722; x_wconf 83' lang='lat' dir='ltr'><strong>Scripta</strong></span> <span class='ocrx_word' id='word_1_888' title='bbox 2479 5665 2624 5706; x_wconf 91' lang='lat' dir='ltr'><strong>anno</strong></span> <span class='ocrx_word' id='word_1_889' title='bbox 2652 5648 2776 5705; x_wconf 76' lang='lat'><strong>371.</strong></span> 
     </span>
    </p>
   </div>
  </div>
