3870 6218
508 224 609 327 ut
1809 254 1869 310 S.
1912 248 2156 307 BASILII
2194 248 2410 306 MAGNI
3662 249 3754 304 ,ηε

510 387 742 451 delicet,
799 391 855 439 et
913 380 1216 438 intueberis
1273 376 1520 449 paciﬁcis
1578 374 1795 438 oculis,
1850 386 2036 439 cumqt

2226 367 2361 432 ΰτως
2391 369 2663 441 ἐγχειρεῖν
2700 369 2813 432 τοῖς
2842 365 3321 436 σπουδαζομένοις.
3360 365 3458 417 ’ον
3498 364 3591 418 καί
3631 365 3754 417 ὑπο·

510 493 736 552 prccum
798 474 1049 533 subsidio
1121 473 1396 527 ﬁrmatum
1430 511 1446 534 ,
1493 484 1557 522 ac
1601 467 1909 522 litterarum
1971 462 2038 516 vi:

2225 459 2314 532 ἐξῃ
2340 460 2604 532 δηλονότι,
2626 460 2721 513 καὶ
2746 458 3108 533 προσϐλέψεις
3135 457 3429 529 εἰρηνικοῖς
3451 453 3753 524 ὀφθαλμοῖς,

509 544 623 628 tico
672 570 984 631 munitum,
1023 566 1132 620 imo
1170 564 1334 618 etiam
1386 561 1652 617 bonorum
1703 558 1795 629 qui
1838 556 1980 628 apud

2229 550 2454 621 τηρίξας
2491 568 2552 603 τε
2601 550 2763 604 αὐτὸν
2804 552 2871 621 τῇ
2902 548 2990 603 διὰ
3037 548 3146 602 τῶν
3180 544 3500 620 προσευχῶν
3532 544 3754 625 βοηθείᾳ,

512 676 644 724 sunt
714 662 990 718 nonnullis
1052 658 1371 728 adjunctum
1404 694 1419 719 ,
1469 652 1538 707 ad
1584 650 1863 722 proposita
1915 648 2039 705 dedi

2231 641 2288 694 αἱ
2317 641 2604 709 ἐφοδιάσας
2638 640 2966 713 γράμμασι,
2998 638 3197 711 μᾶλλον
3223 637 3279 691 δέ
3302 637 3398 691 καὶ
3426 635 3758 709 παραζεύξας

514 774 628 814 ces.
684 754 853 809 Nobis
911 760 1090 807 autem
1123 764 1303 819 operae
1328 747 1562 818 pretium
1596 758 1720 799 esse
1767 742 1947 797 visum
2006 756 2042 792 e:

2230 733 2345 798 ινὰς
2372 734 2481 803 (67)
2522 735 2629 787 τῶν
2674 735 2899 788 αὐτόθεν
2934 732 3269 796 σπουδαίων,
3304 731 3398 784 ἐπὶ
3441 731 3511 784 τά
3549 730 3757 801 προκεί-

515 850 583 905 ad
613 847 930 917 episcopum
954 842 1138 897 Romae
1167 841 1410 896 scribere
1434 877 1449 902 ,
1503 844 1562 890 ut
1614 850 1704 890 res
1751 842 1967 887 nostras
2000 829 2043 883 ii:

2231 843 2331 879 ,eva
2354 826 2663 898 ὁδηγήσεις.
2711 826 2912 897 Έφάνη
2943 826 3000 879 δὲ
3038 827 3170 896 ἡμῖν
3207 822 3497 878 ἀκόλουθον
3530 823 3759 876 ἐπιστεῖ-

515 914 702 1003 visat,
734 914 1111 993 eticonsilium
1165 933 1299 987 dare
1324 972 1339 995 ,
1378 937 1437 984 ut
1469 943 1592 983 cum
1622 927 1775 981 illinc
1813 938 2043 978 commm

2232 936 2279 969 αι
2305 916 2385 987 τῷ
2417 918 2702 988 ἐπισκὸπῳ
2744 917 2982 989 Ῥώμης,
3005 916 3404 987 ἐπισκέψασθαι
3429 914 3499 969 τὰ
3519 914 3760 979 ἐνταῦθα,

515 1048 582 1087 ac
633 1030 897 1103 synodico
946 1028 1165 1083 decreto
1219 1024 1433 1093 aliquos
1488 1019 1633 1077 mitti
1697 1017 1917 1073 diﬁicile
1971 1015 2043 1071 sit

2235 1010 2289 1063 αἱ
2325 1010 2506 1065 δοῦναι
2548 1011 2773 1083 γνώμην
2797 1053 2812 1076 ,
2848 1011 2912 1063 ἶν’
2939 1009 3125 1082 ἐπειδὴ
3165 1009 3274 1063 ἀπὸ
3306 1008 3486 1064 κοινοῦ
3521 1008 3617 1062 καὶ
3648 1024 3763 1060 συν-

404 1176 411 1181 .
516 1125 632 1195 ipse
664 1097 770 1177 hoc
795 1120 1071 1191 negotium
1113 1132 1214 1171 suo
1257 1123 1435 1169 marte
1466 1112 1812 1184 aggrediatur
1834 1151 1849 1174 ,
1884 1110 1932 1164 el

2237 1101 2372 1156 Ξικοῦ
2413 1102 2683 1174 δόγματος
2735 1102 3109 1173 ἀποσταλῆναί
3160 1118 3314 1165 τινας
3363 1099 3617 1154 δύσκολον
3664 1097 3765 1152 τῶν

515 1190 768 1272 homines
817 1190 1045 1267 idoneos
1096 1209 1164 1263 ad
1195 1207 1549 1278 perferendos
1598 1203 1811 1259 itineris
1832 1201 2043 1255 labores

2237 1193 2405 1248 κεῖθεν
2429 1236 2443 1256 ,
2485 1195 2646 1249 αὐτὸν
2679 1194 3008 1265 αὐθεντῆσαι
3040 1196 3169 1265 περί
3209 1193 3268 1247 τὸ
3301 1194 3535 1264 πρᾶγμα
3558 1231 3574 1256 ,
3617 1190 3765 1244 ἐκλε-

515 1308 745 1363 idoneos
798 1304 866 1360 ad
898 1319 1014 1366 eos,
1050 1303 1143 1375 qui
1204 1300 1349 1370 apud
1397 1313 1501 1353 nos
1536 1296 1779 1367 perversi
1808 1302 1936 1351 sunt
1966 1334 1979 1356 ,
2013 1293 2043 1345 ll

2239 1282 2425 1352 ίιμενον
2464 1283 2665 1355 ἄνδρας
2691 1285 2908 1347 ἱκανοὺς
2940 1284 3037 1355 μὲν
3080 1283 3385 1357 ὁδοιπορίας
3430 1283 3626 1346 πόνους
3667 1282 3767 1334 ὑπ-

518 1402 690 1456 nitate
733 1415 798 1455 ac
855 1398 1022 1453 animi
1072 1395 1380 1451 constantia
1429 1390 1825 1461 corrigendos;
1882 1399 2046 1459 aptet

2240 1379 2437 1444 θεγκεῖν
2463 1376 2594 1447 (68),
2633 1378 2852 1440 ἱκανοὺς
2873 1377 2927 1431 δὲ
2959 1376 3227 1449 πραότητι
3253 1376 3348 1431 καί
3370 1375 3583 1446 εὐτονίᾳ
3611 1374 3768 1446 ῆθους

516 1500 873 1563 attemperate
925 1497 1140 1544 utentes
1200 1502 1494 1552 sermone,
1537 1497 1833 1552 secumque
1887 1480 2044 1535 haben

2240 1467 2321 1530 ιὺς
2355 1466 2771 1539 ἐνδιαστρόφους
2798 1467 2906 1520 τῶν
2933 1467 3062 1538 παρ’
3094 1468 3225 1539 ἡμῖν
3264 1465 3621 1535 νουθετῆσαν
3653 1465 3768 1517 ἐπι-

515 1595 600 1643 tes
630 1598 968 1655 quaecunque
1016 1590 1138 1652 post
1188 1578 1538 1633 Ariminense
1588 1574 1885 1631 concilium
1935 1578 2043 1642 gesl

2239 1559 2422 1630 ηδείως
2466 1558 2524 1613 δέ
2564 1559 2660 1612 καὶ
2696 1558 3056 1630 οἰκονομικῶς
3088 1557 3462 1630 κεχρημένους
3505 1555 3582 1625 τῷ
3608 1552 3767 1623 λόγῳ,

514 1648 682 1740 ευιιί,
750 1674 818 1729 ad
871 1648 1061 1728 eorum
1111 1685 1231 1741 quae
1285 1684 1382 1738 per
1426 1667 1535 1721 vim
1566 1666 1677 1721 illic
1724 1670 1847 1719 acta
1876 1659 2042 1716 fuerat

2240 1653 2290 1705 αι
2344 1652 2523 1705 πάντα
2578 1650 2802 1722 ἔχοντας
2845 1651 2964 1721 μεθ’
3000 1650 3208 1704 ἑαυτῶν
3262 1648 3330 1702 τὰ
3378 1648 3515 1719 μετά
3559 1649 3768 1720 Ἀριμί-

514 1713 682 1740 mu...
750 1713 818 1729 ι...
871 1713 1061 1728 μνη...
1111 1713 1231 1741 ,νην
1286 1713 1373 1738 ν--
1566 1713 1677 1721 ---η
1724 1713 1846 1719 η---
1878 1713 1980 1716 -η
2037 1713 2042 1714 ,

514 1766 968 1829 dissolutionem;
1004 1761 1185 1831 iique,
1223 1758 1442 1814 nemine
1474 1758 1714 1821 sciente,
1771 1754 1906 1810 citra
1951 1761 2042 1808 stre

2244 1761 2284 1797 ιν
2315 1744 2425 1816 (69)
2462 1713 2858 1816 πεπραγμένα,
2903 1744 2995 1799 ἐπὶ
3038 1743 3190 1798 λύσει
3222 1743 3332 1797 τῶν
3372 1713 3491 1794 κατ’
3530 1713 3772 1810 ἀνάγκην

516 1859 688 1929 pitum
736 1870 833 1927 per
865 1870 1016 1910 mare
1067 1854 1176 1908 huc
1235 1852 1575 1918 adveniant,
1634 1857 1696 1904 ut
1772 1848 2044 1920 opinione}

2249 1839 2311 1890 ξεῖ
2341 1837 2652 1908 γενομένων
2676 1853 2690 1867 ο
2723 1838 2819 1891 καὶ
2844 1837 3003 1890 τοῦτο
3031 1835 3258 1908 μηδενὸς
3286 1834 3505 1897 εἰδότος,
3533 1829 3777 1903 ἀψοφητὶ

516 1951 869 2006 inimicorum
918 1947 1069 2018 pacis
1102 1953 1451 2018 praevertam.

2249 1929 2282 1984 ἀ
2308 1929 2583 2001 θαλάσσης
2605 1930 2895 1999 ἐπιστῆναι
2922 1930 3033 1992 τοῖς
3072 1921 3176 1982 ὧδε
3204 1968 3216 1990 ,
3256 1927 3398 1998 ὑπὲρ
3435 1925 3530 1979 τοῦ
3571 1925 3777 1996 φθάσαι

2117 2066 2123 2072 .
2191 2020 2291 2092 τὴν
2318 2021 2569 2092 αἴσθησιν
2608 2020 2719 2074 τῶν
2754 2019 2963 2092 ἐχθρῶν
2996 2022 3096 2091 τῆς
3128 2019 3372 2090 εἰρήνης.

585 2147 640 2200 2.
682 2144 1004 2215 Requiritur
1053 2152 1232 2199 autem
1290 2151 1345 2198 et
1401 2140 1532 2196 illud
1590 2155 1620 2194 a
1662 2139 1944 2195 nonnullis
1997 2137 2093 2208 qui

2263 2132 2316 2187 2.
2360 2130 2727 2203 Ἐπιζητείται
2753 2132 2811 2185 δὲ
2842 2132 3064 2185 κάκεῖνο
3085 2128 3240 2203 παρά
3266 2146 3430 2183 τινων
3457 2127 3565 2181 τῶν
3592 2125 3779 2180 ἐντεῦ-

516 2240 609 2293 hic
661 2245 790 2293 sunt
819 2276 834 2298 ,
884 2251 949 2291 ac
986 2234 1303 2290 necessario
1346 2233 1568 2303 quidem
1595 2271 1611 2296 ,
1643 2237 1705 2285 ut
1740 2231 1903 2286 etiam
1933 2231 2041 2285 nob

2249 2242 2316 2288 ιν,
2350 2224 2665 2294 ἀναγκαίως
2690 2264 2705 2289 ,
2738 2224 2814 2288 ὡς
2843 2225 2938 2279 καὶ
2970 2224 3154 2288 αὐτοῖς
3197 2225 3331 2295 ἡμῖν
3360 2220 3777 2290 καταφαίνεται,

515 2324 654 2396 ipsis
684 2322 919 2387 videtur,
974 2331 1033 2376 ut
1065 2321 1172 2392 ipsi
1206 2319 1447 2374 Marcelli
1472 2319 1721 2373 haeresim
1763 2318 1912 2372 velut
1966 2331 2043 2388 pel

2254 2354 2255 2359 η
2286 2317 2384 2388 τὴν
2412 2317 2733 2390 Μαρκέλλου
2787 2318 3000 2388 αἵρεσιν
3044 2317 3242 2381 αὐτοὺς
3274 2316 3350 2379 ὡς
3390 2313 3631 2386 χαλεπὴν
3685 2313 3782 2368 καὶ

515 2418 804 2480 niciosam,
859 2424 915 2470 et
944 2417 1183 2480 noxiam,
1220 2420 1275 2468 et
1324 2428 1354 2467 a
1403 2427 1537 2467 sana
1571 2411 1676 2466 ﬁde
1702 2411 1937 2466 alienam
1994 2425 2043 2465 ei

2255 2409 2496 2482 αϐεράν,
2546 2411 2640 2463 καὶ
2678 2409 2782 2480 τῆς
2819 2409 3168 2481 ὑγιαινούσης
3214 2410 3450 2474 πίστεως
3482 2408 3783 2479 ἀλλοτρίως

515 2510 834 2565 terminent.
875 2506 1010 2561 Nam
1065 2506 1330 2560 hactenus
1367 2504 1423 2559 in
1477 2504 1736 2560 omnibus
1780 2518 1921 2573 quas
1950 2517 2039 2558 scr

2255 2520 2454 2572 ουσαν,
2484 2502 2727 2575 ἐξορίσαι
2758 2502 2892 2575 (το).
2930 2502 3083 2556 Ἐπεὶ
3119 2502 3282 2575 μέχρι
3309 2502 3400 2556 τοῦ
3435 2501 3531 2556 νῦν
3574 2502 3632 2556 ὲν
3670 2503 3783 2555 πᾶ-

516 2602 655 2655 bunt
708 2597 954 2662 litteris,
1008 2596 1196 2650 Arium
1264 2594 1488 2665 quidem
1549 2594 1773 2648 infausti
1854 2592 2040 2647 nomin

2258 2613 2278 2648 ν
2311 2588 2392 2658 οἷς
2422 2593 2794 2648 ἐπιστέλλουσι
2842 2593 3168 2665 γράμμασι,
3206 2594 3298 2647 τὸν
3339 2594 3436 2666 μὲν
3463 2592 3786 2665 δυσώνυμον

516 2693 695 2747 virum
728 2705 931 2760 susque
967 2689 1144 2758 deque
1191 2687 1538 2742 anathemate
1577 2685 1761 2751 ferire,
1808 2693 1862 2741 et
1896 2684 1964 2739 ab
1990 2682 2044 2737 Et

2257 2702 2423 2757 .pstov»
2442 2686 2555 2741 ἄνω
2584 2687 2679 2740 καὶ
2704 2686 2856 2740 κάτω
2887 2684 3371 2757 ἀναθεματίζοντες
3393 2686 3489 2740 καὶ
3513 2684 3622 2740 τῶν
3654 2687 3785 2741 Ἐκ-

518 2784 702 2840 clesiis
750 2783 991 2851 relegare
1024 2794 1134 2835 non
1172 2787 1392 2835 cessant
1427 2794 1441 2831 :
1491 2778 1755 2833 Marcello
1807 2793 1960 2842 vero,
1996 2793 2046 2848 qi

2256 2776 2431 2847 ,ησιῶν
2474 2777 2807 2850 ἐξορίξοντες
2840 2778 2900 2831 οὐ
2931 2777 3295 2832 διαλείπουσιο
3342 2777 3651 2850 Μαρκέλλῳ
3698 2777 3784 2841 δὲ,

516 2876 850 2945 impietatem
891 2873 940 2927 ei
982 2889 1048 2927 ex
1120 2871 1394 2926 diametro
1462 2871 1771 2941 oppositam
1819 2870 2044 2941 protulit

2258 2867 2271 2919 ὅ
2305 2869 2447 2923 κατὰ
2496 2870 2788 2941 διάμετρον
2829 2868 3022 2940 ἐκείνῳ
3066 2869 3166 2941 τὴν
3204 2870 3456 2924 ἀσέϐειαν
3502 2869 3786 2935 ἐπιδειξα-

517 2975 572 3021 et
612 2967 668 3020 in
697 2965 870 3034 ipsam
914 2962 1220 3018 divinitatis
1264 2962 1541 3033 Unigeniti
1574 2964 1952 3019 exsistentiam
1986 2964 2045 3018 in

2259 2963 2375 3034 ἑνῳ,
2408 2962 2501 3017 καὶ
2541 2966 2621 3027 εἰς
2654 2964 2825 3037 αὐτὴν
2867 2965 2967 3036 τὴν
3008 2961 3241 3034 ὕπαρξιν
3287 2964 3384 3035 τῆς
3411 2962 3506 3016 τοῦ
3532 2964 3787 3032 Μονογε-

520 3060 644 3129 pius
699 3056 823 3118 fuit,
879 3065 933 3109 et
963 3053 1133 3110 Verbi.
1177 3055 1600 3126 appellationem
1631 3070 1796 3125 prave
1834 3055 2048 3126 accepit

2264 3054 2322 3121 ῦς
2351 3055 2603 3128 θεότητος
2634 3057 2967 3129 ἀσεϐήσαντι
2983 3096 2998 3123 ,
3028 3059 3124 3112 καὶ
3148 3056 3337 3120 κακῶς
3361 3055 3459 3128 τὴν
3481 3054 3576 3108 τοῦ
3601 3056 3792 3125 Λόγου

517 3151 734 3206 nullum
791 3149 1043 3204 videntur
1084 3148 1338 3203 intulisse
1390 3146 1743 3217 vituperium.
1806 3146 1909 3214 Qui
1956 3146 2045 3202 Vel

2264 3148 2567 3220 νοσηγορίαν
2598 3147 2941 3220 ἐκδεξαμένῳ
2965 3188 2981 3213 ,
3027 3148 3286 3220 οὐδεμίαν
3317 3147 3522 3220 μέμψιν
3550 3149 3792 3217 ἐπενεγ-

518 3246 645 3299 bum
674 3242 893 3314 quidem
943 3241 1151 3296 dictum
1184 3240 1356 3296 fuisse
1407 3238 1756 3311 Unigenitum
1786 3240 2042 3295 concedit

2266 3257 2381 3304 ντες
2408 3241 2711 3311 φαίνονται.
2751 3242 2846 3306 Ὃς
2873 3242 3046 3310 Λόγον
3082 3242 3180 3312 μέν
3206 3239 3457 3312 εἰρῆσθαι
3480 3240 3572 3294 τὸν
3603 3242 3794 3295 Μονο-

516 3336 585 3390 ad
636 3349 796 3391 usum
837 3342 890 3390 et
944 3333 1012 3388 ad
1056 3340 1273 3402 tempus
1310 3332 1701 3402 progrediens,
1756 3333 1849 3387 sed
1898 3349 2044 3389 rurst

2268 3335 2324 3407 νῆ
2352 3335 2552 3399 δίδωσι,
2578 3334 2719 3389 κατά
2747 3335 2936 3406 χρείαν
2967 3336 3060 3388 καὶ
3085 3335 3178 3388 ἐπὶ
3201 3332 3397 3407 καιροῦ
3423 3331 3796 3405 προελθόντα,

516 3428 584 3483 ad
631 3442 754 3483 eum
788 3424 932 3481 unde
978 3425 1182 3496 prodiit
1228 3431 1533 3488 revertens,
1586 3438 1766 3494 neque
1805 3435 1931 3480 ante
1970 3441 2036 3481 ex

2267 3426 2359 3480 ιλιν
2388 3426 2445 3480 δὲ
2475 3428 2555 3490 εἰς
2584 3425 2677 3481 τὸν
2699 3425 2822 3480 ὅθεν
2849 3425 3075 3497 ἐξῆλθεν
3103 3423 3595 3496 ἐπαναπρέψαντα
3614 3463 3629 3489 ,
3656 3424 3795 3478 οὔτε

514 3524 629 3570 tum
684 3529 826 3579 esse,
868 3529 1047 3584 neque
1100 3521 1223 3583 post
1273 3513 1507 3569 reditum
1544 3514 1866 3570 subsistere.
1911 3516 2042 3586 Atqi

2271 3520 2299 3573 ὸ
2326 3521 2423 3591 τῆς
2465 3518 2645 3586 ἐξόδου
2676 3515 2813 3574 εἶναι
2837 3560 2853 3585 ,
2884 3519 3010 3574 οὐτε
3053 3520 3192 3591 μετά
3238 3518 3335 3590 τὴν
3376 3517 3639 3572 ἐπάνοδον
3681 3519 3796 3587 ὑφ-

515 3607 681 3678 hujus
724 3607 804 3662 rei
842 3614 1164 3678 argumenta
1193 3614 1324 3660 sunt
1362 3606 1564 3661 servati
1622 3608 1764 3677 apud
1801 3622 1905 3663 nos
1933 3608 2043 3664 nef:

2268 3612 2430 3667 τάναι.
2459 3614 2571 3667 Καὶ
2599 3613 2789 3667 τούτου
2829 3611 3104 3677 ἀπόδειξις
3142 3613 3198 3665 αἰ
3236 3612 3367 3683 παρ’
3390 3612 3796 3689 ήμίνοάποκεί-

513 3702 609 3757 riae
643 3700 789 3754 illius
824 3699 1139 3769 scriptionis
1173 3698 1329 3769 163
1382 3699 1528 3753 libri.
1570 3697 1675 3753 Sed
1722 3709 1903 3755 tamen
1961 3717 2034 3755 nu

2272 3721 2354 3758 ναι
2386 3704 2556 3775 βίϐλοι
2588 3706 2689 3776 τῆς
2737 3706 2926 3760 ἀδίκου
2971 3705 3187 3776 ἐκείνης
3239 3703 3563 3776 συγγραφῆς
3600 3705 3800 3778 ὑπάρ-

514 3807 679 3864 quam
712 3807 837 3848 eum
872 3792 1169 3862 reprobare
1202 3792 1305 3847 visi
1345 3797 1513 3856 sunt;
1564 3790 1728 3861 idque
1770 3807 1836 3846 eo
1870 3794 2042 3846 nomir

2270 3814 2398 3852 mv.
2444 3796 2583 3850 Ἀλλ’
2613 3798 2765 3868 ὅμως
2791 3797 2982 3850 τοῦτον
3021 3796 3257 3866 οὐδαμοῦ
3284 3796 3634 3867 διαϐαλόντες
3665 3797 3798 3867 (71)

516 3878 805 3954 vituperati
832 3926 848 3953 ,
893 3883 1040 3955 quod
1072 3899 1197 3939 eum
1230 3884 1302 3938 ab
1362 3883 1519 3938 initio
1556 3899 1628 3939 ex
1662 3883 1906 3940 veritatis
1936 3886 2044 3956 igni

2274 3888 2468 3958 ίινησαν
2488 3927 2502 3949 ,
2550 3888 2646 3942 καὶ
2674 3887 2846 3942 ταῦτα
2878 3887 3058 3942 αἰτίαν
3108 3888 3354 3957 ἔχοντες,
3386 3886 3461 3950 ὡς
3488 3886 3550 3940 τὸ
3579 3885 3644 3952 ἐξ
3681 3888 3802 3960 ἁρ-

515 3978 805 4031 rationein
850 3976 1286 4032 ecclesiasticam
1330 3977 1496 4032 etiam
1529 3976 1971 4032 communionem
2006 3992 2043 4031 rt

2277 3998 2295 4044 ;
2343 3980 2463 4034 κατ’
2496 3978 2718 4049 ἄγνοιαν
2762 3979 2866 4051 τῆς
2898 3979 3186 4053 ἀληθείας,
3241 3979 3335 4034 καὶ
3369 3980 3448 4042 εἰς
3488 3981 3805 4035 κοινωνίαν

513 4069 776 4138 ceperint.
807 4069 972 4140 Igitur
1004 4078 1060 4125 et
1094 4069 1273 4137 illius,
1326 4078 1387 4123 ut
1418 4084 1518 4140 par
1544 4080 1664 4134 est,
1711 4072 1827 4127 ﬁeri
1856 4073 2041 4127 mentii

2276 4074 2353 4127 τὸν
2369 4072 2822 4145 ἐκκλησιαστικὴν
2840 4072 3296 4145 παραδεξάμενοι.
3325 4072 3435 4145 (72)
3453 4073 3699 4127 Ἑκείνου
3726 4093 3804 4129 τε

514 4170 639 4210 nem
671 4171 759 4211 res
817 4165 1115 4227 praesentes
1144 4159 1446 4227 postulant,
1499 4168 1558 4213 ut
1586 4161 1680 4231 qui
1741 4164 2042 4218 occasione]

2274 4165 2611 4238 ομνησθῆναι
2646 4164 2968 4237 πρεπόντως
2992 4166 3216 4221 ἀπαιτεῖ
3230 4166 3300 4221 τὰ
3331 4168 3598 4241 παρόντα,
3635 4170 3802 4225 ὥστε

514 4257 805 4316 quaerunt,
864 4248 1208 4303 occasionem
1289 4264 1398 4304 non
1460 4241 1737 4314 habeant,
1789 4251 1919 4307 dum
1970 4269 2042 4309 sal

2304 4258 2449 4329 ἔχειν
2474 4257 2726 4330 ἀφορμὴν
2746 4296 2761 4323 ,
2791 4259 2921 4321 τοὺς
2949 4256 3205 4322 θέλοντας
3240 4258 3493 4331 ἀφορμὴν
3515 4297 3530 4323 ,
3568 4262 3636 4314 ἐκ
3683 4263 3804 4317 τοῦ

513 4340 582 4394 ad
616 4347 765 4393 tuam
817 4355 877 4394 se
919 4341 1264 4395 sanctitatem
1308 4341 1617 4412 adjungunt
1645 4382 1662 4408 ,
1713 4352 1767 4399 et
1800 4346 1895 4415 qui
1944 4345 2041 4400 cirt

2280 4354 2344 4423 σῇ
2374 4351 2615 4421 ὁσιότητι
2646 4351 2939 4405 συνάπτειν
2963 4350 3092 4415 τοὺς
3120 4350 3461 4420 ὑγιαίνοντας
3480 4393 3495 4415 ,
3526 4353 3623 4406 καὶ
3650 4357 3808 4420 τοὺς

513 4445 697 4485 veram
732 4429 893 4485 ﬁdem
922 4430 1233 4486 claudicant
1253 4473 1268 4498 ,
1317 4410 1592 4490 manifesti
1625 4410 1879 4493 omnibus
1911 4437 2041 4492 ﬁunt

2286 4410 2344 4507 »ξ’
2371 4444 2470 4514 τὴν
2501 4410 2676 4514 ἀληθῆ
2730 4442 2912 4496 πίστιν
2943 4410 3270 4509 όκλάζοντας
3315 4410 3583 4516 φανεροὺς
3642 4410 3814 4503 πᾶσι

441 4582 450 4591 ,
515 4526 588 4580 ita
649 4533 709 4580 ut
761 4524 1020 4595 deinceps
1080 4540 1175 4581 eos
1217 4527 1311 4596 qui
1360 4527 1501 4582 idem
1551 4543 1615 4583 ac
1650 4545 1753 4585 nos
1807 4531 1969 4585 sentit

2282 4536 2417 4608 ﬁcu:
2441 4553 2455 4566 ·
2483 4536 2624 4590 ὥστε
2661 4533 2757 4588 τοῦ
2783 4533 2975 4589 λοιποῦ
2999 4536 3285 4606 γνωρίζειν
3312 4538 3461 4608 ἡμᾶς
3486 4538 3613 4601 τοὺς
3642 4538 3810 4609 ὀμόσ-

514 4633 879 4690 agnoscamus
908 4658 924 4684 ,
969 4632 1071 4672 nec
1129 4617 1245 4688 jam
1299 4619 1450 4674 velut
1494 4619 1548 4674 in
1597 4629 1867 4677 nocturna
1905 4639 2042 4696 pugn

2287 4645 2395 4693 Na;
2419 4645 2432 4658 ·
2465 4630 2559 4682 καὶ
2592 4627 2667 4699 μὴ
2695 4666 2711 4691 ,
2756 4627 2831 4691 ὡς
2878 4628 2936 4680 ἐν
2983 4629 3350 4700 νυκτομαχίᾳ,
3383 4629 3665 4700 μηδεμίαν
3694 4636 3815 4702 φί-

514 4711 725 4765 nullum
775 4712 849 4766 sit
903 4711 1204 4765 amicorum
1251 4718 1307 4765 et
1360 4710 1712 4769 inimicorum
1768 4714 2042 4771 discrimen

2288 4738 2297 4769 ι
2331 4718 2426 4774 καὶ
2478 4717 2753 4789 πολεμίων
2800 4717 2944 4789 ἔχειν
3000 4718 3291 4790 διάκρισιν.
3323 4720 3499 4774 Μόνον
3526 4737 3816 4791 παρακα-

515 4803 808 4858 llortamur
839 4802 1053 4866 solum,
1095 4810 1157 4857 ut
1196 4802 1382 4857 statim
1442 4804 1512 4859 ad
1575 4806 1809 4875 primam
1866 4809 2043 4880 navig:

2291 4828 2397 4883 μεν
2429 4810 2592 4874 εὐθὺς
2626 4809 2732 4863 ὑπὸ
2773 4810 2864 4863 τὸν
2911 4809 3127 4881 πρῶτον
3178 4809 3346 4864 πλοῦν
3387 4812 3816 4885 ἐκπεμφθῆναι

514 4896 715 4950 tionem
765 4893 1058 4964 praedictus
1122 4893 1387 4949 diaconus
1443 4895 1736 4961 mittatur,
1782 4904 1843 4951 ut
1911 4913 2041 4968 poss

2318 4901 2718 4974 προειρημένον
2762 4901 3008 4956 διάκονον
3029 4942 3044 4964 ,
3078 4902 3164 4956 ἵνα
3195 4901 3395 4975 δυνηθῇ
3444 4902 3587 4957 κατὰ
3644 4907 3816 4973 γοῦν

511 4989 704 5043 saltem
734 5001 879 5041 anno
919 4986 1170 5057 sequenti
1224 4987 1429 5043 aliuuid
1479 5003 1692 5053 eorum,
1738 5006 1861 5060 qua:
1893 5007 2039 5061 prec:

2296 4995 2470 5068 φεξῆς
2501 4995 2620 5059 ἔτος
2647 4995 2901 5065 γενέσθαι
2926 5012 2999 5061 τε,
3021 4990 3097 5050 ὧν
3122 4997 3557 5068 προσευχόμεθα.
3606 4998 3824 5056 Ἐκεῖ-

584 5185 1048 5272 (6ημτινέςτηιιε
1082 5186 1236 5272 Harl.
1283 5196 1339 5244 et
1378 5187 1550 5246 Coisl.
1583 5190 1795 5261 primus
1829 5207 1953 5248 cum
1986 5197 2087 5250 tri-

2288 5216 2351 5272 go,
2381 5196 2533 5272 velut
2561 5203 2646 5272 est
2676 5197 2730 5250 in
2753 5196 3003 5272 editione
3032 5194 3242 5272 ﬂagan.
3265 5197 3423 5272 gas»;
3462 5200 3816 5272 Ἀριμὶδνον.

510 5252 798 5339 ωρμίίῇ
830 5256 1137 5339 Emungi.
1177 5328 1217 5339 ,Α
1292 5327 1337 5339 __
1391 5328 1405 5339 _
1495 5327 1540 5339 ,,
1584 5252 1624 5339 ’,
1773 5332 1805 5339 _
1847 5334 1909 5339 __

2295 5252 2372 5337 τό)
2412 5264 2832 5339 Ἐξορισαιρῃι
2856 5252 3030 5339 Meg}.
3054 5252 3238 5339 nam
3264 5267 3434 5339 C9_isl.
3458 5252 3823 5339 nitiade};

583 5327 1452 5407 (68)_'raz_sr_em7r._ltantteq.,
1495 5327 1648 5385 Harl.
1681 5339 1736 5385 et
1765 5332 1936 5407 Coisl.
1967 5336 2085 5404 pri-
2187 5327 2326 5407 Re‘g.
2356 5327 2677 5407 secandus.
2722 5335 2866 5391 Editi
2912 5327 3275 5407 ἐξορίέεσθάι·
3312 5337 3529 5395 “abem
3558 5327 3815 5402 ίῑίῖάέιῖτί

511 5397 1214 5475 ΨιιεζΕςξὶιί-διενεγκεϊν.
1272 5397 1445 5453 Paulo
1478 5406 1615 5475 post
1659 5397 2039 5472 corruptissim

1840 5397 2085 5472 ptissime
2188 5397 2328 5462 Mea.
2354 5414 2411 5460 et
2438 5406 2588 5460 Harl.
2620 5397 2973 5475 ὑγιαινούσης
2999 5397 3368 5472 διδασκαλίας.

515 5468 674 5524 iidem
704 5467 833 5549 editi
862 5470 1092 5540 ἀπονοία
1123 5469 1311 5541 ῆθους,
1347 5467 1505 5539 quod
1525 5470 1724 5526 vulnus
1759 5467 2043 5530 sanavimu

2290 5476 2368 5546 71)
2386 5467 3092 5549 Οὑρᾳμοῦίδιαὸξᾳλᾷκτες.
3110 5478 3187 5533 lta
3202 5467 3375 5541 Harl"
3400 5479 3569 5549 Med.,
3596 5481 3818 5544 Cois].

513 5545 884 5621 ονεειμίεειιιε
920 5555 1052 5621 ἠἓδε
1196 5608 1221 5619 ..
1394 5609 1410 5621 .
1806 5611 1818 5621 .

2300 5545 2415 5621 nus:
2449 5545 2599 5621 _Ed_iti
2628 5546 2878 5619 οὐδαμῶς
2892 5547 3302 5621 διαϐάλλοντες.
3350 5545 3577 5621 Legitur
3606 5557 3828 5615 etiam

584 5608 697 5678 (69)
737 5606 811 5660 Τὰ
849 5608 1000 5687 μετὰ
1038 5608 1346 5687 Ἀριμῖνᾳνι.
1394 5609 1469 5687 lta
1510 5625 1607 5687 sex
1644 5611 2081 5687 nostricodlces

1996 5629 2081 5672 ces
2182 5606 2505 5687 οὐδαμοῦ-1η
2536 5614 2669 5687 Reg.
2704 5606 2947 5672 secundo
2975 5629 3030 5678 et
3059 5620 3228 5676 Coisl.
3259 5606 3524 5679 secundo.

584 5635 697 5678 wn;
739 5635 811 5660 ια
849 5635 1000 5676 μετα
1046 5635 1346 5691 Λριμινιζν..
1395 5635 1469 5662 Iw
1510 5635 1607 5665 sex
1645 5635 1821 5666 nostri
1857 5635 2081 5672 coutces
2182 5635 2418 5741 ouoagou
2447 5635 2501 5698 in
2537 5635 2669 5687 neg.
2704 5635 2870 5672 secun

516 5692 615 5747 pro
644 5693 709 5733 co
740 5679 885 5747 quod
922 5691 1088 5748 prave
1121 5694 1176 5733 in
1209 5679 1372 5736 editis
1395 5679 1674 5750 legebatur
1712 5682 1779 5738 τὰ
1822 5684 1879 5739 ἐν
1930 5685 2081 5757 ’Δρι-
2256 5687 2313 5758 (7
2350 5688 2369 5757 )
2411 5684 2545 5744 Vide
2592 5687 2873 5745 Addenda.
