3870 6218
119 350 233 406 433

1081 355 1569 414 EPISTOLARUM
1609 359 1898 421 CLASSIS
1934 358 1998 416 Il.
2038 362 2258 419 EPIST.
2300 362 2463 418 LXX.

3284 361 3393 419 654

122 484 186 523 νο
219 465 284 522 δὶ
313 466 409 521 καὶ
434 466 546 540 πρὸ
570 467 683 523 τῶν
728 470 1014 543 ἡμετέρων
1040 472 1154 544 (75)
1199 474 1374 545 λόγων
1406 478 1609 541 συνιείς
1650 494 1708 531 τε

1820 493 1961 544 mur,
2000 479 2210 551 pertlci.
2265 478 2404 535 lllud
2436 484 2617 534 autem
2668 485 2794 551 ante
2831 477 2996 533 etiam
3043 492 3206 549 quam
3235 478 3390 535 dica-

121 557 297 621 αὺτὺς
325 558 420 612 καὶ
442 561 715 631 φροντιεῖς
741 560 1010 631 δηλονότι,
1048 563 1198 628 ὅπως
1229 564 1547 630 ἐπιστάντες
1565 606 1581 631 ,
1611 566 1706 620 ὲάν

115 655 151 707 ὁ
177 650 317 716 Θεὸς
357 650 504 723 θέλῃ,
540 650 616 723 μὴ
664 651 903 722 ὲναφῶσι
935 655 1055 718 ταῖς
1097 654 1445 725 Ἐκκλησίαις
1474 655 1544 709 τά
1592 656 1707 728 σχί-

119 760 311 815 σματα
329 784 344 809 ,
370 742 506 797 άλλά
544 744 674 809 τοὺς
704 744 771 799 τά
800 744 940 799 αὑτά
966 744 1296 818 φρονοῦντας
1327 746 1491 802 παντὶ
1519 747 1708 819 τρόπῳ

116 840 205 901 εἰς
253 836 449 890 ²ένωσιν
498 836 867 907 συνελάσωσι,
919 838 1022 893 κάν
1067 855 1222 903 τινας
1273 839 1412 903 ἰδίας
1435 840 1544 894 τῶν
1571 840 1708 911 πρὸς

114 928 390 1000 ἀλλήλους
422 928 695 1000 διαφορῶν
731 930 985 1002 ἀφορμάς
1030 930 1266 1004 εὕρωσιν
1304 931 1527 1003 ἔχοντας
1559 931 1701 1004 (74)⁸

116 1023 267 1093 ὑπὲρ
300 1021 396 1075 τοῦ
443 1023 519 1093 μὴ
550 1022 644 1076 τὸν
679 1022 1062 1095 ὀρθοδοξοῦντα
1109 1024 1238 1078 λαὸν
1281 1027 1362 1089 εἰς
1405 1023 1576 1078 πολλά
1606 1041 1708 1078 κα-

112 1115 489 1185 τατέμνεσθαι
533 1116 675 1188 μέρη
714 1119 828 1181 τοῖς
872 1117 1177 1187 προεστῶσι
1217 1116 1703 1187 συναφιστάμενον.

115 1203 312 1258 Πάντα
350 1204 461 1277 γάρ
508 1205 592 1258 δεῖ
644 1206 943 1260 σπουδάσαι
992 1206 1218 1278 δεύτερα
1268 1206 1579 1278 ἡγήσασθαι
1609 1207 1707 1278 τῆς

115 1296 351 1366 εἰρήνης
369 1334 386 1358 ,
415 1297 509 1350 καὶ
534 1296 643 1368 πρὸ
671 1298 886 1352 πάντων
908 1297 1011 1367 τῆς
1034 1297 1175 1351 κατὰ
1220 1297 1550 1368 Ἀντιόχειαν
1593 1297 1709 1351 Ἐκ-

115 1387 352 1459 κλησίάς
379 1388 778 1460 ἐπιμεληθῆναι
800 1428 816 1454 ,
841 1388 917 1453 ὡς
951 1390 1025 1460 μὴ
1055 1389 1303 1444 ἀσθενεῖν
1353 1391 1413 1443 ὲν
1438 1389 1575 1458 αὐτῇ
1606 1390 1707 1461 τὴν

114 1477 291 1549 ὀρθὴν
337 1478 533 1551 μερίδα
564 1481 696 1550 περὶ
742 1478 811 1532 τὰ
854 1479 1121 1550 πρόσωπα
1166 1478 1513 1550 σχιζομένην.
1557 1479 1707 1533 Μᾶλ-

115 1569 210 1623 λον
232 1570 294 1623 δὲ
317 1609 334 1634 ,
364 1569 572 1624 τούτων
601 1571 856 1625 ἀπάντων
889 1572 984 1625 καὶ
1012 1571 1174 1636 αὐτὸς
1205 1575 1284 1635 είς
1331 1571 1556 1643 ὕστερον
1587 1576 1705 1628 em-

120 1658 373 1732 μελήσῃ,
407 1659 629 1713 ἐπειδὰν
650 1700 663 1723 ,
694 1660 831 1731 ὅπερ
869 1658 1174 1731 εὐχόμεθα,
1217 1659 1352 1714 Θεοῦ
1386 1661 1708 1732 συνεργοῦν-

113 1752 207 1815 τός
230 1768 317 1805 σοι
341 1792 358 1817 ,
388 1752 601 1817 πάντας
620 1753 793 1825 λάϐῃς
817 1752 930 1826 (75)
965 1754 1034 1807 τά
1056 1756 1156 1826 τῆς
1188 1753 1575 1818 καταστάσεως
1598 1754 1707 1812 τῶν

130 1841 478 1913 Ἐκκλησιῶν
509 1842 927 1915 ἐπιτρέποντας.

654 2000 1001 2055 ΕΠΙΣΤΟΛΗ
1037 2001 1113 2056 0'.

1808 581 1955 634 mus,
2002 568 2121 637 ipse
2160 575 2215 624 et
2257 568 2558 639 intelligis,
2599 576 2655 623 et
2723 567 2946 623 curabis
2980 567 3277 633 videlicet,
3330 579 3393 626 ut

1809 657 1950 724 ubi,
2008 655 2120 713 Deo
2166 658 2424 720 volente,
2493 655 2845 720 advenerim,
2912 670 3023 711 non
3092 657 3393 713 immittam

1810 747 2079 805 Ecclesiis
2127 750 2425 805 schismata
2459 764 2472 801 :
2510 748 2605 803 sed
2639 763 2736 804 eos
2765 747 2859 819 qui
2889 747 3076 803 eadem
3122 750 3389 814 sentiunt,

1808 841 1957 895 omni
1983 842 2190 896 ratione
2220 840 2289 896 ad
2330 840 2770 910 conjunctionem
2813 839 3182 908 compellant,
3205 840 3394 895 etiam-

1809 930 1859 985 si
1913 931 2212 987 nonnullos
2274 931 2598 1001 reperiant,
2646 929 2740 1000 qui
2811 930 3054 999 privatas
3122 928 3390 1000 quasdam

1808 1020 2205 1078 discordiarum
2256 1022 2396 1078 inter
2426 1038 2487 1078 se
2544 1036 2744 1078 causas
2785 1021 3063 1089 habeant;
3110 1037 3179 1078 ne
3217 1037 3394 1092 popu-

1808 1113 1896 1170 lus
1946 1098 2289 1169 orthodoxus
2335 1114 2536 1170 multas
2596 1115 2654 1169 in
2691 1124 2884 1185 partes
2936 1115 3243 1181 scindatur,
3279 1131 3390 1172 una

1808 1220 1932 1260 cum
1970 1207 2280 1277 praepositis
2331 1206 2655 1261 abscedens.
2696 1204 2951 1262 Studium
3007 1207 3153 1262 enim
3209 1207 3267 1262 in
3322 1223 3389 1263 eo

1807 1297 2118 1367 ponendum
2152 1304 2270 1365 est,
2328 1305 2389 1352 ut
2447 1296 2567 1369 paci
2591 1297 3019 1370 posthabeantur
3070 1298 3278 1363 omnia,
3322 1312 3389 1353 ac

1807 1404 1919 1459 prae
1967 1388 2227 1445 omnibus
2288 1388 2547 1444 Ecclesia:
2603 1388 2958 1444 Antioohenze
3025 1402 3163 1444 cura
3208 1390 3390 1444 susci-
3474 1416 3477 1419 ν

1808 1482 2009 1550 piatur,
2042 1497 2111 1537 ne
2176 1497 2313 1538 sana
2367 1482 2516 1537 illius
2560 1498 2688 1553 pars
2721 1482 2869 1536 circa
2902 1497 3168 1552 personas
3211 1483 3397 1539 scissa

1808 1572 2145 1628 debilitetur.
2181 1570 2286 1628 Sed
2329 1573 2505 1643 magis
2541 1573 2658 1626 haec
2688 1572 2870 1626 omnia
2901 1579 2956 1628 et
2989 1572 3107 1642 ipse
3128 1572 3389 1642 deinceps

1808 1663 2029 1718 curabis
2054 1704 2071 1729 ,
2126 1672 2511 1735 posteaquam,
2554 1662 2702 1735 quod
2756 1672 3053 1734 optamus,
3097 1663 3387 1734 adjuvante

1810 1762 1862 1809 te
1902 1753 2034 1818 Deo,
2069 1770 2263 1812 omnes
2307 1755 2565 1813 habueris
2591 1756 2715 1821 tibi,
2755 1772 2877 1828 quae
2904 1756 2972 1811 ad
3014 1755 3387 1813 Ecclesiarum

1733 1845 1778 1900 Β
1806 1853 2007 1901 statum
2032 1847 2331 1919 pertinent,
2366 1848 2793 1904 committentes.

2296 2001 2635 2059 EPISTOLA
2674 2002 2863 2057 LXX‘.

115 2113 335 2168 Orientis
354 2116 488 2167 mala
509 2111 1215 2187 egimiisfoioribusﬂepinqit
1238 2113 1470 2187 Basilius,
1494 2122 1546 2187 et
1571 2117 1829 2187 quqsum
1855 2123 2011 2187 roget.
2038 2124 2088 2168 ut
2120 2130 2183 2187 ex
2218 2130 2351 2187 more
2374 2124 2421 2186 et
2455 2122 2665 2187 instituto
2689 2114 2993 2187 decessorunt
3014 2127 3215 2167 suorum
3240 2112 3385 2168 auxi-

541 2177 665 2228 lium
695 2177 839 2241 ferat,
861 2177 1086 2242 inprimis
1105 2177 1347 2241 Dionysii,
1372 2177 1456 2242 qui
1480 2177 1595 2228 olim
1616 2177 1668 2228 in
1690 2177 2050 2243 Cappadociam
2071 2177 2286 2239 miserat,
2314 2177 2398 2241 qui
2416 2177 2628 2242 captivos
2653 2177 2963 2230 redimerem.

380 2288 803 2358 Ἆνεπίπραερος
832 2287 941 2359 (76)
987 2288 1122 2358 περὶ
1159 2288 1446 2345 συνόδου.

197 2400 465 2472 ’Δρχαεας
490 2401 712 2472 ἀγάπης
756 2402 991 2473 θεσμοὺς
1027 2402 1384 2458 ἀνανεοῦσθαι
1411 2444 1427 2470 ,
1466 2403 1561 2457 καὶ
1589 2404 1702 2458 Πα-

119 2492 294 2563 εέρων
332 2494 588 2565 εἰροξτνην,
612 2494 672 2548 τὸ
704 2494 954 2565 οὐράνιον
992 2495 1165 2567 δῶρον
1206 2493 1442 2567 Χριστοῦ
1480 2494 1573 2547 καὶ
1606 2511 1705 2547 σωι

2163 2289 2287 2347 Sine
2315 2286 2650 2358 inscriptione
2678 2287 2741 2343 de
2772 2286 2989 2359 synodo.

1872 2402 2193 2460 Dilectionis
2238 2403 2475 2474 antiquae
2522 2402 2671 2473 leges
2706 2415 2974 2457 renovare
2998 2440 3013 2466 ,
3047 2406 3103 2455 et
3154 2398 3385 2454 Patrum

1802 2515 2025 2572 pacem,
2090 2501 2314 2557 caeleste
2368 2499 2500 2554 illud
2539 2497 2741 2553 Christi
2780 2496 2987 2550 donum
3037 2509 3103 2551 ac
3148 2494 3390 2549 salutare

120 2586 310 2656 τήριον
334 2626 349 2650 ,
385 2585 775 2658 άπομαρανθὲν
808 2586 886 2658 τῷ
936 2587 1154 2659 χρόνῳ,
1203 2587 1367 2640 πάλιν
1419 2589 1555 2655 πρὸς
1602 2585 1703 2655 τὴν

1820 2592 1951 2663 ιιιοᾶ
1997 2599 2244 2662 tempore
2297 2591 2553 2655 exaruit,
2592 2590 2658 2643 ad
2700 2589 2944 2659 vigorem
2999 2584 3198 2642 iterum
3229 2601 3388 2641 revo-

116 2676 308 2747 ἀκμὴν
354 2677 722 2745 ἐπαναγαγεῖν
739 2717 754 2741 ,
787 2678 1082 2746 ἀναγκαῖον
1135 2678 1232 2748 μὲν
1262 2678 1394 2748 ἡμῖν
1438 2675 1533 2730 κα)⁵
1557 2673 1704 2743 ὠφέ-

1820 2700 1947 2749 :are,
1989 2684 2358 2740 necessarium
2389 2682 2610 2753 quidem
2660 2681 2821 2736 nobis
2871 2694 2936 2735 ac
2963 2678 3138 2745 utile;
3183 2678 3387 2749 jucun-

116 2778 281 2836 Αιμσν
302 2808 317 2828 ,
341 2767 573 2838 τερπνὸν
595 2767 652 2820 δὲ
680 2764 741 2821 εῦ
765 2764 901 2833 οἶδα,
936 2769 1018 2822 ὅτι
1050 2768 1145 2821 καὶ
1170 2771 1237 2839 τῇ
1275 2770 1341 2839 σῇ
1373 2764 1703 2837 φιλοχρίστῳ

1820 2775 1931 2830 lum
1961 2781 2165 2842 autem,
2205 2782 2291 2829 sat
2318 2775 2457 2838 scio,
2484 2780 2540 2828 et
2591 2781 2688 2827 tuo
2722 2770 2926 2827 Christi
2949 2770 3157 2824 amanti
3192 2770 3379 2824 animo

114 2858 362 2912 διαθέσει
412 2861 878 2932 καταφανήσεται.
930 2860 997 2914 Τί
1044 2859 1153 2932 γὰρ
1200 2860 1264 2914 ἂν
1294 2859 1504 2929 γένοιτο
1541 2873 1704 2928 χαρι-

1820 2865 2096 2921 videbitur.
2154 2865 2297 2931 Quid
2343 2866 2490 2920 enim
2551 2865 2645 2919 ﬂat
2692 2861 3017 2934 jucundius,
3070 2876 3235 2930 quam
3289 2859 3390 2914 ho-

116 2950 366 3021 6στερον,
405 2950 439 3021 ἢ
474 2951 600 3015 τοὺς
623 2950 862 3022 τοσούτῳ
899 2950 977 3021 τῷ
1020 2950 1215 3021 πλήθει
1248 2950 1358 3003 τῶν
1385 2949 1566 3003 τόπων
1592 2946 1707 3017 διῃ-

1820 2956 1983 3012 mines
2011 2963 2162 3012 tanto
2216 2956 2466 3011 locorum
2506 2954 2796 3010 intervallo
2835 2952 3118 3022 sejunctas
3153 2950 3391 3006 charita-

117 3040 400 3113 ρημένους
425 3039 536 3111 (77)
566 3043 631 3114 τῇ
665 3040 753 3095 διὰ
778 3044 878 3113 τῆς
899 3041 1119 3113 ἀγάπης
1140 3039 1329 3094 ἐνώσει
1351 3038 1594 3110 καθορᾷν
1627 3037 1708 3099 είς

1820 3047 1882 3104 Lis
1909 3047 2131 3102 vinculo
2172 3046 2357 3103 videre
2397 3048 2453 3102 in
2506 3063 2669 3103 unam
2738 3047 3111 3104 membrorum
3165 3045 3387 3101 bat-mc-

117 3132 255 3203 μίαν
283 3130 465 3202 μελῶν
501 3132 766 3204 ἁρμονίαν
808 3133 866 3185 ὲν
904 3132 1116 3202 σώματι
1156 3129 1394 3203 Χριστοῦ
1429 3128 1706 3194 δεδέσθαις

1820 3140 1959 3193 niam
2008 3138 2066 3193 in
2098 3153 2329 3210 corpore
2363 3139 2570 3195 Christi
2621 3137 2919 3209 colligari?
2972 3134 3164 3192 Omnis
3193 3147 3391 3206 prope-

125 3224 197 3275 Ἡ
236 3221 499 3293 ’Δνατολὴ
530 3224 682 3276 πᾶσα
732 3222 915 3293 σχεδὸν
932 3261 950 3287 ,
992 3219 1291 3293 τιμιώτατε
1325 3220 1509 3291 Πάτερ
1533 3218 1701 3307 (λέγω

1820 3228 2025 3283 nodum
2074 3229 2297 3293 Oriens,
2355 3229 2518 3285 Pater
2561 3229 2955 3286 colendissime
3004 3227 3152 3299 (dico
3204 3232 3386 3281 autem

116 3312 177 3367 δὲ
211 3313 506 3384 ’Δνατολὴν
550 3313 621 3368 τά
655 3313 764 3367 ἀπὸ
811 3312 906 3367 τοῦ
960 3312 1253 3386 Ἰλλυρικοῦ
1309 3312 1504 3384 μέχρις
1544 3309 1702 3380 Αίγύ-

1820 3317 2077 3374 Jrientem
2131 3319 2400 3390 quidquid
2435 3322 2505 3376 ab
2561 3321 2779 3393 Illyrico
2837 3319 2904 3375 ad
2940 3318 3237 3390 Egyptum
3286 3331 3386 3371 us-

119 3405 329 3477 m),
387 3405 608 3476 μεγάλῳ
642 3405 872 3477 χειμῶνι
916 3407 1011 3460 καὶ
1059 3404 1288 3458 κλύδωνι
1329 3403 1699 3468 κατασείεται,

1820 3425 1910 3480 lue
1948 3410 2341 3480 protenditur).
2381 3411 2590 3481 ingenti
2635 3417 2959 3482 tempestate
3009 3424 3075 3463 ac
3125 3415 3262 3462 testu
3295 3417 3394 3461 ex‘

120 3502 222 3567 τῆς
258 3498 428 3552 πάλαι
467 3500 567 3569 μὲν
613 3499 915 3572 σπαρείσης
942 3500 1206 3571 αἱρέσεως
1236 3497 1341 3551 ὑπὸ
1381 3495 1474 3550 τοῦ
1507 3494 1700 3566 ὲχθροῦ

1820 3501 2043 3571 tgitatur
2075 3517 2089 3553 :
2120 3518 2246 3557 cum
2293 3502 2499 3559 dudum
2551 3503 2770 3574 quidem
2817 3516 3008 3573 sparsa
3056 3499 3279 3556 haeresis
3320 3497 3389 3551 ab

120 3593 224 3660 τῆς
266 3590 525 3660 ἀληθείας
570 3591 777 3662 Ἀρείου
801 3632 816 3657 ,
849 3591 945 3644 νῦν
987 3590 1043 3644 δὲ
1088 3591 1227 3663 πρὸς
1259 3589 1320 3644 τὸ
1352 3589 1703 3659 ἀναίσχυντον

1820 3594 2029 3651 inimico
2096 3594 2346 3650 veritatis
2399 3591 2535 3648 Ario
2570 3635 2586 3658 ,
2652 3610 2802 3650 nunc
2856 3609 2990 3650 vero
3046 3591 3393 3661 impudenter

122 3682 496 3753 ἀναφανείσης
516 3722 532 3749 ,
563 3684 657 3739 καὶ
687 3683 849 3737 οἱονεὶ
893 3682 1049 3755 ῥίζης
1077 3682 1285 3753 πικρᾶς
1334 3679 1546 3752 καρπὸν
1588 3677 1705 3731 όλέ-

1820 3701 2112 3758 emergens,
2142 3700 2206 3740 ac
2258 3684 2427 3739 veluti
2482 3683 2641 3738 radix
2689 3698 2876 3738 amara
2928 3682 3167 3737 fructum
3194 3679 3392 3735 exitio-

122 3774 277 3844 θριον
330 3774 721 3846 ἀναδιδούσης,
776 3774 1227 3847 κατακρατούσης
1272 3772 1459 3827 λοιπὸν
1512 3770 1601 3825 διὰ
1645 3770 1706 3824 τὸ

1820 3794 1930 3833 sum
1981 3776 2269 3848 proferens
2303 3815 2319 3841 ,
2344 3777 2457 3846 jam
2522 3775 2873 3843 dominetur;
2924 3784 3211 3845 propterea
3244 3772 3391 3842 quod

120 3869 256 3930 τοὺς
300 3866 401 3936 μὲν
448 3866 570 3929 καθ’
613 3866 849 3937 ἑκάστην
894 3866 1187 3939 παροικίαν
1234 3864 1580 3937 προεστῶτας
1610 3862 1705 3916 τοῦ

122 3957 294 4030 ὀρθοῦ
333 3959 494 4027 λόγου
522 3961 587 4013 ἐκ
621 3958 981 4026 συκοφαντίας
1020 3958 1116 4011 καὶ
1143 3957 1408 4028 ἐπηρείας
1432 3955 1542 4008 τῶν
1583 3954 1707 4009 Ἐκ-

124 4052 370 4123 κλησιῶν
402 4054 685 4117 ἐκπεσεῖν,
726 4050 1096 4123 παραδοθῆναι
1145 4050 1202 4104 δὲ
1232 4054 1347 4114 τοῖς
1375 4047 1709 4120 αἰχμαλωτί-

123 4145 279 4209 (sua:
332 4143 433 4206 τὰς
476 4141 656 4212 ψυχὰς
685 4141 791 4196 τῶν
835 4140 1237 4212 ἀκεραιοτέρων
1284 4141 1383 4212 τὴν
1424 4139 1533 4193 τῶν
1572 4155 1710 4210 πρα-

121 4236 355 4305 γμάτων
390 4232 542 4303 ἰσχύν
569 4251 582 4263 ·
631 4234 837 4286 τούτων
883 4233 1011 4304 μίαν
1048 4234 1525 4306 προσεδοκήσαμεν
1557 4233 1709 4287 λύσιν

122 4329 224 4397 τὴν
250 4326 353 4395 τῆς
380 4324 651 4395 ὑμετέρας
679 4323 1079 4395 εὐσπλαγχνίας
1102 4323 1390 4393 ἐπίσκεψιν
1411 4341 1424 4356 ·
1462 4325 1554 4378 καὶ
1583 4324 1712 4394 ἐψυ-

123 4417 455 4487 χαγώγησεν
508 4415 655 4485 ἡμᾶς
701 4413 880 4467 ἀεὶτὸ
929 4413 1231 4484 παράδοξον
1278 4414 1378 4485 τῆς
1436 4413 1709 4485 ὑμετέρας

123 4509 348 4579 ἀγάπης
377 4509 438 4559 ἐν
460 4505 539 4576 τῷ
572 4505 895 4577 παρελθόντι
925 4506 1101 4578 χρόνῳ
1123 4546 1137 4571 ,
1176 4505 1270 4559 καὶ
1301 4507 1458 4578 φήμῃ
1489 4504 1709 4576 φαιδρο-

122 4603 260 4672 τέρῃ.
316 4599 453 4672 πρὸς
501 4598 674 4671 βραχὺ
721 4599 820 4663 τὰς
875 4598 1053 4669 ψυχὰς
1104 4596 1530 4671 ἀνερῤὡσθημεν
1566 4638 1581 4663 ,
1631 4598 1707 4662 ὡς

125 4692 397 4765 ἐσομένης
423 4694 556 4763 ἡμῖν
593 4708 735 4755 τινος
762 4690 1105 4762 ἐπισκέψεως
1146 4691 1276 4761 παρ’
1312 4690 1490 4762 ὑμῶν.
1531 4690 1618 4753 Ὠς
1651 4690 1710 4744 δὲ

124 4784 504 4857 διημάρτομεν
537 4782 638 4853 τῆς
672 4782 913 4848 ἐλπίδος,
944 4782 1140 4855 μηκέτι
1166 4782 1447 4850 στέγοντες
1474 4782 1709 4854 ἤλθομεν

125 4880 216 4930 ἐπὶ
243 4876 346 4947 τὴν
384 4874 474 4930 διὰ
508 4874 603 4928 τοῦ
627 4875 955 4948 γράμματος
1001 4873 1112 4946 (78)
1145 4873 1302 4945 ἡμῶν
1340 4874 1707 4945 παράκλησιν,

124 4967 484 5037 διαναστῆναι
535 4967 680 5037 ὑμᾶς
726 4968 863 5039 πρὸς
916 4966 1016 5039 τὴν
1052 4966 1336 5038 ἀντίληψιν
1374 4965 1531 5038 ήμῶν
1556 5007 1571 5031 ,
1617 4967 1710 5020 καὶ

126 5058 448 5114 ἀποστεῖλαί
494 5075 648 5121 τινας
699 5058 807 5112 τῶν
837 5057 1160 5131 όμοψύχων,
1201 5058 1393 5129 ἢτοὺς
1442 5057 1710 5129 συμϐιϐά-

193 5258 313 5327 (T5)
353 5257 475 5325 Πρὸ
509 5255 630 5327 τῶν
657 5256 976 5327 ἡμετέρων.
1005 5257 1083 5311 Ita
1119 5272 1217 5313 sex
1254 5271 1388 5311 mss.
1408 5254 1571 5327 kEditi
1606 5255 1713 5310 τῶν

128 5325 462 5399 εἰρημένων.
513 5325 891 5399 Ιῂίόεηιεόιιί
932 5329 1246 5399 συννοήσε-ις
1272 5344 1353 5380 τε.
1407 5325 1545 5399 Duo,
1576 5342 1709 5382 mss.

128 5396 386 5469 συνήσεις
420 5414 502 5452 τε.
533 5396 698 5469 Med”
721 5398 889 5469 Coisl.
923 5396 1153 5467 primus,
1183 5397 1315 5468 Reg.
1345 5398 1622 5454 secundus
1660 5405 1715 5452 et

127 5467 304 5538 prima
345 5481 512 5538 manu
547 5467 699 5538 llarl.
729 5477 790 5522 ut
822 5468 877 5521 in
907 5477 1078 5538 ιρις-ιιι.

196 5536 313 5610 (74)
335 5537 643 5610 γεῖῦρωσιφζΔ
668 5536 941 5610 ἔχοντας.
981 5536 1088 5591 Pro
1123 5537 1224 5610 his
1259 5538 1485 5594 vocibus
1515 5538 1715 5610 legitur

131 5606 498 5681 ixi—Vaticano
525 5606 715 5681 codice
749 5623 814 5662 ac
844 5607 977 5681 Reg.
1026 5608 1266 5665 secundo
1306 5615 1361 5664 et
1405 5606 1592 5666 Coislf
1627 5626 1716 5667 ευ·-

130 5678 313 5733 cando
337 5678 581 5748 τύχωσιν
612 5677 852 5746 ἔχοντας.
931 5677 950 5681 ⁷
1368 5688 1375 5694 ’

201 5748 314 5819 (75)
348 5748 483 5804 Vide
513 5748 794 5804 Addenda.

1810 3884 1957 3925 sanae
2007 3868 2271 3924 doctrina:
2317 3868 2375 3925 in
2443 3881 2774 3938 unaquaque
2850 3866 3091 3937 parmcia
3144 3862 3391 3935 signiferi

1810 3978 1907 4032 per
1958 3962 2290 4019 calumniam
2334 3976 2400 4016 ac
2432 3961 2696 4030 injuriam
2730 3960 3058 4015 exciderunt
3101 3956 3389 4021 Ecclesiis,

1810 4051 2012 4108 tradita
2074 4062 2255 4107 autem
2305 4051 2435 4119 bis,
2464 4052 2560 4122 qui
2612 4051 3008 4121 simpliciorum
3053 4049 3267 4103 animas
3300 4061 3393 4101 ca-

1810 4146 1988 4216 ptivas
2016 4143 2223 4199 ducunt
2256 4183 2271 4208 ,
2316 4158 2502 4199 rerum
2545 4150 2807 4213 potestas.
2843 4141 3048 4198 [lorum
3084 4138 3245 4212 165
3271 4140 3395 4194 uni-

1810 4250 1930 4292 cam
1973 4236 2295 4307 solutionem
2335 4234 2774 4305 exspectavimus
2803 4274 2818 4299 ,
2876 4232 3247 4288 miserationis
3297 4247 3392 4287 ve—

1811 4332 1961 4401 strae
1991 4325 2358 4381 visitationem
2402 4343 2414 4379 :
2460 4339 2524 4379 ac
2577 4340 2679 4380 nos
2733 4338 2948 4393 semper
2992 4324 3273 4377 eonsolata
3307 4329 3395 4378 est

1813 4418 2082 4474 mirabilis
2136 4425 2318 4474 vestra
2375 4418 2617 4473 charitas
2656 4416 2934 4487 praeterito
2989 4423 3274 4485 tempore,
3336 4423 3392 4468 et

1815 4511 1939 4565 laeto
1992 4524 2215 4565 rumore
2246 4510 2433 4577 allato,
2475 4507 2592 4564 fore
2635 4516 2695 4562 ut
2744 4522 2776 4560 a
2821 4504 2978 4561 vobis
3010 4506 3390 4567 inviseremur,

1818 4602 2018 4657 animis
2047 4601 2117 4657 ad
2147 4602 2311 4659 breve
2348 4610 2568 4673 tempus
2617 4597 2956 4656 corroborati
2987 4611 3199 4652 sumus.
3230 4593 3392 4649 Post-

1817 4706 1980 4762 quam
2021 4699 2201 4746 autem
2259 4707 2356 4762 spe
2386 4692 2711 4755 excidimus,
2758 4704 2868 4744 non
2902 4688 3015 4758 jam
3050 4685 3286 4756 amplius
3314 4682 3393 4739 fe-

1819 4794 2023 4847 rentes,
2070 4797 2136 4838 eo
2191 4782 2547 4848 devenimus,
2598 4789 2659 4835 ut
2706 4795 2806 4835 vos
2835 4794 2931 4850 per
2976 4780 3189 4833 litteras
3238 4775 3392 4831 obse-

1818 4890 2060 4937 cremus,
2095 4881 2155 4928 ut
2186 4872 2254 4927 ad
2306 4888 2465 4944 Opem
2516 4873 2676 4927 nobis
2720 4871 2998 4927 ferendam
3030 4865 3342 4924 excitemini
3376 4904 3393 4931 ,

1818 4974 1872 5021 et
1899 4981 1966 5022 ex
2006 4966 2091 5021 his
2127 4965 2221 5035 qui
2267 4964 2410 5019 idem
2468 4979 2532 5018 ac
2562 4980 2665 5020 nos
2715 4962 2961 5018 sentiunt
3005 4959 3236 5014 mittatis
3295 4956 3397 5011 ali-

1819 5072 1979 5127 quos,
2015 5058 2108 5127 qui
2164 5057 2247 5111 vel
2274 5055 2605 5111 dissidentes
2656 5053 2988 5117 concilient,
3046 5051 3132 5107 vel
3164 5048 3261 5105 Dei
3291 5047 3395 5104 Ec-

1892 5257 2502 5328 (76t_’Are:zl7-pagooq.
2532 5253 2684 5328 Hanc
2722 5252 3010 5323 epistolam
3042 5248 3416 5320 perspicuum'

1820 5325 1993 5383 estad
2012 5325 2303 5380 Damasum
2339 5340 2532 5394 papam
2569 5326 2828 5392 scriptam
2859 5336 3003 5378 esse.

1893 5397 2006 5519 (ΞἹ)
2046 5387 2584 5481 Διῃρημένὸυζηίῑθ
2621 5387 2790 5448 Cdisl.
2845 5400 3107 5460 uterque,
3156 5387 3395 5443 Clarom.

1947 5482 2032 5519 ett.
2065 5464 2361 5519 secundus.
2392 5465 2532 5519 ladttt
2559 5463 2951 5519 διειογμένουςς

1822 5475 1876 5525 et
1898 5463 2032 5535 Reg.
2065 5463 2361 5520 secundus.
2392 5465 2532 5520 Editi
2559 5463 2951 5535 διειργμένουςς

1895 5528 2007 5609 (78)
2047 5537 2150 5589 Διὰ
2167 5535 2279 5612 τοῦ
2305 5528 2676 5612 ῃνάμμᾳτοςξ
2692 5528 2776 5590 ne
2801 5533 3044 5612 quinque
3058 5544 3232 5611 _mss.;
3256 5528 3398 5612 ‘plu:

1824 5597 1916 5663 res
1953 5597 2136 5661 autem
2166 5608 2221 5660 in
2245 5597 2387 5661 hanc
2412 5597 2717 5675 epistolam
2759 5597 2871 5660 non
2912 5597 3221 5658 habuimus.
3256 5597 3399 5655 Editi

1823 5678 1910 5733 διὰ
1937 5677 2300 5747 γραμμάῖῳῖτ

1901 5753 1917 5770 ⁸
1950 5744 2334 5805 ᾸιὶιιεΟΟΧΧ.
2367 5745 2585 5818 Scripta
2611 5760 2754 5801 anno
2790 5744 2913 5800 571.
