3870 6218
470 367 582 425 Διδό

1802 371 1859 428 S.
1896 371 2141 427 BASILII
2179 370 2392 426 MAGNI

3618 360 3727 418 436

473 487 678 544 etesias
705 486 772 542 ad
800 487 1094 542 amicitiam
1125 488 1412 553 reducant,
1466 488 1549 544 vel
1581 488 1773 544 saltem
1832 498 2051 560 pertur-

2177 490 2344 550 ζοντας
2383 487 2506 547 τοὺς
2547 481 2918 555 διεστῶτας,ἢ
2953 482 3031 545 εἰς
3062 479 3240 549 φιλίαν
3266 478 3363 540 τὰς
3401 475 3728 546 Ἐκκλησίας

476 577 716 634 bationis
769 587 1024 635 auctores
1071 580 1227 635 vobis
1279 581 1483 635 clarius
1520 580 1760 635 indicent
1816 585 1941 648 ;ita
1995 589 2054 635 ut

476 671 737 740 deinceps
778 670 932 724 vobis
996 671 1344 726 manifestum
1379 673 1482 734 sit,
1518 673 1848 742 quibuscum
1897 688 2053 728 com-

477 761 792 816 munionem
855 761 1043 817 deceat
1084 763 1300 818 habere.
1381 762 1616 818 Omnino
1687 774 1865 819 autem
1915 763 2054 817 nihil

480 853 825 921 exposcimus
864 854 1012 916 novi,
1043 854 1138 908 sed
1165 852 1312 923 quod
1350 859 1404 908 et
1454 853 1664 908 caeteris
1698 853 1828 907 olim
1878 853 2053 909 beatis

476 960 539 998 ac
585 943 697 999 Deo
739 945 954 1002 dilectis
987 945 1120 1002 viris
1155 947 1440 1012 usitatum,
1476 954 1531 1001 et
1577 946 1847 1017 praecipue
1873 945 2050 1000 vobis.

477 1028 740 1091 Novimus
787 1037 932 1090 enim
1003 1053 1068 1092 ex
1121 1039 1262 1092 serie
1331 1038 1650 1100 memorias,
1708 1053 1737 1092 a
1807 1037 2053 1106 patribus

479 1126 688 1181 nostris
721 1127 1070 1197 interrogatis
1120 1136 1175 1182 et
1209 1128 1405 1184 litteris
1445 1130 1744 1184 etiamnum
1777 1130 1918 1200 apud
1953 1147 2054 1186 nos

482 1217 777 1271 asservatis
822 1216 1002 1273 edocti
1063 1216 1386 1289 Dionysium
1453 1220 1830 1276 beatissimum
1901 1221 2051 1276 illum

480 1307 819 1376 episcopum,
871 1309 963 1378 qui
1019 1311 1160 1379 apud
1190 1326 1287 1366 vos
1327 1319 1382 1366 et
1419 1321 1567 1366 recta
1608 1313 1712 1369 fide
1743 1322 1796 1370 et
1829 1313 2054 1384 reliquis

479 1397 776 1452 virtutibus
829 1403 1066 1463 enituit,
1124 1402 1378 1457 invisisse
1433 1401 1732 1458 Ecclesium
1809 1413 2051 1460 nostram

481 1486 875 1543 Casariensem
903 1527 919 1552 ,
950 1497 1003 1543 et
1036 1497 1218 1560 patres
1262 1500 1481 1546 nostros
1515 1506 1614 1561 per
1664 1493 1878 1547 litteras
1921 1508 2054 1547 con-

481 1578 716 1634 solatam
743 1594 886 1640 esse,
934 1594 997 1633 ac
1029 1580 1265 1647 misisse,
1302 1583 1393 1650 qui
1431 1582 1632 1638 fratres
1671 1583 1919 1653 captivos
1964 1600 2052 1640 re-

479 1669 766 1726 dimerent.
828 1669 983 1726 Nunc
1037 1681 1220 1727 autem
1280 1673 1549 1730 diliicilior
1619 1690 1685 1730 ac
1721 1675 1936 1731 tristior
1971 1683 2054 1730 est

480 1775 660 1816 rerum
694 1772 1005 1818 nostrarum
1040 1773 1214 1819 status
1242 1806 1257 1830 ,
1291 1773 1344 1820 et
1379 1779 1511 1819 cura
1567 1765 1773 1834 majore
1827 1764 2051 1834 indiget.

2153 577 2249 630 τοῦ
2299 576 2436 630 Θεοῦ
2483 576 2893 642 ἐπανάγοντας,
2951 573 2984 644 ἢ
3036 573 3161 636 τοὺς
3206 569 3336 640 γοῦν
3385 565 3588 632 αἰτίους
3625 568 3726 639 τῆς

2153 666 2564 729 ἀκαταστασίας
2593 664 3004 735 φανερωτέρους
3033 662 3144 734 (79)
3172 661 3298 731 ὑμῖν
3323 657 3687 721 καθιστῶντας
3705 674 3724 688 ·

2154 759 2294 812 ὥστε
2325 757 2418 813 καὶ
2446 759 2577 827 ὑμῖν·
2598 756 2830 827 φανερὸν
2855 750 2994 809 εἶναι
3023 753 3116 806 τοῦ
3153 750 3339 805 λοιποῦ
3365 791 3379 814 ,
3417 750 3553 821 πρὸς
3573 749 3728 812 τίνας

2155 853 2297 923 ἔχειν
2333 851 2432 923 τὴν
2460 849 2743 904 κοινωνίαν
2768 849 3030 919 προσῆκε.
3063 847 3284 907 Πάντως
3313 843 3370 898 δὲ
3407 842 3558 896 οὐδὲν
3598 858 3726 894 και-

2154 943 2243 1012 νὸν
2267 943 2382 1012 (80)
2423 940 2788 1011 ἐπιζητοῦμεν
2807 977 2822 1000 ,
2851 937 2988 990 ἀλλὰ
3013 939 3125 999 τοῖς
3162 953 3221 988 τε
3249 934 3453 996 λοιποῖς
3479 931 3584 985 τῶν
3613 933 3728 984 πά-

2155 1009 2242 1087 λαί
2276 1009 2582 1105 μακαρίων.
2609 1009 2702 1086 καὶ
2750 1028 3013 1098 θεοφιλῶν
3061 1027 3268 1098 ἀνδρῶν
3321 1023 3584 1095 σύνηθες,
3631 1026 3731 1078 καὶ

2153 1126 2514 1198 διαφερόντως
2545 1125 2691 1194 ὑμῖν.
2725 1121 2958 1192 Οἴδαμεν
2987 1121 3096 1190 γὰρ
3123 1163 3134 1186 ,
3170 1120 3387 1190 μνήμης
3416 1115 3730 1186 ἀκολουθίᾳ,

2155 1217 2307 1287 παρὰ
2360 1213 2469 1267 τῶν
2519 1213 2770 1284 πατέρων
2809 1210 2964 1283 ἡμῶν
3019 1209 3350 1281 αἰτηθέντων
3386 1247 3400 1272 ,
3461 1209 3556 1262 καὶ
3620 1208 3733 1260 ἀπὸ

2153 1304 2497 1378 γραμμάτων
2538 1303 2646 1356 τῶν
2701 1302 2780 1355 ἔτι
2826 1301 2920 1355 καὶ
2972 1300 3068 1355 νῦν
3123 1297 3551 1369 πεφυλαγμένων
3596 1299 3732 1368 παρ’

2154 1398 2286 1468 ἡμῖν
2311 1439 2324 1462 ,
2361 1395 2770 1465 διδασκόμενοι,
2815 1392 3090 1445 Διονύσιον
3142 1392 3381 1454 ἐκεῖνον,
3427 1389 3518 1441 τὸν
3551 1402 3736 1458 μακα-

2158 1487 2420 1558 ριώτατον
2464 1485 2762 1538 ἐπίσκοπον
2797 1523 2811 1548 ,
2860 1483 2992 1555 παρ’
3045 1483 3173 1553 ὐμῖν
3231 1481 3323 1535 ἐπί
3373 1497 3432 1534 τε
3480 1478 3734 1550 ὀρθότητι

2155 1581 2389 1641 πίστεως
2413 1577 2506 1630 καὶ
2520 1579 2584 1648 τῇ
2615 1576 2774 1647 λοιπῇ
2801 1576 2968 1647 ἀρετῇ
2994 1562 3382 1645 διαπρέψαντα,
3407 1569 3738 1624 ἐπισκεπτό-

2158 1689 2317 1743 μενον
2340 1671 2428 1724 διὰ
2457 1669 2801 1740 γραμμάτων
2826 1667 2925 1737 τὴν
2949 1666 3224 1736 ἡμετέραν
3273 1663 3594 1733 Ἐκκλησίαν
3621 1660 3736 1714 τῶν

2155 1764 2479 1834 Καισαρέων
2499 1803 2513 1826 ,
2547 1763 2642 1815 καὶ
2671 1759 3092 1833 παρακαλοῦντα
3138 1760 3263 1822 τοὺς
3295 1756 3536 1827 πατέρας
3573 1755 3738 1826 ήμῶν

479 1851 668 1922 Neque
693 1854 835 1907 enim
880 1861 1222 1908 terrenarum
1281 1854 1478 1908 a'dium
1530 1855 1777 1925 lugemus
1826 1854 2053 1910 demoli-

2177 1858 2244 1910 ita‘t
2280 1856 2622 1928 γραμμάτων
2641 1895 2656 1920 ,
2693 1855 2788 1906 καὶ
2819 1853 3057 1923 πέμπειν
3077 1853 3202 1914 τοὺς
3231 1847 3740 1920 ὰπολυτρουμένους

481 1945 719 2005 tionem.
768 1944 864 1998 sed
923 1943 1195 2000 excidium
1252 1943 1661 2008 Ecclesiarum;
1722 1961 1898 2015 neque
1931 1960 2054 2000 cor-

481 2050 674 2105 porum
724 2035 1086 2100 servitutem,
1143 2036 1238 2090 sed
1309 2035 1616 2089 animarum
1681 2037 2050 2106 captivitatem

482 2125 726 2196 quotidie
780 2127 848 2180 ab
906 2126 1130 2182 haeresis
1185 2128 1680 2198 propugnatoribus
1730 2127 1919 2197 perlici
1974 2128 2056 2182 vi-

482 2218 692 2272 demus.
741 2215 921 2282 Quare
953 2217 1060 2272 nisi
1080 2218 1193 2286 jam
1253 2218 1318 2272 ad
1362 2217 1640 2288 suppetias
1681 2216 1930 2273 ferendas
1961 2233 2056 2272 ex-

484 2307 764 2371 citemini,
824 2309 987 2377 paulo
1040 2317 1163 2378 post
1201 2324 1302 2363 nec
1353 2309 1552 2378 quibus
1602 2325 1822 2363 manum
1877 2311 2084 2379 porri-'

485 2399 627 2469 gatis
656 2399 930 2452 inventuri
951 2398 1110 2462 estis,
1139 2401 1396 2455 omnibus
1429 2401 1530 2456 sub
1555 2400 1780 2456 haeresis
1820 2409 2058 2470 potesta-

487 2500 593 2544 tem
625 2488 882 2545 redactis.

487 2580 723 2652 ορῶμεν.
789 2580 949 2634 Ὥστε
1011 2581 1058 2632 εἰ
1117 2581 1190 2652 μὴ
1255 2581 1356 2650 ἤδη
1409 2582 1790 2653 διανασταίητε
1843 2583 1980 2652 πρὸς
2017 2584 2114 2652 τὴν

2159 1949 2224 2000 ἐκ
2254 1951 2353 2017 τῆς
2374 1945 2750 2017 αἰχμαλωσίας
2772 1943 2870 2015 τὴν
2910 1941 3266 2012 ἀδελφότητα.
3301 1939 3389 1992 Ἐν
3423 1938 3742 2010 χαλεπωτέ·

2162 2055 2241 2108 ρῳ
2289 2037 2346 2089 δὲ
2397 2036 2492 2090 νῦν
2544 2037 2638 2089 καὶ
2670 2033 3107 2106 σκυθρωποτέρῳ
3149 2030 3218 2084 τὰ
3255 2030 3376 2083 καθ’
3423 2031 3606 2100 ἡμᾶς,
3637 2028 3745 2082 καὶ

2163 2129 2405 2192 πλεῖονος
2447 2128 2674 2199 δεόμενα
2720 2127 2822 2197 τῆς
2875 2123 3213 2197 ἐπιμελείας.
3255 2123 3328 2176 Οὐ
3378 2122 3486 2190 γὰρ
3531 2119 3746 2173 οἰκοδο-

2165 2240 2241 2292 μη
2250 2223 2432 2294 μάτων
2456 2222 2658 2290 γηΐνων
2682 2219 3082 2290 καταστροφὴν,
3107 2216 3219 2271 ἀλλ’
3249 2213 3578 2284 Ἐκκλησιῶν
3600 2211 3750 2267 ἄλω-

2165 2331 2248 2367 σιν
2317 2312 2621 2385 ὀδυρόμεθα
2659 2329 2672 2342 ·
2743 2311 2861 2365 οὐδὲ
2890 2309 3132 2364 δουλείαν
3193 2305 3546 2379 σωματικὴν,
3618 2303 3745 2357 ἀλλ’

2165 2403 2543 2474 αἰχμαλωσίαν
2569 2402 2756 2474 ψυχῶν
2801 2403 2922 2456 καθ’
2947 2401 3182 2472 ἑκάστην
3225 2398 3440 2470 ἡμέραν
3479 2398 3748 2470 ἐνεργου-

2170 2496 2337 2565 μένην
2364 2493 2514 2564 παρὰ
2545 2494 2653 2546 τῶν
2685 2492 3141 2564 ὐπερμαχούντων
3169 2494 3268 2562 τῆς
3297 2492 3559 2564 αἱρέσεως
3597 2487 3747 2542 καθ-

2154 2583 2472 2654 ἀντίληψιν,
2544 2583 2736 2654 μικρὸν
2792 2584 3016 2656 ὕστερον
3061 2581 3180 2635 οὐδὲ
3232 2575 3313 2644 οἷς
3377 2577 3588 2650 ὀρέξετε
3637 2577 3749 2647 τὴν

488 2673 645 2739 χεῖρα
676 2671 955 2741 εὑρήσετε,
994 2672 1209 2725 πάντων
1239 2673 1341 2724 ὑπὸ
1365 2673 1467 2743 τὴν
1498 2673 1848 2744 ἐπικράτειαν
1885 2677 1984 2745 τῆς
2022 2675 2281 2744 αἱρέσεως
2322 2672 2646 2744 γενομένων.

982 2825 1321 2881 EPISTOLA
1358 2824 1568 2880 LXXI'.

2695 2826 3039 2879 ΕΠΙΣΤΟΛΗ
3079 2821 3201 2878 OA'.

489 2955 738 3028 Gregorio.
763 2957 980 3008 dolorem
1013 2972 1155 3009 suum
1197 2957 1690 3028 signiﬁcatﬂasilitts,
1733 2964 1861 3028 quod
1895 2963 2177 3016 amicissimi
2202 2965 2293 3018 sibi
2323 2964 2538 3017 homines
2563 2962 2757 3028 cuidam
2781 2961 3120 3014 calumniatori
3137 2975 3279 3028 aures
3298 2961 3554 3024 prwbeant.
3579 2961 3625 3009 Ν
3631 2965 3752 3022 agat

552 3020 826 3092 defensione
847 3033 964 3089 opus
983 3033 1085 3092 esse
1104 3034 1122 3070 :
1145 3020 1339 3092 culpam
1363 3020 1520 3092 rejicit
1549 3021 1595 3072 in
1619 3020 1922 3092 Gregbriupz,
1960 3029 2088 3089 quod
2115 3043 2278 3092 secum
2315 3041 2539 3092 magnam
2581 3025 2693 3092 anni
2727 3033 2923 3092 partem
2943 3037 3037 3092 non
3055 3020 3326 3092 traducat;
3349 3029 3485 3085 rogat
3506 3028 3557 3071 ut
3576 3020 3752 3072 secius

552 3085 784 3132 adversus
807 3081 1129 3132 imminentem
1149 3081 1328 3134 hostem
1349 3081 1616 3135 certaturus
1640 3081 1808 3136 veniat.
1841 3081 1941 3146 Quo
1959 3081 2022 3138 ἐκ
2042 3089 2299 3142 certamine
2315 3081 2478 3151 spei-at
2499 3103 2550 3141 se
2570 3081 2738 3139 salleni
2760 3085 2923 3139 exsilii
2947 3085 3140 3138 laudem
3163 3081 3520 3150 reportaturum

1017 3205 1265 3278 Gregorio
1285 3206 1541 3263 Basilius.
2088 3219 2130 3274 C

566 3321 620 3375 1.
653 3321 852 3390 Accepi
899 3323 1114 3392 pietatis
1145 3331 1253 3377 tua:
1295 3324 1509 3379 litteras
1541 3339 1637 3393 per
1668 3323 1888 3377 fratrem
1931 3339 2062 3379 sane

495 3423 658 3478 quam
685 3409 1040 3465 reverendum
1070 3409 1373 3466 llelleninm
1399 3427 1412 3464 :
1448 3420 1502 3467 et
1534 3428 1873 3483 quaecunque
1901 3414 2063 3468 nobis

501 3497 931 3570 signiﬁcaveras,
957 3501 1073 3570 ipse
1110 3514 1294 3572 aperte
1334 3502 1597 3555 narravit.
1630 3502 1926 3557 Audientes
1963 3518 2062 3556 au-

495 3597 606 3645 tem
627 3590 900 3660 quomodo
930 3591 1108 3646 affecti
1163 3592 1448 3657 fuerimus,
1483 3593 1620 3646 nihil
1653 3593 1879 3646 omnino
1907 3593 2065 3647 dubi-

499 3692 606 3738 tas.
669 3682 772 3738 Sed
826 3685 954 3754 quia
1005 3685 1350 3742 decrevimus
1389 3687 1579 3742 dolore
1608 3688 1759 3741 omni
1793 3690 2064 3757 potiorem

499 3773 680 3829 facere
699 3783 946 3829 nostrum
973 3774 1025 3829 in
1045 3783 1097 3830 te
1123 3791 1386 3840 amorem,
1405 3777 1721 3848 accepimus
1748 3781 1910 3832 etiam
1927 3778 2064 3842 haec,

501 3872 564 3918 ut
589 3877 688 3935 par
707 3871 826 3919 erat
845 3905 860 3929 ,
895 3879 958 3919 ac
992 3881 1282 3934 precamur
1309 3865 1477 3922 Deum
1506 3875 1783 3931 sanctum,
1821 3875 1882 3921 ut
1912 3866 2068 3938 165

498 3956 740 4026 reliquos
767 3955 884 4011 dies
915 3956 999 4010 vel
1057 3957 1243 4022 horas,
1270 3960 1352 4011 sic
1401 3958 1454 4012 in
1487 3957 1652 4012 animi
1694 3973 1822 4028 erga
1851 3965 1904 4013 te
1939 3959 2072 4012 ail'e—

502 4049 685 4102 ctione
732 4061 1145 4110 conservemur,
1197 4047 1657 4119 quemadmodum
1706 4059 1760 4103 et
1796 4049 2072 4119 praeterito

503 4139 772 4192 hactenus
803 4146 1072 4206 tempore,
1101 4139 1158 4192 in
1186 4155 1296 4208 quo
1315 4140 1520 4198 nullius
1544 4140 1705 4195 nobis
1735 4141 2074 4215 ipsisneque

502 4229 656 4298 parvi
717 4244 895 4301 neque
930 4229 1154 4298 majoris
1199 4229 1380 4285 delicti
1425 4247 1616 4286 sumus
1665 4233 1893 4286 conscii.
1919 4231 2076 4298 Quod

578 4413 595 4431 '
634 4409 782 4461 Alias
800 4406 1036 4460 XXXIII.
1072 4407 1286 4478 Scripta
1321 4425 1463 4464 anno
1493 4411 1618 4466 371.

575 4478 1202 4550 (79)-Φανερωτέρους.
1250 4479 1327 4532 Ita
1359 4481 1604 4550 quinque
1650 4478 1889 4536 codices.
1934 4478 2077 4536 Editi

505 4547 781 4620 φανερώτε
790 4565 899 4620 ρον.

580 4617 691 4690 (80)
717 4617 1174 4690 Oﬂdsnxatydr.
1206 4619 1284 4672 Ita
1321 4617 1452 4688 Reg.
1503 4618 1776 4690 secundus
1814 4627 1867 4673 et
1910 4620 2078 4676 CoisI.

507 4687 806 4746 secundus.
839 4687 998 4746 Editi,
1031 4687 1198 4742 Cnisl.
1234 4687 1440 4758 primus
1463 4698 1517 4744 et
1544 4689 1718 4741 Paris.
1746 4690 1894 4743 οὐδὲν
1919 4691 2080 4745 ἄκαι-

510 4777 624 4830 ρον,
654 4760 786 4830 nihil
820 4759 1253 4830 in_te_mpestirum.
1275 4761 1513 4830 illarom.
1539 4758 1686 4811 οὐδὲν
1719 4760 1915 4825 δεινόν,
1949 4761 2081 4814 nihil

504 4827 685 4902 grave.
727 4828 891 4902 Quod
915 4827 1151 4902 Basilius
1184 4830 1259 4902 de
1286 4829 1656 4902 Romanorum
1694 4830 2077 4899 epiSCOportIni

510 4897 565 4952 in
605 4901 742 4954 alias
773 4897 1043 4952 Ecclesias
1089 4899 1448 4953 beneficentia
1486 4907 1691 4961 narrat,
1729 4897 2082 4954 testimoniis

508 4970 946 5040 confirmaturet
969 4967 1208 5040 Dionysii
1230 4968 1634 5040 Corinthiorum
1661 4969 1903 5038 episcopi
1940 4970 2081 5040 apud

507 5038 1008 5104 EusebiumJIisL,
1040 5038 1134 5092 lib.
1183 5054 1255 5102 IV,
1284 5054 1334 5092 c.
1370 5039 1461 5100 25,
1497 5048 1551 5092 et
1579 5038 1816 5107 Dionysii
1858 5038 2086 5093 Alexan-

509 5108 654 5162 drini
708 5109 803 5162 lib.
835 5123 934 5169 νη,
978 5123 1026 5161 c.
1075 5108 1130 5171 5,
1171 5117 1227 5163 et
1283 5110 1456 5178 ipsius
1494 5109 1657 5162 etiam
1706 5108 1956 5172 Eusebii,
1988 5110 2082 5179 qui

512 5181 657 5232 hunc
681 5194 884 5232 morem
934 5179 987 5232 in
1020 5187 1296 5247 postrema
1333 5179 1710 5246 persecutione
1748 5187 2020 5234 servatum
2052 5195 2083 5232 a

513 5248 774 5304 Romanis
829 5247 996 5303 fuisse
1039 5248 1283 5302 declarat
1314 5249 1406 5302 lib.
1438 5265 1509 5310 tv,
1549 5264 1599 5301 (ε.
1641 5248 1730 5301 25.
1788 5248 2082 5302 Memorata

513 5328 693 5388 autem
746 5335 776 5372 a
834 5319 1029 5372 Basilio
1065 5319 1349 5372 calamitas
1402 5321 1504 5373 sub
1540 5317 1785 5372 Gallieno
1828 5320 2078 5388 contigit,

513 5405 638 5442 cum
671 5387 886 5457 Scythae
906 5388 1302 5458 Cappadociam
1337 5396 1390 5442 et
1422 5390 1680 5442 ﬁnitimas
1709 5388 1959 5458 regiones
1989 5387 2080 5442 va-

513 5465 754 5518 starent,
787 5467 844 5510 ut
873 5457 1471 5521 testaturSozomenus,
1501 5459 1593 5511 lib.
1631 5473 1689 5522 ιι,
1724 5457 1860 5512 οΪϐ.
1896 5459 2074 5527 Atque

514 5543 580 5580 ex
620 5536 789 5580 tantis
813 5528 970 5581 malis
1001 5544 1252 5596 magnum
1285 5528 1385 5581 hoc
1417 5529 1618 5582 bonum
1650 5530 1794 5582 eruit
1820 5528 1981 5593 Deus,
2016 5536 2075 5581 ut

515 5597 811 5650 Christiani
847 5612 876 5648 a
906 5597 1151 5652 barbaris
1174 5597 1390 5650 abducti
1405 5597 1649 5666 ivictores
1673 5614 1802 5652 suos
1823 5605 2078 5666 caperent

515 5675 570 5719 et
599 5666 665 5737 ad
694 5666 982 5737 Christum
1016 5668 1367 5721 adducerent.
1403 5665 1558 5721 Unde
1581 5667 1813 5722 Basilius
1841 5665 2078 5737 in’epist.

515 5736 619 5790 464
649 5736 820 5803 prima
855 5737 1070 5802 pietatis
1094 5738 1301 5792 semina
1334 5738 1479 5797 apud
1508 5737 1713 5794 Gothos
1743 5754 1771 5793 e
1803 5736 2085 5799 Cappado-

2537 3214 2842 3284 Γρηγορίῳ
2877 3214 3197 3278 Βασίλειος
3229 3211 3284 3284 (8
3297 3213 3308 3263 l

2235 3329 2287 3380 I.
2325 3325 2620 3397 Ἐδεξάμην
2642 3324 2708 3378 τὰ
2729 3324 3033 3395 γράμματα
3061 3324 3158 3394 τῆς
3189 3323 3285 3393 σῆς
3314 3319 3596 3382 εὐλαϐείας
3631 3318 3756 3389 (82)

2163 3419 2251 3472 διὰ
2291 3418 2382 3472 τοῦ
2422 3417 2846 3486 αἰδεσιμωτάτου
2889 3414 3119 3485 ἀδελφοῦ
3162 3412 3469 3482 Ἑλληνίου⁶
3513 3409 3609 3463 καὶ
3640 3409 3760 3464 ὃσα

2167 3509 2427 3581 ὲνέφηνας
2461 3512 2611 3580 ἡμῖν,
2637 3508 2799 3571 αὐτὸς
2829 3507 3001 3561 ταῦτα
3039 3505 3259 3577 γυμνῶς
3285 3503 3577 3575 διηγήσατο
3604 3499 3754 3570 (85).

2179 3601 2534 3662 Ἀκούσαντες
2570 3600 2626 3652 δὲ
2673 3601 2820 3662 ὅπως
2840 3597 3187 3668 διετέθημεν,
3236 3597 3336 3650 οὐκ
3383 3591 3762 3666 ἀμφιϐάλλεις

2169 3693 2403 3754 πάντως.
2454 3691 2602 3762 Πλὴν
2645 3690 2760 3744 ἀλλ’
2785 3691 2972 3760 ἐπειδὴ
3009 3689 3304 3772 ἐκρίναμεν
3347 3685 3527 3754 πάσης
3567 3683 3764 3753 λύπης

2169 3780 2444 3851 άνωτέραν
2476 3779 2741 3833 ποιεῖσθαι
2773 3779 2871 3850 τὴν
2902 3778 3038 3850 πρὸς
3081 3778 3138 3831 σὲ
3172 3776 3410 3847 ἀγάπην,
3447 3773 3763 3845 ἐδεξάμεθα

2169 3872 2266 3924 καὶ
2290 3871 2461 3924 ταῦτα
2489 3871 2565 3934 ὡς
2599 3868 2666 3941 ἦν
2703 3872 3000 3943 προσῆκον,
3053 3871 3146 3923 καὶ
3195 3867 3462 3940 εὐχόμεθα
3491 3865 3567 3936 τῷ
3609 3865 3766 3938 ἁγίῳ

2170 3961 2312 4032 Θεῷ,
2339 3963 2437 4026 τὰς
2474 3962 2802 4032 λειπομένας
2843 3961 3110 4033 ἡμέραςῆ
3144 3959 3293 4032 ὥρας
3324 3958 3431 4028 (84)
3465 3956 3608 4010 οὕτω
3634 3956 3766 4010 δια-

2174 4053 2509 4125 φυλαχθῆναι
2558 4053 2617 4106 ἐν
2649 4056 2715 4124 τῇ
2759 4053 2888 4123 περ).
2927 4054 2986 4104 σέ
3038 4051 3293 4116 διαθέσει,
3335 4049 3408 4112 ὡς
3453 4047 3546 4100 καὶ
3581 4049 3640 4100 ἐν
3679 4048 3769 4118 τῷ

2175 4147 2402 4200 κατόπιν
2433 4145 2628 4217 χρόνῳ,
2669 4145 2726 4196 ἐν
2836 4145 2989 4198 οὐδὲν
3021 4145 3150 4213 ἡμῖν
3183 4144 3363 4203 αὐτοῖς
3393 4141 3517 4194 οὐτε
3557 4141 3769 4210 μικρὸν

2175 4238 2297 4290 οὔτε
2335 4236 2516 4307 μεῖζον
2566 4233 2895 4288 ἐλλελοιπὸσι
2928 4233 3292 4302 συνέγνωμεν.
3332 4231 3395 4283 Εἰ
3440 4229 3498 4282 δὲ
3539 4230 3567 4281 ὀ
3609 4228 3772 4283 δεῖνα

2180 4415 2264 4469 cia
2297 4414 2593 4482 pullulasse
2623 4413 2699 4466 ait
2715 4426 2889 4482 Opera
2909 4409 3052 4465 beati
3083 4409 3360 4482 Eutycius.

2254 4478 2364 4555 (81)
2397 4483 2700 4555 Γρηγορζῳ
2736 4478 3073 4555 Βασίτζειρς.
3117 4478 3372 4555 Sidediti
3400 4485 3453 4555 et
3500 4478 3777 4555 vetustis—

2186 4544 2309 4609 simi
2333 4544 2570 4608 codices.
2589 4544 2818 4606 'Habent
2864 4552 2956 4604 alii
2991 4544 3274 4621 Γρηγορίῳ
3307 4547 3525 4621 ἑταίρῳ,
3546 4544 3778 4621 Grego-

2185 4627 2265 4680 rio
2295 4623 2489 4678 sodali.
2526 4623 2724 4676 Nullus
2747 4621 2975 4675 ascribit
3009 4618 3227 4673 titulum
3249 4618 3557 4689 presbyteri
3591 4631 3774 4686 quem

2186 4706 2366 4748 tamen
2399 4693 2633 4747 Basilius
2668 4692 2918 4746 omittere
2942 4706 3048 4745 non
3071 4689 3268 4758 potuit.

2257 4764 2365 4831 (8'2)
2401 4761 2513 4830 Τῆς
2537 4762 2656 4830 σῆς
2681 4762 3014 4825 εὐλαϐείας.
3051 4757 3127 4813 Ita
3147 4758 3320 4831 Harl.,
3352 4757 3780 4831 C_o_isl.__primus

2186 4825 2408 4887 etii-led.
2464 4825 2732 4899 Εόίιῖτῆς
2765 4831 3051 4895 εὐλαϐείας
3085 4847 3199 4883 σου.
3257 4829 3331 4883 De
3382 4829 3467 4881 bis
3507 4825 3778 4899 Gregorii

2189 4905 2404 4967 litteris,
2439 4903 2627 4956 Basilii
2668 4897 3044 4969 responsione,
3078 4910 3132 4955 et
3159 4900 3291 4970 quid
3320 4897 3657 4970 Athanasius
3701 4898 3781 4970 de

2189 4973 2373 5026 Basilii
2415 4974 2608 5039 agendi
2653 4968 2864 5025 ratiOne
2903 4968 3448 5039 senserit,_pluribus
3491 4968 3781 5021 disserui-

2189 5059 2310 5096 mus
2340 5044 2394 5097 in
2441 5043 2561 5095 Vita
2594 5041 2652 5095 S.
2680 5041 2893 5094 Basilii.

2261 5113 2372 5182 (85)
2400 5109 3090 5182 Διηγήσατοηβθιιυίιῃιιι·
3118 5110 3239 5182 ῨΙιοο
3274 5110 3400 5182 loco
3419 5105 3574 5182 _t_luos
3621 5110 3781 5162 anti-

2188 5174 2497 5250 quissimos
2514 5174 2739 5236 'eodiees
2765 5174 2904 5235 Med:
2919 5179 3176 5244 etCoisl.,
3195 5179 3394 5250 quibus
3419 5174 3782 5250 Iiarlteanurn

2191 5246 2398 5306 idcirco
2443 5267 2549 5306 non
2581 5253 2892 5305 consentire
2920 5251 3178 5311 arbitror,
3214 5246 3349 5317 quia
3385 5249 3498 5301 lucc
3531 5246 3785 5317 epistola

2188 5323 2483 5376 recentiori
2522 5337 2685 5374 manu
2721 5321 2774 5373 in
2809 5320 2910 5387 hoc
2939 5321 3127 5374 codice
3172 5314 3374 5387 scripta
3416 5324 3518 5371 est.
3549 5314 3786 5387 Habent

2187 5400 2368 5446 autem
2412 5393 2545 5447 editi
2581 5391 2718 5444 ικαὶ
2749 5385 2922 5443 ταῦτα
2971 5384 3372 5460 διηγησαμένου
3434 5384 3788 5449 ἀκούσαντες

2183 5479 2348 5523 οπως.

2261 5531 2371 5594 (84)
2404 5533 2476 5586 Ἢ
2522 5529 2697 5597 ὥρας.
2749 5527 2900 5584 Harl.
2961 5527 3111 5582 addit
3154 5527 3330 5598 ἡμῶν.
3378 5526 3583 5598 Ibidem
3627 5525 3788 5598 οὐτω

2191 5601 2343 5656 deest
2373 5603 2428 5655 in
2469 5596 2870 5670 antiquissimis
2893 5599 3008 5652 illis.
3031 5596 3246 5670 duobus
3282 5596 3622 5670 quos__modo
3656 5596 3784 5670 dixi

2192 5672 2512 5733 codicibus,
2560 5666 2659 5724 nec
2714 5672 3080 5725 necessarium
3129 5668 3362 5723 videtur.
3424 5666 3540 5720 Non
3596 5666 3788 5721 multo

2195 5749 2319 5798 post
2341 5740 2468 5798 editi
2506 5739 2860 5796 ἐκλελοιπὸσε.
2899 5739 3066 5795 Coisl.
3093 5739 3303 5806 primus
3340 5735 3697 5791 ἑλλελοιπόσι.
